3862 6332
834 416 936 471 183

1477 411 1739 468 EUSEBll
1774 410 2238 467 CESABIENSII
2272 409 2418 466 OPP.
2462 410 2638 465 PARS
2670 411 2734 464 ll.
2773 439 2841 451 —
2873 409 3002 464 APOL

1698 411 1739 466 ll
1774 410 2238 467 CESABIENSH
2272 409 2418 466 OPP.
2462 410 2638 465 PARS
2670 411 2734 464 ll.
2773 439 2841 451 —
2873 359 3221 467 APOLOGlZ’l‘lCA.

831 523 1158 596 prophetiam
1196 520 1513 587 terminare,
1558 524 1604 576 si
1648 522 1779 576 nihil
1822 522 2049 591 amplius
2103 521 2338 575 futurum

2008 538 2049 576 ιε
2103 521 2338 575 futurum
2371 532 2407 585 Α
2440 519 2647 573 αἰώνιον
2702 521 2840 590 ζωὴν
2881 521 3095 593 criminin
3121 521 3226 592 μετὰ
3254 519 3327 571 τὸν
3364 517 3533 573 θάνατον

833 622 951 683 post
975 612 1172 666 Christi
1224 621 1448 667 mortem
1496 613 1739 677 vidisset,
1778 613 1871 668 sed
1898 613 2170 683 quoniam,
2200 613 2344 666 brevi

833 716 979 755 mora
1015 700 1316 769 interjecta,
1347 710 1463 757 erat
1496 718 1526 756 a
1560 710 1733 758 morte
1759 704 1869 757 sive
1894 717 1925 755 a
1961 702 2236 771 sepultura
2262 716 2344 755 re-

828 792 1172 860 migraturus.
1206 798 1365 860 atque
1418 792 1474 847 in
1524 793 1687 846 vitam
1741 793 2120 853 restituendus,
2153 789 2218 844 de
2246 790 2346 843 hac

825 894 1038 947 quoque
1070 894 1127 933 re
1169 879 1419 949 deinceps
1472 881 1584 934 haec
1640 878 1805 944 addit,
1844 879 1924 934 sic
1955 879 2138 933 dicens
2173 895 2186 930 :
2227 894 2246 927 ι
2282 875 2346 928 Ει

826 965 1083 1021 Dominus
1120 969 1232 1021 vult
1268 984 1492 1038 purgare
1523 984 1642 1023 eum
1684 983 1712 1020 a
1743 970 1891 1038 plaga
1930 969 1975 1022 si
2007 969 2253 1031 traditus,
2277 968 2347 1020 sit

827 1072 923 1125 pro
941 1064 1177 1125 peccato.
1202 1059 1388 1112 Anima
1400 1066 1576 1114 vestra
1598 1059 1794 1113 videbit
1814 1074 1992 1113 semen
2013 1060 2303 1127 longaevum
2328 1076 2342 1111 :

825 1154 879 1199 et
910 1148 1021 1199 vult
1071 1146 1326 1203 Dominus
1358 1148 1570 1202 auferre
1619 1148 1849 1202 alabore
1896 1147 2087 1201 animat
2122 1147 2260 1215 ejus,
2290 1154 2348 1200 ut

827 1236 1076 1291 ostendat
1106 1238 1153 1291 ei
1184 1237 1355 1292 lucem
1372 1237 1437 1290 ⁸ο.
1463 1256 1481 1289 ι
1515 1236 1615 1302 Qui
1645 1237 1888 1305 superius
1914 1236 2048 1288 dixit
2084 1253 2138 1289 τι
2176 1234 2347 1289 Homo

834 1325 888 1379 in
920 1326 1069 1396 plaga
1101 1329 1445 1391 constitutus,
1482 1348 1499 1378 ι
1534 1336 1585 1382 et
1611 1346 1629 1377 ι
1665 1327 1754 1395 qui
1776 1325 1923 1379 novit
1952 1324 2091 1379 ferre
2124 1326 2349 1394 languo-

828 1428 962 1477 rem,
1019 1433 1037 1464 ι
1086 1430 1228 1469 nunc
1271 1423 1387 1484 post
1427 1422 1649 1470 mortem
1706 1415 1824 1483 ejus
1881 1423 1935 1468 et
1977 1414 2341 1483 sepulturam:

835 1517 854 1552 ι
881 1499 1158 1564 Dominus,
1188 1503 1380 1571 inquit,
1420 1503 1530 1556 vult
1552 1516 1780 1571 purgare
1805 1516 1926 1555 eum
1956 1515 1986 1553 a
2017 1502 2192 1570 plaga,
2235 1518 2253 1551 ι
2293 1508 2347 1555 et

831 1590 925 1656 qui
959 1586 1059 1641 hoc
1095 1589 1216 1642 (iet?
1259 1608 1277 1639 ι
1315 1589 1359 1644 si
1384 1589 1631 1651 traditus,
1663 1589 1856 1657 inquit,
1887 1588 2046 1643 fuerit
2089 1604 2185 1658 pro
2222 1604 2346 1658 pec-

825 1683 966 1739 cato,
1015 1678 1191 1730 anima
1234 1684 1409 1732 vestra
1467 1678 1663 1732 videbit
1712 1693 1891 1733 semen
1952 1679 2285 1747 longevum;
2320 1697 2339 1729 ι

825 1781 932 1821 non
966 1768 1108 1822 enim
1135 1768 1382 1823 omnibus
1413 1782 1726 1823 concessum
1757 1776 1839 1824 est
1869 1771 2160 1838 longmvum
2190 1771 2346 1825 Chri-

2443 610 2563 662 καθ⁸
2596 610 2719 679 ὅλης
2740 611 2838 679 τῆς
2872 611 3095 681 οἰκουμένης
3122 609 3409 677 ὲπισπαρὲντα
3439 608 3530 660 αὐτα

2447 702 2732 773 μακρόϐιον
2787 703 3015 772 ἐσόμενον,
3049 703 3112 754 καὶ
3142 705 3200 764 εἰς
3240 700 3288 752 τὸ
3324 698 3390 750 ἀεὶ
3423 698 3526 765 διαρ

2444 790 2608 842 Πάλιν
2659 788 2917 861 ἀνώτερον
2953 788 3080 853 εἰπὼν,
3108 810 3120 837 ι
3145 790 3231 842 Καὶ
3276 788 3402 856 ἡμεῖς
3446 784 3526 835 ὲλο

2444 881 2598 934 αὑτὸν
2618 876 2750 932 εἶναι
2779 881 2836 933 ὲν
2867 879 2998 949 πόνῳ,
3025 878 3119 931 »νῦν
3148 877 3252 946 μετὰ
3282 877 3361 943 τὴν
3383 874 3524 941 σφαγὶ

2444 970 2661 1022 θάνατον
2700 967 2879 1028 αὐτοῦ,
2919 967 3058 1036 φησίνσ
3089 985 3101 1015 ι
3127 966 3209 1016 Καὶ
3234 963 3428 1032 βούλεται
3456 959 3526 1011 Κύ

2443 1057 2552 1110 λεῖν
2578 1056 2684 1111 ἀπὸ
2724 1055 2816 1109 τοῦ
2863 1055 2996 1108 πόνου
3027 1054 3099 1123 τῆς
3121 1053 3258 1122 ψυχῆς
3299 1048 3447 1112 αὐτοῦ,
3472 1047 3524 1099 δε

2443 1144 2573 1212 φῶς.
2608 1163 2625 1195 ι
2666 1146 2813 1198 Ἐπεὶ
2856 1145 3004 1197 τοίνυν
3025 1142 3266 1213 βεϐούληται
3295 1139 3526 1211 Κύριος,ο

2442 1233 2569 1296 Θεὸς
2599 1233 2885 1304 καθαρίσαι
2926 1232 3046 1285 αὑτὸν
3066 1232 3140 1301 τῆς
3167 1230 3353 1298 πληγῆς,
3391 1228 3472 1280 καὶ
3502 1227 3525 1278 δ

2443 1321 2574 1391 φῶς,
2602 1322 2809 1385 πάντως
2839 1339 2932 1373 που
2953 1319 3178 1390 βουληθεὶς,
3192 1318 3403 1389 πράξειεν
3422 1316 3482 1369 ἂν
3501 1316 3526 1367 ὃ

2443 1410 2601 1464 Οὐδὲν
2632 1411 2736 1482 γάρ
2781 1413 2924 1465 ἐστιν
2951 1410 2974 1461 ὃ
2999 1408 3056 1480 μὴ
3080 1409 3244 1475 γίνεται
3279 1401 3343 1459 ὧν
3390 1405 3527 1473 βούλε

2442 1501 2576 1572 λήθη
2624 1499 2680 1552 δὲ
2731 1497 2997 1567 καθαρίσαι
3041 1496 3167 1548 αὑτὸν
3212 1495 3291 1548 καλ⁹
3332 1494 3488 1558 δεῖξαι

2441 1591 2685 1659 εποίησεν
2727 1590 2831 1659 ἄρα
2862 1586 3009 1640 ταῦτα
3049 1603 3060 1616 ·
3092 1586 3167 1639 καὶ
3184 1584 3446 1655 καθαρίσας
3492 1600 3529 1636 απ

2441 1679 2586 1750 αὐτῷ
2617 1679 2745 1747 φῶς.
2781 1678 2885 1731 Καὶ
2912 1679 3012 1730 ἐπεὶ
3028 1676 3261 1748 ἐϐουλήθη,
3279 1675 3367 1729 καὶ
3402 1673 3532 1743 βουλ·

2441 1772 2528 1823 τὸν
2558 1770 2712 1823 πόνον
2752 1769 2849 1836 τῆς
2900 1767 3046 1837 ψυχῆς
3071 1765 3226 1828 αὐτοῦ,
3253 1767 3339 1819 καλ.
3365 1764 3532 1828 ἔδειξε·

827 1857 895 1910 sti
929 1871 1107 1911 semen
1142 1857 1359 1919 intueri,
1384 1858 1479 1911 sed
1518 1858 1583 1912 iis
1609 1860 1737 1913 solis
1769 1859 1859 1928 qui
1888 1860 2262 1924 conﬁteantur,
2291 1869 2343 1915 et

2008 1860 2262 1924 iteantur,
2291 1869 2343 1915 et
2372 1869 2414 1922 Β
2440 1861 2655 1923 εἰκότως
2681 1862 2709 1912 ὁ
2739 1860 3004 1929 Προφήτης
3027 1857 3349 1917 ὲπισυνάπτει,
3366 1855 3533 1923 λέγων

826 1961 1046 2003 munera
1103 1947 1327 2002 otl'erant
1375 1947 1482 2002 Deo
1530 1964 1624 2016 pro
1674 1951 1919 2019 peccatis.
1976 1951 2175 2005 Horum
2205 1952 2347 2006 enim

826 2035 1083 2090 duntaxat
1129 2036 1311 2089 anima
1342 2037 1540 2091 videbit
1579 2053 1760 2094 semen
1805 2039 2097 2109 longaevum
2124 2040 2344 2105 Christi,

826 2124 927 2178 hoc
946 2132 1047 2188 est,
1073 2132 1166 2178 aut
1197 2134 1448 2179 aeternam
1489 2127 1647 2180 vitam
1677 2127 1794 2196 ejus
1821 2135 1943 2197 post
1978 2138 2224 2192 mortem,
2258 2136 2347 2183 aut

824 2213 1065 2281 ejusdem
1101 2214 1319 2269 verbum
1348 2230 1443 2285 per
1474 2223 1640 2271 totum
1670 2224 1932 2271 terrarum
1965 2219 2145 2273 orbem
2176 2219 2348 2274 disse-

824 2306 1106 2365 minatum,
1136 2303 1278 2373 quod
1309 2305 1604 2373 longaevum
1634 2306 1870 2361 futurum
1894 2315 1998 2371 est,
2036 2322 2349 2375 semperque

824 2392 1160 2449 duraturum.
1214 2393 1444 2458 Rursus,
1476 2397 1567 2465 qui
1624 2397 1870 2466 superius
1925 2398 2128 2452 dixerat
2166 2413 2180 2449 :
2224 2415 2242 2449 ι
2284 2396 2347 2449 Et

824 2496 925 2536 nos
955 2484 1256 2550 putavimus
1298 2485 1443 2538 illum
1484 2499 1605 2539 esse
1645 2486 1699 2538 in
1728 2486 1945 2540 labore:
1990 2504 2009 2537 ι
2054 2500 2198 2538 nunc
2230 2494 2350 2554 post

826 2569 1023 2625 eadem
1074 2579 1403 2642 mortemque
1429 2573 1566 2640 ejus,
1611 2574 1730 2626 ait:
1769 2591 1787 2624 ι
1825 2572 1889 2626 Et
1934 2573 2046 2627 vult
2091 2573 2348 2630 Dominus

824 2659 1038 2715 auferre
1070 2675 1100 2713 a
1138 2662 1317 2715 labore
1346 2663 1535 2717 anima:
1581 2661 1718 2730 ejus,
1764 2672 1821 2716 ut
1869 2663 2117 2716 ostendat
2163 2664 2213 2716 ei
2260 2665 2345 2716 lu-

825 2761 962 2802 cem.
1006 2768 1024 2800 l
1063 2747 1325 2815 Quoniam
1368 2750 1534 2818 igitur
1586 2738 1899 2804 deliberavit
1952 2748 2226 2811 Dominus,
2253 2751 2344 2819 qui

826 2834 969 2892 Deus
997 2846 1078 2890 est
1122 2838 1356 2891 universi
1392 2852 1619 2907 purgare
1643 2838 1791 2891 illum
1824 2853 1854 2890 a
1897 2838 2082 2908 plaga,
2114 2838 2268 2907 100
2294 2847 2347 2893 et

825 2926 1107 2981 ostendere
1129 2926 1182 2979 in
1213 2927 1383 2980 lucem
1413 2945 1426 2982 :
1459 2929 1762 2983 necessario
1787 2928 1989 2997 utique,
2022 2929 2114 2997 qui
2156 2929 2342 2993 voluit,

825 3016 878 3071 id
921 3014 1074 3070 faciet
1110 3016 1253 3085 quod
1305 3017 1489 3071 voluit.
1520 3015 1661 3071 Nihil
1702 3016 1844 3071 enim
1871 3024 1955 3073 est
1994 3033 2175 3072 eorum
2229 3034 2347 3088 qua:

825 3106 940 3163 vult
967 3105 1241 3175 quodnon
1274 3106 1364 3162 ﬂat
1398 3123 1413 3160 :
1445 3107 1610 3161 voluit
1637 3114 1813 3162 autem
1841 3122 2065 3178 purgare
2097 3108 2266 3172 illum,
2293 3117 2346 3163 et

2443 1949 2599 2011 αὐτὸς
2642 1948 3011 2019 κληρονομήσει
3049 1946 3261 2009 πολλοὺς,
3299 1946 3391 1998 καλ.
3416 1945 3527 1998 τῶν

2445 2042 2546 2111 ριεῖ
2578 2038 2763 2090 σκῦλα.
2805 2055 2822 2088 ι
2860 2036 3008 2089 Ἔνθα
3022 2036 3178 2088 λοιπὸν
3200 2036 3290 2105 ἠδη
3323 2036 3418 2088 καὶ
3442 2037 3534 2105 τῆς

2442 2127 2533 2181 τοῦ
2563 2125 2790 2197 Χριστοῦ
2814 2123 3362 2195 μμνηταιτῷδευτέρῳ
3387 2141 3456 2176 συ
3467 2142 3534 2193 μς

2441 2215 2506 2267 δι’
2525 2210 2583 2268 οῦ
2617 2214 2740 2284 περὶ
2786 2213 2884 2282 τῆς
2910 2212 3163 2283 ἐπιϐουλῆς
3197 2213 3293 2281 ’τῆς
3329 2213 3451 2266 κατ’
3493 2232 3533 2265 α

2445 2303 2658 2373 σθείσης
2687 2301 2937 2369 ὀνομαστὶ
2980 2300 3212 2363 θεσπίσας
3236 2303 3262 2354 ὀ
3286 2301 3445 2368 λόγος
3504 2304 3533 2354 ὲ

2445 2407 2638 2458 στησαν
2678 2390 2726 2440 οἱ
2770 2387 2996 2457 βασιλεῖς
3043 2389 3130 2457 τῆς
3158 2390 3273 2459 γῆς,
3297 2391 3392 2442 καὶ
3429 2393 3489 2443 οἱ
3523 2392 3534 2443 ἐ

2442 2477 2638 2547 χθησαν
2676 2479 2764 2529 ἐπὶ
2801 2478 2859 2529 τὸ
2885 2478 3006 2529 αὐτὸ
3045 2479 3171 2531 κατᾶ
3207 2478 3297 2531 τοῦ
3326 2481 3534 2550 Κυρίοι

2442 2564 2672 2636 Χριστοῦ
2700 2565 2880 2628 αὐτοῦ,
2922 2565 3036 2635 ἑξῆς
3070 2567 3325 2635 ὲπιλέγει’
3369 2587 3390 2619 ι
3441 2572 3534 2623 Kx:

2445 2653 2538 2723 μέ·
2568 2654 2690 2715 Υἱός
2739 2671 2838 2723 μου
2897 2650 2947 2706 ei
2996 2656 3078 2721 ab,
3122 2657 3227 2725 ἐγὼ
3272 2660 3534 2730 σήμερον

2440 2741 2653 2812 αἴτησαι
2673 2743 2797 2813 παρ’
2819 2743 2968 2813 ἐμοῦ,
2988 2748 3079 2799 κα)⁸
3092 2746 3243 2799 δώσω
3261 2764 3344 2802 σοι
3363 2749 3512 2821 ἔθνη
3531 2774 3534 2784 ~

2441 2844 2554 2893 σου,
2587 2830 2677 2882 καὶ
2715 2830 2812 2899 τὴν
2851 2833 3168 2904 κατάσχεσιν
3212 2853 3305 2889 σου
3343 2838 3418 2892 τὰ
3450 2842 3534 2894 πὲ

2442 2919 2621 2973 Ταῦτα
2650 2919 2694 2972 δ’
2722 2916 2811 2972 οῦν
2832 2921 2897 2973 τὰ
2923 2921 3046 2992 ἔθνη
3067 2924 3161 2976 καὶ⁸
3177 2927 3205 2977 ὁ
3233 2930 3534 3002 προφήτη‹

2448 3029 2466 3061 ι
2486 3010 2582 3062 Διὰ
2591 3010 2743 3063 τοῦτο
2754 3011 2908 3075 αὐτὸς
2919 3012 3017 3084 κλη
3025 3017 3315 3087 ρονομήσει
3329 3020 3534 3075 πολλοι

2447 3116 2466 3150 ‹
2493 3099 2595 3150 Καὶ
2621 3098 2727 3151 τῶν
2763 3100 2996 3171 ἰσχυρῶν
3047 3108 3228 3174 μεριεῖ
3265 3108 3479 3163 σκῦλα.

824 3196 1103 3252 ostendere
1131 3195 1209 3250 illi
1240 3198 1450 3260 lucem;
1476 3196 1601 3251 fecit
1633 3198 1794 3266 igitur
1823 3198 1963 3252 haec:
1991 3206 2044 3252 et
2074 3214 2196 3253 cum
2218 3214 2345 3269 pur-

2006 3206 2044 3252 ,t
2074 3214 2196 3253 cum
2218 3214 2345 3269 pur-
2370 3181 2411 3235 C
2445 3207 2583 3262 μεων
2608 3192 2712 3244 τῶν
2745 3193 3157 3262 ἀντικειμένων,
3199 3197 3258 3249 αἳ
3291 3200 3485 3255 πάλαι
3520 3222 3531 3238 σ

823 3287 1030 3357 gaverit
1059 3286 1229 3350 illum,
1253 3285 1485 3341 ostendit
1511 3286 1587 3340 illi
1631 3287 1802 3341 lucem
1828 3305 1842 3342 :
1870 3295 1924 3342 et
1954 3288 2207 3357 quoniam
2251 3304 2345 3343 vo-

826 3374 945 3437 luit,
984 3384 1038 3430 et
1065 3376 1250 3431 volens
1273 3375 1495 3430 abstulit
1525 3376 1759 3430 laborem
1790 3376 1858 3429 ab
1890 3376 2068 3430 anima
2098 3376 2262 3442 illius,
2291 3383 2345 3431 et

823 3465 1057 3521 ostendit
1101 3465 1179 3519 illi
1225 3466 1396 3520 lucem
1427 3504 1443 3530 ,
1473 3465 1665 3520 merito
1688 3464 1953 3534 Propheta
1999 3464 2264 3535 sequitur,
2293 3472 2348 3520 et

825 3555 945 3611 ait:
982 3572 1003 3605 ι
1062 3553 1286 3624 Propter
1345 3554 1447 3612 hoc
1484 3556 1598 3625 ipse
1638 3554 1969 3610 haereditabit
2021 3555 2251 3618 multos,
2293 3562 2347 3609 et

826 3642 1044 3697 fortium
1097 3641 1299 3696 dividet
1351 3643 1520 3711 spolia
1558 3643 1644 3697 ⁸¹ς
1699 3661 1718 3693 ι
1753 3642 1841 3696 ubi
1885 3641 2048 3712 (quod
2083 3643 2346 3711 reliquum

828 3728 948 3799 fuit)
978 3729 1089 3796 jam
1124 3729 1449 3784 bmreditatis
1483 3729 1640 3782 etiam
1676 3727 1874 3784 Christi
1906 3730 2227 3783 mentionem
2268 3729 2346 3782 fa-

827 3819 923 3879 cit,
958 3817 1033 3871 illi
1057 3818 1262 3885 psalmo
1289 3827 1644 3873 consentanea
1674 3817 1878 3880 dicens,
1905 3819 1958 3871 in
1985 3833 2092 3887 quo
2121 3818 2187 3872 de
2217 3818 2346 3872 insi-

826 3904 933 3959 diis
961 3906 1218 3960 adversus
1256 3905 1403 3960 illum
1442 3908 1766 3963 constructis
1803 3907 2116 3961 nominatim
2145 3922 2345 3962 canens

827 3994 1124 4059 oraculum,
1172 3994 1263 4048 ubi
1310 3997 1422 4051 ait:
1460 4014 1478 4047 ι
1532 3995 1830 4051 Astiterunt
1877 4011 2027 4065 reges
2078 4005 2250 4057 terrae.
2293 4004 2347 4052 et

826 4084 1098 4156 principes
1119 4094 1480 4140 convenerunt
1508 4086 1563 4140 in
1589 4100 1753 4139 unum
1776 4085 2035 4139 adversus
2062 4084 2344 4140 Dominum

827 4181 881 4227 et
904 4171 1159 4228 adversus
1183 4170 1452 4228 Christum
1476 4174 1594 4242 ejus
1621 4175 1696 4240 ";
1738 4193 1756 4224 ι
1785 4174 2035 4242 deinceps
2064 4173 2301 4243 adjungit
2330 4191 2346 4229 ι

833 4279 854 4317 ι
892 4260 1152 4318 Dominus
1182 4263 1313 4319 dixit
1333 4264 1398 4317 ad
1431 4279 1535 4327 me,
1560 4263 1726 4318 Filius
1753 4251 1908 4318 meus
1934 4278 1993 4318 es
2016 4271 2095 4328 tu,
2128 4278 2224 4332 ego
2252 4264 2349 4317 ho-

828 4353 914 4410 die
935 4353 1094 4423 genui
1117 4361 1168 4406 te
1193 4372 1206 4408 :
1248 4353 1456 4422 postula
1494 4366 1523 4404 a
1542 4366 1648 4415 me,
1677 4362 1730 4407 et
1757 4351 1895 4407 dabo
1922 4352 2017 4406 tibi
2047 4362 2228 4423 gentes
2251 4351 2352 4406 hae-

827 4444 1104 4499 reditatem
1146 4449 1313 4505 tuam,
1355 4449 1408 4496 et
1444 4442 1836 4511 possessionem
1886 4452 2030 4495 tuam
2091 4442 2347 4497 terminos

828 4533 1062 4589 terra)”.
1098 4551 1117 4585 ι
1143 4530 1251 4585 Has
1275 4530 1437 4600 igitur
1471 4537 1674 4599 gentes,
1704 4531 1863 4583 etiam
1897 4530 2152 4600 propheta
2190 4530 2345 4585 intel-

828 4623 977 4686 lexit,
1013 4638 1133 4676 cum
1164 4621 1340 4679 dixit:
1376 4637 1395 4671 ι
1445 4616 1665 4687 Propter
1699 4619 1799 4672 hoc
1849 4619 1964 4688 ipse
2017 4619 2348 4673 hatreditabit

827 4717 1045 4773 multos,
1068 4718 1157 4766 iet
1182 4708 1425 4778 adjungit
1458 4727 1471 4765 :
1503 4727 1522 4759 ι
1551 4706 1615 4760 Ει
1645 4707 1860 4763 fortium
1890 4708 2090 4763 dividet
2119 4709 2342 4777 spolia.»

829 4801 1104 4870 Siquidem
1135 4815 1162 4852 a
1199 4799 1550 4869 potestatibus
1588 4797 1890 4861 contrariis,
1919 4814 2038 4868 qua:
2075 4798 2226 4868 prius
2268 4798 2352 4851 in-

829 4900 909 4944 ter
939 4900 1122 4958 gentes
1147 4888 1582 4951 dominabantur,
1614 4888 1702 4943 ubi
1736 4888 2004 4957 subjectas
2048 4889 2254 4943 animas
2284 4887 2350 4940 Ii-

827 4976 1050 5044 beravit,
1064 4989 1173 5034 tum
1199 4979 1353 5049 quasi
1378 4978 1546 5046 spolia
1572 4977 1811 5047 quautam
1843 4977 1957 5033 suis
1988 4978 2166 5032 divisit
2190 4977 2353 5035 disci-

828 5064 989 5131 pulis.
1019 5065 1249 5124 Proinde
1295 5068 1462 5126 Isaias
1508 5066 1581 5121 ait
1604 5068 1670 5122 de
1694 5068 1799 5122 illis
1829 5087 1842 5123 ι
1879 5086 1897 5118 ί
1935 5067 1999 5121 Et
2030 5067 2353 5125 letabuutur

832 5166 1014 5205 coram
1041 5162 1113 5217 te,
1128 5157 1267 5211 sicut
1294 5158 1386 5227 qui
1412 5156 1654 5212 dividunt
1678 5158 1848 5227 spolia
1869 5160 1932 5212 “.
1975 5176 1994 5209 ι
2027 5156 2089 5210 Et
2107 5156 2346 5211 Psalmo-

829 5252 951 5294 rum
1006 5251 1238 5300 auctor:
1294 5261 1314 5295 ι
1380 5244 1655 5306 Dominus.
1685 5246 1877 5315 inquit,
1928 5245 2073 5299 dabit
2125 5246 2345 5302 verbum

828 5328 1317 5398 evangelizantibus
1354 5333 1549 5388 virtute
1597 5336 1760 5391 multa
1791 5353 1805 5390 :
1840 5351 1933 5390 rex
1963 5336 2220 5387 virtutum
2259 5333 2343 5386 di-

830 5416 976 5482 lecti,
1004 5416 1200 5486 speciei
1222 5415 1414 5473 domus
1439 5421 1674 5478 dividere
1701 5425 1870 5495 spolia
1884 5425 1950 5477 ⁵⁸.
1981 5443 2000 5475 ι
2030 5422 2216 5476 Merito
2243 5422 2344 5490 igi-

829 5516 918 5569 tur
938 5505 1023 5561 hic
1049 5519 1260 5577 quoque
1290 5504 1365 5561 de
1399 5506 1611 5563 Christo
1659 5514 1731 5567 ait
1763 5533 1777 5569 :
1822 5515 2043 5583 Propter
2088 5513 2189 5566 hoc
2233 5512 2347 5582 ipse

899 5660 945 5695 ⁸⁸
972 5660 1072 5716 lsa.
1102 5675 1217 5725 LIII,
1246 5660 1329 5717 10.
1402 5660 1444 5692 ³¹
1475 5659 1605 5758 ibid.
1639 5663 1718 5718 12.
1792 5666 1837 5699 ⁵⁸
1870 5665 2007 5723 Psal.
2036 5678 2094 5730 tt,
2115 5663 2169 5718 2.
2242 5664 2286 5694 "
2318 5661 2421 5718 ibid

1568 5660 1605 5757 ί.
1639 5663 1718 5718 12.
1792 5666 1837 5699 ⁵⁸
1870 5665 2007 5723 Psal.
2036 5663 2169 5730 ",2.
2242 5664 2286 5694 "
2318 5661 2442 5718 ibid.
2478 5661 2586 5720 7,8.
2663 5666 2708 5697 ”
2734 5668 2838 5724 Isa.
2873 5687 2960 5742 Ix,
3011 5679 3093 5737 ὃ.

2439 3279 2535 3342 τὰς
2564 3280 2896 3350 ὑποχειρίους
2919 3283 3230 3352 ῥυσάμενος
3248 3286 3476 3357 ψυχὰς,
3494 3308 3528 3343 ο

2439 3372 2547 3432 τοῖς
2565 3368 2776 3432 οἰκείοις
2808 3370 3046 3440 διένειμε
3081 3373 3400 3444 μαθηταῖς.
3443 3382 3520 3432 Δι

2442 3459 2566 3530 περὶ
2592 3460 2797 3512 αὐτῶν·
2840 3478 2859 3510 ι
2893 3462 3007 3513 Καὶ
3052 3463 3523 3535 εὐφρανθήσοντ

2441 3549 2634 3623 τρόπον
2682 3552 2728 3601 οἱ
2756 3549 3131 3623 διαιρούμενοι
3177 3555 3401 3613 σκῦλα..
3441 3579 3463 3610 ι
3508 3562 3522 3610 l

2449 3657 2468 3686 ι
2500 3640 2695 3710 Κύριος
2738 3639 2891 3691 δώσει
2935 3640 3101 3709 ῥῆμα
3159 3646 3286 3706 τοῖς
3342 3646 3524 3715 εὐαγ-

2447 3744 2535 3799 μει
2565 3728 2725 3797 πολλῇ
2745 3744 2758 3756 ·
2789 3730 2816 3780 ὁ
2848 3727 3118 3796 βασιλεὺς
3153 3730 3279 3783 τῶν
3312 3732 3522 3805 δυνὰμ

2443 3819 2507 3887 τῇ
2535 3817 2818 3887 ὡραιότητι
2848 3815 2940 3869 τοῦ
2988 3819 3160 3872 οἴκου
3211 3821 3522 3879 διελέσθα.

2443 3908 2720 3976 τοιγαροῦν
2768 3908 2860 3959 καὶ
2908 3909 3180 3964 ἐνταῦθα
3245 3917 3406 3985 περὶ
3460 3935 3524 3970 τ(

2449 4014 2467 4046 ι
2505 3995 2600 4049 Διὰ
2638 3996 2788 4048 τοῦτο
2839 3998 3012 4061 αὐτὸς
3069 4000 3522 4076 κληρονομὴσε

2448 4086 2673 4155 ἰσχυρῶν
2724 4088 2896 4155 μεριεῖ
2926 4086 3161 4143 σκῦλα.
3201 4110 3225 4141 ι
3261 4095 3388 4147 Διὰ
3430 4114 3524 4149 πο

2445 4173 2567 4244 ἑξῆς
2593 4175 2848 4236 διδάσκει,
2883 4178 3113 4247 φήσας·
3161 4198 3186 4230 ι
3218 4182 3401 4235 Ἀνθ“
3442 4180 3523 4238 ᾧ.

2443 4283 2531 4319 τον
2559 4267 2590 4335 ἠ
2616 4264 2757 4335 ψυχὴ
2783 4265 2975 4329 αὐτοῦ,
3021 4270 3143 4321 καὶ
3167 4272 3239 4323 ὲν
3279 4277 3429 4338 τοῖς
3473 4278 3522 4328 ἁ

2445 4354 2600 4417 αὐτὸς
2633 4356 2897 4425 ἁμαρτίας
2925 4357 3190 4412 πολλῶν
3217 4361 3524 4433 ἀνήνεγ)

2444 4444 2563 4506 τίας
2601 4444 2774 4497 αὐτῶν
2831 4447 3188 4517 παρεδόθη.
3236 4469 3262 4500 ι
3326 4454 3526 4507 ’Λντλ

2451 4551 2604 4604 μενος
2657 4534 2812 4586 αὑτὸν
2840 4537 2868 4586 ὁ
2899 4536 3146 4607 Πατὴρ
3207 4540 3344 4610 τῆς
3396 4544 3524 4597 {rm

2448 4623 2541 4692 νῆς
2559 4623 2732 4685 ἕνεκα,
2764 4622 3106 4693 δεδώρηται
3139 4629 3350 4698 αὐτῷ
3375 4632 3479 4685 τὰ
3522 4642 3525 4681 ς

2447 4711 2676 4781 ὑπήκοος
2710 4710 2785 4780 τῷ
2814 4712 3007 4785 Πατρὶ
3070 4714 3303 4786 μέχρι.
3340 4718 3528 4776 Θανά

2446 4797 2605 4869 μήσει
2632 4797 2872 4859 πολλοὺς,
2894 4800 3011 4851 καὶ
3037 4800 3127 4851 οὐ
3181 4805 3432 4873 πρότε
3446 4825 3527 4878 pc

2441 4887 2652 4956 δοθῆναι
2676 4889 2755 4949 εἰς
2770 4887 3021 4941 θάνατον
3048 4891 3189 4963 τὴν
3215 4894 3487 4967 ψυχὴν

2445 4993 2562 5046 μοις
2588 4975 2912 5046 λογισθῆναι,
2955 4976 3458 5047 θεσπίζεται.

2443 5067 2859 5138 κληρονομήσειν
2874 5069 3213 5137 πολλοὺς,
3254 5075 3399 5127 καὶ
3435 5096 3500 5131 τι

2441 5157 2624 5211 σκῦλα.
2639 5157 2801 5226 Ἠγοῦ
2809 5176 2903 5229 μαι
2934 5160 3014 5214 δὲ
3047 5164 3331 5235 ἁναμφ
3342 5166 3490 5221 ιλό·

2441 5265 2623 5302 στασιν
2652 5248 2744 5305 τοῦ
2775 5256 3411 5326 προφητευομένου
3441 5261 3482 5315 δ

2439 5338 2560 5401 Πῶς
2590 5339 2697 5410 γὰρ
2725 5339 2896 5405 ἄλλως
2924 5345 3342 5419 ἐπινοῆσαι
3389 5351 3466 5406 δι

2440 5424 2647 5494 σφαγὴν
2693 5427 2953 5498 ἀχθέντα,
3030 5438 3172 5492 καὶ
3250 5440 3416 5495 ἀπὸ

2439 5510 2598 5564 δαίων
2627 5512 2758 5572 λαοῦ
2788 5516 3042 5597 θανάτῳ
3101 5531 3454 5605 παραδοε

3208 5689 3278 5722 ⁸⁸
3314 5690 3444 5753 Ps:
