3862 6322
144 442 293 526 ,35

1150 455 1781 515 DEMONSTRATIONIS
1817 446 2266 512 EVANGELECE
2305 448 2434 506 LIB.
2475 453 2565 511 Ill.

3294 488 3299 493 -
3341 463 3441 517 186

126 554 478 647 λογισθξνῑιξν
493 556 640 647 τεξφῇ
656 569 717 606 τε
752 572 1222 647 παραδοθέντα
1234 594 1247 609 ·
1265 573 1378 630 εἶτα
1396 574 1793 647 καθαριζόμενοπ

1912 566 2239 629 haereditabit
2269 568 2486 635 multos,
2499 578 2554 626 et
2582 571 2795 626 fortium
2827 572 3027 628 dividet
3052 573 3240 643 spolia.
3262 571 3429 637 Quam

120 643 371 734 ⁷)ῷῦτοῦ
411 644 641 743 Κ-ῖξρίουθ
673 646 792 743 ff"-
850 659 1017 725 φῶς
1056 666 1190 736 παρ’
1224 666 1368 735 αὐτῷ
1407 643 1679 735 ἀρόμενον,
1712 666 1804 719 καὶ

115 735 586 831 ,ιληρσωμοῇνξα
611 735 928 831 Ὲλλοῖδςν
966 754 1083 807 καὶ
1128 755 1296 809 σκῦλα
1326 759 1433 817 τοῖς
1462 754 1671 817 οἰκείοις
1697 754 1808 807 δια-

117 822 418 913 ξρέμφῗαῖ
445 822 565 875 καὶ
606 824 809 893 ἄλλως
864 834 946 890 δὲ
1006 844 1146 913 περὶ
1181 845 1277 913 τῆς
1306 842 1437 913 μετά
1467 843 1554 896 τὸν
1586 844 1806 896 θάνατον

123 912 754 1013 Machaerae-.0.me-
771 919 972 993 λέγει
1022 912 1128 985 που
1169 912 1512 1003 προφητεύων
1548 935 1610 985 ἐκ
1640 950 1804 1003 προσ-

136 1020 315 1089 ὡςεω
352 1005 445 1056 τοῦ
493 1005 760 1076 Χριστοῦ
836 1017 875 1067 ὁ
933 1020 1148 1075 Δαϐίδ·
1189 1042 1206 1072 ι
1246 1024 1357 1075 Οὐκ
1407 1022 1805 1090 ἐγκαταλείψεις

149 1110 277 1171 ,τὴν
304 1091 474 1163 ψυχήν
519 1112 634 1164 μου
686 1099 778 1162 εἰς
813 1102 1002 1177 ᾃδην,
1034 1111 1155 1163 οὐδὲ
1182 1110 1364 1172 δώσεις
1387 1110 1528 1163 ὅσιόν
1561 1127 1649 1164 σου
1683 1112 1805 1164 ἰδεῖν

168 1182 489 1257 διαφθοράν.
530 1204 552 1235 ι
587 1187 715 1240 Καὶ
754 1192 978 1246 πάλιν
1021 1217 1038 1248 ι
1074 1198 1260 1268 Κύριε,
1300 1202 1568 1270 ἀνήγαγες
1597 1202 1655 1265 ἐξ
1681 1202 1803 1272 ᾅδου

192 1287 292 1352 τὴν
318 1274 491 1347 ψυχήν
537 1294 676 1346 μου,
720 1280 967 1350 ἔσωσας
1006 1306 1073 1359 με
1115 1289 1221 1343 ἀπὸ
1246 1291 1352 1343 τῶν
1384 1291 1803 1344 καταϐαινόντων

210 1377 288 1432 fu;
308 1366 523 1421 λάκκον.
566 1388 588 1419 ι
634 1371 761 1424 Καὶ
790 1375 1012 1430 πάλινο
1049 1397 1069 1429 ι
1120 1380 1177 1431 '0
1209 1379 1354 1449 ὑψῶν
1389 1397 1455 1449 με
1481 1383 1544 1433 ἐκ
1569 1380 1673 1433 τῶν
1705 1398 1804 1433 πυ-

225 1458 321 1511 λῶν
342 1457 430 1511 τοῦ
465 1458 742 1523 θανάτου,
775 1464 942 1530 ’ὁπως
979 1467 1046 1520 ἂν
1078 1468 1366 1537 ἐξαγγείλω
1396 1471 1571 1533 πάσας
1605 1470 1701 1532 τάς
1728 1472 1803 1522 αἰ-

239 1551 383 1612 νέσεις
413 1567 528 1602 σου.
574 1571 594 1603 ι
639 1552 890 1618 Τούτοις
930 1557 987 1610 δέ
1034 1560 1193 1611 πᾶσιν
1220 1559 1526 1628 ἀντιϐλέψαι
1553 1560 1802 1615 δύνασθαι

241 1637 338 1689 οὐδὲ
366 1638 489 1700 τοὺς
539 1640 765 1711 σφόδρα
820 1644 1333 1714 ἀγνωμονεστάτους
1375 1648 1625 1718 ἡγοῦμαι.
1659 1639 1801 1720 Πλῆν

239 1726 350 1779 ἀλλά
394 1728 495 1797 τῆς
530 1729 772 1784 Ἡσαΐου
826 1734 1162 1803 προφητείας
1203 1735 1263 1787 τὸ
1308 1735 1669 1806 συμπέρασμα
1705 1737 1800 1807 τὴν

234 1818 380 1869 πάλαι
408 1819 638 1889 στεῖραν
673 1822 780 1873 καὶ
806 1820 1013 1891 ἔρημον
1043 1820 1175 1874 Θεοῦ
1203 1822 1395 1892 ψυχὴν,
1421 1824 1453 1895 ἢ
1486 1825 1577 1876 καὶ
1607 1824 1799 1894 μᾶλλον

1907 674 2083 722 autem
2117 663 2187 718 ob
2218 676 2332 716 rem
2363 663 2468 717 hoc
2495 663 2572 718 illi
2618 663 2801 717 datum
2844 664 2948 728 sit,
2977 666 3132 718 docet
3158 663 3430 731 deinceps,

1908 756 2000 810 ubi
2027 756 2100 808 ait
2125 772 2138 809 :
2176 770 2195 802 ι
2226 748 2333 805 Pro
2352 767 2416 806 eo
2434 751 2581 821 quod
2613 752 2806 804 tradita
2828 762 2909 806 est
2934 753 2987 805 in
3010 760 3232 806 mortem
3256 752 3430 805 anima

1907 845 2045 913 ejus,
2078 851 2274 898 etcum
2309 842 2509 911 iniquis
2533 842 2824 912 deputatus
2852 848 2935 896 est
2958 861 2971 895 :
3000 852 3055 896 et
3080 842 3192 911 ipse
3214 852 3430 911 peccata

1909 933 2192 986 multorum
2225 932 2371 995 tulit,
2407 941 2460 985 et
2495 941 2711 1001 propter
2739 939 2955 1000 peccata
2981 946 3164 985 eorum
3206 932 3431 986 traditus

1907 1031 1988 1074 est
2013 1020 2078 1072 ⁵⁸.
2116 1038 2135 1070 ι
2172 1017 2276 1072 Pro
2311 1019 2396 1072 his
2427 1020 2568 1073 enim
2599 1033 2949 1073 remunerans
2981 1018 3128 1084 illum
3157 1018 3332 1084 Pater,
3365 1035 3430 1074 eo

1907 1106 2048 1177 quod
2077 1106 2221 1160 dicto
2265 1107 2487 1160 audiens
2536 1105 2697 1159 fuerit
2753 1079 3190 1171 susuuueritque,
3215 1079 3430 1158 donavit

1908 1198 2053 1249 illum
2093 1195 2160 1250 iis
2182 1211 2302 1264 quae
2345 1195 2585 1264 exposita
2623 1203 2767 1248 sunt.
2802 1192 2997 1248 Factus
3022 1193 3164 1246 enim
3193 1201 3274 1246 est
3303 1194 3429 1248 obe-

1906 1287 2055 1341 diens
2101 1285 2243 1339 Patri
2298 1299 2469 1353 usque
2525 1282 2592 1336 ad
2644 1291 2903 1336 mortem:
2938 1295 3106 1351 quare
3142 1281 3427 1335 multorum

1905 1390 2116 1444 quoque
2180 1374 2543 1430 hatreditatem
2595 1380 3011 1427 consecuturum
3058 1372 3207 1425 illum
3263 1373 3426 1432 canit.

1905 1480 2010 1519 non
2034 1466 2182 1534 prius
2210 1473 2392 1520 tamen
2422 1480 2580 1534 quam
2611 1465 2806 1519 tradita
2836 1464 2995 1516 fuerit
3023 1465 3198 1516 anima
3226 1462 3343 1530 ejus
3375 1462 3427 1515 in

1905 1564 2148 1618 mortem,
2179 1566 2231 1609 et
2250 1570 2371 1610 cum
2397 1556 2595 1625 iniquis
2630 1557 2701 1610 sit
2735 1556 3041 1622 deputatus.
3068 1538 3293 1620 Propter
3317 1551 3429 1605 haec

1902 1645 2042 1699 enim
2058 1643 2257 1696 dictum
2272 1651 2374 1705 est,
2394 1644 2541 1696 illum
2565 1642 2998 1696 haereditaturum
3019 1640 3236 1703 multos,
3253 1647 3307 1693 et
3321 1637 3432 1693 for-

1904 1736 2031 1787 tium
2063 1732 2357 1788 divisurum
2391 1733 2579 1801 spolia.
2620 1731 2758 1784 Puto
2804 1738 2977 1784 autem
3011 1728 3307 1783 indubitate
3343 1741 3426 1782 re-

1901 1820 2196 1875 versionem
2222 1819 2338 1887 ejus
2364 1834 2394 1872 a
2412 1818 2635 1871 mortuis
2655 1816 2938 1886 signiﬁcari
2954 1815 3147 1867 talibus
3164 1813 3425 1868 oraculis:

227 1905 312 1974 τὴν
350 1905 411 1969 ἐξ
453 1905 639 1958 ἐθνῶν
688 1909 1022 1978 Ἐκκλησίαν
1052 1910 1467 1979 εὐαγγελίζεται,
1507 1913 1793 1977 ἀκολούθως

1909 1908 2056 1976 ιοι
2087 1906 2178 1976 qui
2203 1907 2342 1961 enim
2384 1906 2499 1960 ﬁeri
2548 1912 2741 1974 potest,
2777 1912 2835 1957 ut
2866 1905 3019 1958 aliter
3040 1903 3105 1958 de
3136 1918 3200 1957 eo
3230 1901 3424 1956 intelli-

222 1996 280 2061 τῇ
321 1993 534 2065 θεωρίᾳ
583 1995 706 2047 τῶν
760 1997 1085 2067 εἰρημένων.
1134 1999 1341 2070 Ἐπειδὴ
1371 2001 1475 2072 γάρ
1520 2002 1586 2054 τὰ
1632 2004 1803 2056 πάντα

216 2081 277 2133 δι’
325 2084 504 2153 αὐτὴν
558 2087 592 2136 ὁ
646 2086 894 2155 Χριστὸς
935 2086 1237 2156 ὑπέμεινεν,
1276 2090 1490 2154 εἰκότως
1539 2091 1674 2161 μετά
1708 2093 1804 2154 τὰς

214 2173 337 2241 περὶ
380 2174 556 2226 αὑτοῦ
589 2178 943 2245 προρρήσεις
985 2177 1229 2247 ἐπιφέρει
1273 2178 1471 2245 λέγων⁹
1504 2198 1522 2229 ι
1559 2181 1802 2251 Εὐφράν-

211 2261 331 2328 θητι
373 2263 576 2332 στείρα
610 2267 649 2334 ἡ
685 2266 754 2316 οὑ
794 2265 1069 2327 τίκτουσα,
1101 2267 1257 2336 ῥῆξον
1294 2270 1385 2320 καὶ
1415 2268 1602 2338 βόησον
1634 2272 1666 2338 ὴ
1704 2270 1802 2322 οὐκ

204 2353 507 2407 ὠδίνουσα·
551 2358 644 2409 ὃτι
680 2356 859 2409 πολλά
891 2357 957 2409 τά
991 2359 1152 2411 τέκνα
1191 2358 1288 2427 τῆς
1319 2360 1520 2428 ἐρήμου
1549 2360 1798 2430 μᾶλλονῆ

200 2443 302 2512 τῆς
334 2446 585 2515 ἐχούσης
623 2447 722 2498 τὸν
756 2447 946 2516 ἀνδρα.
975 2444 1107 2500 Eine
1142 2448 1250 2517 γὰρ
1278 2447 1501 2517 Κύριος·
1537 2448 1801 2502 Πλάτυνον

198 2534 294 2584 τὸν
328 2536 506 2590 τόπον
532 2535 646 2603 τῆς
674 2536 885 2605 σκηνῆς
913 2553 1006 2588 σου
1040 2539 1132 2589 καὶ
1160 2537 1267 2589 τῶν
1295 2539 1524 2591 αύλαιῶν
1549 2557 1661 2603 σου,
1698 2541 1799 2610 πῆ-

200 2622 313 2685 ξον,
364 2624 445 2694 μὴ
494 2625 675 2696 φείσῃ
710 2642 725 2655 ·
761 2625 1023 2679 πλάτυνον
1067 2628 1136 2678 τὰ
1177 2628 1522 2698 σχοινίσματά
1550 2647 1659 2692 σου,
1706 2633 1798 2684 καὶ

196 2713 329 2775 τοὺς
354 2713 691 2776 πασσάλους
727 2730 824 2765 σου
853 2715 1198 2784 κατίσχυσον·
1231 2717 1307 2769 ἔτι
1341 2720 1419 2780 εἰς
1450 2720 1513 2773 τά
1539 2719 1684 2784 δεξιά
1708 2723 1797 2775 καὶ

196 2803 283 2863 εἰς
314 2803 391 2855 τὰ
422 2804 708 2874 ἀριστερά
749 2805 1067 2865 ἐκπέτασον,
1100 2806 1191 2858 καὶ
1223 2805 1281 2858 τὸ
1312 2809 1525 2879 σπέρμα
1551 2828 1641 2862 σου
1673 2812 1793 2883 ἔθνη

196 2892 647 2963 κληρονομήσει.
684 2912 704 2943 ι
755 2893 1019 2947 Ἐνταῦθα
1054 2895 1110 2946 δὲ
1158 2894 1250 2965 τὴν
1285 2896 1343 2961 ἐξ
1373 2898 1544 2954 ἐθνῶν
1575 2901 1797 2971 Ἐκκλη-

199 2983 329 3034 σίαν
356 2983 486 3035 καθ’
515 2983 654 3048 ὅλης
674 2982 779 3051 τῆς
809 2983 1131 3052 οἰκουμένης
1162 2985 1541 3058 ἐξηπλωμένην
1573 2991 1665 3042 καὶ
1692 2991 1796 3044 ἀπὸ

201 3075 494 3127 ἀνατοῶν
517 3074 679 3145 ἡλίου
710 3073 876 3144 μέχρι
901 3074 1117 3144 δυσμῶν
1147 3077 1566 3148 παρατείνουσαν
1591 3081 1618 3131 ὁ
1642 3080 1795 3150 λόγος

207 3164 661 3230 εὐαγγελίζεται,
702 3163 1018 3231 σαφέστατα
1066 3164 1220 3217 τοῦτο
1264 3169 1525 3236 παριστὰς
1549 3168 1635 3221 διά
1665 3170 1756 3222 τοῦ
1777 3189 1791 3202 ·

218 3272 239 3301 ι
276 3254 395 3305 Καὶ
420 3254 483 3305 τὸ
516 3254 749 3323 σπέρμα
790 3269 886 3304 σου
913 3252 1036 3322 ἔθνη
1072 3254 1476 3327 κληρονομήσει.
1508 3278 1526 3309 ι
1551 3258 1794 3324 ΙΙλείονος

221 3343 281 3394 δέ
301 3342 627 3412 ἐξεργασίας
656 3342 930 3411 δεομένων
955 3343 1061 3396 τῶν
1088 3344 1228 3397 κατά
1253 3345 1341 3398 τὸν
1363 3347 1541 3412 τόπον,
1572 3349 1794 3420 ἀρκούν-

226 3448 336 3493 τως
382 3434 476 3484 ἐπὶ
526 3432 624 3485 τοῦ
692 3433 963 3502 παρόντος
1011 3434 1161 3486 ταῦθ’
1223 3437 1351 3505 ἡμῖν
1400 3439 1790 3510 ἐπιτετμήσθω.

237 3517 467 3572 metu:
489 3523 532 3575 δ’
561 3522 628 3574 ἂν
663 3523 762 3574 καὶ
785 3522 947 3583 αὐτὸς
972 3524 1062 3575 ἐπὶ
1110 3525 1303 3595 σχολῆς
1334 3528 1682 3592 ἀναλέξασθαι
1708 3531 1795 3583 δύ-

244 3624 358 3661 ναιο
393 3611 639 3681 περὶτοῦ
673 3613 1053 3680 προκειμένου.
1089 3614 1198 3665 Καὶ
1234 3617 1266 3683 ή
1300 3617 1542 3685 παροῦσα
1569 3618 1625 3670 δέ
1653 3636 1793 3690 πρα-

247 3701 475 3765 γματεία
514 3702 613 3771 τῆς
653 3701 1015 3770 εὐαγγελικῆς
1061 3703 1383 3769 ἀποδείξεως
1430 3707 1568 3760 κατά
1610 3708 1792 3777 καιρὸν

254 3783 448 3841 ἕκαστα
496 3788 878 3859 παραδώσεταί
929 3805 987 3840 τε
1037 3789 1128 3840 καὶ
1179 3790 1520 3859 ἑρμηνεύσει.
1559 3792 1704 3855 Τέως
1736 3792 1792 3845 δὲ

257 3872 341 3928 ἐπὶ
365 3876 453 3928 τοῦ
484 3878 747 3948 παρόντος
786 3876 887 3947 τῆς
913 3876 1019 3930 τῶν
1061 3878 1354 3948 προφητῶν
1404 3880 1528 3947 περὶ
1565 3882 1663 3951 τῆς
1700 3882 1790 3934 τοῦ

258 3960 486 4036 Σωτῆρος
503 3967 656 4037 ἡμῶν
686 3968 1065 4037 προρρήσεως,
1092 3969 1283 4031 καὶ-ὠς
1313 3971 1472 4021 πᾶσιν
1495 3970 1793 4041 ἀνθρώποις

256 4053 346 4121 τὴν
371 4057 472 4108 τῶν
504 4056 804 4126 μελλόντων
832 4056 1048 4124 ἀγαθῶν
1076 4059 1371 4128 παρουσίαν
1402 4059 1789 4128 εὐηγγελίζετο,

262 4139 442 4208 ἱκανῶς
467 4147 573 4215 ἔχει
596 4147 665 4200 τά
690 4149 813 4217 είρη
820 4146 978 4214 μένα,
1003 4147 1485 4217 προαναφιυνοῦντα
1521 4150 1789 4219 προφήτου

258 4234 385 4295 τινὸς
407 4236 595 4304 ἄφιξιν,
627 4238 723 4290 καὶ
754 4236 1031 4290 εὐσέϐειαν
1058 4237 1344 4307 νομοθέτου
1374 4239 1592 4293 Μωῡσεῖ
1621 4256 1792 4309 παρα-

258 4319 482 4390 πλησίου,
510 4327 660 4392 γένος
691 4343 751 4379 τε
788 4325 969 4389 αὑτοῦ,
1012 4325 1104 4377 καὶ
1149 4324 1338 4393 φυλὴν,
1366 4325 1457 4376 καὶ
1492 4324 1648 4378 τόπον
1672 4326 1790 4379 ὅθεν

260 4414 631 4479 προελεύσεται,
657 4417 849 4487 χρόνον
887 4431 945 4466 τε
976 4415 1099 4467 καθ’
1121 4415 1179 4466 ὃν
1206 4414 1346 4483 ἡξει,
1403 4416 1789 4484 προφητεύεται

258 4587 348 4659 τὴν
372 4595 499 4647 κατά
532 4597 746 4649 πάντων
774 4595 974 4649 ἐθνῶν·
1017 4595 1053 4649 ἃ
1092 4596 1156 4664 δὴ
1203 4597 1380 4648 πάντα
1410 4598 1667 4669 παρέστη,
1694 4602 1786 4654 καὶ

74 4696 81 4765 ί
262 4672 333 4765 Fu
362 4683 540 4750 μᾶλλον
558 4686 645 4737 διά
670 4685 779 4738 τῶν
804 4684 932 4753 ἑξῆς
964 4686 1373 4755 παραστήσεται
1406 4687 1495 4736 ἐπὶ
1522 4687 1674 4755 μόνον
1697 4689 1785 4741 τὸν

82 4778 87 4847 ξ
262 4762 461 4841 Mm
488 4776 577 4827 καὶ
616 4776 817 4847 Κύριον
867 4776 1024 4845 ἡμῶν
1068 4778 1585 4845 συμπεπερασμένα.
1633 4779 1788 4835 Ἀλλά

259 4858 408 4912 ταῦτα
437 4864 527 4932 μὲν
569 4866 673 4918 ἀπὸ
712 4867 821 4918 τῶν
864 4866 1024 4936 ἱερῶν
1067 4866 1262 4931 λογίων
1314 4868 1423 4926 τοῖς
1452 4870 1786 4925 πιστεύουσιν

259 4947 417 5013 αὐτοῖς
447 4954 890 5024 παρατεθήσεται·
917 4957 1031 5015 τοῖς
1061 4954 1105 5004 δ’
1129 4951 1410 5005 ἀπειθοῦσι
1438 4958 1552 5017 ταῖς
1580 4974 1786 5031 προφη-

252 5041 410 5101 frui;
436 5043 669 5112 Γραφαῖς
713 5044 861 5106 ἰδίως
894 5044 1300 5110 ἀπαντήσομεν,
1342 5040 1414 5102 ὡς
1440 5046 1563 5113 περὶ
1595 5048 1785 5119 ἀνδρὸς

76 5129 79 5207 ξ
251 5131 427 5193 κοινοῦ,
457 5135 546 5186 καὶ
578 5137 689 5196 τοῖς
722 5134 934 5194 λοιποῖς
964 5129 1342 5200 παραπλησίου
1373 5131 1500 5194 τέως
1529 5136 1626 5207 τὴν
1667 5139 1783 5202 ἐξέ..

295 5176 427 5193 ""‘1
457 5176 546 5186 ην·-
588 5176 684 5196 *νυν
722 5176 931 5194 """"‘I
971 5176 1334 5200 ""|"'""’l""
1383 5176 1496 5194 "w‘
1539 5176 1623 5207 ""
1667 5176 1782 5202 “‘5'

66 5176 79 5307 λ
245 5226 385 5276 tam
408 5229 708 5297 ποιούμενοι
725 5245 739 5258 ο
765 5229 876 5291 ἵνα,
901 5226 1102 5280 ὁπόταν
1136 5223 1352 5274 πάντων
1385 5224 1483 5277 τῶν
1508 5228 1563 5292 ἐξ
1590 5232 1783 5297 αἰῶνος

248 5301 515 5381 βοηθέντων
534 5319 592 5369 ἐν
622 5315 961 5385 ἀνθρώποις,
1009 5312 1142 5363 πολὺ
1187 5309 1443 5377 κρείττων
1469 5317 1784 5391 ἀσυγκρίτῳ

240 5392 451 5474 ὕπεροχῇ
484 5406 575 5458 καὶ
612 5404 892 5472 διαφέρων
937 5398 1200 5464 ἀναφανῇ,
1240 5403 1537 5464 τοτηνικάδε
1569 5409 1668 5461 καὶ
1711 5411 1783 5464 τὰ

239 5494 347 5562 περὶ
368 5495 462 5564 τῆς
486 5494 771 5563 θειοτέρας
802 5489 971 5542 αὐτοῦ
1000 5487 1206 5553 φύσεως
1235 5486 1372 5537 κατὰ
1394 5494 1567 5563 καιρὸν
1591 5497 1780 5552 διαλά-

228 5574 408 5649 Cum,
441 5582 498 5647 ἐξ
528 5578 785 5649 ἐναργῶν
812 5573 922 5626 τῶν
947 5566 1261 5630 ἀποδείξεων
1286 5578 1658 5644 παριστῶντες,
1690 5583 1777 5644 ὡς

1900 2020 2108 2073 gamus.
2141 2005 2231 2073 qui
2254 2011 2506 2073 tanquam
2529 2003 2646 2057 ovis
2682 2004 2748 2057 ad
2775 2003 3096 2057 occisionem
3125 2002 3195 2056 sit
3211 2001 3425 2065 ductus,

1900 2104 1953 2149 et
1998 2096 2066 2149 ab
2114 2096 2487 2164 iniquitatibus
2527 2093 2734 2147 Judaici
2760 2093 2940 2162 populi
2966 2092 3192 2146 traditus
3240 2090 3311 2144 sit
3356 2089 3424 2143 ad

1901 2192 2143 2248 mortem,
2171 2192 2223 2237 et
2252 2199 2372 2238 cum
2409 2185 2606 2252 iniquis
2655 2184 2940 2251 deputatus
2963 2221 2978 2243 ,
3034 2179 3428 2248 sepultumque

1899 2271 2302 2326 commendatus
2336 2309 2351 2333 ,
2386 2270 2580 2324 deinde
2604 2276 2863 2338 purgatus
2901 2283 2930 2321 a
2966 2266 3233 2321 Domino?
3260 2276 3312 2320 et
3338 2266 3426 2321 lu-

1897 2374 2012 2413 cem
2038 2375 2198 2429 penes
2221 2375 2279 2414 se
2298 2360 2515 2413 visurus
2543 2358 2635 2420 sit,
2664 2366 2719 2410 et
2742 2356 3030 2410 multorum
3063 2353 3423 2408 liaareditatem

1898 2455 2307 2514 consecuturus,
2333 2458 2387 2500 et
2414 2446 2528 2501 suis
2558 2447 2728 2515 spolia
2761 2445 3035 2500 divisurus
3069 2444 3092 2498 ?
3136 2442 3242 2497 Sed
3271 2444 3427 2498 aliter
3480 2480 3499 2493 .

1897 2551 2110 2607 quoque
2139 2535 2204 2589 de
2227 2537 2372 2591 illius
2400 2536 2576 2589 reditu
2604 2535 2657 2588 in
2683 2535 2867 2596 vitam,
2895 2540 3018 2600 post
3050 2538 3272 2585 mortem
3295 2530 3428 2585 dicit

1897 2628 2125 2696 quodam
2158 2628 2274 2680 loco
2310 2626 2611 2680 vaticinans
2634 2624 2797 2677 David
2825 2640 2890 2679 ex
2927 2637 3153 2693 persona
3172 2623 3372 2677 Christi
3406 2639 3419 2675 :

1901 2737 1919 2768 ι
1954 2717 2070 2771 Non
2098 2718 2368 2785 relinques
2397 2716 2631 2769 animam
2688 2730 2859 2769 meam
2910 2714 2963 2768 in
2992 2714 3224 2777 inferno,
3253 2727 3426 2781 neque

1894 2808 2047 2863 dabis
2076 2816 2321 2862 sanctum
2363 2821 2511 2861 tuum
2542 2807 2724 2861 videre
2754 2806 3152 2875 corruptionem
3183 2803 3250 2856 ".
3306 2818 3328 2854 ι
3360 2800 3425 2854 Et

1894 2898 2019 2952 alibi
2053 2915 2098 2951 ει
2130 2896 2370 2960 Domine,
2387 2896 2621 2951 eduxisti
2648 2895 2716 2949 ab
2737 2894 2947 2948 inferno
2973 2894 3203 2947 animam
3231 2906 3422 2953 meam,

1894 2984 2110 3039 salvasti
2157 2999 2241 3037 me
2278 2999 2310 3037 a
2358 2982 2813 3038 descendentibus
2866 2983 2920 3035 in
2967 2982 3141 3034 lacum
3180 2980 3249 3034 ".
3303 2998 3322 3031 ι
3357 2977 3423 3031 Ει

1892 3072 2016 3126 alibi
2044 3092 2057 3126 :
2089 3090 2107 3122 ι
2141 3071 2243 3137 Qui
2267 3072 2468 3126 cxaltas
2500 3087 2583 3125 me
2609 3072 2675 3126 de
2695 3072 2863 3140 portis
2895 3071 3099 3134 mortis,
3131 3075 3189 3123 ut
3213 3083 3423 3122 annun-

1893 3163 2017 3217 tiem
2067 3177 2253 3217 omnes
2316 3162 2649 3218 laudationes
2712 3170 2834 3216 tuas
2867 3162 2936 3216 ".
2988 3180 3008 3213 ι
3059 3160 3258 3217 Contra
3306 3174 3424 3213 om-

1893 3253 1981 3306 nia
2026 3253 2138 3307 haec
2181 3251 2459 3307 intendere
2486 3253 2647 3305 ullam
2694 3252 2885 3313 aciem,
2920 3266 2988 3306 ne
3020 3250 3422 3306 inimicissimos

1889 3341 2104 3411 quidem
2134 3352 2292 3410 atque
2321 3342 2713 3410 ingratissimos
2730 3356 2885 3410 posse
2912 3342 3162 3394 arbitror.
3197 3338 3421 3393 Verumo

1891 3438 2066 3485 tamen
2095 3430 2214 3498 ejus
2250 3431 2537 3500 praplletia:
2568 3432 2866 3494 conclusio,
2896 3432 3050 3499 cujus
3076 3439 3264 3485 auctor
3310 3428 3422 3485 Isa-

1892 3521 1992 3584 ias,
2032 3522 2267 3576 sterilem
2291 3522 2434 3573 illam
2461 3520 2730 3589 quondam
2761 3528 2814 3574 et
2838 3521 3100 3575 desertam
3129 3536 3160 3572 a
3184 3519 3290 3574 Deo
3311 3520 3422 3574 ani-

1892 3625 2051 3674 mam,
2080 3618 2173 3663 aut
2201 3611 2374 3678 potius
2399 3608 2691 3662 Ecclesiam
2731 3608 2798 3662 de
2822 3608 3070 3677 gentibus
3117 3609 3418 3671 collectam,

1891 3699 2025 3753 laetis
2059 3700 2301 3762 vocibus,
2358 3700 2611 3767 bonoque
2651 3698 2840 3752 nuntio
2871 3699 3236 3768 prosequitur,
3293 3711 3419 3751 cum

1890 3791 1996 3845 illis
2027 3789 2209 3858 utique
2232 3789 2676 3858 recordans,quze
2696 3789 2806 3858 jam
2839 3788 3180 3857 contemplati
3209 3802 3416 3843 sumus.

1889 3878 2020 3932 Nam
2081 3893 2200 3933 cum
2240 3886 2457 3948 propter
2476 3894 2597 3932 eam
2627 3879 2873 3933 Christus
2913 3878 3090 3932 omnia
3114 3877 3411 3945 pertulerit.

1890 3968 2080 4023 merito
2120 3976 2240 4038 post
2277 3984 2338 4022 ea
2366 4006 2384 4032 ,
2437 3983 2555 4037 qua:
2582 3969 2649 4023 de
2677 3970 2767 4023 illo
2798 3969 3079 4039 praedixit,
3127 3966 3367 4036 adjungit
3394 3981 3414 4023 :

1894 4076 1914 4108 ι
1944 4056 2168 4121 Laetare,
2201 4059 2395 4126 inquit,
2429 4058 2626 4111 sterilis
2655 4072 2774 4127 qua:
2801 4073 2907 4111 non
2927 4059 3095 4127 paris,
3124 4057 3418 4113 vociferare

1887 4156 1941 4201 et
1969 4148 2161 4210 clama,
2200 4161 2319 4215 quae
2351 4151 2455 4200 non
2488 4149 2722 4216 parturis
2753 4160 2769 4199 :
2817 4149 3069 4217 quoniam
3121 4151 3273 4202 multi
3321 4148 3416 4202 lilii

1888 4236 2110 4291 desertae
2138 4238 2327 4307 magis,
2356 4252 2517 4307 quam
2568 4239 2686 4307 ejus
2710 4254 2829 4308 qua:
2864 4240 3023 4294 habet
3050 4240 3245 4294 virum.
3276 4239 3417 4294 Dixit

1886 4328 2027 4380 enim
2067 4328 2320 4383 Dominus
2348 4348 2361 4383 :
2398 4329 2570 4382 Dilata
2608 4331 2784 4383 locum
2818 4330 3033 4384 tentorii
3090 4331 3192 4394 tui,
3216 4339 3271 4383 et
3298 4331 3413 4399 pel-

1889 4417 1966 4471 les
1990 4417 2457 4472 tabernaculorum
2493 4426 2704 4474 tuorum
2732 4420 2852 4488 lige,
2882 4434 2950 4473 ne
2981 4434 3207 4488 parcas:
3251 4419 3414 4472 dilata

261 4504 344 4553 καὶ
371 4506 585 4572 γένεσιν,
619 4511 716 4563 καὶ
745 4508 1020 4578 τελευτὴν,
1051 4511 1143 4561 καὶ
1166 4510 1477 4573 ἀναϐίωσιν,
1506 4513 1595 4563 καὶ
1623 4513 1788 4582 ἀρχὴν

1895 4506 2156 4560 luniculos
2188 4515 2329 4571 tuos,
2353 4515 2406 4561 et
2453 4508 2633 4563 clavos
2656 4520 2774 4563 tuos
2811 4509 3130 4563 corrobora:
3185 4510 3414 4577 amplius

1886 4597 1953 4651 ad
1982 4594 2219 4650 dextram
2243 4608 2294 4653 et
2316 4598 2383 4652 ad
2411 4599 2680 4653 sinistram
2707 4599 2948 4661 extende,
2977 4606 3029 4652 et
3059 4614 3237 4652 semen
3266 4606 3413 4650 tuum

1886 4699 2069 4760 gentes
2123 4689 2451 4743 haereditabit
2478 4690 2542 4741 ⁸ο.
2587 4709 2605 4739 ι
2641 4689 2736 4743 llis
2785 4698 2977 4742 autern
3013 4688 3193 4740 verbis
3231 4686 3413 4739 Eccle-

1889 4782 2023 4834 siam
2053 4779 2120 4832 de
2142 4778 2389 4848 gentibus
2421 4778 2721 4840 collectam,
2747 4789 2800 4832 et
2851 4785 2964 4830 toto
2991 4776 3118 4828 orbe
3148 4784 3409 4828 terrarum

1887 4868 2156 4931 diﬂ'usam,
2186 4875 2239 4920 et
2269 4867 2336 4921 ab
2363 4874 2481 4919 ortu
2538 4867 2668 4920 solis
2711 4866 2775 4919 ad
2820 4879 3068 4918 occasum
3117 4871 3408 4926 extentam.

1887 4956 2162 5011 oraculum
2190 4957 2354 5009 laetari
2383 4946 2552 5023 jubet,
2578 4957 2886 5024 planissime
2908 4955 3007 5004 hoc
3032 4952 3206 5019 ipsum
3247 4952 3413 5022 signi-

1887 5048 2074 5111 ﬁcans,
2100 5046 2189 5100 ubi
2241 5047 2314 5100 ait
2338 5065 2350 5098 :
2389 5065 2407 5095 ι
2444 5046 2508 5099 Et
2534 5061 2714 5100 semen
2739 5056 2889 5097 tuum
2918 5050 3103 5112 gentes
3131 5043 3412 5097 haeredita-

1887 5137 1982 5189 bit.
2021 5154 2040 5186 ι
2072 5134 2203 5188 Cum
2233 5143 2407 5189 autem
2431 5136 2717 5204 longiorem
2742 5130 3166 5203 explanationem
3199 5132 3412 5187 deside-

1887 5234 2004 5281 rent
2021 5240 2103 5291 ea,
2131 5241 2249 5296 quae
2274 5226 2339 5279 ad
2388 5226 2529 5278 hunc
2559 5226 2734 5279 locum
2764 5229 3025 5291 spectant,
3070 5222 3278 5278 abunde
3312 5239 3409 5276 no-

1886 5318 1968 5371 bis
1999 5316 2109 5369 haac
2132 5314 2432 5384 compendii
2466 5316 2641 5368 locum
2678 5313 2986 5381 explebunt.
3027 5309 3158 5363 Nam
3191 5318 3251 5364 tu
3272 5326 3408 5379 quo-

1884 5419 1987 5472 que
2008 5418 2103 5472 per
2125 5402 2290 5456 otium
2312 5402 2478 5453 multa
2509 5402 2660 5469 plura
2683 5398 3170 5469 colligere'poteris,
3198 5411 3319 5465 qua
3340 5398 3402 5449 ad

1886 5495 2022 5549 idem
2053 5493 2380 5562 propositum
2405 5499 2664 5561 spectent.
2695 5489 2796 5546 Sed
2814 5494 2984 5559 ipsum
3006 5501 3215 5557 quoque
3247 5500 3407 5539 evan-

1887 5586 2066 5656 gelica:
2097 5582 2565 5637 demonstrationis
2628 5583 2956 5651 propositum
3000 5577 3143 5647 quod
3174 5589 3319 5629 nunc
3351 5572 3408 5625 in

289 5737 444 5791 “Isa.
475 5749 592 5800 ωτι,
620 5731 706 5785 12.
790 5727 837 5757 ³⁷
868 5722 1007 5776 Psal.
1037 5736 1118 5781 xv,
1154 5716 1234 5769 10.
1311 5720 1355 5751 ⁸⁸
1375 5722 1504 5785 Psal.
1527 5750 1679 5795 xxiv.
1700 5736 1765 5788 4.

1895 5735 2058 5793 ‘l‘sal.
2092 5751 2164 5797 Ix.
2192 5737 2275 5790 ιτς.
2349 5738 2394 5767 ⁸⁸
2416 5738 2513 5793 lsa.
2535 5753 2639 5800 μιν,
2671 5736 2782 5789 lo‘i.
