3862 6346
658 419 759 472 187

1314 416 2071 473 ΕυδΕΒΙΙΩΑΞδΑΒῙΕΝΞΙΞ
2110 417 2256 473 OPP.
2291 415 2468 470 PARS
2494 416 2558 469 ll.
2594 445 2660 454 -
2696 415 2839 470 APO]

1668 416 2071 472 ESARIENSIS
2110 417 2256 473 OPP.
2291 415 2468 470 PARS
2494 416 2558 469 ll.
2594 445 2660 454 -—
2696 414 3193 471 APOLOGETICA.

648 532 897 585 manibus
926 538 1028 594 est,
1055 531 1222 585 tradet
1257 546 1353 584 suo
1379 538 1616 599 tempore
1645 539 1804 597 atque
1843 535 2159 600 interpreta-

2145 563 2159 572 -
2198 539 2239 592 Α
2265 530 2362 581 οὐκ
2390 527 2719 596 ἀνθρωπείας
2751 528 2853 597 ἀρα
2881 523 2945 595 ἦν
2984 528 3216 594 φύσεως
3258 526 3294 593 ἡ
3327 520 3470 590 περὶ
3521 522 3670 576 αὑτὸν

646 620 794 673 bitur
819 621 1045 690 singula.
1091 620 1299 673 Interim
1347 634 1474 672 vero
1499 619 1638 688 quod
1687 621 1749 673 ad
1775 620 2165 688 praedictionem

648 708 1136 776 divinationemque
1189 708 1553 776 propheticam
1585 708 1652 762 de
1681 708 1955 763 Salvatore
1982 720 2165 763 nostro

647 798 894 865 pertinet,
927 796 1169 864 quodque
1201 795 1321 846 item
1347 795 1412 847 ad
1442 797 1494 849 id
1523 798 1662 865 quod
1687 811 1748 850 ea
1771 797 2043 865 praedictio
2057 811 2165 849 om-

646 901 746 941 nes
777 887 1016 938 homines
1064 898 1248 936 eorum
1290 884 1547 937 honorum
1582 886 1733 953 102
1773 886 1999 938 adventu
2032 901 2163 954 gau-

615 987 619 991 '
646 975 771 1030 dere
792 975 1006 1047 jubequ
1030 987 1147 1040 qua:
1176 974 1636 1038 exspectabantur,
1666 975 1731 1027 iis
1748 989 1864 1042 qua:
1881 973 1991 1039 jam
2014 973 2155 1025 dicta

646 1072 769 1117 sunt
807 1062 1040 1115 contenti
1094 1076 1213 1114 esse
1264 1076 1583 1128 possumus:
1615 1077 1731 1130 qua:
1769 1063 1981 1128 quidem
2009 1064 2163 1131 plane

645 1154 920 1209 enuntiant
945 1153 1215 1220 propheta
1247 1153 1524 1219 cujusdam
1557 1153 1863 1214 adventum,
1889 1162 1942 1206 et
1989 1154 2163 1222 legum

643 1244 877 1295 auctoris
903 1242 1147 1309 pietatem
1179 1243 1267 1309 qui
1299 1242 1425 1293 Mosi
1454 1242 1644 1295 similis
1681 1241 1889 1295 futurus
1918 1243 2006 1305 sit,
2040 1258 2165 1295 nec-

2272 635 2387 689 μις·
2419 613 2498 679 οἷς
2530 615 2822 678 ἀκολούθως
2850 617 2939 668 καὶ
2968 617 3038 668 τά
3058 617 3167 684 τῆς
3198 614 3335 666 κατ’
3361 608 3537 662 αὐτὸν
3560 612 3692 662 θεολο

2268 710 2342 771 ὼς
2365 704 2474 761 οἷόν
2498 724 2555 759 τε
2583 708 2723 759 ἐστὶν
2749 708 2874 775 ἡμῖν
2895 705 3258 765 ἐποπτεῦσαι,
3292 698 3657 767 ποιησόμεθα.
3686 700 3692 713 '

2265 798 2438 849 τοίνυν
2457 798 2559 848 τῶν
2584 797 2817 849 ἀπίστων
2838 796 2885 847 οἱ
2914 794 3134 855 πλείους
3160 793 3344 859 γόητα
3371 787 3470 838 καὶ
3487 786 3686 839 ’πλάνον

2265 886 2563 948 καλοῦντες,
2597 886 2688 938 καὶ
2719 885 2932 953 μυρίαις
2971 882 3163 944 ἄλλαις
3198 876 3574 947 κακηγορίαις
3610 876 3692 944 βλο

2268 976 2487 1045 μοῧντες
2526 975 2700 1037 αὑτὸν,
2733 973 2882 1025 οὔπω
2926 974 3017 1025 καὶ
3065 972 3162 1023 νῦν
3210 968 3512 1025 παύονται,
3557 965 3687 1033 φέρε

2265 1065 2397 1133 πρὸς
2436 1064 2648 1125 τούτους
2681 1061 3119 1133 ἀποκρινώμεθα,
3162 1057 3385 1110 οἴκοθεν
3427 1055 3528 1124 μὲν
3573 1053 3690 1105 οὐδὲ

2265 1151 2437 1205 αὐτῶν
2463 1152 2514 1204 δὲ
2548 1152 2651 1204 τῶν
2681 1151 2839 1204 αὐτοῦ
2878 1150 3090 1217 φωνῶν,
3128 1149 3222 1200 καὶ
3264 1142 3338 1215 ἦς
3383 1143 3678 1214 παρέδωκε

2267 1241 2486 1303 σκαλίας
2508 1243 2603 1303 τάς
2630 1239 2951 1309 παραθέσεις
2978 1237 3326 1305 ποιούμενοι.

641 1349 745 1387 non
803 1333 1040 1399 ejusdem
1098 1349 1281 1402 genus,
1328 1342 1380 1387 et
1440 1334 1657 1397 tribum,
1709 1344 1761 1388 et
1799 1335 1970 1387 locum
2024 1336 2163 1389 unde
2207 1336 2447 1389 exiturus
2479 1372 2493 1395 ,
2543 1343 2595 1386 et
2639 1341 2844 1402 tempus
2876 1347 2985 1425 quo
3027 1339 3302 1425 venturus
3365 1327 3462 1380 sit.
3500 1324 3690 1377 Valicl

649 1428 904 1489 praeterea
928 1428 980 1474 et
1010 1429 1209 1483 ortum,
1242 1432 1294 1475 et
1314 1430 1558 1482 mortem,
1610 1430 1662 1473 et
1688 1421 1915 1473 reditum
1943 1423 1996 1472 in
2017 1421 2199 1482 vitam,
2241 1428 2295 1473 et
2322 1420 2673 1488 principatum
2705 1419 2759 1470 in
2782 1418 3037 1470 omnibus
3063 1415 3356 1485 gentibus,
3387 1426 3517 1480 qua:
3558 1426 3692 1463 sane

641 1524 866 1563 evenere
926 1511 1145 1567 omnia:
1183 1517 1235 1562 et
1266 1510 1433 1578 magis
1486 1510 1645 1563 etiam
1703 1510 1955 1576 deinceps
1989 1524 2046 1562 ex
2088 1508 2173 1569 iis,
2216 1523 2335 1576 quae
2392 1508 2637 1561 dicentur
2686 1507 2995 1570 constabit,
3044 1506 3099 1558 in
3162 1519 3281 1558 uno
3319 1500 3627 1605 Salvator-e
3664 1515 3692 1551 a

640 1600 788 1652 mino
823 1609 1008 1653 nostro
1061 1616 1121 1653 ea
1190 1602 1347 1653 tinem
1397 1602 1685 1669 accepisse.
1736 1600 1838 1654 Sed
1873 1601 1985 1654 haec
2025 1616 2143 1668 quae
2172 1600 2237 1653 de
2274 1600 2472 1654 sanctis
2499 1599 2731 1663 oraculis
2753 1608 2971 1666 accepta
2992 1598 3181 1659 vides,
3226 1596 3300 1649 iis
3325 1595 3427 1662 qui
3461 1595 3682 1647 credun

636 1690 807 1758 posita
857 1697 1022 1744 sunt:
1055 1692 1120 1744 iis
1155 1701 1329 1744 autem
1376 1692 1466 1759 qui
1521 1706 1628 1743 non
1676 1692 1920 1754 credunt,
1956 1705 2197 1744 seorsum
2237 1691 2445 1744 obviam
2496 1692 2711 1759 scriptis
2753 1691 3082 1760 propheticis
3116 1691 3353 1752 ibimus,
3395 1698 3579 1758 atque
3649 1688 3691 1740 ir

637 1788 884 1846 tanquam
912 1778 976 1831 de
1003 1781 1270 1833 communi
1296 1781 1431 1843 viro,
1468 1788 1521 1834 et
1548 1783 1638 1849 qui
1677 1781 1896 1849 reliquis
1919 1779 2078 1834 fuerit
2106 1781 2299 1835 similis
2341 1781 2675 1850 inquiremus
2718 1802 2731 1834 :
2775 1790 2832 1834 ut
2881 1798 3002 1835 cum
3053 1781 3328 1877 omnibus
3381 1782 3489 1849 qui
3539 1796 3692 1877 unqu

635 1868 852 1923 condito
879 1882 990 1920 aevo
1039 1867 1175 1921 inter
1210 1868 1452 1923 homines
1489 1869 1738 1922 celebrati
1774 1870 1882 1921 sint
1911 1906 1926 1929 ,
1976 1869 2142 1920 multo
2183 1869 2518 1935 praestantior
2550 1878 2602 1921 et
2650 1868 3054 1936 incomparabili
3115 1868 3371 1936 quadam
3435 1867 3692 1922 emine-nu

636 1958 812 2027 perior
865 1957 1189 2025 apparuerit,
1228 1973 1347 2010 cum
1377 1973 1438 2011 ea
1464 1973 1675 2027 quoque
1716 1973 1833 2027 quae
1876 1957 1941 2010 ad
1983 1957 2292 2010 divinior-em
2331 1958 2447 2025 ejus
2475 1966 2717 2010 naturam
2770 1965 3017 2027 spectant
3059 1966 3491 2025 pertractemus
3536 1978 3550 2011 :
3608 1966 3669 2012 et

634 2041 807 2094 virtus
844 2058 961 2111 qua:
1000 2044 1053 2097 in
1095 2045 1185 2098 illo
1232 2054 1348 2100 erat
1397 2048 1540 2100 nulla
1592 2048 1822 2101 humana
1852 2056 2044 2100 natura
2096 2055 2382 2112 constaret,
2413 2048 2727 2102 certissimis
2766 2048 3336 2102 demonstrationibus
3367 2050 3692 2118 comprobc

634 2129 821 2185 ordine
869 2132 1117 2200 deinceps
1148 2144 1419 2203 sequetur,
1451 2146 1509 2189 ut
1538 2152 1599 2190 ea
1633 2151 1987 2203 proponamus
2010 2137 2413 2205 contemplanda
2437 2151 2533 2204 pro
2561 2137 2783 2191 viribus.
2812 2149 2929 2204 quae
2983 2137 3049 2189 ad
3100 2152 3225 2190 eam
3282 2138 3660 2207 theologiam

633 2227 780 2279 neut,
810 2235 927 2287 qua:
964 2222 1109 2274 illum
1152 2225 1423 2291 complexa
1450 2232 1553 2278 est.
1598 2223 1855 2289 Quoniam
1895 2225 2055 2293 igitur
2084 2226 2254 2291 major
2304 2238 2426 2291 pars
2459 2239 2638 2277 eorum
2669 2224 2757 2291 qui
2807 2239 2913 2277 non
2959 2226 3218 2290 credunt,
3255 2235 3485 2281 vocant
3517 2230 3686 2282 illum

634 2310 961 2377 stigiatorem
1014 2325 1077 2363 ac
1127 2312 1495 2377 seductorem,
1553 2316 1791 2383 aliasque
1823 2313 2236 2369 innumerabiles
2273 2314 2566 2367 calumnias
2608 2314 2663 2366 in
2692 2313 2838 2366 illum
2889 2315 3312 2371 exsecrabiliter
3371 2318 3642 2384 iactant,

633 2416 777 2454 nunc
808 2404 1020 2470 quidem
1066 2402 1319 2457 desinunt
1356 2406 1615 2473 ejusmodi
1642 2408 1835 2475 probra
1861 2408 2182 2476 contingere,
2224 2415 2431 2475 tempus
2455 2406 2563 2472 jam
2594 2406 2803 2459 videtur
2854 2421 2974 2461 esse
3033 2416 3093 2461 ut
3129 2412 3304 2463 etiam
3342 2412 3491 2467 istis
3525 2430 3692 2484 respc

635 2506 773 2553 mus,
809 2493 875 2545 de
925 2502 1108 2548 nostro
1157 2496 1369 2563 quidem
1415 2497 1547 2550 nihil
1576 2498 1879 2561 aﬂerentes,
1937 2500 2031 2553 sed
2058 2500 2123 2553 de
2167 2498 2408 2552 doctrina
2442 2513 2598 2566 quam
2629 2499 2742 2567 ipse
2787 2499 3081 2567 publicavit
3114 2516 3503 2563 assumentes
3529 2548 3546 2573 ,
3590 2526 3692 2578 qut

634 2595 983 2648 apponamus.

632 2691 717 2744 Ill.
747 2679 1001 2746 Adversus
1035 2710 1119 2747 eos
1150 2696 1236 2762 qui
1264 2695 1523 2776 Christum
1543 2698 1633 2751 Dei
1654 2699 1967 2754 seductorem
1984 2701 2143 2768 fuisse

2174 2710 2213 2763 Β
2239 2694 2313 2748 Γ.
2348 2692 2498 2759 Πρὸς
2518 2691 2655 2756 τοὺς
2676 2691 3374 2781 πέάνονιύπειξηὲαότᾳς
3407 2710 3691 2777 γεγονέν,

1222 2766 1542 2817 existimant.
1984 2762 1993 2768 ’
2190 2762 2195 2763 ν
2718 2763 2747 2811 λ

1984 2762 1993 2768 ·
2190 2762 2195 2763 ⁷
2718 2762 2975 2825 Χριστὸν
3003 2766 3111 2818 τοῦ
3149 2762 3336 2824 Θεοῦ.

698 2845 1063 2918 luterrogandi
1100 2852 1259 2919 igitur
1279 2862 1424 2918 sunt,
1461 2870 1586 2907 num
1612 2857 1733 2924 quis
1761 2872 1993 2925 unquam
2012 2858 2148 2912 alius

633 2937 757 2989 huic
786 2938 975 2992 similis
1006 2939 1259 2993 seductor
1287 2958 1351 2994 ex
1382 2944 1624 2999 historiis
1654 2947 1892 3015 ipsorum
1921 2948 2148 3016 proferri

632 3027 823 3092 possit,
852 3029 942 3097 qui
971 3030 1736 3102 mansuetudinis,probitatis,
1764 3040 2146 3106 temperantiae,

631 3116 910 3184 omnisque
936 3119 1151 3187 reliquae
1191 3122 1402 3177 virtutis
1444 3124 1509 3179 iis
1555 3140 1690 3194 quos
1735 3129 2003 3183 seduxerit
2040 3146 2150 3184 ma-

630 3207 797 3275 gister
823 3214 875 3260 et
903 3216 1091 3261 auctor
1119 3213 1379 3266 exstiterit
1406 3232 1419 3267 :
1454 3223 1507 3269 et
1533 3225 1708 3269 utrum
1731 3218 1812 3273 fas
1838 3221 1908 3274 sit
1957 3222 2023 3277 iis
2051 3238 2150 3276 no-

630 3294 864 3349 minibus
897 3310 1087 3350 vocare
1112 3313 1252 3351 eum:
1288 3301 1378 3368 qui
1409 3317 1476 3356 ne
1506 3303 1701 3358 intueri
1764 3307 1977 3374 quidem
2026 3325 2147 3364 mu-

629 3382 812 3436 lierem
844 3398 965 3438 cum
992 3387 1247 3454 petulanti
1279 3391 1571 3457 cupiditate
1616 3395 1902 3461 permittit:
1934 3405 1987 3450 et
2020 3414 2146 3452 num

631 3469 678 3523 is
726 3472 993 3535 seductor,
1026 3475 1113 3541 qui
1155 3490 1420 3530 summum
1477 3479 1824 3550 philosophia:
1881 3484 2145 3555 fastigium

628 3559 953 3624 tradiderit,
1015 3562 1415 3635 discipulosque
1466 3583 1594 3623 suos
1655 3571 1941 3635 docuerit,
2004 3591 2147 3643 qua:-

628 3666 837 3720 cunque
902 3653 1227 3720 possideant}
1269 3658 1443 3720 bona,
1519 3660 1877 3728 indigentibus
1953 3665 2147 3733 imper-

631 3738 741 3800 tiri,
780 3746 832 3789 et
881 3739 1078 3792 laboris
1128 3741 1361 3795 studium
1433 3758 1496 3797 ac
1530 3746 1928 3801 beneﬁcentiam
1996 3752 2145 3822 103

628 3826 841 3892 plurimi
904 3826 1077 3880 facere
1131 3846 1147 3881 :
1206 3838 1257 3883 et
1305 3839 1481 3884 utrum
1534 3834 1781 3889 seductor
1832 3839 1897 3899 is,
1955 3842 2046 3906 qui
2092 3842 2144 3893 iu

628 3913 966 3967 multitudine
1018 3917 1260 3983 populari
1309 3957 1324 3981 ,
1376 3921 1429 3973 iu
1470 3922 1674 3988 plebeio
1736 3925 2144 3995 turbulentoque

610 4013 785 4071 grege
813 4003 1009 4054 versari
1042 4004 1303 4069 prohibet,
1337 4009 1507 4060 solum
1536 4017 1711 4063 autem
1745 4026 1921 4064 rerum
1949 4013 2146 4067 divina-
2170 4036 2211 4091 ο

625 4102 743 4140 rum
771 4087 1006 4141 studium
1038 4106 1132 4142 sua
1172 4093 1417 4147 doctrina
1463 4099 1816 4150 commendat.
1852 4099 1954 4164 Qui
1987 4116 2144 4169 porro

625 4174 738 4226 tieri
770 4182 964 4240 potest,
1000 4183 1056 4227 ut
1100 4177 1147 4229 is
1189 4180 1379 4232 merito
1417 4182 1722 4234 nominetur
1753 4182 2022 4249 seductor,
2051 4187 2141 4253 qui

621 4268 676 4313 et
720 4262 788 4314 ab
827 4263 970 4315 omni
1020 4265 1296 4320 mendacio
1334 4269 1621 4332 deterreat,
1666 4280 1718 4324 et
1761 4271 1825 4324 ad
1867 4276 2140 4330 veritatem

622 4360 810 4417 preter
833 4363 1021 4405 cuncta
1049 4354 1151 4406 alia
1177 4358 1597 4424 amplectendam
1619 4361 1967 4417 adhortetur?
1995 4371 2051 4417 ut
2075 4381 2142 4419 ne

613 4436 738 4504 jure
780 4438 992 4505 quidem
1032 4440 1261 4507 jurando
1311 4445 1435 4497 velit
1481 4461 1578 4499 nos
1627 4448 1900 4518 indigere?
1941 4460 2140 4520 quanto

617 4535 793 4579 autem
837 4529 1012 4583 minus
1056 4531 1323 4598 perjurio?
1354 4554 1372 4583 ι
1401 4533 1480 4588 Sit
1523 4538 1663 4590 enim
1710 4554 1883 4595 sermo
1918 4552 2091 4597 vester
2122 4564 2133 4599 :

621 4611 733 4675 Est,
764 4623 845 4668 est
872 4633 885 4667 :
911 4632 1036 4677 non,
1071 4634 1175 4670 non
1200 4621 1240 4649 ⁶¹
1267 4638 1280 4672 :
1317 4639 1335 4670 ι
1372 4629 1424 4673 et
1451 4624 1577 4689 quid
1606 4640 1687 4679 me
1712 4627 1861 4693 plura
1894 4630 2138 4699 colligere

615 4710 845 4772 oportet,
882 4720 1001 4758 cum
1033 4723 1095 4760 ex
1131 4708 1218 4770 iis,
1248 4725 1367 4777 quae
1400 4710 1507 4777 jam
1540 4713 1680 4766 dicta
1714 4724 1857 4779 sunt,
1889 4719 2044 4786 plane
2075 4721 2137 4773 li-

614 4801 731 4847 ceat
761 4793 987 4860 discere,
1017 4799 1284 4866 quodnam
1317 4801 1474 4856 fuerit
1500 4804 1616 4872 ejus
1649 4807 1952 4874 reipublicae.
1980 4810 2136 4863 insti-

613 4887 806 4945 tutum,
838 4901 957 4953 quae
1001 4889 1069 4941 ab
1114 4890 1206 4942 illo
1234 4891 1372 4944 inter
1404 4892 1644 4949 homin’es
1674 4897 1738 4950 ad
1775 4899 1895 4952 vitae
1929 4901 2133 4953 utilita-

613 4974 714 5020 tem
738 4970 1077 5030 dissemiuata
1109 4980 1228 5033 est?
1254 4995 1318 5033 ex
1345 4997 1469 5050 qua,
1503 5000 1607 5038 non
1642 4987 1796 5041 modo
1837 5003 1943 5043 non
1973 4991 2133 5044 sedu-

614 5061 839 5120 ctorem,
863 5065 953 5116 sed
984 5082 1104 5122 vere
1131 5069 1365 5123 divinum
1387 5075 1686 5140 quemdam,
1715 5085 1768 5131 et
1799 5078 1989 5131 divinae
2023 5079 2133 5147 pie-

611 5147 876 5210 lalemque
904 5155 1153 5220 amplexae
1184 5158 1549 5229 philosophiae,
1593 5180 1700 5219 non
1741 5168 2039 5221 communis
2069 5169 2133 5221 il-

610 5229 713 5283 lius
761 5238 813 5283 et
861 5238 1094 5305 vulgaris
1142 5247 1599 5315 iutroductorem.
1657 5258 1831 5310 omnis
1888 5258 2128 5312 veritatis

606 5325 814 5412 amator
859 5322 928 5375 sit
960 5329 1323 5389 confessurus.
1379 5339 1508 5394 Nam
1560 5344 1700 5412 quod
1750 5345 1879 5397 illud
1917 5345 2124 5399 vivendi
2160 5340 2200 5393 D
2340 5322 2437 5404 σπε

606 5404 948 5503 institutum,
1015 5430 1121 5483 quo
1182 5420 1518 5483 Hebraeorum
1576 5404 1970 5502 antiquissimi,
2026 5434 2118 5489 Dei

607 5495 784 5556 amici,
822 5495 919 5550 viri
964 5504 1269 5575 utebantur,
1301 5515 1545 5587 quodque
1572 5522 1679 5591 jam
1706 5495 1777 5578 ex
1817 5495 2118 5582 hominibus

674 5641 715 5671 “
766 5641 947 5703 Matth.
973 5668 1023 5713 ν,
1062 5656 1149 5713 37.

2315 2850 2571 2902 Πευστέον
2610 2849 2671 2919 δὴ
2741 2851 2915 2902 αὐτῶν
2971 2854 3156 2908 εἴποτέ
3214 2876 3310 2923 τις
3385 2865 3573 2931 ἄλλος
3636 2888 3692 2924 τε

2247 2939 2438 3001 πλάνος
2464 2940 2729 3008 ἱστόρηται
2756 2941 3076 3010 πραότητος,
3111 2948 3210 2999 καὶ
3259 2951 3636 3022 ἐπιεικείας,
3667 2978 3692 3013 ο

2248 3029 2406 3097 σύνης
2455 3045 2512 3080 τε
2570 3029 2659 3080 καὶ⁵
2702 3030 2799 3097 τῆς
2851 3030 3013 3101 ἄλλης
3058 3035 3273 3108 ἀρετῆς
3326 3044 3692 3115 διδάσκαλος

2246 3117 2611 3186 ἀπατωμένοις
2653 3118 2883 3185 γεγονὼς
2931 3122 3134 3187 αἴτιοςο
3186 3132 3291 3182 καὶ
3350 3139 3420 3189 εἰ
3478 3138 3689 3210 θεμιτὸ

2246 3224 2353 3270 τοις
2399 3208 2685 3261 ἀποκαλεῖν
2737 3214 2845 3273 τοῖς
2897 3213 3124 3283 ὀνόμασι
3182 3226 3291 3278 τὸν,
3353 3229 3522 3299 μηδὲ,
3557 3208 3690 3303 ήὲμε

2249 3297 2380 3366 μετά
2446 3297 2731 3367 ἐπιθυμίας
2768 3299 3065 3355 ἀκολάστου
3115 3311 3398 3375 γυναιξὶν
3441 3297 3688 3392 Ϋὲπιτρές

2246 3386 2335 3438 καὶ
2383 3387 2429 3437 εί
2478 3385 2669 3447 πλάνος
2709 3388 2737 3438 ό
2785 3386 2881 3456 τὴν
2931 3392 3009 3451 είς
3056 3392 3235 3463 ἄκρον
3284 3385 3618 3472 παραδοὺξ

2246 3475 2369 3541 φίαν
2399 3476 2455 3526 ὲν
2478 3475 2553 3544 τῷ
2578 3477 2700 3535 τοὺς
2729 3477 2981 3546 φοιτητὰς
3014 3484 3306 3539 παιδεύειν
3339 3494 3482 3546 τῶν
3514 3475 3685 3571 ὑπαρζ

2244 3561 2437 3613 ὲνδεὲσι
2480 3566 2767 3624 κοινωνεῖν,
2811 3566 2903 3616 καὶ¹
2940 3566 3001 3618 τὸ
3034 3569 3340 3635 φιλόπονον
3411 3585 3521 3637 καὶ
3562 3561 3684 3641 κοίη,

2244 3650 2368 3720 περὶ
2402 3649 2589 3702 πολλοῦ
2621 3651 2876 3705 τίθεσθαι·
2906 3656 2998 3707 καὶ
3037 3659 3086 3709 εἰ
3134 3661 3362 3730 πλάνος
3425 3674 3459 3724 ὁ
3518 3678 3632 3746 τῆς

2246 3755 2365 3807 μου,
2402 3740 2494 3792 καὶ
2532 3740 2797 3807 ἀγελαίου,
2840 3744 2934 3794 καὶ
2976 3743 3338 3819 θορυϐώδους
3417 3740 3682 3821 συνώσει

2243 3827 2456 3895 γείρων,
2479 3827 2734 3880 διδάσκων
2764 3829 2818 3881 δὲ
2845 3832 3009 3901 μόνην
3047 3835 3444 3903 ἀσπάζεσθαι
3492 3855 3608 3925 τὴν
3653 3876 3680 3910 τ

2243 3915 2357 3967 θεῖα
2379 3916 2529 3983 λόγια
2561 3918 2768 3987 σχολήν.
2809 3920 2866 3971 Ὀ
2914 3922 2971 3974 δὲ
3004 3928 3213 3992 παντὸς
3262 3937 3395 4004 μὲν
3458 3915 3678 4013 ψειξιδοι

2242 4005 2470 4110 τρέπων,
2635 4008 2681 4110 δῖ
2718 4009 2977 4110 ἀληθειαν
3014 4016 3118 4110 πρὸ
3158 4029 3406 4095 παντὸς
3452 4005 3646 4110 «Etqu

2243 4092 2362 4144 νῶν.
2386 4094 2459 4156 ὡς
2490 4096 2605 4164 μηδ’
2628 4098 2871 4165 εὐορκίας
2898 4100 3125 4166 δεῖσθαι,
3163 4092 3407 4174 πολλοέ)
3441 4092 3541 4181 δεέ
3578 4092 3676 4186 ἔπι

2246 4197 2265 4230 ι
2293 4182 2465 4235 Ἔστω
2492 4184 2595 4254 γὰρ
2633 4186 2780 4254 ὑμῶν
2823 4187 2883 4239 τὸ
2912 4190 3018 4244 Ναὶ
3061 4198 3172 4259 ναὶ,
3216 4205 3291 4257 τὸ
3338 4213 3417 4266 οὒ
3461 4217 3559 4270 οὔθ

2240 4270 2434 4383 πλάνος
2462 4274 2677 4337 ἐνδίκως
2708 4278 3062 4383 ὀκνοιξασθεξης
3098 4288 3217 4343 Καὶ
3262 4299 3331 4350 τε
3381 4321 3464 4372 με
3503 4270 3632 4383 χρῆ

2238 4360 2329 4413 νῦν
2381 4361 2572 4430 λέγειν,
2617 4367 2785 4436 παρὸν
2822 4372 2885 4424 ἐκ
2939 4375 3045 4426 τῶν
3097 4360 3672 4472 πρόσθεν-εζξτῖμῖέ.

2240 4465 2360 4472 ---Α
2405 4447 2466 4472 IN
2510 4454 2597 4472 -ΑΙ
2808 4458 2833 4469 ~
3006 4463 3029 4472 ..
3113 4466 3125 4472 -

2238 4465 2364 4502 ποτε
2403 4447 2468 4520 ἦν
2505 4454 2698 4523 τρόπος
2733 4458 2932 4524 γνῶναι
2972 4463 3070 4532 τῆς
3104 4466 3203 4519 ὑπ’
3239 4478 3454 4537 αὑτοῦ
3491 4447 3666 4546 Qui;

2237 4557 2333 4612 σης
2354 4543 2428 4611 τῷ
2449 4542 2544 4612 βίῳ
2576 4543 2860 4609 πολιτείας,
2882 4550 2973 4618 ἀφ’
3005 4548 3070 4623 ἦς
3097 4557 3202 4628 οὐχ
3235 4563 3430 4636 ὅπως
3462 4542 3668 4638 “xciv;

2233 4648 2349 4683 τινα
2375 4631 2511 4683 θεῖον
2533 4633 2605 4693 ὡς
2631 4632 2859 4702 ἀληθῶς,
2896 4641 2989 4692 καὶ
3029 4643 3206 4711 θείας,
3251 4660 3373 4712 καὶ
3405 4631 3668 4729 ἐὐαέέῶ

2232 4721 2306 4823 οὐ.
2324 4721 2418 4823 τῆς
2458 4721 2768 4823 κοινῇςλκαὶ
2809 4729 3085 4801 πανδήμου
3135 4740 3526 4823 φιλοσοφίας
3552 4721 3666 4819 22':

2233 4812 2336 4871 πᾶς
2372 4812 2399 4860 ὁ
2449 4809 2738 4914 φιλαλήθης
2774 4818 2933 4872 αὐτὸν
2980 4825 3342 4902 ὁμολογῆσαι
3379 4809 3521 4914 ,ἂνξ

2233 4902 2340 5012 Si“?
2502 4902 2954 5012 ξάλειιὲδξοφιλῶγ
3501 4902 3651 5012 an;

2231 4989 2453 5102 29‘5me
2500 4992 2808 5102 ἀτξολωλόξα-
2866 5004 3028 5073 μόνος
3075 4989 3621 5102 ἀνανεωσοίελεοξ

2231 5080 2891 5191 βξαχεῖςβαξνξιετρίους,
2947 5100 3059 5156 ἀλλ’
3093 5111 3173 5173 είς
3211 5110 3342 5168 ὅλον
3388 5080 3660 5191 ὲςρέιὲλε

2228 5172 2423 5240 κόσμον
2452 5174 2614 5227 ἀποδέ

2616 5175 2822 5236 δεικται
2862 5188 2952 5245 διὰ
2984 5197 3080 5252 τού
3123 5204 3351 5277 πρώτου
3399 5175 3660 5293 συγγρᾶ

2616 5286 2622 5293 _
2650 5270 2785 5293 Arn
2805 5277 2816 5293 ,
3030 5290 3041 5293 Α

2226 5262 2319 5331 τῆς
2348 5266 2589 5339 παρούση

2596 5285 2622 5331 ς
2650 5270 2987 5370 ύποθέσεως·
3024 5290 3092 5346 δι’
3122 5270 3186 5352 ού
3216 5270 3658 5370 πάρεστιν

2412 5354 2711 5475 :ff’i‘ij‘f“
2744 5370 3038 5475 πεαοῖδλης
3081 5390 3183 5463 τῆς
3220 5400 3619 5475 deum“

2224 5439 2477 5563 ἶῖῗῗῗῖῒΪ
2494 5448 2903 5563 ,ἷῖῗίῖίένέίέίέὶ
2923 5472 3017 5527 τὸν
3050 5439 3318 5562 ’Λέραάμ
3355 5439 3639 5563 μῖριοῖἶς

2225 5527 2464 5596 ζηλωτὰς
2493 5538 2594 5594 οὐκ
2624 5543 2684 5610 ἐξ
2720 5527 2993 5629 Ἑλληνων
3023 5527 3654 5658 μόῖιὲοῗῑέἒλένζέίυέα
