3862 6346
250 481 363 538 189

1225 492 1859 551 DEMONSTRATIONIS
1896 486 2342 546 EVANGELICE
2382 487 2506 543 LIB.
2544 487 2628 543 ῐΙῐ.

3384 490 3487 544 190

266 597 360 666 τῆς
379 595 597 648 ὲκείνων
628 594 946 666 θεοσεϐοῦς
976 608 1269 673 πολιτείας
1295 611 1579 676 ἀποδεῖξαι.
1626 608 1781 661 Ἀλλὰ
1797 608 1855 660 τὰ

1962 605 2348 677 quodammodo
2396 605 2705 668 interierat,
2751 606 2897 660 solus
2953 607 3068 673 ipse
3118 604 3483 667 renovaverit,

290 684 366 753 μὲν
390 683 700 756 ἦθικώτερα
725 687 834 758 τῆς
864 691 1242 762 διδασκαλίας
1270 698 1429 751 αὐτοῦ
1459 697 1694 750 τοιαῦτα.
1733 697 1865 767 Φέρε

292 774 335 827 ἃ
362 773 685 846 σκεψώμεθα
741 780 823 849 μὴ
874 782 1002 855 ἄρα
1038 790 1176 841 ποτὲ
1202 790 1231 840 ό
1259 788 1451 851 πλάνος
1477 787 1623 856 αὐτῷ
1653 787 1775 857 περὶ
1799 786 1866 839 τά

300 867 578 939 κυριώτατα
612 868 726 921 τῶν
782 870 1097 943 δογμάτων
1129 878 1451 945 κατεγίνετο.
1477 873 1600 947 Ἆρ’
1633 872 1724 930 οὖν
1750 876 1867 945 οὐχὶ

310 959 429 1030 μόνῳ
453 959 528 1029 τῷ
561 959 916 1029 παμϐασιλεῖ
947 966 1078 1036 Θεῷ
1122 968 1199 1037 τῷ
1237 967 1328 1020 καὶ
1346 967 1592 1035 οϐρανοῦ,
1623 969 1714 1019 καὶ
1743 966 1864 1035 γῆς,

310 1051 389 1103 καὶ
440 1050 528 1102 τοῦ
590 1050 920 1120 σύμπαντος
982 1057 1191 1125 κόσμου
1250 1056 1554 1127 δημιουργῷ
1596 1056 1751 1117 αὑτός
1806 1072 1865 1107 τε

316 1134 639 1210 ἀνακείμενος
672 1142 771 1194 καὶ
797 1144 931 1206 τοὺς
967 1146 1225 1215 φοιτητὰς
1257 1146 1536 1215 προσάγων
1567 1146 1865 1214 ἀναγέγρα-

320 1246 455 1293 mat;
490 1231 673 1282 Είσέτι
709 1248 774 1283 τε
812 1234 912 1285 καὶ
943 1234 1106 1303 δεῦρο
1145 1237 1192 1287 oi
1224 1236 1322 1303 τῆς
1343 1235 1679 1295 διδασκαλίας
1703 1234 1863 1287 αὑτοῦ

319 1319 434 1386 λόγοι
464 1322 646 1373 πάντα
680 1321 927 1392 Ἕλληνα
959 1326 1053 1375 καὶ
1082 1324 1346 1394 βάρϐαρον
1374 1325 1481 1376 ἄνω
1514 1323 1609 1393 τὴν
1635 1324 1864 1376 διάνοιαν

315 1409 425 1479 πρὸς
451 1410 544 1462 τὸν
576 1411 853 1463 ἀνωτάτω
878 1413 1015 1465 Θεὸν
1041 1415 1315 1481 ἀνάγουσι,
1351 1417 1528 1467 πᾶσαν
1553 1414 1747 1482 όρατὴν
1767 1413 1865 1480 φύ-

312 1515 376 1552 σιν
406 1501 789 1570 ὑπερόψαντα.
820 1498 969 1574 Ἀρα
1002 1501 1095 1556 οὖν
1137 1504 1208 1573 μὴ
1247 1504 1413 1566 οὕτως
1436 1500 1501 1574 ἦν
1530 1506 1557 1556 ό
1587 1504 1795 1566 πλάνος,
1829 1503 1861 1572 ἧ

303 1588 369 1641 ὅτι
396 1591 468 1659 μὴ
495 1593 601 1662 καὶ
628 1591 859 1655 πλείους
898 1594 1073 1645 σέϐειν
1103 1594 1253 1655 θεοὺς
1283 1595 1346 1645 ὲκ
1371 1594 1467 1662 τῆς
1503 1593 1753 1645 ἀνωτάτω
1772 1592 1863 1645 καὶ

302 1679 454 1747 μόνης
479 1659 731 1748 ἀληθοῦς
758 1680 1040 1749 θεολογίας
1068 1683 1156 1735 τὸν
1177 1683 1249 1744 ὡς
1277 1659 1483 1751 άληθῶς
1509 1683 1702 1735 πλάνον
1728 1699 1859 1752 τρα-

292 1769 613 1837 χηλισθέντα
643 1775 963 1842 συγχωρεί;
1009 1772 1143 1824 Ἀλλ’
1178 1766 1326 1833 οὗτος
1359 1773 1419 1824 οὐ
1452 1772 1725 1843 νεώτερος,
1755 1773 1861 1825 οὐδ’

288 1859 478 1920 οἰκεῖος
512 1859 679 1929 αὐτῷ
701 1860 886 1927 λόγος,
909 1865 1019 1923 τοῖς
1046 1861 1089 1913 δ’
1122 1862 1185 1913 ὲκ
1220 1861 1425 1931 μακροῦ
1453 1862 1608 1914 πάλιν
1630 1861 1861 1929 θεοφιλέ-

1968 716 2139 770 neque
2181 699 2236 752 in
2267 711 2467 766 paucos
2497 703 2552 751 et
2582 695 2841 758 modicos,
2885 697 2977 749 sed
3009 696 3062 748 in
3094 703 3263 748 totum
3300 695 3485 748 orbem

1965 788 2250 851 diﬂuderit,
2278 787 2332 839 in
2364 786 2538 856 primo
2570 783 2731 852 hujus
2757 785 2935 852 operis
2965 784 3101 837 libro
3124 784 3256 838 satis
3278 799 3307 836 a
3329 784 3484 837 nobis

1965 889 2237 935 ostensum
2279 887 2361 932 est
2395 895 2409 930 :
2441 891 2537 945 per
2580 891 2737 944 quem
2784 876 2967 942 utique
3006 875 3128 927 licet
3178 875 3484 929 hominibus

1960 968 2069 1036 jam
2102 964 2369 1019 turmatim
2399 964 2452 1016 in
2486 969 2596 1015 toto
2627 961 2775 1022 orbe,
2807 960 2949 1013 illius
2980 959 3121 1019 vitae,
3150 960 3483 1027 religionem-

1964 1071 2066 1126 que
2108 1055 2362 1123 amplexa:
2406 1052 2725 1120 reipublicae,
2760 1064 2918 1117 quam
2956 1055 3009 1101 et
3056 1047 3169 1115 ipse
3213 1048 3479 1101 Abraham

1961 1156 2013 1199 et
2040 1144 2129 1213 qui
2172 1160 2263 1211 per
2304 1143 2437 1195 idem
2476 1150 2683 1207 tempus
2715 1139 2892 1191 vixere
2930 1136 3115 1189 sectati
3150 1143 3294 1198 sunt,
3322 1138 3481 1190 innu-

1962 1235 2241 1289 merabiles
2273 1247 2378 1285 non
2411 1231 2581 1284 solum
2613 1244 2675 1284 ex
2702 1227 2920 1286 Grmcis.
2961 1225 3053 1279 sed
3083 1226 3241 1278 etiam
3268 1241 3330 1276 ex
3357 1227 3480 1277 bar-

1962 1326 2125 1387 baris,
2156 1325 2491 1377 aemulatores
2526 1320 2823 1373 ostendere.
2852 1317 2913 1368 Et
2962 1317 3102 1369 illius
3135 1316 3347 1382 quidem
3378 1317 3476 1367 do-

1959 1415 2144 1469 ctrinae
2192 1428 2313 1481 pars
2344 1425 2460 1479 qua:
2499 1409 2564 1461 ad
2604 1422 2778 1460 mores
2817 1407 3044 1473 pertinet
3098 1405 3287 1472 magis,
3335 1405 3480 1470 ejus—

1959 1503 2123 1557 modi.
2154 1501 2305 1554 Nunc
2333 1500 2608 1552 videamus
2639 1505 2815 1546 utrum
2841 1492 3139 1545 seductoris
3169 1505 3380 1553 nomen,
3404 1490 3478 1542 illi

1960 1594 2014 1646 in
2041 1607 2105 1645 eo
2131 1604 2320 1659 genere
2350 1596 2732 1655 praeceptorum
2754 1582 3054 1643 conveniat,
3088 1580 3227 1649 quod
3251 1581 3481 1633 maxime

1959 1679 2279 1732 dominatur.
2320 1674 2505 1727 Nonne
2552 1674 2711 1741 igitur
2758 1670 2823 1723 de
2866 1670 2957 1722 illo
2996 1670 3167 1737 palam
3222 1669 3479 1735 scriptum

1958 1775 2065 1831 est,
2094 1764 2539 1835 quemadmodum
2568 1763 2668 1816 soli
2695 1760 2933 1814 omnium
2964 1759 3074 1828 regi
3115 1757 3242 1818 Deo,
3273 1766 3327 1811 et
3355 1757 3479 1811 coeli

1958 1874 2022 1911 ac
2046 1836 2224 1918 terra,
2252 1855 2537 1921 mundique
2566 1852 2801 1905 universi
2829 1850 3027 1918 opilici,
3053 1858 3106 1902 et
3130 1849 3244 1916 ipse
3266 1846 3477 1901 deditus

283 1961 364 1998 σιν
404 1927 697 2018 Ἑϐραίοις
720 1950 1045 2020 προσφιλὴς,
1068 1927 1344 2021 ὠσπεροῦν
1374 1951 1628 2004 δέδεικται
1654 1927 1745 2003 διά
1763 1952 1855 2019 τῆς

1959 1949 2138 2013 fuerit,
2172 1956 2225 1999 et
2246 1944 2621 1999 commendare
2650 1956 2775 1995 suos
2799 1940 3089 2008 discipulos
3111 1937 3480 1992 consueverit?

276 2038 842 2106 Προπαρασκευῆς,
867 2041 998 2110 παρ’
1025 2034 1097 2091 ὧν
1123 2041 1220 2109 ήδη
1242 2040 1458 2094 καὶτῶν
1485 2041 1616 2093 νέων
1654 2040 1859 2108 φιλοσό-

272 2136 389 2191 φων
421 2128 627 2191 παῖδες
655 2128 730 2180 τὰ
770 2129 979 2198 μεγάλα
1009 2129 1357 2198 ὡφελημὲνοι,
1387 2129 1462 2198 τῷ
1479 2130 1698 2199 δόγματι
1733 2146 1857 2181 συν-

265 2216 617 2286 ηρέσθησαν.
656 2218 1023 2288 Σεμνύνονται
1055 2221 1117 2287 γέ
1147 2235 1227 2271 τοι
1283 2220 1375 2271 καὶ
1396 2220 1568 2271 αὐτῶν
1600 2219 1856 2287 Ἐλλήνων

267 2306 328 2355 οἱ
363 2305 708 2373 λογιώτατοι
756 2307 853 2359 ἐπὶ
899 2309 1162 2376 χρησμοῖς
1195 2307 1301 2360 τῶν
1329 2308 1538 2360 οἰκείων
1578 2307 1730 2369 θεῶν,
1759 2300 1857 2358 ὧδέ

259 2406 392 2454 πως
425 2394 712 2465 Ἑϐραίων
739 2395 1183 2464 μνημονεύουσινν

1961 2036 2064 2090 Sed
2107 2049 2282 2088 nonne
2332 2034 2491 2085 etiam
2533 2045 2675 2083 nunc
2732 2030 2875 2082 illius
2916 2028 3173 2081 doctrinae
3217 2036 3480 2094 praecepta

1960 2138 2165 2185 omnes,
2193 2132 2246 2176 et
2285 2119 2496 2174 Graecos
2517 2127 2568 2172 et
2599 2118 2857 2171 barbaros
2892 2117 2957 2168 ad
2985 2129 3289 2183 supremum
3317 2113 3476 2165 Deum

1959 2227 2171 2268 sursum
2207 2217 2384 2264 mente
2412 2209 2692 2275 animoque
2723 2205 3140 2274 percipiendum,
3185 2211 3237 2256 et
3265 2215 3478 2254 omnem

1958 2300 2218 2355 visibilem
2272 2305 2514 2350 naturam
2561 2292 2950 2361 despiciendam
2999 2288 3295 2344 extollunt?
3350 2302 3477 2339 num

1958 2391 2122 2459 igitur
2140 2388 2227 2441 hic
2247 2386 2344 2440 fuit
2367 2375 2647 2439 seductor?
2684 2397 2752 2435 an
2784 2396 2909 2436 vero
2937 2380 3078 2447 quod
3102 2379 3282 2446 plures
3304 2377 3479 2430 colere

261 2481 408 2535 deos
445 2463 844 2551 exﬁsuprema’
867 2491 922 2537 et
959 2484 1072 2537 sola
1115 2497 1239 2536 vera
1271 2481 1533 2550 theologia
1568 2474 1714 2543 eum,
1776 2480 1868 2548 qui
1903 2493 2087 2533 revera
2117 2478 2171 2530 in
2207 2488 2440 2529 errorem
2495 2485 2729 2541 praeceps
2767 2472 2837 2524 sit
2885 2470 3066 2537 lapsus
3121 2481 3227 2519 non
3262 2463 3480 2533 permit-

259 2571 462 2624 titrat
487 2572 584 2625 hic
615 2587 734 2624 non
774 2587 987 2634 recens,
1016 2587 1188 2641 neque
1210 2573 1355 2625 illius
1384 2572 1628 2639 proprius
1651 2585 1848 2632 sermo,
1913 2569 2008 2623 sed
2043 2584 2108 2621 ex
2153 2567 2319 2620 multo
2368 2571 2605 2631 tempore
2649 2561 2841 2630 priscis
2895 2558 2984 2612 Dei
3029 2557 3322 2611 cultoribus
3372 2554 3476 2608 ﬂe-

264 2661 442 2716 ιιι-δίε
470 2672 814 2722 consuetus,
860 2662 1304 2730 quemadmodum
1330 2670 1383 2717 et
1415 2662 1469 2714 in
1493 2660 1881 2730 Prwparatione
1919 2666 2191 2712 ostensum
2228 2664 2330 2717 est,
2361 2669 2426 2706 ex
2483 2668 2586 2721 qua
2613 2653 2721 2720 jam
2770 2663 2911 2703 nunc
2935 2662 3055 2701 cum
3100 2657 3339 2701 recentes
3368 2646 3483 2713 phi-

262 2751 500 2824 losophi
574 2768 844 2821 magnam
914 2755 1194 2807 utilitatem
1250 2757 1567 2823 acceperint,
1619 2755 1791 2823 ipsum
1855 2752 2110 2806 doctrina:
2181 2762 2349 2817 genus
2395 2746 2892 2814 comprobaverunt.
2937 2742 3197 2797 Caeterum
3239 2741 3473 2809 ipsorum

262 2844 444 2895 etiam
480 2843 654 2913 ιοά,
676 2841 995 2896 Graecorum
1037 2844 1333 2897 doctissimi
1376 2858 1593 2898 suorum
1657 2843 1879 2897 deorum
1940 2840 2173 2895 oraculis
2226 2837 2539 2906 gloriantur.
2586 2836 2652 2891 de
2708 2836 2941 2892 Hebraeis
2988 2837 3041 2889 in
3084 2835 3227 2889 hunc
3262 2831 3476 2886 modum

266 2939 625 2990 mentionem
661 2934 996 2989 facientibus
1026 2953 1041 2988 :

270 3046 511 3097 Μοῦνοι
539 3042 838 3097 Χαλδαῖοι
863 3042 1086 3109 σοφίην
1111 3043 1320 3109 λάχον,
1350 3042 1441 3107 ἠδ’
1464 3041 1553 3109 ἄρ’
1593 3042 1852 3107 Ἐϐραῖοί,

261 3116 740 3181 Αὐτοτένεθλον
770 3111 1002 3164 ἄνακτα
1028 3110 1397 3179 σεϐαζόμενοι
1430 3112 1574 3164 Θεὸν
1601 3110 1813 3179 ἁγνῶς.

280 3284 594 3347 Χαλδαίους
635 3284 695 3336 δὲ
742 3283 872 3345 τοὺς
918 3282 1111 3342 αὐτοὺς
1137 3280 1222 3333 διὰ
1247 3282 1337 3334 τὸν
1380 3280 1621 3351 Ἀϐραὰμ
1648 3282 1854 3352 ὠνόμα-

288 3390 409 3437 σεν,
447 3375 570 3426 ἐπεὶ
599 3372 874 3433 Χαλδαῖος
917 3368 983 3441 ἦν
1022 3372 1082 3423 τὸ
1119 3371 1292 3437 γένος,
1338 3372 1413 3434 ὡς
1450 3374 1749 3442 ἱστορεῖται.
1792 3375 1853 3426 Ei

289 3463 364 3535 δὴ
397 3460 489 3517 οὖν
517 3466 614 3517 καὶ
656 3462 934 3533 πρόπαλαι
975 3461 1158 3524 παῖδες
1200 3460 1455 3531 Ἐϐραίων
1478 3461 1582 3515 τῶν
1601 3462 1663 3531 δὴ
1704 3460 1856 3530 μάλι-

301 3568 424 3612 στα,
450 3555 543 3606 καὶ
567 3553 705 3623 πρὸς
736 3552 847 3604 τῶν
889 3550 1148 3621 χρησμῶν
1193 3552 1283 3602 ἐπὶ
1316 3552 1472 3620 σοφίᾳ
1513 3566 1854 3620 μεμαρτυρη-

311 3642 478 3709 μένων
510 3644 604 3694 ἐπὶ
635 3642 798 3710 μόνον
841 3641 931 3692 τὸν
970 3640 1178 3692 πάντων
1209 3639 1530 3709 δημιουργὸν
1561 3639 1686 3690 Θεὸν
1728 3638 1855 3707 ἀνῆ-

312 3748 406 3797 γον
434 3733 492 3784 τὸ
536 3732 725 3795 σέϐας·
758 3732 809 3784 τί
852 3732 933 3784 δεῖ
964 3730 1176 3793 πλάνον,
1205 3731 1321 3798 οὐχὶ
1353 3730 1407 3781 δὲ
1441 3729 1742 3797 θαυμαστὸν
1769 3729 1856 3780 εὐ-

320 3822 519 3884 σεὸείας
545 3821 866 3874 διδάσκαλον
886 3820 1158 3889 ὁμολογεῖν
1179 3820 1393 3882 τοῦτον;
1415 3819 1472 3880 ὃς
1495 3818 1562 3870 τὰ
1588 3818 1853 3888 πρόπαλαι

321 3910 470 3974 μόνος
498 3915 605 3973 τοῖς
630 3910 936 3977 θεοφιλέσιν
981 3910 1245 3978 Ἑϐραίοις
1286 3908 1594 3975 ἐγνωσμένα
1625 3910 1702 3969 είς
1726 3908 1855 3960 πάν-

316 4010 410 4059 τας
436 3999 749 4069 ἀνθρώπους
792 3997 1008 4068 ἀοράτῳ
1040 4000 1130 4050 καὶ
1163 3997 1328 4065 ένθέῳ
1365 3997 1582 4064 δυνάμει
1621 4014 1856 4067 προαγα-

322 4087 425 4152 γὼν
453 4087 779 4157 ὲξήπλωσεν·
813 4086 954 4139 ὥστε
992 4087 1183 4157 μηκέτι
1210 4086 1345 4138 κατὰ
1371 4087 1429 4138 τὸ
1462 4086 1677 4139 παλαιὸν
1723 4087 1853 4157 βρα-

322 4180 427 4243 χεῖς
445 4193 586 4240 τινας
620 4178 713 4229 καί
738 4176 956 4248 ἀριθμῷ
988 4176 1220 4245 ληπτοὺς
1246 4176 1404 4245 ὀρθὰς
1436 4178 1558 4245 περὶ
1596 4176 1726 4228 Θεοῦ
1770 4176 1855 4244 φέ-

324 4280 430 4330 ρειν
462 4266 631 4328 δόξας,
658 4265 797 4317 ἀλλὰ
833 4264 999 4334 μυρία
1027 4264 1204 4333 πλήθη
1244 4264 1522 4333 βαρϐάρων
1554 4264 1655 4316 τῶν
1693 4264 1854 4317 πάλαι

322 4352 766 4421 θηριωδεστάτων,
804 4354 999 4421 λογίων
1027 4370 1087 4405 τε
1119 4354 1212 4405 καὶ
1266 4353 1522 4423 Ἐλλήνων
1553 4355 1773 4424 ἀνδρῶν,
1806 4357 1853 4408 οἳ

320 4447 426 4504 τοῖς
454 4445 610 4497 πάλαι
649 4449 958 4515 προφήταις
981 4444 1074 4495 καὶ
1094 4444 1316 4505 δικαίοις
1336 4445 1585 4514 ἀνδράσιν
1615 4446 1852 4497 εὐσεϐεῖν

1960 3039 2095 3095 Solis
2133 3037 2388 3093 Chaldaeis
2414 3038 2667 3105 sapientia
2688 3037 2915 3105 contigit,
2949 3047 3101 3106 atque

1960 3110 2213 3166 Hebraeis.
2241 3109 2328 3170 qui
2351 3122 2414 3160 ea:
2435 3124 2488 3160 se
2509 3108 2752 3175 genitum,
2784 3121 3045 3174 regemque
3071 3106 3322 3175 deumque

1960 3178 2103 3230 Pura
2135 3187 2297 3229 mente
2320 3173 2524 3237 colunt,
2550 3184 2699 3244 atque
2732 3191 2888 3226 unum
2918 3173 3101 3226 numen
3130 3173 3371 3228 adorant.

1951 3285 2229 3338 Chaldaeos
2256 3291 2431 3337 autem
2451 3282 2664 3338 eosdem
2693 3292 2909 3352 propter
2931 3284 3196 3336 Abraham
3228 3282 3475 3336 nomina-

1952 3376 2047 3437 vit,
2082 3377 2194 3442 qui,
2247 3385 2306 3428 ut
2341 3377 2608 3429 memoriae
2635 3377 2901 3445 proditum
2931 3384 3035 3438 est,
3084 3390 3278 3444 genere
3314 3374 3476 3428 Chal-

1951 3461 2097 3515 daeus
2124 3463 2241 3515 fuit.
2282 3462 2339 3515 Si
2369 3464 2530 3531 igitur
2556 3465 2716 3517 etiam
2760 3464 2829 3518 ab
2864 3466 3097 3533 antiquis
3133 3479 3302 3531 usque
3339 3472 3476 3517 tem-

1951 3550 2192 3616 poribus,
2234 3550 2460 3614 llebraei,
2507 3554 2598 3620 qui
2636 3553 2863 3605 maxime
2899 3552 2968 3605 ab
2997 3552 3229 3604 oraculis
3263 3566 3474 3619 quoque

1950 3640 2223 3706 sapientiae
2261 3641 2620 3693 testimonium
2670 3648 3011 3708 acceperunt,
3049 3641 3103 3693 in
3134 3654 3299 3693 unum
3347 3653 3464 3692 om—

1950 3728 2098 3781 nium
2142 3744 2319 3782 rerum
2372 3729 2612 3797 opiﬁcem
2655 3728 2822 3783 Deum
2869 3729 3233 3783 adoratinnem
3274 3730 3473 3798 dirige-

1950 3819 2099 3881 bant,
2138 3833 2236 3872 cur
2267 3819 2603 3875 seductorem
2653 3820 2903 3887 amplius,
2932 3834 2996 3872 ac
3024 3834 3130 3872 non
3164 3819 3339 3887 potius
3371 3819 3472 3871 mi-

1951 3907 2173 3960 rabilem
2211 3907 2486 3976 religionis
2524 3908 2857 3977 magistrum,
2891 3910 3032 3961 hunc
3050 3909 3158 3976 jam
3195 3908 3361 3963 fuisse
3392 3908 3472 3961 l‘a—

1950 3998 2196 4051 teamur?
2236 3999 2326 4065 qui
2373 4013 2436 4052 ea
2488 4014 2605 4066 quae
2646 4000 2911 4067 quondam
2963 4001 3093 4053 solis
3137 3998 3230 4052 Dei
3283 4000 3471 4053 amicis

1949 4085 2185 4141 Hebraeis
2216 4088 2428 4156 cognita
2453 4096 2624 4150 erant,
2657 4089 2711 4141 in
2749 4096 2973 4143 cunctos
3007 4089 3249 4143 homines
3286 4088 3473 4142 invisi-

1950 4177 2066 4240 bili,
2091 4177 2374 4247 divinaque
2414 4180 2608 4232 virtute
2638 4181 2857 4248 protulit
2881 4196 2943 4233 ac
2974 4180 3244 4235 delitavit?
3280 4188 3335 4232 ut
3366 4195 3472 4232 non

1950 4264 2197 4332 amplius,
2236 4266 2374 4319 sicut
2408 4266 2556 4332 prius
2576 4267 2730 4333 pauci
2760 4266 2976 4335 quidam
3008 4273 3063 4319 et
3093 4265 3470 4325 numerabiles,

1953 4363 2125 4407 rectas
2152 4354 2219 4407 de
2249 4352 2356 4407 Deo
2384 4354 2612 4407 habeant
2633 4356 2933 4422 opiniones,
2955 4356 3046 4409 sed
3070 4364 3365 4409 conventus
3391 4354 3473 4406 in-

1950 4433 2306 4498 numerabiles
2350 4452 2455 4496 tam
2498 4445 2768 4497 hominum
2810 4447 3180 4510 barbarorum,
3223 4447 3314 4512 qui
3343 4445 3471 4498 olim

320 4532 503 4598 ὁμοίως
530 4535 615 4587 διὰ
637 4536 805 4604 μόνης
836 4535 936 4602 τῆς
970 4532 1131 4583 αὐτοῦ
1158 4533 1430 4601 δυνάμεως
1448 4534 1851 4603 ἐπαιδεύθησαν.

1953 4532 2203 4587 ferissimi
2231 4542 2404 4596 erant,
2426 4548 2582 4602 quam
2607 4537 2926 4604 sapientium
2951 4544 3004 4588 et
3031 4534 3356 4599 Graecorum,
3380 4532 3473 4600 qui

339 4622 477 4674 Ἀλλὰ
516 4623 575 4693 δὴ
615 4624 677 4675 τὸ
722 4623 909 4692 τρίτον
960 4619 1300 4689 σκεψώμεθα,
1333 4624 1402 4691 μή
1444 4625 1556 4675 ποτ’
1578 4624 1682 4693 ἄρα
1712 4624 1851 4676 τοῦτ’

322 4705 384 4780 ἦν
399 4712 456 4763 δι’
475 4714 504 4765 ὀ
536 4714 732 4766 πλάνον
756 4712 922 4765 αὐτόν
953 4727 1140 4780 φησιν,
1164 4712 1243 4763 ὅτι
1276 4712 1345 4781 μὴ
1388 4712 1683 4780 βουθυσίαις
1724 4716 1854 4784 μηδὲ

324 4799 458 4863 ζώων
483 4805 686 4871 ἀλόγων
740 4805 985 4871 σφαγαῖς
1025 4799 1146 4869 μηδ’
1190 4801 1375 4869 αἵμασι
1414 4805 1505 4855 καὶ
1542 4807 1689 4874 πυρὶ,
1724 4805 1853 4875 μηδὲ

318 4894 418 4952 τοῖς
438 4895 540 4945 ἀπὸ
579 4895 680 4962 γῆς
707 4890 1188 4960 ἀναθυμιωμένοις
1223 4892 1280 4942 τὸ
1311 4892 1446 4945 θεῖον
1478 4897 1638 4964 τιμᾷν
1683 4896 1853 4948 διετά·

316 4978 445 5042 ξατο.
473 4984 709 5036 Ταπεινά
739 4984 837 5051 μὲν
872 4981 972 5032 καὶ
1006 4977 1181 5047 γεώδη
1208 4979 1368 5032 ταῦτα
1399 4983 1491 5035 καὶ
1533 4985 1628 5053 τῆς
1656 4986 1851 5038 ἀθανά-

315 5083 393 5121 του
416 5073 621 5138 φύσεως
650 5070 908 5141 οὐδαμῶς
959 5069 1143 5119 οἰκεῖα
1183 5067 1537 5140 λογισάμενος,
1571 5076 1754 5143 κρίνας
1796 5077 1851 5127 δὲ

314 5159 465 5230 πάσης
501 5161 689 5222 θυσίας
745 5154 1209 5227 προσηνεστάτην
1251 5158 1340 5209 καὶ
1384 5160 1558 5228 ἡδεῖαν
1602 5159 1735 5216 εἶναι
1776 5166 1851 5235 τῷ

306 5248 404 5318 Θεῷ
430 5250 525 5320 τήν
571 5250 682 5302 τῶν
722 5246 954 5298 οἰκείων
1006 5242 1236 5294 ἐντολῶν
1277 5249 1617 5317 κατόρθωσιν,
1663 5254 1728 5306 δι’
1778 5249 1851 5307 ὧν

299 5339 426 5408 αὐτῷ
450 5340 661 5408 σώματι
701 5336 800 5388 καὶ
831 5333 996 5397 ψυχῇ
1021 5329 1469 5401 κεκαθαρμένους,
1498 5336 1570 5405 νῷ
1606 5354 1662 5389 τε
1709 5336 1851 5391 διαυ-

294 5430 363 5493 γεῖ
377 5427 464 5480 καὶ
492 5427 765 5493 δόγμασιν
792 5417 1102 5471 εὐσεϐέσιν
1131 5422 1571 5487 κεκοσμημένους,
1597 5425 1688 5493 τὴν
1720 5429 1852 5498 πρδς

285 5519 358 5570 τὸν
384 5519 510 5571 Θεὸν
550 5511 889 5580 ἐξομοίωσιν
924 5506 1330 5573 ἀπομιμεῖσθαι
1358 5510 1609 5575 ἐδίδασκε,
1632 5515 1847 5587 διαῤῥή-

282 5609 358 5676 δην
383 5608 624 5675 φάσκων·
669 5619 690 5650 ι
746 5593 1000 5647 Ἕσεσθε
1054 5593 1262 5654 τέλειοι,
1296 5598 1373 5658 ὼς
1411 5599 1438 5649 ὁ
1481 5601 1655 5671 Πατὴρ
1702 5606 1849 5673 ὑμῶν

278 5697 450 5757 τέλειός
471 5698 643 5746 ἐστιν,
688 5705 709 5736 ι
744 5684 813 5734 El
846 5679 919 5746 δὴ
967 5679 1159 5731 ταῦτά
1199 5698 1278 5745 τις
1329 5683 1581 5755 Ἑλλήνων
1616 5693 1846 5762 αἰτιῷτο,

277 5788 383 5838 (πω
404 5784 479 5855 μη
508 5778 642 5847 φίλα
666 5772 786 5831 τοῖς
816 5764 1081 5826 οἰκείοις
1107 5767 1434 5835 διδασκάλοις
1464 5777 1680 5844 (θρηνῶν,
1715 5782 1845 5848 οἶγε,

1950 4624 2291 4690 antiquorum
2341 4625 2751 4692 prophetarum,
2798 4627 3174 4693 justorumque
3235 4624 3470 4677 virorum

1950 4712 2256 4780 religionem
2281 4716 2548 4784 amplecti,
2571 4718 2682 4770 sola
2715 4717 2858 4769 illius
2884 4717 3079 4768 virtute
3112 4713 3288 4766 edocti
3313 4710 3475 4764 sunt?

1953 4802 2056 4856 Sed
2092 4803 2201 4870 jam
2253 4806 2466 4857 tertium
2513 4806 2643 4859 illud
2678 4805 3119 4870 contemplemur,
3171 4817 3301 4853 num
3352 4814 3473 4851 vere

1950 4892 2098 4945 illum
2146 4892 2479 4946 seductorem
2527 4895 2809 4962 appellent,
2851 4889 2993 4960 quod
3038 4902 3150 4940 non
3196 4888 3475 4941 sacriﬁciis

1950 4982 2130 5043 boum,
2169 4993 2341 5049 neque
2375 4984 2651 5037 brutorum
2694 4984 3002 5037 animalium
3040 4978 3474 5035 mactationibus,

1948 5084 2121 5136 neque
2145 5072 2428 5124 cruoribus
2476 5081 2636 5141 atque
2668 5074 2806 5140 igne,
2841 5081 3017 5136 neque
3053 5066 3121 5118 iis
3160 5068 3326 5121 rebus
3364 5081 3482 5133 quae

1948 5160 2014 5213 de
2035 5167 2174 5212 terra
2206 5171 2502 5215 nascuntur
2534 5164 2789 5223 incensis,
2820 5142 3165 5213 divinitatem
3197 5157 3374 5208 colere
3402 5154 3486 5205 in-

1948 5251 2164 5305 stituit:
2200 5266 2388 5320 nempe
2421 5252 2640 5305 humilia
2690 5252 2801 5303 haec
2844 5255 2899 5301 et
2933 5254 3176 5303 terrena,
3227 5244 3494 5296 immorta-

1946 5340 2091 5408 lique
2120 5348 2324 5393 natura:
2367 5341 2515 5394 nullo
2549 5342 2705 5395 modo
2735 5332 3119 5392 convenientia
3152 5332 3493 5389 existimans,

1942 5430 2296 5499 judicansque
2338 5431 2483 5482 omni
2529 5431 2793 5485 sacrificio
2848 5424 3068 5495 gratius
3093 5418 3503 5487 jucundiusque

1945 5518 2054 5573 Deo
2086 5535 2281 5574 munus
2311 5520 2508 5583 oll'erri,
2553 5537 2671 5575 cum
2705 5520 2830 5590 quis
2873 5515 3034 5568 illius
3064 5516 3340 5578 praecepta
3356 5506 3512 5570 plene

1946 5607 2327 5668 observaverit,
2353 5621 2446 5675 per
2467 5624 2585 5676 quae
2617 5611 2733 5680 ipso
2762 5613 3041 5668 corpore,
3075 5594 3372 5684 animaque
3393 5601 3520 5684 pur-

1947 5701 2118 5762 gatos,
2151 5672 2429 5763 menteque
2456 5672 2727 5753 nitida-ac
2754 5687 3022 5748 decretis
3048 5677 3327 5765 τεὶὶείίξδίδ
3352 5672 3531 5765 imm?

1946 5792 2050 5849 tos,
2084 5784 2207 5838 dum
2236 5799 2296 5837 ea
2328 5785 2524 5842 imitari
2566 5791 2743 5847 docet.
2781 5793 2913 5848 quae
2968 5772 3180 5827 similes
3215 5764 3329 5813 Deo
3359 5760 3537 5808 homi-
