3862 6358
292 364 374 437 ’93
1233 400 1865 457 DEMONSTRATIONIS
1898 392 2340 454 nuncnum
2380 397 2503 453 un.
2540 396 2624 451 ιιι.
3376 403 3479 461 ιοι

264 494 681 566 συνηνέχθησαν,
716 503 977 573 γενητὸν
1013 513 1124 565 και
1167 513 1325 566 αὑτὸν
1361 513 1448 566 τὸν
1486 513 1725 584 οὐρανὸν,
1764 513 1836 565 κα

1957 512 2125 580 ipsum
2149 518 2200 562 et
2222 507 2409 573 solem,
2436 521 2488 566 et
2512 514 2713 574 lunam,
2734 522 2787 566 et
2808 516 2988 570 stellas
3013 529 3174 583 Opera
3199 513 3286 569 Dei
3307 533 3429 574 esse
3454 537 3471 574 :

274 585 425 675 ἥλιον,
455 585 552 639 καὶ
590 587 863 661 σελήνην,
917 599 1032 650 καὶ
1069 600 1269 673 ἄστρα,
1316 603 1409 655 καὶ
1451 601 1540 654 τὸν
1583 600 1836 670 σύμπαντι

1956 616 2126 669 neque
2155 601 2288 663 haec,
2318 601 2412 655 sed
2453 603 2641 656 horum
2671 612 2940 660 auctorem
2987 606 3162 659 colere
3205 616 3472 675 oportere,

295 674 460 746 κόσμον
489 676 627 747 πρὸς,
655 678 756 731 τοῦ
785 682 911 735 τῶν
937 685 1093 742 ὅλων
1122 691 1342 762 ποιητοῦ
1373 691 1623 758 γεγονότα
1655 690 1833 758 ἀποφη

1956 690 2400 744 considerandum
2448 707 2568 746 esse
2610 692 2821 747 videtur
2864 711 2989 749 num
3031 674 3255 764 decepti,
3282 699 3474 761 simus,

300 767 503 838 νάμινοι.
547 767 718 822 Ἀλλά
754 773 861 825 καὶ
911 780 1258 844 συντέλειαν,
1303 781 1395 833 καί
1440 779 1734 850 μεταϐολὴν
1762 778 1836 847 τὴε

1955 780 2095 848 quod
2134 781 2186 833 in
2232 781 2377 835 hunc
2409 781 2623 835 modum
2655 782 2721 836 de
2750 791 2937 836 natura
2974 801 3148 839 rerum
3180 789 3377 842 sentire
3407 787 3476 843 ab

306 855 374 912 lui.
396 858 461 911 τὰ
490 860 729 929 κρείττω
751 861 924 917 τοῦδε
958 869 1062 921 τοῦ
1098 870 1292 932 παντὸς
1323 869 1533 921 ἔσεσθαι
1565 868 1836 952 προσδοκᾷ

1954 868 2044 922 illo
2069 869 2208 922 docti
2241 885 2465 925 sumus:
2498 873 2641 940 alqui
2672 888 2778 925 non
2799 874 2967 926 solum
3000 873 3336 929 Hebraeorum
3360 877 3477 931 hac

310 946 530 1018 ὶδίδαξεν,
560 953 684 1017 ταῖς
729 952 1023 1025 Ἐϐραίων
1068 960 1164 1011 καὶ
1193 960 1346 1011 τοῦτο
1377 946 1701 1018 ἀκολούθως
1723 957 1860 1025 Γρα-

314 1046 433 1106 vuig.
458 1044 522 1096 Τί
543 1039 679 1109 οῦν;
717 1045 849 1116 οὐχὶ
884 1050 987 1101 καὶ⁵
1019 1051 1049 1101 ό
1085 1048 1306 1102 Πλάτων
1345 1048 1549 1115 φύσεως
1578 1046 1739 1116 λυτῆς
1768 1046 1858 1098 καὶ

318 1130 530 1204 φθαρτῆς
556 1131 700 1188 οἶδεν
730 1137 905 1189 αὐτόν
939 1155 1004 1190 τε
1031 1139 1275 1209 οὐρανὸν,
1316 1139 1408 1191 καὶ
1442 1138 1608 1207 ἥλιον,
1651 1139 1741 1191 καὶ
1771 1155 1857 1190 σε·

320 1220 474 1294 λήνην,
509 1225 606 1278 καὶ
637 1227 772 1289 τοὺς
795 1225 1031 1290 λοιποὺς
1058 1228 1310 1297 ἀστέρας,
1344 1229 1390 1279 εί
1415 1228 1505 1281 καὶ
1534 1228 1605 1299 μὴ
1632 1228 1854 1298 λυθήσε-

321 1313 414 1367 σθαί
444 1331 574 1384 φητ;
607 1315 811 1379 ταῦτα,
834 1316 915 1387 τῷ
947 1317 1022 1386 μί’»
1051 1318 1143 1370 τὸν
1176 1317 1520 1388 συμπήξαντα
1547 1317 1850 1387 fleuissem;

1955 961 2053 1015 fuit
2097 965 2290 1027 oratiu,
2338 967 2429 1020 sed
2478 967 2914 1035 philosOphorum
2963 984 3191 1037 quoque,
3243 970 3473 1026 maxime

1953 1050 2238 1104 illustrium
2270 1070 2283 1104 :
2311 1054 2401 1121 qui
2432 1070 2553 1107 cum
2586 1054 2820 1109 Hebra-is
2851 1056 3264 1122 consentientes,
3293 1067 3472 1114 ortum

1953 1139 2146 1194 habere
2167 1149 2220 1195 et
2240 1144 2432 1197 coelum
2457 1145 2649 1214 ipsum,
2677 1152 2729 1199 et
2750 1146 2938 1208 solem,
2963 1152 3016 1199 et
3040 1147 3241 1210 lunam,
3267 1156 3320 1200 et
3344 1149 3472 1202 stel-

1952 1230 2051 1292 las,
2074 1231 2487 1301 universumque
2515 1234 2769 1287 mundum
2795 1234 2862 1288 ab
2889 1241 3106 1288 auctore
3124 1236 3356 1289 omnium
3385 1251 3472 1292 res

1951 1333 2065 1370 rum
2104 1318 2299 1372 factum
2338 1335 2457 1375 esse
2502 1321 2927 1376 allirmaverunt:
2967 1332 3212 1377 caeterum
3253 1323 3388 1377 idem
3416 1332 3470 1379 et

1949 1409 2458 1463 consummationem
2504 1418 2557 1464 et
2602 1414 2945 1465 mutationem
2999 1413 3050 1465 in
3086 1414 3294 1476 melius,
3347 1415 3470 1467 uni-

1950 1496 2084 1549 versi
2110 1496 2266 1565 hujus
2290 1497 2519 1552 futuram
2543 1508 2599 1552 ut
2622 1509 3048 1569 exspectaremus
3070 1501 3271 1564 docuit,
3287 1502 3339 1555 in
3369 1503 3468 1559 hoc

314 1406 348 1455 tl
366 1403 407 1456 δ⁴
426 1404 536 1474 ἀρα
569 1405 868 1479 βουληθείη
896 1405 1037 1462 εἶναι
1065 1408 1273 1477 φύσεως
1297 1408 1565 1477 τοιαύτης,
1598 1406 1769 1476 ψυχὴν
1796 1405 1852 1458 δὲ

310 1491 549 1547 ἀθάνατον
574 1494 729 1566 ἔχειν
752 1499 905 1568 ἡμᾶς
931 1499 1051 1552 κατ’
1074 1497 1221 1550 οὐδὲν
1250 1499 1342 1567 μὲν
1369 1497 1575 1567 ἐμφερῆ
1599 1498 1707 1557 τοῖς
1728 1494 1851 1547 ἀλό-

304 1598 397 1650 γοις
424 1583 607 1649 ζώοις,
635 1586 755 1639 τῶν
778 1587 838 1640 δὲ
862 1587 957 1641 τοῦ
978 1586 1110 1639 Θεοῦ
1129 1588 1397 1657 δυνάμεων
1421 1587 1682 1656 φέρουσαν
1703 1587 1836 1637 άπει-

1947 1600 2159 1654 quoque
2208 1586 2546 1641 Hebraeorum
2592 1590 2874 1657 scripturis
2911 1590 3251 1644 consentiens
3288 1609 3300 1643 :
3337 1592 3467 1659 quid

298 1674 607 1741 κονίσματα,
635 1673 864 1739 διδάξας
888 1675 1154 1743 ἡγεῖσθαι,
1179 1673 1346 1737 οὕτως
1372 1674 1416 1726 τ’
1443 1673 1602 1743 ἔχειν,
1628 1674 1719 1725 καὶ
1740 1674 1836 1725 δια-

1946 1673 2141 1741 igitur?
2178 1691 2353 1730 nonne
2387 1678 2545 1731 etiam
2587 1675 2737 1730 Plato
2779 1686 2966 1747 suapte
2992 1688 3183 1731 natura
3211 1685 3264 1732 et
3291 1679 3466 1748 ipsum

292 1763 510 1826 κεῖσθαι,
562 1764 667 1816 καὶ
716 1768 939 1835 φρονεῖν
978 1765 1152 1818 πάντα
1195 1765 1478 1836 βάρϐαρον,
1514 1766 1605 1817 καὶ
1639 1763 1836 1832 ίδιώτηι

1946 1762 2160 1824 σωιιιηι,
2196 1772 2248 1817 et
2279 1765 2466 1827 solem,
2494 1772 2546 1818 et
2576 1766 2776 1828 lunam,
2830 1781 2893 1820 ac
2921 1767 3120 1836 reliqua
3151 1767 3348 1829 sidera,
3378 1783 3469 1822 σου

289 1852 601 1914 παιδεύσας
637 1830 903 1925 ἆρίῠούχὶ
952 1830 1283 1925 σοφωτέρους
1327 1830 1678 1924 ἀπείργασται
1726 1830 1836 1918 τοῦς

1947 1851 2130 1905 lutioni
2157 1854 2594 1923 corruptionique
2627 1854 2853 1907 obnoxia
2892 1871 3013 1909 esse
3039 1856 3190 1920 vidit,
3221 1859 3466 1926 quamvis

281 1942 394 1995 καθ’
418 1943 552 2014 ὅλης
589 1948 701 2013 τῆς
735 1945 1061 2014 οἰκουμένης
1090 1945 1156 1998 τά
1186 1944 1342 1998 αὑτοῦ
1374 1944 1711 2016 φρονοῦντας,
1744 1945 1848 1998 τῶν

271 2034 366 2097 τὰς
403 2034 588 2105 ὀφρῦς
624 2034 1056 2098 ἀνεσπακότων;
1095 2034 1142 2086 οἳ
1178 2034 1341 2104 μηδὲν
1365 2034 1503 2087 κατὰ
1534 2034 1628 2105 τὴν
1666 2036 1846 2087 οὐσίαν

265 2121 551 2192 διαφέρειν
574 2124 939 2193 ἀπεφήναντο
958 2123 1177 2193 ἐμπίδος
1195 2141 1253 2177 τε
1275 2126 1367 2177 καὶ
1388 2125 1559 2194 εὺλῆς,
1577 2125 1667 2177 καὶ
1692 2125 1847 2194 μυίας

261 2212 364 2283 τὴν
394 2215 455 2264 ὲν
487 2211 826 2282 ἀνθρώποις
861 2211 1058 2282 ψυχὴν,
1099 2211 1231 2264 ἀλλὰ
1259 2213 1351 2264 καὶ
1377 2213 1566 2281 ὄφεως,
1614 2213 1704 2264 καὶ
1741 2213 1847 2280 ὲχί-

258 2301 414 2371 δνης,
445 2304 667 2372 άρκτου
705 2319 767 2353 τε
799 2302 892 2353 καὶ
919 2301 1246 2371 παρδάλεως,
1271 2301 1363 2353 καὶ
1389 2301 1512 2363 συὸς
1532 2300 1707 2370 ψυχῆς
1728 2301 1845 2353 κατ’

251 2388 439 2450 οὐδὲν,
470 2389 605 2440 ὅσον
635 2390 663 2439 ὲ
678 2387 738 2438 πὶ
767 2387 912 2456 λόγῳ
940 2386 1147 2455 φύσεώς
1170 2404 1228 2439 τε
1249 2389 1341 2440 καὶ
1363 2386 1561 2452 οὐσίας,
1586 2388 1681 2457 τὴν
1702 2388 1845 2455 σφῶν

251 2478 448 2529 αὐτῶν
495 2477 617 2529 τῶν
672 2474 1127 2544 φιλοσοφωτάτων
1172 2476 1344 2546 ψυχὴν
1385 2476 1726 2530 διαλλάττειν
1755 2478 1846 2530 καὶ

249 2566 411 2620 θείου
444 2569 504 2621 δὲ
537 2569 692 2639 πρὸς
724 2569 940 2631 τούτοις
981 2567 1354 2637 δικαιωτηρεου
1390 2568 1623 2637 συνεχῶς
1653 2569 1847 2639 ύπομι-

252 2661 556 2728 μνήσκων,
590 2659 696 2712 καὶ
743 2657 1043 2729 μελλούσης
1081 2657 1292 2711 ἔσεσθαι
1319 2658 1565 2729 κρίσεως,
1601 2658 1845 2721 κολάσεις

246 2763 322 2802 τι
350 2751 453 2802 καὶ
479 2749 773 2820 τιμωρίας
793 2750 1192 2819 ἀπαραιτήτους
1211 2751 1320 2810 τοῖς
1347 2747 1589 2800 ἀσεϐέσιν
1615 2749 1845 2821 ὑπογρά-

248 2854 403 2904 φων,
428 2842 547 2902 τοῖς
568 2855 634 2889 τε
661 2839 722 2889 εύ
731 2836 945 2889 σεϐέσιν
969 2836 1289 2905 ἐπαγγελίας
1305 2835 1435 2889 Θεοῦ
1454 2838 1664 2890 αίωνίου
1681 2837 1840 2909 ζωῆς,

249 2929 360 2979 καὶ
378 2928 639 2998 οὐρανῶν
670 2926 974 2995 βασιλείας,
998 2927 1093 2979 καὶ
1118 2927 1212 2979 σὺν
1232 2926 1349 2996 Θεῴ
1374 2926 1639 2997 μακαρίας
1657 2927 1843 2994 διαγω-

248 3016 389 3086 γῆς,
420 3018 544 3071 τίνα
572 3017 647 3070 ἂν
679 3017 1024 3086 πλανήσειεν,
1051 3015 1168 3085 οὐχὶ
1188 3015 1243 3068 δὲ
1276 3015 1467 3084 μᾶλλον
1489 3016 1842 3087 προτρέψαιτο

1943 1956 2005 1995 ea
2053 1957 2158 1995 non
2203 1943 2544 1997 dissolvenda
2592 1944 2951 2009 aﬂirmaverit,
3000 1953 3275 2014 propterea
3322 1946 3463 2015 quod

1946 2031 2086 2082 norit
2129 2032 2236 2095 ille,
2279 2033 2371 2102 qui
2416 2048 2476 2088 ea
2507 2036 2840 2103 composuit?
2883 2035 3034 2100 Quod
3075 2036 3120 2090 si
3154 2038 3245 2090 tali
3276 2047 3463 2091 natura

1943 2128 2189 2176 constare
2212 2138 2328 2185 nos,
2356 2125 2812 2194 immortalemque
2841 2126 3033 2180 habere
3062 2126 3312 2187 animam,
3342 2128 3465 2180 nul-

1944 2210 2099 2278 Iaque
2128 2210 2180 2262 in
2214 2221 2365 2279 parte
2403 2212 2577 2266 brutis
2617 2213 2936 2268 animalibus
2979 2215 3225 2277 similem,
3272 2216 3458 2277 voluit,

1942 2305 1994 2351 et
2021 2300 2272 2353 virtutum
2298 2314 2415 2368 quae
2438 2301 2489 2353 in
2518 2301 2625 2355 Deo
2655 2308 2780 2355 sunt
2807 2301 3094 2356 simulacra
3124 2304 3176 2356 in
3208 2318 3265 2357 se
3288 2309 3461 2357 conti-

1942 2401 2068 2440 nere
2096 2387 2238 2439 illam
2265 2389 2511 2442 arbitrari
2537 2404 2634 2444 nos
2659 2390 2860 2452 docuit,
2884 2391 3066 2458 sicque
3089 2391 3281 2445 habere
3302 2400 3461 2459 atque

1942 2475 2077 2529 allici
2102 2487 2153 2530 et
2182 2491 2367 2545 sapere
2393 2493 2599 2540 omnes,
2637 2487 2690 2533 et
2728 2478 2986 2534 barbaros
3012 2487 3066 2534 et
3096 2481 3338 2548 vulgares
3370 2482 3456 2534 in-

1942 2566 2118 2619 stituit
2153 2584 2165 2619 :
2199 2581 2376 2620 nonne
2422 2569 2686 2635 sapientes
2732 2569 2900 2637 magis
2942 2568 2997 2622 in
3027 2576 3137 2623 toto
3169 2572 3298 2624 orbe
3332 2585 3459 2625 suos

1942 2662 2233 2708 sectatores
2262 2655 2515 2717 reddidit,
2547 2671 2706 2725 quam
2732 2657 2769 2709 ii
2801 2656 2891 2726 qui
2925 2658 3208 2726 supercilia
3237 2668 3456 2712 contra-

1939 2750 2023 2795 cta
2053 2749 2345 2807 ostentant,
2378 2745 2421 2799 si
2452 2745 2585 2797 nihil
2622 2746 2775 2815 plane
2819 2760 2880 2800 ea
2917 2755 3068 2815 parte
3096 2762 3201 2815 qua
3230 2753 3330 2808 est,
3357 2747 3459 2801 dif-

1940 2832 2078 2887 ferre
2109 2849 2138 2887 a
2179 2834 2370 2898 culice,
2415 2843 2501 2888 aut
2544 2836 2857 2897 vermiculo,
2891 2845 2983 2889 aut
3015 2852 3197 2891 musca
3226 2838 3457 2891 animam

1940 2921 2220 2975 humanam
2255 2922 2562 2977 allirmant?
2606 2934 2696 2977 aut
2725 2926 2770 2979 si
2801 2940 2868 2979 ne
2895 2940 2923 2977 a
2949 2928 3212 2994 serpentis
3242 2927 3457 2996 quidem

1937 3018 2028 3063 aut
2050 3013 2260 3080 viperae,
2292 3020 2384 3067 aut
2410 3015 2540 3077 ursi,
2581 3022 2673 3066 aut
2712 3014 2965 3082 pardalis,
2999 3024 3090 3068 aut
3121 3016 3233 3069 suis
3258 3015 3456 3082 anima,

255 3107 524 3160 σπεύδειν
562 3107 670 3176 μὲν
711 3107 806 3159 ἐπὶ
838 3105 1038 3175 ἀρετὴν
1068 3104 1174 3158 τῶν
1202 3105 1650 3175 προσδοκωμένων
1682 3106 1836 3159 ἕνεκα

1939 3103 2042 3154 nulla
2090 3117 2310 3170 prorsus
2342 3103 2395 3155 in
2442 3110 2610 3169 parte,
2643 3117 2793 3156 suam
2823 3103 3058 3170 ipsorum
3083 3104 3335 3168 animam,
3365 3102 3457 3172 qui

251 3198 381 3256 τοῖς
428 3196 722 3247 εὐσεϐέσιν
769 3194 1047 3258 ἐπάθλων,
1107 3191 1500 3264 ἀποτρέπεσθαι
1554 3194 1609 3245 δι
1660 3196 1834 3264 πάσης

256 3284 471 3345 κακίας
519 3283 612 3335 διὰ
662 3282 766 3345 τάς
815 3281 1197 3350 ὲπηρτημένας
1244 3282 1355 3343 τοῖς
1402 3280 1617 3335 άσεὸέσι
1668 3299 1835 3351 τιμω-

265 3372 430 3439 plac;
487 3374 577 3423 Ἐν
611 3374 729 3433 τοῖς
760 3370 1106 3439 δογματικοῖς
1130 3369 1237 3421 τῶν
1263 3369 1422 3421 αὑτοῦ
1450 3370 1618 3437 λόγων
1646 3387 1835 3440 παρει-

264 3458 528 3530 λήφαμεν
570 3458 713 3512 εἷναί
760 3476 913 3521 τινας
954 3458 1088 3528 μετά
1135 3458 1224 3509 τὸν
1269 3458 1523 3511 ἀνωτάτω
1574 3459 1702 3511 Θεὸν
1747 3460 1836 3511 δυ-

276 3548 509 3617 νάμεις,
567 3549 899 3618 ἀσωμάτους
951 3548 1049 3616 τὴν
1106 3547 1262 3615 φύσιν
1319 3549 1410 3600 καὶ
1467 3547 1688 3615 νοερὰς,
1746 3547 1831 3599 λο-

283 3637 447 3700 γικάς
492 3653 551 3688 τε
587 3637 683 3689 καὶ
726 3635 1065 3703 παναρέτους
1084 3673 1098 3697 ,
1130 3634 1218 3686 τὸν
1279 3633 1616 3703 παμϐασιλέα
1650 3649 1837 3702 χορευ-

290 3724 481 3787 ούσας,
547 3719 623 3778 ὧν
675 3725 897 3786 πλείους
972 3725 1065 3776 καὶ
1132 3722 1289 3792 μέχρι
1349 3720 1642 3790 ἀνθρώπων
1717 3721 1834 3774 νεύ-

299 3827 422 3877 ματι
462 3813 550 3865 τοῦ
600 3813 820 3883 Πατρδς
873 3810 962 3865 διά
1013 3828 1160 3874 τινας
1205 3810 1498 3880 σωτηρίους
1536 3809 1833 3879 οἰκονομίας
1869 3882 1876 3890 .

296 3902 637 3958 ἀπεστάλθαι·
685 3905 755 3967 ἀς
804 3903 869 3973 δὴ
921 3902 1201 3970 γνωρίζειν
1247 3901 1340 3953 καὶ
1385 3901 1545 3969 τιμᾷν
1595 3900 1732 3952 κατὰ
1773 3901 1834 3953 τὸ

297 3992 481 4064 μέτρον
513 3995 611 4063 τῆς
638 3992 800 4056 ἀξίας
830 3990 1197 4059 ἐδιδάχθημεν,
1235 3990 1377 4059 μόνῳ
1403 3988 1478 4058 τῷ
1512 3989 1834 4058 παμϐασιλεί

295 4076 410 4148 Θεῷ
448 4083 541 4152 τὴν
593 4082 894 4152 σεϐάσμιον
936 4080 1099 4150 τιμὴν
1142 4079 1511 4148 ἀπονέμοντες.
1541 4079 1656 4130 Ἔτι
1697 4079 1829 4149 πρὸς

296 4168 491 4230 τούτοις
517 4169 759 4239 ἔγνωμεν
807 4168 938 4233 παρ’
965 4166 1126 4219 αὑτοῦ
1158 4165 1412 4235 μαθόντες
1452 4165 1707 4234 πολεμίας
1746 4182 1827 4217 τι-

292 4257 390 4320 νὰς
427 4263 515 4314 καὶ
559 4261 759 4332 ὲχθράς
801 4261 896 4313 τοῦ
949 4258 1279 4330 ἀνθρωπείου
1325 4258 1508 4325 γένους
1553 4259 1693 4328 ἀμφὶ
1739 4258 1828 4309 τὸν

292 4347 419 4415 περὶ
462 4350 560 4419 γῆν
617 4350 758 4419 άὲρα
809 4347 1113 4409 πωτᾶσθαι,
1157 4348 1249 4399 καὶ
1295 4347 1389 4399 σὺν
1428 4347 1538 4408 τοῖς
1575 4348 1826 4416 πονηροῖς

1938 3190 2314 3257 sapientissimi
2346 3190 2563 3254 fuerint,
2592 3200 2854 3261 quatenus
2892 3200 3135 3246 naturam
3177 3193 3336 3247 habet
3377 3201 3458 3246 at-

1936 3294 2039 3347 que
2066 3289 2166 3340 est,
2209 3279 2475 3334 diversam
2519 3283 2678 3335 esse?
2705 3283 2769 3335 ad
2811 3283 2940 3345 haec,
2976 3298 3098 3336 cum
3134 3282 3234 3335 fori
3265 3283 3453 3345 divini,

1929 3367 2223 3436 iudiciique
2251 3368 2414 3421 futuri
2448 3370 2717 3423 assiduam
2747 3372 3064 3424 mentionem
3095 3370 3302 3433 fecerit,
3335 3385 3458 3438 sup-

1935 3459 2194 3527 pliciaque
2217 3472 2279 3510 ac.
2308 3472 2494 3526 pmnas
2523 3458 2855 3512 inevitabiles
2886 3458 3065 3527 impiis
3086 3458 3451 3526 descripserit,

1927 3547 2087 3614 justis
2115 3561 2240 3600 vero
2279 3553 2530 3599 aeternam
2571 3561 2600 3598 a
2632 3545 2741 3599 Deo
2779 3547 2936 3598 vitam
2981 3546 3236 3614 promitti,
3273 3554 3325 3599 et
3363 3561 3451 3600 re-

1931 3649 2090 3701 gnum
2124 3634 2361 3695 cmlestc,
2403 3637 2456 3684 et
2502 3630 2704 3685 felicem
2741 3646 2861 3685 cum
2912 3633 3027 3700 ipso
3073 3632 3181 3686 Deo
3229 3632 3449 3697 victum,

1932 3722 2173 3775 docuerit
2204 3741 2217 3774 :
2248 3737 2402 3790 quem
2426 3722 2636 3774 tandem
2658 3721 2904 3790 decipere
2925 3721 3131 3789 potuit?
3159 3734 3336 3775 nonne
3355 3734 3455 3789 po.

1933 3810 2040 3864 tius
2064 3809 2373 3864 adhortatus
2396 3819 2681 3864 esteorum
2703 3811 3037 3878 praemiorum
3058 3824 3243 3870 causa,
3275 3823 3393 3877 qua
3418 3822 3449 3862 a

1925 3896 2086 3965 justis
2114 3904 2493 3965 exspectantur
2512 3897 2566 3950 in
2590 3898 2839 3952 virtutem
2857 3897 3278 3952 incumherc?ab
3303 3898 3448 3952 omni

1930 3999 2055 4039 vero
2083 3987 2281 4039 malitia
2312 3988 2589 4050 deterruit,
2620 3995 2836 4057 propter
2878 3987 3241 4058 impendentes
3271 3990 3449 4059 impiis

1928 4078 2153 4146 pinnas?
2185 4076 2353 4131 Porro
2387 4085 2562 4133 autem
2591 4093 2656 4132 ex
2695 4079 2838 4134 illius
2872 4079 3101 4135 decretis
3144 4082 3448 4150 accepimus

1924 4181 2045 4222 esse
2078 4168 2333 4235 quasdam
2365 4178 2483 4237 post
2507 4182 2810 4237 supremum
2841 4168 3003 4224 Deum
3036 4177 3326 4239 potestates
3349 4184 3446 4223 na-

1926 4263 2044 4309 tura
2091 4259 2452 4325 incorporeas,
2511 4257 2885 4326 inteUigentes,
2944 4260 3230 4313 rationales
3273 4260 3448 4313 omni-

1924 4359 2028 4412 que
2057 4348 2253 4398 virtute
2294 4346 2564 4414 praeditas,
2613 4362 2732 4415 quae
2771 4350 2973 4401 circum
3003 4363 3178 4417 regem
3210 4348 3446 4404 universi

290 4428 571 4507 διατρίϐειν
599 4440 859 4507 δυνάμεις
885 4437 1168 4505 δαιμόνων,
1198 4437 1287 4488 καὶ
1310 4437 1625 4503 πνευμάτων
1667 4452 1826 4504 πονη-

1934 4431 2079 4499 ιοῚ
2114 4431 2306 4486 choros
2354 4441 2633 4486 exerceant
2687 4451 2702 4488 :
2753 4450 2978 4504 quarum
3046 4435 3227 4504 plures
3287 4437 3446 4490 etiam

291 4523 422 4588 ρῶν,
449 4529 535 4579 καὶ
568 4528 676 4579 τῶν
707 4529 767 4579 ὲν
789 4525 1005 4585 τούτοις
1033 4524 1323 4593 ἀρχόντων,
1352 4521 1444 4583 οὓς
1471 4523 1627 4573 παντὶ
1653 4520 1825 4573 σθένει

290 4611 500 4680 φεύγειν
550 4613 989 4684 πεπαιδεύμεθα·
1047 4614 1096 4663 εί
1125 4612 1216 4663 καὶ
1274 4612 1353 4663 ὅτι
1415 4610 1641 4680 μάλιστα
1692 4610 1826 4663 θεῶν

287 4707 637 4778 προσηγορίας
682 4710 779 4759 καὶ
828 4704 998 4775 τιμάς
1038 4704 1244 4765 ἑαυτοῖς
1275 4703 1659 4773 ύφαρπάζουσι·
1698 4702 1825 4755 ταύι-

284 4800 386 4861 της
423 4795 463 4847 δ⁶
491 4795 579 4850 οὖν
628 4797 709 4850 ἔτι
744 4796 947 4867 μᾶλλον
988 4794 1092 4859 τῆς
1123 4793 1405 4862 θεομαχίας
1451 4794 1542 4845 καὶ
1586 4795 1682 4864 τῆς
1711 4794 1825 4846 θεο-

278 4893 492 4964 εχθριας
533 4897 715 4952 ἕνεκεν
755 4893 1175 4966 άποτρεπταίας
1221 4888 1371 4957 εἶναι,
1414 4893 1532 4946 καθ’
1562 4894 1626 4956 ἃς
1662 4896 1718 4947 ὲν
1755 4896 1821 4964 τῇ

269 4984 736 5064 Προπαρασκευῇ
789 4989 1153 5060 πεποιήμεθα
1188 4988 1271 5042 διὰ
1312 4990 1565 5043 πλείστων
1610 4992 1822 5044 ἀποδεί-

264 5077 401 5151 ξεις.
433 5092 658 5146 Τοιαῦτα
683 5092 823 5144 ἄττα
860 5085 1135 5154 τυγχάνει
1164 5085 1253 5136 καὶ
1282 5086 1336 5137 ἐν
1359 5088 1466 5148 τοῖς
1487 5085 1821 5155 δογματικοῖς

256 5191 533 5264 μαθήμασι
552 5192 648 5245 τοῦ
668 5189 931 5259 Σωτῆρος
956 5181 1131 5252 ἡμῶν
1152 5183 1529 5252 ἀναφερόμενα,
1559 5185 1819 5253 Ἐϐραίων

244 5292 368 5347 ’τῶν
388 5294 542 5349 τάλαι
575 5287 842 5358 θεοφιλῶν
876 5278 1112 5349 ἀνδρῶν
1148 5295 1205 5329 τε
1242 5280 1330 5332 καὶ
1368 5283 1646 5349 προφητῶν
1678 5284 1821 5337 ἀντι..

240 5388 383 5459 ξρυς
425 5389 619 5457 εὐσεσῆ
676 5378 1072 5447 παιδεύματα.
1112 5375 1175 5425 El
1199 5374 1260 5444 δὴ
1302 5372 1392 5428 οῦν
1426 5377 1589 5431 ταῦτα
1630 5381 1814 5451 σεμνὰ,

238 5488 302 5543 υ
323 5488 582 5559 ὠφέλιμα,
610 5485 663 5535 ει
691 5478 1002 5548 φιλόσοφα,
1037 5471 1096 5520 εί
1134 5470 1324 5540 αρετῆς
1368 5473 1549 5540 μεστά,
1580 5476 1713 5530 τίσιν
1752 5477 1816 5531 ἂν

238 5588 458 5656 qam
497 5588 529 5638 ὁ
578 5578 800 5634 τούτων
851 5567 1202 5629 διδάσκαλος
1246 5571 1587 5640 ὲπιγράφοιτο
1628 5577 1685 5629 τὸ
1725 5577 1815 5630 τοῦ

252 5688 418 5742 πλάνου
437 5685 647 5749 avom;
694 5667 866 5724 Ἀλλά
893 5663 1099 5716 ταῦτα
1154 5664 1247 5731 μὲν
1267 5665 1340 5728 ὡς
1375 5671 1499 5737 περὶ
1522 5673 1688 5726 κοινοῦ
1716 5675 1815 5745 τὴν

1929 4534 2097 4588 usque
2123 4521 2187 4573 ad
2225 4521 2469 4578 homines
2502 4525 2669 4591 ipsius
2698 4526 2869 4594 patris
2908 4532 3062 4586 nutu,
3093 4525 3326 4592 quadam
3357 4540 3445 4578 sa-

1927 4608 2084 4661 lutari
2133 4609 2482 4679 dispositione
2528 4614 2828 4677 mittantur,
2868 4628 3106 4682 quasque
3152 4621 3206 4667 et
3253 4628 3447 4683 cogno-

1927 4714 2096 4762 scere,
2127 4710 2179 4754 et
2211 4702 2451 4756 venerari
2486 4717 2580 4772 pro
2609 4704 2833 4767 ratione,
2866 4703 3136 4772 graduque
3170 4703 3447 4771 dignitatis

1924 4789 2095 4841 edocti
2141 4805 2347 4853 sumus,
2386 4799 2445 4843 ut
2482 4791 2580 4846 soli
2618 4792 2742 4855 Deo,
2777 4794 2864 4862 qui
2910 4806 3003 4845 rex
3051 4798 3134 4844 est
3185 4791 3443 4850 universi,

1925 4878 2251 4934 adorationis
2296 4881 2552 4936 honorem
2594 4884 2912 4937 tribuamus.
2947 4879 3028 4931 Ah
3075 4877 3266 4931 eodem
3312 4893 3448 4946 prae-

1924 4974 2063 5022 terea
2091 4967 2393 5031 didicimus,
2423 4971 2641 5025 hostiles
2669 4970 2927 5041 quasdam
2965 4964 3319 5034 inimicasque
3343 4966 3448 5020 hu-

1923 5057 2063 5111 mani
2096 5056 2325 5124 generis,
2358 5072 2452 5125 per
2476 5059 2638 5119 hunc,
2676 5059 2767 5128 qui
2798 5058 3003 5110 circum
3041 5058 3246 5106 terram
3271 5068 3452 5109 versa-

1922 5153 2029 5211 tur,
2057 5159 2252 5209 aercm,
2284 5148 2463 5200 volare
2483 5155 2774 5215 potestates
2795 5147 3097 5200 daemonum
3127 5142 3452 5209 spirituum-

1920 5249 2024 5302 que
2051 5234 2330 5296 malorum,
2373 5249 2682 5303 eorumque,
2713 5235 2805 5303 qui
2836 5234 2894 5287 in
2942 5229 3052 5283 illis
3090 5230 3457 5299 principatum

1919 5332 2119 5384 tenent,
2146 5338 2263 5392 qua
2288 5338 2408 5377 cum
2442 5326 2598 5379 malis
2632 5323 2943 5378 hominibus
2980 5326 3296 5382 versentur,
3332 5332 3467 5385 quas

1918 5421 1977 5466 ut
2010 5416 2152 5467 omni
2185 5423 2377 5468 conatu
2406 5413 2692 5483 fugiamus,
2733 5416 2787 5467 in
2824 5410 3121 5483 praeceptis
3161 5406 3469 5458 habemus:

1916 5501 2129 5556 tametsi
2152 5503 2235 5555 vel
2275 5516 2431 5570 quam
2465 5506 2692 5560 maxime
2718 5504 2958 5558 deorum
2994 5493 3392 5565 appellationes
3425 5498 3482 5541 et

1917 5592 2092 5645 cultus
2119 5590 2220 5644 sibi
2241 5591 2371 5659 ipsis
2393 5605 2661 5665 arrogant,
2692 5594 2991 5658 multoque
3022 5585 3183 5638 etiam
3214 5579 3392 5645 maBiS
3415 5576 3488 5627 ab

1918 5677 2022 5732 illis
2075 5692 2194 5733 esse
2229 5678 2625 5751 declinandum,
2663 5686 2898 5754 propter
2944 5673 3099 5727 hanc
3138 5670 3322 5733 ipsam
3366 5676 3492 5714 cum
