3862 6320
3571 328 3576 359 l

710 367 809 423 135
1324 359 1588 416 EUSEBII
1617 356 2088 413 CAESARIENSIS
2120 355 2266 412 OPP.
2306 353 2485 409 PARS
2516 352 2582 406 ll.
2621 381 2688 394 —
2724 346 3150 406 APOLOCETICA.

711 482 817 532 Deo
846 473 1267 546 repugnantiam,
1296 473 1500 541 hasque
1546 470 1804 524 adversus
1850 468 2013 522 Deum
2059 469 2232 522 inimi-

2059 469 2232 522 inimi-
2255 476 2301 529 Α
2331 469 2486 537 φύσιν
2530 462 2808 535 ἀνθρώπου
2851 464 2982 522 τέως
3006 457 3218 530 ἐξητάσθω,
3247 457 3546 546 παράστατωξα

711 568 864 622 citias
892 536 1368 633 :-qiiemadmodum
1406 536 1566 614 latius
1610 560 1661 612 in
1706 559 2098 625 Prieparatione
2138 559 2231 612 de-

2050 574 2098 611 re
2138 559 2231 612 de-
2333 536 2531 627 σεμνῆς
2557 555 2647 607 καὶ
2664 552 2949 623 βιωφελοῦς
2973 546 3217 608 διδασκαλίας
3236 538 3361 595 αὒτοῦ
3383 536 3575 606 τυγχάνσ

712 655 1141 709 monstravimus.
1199 652 1341 705 Sane
1386 649 1758 719 hujuscemodi
1804 656 1951 713 sunt,
2001 663 2121 718 quae
2178 649 2230 701 in

1804 656 1951 713 sunt,
2001 663 2121 718 quae
2178 649 2230 701 in
2333 650 2486 718 Φέρε,
2517 647 2580 716 δὴ
2611 646 2702 697 καὶ
2732 644 2800 697 τὰ
2823 643 3044 711 θειότερα
3067 634 3318 705 σκεψώμεθα.

711 745 980 814 praeceptis
1039 754 1196 811 atque
1258 745 1519 798 institutis
1563 740 1856 794 Salvatoris
1916 740 2086 795 nostri
2139 740 2399 805 feruntur,
2448 754 2573 793 vere
2619 738 2919 806 priscorum
2981 733 3249 787 Hebrzeorum,
3289 724 3360 792 qui
3402 720 3508 814 Deo

710 808 1028 893 iuereatum
1059 808 1315 896 virorum,
1371 839 1483 886 tum
1524 832 1919 902 prophetarum,
1963 833 2048 900 pia
2103 841 2392 899 sanctaque
2443 831 2776 883 documenta.
2808 824 2963 891 Quod
3016 824 3052 877 si
3096 823 3178 875 haec
3209 817 3458 887 gravitatem
3497 808 3576 862 bili

709 927 752 979 si
804 925 1108 987 utilitatem,
1168 923 1212 977 si
1264 923 1496 976 studium
1545 922 1837 990 sapientiae,
1896 921 1940 974 si
1993 920 2221 989 denique
2257 921 2401 973 omni
2459 918 2654 972 virtute
2709 915 2907 970 referta
2938 918 3183 979 suntzquo
3202 906 3370 961 tandem
3399 903 3575 970 jure.q

710 1012 917 1067 ratione
959 1012 1028 1076 ei,
1079 1011 1170 1079 qui
1208 1011 1332 1063 talia
1378 1012 1641 1071 docuerit,
1689 1011 1991 1063 ascribatur
2034 1024 2227 1062 nomen
2267 1007 2596 1063 seductoris?
2628 1012 2680 1061 et
2710 1006 2820 1058 haec
2865 1002 3060 1072 quidem
3088 1008 3285 1066 tanquam
3312 995 3367 1048 de
3405 991 3575 1046 eo.lior

710 1105 802 1172 qui
864 1120 893 1157 a
932 1102 1140 1157 caeteris
1184 1109 1373 1155 natura
1421 1118 1527 1155 non
1560 1102 1788 1165 diﬂ'erat,
1822 1103 2089 1171 disputata
2138 1104 2266 1167 sint,
2308 1116 2425 1171 quae
2463 1100 2707 1153 videlicet
2736 1105 2791 1152 et
2840 1110 3056 1166 gravem,
3093 1100 3134 1146 et
3170 1090 3252 1159 ipsi
3274 1088 3377 1141 vitae
3398 1085 3562 1138 utilem

716 1194 1013 1249 doctrinam
1052 1191 1335 1244 exhibeant
1366 1209 1379 1244 :
1412 1206 1557 1245 nunc
1595 1207 1657 1247 ea
1696 1207 1814 1261 qua).
1856 1195 2025 1261 magis
2058 1193 2238 1247 divina
2271 1195 2398 1257 sint,
2426 1188 2846 1244 consideremus.

986 1322 1073 1380 IV.
1115 1326 1189 1379 De
1213 1326 1543 1380 divinioribus
1571 1326 1765 1381 Christi
1789 1328 1963 1397 gestis.

783 1439 862 1494 Ac
894 1441 1121 1508 primum
1143 1440 1376 1493 omnium
1401 1440 1839 1507 contemplemur,
1870 1454 1976 1507 quo
2002 1446 2240 1507 tempore

715 1537 959 1584 versatus
977 1536 1059 1582 est
1097 1544 1218 1582 cum
1258 1529 1581 1591 hominibus,
1606 1536 1763 1597 quot,
1796 1530 2078 1596 qualiaque
2106 1529 2236 1591 sint,

628 1622 635 1629 ’
716 1633 836 1687 qua:
863 1617 1175 1670 mirabiliter
1216 1616 1460 1684 gesserit,
1506 1630 1648 1667 nunc
1679 1615 1892 1683 quidem
1931 1615 2130 1683 lepram
2173 1614 2239 1668 de

717 1707 1030 1776 corporibus
1054 1707 1293 1771 eiiciens,
1323 1720 1496 1774 eaque
1524 1705 1782 1759 divinitus
1813 1719 2065 1774 purgans,
2094 1719 2239 1757 nunc

2368 1327 2438 1378 A'.
2471 1323 2605 1389 Περὶ
2635 1320 2750 1374 τῶν
2782 1318 3062 1385 θειοτέρων
3101 1316 3249 1383 ἔργων
3275 1308 3433 1364 αὑτοῦ
3469 1310 3576 1375 Xpu

2403 1437 2509 1489 Καὶ
2531 1435 2592 1505 δὴ
2623 1433 2959 1503 σκεψώμεθα,
2992 1433 3104 1484 ὅσων
3133 1429 3208 1482 καὶ
3229 1428 3336 1480 οἴων
3365 1425 3449 1476 συν
3487 1420 3573 1474 ave

2334 1526 2431 1588 τὰς
2456 1524 2725 1596 διατριὸἁς
2752 1522 3104 1591 πεποιημένος,
3130 1515 3397 1589 παραδόξων
3432 1514 3576 1581 γέγον

2336 1609 2428 1679 τὴς
2459 1610 2651 1680 ἔργων,
2680 1610 2797 1662 τοτὲ
2837 1610 2932 1678 μὲν
2964 1607 3156 1676 λεπροὺς
3188 1606 3239 1655 τὸ
3267 1604 3410 1671 σῶμα
3436 1601 3576 1669 δυνάι

2336 1701 2623 1772 καθαίρων,
2672 1700 2791 1752 τοτὲ
2853 1699 2909 1750 δὲ
2978 1696 3291 1766 προστάγματι
3358 1692 3509 1760 λόγου
3560 1709 3576 1740 τ

715 1812 844 1850 vero
866 1796 1022 1864 jussu
1046 1795 1193 1850 verbi
1215 1795 1483 1848 daemonas
1507 1808 1570 1847 ex
1604 1793 1909 1847 hominibus
1928 1795 2197 1862 expellens
2222 1812 2235 1846 :

2050 1795 2235 1847 :llens:
2271 1811 2309 1865 Β
2336 1790 2633 1861 ἀνθρώποις
2664 1789 2915 1859 δαίμονας
2949 1786 3170 1848 ἐλαύνων,
3202 1785 3288 1838 καὶ
3316 1784 3499 1837 ἄλλοτε
3545 1802 3575 1835 π

717 1887 851 1941 alias
889 1899 1076 1938 rursus
1101 1884 1506 1953 aegrotantibus,
1538 1883 1788 1950 omnique
1816 1882 2128 1950 languorum
2155 1898 2243 1949 ge-

718 1989 846 2028 nere
885 1974 1270 2033 lahorantibus,
1303 1973 1583 2025 sanitatem
1635 1968 1844 2023 abunde
1876 1970 2240 2036 suppeditans.

719 2062 959 2129 Quodam
1024 2077 1149 2116 vero
1196 2069 1435 2129 tempore
1498 2061 1658 2112 etiam
1720 2059 2012 2128 paralytico
2068 2058 2241 2110 dixit:

728 2170 747 2215 ᾳ
776 2152 1010 2223 Surgens
1035 2153 1161 2207 tolle
1199 2153 1476 2221 grabatum
1514 2156 1663 2202 tuum
1692 2156 1744 2201 et
1773 2148 1984 2201 ambula
2011 2146 2077 2209 ⁸³,
2109 2166 2128 2197 ι
2162 2154 2244 2198 at-

717 2258 824 2311 que
870 2244 956 2297 ille
999 2242 1140 2311 quod
1184 2242 1502 2311 imperatum
1543 2249 1625 2293 est
1662 2237 1807 2292 fecit.
1838 2236 2046 2291 Rursus
2087 2238 2245 2291 caecis

720 2334 825 2386 alio
845 2342 1103 2402 tempore,
1130 2331 1371 2386 videndae
1401 2331 1538 2384 lucis
1568 2329 1873 2382 facultatem
1898 2329 2122 2396 largitus
2143 2336 2242 2381 est.

600 2412 607 2419 ’
719 2420 856 2475 Olim
894 2436 1019 2474 vero
1063 2420 1251 2473 mulier
1295 2433 1413 2486 qua:
1444 2416 1719 2485 sanguinis
1764 2414 1909 2467 ﬂuxu
1943 2414 2238 2474 laborabat,

720 2519 773 2563 ct
803 2524 973 2563 annos
995 2509 1253 2575 plurimos
1287 2522 1349 2560 eo
1377 2521 1571 2574 genere
1608 2503 1780 2558 morbi
1813 2502 2124 2564 vexabatur,
2153 2502 2244 2555 ubi

720 2599 854 2654 vidit
907 2597 1345 2651 innumerabilem
1394 2598 1594 2649 circum
1640 2595 1787 2646 illum
1832 2591 2241 2652 multitudinem,

720 2703 840 2757 quae
872 2701 1135 2753 nusquam
1186 2686 1523 2754 permittebat
1574 2691 1634 2737 ut
1666 2682 1731 2736 ad
1774 2682 1922 2734 illum
1971 2681 2244 2733 accederet

724 2793 789 2832 ac
831 2777 1176 2845 supplicaret,
1208 2775 1684 2843 liberationemque
1729 2788 1759 2825 a
1797 2774 1982 2825 morbo
2019 2777 2242 2840 peteret,

721 2874 1016 2921 extremum
1068 2865 1210 2918 illius
1263 2869 1630 2918 vestimentum
1686 2862 1945 2931 attingere
1991 2860 2245 2913 duntaxat

721 2955 994 3023 cogitavit,
1034 2954 1190 3021 108
1215 2961 1373 3021 atque
1425 2954 1495 3004 ita
1542 2952 1739 3017 subiit;
1767 2951 2091 3017 limbumque
2122 2962 2243 3000 cum

721 3043 1180 3113 apprehendisset,
1209 3058 1313 3096 una
1355 3058 1475 3096 cum
1512 3057 1576 3096 eo
1617 3042 1944 3095 curationem
1984 3039 2242 3092 malorum

2346 1880 2709 1951 σηλευομένοις
2740 1880 3000 1940 παντοίοις
3019 1878 3267 1930 ἀσθενειῶν
3302 1876 3463 1928 εἴδεσι
3491 1892 3576 1928 κα·

2345 1971 2523 2040 μένοις
2548 1969 2643 2038 τὴν
2674 1970 2811 2021 ἴασιν
2837 1968 3063 2036 ἀφθόνως
3082 1967 3405 2037 δωρούμενος.
3436 1967 3548 2019 Καὶ

2344 2059 2505 2127 ἔφησε
2538 2056 2913 2127 παραλυτικῷ·
2953 2076 2971 2105 ι
3008 2056 3231 2118 Ἀναστὰς
3261 2051 3385 2126 ἆρον
3417 2057 3511 2108 τὸν
3540 2074 3575 2108 κ

2346 2165 2456 2213 σου,
2482 2150 2573 2201 καὶ
2599 2147 2876 2217 περιπάτει
2905 2162 2917 2173 ·
2950 2163 2967 2194 ι
3001 2147 3027 2197 ὁ
3047 2145 3097 2197 δὲ
3131 2145 3184 2197 τὸ
3209 2145 3490 2198 κελευσθὲν
3523 2149 3576 2198 ὲτ

2345 2241 2491 2308 φλοῐς
2517 2239 2572 2291 δὲ
2605 2237 2758 2291 πάλιν
2782 2235 2962 2289 ἄλλοτε
3000 2235 3060 2287 τά
3089 2235 3329 2304 βλεπτικά
3354 2235 3450 2287 τοῦ
3481 2253 3576 2303 τρωλ

2346 2330 2482 2393 ζετο.
2511 2328 2644 2395 Ἤδη
2675 2326 2732 2378 δέ
2768 2343 2896 2378 ποτε
2936 2326 3023 2378 καὶ
3061 2325 3407 2396 αἱμορροοῦσα
3454 2328 3576 2393 γυνέ

2345 2418 2477 2470 ἐτῶν
2522 2416 2779 2486 περιόδοις
2816 2415 2950 2484 πρὸς
2996 2415 3081 2468 τοῦ
3133 2415 3326 2477 πάθους
3381 2433 3566 2468 κατατ

2347 2507 2524 2577 ἐπειδὴ
2556 2506 2696 2577 ἐώρα
2730 2505 2893 2575 μυρία
2924 2504 3088 2575 πλήθη
3110 2504 3404 2557 κυκλοῦντο.
3438 2507 3576 2559 αὐτὶ

2344 2597 2524 2666 δαμῶς
2547 2594 2899 2665 ἐπιτρέποντα
2925 2593 3055 2663 αὐτῇ
3081 2593 3440 2662 γονυπετῆσσῖι
3476 2613 3576 2667 πρε

2344 2687 2435 2740 τοῦ
2481 2704 2537 2738 τε
2582 2685 2779 2746 πάθους
2809 2682 2904 2752 τὴν
2947 2683 3249 2754 ἀπαλλαγὴν
3276 2681 3576 2755 ἐξαιτήσας

2345 2778 2438 2830 καὶ
2461 2777 2624 2847 ἄκρου
2645 2773 2736 2826 τοῦ
2759 2773 2966 2842 ἱματίου
2989 2774 3326 2843 προσψαῦσαι
3349 2776 3532 2845 μόνον
3551 2778 3576 2829 δ

2345 2865 2606 2927 ὑποδύνει,
2626 2865 2719 2917 καὶ
2748 2862 2839 2914 τοῦ
2869 2864 3168 2934 κρασπέδου
3197 2864 3576 2937 ὲπιλαδομὲν·

2344 2955 2441 3023 τῆς
2482 2955 2587 3006 τῶν
2618 2952 2801 3006 κακῶν
2852 2954 3039 3015 ἰάσεως
3083 2954 3421 3020 ἐπελάϐετο,
3467 2976 3562 3010 πα

2347 3042 2501 3113 ὑγιὴς
2528 3037 2594 3112 ἦν
2614 3081 2630 3104 ,
2658 3042 2755 3111 τῆς
2797 3040 2891 3092 τοῦ
2928 3041 3178 3110 Σωτῆρος
3208 3044 3375 3112 ημῶν
3409 3046 3572 3100 ὲνθέι

723 3130 1095 3199 apprehendit,
1138 3140 1297 3200 atque
1329 3132 1471 3183 illico
1511 3145 1640 3184 sana
1688 3130 1881 3192 evasit,
1920 3128 1999 3183 sic
2031 3126 2243 3196 quidem

2043 3126 2243 3196 quidem
2271 3130 2313 3189 C
2342 3132 2533 3201 δεῖγμα
2559 3130 2804 3201 μέγιστον
2837 3129 3292 3201 ὲπικομιζομένη.
3341 3134 3568 3200 ’Ἄλλος

722 3223 915 3279 divina:
946 3222 1240 3276 Salvatoris
1271 3224 1441 3276 nostri
1469 3222 1682 3275 virtutis
1712 3222 1997 3273 maximum
2037 3220 2247 3288 signum

720 3321 1025 3381 reportans.
1047 3313 1198 3367 Alius
1219 3323 1394 3368 autem
1418 3313 1635 3381 quidam
1666 3312 1748 3364 vir
1775 3312 2012 3380 regulus,
2041 3324 2161 3364 cum
2182 3307 2248 3361 ad

720 3397 848 3454 Iesu
884 3402 1044 3469 pedes
1077 3402 1379 3462 cecidisset,
1413 3402 1576 3454 lilium
1608 3400 1700 3469 qui
1734 3400 2025 3470 aegrotabat
2050 3397 2246 3453 evesti-

723 3491 809 3559 gio
838 3505 1027 3545 sanum
1067 3492 1289 3561 recepit.
1330 3491 1515 3544 Filiam
1556 3491 1683 3544 item
1714 3490 1871 3552 alius,
1904 3490 1994 3558 qui
2017 3486 2250 3541 Iudaica:

726 3576 1015 3648 Synagoga:
1054 3580 1299 3649 princeps
1337 3588 1470 3644 erat,
1516 3589 1569 3634 et
1603 3580 1690 3633 hic
1728 3579 1939 3648 quidem
1959 3578 2065 3645 jam
2105 3590 2250 3629 mor-

723 3680 889 3723 tuam.
915 3668 1048 3734 Quid
1079 3685 1204 3724 vero
1231 3670 1430 3734 dicam,
1453 3670 1596 3739 quod
1618 3670 1756 3724 alius
1778 3672 1886 3738 jam
1908 3667 2247 3737 quatriduum

723 3769 989 3819 mortuus,
1033 3759 1228 3814 virtute
1253 3760 1380 3813 Jesu
1427 3760 1690 3815 excitatus
1731 3761 1847 3815 est?
1876 3760 1957 3813 vel
2001 3758 2141 3827 quod
2193 3757 2249 3809 in

725 3846 860 3898 mari
891 3854 1141 3916 tanquam
1176 3848 1229 3900 in
1258 3857 1397 3902 terra
1439 3864 1543 3918 qua
1569 3851 1781 3917 publice
1809 3850 1917 3902 itur
1945 3848 2070 3902 olim
2098 3845 2248 3916 pedi-

723 3933 828 3989 bus
864 3934 1134 4000 ingressus
1171 3944 1271 3998 est,
1316 3938 1483 4006 ipsius
1524 3939 1733 3992 interim
1774 3937 2054 4007 discipulis
2097 3936 2249 3989 navi-

724 4022 1011 4091 gantibus?
1056 4030 1108 4077 et
1152 4027 1291 4093 quod
1322 4026 1479 4081 iidem
1517 4042 1639 4081 cum
1673 4026 1895 4081 adversa
1936 4032 2248 4095 tempestate

726 4111 1074 4179 agitarentur,
1115 4130 1281 4181 mare,
1312 4116 1524 4181 ﬂuctus,
1562 4126 1747 4173 ventos
1777 4117 2060 4186 increpuit,
2089 4124 2247 4184 atque

726 4200 905 4252 omnia
934 4202 1177 4269 protinus
1212 4212 1464 4274 tanquam
1502 4207 1710 4261 Domini
1745 4222 1924 4261 vocem
1957 4205 2248 4259 formidan-

727 4290 801 4342 tia
849 4292 1225 4346 constiterunt.
1286 4293 1419 4348 Cum
1459 4311 1587 4350 vero
1626 4298 1860 4365 quinque
1900 4297 2062 4349 millia
2099 4296 2246 4349 viro-

725 4397 868 4445 rum,
926 4397 1029 4436 una
1092 4398 1213 4435 cum
1264 4384 1636 4440 innumerabili
1690 4387 2004 4440 feminarum
2055 4400 2243 4454 puero-

726 4489 951 4543 rumque
976 4473 1317 4527 multitudine
1354 4475 1591 4545 quinque
1630 4493 1736 4531 non
1767 4476 1992 4545 amplius
2019 4477 2244 4544 panibus

725 4564 934 4619 abunde
961 4564 1224 4633 quondam
1255 4566 1595 4628 saturaverit,
1627 4565 1781 4628 adeo,
1812 4575 1868 4620 ut
1901 4580 2019 4635 qua:
2052 4580 2243 4634 super

728 4657 943 4712 fuerunt
987 4655 1244 4723 reliquiae,
1283 4655 1561 4709 duodecim
1599 4657 1857 4725 cophinos
1895 4657 2114 4726 implere
2150 4670 2251 4724 po-

729 4744 947 4805 tuerint,
1004 4757 1160 4810 quem
1216 4757 1321 4795 non
1367 4750 1583 4811 stupore
1628 4743 1898 4797 aﬂccerit?
1949 4753 2040 4796 aut
2086 4759 2242 4813 quem

726 4845 833 4882 non
865 4830 1055 4884 merito
1087 4829 1152 4882 ad
1199 4829 1538 4896 quaerendum
1583 4830 1650 4885 de
1703 4831 1867 4899 ipsius
1913 4845 2108 4885 arcana
2151 4844 2245 4883 oc-

728 4919 975 4986 cultaque
1001 4921 1198 4973 virtute
1240 4920 1586 4974 excitaverit?
1632 4921 1725 4975 sed
1764 4938 1829 4976 ne
1860 4922 1988 4974 mihi
2022 4937 2162 4976 nunc
2192 4922 2246 4975 in

731 5004 942 5071 longum
994 5008 1153 5061 nimis
1194 5008 1422 5062 ducatur
1466 5010 1658 5073 oratio,
1701 5021 1967 5079 postrema
2009 5013 2244 5065 omnium

729 5090 873 5143 illius
908 5108 1053 5146 mors
1089 5107 1402 5163 exponatur,
1437 5114 1556 5168 qua:
1580 5115 1685 5153 non
1712 5101 1978 5155 communi
2018 5101 2253 5169 reliquo-

728 5193 847 5232 rum
879 5180 1148 5234 hominum
1179 5200 1325 5241 more
1352 5191 1575 5245 exstitit.
1598 5190 1711 5245 Non
1741 5192 1884 5245 enim
1909 5190 2095 5244 morbo
2120 5204 2250 5242 con-

729 5274 998 5336 sumptus,
1038 5281 1099 5320 ac
1134 5286 1199 5323 ne
1228 5274 1416 5342 laqueo
1463 5279 1699 5348 quidem,
1748 5288 1841 5335 aut
1888 5280 2045 5347 igne:
2072 5292 2243 5345 neque

730 5370 858 5411 vero
897 5354 966 5408 ad
1014 5368 1214 5408 morem
1248 5363 1592 5435 reliquorum,
1633 5372 1722 5440 qui
1763 5371 1833 5425 ob
1877 5371 2078 5425 scelera
2122 5381 2241 5429 sua,

731 5452 906 5509 crucis
944 5450 1204 5518 supplicio
1233 5455 1364 5510 allici
1394 5462 1587 5531 solent,
1623 5467 1870 5524 cruribus
1897 5464 2077 5520 itidem
2102 5462 2243 5518 ferro

800 5625 845 5657 ”
873 5622 1037 5678 lare.
1070 5636 1130 5686 ιι,
1154 5622 1331 5683 9-H.

2345 3221 2489 3284 λικδς
2513 3221 2646 3291 ἀνὴρ
2689 3219 2869 3283 κακῶς
2899 3219 3090 3289 ἔχοντα
3121 3222 3214 3273 τὸν
3244 3224 3430 3278 παῖδα
3450 3267 3468 3291 ,
3512 3246 3566 3279 π

2356 3310 2545 3382 Ἰησοῦ,
2577 3309 2908 3380 παραχρῆμα
2938 3310 3075 3362 σῶον
3106 3311 3531 3381 ἀπελάμϐανε.
3558 3320 3569 3341 ³

2345 3402 2499 3455 πάλιν
2518 3401 2691 3463 ἄλλος,
2732 3398 2991 3452 Ἰουδαίων
3019 3398 3077 3450 δὲ
3105 3400 3567 3473 ἁρχισυνάγωγ.

2344 3507 2432 3553 τος
2460 3491 2557 3560 ήδη
2588 3490 2679 3542 καὶ
2708 3487 2991 3541 θανοῦσαν.
3026 3488 3095 3538 Τί
3138 3489 3227 3541 δεῖ
3271 3490 3486 3559 λέγειν
3548 3514 3565 3546 ι

2344 3579 2496 3642 ἄλλος
2521 3578 2742 3648 δυνάμει
2763 3577 2855 3629 τοῦ
2890 3577 3070 3645 Ἰησοῦ
3098 3579 3314 3647 νεκρὸς
3353 3584 3561 3655 ὴγείρ

2345 3670 2624 3737 θαλάττης,
2646 3662 2732 3719 οἷα
2751 3667 2840 3720 ἐπὶ
2857 3666 3147 3738 λεωφόρου
3173 3670 3315 3738 γῆς,
3338 3676 3564 3743 πορείι

2349 3777 2524 3830 μενος,
2547 3758 2650 3811 τῶν
2679 3756 2836 3809 αὐτοῦ
2867 3756 3137 3828 μαθητῶν
3172 3760 3565 3828 ὲμπλεόντω

2347 3847 2650 3923 μασθέντων
2683 3845 2976 3914 ἐπετίμησε
3022 3849 3098 3916 τῇ
3146 3846 3455 3923 θαλάσσῃ
3512 3873 3562 3908 κ

2345 3939 2437 3990 καὶ⁹
2479 3939 2585 3998 τοῖς
2620 3935 2835 4003 ἀνέμοις
2857 3973 2872 3997 ,
2923 3935 3024 3987 καὶ
3058 3937 3270 3989 πάντα
3307 3956 3394 4006 γε
3438 3942 3566 3997 ’ἐστ

2343 4022 2429 4080 οἶα
2452 4024 2702 4077 δεσπότου
2734 4023 2910 4092 φωνὴν
2938 4025 3464 4096 καταπτήξαντσ.
3492 4049 3518 4098 ;

2342 4116 2435 4177 δας
2456 4113 2658 4184 ἀνδρῶν
2687 4114 3164 4183 συνεπιπαρόντος
3190 4135 3278 4187 μυ
3288 4119 3441 4187 ρίου
3474 4126 3570 4178 ἃ).

2344 4206 2435 4259 καὶ
2461 4204 2660 4256 παίδων
2684 4201 2935 4272 πλήθους,
2957 4203 3034 4255 ὲκ
3057 4204 3257 4257 πέντε
3293 4208 3418 4262 τὸν
3463 4214 3570 4285 ἀρ

2344 4296 2498 4366 κόρον
2545 4292 2863 4364 πληρώσας,
2909 4294 2989 4356 ὡς
3065 4295 3186 4347 καὶ
3249 4307 3570 4369 περιττό

2277 4437 2318 4490 D
2348 4384 2502 4438 ἱκανὰ
2521 4380 2587 4454 ἦν
2607 4384 2884 4454 πληρῶσαι
2911 4382 3157 4437 δώδεκα.
3181 4388 3549 4457 κοφίνους

2344 4474 2409 4527 ἂν
2454 4472 2736 4543 ἐκπλήξει,
2768 4472 2858 4526 καλ⁸
2892 4472 2989 4524 ἐπὶ
3029 4471 3329 4542 ζήτησίν
3388 4495 3487 4546 γε

2345 4566 2502 4618 αὐτὸν
2533 4565 2835 4633 ἀπορρήτου
2872 4563 3209 4632 δυνάμεως
3273 4569 3568 4626 bucula!

2349 4657 2419 4725 μή
2457 4672 2543 4724 μοι
2572 4654 2638 4706 τὰ
2665 4653 2757 4707 νῦν
2786 4656 2815 4705 ὁ
2839 4654 2999 4719 λόγος
3035 4656 3144 4716 εἰς
3205 4659 3515 4727 μακρὸν

2345 4746 2435 4797 ἐπὶ
2466 4745 2623 4796 πᾶσιν
2653 4742 2912 4795 ἐκκείσθω
2942 4745 2974 4795 ὁ
3012 4744 3238 4796 αὑτοῦ
3278 4745 3567 4803 θάνατε(

2345 4835 2542 4895 λοιποῖς
2581 4830 2879 4901 ἀνθρώποις
2921 4835 3462 4904 γεγενημένος.
3538 4849 3561 4891 1

2347 4922 2582 4992 φθαρεὶς,
2611 4920 2723 4973 ἀλλ’
2751 4921 2870 4973 οὐδὲ
2899 4921 3121 4993 βρόχῳ
3159 4929 3516 4993 πνιγεὶς,

2342 5011 2433 5064 τοῦ
2468 5007 2692 5081 σταυροῦ
2713 5008 2773 5063 τὸ
2792 5011 3076 5082 τρόπαιον
3104 5013 3405 5083 ὁμοίως
3443 5027 3549 5071 το

2344 5117 2456 5168 γοις
2488 5100 2810 5169 ὑποτμηθεὶς
2844 5101 3071 5174 σιδήρῳ
3133 5102 3234 5155 τὰ
3317 5108 3537 5161 σκέλε

2343 5205 2481 5250 τινος
2511 5188 2806 5261 ἀνθρώπων
2849 5192 3058 5247 παθών
3120 5208 3197 5244 τι
3257 5193 3425 5245 τῶν
3503 5203 3527 5252 ς’

2348 5279 2513 5349 βίαιον
2548 5280 2806 5351 ὑπέμεινε
2831 5285 3130 5356 τελευτὴν
3160 5324 3183 5348 ,
3226 5281 3397 5336 ἀλλ’
3464 5290 3511 5341 ιῖ

2348 5370 2626 5440 παρεδίδου
2671 5380 2786 5444 τοῖς
2842 5377 3368 5438 ἐπιϐουλεύουσι
3419 5382 3499 5435 τὶ

2350 5462 2445 5532 μὲν
2475 5462 2580 5517 ἀπδ
2599 5466 2699 5539 γῆς
2719 5475 2942 5545 αὐτίκα,
2968 5475 3167 5533 κᾶπε
3179 5486 3299 5523 ιτα
3334 5472 3481 5526 ἐπὶ
