3862 6360
256 328 322 418 ίθ)
1172 378 1800 435 DEMONSTRATIONIS

1902 366 2292 434 VANGELIC/E
2320 373 2445 431 LIB.
2488 374 2574 431 111.

3335 383 3358 436 Ι
3367 383 3434 439 98

212 479 374 551 μέγα.
398 478 491 527 καὶ
520 473 603 544 τῷ
647 477 844 549 Πατρὶ
892 492 1243 558 παρατιθεὶς
1271 494 1329 546 τδ
1360 494 1599 564 πνεῦμα,
1645 493 1800 546 εἰπὼν

1909 491 2153 553 succisis,
2200 503 2374 557 neque
2421 490 2642 543 omnino
2675 493 2963 562 quidquam
3007 493 3076 547 ab
3119 492 3226 546 ullo
3257 493 3436 547 homi-

220 566 377 629 αὺτοῖς
414 566 658 635 ῥήμασιν
678 582 695 599 ⁸
734 587 754 619 ι
786 571 1006 646 Πάτερ
1028 618 1045 642 ,
1080 584 1162 645 εἰς
1195 584 1374 652 χεῖράς
1406 600 1496 636 σου
1523 583 1806 654 παρατίθε-

243 671 319 743 μαι
344 655 397 708 τδ
424 656 648 727 πνεῦμά
687 675 797 728 μου
824 700 843 724 ,
882 683 905 713 ›
946 667 1137 733 οὕτως
1170 673 1362 740 ἄφετος
1404 673 1495 724 καὶ
1535 672 1806 743 ἐλεύθερος

255 742 372 809 αὑτὸς
414 746 503 814 ἀφ’
535 746 740 801 ἑαυτοῦ
770 749 884 820 τὴν
921 756 996 807 ὲκ
1032 758 1130 810 τοῦ
1165 758 1406 828 σώματος
1434 742 1802 830 ἀναχώρησιν,

242 837 373 889 ταυτὶ
397 836 651 905 πρόσθες,
690 839 974 896 ἐποιεῖτο.
1010 842 1147 900 Εἶτα
1172 847 1228 899 δὲ
1252 848 1343 899 τοῦ
1374 847 1616 917 σώματος
1646 849 1804 902 αὑτοῦ

246 921 509 994 ληφθέντος
534 928 675 997 πρὸς
701 930 818 982 τῶν
863 935 1173 1005 γνωρίμων
1192 976 1206 1000 ,
1233 938 1325 989 καὶ
1360 940 1424 1007 τῇ
1464 939 1804 1009 προσηκούσῃ

270 1018 615 1086 παραδοθέντος
684 1024 842 1091 ταφῇ
867 1062 883 1086 ,
951 1028 1195 1095 τριταῖος
1250 1022 1401 1088 αὖθις
1464 1027 1805 1096 ἀπελάμϐανε

252 1104 425 1171 τοῦτο,
485 1109 513 1161 ὃ
562 1110 698 1179 πρὶν
752 1111 1131 1185 ἀναχωρήσας
1181 1115 1316 1168 ἑκὼν
1381 1116 1649 1168 κατέθετο.
1700 1118 1807 1169 Καὶ

274 1192 465 1252 δείκνυσί
510 1215 576 1265 γε
629 1199 801 1252 πάλιν
853 1202 1021 1267 αὐτὸς
1069 1204 1252 1257 ἑαυτὸν
1301 1204 1581 1274 ένσαρκον,
1641 1204 1804 1257 ἐνσω-

282 1305 372 1356 μον,
420 1288 583 1339 αὑτὸν
646 1290 866 1342 ἐκεῖνον
889 1330 905 1354 ,
962 1287 1074 1354 οἷος
1132 1294 1224 1346 καὶ
1265 1293 1324 1345 τὸ
1379 1295 1503 1363 πρὶν
1553 1291 1647 1364 ἦν,
1696 1297 1805 1357 τοῖς

275 1380 451 1440 οἰκείοις
484 1379 767 1447 μαθηταῖς
785 1420 800 1443 ,
826 1378 910 1442 οἷς
940 1383 1037 1434 καὶ
1079 1383 1169 1435 ἐπὶ
1200 1384 1367 1453 βραχὺ
1395 1384 1684 1455 ὁμιλήσας,
1715 1386 1805 1437 καί

270 1483 355 1519 τινα
413 1468 813 1537 συνδιατρίψας
861 1472 1052 1540 χρόνον
1076 1509 1091 1533 ,
1132 1472 1330 1524 ἄνεισιν
1376 1472 1493 1524 ὅθεν
1551 1473 1643 1524 καὶ
1666 1489 1804 1542 παρ-

264 1557 335 1623 ῆν,
356 1558 444 1609 ὑπ’
471 1558 789 1628 ὀφθαλμοῖς
826 1559 1009 1612 αὐτῶν
1041 1560 1135 1630 τὴν
1188 1564 1267 1623 εἰς
1308 1563 1561 1631 οὐρανοὺς
1588 1563 1805 1632 πορείαν

260 1645 618 1714 στειλάμενοςο
659 1641 748 1708 οἷς
795 1647 861 1716 δὴ
896 1647 991 1698 καί⁵
1036 1647 1307 1718 ὑποθήκας
1355 1650 1479 1718 περὶ
1527 1648 1632 1700 τῶν
1664 1665 1803 1718 πρα-

254 1735 402 1787 κτέων
443 1735 766 1805 παραδοὺς,
812 1736 1161 1799 διδασκάλους
1205 1736 1311 1789 τῶν
1352 1737 1516 1789 ἐθνῶν
1555 1738 1804 1790 ἁπάντων

244 1822 326 1893 τῆς
346 1824 620 1877 ἀνωτάτω
656 1823 971 1887 θεοσεϐείας
998 1826 1258 1896 ἀπέφηνε.
1299 1826 1527 1878 Τοιαῦτα
1561 1827 1713 1896 ἡμῶν
1735 1827 1802 1878 τὰ
1837 1812 1875 1866 Β

240 1912 587 1983 τυολυὺμνητα
646 1913 755 1983 τῆς
800 1913 1004 1983 ἀρετῆς
1061 1913 1339 1983 θαύματαο
1385 1913 1550 1967 ταῦτα
1598 1915 1694 1984 τῆς
1747 1918 1806 1968 ὲν

230 2002 369 2072 αὐτῷ
402 2003 678 2073 θεότητος
732 2002 804 2054 τὰ
848 2003 1146 2072 τεκμήρια·
1187 1998 1357 2054 ταῦτα
1402 2003 1492 2055 καὶ
1535 2003 1684 2054 αὐτοὶ
1721 2002 1806 2055 λο-

225 2092 404 2163 γισμῷ
440 2092 702 2162 σώφρονι
732 2091 1177 2161 τεθαυμάκαμεν,
1197 2092 1619 2162 βεϐασανισμένῃ
1639 2109 1693 2145 τε
1714 2094 1805 2145 καὶ

218 2183 578 2253 ἐξητασμένη
614 2183 809 2253 κρίσει
854 2182 1270 2252 κατεδεξάμεθα.
1319 2182 1629 2251 Ἐξήτασται
1680 2186 1805 2253 παρ’

215 2274 350 2340 ἡμῖν
395 2274 499 2325 καὶ
550 2272 957 2341 βεϐασάνισται
1004 2272 1096 2324 καὶ
1133 2272 1199 2323 δι’
1240 2271 1435 2342 ἐτέρων
1476 2271 1804 2340 πραγμάτων

209 2363 474 2434 ἐναργῶν
508 2364 707 2415 πάντα
747 2362 1127 2414 καλυπτόντων
1157 2362 1331 2429 λόγον,
1363 2361 1431 2413 δι’
1479 2355 1550 2414 ὧν
1590 2362 1746 2424 αὐτὸς
1776 2362 1806 2413 ὁ

206 2452 428 2523 Κύριος
472 2453 646 2522 ἡμῶν
682 2452 857 2503 εἰσέτι
882 2453 975 2503 καὶ
1014 2451 1105 2503 νῦν
1136 2447 1214 2513 οἷς
1246 2451 1311 2503 ἂν
1342 2451 1591 2519 κρίνειεν,
1640 2452 1806 2520 μικρά

203 2556 338 2594 τινα
367 2545 476 2613 τῆς
522 2541 708 2595 αὐτοῦ
737 2541 1019 2610 δυνάμεως
1056 2541 1409 2610 παραφαίνειν
1445 2539 1618 2592 εἴωθε.
1661 2541 1803 2611 Πλὴν

198 2631 352 2685 ἀλλά
382 2634 485 2685 καὶ
524 2636 598 2701 τῇ
636 2631 981 2700 λογικωτέρα
1024 2629 1244 2699 μεθόδῳ,
1274 2630 1339 2699 ἢν
1365 2630 1650 2699 προσάγειν
1682 2629 1803 2681 εἰώ-

198 2716 393 2789 θαμεν
423 2722 543 2781 τοῖς
588 2719 657 2770 οὐ
698 2718 1159 2786 παραδεχομένοις
1187 2717 1255 2769 τὰ
1288 2717 1665 2789 προειρημένα,
1691 2716 1803 2770 ἀλλ’

196 2809 339 2878 ἦτοι
373 2807 675 2869 παντελῶς
700 2806 1021 2860 ἀπιστοῦσιν
1046 2806 1242 2868 αὐτοῖς,
1274 2807 1365 2858 καὶ
1397 2805 1559 2875 μηδὲν
1580 2804 1802 2857 καθόλου

197 2901 508 2966 γεγονέναι
535 2898 792 2951 τοιοῦτον
823 2895 958 2966 πρὸς
989 2895 1151 2948 αὐτοῦ
1183 2895 1492 2963 φάσκουσιν,
1531 2895 1564 2963 ἣ
1593 2895 1807 2962 γεγονέ-

197 3004 309 3041 ναι
345 2991 473 3059 μὲν,
507 2987 758 3057 γοητικά
802 2986 859 3038 δὲ
890 2985 1061 3047 ἄλλως
1098 2984 1190 3037 ἐπὶ
1224 2984 1392 3053 πλάνῃ
1424 2983 1528 3035 τῶν
1561 2983 1803 3053 ὁρώντων

196 3080 373 3133 ὡσὰν
399 3083 495 3135 ὑπ’
530 3080 736 3151 ἀνδρὸς
769 3077 971 3130 πλάνου
1016 3078 1302 3145 ἀναγκαῖον
1332 3075 1624 3127 ἐπιθέσθαι.
1656 3077 1716 3128 Εἰ
1746 3075 1802 3127 δὲ

201 3173 331 3241 χρὴ
371 3173 471 3224 καὶ
497 3172 596 3223 ἐπὶ
627 3169 727 3222 τοῦ
772 3169 1035 3238 παρόντος
1078 3164 1279 3235 βραχέα
1320 3163 1454 3233 πρὸς
1497 3164 1619 3227 τοὺς
1654 3164 1800 3233 δεδη-

203 3260 508 3330 λωμένους
567 3260 862 3328 ἐνστῆναι,
924 3257 1021 3309 οὐκ
1072 3255 1466 3324 ἀπολειφόμεθα
1532 3253 1758 3325 σπουδῆς
1780 3269 1794 3283 ’

210 3350 410 3414 ἄλλως
430 3351 487 3403 δέ
513 3367 635 3412 πως
669 3350 854 3409 αὐτοῖς
883 3347 1289 3415 ἀπαντήσομενς

1905 596 2032 635 num
2062 594 2273 649 passus,
2305 593 2493 633 eorum
2521 581 2612 649 qui
2643 581 2775 637 alios
2800 598 2992 637 necare
3020 594 3431 645 consueverunt,

1902 670 2147 722 violenta:
2205 667 2395 722 mortis
2446 684 2613 737 genus
2658 670 2825 723 ullum
2886 672 3121 739 pertulit.
3180 669 3284 725 Sed
3340 673 3433 727 ubi

1906 758 2080 827 ipsum
2109 759 2366 812 duntaxat
2392 766 2583 826 sponte
2611 761 2838 826 praebuit
2868 760 3100 814 inimicis
3130 760 3434 814 insidianti—

1902 850 2004 906 bus
2033 863 2247 918 corpus,
2277 855 2391 902 tum
2429 856 2640 903 erectus
2666 857 2744 903 est
2782 863 2813 901 a
2849 858 2989 902 terra
3036 851 3197 906 illico.
3233 850 3432 905 Deinde

1904 941 1958 995 in
1988 941 2130 1009 ligno
2169 952 2359 1008 magna
2406 953 2539 992 voce
2569 939 2828 1000 clamans,
2887 946 2939 991 et
2986 937 3131 992 Patri
3182 942 3428 1008 spiritum

1902 1028 2302 1092 commendans,
2339 1034 2498 1095 atque
2523 1026 2635 1079 ιιωο
2665 1027 2730 1079 ad
2775 1027 2994 1080 verbum
3025 1027 3207 1082 dicens
3232 1047 3246 1081 :
3278 1046 3296 1079 ι
3327 1027 3431 1083 Pa-

1903 1129 2002 1182 ter,
2028 1121 2082 1173 in
2110 1131 2300 1172 manus
2331 1125 2452 1171 tuas
2481 1117 2796 1171 commendo
2822 1117 3066 1185 spiritum
3097 1132 3270 1170 meum
3294 1119 3339 1151 “
3366 1138 3379 1172 :
3405 1137 3426 1171 ι

1904 1209 1974 1262 ita
2019 1208 2243 1261 solutus.
2264 1221 2327 1259 ac
2368 1207 2522 1269 liber,
2570 1207 2683 1275 ipse
2727 1220 2822 1274 per
2862 1206 3095 1273 seipsum
3143 1219 3173 1257 a
3207 1220 3433 1274 corpore

1903 1297 2144 1350 secessit.
2178 1294 2378 1348 Deinde
2427 1310 2548 1347 cum
2583 1309 2778 1363 corpus
2811 1294 2982 1363 ipsius
3010 1293 3313 1366 familiares
3343 1311 3432 1347 ac-

1901 1388 2187 1455 cepissent,
2213 1395 2371 1455 atque
2395 1387 2629 1440 honestae
2644 1388 2928 1455 sepulturae
2943 1387 3429 1451 commendassent,

1901 1478 2055 1530 tertio
2098 1477 2182 1529 die
2230 1490 2418 1529 rursus
2449 1475 2575 1529 illud
2609 1475 2780 1544 ipsum
2814 1477 3036 1544 recepit,
3069 1476 3214 1543 quod
3245 1461 3434 1530 videli-

1902 1574 1985 1617 cet
2020 1572 2208 1632 sponte
2237 1565 2542 1633 reliquerat.
2590 1564 2654 1616 Et
2687 1565 2766 1618 sic
2803 1581 3012 1626 rursus,
3049 1566 3163 1634 ipse
3191 1567 3432 1634 seipsum

1902 1653 1956 1705 in
2015 1668 2213 1716 carne,
2266 1652 2320 1705 in
2378 1667 2635 1720 corpore,
2692 1654 2865 1721 ipsum
2923 1654 3070 1707 illum
3137 1656 3228 1723 qui
3283 1658 3433 1724 prius

1905 1745 2095 1804 luerat,
2149 1742 2263 1796 suis
2301 1743 2534 1796 ostendit
2562 1742 2860 1810 discipulis,
2903 1743 3099 1811 quibus
3143 1758 3265 1796 cum
3298 1759 3433 1813 pauo

1903 1843 1994 1882 cos
2045 1828 2162 1882 dies
2218 1837 2496 1891 versatus,
2546 1838 2599 1882 et
2651 1844 2746 1897 per
2801 1830 3016 1899 aliquod
3071 1842 3285 1899 tempus
3331 1848 3432 1886 suo

1904 1916 2061 1970 etiam
2132 1931 2380 1970 sermone
2453 1916 2743 1985 dignatus,
2808 1919 2936 1971 illuc
3002 1934 3248 1973 reversus
3306 1930 3428 1983 est,

1903 2006 2043 2058 unde
2081 2006 2254 2059 oculis
2289 2006 2499 2059 illorum
2555 2021 2613 2060 se
2663 2006 2949 2070 obtulerat,
2997 2008 3180 2075 sicque
3216 2010 3316 2062 iter
3361 2009 3431 2063 ad

1905 2093 2058 2161 109
2095 2095 2289 2147 caelum
2325 2096 2537 2148 direxit.
2582 2095 2769 2149 Iisdem
2807 2111 2955 2158 vero,
2988 2111 3109 2149 cum
3165 2107 3431 2167 praecepta

1901 2197 2112 2250 quoque
2141 2183 2205 2235 de
2230 2183 2390 2236 rebus
2424 2184 2641 2251 agendis
2671 2184 3000 2248 tradidisset,
3039 2187 3254 2241 eosdem
3287 2189 3431 2257 apud

1901 2286 2085 2325 omnes
2135 2280 2319 2338 gentes
2353 2287 2614 2340 suprema:
2658 2273 2929 2341 religionis
2961 2274 3215 2329 doctores
3246 2276 3429 2330 decla-

1899 2361 2056 2413 ravit.
2100 2359 2221 2413 Haec
2261 2377 2390 2415 sane
2443 2370 2570 2416 sunt
2607 2362 2855 2426 virtutis,
2899 2379 3017 2432 qua
3057 2365 3109 2418 in
3156 2365 3431 2423 Salvatore

1902 2458 2086 2503 nostro
2129 2458 2263 2513 erat,
2316 2453 2555 2520 apprime
2607 2452 2921 2505 celebranda
2965 2453 3223 2507 miracula
3264 2473 3278 2509 :
3316 2457 3429 2509 haec

1901 2536 2214 2601 divinitatis,
2245 2554 2364 2606 qua:
2394 2540 2447 2591 in
2483 2539 2574 2591 illo
2611 2545 2727 2591 erat
2764 2538 2959 2592 indicia
2987 2555 3000 2589 :
3030 2540 3142 2593 hac
3172 2542 3272 2611 ipsi
3291 2558 3429 2611 quo-

1900 2639 2004 2693 que
2038 2634 2185 2679 casta
2222 2627 2572 2679 aestimatione
2609 2627 2855 2679 admirati
2891 2643 3097 2691 sumus,
3125 2632 3430 2698 explorato-

1900 2730 2002 2783 que
2030 2723 2185 2783 atque
2230 2717 2497 2784 exquisito
2539 2716 2743 2783 judicio
2788 2718 3109 2784 recepimus.
3153 2719 3430 2787 Exquisita

1901 2819 2028 2858 sane
2057 2805 2168 2858 haec
2196 2820 2226 2857 a
2261 2805 2437 2867 nobis,
2466 2807 2843 2874 explorataque
2873 2815 3019 2870 sunt,
3069 2808 3189 2862 aliis
3217 2823 3431 2877 quoque

1900 2894 2237 2948 evidentibus
2293 2895 2452 2948 rebus
2482 2933 2497 2958 ,
2543 2909 2861 2963 omnemque
2930 2896 3289 2964 aperientibus
3341 2913 3434 2951 ra-

1903 2984 2119 3046 tionem,
2148 2985 2340 3052 quibus
2361 2986 2473 3052 ipse
2503 2984 2759 3040 Dominus
2788 2993 2969 3039 noster
2991 2987 3152 3040 etiam
3175 3003 3318 3041 nunc
3339 2988 3431 3052 iis,

1900 3088 2034 3142 quos
2063 3074 2253 3143 dignos
2280 3075 2560 3142 putaverit,
2595 3075 2783 3143 exigua
2812 3075 3054 3144 quaedam
3081 3090 3193 3129 suae
3218 3076 3433 3130 virtutis

1900 3164 2049 3231 signa
2082 3164 2364 3218 ostendere
2384 3165 2680 3218 consuevit.
2710 3163 2849 3229 Quin
2871 3165 3033 3217 etiam
3061 3164 3340 3218 subtiliore
3368 3180 3432 3219 ac

1901 3255 2127 3317 certiore
2148 3255 2393 3307 doctrina
2432 3254 2570 3306 idem
2607 3269 2637 3305 a
2660 3254 2813 3307 nobis
2842 3252 3089 3306 effectum
3116 3260 3197 3306 est
3224 3271 3237 3306 :
3269 3268 3429 3321 quam

1899 3344 2111 3412 quidem
2150 3344 2216 3397 iis
2244 3343 2495 3396 adhibere
2517 3343 2913 3406 consuevimus,
2947 3348 3036 3411 qui
3059 3357 3122 3396 ea
3142 3357 3262 3410 qua:
3285 3344 3433 3396 dicta

220 3449 365 3495 sunt
411 3458 520 3496 non
564 3440 903 3499 concedunt,
947 3438 1041 3491 sed
1081 3438 1281 3490 nullam
1310 3451 1532 3505 prorsus
1570 3436 1637 3491 iis
1673 3434 1827 3489 ﬁdem
1864 3434 2083 3495 habent,
2115 3448 2287 3501 neque
2315 3434 2531 3485 omnino
2569 3433 2855 3500 quidquam
2902 3433 3004 3487 tale
3036 3432 3103 3484 ab
3128 3446 3192 3484 eo
3230 3430 3429 3485 factum

227 3546 363 3585 esse
394 3532 751 3593 conﬁtentur,
791 3537 886 3583 aut
918 3528 1189 3582 exstitisse
1220 3528 1309 3581 illa
1341 3527 1553 3596 quidem
1595 3541 1701 3578 non
1741 3534 1954 3594 negant,
1982 3539 2165 3580 verum
2209 3524 2429 3590 magicis
2468 3523 2770 3591 praestigiis,
2802 3522 2865 3575 ad
2923 3537 3158 3576 errorem
3216 3522 3433 3575 intuen-

239 3621 384 3674 tium
429 3630 686 3692 tanquam
723 3636 755 3674 a
782 3620 901 3672 viro
938 3619 1219 3673 seductore
1262 3617 1530 3685 imposita,
1569 3616 1710 3683 quod
1743 3618 1788 3669 si
1826 3618 1982 3670 etiam
2017 3617 2068 3668 in
2091 3614 2333 3687 praesenti
2365 3613 2622 3666 adversus
2658 3614 2793 3666 tales
2834 3627 3000 3681 pauca
3031 3612 3269 3681 quaedam
3315 3612 3429 3666 dis-

249 3720 442 3774 putare
468 3727 603 3781 opus
634 3711 732 3773 sit,
788 3723 898 3762 non
937 3708 1246 3761 deseremus
1285 3707 1518 3760 studium
1579 3705 1844 3773 inceptum
1882 3721 1894 3756 :
1937 3705 2132 3773 alioqui
2162 3717 2286 3756 vero
2328 3716 2559 3769 quonam
2600 3709 2758 3769 pacto
2802 3701 2997 3755 ibimus
3040 3700 3145 3753 illis
3179 3699 3429 3754 obviam?

254 3816 330 3871 E'.
355 3822 503 3887 Πρὸς
535 3821 677 3886 τοὺς
704 3819 1099 3887 ἀπειθοῦντας
1125 3817 1200 3883 τῇ

327 3883 492 3956 ’ὴμῶ
504 3892 633 3958 περί
652 3883 775 3941 τῶν
796 3886 1145 3954 παραδόξων
1159 3884 1426 3954 πράξεων
1442 3883 1729 3952 διηγήσει.

330 4068 390 4121 Εἰ
425 4069 485 4140 δὴ
525 4069 733 4137 λέγοιεν
772 4066 936 4137 μηδὲν
979 4065 1076 4134 τὴν
1106 4063 1275 4134 ἀρχὴν
1323 4059 1665 4129 πεποιηκέναι
1705 4058 1796 4111 τὸν

259 4152 481 4227 Σωτῆρα
528 4160 681 4230 ἡμῶν
721 4154 1055 4226 θαυμαστὸν,
1108 4152 1239 4222 μηδέ
1292 4168 1342 4202 τι
1389 4149 1679 4219 ⁸παράδοξον
1725 4142 1800 4199 ὧν

259 4238 629 4317 ὲμαρτύρησαν
678 4248 727 4297 οἰ
774 4242 1061 4313 γνώριμοι,
1094 4236 1412 4306 σκεψώμεθα
1447 4238 1494 4288 εἰ
1526 4235 1741 4298 πιθανὸς
1765 4236 1795 4287 ὁ

257 4324 412 4401 λόγος
431 4338 600 4400 αὐτοῖς
627 4336 802 4397 ἔσται,
829 4333 903 4403 μὴ
924 4333 1023 4401 τὴν
1049 4330 1219 4382 αἰτίαν
1251 4328 1453 4396 ἔχουσιν
1476 4326 1792 4388 ἀποδιδόναι,

1238 3815 1354 3868 τῶν
1394 3814 1499 3884 τοῦ
1541 3813 1800 3884 Σο)τῷος

1902 3814 1947 3869 V.
1976 3812 2229 3869 Adversus
2276 3832 2360 3869 eos
2410 3818 2498 3884 qui
2535 3832 2633 3867 non
2671 3815 2881 3867 credunt
2920 3812 3204 3868 Saluatoris
3252 3809 3419 3862 nostri

1955 3884 2246 4004 discipulis,
2287 3885 2624 3937 admirabiles
2662 3884 2805 3936 illius
2862 3899 2941 3936 res
2979 3893 3147 3952 gestas
3186 3893 3414 3932 narran-

1980 3968 1997 4004 ι
2033 3968 2113 4004 us.

1980 3968 2113 4005 ιυιιδ.

1964 4056 2093 4110 Nam
2123 4056 2169 4110 si
2202 4055 2382 4109 dicant
2407 4054 2540 4108 nihil
2570 4053 2789 4108 omnino
2829 4052 3143 4107 admirabile
3182 4051 3429 4106 Salvato-

1895 4162 2005 4201 rem
2041 4154 2303 4208 nostrum,
2332 4161 2506 4214 neque
2533 4145 2821 4214 quidquam
2864 4145 3005 4212 quod
3041 4153 3255 4213 superet
3275 4147 3423 4213 cogi-

1894 4235 2148 4287 tationem
2180 4234 2464 4285 humanam
2496 4230 2708 4298 [ecisse,
2751 4233 2926 4300 qualia
2960 4241 3085 4286 sunt
3124 4247 3242 4299 qua:
3278 4233 3423 4286 illius

1897 4320 2187 4374 familiares
2213 4320 2480 4374 testilicati
2510 4328 2654 4382 sunt,
2700 4322 2977 4375 videamus
3013 4338 3139 4374 nnm
3164 4323 3269 4376 illis
3298 4324 3423 4377 talia

254 4399 422 4493 δι’ἦν
446 4428 489 4478 οἰ
519 4428 612 4495 μὲν
646 4399 907 4495 μαθηταὶ,
942 4399 1055 4474 ea:
1081 4419 1390 4479 διδάσκαλος
1422 4417 1793 4487 ἐχρημάτισεν.

1902 4410 2198 4464 dicentibus
2224 4410 2367 4463 credi
2400 4411 2506 4462 ullo
2531 4410 2688 4463 modo
2717 4411 2908 4478 possit,
2934 4411 3131 4480 quippe
3181 4414 3271 4480 qui
3306 4415 3427 4466 nul-

256 4503 337 4563 Ὃ
377 4532 429 4568 τε
475 4516 577 4585 γὰρ
619 4515 887 4566 διδάσκων
932 4509 1258 4575 ἐπαγγελίαν
1307 4507 1618 4578 μαθήματός
1660 4523 1798 4568 τινος

254 4593 662 4670 ὲ’δἀλιγγέλλεται·
695 4604 830 4656 οἵτε
866 4597 933 4654 αὖ
972 4599 1227 4668 μαθηταὶ,
1263 4598 1586 4667 μαθημάτων
1616 4596 1799 4666 ὀρεγό-

252 4696 428 4756 μενοι,
462 4698 592 4762 σφᾶς
621 4694 817 4754 αὐτοὺς
841 4690 920 4759 τῷ
945 4688 1243 4755 διδασκάλῳ
1276 4687 1660 4756 προσφέροντες
1682 4687 1799 4736 ἐπι-

246 4783 519 4842 τρέπουσι.
550 4785 679 4836 Τίνα
692 4779 786 4834 οὖν
814 4779 969 4831 ἐστὶν
1002 4778 1177 4828 εἰπεῖν
1201 4776 1367 4827 αἰτίαν
1386 4775 1488 4827 τῶν
1503 4774 1593 4826 τοῦ
1626 4772 1794 4844 Ἰησοῦ

246 4870 498 4940 μαθητῶν
514 4873 607 4941 τῆς
623 4873 719 4925 σὺν
748 4868 901 4937 αὐτῷ
916 4868 1042 4919 διατ
1050 4863 1219 4933 ριὸἧς,
1251 4864 1339 4916 καὶ
1367 4864 1418 4915 τί
1438 4863 1494 4916 τὸ
1510 4866 1793 4931 ἀναγκαῖον

239 4954 357 5028 τῆς
384 4963 497 5032 περὶ
525 4963 685 5015 αὐτὸν
726 4958 1011 5025 σπουδῆς;
1058 4954 1216 5004 τίνων
1257 4953 1311 5004 δὲ
1355 4955 1444 5005 καὶ
1488 4952 1793 5004 διδάσκαλον

230 5034 602 5122 ὲτεεγράφοντο
652 5048 1046 5121 μαθημάτωνς
1082 5042 1153 5092 Ἦ
1182 5041 1328 5093 τοῦτο
1356 5041 1538 5108 δῆλον;
1587 5042 1793 5104 πάντως

224 5134 357 5209 γάρ
378 5156 469 5192 που
496 5135 568 5192 ὧν
588 5141 719 5209 παρ’
748 5133 924 5189 αὐτοῦ
965 5128 1230 5200 μαθόντες
1249 5128 1322 5189 εἰς
1348 5128 1555 5197 ἑτέρους
1584 5128 1799 5198 ἐξήνεγ-

213 5221 371 5302 gmw
412 5228 769 5302 παραγγελίαι
819 5224 865 5276 δ’
894 5218 1056 5291 ἦσαν
1090 5215 1229 5285 αὐτῷ
1258 5217 1531 5284 φιλοσόφου
1575 5216 1706 5284 βίου,
1738 5219 1796 5270 δν

210 5300 552 5392 ᾗεπογράφῲν
594 5317 784 5375 αὐτοῖς
830 5311 1027 5374 ἔλεγε·
1077 5323 1097 5354 ι
1147 5305 1233 5392 Μὴ
1279 5304 1541 5373 κτήσησθε
1583 5308 1796 5374 χρυσίον

198 5389 622 5480 διηόὲάργυρον
653 5405 737 5463 εἰς
770 5398 874 5458 τὰς
908 5392 1129 5457 ζώνας,
1168 5389 1235 5458 μὴ
1272 5393 1444 5460 πήραν
1486 5392 1561 5452 εἰς
1589 5392 1728 5444 ὁδόν·
1770 5413 1789 5445 ι

190 5488 317 5554 διιί
361 5503 427 5555 τὰ
479 5498 735 5554 τοιαῦτα.
782 5492 866 5560 Τῇ
919 5487 987 5539 δὲ
1053 5483 1229 5535 πάντα
1267 5482 1530 5554 διοικουσῃ
1580 5486 1811 5555 προνοίᾳ

178 5579 403 5651 *ξένοις
451 5584 764 5640 ἀναθέντας
782 5613 800 5637 ,
863 5570 1058 5642 μηδὲν
1105 5571 1383 5640 ’μεριμνᾷν
1438 5570 1540 5625 τῶν
1605 5571 1796 5642 χρειῶν

288 5698 323 5731 ⁸⁸
349 5696 471 5751 Luc.
497 5705 659 5754 nm,
682 5682 779 5739 ιϐ.

1892 4499 1996 4551 lam
2034 4499 2239 4567 possint
2283 4499 2556 4567 assignare
2595 4514 2835 4563 causam,
2878 4507 3093 4569 propter
3134 4516 3318 4568 quam,
3369 4501 3424 4555 hi

1891 4587 2104 4656 quidem
2143 4587 2285 4641 illius
2328 4588 2599 4656 discipuli,
2635 4589 2721 4642 ille
2769 4604 2897 4642 vero
2939 4589 3129 4640 horum
3171 4590 3424 4656 magister

1891 4677 2171 4731 exstiterit.
2197 4677 2329 4729 Nam
2353 4686 2407 4730 et
2432 4677 2521 4745 qui
2546 4677 2722 4739 docet,
2759 4677 2985 4744 alicujus
3004 4676 3299 4742 disciplinas
3320 4691 3427 4727 ma-

1889 4768 2115 4838 gistrum
2149 4780 2207 4819 se
2230 4766 2511 4834 proﬁtetur
2538 4785 2552 4819 :
2578 4774 2631 4819 et
2668 4767 2919 4835 discipuli
2962 4765 3084 4817 talis
3127 4765 3426 4829 disciplina:

1896 4855 2078 4924 cupidi
2101 4856 2410 4923 magistrum
2433 4856 2716 4917 adeuntes,
2744 4856 2951 4922 seipsos
2975 4853 3046 4903 illi
3079 4852 3429 4907 instruendus

1896 4944 2252 4999 committunt.
2275 4943 2443 5008 Quam
2467 4945 2627 5012 igitur
2641 4959 2855 4997 causam
2873 4938 3165 4995 istiaﬂ‘erre
3180 4951 3427 5007 possunt,

1897 5050 2061 5106 quare
2090 5034 2171 5088 sui
2195 5048 2314 5085 cum
2335 5032 2461 5086 Jesu
2483 5033 2731 5102 discipuli
2759 5029 2979 5090 versati,
3013 5025 3434 5096 frequentesque

1899 5124 2132 5179 fuerint?
2152 5131 2246 5175 aut
2274 5122 2528 5189 quidnam
2548 5124 2699 5185 illud,
2724 5133 2929 5189 quaeso,
2962 5122 3101 5177 erat,
3144 5118 3293 5183 quod
3319 5118 3440 5171 illos

1896 5215 1990 5269 tali
2023 5214 2137 5267 viro
2160 5215 2287 5266 dare
2316 5226 2531 5280 operam
2563 5211 2810 5280 cogeret?
2834 5219 3068 5277 quarum
3091 5219 3264 5271 porro
3284 5207 3446 5260 disci-

1896 5306 2161 5374 plinarum
2210 5301 2483 5354 doctorem
2531 5300 2681 5353 illum
2736 5298 2910 5352 fuisse
2959 5292 3187 5347 dicent?
3230 5309 3302 5347 an
3351 5293 3454 5344 hoe

1896 5393 2108 5464 quidem
2150 5389 2347 5443 nemini
2391 5388 2613 5442 dubium
2664 5403 2783 5444 esse
2839 5382 3064 5455 potest?
3095 5381 3268 5448 plane
3313 5378 3457 5474 enim

1900 5497 2080 5537 earnm
2103 5493 2281 5533 rerum
2308 5477 2577 5530 doctorem
2598 5477 2766 5533 fuisse
2792 5484 3039 5529 necesse
3067 5473 3174 5529 est,
3213 5478 3358 5531 quas
3372 5476 3463 5528 qui

1901 5573 1969 5628 ab
2002 5572 2092 5627 illo
2127 5567 2445 5633 didicerunt,
2488 5568 2557 5623 ad
2601 5569 2842 5640 reliquos
2889 5559 3155 5616 homines
3185 5551 3422 5605 attulere
3449 5560 3471 5598 ι
