3862 6302
772 310 869 363 199

1421 304 1680 360 EUSEBII
1717 304 2182 360 CAESARIENSIS
2217 306 2362 362 OPP.
2405 306 2577 359 PARS
2614 306 2675 358 11.
2712 331 2777 344 —-
2814 303 3191 359 APOLOGETICA.

766 424 910 492 atqui
935 428 1192 492 praecepta
1225 428 1376 474 erant
1418 421 1528 474 haec
1556 421 1936 489 philosophica
1965 423 2101 483 vitae,
2131 437 2287 489 quam

2030 437 2101 483 πω,
2131 437 2287 489 quam
2317 439 2362 490 Α
2389 423 2565 474 ἓνεκα.
2608 421 2840 490 Παρῄνει
2887 420 2928 470 δ’
2977 423 3099 482 αὐτοῖς
3133 419 3198 471 καὶ
3231 416 3309 470 τῶν
3346 405 3555 462 Ἰουδαίοιί

768 513 872 566 illis
893 511 1199 565 describens
1236 507 1483 562 dicebat:
1515 533 1531 558 ι
1567 509 1741 562 Nolite
1776 509 2048 576 possidere
2083 524 2291 568 aurum.

767 616 938 668 neque
994 605 1271 666 argentum
1315 599 1371 650 in
1412 599 1563 652 zonis
1611 599 1829 659 vestris,
1885 612 1990 650 non
2032 613 2209 666 peram
2241 601 2293 650 in

767 692 847 742 via
868 689 931 750 ⁸⁸,
967 707 985 739 ο
1014 695 1066 740 et
1093 687 1192 738 alia
1212 686 1494 754 ejusmodi.
1537 687 1752 754 Seipsos
1781 701 1904 740 vero
1929 687 2148 754 jubebat
2173 701 2296 753 pro-

762 778 1022 841 videntiae,
1040 793 1157 846 quae
1180 778 1358 832 omnia
1374 780 1653 846 gubernat,
1671 777 2123 839 commendantes,
2149 786 2201 830 et
2229 777 2294 829 ad

763 869 904 920 illam
936 868 1244 930 referentes,
1287 884 1548 937 nusquam
1581 870 1844 922 sollicitos
1881 883 2001 922 esse
2033 867 2097 920 de
2132 868 2292 920 rebus

762 958 1101 1012 necessariis.
1126 959 1458 1011 Admonebat
1493 960 1652 1012 etiam
1694 974 1807 1020 eos,
1849 967 1904 1010 ut
1940 959 2100 1010 altius
2135 973 2292 1026 sape-

761 1058 880 1103 rent
929 1051 1031 1114 iis,
1073 1066 1191 1118 quae
1221 1049 1419 1104 Judreis
1466 1068 1494 1104 a
1537 1051 1681 1105 Mose
1725 1058 1987 1120 praecepta
2031 1050 2241 1104 fuerant
2277 1064 2289 1096 :

765 1141 1081 1207 llOillum
1100 1141 1239 1192 enim
1268 1143 1436 1209 legem
1460 1141 1566 1195 illis
1600 1141 1860 1210 posuisse,
1894 1155 2000 1192 non
2026 1140 2289 1201 occidere,

760 1239 1013 1298 tanquam
1061 1230 1390 1298 proelivibus
1443 1231 1508 1284 ad
1560 1229 1907 1284 occidendum
1949 1247 1962 1282 :
2011 1231 2133 1282 item
2185 1243 2289 1280 non

760 1318 1039 1379 mmchari,
1089 1328 1340 1386 tanquam
1377 1319 1444 1372 iis
1483 1319 1572 1386 qui
1616 1316 1979 1379 lascivissimi,
2029 1326 2189 1384 atque
2236 1316 2290 1368 in

760 1407 1031 1461 libidinem
1073 1407 1476 1476 propensissimi
1505 1417 1702 1461 essent.
1738 1408 1943 1462 Rursus
1972 1421 2074 1459 nou
2101 1404 2287 1468 furari,

758 1503 1011 1564 tanquam
1051 1498 1243 1552 servile
1272 1498 1501 1550 maxime
1539 1498 1808 1566 ingenium
1837 1511 1945 1566 prae
1982 1511 2039 1550 se
2069 1495 2289 1548 ferenti-

758 1587 878 1640 bus.
909 1588 1058 1653 Ipsos
1093 1590 1222 1642 Vero
1266 1595 1515 1656 oportere
1563 1587 1835 1648 arbitrari,
1886 1586 1981 1640 has
2020 1586 2120 1640 sibi
2158 1584 2289 1654 ipsis

755 1690 1018 1744 nusquam
1046 1691 1166 1731 esse
1197 1677 1620 1730 accommodatas
1652 1677 1812 1745 leges,
1849 1675 1942 1729 sed
1971 1674 2133 1727 animi
2161 1675 2290 1726 libe-

2396 511 2662 572 Μωῡσέως
2713 509 3100 580 παρηγγελμένων
3141 506 3344 578 κρείττονα
3381 500 3556 570 φρονεῖν

2399 600 2493 668 μὲν
2535 600 2662 669 γὰρ,
2695 594 2780 650 οἷα
2809 599 3064 668 προχείροις
3083 600 3137 659 εἰς
3157 591 3440 664 ἀνδροφονίας,
3468 608 3554 658 νομ

2396 706 2482 740 σαι
2515 689 2587 758 μὴ
2616 688 2880 756 φονεύειν·
2915 687 3105 748 ὡσαύτως
3123 686 3163 737 δὲ
3187 685 3256 738 καὶ
3289 683 3346 753 μὴ
3373 679 3555 750 μοιχεὺε

2393 777 2790 845 λαγνιστάτοις,
2832 779 2921 830 καὶ
2959 775 3333 846 καταφερεστάτοις.
3364 774 3457 825 Καὶ
3495 768 3552 823 αὖ

2397 870 2469 940 μὴ
2499 869 2764 931 κλέπτειν,
2792 865 2876 920 οἶα
2907 867 3337 938 δουλοπρεπεστὰτοις.
3366 863 3542 924 Αὐτοὺς

2392 959 2606 1020 τούτους
2650 958 2744 1026 μὲν
2779 957 3004 1027 ἡγεῖσθαι
3036 957 3090 1027 μὴ
3113 957 3335 1026 προσήκειν
3366 954 3523 1013 αὐτοῖς
3549 968 3558 985 ι

2396 1064 2545 1116 μους.
2579 1047 2638 1098 τὸ
2669 1047 2710 1098 δ’
2739 1046 2937 1108 ἀπαθὲς
2960 1047 3036 1114 τῆς
3058 1045 3191 1114 ψυχῆς
3209 1044 3306 1113 περὶ
3325 1040 3491 1094 πολλοῦ
3523 1058 3558 1091 π

2392 1138 2624 1191 κάτωθεν
2656 1140 2718 1190 ὲκ
2739 1137 2929 1206 βάθους
2947 1137 3074 1204 αὐτῆς
3092 1134 3288 1195 διανοίας,
3309 1132 3470 1201 ὥσπερ
3495 1133 3558 1182 ἀπ

2390 1229 2454 1280 τὰ
2470 1229 2563 1297 τῆς
2587 1229 2776 1289 κακίας
2797 1226 3138 1295 ἀποτέμνοντας
3153 1224 3310 1292 βλαστή
3319 1239 3456 1291 ματα·
3477 1222 3558 1272 καὶ

2393 1319 2486 1387 μὲν
2512 1317 2676 1387 ὀργῆς
2708 1317 2800 1369 καὶ
2829 1316 2996 1384 πάσης
3026 1317 3204 1386 αἰσχρᾶς
3230 1312 3485 1381 ἐπιθυμίας
3510 1328 3558 1362 πε

2391 1407 2582 1477 μᾶλλον
2623 1407 2676 1459 δὲ
2727 1407 2856 1476 μηδὲ
2902 1405 3156 1476 ὀργίζεσθαι
3193 1405 3246 1457 δι’
3272 1405 3427 1472 ἄκραν
3469 1401 3558 1470 tim)

2389 1496 2555 1562 θειαν,
2605 1496 2734 1566 μηδὲ
2786 1496 3101 1566 προσϐλέπειν
3137 1497 3330 1562 γυναῖκα
3377 1493 3505 1562 μετὰ
3552 1494 3558 1541 ξ

2387 1586 2705 1638 ἀκολάστου’
2757 1586 2886 1656 μηδὲ
2940 1585 3161 1647 κλέπτειν,
3200 1584 3477 1636 τούναντίον
3521 1583 3558 1634 δὲ

2387 1677 2554 1726 οἰκεῖα
2583 1673 2858 1744 προΐεσθαι
2908 1676 3006 1734 τοῖς
3041 1673 3294 1741 δεομένοις·
3337 1671 3468 1722 ἀλλὰ
3499 1690 3558 1741 μγ

756 1765 1016 1817 rationem
1047 1767 1113 1818 ab
1133 1767 1277 1818 omni
1309 1767 1494 1818 morbo
1532 1766 1746 1834 plurimi
1773 1764 1965 1826 facere,
1997 1771 2050 1818 et
2072 1765 2139 1817 ab
2167 1764 2281 1816 imis

2021 1771 2050 1816 ει
2072 1765 2139 1817 ab
2167 1764 2287 1816 imis
2320 1763 2358 1815 Β
2387 1763 2564 1814 νεσθαι
2587 1765 2674 1815 ἐπὶ
2701 1763 2776 1832 τῷ
2811 1763 2881 1832 μὴ
2915 1764 3203 1832 ἀποστερεῖν,
3227 1761 3322 1812 ἀλλ’
3348 1762 3440 1812 ἐπὶ
3471 1763 3546 1830 τῷ

757 1855 1078 1921 partibuSﬁc
1108 1855 1173 1909 de
1201 1855 1465 1924 profundo
1489 1857 1847 1925 cogitationis,
1868 1863 2119 1922 tanquam
2143 1869 2172 1906 a
2203 1869 2288 1906 ra-

755 1944 967 1999 dicibus
1016 1945 1275 1998 malitiam
1321 1945 1666 2012 pullulantem
1716 1959 1991 2009 resecare,
2047 1945 2289 2012 iramque

755 2039 916 2102 atque
945 2048 1156 2086 omnem
1185 2032 1364 2087 minus
1398 2033 1676 2086 honestam
1706 2033 2048 2100 cupiditatem
2073 2033 2288 2086 vincere

757 2124 1024 2186 coronari,
1060 2138 1121 2176 ac
1152 2124 1330 2191 potius
1362 2139 1425 2178 ex
1464 2138 1671 2179 summa
1709 2126 1868 2177 animi
1907 2124 2288 2192 tranquillitate

768 2227 834 2264 ne
862 2211 1018 2265 irasci
1041 2213 1273 2279 quidem,
1298 2227 1471 2280 neque
1500 2213 1774 2265 mulierem
1806 2226 1926 2264 cum
1959 2212 2178 2264 libidine
2206 2211 2288 2262 in-

767 2301 923 2363 tueri,
953 2316 1014 2354 ac
1061 2317 1165 2354 non
1196 2302 1352 2354 modo
1407 2316 1511 2354 non
1564 2300 1753 2365 furari,
1799 2301 1892 2355 sed
1941 2308 2158 2365 contra,
2201 2315 2287 2352 res

764 2393 921 2444 etiam
947 2406 1074 2445 suas
1108 2391 1466 2459 indigentibus
1496 2405 1736 2458 erogare.
1760 2388 1940 2457 Neque
1979 2405 2103 2443 vero
2133 2389 2185 2440 in
2223 2403 2287 2440 eo

762 2480 999 2548 gloriari,
1048 2479 1189 2546 quod
1231 2479 1400 2532 aliena
1443 2479 1582 2531 inter
1623 2494 1680 2532 se
1718 2493 1823 2531 non
1871 2478 2159 2540 auferrent,
2194 2479 2286 2531 sed

755 2569 897 2636 quod
939 2568 1038 2628 eis,
1078 2567 1168 2633 qui
1216 2581 1274 2618 se
1313 2566 1470 2633 primi
1521 2565 1862 2633 spoliassent,
1903 2580 2112 2618 omnem
2144 2565 2284 2631 inju-

755 2655 890 2706 riam
914 2653 1258 2705 remitterent.
1281 2652 1343 2703 Et
1369 2653 1497 2720 quid
1525 2667 1661 2720 Opus
1696 2661 1778 2706 est
1805 2667 1887 2705 me
1919 2652 2097 2704 omnia
2135 2666 2286 2718 repe-

755 2753 886 2802 tere,
921 2755 1253 2809 quaecunque
1281 2749 1373 2792 aut
1404 2741 1490 2794 ille
1513 2741 1716 2804 docuit,
1738 2748 1829 2793 aut
1851 2740 1925 2792 illi
1953 2739 2286 2792 didicerunt?

755 2846 878 2885 nam
909 2839 1099 2899 praeter
1120 2838 1334 2890 caetera,
1358 2831 1478 2884 illos
1504 2831 1575 2882 ita
1593 2832 1868 2884 veritatem
1899 2830 2144 2899 amplecti
2167 2829 2286 2882 hor-

751 2921 989 2981 tabatur,
1025 2927 1082 2971 ut
1113 2934 1180 2972 ne
1218 2919 1339 2987 jure
1365 2919 1577 2986 quidem
1603 2919 1834 2987 jurando
1878 2919 2195 2989 indigerent,
2224 2935 2285 2973 ac

750 3011 920 3064 multo
950 3008 1164 3079 quidem
1203 3008 1380 3062 minus
1410 3009 1666 3077 perjurio.
1711 3010 1787 3061 Ita
1820 3024 1946 3063 vero
1977 3024 2034 3063 se
2088 3010 2192 3062 vita
2222 3025 2284 3062 ac

751 3099 990 3154 moribus
1019 3111 1349 3166 comparare,
1389 3107 1442 3150 ut
1491 3098 1631 3167 quod
1663 3097 1920 3162 dicerent,
1963 3100 2108 3152 omni
2135 3099 2282 3166 jure—
2309 3085 2349 3138 (ἶ

748 3190 978 3259 iurando
1005 3191 1207 3243 certius
1241 3189 1546 3248 haberetur,
1573 3190 1975 3257 progredientes
2002 3189 2068 3242 ad
2097 3190 2147 3243 id
2189 3207 2282 3245 us-

751 3295 857 3348 que
905 3276 1166 3333 sermonis
1195 3285 1250 3330 ut
1282 3292 1377 3346 pro
1405 3276 1750 3332 afﬁrmatione
1789 3279 2044 3345 dicerent,
2071 3279 2238 3331 Etiam
2265 3299 2278 3333 :

750 3384 846 3438 pro
874 3370 1173 3438 negatione,
1199 3366 1313 3421 Non
1344 3387 1356 3420 :
1388 3376 1441 3421 et
1467 3384 1586 3421 cum
1621 3369 1840 3424 veritate
1866 3370 2169 3438 hujusmodi
2192 3385 2284 3423 vo-

751 3461 905 3512 cibus
932 3467 1229 3513 uterentur.
1259 3460 1654 3527 lnterrogemus
1679 3460 1860 3528 igitur,
1897 3474 2054 3527 quam
2087 3459 2279 3527 proba-

753 3552 1012 3605 bilitatem
1053 3550 1266 3610 habeat,
1290 3548 1475 3600 talium
1507 3547 1951 3601 documentorum
1985 3548 2276 3610 auditores,

753 3656 814 3693 ac
837 3641 1010 3709 potius
1029 3640 1136 3706 jam
1168 3638 1450 3705 magistros
1465 3636 1700 3699 eﬂ‘ectos,
1721 3636 1979 3705 suspicari
2009 3637 2276 3698 mentitos,

2385 1859 2695 1925 ἀποστερεῖν
2749 1856 3178 1926 προηγουμένους,
3225 1853 3558 1922 ἀμνησικάκυ

2386 1945 2491 1996 Κα)⁸
2529 1944 2580 1995 τί
2621 1961 2684 2012 με
2733 1945 2835 2015 χρὴ
2883 1945 3166 2009 συναγαγεῖν
3207 1942 3352 1994 πάνθ’
3390 1943 3495 1994 ὅσα
3522 1944 3550 1993 ὁ

2386 2052 2529 2096 σκεν,
2562 2036 2610 2086 οἱ
2647 2034 2690 2085 δ’
2740 2033 3021 2102 ἐμάνθανον
3043 2050 3054 2096 ;
3080 2032 3283 2102 παρῄνει
3319 2031 3361 2083 δ’
3399 2034 3558 2084 αὑτοῖ

2384 2126 2556 2186 ἄλλοις
2598 2125 2696 2192 τῆς
2724 2124 2970 2192 ἀληθείας
3009 2123 3156 2184 οὕτως
3199 2123 3426 2192 έχεσθαι,
3464 2125 3543 2186 ὼς

2387 2215 2506 2275 κίας
2545 2214 2767 2274 δεῖσθαι,
2803 2212 2990 2265 πολλοῦ
3025 2212 3095 2264 δεῖ
3127 2216 3410 2284 ὲπιορκεῖψ
3468 2233 3552 2266 πα

2383 2303 2436 2354 δὲ
2468 2303 2556 2354 τὸν
2598 2302 2792 2371 τρόπον
2838 2302 3025 2364 παντὸς
3059 2303 3204 2371 ὅρκου
3246 2303 3558 2373 πιστότερον

2388 2394 2543 2462 μέχρι
2585 2393 2676 2444 τοῦ
2707 2391 2810 2444 Ναὶ
2842 2393 2935 2444 καὶ
2984 2395 3067 2443 τοῦ
3100 2391 3166 2443 Οὒ
3204 2393 3545 2462 χωροῦντας,

2384 2485 2490 2544 τοῖς
2541 2482 2741 2550 ῥήμασι
2784 2480 3099 2549 χρωμένους.
3135 2482 3397 2534 Πευστέον
3440 2485 3558 2536 τοῖν

2383 2570 2493 2638 ἔχοι
2529 2569 2681 2635 λόγον
2717 2569 2840 2629 τοὺς
2874 2568 2978 2620 τῶν
3024 2571 3221 2622 τοιωνδῖ
3257 2573 3554 2642 ἀκροατὰς

2382 2654 2718 2714 διδασκάλους
2753 2653 2858 2705 τῶν
2889 2655 3058 2706 αὐτῶν
3093 2655 3286 2724 φύντας
3320 2660 3558 2731 μαθημέ

2386 2743 2502 2796 σθαι
2553 2745 2820 2805 ὑπονοεῖν,
2871 2744 2967 2795 ὅσα
3020 2744 3418 2816 διαπράξασθαι
3481 2751 3557 2803 τὸ

2384 2829 2776 2901 ἐμαρτύρησαν.
2806 2831 2868 2881 Τί
2907 2832 2963 2883 δὲ
2987 2835 3045 2884 τὸ
3078 2836 3300 2888 πιθανὸν
3328 2840 3430 2891 τοῦ
3464 2859 3558 2911 νοι

2382 2938 2485 2983 νως
2519 2920 2757 2982 ἅπαντας
2797 2920 3116 2988 ψεύσασθαι,
3159 2925 3374 2980 δώδεκα
3423 2930 3556 2983 ὖντι

2382 3010 2502 3070 τοὺς
2542 3007 2839 3076 ἐκκρίτους,
2884 3008 3256 3080 ἐϐδομήκοντα
3295 3013 3355 3064 δὲ
3403 3017 3556 3080 τοὺς

2383 3101 2473 3152 καὶ
2494 3099 2798 3150 ἀποστεῖλαι
2818 3098 3030 3165 λέγεται
3060 3101 3169 3153 ἀνὰ
3199 3102 3294 3154 δύο
3320 3106 3442 3174 πρὸ
3471 3123 3556 3178 πρ

2384 3189 2460 3249 εἰς
2493 3185 2663 3238 πάντα
2690 3185 2848 3236 τόπον
2875 3186 2967 3237 καὶ
2998 3186 3188 3256 χώραν
3227 3183 3290 3240 οὗ
3344 3191 3556 3260 epam

2385 3273 2524 3325 σθαι.
2579 3272 2715 3323 Ἀλλ’
2748 3272 2917 3334 οὐδεὶς
2959 3276 3108 3343 αἱρεί
3136 3275 3301 3342 λόγος
3358 3281 3556 3333 amr,

2385 3360 2583 3428 πλῆθος
2631 3359 2836 3430 ἀνδρῶν
2866 3361 3070 3430 εὐσεϐῆ
3103 3365 3205 3415 κοιλ⁵
3235 3368 3461 3434 σεμνὸν
3526 3372 3555 3440 β

2387 3466 2509 3512 νων,
2546 3450 2636 3503 καὶ
2685 3451 2898 3501 πάντων
2953 3451 3054 3520 μὲν
3095 3454 3215 3504 τῶν
3269 3458 3530 3513 οἰκείων

2383 3542 2500 3594 ἀντὶ¹
2527 3541 2582 3592 δὲ
2615 3539 2720 3591 τῶν
2756 3540 3048 3607 φιλτάτων,
3090 3546 3385 3610 γυναικὸς
3435 3548 3556 3618 λέγ

2383 3633 2475 3684 καλ⁵
2499 3631 2693 3693 παντὸς
2731 3631 2940 3697 γένους,
2970 3632 3069 3683 τὸν
3120 3634 3460 3704 ἀκτήμονα
3502 3657 3542 3691 τ

752 3745 1082 3798 qumcunque
1117 3743 1272 3782 suum
1316 3735 1694 3794 praeceptorem
1735 3726 1975 3780 eﬂecisse
2011 3726 2277 3780 testilicati

2030 3726 2280 3780 restilicati
2385 3722 2477 3773 καὶ
2503 3722 2598 3790 τὴν
2638 3723 2762 3790 περ).
2797 3721 2888 3772 τοῦ
2926 3722 3290 3776 διδασκάλου
3331 3743 3555 3797 μαρτχ,

754 3816 915 3870 sunt?
942 3823 1033 3868 aut
1061 3829 1219 3883 quam
1254 3813 1579 3868 credibiliter
1616 3813 1836 3877 faciant,
1873 3814 1918 3867 si
1953 3821 2138 3882 putent
2161 3814 2278 3868 illos

2027 3821 2138 3867 tem
2161 3814 2278 3868 illos
2380 3811 2455 3874 ὡς
2479 3813 2570 3878 ἀφ’
2595 3811 2710 3872 ἐνὸς
2747 3812 3038 3879 στόματος,
3079 3814 3172 3874 εἰς
3200 3815 3461 3880 πάντας
3503 3822 3552 3872 ἀ

752 3919 938 3956 omnes
971 3903 1072 3956 sibi
1099 3903 1236 3955 inter
1264 3917 1323 3956 se
1347 3902 1687 3957 consensisse
1718 3902 1772 3955 in
1803 3901 2112 3956 mendacio?
2143 3901 2278 3954 duo-
2382 3900 2626 3968 νοχὸτων.

755 3993 926 4045 decim
954 3991 1166 4059 quidem
1207 3990 1273 4045 de
1311 3992 1455 4044 omni
1504 4006 1727 4044 numero
1751 3992 1972 4053 electos,
2003 3993 2335 4059 septuaginta
2377 4001 2550 4043 autem
2579 3991 2852 4059 reliquos?
2889 3993 3055 4057 Quos
3095 3995 3295 4048 etiam
3339 3997 3556 4055 binos

756 4090 877 4134 ante
907 4079 1092 4132 faciem
1123 4093 1293 4144 suam,
1325 4079 1390 4132 ad
1433 4095 1642 4133 omnem
1696 4079 1868 4133 locum
1901 4089 1954 4134 et
1979 4082 2270 4149 regionem,
2305 4095 2412 4148 quo
2438 4088 2552 4134 erat
2577 4082 2692 4150 ipse
2746 4090 3042 4138 venturus.
3076 4082 3210 4138 Sed
3251 4088 3452 4142 nulla
3500 4107 3550 4144 u

757 4172 912 4231 ratio,
941 4184 1106 4238 quare
1139 4177 1298 4222 tanta:
1337 4170 1663 4224 multitudini
1692 4171 1966 4223 hominum
2013 4172 2337 4226 credendum
2377 4189 2484 4226 non
2524 4174 2614 4235 sit,
2648 4173 2738 4242 qui
2775 4173 2999 4242 quidem
3059 4175 3469 4244 religiosam
3551 4206 3555 4223 τ

756 4261 980 4329 amplexi
1020 4260 1148 4322 sint,
1205 4275 1395 4327 resque
1441 4275 1627 4314 omnes
1683 4277 1809 4315 suas
1845 4263 2133 4329 aspernati,
2159 4273 2211 4318 et
2240 4280 2337 4332 pro
2369 4265 2720 4327 charissimis,
2756 4280 2941 4326 uxore,
2979 4265 3310 4334 inquam,
3351 4277 3430 4323 et.
3496 4273 3554 4326 \i

754 4366 901 4410 nere.
942 4350 1152 4416 inopem
1184 4349 1383 4402 victum
1425 4350 1697 4417 elegerint,
1718 4366 1780 4404 ac
1807 4351 1873 4404 de
1900 4367 1998 4406 suo
2031 4362 2353 4422 praeceptore
2383 4371 2610 4410 concors
2641 4355 3043 4418 testimonium,
3094 4363 3448 4426 tanquam
3498 4379 3550 4416 u

753 4441 993 4498 homines
1022 4440 1355 4508 protulerint.
3253 4471 3257 4474 .

821 4529 1073 4599 Princeps
1093 4530 1254 4598 igitur
1278 4530 1388 4583 haec
1413 4541 1464 4584 et
1487 4532 1655 4600 prima
1673 4539 1725 4584 et
1753 4547 1874 4586 vera
1893 4533 1963 4587 sit
1990 4535 2147 4589 ratio.
2176 4533 2277 4589 Sed
2314 4542 2346 4595 ι]

2015 4535 2147 4589 'atio.
2176 4533 2277 4589 Sed
2314 4542 2354 4595 ι)
2459 4528 2515 4580 ὐ
2577 4528 2672 4597 μὲν
2733 4523 2822 4579 οὖν
2882 4529 3106 4600 κύριος
3205 4534 3339 4584 καὶ
3427 4554 3540 4604 πρ

751 4621 1070 4674 contrariam
1099 4635 1310 4688 quoque
1347 4629 1647 4688 spectemus
1681 4641 1693 4676 :
1729 4624 1780 4675 in
1810 4638 1911 4690 qua
1948 4625 2133 4678 saltem
2164 4625 2276 4693 pri-

2031 4631 2133 4678 tem
2164 4625 2276 4693 pri-
2377 4620 2528 4687 λόγος
2581 4619 2662 4687 εἴη
2707 4618 2772 4670 ἂν
2823 4614 3004 4682 οὗτος.
3070 4622 3551 4692 Σκεψώμεθα

750 4725 894 4764 mum
912 4710 1039 4764 illud
1056 4718 1283 4776 constet,
1298 4710 1556 4776 nobisque
1570 4726 1689 4764 cum
1711 4712 1816 4765 illis
1827 4715 2275 4776 conveniat,hunc

2026 4715 2277 4776 [immune
2376 4710 2506 4762 τίον.
2556 4709 2729 4760 Ἔστω
2770 4708 2877 4778 γὰρ
2919 4711 2946 4761 ὁ
2991 4711 3154 4780 -μὲν
3221 4713 3551 4770 διδάσκοι

751 4803 963 4870 quidem
1007 4802 1171 4857 fuisse
1214 4814 1612 4873 praeceptorem,
1651 4805 1769 4858 illos
1815 4821 1938 4860 vero
1963 4807 2272 4876 discipulos.

2002 4808 2272 4876 iscipulos,
2377 4794 2488 4850 Εἶθ’
2516 4798 2588 4858 ὡς
2620 4797 2676 4847 ὲν
2694 4795 2943 4851 ὑποθέσει
2980 4799 3244 4868 λόγου,
3297 4805 3338 4854 ὁ
3375 4805 3521 4874 μὲν

759 4889 908 4956 ιιι
937 4889 1134 4943 Deinde
1158 4891 1416 4960 fingamus
1445 4892 1590 4943 illum
1627 4907 1732 4946 non
1756 4909 1816 4945 ca
1847 4910 1965 4963 qua:
1990 4896 2100 4964 jam
2133 4896 2273 4948 dicta

2017 4911 2100 4948 am
2133 4896 2273 4948 dicta
2375 4886 2680 4947 διδασκέτω,
2727 4885 2794 4939 τὰ
2839 4887 2883 4938 δ’
2919 4890 3232 4955 ἐκείνοις
3316 4895 3539 4945 ὲνανιι

754 4985 898 5036 sunt,
927 4979 1191 5043 docuisse,
1213 4981 1305 5034 sed
1340 4983 1444 5036 illis
1480 4983 1634 5050 plane
1671 4985 1943 5037 contraria
1975 4986 2170 5050 facere,
2190 4986 2274 5036 vi-

2002 5000 2170 5050 acere,
2190 4986 2274 5036 vi-
2375 4977 2521 5047 λαδὴ,
2555 4978 2647 5029 καὶ
2680 4977 2917 5044 ἀσεϐεῖν,
2954 4983 3085 5036 καὶ
3135 4984 3467 5048 ἀδικεῖν,
3515 5006 3527 5040 :

752 5065 943 5118 delicet
965 5079 1148 5121 contra
1177 5071 1335 5140 leges,
1370 5073 1529 5141 impie
1558 5072 1855 5142 injusteque
1913 5089 2089 5142 agere,
2124 5088 2277 5140 supe-

1992 5089 2089 5135 3re,
2124 5088 2281 5140 supe-
2371 5068 2701 5136 ἀποστερεῖν,
2737 5069 2828 5122 καὶ
2860 5074 2912 5126 εῐ
2945 5093 3012 5129 τι
3066 5075 3341 5147 ἓτερον
3392 5093 3517 5129 κατ

753 5167 895 5212 rare,
925 5158 1147 5219 spoliare
1193 5169 1430 5227 caeteros,
1459 5171 1512 5217 et
1543 5163 1588 5215 si
1637 5164 1763 5231 quid
1798 5164 1975 5225 aliud,
2039 5162 2179 5231 quod
2215 5161 2278 5214 ad

2039 5162 2179 5231 quod
2215 5161 2278 5214 ad
2371 5172 2478 5206 νειν
2527 5156 2570 5208 δ’
2613 5159 2704 5210 ἐπὶ
2754 5163 2892 5217 πᾶσι
2947 5168 3240 5230 τούτοις
3313 5183 3503 5220 σποι

754 5239 1007 5333 malitiam
1043 5243 1321 5308 pertineat,
1345 5250 1449 5304 dici
1478 5259 1654 5320 potest
1686 5269 1699 5305 :
1732 5253 1895 5305 latere
1936 5260 2112 5302 autem
2146 5249 2279 5302 iniis

1973 5260 2112 5302 utem
2146 5249 2280 5302 iniis
2373 5243 2494 5313 μάλ’
2518 5245 2730 5312 εὐφυῶς
2779 5254 3327 5333 ἐπικρύπτεσθαι
3397 5276 3495 5328 πε

760 5323 1012 5378 omnibus
1066 5331 1269 5391 Conari,
1324 5345 1371 5388 et
1401 5339 1665 5406 ejusmodi
1720 5353 1894 5393 mores
1945 5335 2283 5389 simulatione

1962 5335 2283 5389 simulatione
2371 5333 2660 5401 δασκαλιας
2713 5345 2811 5398 καὶ⁸
2849 5323 3210 5416 εὑοεϐεεας
3278 5323 3487 5417 ἐπαγ

754 5414 1014 5470 doctrinae
1033 5415 1312 5486 gravioris,
1343 5433 1395 5478 et
1414 5443 1552 5483 nova
1573 5431 1914 5499 professione
1948 5425 2162 5497 pietatis
2184 5423 2279 5478 ob~

1948 5425 2162 5497 pietatis
2184 5423 2280 5478 οι).
2371 5421 2536 5476 ταῦτα
2568 5437 3090 5515 μετερχέσθωσαν,
3153 5414 3292 5500 καὶ
3356 5439 3458 5494 τὰ

824 5567 868 5597 ⁸⁸
895 5563 1019 5619 Luc.
1050 5581 1102 5627 ι.
1131 5565 1184 5620 ι.
