3862 6342
72 0 395 83 ,τίς

310 312 386 381 205
680 322 691 327 ’
1229 347 1862 416 DEMONSTRATIONIS

255 458 412 541 ιετο,
612 461 668 541 τε
693 445 792 541 καὶ
813 460 1087 530 τροφῆς
1124 471 1378 540 συνήθους
1400 467 1732 541 ἐκοινώνησε.
1757 473 1857 525 Φυ-

538 533 584 632 6"
620 537 757 606 ἡμῖν
785 544 964 600 πᾶσι
1007 554 1083 607 τὸ
1126 533 1334 624 ἀναιδὲς
1361 560 1451 613 καὶ
1494 533 1859 632 ἀδιάτρεπτον,

217 622 524 721 Paw-Tw.“
549 623 813 721 ἐνεσταεξις
862 636 1072 712 μέχρι
1110 622 1338 702 θανάτου
1356 666 1371 680 ·
1409 650 1461 702 τί
1489 650 1594 721 γάρ
1624 622 1716 706 καὶ
1745 622 1864 705 ire;

208 730 354 809 ,ρον
376 713 508 809 ὑπὲρ
660 716 924 788 μηδενὸς
969 732 1384 809 ἁποθνήσκειν;
1410 740 1467 792 τί
1490 713 1545 793 δὲ
1565 713 1668 794 ’καὶ
1687 742 1859 804 λυπεῖ,

496 804 726 899 εὐλόγου
754 810 981 885 χάριν,
1017 801 1296 895 μάστιγας
1323 801 1412 882 καὶ
1441 829 1699 899 βασάνους
1725 801 1861 884 κατά

206 892 340 992 ςςξΰ
356 892 615 992 genere;
640 898 891 992 λαϐεῖνς
928 915 989 966 ει
1020 916 1086 970 δὲ
1112 892 1222 972 δέοέ
1244 921 1332 972 καὶ
1351 892 1727 992 δεσμωτηρίων
1753 939 1859 976 πει-

228 982 463 1072 ρᾶσθαι,
491 986 741 1058 ἀτιμιῶν
780 1011 852 1049 τε
909 1004 1025 1057 καὶ
1070 1006 1278 1079 ὕϐρεων
1310 982 1456 1080 ὑπὲρ·
1486 982 1691 1075 οὐδενὸς
1732 1012 1860 1083 άλη-

238 1087 519 1184 ooﬁcrml.
548 1092 708 1147 τοῦθ’
744 1099 899 1169 ἡμῖν
934 1107 1052 1179 ήδη
1093 1112 1484 1184 μεμελετήσθω.
1527 1114 1859 1184 Ψευδώμεθα

253 1185 333 1253 δὴ
360 1181 553 1246 πάντες
581 1185 731 1254 ὁμοῦ
765 1196 1131 1263 συμφώνως,
1160 1202 1250 1253 καὶ
1275 1181 1628 1273 πλαττώμεθα
1666 1181 1750 1255 ἐπ’
1777 1204 1858 1256 οὑο

461 1283 739 1374 ᾧερελεία,
786 1289 914 1345 οὗθ’
956 1298 1154 1367 ἡμῶν,
1186 1299 1305 1353 οὕτε
1333 1301 1437 1355 τῶν
1474 1303 1852 1374 ἀπατωμένων,

292 1371 400 1427 οῦδὲ
422 1372 523 1446 μὴν
547 1377 719 1431 αὐτοῦ
749 1381 853 1434 τοῦ
882 1385 958 1438 τὰ
981 1388 1153 1459 ψευδῆ
1178 1389 1308 1461 πρὸς
1338 1392 1490 1462 ἡμῶν
1518 1371 1855 1464 ἐκθειαζομέ-

312 1480 404 1519 νου.
444 1466 723 1540 Τεὶνωμεν
769 1472 834 1526 δὲ
883 1477 951 1530 τὸ
1003 1478 1211 1547 ψεῦδος,
1260 1481 1333 1551 μὴ
1369 1483 1461 1535 ἐπὶ
1501 1486 1690 1553 μόνους
1732 1488 1855 1548 τοὺς

317 1557 579 1625 ὁμοεθνεῖς,
613 1562 758 1617 ἀλλά
790 1565 892 1619 καὶ
926 1568 1009 1633 εἰς
1050 1571 1251 1634 πάντας
1282 1573 1623 1644 προελθόντες
1654 1575 1853 1645 ἀνθρώ-

315 1661 444 1712 πους,
486 1651 579 1705 καὶ
618 1654 931 1723 σύμπασαν
959 1658 1056 1728 τὴν
1083 1661 1401 1732 οἰκουμένην
1430 1664 1852 1734 καταπλήσωμεν

308 1739 398 1792 τῶν
448 1743 576 1813 περὶ
623 1745 800 1797 αὐτοῦ
852 1749 1261 1819 συντιθεμένων.
1315 1752 1447 1823 Ἤδη
1500 1752 1555 1805 δὲ
1612 1753 1850 1806 ἐντεῦθεν

299 1832 673 1904 νομοθετῶμεν
709 1838 852 1889 πᾶσι
890 1841 1003 1901 τοῖς
1045 1838 1247 1894 ἔθνεσιν
1280 1842 1599 1913 ἀντίστροφα
1640 1847 1757 1906 ταῖς
1791 1844 1850 1909 ἐξ

291 1924 475 1987 ιιίῶνος
500 1929 636 1997 παρ’
674 1928 868 1991 αὐτοῖς
895 1930 1023 1998 περὶ
1051 1931 1158 1983 τῶν
1185 1933 1445 2003 πατρῴων
1486 1934 1618 1989 θεῶν
1653 1935 1845 1999 δόξαις.

284 2024 611 2097 Κελεύωμεν
652 2029 956 2099 Ῥωμαίοις
995 2032 1174 2095 αὐτοῖς
1206 2033 1479 2103 πρώτιστα
1518 2036 1728 2090 πάντων
1772 2039 1846 2108 μὴ

283 2116 460 2169 σὲᾶειν
487 2116 590 2180 οὓς
633 2117 877 2187 ἡγοῦντο
908 2118 1061 2183 θεοὺς
1089 2124 1135 2174 οί
1176 2125 1527 2195 προπάτορες.
1563 2126 1848 2197 Παρίωμεν

274 2201 337 2257 δὲ
363 2207 458 2260 καὶ
494 2207 597 2260 ἐπὶ
627 2207 737 2276 τὴν
775 2207 1018 2273 Ἐλλάδα,
1060 2211 1153 2262 καὶ
1181 2214 1292 2273 τοῖς
1324 2213 1520 2266 τούτων
1559 2218 1736 2285 σοφοῖς
1758 2217 1848 2269 άν-

271 2298 709 2369 τικηρύττωμεν
728 2314 742 2327 ’
818 2299 939 2369 μηδ’
1001 2303 1321 2368 Αἰγυπτίους
1388 2304 1625 2375 ἀνῶμεν,
1697 2307 1847 2359 πολε-

274 2386 473 2456 μῶμεν
525 2387 589 2440 δὲ
652 2387 754 2440 καὶ
798 2389 923 2450 τοὺς
982 2390 1181 2443 τούτων
1242 2390 1425 2455 θεοὺς.
1491 2394 1563 2465 μὴ
1616 2396 1682 2448 τὰ
1724 2398 1850 2448 Μω-

274 2478 415 2540 σέως
450 2477 707 2549 πρόσθεν
758 2480 881 2531 κατ’
923 2480 1097 2532 αὐτῶν
1139 2483 1400 2552 γενόμενα
1437 2485 1844 2555 ἀνατεινόμενοι,

266 2566 365 2620 τὸν
403 2567 462 2619 δὲ
495 2567 596 2621 τοῦ
630 2568 909 2639 ἡμετέρου
936 2569 1245 2624 διδασκάλου
1291 2571 1532 2636 θάνατον,
1573 2575 1755 2646 ὥσπερ
1795 2594 1845 2628 τι

268 2656 573 2727 φόϐητρον,
604 2657 801 2719 αὐτοῖς
835 2659 1253 2723 ἀντιτάττοντες’
1290 2663 1382 2714 καὶ
1407 2664 1503 2732 τὴν
1536 2664 1626 2716 ἀπ’
1658 2665 1845 2728 αίῶνος

262 2743 334 2809 ἐξ
359 2745 547 2799 αὐτῶν
584 2747 677 2808 εἰς
715 2746 926 2810 πάντας
967 2747 1279 2819 ἀνθρώπους
1322 2752 1678 2821 προελθοῦσαν
1722 2755 1845 2824 περ)⁴

259 2832 413 2889 θεῶν
456 2838 685 2907 φήμην,
729 2834 808 2905 μὴ
854 2839 1136 2907 ῥηματίοις
1174 2842 1266 2893 καὶ
1299 2841 1493 2908 λόγοις,
1531 2842 1748 2911 δυνάμει
1790 2844 1843 2897 δὲ

257 2926 368 2980 τοῦ
388 2926 819 2998 σταυρωθέντος
843 2927 1154 2982 διδασκάλου
1180 2931 1543 3001 καταλύωμεν.
1579 2932 1844 3003 Ἀπίωμεν

257 3017 367 3068 καὶ
403 3016 501 3069 ἐπὶ
538 3018 651 3087 τὴν
692 3016 862 3085 ἄλλην
903 3017 1170 3090 βάρϐαρον
1199 3021 1319 3090 γῆν,
1348 3024 1437 3075 καὶ
1465 3024 1531 3078 τὰ
1564 3024 1708 3095 παρὰ
1736 3027 1844 3089 τοῖς

260 3108 443 3159 πᾶσιν
490 3106 925 3176 ἁνατρέπωμεν.
978 3108 1307 3179 Πωθυμὶαις
1362 3111 1417 3164 δὲ
1466 3114 1647 3183 μηδεὶς
1691 3115 1843 3184 ἡμῶν
1870 3129 1911 3185 c

258 3190 580 3248 λειπέσθω·
612 3194 748 3248 οὔτε
775 3198 885 3268 γὰρ
909 3198 1096 3269 μικρὸς
1117 3201 1145 3252 ὁ
1162 3196 1318 3263 ἆθλος
1344 3201 1448 3254 τῶν
1473 3203 1841 3274 τολμωμένων,

263 3284 401 3337 ἐπεὶ
427 3285 506 3355 μὴ
531 3285 607 3338 τὰ
636 3287 876 3355 τυχόντα
907 3286 1129 3356 βραδεῖα
1156 3291 1300 3358 ἡμᾶς
1323 3291 1612 3358 ἐκδέξεται,
1645 3292 1756 3347 ἀλλ’
1787 3296 1843 3347 αἱ

258 3371 386 3425 ἀπὸ
418 3374 529 3426 τῶν
566 3375 710 3443 παρ’
740 3376 1010 3439 ἑκάστοις,
1043 3378 1118 3440 ὡς
1148 3379 1324 3441 εἰκὸς,
1367 3381 1538 3450 νόμων
1567 3384 1840 3454 τιμωρίαι,

258 3458 451 3532 δεσμά
477 3463 694 3533 δηλαδὴ
739 3464 836 3517 καὶ
874 3464 1089 3533 βάσανοι
1121 3469 1214 3520 καὶ
1247 3468 1500 3536 φυλακαὶ,
1529 3472 1637 3542 πῦρ
1666 3490 1721 3526 τε
1752 3477 1842 3528 καὶ

270 3551 521 3623 σίδηρος,
556 3554 659 3606 καὶ
686 3554 934 3624 σταυροὶ,
962 3557 1053 3609 καὶ
1081 3556 1264 3628 θῆρες,
1292 3551 1365 3612 ὧν
1389 3561 1616 3629 μάλιστα
1646 3563 1843 3634 προθυ-

268 3658 502 3726 μητέον,
539 3659 799 3723 xui..qu
838 3664 1024 3725 κακοῖς
1050 3662 1212 3732 ὁμόσε
1248 3666 1513 3734 χωρητέον
1547 3668 1843 3737 ὑπόδειγμα

270 3745 371 3797 τὸν
410 3746 746 3801 διδάσκαλον
788 3749 1156 3819 κεκτημένοις.
1187 3751 1251 3803 Τί
1282 3752 1388 3820 γὰρ
1418 3751 1616 3805 τούτων
1650 3754 1841 3821 γένοιτ’

271 3834 347 3887 ἄν
397 3837 644 3901 κάλλιον,
687 3836 919 3908 ἐχθροὺς
952 3840 1049 3897 καὶ
1094 3840 1234 3904 θεοῖς
1273 3842 1365 3894 καὶ
1407 3842 1704 3913 ἀνθρώποις
1754 3846 1839 3897 ἐπ’

284 3922 457 3977 οὐδενὶ
517 3924 670 3995 λόγῳ
740 3926 1074 3995 καταστῆναι
1130 3931 1225 3981 καὶ
1261 3932 1463 3999 μήποτε
1505 3931 1654 4000 ἡδέος
1710 3932 1841 3985 ἀπο-

280 4009 476 4066 λαῦσαί
501 4030 678 4077 τινος,
711 4015 850 4084 μήτε
875 4013 983 4067 τῶν
1005 4016 1267 4085 φιλτάτων
1290 4018 1529 4085 ὄνασθαι,
1552 4024 1685 4092 μήτε
1711 4040 1841 4094 χρη-

288 4102 472 4170 μάτων
500 4106 717 4173 τυχεῖν,
746 4106 883 4173 μήτε
908 4107 1053 4169 τινὸς
1080 4107 1283 4175 ἀγαθοῦ
1309 4110 1367 4161 τὸ
1390 4113 1637 4181 παράπαν
1657 4114 1838 4181 ἐλπίδα

284 4193 611 4262 κτήσασθαι,
632 4192 764 4261 εικῆ
784 4193 841 4246 δὲ
862 4195 957 4247 καὶ⁹
981 4194 1155 4268 μάτην
1180 4198 1475 4253 πλανᾶσθαι
1499 4202 1589 4254 καὶ
1617 4203 1836 4273 πλανᾷν;

286 4278 457 4333 Τοῦτο
485 4280 597 4351 γὰρ
628 4278 703 4350 ἦν
726 4279 790 4333 τὸ
818 4283 1112 4355 συμφέρον,
1145 4286 1237 4338 καὶ
1271 4286 1332 4339 τὸ
1358 4286 1607 4358 φέρεσθαι
1633 4291 1839 4356 ἐξενανο

286 4382 409 4446 τίας
436 4387 566 4438 πᾶσι
588 4387 709 4447 τοῖς
727 4384 926 4450 ἔθνεσι,
956 4387 1130 4439 καὶτὸ
1155 4386 1295 4450 θεοῖς
1316 4389 1412 4458 μὲν
1430 4394 1539 4454 τοῖς
1566 4393 1624 4457 ἐξ
1650 4394 1837 4459 αἰῶνος

287 4475 437 4544 παρὰ
488 4478 660 4529 πᾶσιν
690 4474 1160 4547 ,ὡμολογημένοις
1200 4480 1470 4549 πολεμεῖν,
1531 4483 1618 4536 τὸν
1655 4484 1701 4535 δ’
1747 4486 1837 4538 ὑπ’

287 4563 582 4635 ὀφθαλμοῖς
624 4565 789 4637 ήμῶν
816 4566 997 4620 αὐτῶν
1024 4567 1355 4632 διδάσκαλον,
1390 4570 1519 4624 Θεὸν
1563 4569 1717 4637 εἶναι,
1746 4575 1838 4627 καὶ

284 4650 420 4706 Θεοῦ
446 4654 612 4709 παῖδα
640 4653 958 4725 κηρύττειν,
1007 4658 1148 4726 ὑπὲρ
1181 4652 1242 4710 οῦ
1266 4659 1357 4711 καὶ⁹
1380 4660 1571 4724 αὐτοὺς
1595 4661 1837 4733 θνήσκειν

285 4739 534 4811 ἑτοίμους
570 4738 739 4806 εἶναι,
772 4742 942 4813 μηδὲν
968 4742 1169 4813 ἀληθὲς
1195 4746 1321 4817 παρ’
1359 4747 1518 4801 αὑτοῦ
1547 4750 1666 4820 μηδ’
1699 4752 1837 4820 ὠφέ-

285 4828 438 4901 λιμον
466 4832 883 4903 μεμαθηκότας.
921 4834 1107 4903 Ταύτῃ
1141 4835 1186 4887 δ’
1216 4832 1306 4889 οὖν
1333 4840 1423 4891 καὶ
1463 4841 1654 4908 μᾶλλον
1682 4861 1838 4916 τιμη-

282 4935 405 4990 τέον
424 4937 612 5000 αὐτὸν,
649 4938 700 4990 εί
734 4936 905 5007 μηδὲν
937 4938 1091 5006 ἡμᾶς
1122 4935 1317 5006 ὢνησε,
1350 4940 1521 4995 πάντα
1547 4961 1604 4996 τε
1644 4946 1734 5000 ἐπὶ
1761 4947 1837 5017 τῷ

291 5021 495 5090 δοξάσαι
522 5025 694 5080 αὐτοῦ
720 5027 823 5097 τὴν
851 5024 1232 5096 προσηγορίαν
1255 5031 1508 5097 ποιητέον,
1537 5035 1627 5087 καὶ
1662 5037 1838 5101 πάσας

300 5108 463 5199 ὕϐρεις
492 5118 588 5171 καὶ
617 5117 897 5187 τιμωρίας
929 5117 1322 5187 ὖπομενητέον,
1354 5122 1522 5176 πάντα
1549 5141 1605 5177 τε
1640 5130 1836 5199 τρόπον

295 5198 594 5261 ἀναδεκτέον
632 5207 893 5270 θανάτου,
939 5205 1089 5275 ὑπὲρ
1132 5207 1351 5275 μηδενὸς
1382 5209 1613 5280 ἀληθοῦς.
1655 5198 1837 5271 Κακδν

293 5291 382 5366 γάρ
409 5296 541 5361 τως
579 5297 838 5367 ἀλήθεια,
876 5296 943 5347 τὸ
982 5295 1046 5347 δὲ
1090 5294 1284 5361 ψεῦδος
1319 5296 1539 5368 ἔχειτοῦ
1570 5307 1742 5362 κακοῦ
1774 5312 1837 5363 τὺ

287 5375 535 5467 ἐναντίονο
563 5387 651 5440 διὸ
682 5385 981 5452 λέγωμεν,
1017 5382 1112 5434 δτι
1143 5385 1238 5436 καὶ
1264 5389 1473 5456 νεκροὺς
1501 5393 1704 5467 ἤγειρε,
1741 5402 1836 5455 καὶ

279 5463 494 5549 λεπροὺς
518 5476 855 5545 ὲκαθάρισε,
880 5473 980 5524 καὶ
1001 5471 1266 5540 δαίμονας
1287 5477 1456 5547 ἤλασε,
1484 5485 1569 5537 καὶ
1593 5463 1707 5541 τῶν
1740 5491 1836 5543 ἀλ..

266 5552 360 5620 λων
398 5564 755 5638 tamen»
775 5559 967 5627 ἔργων
1008 5557 1207 5624 γέγονε
1252 5568 1477 5638 ποιητὴς,
1518 5575 1682 5643 μηδὲν
1735 5579 1838 5647 μὲν

253 5656 479 5712 τοιοῦτον
527 5652 692 5720 αὐτῷ
735 5648 1184 5714 συνεγνωκότες,
1219 5653 1408 5720 ἑαυτοῖς
1450 5660 1499 5712 δὲ
1540 5667 1599 5721 τά
1642 5667 1838 5724 πάντα

1899 356 2337 414 ΕΥΔΝΟΕΗΟΑΞ
2377 361 2503 418 UB.
2540 361 2628 420 Ill.
3382 371 3491 427 2θῦ

1888 482 1930 537 Α
1960 474 2103 528 illius
2153 489 2301 529 mens
2351 486 2489 541 erat,
2525 486 2581 531 ut
2623 480 2768 534 omni
2810 495 2988 537 rerum
3030 496 3222 553 genere
3262 496 3483 541 caeteros

1960 572 2251 634 superaret,
2293 578 2361 620 ac
2395 582 2463 622 ne
2505 584 2754 639 magnum
2799 572 3010 640 quidem
3059 580 3282 644 promus
3325 576 3483 645 quid-

1959 670 2116 725 quam
2157 655 2254 717 illi,
2285 663 2378 710 aut
2423 658 2595 713 reditu
2628 659 2684 714 in
2723 661 2883 715 vitam
2915 663 3133 732 dignum
3170 672 3349 720 actum
3375 675 3480 727 est.

1959 742 2063 799 nisi
2090 744 2211 812 quis
2245 742 2384 800 dolis
2419 747 2673 815 omnique
2710 749 3051 806 simulatione
3077 752 3305 809 refertos
3334 754 3480 809 illius

1963 833 2164 888 referat
2234 848 2454 900 mores,
2506 846 2562 892 et
2626 839 2770 907 quod
2824 840 2970 908 ipsos
3025 856 3123 895 nos
3159 858 3316 897 usum
3354 859 3481 899 veru

1957 923 2237 986 sutiarum,
2286 924 2604 996 inanemque
2642 928 2956 998 iactantiam
3002 945 3100 999 per
3147 931 3384 988 fraudem
3415 949 3479 988 ac

1956 1012 2134 1067 dolum
2157 1014 2419 1069 docuerit.
2450 1016 2713 1082 Quocirca
2748 1017 2958 1082 demus,
2985 1036 3186 1090 quaeso,
3212 1024 3352 1081 inter
3376 1040 3480 1082 nos

1955 1100 2188 1166 dextras,
2220 1104 2484 1173 simulque
2516 1120 2703 1162 omnes
2732 1107 2906 1164 fmdus
2931 1110 3286 1179 paciscamur,
3316 1124 3376 1168 ut
3406 1115 3477 1171 de

1953 1187 2046 1241 illo
2068 1188 2122 1242 in
2148 1197 2371 1246 cunctos
2398 1191 2641 1248 homines
2663 1193 3028 1264 deceptionem
3049 1213 3340 1255 consonam
3360 1218 3478 1271 pro-

1954 1276 2603 1350 feramus,narremusque
2630 1282 2829 1339 vidisse
2855 1300 2954 1341 nos
2986 1286 3136 1341 illum
3163 1289 3289 1343 dum
3318 1294 3476 1347 caecis

1950 1365 2120 1420 visum
2155 1366 2458 1438 largiretur,
2492 1371 2704 1426 tametsi
2743 1372 2926 1429 nullus
2954 1389 3192 1445 unquam
3229 1384 3476 1433 nostrum

1950 1454 2051 1509 hoc
2088 1456 2237 1521 vidit,
2269 1468 2321 1512 et
2354 1459 2480 1513 dum
2521 1460 2700 1517 surdis
2745 1462 2983 1517 auditum
3013 1465 3295 1534 praeberet,
3332 1467 3477 1536 quod

1948 1545 2160 1615 quidem
2207 1550 2385 1605 nullus
2428 1566 2661 1620 unquam
2710 1561 2953 1608 nostrum
3000 1555 3225 1621 audivit,
3254 1566 3308 1613 et
3345 1559 3479 1613 dum

1949 1637 2185 1706 leprosos
2216 1649 2485 1709 purgaret,
2502 1649 2847 1713 mortuosque
2872 1645 2939 1700 ad
2960 1646 3124 1700 vitam
3146 1647 3474 1705 restitueret.

1948 1726 2182 1797 Denique
2208 1744 2269 1784 ea
2299 1746 2419 1799 qua:
2454 1747 2626 1801 neque
2652 1733 2790 1789 facta
2826 1735 2894 1789 ab
2933 1735 3026 1791 illo
3057 1737 3328 1802 novimus,
3366 1753 3477 1792 ne-

1882 1808 1922 1861 Β
1947 1832 2049 1885 que
2070 1817 2212 1871 dicta
2239 1819 2560 1885 audivimus,
2583 1823 2836 1893 tanquam
2858 1839 2983 1881 vere
3009 1835 3159 1896 gesta
3183 1828 3476 1882 contenda-

1946 1920 2086 1960 mus.
2144 1905 2338 1962 Verum
2388 1912 2640 1978 quoniam
2692 1920 2989 1968 extremum
3041 1916 3188 1971 illius
3237 1925 3471 1988 tempus,

1944 1995 2203 2050 celebrem
2253 1998 2435 2052 habuit
2461 2009 2513 2054 et
2542 2002 2877 2070 perspicuum
2907 2003 3201 2069 interitum,
3238 2013 3294 2061 ut
3329 2023 3477 2068 nus-

1944 2098 2102 2151 quam
2142 2087 2209 2140 ab
2246 2087 2336 2140 illo
2365 2088 2623 2142 occultari
2650 2092 2902 2159 potuerit,
2945 2108 3045 2148 nos
3099 2093 3224 2149 huic
3258 2110 3474 2165 quoque

1943 2173 2280 2229 incommodo
2310 2184 2453 2230 recta
2488 2186 2765 2248 pergentes
2802 2195 3179 2249 occurramus;
3212 2183 3470 2239 testiﬁce-

1943 2277 2168 2331 murque
2217 2265 2372 2332 plane
2422 2265 2556 2321 bene
2595 2268 2946 2337 impudenter,
2980 2271 3130 2324 illum
3184 2281 3495 2347 postquam

1948 2352 2102 2423 114
2130 2368 2159 2406 a
2190 2361 2362 2408 morte
2388 2354 2455 2409 ad
2481 2356 2642 2409 vitam
2668 2357 2901 2419 redierit,
2936 2360 3077 2425 inter
3098 2374 3197 2415 nos
3219 2375 3339 2416 esse
3357 2377 3474 2416 ver-

1943 2450 2138 2505 satum,
2186 2442 2469 2514 locumque
2521 2452 2575 2499 et
2616 2446 2797 2501 cibum
2826 2458 3141 2503 consuetum
3189 2451 3470 2506 nobiscum

1942 2547 2251 2601 usurpasse.
2293 2534 2652 2590 Conservetur
2699 2544 2872 2591 autem
2918 2538 2986 2591 ab
3033 2539 3283 2595 omnibus
3313 2541 3470 2596 nobis

1941 2620 2282 2689 impudentia:
2350 2624 2903 2693 immutabilitati'sque
2942 2634 3114 2691 tenor,
3157 2636 3212 2684 et
3255 2638 3472 2684 maneat

1940 2708 2054 2762 haec
2085 2711 2276 2765 mentis
2305 2711 2553 2767 alienatio
2584 2729 2753 2783 usque
2784 2715 2852 2768 ad
2882 2724 3137 2781 mortem;
3168 2718 3299 2787 quid
3324 2721 3468 2774 enim

1941 2795 2155 2851 absurdi
2186 2798 2341 2853 habet
2369 2813 2462 2868 pro
2495 2800 2663 2855 nihilo
2690 2803 2847 2869 mori,
2873 2810 2967 2856 aut
3005 2804 3133 2873 quid
3164 2808 3470 2875 quempiam

1939 2884 2343 2952 oﬂ‘endat,nulla
2373 2889 2632 2957 probabili
2656 2906 2839 2956 causa,
2858 2893 3076 2964 verbera
3097 2902 3470 2967 tormentaque

1939 2975 1995 3029 in
2023 2990 2264 3046 corpore,
2292 2988 2346 3033 et
2393 2979 2440 3033 si
2485 2994 2619 3049 opus
2666 2980 2757 3042 sit,
2792 2981 3004 3036 vincula
3027 3000 3241 3054 quoque
3265 2995 3319 3042 et
3347 3002 3470 3041 car-

1941 3078 2108 3130 ceres,
2132 3082 2232 3121 nec
2265 3082 2371 3122 non
2402 3071 2755 3126 contumelias
2772 3080 2825 3127 et
2866 3075 3062 3141 probra
3095 3076 3295 3133 nullius
3329 3094 3470 3134 vera:

1943 3155 2018 3210 rei
2057 3157 2225 3225 gratia
2270 3158 2538 3227 experiri?
2575 3158 2687 3214 Hoc
2722 3159 2883 3230 igitur
2905 3162 3015 3230 jam
3054 3180 3200 3219 nunc
3243 3168 3469 3222 medite-

1943 3261 2081 3312 mur,
2127 3249 2552 3318 mentiamurque
2599 3265 2787 3305 omnes
2819 3267 2925 3306 uno
2956 3268 3070 3317 ore,
3101 3263 3154 3308 et
3206 3256 3468 3327 ﬁngamus

1941 3351 2025 3402 ea,
2053 3352 2171 3406 qua:
2221 3353 2392 3408 neque
2424 3340 2584 3394 alicui
2632 3348 2876 3396 nostrum
2931 3345 3079 3398 utilia
3119 3346 3299 3401 futura
3333 3349 3467 3413 sint,

1940 3443 2112 3497 neque
2157 3429 2315 3484 alicui
2360 3446 2545 3485 eorum
2600 3448 2738 3502 quos
2790 3435 3137 3504 decipiemus,
3177 3453 3240 3492 ac
3282 3456 3352 3494 ne
3388 3442 3468 3496 illi

1938 3518 2152 3585 quidem
2200 3520 2291 3587 qui
2335 3534 2366 3572 a
2412 3521 2567 3575 nobis
2622 3522 2901 3577 mendacio
2949 3528 3243 3584 extollitur.
3282 3538 3336 3584 et
3366 3546 3467 3601 pro

1939 3605 2048 3660 Deo
2072 3607 2494 3663 commendatur.
2526 3609 2690 3665 Porro
2716 3620 2891 3668 autem
2920 3616 3254 3669 mendacium
3288 3619 3468 3673 inten-

1938 3693 2131 3749 damus
2182 3709 2290 3749 non
2348 3697 2506 3751 modo
2547 3699 2601 3752 in
2641 3711 2839 3755 nostra:
2870 3705 3040 3770 gentis
3076 3704 3339 3770 homines,
3367 3711 3462 3764 sed

1940 3784 1993 3838 in
2033 3799 2189 3839 omne
2232 3785 2450 3841 omnino
2502 3788 2778 3845 hominum
2820 3806 3008 3861 genus,
3049 3802 3329 3866 totumque
3372 3814 3466 3851 oro

1937 3876 2055 3930 hem
2105 3884 2369 3932 terrarum
2392 3878 2494 3934 hoc
2517 3895 2722 3945 errore,
2755 3882 2928 3951 iisque
2962 3900 3081 3954 qua:
3102 3886 3169 3942 de
3195 3887 3288 3942 illo
3319 3889 3462 3945 inter
3576 3934 3579 3939 .

1937 3981 2037 4021 nos
2078 3969 2477 4038 composuimus
2532 3971 2868 4041 impleamus.
2925 3974 3148 4047 Jamque
3208 3978 3462 4051 deinceps

1936 4058 2078 4127 leges
2105 4060 2239 4114 alias
2261 4061 2471 4116 cunctis
2486 4064 2734 4132 gentibus
2764 4066 3118 4135 imponamus,
3136 4084 3254 4137 qua:
3273 4083 3460 4124 omnes

1935 4146 2174 4200 omnium
2215 4147 2282 4202 de
2330 4149 2521 4217 patriis
2566 4150 2805 4220 ipsorum
2842 4153 2948 4209 diis
2976 4156 3258 4225 opiniones
3289 4172 3462 4227 oppu—

1937 4244 2099 4305 gnent
2128 4245 2289 4308 atque
2334 4247 2596 4304 evertant,
2634 4257 2983 4314 quascunque
3008 4260 3038 4298 a
3080 4247 3295 4301 condito
3346 4262 3461 4301 aevo

1936 4326 2239 4390 habuerint,
2264 4314 2691 4400 imperemusque
2705 4334 2892 4401 primis
2915 4335 3153 4389 omnium
3179 4334 3457 4395 Romanis.

1868 4431 1911 4486 υ
1938 4429 2006 4470 ne
2051 4417 2231 4471 colant
2279 4432 2415 4487 quos
2459 4420 2690 4488 majores
2735 4422 2974 4490 ipsorum
3034 4424 3166 4480 deos
3218 4424 3461 4480 arbitrati

1939 4510 2083 4557 sunt.
2114 4503 2171 4557 lu
2211 4503 2469 4561 Grznciam
2506 4522 2718 4579 quoque
2762 4518 3121 4580 penetremus,
3158 4523 3211 4568 et
3246 4514 3461 4584 sapien-

1934 4592 2078 4646 tibus
2111 4594 2200 4662 qui
2227 4596 2333 4651 illic
2362 4606 2487 4654 sunt
2513 4601 2778 4655 contraria
2810 4604 3019 4671 publice
3047 4604 3358 4665 doceamus,
3394 4619 3460 4657 at;

1934 4696 2001 4734 ne
2025 4680 2304 4753 Egyptios
2331 4688 2547 4755 quidem
2569 4690 2903 4757 omittamus,
2931 4692 3027 4749 sed
3062 4695 3296 4762 ipsorum
3320 4705 3460 4761 quo-

1936 4785 2038 4838 que
2071 4772 2200 4829 deos
2251 4779 2452 4844 patrios
2487 4794 2874 4851 oppugnemus,
2919 4797 3028 4837 non
3073 4781 3305 4836 Mosaica
3343 4794 3457 4833 am-

1934 4861 2071 4930 plius
2102 4879 2221 4932 qua:
2255 4867 2383 4920 olim
2425 4870 2565 4938 apud
2598 4871 2718 4925 illos
2760 4880 2906 4941 gesta
2938 4879 3065 4927 sunt
3100 4870 3455 4938 proferentes.

1936 4953 2026 5008 sed
2060 4955 2228 5008 nostri
2258 4959 2598 5026 praeceptoris
2651 4960 2921 5014 interitum
2952 4958 3059 5011 illis
3099 4958 3257 5026 quasi
3287 4960 3455 5029 quod-

1934 5046 2053 5099 dam
2106 5045 2566 5113 insigne-terroris
2600 5049 2934 5116 objicientes.
2965 5045 3094 5110 Quae
3119 5062 3249 5102 vero
3274 5050 3459 5119 opinio

1934 5143 1987 5188 et
2010 5132 2146 5186 l‘ama
2173 5133 2240 5188 ab
2260 5132 2413 5187 initio
2440 5135 2509 5189 ab
2541 5135 2670 5198 illis.
2692 5134 2758 5189 ad
2790 5147 2979 5189 omnes
3002 5133 3245 5190 homines
3266 5133 3334 5190 de
3353 5137 3460 5190 diis

1933 5226 2192 5296 pervenit,
2221 5224 2359 5278 hanc
2390 5238 2490 5279 nos
2517 5240 2623 5279 non
2651 5224 2855 5278 voculis
2886 5221 3209 5292 quibusdam
3246 5232 3340 5278 aut
3370 5239 3460 5278 ra-

1934 5316 2187 5378 tionibus,
2234 5314 2327 5369 sed
2378 5313 2717 5383 praeceptoris
2769 5311 3012 5368 crucillxi
3057 5313 3109 5366 vi
3162 5312 3456 5368 diluamus.

1933 5403 2338 5474 Progrediamur
2376 5417 2502 5458 vero
2544 5402 2704 5459 etiam
2749 5404 2801 5458 in
2851 5403 3115 5472 reliquam
3168 5401 3455 5457 barbaram

1936 5500 2155 5557 terram,
2191 5500 2245 5547 et
2269 5506 2386 5562 qua)
2418 5491 2555 5562 apud
2608 5507 2796 5549 omnes
2841 5492 3059 5547 decreta
3087 5499 3220 5543 sunt
3254 5498 3463 5546 everta-

1934 5594 2055 5634 mus
2090 5598 2105 5635 :
2140 5595 2309 5649 neque
2332 5595 2458 5636 vero
2495 5581 2775 5652 quisquam
2806 5588 3054 5635 nostrum
3089 5576 3257 5631 animi
3287 5577 3466 5629 inten-

1936 5672 2135 5726 tionem
2182 5671 2437 5727 remittat.
2462 5670 2579 5728 Non
2626 5674 2768 5729 enim
2816 5670 3075 5739 exiguum
3114 5673 3210 5719 aut
3244 5676 3466 5733 parvum
