3862 6314
391 85 640 321 /

721 378 820 436 207
865 363 870 371 ⁵
1359 378 1615 435 EUSEBII
1659 377 2117 432 C.-ESARIENSIS
2153 379 2297 433 OPP.
2332 380 2505 433 PARS
2540 381 2603 434 11.
2643 383 3141 442 —APOLOGETICA.
3579 379 3604 430 ἳ

724 504 823 555 riet
854 497 1009 566 hujus
1051 495 1283 548 audacia:
1334 497 1626 565 praemium,
1676 494 1936 563 siquidem
1979 510 2083 549 non
2125 497 2241 550 vul-

2076 513 2083 548 l
2125 497 2241 550 vul-
2263 528 2308 585 Δ
2342 497 2704 568 πλαττόμενοι,
2738 502 2826 551 καὶ
2856 501 3113 566 πλανῶντες
3140 504 3212 573 μὲν
3231 501 3298 564 οὓς
3325 495 3529 551 δυνατόν·
3563 495 3601 546 εὶ

722 605 874 662 gares
910 603 1008 642 nos
1039 601 1136 655 pro
1166 587 1328 639 tantis
1359 587 1737 640 certaminibus
1767 594 1981 640 manent
2003 599 2231 646 coronae.

2082 602 2231 646 roum,
2277 582 2306 585 θ’
2341 586 2411 656 μὴ
2437 586 2666 639 πείθοιτό
2688 605 2786 650 τις,
2809 589 2917 640 ἀλλ’
2941 591 3062 642 αὐτοί
3075 609 3137 656 γε,
3159 592 3262 661 ὑπὲρ
3273 583 3328 640 ὧν
3353 582 3607 651 συντεθείμε

722 674 814 730 sed
862 686 978 742 qua:
1016 671 1276 740 supplicia
1309 673 1554 726 videlicet
1579 688 1607 725 a
1629 673 1832 741 legibus
1862 674 2100 726 omnium
2137 675 2236 728 ho-

2076 690 2100 726 n
2137 675 2236 728 ho-
2340 676 2622 745 τάπίχειρα
2651 676 2748 745 τῆς
2779 677 2978 747 πλάνης
3006 679 3094 732 καθ’
3121 681 3273 732 ἑαυτῶν
3299 672 3601 743 ἐφελκόμενοι.

718 763 938 824 minum,
965 767 1020 813 ut
1050 775 1144 829 par
1172 770 1273 824 est,
1297 761 1786 818 contradicentibus
1823 763 2064 832 injuncta
2091 771 2237 827 sunt,
2272 765 2480 817 vincula
2512 766 2731 831 scilicet,
2763 774 3037 832 tormenta,
3084 781 3268 821 carceres
3295 783 3306 817 :
3335 775 3513 817 necnon
3564 759 3604 827 ig

713 861 768 908 et
817 853 1038 915 ferrum,
1075 861 1128 905 et
1187 866 1394 914 cruces,
1428 862 1481 905 et
1534 853 1720 907 belluae
1755 873 1768 908 :
1804 855 1869 907 ad
1916 870 2033 924 qua:
2061 856 2238 908 omnia
2275 856 2667 924 promptissimo
2725 857 2905 911 animo
2925 865 3005 912 est
3029 855 3322 916 accedendum,
3362 852 3513 916 iisque
3529 846 3604 899 oln

712 945 867 999 malis
889 946 1119 999 eundum
1177 945 1458 1013 intrepide,
1497 961 1615 1015 qua:
1648 944 2034 1016 praeceptorem’
2064 955 2304 1002 nostrum
2343 949 2496 1002 nobis
2521 963 2615 1017 pro
2630 949 2869 1018 exemplo
2901 957 3148 1003 ostentant.
3168 945 3276 1010 Quid
3297 943 3422 998 enim
3449 939 3606 1010 pulchr

710 1049 869 1104 quam
900 1037 1044 1089 nulla
1077 1037 1278 1090 ratione
1299 1043 1350 1090 et
1375 1037 1478 1090 diis
1506 1045 1557 1090 et
1587 1037 1892 1092 hominibus
1939 1038 2052 1092 lieri
2113 1037 2384 1102 inimicos;
2418 1053 2588 1107 neque
2631 1039 2737 1090 ulla
2797 1053 3029 1108 unquam
3064 1053 3236 1106 prorsus
3279 1033 3370 1087 frui
3413 1028 3604 1100 jucundi

715 1126 868 1196 115
898 1140 1067 1193 neque
1112 1124 1441 1178 charissimis
1493 1124 1654 1179 rebus
1710 1125 1964 1179 obiectari
1989 1164 2006 1189 ,
2057 1140 2226 1193 neque
2264 1139 2571 1194 comparare
2603 1126 2876 1195 pecunias,
2911 1141 3008 1180 nec
3036 1127 3162 1179 ullius
3205 1136 3398 1194 prorsus
3434 1119 3549 1174 boni
3603 1135 3608 1170 τ

707 1217 814 1274 sibi
845 1216 1097 1284 reliquam
1129 1214 1300 1268 facere
1332 1234 1344 1268 :
1379 1223 1576 1268 temere
1631 1221 1805 1268 autem
1836 1221 1889 1268 ct
1920 1215 2151 1268 inaniter
2213 1229 2393 1269 errare
2432 1229 2496 1269 ac
2538 1215 2819 1285 decipere?
2861 1214 2974 1270 Hoc
3023 1215 3137 1270 enim
3171 1214 3456 1284 praecipuum
3510 1217 3583 1263 est

711 1319 1008 1380 spectemus
1035 1327 1047 1361 :
1073 1321 1134 1360 ac
1158 1314 1407 1376 przeterea
1441 1308 1686 1360 omnibus
1745 1307 2044 1361 nationibus
2105 1307 2396 1371 adversari,
2432 1315 2486 1363 et
2527 1308 2675 1372 deos,
2705 1309 2796 1378 qui
2831 1323 2862 1362 a
2902 1309 3098 1363 condito
3134 1322 3226 1363 aevo
3252 1304 3380 1376 apud
3431 1317 3601 1358 omnes

709 1403 902 1458 tissimi
943 1401 1107 1456 habiti
1141 1409 1265 1456 sunt
1297 1415 1619 1471 oppugnare.
1667 1399 2046 1469 Prmceptorem
2081 1416 2227 1463 vero,
2281 1416 2440 1470 quem
2487 1403 2656 1456 oculis
2703 1403 2904 1456 nostris
2965 1403 3187 1471 supplicio
3227 1400 3348 1453 allici
3398 1399 3608 1453 vidimus

712 1489 820 1545 Deo
848 1498 900 1545 et
928 1504 1022 1558 pro
1054 1489 1146 1542 Dei
1185 1487 1319 1542 Filio
1346 1488 1651 1556 praedicare.
1683 1485 1787 1540 Pro
1827 1503 1931 1555 quo
1959 1495 2011 1540 et
2060 1489 2158 1557 ipsi
2189 1491 2323 1544 mori
2358 1490 2525 1560 parati
2565 1491 2748 1553 simus,
2781 1493 2990 1544 tametsi
3033 1493 3088 1544 ab
3125 1492 3200 1545 illo
3247 1505 3409 1559 neque
3461 1489 3569 1543 veri

708 1580 856 1634 utilis
888 1586 976 1632 aut
998 1577 1262 1632 commodi
1296 1577 1582 1646 quidquam
1614 1575 1918 1630 didicimus.
1945 1575 2056 1630 Hoc
2086 1578 2226 1631 enim
2263 1578 2378 1646 ipso
2407 1580 2493 1634 ille
2520 1580 2685 1649 pluris
2712 1589 2795 1635 est
2825 1580 3100 1644 faciendus,
3125 1578 3244 1648 quod
3292 1578 3424 1632 nihil
3480 1577 3608 1631 nobis

709 1669 886 1725 fuerit.
939 1667 1127 1722 Omnia
1158 1682 1286 1722 vero
1326 1668 1482 1721 nobis
1529 1665 1768 1720 facienda
1815 1673 1960 1729 sunt,
2004 1675 2061 1720 ut
2116 1666 2257 1721 illius
2319 1683 2510 1724 nomen
2572 1672 2774 1726 illustre
2848 1671 3206 1739 gloriosumque
3269 1668 3568 1724 reddamus.

708 1767 920 1837 probra,
953 1765 1130 1817 omnia
1178 1762 1434 1831 supplicia
1467 1761 1700 1825 ferenda,
1765 1775 1920 1814 omne
1961 1775 2127 1830 genus
2157 1763 2344 1818 mortis
2386 1763 2716 1818 subeundum
2745 1778 2839 1833 pro
2881 1777 2943 1817 ea
2977 1777 3048 1825 re,
3078 1778 3179 1830 qua:
3205 1762 3340 1815 nulla
3400 1762 3454 1814 in
3494 1770 3607 1830 part

707 1866 809 1915 est.
865 1857 1066 1909 Malum
1113 1857 1254 1911 enim
1299 1853 1525 1908 forsitan
1570 1855 1789 1916 veritas,
1851 1861 1903 1907 et
1962 1855 2086 1906 mali
2149 1856 2474 1909 contrarium
2527 1857 2581 1909 in
2644 1856 2921 1910 mendacio
2968 1875 2981 1908 :
3031 1868 3172 1924 quare
3217 1852 3534 1907 allirmemus
3573 1852 3608 1904 il

706 1957 943 2001 mortuos
993 1947 1278 2008 excitasse,
1327 1954 1379 1998 et
1420 1945 1659 2013 leprosos
1726 1959 2014 2013 purgasse,
2083 1953 2136 1998 et
2198 1945 2463 2000 dwmonas
2493 1947 2730 2014 cjecisse,
2771 1953 2824 2000 et
2859 1946 2961 1998 alia
3007 1943 3327 2005 incredibilia,
3393 1958 3607 1997 omnem

705 2040 824 2095 dem
853 2040 1157 2109 superantia
1181 2038 1394 2101 fecisse,
1422 2051 1648 2106 quarum
1677 2036 1890 2104 quidem
1935 2051 2111 2090 rerum
2169 2038 2377 2091 nullius
2421 2038 2493 2091 illi
2540 2055 2638 2093 nos
2691 2038 2894 2092 conscii
2957 2052 3145 2102 sumus,
3203 2036 3289 2091 sed
3333 2037 3605 2091 arbitratu

706 2144 896 2186 cuncta
949 2129 1210 2200 fingentes
1243 2148 1254 2182 :
1283 2135 1336 2182 et
1367 2127 1693 2195 decipiamus
1722 2125 1930 2194 quidem
1965 2141 2098 2195 quos
2137 2142 2440 2196 possumus,
2484 2129 2529 2183 si
2563 2131 2649 2183 cui
2677 2145 2800 2184 vero
2825 2144 2930 2182 non
2957 2129 3376 2198 persuaserimus,
3443 2138 3556 2183 tum
3595 2130 3608 2183 i

706 2229 773 2286 iis
803 2244 918 2298 qua:
951 2229 1087 2281 inter
1114 2240 1210 2278 nos
1241 2222 1638 2290 composuimus
1669 2219 1869 2274 erroris
1897 2221 2216 2285 mercedem,
2258 2222 2512 2278 adversus
2547 2238 2643 2278 nos
2667 2224 2814 2291 ipsos
2847 2224 3129 2276 eliciamus.

775 2319 1106 2371 Videnturne
1142 2314 1235 2366 tibi
1274 2311 1546 2366 credibilia
1587 2310 1718 2372 haec,
1752 2319 1843 2364 aut
1891 2310 1986 2364 ulli
2019 2326 2142 2366 vero
2170 2311 2240 2365 si-
2268 2327 2309 2381 Β

704 2409 894 2463 milia?
932 2405 1191 2476 ignobiles
1234 2403 1583 2470 vulgaresque
1629 2399 1892 2463 homines,
1949 2408 2230 2470 postquam

705 2499 829 2552 talia
856 2496 1123 2556 ﬁnxerint,
1154 2501 1313 2559 atque
1339 2492 1476 2544 inter
1509 2505 1566 2544 se
1595 2489 2012 2558 composuerint,
2045 2490 2234 2544 Roma-

707 2604 833 2642 num
868 2588 1145 2656 imperium
1195 2581 1490 2636 invasisse?
1520 2586 1611 2633 aut
1638 2580 1925 2633 humanam
1965 2589 2229 2642 naturam,

705 2690 824 2745 quae
871 2675 994 2726 vita:
1045 2685 1280 2724 amorem
1336 2685 1398 2722 ac
1458 2668 1690 2721 studium
1745 2669 1896 2736 quasi
1960 2671 2232 2739 proprium

704 2763 960 2834 quiddam
1003 2760 1258 2829 possidet,
1307 2757 1541 2826 potuisse
1573 2773 1805 2826 unquam
1845 2759 1951 2811 ulla
1993 2758 2232 2827 mercede

703 2851 1063 2907 voluntarium
1095 2849 1277 2902 subire
1307 2847 1600 2910 interitum,
1631 2847 2075 2917 quemadmodum
2111 2845 2231 2899 Sal-

703 2943 904 2998 vatoris
942 2939 1111 2994 nostri
1141 2937 1386 3007 discipuli
1416 2939 1675 3006 potuere?
1717 2937 1863 3003 Quos
1897 2938 1975 2991 sic
2017 2935 2229 3005 quidem

703 3048 767 3090 eo
791 3030 1026 3100 stuporis
1053 3028 1262 3083 venisse
1291 3027 1496 3091 credas,
1527 3035 1585 3080 ut
1611 3042 1732 3081 cum
1761 3027 1828 3080 ab
1854 3026 1945 3080 illo
1984 3025 2115 3078 nihil
2141 3023 2227 3076 di-

707 3137 868 3193 gnum
902 3117 1252 3172 admiratione
1283 3123 1487 3186 gestum
1532 3117 1880 3186 inspexerint,
1916 3116 2016 3184 ipsi
2055 3126 2229 3169 tamen

706 3227 777 3286 rex
825 3208 1119 3278 composito
1167 3216 1356 3262 cuncta
1409 3207 1526 3276 ejus
1576 3208 1785 3277 generis
1841 3205 2231 3260 confinxerint?

706 3299 895 3356 deinde
933 3299 1088 3368 nugis
1125 3297 1438 3367 quibusdam
1475 3296 1540 3351 de
1579 3296 1668 3350 illo
1700 3296 2010 3366 corrogatis,
2040 3309 2136 3364 pro
2161 3294 2228 3349 iis

703 3403 862 3445 omne
892 3402 1060 3458 genus
1087 3386 1272 3439 mortis
1311 3385 1493 3439 subire
1519 3383 1710 3454 parati,
1745 3383 2081 3453 promptique
2117 3381 2230 3436 fue-

702 3481 848 3536 rint?
871 3488 927 3532 tu
949 3492 1075 3532 vero
1105 3474 1231 3545 quid
1257 3475 1336 3530 ais
1385 3475 1600 3530 tandem
1629 3474 1883 3530 adversus
1902 3473 2014 3526 haec
2031 3473 2054 3526 ?
2073 3471 2230 3526 Nem-

705 3587 773 3642 pe
834 3569 957 3623 illos
991 3581 1162 3635 neque
1208 3565 1451 3634 opinatos
1507 3562 1704 3629 fuisse,
1755 3576 1927 3630 neque
1983 3574 2228 3630 sperasse

2403 2309 2545 2382 τΑρά
2570 2331 2647 2366 σοι
2674 2311 2868 2365 πιθανὰ
2891 2312 3053 2365 ταῦτα
3074 2312 3102 2382 ἢ
3129 2313 3214 2365 καὶ
3240 2313 3484 2384 ἀληθοῦς
3510 2317 3602 2385 ὲχό

2328 2419 2444 2470 γου,
2476 2402 2549 2464 ὡς
2589 2402 2656 2454 τὰ
2691 2402 2908 2454 τοιαῦτα
2938 2401 3248 2471 πλασάμενοι
3278 2405 3378 2456 καλ⁵
3420 2406 3608 2478 συνθὲι

2333 2491 2510 2560 λήλοις
2525 2490 2752 2552 εὐτελεῖς
2773 2491 2960 2559 ἄνδρες
2987 2491 3073 2542 καὶ
3102 2490 3316 2554 ἰδιῶται,
3333 2495 3607 2564 παρῄεσα

2338 2581 2613 2649 Ῥωμαίων
2637 2580 2878 2650 ἁρχήν;ἢ
2909 2579 2982 2641 ὼς
3004 2580 3296 2651 ἀνθρωπεία
3312 2583 3515 2650 φύσις,
3535 2587 3601 2639 τὸ

2327 2671 2517 2723 οίκεῖον
2547 2671 2870 2739 κεκτημένη,
2901 2668 3091 2721 δύναιτ’
3118 2670 3180 2722 ἄν
3209 2672 3327 2724 ποθ’
3354 2673 3512 2745 ὑπὲρ
3537 2677 3607 2728 το

2327 2757 2634 2828 αὐθαίρετον
2657 2758 2932 2826 ὑπομεῖναι
2953 2757 3234 2828 τελευτήν;
3260 2759 3296 2828 ἢ
3325 2761 3410 2823 ὡς
3445 2768 3500 2814 οἱ
3527 2765 3606 2817 τοῐ

2327 2847 2478 2918 ἡμῶν
2522 2847 2752 2917 μαθηταὶ
2799 2848 2878 2909 είς
2921 2847 3181 2917 τοσαύτην
3226 2849 3564 2924 ὑπερϐολὴν

2326 2937 2544 3007 ήλασαν,
2571 2938 2644 2999 ὡς
2677 2937 2836 3006 μηδὲν
2860 2937 2957 3006 μὲν
2988 2939 3078 2990 ὑπ’
3105 2939 3273 2991 αὐτοῦ
3303 2944 3604 3012 παράδοξς

2327 3027 2638 3098 ἑωρακέναι,
2667 3027 2857 3090 αὐτοὺς
2889 3028 2934 3081 δ’
2965 3030 3029 3080 ὲκ
3061 3029 3422 3100 συνθήματος
3463 3036 3606 3104 ὁμοῐ

2325 3117 2542 3170 τοιαῦτα
2596 3116 2924 3181 πεπλάσθαι,
2990 3117 3184 3173 ἔπειτα
3247 3123 3526 3192 ῥημάτια
3564 3145 3604 3178 ἠ

2323 3208 2489 3279 ψευδῆ
2541 3205 3146 3280 ωνταξαμὲνους,ὐπὲρ
3200 3212 3432 3266 τούτων
3491 3216 3606 3288 6νὴ

2330 3299 2505 3369 μένειν
2553 3298 2776 3368 ἑτοίμως
2829 3298 3002 3367 ἔχεινς
3059 3301 3228 3354 Ἀλλὰ
3279 3305 3340 3356 τί
3389 3308 3566 3377 φῄς;

2325 3389 2485 3458 κῆσαι
2520 3388 2709 3450 αὐτοὺς
2752 3388 2880 3458 μηδὲ
2922 3388 3144 3442 ἐλπίσαι
3196 3391 3392 3446 δεινόν
3443 3414 3512 3450 τι
3562 3418 3606 3452 ’π

2324 3479 2420 3549 τῆς
2463 3477 2706 3549 περὶτοῦ
2749 3478 2918 3548 Ἰησοῦ
2955 3481 3303 3549 μαρτυρίας,
3363 3484 3467 3539 διὸ
3503 3491 3606 3541 καλ

2324 3571 2384 3623 τὸ
2408 3571 2534 3640 περὶ
2559 3568 2718 3621 αὐτοῦ
2759 3570 3015 3640 κήρυγμα
3060 3573 3428 3642 προελθεῖν;
3501 3581 3605 3631 Ἀ)

702 3660 994 3731 quidquam
1025 3655 1287 3724 ejusmodi
1320 3653 1389 3706 ob
1416 3653 1930 3707 commendationem
1955 3649 2082 3703 Jesu
2109 3664 2223 3719 per-

2078 3679 2082 3702 l
2109 3664 2223 3719 per-
2252 3675 2295 3734 ρ
2324 3650 2390 3725 ἦν
2429 3654 2716 3708 ἀπελπίσαι
2757 3654 2824 3706 τὰ
2855 3656 3030 3709 πάντα
3064 3659 3165 3711 ὑπ’
3204 3662 3422 3717 αὐτῶν
3467 3669 3603 3720 πείς

706 3762 979 3819 pessuros.
1009 3744 1185 3810 Quare
1212 3751 1315 3796 tam
1348 3741 1607 3813 intrepide
1648 3742 1711 3796 ad
1746 3739 2134 3811 pradicandum
2162 3736 2229 3792 de

705 3840 796 3892 illo
838 3843 1116 3906 provectos
1166 3849 1180 3885 :
1230 3841 1284 3886 at
1325 3831 1464 3886 istuc
1501 3845 1732 3900 quonam
1774 3837 1931 3898 pacto
1971 3827 2228 3882 concede-

703 3925 833 3978 tur?
864 3924 984 3976 illos
1012 3935 1118 3975 non
1144 3935 1388 3989 sperasse
1420 3933 1518 3988 pro
1543 3919 1633 3971 illo
1656 3932 1715 3971 se
1736 3917 1912 3970 omnia
1939 3913 2228 3985 passuros?

703 4013 880 4083 quiet
931 4009 1068 4079 apud
1117 4005 1406 4073 Romanos,
1438 4014 1492 4061 et
1545 4006 1684 4076 apud
1739 4003 1969 4065 Graecos,
2004 4009 2058 4055 et
2086 4001 2226 4070 apud

703 4102 981 4162 barbaros,
1014 4098 1235 4152 deorum
1261 4097 1586 4150 eversionem
1615 4101 1794 4150 essent
1824 4091 2120 4145 invecturi?
2159 4089 2226 4142 At

704 4191 844 4245 enim
870 4187 1092 4242 historia
1123 4200 1242 4254 qua:
1267 4188 1333 4239 de
1364 4186 1470 4239 illis
1494 4191 1686 4246 exstat,
1715 4189 1894 4250 aperte
1919 4181 2020 4234 hoc
2044 4179 2223 4244 habet,

708 4279 866 4348 116
893 4278 1012 4330 illos
1041 4285 1160 4345 post
1187 4273 1538 4343 Praeceptoris
1575 4272 1865 4334 interitum,
1904 4269 1972 4323 ab
2003 4267 2224 4322 insidia-

703 4367 912 4419 toribus
959 4362 1278 4432 quibusdam
1310 4369 1493 4429 captos
1537 4358 1724 4421 fuisse,
1752 4364 1805 4411 et
1835 4356 2062 4426 primum
2108 4356 2227 4424 qui-

705 4455 824 4510 dem
867 4455 922 4507 in
957 4465 1224 4506 carcerem
1255 4451 1546 4517 conjectos,
1585 4445 1777 4501 deinde
1809 4460 1932 4499 vero
1953 4444 2223 4508 dimissos,

705 4551 818 4596 tum
847 4543 912 4596 iis
936 4543 1249 4611 imperatum
1279 4553 1344 4592 ne
1375 4537 1468 4590 ulli
1485 4537 1758 4590 hominum
1785 4535 1838 4588 in
1867 4534 2078 4589 nomine
2100 4533 2226 4588 Jesu

707 4635 1068 4702 loquerentur.
1125 4628 1317 4682 Postea
1365 4642 1489 4681 vero
1536 4641 1656 4679 cum
1705 4626 1782 4679 illi
1832 4625 1930 4681 hos
1970 4625 2226 4679 vidissent

705 4721 845 4790 apud
874 4719 1268 4774 multitudinem
1294 4717 1464 4785 palam
1497 4715 1562 4770 de
1586 4716 1675 4768 illo
1707 4715 1894 4769 iterum
1927 4715 2221 4784 loquentes,

707 4816 980 4876 correptos
1017 4807 1384 4867 verberarunt,
1413 4819 1610 4873 eosque
1651 4803 1719 4856 ob
1751 4805 2005 4859 doctrina:
2061 4818 2226 4874 genus

707 4881 1080 4962 increparuntf
1103 4895 1219 4959 Quo
1255 4902 1491 4962 tempore
1531 4892 1774 4947 videlicet
1815 4909 2004 4950 rursus
2038 4895 2113 4947 illi
2141 4909 2225 4947 re-

2337 3746 2620 3814 Ῥωμαίοις
2666 3743 2799 3814 όμοῦ
2852 3746 2943 3798 καὶ
2993 3747 3248 3819 Ἕλλησι
3305 3755 3427 3806 καὶ
3485 3757 3606 3830 βας

2325 3833 2628 3903 ἀνατροπὴν
2667 3835 3185 3904 είσηγησαμένουςς
3250 3841 3329 3893 Ἦ
3387 3843 3466 3896 δέ,
3507 3862 3595 3914 γε

2325 3921 2527 3990 ἱστορία
2564 3919 2741 3986 σαφῶς
2767 3921 3056 3988 δείκνυσιν,
3100 3926 3192 3990 ὡς
3231 3929 3405 3998 μετὰ
3445 3934 3589 4005 τὴν

2323 4009 2414 4061 λου
2459 4006 2704 4077 τελευτὴν
2747 4008 3017 4062 ἐπίϐουλοι
3064 4029 3266 4079 τινες,
3312 4019 3608 4076 συλλαϐι

2323 4096 2509 4169 πρῶτα
2538 4096 2634 4165 μὲν
2663 4096 2978 4166 παρέδωκαν
3009 4101 3298 4175 φυλακῇ,
3347 4105 3606 4166 ἔπειτα

2325 4185 2775 4256 παραγγείλαντες
2811 4187 2998 4257 μηδενὶ
3047 4191 3274 4247 λαλεῖν
3359 4199 3496 4252 ἐπὶ
3542 4205 3608 4254 ’τέ

2335 4269 2521 4340 Ἰησοῦ.
2554 4271 2770 4333 Γνόντες
2799 4272 2856 4324 δὲ
2892 4273 3107 4340 αὐτοὺς
3154 4280 3334 4347 μετὰ
3387 4287 3608 4343 ταῦ-ες

2324 4361 2512 4431 πλήθει
2546 4360 2612 4414 τὰ
2643 4363 2766 4430 περὶ
2803 4364 2963 4416 αὐτοῦ
2997 4365 3587 4443 διαλεγομένους,

2323 4449 2643 4519 ἐμάστιζον,
2689 4452 3051 4522 ἐπιτιμῶντες
3123 4460 3249 4512 ἐπὶ
3310 4467 3408 4535 τῇ
3480 4467 3603 4522 διδ

2322 4541 2633 4611 ἀποκριθεὶς
2662 4537 2813 4604 αὖθις
2838 4545 3028 4609 αὐτοῖς
3062 4549 3101 4600 ὁ
3145 4550 3439 4622 Πέτρος
3506 4556 3608 4612 εῖτ

2322 4635 2434 4701 χεῖν
2467 4634 2546 4685 δεῖ
2581 4633 2694 4703 Θεῷ
2733 4634 2924 4702 μᾶλλον
2955 4637 2991 4708 ἢ
3027 4639 3153 4693 ἀνθ
3167 4644 3494 4712 ρώποις.
3558 4671 3587 4704 ›

2322 4723 2485 4786 λίθοις
2533 4723 2740 4794 βληθεὶς
2771 4726 3091 4796 ἀναιρεῖται
3153 4733 3595 4805 Στέφανος,

2322 4813 2478 4866 δαίων
2503 4813 2731 4883 πλήθους
2758 4818 3388 4892 παρρησιασάμενος
3403 4868 3424 4890 ,
3478 4835 3608 4885 κα,

2321 4901 2494 4970 τυχὼν
2532 4901 2876 4956 ἐπανίσταται
2907 4908 3025 4971 τοῖς
3080 4913 3608 4980 πρεσϐεύουσ

709 4984 976 5049 spondens
1000 4984 1189 5038 Petrus
1233 4983 1363 5037 dixit
1389 5002 1402 5036 :
1436 4999 1455 5033 ι
1483 4981 1706 5037 Obedire
1732 4991 1940 5053 oportet
1981 4983 2089 5037 Deo
2115 4996 2228 5035 ma-

2018 4993 2228 5079 leo‘nja-
2258 4981 2299 5034 D
2326 4992 2506 5060 ὄνομα.
2539 4991 2646 5042 Καὶ
2687 4993 2844 5046 πάλιν
2882 4995 3092 5051 ἄλλοτε
3156 5002 3543 5079 Ἠρώδης

712 5070 792 5135 gis
819 5085 976 5136 quam
1002 5071 1308 5126 hominibus
1338 5070 1402 5124 “.
1439 5088 1458 5120 ι
1494 5067 1644 5121 Haud
1681 5069 1754 5122 ita
1788 5071 1956 5123 multo
1999 5075 2120 5139 post
2147 5067 2225 5119 la-

711 5156 922 5225 pidibus
963 5160 1159 5225 petitus
1203 5160 1502 5231 Stephanus
1548 5159 1882 5224 interficitur,
1928 5174 2049 5213 cum
2086 5157 2226 5226 apud

711 5243 1017 5298 Judaaorutn
1055 5249 1443 5305 multitudinem
1487 5251 1746 5320 intrepide
1796 5249 2222 5310 concionaretur,

714 5341 871 5402 atque
921 5332 1198 5386 insertatio
1240 5353 1346 5392 non
1402 5343 1680 5397 mediocris
1710 5348 1822 5394 orta
1869 5347 1948 5393 est
1975 5338 2226 5392 adversus

715 5439 829 5486 eos,
859 5424 951 5492 qui
992 5437 1185 5477 nomen
1219 5423 1343 5479 Jesu
1373 5429 1579 5495 publice
1606 5428 2068 5487 commendabant.
2109 5427 2226 5480 Alio

715 5529 903 5568 rursus
945 5521 1178 5580 tempore
1225 5514 1482 5582 Herodes,
1512 5522 1602 5590 qui
1644 5521 1944 5576 Judaeorum
1975 5533 2068 5573 rex
2090 5524 2225 5579 erat,

713 5603 966 5746 laeoigm
1020 5601 1237 5660 fratrem
1281 5606 1500 5667 Joannis
1533 5614 1744 5684 _occidit
1778 5612 1973 5684 gladio.
2012 5608 2226 5666 Petrum

807 5694 826 5724 ⁶
905 5699 976 5746 ct.
1006 5709 1058 5746 ν.
1081 5693 1168 5746 29.

807 5694 826 5724 ⁶
857 5693 976 5747 Act.
1006 5709 1058 5760 ν,
1081 5693 1168 5749 9.9.

2328 5079 2570 5150 βασιλεὺς
2593 5080 2792 5137 ἀνεῖλεν
2822 5085 2911 5139 τὸν
2947 5089 3290 5144 Ἰάκωϐον
3336 5096 3482 5150 τὸν
3537 5103 3595 5154 ἀ

2331 5165 2583 5236 μαχαίρᾳ,
2609 5168 2698 5221 τόν
2725 5187 2782 5223 τε
2811 5173 3019 5244 Πέτρον
3054 5179 3095 5230 ὁ
3139 5178 3384 5244 αὐτὸς
3425 5184 3584 5240 δεσ

2327 5254 2400 5315 ὡς
2427 5256 2483 5306 ὲν
2502 5258 2619 5319 ταῖς
2636 5258 2876 5329 ¹Πρόιξεσι
2915 5265 3034 5318 τῶν
3082 5266 3570 5330 ἀποστόλων

2327 5341 2525 5398 τούτων
2551 5345 2718 5402 ταῦτα
2747 5355 3149 5420 πεπονθότων,
3191 5359 3264 5410 οἱ
3317 5357 3558 5418 λοιπο

2329 5427 2566 5497 ἐχόμενοι
2595 5433 2686 5487 τοῦ
2730 5439 2924 5512 Ἰησοῦ,
2962 5443 3389 5514 παρέμενον
3438 5450 3543 5504 ἔτι

2327 5532 2422 5606 τας
2452 5519 2606 5575 αὐτόν
2638 5542 2695 5579 τε
2724 5535 2818 5587 καὶ
2857 5535 2954 5599 τὰς
2988 5536 3527 5606 παραδοξοποι

2329 5605 2619 5677 γέλλοντες.
2661 5619 2786 5680 Ἐπὶ
2809 5628 3020 5693 τούτοις
3079 5605 3462 5695 ’Ϊὰκωδος
3498 5636 3520 5685 ὀ
