3862 6370
86 0 2077 161 ——______J

248 487 317 553 ιω
1167 485 1792 561 DEMONSTRATIONIS

1899 495 2255 554 'ANGELICAE
2292 495 2419 551 LIB.
2456 493 2544 548 Ill.

3296 494 3396 550 210

250 597 349 673 ρίου,
381 597 436 652 δν
464 599 520 652 οἰ
557 600 744 656 πάλαι
778 603 860 658 τὰ
900 605 1261 686 Ἱεροσόλυμα
1290 615 1552 679 οἰκοῦντες
1584 613 1801 669 ἐκάλουν

1899 627 2023 668 vero
2067 611 2120 663 in
2162 607 2372 662 vincula
2412 605 2655 673 conjecit,
2689 604 2825 658 utin
2865 593 3017 660 Actis
3043 604 3400 675 apostolorum

249 692 409 746 δίκαιον
431 688 538 747 διᾶ
553 689 629 743 τὰ
651 692 766 762 τῆς
794 695 1023 769 ἀρετῆς
1051 703 1498 773 πλεονεκτήματα,
1520 702 1803 774 ἐρωτηθεὶς

251 783 354 856 πρὸς
384 780 490 834 τῶν
532 782 866 855 ἀρχιερέων
912 790 1020 843 καὶ⁵
1056 791 1378 845 διδασκάλων
1404 791 1495 844 τοῦ
1548 792 1802 845 Ἰουδαίων

256 873 424 937 ιθνους,
448 871 573 925 τίνα
612 874 757 944 περὶ
796 876 908 929 τοῦ
946 880 1187 951 Χριστοῦ
1224 880 1333 950 ἔχοι
1367 879 1541 945 δόξαν,
1577 880 1802 934 κᾶπειτα

260 963 665 1036 ἀποκρινάμενος
684 1004 701 1023 .
740 963 831 1017 ὅτι
876 968 1001 1031 υίὸς
1034 969 1167 1022 Θεοῦ
1198 971 1299 1039 εἴη,
1331 970 1492 1032 λίθοις
1526 971 1617 1023 καί
1648 971 1802 1034 αὐτὸς

265 1056 377 1129 προς
416 1055 589 1109 αὐτῶν
628 1055 925 1126 βάλλεται.
969 1059 1081 1111 Καὶ
1121 1059 1319 1129 Πέτρος
1357 1059 1413 1112 δὲ
1457 1060 1547 1112 ἐπὶ
1594 1058 1802 1129 Ῥώμης

270 1147 395 1203 κατὰ
423 1145 660 1216 κεφαλῆς
696 1146 1059 1223 σταυροῦται,
1092 1147 1297 1211 Παῦλός
1330 1164 1388 1201 τε
1428 1148 1800 1219 ἀποτέμνεται,

285 1238 513 1309 Ἰωάννης
546 1255 608 1291 τε
652 1238 811 1308 νήσῳ
845 1236 1214 1310 παραδίδοται.
1252 1238 1359 1292 Καὶ
1400 1238 1597 1292 τούτων
1636 1239 1803 1293 ταῦτα

285 1328 551 1390 παθόντων,
582 1327 760 1391 οὐδεὶς
791 1327 905 1380 τῶν
929 1327 1130 1381 λοιπῶν
1152 1328 1337 1400 ἐξέστη
1364 1328 1463 1399 τῆς
1484 1328 1799 1399 προθέσεως,

282 1418 339 1470 δι’
361 1418 509 1487 εὐχῆς
532 1417 591 1470 δὲ
612 1417 892 1487 τιθέμενοι
921 1418 1017 1470 καί⁸
1036 1418 1185 1471 αὐτοὶ
1208 1417 1311 1471 τῶν
1335 1419 1462 1471 ῐσων
1488 1422 1597 1482 τοῖς
1620 1436 1801 1490 προει-

285 1509 510 1579 ρημένοις
540 1509 639 1579 τῆς
684 1509 768 1571 εἰς
805 1507 869 1560 τδ
916 1507 1069 1562 Θεῖον
1111 1508 1383 1571 εὐσεϐείας
1411 1507 1569 1561 ἕνεκα
1601 1510 1798 1577 τυχεῖν,

284 1597 349 1649 ἔτι
400 1596 590 1666 μᾶλλον
640 1596 722 1667 τῷ
778 1595 957 1667 Ἰησοῦ
1008 1596 1101 1649 καί.
1134 1598 1241 1659 τοῖς
1280 1594 1590 1665 παραδόξοις
1629 1595 1801 1666 έργοις

283 1685 422 1738 αὐτοῦ
452 1685 586 1755 μετά
629 1685 950 1755 παρρησίας
989 1683 1338 1755 ἐμαρτύρουν.
1377 1683 1482 1735 Καὶ
1512 1684 1614 1755 μὴν
1649 1683 1801 1755 εἴπερ

280 1775 536 1847 ψεύσματα
585 1771 658 1846 ἧν
710 1774 858 1830 κατά
914 1774 1179 1844 συνθήκην
1215 1774 1392 1835 αὐτοῖς
1434 1772 1799 1843 πεπλασμένα,

272 1865 553 1936 θαυμάζειν
584 1866 764 1932 ἀξιον,
795 1867 943 1929 ὃπως
976 1864 1191 1919 τοσοῦτο
1220 1864 1416 1933 πλῆθος
1454 1864 1551 1934 τὴν
1588 1880 1801 1933 συμφω-

267 1955 382 2010 νίαν
407 1957 494 2009 ἐπὶ
532 1958 648 2019 τοῖς
687 1955 971 2025 πλάσμασι
1000 1956 1091 2008 καὶ
1130 1956 1287 2025 μέχρι
1315 1953 1534 2007 θανάτου
1562 1954 1802 2022 διεφύλα-

267 2041 379 2109 ξεν,
412 2044 581 2107 οὐδείς
630 2061 696 2097 τε
745 2044 923 2097 αὐτῶν
984 2043 1196 2098 πώποτε
1252 2044 1321 2097 τά
1372 2043 1644 2113 συμϐάντα
1695 2046 1802 2104 τοῖς

268 2129 734 2203 προανῃρημένοις
808 2130 1040 2201 τρέσας,
1112 2131 1300 2201 ὲξέστη
1369 2132 1465 2199 τῆς
1537 2131 1799 2201 ἑταιρίας,

272 2219 373 2271 οὐδ’
410 2218 746 2289 ἀντεκήρυξε
796 2222 907 2282 τοῖς
954 2219 1151 2281 ἄλλοις,
1206 2220 1284 2280 εἰς
1325 2219 1436 2288 φῶς
1485 2219 1696 2287 ἀγαγὼν
1736 2220 1801 2272 τὰ

282 2307 666 2376 συντεθειμένα.
741 2305 901 2359 Ἀλλά
942 2308 1035 2358 καὶ
1074 2308 1126 2359 ό’
1150 2304 1322 2369 ζῶντα
1369 2306 1647 2378 προδοῦναι
1686 2308 1801 2359 τολ-

283 2395 436 2463 μήσας
476 2395 661 2459 αὐτὸν,
691 2393 1006 2464 αὐτοχειρία
1064 2393 1182 2447 καθ’
1236 2394 1423 2448 ἑαυτοῦ
1478 2394 1804 2465 παραχρῆμα

280 2481 360 2551 τήν
382 2483 530 2553 δίκην
572 2483 950 2536 ἐπεσπάσατο.
996 2482 1227 2535 Κάκείνο
1270 2482 1326 2534 δὲ
1367 2481 1479 2545 πῶς
1512 2483 1570 2534 οὐ
1615 2481 1802 2552 μεστὸν

280 2569 587 2640 ίκπλήξεως,
632 2570 697 2622 τὸ
737 2570 968 2631 πλάνους
1008 2569 1202 2640 ἄνδρας
1240 2570 1333 2621 καί
1388 2569 1614 2632 ἰδιώτας,
1670 2570 1802 2640 μήτε

281 2655 454 2725 λαλεῖν,
490 2660 631 2730 μήτε
697 2657 918 2712 ἀκούειν
973 2658 1129 2712 πλέον
1197 2659 1295 2728 τῆς
1354 2660 1576 2730 πατρίου
1626 2658 1804 2727 φωνῆς

281 2747 667 2817 ἐπισταμένους,
747 2747 822 2817 μὴ
897 2748 1075 2817 μόνον
1124 2747 1459 2817 διανοηθῆναι
1545 2748 1802 2817 τολμῆσαι

282 2837 534 2906 προελθεῖν
591 2838 688 2890 ἐπὶ
732 2838 832 2906 τὴν
878 2837 986 2888 τῶν
1034 2836 1199 2890 ὲθνῶν
1249 2837 1494 2891 ἁπάντων
1544 2836 1800 2906 περίοδον,

280 2920 392 2975 ἀλλά
473 2925 567 2977 καὶ
639 2922 1001 2993 προελθόντας
1082 2923 1413 2994 κατορθῶσαι
1492 2923 1553 2977 τὸ
1625 2924 1804 2993 ἐπιτή-

277 3006 427 3079 δευμα
452 3028 467 3075 ;
495 3011 707 3080 Σκέψαι
739 3010 796 3063 δὲ
836 3011 1015 3063 ὁποῖόν
1041 3011 1156 3063 ἐστι
1186 3012 1276 3063 καί.
1314 3011 1372 3064 τὸ
1415 3011 1610 3081 μηδένα
1641 3010 1804 3080 μηδα-

281 3097 368 3164 μοῦ
390 3099 658 3168 διάφωνον
692 3098 995 3166 ἐξενεγκεῖν
1027 3100 1151 3170 περὶ
1181 3100 1284 3153 τῶν
1309 3099 1551 3170 πράξεων
1573 3097 1663 3151 τοῦ
1698 3100 1800 3169 ’1η-

1900 703 2152 772 scriptu'm
2179 706 2261 753 est
2295 697 2361 752 ".
2397 695 2462 748 Et
2489 709 2608 748 cum
2638 694 2692 747 hi
2728 694 2854 746 talia
2877 695 3237 762 pertulissent,
3275 695 3403 750 reli-

1897 793 1989 863 qui
2019 788 2261 858 discipuli
2293 783 2722 841 constantissime
2755 780 2881 837 Jesu
2920 798 3018 859 suo
3048 784 3400 865 adherentes,

1898 880 2051 949 longe
2073 878 2231 932 etiam
2252 874 2419 944 magis
2439 886 2597 942 quam
2626 880 2751 925 ante
2774 879 3174 940 perseverarunt
3200 872 3254 926 in
3281 886 3404 941 pro-

1898 969 2089 1039 posito,
2123 965 2264 1035 apud
2299 964 2576 1018 universos
2603 961 2798 1030 ubique
2824 967 2878 1015 et
2899 960 3046 1014 illum
3069 970 3122 1021 et
3146 962 3405 1017 miracula

1897 1059 2039 1113 illius
2082 1055 2449 1126 praedicantes.
2500 1051 2689 1107 Postea
2735 1051 2965 1106 Jacobus
3004 1050 3166 1106 frater
3196 1051 3403 1106 Domini

1897 1146 1989 1215 qui
2011 1145 2076 1198 ab
2096 1145 2162 1198 iis
2187 1143 2279 1213 qui
2306 1143 2432 1197 olim
2461 1140 2825 1212 Hierosolyma
2851 1139 3169 1203 incolebant,
3197 1140 3266 1193 ob
3289 1140 3396 1193 viro

1897 1233 2026 1287 tutis
2044 1230 2406 1287 excellentiam
2418 1226 2601 1283 Justus
2619 1228 2929 1293 vocabatur,
2946 1239 2976 1280 a
2997 1226 3333 1296 pontiﬁcibus
3347 1232 3405 1282 et

1895 1320 2126 1375 Iudaica:
2154 1319 2325 1389 gentis
2348 1317 2615 1388 magistris
2651 1318 3027 1388 interrogatus,
3053 1316 3307 1386 quidnam
3337 1317 3407 1371 de

1894 1409 2018 1467 Jesu
2049 1409 2288 1472 sentiret,
2326 1422 2447 1463 cum
2473 1408 2627 1477 plane
2649 1405 2794 1460 illum
2834 1421 2954 1461 esse
2983 1404 3175 1459 Filium
3202 1405 3297 1459 Dei
3321 1421 3408 1460 re-

1897 1499 2219 1570 spondisset,
2259 1498 2372 1567 ipse
2396 1510 2608 1567 quoque
2644 1495 2907 1565 lapidibus
2955 1494 3024 1548 ab
3070 1495 3177 1549 illis
3213 1496 3408 1564 petitur

1897 1599 2056 1661 atque
2084 1586 2414 1644 interficitur.
2455 1585 2643 1640 Petrus
2686 1593 2860 1639 autem
2905 1583 3085 1639 Romae
3132 1585 3305 1654 capite
3351 1585 3408 1639 in

1894 1690 2088 1738 terram
2125 1693 2281 1735 verso
2312 1677 2458 1732 cruci
2487 1674 2730 1746 alligitur.
2762 1673 2927 1729 Paulo
2962 1689 3089 1729 vero
3118 1680 3277 1744 caput
3312 1675 3411 1730 ab-

1897 1771 2176 1833 scinditur,
2213 1775 2266 1823 et
2293 1765 2523 1822 Joannes
2560 1765 2616 1818 in
2650 1764 2879 1819 insulam
2908 1764 3191 1833 relegatur.
3236 1763 3415 1833 Hique-

1898 1873 2017 1914 cum
2040 1858 2167 1912 talia
2191 1856 2334 1926 passi
2364 1861 2560 1918 essent,
2589 1853 2766 1907 nullus
2794 1853 3118 1923 reliquorum
3151 1853 3219 1908 ab
3240 1853 3411 1907 ince-

1896 1954 1987 2017 pto
2014 1945 2235 2002 destitit.
2265 1944 2405 2010 Quin
2451 1944 2608 1999 etiam
2635 1942 2772 1997 votis
2799 1942 3163 2011 unusquisque
3191 1948 3407 2010 expete-

1897 2035 2007 2101 bat,
2039 2034 2250 2104 pietatis
2309 2032 2580 2102 divinique
2615 2031 2790 2086 cultus
2834 2030 3025 2101 gratia,
3055 2028 3156 2084 sibi
3197 2042 3409 2097 quoque

1898 2123 2095 2191 aliquid
2127 2123 2230 2177 tale
2249 2121 2570 2191 contingere.
2588 2119 2704 2185 Quo
2723 2120 2882 2174 etiam
2903 2118 3235 2173 constantius
3249 2124 3409 2186 atque

1897 2212 2168 2267 ardentius
2213 2217 2266 2266 et
2312 2211 2413 2279 ipsi
2441 2210 2586 2274 Jesu,
2620 2217 2673 2263 et
2721 2207 3122 2261 admirabilibus
3168 2205 3407 2275 ejusdem

1897 2301 2058 2371 gestis
2101 2300 2461 2355 testimonium
2504 2298 2809 2353 alIerebant.
2861 2296 3012 2361 Quod
3047 2296 3092 2349 si
3135 2294 3410 2349 mendacia

1897 2391 2010 2445 haec
2038 2398 2190 2445 erant
2225 2403 2342 2457 qua:
2384 2388 2460 2442 illi
2486 2402 2551 2441 ex
2583 2385 2875 2454 composito
2907 2384 3200 2446 ﬁnxissent,
3233 2397 3407 2451 operae

1897 2481 2123 2550 pretium
2153 2479 2254 2534 erit
2281 2477 2552 2542 admirari,
2576 2489 2806 2545 quonam
2834 2479 2990 2542 pacto
3018 2480 3197 2527 tantus
3220 2486 3410 2543 pume-

1898 2585 2012 2632 rus,
2044 2582 2363 2624 consensum
2389 2566 2535 2620 illum
2570 2566 2708 2619 inter
2732 2578 2789 2619 se
2832 2564 2888 2616 iu
2928 2562 3088 2616 rebus
3123 2561 3278 2629 ﬁctis,
3327 2560 3412 2616 vel

1899 2674 2067 2729 usque
2090 2658 2157 2713 ad
2193 2668 2412 2713 mortem
2446 2654 2754 2720 servaverit,
2793 2667 2964 2723 neque
2985 2652 3125 2706 ullus
3151 2666 3405 2720 unquam,

1898 2762 2078 2803 earum
2103 2761 2280 2801 rerum
2304 2743 2587 2799 formidine
2610 2756 2728 2812 quae
2754 2740 2879 2804 illis,
2924 2739 3014 2809 qui
3043 2739 3191 2809 prius
3213 2737 3409 2793 sublati

1897 2845 2049 2892 erant
2073 2835 2409 2897 accidissent,
2436 2848 2467 2885 a
2496 2833 2750 2886 societate
2789 2829 3089 2894 desciverit,
3128 2845 3299 2899 neque
3326 2845 3412 2883 re-

1898 2927 2057 2996 liquis
2088 2927 2297 2995 publice
2319 2924 2718 2988 contradixerit,
2750 2923 2978 2994 prodens
3019 2935 3083 2976 ea
3109 2935 3227 2991 qua:
3273 2921 3412 2975 inter

1899 3016 2045 3085 ipsos
2066 3015 2508 3084 composuissent.
2532 3015 2669 3078 Quin
2685 3021 2737 3067 et
2754 3026 2890 3067 unus
2905 3026 3109 3075 eorum,
3128 3010 3217 3079 qui
3232 3008 3410 3063 vivum

1902 3112 2275 3174 praeceptorem
2316 3102 2537 3172 prodere
2566 3116 2729 3156 ausus
2757 3107 2858 3164 est,
2894 3100 3035 3153 illico
3061 3113 3274 3151 manum
3309 3095 3411 3151 sibi

276 3182 356 3234 τοῦ
378 3183 548 3250 λόγον.
574 3185 643 3237 Εἰ
675 3185 788 3254 γὰρ
822 3184 914 3236 ἐπὶ
942 3184 1152 3238 πάντων
1178 3186 1642 3256 ἀμφιγνοουμένων
1669 3202 1797 3255 πρα-

1899 3197 1994 3266 ipsi
2023 3197 2359 3251 consciscens
2379 3232 2394 3258 ,
2439 3192 2675 3248 debitum
2698 3190 3014 3262 supplicium
3035 3188 3253 3243 invenit.
3277 3185 3411 3240 illud

274 3274 501 3341 γμάτων,
534 3275 595 3327 έν
627 3291 691 3328 τε
725 3277 837 3337 τοῖς
865 3274 1005 3327 κατά
1029 3275 1222 3344 νόμους
1251 3276 1604 3348 δικαστηρίοις
1635 3279 1723 3332 καί⁹
1746 3280 1803 3332 έν

271 3365 379 3425 ταῖς
413 3368 621 3428 κοιναῖς
653 3363 1113 3434 ἀμφισϐητήσεσι,
1134 3366 1239 3418 τῶν
1273 3367 1554 3436 μαρτύρων
1588 3385 1804 3437 συμφω-

273 3451 348 3504 νία
390 3457 543 3523 κυροῖ
571 3454 635 3507 τὸ
676 3454 1142 3524 άμφιγνοούμενον
1209 3456 1318 3525 (ἐπὶ
1363 3457 1615 3527 στόματος
1640 3459 1684 3511 δ’
1715 3455 1803 3521 οὖν

270 3536 351 3593 δύο
376 3542 467 3594 καὶ
487 3543 655 3612 τριῶν
686 3544 976 3615 μαρτύρων
1002 3545 1302 3598 συνίσταται
1331 3547 1434 3598 πᾶν
1468 3548 1668 3616 ῥῆμα),
1691 3548 1804 3612 πῶς

271 3630 361 3683 ούκ
401 3632 467 3685 ἂν
498 3636 531 3702 ἡ
575 3633 809 3702 ἀλήθεια
853 3635 944 3686 καί
988 3635 1079 3686 ἐπὶ
1122 3634 1284 3687 τῶνδε
1328 3636 1567 3705 συσταίη,
1606 3635 1805 3690 δώδεκα

274 3717 364 3783 μὲν
414 3721 582 3773 ὄντων
639 3721 972 3785 ἀποστόλων,
1020 3723 1376 3793 ἑϐδομήκοντα
1418 3723 1474 3776 δὲ
1534 3724 1801 3794 μαθητῶν,

278 3812 459 3880 μυρίον
482 3829 541 3864 τε
569 3811 811 3882 πλήθους
835 3814 1036 3865 τούτων
1058 3814 1229 3877 ἐκτὸς,
1259 3814 1468 3866 πάντων
1499 3813 1804 3885 θαυμαστὴν

276 3903 576 3969 συμφωνίαν
621 3902 1091 3973 έπιδεδειγμένων,
1133 3905 1224 3956 καὶ
1263 3904 1715 3973 μαρτυρησάντων
1742 3922 1804 3972 γε

275 3990 379 4050 τοῖς
425 3991 526 4043 ὑπὸ
569 3990 665 4043 τοῦ
714 3989 887 4058 Ἰησοῦ
932 3990 1351 4061 πεπραγμένοις,
1398 3992 1496 4043 οὐκ
1540 3991 1802 4061 ἀνιδρωτὶ,

277 4070 357 4127 διὰ
391 4076 446 4129 δὲ
472 4078 719 4146 βασάνων
747 4077 1041 4147 ὑπομονῆς,
1073 4079 1163 4131 καί.
1190 4077 1365 4147 πάσης
1390 4078 1568 4142 αἰκίας
1596 4080 1686 4131 καὶ
1716 4078 1806 4132 θα-

277 4167 447 4226 νάτου.
473 4171 564 4222 καὶ
590 4169 684 4223 ἐπὶ
723 4170 886 4220 πᾶσιν
911 4169 1014 4220 ὑπὸ
1039 4167 1130 4222 τοῦ
1161 4168 1294 4221 Θεοῦ
1335 4168 1803 4239 μαρτυρηθέντων;

282 4254 371 4319 ὀς
400 4258 486 4311 τὸν
518 4259 608 4311 ὑπ’
635 4257 802 4329 αὐτοῦ
837 4257 1268 4325 καταγγελθέντα
1288 4257 1437 4324 λόγον
1468 4258 1544 4311 ἐτι
1572 4260 1664 4311 καί
1687 4257 1799 4322 νῦν,

275 4347 369 4398 καὶ
397 4351 473 4411 εἰς
493 4349 611 4402 ὅλον
636 4350 732 4402 τὸν
768 4349 937 4402 αἰῶνα
965 4347 1236 4418 κρατύνει.
1267 4348 1447 4400 Ταῦτα
1473 4348 1568 4417 μὲν
1597 4344 1687 4401 οὖν
1710 4350 1805 4418 ἀρ-

275 4434 375 4503 χῆς
398 4437 587 4491 ἀτόπου
620 4437 762 4491 κατὰ
809 4436 1147 4506 συγχώρησιν
1170 4434 1406 4505 δοθείσης
1433 4430 1799 4505 γεγυμνάσθω.

276 4517 354 4576 Τὸ
380 4526 478 4596 γὰρ
502 4531 613 4590 τοῖς
636 4528 931 4595 ἐγγράφοις
953 4523 1206 4578 τάναντία
1246 4524 1540 4588 ὑπολαϐεῖν,
1575 4527 1667 4578 καί
1698 4526 1801 4594 φά-

274 4624 368 4665 ναι
397 4615 485 4669 τὸν
523 4618 729 4687 Ἰησοῦν
759 4616 1082 4670 διδάσκαλον
1109 4615 1380 4684 γεγονέναι
1417 4617 1488 4687 μὴ
1520 4619 1802 4687 σωφρόνων

276 4694 462 4769 λόγων,
488 4708 698 4771 ἀδικίας
727 4706 785 4760 δὲ
827 4708 917 4759 καὶ
944 4706 1249 4771 πλεονεξίας
1281 4706 1371 4758 καὶ
1412 4707 1585 4776 πάσης
1615 4707 1805 4760 ἀκολα-

282 4787 420 4853 σίας,
445 4794 562 4856 τούς
590 4792 919 4864 τεζμαθητὰς
948 4792 1118 4861 αὐτῷ,
1140 4791 1357 4845 τοιαῦτα
1378 4792 1802 4862 δεδιδαγμένους,

275 4884 635 4952 ⁴ηιιν--ωρέκτας
675 4885 953 4951 γεγονέναι
1002 4882 1097 4936 καὶ
1133 4883 1508 4952 παμπονήρους
1545 4882 1650 4936 τῶν
1694 4882 1805 4937 πώ-

274 4974 409 5020 ποτε
448 4970 765 5041 ἀνθρώπων,
811 4971 931 5024 καθ’
974 4970 1223 5023 ὑπόθεσιν
1254 4970 1380 5039 ἡμῖν
1423 4974 1801 5042 συνεχωρεῖτο·

264 5047 493 5127 δεξιτερήν
530 5061 729 5116 παντὸς
758 5059 1103 5113 ἀτοπώτατον
1134 5058 1312 5127 ὅμοιον
1343 5057 1416 5119 ὼς
1455 5061 1503 5110 εί
1533 5061 1640 5122 καὶ,
1693 5059 1807 5113 Mm-

270 5142 417 5205 υέως
450 5147 505 5200 έν
532 5150 645 5209 τοῖς
670 5147 855 5216 νόμοις
886 5147 1154 5214 λέγοντος,
1191 5146 1263 5197 Οὐ
1296 5145 1579 5213 φονεύσεις,
1604 5150 1662 5200 οὐ
1694 5167 1808 5219 μοι-

262 5233 503 5301 χεύσεις,
534 5239 596 5292 οὐ
629 5238 872 5306 κλέψεις,
906 5238 969 5289 οὐ
996 5235 1533 5303 ψευδομαρτυρήσεις,
1555 5252 1808 5305 συκοφαν-

258 5321 385 5374 Ἶῶν
411 5326 563 5378 αὑτὸν
607 5325 853 5379 διέϐαλλέ
882 5341 991 5387 τις,
1023 5322 1195 5388 λέγων
1237 5322 1476 5390 εἰρωνείᾳ
1513 5323 1677 5378 ταῦτα
1708 5327 1806 5392 φά-

264 5420 368 5463 Ἲαι
395 5415 480 5467 καὶ
511 5414 902 5484 προσποιήσει.
945 5408 1235 5462 Βούλεσθαι
1278 5409 1371 5476 μὲν
1400 5407 1505 5479 γὰρ
1532 5413 1649 5475 τοὺς
1681 5416 1808 5485 om.

290 5499 447 5565 κόους,
495 5504 589 5557 καὶ
634 5500 910 5571 φονεύειν,
963 5499 1056 5551 καί⁹
1105 5495 1387 5565 μοιχεύειν,
1437 5497 1525 5548 καὶ
1566 5500 1813 5555 τάναντία

295 5592 522 5652 πράττειν
552 5588 637 5656 οἷς
671 5588 984 5658 νομοθετεῖ,
1025 5583 1425 5654 προσποιεῖσθαι
1462 5583 1516 5635 δὲ
1561 5591 1813 5656 σχηματί-

1904 3285 2054 3354 n7
2082 3298 2240 3354 porro
2259 3281 2351 3353 qui
2382 3281 2498 3336 fieri
2521 3289 2715 3351 potest,
2745 3292 2801 3335 ut
2841 3294 2945 3333 non
2976 3293 3184 3333 omnem
3221 3276 3415 3331 habeat

1899 3381 2198 3443 stuporem,
2239 3371 2478 3426 homines
2516 3368 2825 3424 seductores
2875 3375 3032 3435 atque
3083 3366 3411 3427 illitteratos,

1898 3460 1990 3529 qui
2021 3474 2190 3528 neque
2232 3456 2378 3527 loqui
2422 3469 2594 3524 neque
2632 3452 2816 3507 audire
2872 3449 3191 3521 quidquam,
3222 3455 3413 3516 praeter

1900 3563 2059 3602 unam
2087 3546 2312 3618 patriam
2349 3545 2580 3612 linguam
2607 3540 3030 3601 consuevissent,
3078 3552 3187 3591 non
3238 3535 3410 3590 solum

1899 3637 2225 3705 excogitasse
2269 3633 2542 3689 audaciam
2590 3629 2902 3700 peragrandi
2947 3628 3128 3681 orbem
3174 3625 3409 3680 omnium

1900 3726 2192 3788 nationum,
2222 3722 2314 3778 sed
2340 3737 2462 3776 cum
2493 3716 2887 3796 peragraverint
2907 3754 2923 3781 ,
2955 3713 3242 3786 perfecisse
3271 3711 3413 3780 quod

1900 3813 2296 3886 cogitaverant?
2334 3811 2704 3881 Contemplare
2755 3815 3007 3877 praeterea
3066 3809 3322 3875 quantum
3361 3806 3417 3856 et

1900 3901 2197 3973 cuiusmodi
2225 3903 2314 3964 sit,
2343 3898 2463 3952 illos
2500 3897 2567 3951 do
2606 3896 2764 3949 rebus
2797 3892 2958 3964 gestis
2992 3889 3118 3946 Iesu
3138 3928 3154 3953 ,
3208 3888 3413 3943 nullum

1900 4007 2123 4062 usquam
2149 3991 2454 4057 discrepans
2490 3986 2707 4041 verbum
2748 3982 3050 4053 protulisse.
3091 3978 3147 4033 Si
3175 3980 3317 4034 enim
3357 3981 3415 4033 in

1900 4082 2145 4136 omnibus
2175 4079 2334 4133 rebus
2360 4076 2425 4131 de
2450 4075 2642 4144 quibus
2679 4071 2984 4141 ambigitur,
3008 4078 3165 4141 atque
3197 4070 3251 4124 in
3268 4069 3415 4139 judi-

1900 4174 2000 4228 ciis
2051 4186 2166 4241 quae
2205 4184 2268 4224 ex
2306 4167 2508 4237 legibus
2535 4171 2885 4230 exercentur,
2940 4161 3415 4231 communibusque

1900 4257 2293 4321 controversiis,
2321 4268 2612 4310 consensus
2652 4253 2861 4307 testium
2894 4256 3097 4304 certum
3138 4256 3416 4317 ratumque

1901 4349 1954 4402 id
1969 4347 2126 4404 edicit
2152 4346 2218 4401 de
2245 4343 2351 4416 quo
2380 4344 2663 4414 ambigitur
2689 4342 2765 4410 (in
2796 4356 2890 4396 ore
2922 4338 3063 4394 enim
3084 4340 3310 4395 duorum
3332 4337 3417 4391 vel

1901 4439 2060 4495 trium
2092 4435 2304 4490 testium
2332 4433 2579 4487 consistit
2619 4446 2775 4485 omne
2800 4431 3074 4499 verbum),
3114 4445 3211 4485 cur
3238 4428 3294 4482 in
3331 4428 3416 4483 his

1833 4504 1876 4559 D
1902 4539 2112 4595 quoque
2155 4523 2350 4578 veritas
2405 4537 2512 4576 non
2564 4519 2851 4576 consistat?
2895 4534 3015 4573 cum
3043 4527 3095 4572 et
3138 4515 3416 4572 duodecim

1907 4613 2129 4683 apostoli
2159 4611 2369 4675 fuerint,
2396 4618 2448 4664 et
2479 4608 2811 4678 septuaginta
2838 4606 3112 4675 discipuli,
3163 4612 3216 4659 et
3259 4604 3418 4657 innu-

1907 4700 2175 4754 merabilis
2208 4708 2357 4754 extra
2388 4699 2528 4754 hunc
2558 4712 2835 4751 numerum
2864 4694 3174 4758 multitudo,
3203 4692 3294 4762 qui
3324 4692 3417 4743 ad-

1905 4787 2199 4841 mirabilem
2231 4787 2283 4841 in
2319 4788 2564 4841 omnibus
2609 4800 2927 4839 consensum
2977 4782 3330 4843 servaverint,
3364 4786 3416 4832 et

1909 4871 1974 4925 de
1994 4871 2148 4926 rebus
2162 4873 2229 4926 ab
2254 4871 2381 4926 Jesu
2394 4874 2558 4942 gestis
2577 4874 2932 4929 testimonium
2979 4871 3251 4934 dederint,
3307 4885 3424 4924 non

1907 4960 2033 5015 illud
2083 4961 2295 5029 quidem
2332 4960 2447 5016 sine
2483 4963 2692 5025 sudore,
2737 4963 2830 5017 sed
2873 4976 2992 5015 cum
3033 4966 3415 5013 tormentorum

1907 5050 2182 5119 omnisque
2215 5051 2420 5118 injuriae
2455 5066 2519 5104 ac
2551 5052 2776 5120 denique
2808 5050 2995 5105 mortis
3046 5050 3414 5117 perpessione,

1908 5147 1960 5195 et
1981 5154 2115 5209 quos
2142 5148 2406 5208 postremo
2433 5141 2590 5193 etiam
2618 5138 2755 5194 Deus
2787 5138 3020 5194 vicissim
3049 5152 3147 5192 suo
3176 5137 3418 5193 testimo-

1906 5234 1997 5291 nio
2021 5232 2460 5303 comprobaverit,
2491 5233 2580 5302 qui
2610 5233 2827 5287 verbum
2855 5233 2996 5302 quod
3018 5232 3083 5285 ab
3110 5231 3216 5284 illis
3240 5232 3420 5299 prodi-

1908 5332 2020 5377 tum
2062 5321 2434 5391 vulgatumque
2459 5329 2570 5382 est,
2615 5320 2681 5373 ad
2711 5320 2852 5375 hunc
2892 5334 3058 5387 usque
3083 5318 3242 5383 diem,
3275 5326 3328 5372 et
3363 5320 3418 5373 in

1905 5425 2061 5468 omne
2100 5424 2269 5464 aevum
2300 5410 2568 5463 continuat
2606 5417 2765 5477 atque
2790 5416 3062 5479 propagat.
3108 5407 3228 5461 Haec
3259 5406 3418 5476 igitur

1913 5504 2045 5557 satis
2085 5515 2150 5555 ex
2176 5499 2516 5554 concessione
2547 5508 2651 5553 tam
2682 5498 2893 5553 absurdi
2934 5498 3216 5568 principii,
3261 5495 3418 5549 nobis

1914 5590 2157 5645 meditata
2189 5589 2311 5643 sint.
2342 5587 2616 5641 Contraria
2641 5589 2781 5641 enim
2812 5587 2879 5642 iis
2908 5602 3026 5655 quae
3071 5585 3265 5653 scripta
3292 5590 3415 5637 sunt

298 5671 466 5747 ζεσθαι,
499 5686 595 5738 καὶ
625 5674 1136 5743 καθυποκρίνεσοαι
1160 5676 1247 5727 τδν
1279 5673 1458 5742 σεμνὸν
1487 5674 1606 5742 βίον.
1640 5678 1802 5749 Ταύτῖ

1912 5678 2135 5750 opinari,
2163 5687 2214 5734 et
2248 5675 2425 5734 Iesum
2452 5677 2627 5734 dicere
2653 5692 2759 5732 non
2789 5674 3080 5733 honestatis
3105 5680 3194 5728 aut
3222 5669 3427 5725 sobrie-

339 5791 375 5826 ⁸⁷
406 5795 526 5850 Act.
563 5805 670 5849 xu.
703 5783 838 5841 3-4.
