3862 6362
450 0 453 1 ,
488 0 517 25 ,γ
554 0 601 95 ρ.

296 98 651 379 ‘/\

709 467 810 522 2H
906 502 909 507 ι
1360 464 1623 520 EUSEBII
1658 464 2121 523 CESARIENSIS
2159 468 2301 523 OPP.
2344 468 2516 524 PARS
2555 468 2617 523 ll.
2645 498 2714 509 —
2736 467 3145 525 APOLOGETICA.
3414 532 3416 535 τ
3555 462 3566 513 ε

703 583 828 635 tatis
860 587 1231 648 praeceptorem
1262 578 1455 644 fuisse,
1491 581 1586 636 sed
1616 582 1892 650 iniustitiae
1936 591 1991 638 et
2042 600 2226 654 super-

2042 600 2226 654 super-
2254 593 2300 649 Α
2326 587 2431 657 γὰρ
2462 587 2553 639 καί
2583 585 2676 648 τὰς
2713 585 2815 638 τῶν
2842 586 2960 655 παρ’
2985 585 3144 655 Ἕλλησι
3169 580 3403 651 φιλοσόφων
3430 575 3565 645 ὑποθὴ

700 671 805 723 hia
833 667 1109 735 omnisque
1137 668 1578 739 intemperantiae,
1601 680 1656 726 et
1679 671 1823 727 illius
1848 673 2137 742 discipulos
2156 677 2221 730 ab

699 757 790 809 illo
819 758 943 810 talia
974 757 1191 813 eductos
1210 796 1226 823 ,
1253 760 1397 813 omni
1434 760 1724 829 cupiditate
1769 777 1832 816 ac
1880 764 2079 819 scelere
2107 779 2224 818 om-
2256 780 2265 785 ·

698 860 794 901 nes
821 847 914 915 qui
945 861 1178 916 unquam
1225 847 1423 902 fuerint
1465 849 1706 906 homines
1739 866 2021 921 superasse
2042 894 2058 917 ,
2099 869 2222 908 cum

696 936 931 990 omnium
961 953 1080 1007 quae
1111 936 1340 993 absurda
1368 948 1514 1002 sunt,
1542 941 1986 998 absurdissimum
2012 945 2100 1007 sit,
2127 959 2221 999 nos

695 1028 827 1082 illud
859 1038 1035 1083 tamen
1056 1028 1362 1097 disputandi
1395 1032 1567 1103 gratia
1602 1032 1820 1087 concedi
1860 1048 2019 1102 posse
2044 1035 2225 1089 existi-

694 1117 974 1171 mavimus.
1009 1117 1160 1182 Quod
1202 1118 1414 1187 quidem
1440 1127 1522 1174 est
1546 1119 1739 1183 simile,
1763 1129 1822 1174 ut
1851 1121 1896 1176 si
1926 1121 2068 1190 quis,
2098 1136 2220 1175 cum

694 1204 868 1261 Moses
895 1207 950 1260 in
979 1209 1091 1262 suis
1145 1209 1346 1279 legibus
1377 1210 1522 1264 dicat
1549 1229 1564 1265 :
1611 1229 1632 1262 ι
1670 1210 1785 1266 Νοη
1815 1213 2026 1269 occides
2050 1253 2065 1277 ,
2112 1228 2221 1267 non

693 1296 1071 1361 rnmchaberis,
1102 1313 1208 1352 non
1264 1299 1561 1363 furaberis,
1596 1316 1703 1354 non
1749 1300 1941 1356 falsum
1987 1302 2222 1357 testimo-

690 1385 841 1439 nium
871 1386 1017 1442 dices
1047 1388 1126 1441 ⁸⁸ε
1172 1408 1191 1440 ι
1232 1391 1343 1445 haec
1382 1393 1436 1445 in
1471 1392 1699 1460 priorem
1743 1406 1959 1447 sensum
2005 1394 2219 1449 trahens

691 1485 748 1530 et
777 1477 1128 1545 calumnians,
1156 1481 1322 1544 dicat,
1352 1482 1500 1536 illum
1531 1498 1654 1537 cum
1682 1483 1929 1539 irrisione
1955 1498 2017 1538 ac
2056 1483 2222 1539 simu-

690 1565 892 1622 latione
942 1569 1047 1624 alia
1083 1573 1418 1642 pmcepisse.
1446 1573 1588 1630 Velle
1608 1577 1748 1629 enim
1776 1589 1871 1631 eos
1890 1575 2083 1645 quibus
2117 1576 2220 1629 im-

687 1667 860 1727 peret,
885 1668 937 1715 et
964 1663 1208 1720 occidere
1236 1673 1287 1719 et
1312 1666 1592 1731 mmchari,
1624 1673 1677 1721 et
1705 1666 1773 1721 iis
1800 1667 1978 1720 omnia
2003 1672 2222 1720 contra-

691 1746 771 1800 ria
796 1747 970 1804 facere
999 1766 1118 1819 qua:
1139 1752 1251 1821 ipse
1280 1753 1333 1806 in
1360 1753 1563 1823 legibus
1594 1755 1851 1824 posuerit,
1882 1754 1973 1809 sed
2004 1754 2219 1809 interim

690 1836 889 1908 lingere
918 1840 1157 1895 habitum
1199 1858 1258 1896 se
1287 1853 1340 1897 et
1366 1859 1648 1913 personam
1681 1845 1800 1899 vita:
1837 1846 2097 1915 gravioris
2137 1846 2220 1899 in—

2329 676 2592 731 διαϐάλλοι
2621 676 2683 728 ἄν
2713 692 2812 739 τις,
2839 677 2925 729 τόν
2942 692 2993 728 τε
3015 673 3251 745 καρτερικὸν
3277 669 3365 739 βίον
3387 668 3464 721 καὶ
3481 667 3564 718 τοὺς

2330 782 2456 836 γους
2480 765 2652 818 αὐτῶν
2683 763 2912 828 πάντων,
2937 764 3104 833 φάσκων
3127 758 3323 817 ἐναντίως
3351 755 3428 838 μεν
3449 756 3566 815 τοῖςι

2328 853 2716 923 γεγραμμένοις
2748 851 3066 905 διατεθεῖσθαι
3093 849 3240 909 αὐτοὺς
3275 844 3351 898 καὶ
3376 840 3556 894 ἀναϐεϐι

2325 957 2432 1003 ναι,
2466 941 2916 1010 προσπεποιῆσθαι
2942 940 2990 993 δὲ
3019 938 3107 992 καθ’
3133 935 3366 1005 ὑπόκρισιν,
3390 930 3468 983 τὸν
3506 928 3556 997 ιρι

2327 1048 2423 1100 ερον
2458 1031 2722 1101 μετελθεῖν
2754 1030 2883 1100 βίον.
2918 1029 3068 1091 οὕτως
3090 1027 3134 1080 δέ
3164 1044 3227 1088 τις
3253 1025 3329 1077 καὶ
3348 1023 3494 1082 πάσας
3535 1020 3562 1071 ἁ

2327 1125 2493 1176 εἰπεῖν
2519 1122 2614 1185 τὰς
2641 1121 2745 1173 τῶν
2780 1120 3008 1174 παλαιῶν
3038 1117 3247 1172 διαϐάλλοι
3274 1114 3327 1168 ἂν
3351 1111 3564 1181 ἱστορίας.

2326 1214 2431 1267 τῶν
2457 1214 2552 1283 τὴν
2591 1215 2647 1266 ὲν
2683 1214 2867 1275 αὑταῖς
2909 1211 3138 1281 ἀλήθειαν,
3165 1208 3240 1259 καὶ
3273 1207 3338 1266 είς
3367 1203 3557 1255 τοὺναντ

2326 1303 2620 1374 δηλούμενα
2643 1301 3065 1374 παραδεχόμενος.
3097 1297 3205 1351 Ἀλλ’
3227 1296 3290 1358 ὡς
3313 1293 3395 1346 οὐκ
3416 1291 3472 1345 ἄν
3490 1308 3564 1353 τις

2328 1411 2436 1448 σειε
2460 1394 2566 1447 τῶν
2600 1389 2657 1446 εὖ
2684 1391 3004 1463 φρονούντων
3030 1387 3260 1459 μαίνεσθαι
3278 1384 3356 1436 τὸν
3379 1382 3561 1435 τοιοῦτο

2327 1483 2609 1553 φήνασθαι,
2636 1482 2775 1535 οὕτω
2802 1480 2895 1535 καὶ
2925 1481 3007 1534 ἐπὶ
3033 1479 3118 1532 τῶν
3144 1477 3222 1530 τοῦ
3252 1474 3477 1544 Σωτῆρος
3506 1471 3560 1523 λό

2326 1579 2418 1630 καὶ
2470 1575 2828 1646 μαθημάτων,
2873 1571 2925 1624 si
2956 1589 3026 1635 τις
3069 1568 3259 1640 τάληθὲς
3304 1565 3566 1636 διαστρέφιι

2325 1666 2566 1718 ἐναντίαν
2608 1658 2686 1726 οἷς
2725 1662 2961 1714 ἐδίδασκε
2991 1659 3278 1732 περιϐάλλειν
3317 1655 3450 1726 αὐτῷ
3478 1655 3566 1719 δόξρ

2329 1754 2482 1825 ρῴτο.
2524 1753 2664 1823 Πλὴν
2708 1751 2820 1806 ἀλλ’
2868 1750 3010 1823 ἐδόθη
3041 1752 3120 1804 καὶ
3153 1750 3291 1802 τοῦτο
3324 1749 3393 1811 ὡς
3432 1749 3486 1801 ὲν
3524 1748 3566 1799 ὑί

2326 1846 2468 1908 ὅπως
2498 1844 2590 1897 καὶ
2620 1844 2683 1895 ἐκ
2712 1841 3027 1912 περιουσίας,
3051 1843 3131 1895 καὶ
3167 1842 3215 1893 ὲν
3239 1840 3412 1909 ἀτόπῳ
3444 1855 3566 1908 συγγ

689 1925 871 1982 (luere.
919 1929 1177 1985 Caeterum
1225 1932 1407 1986 eadem
1436 1934 1642 1988 ratione
1669 1932 1971 1988 Grzecorum
2003 1949 2214 2004 quoque

2003 1949 2215 2004 quoque
2243 1933 2285 1986 Β
2314 1936 2373 1987 τὸ
2397 1933 2691 1988 ἀσύστατον
2718 1931 2806 1985 τοῦ
2834 1931 2899 1982 δι’
2927 1930 3142 1994 ἐναντίας
3169 1929 3314 1998 λόγου
3344 1931 3502 1999 φανῇ.

688 2018 1124 2089 philosophorum
1177 2032 1462 2092 praecepta,
1490 2034 1543 2080 et
1567 2025 1903 2079 tolerantiam
1958 2026 2112 2092 vitae,
2163 2026 2426 2096 planeque
2480 2038 2665 2079 eorum
2710 2025 2946 2076 omnium
2994 2021 3169 2090 scripta
3214 2019 3566 2089 unusquisque

689 2109 1041 2172 calumniari,
1077 2121 1130 2167 et
1176 2113 1386 2169 dicere:
1424 2116 1543 2169 illos
1578 2115 1791 2186 quidem
1858 2117 1926 2171 iis
1959 2131 2077 2185 quae
2138 2116 2478 2186 scripserint,
2519 2112 2790 2169 contraria
2842 2112 2898 2166 in
2946 2110 3106 2165 animo
3149 2111 3412 2175 habuisse,
3470 2124 3566 2164 con

688 2212 792 2266 que
821 2199 1008 2254 rationi
1039 2202 1200 2255 vitam
1240 2204 1476 2268 vixisse,
1525 2205 1810 2261 simulasse
1851 2212 2027 2259 autem
2068 2204 2221 2276 quasi
2260 2204 2360 2256 alia
2387 2203 2569 2257 induta
2598 2216 2847 2272 persona,
2905 2198 3300 2269 philosophicum
3341 2200 3449 2253 sibi
3506 2200 3566 2253 vii

687 2293 971 2360 placuisse.
1017 2296 1174 2365 118
1220 2295 1309 2351 Sic
1337 2308 1513 2352 autem
1562 2313 1748 2353 omnes
1798 2313 2008 2368 quoque
2029 2338 2045 2365 ,
2079 2307 2137 2353 ut
2181 2297 2236 2351 in
2274 2311 2479 2352 summa
2510 2296 2707 2358 dicam,
2734 2301 2968 2349 veterum
2999 2292 3231 2347 historias
3255 2292 3566 2347 calumniar

687 2387 809 2452 cile,
838 2395 891 2442 et
917 2389 1125 2444 veritati
1154 2405 1272 2457 quae
1302 2391 1356 2443 in
1390 2392 1496 2445 illis
1525 2398 1608 2446 est
1656 2391 1936 2446 detrahere
1955 2430 1971 2457 ,
2019 2404 2242 2460 eamque
2278 2390 2477 2443 nullam
2505 2403 2622 2443 esse
2650 2386 2993 2449 contendere,
3022 2394 3071 2440 et
3099 2384 3322 2455 denique
3365 2386 3427 2441 in
3470 2402 3566 2442 cor.

686 2496 1018 2551 quaecunque
1067 2491 1282 2535 narrata
1334 2492 1490 2549 sunt,
1520 2490 1747 2541 vertere.
1788 2484 1890 2539 Sed
1934 2484 2375 2554 quemadmodum
2424 2482 2600 2536 nullus
2651 2481 2844 2535 mentis
2883 2493 3094 2548 compos
3125 2494 3264 2545 eum,
3330 2481 3429 2550 qui
3487 2482 3566 2534 tal

687 2572 936 2625 insanum
981 2582 1139 2641 atque
1178 2581 1440 2627 amentem
1490 2573 1751 2628 allirmare
1800 2584 2082 2637 vereatur,
2135 2576 2208 2629 ita
2246 2574 2484 2630 etiamin
2515 2572 2804 2626 Salvatoris
2831 2573 3000 2626 nostri
3053 2572 3387 2628 sermonibus
3428 2581 3566 2643 atqu

690 2665 818 2734 ptis,
846 2665 895 2719 si
917 2666 1038 2735 quis
1060 2666 1339 2721 veritatem
1371 2674 1728 2736 contorquens
1760 2676 1918 2737 atque
1945 2676 2250 2736 pervertens
2269 2708 2285 2728 ,
2324 2666 2644 2723 contrariam
2682 2666 2748 2720 iis
2780 2681 2900 2734 qua!
2928 2666 3103 2722 docuit
3129 2666 3213 2720 ille
3242 2670 3566 2723 sententian

686 2755 979 2824 imponere,
1010 2756 1134 2811 huic
1161 2771 1371 2826 quoque
1420 2772 1451 2811 a
1506 2758 1694 2822 nobis,
1742 2756 1796 2811 id
1838 2757 1980 2826 quod
2014 2757 2203 2813 falsum
2240 2766 2343 2821 est,
2375 2756 2701 2811 illustrandae
2728 2755 2972 2811 veritatis
3028 2757 3212 2826 gratia,
3243 2769 3308 2810 ut
3354 2759 3419 2813 in
3489 2760 3564 2814 dis

686 2849 789 2903 bus
814 2848 928 2903 ﬁeri
958 2851 1111 2914 solet,
1142 2865 1454 2907 concessum
1480 2860 1594 2907 esto
1625 2870 1640 2907 :
1676 2859 1733 2906 ut
1790 2867 1911 2907 cum
1944 2851 2244 2907 dederimus
2282 2852 2335 2906 id
2356 2850 2497 2922 quod
2532 2851 2678 2906 dictu
2726 2850 3019 2906 absurdum
3046 2860 3148 2918 est,
3170 2854 3481 2911 contrariae
3513 2872 3564 2911 rt

687 2928 989 2997 constantia
1011 2952 1278 2996 cernatur.

755 3029 890 3082 Cum
916 3043 1043 3098 ergo
1069 3045 1191 3086 eum
1223 3032 1315 3101 qui
1341 3033 1420 3087 sic
1456 3033 1821 3087 calumnietur'
1841 3033 1970 3088 satis
2002 3031 2212 3088 abunde

2322 3037 2343 3045 ι·
2393 3024 2768 3093 Ἐληλεγμένου
2811 3025 2946 3095 δῆτα
2993 3026 3199 3094 τούτου,
3247 3029 3426 3100 φέρε,
3494 3035 3564 3090 ἀν

686 3119 1203 3187 reprehenderimus,
1227 3129 1436 3193 tempus
1464 3123 1573 3191 jam
1619 3131 1722 3187 est,
1756 3132 1814 3177 ut
1842 3125 1906 3177 ad
1938 3138 2211 3179 sacrorum

2036 3138 2211 3177 rorum
2240 3137 2284 3197 ε
2313 3117 2401 3169 ἐπὶ
2438 3115 2532 3185 τὴν
2564 3116 2669 3168 τῶν
2717 3115 2872 3183 ἱερῶν
2912 3116 3144 3187 Γραφῶν
3174 3119 3480 3191 ἀλήθειαν,
3521 3129 3561 3178 τέ

688 3209 944 3263 librorum
978 3211 1250 3266 veritatem
1282 3227 1641 3277 recurramus,
1665 3221 1718 3267 et
1758 3214 1811 3267 in
1844 3215 1951 3269 illis
1974 3214 2211 3283 discipu-

686 3299 1020 3355 lorum'Jesu
1049 3316 1224 3356 mores
1252 3304 1689 3372 contemplemur.
1721 3303 1851 3369 Quis
1881 3305 2041 3374 igitur
2063 3319 2212 3358 men-

685 3392 758 3446 tis
790 3392 1017 3448 sanitate
1063 3392 1350 3461 praeditus,
1400 3409 1506 3448 non
1540 3394 1607 3449 ab
1655 3393 1761 3449 illis
1790 3395 1921 3463 ipsis
1968 3397 2213 3464 protinus

687 3489 1083 3559 argumentaris,
1111 3484 1251 3537 omni
1271 3482 1372 3538 iide
1387 3485 1576 3554 dignos
1604 3482 1723 3540 illos
1756 3485 2107 3554 iudicaverit?
2134 3485 2213 3539 vi-

686 3585 776 3624 ros
820 3571 1023 3640 absque
1066 3573 1427 3628 controversia
1472 3573 1761 3642 ignobiles,
1816 3574 2212 3643 litterarumque

686 3661 902 3730 ignaros
930 3662 1283 3731 loquendique
1312 3665 1605 3733 imperitos,
1627 3672 1679 3718 at
1700 3664 1755 3718 in
1785 3672 1982 3719 sanctae
2007 3679 2069 3719 ac
2092 3664 2212 3734 phi-

684 3751 974 3820 losophicas
1015 3740 1270 3806 doctrinae
1322 3766 1555 3807 amorem
1602 3767 1940 3821 progressos,
1989 3760 2042 3807 et
2078 3763 2214 3808 stre-

686 3855 846 3900 nuam
897 3838 1321 3908 laboriosamque
1357 3842 1516 3894 vitam
1548 3842 1851 3910 amplexos,
1900 3856 2061 3910 quam
2100 3842 2214 3910 qui-

686 3930 804 3983 dem
837 3928 1031 3990 inedia,
1056 3937 1108 3982 et
1134 3930 1451 3984 abstinentia
1482 3940 1592 3984 tum
1619 3946 1650 3983 a
1680 3932 1827 3993 vino,
1861 3938 1971 3985 tum
2008 3944 2039 3982 a
2090 3944 2212 3984 car-

685 4016 845 4070 nibus
865 4056 879 4077 ,
922 4016 1179 4083 plurimos
1212 4017 1335 4070 item
1366 4018 1483 4072 aliis
1514 4018 1888 4073 alllictionihus
1936 4018 2209 4087 corporis,

626 4128 629 4131 -
687 4113 845 4174 atque
881 4103 1208 4158 orationibus
1268 4107 1846 4175 supplicationibusque
1899 4105 1967 4159 ad
2004 4107 2208 4169 Deum,

687 4208 752 4246 ac
799 4193 967 4246 multo
1004 4193 1179 4262 prius,
1222 4209 1427 4249 summa
1479 4199 1822 4264 temperantia
1878 4205 1931 4251 et
1966 4197 2211 4252 castitate

685 4280 957 4352 corporis,
1008 4283 1208 4351 pariter
1237 4290 1396 4354 atque
1440 4285 1631 4340 animae
1676 4286 2006 4341 correxerint
2051 4295 2211 4356 atque

686 4373 1039 4445 perfecerint?
1063 4374 1186 4442 quis
1217 4388 1327 4427 non
1380 4373 1540 4444 igitur
1576 4375 1787 4429 illorum
1825 4375 2209 4446 philosophiam

2314 3204 2407 3258 τοῦ
2446 3203 2615 3274 Ἰησοῦ
2659 3204 2909 3274 μαθητῶν
2957 3206 3309 3278 θεασώμεθα.
3362 3214 3562 3269 Δὺτόθ

2314 3296 2379 3349 ἄν
2413 3311 2495 3357 τις
2536 3289 2594 3346 εὖ
2637 3293 2843 3363 φρονῶν
2886 3295 3003 3358 πῶς
3044 3298 3106 3348 οὐ
3140 3298 3336 3368 πάσης
3392 3304 3560 3358 ἀποδ

2314 3384 2492 3451 ἀξίους
2535 3385 2789 3455 κρίνειεν;
2829 3386 3061 3456 Ἀνδρας
3104 3388 3210 3458 μὲν
3245 3391 3527 3459 εὐτελεῖς

2314 3492 2436 3541 νως,
2466 3476 2556 3528 καὶ
2581 3477 2669 3527 τὸν
2702 3474 2854 3543 λόγον
2887 3476 3127 3541 ἰδιώτας,
3153 3479 3451 3546 εὐσεϐοῦς
3495 3488 3561 3539 δὲ

2315 3583 2413 3635 φου
2441 3564 2772 3626 διδασκαλίας
2804 3566 2881 3628 είς
2918 3565 3103 3636 ἔρωτα
3131 3568 3561 3643 συμϐεϐηκότι

2316 3657 2503 3722 ξαντας
2531 3658 2639 3727 βίον
2669 3657 2990 3726 καρτερικὸν
3018 3658 3121 3711 καὶ
3156 3661 3497 3728 ἐπίπονον,
3549 3670 3563 3719 i

2312 3747 2454 3802 οἴνου
2480 3764 2539 3800 τε
2563 3747 2654 3800 καὶ
2685 3746 2857 3816 κρεῶν
2888 3746 3141 3816 ἀποχῆς,
3180 3752 3293 3804 καὶ
3332 3758 3562 3810 πλείσ.

2313 3834 2611 3897 πεινώσεως
2631 3834 2723 3888 τοῦ
2753 3833 3025 3903 σώματος,
3062 3837 3166 3890 διά
3196 3855 3268 3892 τε
3300 3843 3532 3914 εὐχῶν

2310 3924 2417 3977 τῶν
2438 3924 2570 3990 πρὸς
2596 3924 2685 3976 τὸν
2709 3924 2861 3988 Θεὸν,
2893 3926 2993 3978 καὶ
3013 3925 3168 3979 πολὺ
3201 3930 3550 4004 πρότερον

2312 4013 2573 4082 φροσύνης
2593 4013 2683 4066 καὶ
2713 4013 2929 4081 ἁγνείας
2964 4016 3251 4086 σώματος
3297 4022 3482 4089 ὁμοῦ
3526 4046 3564 4080 σι

2311 4101 2647 4172 ορθούμενον.
2682 4103 2776 4164 Τίς
2802 4102 2846 4155 δ’
2872 4099 2966 4156 οὖν
2990 4106 3107 4158 οὐκ
3141 4106 3223 4159 ἂν
3249 4110 3516 4179 αὐτοὺς

2313 4188 2605 4259 ὑπερϐολὴν
2631 4189 2941 4259 φιλοσοφίας
2972 4195 3081 4247 καὶ
3106 4198 3254 4260 ταῖς
3282 4202 3480 4255 κατὰ
3522 4223 3566 4258 ν

2315 4275 2570 4344 ρημέναις
2613 4281 2874 4346 γαμεταῖς
2918 4280 3564 4358 ἀποτεταγμένους,

2310 4365 2406 4435 τῆς
2452 4364 2682 4433 φυσικῆς
2712 4366 2902 4435 ἡδονῆς
2948 4369 3566 4447 καθελκυσθέντας

685 4480 847 4535 supra
893 4465 1108 4519 modum
1159 4464 1467 4530 admiretur,
1500 4465 1588 4535 qui
1615 4474 1666 4519 et
1699 4481 1729 4519 a
1759 4467 2006 4537 legitimis
2039 4470 2210 4522 uxori-

1999 4485 2006 4521 ι
2039 4470 2213 4522 uxori-
2240 4462 2283 4518 1)
2311 4453 2402 4504 καὶ
2429 4453 2659 4519 ἐγγόνων
2686 4455 2949 4525 ἐπιθυμίᾳ
2979 4458 3469 4532 δουλωθέντας
3496 4489 3524 4537 ζ

684 4554 790 4608 bus
816 4569 873 4609 se
901 4554 1238 4617 abduxerim,
1271 4569 1442 4622 neque
1479 4568 1508 4606 a
1538 4555 1807 4623 voluptate
1839 4557 2024 4611 saltem
2052 4563 2210 4610 natu—

683 4647 781 4700 rali
810 4645 1009 4701 deliniti
1029 4645 1155 4707 sint,
1170 4660 1341 4714 neque
1357 4646 1581 4699 ﬁliorum
1604 4660 1664 4700 ac
1682 4657 1930 4717 nepotum
1947 4648 2209 4706 desiderio

684 4737 840 4792 fracti
868 4746 921 4792 et
954 4736 1196 4793 subacti?
1225 4735 1366 4807 quod
1408 4737 1615 4806 quidem
1659 4738 1764 4793 illis
1814 4740 1930 4794 ideo
1959 4741 2208 4809 contigit,

685 4828 824 4893 quod
858 4843 964 4882 non
992 4829 1243 4881 mortales
1287 4836 1543 4897 nepotes,
1587 4828 1679 4883 sed
1727 4829 2052 4885 immortales
2107 4831 2209 4885 sibi

684 4911 1048 4976 expetiverint.
1088 4910 1261 4964 Mures
1308 4919 1482 4965 autem
1528 4912 1836 4966 earumdem
1865 4925 1894 4965 a
1924 4914 2211 4983 cupiditate

685 5002 856 5055 oiunis
885 5003 1094 5074 generis
1119 5001 1354 5072 pecunia.-
1385 5002 1585 5057 alienos
1606 5042 1623 5066 ,
1660 5003 1781 5072 quis
1815 5018 1921 5058 non
1958 5004 2209 5071 obstupe-

685 5082 832 5133 scat?
854 5084 946 5151 qui
970 5084 1071 5138 hoc
1100 5099 1312 5154 quoque
1353 5085 1637 5151 coniecerit
1672 5101 1737 5141 ex
1785 5103 1877 5149 eo,
1929 5087 2071 5156 quod
2104 5100 2209 5141 non

685 5162 938 5228 fugerint,
977 5165 1069 5217 sed
1102 5168 1269 5220 secuti
1307 5170 1413 5222 sint
1441 5166 1844 5235 Praeceptorem,
1871 5168 1963 5237 qui
2003 5168 2146 5237 ipsos
2179 5182 2210 5219 a

684 5248 1007 5320 possidendo
1023 5266 1152 5306 auro
1169 5259 1327 5324 atque
1347 5266 1565 5328 argento
1583 5257 1919 5324 deterruerit,
1939 5259 2210 5329 legemque

686 5340 881 5403 fixerit,
895 5347 956 5391 ut
975 5354 1042 5392 ne
1056 5353 1223 5407 usque
1239 5346 1302 5399 ad
1320 5346 1452 5401 duas
1469 5347 1680 5417 quidem
1711 5348 1923 5403 tunicas
1939 5362 2049 5402 rem
2059 5361 2207 5402 suam

684 5436 940 5500 augerent
965 5447 979 5481 :
1013 5430 1155 5497 quod
1182 5431 1393 5500 quidem
1424 5437 1507 5489 vel
1537 5436 1741 5493 auditui
1765 5436 2095 5493 intolerabile
2119 5434 2208 5489 alii

684 5521 912 5588 cuipiam
964 5518 1224 5583 videatur,
1256 5521 1325 5575 ob
1365 5524 1675 5592 gravitatem
1718 5527 1967 5600 imperii:
1993 5532 2050 5581 at
2088 5524 2227 5579 illos»

683 5615 843 5667 etiam
874 5609 1047 5677 rcipsa
1070 5611 1417 5681 complevisse
1443 5616 1583 5684 quod
1612 5618 1812 5674 dictum
1843 5626 1924 5675 est
1964 5620 2201 5672 constat:

683 5714 810 5773 ergo
837 5697 1065 5775 quodam
1112 5709 1347 5772 tempore
1394 5719 1513 5762 cum
1540 5706 1755 5776 quidam
1797 5708 2018 5765 claudus
2048 5721 2077 5760 a
2109 5704 2206 5761 Pe-

750 5823 795 5855 ⁸⁸
821 5820 983 5877 Exod.
1012 5834 1120 5887 ut,
1149 5821 1295 5880 5-15.

2306 4541 2412 4594 τῶν
2440 4540 2693 4608 ἐγγόνων,
2717 4543 2829 4597 ἀλλ’
2856 4544 3191 4603 ἀθανάτων
3227 4552 3566 4631 ὠρέχθημ

2306 4632 2634 4703 λοχρήματον
2665 4634 2839 4687 αὐτῶν
2862 4635 2957 4688 τοῦ
2992 4640 3258 4709 τρόπου
3291 4647 3466 4713 πῶς
3505 4671 3563 4706 οε

2306 4720 2423 4788 γείη
2451 4736 2465 4784 ;
2495 4720 2588 4773 καὶ
2623 4721 2775 4774 τοῦτο
2815 4728 3328 4799 τεκμηράμενος
3380 4737 3483 4790 ὲκ
3546 4760 3562 4776 .

2305 4809 2419 4861 ἀλλ’
2450 4809 2791 4865 ἀσπάσασθαι
2842 4812 3270 4885 διδάσκαλον,
3332 4842 3557 4895 χρυσ

2305 4899 2400 4969 τὴν
2439 4899 2627 4969 κτῆσιν
2671 4903 3155 4974 ἀπαγορεύοντα,
3222 4914 3360 4966 καὶ
3435 4934 3562 4989 νοτ

2310 4989 2466 5080 μέχρι
2511 4990 2759 5062 δευτέρου
2803 4994 3049 5061 χιτῶνος
3108 5000 3378 5065 αὒξειν
3424 5007 3558 5080 τὴ·

2305 5079 2441 5149 τάχα
2469 5097 2550 5143 τις
2577 5082 2809 5146 ἀκούσας
2833 5088 3183 5162 παρῄτητο
3214 5091 3311 5146 ἂν
3349 5096 3451 5151 τδ

2305 5186 2393 5233 τος
2413 5184 2426 5201 ⁸
2452 5174 2500 5223 οί
2534 5172 2593 5226 δὲ
2622 5175 2715 5229 καὶ
2740 5174 2897 5245 ἔργον
2933 5188 3458 5257 πεποιηκότες
3531 5213 3542 5227 ·

2307 5277 2539 5316 κνυνται.
2565 5266 2886 5338 Αίτήσαντος
2912 5274 3075 5342 γοῦν
3108 5295 3304 5333 ποτε
3349 5284 3530 5348 τοὺς

2306 5349 2474 5444 χω).ου
2501 5371 2650 5425 τινος
2697 5356 2866 5433 (οὗτος
2880 5363 2925 5418 δ’
2955 5363 3043 5438 ἦν
3074 5367 3233 5421 τῶν
3258 5369 3358 5424 δι’
3393 5374 3518 5444 ὲσῖ

2304 5440 2504 5534 ’ςροεξάς
2535 5454 2928 5518 μεταιτούντων
2948 5461 3000 5534 ),
3039 5458 3187 5515 οὐκ
3234 5458 3452 5530 ἔχων

2301 5526 2569 5632 ὡμολόγει
2591 5545 2768 5618 πάσης
2785 5526 3113 5626 ὑπάρξεως
3136 5526 3477 5622 χρέάίου

2305 5633 2745 5721 ρευεξγτᾼφήσας·
2774 5641 3163 5721 «Ἀργύριον
3202 5645 3343 5698 καὶ
3389 5664 3492 5720 κε

2305 5712 2552 5786 μοι,δ’δὲ
2587 5712 3288 5807 ἔχωηοῦτόνσοινδίδωμι
3319 5752 3337 5765 ’
