3862 6332
199 395 298 463 ιιτ
1129 388 1354 446 οΕιιοιι
1360 387 1724 445 STRATIONIE

1853 384 2220 446 mmmam
2243 381 2365 438 LIB.
2391 377 2481 440 tu.
3008 380 3016 389 ‘
3278 400 3378 448 21s

215 517 290 571 κ
329 496 440 569 μηδ’
481 495 510 548 ὁ
541 494 756 566 Πέτρος
806 497 1004 565 ταῦθ’,
1046 501 1124 564 ῶς
1163 491 1323 565 είκδς,
1355 505 1411 556 έν
1447 506 1562 566 ταῖς
1602 502 1740 555 aurci

1856 517 1994 565 ram,
2012 508 2166 556 erunt
2186 498 2355 553 soluta
2369 504 2421 550 et
2442 497 2497 552 in
2515 501 2663 556 caelis
2684 502 2745 554 ⁷⁸.
2760 520 2778 554 ι
2803 501 2934 558 Cum
2955 503 3066 558 haec
3086 513 3193 558 tam
3214 507 3377 561 multa

227 582 551 652 διδασκαλίαις
575 583 977 654 ὲξηγόρευσεν,
1008 588 1111 657 ὅρα
1129 590 1181 642 τί
1207 609 1383 660 φησιν,
1406 591 1752 660 ἐρωτήσαντος

1861 593 2003 645 dicta
2034 590 2141 646 sint
2166 587 2324 644 Petro
2351 587 2418 641 ab
2443 587 2590 652 Jesu,
2623 589 2830 646 Marcus
2859 595 2991 646 nihil
3013 595 3201 648 horum
3229 610 3375 650 com-

243 684 323 741 τοῦ
345 677 503 750 ’ἰησοῦ
526 693 542 710 ο
575 693 594 726 ι
617 676 983 747 Ἀποκριθεὶς
1011 682 1040 732 6
1065 681 1264 750 Πέτρος
1311 682 1452 748 λέγει
1476 699 1488 710 ·
1535 682 1604 734 Συ
1647 679 1696 734 εἴ
1733 684 1762 734 ὁ

1858 695 2176 742 memorans,
2189 686 2463 748 pr0pterea
2479 680 2618 747 quod
2635 695 2700 734 ne
2719 679 2906 736 Petrus
2924 685 3154 752 quidem,
3168 687 3376 741 utveri-

246 770 457 844 Χριστός.
491 766 599 820 Καὶ
627 765 974 834 ἐπετίμησεν
1001 768 1202 832 αὐτοῖς,
1229 771 1312 822 ἵνα
1351 770 1531 839 μηδενὶ
1569 771 1759 836 λέγωσι

1854 769 2024 824 simile
2039 776 2118 822 est
2139 769 2261 820 talia
2281 768 2333 820 in
2358 767 2470 821 suis
2492 769 2881 822 narrationibus
2902 773 3210 838 enuntiavit,
3227 775 3370 839 audi,

253 860 359 929 περὶ
376 854 542 910 αὑτοῦ.
580 873 600 905 ι
642 853 835 906 Ταῦτα
870 855 972 923 μὲν
1006 852 1100 908 οὖν
1126 857 1154 907 ὁ
1186 858 1382 926 Πέτρος
1411 859 1626 920 εἰκότως
1662 876 1761 910 πα-

1852 857 1980 926 quid
2008 857 2169 920 dicat,
2196 864 2315 926 post
2350 856 2475 912 Jesu
2521 857 3020 926 interrogationem:
3065 880 3084 912 ι
3129 862 3374 932 Respon-

255 945 578 1016 ρασιωπᾶσθαι
602 943 758 1011 ἠξίου
776 955 792 973 ⁸
835 944 919 996 διὸ
950 946 1046 996 καὶ
1067 946 1283 1016 Μάρκος
1303 945 1436 998 αὐτὰ
1464 949 1718 1017 παρέλιπε
1742 965 1755 977 ο

1854 945 2004 1006 dens,
2045 943 2234 1012 inquit,
2259 941 2446 997 Petrus
2473 942 2599 996 dicit
2624 961 2638 996 :
2663 941 2740 996 Tu
2769 958 2826 998 es
2853 943 3117 1008 Christus,
3148 954 3200 1001 et
3226 963 3373 1002 com-

249 1033 316 1084 τά
337 1032 379 1084 δὲ
414 1031 542 1084 κατὰ
568 1030 667 1099 τὴν
694 1030 933 1099 ἄρνησιν
977 1032 1140 1083 αὐτοῦ
1172 1035 1250 1094 είς
1276 1034 1476 1096 πάντας
1503 1034 1758 1104 ἐκήρυξεν

1857 1032 2090 1086 minatus
2139 1043 2220 1086 est
2247 1033 2348 1095 eis,
2385 1039 2443 1086 ut
2476 1033 2672 1086 nemini
2715 1033 2950 1087 dicerent
2998 1034 3063 1088 de
3112 1035 3308 1104 ipso".
3346 1056 3365 1089 ι

248 1120 541 1190 ἁνθρώτωυς.
597 1120 756 1172 Ἐπεὶ
791 1121 888 1172 καὶ
934 1119 1190 1173 ἔκλαυσεν
1233 1123 1316 1174 ἐπ’
1358 1123 1490 1193 αὐτῇ
1531 1124 1752 1194 πικρῶς.

1855 1119 1974 1175 Haec
2004 1136 2130 1175 sane
2168 1120 2356 1176 Petrus
2389 1122 2576 1175 merito
2604 1122 2825 1175 tacenda
2867 1122 3126 1190 judicavit
3161 1143 3174 1177 :
3207 1141 3371 1192 quare

246 1207 412 1279 Εὖροις
451 1208 496 1259 δ’
535 1203 628 1258 οὖν
671 1207 768 1260 τὸν
823 1207 1050 1276 Μάρκον
1098 1209 1398 1280 ἱστοροῦντα
1439 1213 1560 1282 περὶ
1597 1212 1756 1264 αὑτοῦ

1853 1209 2009 1262 etiam
2048 1208 2258 1264 Marcus
2281 1226 2341 1265 ea
2374 1212 2649 1278 praeteriit.
2683 1211 2810 1275 Quae
2838 1219 3011 1266 autem
3041 1213 3106 1265 ad
3134 1216 3371 1282 negatio-

237 1294 379 1346 τάδε’
424 1314 442 1345 ι
476 1296 586 1348 Καὶ
615 1295 774 1356 ὄντος
817 1295 912 1346 τοῦ
939 1296 1142 1366 Πέτρου
1180 1299 1236 1349 ἐν
1260 1302 1324 1369 τῇ
1363 1300 1516 1370 αὐλῇ,
1545 1300 1754 1370 ἔρχεται

1850 1313 1966 1351 nem
1981 1313 2125 1352 suam
2140 1300 2492 1366 pertinebant,
2515 1302 2564 1354 in
2584 1316 2767 1355 omnes
2796 1301 3035 1356 homines
3067 1305 3284 1371 pr0tulit
3305 1319 3367 1360 ac

233 1385 353 1453 πρὸς
375 1386 526 1438 αὐτὸν
576 1385 680 1454 μία
711 1385 822 1436 τῶν
857 1383 1149 1438 παιδίσκων
1186 1388 1276 1438 τοῦ
1318 1389 1626 1458 ἀρχιερέως,
1665 1390 1756 1443 καὶ

1850 1386 2133 1455 publicavit
2153 1406 2168 1441 :
2193 1389 2438 1456 quoniam
2461 1396 2576 1457 post
2596 1390 2738 1442 illam
2762 1389 2900 1443 ﬂevit
2915 1405 3108 1446 amare.
3128 1390 3366 1448 Invenies

229 1473 389 1527 Μοῦσα
420 1475 580 1528 αὐτὸν
603 1474 1054 1544 θερμαινόμενον,
1079 1477 1383 1546 ἐμϐλέψασα
1409 1479 1552 1549 αὐτῷ
1577 1480 1751 1548 λέγει·

1848 1476 2023 1544 itaque
2045 1477 2108 1530 de
2129 1492 2190 1532 eo
2212 1485 2510 1532 narrantem
2533 1477 2766 1530 Marcum
2797 1496 2810 1530 :
2839 1497 2856 1526 ι
2885 1477 3082 1532 Etcum
3108 1487 3248 1534 esset
3269 1479 3366 1534 Pe-

218 1558 322 1611 Καὶ
348 1564 405 1614 σὺ
435 1561 575 1630 μετὰ
623 1563 803 1630 Ἰησοῦ
832 1563 925 1615 τοῦ
951 1565 1263 1634 Ναζωραίου
1285 1563 1371 1636 ἦς.
1414 1569 1468 1621 Ὁ
1503 1571 1556 1622 δὲ
1592 1573 1743 1641 ἠρνή-

1848 1570 1961 1619 trus
1997 1565 2049 1618 in
2079 1565 2232 1628 atrio,
2263 1566 2402 1619 venit
2433 1567 2494 1618 ad
2521 1581 2638 1619 cum
2671 1581 2776 1619 una
2825 1581 2886 1620 ex
2917 1567 3124 1622 ancillis
3171 1570 3364 1623 summi

215 1660 338 1702 σατο
357 1651 522 1718 λέγων
546 1667 561 1681 ο
594 1650 739 1704 Οὔτε
763 1651 1057 1721 ἐπίσταμαι
1089 1654 1140 1705 τί
1177 1657 1239 1708 σὺ
1262 1655 1459 1723 λέγεις·
1491 1660 1579 1710 καὶ
1603 1661 1740 1729 ἐξῆλ-

1848 1655 2158 1732 sacerdotis,
2205 1661 2407 1708 etcum
2453 1655 2672 1708 vidisset
2715 1654 2926 1707 Petrum
2963 1657 3359 1710 calefacientem

205 1739 294 1794 θεν
335 1748 410 1807 είς
452 1745 513 1798 τὸ
556 1745 668 1808 ἔξω
718 1746 1030 1815 προαύλιον,
1077 1747 1167 1798 καὶ
1213 1749 1450 1820 ἀλέκτωρ
1490 1751 1725 1821 ὲφὼνησε

1843 1757 1922 1806 sc,
1950 1743 2214 1810 aspiciens
2253 1744 2420 1808 illum,
2451 1745 2522 1796 ait
2557 1764 2569 1797 :
2599 1743 2662 1796 Et
2693 1752 2748 1796 tu
2777 1759 2895 1796 cum
2929 1743 3055 1799 Jesu
3088 1745 3363 1800 Nazareno

195 1828 360 1886 Πάλιν
394 1835 451 1887 δὲ
497 1833 688 1886 ἰδοῦσα
729 1836 891 1890 αὐτὸν
932 1839 965 1906 ἡ
1014 1838 1282 1906 παιδίσκη,
1335 1839 1527 1909 ἦρξατο
1575 1841 1720 1909 λέγει

1842 1846 1980 1894 eras,
2015 1839 2068 1884 at
2120 1833 2206 1886 ille
2249 1835 2456 1903 negavit
2513 1834 2733 1886 dicens:
2765 1833 2944 1902 Neque
2989 1835 3134 1899 novi,
3190 1851 3361 1905 neque

187 1923 302 1985 τοῖς
328 1923 682 1994 παρεστῶσιν
714 1939 728 1953 ·
766 1920 931 1987 Οὗτος
950 1926 1008 1990 ἐξ
1031 1927 1204 1979 αὐτῶν
1228 1929 1389 1980 ἐστιν.
1432 1931 1488 1981 '0
1512 1931 1566 1982 δὲ
1594 1933 1712 1985 πάλι

1844 1920 1956 1972 scio
1983 1920 2109 1988 quid
2129 1921 2297 1984 dicas,
2325 1929 2376 1975 et
2401 1923 2561 1976 exivit
2593 1922 2734 1976 foras
2765 1932 2886 1976 ante
2917 1927 3128 1984 atrium,
3165 1933 3218 1979 et
3249 1926 3359 1993 gal-

181 2010 478 2084 ὴρνήσατο.
523 2016 642 2067 Καὶ
680 2015 824 2084 μετὰ
858 2015 1047 2084 μικρὸν
1078 2016 1232 2069 πάλιν
1267 2019 1603 2086 παρεστῶτες
1635 2022 1706 2074 ἕλε

1841 2005 1925 2060 lus
1956 2010 2204 2062 cantavit.
2237 2008 2442 2064 Rursus
2479 2016 2653 2062 autem
2683 2024 2800 2062 cum
2829 2011 3046 2062 vidisset
3086 2010 3232 2062 illum
3261 2024 3358 2062 ait-

179 2112 284 2162 γον
314 2103 389 2172 τῷ
415 2103 617 2173 Πέτρῳ
640 2120 655 2132 ·
705 2103 947 2173 Ἀληθῶς
969 2104 1024 2169 ἐξ
1050 2105 1223 2158 αὐτῶν
1249 2102 1316 2169 εἴ,
1343 2108 1433 2158 καὶ
1462 2108 1562 2177 γὰρ
1595 2109 1704 2161 Γαλι

1840 2095 1978 2160 cilia,
2005 2098 2163 2164 cmpit
2185 2098 2359 2151 dicere
2384 2098 2854 2151 circumstantibus
2880 2117 2891 2151 :
2925 2097 3020 2150 Hic
3043 2114 3106 2152 ex
3128 2099 3230 2152 illis
3251 2107 3352 2162 est,

169 2183 332 2255 λαῖος
359 2187 428 2247 εἴ,
480 2194 541 2245 Ὀ
582 2193 646 2246 δὲ
695 2192 902 2263 ἤρξατο
943 2194 1346 2264 ἀναθεματίζειν
1379 2199 1470 2250 καὶ
1510 2199 1690 2267 ὀμνύει

1841 2188 1895 2232 at
1945 2179 2032 2234 ille
2083 2182 2274 2235 iterum
2319 2184 2572 2250 negavit:
2604 2183 2666 2235 Et
2713 2191 2830 2251 post
2864 2184 3132 2251 pusillum,
3167 2199 3356 2238 rursus

161 2274 252 2329 ὅτι
291 2283 403 2335 Οὐκ
433 2277 555 2335 οἶδα
603 2283 703 2334 τὸν
748 2281 1032 2350 ἄνθρωπον
1073 2285 1272 2348 τοῦτον,
1315 2286 1371 2339 ὃν
1411 2285 1619 2354 λέγετε⁹
1653 2307 1685 2340 κ

1839 2269 1928 2337 qui
1956 2269 2195 2323 astabant
2231 2270 2472 2323 dicebant
2491 2271 2644 2324 Petro
2681 2289 2692 2322 :
2729 2269 2862 2324 Vere
2889 2286 2952 2324 ex
2985 2271 3089 2324 illis
3119 2285 3196 2335 es,
3231 2287 3351 2325 nam

155 2364 375 2434 εὐθέως
404 2374 470 2424 ὲκ
497 2371 766 2442 δευτέρου
800 2372 1042 2443 ἀλέκτωρ
1075 2374 1330 2444 έφώνησε.
1365 2394 1382 2426 ι
1405 2377 1619 2446 Μάρκος
1648 2397 1680 2447 μ

1837 2367 1892 2412 et
1919 2356 2162 2412 Galilaeus
2203 2374 2260 2413 es
2295 2377 2306 2411 :
2337 2360 2423 2414 ille
2472 2371 2644 2414 autem
2683 2360 2845 2428 cmpit
2885 2360 3348 2422 anathematizare,

151 2457 348 2514 ταῦτα
381 2462 592 2532 γράφει
618 2477 635 2490 ·
673 2461 886 2530 Πέτρος
925 2462 980 2514 δὲ
1014 2462 1184 2516 ταῦτα
1228 2465 1350 2534 περὶ
1393 2465 1578 2518 ἑαυτοῦ
1608 2446 1676 2534 μα

1837 2454 1889 2501 et
1933 2446 2135 2514 jurare,
2165 2449 2305 2515 quod
2349 2449 2528 2502 nescio
2563 2447 2827 2502 hominem
2868 2447 3050 2510 istum,
3089 2463 3243 2517 quem
3270 2449 3354 2502 di-

150 2553 363 2617 τυραο
394 2552 574 2604 πάντα
605 2551 724 2622 γὰρ
755 2551 826 2603 τὰ
851 2552 1000 2622 παρά
1028 2554 1232 2622 Μάρκῳ
1256 2553 1361 2606 τῶν
1395 2555 1594 2626 Πέτρου
1631 2557 1675 2608 δι

1839 2536 1960 2590 citis
2000 2553 2014 2590 :
2048 2543 2098 2591 et
2141 2538 2318 2592 statim
2345 2538 2515 2606 gallus
2548 2539 2738 2592 iterum
2769 2541 3005 2593 cantavit
3034 2541 3098 2592 ⁷⁸.
3145 2558 3163 2591 ι
3199 2539 3351 2608 122

147 2629 373 2701 λέξεων
409 2637 552 2693 εἶναι
597 2641 823 2708 λέγεται
872 2642 1410 2713 ἀπομνημονεύματα.
1458 2623 1518 2697 Οί
1558 2645 1620 2715 δὴ
1650 2663 1672 2697 ο

1835 2623 2043 2679 Marcus
2073 2627 2280 2693 quidem
2313 2626 2423 2680 haec
2444 2627 2644 2689 scribit,
2668 2640 2731 2679 ac
2748 2625 2937 2682 Petrus
2956 2627 3067 2681 haec
3087 2629 3152 2682 de
3175 2629 3352 2698 seipso

146 2724 229 2778 τὰ
280 2729 373 2797 μὲν
398 2728 633 2794 δόξαντα
669 2731 860 2791 αὐτοῖς
892 2729 1098 2798 ἀγαθὴν
1129 2730 1307 2799 φέρειν
1338 2733 1516 2802 φήμην
1544 2713 1671 2802 παρι

1835 2713 2148 2766 testiﬁcatur
2177 2731 2190 2766 :
2221 2713 2399 2766 omnia
2425 2715 2562 2768 enim
2589 2729 2706 2783 qua:
2729 2715 2867 2783 apud
2900 2715 3134 2770 Marcum
3166 2716 3349 2785 legun-

142 2817 442 2885 τοῦμενοι,
484 2818 589 2879 τὰς
623 2817 683 2869 δὲ
714 2816 839 2870 καθ’
884 2817 1088 2869 ἑαυτῶν
1114 2816 1356 2879 διαϐολάς
1396 2800 1481 2880 είς
1511 2800 1667 2891 ἄληστ

1833 2809 1940 2862 tur,
1983 2800 2342 2854 narrationum
2366 2815 2773 2870 sermonumque
2795 2801 2934 2856 Petri
2961 2801 3211 2856 dicuntur
3231 2817 3351 2857 esse

145 2902 348 2955 αἰῶνα
371 2903 851 2973 καταγράφοντες,
882 2905 976 2957 καὶ
1007 2903 1113 2957 τῶν
1147 2905 1624 2974 πλημμεληθέντων
1651 2927 1670 2962 a

1833 2891 2228 2944 commentaria.
2260 2891 2358 2954 Qui
2396 2892 2555 2960 igitur
2580 2907 2641 2944 ea
2679 2907 2795 2960 quae
2833 2902 3073 2961 poterant
3097 2893 3226 2961 ipsis
3263 2892 3347 2945 af-

147 2991 294 3054 τοῖς
334 2994 428 3053 τὰς
460 2992 831 3061 κατηγορίας,
866 2991 934 3052 ἃς
969 2991 1067 3044 οὐκ
1095 2991 1158 3044 ἀν
1189 3009 1269 3054 τις
1300 2992 1434 3059 ἔγνω
1463 2994 1566 3048 τῶν
1601 3013 1672 3064 με

1833 2978 1970 3033 ferre
2003 2980 2194 3034 bonam
2240 2979 2452 3043 famam,
2495 2989 2762 3044 recusant,
2795 2983 3191 3036 criminationes
3222 2996 3347 3036 vero

148 3081 364 3146 ταῦτα,
391 3084 438 3134 εί
468 3083 543 3152 μὴ
583 3083 677 3134 διὰ
707 3082 811 3149 τῆς
833 3081 1008 3133 αὐτῶν
1040 3081 1234 3151 ἔμαθεν
1273 3083 1450 3152 φωνῆς
1471 3084 1586 3136 καθ’
1615 3087 1673 3138 έα

1832 3076 2016 3122 contra
2045 3070 2269 3136 seipsos,
2287 3071 2618 3139 sempiternae
2641 3076 2906 3124 memorize
2932 3072 2982 3124 in
3005 3073 3216 3140 scriptis
3234 3073 3349 3126 suis

157 3123 364 3146 -..νη
391 3123 438 3134 ...
468 3123 543 3152 ...η
584 3123 677 3134 π..
719 3123 807 3149 -.,,
834 3123 1004 3133 ..-ηπ
1040 3123 1230 3151 ηπ--.
1274 3123 1446 3152 γυνη,
1473 3123 1567 3136 ..αν
1615 3123 1675 3138 ε...

153 3169 292 3224 τῶν
313 3173 737 3241 στηλιτεύοντες,
767 3172 887 3233 πῶς
907 3171 966 3223 ού
987 3171 1262 3238 φιλαυτίας
1289 3173 1384 3243 μὲν
1407 3175 1615 3245 ἁπάσης
1641 3194 1678 3228 κη

1832 3155 2223 3218 commendant,
2253 3163 2305 3208 et
2331 3171 2511 3209 eorum
2550 3173 2666 3225 qum
2693 3159 2759 3211 ab
2808 3159 2939 3227 ipsis
2967 3170 3180 3228 peccata
3219 3168 3343 3212 sunt

159 3256 521 3328 ψευδολογίας
548 3261 713 3322 ἐκτὸς
740 3259 1018 3327 γεγονέναι
1051 3259 1267 3322 ἐνδίκως
1289 3261 1352 3314 ἂν
1381 3262 1684 3330 ὀμολογοῖντ‹

1827 3248 2213 3310 accusationes,
2243 3261 2375 3312 quas
2405 3247 2753 3316 posteriorum
2785 3249 2962 3302 nullus
2991 3265 3222 3318 unquam
3251 3265 3334 3304 co-

163 3344 498 3417 φιλαλήθους
521 3348 580 3400 δὲ
606 3347 905 3408 διαθέσεως
939 3347 1079 3416 σαφῆ
1119 3347 1209 3398 καὶ
1245 3350 1442 3418 ἐναργῆ
1468 3353 1688 3421 τεκμήρι

1826 3336 2110 3402 gnovisset,
2141 3335 2243 3388 nisi
2283 3336 2515 3403 ipsorum
2555 3338 2767 3406 scriptis
2799 3337 3090 3404 didicisset,
3135 3339 3342 3407 publice

168 3435 616 3503 παρεσχηκέναι;
644 3435 711 3486 Οἱ
735 3432 792 3483 δέ
821 3448 884 3499 γε
909 3433 1032 3493 τοὺς
1062 3433 1293 3484 τοιούσδε
1323 3434 1616 3486 πεπλάσθαι
1639 3454 1693 3488 κε

1825 3424 1893 3477 ab
1921 3425 2166 3479 omnibus
2198 3424 2439 3492 legendas
2482 3435 2798 3494 proponunt,
2829 3441 2924 3479 cur
2954 3442 3058 3480 non
3098 3429 3164 3481 ab
3193 3428 3336 3481 omni

166 3520 612 3588 καταψεύσασθαι
636 3519 975 3588 νομίζοντες,
1011 3521 1100 3571 καὶ
1129 3515 1214 3574 οἷα
1253 3520 1464 3583 πλάνοις
1500 3521 1691 3591 βλασφτ

1823 3515 1888 3570 de
1937 3516 2126 3583 seipsis
2184 3517 2464 3584 Opinione,
2512 3516 2760 3583 omnique
2817 3517 3094 3570 mendacio
3147 3520 3335 3571 merito

166 3607 308 3664 μεῖν
327 3608 670 3680 πειρώμενοι,
706 3608 824 3669 πῶς
849 3609 946 3660 οὐκ
974 3607 1038 3660 ἂν
1062 3609 1294 3676 γένοιντο
1317 3610 1690 3676 καταγέλαστοι

1823 3605 2106 3658 abhorrere
2149 3605 2467 3658 credantur?
2501 3606 2767 3672 studiique
2790 3620 2914 3673 erga
2945 3607 3217 3658 veritatem
3249 3621 3335 3660 ar-

165 3691 326 3754 (ἰίλοι
365 3701 458 3768 μὲν
499 3700 701 3767 φθόνου
750 3699 846 3750 καὶ
895 3698 1207 3765 βασκανίας,
1249 3698 1424 3767 ἐχθροὶ
1466 3699 1520 3750 δὲ
1565 3701 1690 3770 αὐτῆ

1820 3700 2067 3763 gumenta
2113 3694 2408 3747 certissima
2443 3694 2709 3761 praebere?
2735 3693 2834 3758 Qui
2874 3708 2998 3746 vero
3033 3694 3162 3746 tales
3191 3693 3334 3748 viros

163 3777 428 3854 ἀληθείας
459 3788 835 3857 ἁλισκόμενοι,
870 3785 921 3837 οῖ
943 3802 1002 3853 γε
1029 3787 1150 3847 τοὺς
1175 3785 1340 3846 οὓτως
1361 3785 1688 3855 ἀπανούργου

1821 3781 2121 3835 fictionibus
2158 3795 2303 3842 usos,
2336 3796 2397 3834 ac
2444 3782 2692 3835 mentitos
2738 3789 2944 3849 putant,
2989 3789 3041 3835 et
3079 3789 3331 3850 tanquam

164 3872 286 3926 καὶ
312 3877 566 3930 ἄπλαστον
599 3878 679 3939 ὡς
711 3874 928 3943 ἀληθῶς
959 3875 1050 3927 καὶ
1079 3875 1328 3945 ἀκέραιον
1352 3869 1479 3943 ἦθος
1505 3875 1589 3926 διὰ
1620 3875 1689 3926 τῶ

1817 3871 2131 3940 impostores
2172 3870 2382 3924 infamia
2411 3871 2721 3939 probrisque
2739 3879 2920 3923 notare
2941 3880 3222 3937 conantur,
3238 3887 3335 3925 cur

162 3954 386 4018 οἰκείων
410 3967 578 4035 λόγων
608 3963 1095 4032 ἐπιδεδειγμένους,
1120 3962 1446 4032 πανούργους
1460 3962 1606 4024 τινὰς
1632 3981 1687 4016 κα

1816 3975 1922 4014 non
1953 3960 2051 4028 ipsi
2084 3959 2259 4027 potius
2290 3964 2343 4012 et
2366 3959 2576 4012 ridiculi
2615 3969 2759 4022 sunt,
2795 3966 2846 4013 et
2871 3959 2993 4012 odio
3031 3959 3332 4029 invidiaque

163 4040 378 4118 δεινοὺς
400 4057 744 4108 ὑποτίθενται
777 4052 1049 4121 σοφιστὰς,
1075 4052 1147 4114 ὡς
1169 4052 1237 4104 τὰ
1270 4053 1341 4122 μὴ
1369 4052 1496 4104 ὄντα
1525 4051 1688 4105 πλασα

1815 4048 1978 4117 digni,
2030 4057 2280 4116 tanquam
2328 4050 2501 4102 omnis
2543 4048 2779 4102 veritatis
2805 4049 3001 4102 inimici
3034 4049 3331 4104 habentur?

164 4137 389 4207 μένους,
414 4147 502 4197 καὶ
529 4145 609 4214 τῷ
658 4142 846 4211 οἰκείῳ
871 4140 1168 4210 διδασκάλῳ
1191 4140 1259 4191 τὰ
1293 4141 1363 4211 μὴ
1399 4142 1528 4210 πρὸς
1559 4143 1684 4194 αὐτο

1807 4139 1902 4206 qui
1927 4137 2135 4206 quidem
2157 4139 2302 4192 viros
2331 4149 2435 4192 tam
2465 4139 2531 4193 ab
2550 4137 2692 4191 omni
2715 4138 2913 4191 malitia
2939 4139 3162 4201 alienos,
3193 4147 3329 4192 tam-

162 4230 479 4298 πραχθέντα
503 4229 918 4301 κεχαρισμένως
954 4227 1258 4290 ἀναθέντας.
1303 4229 1388 4290 Ὠς
1423 4225 1479 4281 εὖ
1519 4246 1604 4298 μοι
1637 4230 1687 4282 δο

1812 4237 1915 4290 quc
1947 4224 2061 4277 sine
2110 4221 2252 4288 fuco,
2281 4238 2508 4291 vereque
2557 4224 2823 4277 sincerum
2867 4225 3099 4277 animum
3131 4227 3182 4278 in
3214 4227 3329 4280 suis

159 4314 282 4365 ιιΞῖ
310 4320 534 4388 εἰρῆσθαι
560 4337 574 4350 ·
618 4320 807 4372 Πάντα
839 4316 941 4386 χρὴ
989 4317 1256 4369 πιστεύειν
1282 4319 1389 4379 τοῖς
1418 4317 1507 4369 τοῦ
1549 4319 1680 4388 Ἰησο

1813 4310 2026 4378 scriptis
2051 4325 2158 4379 pra:
2181 4325 2239 4364 se
2269 4309 2520 4374 ferentes,
2549 4311 2842 4365 malitiosos
2865 4312 3118 4380 quosdam
3141 4321 3193 4366 et
3219 4314 3328 4367 cal-

158 4399 454 4471 μειθηταίς,
481 4405 513 4474 ἦ
561 4406 669 4474 μή·
704 4403 800 4454 καὶ
832 4403 879 4452 εί
925 4401 1102 4469 μόνοις
1129 4403 1331 4465 τούτοις
1390 4407 1497 4466 τοῖς
1527 4405 1683 4475 ἀνδρά

1813 4398 1948 4452 lidos
2002 4399 2197 4452 audent
2241 4397 2434 4466 lingere
2475 4399 2760 4468 sophistas,
2793 4407 3044 4467 tanquam
3097 4415 3190 4456 eos
3233 4401 3323 4468 qui

154 4487 280 4564 ἓν
299 4489 616 4562 ἀπιστητέον,
643 4491 740 4543 καὶ
767 4491 878 4549 τοῖς
910 4491 1091 4554 πᾶσιν,
1115 4490 1302 4552 οἵτινές
1325 4491 1438 4542 ποτ’
1461 4491 1566 4562 ἀρα
1589 4509 1679 4562 παε

1811 4487 2061 4564 quidquid
2086 4487 2391 4556 scripserint
2418 4487 2699 4540 commenti
2733 4487 2858 4549 sint,
2890 4495 2943 4541 et
2975 4503 3075 4542 suo
3127 4503 3324 4556 praece-

149 4557 512 4652 ῗεῖλησινίῆ
551 4581 704 4652 παρὰ
743 4581 1040 4650 βαρϐάροις
1085 4581 1224 4649 βίους
1264 4583 1352 4634 καὶ
1399 4557 1579 4649 λόγους
1624 4557 1674 4636 κέ

1809 4557 1972 4645 βίοι-ι’,
2002 4591 2117 4642 quae
2147 4577 2234 4630 ille
2264 4591 2532 4644 nunquam
2559 4577 2760 4637 fecerit,
2789 4577 2852 4630 ad
2877 4577 3097 4646 gratiam
3127 4578 3323 4630 tribue-

142 4645 697 4739 ξτξομνημονεύματα
866 4645 1006 4720 κατά
1038 4645 1250 4737 χρόνους
1282 4669 1371 4721 ὲπί
1411 4645 1546 4722 τισιν
1581 4671 1667 4738 ἀγα

1807 4663 1950 4716 rint?
1987 4661 2121 4716 Sane
2171 4663 2440 4716 commode
2487 4663 2614 4715 mihi
2662 4663 2860 4715 dictum
2890 4645 3112 4716 videtur
3165 4681 3177 4716 :
3226 4668 3321 4714 aut

138 4731 308 4818 θεδῖς.
321 4731 688 4828 κατορθώμασι
733 4731 1490 4826 Boneévrmvno’uvsypaq/awo'
1523 4759 1554 4828 ἢ
1604 4731 1662 4812 το

1799 4765 2025 4820 prorsus
2072 4751 2285 4804 credere
2306 4759 2511 4819 oportet
2535 4749 2658 4805 Jesu
2689 4752 2982 4819 discipulis,
3014 4751 3058 4804 si
3102 4750 3321 4818 reliquis

135 4830 290 4896 μὲν
307 4848 462 4911 ἄλλοις
492 4848 774 4901 πιστεύειν
796 4846 1039 4912 εὔλογον,
1077 4845 1251 4914 μόνοις
1273 4847 1326 4898 δὲ
1364 4848 1566 4910 τούτοις
1595 4851 1660 4901 ἀπ

1807 4854 2016 4910 quoque
2064 4839 2409 4906 scriptoribus
2442 4859 2454 4894 :
2487 4848 2578 4893 aut
2619 4841 2664 4894 si
2715 4856 2816 4894 non
2847 4839 2950 4900 his,
2993 4855 3060 4892 ne
3098 4839 3319 4906 reliquis

130 4927 337 4989 σξείν.
357 4940 458 4991 Καὶ
485 4939 600 5002 πῶς
630 4939 731 4990 οὐκ
765 4935 1018 5006 ἐμφανὴς
1041 4935 1070 4985 ὁ
1101 4934 1318 5001 φθόνοςς
1344 4939 1405 4988 Τί
1425 4937 1477 4989 δέ
1500 4954 1514 5003 ;
1536 4940 1585 4991 οἱ
1609 4956 1655 4992 κ‹

1804 4930 2032 4998 quidem.
2065 4929 2174 4981 Cur
2203 4929 2368 4991 enim,
2398 4931 2442 4983 si
2464 4931 2591 4984 solis
2620 4931 2702 4984 his
2732 4930 2861 4983 viris
2899 4927 3218 4984 detrahenda
3247 4930 3316 4983 sit

126 5011 537 5095 ⁴εῗηηιευδόμενοι
561 5025 657 5078 τοῦ
681 5021 1042 5081 Διδασκάλου,
1071 5021 1162 5071 καὶ
1184 5020 1248 5071 τά
1276 5020 1345 5090 μὴ
1369 5025 1619 5089 γεγονότα
1639 5043 1651 5068 η

1805 5020 1953 5084 ﬁdes,
1978 5033 2082 5072 non
2105 5019 2260 5072 etiam
2299 5020 2518 5089 reliquis
2551 5021 2800 5074 omnibus
2821 5057 2836 5081 ,
2869 5019 3174 5088 quicunque
3209 5035 3311 5074 un-

121 5094 348 5184 ⁸ὲοτῶν
367 5115 746 5184 παραδιδόντες
783 5112 1002 5179 γραφῇ,
1045 5105 1150 5178 ἆρα
1175 5110 1264 5161 καὶ
1290 5109 1356 5161 τὰ
1384 5111 1523 5180 πάθη
1578 5129 1646 5164 κα

1805 5123 1962 5178 quam
2001 5115 2092 5161 aut
2121 5108 2256 5177 apud
2279 5108 2510 5173 Graecos,
2542 5118 2632 5163 aut
2678 5108 2814 5176 apud
2843 5107 3116 5172 barbaros,
3153 5110 3307 5173 vitas,

91 5183 449 5268 ,Ϋξῖεύσαντο
502 5203 708 5265 αὐτοῦς
744 5200 849 5268 τὴν
892 5198 1016 5258 ἐνὸς
1047 5197 1183 5262 λέγω
1230 5197 1468 5266 μαθητῶν
1525 5217 1616 5267 πρε

1802 5203 1893 5250 aut
1922 5197 2204 5258 orationes,
2230 5203 2320 5250 aut
2342 5196 2715 5250 commentaria
2745 5195 3195 5263 conscripserunt,
3219 5212 3311 5250 co-

101 5265 304 5363 ξαν,
345 5293 431 5346 καὶ
461 5293 561 5363 τὴν
601 5291 715 5342 τῶν
753 5265 1114 5352 συκοφαντῶν
1145 5286 1473 5354 κατηγορίαν,
1515 5265 1626 5356 χλεε

1799 5300 1916 5340 rum
1937 5287 2024 5354 qui
2057 5287 2218 5342 variis
2245 5286 2566 5354 temporibus
2598 5285 2651 5337 in
2685 5283 2861 5351 aliquo
2880 5299 3072 5354 genere
3097 5285 3311 5340 virtutis

105 5354 235 5452 ξ
255 5381 325 5436 καὶ
347 5354 686 5452 διασυρμοὺς
717 5372 1029 5432 δικαστῶν,
1057 5370 1150 5431 τὰς
1175 5387 1230 5420 τε
1263 5370 1436 5440 ὕϐρεις
1607 5392 1630 5426 τ

1802 5381 1957 5444 atque
1983 5375 2155 5439 cilicii,
2182 5374 2550 5444 prestiterint?
2579 5381 2668 5426 aut
2692 5372 2739 5427 si
2775 5371 2908 5426 dicis
2945 5374 3063 5428 aliis
3094 5373 3308 5442 quidem

147 5443 344 5550 ’ἕως
361 5472 459 5535 τὰς
491 5443 642 5522 κατὰ
682 5459 1020 5532 προσώπου,
1065 5458 1318 5526 μάστιγάς
1347 5476 1402 5512 τε
1442 5462 1576 5514 κατὰ
1605 5462 1672 5517 νώ

1801 5443 2012 5521 credere
2057 5443 2264 5534 aequum
2309 5479 2465 5531 esse,
2498 5471 2551 5522 at
2603 5463 2685 5520 his
2736 5461 2862 5517 solis
2897 5477 2999 5518 non
3044 5461 3304 5518 credere:

200 5614 238 5657 ις
259 5646 443 5703 ηεαδ.
481 5657 603 5701 ιη.
637 5632 862 5694 15-19,
945 5629 988 5661 ⁷³
1016 5621 1142 5679 Ibid.
1169 5623 1258 5678 20.
1329 5623 1548 5686 7“Marc.
1572 5647 1672 5702 xiv,
1700 5634 1884 5691 6642.
