3862 6360
800 344 904 397 219

1419 341 1680 399 EUSEBII
1711 332 2178 404 CESARIENSIS
2209 348 2354 406 ore.
2388 351 2564 409 pnas
2600 354 2665 409 ιι.
2704 385 2771 396 -
2806 354 2944 412 Αι>οι

1647 344 1680 398 ιι
1711 332 2178 404 CESARIENSIS
2209 348 2354 406 ore.
2388 351 2564 409 pnas
2600 354 2665 409 ιι.
2704 385 2771 396 -
2806 334 3172 413 amoenum;

801 468 898 507 cur
921 465 1024 506 non
1045 449 1145 504 hoc
1169 450 1324 519 plane
1343 452 1407 506 ad
1426 452 1673 509 invidiam
1691 457 1973 513 referatur?
1986 458 2136 524 Quod
2158 461 2203 513 si
2225 461 2317 515 de-

2012 458 2136 524 luod
2158 461 2203 513 si
2225 461 2317 515 de-
2342 467 2388 522 Δ
2414 481 2524 530 του,
2545 467 2635 519 καὶ
2657 458 2745 520 τὸν
2769 464 2826 530 ἐξ
2847 467 3028 521 ἀκανθῶν
3049 468 3226 536 στέφανον
3248 464 3305 516 ἐπ’
3322 462 3476 533 ἀτιμία
3497 479 3537 515 πι

801 558 920 597 mus
941 540 1058 593 illos
1086 539 1151 593 de
1170 538 1494 610 Przeceptore
1522 543 1685 600 fuisse
1715 547 1988 610 mentitos,
2010 555 2063 600 et
2082 562 2197 616 qua:
2225 548 2313 603 ille

799 644 1066 697 nunquam
1093 629 1275 684 fecerit
1297 631 1508 700 scriptis
1528 634 1640 689 suis
1659 637 1982 704 complexos,
2006 652 2131 690 num
2152 637 2313 691 etiam

797 719 863 771 de
895 717 962 771 iis
988 720 1254 783 mentitos,
1292 736 1409 789 quae
1437 722 1574 776 idem
1604 737 1792 793 passus
1819 734 1919 788 est,
1952 725 2080 780 dare
2122 741 2312 795 possu-

795 806 953 861 mus?
972 806 1094 860 dico
1121 816 1293 861 autem
1326 810 1390 864 de
1421 813 1578 866 unius
1603 828 1667 866 ex
1691 814 1964 882 discipulis
1989 815 2308 883 proditione,

792 894 859 948 de
897 893 1181 949 calumniis
1205 898 1622 964 criminantium,
1656 901 1722 956 de
1753 903 1998 958 ludibriis
2026 911 2078 958 et
2108 905 2311 959 irrisio-

792 983 953 1038 nibus
971 984 1231 1051 judicum,
1268 987 1333 1041 de
1364 992 1719 1055 contumeliis,
1751 993 1817 1047 de
1846 994 2040 1050 ictibus
2073 996 2127 1048 in
2153 995 2306 1061 facie,

791 1071 1114 1142 ﬂagellisque
1143 1076 1194 1127 in
1227 1086 1372 1146 tergo
1404 1098 1415 1132 :
1448 1080 1514 1134 de
1547 1095 1744 1135 corona
1774 1084 1972 1152 spinea,
1990 1100 2107 1153 quae
2135 1085 2209 1139 illi
2243 1086 2309 1140 ad

793 1159 1133 1227 ignominiam
1162 1156 1407 1231 imposita
1437 1175 1519 1220 est
1545 1186 1558 1221 :
1586 1170 1651 1222 de
1672 1185 1939 1239 purpureo
1968 1173 2305 1237 vestimento,

793 1250 933 1315 quod
963 1249 1132 1303 instar
1156 1252 1447 1324 chlamydis
1470 1256 1543 1309 illi
1572 1258 1953 1313 circumdatum
1980 1270 2062 1316 est
2093 1281 2105 1316 :
2131 1263 2197 1318 de
2218 1264 2308 1317 illo

789 1338 907 1406 ipso
935 1340 1159 1409 denique
1179 1357 1387 1398 crucem
1416 1348 1567 1415 quasi
1598 1359 1852 1420 tmpaeum
1882 1354 2093 1423 aliquod
2123 1355 2307 1412 hume-

790 1428 869 1482 ris
894 1438 1151 1498 gestante,
1202 1443 1251 1486 et
1292 1435 1346 1488 in
1379 1451 1439 1489 ea
1489 1438 1672 1502 inﬁxo,
1704 1443 1946 1499 manibus
1978 1445 2307 1515 pedibusque

788 1517 1042 1585 trajectis,
1076 1520 1141 1574 de
1167 1529 1318 1576 aceto
1339 1527 1476 1592 quod
1507 1527 1580 1581 illi
1612 1537 1768 1597 potus
1797 1532 1914 1586 loco
1933 1544 2300 1604 porrexerunt,

787 1603 856 1657 de
884 1606 1143 1661 arundine
1172 1625 1275 1678 qua
1305 1611 1447 1667 illius
1473 1621 1706 1684 tempora
1737 1603 2062 1689 pereusSere,
2090 1625 2156 1679 de
2175 1640 2304 1679 cou-

2411 552 2624 623 θέμενον
2647 556 2807 625 αὐτῷ,
2840 557 3042 625 φοινικοῦν
3058 575 3099 611 τε
3122 555 3263 627 χιτῶνα
3279 556 3316 608 ὲν
3331 553 3542 625 χλαμύδος

2413 660 2538 712 ματι
2587 646 2963 715 περιϐληθέντα,
2996 649 3060 700 καὶ
3096 647 3201 708 τέλος
3238 645 3352 698 αὐτὸν
3383 644 3491 698 αὐτὸ
3521 661 3542 696 τ

2410 732 2635 801 σταυροῦ
2666 734 2910 804 τρόπαιον
2944 734 3237 803 ὲπικομῐζοντα·
3270 735 3313 785 ὲν
3343 732 3493 802 τούτῳ
3527 751 3546 785 ἰ

2408 817 2682 888 γνύμενον,
2728 821 2818 873 καὶ
2868 823 3009 890 χεῖρας
3044 822 3110 873 καὶ
3141 820 3266 881 πόδας
3307 820 3544 888 καταπετρέ

2406 908 2513 974 ὄξει
2563 927 2621 962 τε
2663 910 2995 980 ποτιζόμενον,
3027 910 3093 963 καὶ
3128 909 3346 978 παιόμενον
3386 907 3512 962 κατὰ

2407 999 2659 1068 καλάμῳ,
2714 1000 2806 1051 καὶ
2868 996 2976 1068 πρὸς
3006 997 3082 1050 τῶν
3120 996 3311 1067 ὁρώντων
3355 996 3548 1059 ὁνειδιζό

2419 1085 2571 1138 Ἀλλὰ
2600 1086 2704 1156 γὰρ
2734 1088 2823 1139 καὶ⁹
2858 1085 3010 1147 ταῦτα,
3043 1087 3110 1138 καὶ
3134 1086 3210 1137 ὅσα
3230 1084 3401 1147 τούτοις
3438 1102 3550 1149 συμι

2403 1177 2595 1244 ὁμοίως
2637 1176 2924 1231 πεπλάσθαι
2959 1178 3034 1247 χρὴ
3067 1177 3167 1246 πρὸς
3196 1175 3285 1228 τῶν
3328 1175 3468 1228 αὺτοῦ
3518 1195 3550 1247 μ

2403 1264 2436 1332 ἢ
2475 1265 2531 1317 ἐν
2577 1264 2779 1327 τούτοις
2840 1267 2928 1335 μὲν
2956 1267 3032 1336 χρὴ
3063 1264 3278 1317 πιστεύειν
3305 1264 3465 1328 αὐτοῖς
3493 1266 3550 1327 ὣς

2405 1355 2628 1417 στάτοις,
2663 1356 2718 1405 ὲν
2756 1354 2811 1406 δὲ
2848 1357 2946 1416 τοῖς
2977 1354 3174 1418 ὲπιδόξοις
3201 1354 3281 1406 καὶ
3329 1356 3550 1428 σεμνοτεε

2405 1447 2560 1500 στεῖν.
2589 1446 2693 1498 Καὶ
2725 1445 2882 1498 πόθεν
2908 1446 2956 1498 τὸ
2982 1447 3076 1516 περὶ
3096 1447 3254 1508 αὐτοὺς
3282 1446 3501 1499 ὲναντὶον
3528 1448 3550 1500 δ

2404 1535 2682 1603 στήσεται;
2709 1536 2778 1588 Τὸ
2806 1536 2908 1606 γὰρ
2925 1536 3142 1607 ἀληθεύειν
3164 1537 3271 1599 τοὺς
3302 1537 3486 1602 αύτούς
3525 1558 3550 1608 τε

2401 1625 2455 1674 ὲν
2481 1624 2554 1692 τῷ
2574 1623 2715 1694 αύτῷ
2750 1624 3018 1694 ψεύδεσθαι,
3051 1626 3168 1678 οὐδέν
3208 1628 3346 1678 ἐστιν
3373 1625 3402 1695 ἢ
3428 1629 3550 1681 τὰνα

785 1692 937 1747 viciis
978 1710 1095 1764 quae
1132 1697 1184 1750 in
1236 1699 1383 1753 illum
1438 1717 1467 1755 a
1500 1708 1861 1773 spectantibus
1899 1711 2100 1780 jactata
2143 1716 2302 1768 sunt?

2024 1721 2100 1765 tta
2143 1716 2302 1768 sunt?
2328 1775 2366 1785 _
2400 1712 2457 1764 τὸ
2495 1713 2621 1765 αὐτὸ
2673 1716 2794 1783 περὶ
2833 1714 2929 1767 τῶν
2963 1715 3101 1770 αὐτῶν
3137 1718 3312 1785 λέγειν.
3348 1720 3438 1782 Τίς
3472 1719 3549 1775 οὒκ

789 1782 941 1853 123
974 1785 1042 1838 At
1068 1789 1208 1841 enim
1251 1798 1304 1843 et
1335 1790 1466 1856 lucc,
1496 1802 1549 1848 et
1579 1775 1915 1867 quaecunque
1952 1803 2055 1855 alia
2103 1804 2170 1858 de
2204 1804 2299 1860 illo

2026 1818 2055 1855 a
2103 1804 2170 1858 de
2204 1804 2299 1860 illo
2328 1775 2370 1830 Β
2398 1803 2637 1873 ἐλεγχος;
2667 1808 2713 1857 εἰ
2742 1775 2849 1876 τὰρ
2875 1807 2931 1877 δὴ
2955 1775 3215 1863 πλάττεσθαι
3242 1775 3549 1874 αὐτοῖς-σκο·

785 1868 870 1924 his
903 1872 1096 1925 similia
1127 1874 1386 1939 feruntur,
1422 1890 1513 1934 aut
1542 1881 1659 1937 ficta
1681 1899 1800 1941 esse
1822 1895 2028 1955 oportet
2061 1891 2128 1945 ab
2157 1892 2300 1947 illius

785 1957 1079 2027 discipulis,
1115 1975 1204 2016 aut
1246 1965 1297 2018 in
1331 1966 1413 2021 his
1452 1970 1663 2037 quidem
1698 1981 1950 2044 tanquam
1984 1979 2297 2044 verissimis,

785 2047 891 2103 illis
923 2053 1243 2107 credendum
1284 2065 1385 2117 est,
1421 2061 1474 2112 in
1521 2063 1738 2131 reliquis
1775 2081 1920 2128 vero,
1963 2084 2080 2136 qua:
2110 2070 2301 2124 clario—

783 2151 896 2190 rem
945 2139 1091 2193 illum
1150 2146 1690 2220 venerabilioremque
1736 2155 1981 2220 reddunt,
2019 2173 2125 2212 non
2179 2175 2298 2214 cre-

782 2225 1036 2282 dendum.
1068 2229 1170 2284 Sed
1205 2233 1313 2288 haec
1334 2236 1399 2291 de
1425 2239 1610 2293 iisdem
1635 2242 1736 2297 sibi
1756 2244 1857 2313 ipsi
1887 2250 2154 2304 contraria
2186 2252 2301 2320 opi-

782 2313 891 2379 nio,
939 2319 1076 2372 unde
1116 2322 1549 2381 confirmabitur?
1586 2329 1769 2387 Dicere
1804 2336 1944 2387 enim
1982 2338 2194 2393 eosdem
2234 2341 2300 2395 de

781 2404 988 2467 eodem,
1022 2414 1075 2460 et
1099 2424 1217 2462 vera
1259 2413 1481 2490 prodere
1508 2425 1560 2469 et
1592 2422 1820 2485 mentiri,
1856 2425 1987 2477 nihil
2017 2427 2160 2480 aliud
2196 2438 2296 2493 est,

783 2495 888 2547 nisi
919 2501 1187 2552 contraria
1243 2502 1296 2554 in
1331 2505 1512 2557 eodem
1552 2507 1617 2561 de
1660 2510 1847 2565 iisdem
1897 2515 2056 2567 rebus
2096 2515 2293 2573 dicere.

783 2581 1056 2646 Quomodo
1085 2588 1195 2641 haec
1217 2593 1549 2646 refellentur?
1580 2597 1632 2648 Si
1657 2599 1794 2651 enim
1821 2600 1920 2654 hoc
1941 2603 2047 2657 illis
2069 2605 2296 2674 fingendi

782 2675 1106 2740 propositum
1150 2676 1276 2741 fuit,
1308 2687 1365 2733 ut
1400 2684 1687 2740 mendaciis
1730 2703 1887 2749 suum,
1921 2703 2296 2762 praeceptorem

781 2769 1049 2824 ornarent,
1083 2779 1178 2818 cur
1214 2767 1287 2819 illi
1317 2784 1378 2822 ea
1400 2809 1413 2832 ,
1444 2786 1559 2840 quae
1588 2775 1743 2830 modo
1773 2777 2002 2834 diximus
2034 2783 2296 2852 ascripse-

780 2850 939 2901 runt?
969 2859 1060 2903 aut
1099 2867 1196 2905 cur
1232 2860 1458 2924 posteris
1494 2862 1817 2926 indicarunt,
1859 2868 2000 2935 quod
2033 2878 2085 2923 et
2126 2850 2295 2926 tristis

781 2937 960 3002 fuerit,
1003 2949 1055 2993 et
1094 2943 1247 2997 tardio
1292 2947 1529 3011 aﬂ‘ectus,
1568 2960 1620 3004 et
1662 2954 1839 3009 animo
1890 2958 2166 3013 turbatus?
2205 2970 2295 3015 aut

779 3029 921 3095 quod
970 3030 1069 3098 ipsi
1113 3033 1259 3088 illum
1307 3037 1636 3094 deseruerint
1673 3050 1831 3112 atque
1890 3046 2151 3102 abierint?

2395 1893 2568 1960 λόγοις
2602 1896 2815 1962 ψευδέσι
2846 1897 2928 1951 τὸν
2948 1898 3211 1952 Διδάσκαλον
3243 1907 3488 1970 κοσμεῖν,
3522 1924 3550 1958 ο

2396 1982 2572 2045 αὐτοῖς
2593 1984 2660 2036 τὰ
2692 1987 3024 2056 προειρημένα
3058 1989 3389 2061 κατέγραφον,
3417 1995 3527 2047 οὐδ’

2395 2075 2502 2135 τοῖς
2544 2074 2675 2142 μετὰ
2718 2075 2884 2129 ταῦτα
2923 2076 3193 2147 ἀνθρώποις,
3235 2082 3315 2134 ὅτι
3360 2083 3427 2154 δὴ
3479 2087 3542 2137 ὲλ

2396 2160 2663 2229 ἠδημόνει,
2691 2164 2780 2215 καί
2806 2168 3070 2235 τετάρακτο
3096 2168 3178 2237 τὴν
3207 2169 3401 2240 ψυχὴν,
3441 2175 3527 2226 ὃτι

2397 2250 2740 2314 ἀπολιπόντες
2765 2252 3031 2325 ᾤχοντο’ἣ
3063 2258 3131 2309 ὅτι
3167 2260 3192 2309 ὁ
3230 2259 3448 2316 πάντων
3493 2283 3542 2316 αξ

2395 2342 2641 2410 κριμένος
2675 2344 2953 2407 ἁπόστολός
2989 2363 3039 2398 τε
3069 2348 3151 2401 καὶ
3187 2350 3434 2423 μαθητὴς
3484 2357 3542 2407 αἱ

2397 2429 2634 2497 βασάνων
2666 2434 2817 2496 ἐκτὸς
2847 2436 2936 2487 καὶ⁴
2963 2437 3250 2507 ὰρχοντικῆς
3284 2442 3529 2513 ἀπειλῆς

2395 2520 2711 2589 ἐξωμόσατο.
2747 2523 2923 2576 Ταῦτα
2964 2526 3057 2597 γὰρ
3097 2528 3189 2580 κᾶν
3226 2528 3409 2585 ἄλλων
3466 2535 3539 2587 λε

2392 2609 2649 2678 δήπουθεν
2681 2612 2946 2681 ἀρνεῖσθαι
2972 2618 3083 2678 τοὺς
3106 2618 3247 2670 οὐδὲν
3278 2620 3415 2675 ἄλλο
3449 2627 3492 2696 ἦ
3525 2645 3540 2697 τ

2394 2699 2684 2769 σεμνότερα
2703 2700 2777 2769 τῷ
2803 2702 3085 2776 διδασκάλῳ
3106 2710 3540 2781 προτεθειμένοι

2391 2786 2567 2856 λήθεις
2601 2791 2657 2840 ὲν
2687 2793 2794 2852 τοῖς
2827 2793 2982 2844 αὑτοῦ
3013 2797 3349 2868 σκυθρωποῖς
3394 2802 3536 2875 διηγ

2391 2892 2496 2941 ται,
2527 2878 2655 2931 πολὺ
2692 2880 2882 2947 μᾶλλον
2915 2884 2969 2935 ὲν
2996 2887 3101 2946 τοῖς
3131 2887 3525 2963 ὲνδοξοτέροις

2390 2980 2488 3016 τοι.
2529 2965 2662 3027 Τοὺς
2692 2967 2795 3036 γὰρ
2816 2970 2955 3034 ἅπαξ
2993 2971 3284 3039 ψεύδεσθαι
3325 2984 3540 3052 προελ‹

2202 3060 2292 3105 aut
2317 3086 2360 3143 α
2393 3056 2536 3125 πήρα
2568 3058 2699 3126 χρῆν
2730 3059 2921 3127 μᾶλλον
2949 3063 3200 3131 ἐκφυγεῖν
3241 3069 3379 3137 ἤτοι.
3434 3074 3540 3129 διὰ

778 3115 919 3182 quod
950 3118 1039 3187 qui
1072 3123 1316 3177 omnibus
1344 3125 1471 3192 ipsis
1494 3132 1805 3197 prrepositus
1834 3131 2003 3187 fuerat
2020 3139 2288 3203 apostolus

778 3205 920 3228 ειη---
972 3216 1014 3228 ,.
1250 3213 1261 3228 .
1359 3214 1396 3228 η
1437 3226 1443 3228 Α

2020 3139 2288 3203 apostolus
2317 3115 2360 3143 υ
2389 3115 2484 3216 τῆς
2516 3115 2638 3216 περὶ
2657 3115 2837 3201 ἀὐτῶν
2875 3115 3191 3221 ἀρνήσεως,

777 3205 942 3268 illius,
966 3216 1018 3261 et
1039 3209 1330 3279 discipulus
1358 3214 1565 3281 Petrus,
1599 3220 1758 3276 nullis
1781 3236 1950 3291 neque
1989 3228 2286 3290 tormentis,

777 3310 951 3366 neque
1004 3302 1294 3368 tyrannicis
1344 3306 1543 3371 minis,
1595 3316 1675 3363 ter
1723 3311 1869 3365 illum
1920 3315 2290 3382 abjuraverit?

778 3382 899 3439 Haec
925 3388 1064 3441 enim
1094 3397 1147 3442 et
1176 3391 1218 3445 si
1243 3393 1331 3446 alii
1359 3394 1636 3461 dixissent,
1658 3400 1898 3469 neganda
1930 3404 1996 3458 ab
2022 3404 2089 3459 iis
2111 3413 2289 3461 tamen

778 3473 945 3553 fuere,
984 3476 1073 3543 qui
1112 3479 1242 3533 nihil
1271 3481 1410 3534 aliud
1440 3484 1540 3539 sibi
1570 3485 1625 3540 in
1663 3489 1944 3545 scribendo
1982 3495 2288 3562 proposuis-

777 3567 914 3623 sent,
947 3562 1050 3616 nisi
1082 3568 1139 3616 ιιι
1173 3569 1519 3622 reverentiam
1553 3574 1862 3641 praeceptori
1899 3577 2285 3645 compararent.

774 3648 926 3715 Quod
953 3653 998 3705 si
1024 3654 1240 3708 veridici
1274 3655 1325 3709 in
1351 3658 1673 3714 tristioribus
1694 3660 1759 3717 de
1784 3663 1875 3717 illo
1895 3667 2288 3723 narrationibus

774 3738 1038 3805 videntur,
1069 3756 1165 3795 cur
1213 3750 1319 3798 non
1354 3747 1406 3800 in
1450 3748 1513 3802 iis
1540 3750 1684 3812 item,
1729 3767 1845 3821 quae
1887 3755 2138 3820 laetitiam,
2178 3758 2289 3826 glo-

773 3828 1013 3899 riamque
1032 3831 1246 3896 habent,
1277 3838 1444 3890 multo
1464 3840 1651 3908 magis,
1677 3856 1835 3910 quam
1862 3843 1963 3898 sibi
1992 3845 2127 3912 ipsis
2159 3861 2288 3901 con—

774 3919 968 3973 trarii?
1001 3919 1129 3974 Nam
1155 3924 1346 3990 quibus
1375 3943 1535 3981 unum
1569 3932 1894 4000 propositum
1943 3933 2099 3989 fuerit
2138 3952 2290 3993 men-

774 4006 961 4070 tiendi,
998 4008 1155 4063 abiis
1188 4014 1230 4064 si
1269 4030 1372 4082 qua
1409 4016 1700 4083 offendunt,
1742 4036 1806 4075 ea
1852 4022 1906 4075 in
1955 4024 2161 4093 primis,
2196 4036 2288 4083 aut

776 4097 1033 4165 praeteriri
1065 4102 1339 4166 Oportebat
1367 4106 1597 4169 silentio,
1630 4116 1720 4162 aut
1746 4110 1793 4164 si
1832 4111 1882 4164 ιιι
1920 4127 2023 4165 non
2044 4122 2284 4182 poterat,

775 4186 1054 4253 negatione
1081 4188 1269 4245 refelli.
1299 4191 1428 4257 Quis
1456 4196 1596 4249 enim
1636 4199 1775 4267 apud
1816 4208 2054 4267 posteros
2086 4218 2148 4257 ea
2170 4221 2288 4275 qua:

777 4272 1087 4338 tacuissent,
1121 4278 1503 4345 reprehendere
1524 4298 1757 4352 unquam
1780 4287 2082 4353 potuisset?
2105 4272 2209 4344 Sed
2239 4294 2283 4347 si

774 4361 984 4414 mentiri
1010 4363 1370 4430 decreverant,
1400 4384 1496 4422 cur
1532 4387 1636 4425 non
1675 4372 1801 4427 illud
1831 4390 2038 4445 quoque
2080 4382 2285 4436 mentiti
2314 4382 2358 4436 D

773 4458 916 4512 sunt,
962 4450 1151 4506 Judam
1192 4455 1282 4524 qui
1325 4459 1506 4513 osculo
1547 4461 1693 4515 illum
1747 4465 1982 4531 tradidit,
2024 4468 2182 4522 simul
2220 4484 2283 4524 ac

771 4542 1086 4610 proditionis
1113 4545 1320 4614 signum
1353 4550 1632 4605 ostendere
1663 4568 1825 4609 ausus
1855 4564 1957 4617 est,
1988 4556 2040 4611 in
2059 4558 2280 4628 lapidem

772 4643 893 4684 esse
913 4633 1265 4686 conversum?
1293 4644 1344 4688 et
1384 4638 1473 4704 qui
1510 4639 1711 4707 alapam
1757 4642 1828 4696 illi
1887 4644 2080 4700 inferre
2119 4662 2281 4702 ausus

772 4726 872 4777 est,
895 4717 1012 4786 ejus
1039 4718 1179 4772 illico
1207 4720 1444 4776 dextram
1478 4727 1718 4782 aruisse?
1742 4739 1793 4783 et
1818 4730 2069 4800 Caipham
2109 4736 2282 4803 ponti-

773 4804 946 4869 ﬁcem,
975 4814 1249 4875 propterea
1277 4809 1416 4878 quod
1452 4810 1599 4867 falsis
1629 4823 1812 4870 contra
1851 4819 1999 4874 illum
2045 4823 2282 4877 crimini-

771 4890 875 4945 bus
910 4897 1258 4958 consenSerit.
1303 4900 1474 4954 oculis
1514 4910 1724 4972 captum
1772 4906 1973 4965 fuisse?
2009 4911 2118 4966 Cur
2157 4926 2281 4967 vero

771 4994 877 5033 non
916 4996 1100 5040 omnes
1139 4988 1343 5042 mentiti
1381 4998 1524 5055 sunt,
1567 4992 1925 5063 significantes
1961 5000 2091 5054 nihil
2127 5002 2282 5069 plane

773 5065 847 5158 illi
880 5074 1019 5136 quod
1046 5077 1213 5142 possit
1241 5078 1505 5135 offendere
1528 5085 1805 5140 evenisse?
1832 5089 1923 5142 sed
1962 5065 2144 5158 ipsum-
2161 5090 2280 5158 qui-

772 5153 891 5206 dem
925 5164 1219 5225 evanuisse,
1234 5165 1512 5239 forumque
1535 5178 1588 5226 et
1604 5171 1803 5241 judicia
1831 5176 2039 5230 illorum
2061 5177 2280 5233 risisse?

773 5240 865 5307 qui
894 5256 1018 5297 vero
1054 5246 1200 5301 illum
1235 5260 1680 5326 comprehendere
1693 5262 1809 5317 ausi
1835 5262 2063 5330 fuerant,
2088 5264 2279 5318 divini-

773 5336 861 5380 tus
892 5329 1288 5395 illusos,contra
1310 5344 1454 5401 illum
1471 5365 1527 5405 se
1550 5365 1704 5422 agere
1718 5367 1834 5422 quae
1858 5362 2099 5422 egerunt.
2130 5361 2238 5407 iam
2253 5383 2271 5396 ’

774 5419 877 5472 etsi
945 5420 1035 5475 ille
1108 5436 1216 5477 non
1270 5431 1470 5502 aderat,
1530 5419 1853 5499 credidisse?
1892 5419 2029 5508 Quid
2082 5446 2279 5510 porro?

774 5507 957 5562 Nonne
1006 5511 1217 5580 graVius
1272 5517 1587 5597 digniusque
1641 5533 2017 5603 scripsissent,
2075 5507 2275 5587 nuilum

775 5599 927 5668 plane
967 5601 1253 5662 humanum
1298 5620 1385 5667 aut
1416 5620 1687 5679 mortalem
1725 5599 1927 5691 casum,
1967 5625 2110 5680 illum
2151 5624 2276 5680 sub-

2388 3234 2591 3302 ἐλέγξαι
2617 3236 2919 3307 δυναμένων
2965 3243 3036 3296 τὰ
3089 3252 3496 3318 σεσιγημένα.

2385 3334 2687 3402 ἐψεύσαντο,
2717 3340 2807 3390 καὶ
2851 3340 3084 3411 ἔφησαν,
3133 3346 3221 3399 ὃτι
3263 3350 3529 3420 Ἰούδας

2385 3425 2541 3478 αὐτὸν
2580 3425 2854 3498 φιλήματι,
2896 3431 3191 3503 τολμήσας
3232 3439 3305 3491 τὸ
3349 3444 3431 3496 σύ
3448 3449 3545 3516 με

2384 3514 2482 3583 τῆς
2517 3516 2813 3586 προδοσίας,
2858 3521 3249 3600 ἀπολιθωθεῑη
3305 3514 3548 3591 cinia:

2384 3602 2540 3657 αὐτὸν
2568 3604 2852 3676 τολμήσας,
2884 3609 3058 3682 ξηρὸς
3118 3623 3546 3693 παραχρῆμα

2387 3692 2499 3756 ξιάν
2517 3710 2531 3724 ⁸
2557 3697 2585 3746 ὁ
2605 3695 2648 3747 δ’
2673 3698 2956 3769 ἀρχιερεὺς
2991 3704 3314 3774 Καϊάφας,
3532 3720 3550 3771 ἒ

2385 3793 2500 3844 κατ’
2528 3792 2687 3847 αὑτοῦ
2714 3800 3118 3868 συκοφάνταις,
3159 3823 3251 3877 πη
3262 3811 3548 3889 ρωῦείη

2383 3880 2439 3933 δὲ
2472 3881 2542 3951 μὴ
2570 3882 2854 3950 ἐψεύσαντο
2885 3889 3140 3958 πάντες,
3187 3897 3288 3949 ὅτι
3336 3880 3549 3973 μηδὲ

2385 3980 2489 4041 θῶς
2528 3983 2652 4053 περὶ
2703 3986 2861 4041 αὑτὸν
2914 3991 3236 4063 γέγονεν;
3288 4001 3494 4056 Ἀλλ’

2382 4071 2744 4137 καταγελάσας
2788 4077 2976 4130 αὐτῶν
3021 4084 3139 4135 τοῦ
3202 4085 3538 4167 Bucca-tr,

2383 4158 2637 4223 λεύοντες,
2666 4162 2767 4215 ὑπὸ
2794 4171 3147 4235 φαντασίας
3185 4158 3550 4245 θεηλάτοξ.

2383 4249 2494 4313 γείν
2525 4250 2638 4299 κατ’
2658 4250 2817 4303 αύτοῦ
2847 4254 2922 4324 μὴ
2964 4260 3321 4329 παρόντος
3362 4268 3547 4325 ὲδόγ

2381 4331 2448 4405 ἦν
2480 4337 2791 4408 σεμνότερον
2817 4342 2910 4395 τοῦ
2945 4347 3441 4421 πλάττεσθαι,
3490 4362 3543 4413 'o’

2384 4426 2479 4493 τὴς
2507 4423 2674 4496 ἔργων
2699 4430 3045 4497 παραδόξων
3078 4439 3382 4507 γέγονε,
3444 4449 3548 4500 τὲ

2388 4515 2480 4583 μὲν
2506 4515 2848 4584 ἀνθρώπινον,
2880 4523 3053 4592 μηδὲ
3093 4525 3370 4601 θνητὸν
3414 4554 3533 4590 πε

2384 4603 2486 4673 θέῳ
2523 4604 2579 4657 δὲ
2624 4605 2841 4677 δυνάμει
2868 4612 2941 4664 τὰ
3013 4617 3277 4674 πάντα.
3349 4641 3523 4682 κατ

2382 4696 2632 4765 οὐρανοὺς
2662 4698 2913 4754 ἐπάνοδον
2955 4708 3158 4774 μετὰ
3216 4710 3524 4789 Θειοτέε

2381 4783 2439 4835 ού
2484 4784 2587 4854 γὰρ
2620 4786 2682 4856 δὴ
2728 4789 2938 4856 τούτοις
2990 4797 3360 4856 ἀπιστεῖν
3437 4783 3504 4878 ἔξ

2382 4883 2553 4936 αὐτῶν
2583 4884 2855 4958 διηγήσεσι
2887 4903 3486 4960 πεπιστευκότες

2378 4973 2625 5042 ἀληθείας
2654 4979 2711 5030 ὲν
2747 4984 2855 5045 τοῖς
2889 4985 3474 5056 ἀπεμτροιίνουστ

2382 5065 2776 5134 ραχαράξαντες
2808 5073 2922 5138 πῶς
2966 5076 3113 5132 οὐκ
3155 5080 3255 5134 ἂν
3304 5079 3456 5139 etsi

2380 5163 2516 5253 ποῖς,
2548 5157 2627 5227 οἷς
2657 5168 3096 5244 ἐμαρτύρησαν
3169 5180 3399 5253 αὐτῷ

2379 5249 2529 5314 ἐκτὸς
2560 5254 2808 5327 ὑπονοίας
2859 5265 3311 5325 καθεστάναι

2379 5339 2412 5407 ἡ
2440 5339 2602 5397 τῶνδε
2626 5354 2879 5423 τυγχάνει
2913 5358 3089 5430 περὶ
3123 5359 3263 5415 τοῦ
3304 5364 3407 5419 Συ

2378 5437 2524 5493 οὐδὲν
2555 5440 2612 5496 δὲ
2642 5447 2756 5509 οἷον
2779 5456 2842 5512 ὲκ
2867 5460 3297 5535 περιουσίας
3340 5484 3392 5520 κ

2379 5538 2803 5639 σξλπίθξ-μάρτνρι
2831 5563 3257 5639 χρήσασθαι,
3314 5567 3380 5623 ὃς

2378 5630 2474 5690 τῆς
2514 5630 3370 5730 ’Ῑουδαέκῆξλτίρχαιοιιργ
