3862 6346
105 495 187 559 ‘3‘
1143 461 1769 522 DEMONSTRATIONlS
1804 451 2254 516 EVANGELICA‘J
2279 452 2407 511 LIB.
2445 453 2533 509 ιη.
3271 453 3377 510 222

123 626 195 667 ω
246 560 465 667 αςάνως
501 565 798 642 ιστορῶν,
853 578 1147 655 μέμνηται
1187 585 1278 638 τοῦ
1318 584 1560 655 Σωτῆρος
1600 582 1751 653 ἡμῶν

1852 579 2010 637 iisse?
2037 589 2213 631 verum
2247 574 2343 629 ubi
2370 574 2424 629 vi
2463 574 2640 629 divina
2670 588 2759 628 res
2789 589 2973 629 omnes
3012 588 3137 629 suas
3178 574 3377 628 contir-

486 747 497 748 ί
1858 676 2079 734 masset,
2109 675 2224 723 tum
2271 666 2327 721 in
2375 666 2569 721 cretum
2611 664 2893 735 gloriosius
2921 663 3259 732 diviniusque
3287 680 3381 719 re-

151 746 411 834 εδ.ύόεεῖ
467 747 648 807 Certe
698 752 826 812 hoc
887 762 1074 817 multo
1142 764 1395 834 majorem
1421 765 1811 821 venerationem
1860 765 2255 833 comparasset,
2286 774 2446 828 quam
2496 757 2724 827 fingere,
2754 757 2822 810 ab
2867 756 2957 810 illo
2999 770 3062 810 ea
3117 753 3377 810 miracula

174 860 306 918 ωε
327 854 442 908 quae
466 844 781 903 novimus?
816 850 996 922 124
1044 867 1217 923 neque
1238 854 1377 909 enim
1428 854 1511 909 his
1550 855 1752 911 creditu

1852 870 1942 911 ton
1965 854 2193 914 fuerant,
2236 850 2328 919 qui
2389 848 2595 903 caeteris
2624 846 2931 902 eorumdem
2981 845 3379 900 narrationibus

188 945 333 999 ηοω
373 930 643 989 habuere.
716 935 838 1002 Qui
890 940 1065 1010 igitur
1132 941 1188 995 in
1226 941 1293 997 iis
1337 957 1455 1012 qua:
1485 942 1717 997 dedecus
1760 943 1955 996 habent
1999 948 2155 1009 atque
2217 936 2511 999 tristitiam,
2545 936 2819 988 veritatem
2864 948 3203 999 corrumpere
3258 928 3379 987 ausi

208 1048 305 1087 non
322 1033 462 1090 sunt,
488 1042 586 1081 cur
611 1043 731 1083 non
777 1030 842 1086 in
890 1034 1121 1103 reliquis
1158 1049 1390 1104 quoque,
1430 1050 1547 1105 quae
1585 1035 1652 1090 de
1698 1036 1789 1089 illo
1826 1035 2156 1104 protulerunt
2198 1029 2343 1101 digni
2387 1029 2667 1092 habentur,
2712 1027 2908 1096 quibus
2948 1026 3149 1093 absque
3200 1019 3376 1090 suspi-

222 1116 624 1173 ciooefalsitatis
677 1120 990 1185 credatur,
1043 1121 1204 1178 etiam
1267 1124 1314 1179 si
1354 1124 1609 1179 miracula
1659 1123 2039 1178 narraverint?
2094 1134 2221 1190 ergo
2265 1119 2390 1173 licet
2438 1117 2623 1170 talium
2674 1117 2949 1171 hominum
2987 1113 3053 1167 de
3102 1112 3377 1165 Salvatore

224 1216 380 1264 nostro
416 1208 828 1275 testimonium,
865 1212 1033 1267 nobis
1071 1213 1288 1269 abunde
1340 1215 1646 1271 satisfacere
1694 1214 1885 1270 debeat
1919 1255 1933 1279 ,
1992 1220 2175 1292 tamen
2233 1210 2367 1264 nihil
2403 1224 2489 1263 me
2525 1215 2716 1279 prreter
2750 1207 3078 1276 propositum
3117 1204 3378 1257 facturum

222 1298 443 1360 arbitror,
473 1298 521 1352 si
560 1300 728 1368 quasi
758 1315 832 1355 ex
874 1302 1207 1357 abundantia
1249 1303 1510 1372 quadam,
1545 1304 1751 1360 Hebraei
1787 1318 1998 1373 quoque
2020 1300 2237 1369 Iosephi
2260 1299 2566 1354 testimonio
2596 1308 2746 1360 utar,
2799 1298 2889 1365 qui
2927 1296 2981 1349 in
3028 1294 3236 1367 decimo
3285 1306 3379 1344 oc-

110 1465 123 1481 .
214 1399 322 1446 tam
354 1390 591 1446 Iudaica:
636 1392 996 1463 Antiquitatis
1052 1397 1210 1461 libro,
1233 1396 1389 1452 Pilati
1432 1407 1669 1469 tempora
1696 1398 1751 1453 in
1791 1398 2065 1453 historiam
2095 1410 2245 1452 suam
2274 1394 2532 1458 referens,
2576 1393 2642 1447 de
2693 1390 2965 1445 Salvatore
2992 1396 3180 1442 nostro
3236 1399 3382 1439 men-

206 1484 391 1538 tionem
417 1483 570 1549 facit,
609 1482 706 1540 his
736 1485 950 1542 verbis.

529 1591 836 1658 Ἰωσήπου
863 1595 995 1660 περὶ
1023 1594 1127 1649 τοῦ
1152 1597 1423 1663 Χριστοῦ.

257 1718 280 1752 r
313 1700 527 1754 Γίνεται
572 1700 634 1753 δὲ
672 1703 796 1754 κατ’
828 1704 1031 1757 ἐκεῖνον
1071 1705 1159 1758 τὸν
1197 1706 1385 1777 χρόνον
1429 1705 1629 1776 Ἰησοῦς
1666 1722 1752 1758 σο-

176 1789 279 1856 φὸς
306 1791 465 1862 ἀνὴρ,
490 1790 613 1858 εἴγε
647 1791 824 1863 ἄνδρα
850 1793 1011 1846 αὑτὸν
1034 1793 1207 1861 λέγειν
1240 1798 1363 1867 χρή.
1383 1792 1488 1850 Ἦν
1514 1795 1620 1867 γὰρ
1652 1813 1753 1849 πα-

173 1878 416 1948 ραδόξων
462 1880 649 1950 ἔργων
685 1882 937 1951 ποιητὴς,
978 1881 1287 1949 διδάσκαλος
1327 1884 1620 1956 ἀνθρώπων
1654 1885 1749 1937 τά-

2337 1587 2549 1656 Iosephi
2569 1586 2631 1639 de
2653 1585 2878 1640 Christo.

1925 1724 1944 1757 ι
1982 1704 2205 1759 Exsistit
2232 1716 2327 1772 per
2355 1700 2493 1755 idem
2522 1705 2731 1768 tempus
2770 1696 2924 1751 Jesus
2953 1697 3166 1766 sapiens
3193 1698 3293 1760 vir,
3330 1696 3376 1753 si

1849 1795 2007 1850 modo
2035 1796 2207 1848 ‘virum
2240 1806 2360 1847 eum
2391 1790 2570 1845 dicere
2591 1795 2820 1857 oportet,
2846 1787 3041 1855 quippe
3072 1788 3161 1857 qui
3194 1801 3379 1841 earum

1847 1900 2026 1940 rerum
2049 1891 2244 1937 auctor
2268 1881 2447 1943 fuerit,
2475 1894 2593 1949 qua:
2612 1879 2895 1931 humanam
2924 1876 3077 1929 fidem
3102 1883 3378 1946 superant.

167 1965 322 2060 ληθῇ
778 1970 874 2021 καὶ
914 1969 1135 2034 πολλοὺς
1169 1972 1266 2040 μὲν
1309 1971 1402 2025 τοῦ
1447 1971 1750 2036 Ἰουδαϊκοῦ,

1852 1968 2079 2028 Docebat
2111 1986 2271 2042 porro
2297 1971 2383 2023 hic
2427 1968 2690 2030 homines,
2723 1968 2767 2021 si
2809 1983 2943 2036 quos
2983 1967 3224 2021 veritatis
3263 1974 3378 2021 stu-

165 2057 405 2122 πολλοὺς
426 2058 482 2111 δὲ
503 2058 602 2111 καὶ
631 2057 948 2127 Ἑλληνικοῦ
973 2060 1295 2129 ἐπηγάγετοσ
1312 2062 1341 2112 ό
1358 2060 1581 2131 Χριστὸς
1602 2054 1754 2124 οὗτος

158 2142 232 2215 ἦν
268 2147 378 2217 (Ι),
417 2149 513 2200 καὶ
555 2145 744 2199 αὐτῶν
784 2146 1124 2212 ὲνδείξειτῶν
1156 2150 1283 2218 παρ’
1327 2150 1456 2218 ἡμῖν
1489 2146 1753 2215 ἀρχόντων

159 2237 399 2306 σταυρῷ
443 2236 903 2305 ἐπιτετιμηκότος
951 2236 1199 2302 Πιλάτου,
1234 2237 1332 2289 οὐκ
1378 2236 1674 2289 ἐπαύσαντο
1704 2236 1753 2289 οἱ

157 2321 225 2373 τὸ
256 2324 482 2393 πρῶτον
510 2324 928 2394 ἀγαπήσαντες.
969 2324 1167 2395 Ἐφάνη
1212 2325 1317 2398 γὰρ
1351 2327 1528 2390 αὐτοῖς
1572 2326 1753 2397 τρίτην

157 2411 392 2480 ἡμέραν
442 2413 609 2466 πάλιν
656 2414 787 2477 ζῶν,
824 2413 931 2466 τῶν
973 2414 1128 2470 θείων
1166 2418 1452 2487 προφητῶν
1493 2417 1659 2472 ταῦτά
1694 2435 1752 2470 τε

156 2503 268 2553 καὶ
313 2503 451 2556 ἄλλα
490 2505 666 2574 μυρία
711 2504 842 2574 περὶ
869 2504 1033 2557 αὐτοῦ
1070 2507 1378 2576 εἰρηκότων.
1410 2507 1566 2560 Ὅθεν
1593 2509 1752 2561 εἰσέτι

160 2589 271 2642 νῦν
304 2594 414 2646 ἀπὸ
442 2593 597 2645 τοῦδε
648 2593 759 2645 τῶν
806 2594 1140 2662 Χριστιανῶν
1184 2596 1280 2647 οὐκ
1324 2596 1538 2648 ἐπέλιπε
1566 2597 1623 2650 τὸ
1651 2596 1751 2664 φῦ·

161 2679 297 2735 λον-
335 2703 353 2734 ι
381 2685 446 2736 Ei
467 2685 653 2737 τοίνυν
687 2684 781 2736 καὶ
812 2685 951 2737 κατά
982 2686 1073 2737 τδν
1099 2686 1361 2755 ἱστορικὸν
1385 2692 1749 2757 μαρτυρεῖται,

164 2771 235 2823 οὐ
276 2776 442 2844 μόνον
487 2777 618 2837 τοὺς
656 2774 870 2827 δώδεκα
903 2776 1256 2841 ἀποστόλους,
1294 2779 1409 2832 οὐδὲ
1451 2779 1573 2841 τοὺς
1610 2779 1754 2831 E660—

171 2861 433 2929 μήκοντα
469 2863 723 2932 μαθητὰς
775 2862 1194 2933 ἐξῳκειωμένος,
1224 2865 1357 2919 ἀλλά
1406 2865 1622 2927 πολλοὺς
1657 2867 1752 2935 μὲν

169 2950 279 3001 τοῦ
321 2954 630 3011 Ἰουδαϊκοῦ,
658 2954 890 3017 πολλοὺς
928 2953 985 3005 δὲ
1011 2953 1102 3005 τοῦ
1144 2954 1446 3025 Ἑλληνικοῦ
1491 2956 1753 3026 προσαγό-

182 3053 375 3103 μενος,
390 3041 542 3111 δῆλος
558 3043 626 3096 ἂν
652 3041 740 3111 εἴη
768 3041 1017 3111 περιττόν
1041 3058 1092 3093 τι
1114 3043 1441 3112 κεκτημένος
1463 3043 1608 3113 παρά
1630 3045 1753 3105 τοὺς

181 3124 412 3193 λοιποὺς
439 3131 780 3200 ἀνθρώπους.
831 3130 954 3191 Πῶς
990 3129 1096 3198 γὰρ
1143 3131 1208 3183 ἂν
1249 3130 1417 3194 ἄλλως
1460 3132 1753 3202 προσήγετο

189 3216 295 3268 τοῦ
312 3219 610 3283 Ἰουδαϊκοῦ,
636 3221 735 3272 καὶ
757 3218 852 3271 τοῦ
883 3219 1186 3287 Ἑλληνικοῦ
1211 3219 1440 3283 πλείους,
1471 3222 1518 3272 εἰ
1553 3222 1622 3289 μή
1647 3237 1752 3273 τισι

1850 2065 2033 2119 diosos
2064 2062 2400 2132 reperiebat:
2438 2074 2565 2129 ergo
2596 2059 2791 2112 multos
2822 2058 2923 2112 sibi
2951 2056 3214 2119 Iudaicae,
3240 2056 3379 2110 mul-

1850 2165 1934 2211 tos
1962 2154 2119 2209 etiam
2154 2152 2350 2206 Graeca:
2382 2150 2629 2203 factionis
2666 2148 2926 2215 adjunxit.
2955 2148 3198 2202 Christus
3222 2148 3378 2216 plane

1849 2245 1939 2300 hic
1983 2244 2081 2298 fuit
2118 2262 2131 2296 :
2179 2240 2438 2311 siquidem
2466 2254 2587 2293 cum
2630 2238 3027 2306 magistratibus
3056 2238 3254 2289 nostris
3283 2250 3373 2289 ac-

1850 2333 2181 2393 cusantibus,
2209 2331 2358 2384 illum
2382 2327 2557 2383 crucis
2578 2327 2841 2394 supplicio
2866 2325 3126 2379 affecisset
3146 2324 3371 2389 Pilatus,

1851 2439 1959 2478 non
2005 2421 2346 2480 destiterunt,
2378 2418 2469 2487 qui
2514 2417 2581 2471 ab
2611 2416 2763 2469 initio
2807 2415 3069 2483 complexi
3116 2413 3372 2467 fuerant:

1850 2512 2094 2583 apparuit
2125 2512 2264 2566 enim
2294 2509 2399 2563 illis
2436 2508 2592 2561 tertio
2621 2507 2706 2559 die
2738 2506 2926 2559 iterum
2951 2504 3153 2566 vivens,
3186 2518 3375 2571 quem-

1850 2602 2137 2656 admodum
2186 2599 2349 2651 divini
2381 2597 2651 2666 prophetze
2676 2603 2731 2649 et
2792 2595 2904 2648 haec
2930 2604 2983 2649 et
3006 2595 3105 2646 alia
3138 2594 3377 2649 innume—

1849 2691 2037 2745 rabilia
2068 2690 2132 2743 de
2174 2689 2265 2742 illo
2294 2686 2666 2757 przedixerant,
2710 2699 2774 2737 ex
2812 2699 2918 2752 quo
2945 2683 3008 2735 ad
3035 2683 3176 2735 hunc
3207 2698 3375 2751 usque

1851 2780 1990 2834 diem
2021 2779 2443 2833 Christianorum
2476 2790 2583 2827 non
2615 2772 2809 2826 defecit
2858 2787 3043 2841 genus.
3085 2791 3103 2821 ι
3157 2769 3211 2824 Si
3247 2787 3373 2840 ergo

1848 2870 2139 2924 historicus
2167 2881 2378 2937 quoque
2404 2864 2742 2926 testificatur,
2782 2877 2889 2914 non
2918 2861 3060 2915 solos
3092 2859 3375 2913 duodecim

1848 2959 2137 3027 apostolos,
2178 2955 2616 3025 septuagintaque
2654 2952 2972 3019 discipulos,
3025 2949 3091 3001 ab
3137 2949 3226 3001 illo
3270 2948 3374 3001 sibi

1850 3048 2149 3117 adiunctos,
2196 3046 2286 3101 sed
2330 3018 2767 3111 multos-quaque
2798 3018 2910 3093 tum
2954 3038 3208 3101 Judaieze,
3256 3046 3371 3091 tum
3406 3018 3413 3027 ’

1849 3137 2046 3192 Graeca:
2084 3135 2331 3189 factionis
2360 3140 2681 3201 assumptos,
2713 3131 2883 3200 palam
2929 3142 3013 3185 est
3056 3130 3204 3182 illum
3233 3128 3286 3181 in
3314 3142 3373 3182 se

1851 3226 2049 3296 aliquid
2096 3225 2438 3279 excellentius
2472 3225 2674 3276 creteris
2723 3220 3026 3274 hominibus
3074 3218 3370 3271 habuisse:

194 3302 520 3378 θαυμαστοῖς
541 3309 637 3361 καὶ
664 3307 986 3378 παραδόξοις
1013 3309 1210 3378 ἔργοις,
1239 3309 1331 3361 καὶ
1360 3308 1632 3381 ξενιζούσῃ
1659 3309 1750 3363 κέ-

1852 3331 1954 3385 qua
1982 3316 2119 3370 enim
2169 3314 2270 3366 alia
2319 3313 2522 3367 ratione
2561 3320 2613 3365 et
2652 3310 2855 3364 Judaici
2887 3318 2938 3363 et
2968 3308 3134 3363 Graeci
3166 3308 3376 3376 generis

194 3410 368 3468 χρητο
396 3400 734 3471 διδασκαλίας
778 3401 1057 3471 Μαρτυρεῖ
1088 3400 1144 3452 δὲ
1176 3399 1266 3451 καὶ
1294 3401 1326 3469 ἡ
1362 3399 1465 3451 τῶν
1497 3398 1754 3469 Πράξεων

198 3483 314 3539 τῶν
348 3490 651 3542 ἀποστόλων
694 3489 922 3560 γραφὴ,
963 3488 1041 3540 ὃτι
1092 3487 1280 3540 πολλαὶ
1330 3486 1577 3556 μυριάδες
1618 3482 1753 3556 ἦσαν

211 3570 470 3631 Ἰθτυδειίων
500 3579 711 3648 ἀνδρῶν
742 3577 1119 3646 πεπεισμένων
1154 3576 1313 3629 αὑτὸν
1346 3572 1479 3627 εἶναι
1502 3576 1591 3627 τὸν
1621 3577 1753 3645 Χρι-

201 3666 329 3719 στὸν
351 3669 438 3723 τοῦ
474 3669 629 3733 Θεοῦ,
669 3670 765 3722 τὸν
801 3667 906 3721 ὑπὸ
941 3668 1049 3720 τῶν
1070 3666 1357 3738 προφητῶν
1393 3665 1756 3736 κατηγγελμέ-

198 3768 326 3810 νῢψ
350 3763 438 3816 καὶ
471 3766 503 3834 ἡ
541 3762 759 3832 ἱστορία
792 3759 851 3812 δὲ
890 3758 1122 3828 κατέχει,
1163 3758 1239 3820 ὡς
1278 3755 1370 3809 καὶ
1413 3755 1635 3826 μεγίστη
1673 3772 1755 3819 τις

198 3836 274 3910 ἦν
310 3854 585 3925 Ἐκκλησία
638 3849 885 3922 Χριστοῦ
938 3850 994 3902 ὲν
1037 3851 1149 3911 τοῖς
1192 3846 1601 3917 Ἰεροσολύμοις,
1651 3845 1754 3898 ἀπὸ

208 3927 471 3994 Ἱδνδαίων
520 3938 963 4011 συγκροτουμένη
987 3975 1003 3999 ,
1056 3936 1213 4006 μέχρι
1260 3934 1368 3987 τῶν
1414 3934 1612 4005 χρόνων
1659 3934 1754 4002 τῆς

200 4030 330 4079 κατ’
353 4031 619 4103 ’Δδριανὺν
648 4028 989 4098 πολιορκίας.
1020 4026 1278 4094 Λέγονται
1309 4022 1437 4091 γοῦν
1477 4025 1525 4076 οἱ
1554 4022 1752 4092 πρῶτοι

199 4120 349 4171 κατὰ
372 4121 608 4191 διαδοχὴν
633 4119 967 4190 προστάντες
993 4115 1173 4170 αὐτόθι
1211 4115 1489 4166 ἐπίσκοποι
1522 4113 1752 4165 Ἰουδαῖοι

197 4210 502 4276 τεγονὲναι,
549 4205 627 4264 ὧν
672 4209 769 4261 καὶ
814 4206 1048 4276 ὀνόματα
1093 4205 1259 4256 εἰσέτι
1303 4203 1395 4256 νῦν
1451 4201 1596 4271 παρὰ
1648 4202 1755 4262 τοῖς

194 4286 477 4371 ίηωρίοις
516 4297 951 4371 μνημονεύεται·
994 4295 1069 4357 ὡς
1120 4294 1213 4346 καὶ
1256 4293 1320 4344 ἐκ
1365 4290 1559 4343 τούτων
1607 4288 1756 4341 λελῦ-

198 4381 337 4439 πθαι
356 4393 521 4445 πᾶσαν
545 4393 647 4463 τὴν
682 4388 829 4443 κατά
849 4386 958 4439 τῶν
998 4383 1249 4455 μαθητῶν
1298 4381 1458 4434 αὐτοῦ
1486 4379 1752 4449 διαϐολὴν,

193 4464 306 4530 δῖε
334 4480 414 4532 καὶ
441 4481 571 4550 πρὸς
603 4476 810 4535 αὐτῶν,
842 4475 938 4526 καὶ
967 4472 1089 4541 δίχα
1111 4471 1208 4542 τῆς
1238 4469 1412 4523 αὐτῶν
1441 4469 1752 4539 μαρτυρίας,

1851 3405 2046 3458 inultos
2075 3403 2178 3457 sibi
2198 3402 2486 3470 adiungere
2518 3400 2799 3468 potuisset,
2844 3398 2946 3452 nisi
2973 3395 3377 3451 admirabilibus

1851 3494 2111 3562 ﬁdemque
2139 3490 2514 3561 superantibus
2559 3490 2747 3557 gestis,
2776 3497 2841 3541 :et
2870 3485 3108 3541 inaudita
3142 3485 3374 3553 quadam

1851 3581 2094 3635 doctrina
2146 3594 2276 3633 usus
2321 3576 2497 3632 esset?
2540 3576 2699 3629 fidem
2741 3575 2901 3629 etiam
2953 3574 3081 3627 facit
3122 3574 3255 3625 liber
3282 3573 3373 3640 qni

1850 3672 1981 3724 Acta
2028 3668 2386 3738 apostolorum
2434 3665 2764 3725 inscribitur,
2798 3664 2961 3731 multa
2993 3662 3153 3717 millia
3198 3660 3373 3714 homi-

1849 3775 1978 3815 num
2024 3757 2323 3813 Judmorum
2365 3753 2679 3818 credidisse,
2733 3753 2883 3806 illum
2938 3766 3057 3807 esse
3098 3749 3371 3806 Christum

1848 3848 1968 3913 Dei,
1992 3863 2148 3918 quem
2185 3846 2454 3915 prophetae
2484 3852 2765 3897 venturum
2801 3841 3158 3894 nuntiassent.
3193 3836 3375 3891 llisto—

1850 3941 1926 3993 ria
1956 3952 2164 4008 quoque
2196 3934 2322 3989 illud
2348 3935 2503 3989 habet
2530 3952 2542 3986 ε
2577 3933 2827 4003 grandem
2853 3930 3048 3984 Christi
3081 3927 3371 3982 Ecclesiam

1849 4027 2230 4098 Hierosolymis
2275 4025 2461 4089 fuisse,
2512 4037 2671 4093 quam
2722 4020 2890 4075 Judaei
2948 4021 3370 4089 comparassent,

1849 4118 2178 4186 durasseque
2229 4130 2398 4183 usque
2449 4113 2511 4167 ad
2578 4111 2946 4171 obsidionem,
2995 4124 3112 4177 quae
3153 4104 3372 4159 Adriani

1850 4217 2087 4275 tempore
2111 4207 2248 4262 facta
2278 4212 2361 4259 est
2389 4222 2403 4267 ;
2435 4217 2564 4272 ergo
2591 4202 2683 4271 qui
2712 4199 2867 4269 primi
2894 4196 3130 4266 episcopi
3155 4210 3220 4249 ex
3254 4208 3373 4247 suc-

1850 4297 2093 4355 cessione
2138 4299 2246 4352 illic
2281 4295 2610 4366 prtefuerunt
2634 4332 2648 4354 ,
2678 4289 2844 4343 Judaei
2895 4287 3061 4342 fuisse
3099 4284 3370 4346 dicuntur,

1851 4404 2075 4460 quorum
2122 4387 2335 4441 nomina
2386 4384 2453 4437 ab
2494 4381 2609 4450 ejus
2656 4379 2759 4433 loci
2805 4377 2994 4430 incolis
3042 4374 3199 4428 etiam
3229 4385 3372 4425 nunc

1852 4484 2234 4538 memorantur,
2274 4473 2425 4542 125
2456 4479 2515 4525 ut
2545 4487 2609 4525 ex
2631 4471 2715 4522 his
2743 4482 2955 4537 quoque
2984 4464 3157 4518 omnis
3181 4468 3370 4515 contra

195 4570 377 4641 μυρία
402 4570 737 4639 ὁμολογεῖται
771 4564 951 4634 πλήθη
991 4562 1255 4615 Ἰουδαίων
1276 4576 1334 4612 τε
1372 4560 1460 4611 καὶ
1498 4558 1753 4629 Ἑλλήνων

1853 4566 2142 4635 discipulos
2174 4566 2315 4619 illius
2337 4562 2601 4617 calumnia
2637 4560 2893 4619 diluatur,
2926 4553 3138 4625 quando
3180 4559 3233 4606 et
3264 4551 3370 4604 illis

191 4637 369 4724 αὐτὸς
408 4637 604 4732 Ἰησοῦς
639 4661 671 4712 ὁ
711 4655 949 4728 Χριστὸς
998 4652 1089 4705 τοῦ
1127 4650 1259 4704 Θεοῦ
1298 4650 1364 4701 δι’
1405 4643 1479 4701 ὧν
1520 4648 1753 4701 ὲπετέλει

1854 4654 2279 4720 testitieautibus,
2308 4665 2358 4707 et
2388 4662 2595 4715 contra,
2641 4650 2745 4703 illis
2793 4662 2896 4699 non
2939 4641 3368 4702 testificantibus,

194 4753 513 4822 ΙΙξαριιδόξων
563 4752 744 4821 ἔργων
800 4747 890 4815 ὑφ’
950 4742 1136 4795 ἑαυτὸν
1186 4739 1557 4809 πεποιημένος.
1599 4736 1754 4789 Ἀλλά

191 4841 406 4896 hauriant
424 4846 551 4915 ἡμῖν
589 4841 684 4894 ἐπὶ
717 4836 973 4891 τοσοῦτον
1009 4831 1325 4903 εἰρημένων,
1360 4827 1490 4896 πρὸς
1516 4828 1575 4880 τὸ
1604 4826 1752 4897 πρῶ-

189 4930 424 4987 δηντῶν
446 4933 689 4985 ἀπίστων
718 4927 931 4994 τάγμα,
962 4923 1108 4993 φέρε,
1139 4920 1232 4973 καὶ
1269 4915 1400 4987 πρὸς,
1426 4916 1483 4968 τὸ
1512 4915 1754 4986 δεύτερον

190 5021 393 5089 ετ’τςῖφος
419 5022 712 5090 ὲνστῶμεν.
746 5015 921 5068 Τοῦτο
950 5012 1004 5064 δὲ
1035 5007 1101 5079 ἦν
1129 5010 1190 5062 τὸ
1216 5007 1323 5059 τῶν
1357 5004 1755 5073 συνομολογούν-

182 5107 327 5161 ξων
352 5112 441 5180 μὲν
469 5112 558 5164 τὸν
599 5104 813 5176 Ἰησοῦν
841 5103 910 5155 τὰ
940 5098 1203 5170 παράδοξα
1242 5091 1608 5180 πεποιηκέναι,
1633 5111 1757 5163 γοη-

178 5194 329 5269 ‘ig
429 5199 602 5259 ἄλλως
645 5174 746 5247 ἐπὶ
792 5190 969 5259 πλάνῃ
1008 5189 1110 5240 τῶν
1140 5182 1409 5269 ὁρώντων,
1446 5174 1530 5230 οἵα
1557 5178 1757 5248 θαυμα-

168 5266 420 5358 ’ξουργὸν
448 5288 483 5358 ἢ
524 5277 840 5355 φαρμᾶκέα
890 5273 1022 5338 τινὰ,
1064 5266 1447 5341 Θαυμαστῶσαι
1480 5266 1601 5329 τοὺς
1620 5282 1750 5335 παρ⁹

170 5376 371 5442 Vm;

1854 4749 1969 4817 ipse
2004 4743 2181 4805 Jesus,
2217 4744 2309 4813 qui
2355 4741 2599 4797 Christus
2654 4745 2735 4792 est
2783 4735 2896 4797 Dei,
2947 4730 3366 4800 comprobatur:

1854 4832 2289 4891 innumerabilem
2321 4829 2734 4889 multitudinem,
2769 4832 2878 4877 tum
2926 4820 3226 4875 Judu'orum
3256 4822 3370 4867 tum

1853 4923 2155 4979 Graecorum
2183 4920 2284 4974 sibi
2314 4920 2413 4988 ipsi
2442 4918 2755 4986 subjecisse.
2784 4913 3043 4967 Caeterum
3093 4920 3213 4959 cum
3256 4904 3371 4958 haec

1853 5029 1883 5067 a
1904 5009 2057 5066 nobis
2081 5009 2224 5063 dicta
2244 5008 2350 5063 sint
2370 5009 2626 5062 adversus
2653 5005 2877 5073 primum
2905 5014 3010 5052 non
3036 4994 3369 5050 credentium

1852 5117 2042 5174 genus,
2076 5113 2219 5153 nunc
2239 5098 2303 5151 ad
2326 5096 2551 5151 alterum
2584 5100 2980 5151 convertamur,
3026 5086 3184 5156 idque
3215 5084 3371 5139 refel-

1851 5195 2041 5249 lamus.
2076 5188 2132 5243 ιιι
2178 5195 2354 5243 autem
2392 5192 2476 5240 est
2516 5198 2724 5245 eorum,
2756 5181 2849 5249 qui
2888 5178 3121 5232 fatentur
3154 5174 3368 5245 quidem

1850 5281 2029 5338 Jesutu
2055 5293 2141 5335 res
2162 5277 2391 5349 gessisse
2415 5271 2771 5335 admirabiles,
2802 5267 2894 5323 sed
2932 5264 3213 5337 praestigiis
3242 5276 3367 5315 ocu-

1853 5374 1935 5429 los
1964 5369 2281 5424 intuentium
2314 5364 2591 5427 delusisse,
2631 5368 2789 5428 atque
2833 5367 2891 5414 ut
2923 5358 3094 5414 solent
3127 5355 3365 5408 incanta-

1854 5472 1994 5516 tores
2048 5465 2100 5512 et
2146 5452 2391 5515 veneﬁci,
2443 5452 2497 5504 in
2549 5446 2956 5503 admirationem
3003 5443 3087 5497 sui
3138 5436 3364 5492 traxisse

1852 5557 2136 5618 praesentes
2149 5585 2161 5598 .

266 5729 334 5795 (ι)
366 5722 573 5780 Procul
608 5712 806 5795 dubio
826 5706 1086 5795 glgfgema
1140 5708 1225 5760 est
1258 5707 1311 5756 et
1352 5700 1656 5771 marginalis
1715 5701 1989 5774 cujusdam
2030 5694 2311 5754 Christiani
2354 5694 2573 5751 lectoris
2620 5691 2913 5757 adnotatio,
2982 5690 3103 5743 licet
3161 5675 3380 5735 habear

215 5772 545 5855 toria—mss:
559 5794 619 5843 et
646 5784 712 5840 in
743 5772 1002 5841 )oiepbo.
