3862 6350
116 478 197 534 ,ληε
477 534 515 537 _f
1110 453 1740 537 nsuousrnmoms
1776 458 2220 516 nuncnum
2260 461 2388 517 Lm.
2412 437 2517 518 tu.
3272 475 3375 532 226

146 534 685 658 φίὲὶᾶτὲδξὶίς
713 551 985 658 πολλοῖἰς
1046 564 1211 658 αὐτον
1243 534 1530 658 ἐκφαίνειν,
1567 568 1718 658 γιξνοι⁴

1817 576 2064 638 ,potest:
2099 585 2202 641 qua
2240 573 2577 631 turbulentos
2623 581 2887 648 appetitus
2921 599 2985 639 ex
3016 586 3134 656 ipso
3168 590 3374 658 cogita-

170 625 225 710 ζ
527 632 645 687 ἀπό
698 655 770 692 τε
836 646 948 699 τοῦ
1015 651 1120 715 τὰς
1164 656 1221 707 ἐν
1280 625 1425 727 ὄρεσι
1479 625 1718 729 δίατριὸὰ

1848 625 2013 716 tionis
2036 625 2300 730 profundo
2326 678 2570 720 resecare
2589 625 2897 739 acrpurgare
2912 625 3365 740 jubelhatdicZns:
3465 658 3491 691 ⁸

201 745 266 794 za\
311 724 400 789 τὰς
429 726 871 824 ,ἀναχωρήσεις
928 739 1195 807 διώκειν,
1243 724 1336 799 καλ,
1384 724 1611 816 φεύγειν*
1652 748 1718 802 τὰ

1854 766 1873 801 ι
1913 724 2056 804 Sunt
2080 752 2333 815 eunuchi,
2363 755 2453 823 qui
2483 755 2559 810 sic
2597 724 2706 811 nali
2747 724 2871 814 sunt
2898 724 2991 816 z'et
3036 776 3161 821 sunt
3195 785 3357 824 eunu-

212 827 325 881 κατὰ
368 814 540 883 πόλεις
594 820 711 874 τῶν
784 826 1017 884 πολλῶν
1081 833 1364 902 ἐμδλαὸεἰς
1398 814 1647 905 ⁷ὁμιλίας.
1690 837 1752 888 Et

225 917 333 985 μήτε
349 909 622 981 τοιγαροῦν
645 912 836 985 δόξης,
885 920 1029 990 μήτε
1059 924 1372 992 χρημάτων,
1407 927 1540 995 μήτε
1567 926 1752 997 ἡδονῆς

216 1004 370 1055 ἕνεκεν
423 1001 752 1074 ἐπιϐέϐλητο
808 1009 881 1078 τῇ
934 1008 1285 1081 διδασκαλίᾳ,
1344 1014 1426 1077 τίς
1479 1016 1557 1068 ἐτι
1605 1016 1753 1087 χώρα

210 1093 542 1164 περιλείπεται
586 1094 860 1159 ὑπονοίας
912 1099 1009 1153 τοῦ
1043 1100 1237 1154 πλάνον
1264 1103 1423 1155 αὐτὸν
1467 1106 1558 1158 καὶ
1585 1106 1750 1175 γόητα

198 1182 447 1252 νομίζεινς
488 1183 708 1253 Σκέψαι
752 1185 814 1240 δὲ
865 1190 964 1242 καὶ
1002 1190 1174 1244 ταῦτα
1215 1192 1401 1259 πάλιν,
1430 1193 1579 1263 γόης,
1623 1197 1746 1249 ὃταν

190 1273 376 1341 ἑτέροις
415 1274 484 1328 τὰ
519 1274 630 1344 τῆς
658 1278 873 1341 κακίας
897 1281 1179 1352 μταδιδῷ,
1206 1283 1415 1348 ὁποίους
1438 1285 1628 1357 ἄνδρας
1651 1305 1746 1341 κα-

175 1364 519 1428 τασκευάζεις
546 1362 643 1438 ἄρ’
668 1369 796 1438 οὐχὶ
818 1370 1021 1441 γόητας
1042 1374 1135 1426 καὶ
1161 1373 1386 1440 πλάνους
1415 1378 1505 1429 καὶ
1533 1395 1745 1451 φαρμα-

170 1457 294 1516 amb;
332 1456 479 1541 αίιτῷ
518 1458 675 1511 κατὰ
725 1460 909 1514 πάντα
943 1462 1377 1534 παραπλησίους;
1404 1467 1497 1530 Τίς
1519 1465 1608 1521 οὖν
1639 1452 1741 1542 ήδη

412 1546 474 1598 τὸ
508 1548 626 1601 πᾶν
657 1548 1008 1618 Χριστιανῶν
1030 1550 1182 1617 γένος
1219 1554 1282 1605 ἐκ
1312 1553 1408 1624 τῆς
1428 1556 1630 1611 ἐκείνου
1660 1540 1739 1611 διέ
1787 1601 1790 1604 .

142 1633 452 1698 δαπαλίας
525 1636 806 1706 γοητεῦον
876 1638 910 1709 ἤ
983 1641 1329 1709 φαρμακεῦον
1393 1645 1735 1715 κατείληφεν;

149 1723 303 1776 Ἆλῖ
336 1726 441 1778 οὐκ
489 1724 653 1779 ἐστιν
691 1727 902 1779 εἰπεῖν·
937 1727 1168 1797 ἔμπαλιν
1205 1730 1260 1782 δὲ
1305 1731 1488 1800 λόγους
1531 1736 1738 1804 φιλοσό-

128 1830 276 1881 φους
313 1815 524 1883 μετιὺν,
556 1813 640 1877 ὡς
666 1815 1065 1870 ἀποδέδεικται.
1107 1816 1161 1870 '0
1186 1818 1249 1889 δὴ
1284 1816 1375 1875 οὖν
1411 1823 1611 1894 ἑτέροις
1656 1843 1735 1878 σε-

121 1902 281 1970 μνοῦ
321 1904 417 1956 καὶ
462 1903 765 1975 σώφρονος
811 1904 927 1974 βίου
971 1905 1244 1970 εὐσεϐείας
1267 1926 1325 1961 τε
1356 1911 1453 1980 τῆς
1483 1914 1731 1968 ἀνωτάτω

117 1993 442 2063 παραίτιος
461 1996 875 2064 γεγενημένος,
917 1996 1001 2059 τίς
1052 1994 1117 2048 ἂν
1149 1997 1367 2062 ἐνδίκως
1394 2003 1665 2074 νομισθείη
1693 2004 1725 2073 ἢ

116 2082 458 2151 φιλοτὸερων
510 2086 541 2137 ὁ
590 2083 929 2154 πρώτιστος,
956 2086 1048 2137 καὶ
1086 2086 1321 2140 εὐσεϐῶν
1364 2091 1563 2160 ἀνδρῶν
1589 2092 1730 2146 διδά-

114 2172 369 2238 σκαλος
394 2174 494 2226 καὶ
515 2174 632 2244 γὰρ
662 2173 731 2227 ἂν
755 2175 839 2243 εῖη
869 2174 1087 2244 βελτίων
1111 2176 1279 2248 δήπου
1305 2180 1410 2242 πᾶς
1431 2182 1458 2231 ὁ
1475 2181 1728 2236 διδάσκων

112 2259 236 2313 τῶν
309 2262 807 2333 μαθητευομένων.
854 2263 1138 2333 Φιλόσοφος
1189 2268 1332 2338 ἄρα,
1382 2270 1472 2321 καὶ
1518 2270 1728 2340 ἀληθῶς

113 2351 400 2421 εὐσεϐὴς,
438 2352 648 2405 πολλοῦ
682 2352 769 2404 δεῖ
795 2353 995 2418 πλάνος
1027 2358 1121 2409 καὶ
1161 2357 1310 2427 γόης,
1343 2360 1631 2429 ὁμολογοῖτ’
1661 2361 1726 2414 ἂν

115 2439 151 2488 ὁ
179 2440 397 2512 Σωτὴρ
427 2443 524 2495 καὶ
551 2442 770 2511 Κύριος
796 2443 972 2512 ἡμῶν.
1004 2446 1065 2499 Εί
1091 2447 1153 2518 δὴ
1185 2443 1275 2501 οὖν
1301 2449 1499 2501 τοιόσδε
1525 2466 1606 2512 τις
1624 2444 1721 2520 ἦν,

118 2528 257 2589 πῶς
288 2530 357 2583 ἂν
384 2531 566 2594 ἄλλως
599 2531 885 2602 ἐπεχείρει
914 2537 1032 2596 ταῖς
1070 2534 1574 2606 θαυματουργίαιςῆ
1607 2535 1723 2609 θείᾳ

120 2617 225 2667 καὶ
254 2619 571 2692 ἀπορρήτῳ
596 2621 835 2691 δυνάμει
863 2624 958 2675 καὶ
981 2627 1044 2694 τῇ
1075 2625 1328 2679 ἀνωτάτω
1355 2626 1479 2697 περὶ
1502 2627 1592 2678 τοῦ
1617 2627 1721 2682 τῶν

120 2706 280 2758 ὅλων
311 2709 448 2762 Θεοῦ
476 2711 777 2782 εὑσεὸείᾳ;
805 2711 868 2764 ὃν
891 2708 978 2765 οἷα
1003 2714 1217 2784 Πατέρα
1240 2714 1410 2784 τιμῶν
1437 2717 1528 2768 καὶ
1554 2717 1720 2771 σέϐων

119 2796 197 2849 τὰ
228 2801 480 2868 μάλιστα
509 2803 906 2856 ἀποδείκνυται
950 2805 1013 2857 ἐκ
1038 2803 1145 2856 τῶν
1181 2806 1308 2877 περὶ
1338 2806 1497 2859 αὑτοῦ
1529 2807 1715 2876 λόγων.

135 2885 281 2941 Ἐπὶ
307 2891 563 2945 τοσοῦτον
589 2892 650 2945 δὲ
683 2891 795 2962 ἄρα
820 2892 875 2944 οἴ
901 2908 960 2944 τε
990 2891 1225 2963 ἀρχῆθεν
1250 2893 1395 2964 αὐτῷ
1420 2911 1715 2966 προσεσχη-

121 2973 309 3040 κότες
337 2978 581 3049 μαθηταὶ
607 2977 803 3041 αὑτοῦ,
829 2979 923 3031 καὶ
942 2979 991 3030 οἱ
1022 2978 1156 3047 μετὰ
1184 2978 1352 3032 ταῦτα
1377 2980 1475 3049 τῆς
1502 2982 1715 3036 ἐκείνων

122 3061 432 3137 διατριϐῆς
467 3068 733 3137 διάδοχοι,
766 3067 1100 3138 πορρωτάτω
1138 3067 1534 3139 καθεστήκεσαν
1580 3070 1713 3138 φαύ-

123 3151 233 3222 λης
268 3159 371 3212 καὶ
404 3161 652 3229 πονηρᾶς
685 3158 964 3220 ὑπονοίας,
985 3157 1060 3220 ὼς
1085 3157 1216 3227 μηδέ
1238 3160 1348 3220 τοῖς
1379 3158 1714 3231 νοσηλευομιὲ⁴

124 3258 249 3306 ἠις
289 3249 609 3319 ἐπιτρέπειν
635 3245 727 3302 οἷα
756 3248 941 3302 πολλοὶ
974 3247 1140 3300 πολλὰ
1178 3247 1308 3319 δρᾷν
1336 3249 1711 3321 ἐπιχειροῦσιν,

206 3338 471 3392 πετάλων
503 3340 861 3410 ἐπιγραφαῖς,
895 3336 987 3391 καὶ
1021 3336 1364 3408 περιάμμασι
1405 3339 1651 3410 χρῆσθαι,
1680 3341 1713 3413 ἢ

132 3427 255 3486 τοῖς
291 3431 617 3501 κατεπᾲδειν
644 3428 1133 3497 ἐπαγγελλομένοις
1155 3428 1435 3499 προεὲχειν
1461 3429 1549 3483 τὸν
1572 3431 1713 3496 νοῦν,

138 3513 170 3581 ἢ
205 3516 387 3583 ῥιζῶν
415 3520 509 3573 καὶ
534 3518 780 3589 βοτανῶν
807 3517 1042 3587 θαύμασι
1075 3518 1167 3570 καί
1192 3534 1331 3570 τισιν
1353 3517 1527 3581 ἄλλοις
1555 3536 1718 3572 τοιου-

139 3610 433 3675 τοτρόποις
496 3610 729 3671 ἀκέσεις
791 3606 903 3660 τῶν
957 3606 1143 3659 παθῶν
1200 3606 1407 3670 ἑαυτοῖς
1458 3609 1710 3678 πορίζειν.

144 3686 342 3748 Ταῦτα
361 3696 488 3763 γοῦν
516 3697 703 3749 πάντα
729 3694 830 3764 τῆς
849 3692 1082 3764 Χριστοῦ
1105 3693 1445 3757 διδασκαλίας
1465 3695 1712 3766 ἐξελήλα-

144 3793 230 3829 ται
263 3800 286 3813 ⁸
311 3787 416 3839 οὐδ’
439 3785 583 3839 ἐστιν
612 3782 841 3836 πώποτε
871 3783 1192 3854 Χριστιανὸν
1221 3784 1554 3854 περιάμματι
1581 3785 1715 3855 χρώ-

151 3883 321 3933 iuvavi
364 3875 682 3939 θεάσασθαι,
718 3873 827 3926 οὐδ’
867 3873 1184 3937 ἐπιλαλιαῖς,
1215 3873 1247 3945 ἢ
1289 3872 1529 3927 πετάλων
1554 3873 1711 3928 τινῶν

149 3963 457 4035 περιέργων
499 3964 860 4034 ἐπιγραφαῖς,
909 3962 1015 4014 οὐδ’
1056 3962 1253 4025 ἄλλοις,
1286 3955 1360 4014 ὧν
1397 3962 1493 4032 τὴν
1522 3963 1710 4032 χρῆσιν

149 4044 437 4127 ἀδιάφορον
476 4058 525 4109 οἱ
554 4054 748 4108 πολλοὶ
777 4052 1109 4122 νενομίκασι.
1139 4051 1234 4114 Τίς
1258 4047 1349 4104 οὖν
1389 4053 1531 4123 αἱρεῖ
1557 4051 1710 4120 λόγος

143 4134 287 4206 τοὺς
322 4146 517 4199 τοιοῦδε
547 4143 875 4198 διδασκάλου
902 4143 1094 4212 γόητος
1118 4142 1211 4194 καὶ
1238 4141 1435 4195 πλάνου
1468 4141 1708 4213 μαθητὰς

142 4236 428 4292 τετικέναι
468 4237 752 4307 νομίζειν;
786 4235 895 4289 Καὶ
936 4232 1040 4305 μὴν
1085 4233 1281 4297 παντὸς
1311 4232 1703 4303 ἐπαγγελλομέ-

138 4326 229 4363 νσιδ
302 4342 352 4377 τι
398 4327 568 4397 μέγας
616 4326 843 4395 ἐλεγχος
891 4326 925 4394 ἡ
977 4321 1085 4376 τῶν
1136 4322 1398 4392 φοιτητῶν
1434 4323 1700 4376 συνουσία.

138 4400 379 4485 Ἄνδρες
416 4417 546 4487 γοῦν
580 4416 822 4485 ἐντεχνοι
853 4413 948 4466 καὶ
987 4413 1339 4483 ἐπιστήμονες
1365 4412 1575 4473 πάντως
1601 4428 1701 4465 που

131 4489 229 4543 τδν
299 4507 457 4561 αἴτιον
506 4508 693 4568 αὐτοῖς
746 4504 848 4573 τῆς
900 4503 1205 4573 ἐπιστήμης
1248 4501 1378 4555 πολὺ
1427 4501 1700 4570 κρείττονα
1729 4517 1772 4572 ι)

131 4586 305 4648 σφεῖιν
343 4595 513 4650 αὐτῶν
566 4593 927 4665 ἐμφαίνουσιν
952 4606 971 4624 ο
997 4590 1271 4664 ὡσπεροῦν
1327 4584 1552 4660 ίατρίκοὶ
1607 4590 1700 4659 μὲν

124 4666 253 4751 τῆς
282 4685 366 4738 τοῦ
403 4684 727 4739 διδασκάλου
769 4679 901 4751 περὶ
949 4677 1011 4731 τὸ
1052 4678 1276 4750 μάθημα
1321 4677 1701 4751 κατορθώσεως

294 4774 352 4828 ἄν
374 4777 653 4849 μάρτυρες
674 4792 690 4806 ο
719 4750 1088 4844 γεωμετρικοὶ
1109 4771 1165 4825 δὲ
1192 4771 1281 4824 τὸν
1311 4750 1541 4840 ἄρχοντα
1582 4769 1701 4823 τίνα

117 4841 307 4935 ἆθλον
330 4841 743 4935 ἢτγεωμέτρηνή
763 4841 1196 4932 ἐπιγράψανται;
1237 4859 1329 4912 καὶ
1359 4856 1698 4928 ἀριθμητικοὶ

113 4926 255 5022 τξἼ-
284 4926 661 5022 ἁρίθμητίκόνξ
682 4926 856 5001 ’Κατὰ
876 4926 1033 4999 ’ἀιέά
1062 4945 1116 4998 δὲ
1156 4946 1247 4998 καὶ
1291 4926 1697 5015 γόητοςτάνδρδς

103 5015 379 5109 ξὲηιτξοι
397 5015 471 5095 ’ἆᾲ
499 5037 614 5093 εἶεν
644 5039 939 5109 μάρτυρες
965 5034 1013 5086 οἱ
1038 5032 1295 5102 φοιτηταί,
1325 5030 1395 5083 τά
1420 5029 1575 5099 ὅμοιά
1595 5047 1694 5083 που

695 5100 862 5180 αῦτοῖ
898 5100 1187 5189 μετιόντες.
1228 5119 1384 5172 Ἀλλὰ
1415 5119 1582 5182 οὐδείς
1611 5134 1696 5173 πω

1849 838 1959 904 chi,
1992 841 2082 910 qui
2111 841 2237 895 facti
2266 851 2392 897 sunt
2420 844 2487 898 ab
2517 844 2845 909 hominibus,
2875 859 2927 905 et
2962 863 3086 907 sunt
3112 859 3359 924 eunuchi.

1847 928 1940 997 qui
1992 938 2360 984 castraverunt
2414 932 2620 1002 scipsos
2661 944 2877 1006 propter
2929 955 3149 1010 regnum
3197 947 3358 1000 cutio-

1847 1032 1966 1072 rum
1993 1020 2057 1075 ".
2092 1037 2111 1071 ι
2137 1019 2336 1076 Deinde
2363 1023 2453 1092 qui
2481 1026 2835 1096 praestigiator
2850 1036 2932 1084 est
2961 1040 3013 1084 et
3037 1049 3159 1089 vere
3185 1039 3358 1105 populi

1847 1106 2114 1179 deceptor,
2155 1112 2334 1163 omnia
2367 1113 2671 1182 aggreditur
2702 1125 2860 1186 atque
2897 1122 3005 1190 agit
3034 1137 3156 1176 cum
3190 1123 3357 1192 jacta-

1846 1195 1987 1251 tione
2014 1198 2095 1252 sui
2120 1198 2449 1269 plerumque,
2480 1211 2532 1256 et
2548 1203 2613 1256 ad
2637 1208 2891 1274 speciem,
2933 1225 3038 1265 non
3071 1211 3138 1266 ad
3164 1215 3363 1268 verita-

1841 1295 1966 1350 tem,
1992 1299 2150 1358 atque
2184 1291 2412 1359 amplius
2441 1293 2691 1361 quiddam
2724 1306 2915 1366 praeter
2956 1312 3175 1356 caeteros
3202 1319 3363 1360 nosse

1841 1390 1901 1430 se
1955 1385 2116 1447 atque
2166 1378 2393 1445 habere,
2453 1396 2575 1435 cum
2642 1387 2996 1444 ostentatione
3059 1392 3359 1461 proﬁtetur.

1841 1476 2166 1536 Salvatorem
2188 1498 2313 1538 vero
2341 1482 2728 1556 Dominumque
2754 1498 3018 1561 nostrum,
3050 1509 3158 1549 non
3182 1496 3365 1566 gloriae

1837 1570 2126 1640 cupiditate
2150 1582 2243 1626 aut
2285 1578 2586 1645 arrogantia
2610 1578 2898 1645 laborasse,
2932 1598 3103 1654 neque
3140 1585 3208 1641 ad
3239 1602 3362 1656 spe-

1834 1661 1969 1715 ciem
2015 1664 2190 1733 egisse
2228 1680 2346 1735 qua:
2383 1668 2508 1735 egit,
2547 1669 2629 1722 vel
2667 1685 2732 1725 ex
2768 1671 2834 1726 iis
2870 1683 3120 1729 constare
3159 1686 3360 1747 potest,

1837 1765 1974 1820 quos
2013 1765 2044 1804 a
2087 1767 2146 1807 se
2186 1754 2400 1808 sanitati
2445 1757 2743 1822 restitutos,
2780 1761 3001 1829 jubebat
3038 1767 3237 1820 nemini
3274 1769 3359 1823 di-

1834 1856 1975 1906 cere,
2005 1858 2179 1913 neque
2208 1845 2441 1914 seipsum
2487 1847 2541 1900 in
2579 1850 2770 1920 vulgus
2807 1853 3053 1921 prodere,
3097 1857 3256 1912 etiam
3288 1875 3358 1915 ex

1833 1944 1898 1984 eo
1934 1932 2077 2001 quod
2112 1934 2167 1986 in
2193 1935 2465 1991 montibus
2495 1937 2805 2009 plerumque
2831 1941 3063 2012 degeret,
3087 1953 3140 2000 et
3168 1948 3357 2002 solitu-

1832 2019 1984 2076 dines
2025 2022 2081 2076 in
2125 2023 2191 2078 iis
2230 2024 2362 2080 locis
2402 2035 2716 2094 sectaretur,
2762 2028 3075 2103 fugeretque
3119 2037 3356 2096 urbanas

1830 2111 1994 2179 vulgi,
2026 2127 2143 2181 quat
2170 2128 2362 2168 nocere
2390 2130 2751 2184 saepenumero
2783 2121 2977 2186 solent,
3006 2127 3353 2181 consuetudi-

1831 2213 1944 2253 nes.
1981 2198 2036 2253 Si
2070 2202 2251 2271 igitur,
2288 2219 2460 2273 neque
2505 2207 2717 2275 glorise,
2766 2224 2938 2279 neque
2972 2214 3351 2281 pecuniarum,

1830 2304 2000 2358 neque
2021 2292 2306 2360 voluptatis
2334 2309 2495 2349 causa
2525 2292 2772 2352 docuisse
2801 2299 2947 2354 illum
2971 2310 3200 2368 constat,
3230 2307 3353 2375 quis

1826 2385 2080 2444 praeterea
2105 2389 2349 2449 superest
2386 2384 2663 2439 calumniae
2693 2390 2862 2452 locus,
2893 2405 2998 2460 qua
3024 2399 3083 2445 ut
3103 2391 3352 2462 deceptor

1827 2481 1891 2520 ac
1930 2470 2287 2539 praastigiator
2315 2475 2630 2528 accusetur?
2659 2473 2761 2531 Sed
2793 2478 2904 2533 haec
2941 2496 3152 2551 quoque
3175 2483 3352 2538 videa-

1824 2571 2176 2629 mus,quaeso.
2202 2559 2327 2616 Item
2358 2565 2711 2635 praestigiator
2737 2567 2825 2622 ubi
2857 2568 2990 2626 alios
3019 2586 3115 2626 sua
3146 2573 3347 2629 malitia

1824 2657 2178 2730 imbuit,quos
2197 2664 2409 2720 tandem
2438 2650 2580 2722 viros
2608 2669 2727 2722 illos
2757 2670 2969 2726 reddit?
3000 2673 3185 2730 Nonne
3209 2691 3344 2745 prae-

1822 2749 2143 2819 stigiatores,
2171 2754 2499 2819 seductores,
2527 2758 2811 2825 veneﬁcos,
2845 2762 2946 2816 sibi
2972 2763 3072 2832 ipsi
3094 2765 3344 2822 omnibus

1821 2855 1937 2910 qua}
1953 2849 2109 2911 agant
2133 2843 2371 2899 similes?
2398 2844 2527 2911 Quis
2555 2849 2718 2917 igitur
2746 2865 2977 2920 unquam
3008 2868 3166 2909 omne
3189 2855 3346 2910 Chri-

1820 2934 2113 2986 stianorum
2139 2949 2305 3003 genus
2335 2937 2476 3005 quod
2507 2940 2575 2993 ah
2612 2940 2755 2997 illius
2785 2942 3026 2998 doctrina
3047 2944 3343 3013 profectum

1816 3028 1918 3083 est,
1942 3031 2032 3075 aut
2060 3023 2344 3093 praestigiis
2365 3033 2540 3093 utens,
2563 3037 2653 3082 aut
2678 3031 2948 3086 veneﬁciis
2964 3032 3347 3102 deprehendit?

1821 3111 1974 3180 127
2006 3110 2175 3166 Nemo
2197 3115 2406 3182 quidem
2432 3117 2533 3171 hoc
2557 3118 2749 3173 dixerit
2779 3138 2792 3174 :
2823 3128 2877 3173 at
2902 3132 3109 3183 contra,
3135 3123 3344 3178 incum-

1740 3214 1782 3270 ο
1814 3198 1945 3253 hens
1981 3202 2033 3256 in
2063 3216 2336 3259 sermones
2359 3216 2725 3278 praeceptaque
2752 3210 3041 3278 sapientiae,
3072 3228 3202 3269 sane
3245 3213 3342 3269 de-

1814 3289 2102 3358 prehendet
2126 3292 2216 3360 qui
2246 3295 2408 3359 volet,
2436 3303 2495 3349 ut
2535 3296 2960 3354 demonstratum
2986 3309 3087 3356 est.
3107 3302 3209 3367 Qui
3238 3303 3341 3372 igi-

1813 3389 1899 3435 tur
1925 3383 2046 3437 aliis
2090 3399 2287 3440 severae
2336 3395 2599 3459 castaeque
2619 3392 2760 3457 vitae,
2791 3407 2854 3447 ac
2882 3408 3102 3449 summa:
3125 3396 3339 3464 pietatis

1811 3478 1997 3524 auctor
2011 3472 2236 3539 exstitit,
2263 3476 2509 3544 quisnam
2539 3478 2730 3533 merito
2750 3482 3074 3545 censebitur,
3095 3483 3200 3537 nisi
3217 3485 3336 3552 phi-

1811 3557 2153 3627 losophorum
2210 3562 2438 3630 primus,
2488 3573 2541 3619 et
2567 3567 2781 3634 pietatis
2816 3567 3193 3638 religionisque
3215 3585 3333 3624 ma-

1808 3648 2007 3717 gister?
2032 3650 2291 3718 siquidem
2321 3653 2369 3706 is
2393 3652 2486 3722 qui
2508 3653 2683 3719 docet,
2716 3655 2921 3725 absque
2965 3660 3331 3715 controversia

1808 3738 2142 3806 praestantior
2168 3754 2327 3809 quam
2348 3741 2383 3795 ii
2406 3742 2496 3812 qui
2516 3741 2794 3798 docentur.
2822 3743 3175 3817 Philosophus
3203 3763 3335 3820 ergo

1806 3855 2032 3909 vereque
2068 3843 2210 3911 pius,
2232 3858 2494 3913 nusquam
2516 3859 2644 3900 vero
2689 3846 2974 3912 seductor,
3007 3857 3100 3902 aut
3120 3852 3330 3919 prassti-

1803 3930 1974 3999 giator
1987 3931 2092 3984 dici
2139 3934 2333 4002 poterit
2366 3932 2610 3989 Salvator
2639 3949 2701 3990 ac
2730 3935 2988 3992 Dominus
3020 3949 3217 3995 noster.
3269 3940 3327 3997 Si

1804 4019 1968 4089 igitur
2014 4021 2138 4076 talis
2196 4022 2296 4077 fuit
2334 4025 2541 4093 qualem
2577 4026 2930 4091 ostendimus,
2978 4044 3084 4097 qua
3112 4033 3327 4086 tandem

1803 4108 1906 4162 alia
1929 4110 2134 4165 ratione
2158 4113 2415 4167 miracula
2453 4113 2687 4171 edidisse
2715 4115 2858 4171 credi
2886 4124 3082 4186 potest,
3114 4119 3221 4174 nisi
3241 4121 3325 4174 di-

1801 4199 1921 4253 vina
1945 4202 2172 4270 quadam
2195 4203 2455 4274 nobisque
2498 4205 2677 4275 ignota
2724 4206 2941 4271 virtute,
2969 4221 3327 4281 supremaque

1798 4304 1922 4360 erga
1950 4290 2111 4346 Deum
2140 4294 2376 4349 universi
2404 4296 2629 4363 pietate?
2659 4295 2826 4362 Quem
2848 4296 2989 4367 quod
3021 4307 3079 4353 ut
3117 4299 3323 4357 Patrem

1797 4389 2141 4436 veneraretur
2164 4390 2219 4438 et
2241 4384 2458 4449 coleret,
2491 4394 2709 4454 apparet
2723 4402 2789 4441 ex
2816 4386 2884 4441 iis
2911 4387 2965 4441 in
2987 4387 3174 4456 primis
3195 4404 3321 4459 qua

1798 4468 1976 4524 deillo
2002 4470 2209 4527 locutus
2251 4480 2353 4528 est.
2398 4472 2627 4528 Tantum
2659 4490 2786 4545 ergo
2813 4476 2984 4541 abest,
3012 4484 3073 4531 ut
3117 4478 3208 4548 qui
3244 4480 3322 4532 illi

1799 4561 1867 4615 ab
1885 4560 2037 4615 initio
2078 4562 2413 4617 adhaeserunt
2448 4562 2718 4633 discipuli,
2763 4572 2815 4620 et
2848 4567 2937 4635 qui
2962 4565 3186 4635 posthac
3212 4566 3321 4621 illis

1795 4648 2071 4716 discipulis
2100 4665 2429 4716 successere,
2469 4652 2535 4706 ab
2568 4652 2780 4708 illorum
2820 4653 3203 4729 consuetudine
3234 4654 3320 4707 in-

1794 4751 2026 4816 formati,
2062 4767 2238 4822 pravze
2265 4755 2421 4809 alicui
2441 4763 2532 4809 aut
2554 4756 2867 4826 perniciosae
2906 4756 3198 4825 suspicioni
3219 4754 3316 4808 oh-

1791 4843 1937 4897 noxii
1968 4842 2194 4897 habendi
2220 4844 2361 4910 sint,
2388 4854 2446 4899 ut
2470 4861 2538 4901 ne
2560 4848 2940 4917 aegrotantibus
2966 4844 3178 4915 quidem
3200 4860 3317 4914 per-

1791 4933 2019 4997 mittant,
2042 4932 2198 4988 sicuti
2235 4934 2399 4988 multa
2441 4937 2593 4989 multi
2620 4937 2827 4990 ellicere
2867 4940 3131 4989 conantur
3154 4971 3170 4996 ,
3221 4942 3313 4987 aut

1790 5023 2038 5078 foliorum
2067 5022 2504 5091 inscriptionibus
2525 5063 2540 5089 ,
2583 5025 3078 5095 colligationibusve
3100 5023 3200 5088 uti,
3218 5032 3312 5078 aut

1789 5129 1882 5170 eos
1911 5115 2002 5184 qui
2032 5129 2090 5170 se
2115 5114 2479 5171 incantaturos
2537 5117 2853 5186 proﬁtentur
2892 5114 3184 5179 attendere,
3218 5122 3311 5168 aut

79 5199 387 5275 Nam”
415 5199 560 5275 ἐτῶν
589 5217 738 5287 γόης
785 5211 1066 5279 πέφανται
1100 5209 1191 5262 τοῦ
1229 5204 1397 5306 Ἰησοῦ
1440 5203 1692 5306 μαθητὴς,

1819 5203 2028 5259 adicum
2068 5202 2460 5272 herbarumque
2517 5202 3031 5271 suti'umigationihus
3061 5241 3078 5266 ,
3116 5205 3310 5306 aliisve

319 5312 402 5366 διὰ
434 5284 708 5382 βασάνων
740 5302 952 5370 πείρας
982 5299 1088 5351 τῶν
1115 5296 1250 5349 κατὰ
1268 5294 1484 5365 χρόνους
1511 5295 1695 5364 ἡγεμό-

1817 5293 2022 5363 jusdem
2053 5292 2260 5362 generis
2283 5292 2577 5356 nonnullis,
2604 5290 2965 5382 medelassihi
2999 5291 3306 5382 morborum

68 5373 297 5480 *δοκε
321 5404 411 5459 καὶ
434 5373 738 5472 βασιλέων
762 5387 984 5480 ἀκριϐῆ
1008 5386 1112 5440 τῶν
1133 5385 1248 5480 καθ’
1277 5383 1435 5480 ἡμας.
1449 5384 1693 5480 πραγμά-

1818 5382 2062 5437 uﬁicere:
2093 5381 2207 5436 haec
2241 5395 2469 5450 namque
2514 5379 2693 5435 omnia
2736 5393 2766 5432 a
2816 5378 3017 5434 Christi
3059 5379 3306 5460 doctrina

111 5465 325 5569 Ἶξθντήν
350 5465 617 5561 ἐξέτασιν
649 5477 1089 5547 πεποιημένων.
1123 5473 1299 5534 Οὕτως
1324 5472 1380 5523 δὲ
1406 5471 1507 5569 ἄρα
1525 5474 1689 5569 οὐδείς

1818 5473 2004 5527 xclusa
2048 5477 2175 5525 sunt
2199 5485 2212 5522 :
2236 5483 2409 5538 neque
2456 5481 2690 5539 unquam
2738 5467 2934 5522 intueri
2969 5466 3119 5521 licuit
3149 5466 3306 5520 Chri-

148 5538 197 5611 ἓν
219 5538 470 5657 3:1;35;
478 5538 838 5637 ’ἐλεύθερον
873 5538 1140 5632 ’άφεῖσθαι
1180 5564 1271 5663 καὶ
1310 5538 1686 5663 παἾδςΛέκτὸς

1818 5560 2023 5614 tianum
2071 5560 2164 5630 qui
2192 5560 2526 5630 colligatione
2550 5538 2833 5621 iuteretur,
2864 5571 3038 5663 neque
3075 5553 3306 5663 magicis

129 5624 631 5731 αῦτδ
891 5624 961 5706 τί
987 5652 1139 5707 θῦσαι
1163 5652 1290 5722 πρὸς
1313 5648 1478 5704 αὐτῶν
1505 5624 1680 5721 βεϐιαλ
1707 5732 1711 5734 γ

1817 5624 2179 5727 ιιιςειὶοοίϋιιε,
2197 5624 2368 5724 neque
2387 5649 2636 5710 foliorum
2657 5624 3005 5721 quorumdam
3026 5640 3305 5699 laboriosis

150 5748 191 5793 ’⁸
213 5779 403 5847 Matth.
476 5790 612 5841 xu,
661 5766 772 5823 12-
