3862 6286
852 299 958 354 227
1467 290 1728 346 EUSEBll
1765 287 2230 347 CJESARIENSIS
2265 285 2416 343 OPP.
2459 282 2654 339 PARS.
2695 280 2762 335 ll.
2798 310 2869 321 —-—
2907 276 3515 335 APOLOGETICA

856 409 1314 482 inscriptionibus.
1356 422 1531 477 neque
1575 408 1780 462 caeteris
1825 406 2112 467 similibus,
2152 416 2381 472 quorum

1953 406 2112 467 libus,
2152 416 2381 472 quorum
2410 422 2455 478 Α
2482 398 2694 468 σμένον.
2742 396 2803 448 Ei
2836 394 2892 447 δὲ
2924 394 3095 456 οὐδεὶς
3150 391 3478 444 πώποτε

857 519 1008 558 usum
1026 479 1420 553 Vinditl'erentem
1451 497 1689 566 plerique
1739 497 2069 550 arbitrantur
2103 507 2260 561 :quaa
2282 491 2380 559 igi-

1990 505 2069 548 tur
2103 491 2380 561 :quteigi-
2484 488 2590 540 τῶν
2628 483 2866 538 παλαιῶν
2897 483 3115 535 ἐκείνων
3173 480 3308 533 τοῦ
3369 479 3515 546 Ἰηε

853 604 940 646 tur
959 603 1190 660 unquam
1219 587 1354 642 ratio
1374 565 1672 649 convincet,
1702 595 1759 638 ut
1782 586 1871 653 qui
1894 584 2016 638 talis
2043 579 2378 652 praeceptoris

1991 599 2016 638 s
2043 579 2381 652 praeceptoris
2484 576 2617 646 ἥλω,
2645 572 2762 626 οὐδὲ
2793 576 2821 625 ὁ
2852 565 3329 666 Διδάσκαλος-,ἧν
3387 568 3515 666 ξρξ

850 653 1098 749 discipuli
1126 677 1345 740 fuerint,
1372 676 1772 745 praestigiatoris
1800 681 1893 728 aut
1934 670 2241 741 impostoris
2292 667 2375 757 di-

1990 670 2241 741 ipostoris
2292 667 2377 721 di-
2486 663 2544 729 ἐξ
2572 661 2828 757 ἀγράφων
2857 660 2886 710 ὀ
2912 657 3065 757 λόγος
3097 654 3301 757 ἡμῶν
3337 653 3515 757 (ξδεύ

849 747 1040 835 scipuli
1071 762 1756 834 fuissejudicenturiatqui
1783 762 1958 831 qualis
1982 758 2238 815 sitomnis
2263 755 2374 824 qui-

1990 758 2238 815 sitomnis
2263 755 2383 824 qui-
2490 752 2594 816 ξεις
2620 752 2712 804 καὶ
2735 748 2843 806 ἀπὸ
2870 747 3107 818 ἱστορίας
3137 747 3515 815 ὲγγρὰφοι

842 877 1056 931 cunque
1091 858 1289 928 aliquid
1314 857 1641 928 proﬁteatur,
1666 857 1812 910 nulla
1838 870 1925 909 res
1972 853 2272 908 evidentius
2322 848 2649 918 probaverit,
2700 858 2865 914 quam
2914 841 3381 941 discipulorum)
3449 852 3516 891 cc

842 952 946 1007 viri
977 951 1085 1006 sint
1122 949 1326 1004 artibus
1358 955 1411 1002 et
1462 947 1707 1001 scientiis
1752 945 1981 1014 praediti,
2016 942 2256 1012 profecto
2279 940 2375 1009 qui
2414 939 2547 1008 ipsis
2587 934 2853 1005 ejusmodi
2889 933 3090 985 artium
3117 938 3187 986 et
3250 933 3510 985 scient

844 1056 966 1096 eum
999 1040 1151 1109 longe
1200 1052 1258 1093 se
1306 1037 1437 1106 ipsis
1506 1037 1927 1106 praestantiorem
1985 1033 2151 1089 fuisse
2210 1030 2671 1086 demonstrabunt.
2731 1024 2973 1094 Exempli
3020 1023 3212 1094 gratia
3240 1060 3263 1086 ,
3311 1021 3447 1090 qui
3492 1035 3516 1073 ι

844 1134 1161 1194 didicerunt,
1226 1131 1553 1186 excellentiae
1601 1130 1947 1199 praeceptoris
1978 1130 2032 1182 in
2060 1128 2152 1182 tali
2171 1125 2452 1195 disciplina
2487 1130 2652 1178 testes
2698 1121 2875 1177 idonei
2910 1120 3152 1175 habendi
3208 1124 3417 1183 sunt,
3487 1132 3516 1184 ς

844 1227 1047 1280 nullum
1076 1225 1237 1278 alium
1260 1239 1319 1278 se
1344 1223 1596 1278 habuisse
1648 1222 1771 1277 talis
1791 1222 2084 1291 disciplina:
2140 1220 2453 1290 magistrum
2492 1231 2649 1287 quam
2675 1223 2998 1286 geometram
3034 1213 3418 1285 probabunt
3455 1227 3477 1275 ;
3513 1227 3515 1262 :

844 1316 1008 1369 alium
1041 1329 1198 1384 quam
1260 1313 1653 1367 arithmeticum
1685 1312 1904 1367 :eadcm
1955 1314 2181 1375 ratione,
2215 1312 2445 1380 aliquem
2483 1309 2647 1364 fuisse
2677 1309 3021 1378 impostorem
3055 1304 3276 1375 Optimi
3332 1317 3516 1357 sane

843 1404 937 1475 qui
991 1404 1057 1458 ab
1109 1404 1200 1457 illo
1253 1402 1555 1468 didicerint,
1616 1409 1669 1458 et
1699 1404 1790 1472 qui
1849 1404 2089 1457 eamdem
2121 1419 2242 1457 cum
2306 1417 2404 1457 suo
2442 1407 2763 1471 praeceptore
2826 1407 2994 1452 artem
3026 1403 3403 1451 exerceant.
3465 1393 3516 1460 1

840 1496 1028 1554 hucin
1056 1505 1163 1550 tam
1205 1498 1388 1552 multis
1441 1497 1599 1551 anuis
1662 1496 1958 1564 discipulus
1997 1495 2122 1551 Jesu
2151 1495 2504 1565 praestigiator
2553 1493 2817 1562 apparuit,
2883 1492 3101 1545 tametsi
3153 1490 3218 1542 in
3260 1488 3513 1542 divcrs

854 1606 947 1660 ges
977 1600 1028 1645 et
1049 1591 1296 1659 praesides
1326 1606 1419 1659 per
1464 1599 1727 1645 tormenta
1797 1589 2058 1659 quidquid
2092 1589 2158 1643 ad
2227 1604 2326 1644 nos
2383 1588 2631 1659 pertinet,
2662 1584 3070 1656 diligentissime
3095 1580 3516 1652 exquisiveri

845 1682 1196 1753 praestigiator
1227 1681 1346 1746 fuit,
1378 1690 1437 1735 ut
1466 1683 1598 1736 liber
1616 1682 1993 1749 dimitteretur,
2028 1690 2187 1752 atque
2216 1690 2367 1737 extra
2398 1696 2554 1736 omne
2586 1681 2884 1750 periculum
2914 1678 3427 1739 constitueretur,
3504 1693 3516 1726 ι

844 1781 1059 1828 coactus
1105 1780 1244 1827 esset
1280 1774 1516 1842 ipsorum
1572 1773 1680 1827 ritu
1730 1774 2057 1829 sacriﬁcare.
2095 1774 2247 1840 Quod
2275 1775 2318 1828 si
2364 1774 2542 1828 nullus
2598 1787 2830 1841 unquam
2872 1776 3221 1836 nostrorum,
3274 1777 3418 1822 tam
3472 1767 3516 1821 il

843 1866 969 1921 dere
1001 1867 1288 1937 potuimus,
1333 1882 1489 1937 quam
1530 1868 1739 1922 illorum
1800 1870 1893 1938 qui
1931 1870 2199 1939 quondam
2233 1869 2401 1938 ipsius
2435 1866 2560 1922 Jesu
2597 1865 2844 1935 discipuli
2908 1863 3151 1927 fuerunt,
3201 1862 3516 1917 veneficii

842 1957 1125 2013 damnatus
1170 1966 1277 2023 est,
1310 1974 1433 2029 ergo
1474 1974 1541 2013 ne
1565 1957 1868 2029 Prmceptor
1919 1960 2133 2030 quidem
2162 1960 2281 2014 talis
2337 1958 2455 2013 fuit.
2491 1957 2752 2012 Cmterum
2775 1971 2841 2011 ne
2866 1955 3041 2011 omnis
3069 1964 3282 2010 nostra
3312 1956 3516 2010 oratii

842 2054 947 2120 ptis
976 2052 1361 2121 proficiscatur,
1385 2052 1661 2108 videamus
1690 2054 1816 2108 item
1859 2054 1987 2123 quid
2045 2053 2371 2123 probationis
2408 2053 2475 2108 ab
2498 2050 2722 2106 historia
2744 2064 2863 2119 qum
2899 2048 3095 2103 litteris
3125 2049 3516 2102 continetur

912 2142 1075 2195 Primi
1108 2142 1268 2211 igitur
1305 2143 1475 2211 ipsius
1514 2142 1639 2197 Jesu
1685 2142 1955 2213 discipuli,
2004 2144 2061 2198 in
2106 2144 2244 2198 libro
2286 2145 2378 2212 qui
2411 2154 2437 2207 Ε

2004 2144 2061 2198 in
2106 2144 2244 2198 libro
2286 2145 2378 2212 qui
2411 2154 2450 2207 Β
2545 2144 2607 2195 Οί
2632 2142 2694 2213 δὴ
2716 2139 2916 2211 πρῶτοι
2944 2138 3037 2191 τοῦ
3078 2138 3275 2209 Ἰησοῦ
3320 2137 3507 2208 μαθη

840 2232 973 2287 Acta
1021 2232 1253 2301 ipsorum
1286 2232 1543 2295 continet,
1600 2243 1999 2297 memorantur,
2031 2248 2365 2304 quoscunque

1990 2248 2379 2304 ,quoscunque
2479 2232 2620 2285 ίδίων
2660 2229 2905 2299 πράξεων
2952 2227 3310 2298 ἱστοροῦνται
3368 2230 3515 2290 τοὺς

840 2338 904 2378 ex
935 2323 1179 2392 gentibus
1212 2321 1266 2374 in
1300 2337 1455 2395 suam
1511 2322 1850 2393 disciplinam
1878 2325 2202 2395 acciperent,
2253 2339 2373 2379 cum

841 2428 1023 2468 eorum
1044 2413 1281 2481 plerique
1310 2394 1533 2470 crimine
1582 2418 1972 2487 praestigiarum
2031 2417 2257 2473 infames
2284 2432 2376 2471 es-

843 2508 988 2562 sent,
1017 2502 1069 2554 in
1086 2500 1325 2556 diversos
1358 2518 1530 2558 mores
1579 2503 1711 2559 adeo
1766 2514 2144 2571 commutasse,
2174 2513 2233 2559 ut
2260 2505 2377 2559 ausi

842 2591 950 2645 sint
981 2605 1116 2659 quos
1143 2591 1306 2647 libros
1337 2593 1443 2647 illis
1480 2593 1896 2658 interdixissent,
1919 2596 1974 2650 in
1998 2596 2227 2650 medium
2255 2610 2377 2663 pro-

841 2677 1001 2742 ferre,
1032 2689 1083 2734 et
1118 2682 1171 2736 in
1202 2692 1489 2752 conspectu
1523 2686 1759 2739 omnium
1787 2686 2118 2740 comburere.
2175 2684 2377 2738 Audia-

844 2783 966 2823 mus
997 2769 1177 2840 itaque
1225 2773 1354 2841 quid
1394 2773 1669 2843 Scriptura
1726 2775 1817 2828 illa
1865 2778 2156 2830 contineat.
2186 2773 2376 2828 «Multi

844 2868 1018 2914 autem
1045 2876 1229 2916 eorum
1276 2862 1368 2931 qui
1428 2862 1638 2917 fuerant
1660 2864 1874 2917 curiosa
1926 2864 2136 2928 sectati,
2182 2876 2376 2919 contu-

839 2946 1014 3003 lerunt
1040 2949 1225 3014 libros,
1244 2960 1295 3007 et
1331 2952 1738 3007 combusserunt
1763 2968 1854 3008 eos
1885 2967 2063 3007 coram
2093 2954 2362 3019 omnibus,

840 3044 893 3091 et
914 3042 1235 3107 computatis
1264 3041 1449 3109 pretiis
1474 3042 1704 3103 illorum,
1745 3043 2063 3096 invenerunt
2093 3046 2371 3111 pecuniam

839 3123 1177 3180 denariorum
1208 3128 1590 3197 quinquaginta
1626 3127 1850 3181 millium
1882 3129 1926 3160 ⁷⁹
1957 3147 1970 3182 :
2002 3147 2021 3179 ι
2057 3130 2189 3184 tales
2244 3145 2374 3184 sane

839 3223 993 3269 erant
1022 3215 1315 3272 Salvatoris
1340 3217 1509 3271 nosui
1540 3218 1808 3287 discipuli,
1838 3223 2088 3287 tantaque
2115 3219 2372 3274 orationis

839 3318 1023 3360 eorum
1049 3308 1129 3362 vis
1161 3316 1293 3369 erat,
1319 3321 1439 3360 cum
1489 3322 1616 3362 suos
1656 3307 1923 3363 auditores
1952 3308 2367 3377 alloquerentur,

840 3402 900 3448 ut
921 3395 1138 3450 intimas
1183 3396 1346 3449 animi
1394 3404 1570 3464 partes
1588 3404 1949 3465 penetrarent,
1992 3406 2373 3468 tangerentque

2477 2318 2668 2389 σκαλία
2700 2316 2875 2371 αὐτῶν
2912 2317 3272 2385 προσιόντας,
3308 2315 3488 2369 ὥστε

2474 2426 2566 2479 ρον
2600 2407 2725 2478 περὶ
2746 2406 2995 2477 γοητείαν
3027 2406 3516 2477 διαϐεϐλημένωι

2473 2497 2652 2550 ϐαλεῖν
2678 2496 2766 2548 τὸν
2792 2495 2995 2548 ἑαυτῶν
3022 2496 3256 2567 τρόπον,
3286 2497 3376 2559 ὼς
3405 2500 3507 2560 είς

2476 2589 2640 2659 μῆσαι
2665 2586 2761 2649 τὰς
2799 2587 3263 2658 ἀπηγορευμένας
3312 2586 3516 2657 βίϐλοι

2478 2675 2645 2729 ώπιον
2662 2675 2872 2729 πάντων
2903 2677 3032 2746 πυρὶ
3059 2677 3458 2749 παραδοῦναι.
3512 2682 3516 2692 “

2472 2768 2505 2837 ἡ
2548 2764 2730 2835 γραφὴ
2780 2766 3058 2836 περιέχει·
3098 2785 3120 2815 ι
3181 2767 3403 2821 Ἱκανοὶ
3458 2770 3516 2823 δὲ

2471 2855 2806 2925 πραξάντων,
2832 2856 3357 2924 συνεισενέγκαντες
3383 2859 3500 2924 τὰς

2470 2942 2691 2996 ἐνώπιον
2717 2942 2950 3008 πάντων,
2984 2944 3077 2996 καὶ
3113 2944 3516 3016 συνεψήφισαν

2470 3033 2561 3086 καὶ
2603 3027 2761 3104 ε’ὗρον
2794 3032 3055 3103 ἀργυρίου
3107 3034 3395 3104 μυριάδας
3427 3040 3516 3092 πέι

2467 3139 2608 3186 τινες
2632 3123 2682 3174 oi
2713 3121 2806 3174 τοῦ
2834 3122 3083 3192 Σωτῆρος
3114 3124 3148 3192 ἡ
3159 3124 3280 3193 μῶν
3318 3128 3516 3199 μαθητ

2471 3228 2564 3281 μιν
2589 3211 2948 3282 προφέροντες
2979 3211 3155 3279 λόγων
3194 3215 3258 3268 ὲν
3286 3221 3422 3283 ταῖς
3453 3239 3516 3291 πε

2468 3318 2588 3363 νους
2613 3300 2866 3370 ὁμιλίαις,
2889 3300 2963 3363 ὡς
2985 3301 3372 3361 καθικνεῖσθαι
3402 3311 3505 3363 τοῦ

2471 3392 2664 3456 αὐτῶν,
2706 3391 3073 3447 καθάπτεσθαι
3111 3413 3173 3449 τε
3214 3398 3315 3450 καὶ
3357 3404 3516 3473 τιτριέ

839 3495 906 3535 ac
949 3484 1295 3538 vulnerarent
1341 3482 1767 3551 uniuscujusque
1805 3484 2187 3538 conscientiam
2218 3483 2364 3549 adeo,

1992 3484 2187 3538 entiam
2218 3483 2371 3549 adeo,
2399 3474 2440 3530 Ο
2473 3483 2725 3547 συνειδὸς,
2751 3484 2825 3547 ὡς
2854 3486 3048 3554 μηκέτι
3079 3487 3295 3557 στέγειν
3331 3492 3515 3566 ἀποκρ

838 3579 900 3628 ιιι
920 3588 1077 3628 nemo
1103 3574 1329 3641 amplius
1347 3573 1617 3627 occultare
1650 3581 1849 3641 posset,
1885 3573 1979 3628 sed
2007 3574 2373 3643 unusquisque

839 3663 897 3716 in
924 3669 1164 3731 apertum
1187 3662 1467 3730 proferret,
1502 3664 1548 3717 si
1583 3662 1741 3732 cujus
1783 3663 1965 3717 arcani
1993 3665 2240 3718 conscius
2268 3665 2371 3719 sibi

838 3757 1002 3813 esset,
1032 3750 1367 3819 iudicemque
1411 3767 1628 3806 suorum
1680 3767 1799 3821 quae
1843 3752 1989 3821 prius
2018 3751 2372 3808 commisisset

841 3837 1186 3907 ﬂagitiorum,
1218 3840 1454 3910 seipsum
1505 3852 1817 3912 praestaret:
1847 3843 1978 3897 tales
2021 3842 2147 3896 item
2184 3844 2276 3911 qui
2302 3843 2371 3898 ab

841 3928 950 3981 illis
972 3928 1199 3981 instituti
1223 3938 1367 3994 sunt,
1397 3931 1548 3999 puris
1578 3932 1780 4000 utique,
1818 3930 2149 4000 sincerisque
2177 3932 2371 3988 animis

838 4016 1069 4087 praediti,
1104 4024 1163 4069 ut
1195 4018 1326 4072 nihil
1370 4020 1427 4073 in
1473 4020 1581 4073 illis
1626 4020 1881 4082 simulati,
1929 4024 2020 4071 aut
2052 4018 2371 4074 fraudulenti

842 4105 1033 4159 lateret
1065 4123 1078 4159 :
1113 4105 1208 4160 sed
1235 4114 1420 4161 contra
1465 4108 1644 4176 potius
1695 4107 1797 4175 ipsi
1850 4106 2143 4162 mutatione
2163 4122 2194 4160 a
2220 4107 2368 4162 dete-

841 4197 985 4252 riore
1006 4196 1113 4249 vita
1129 4197 1195 4251 ad
1222 4198 1517 4261 meliorem,
1546 4197 1900 4266 gloriarentur
1941 4204 2101 4267 atque
2135 4198 2370 4253 conﬁde-

841 4294 990 4342 rent:
1021 4286 1109 4355 qui
1141 4287 1303 4355 igitur
1330 4288 1569 4357 magicos
1599 4287 1764 4342 libros
1793 4287 2163 4352 incenderunt,
2196 4299 2249 4343 et
2276 4305 2370 4345 ex-

840 4372 1048 4431 ternam
1095 4377 1305 4431 illorum
1357 4376 1709 4446 perditionem
1759 4377 1971 4446 publico
2012 4378 2214 4447 judicio
2270 4394 2368 4435 suo

842 4466 1273 4536 comprobarunt,
1304 4480 1402 4519 cur
1431 4480 1538 4519 non
1565 4464 1632 4519 de
1653 4466 1848 4534 seipsis
1876 4468 2012 4535 apud
2039 4483 2224 4525 omnes
2249 4485 2368 4526 cer-

828 4558 1110 4612 'tissimum
1146 4558 1369 4626 posthac
1396 4557 1671 4626 praebeant
1718 4565 2106 4628 argumentum,
2140 4562 2288 4617 nullo
2309 4578 2368 4619 se

841 4632 1065 4718 prorsus
1128 4647 1456 4716 magicarum
1528 4660 1707 4700 rerum
1762 4646 1941 4702 studio
2009 4649 2220 4704 teneri?
2272 4652 2367 4707 sed

842 4744 1029 4791 contra
1060 4736 1258 4805 potius,
1315 4751 1379 4791 ex
1427 4737 1520 4791 illo
1554 4737 1666 4805 jam
1721 4752 1884 4807 puros
1925 4755 1984 4795 se
2017 4755 2158 4806 esse,
2199 4750 2252 4798 et
2299 4746 2366 4800 ab

842 4830 988 4882 omni
1037 4828 1301 4894 ejusmodi
1329 4826 1640 4897 suspicione
1694 4830 1967 4885 remotos?
1994 4829 2051 4884 Si
2080 4846 2206 4902 ergo
2250 4831 2360 4901 jam
2394 4805 2436 4860 Β

843 4924 1052 4971 constat
1104 4918 1394 4972 Salvatoris
1451 4918 1623 4973 nostri
1667 4917 1963 4989 discipulos
2012 4924 2148 4979 tales
2200 4924 2363 4979 exsti-

843 5003 994 5066 tisse.
1051 5021 1148 5060 cur
1202 5021 1311 5062 non
1358 5008 1472 5078 ipse
1521 5005 1820 5078 Praeceptor
1860 5010 1960 5067 fuit
2006 5013 2172 5067 multo
2203 5012 2364 5066 ante?

850 5090 1006 5160 129
1031 5093 1182 5157 Quod
1231 5097 1278 5153 si
1316 5098 1383 5153 de
1423 5098 1701 5169 discipulis
1727 5101 1938 5170 qualem
1987 5108 2364 5170 praeceptorem

845 5177 1130 5234 habuerint
1152 5184 1234 5239 vis
1264 5204 1607 5259 cognoscere,
1651 5192 1814 5247 habes
1856 5191 2016 5246 hodie
2038 5204 2252 5260 quoque
2277 5190 2363 5243 in-

847 5268 1202 5324 numerabiles
1232 5277 1509 5335 verborum
1535 5280 1664 5338 Jesu
1711 5279 2026 5349 discipulos,
2057 5293 2125 5333 ex
2168 5278 2363 5347 quibus

848 5355 1062 5425 plurimi
1095 5357 1326 5417 virorum
1349 5382 1641 5427 conventus
1663 5372 1947 5435 exsistunt,
1969 5368 2060 5439 qui
2094 5376 2204 5421 tum
2234 5382 2362 5422 con-

848 5453 935 5499 tra
969 5447 1237 5504 naturales
1262 5464 1500 5527 corporis
1527 5464 1823 5533 voluptates
1848 5460 2004 5533 quasi
2031 5460 2086 5515 in
2107 5459 2219 5513 acie
2242 5471 2365 5513 con-

912 5597 964 5681 ."
981 5598 1098 5653 Act.
1128 5614 1238 5669 xu,
1273 5605 1354 5665 19.

2470 3574 2620 3644 νερὸν
2663 3572 2719 3627 δὲ
2761 3574 2913 3643 ἄγειν
2955 3576 3025 3630 τὰ
3072 3578 3392 3651 ἀπόρρητα,
3442 3586 3516 3638 ὲλι

2468 3663 2669 3716 ἑαυτῶν
2699 3664 2791 3716 καὶ
2818 3665 2915 3735 τῆς
2948 3668 3221 3738 προτέρας
3246 3672 3437 3727 αὐτῶν
3467 3694 3516 3746 με

2468 3750 2680 3814 ζεσθαιο
2716 3752 2942 3807 τοιοῦτοι
2981 3755 3038 3808 δὲ
3075 3758 3167 3810 καὶ
3190 3760 3241 3811 οί
3270 3762 3416 3833 πρὸς
3446 3766 3516 3818 αὑ

2466 3858 2566 3908 νοι,
2598 3841 2822 3913 καθαροὶ
2869 3847 2964 3898 καὶ
3009 3848 3220 3918 γνήσιοι
3262 3852 3369 3917 τὰς
3418 3856 3509 3911 δια

2468 3927 2690 3982 ὓπουλον
2730 3931 2788 3984 ὲν
2832 3933 3013 3998 αὐτοῖς
3047 3936 3352 4007 λανθάνειν,
3387 3945 3510 3999 ἐνσε

2465 4019 2925 4089 παρρησιάζεσθαι
2954 4026 3048 4077 ἐπὶ
3078 4028 3143 4098 τῇ
3174 4028 3280 4081 τῶν
3308 4046 3516 4104 κρειττε

2467 4107 2630 4177 ρόνων
2654 4108 2957 4197 μεταϐολῇ.
3007 4115 3071 4167 Oi
3118 4116 3177 4186 δὴ
3228 4115 3324 4173 οὗν
3375 4128 3507 4197 πυρὶ

2470 4196 2707 4267 μαγικὰς
2749 4198 2980 4269 βίϐλους,
3015 4205 3110 4258 καὶ⁸
3140 4212 3376 4285 παντελῆ
3411 4196 3515 4287 φθο,

2469 4288 2710 4359 σάμενοι,
2742 4291 2858 4355 πῶς
2895 4294 2995 4348 οὐκ
3041 4295 3107 4349 ἂν
3150 4295 3254 4353 εἷεν
3290 4307 3516 4378 πρόδηλα

2468 4379 2730 4451 μηδεμίαν
2791 4381 2962 4452 ἔχοιεν
3015 4385 3108 4438 τοῦ
3149 4387 3333 4446 λοιποῦ
3380 4400 3502 4471 περὶ

2464 4472 2577 4544 δὴν,
2629 4473 2853 4546 καθαροὶ
2895 4476 2951 4529 δὲ
2992 4476 3052 4544 ἐξ
3109 4478 3312 4538 ἐκείνου
3357 4492 3516 4562 πάσης

2464 4580 2556 4616 του
2602 4565 2848 4628 ὑπονοίας
2888 4567 3212 4642 ἐτύγχανονς
3259 4576 3385 4633 ποτε
3442 4585 3516 4637 τοί

2463 4651 2554 4705 τοῦ
2599 4652 2844 4724 Σωτῆρος
2903 4655 3058 4725 ἡμῶν
3108 4663 3367 4733 πεφήνασι
3415 4687 3516 4740 γεγε

2464 4740 2578 4804 πῶς
2615 4741 2675 4793 οὐ
2718 4740 2850 4795 πολὺ
2888 4744 3151 4818 πρότερον
3197 4752 3224 4804 ὁ
3265 4755 3515 4814 Διδάσκαλ

2462 4831 2567 4922 ἀπο
2616 4830 2723 4922 τῶν
2769 4834 3055 4904 γνωρίμων
3100 4840 3188 4894 τὸν
3216 4852 3516 4922 προστάτην,

2465 4921 2659 5015 βούλει.
2683 4920 3077 5015 διαγινώσκειν,
3139 4933 3270 5004 ἔχεις
3312 4942 3396 4995 τοῦ
3447 4920 3511 5015 ἐ1η

2468 5008 2706 5081 μαθητὰς
2735 5013 2900 5066 εἰσέτι
2930 5016 3023 5071 νῦν
3058 5023 3285 5094 μυρίους,
3314 5022 3382 5083 ὧν
3408 5008 3516 5087 nisi

2464 5101 2733 5197 τυγχάνει,
2798 5105 2975 5179 πλήθη
3037 5116 3456 5195 παραταξαμένων
3513 5178 3516 5197 ,

2465 5193 2693 5291 ιρυσικὰς
2739 5197 2834 5251 τοῦ
2881 5199 3129 5272 σώματος
3175 5193 3356 5283 ἡδονὰς,
3396 5193 3516 5291 ἄτριέ

2462 5283 2692 5382 διάνοιαν
2724 5292 2917 5382 παντὸς
2948 5296 3170 5368 αἰσχροῦ
3200 5306 3373 5378 πάθους
3397 5283 3514 5382 φυλα

2462 5371 2552 5469 τὸν
2582 5376 2757 5469 πάντα
2803 5380 2914 5453 βίον
2959 5386 3017 5437 ὲν
3065 5389 3328 5469 ἐγκρατείᾳ
3354 5371 3516 5469 ⁷καιταιγ

2464 5463 2528 5517 ἐκ
2545 5464 2660 5538 τῶν
2690 5469 2861 5544 λόγων
2883 5475 3045 5533 αὑτοῦ
3094 5458 3276 5562 τροφῆς
3300 5458 3516 5570 λαμπρὰν
