3862 6352
108 398 269 527 β
1111 420 1737 479 DEMONSTRATIONIS
1768 416 2207 474 annosum
2246 420 2371 474 us.
2413 422 2501 475 ιιι.
3280 427 3385 484 239

500 515 601 629 οὐὶ
650 520 840 629 μόνον
877 528 948 582 δὲ
989 530 1189 603 ἄνδρες
1226 534 1368 605 παρὰ
1398 532 1540 603 αὑτῷ
1565 532 1656 629 *τοὶ

1870 528 2082 591 sistant.
2117 536 2228 583 tum
2270 540 2497 585 mentem
2542 532 2610 586 ab
2638 534 2782 587 omni
2811 535 2986 591 minus
3013 536 3235 592 honesta
3264 553 3381 606 per-

155 603 495 719 ;pmﬁct
531 607 647 713 :tbv
691 613 932 682 τρόπον
954 657 974 682 ,
1044 621 1182 674 ἀλλὰ
1229 603 1321 676 καί
1367 620 1628 690 γυναικῶν
1671 638 1680 670 ι

1874 620 2175 675 turbatione
2218 620 2597 677 invulneratam
2627 634 2966 692 conservent;
2995 628 3084 696 qui
3108 643 3224 681 cum
3266 644 3379 682 om-

342 699 507 751 θὶπεῐν
530 698 668 752 ὅσαι
694 706 993 774 μυριάδες
1017 711 1141 763 καθ’
1173 712 1295 782 ὅλης
1324 712 1419 781 τῆς
1447 710 1700 779 οίκουμένι

1872 726 1991 765 nem
2022 726 2170 766 suam
2196 713 2355 767 vitam
2388 729 2557 782 usque
2590 712 2654 767 ad
2683 723 3000 769 senectutem
3032 717 3382 773 continentis-

197 813 259 866 ἢ
317 805 445 852 τινες
492 787 708 859 ἱέρειαι
741 794 851 846 τοῦ
886 797 1009 849 τῶν
1043 799 1179 852 ὅλων
1210 798 1360 860 Θεοῦ,
1404 797 1499 868 τὴν
1529 797 1722 850 ἀνωτάτ

1872 801 2005 854 sime
2028 801 2251 869 egerint,
2279 801 2629 857 institutionis
2657 817 2774 871 qua:
2801 803 2866 857 de
2904 805 3079 858 verbis
3112 805 3253 859 illius
3280 810 3378 859 ha-

223 885 380 961 πικρίαν
398 881 827 952 ὰσπασὰμεναι,
864 888 1131 958 οὐρανίου
1163 906 1221 942 τε
1255 888 1436 956 σοφίας
1479 888 1636 959 ἔρωτι
1679 889 1748 959 ληη

1870 887 1983 941 beri
2004 890 2186 951 soleat,
2213 891 2505 945 certissima
2533 900 2835 959 argumenta
2858 900 3108 960 praestare
3131 886 3376 962 possunt:

229 980 428 1049 φεῖσαι,
456 971 564 1025 τῶν
614 972 720 1041 μὲν
758 976 979 1045 σαρκὸς
1014 977 1246 1045 ἐγγόνων
1274 977 1555 1047 ηλόγησαν,
1605 977 1754 1045 ψυχῆς

1870 974 2047 1045 Neque
2086 978 2183 1031 viri
2236 981 2407 1035 solum
2447 982 2545 1035 sub
2582 982 2672 1033 illo
2703 983 2837 1035 duce
2884 982 2949 1035 ad
2978 982 3118 1037 hunc
3160 986 3375 1039 modum

236 1072 278 1122 δὲ
302 1069 462 1119 πᾶσαν
489 1063 822 1133 ἐπιμέλειαν
855 1069 1231 1137 πεποιηκυῖαι,
1275 1067 1398 1129 ὅλας
1440 1066 1602 1129 αὑτάς
1633 1064 1761 1134 αὑτίξ

1869 1067 2322 1136 philosophantur,
2365 1070 2456 1126 sed
2504 1070 2814 1125 lbminarnm
2854 1087 3062 1141 quoque
3094 1079 3171 1127 t0t
3210 1076 3374 1129 millia

236 1158 413 1225 σώματι
442 1154 532 1207 καὶ
559 1153 717 1223 ψυχῇ
751 1153 837 1223 τῷ
871 1155 1207 1223 παμϐασιλεί
1235 1156 1325 1208 καὶ
1366 1154 1481 1224 Θεῷ
1510 1154 1614 1207 τῶν
1643 1155 1761 1207 ὅλωι

1908 1171 1963 1209 er
1992 1165 2157 1211 totum
2184 1159 2387 1222 orbem,
2432 1167 2490 1213 ut
2521 1175 2678 1229 quam
2707 1162 2870 1213 multa
2904 1162 3010 1215 sint
3052 1175 3157 1214 non
3192 1162 3375 1216 dicen-
3405 1200 3433 1234 ο

230 1242 631 1305 ἀνατεθείκασιν,
663 1242 904 1309 ἁγνείαν
929 1243 1163 1313 παντελῆ
1188 1245 1278 1296 καὶ
1299 1243 1586 1313 παρθενίαν
1606 1244 1755 1312 ἀσκή-

1868 1244 1991 1298 dum
2019 1261 2136 1300 esse
2166 1247 2425 1310 videatur,
2454 1263 2569 1316 qua:
2613 1249 2763 1316 quasi
2804 1249 3043 1318 quzedam
3073 1250 3372 1307 sacerdotes

223 1330 417 1381 σασθαι.
466 1329 606 1382 "Eva
652 1328 761 1397 μὲν
807 1325 904 1382 οὖν
954 1331 1241 1399 μηλοϐότον
1288 1331 1637 1385 καταλιπόντα
1677 1332 1748 1401 τὴ*

1866 1333 2029 1389 Deum
2049 1335 2279 1390 universi
2303 1338 2555 1401 colentes,
2569 1339 3372 1408 supremamque-philosophiam

210 1420 392 1472 ἑαυτοῦ
424 1421 612 1490 χώραν
648 1420 938 1489 προφάσει
970 1421 1276 1490 φιλοσοφίας
1302 1423 1513 1490 ἄγουσιν
1549 1417 1645 1475 ὧδε
1676 1424 1735 1475 κά

1866 1422 2135 1491 amplexae,
2185 1430 2342 1490 atque
2391 1437 2570 1477 amore
2611 1424 2843 1479 caelestis
2885 1427 3154 1493 sapientia:
3186 1437 3370 1494 captae,

193 1508 351 1558 κεῖσε
396 1506 808 1576 περιφέροντες
868 1506 1130 1577 Ἑλλήνων
1187 1508 1383 1571 παῖδες·
1447 1508 1718 1579 Δημόκριτε

1864 1506 2025 1574 prolis
2057 1506 2269 1573 quidem
2310 1523 2372 1562 ac
2415 1509 2721 1573 liberorum,
2764 1518 2944 1580 utpote
2972 1514 3060 1582 qui
3084 1514 3151 1567 ad
3181 1530 3372 1583 corpus

176 1595 374 1656 trimi;
405 1591 565 1658 οὗτος
598 1590 697 1665 ἦν·
738 1597 839 1650 καὶ
869 1596 1092 1666 Κράτης
1132 1592 1210 1659 εἷς
1252 1599 1378 1667 παρ’
1426 1598 1601 1660 αὑτοῖς
1647 1598 1701 1651 Oa

1864 1594 2181 1661 pertineant,
2215 1595 2410 1648 nullam
2448 1596 2643 1652 habent
2684 1601 2960 1663 rationem,
2990 1602 3216 1656 animam
3248 1618 3373 1658 vero

155 1682 446 1752 μάζεται,
481 1684 573 1735 ὅτι
607 1683 706 1753 δὴ,
758 1672 1091 1753 τὴνόὑσίαν
1132 1684 1432 1737 καταλιπὼν
1472 1688 1580 1749 τοῖς
1622 1703 1680 1738 πε

1864 1682 2005 1734 οιιιιιί
2026 1682 2296 1751 diligentia
2322 1696 2585 1747 curantes,
2613 1694 2749 1740 totas
2779 1689 2980 1758 seipsas
3006 1691 3120 1758 ipso
3151 1692 3371 1761 corpore

142 1773 506 1835 ταμςναὺτὺς
540 1773 773 1836 ἑαυτὸν,
795 1771 1018 1843 Κράτης
1036 1773 1311 1844 Κράτητα,
1327 1773 1607 1845 ἠλευθέρου
1640 1792 1667 1827 κ

1865 1777 2023 1838 atque
2043 1771 2237 1833 animo,
2270 1773 2379 1841 regi
2408 1775 2643 1827 omnium
2673 1777 3007 1845 universique
3035 1778 3140 1832 Deo
3160 1779 3370 1835 dedica-

132 1858 400 1924 πάξων·
446 1867 499 1916 οἱ
544 1866 612 1919 δὲ
654 1862 773 1917 τῶν
810 1864 985 1935 Ἰησοῦ
1017 1864 1183 1931 λόγων
1214 1864 1444 1935 ζηλωταὶ
1476 1844 1649 1936 μυρίοι

1866 1869 2014 1924 runt,
2044 1868 2102 1912 ut
2133 1861 2209 1914 sic
2245 1862 2447 1931 integra
2476 1872 2830 1935 perpetuaque
2857 1844 3099 1924 castitate
3125 1886 3187 1924 ac
3214 1873 3369 1941 virgi-

118 1962 207 2033 ἀρι
232 1946 442 2014 ὁμὸν,
477 1950 605 2004 ἀλλ’
642 1952 752 2021 οὑχ
784 1947 865 2014 εἷς
895 1952 1013 2003 οὑδὲ
1041 1951 1150 2015 δύο,
1182 1953 1279 2015 τὰς
1309 1954 1522 2023 κτήσεις
1551 1955 1643 2007 ἀπε

1861 1948 2023 2002 nitate
2048 1948 2352 2019 fungantur.
2394 1953 2453 2005 Et
2481 1951 2645 2007 Graeci
2695 1956 2906 2024 quidem
2946 1973 3065 2011 eum
3108 1961 3199 2029 qui
3243 1962 3366 2014 olim

112 2052 471 2113 λέτκαντες,
509 2041 728 2110 πένησι
762 2041 859 2094 καὶ
878 2041 1075 2093 ὲνδεέσι
1108 2040 1541 2111 μεταδεδώκασιν,
1573 2036 1637 2097 ὧι

1855 2037 2146 2107 jactatione
2178 2041 2521 2111 philosophis:
2551 2046 2815 2113 regionem
2853 2063 3002 2102 suam
3033 2049 3100 2103 ab
3126 2051 3367 2105 hostibus

125 2106 339 2197 ξξίιῖι
366 2106 738 2199 ⁶τυγχάνομεν
774 2127 1063 2199 μάρτυρες,
1098 2106 1469 2200 συγγενόμενοι
1495 2130 1650 2184 τοιούπ

1861 2106 2227 2196 depOpulatam
2260 2106 2415 2201 atque
2464 2106 2719 2189 vastatam
2768 2139 2993 2207 reliquit,
3042 2142 3216 2196 verbis
3263 2143 3367 2197 huc

171 2228 285 2275 τι).
341 2216 519 2279 αὐτοῖς
569 2217 789 2287 ἔργοις,
844 2216 957 2269 ἀλλ’
1002 2217 1060 2268 οὑ
1092 2215 1268 2284 λόγοις
1311 2218 1483 2286 μόνοις
1526 2219 1623 2287 τῆς
1672 2238 1696 2272 τ

1861 2224 2016 2285 atque
2044 2220 2167 2272 illuc
2192 2220 2573 2276 circumferunt
2599 2236 2753 2293 atque
2779 2231 3053 2284 extollunt.
3101 2230 3366 2285 Democri-

223 2305 382 2374 Ἰησοῦ
423 2305 751 2376 μαθητείας
809 2306 1102 2368 συνιδόντες
1140 2306 1207 2358 τὰ
1255 2306 1654 2378 κατορθώματα.
1703 2310 1744 2362 Τ

1864 2312 1950 2359 tus
1986 2307 2074 2361 hic
2103 2316 2185 2362 est
2217 2309 2353 2377 apud
2379 2311 2517 2374 illos,
2548 2320 2599 2365 et
2621 2313 2804 2369 Crates
2829 2332 2964 2371 unus
2986 2319 3121 2386 apud
3152 2319 3363 2375 eosdem

207 2396 317 2467 χρὴ
352 2396 556 2465 λέγειν,
594 2397 803 2450 ὁπόσαι
851 2395 1100 2465 μυριάδες
1130 2396 1223 2449 καὶ⁵
1266 2396 1437 2449 αὐτῶν
1470 2396 1732 2468 βαρϐάρωκ.

1860 2392 2208 2448 admiratione
2237 2394 2426 2462 dignus
2454 2405 2689 2465 putatur,
2722 2401 2879 2469 quod,
2916 2394 2973 2456 re
3002 2419 3095 2457 sua
3119 2404 3363 2460 familiari

199 2488 328 2556 οὐχὶ
348 2486 397 2539 δὲ
431 2486 605 2556 μόνον
647 2485 941 2554 Ἑλλήνων,
977 2484 1161 2537 ἐκτῶν
1199 2483 1366 2554 Ἰησοῦ
1397 2485 1564 2553 λόγων
1593 2489 1724 2541 πᾶσα

1859 2477 2064 2533 civibus
2108 2480 2221 2534 suis
2251 2483 2456 2545 relicta,
2496 2484 2609 2553 ipse
2634 2487 2865 2554 seipsum
2892 2488 3076 2544 Crates
3100 2493 3362 2546 Cratetem

207 2577 315 2646 μὲν
348 2574 743 2648 ὑπερεκκύψαι
778 2573 1035 2626 πολὺΘεΟν
1078 2573 1300 2643 πλάνην,
1331 2575 1419 2627 τὸν
1459 2574 1514 2627 δὲ
1545 2575 1728 2647 Σωτῆρ

1858 2564 1914 2619 in
1949 2567 2243 2623 libertatem
2272 2571 2567 2627 vindicasse
2595 2575 2887 2643 jactaverit.
2911 2578 2978 2632 At
3004 2580 3141 2633 enim
3177 2582 3363 2636 verbo-

204 2664 309 2718 καὶ
332 2665 670 2736 δημιουργὸν
700 2663 856 2717 τοῦδε
878 2662 969 2716 τοῦ
992 2664 1204 2730 παντὸς,
1236 2665 1389 2733 μόνον
1420 2666 1606 2719 εἰδέναι
1636 2666 1729 2719 Θεδ

1858 2670 1978 2709 rum
2021 2656 2147 2712 Jesu
2183 2661 2516 2717 aemulatores
2571 2664 3003 2732 innumerabiles,
3038 2685 3143 2723 non
3189 2680 3362 2726 autem

205 2754 633 2825 ἐμαρτύρησαη
668 2751 729 2805 ὃν
760 2751 928 2804 πάλαι
960 2751 1253 2820 φιλοσόφων
1283 2748 1361 2815 εἷς
1394 2753 1545 2822 μόνος
1570 2756 1598 2806 ό
1627 2753 1730 2805 Πλά

1857 2762 1996 2802 unus
2019 2749 2271 2804 duntaxat
2301 2751 2515 2819 alterve,
2545 2753 2833 2808 divenditas
2854 2759 3215 2825 possessiones
3236 2775 3366 2828 pau-

203 2858 323 2895 των
348 2842 518 2907 εἰδὼς,
573 2845 663 2905 είς
696 2842 908 2904 πάντας
952 2840 1197 2910 ἐκφέρειν
1238 2840 1498 2910 ὡμολόγει
1532 2842 1603 2911 μὴ
1646 2840 1728 2894 τολ

1858 2838 2069 2906 peribus
2114 2849 2269 2909 atque
2310 2841 2667 2910 indigentibus
2718 2845 3132 2914 impertivernnt,
3171 2848 3363 2917 quibus

208 2934 344 3003 μᾷν,
383 2934 684 3005 διαρρήδην
735 2933 974 3001 φάσκων·
998 2952 1016 2985 ι
1040 2934 1140 2986 Τὸν
1174 2934 1267 3002 μὲν
1308 2928 1399 2985 οὖν
1430 2933 1631 3002 πατέρα
1672 2950 1733 2985 κα

1856 2924 2012 2978 etiam
2050 2940 2148 2980 nos
2177 2930 2341 2980 testes
2379 2927 2653 2990 adsumus,
2679 2931 2769 2998 qui
2796 2930 2988 2985 versati
3022 2946 3205 2985 sumus
3243 2946 3361 2985 cum

205 3021 528 3093 δημιουργὸν
570 3022 734 3075 τοῦδε
778 3022 870 3074 τοῦ
919 3021 1110 3084 παντὸς
1154 3022 1329 3091 εὑρεῖν
1366 3038 1425 3074 τε
1465 3021 1639 3092 ἔργον,
1672 3039 1730 3075 κο

1856 3015 2071 3078 talibus,
2100 3015 2294 3085 quique
2319 3015 2495 3080 factis,
2524 3018 2714 3073 nedum
2744 3021 2937 3083 verbis,
2961 3035 3141 3075 eorum
3167 3020 3361 3075 olIicio-

207 3110 433 3180 εὑρόντα
464 3115 545 3175 είς
579 3112 799 3174 πάντας
820 3110 1072 3163 ἀδύνατον
1102 3110 1294 3178 λέγειν.
1336 3129 1355 3161 ι
1391 3110 1544 3163 Ἀλλὰ
1576 3111 1732 3164 ὲκείνι

1856 3116 1975 3155 rum
1998 3102 2119 3156 facti
2140 3105 2360 3170 conscii,
2382 3122 2498 3174 qua:
2529 3107 2602 3160 illi
2632 3108 2684 3159 in
2708 3105 2831 3162 Jesu
2859 3107 3136 3176 disciplina
3158 3109 3363 3177 praesti-

214 3198 329 3268 μὲν
351 3202 434 3255 καὶ
463 3201 626 3271 ἔργον
659 3202 844 3270 εὑρεῖν
884 3199 1051 3252 ἐδόκει
1083 3199 1142 3251 τὸ
1184 3202 1427 3269 πρᾶγμα,
1473 3200 1564 3253 καὶ
1593 3196 1658 3271 ἦν
1687 3201 1739 3253 ὡς

1857 3191 2035 3245 terint.
2054 3190 2312 3247 Caeterum
2340 3192 2465 3262 quid
2484 3209 2565 3248 me
2584 3184 2788 3263 oportet
2807 3194 2999 3259 dicere,
3020 3211 3176 3265 quam
3197 3197 3362 3250 multa

212 3288 424 3357 ἀληθῶς
457 3292 722 3360 μέγιστον
745 3305 762 3321 ⁶
799 3289 1054 3343 ἀδύνατον
1091 3289 1147 3343 δὲ
1177 3287 1244 3358 ἦν
1274 3290 1417 3359 αὑτῷ
1467 3289 1636 3358 λέγειν
1684 3293 1737 3343 εἰς

1855 3279 2019 3333 millia
2041 3281 2197 3335 etiam
2221 3280 2494 3335 hominum
2518 3283 2876 3349 barbarorum,
2906 3300 3011 3338 non
3037 3286 3190 3339 modo
3217 3285 3361 3339 Gras-

215 3372 438 3437 πάντας,
465 3376 545 3427 ὃτι
580 3374 660 3445 μὴ
692 3375 876 3442 παρῆν
919 3374 1063 3443 αὑτῷ
1105 3373 1334 3444 τοσαύτη
1370 3392 1449 3437 τις
1490 3376 1740 3437 εὐσεϐείας

1856 3382 2058 3432 eorum,
2089 3384 2152 3423 ex
2196 3371 2470 3439 praeceptis
2503 3370 2629 3425 Jesn
2671 3387 2878 3425 omnem
2919 3374 3124 3427 colendi
3166 3375 3363 3432 multos

216 3459 456 3529 δύναμις,
487 3465 588 3534 ὅση
618 3466 737 3526 τοῖς
768 3463 940 3533 Ἰησοῦ
1008 3462 1289 3532 μαθηταῖς,
1322 3457 1400 3525 οἷς
1429 3461 1514 3515 διὰ
1543 3464 1639 3532 τῆς
1669 3463 1741 3515 τοί

1855 3456 1982 3511 deos
2008 3472 2241 3512 errorem
2268 3460 2617 3513 transilicrint
2635 3468 2789 3528 atque
2809 3461 3164 3528 despexerint,
3190 3471 3241 3516 et
3263 3463 3363 3516 hu-

218 3549 536 3605 Διδασκάλου
589 3552 878 3622 συνεργίας
932 3552 1021 3604 τὸν
1059 3552 1266 3622 πατέρα
1316 3552 1406 3605 καὶ
1446 3551 1743 3622 δημιουργδι

1852 3546 1940 3615 jus
1971 3547 2204 3599 universi
2234 3557 2500 3616 parentem
2535 3557 2687 3617 atque
2713 3549 2951 3616 opiﬁcem
2991 3549 3154 3602 Deum
3195 3566 3359 3604 unum

223 3637 343 3688 τῶν
366 3639 485 3693 ὅλων
515 3643 698 3712 εὑρεῖν
730 3657 789 3693 τε
823 3639 916 3693 καὶ
963 3639 1160 3707 γνῶναι
1205 3640 1382 3710 ῥᾴδιον
1424 3638 1626 3707 γέγονε,
1671 3642 1748 3694 ml

1856 3650 1914 3690 se
1937 3650 2222 3705 agnoscere
2232 3635 2603 3690 alIirmaverint
2618 3638 2639 3689 ?
2657 3636 2821 3701 Quem
2840 3641 3174 3705 antiquorum
3194 3639 3363 3705 philo-

229 3727 469 3796 εὑροῦσιν
495 3733 573 3792 εἰς
595 3732 706 3784 πᾶν
728 3729 882 3798 γένος
902 3727 1194 3797 ἀνθρώπων
1224 3727 1540 3795 ἐξενεγκεῖν,
1572 3729 1754 3781 ἀνακα-

1855 3724 2140 3792 scphorum
2165 3724 2250 3776 vix
2273 3739 2411 3779 unus
2434 3724 2584 3779 Plato
2611 3740 2729 3780 cum
2752 3727 3101 3796 cognovisset.
3129 3742 3237 3781 non
3265 3741 3363 3782 au-

227 3815 390 3884 164m
429 3837 486 3873 τε
526 3821 620 3872 καὶ
664 3819 971 3890 πληρῶσαι,
1018 3820 1111 3873 καὶ
1166 3816 1396 3888 κηρύξαι
1447 3815 1540 3886 τὴν
1570 3817 1752 3884 γνῶσιν

1855 3809 1978 3865 dere
2008 3825 2065 3865 se
2095 3809 2280 3865 ell‘erre
2303 3811 2358 3864 in
2379 3826 2561 3866 omnes
2586 3813 2755 3881 palam
2778 3813 3049 3883 professus
3072 3822 3173 3876 est,
3207 3814 3361 3883 plane

234 3907 409 3969 πᾶσιν,
436 3907 569 3961 ὥστε
602 3910 668 3961 ὲκ
700 3908 798 3977 τῆς
829 3907 1005 3960 αὑτῶν
1037 3908 1252 3960 ἐκείνων
1295 3904 1626 3967 διδασκαλίας
1651 3909 1759 3959 είσ-

1857 3898 2143 3960 adirmans.
2181 3917 2200 3949 ι
2239 3907 2505 3968 parentem
2541 3902 2750 3969 quidem
2787 3910 2942 3970 atque
2971 3903 3212 3971 opiﬁcem
3239 3902 3359 3957 uni-

232 3990 320 4042 έτι
360 3995 437 4049 νῦν
471 3996 611 4050 κατὰ
652 3996 748 4049 τὸν
794 3996 1036 4066 παρόντα
1077 3995 1264 4068 καιρὸν
1286 3997 1342 4047 ὲν
1371 3992 1506 4056 ὅλοις
1534 3997 1641 4057 τοῖς
1672 3997 1757 4048 ἐπὶ

1853 3989 1994 4044 versi
2007 3988 2182 4058 hujus,
2193 3996 2244 4042 et
2256 3989 2488 4043 invenire
2502 3989 2708 4043 diilicile
2721 4005 2856 4053 esse,
2873 4002 2923 4045 et
2939 4005 3058 4045 cum
3073 3992 3355 4055 inveneris.

240 4083 349 4151 ﬁ;
363 4084 513 4141 ἔθνεσι
546 4087 717 4158 μυρία
749 4084 924 4156 πλήθη
957 4085 1017 4137 οὑ
1061 4086 1213 4155 μόνον
1257 4085 1477 4155 ἀνδρῶν,
1509 4085 1639 4140 ἀλλὰ
1669 4087 1760 4139 καὶ

1954 4080 2005 4135 di
2018 4080 2072 4133 in
2090 4082 2276 4149 vulgus
2286 4095 2390 4134 non
2407 4080 2817 4149 posse.»Verum
2840 4082 2911 4136 illi
2934 4083 3141 4151 quidem
3154 4085 3383 4141 etinve—.
3468 4101 3479 4113 '

238 4176 507 4241 τυναικῶν,
538 4178 633 4229 καὶ
668 4174 896 4239 παίδων,
921 4173 1139 4227 οίκετῶν
1166 4191 1224 4226 τε
1249 4174 1342 4227 καὶ
1372 4175 1651 4244 ἀγροίκων,
1674 4192 1759 4228 το-

1854 4169 1969 4223 nire
1994 4167 2217 4222 dilﬁcilis
2231 4169 2345 4223 visa
2372 4176 2452 4222 est
2470 4183 2556 4222 res
2585 4174 2639 4221 et
2678 4183 2860 4224 revera
2889 4170 3071 4239 ingens
3096 4174 3358 4239 negotium

238 4261 412 4318 cova
437 4266 511 4335 τῷ
538 4265 631 4319 τοῦ
664 4264 950 4326 Πλάτωνος
985 4262 1057 4333 μὴ
1076 4263 1368 4328 πείθεσθαι,
1400 4264 1474 4328 ὡς
1502 4265 1590 4318 τὸν
1617 4282 1759 4337 ποιη-

1853 4269 1954 4316 est.
1972 4261 2036 4315 At
2070 4274 2197 4315 vero
2239 4259 2375 4314 idem
2403 4259 2669 4328 publicare
2690 4260 2743 4312 in
2761 4272 2961 4322 omnes,
2983 4260 3361 4329 enuntiareqne

236 4349 338 4419 τὴν
377 4357 458 4408 καὶ
500 4355 830 4426 δημιουργὸν
870 4353 1020 4407 τοῦδε
1057 4353 1149 4406 τοῦ
1189 4355 1383 4419 παντὸς
1425 4354 1576 4425 μόνον
1630 4356 1756 4409 Θεὸν

1859 4353 2009 4423 130
2018 4367 2123 4408 non
2139 4353 2325 4421 potuit,
2342 4356 2617 4419 propterea
2633 4350 2773 4418 quod
2789 4365 2891 4403 non
2905 4358 3052 4403 tanta
3070 4350 3141 4403 illi
3154 4351 3361 4420 pietatis

237 4443 517 4509 γνωρίζειν,
534 4424 632 4497 καὶ
664 4424 823 4514 μόνον
856 4442 1052 4505 σέϐειν,
1084 4444 1176 4496 καὶ
1206 4444 1361 4513 μόνον
1389 4443 1475 4496 διά
1504 4443 1594 4497 τοῦ
1626 4444 1755 4515 Χρι-

1852 4459 1976 4513 erga
1997 4443 2158 4497 Deum
2185 4443 2266 4497 vis
2284 4441 2484 4504 aderat,
2501 4449 2693 4510 quanta
2706 4438 2831 4494 Jesu
2848 4441 3142 4510 discipulis,
3169 4442 3361 4510 quibus

232 4525 361 4577 ⁸τοῦ
394 4532 669 4602 θεολογεῖν.
720 4530 886 4585 Ταῦτ’
925 4526 995 4601 ἦν
1024 4531 1114 4583 τοῦ
1148 4532 1265 4585 νέου
1297 4533 1389 4585 καὶ
1417 4533 1595 4586 καινοὺ
1629 4534 1754 4604 γόη-

1853 4546 1953 4600 ope
1993 4530 2290 4599 auxilioque
2315 4529 2682 4598 praeceptoris,
2711 4537 2980 4598 parentem
3017 4527 3361 4597 opiﬁcemquc

235 4627 326 4675 τος
351 4621 408 4674 τὰ
434 4620 849 4693 κατορθώματα·
883 4619 1103 4672 τοιαῦτα
1133 4620 1223 4673 τοῦ
1255 4619 1593 4692 νομιζομένου
1624 4622 1753 4675 πλά-

1852 4619 2170 4680 universi,et
2199 4618 2453 4680 invenire,
2469 4626 2519 4670 et
2535 4618 3182 4686 agnoscere,illaboratum
3207 4629 3270 4667 ac
3283 4613 3364 4667 fa-

206 4718 327 4777 _9W
349 4711 406 4764 τὰ
433 4712 795 4782 γοητεύματα·
833 4707 931 4762 καὶ
960 4709 1144 4761 τοιοίδε
1180 4711 1226 4760 οἱ
1257 4710 1347 4761 τοῦ
1383 4710 1551 4780 Ἰησοὺ
1588 4710 1731 4782 μαθηι

1854 4713 1953 4767 cile
1965 4708 2182 4777 contigit
2197 4724 2212 4773 ;
2227 4716 2278 4761 et
2294 4716 2570 4776 postquam
2589 4707 2918 4769 invenerunt,
2933 4706 3089 4760 etiam
3105 4703 3288 4758 ell‘erre
3305 4702 3360 4756 in

234 4793 428 4871 “319'
442 4795 512 4856 ὧν
526 4802 608 4854 δεῖ
619 4801 709 4854 τὸν
724 4796 1046 4852 διδάσκαλον
1058 4797 1253 4859 ὁποῖός,
1266 4814 1344 4859 τις
1363 4794 1428 4868 ἦν
1459 4798 1749 4870 γνωρίζειν.

1855 4812 2011 4854 omne
2041 4810 2205 4865 genus
2236 4794 2525 4858 hominum,
2554 4791 2880 4860 prodereque
2909 4798 2962 4843 et
3005 4788 3285 4856 complere,
3310 4795 3363 4839 et

228 4880 429 4945 Pumice
438 4892 721 4946 enuntiare
740 4886 997 4943 omnibus
1017 4886 1156 4955 quod
1173 4897 1539 4954 cognoverant,
1561 4890 1690 4943 adeo
1710 4889 1939 4958 quidem,
1958 4892 2014 4938 ut
2033 4899 2095 4939 ex
2116 4883 2324 4936 illorum
2341 4881 2616 4950 disciplina
2632 4895 2801 4949 usque
2822 4880 2875 4932 in
2889 4891 3118 4946 praesens
3132 4882 3361 4943 tempus,

198 4979 323 5045 ,νει
347 4992 526 5036 omnes
572 4994 699 5050 qua:
759 4984 894 5032 sunt
949 4975 1005 5028 in
1035 4975 1164 5028 orbe
1195 4982 1451 5029 terrarum
1507 4985 1710 5047 gentes,
1743 4984 2036 5032 conventus
2086 4970 2527 5033 innumerabiles,
2574 4985 2681 5022 non
2736 4968 2971 5020 virorum
3019 4966 3220 5024 solum,
3270 4963 3363 5017 sed

162 5106 165 5113 ι
225 5057 386 5122 “iam
431 5070 785 5132 feminarum,
825 5073 885 5121 et
938 5079 1249 5133 puerorum,
1297 5072 1348 5117 et
1389 5080 1679 5131 servorum,
1710 5076 1763 5121 et
1800 5065 2082 5137 agrestium
2131 5059 2426 5121 hominum,
2490 5064 2693 5111 tantum
2736 5057 2892 5118 absit,
2959 5060 3017 5106 ut
3041 5050 3244 5105 Platoni
3271 5052 3364 5106 ob-

223 5151 506 5219 ιειυιιεεινιειιί
532 5165 629 5213 aut
671 5155 947 5217 credant,
975 5160 1033 5206 ut
1085 5157 1373 5214 auctorem,
1438 5153 1777 5223 opiﬁcemqne
1812 5150 2042 5221 universi
2071 5147 2254 5217 hujus,
2315 5144 2485 5199 solum
2526 5142 2691 5198 Deum
2728 5147 3033 5211 agnoscant,
3063 5140 3234 5196 solum
3271 5153 3367 5193 co-

206 5231 352 5305 ¹³¹¹ει
387 5250 450 5306 de
478 5249 599 5303 solo
625 5259 732 5317 per
758 5232 1083 5301 Christum,
1145 5244 1206 5290 ut
1245 5237 1310 5290 de
1358 5236 1462 5291 Deo
1492 5241 1790 5309 loquantur.
1826 5241 1890 5294 Hi
1919 5246 2044 5294 sunt
2073 5236 2196 5292 novi
2228 5233 2385 5301 hujus
2439 5246 2502 5286 ac
2545 5231 2774 5286 recentis
2799 5228 3197 5298 praestigiatoris
3241 5241 3365 5282 suc-

158 5321 395 5401 ,msus
426 5355 442 5391 :
474 5336 606 5389 talia
628 5316 795 5401 eius,
832 5325 935 5396 qui
999 5324 1334 5379 existimatur
1381 5326 1626 5383 seductor
1676 5331 2083 5393 incantamenta,
2147 5324 2381 5393 talesque
2420 5320 2588 5390 ipsius
2618 5318 2742 5374 Iesu
2786 5318 3054 5388 discipuli,
3081 5317 3147 5372 de
3171 5316 3364 5385 quibus

168 5400 495 5496 ’f‘eptor
526 5400 726 5492 qualis
762 5412 945 5470 fuerit
969 5411 1213 5481 c0gnosci
1238 5411 1442 5466 debeat.

501 5477 610 5572 ἔζη,
648 5518 756 5559 και
768 5498 991 5588 ’ταδὶ-ιη
1010 5477 1271 5588 γον
1288 5498 1731 5575 διερευνησώμεθα

1923 5507 2179 5562 Caeterum
2209 5503 2312 5557 alia
2345 5514 2555 5571 quoque
2573 5501 2795 5557 ratione.
2826 5497 2880 5552 id
2901 5496 2967 5551 de
2987 5508 3093 5588 quo
3112 5493 3361 5588 quaeritur

126 5558 728 5676 κστ-φιλέω.
759 5583 813 5642 τι»
858 5558 1035 5676 «e3:-
1057 5558 1203 5676 ειν
1346 5558 1629 5661 έαρμάκέει

1854 5596 2143 5650 videamus.
2180 5558 2621 5660 Pratstigiat'orem
2663 5603 2791 5644 sane
2822 5587 2971 5639 illum
2994 5582 3129 5636 dicis
3152 5580 3315 5633 fuisse
3346 5596 3358 5627 :

108 5643 183 5691 ων
228 5643 484 5679 \“Yu’
521 5643 727 5658 "'""
1000 5643 1013 5648 '
1056 5667 1081 5694 τ
1158 5671 1173 5693 ,
1244 5667 1272 5689 τ
1358 5643 1371 5656 ·
1426 5643 1475 5690 ⁵,·

299 5697 388 5754 καὶ
411 5684 739 5749 ἀπατεῶνα
792 5672 1010 5736 καλεῖς.
1080 5673 1156 5744 Δρ
1215 5688 1310 5777 0w.
1352 5692 1564 5748 πρώτος
1604 5698 1633 5736 α

1854 5682 2139 5752 quinetiam
2164 5643 2458 5738 veneﬁcium)
2488 5679 2887 5739 callidissimum
2928 5676 3363 5740 deceptoremque
