  <div class='ocr_page' id='page_1' title='image "/cluster/home/n/w/nwhite01/storage/ocr_20150623/22 (Eusebius; pt. 4)/nyp.33433081862355/129.png"; bbox 0 0 3862 6348; ppageno 0'>
   <div class='ocr_carea' id='block_1_1' title="bbox 885 421 979 476">
    <p class='ocr_par' dir='ltr' id='par_1_1' title="bbox 885 421 979 476">
     <span class='ocr_line' id='line_1_1' title="bbox 885 421 979 476; baseline -0.043 1"><span class='ocrx_word' id='word_1_1' title='bbox 885 421 979 476; x_wconf 67' lang='lat'><strong>93!</strong></span> 
     </span>
    </p>
   </div>
   <div class='ocr_carea' id='block_1_2' title="bbox 1515 382 3448 462">
    <p class='ocr_par' dir='ltr' id='par_1_2' title="bbox 1515 382 3448 462">
     <span class='ocr_line' id='line_1_2' title="bbox 1515 382 3448 462; baseline -0.014 0"><span class='ocrx_word' id='word_1_2' title='bbox 1515 405 1775 462; x_wconf 77' lang='lat' dir='ltr'><strong>EUSEBH</strong></span> <span class='ocrx_word' id='word_1_3' title='bbox 1820 397 2286 459; x_wconf 65' lang='lat' dir='ltr'><strong>CESARIENSIS</strong></span> <span class='ocrx_word' id='word_1_4' title='bbox 2324 396 2470 454; x_wconf 79' lang='lat' dir='ltr'><strong>OPP.</strong></span> <span class='ocrx_word' id='word_1_5' title='bbox 2501 393 2696 450; x_wconf 76' lang='lat' dir='ltr'><strong>PARS.</strong></span> <span class='ocrx_word' id='word_1_6' title='bbox 2734 391 2802 448; x_wconf 83' lang='lat' dir='ltr'><strong>ll.</strong></span> <span class='ocrx_word' id='word_1_7' title='bbox 2838 421 2912 438; x_wconf 86' lang='lat'><strong>--</strong></span> <span class='ocrx_word' id='word_1_8' title='bbox 2944 382 3448 445; x_wconf 82' lang='lat' dir='ltr'><strong>APOLOGETICA</strong></span> 
     </span>
    </p>
   </div>
   <div class='ocr_carea' id='block_1_3' title="bbox 886 488 2411 590">
    <p class='ocr_par' dir='ltr' id='par_1_3' title="bbox 886 508 2411 590">
     <span class='ocr_line' id='line_1_3' title="bbox 886 508 2411 590; baseline -0.015 -8"><span class='ocrx_word' id='word_1_9' title='bbox 886 545 1062 585; x_wconf 81' lang='lat' dir='ltr'><strong>vocas.</strong></span> <span class='ocrx_word' id='word_1_10' title='bbox 1096 519 1359 590; x_wconf 83' lang='lat' dir='ltr'><strong>Numquid</strong></span> <span class='ocrx_word' id='word_1_11' title='bbox 1395 520 1555 589; x_wconf 89' lang='lat' dir='ltr'><strong>igitur</strong></span> <span class='ocrx_word' id='word_1_12' title='bbox 1581 517 1784 586; x_wconf 92' lang='lat' dir='ltr'><strong>primus</strong></span> <span class='ocrx_word' id='word_1_13' title='bbox 1813 515 1901 567; x_wconf 94' lang='lat' dir='ltr'><strong>ille</strong></span> <span class='ocrx_word' id='word_1_14' title='bbox 1926 522 1978 567; x_wconf 92' lang='lat' dir='ltr'><strong>et</strong></span> <span class='ocrx_word' id='word_1_15' title='bbox 2016 510 2162 566; x_wconf 92' lang='lat' dir='ltr'><strong>solus</strong></span> <span class='ocrx_word' id='word_1_16' title='bbox 2191 508 2411 575; x_wconf 88' lang='lat' dir='ltr'><strong>hujusce</strong></span> 
     </span>
    </p>
   </div>
   <div class='ocr_carea' id='block_1_4' title="bbox 1922 488 3447 590">
    <p class='ocr_par' dir='ltr' id='par_1_4' title="bbox 1926 488 3447 575">
     <span class='ocr_line' id='line_1_4' title="bbox 1926 488 3447 575; baseline -0.016 -8"><span class='ocrx_word' id='word_1_17' title='bbox 1926 522 1978 567; x_wconf 91' lang='lat' dir='ltr'><strong>et</strong></span> <span class='ocrx_word' id='word_1_18' title='bbox 2016 510 2162 566; x_wconf 90' lang='lat' dir='ltr'><strong>solus</strong></span> <span class='ocrx_word' id='word_1_19' title='bbox 2191 508 2414 575; x_wconf 87' lang='lat' dir='ltr'><strong>hujusce</strong></span> <span class='ocrx_word' id='word_1_20' title='bbox 2442 511 2483 565; x_wconf 82' lang='grc' dir='ltr'>Α</span> <span class='ocrx_word' id='word_1_21' title='bbox 2513 505 2603 557; x_wconf 77' lang='grc' dir='ltr'><strong>καὶ</strong></span> <span class='ocrx_word' id='word_1_22' title='bbox 2632 502 2784 571; x_wconf 86' lang='grc' dir='ltr'>μόνος</span> <span class='ocrx_word' id='word_1_23' title='bbox 2815 500 3037 570; x_wconf 72' lang='grc' dir='ltr'>εὑρετὴς</span> <span class='ocrx_word' id='word_1_24' title='bbox 3067 497 3313 563; x_wconf 79' lang='grc' dir='ltr'>κατέστη</span> <span class='ocrx_word' id='word_1_25' title='bbox 3350 488 3447 544; x_wconf 80' lang='grc' dir='ltr'>τοῐ</span> 
     </span>
    </p>
   </div>
   <div class='ocr_carea' id='block_1_5' title="bbox 885 582 2410 672">
    <p class='ocr_par' dir='ltr' id='par_1_5' title="bbox 885 596 2408 672">
     <span class='ocr_line' id='line_1_5' title="bbox 885 596 2408 672; baseline -0.017 1"><span class='ocrx_word' id='word_1_26' title='bbox 885 619 961 672; x_wconf 92' lang='lat' dir='ltr'><strong>rei</strong></span> <span class='ocrx_word' id='word_1_27' title='bbox 1007 616 1247 666; x_wconf 82' lang='lat' dir='ltr'><strong>inventor</strong></span> <span class='ocrx_word' id='word_1_28' title='bbox 1277 608 1501 669; x_wconf 79' lang='lat' dir='ltr'><strong>exstitit,</strong></span> <span class='ocrx_word' id='word_1_29' title='bbox 1551 619 1618 658; x_wconf 88' lang='lat' dir='ltr'><strong>an</strong></span> <span class='ocrx_word' id='word_1_30' title='bbox 1664 616 1790 656; x_wconf 82' lang='lat' dir='ltr'><strong>vero</strong></span> <span class='ocrx_word' id='word_1_31' title='bbox 1829 602 1896 654; x_wconf 89' lang='lat' dir='ltr'><strong>de</strong></span> <span class='ocrx_word' id='word_1_32' title='bbox 1937 613 2104 659; x_wconf 89' lang='lat' dir='ltr'><strong>more,</strong></span> <span class='ocrx_word' id='word_1_33' title='bbox 2147 596 2211 649; x_wconf 90' lang='lat' dir='ltr'><strong>ad</strong></span> <span class='ocrx_word' id='word_1_34' title='bbox 2264 599 2408 664; x_wconf 90' lang='lat' dir='ltr'><strong>ipsos</strong></span> 
     </span>
    </p>
   </div>
   <div class='ocr_carea' id='block_1_6' title="bbox 1922 582 3447 672">
    <p class='ocr_par' dir='ltr' id='par_1_6' title="bbox 1937 582 3447 664">
     <span class='ocr_line' id='line_1_6' title="bbox 1937 582 3447 664; baseline -0.013 -13"><span class='ocrx_word' id='word_1_35' title='bbox 1937 613 2104 659; x_wconf 88' lang='lat' dir='ltr'><strong>more,</strong></span> <span class='ocrx_word' id='word_1_36' title='bbox 2147 596 2211 649; x_wconf 88' lang='lat' dir='ltr'><strong>ad</strong></span> <span class='ocrx_word' id='word_1_37' title='bbox 2264 599 2408 664; x_wconf 90' lang='lat' dir='ltr'><strong>ipsos</strong></span> <span class='ocrx_word' id='word_1_38' title='bbox 2505 611 2601 656; x_wconf 90' lang='grc' dir='ltr'><strong>τας</strong></span> <span class='ocrx_word' id='word_1_39' title='bbox 2639 609 2739 645; x_wconf 90' lang='grc' dir='ltr'><strong>που</strong></span> <span class='ocrx_word' id='word_1_40' title='bbox 2776 590 2912 642; x_wconf 78' lang='grc' dir='ltr'>κατὰ</span> <span class='ocrx_word' id='word_1_41' title='bbox 2944 589 3004 640; x_wconf 78' lang='grc' dir='ltr'><strong>τὸ</strong></span> <span class='ocrx_word' id='word_1_42' title='bbox 3035 584 3335 639; x_wconf 87' lang='grc' dir='ltr'>ἀκόλουθον</span> <span class='ocrx_word' id='word_1_43' title='bbox 3369 582 3447 640; x_wconf 76' lang='grc' dir='ltr'><strong>είς</strong></span> 
     </span>
    </p>
   </div>
   <div class='ocr_carea' id='block_1_7' title="bbox 885 685 2410 776">
    <p class='ocr_par' dir='ltr' id='par_1_7' title="bbox 885 685 2410 776">
     <span class='ocr_line' id='line_1_7' title="bbox 885 685 2410 776; baseline -0.014 -16"><span class='ocrx_word' id='word_1_44' title='bbox 885 714 1236 776; x_wconf 63' lang='grc' dir='ltr'>ριάξοερῐοινες</span> <span class='ocrx_word' id='word_1_45' title='bbox 1282 700 1430 751; x_wconf 87' lang='lat' dir='ltr'><strong>initia</strong></span> <span class='ocrx_word' id='word_1_46' title='bbox 1473 695 1672 750; x_wconf 85' lang='lat' dir='ltr'><strong>referre</strong></span> <span class='ocrx_word' id='word_1_47' title='bbox 1707 691 1954 762; x_wconf 85' lang='lat' dir='ltr'><strong>oportet?</strong></span> <span class='ocrx_word' id='word_1_48' title='bbox 1981 688 2112 742; x_wconf 87' lang='lat' dir='ltr'><strong>Nam</strong></span> <span class='ocrx_word' id='word_1_49' title='bbox 2167 687 2214 741; x_wconf 90' lang='lat' dir='ltr'><strong>si</strong></span> <span class='ocrx_word' id='word_1_50' title='bbox 2265 685 2410 738; x_wconf 91' lang='lat' dir='ltr'><strong>nullo</strong></span> 
     </span>
    </p>
   </div>
   <div class='ocr_carea' id='block_1_8' title="bbox 886 775 2412 857">
    <p class='ocr_par' dir='ltr' id='par_1_8' title="bbox 886 775 2412 857">
     <span class='ocr_line' id='line_1_8' title="bbox 886 775 2412 857; baseline -0.014 -10"><span class='ocrx_word' id='word_1_51' title='bbox 886 795 1108 847; x_wconf 81' lang='lat' dir='ltr'><strong>docente</strong></span> <span class='ocrx_word' id='word_1_52' title='bbox 1151 791 1263 857; x_wconf 84' lang='lat' dir='ltr'><strong>ipse</strong></span> <span class='ocrx_word' id='word_1_53' title='bbox 1307 787 1510 856; x_wconf 85' lang='lat' dir='ltr'><strong>primus</strong></span> <span class='ocrx_word' id='word_1_54' title='bbox 1540 785 1791 852; x_wconf 87' lang='lat' dir='ltr'><strong>solusque</strong></span> <span class='ocrx_word' id='word_1_55' title='bbox 1831 784 2073 850; x_wconf 58' lang='lat' dir='ltr'><strong>inventor</strong></span> <span class='ocrx_word' id='word_1_56' title='bbox 2114 776 2273 844; x_wconf 87' lang='lat' dir='ltr'><strong>hujus</strong></span> <span class='ocrx_word' id='word_1_57' title='bbox 2307 775 2412 826; x_wconf 85' lang='lat' dir='ltr'><strong>fuit</strong></span> 
     </span>
    </p>
   </div>
   <div class='ocr_carea' id='block_1_9' title="bbox 887 867 2412 950">
    <p class='ocr_par' dir='ltr' id='par_1_9' title="bbox 887 867 2412 950">
     <span class='ocr_line' id='line_1_9' title="bbox 887 867 2412 950; baseline -0.011 -14"><span class='ocrx_word' id='word_1_58' title='bbox 887 882 1126 950; x_wconf 62' lang='lat' dir='ltr'><strong>incepti,</strong></span> <span class='ocrx_word' id='word_1_59' title='bbox 1159 882 1230 933; x_wconf 85' lang='lat' dir='ltr'><strong>ita</strong></span> <span class='ocrx_word' id='word_1_60' title='bbox 1262 888 1318 931; x_wconf 92' lang='lat' dir='ltr'><strong>ut</strong></span> <span class='ocrx_word' id='word_1_61' title='bbox 1360 878 1488 930; x_wconf 77' lang='lat' dir='ltr'><strong>nihil</strong></span> <span class='ocrx_word' id='word_1_62' title='bbox 1527 890 1745 944; x_wconf 85' lang='lat' dir='ltr'><strong>prorsus</strong></span> <span class='ocrx_word' id='word_1_63' title='bbox 1775 875 1840 927; x_wconf 90' lang='lat' dir='ltr'><strong>ab</strong></span> <span class='ocrx_word' id='word_1_64' title='bbox 1870 874 1987 926; x_wconf 90' lang='lat' dir='ltr'><strong>aliis</strong></span> <span class='ocrx_word' id='word_1_65' title='bbox 2022 886 2244 939; x_wconf 81' lang='lat' dir='ltr'><strong>usquam</strong></span> <span class='ocrx_word' id='word_1_66' title='bbox 2274 867 2412 921; x_wconf 91' lang='lat' dir='ltr'><strong>didi-</strong></span> 
     </span>
    </p>
   </div>
   <div class='ocr_carea' id='block_1_10' title="bbox 886 955 2410 1034">
    <p class='ocr_par' dir='ltr' id='par_1_10' title="bbox 886 955 2410 1034">
     <span class='ocr_line' id='line_1_10' title="bbox 886 955 2410 1034; baseline -0.009 -13"><span class='ocrx_word' id='word_1_67' title='bbox 886 968 1042 1030; x_wconf 90' lang='lat' dir='ltr'><strong>cerit,</strong></span> <span class='ocrx_word' id='word_1_68' title='bbox 1073 981 1244 1034; x_wconf 92' lang='lat' dir='ltr'><strong>neque</strong></span> <span class='ocrx_word' id='word_1_69' title='bbox 1271 965 1337 1018; x_wconf 90' lang='lat' dir='ltr'><strong>ab</strong></span> <span class='ocrx_word' id='word_1_70' title='bbox 1370 963 1604 1031; x_wconf 80' lang='lat' dir='ltr'><strong>antiquis</strong></span> <span class='ocrx_word' id='word_1_71' title='bbox 1634 960 2018 1029; x_wconf 78' lang='lat' dir='ltr'><strong>compilarerit,</strong></span> <span class='ocrx_word' id='word_1_72' title='bbox 2055 973 2152 1010; x_wconf 88' lang='lat' dir='ltr'><strong>cur</strong></span> <span class='ocrx_word' id='word_1_73' title='bbox 2187 971 2293 1010; x_wconf 88' lang='lat' dir='ltr'><strong>non</strong></span> <span class='ocrx_word' id='word_1_74' title='bbox 2328 955 2410 1008; x_wconf 88' lang='lat' dir='ltr'><strong>di-</strong></span> 
     </span>
    </p>
   </div>
   <div class='ocr_carea' id='block_1_11' title="bbox 886 1045 2415 1117">
    <p class='ocr_par' dir='ltr' id='par_1_11' title="bbox 886 1045 2415 1117">
     <span class='ocr_line' id='line_1_11' title="bbox 886 1045 2415 1117; baseline -0.008 -8"><span class='ocrx_word' id='word_1_75' title='bbox 886 1059 1066 1111; x_wconf 86' lang='lat' dir='ltr'><strong>vinam</strong></span> <span class='ocrx_word' id='word_1_76' title='bbox 1099 1056 1174 1108; x_wconf 88' lang='lat' dir='ltr'><strong>illi</strong></span> <span class='ocrx_word' id='word_1_77' title='bbox 1222 1062 1465 1107; x_wconf 91' lang='lat' dir='ltr'><strong>naturam</strong></span> <span class='ocrx_word' id='word_1_78' title='bbox 1495 1051 1723 1104; x_wconf 89' lang='lat' dir='ltr'><strong>tribuere</strong></span> <span class='ocrx_word' id='word_1_79' title='bbox 1760 1055 2021 1117; x_wconf 82' lang='lat' dir='ltr'><strong>oporteat,</strong></span> <span class='ocrx_word' id='word_1_80' title='bbox 2050 1048 2139 1116; x_wconf 86' lang='lat' dir='ltr'><strong>qui</strong></span> <span class='ocrx_word' id='word_1_81' title='bbox 2167 1046 2328 1099; x_wconf 91' lang='lat' dir='ltr'><strong>nullis</strong></span> <span class='ocrx_word' id='word_1_82' title='bbox 2351 1045 2415 1098; x_wconf 91' lang='lat' dir='ltr'><strong>li-</strong></span> 
     </span>
    </p>
   </div>
   <div class='ocr_carea' id='block_1_12' title="bbox 851 1137 2416 1212">
    <p class='ocr_par' dir='ltr' id='par_1_12' title="bbox 851 1137 2416 1212">
     <span class='ocr_line' id='line_1_12' title="bbox 851 1137 2416 1212; baseline -0.01 -10"><span class='ocrx_word' id='word_1_83' title='bbox 851 1149 872 1176; x_wconf 82' lang='grc'>⁶</span> <span class='ocrx_word' id='word_1_84' title='bbox 887 1147 1022 1210; x_wconf 84' lang='lat' dir='ltr'><strong>bris,</strong></span> <span class='ocrx_word' id='word_1_85' title='bbox 1043 1145 1203 1198; x_wconf 90' lang='lat' dir='ltr'><strong>nullis</strong></span> <span class='ocrx_word' id='word_1_86' title='bbox 1228 1141 1523 1212; x_wconf 71' lang='lat' dir='ltr'><strong>prmceptis,</strong></span> <span class='ocrx_word' id='word_1_87' title='bbox 1544 1156 1637 1195; x_wconf 92' lang='lat' dir='ltr'><strong>seu</strong></span> <span class='ocrx_word' id='word_1_88' title='bbox 1665 1137 2097 1210; x_wconf 59' lang='lat' dir='ltr'><strong>praeceptoribus,</strong></span> <span class='ocrx_word' id='word_1_89' title='bbox 2115 1151 2210 1191; x_wconf 88' lang='lat' dir='ltr'><strong>sua</strong></span> <span class='ocrx_word' id='word_1_90' title='bbox 2229 1147 2416 1205; x_wconf 84' lang='lat' dir='ltr'><strong>sponte</strong></span> 
     </span>
    </p>
   </div>
   <div class='ocr_carea' id='block_1_13' title="bbox 887 1231 2416 1303">
    <p class='ocr_par' dir='ltr' id='par_1_13' title="bbox 887 1231 2416 1303">
     <span class='ocr_line' id='line_1_13' title="bbox 887 1231 2416 1303; baseline -0.007 -12"><span class='ocrx_word' id='word_1_91' title='bbox 887 1237 1112 1291; x_wconf 88' lang='lat' dir='ltr'><strong>edoctus</strong></span> <span class='ocrx_word' id='word_1_92' title='bbox 1144 1249 1236 1303; x_wconf 87' lang='lat' dir='ltr'><strong>per</strong></span> <span class='ocrx_word' id='word_1_93' title='bbox 1277 1233 1532 1301; x_wconf 91' lang='lat' dir='ltr'><strong>seipsum,</strong></span> <span class='ocrx_word' id='word_1_94' title='bbox 1576 1233 1750 1284; x_wconf 90' lang='lat' dir='ltr'><strong>omnis</strong></span> <span class='ocrx_word' id='word_1_95' title='bbox 1794 1231 2086 1298; x_wconf 63' lang='lat' dir='ltr'><strong>disciplinae</strong></span> <span class='ocrx_word' id='word_1_96' title='bbox 2112 1244 2298 1297; x_wconf 81' lang='lat' dir='ltr'><strong>capax,</strong></span> <span class='ocrx_word' id='word_1_97' title='bbox 2333 1235 2416 1280; x_wconf 60' lang='lat' dir='ltr'><strong>ta-</strong></span> 
     </span>
    </p>
   </div>
   <div class='ocr_carea' id='block_1_14' title="bbox 890 1315 2418 1388">
    <p class='ocr_par' dir='ltr' id='par_1_14' title="bbox 890 1315 2418 1388">
     <span class='ocr_line' id='line_1_14' title="bbox 890 1315 2418 1388; baseline -0.007 -10"><span class='ocrx_word' id='word_1_98' title='bbox 890 1327 1020 1379; x_wconf 90' lang='lat' dir='ltr'><strong>lium</strong></span> <span class='ocrx_word' id='word_1_99' title='bbox 1049 1339 1229 1378; x_wconf 87' lang='lat' dir='ltr'><strong>rerum</strong></span> <span class='ocrx_word' id='word_1_100' title='bbox 1260 1324 1512 1376; x_wconf 87' lang='lat' dir='ltr'><strong>inventor</strong></span> <span class='ocrx_word' id='word_1_101' title='bbox 1542 1320 1837 1375; x_wconf 79' lang='lat' dir='ltr'><strong>exstiterit?</strong></span> <span class='ocrx_word' id='word_1_102' title='bbox 1865 1318 2023 1388; x_wconf 84' lang='lat' dir='ltr'><strong>Atqui</strong></span> <span class='ocrx_word' id='word_1_103' title='bbox 2049 1333 2220 1386; x_wconf 88' lang='lat' dir='ltr'><strong>neque</strong></span> <span class='ocrx_word' id='word_1_104' title='bbox 2244 1315 2418 1370; x_wconf 87' lang='lat' dir='ltr'><strong>sordi-</strong></span> 
     </span>
    </p>
   </div>
   <div class='ocr_carea' id='block_1_15' title="bbox 893 1407 2417 1480">
    <p class='ocr_par' dir='ltr' id='par_1_15' title="bbox 893 1407 2417 1480">
     <span class='ocr_line' id='line_1_15' title="bbox 893 1407 2417 1480; baseline -0.007 -12"><span class='ocrx_word' id='word_1_105' title='bbox 893 1415 974 1468; x_wconf 68' lang='grc' dir='ltr'>(ιω</span> <span class='ocrx_word' id='word_1_106' title='bbox 1000 1414 1226 1480; x_wconf 88' lang='lat' dir='ltr'><strong>alicujus</strong></span> <span class='ocrx_word' id='word_1_107' title='bbox 1257 1413 1406 1473; x_wconf 91' lang='lat' dir='ltr'><strong>artis,</strong></span> <span class='ocrx_word' id='word_1_108' title='bbox 1437 1426 1608 1479; x_wconf 90' lang='lat' dir='ltr'><strong>neque</strong></span> <span class='ocrx_word' id='word_1_109' title='bbox 1632 1409 1904 1463; x_wconf 85' lang='lat' dir='ltr'><strong>rationalis</strong></span> <span class='ocrx_word' id='word_1_110' title='bbox 1925 1409 2221 1478; x_wconf 91' lang='lat' dir='ltr'><strong>cujuspiam</strong></span> <span class='ocrx_word' id='word_1_111' title='bbox 2244 1407 2417 1461; x_wconf 80' lang='lat' dir='ltr'><strong>scien-</strong></span> 
     </span>
    </p>
   </div>
   <div class='ocr_carea' id='block_1_16' title="bbox 893 1493 2414 1572">
    <p class='ocr_par' dir='ltr' id='par_1_16' title="bbox 893 1493 2414 1572">
     <span class='ocr_line' id='line_1_16' title="bbox 893 1493 2414 1572; baseline -0.009 -14"><span class='ocrx_word' id='word_1_112' title='bbox 893 1507 998 1567; x_wconf 68' lang='lat' dir='ltr'><strong>tiae,</strong></span> <span class='ocrx_word' id='word_1_113' title='bbox 1029 1519 1089 1557; x_wconf 92' lang='lat' dir='ltr'><strong>ac</strong></span> <span class='ocrx_word' id='word_1_114' title='bbox 1114 1521 1180 1557; x_wconf 89' lang='lat' dir='ltr'><strong>ne</strong></span> <span class='ocrx_word' id='word_1_115' title='bbox 1209 1503 1499 1572; x_wconf 89' lang='lat' dir='ltr'><strong>primorum</strong></span> <span class='ocrx_word' id='word_1_116' title='bbox 1530 1499 1742 1569; x_wconf 85' lang='lat' dir='ltr'><strong>quidem</strong></span> <span class='ocrx_word' id='word_1_117' title='bbox 1775 1499 2153 1552; x_wconf 87' lang='lat' dir='ltr'><strong>elementorum</strong></span> <span class='ocrx_word' id='word_1_118' title='bbox 2175 1493 2414 1562; x_wconf 86' lang='lat' dir='ltr'><strong>discipli-</strong></span> 
     </span>
    </p>
   </div>
   <div class='ocr_carea' id='block_1_17' title="bbox 894 1587 2418 1662">
    <p class='ocr_par' dir='ltr' id='par_1_17' title="bbox 894 1587 2418 1662">
     <span class='ocr_line' id='line_1_17' title="bbox 894 1587 2418 1662; baseline -0.007 -13"><span class='ocrx_word' id='word_1_119' title='bbox 894 1611 1017 1649; x_wconf 92' lang='lat' dir='ltr'><strong>nam</strong></span> <span class='ocrx_word' id='word_1_120' title='bbox 1059 1604 1117 1648; x_wconf 92' lang='lat' dir='ltr'><strong>ut</strong></span> <span class='ocrx_word' id='word_1_121' title='bbox 1167 1594 1449 1662; x_wconf 87' lang='lat' dir='ltr'><strong>percipias,</strong></span> <span class='ocrx_word' id='word_1_122' title='bbox 1488 1593 1602 1646; x_wconf 90' lang='lat' dir='ltr'><strong>sine</strong></span> <span class='ocrx_word' id='word_1_123' title='bbox 1628 1590 1763 1644; x_wconf 92' lang='lat' dir='ltr'><strong>duce</strong></span> <span class='ocrx_word' id='word_1_124' title='bbox 1802 1604 1864 1643; x_wconf 90' lang='lat' dir='ltr'><strong>ac</strong></span> <span class='ocrx_word' id='word_1_125' title='bbox 1888 1596 2211 1658; x_wconf 79' lang='lat' dir='ltr'><strong>praeceptore</strong></span> <span class='ocrx_word' id='word_1_126' title='bbox 2241 1587 2418 1655; x_wconf 88' lang='lat' dir='ltr'><strong>aliquo</strong></span> 
     </span>
    </p>
   </div>
   <div class='ocr_carea' id='block_1_18' title="bbox 893 1685 2418 1754">
    <p class='ocr_par' dir='ltr' id='par_1_18' title="bbox 893 1685 2418 1754">
     <span class='ocr_line' id='line_1_18' title="bbox 893 1685 2418 1754; baseline -0.007 -13"><span class='ocrx_word' id='word_1_127' title='bbox 893 1687 1004 1741; x_wconf 77' lang='lat' dir='ltr'><strong>fieri</strong></span> <span class='ocrx_word' id='word_1_128' title='bbox 1042 1693 1232 1754; x_wconf 87' lang='lat' dir='ltr'><strong>potest,</strong></span> <span class='ocrx_word' id='word_1_129' title='bbox 1281 1685 1471 1738; x_wconf 84' lang='lat' dir='ltr'><strong>nedum</strong></span> <span class='ocrx_word' id='word_1_130' title='bbox 1512 1699 1576 1737; x_wconf 84' lang='lat' dir='ltr'><strong>ea</strong></span> <span class='ocrx_word' id='word_1_131' title='bbox 1616 1698 1733 1751; x_wconf 73' lang='lat' dir='ltr'><strong>qua:</strong></span> <span class='ocrx_word' id='word_1_132' title='bbox 1782 1689 2023 1734; x_wconf 78' lang='lat' dir='ltr'><strong>naturain</strong></span> <span class='ocrx_word' id='word_1_133' title='bbox 2083 1693 2418 1733; x_wconf 91' lang='lat' dir='ltr'><strong>communem</strong></span> 
     </span>
    </p>
   </div>
   <div class='ocr_carea' id='block_1_19' title="bbox 894 1769 2418 1845">
    <p class='ocr_par' dir='ltr' id='par_1_19' title="bbox 894 1769 2418 1845">
     <span class='ocr_line' id='line_1_19' title="bbox 894 1769 2418 1845; baseline -0.009 -14"><span class='ocrx_word' id='word_1_134' title='bbox 894 1785 1164 1845; x_wconf 88' lang='lat' dir='ltr'><strong>superant.</strong></span> <span class='ocrx_word' id='word_1_135' title='bbox 1186 1773 1374 1826; x_wconf 80' lang='lat' dir='ltr'><strong>Nullus</strong></span> <span class='ocrx_word' id='word_1_136' title='bbox 1402 1781 1545 1827; x_wconf 89' lang='lat' dir='ltr'><strong>certe</strong></span> <span class='ocrx_word' id='word_1_137' title='bbox 1566 1787 1796 1840; x_wconf 88' lang='lat' dir='ltr'><strong>unquam</strong></span> <span class='ocrx_word' id='word_1_138' title='bbox 1822 1786 1914 1839; x_wconf 90' lang='lat' dir='ltr'><strong>per</strong></span> <span class='ocrx_word' id='word_1_139' title='bbox 1945 1785 2002 1824; x_wconf 91' lang='lat' dir='ltr'><strong>se</strong></span> <span class='ocrx_word' id='word_1_140' title='bbox 2029 1769 2217 1822; x_wconf 92' lang='lat' dir='ltr'><strong>doctus</strong></span> <span class='ocrx_word' id='word_1_141' title='bbox 2243 1781 2418 1836; x_wconf 81' lang='lat' dir='ltr'><strong>gram—</strong></span> 
     </span>
    </p>
   </div>
   <div class='ocr_carea' id='block_1_20' title="bbox 895 1855 2418 1933">
    <p class='ocr_par' dir='ltr' id='par_1_20' title="bbox 895 1855 2418 1933">
     <span class='ocr_line' id='line_1_20' title="bbox 895 1855 2418 1933; baseline -0.008 -14"><span class='ocrx_word' id='word_1_142' title='bbox 895 1867 1101 1920; x_wconf 64' lang='lat' dir='ltr'><strong>matica}</strong></span> <span class='ocrx_word' id='word_1_143' title='bbox 1123 1872 1414 1933; x_wconf 61' lang='lat' dir='ltr'><strong>praeceptor</strong></span> <span class='ocrx_word' id='word_1_144' title='bbox 1442 1863 1596 1915; x_wconf 86' lang='lat' dir='ltr'><strong>nobis</strong></span> <span class='ocrx_word' id='word_1_145' title='bbox 1617 1862 1871 1927; x_wconf 90' lang='lat' dir='ltr'><strong>occurrit,</strong></span> <span class='ocrx_word' id='word_1_146' title='bbox 1899 1875 2072 1929; x_wconf 88' lang='lat' dir='ltr'><strong>neque</strong></span> <span class='ocrx_word' id='word_1_147' title='bbox 2099 1859 2298 1920; x_wconf 88' lang='lat' dir='ltr'><strong>rhetor,</strong></span> <span class='ocrx_word' id='word_1_148' title='bbox 2328 1855 2418 1924; x_wconf 91' lang='lat' dir='ltr'><strong>qui</strong></span> 
     </span>
    </p>
   </div>
   <div class='ocr_carea' id='block_1_21' title="bbox 897 1946 2421 2021">
    <p class='ocr_par' dir='ltr' id='par_1_21' title="bbox 897 1946 2421 2021">
     <span class='ocr_line' id='line_1_21' title="bbox 897 1946 2421 2021; baseline -0.007 -13"><span class='ocrx_word' id='word_1_149' title='bbox 897 1970 1002 2009; x_wconf 92' lang='lat' dir='ltr'><strong>non</strong></span> <span class='ocrx_word' id='word_1_150' title='bbox 1031 1954 1098 2007; x_wconf 90' lang='lat' dir='ltr'><strong>ab</strong></span> <span class='ocrx_word' id='word_1_151' title='bbox 1128 1954 1307 2021; x_wconf 90' lang='lat' dir='ltr'><strong>aliquo</strong></span> <span class='ocrx_word' id='word_1_152' title='bbox 1340 1951 1606 2016; x_wconf 82' lang='lat' dir='ltr'><strong>didicerit,</strong></span> <span class='ocrx_word' id='word_1_153' title='bbox 1646 1966 1817 2019; x_wconf 91' lang='lat' dir='ltr'><strong>neque</strong></span> <span class='ocrx_word' id='word_1_154' title='bbox 1847 1950 1936 2018; x_wconf 93' lang='lat' dir='ltr'><strong>qui</strong></span> <span class='ocrx_word' id='word_1_155' title='bbox 1981 1959 2166 2016; x_wconf 88' lang='lat' dir='ltr'><strong>suopte</strong></span> <span class='ocrx_word' id='word_1_156' title='bbox 2211 1946 2421 2015; x_wconf 81' lang='lat' dir='ltr'><strong>ingenio</strong></span> 
     </span>
    </p>
   </div>
   <div class='ocr_carea' id='block_1_22' title="bbox 896 2037 2424 2108">
    <p class='ocr_par' dir='ltr' id='par_1_22' title="bbox 896 2037 2424 2108">
     <span class='ocr_line' id='line_1_22' title="bbox 896 2037 2424 2108; baseline -0.005 -11"><span class='ocrx_word' id='word_1_157' title='bbox 896 2044 1135 2098; x_wconf 87' lang='lat' dir='ltr'><strong>medicus</strong></span> <span class='ocrx_word' id='word_1_158' title='bbox 1171 2043 1416 2103; x_wconf 76' lang='lat' dir='ltr'><strong>evaserit,</strong></span> <span class='ocrx_word' id='word_1_159' title='bbox 1473 2056 1645 2108; x_wconf 90' lang='lat' dir='ltr'><strong>neque</strong></span> <span class='ocrx_word' id='word_1_160' title='bbox 1702 2040 2046 2101; x_wconf 85' lang='lat' dir='ltr'><strong>architectus,</strong></span> <span class='ocrx_word' id='word_1_161' title='bbox 2079 2052 2250 2106; x_wconf 90' lang='lat' dir='ltr'><strong>neque</strong></span> <span class='ocrx_word' id='word_1_162' title='bbox 2293 2037 2424 2089; x_wconf 87' lang='lat' dir='ltr'><strong>alte-</strong></span> 
     </span>
    </p>
   </div>
   <div class='ocr_carea' id='block_1_23' title="bbox 896 2128 2423 2204">
    <p class='ocr_par' dir='ltr' id='par_1_23' title="bbox 896 2128 2423 2204">
     <span class='ocr_line' id='line_1_23' title="bbox 896 2128 2423 2204; baseline -0.007 -14"><span class='ocrx_word' id='word_1_163' title='bbox 896 2138 1009 2190; x_wconf 88' lang='lat' dir='ltr'><strong>rius</strong></span> <span class='ocrx_word' id='word_1_164' title='bbox 1039 2136 1332 2204; x_wconf 90' lang='lat' dir='ltr'><strong>cujuspiam</strong></span> <span class='ocrx_word' id='word_1_165' title='bbox 1363 2134 1434 2186; x_wconf 88' lang='lat' dir='ltr'><strong>rei</strong></span> <span class='ocrx_word' id='word_1_166' title='bbox 1481 2133 1672 2185; x_wconf 78' lang='lat' dir='ltr'><strong>artifex</strong></span> <span class='ocrx_word' id='word_1_167' title='bbox 1706 2150 1721 2186; x_wconf 90' lang='lat'>:</span> <span class='ocrx_word' id='word_1_168' title='bbox 1754 2139 1805 2185; x_wconf 92' lang='lat' dir='ltr'><strong>et</strong></span> <span class='ocrx_word' id='word_1_169' title='bbox 1851 2131 1960 2184; x_wconf 79' lang='lat' dir='ltr'><strong>haec</strong></span> <span class='ocrx_word' id='word_1_170' title='bbox 1993 2130 2201 2198; x_wconf 89' lang='lat' dir='ltr'><strong>quidem</strong></span> <span class='ocrx_word' id='word_1_171' title='bbox 2233 2128 2423 2197; x_wconf 80' lang='lat' dir='ltr'><strong>exigua</strong></span> 
     </span>
    </p>
   </div>
   <div class='ocr_carea' id='block_1_24' title="bbox 897 2219 2426 2294">
    <p class='ocr_par' dir='ltr' id='par_1_24' title="bbox 897 2219 2426 2294">
     <span class='ocr_line' id='line_1_24' title="bbox 897 2219 2426 2294; baseline -0.006 -15"><span class='ocrx_word' id='word_1_172' title='bbox 897 2227 1075 2279; x_wconf 85' lang='lat' dir='ltr'><strong>omnia</strong></span> <span class='ocrx_word' id='word_1_173' title='bbox 1104 2235 1260 2294; x_wconf 88' lang='lat' dir='ltr'><strong>atque</strong></span> <span class='ocrx_word' id='word_1_174' title='bbox 1284 2225 1529 2277; x_wconf 86' lang='lat' dir='ltr'><strong>humana.</strong></span> <span class='ocrx_word' id='word_1_175' title='bbox 1560 2220 1709 2275; x_wconf 73' lang='lat' dir='ltr'><strong>Vera:</strong></span> <span class='ocrx_word' id='word_1_176' title='bbox 1729 2229 1902 2274; x_wconf 87' lang='lat' dir='ltr'><strong>autem</strong></span> <span class='ocrx_word' id='word_1_177' title='bbox 1932 2220 2143 2290; x_wconf 87' lang='lat' dir='ltr'><strong>pietatis</strong></span> <span class='ocrx_word' id='word_1_178' title='bbox 2171 2220 2305 2272; x_wconf 91' lang='lat' dir='ltr'><strong>inter</strong></span> <span class='ocrx_word' id='word_1_179' title='bbox 2331 2219 2426 2271; x_wconf 89' lang='lat' dir='ltr'><strong>ho-</strong></span> 
     </span>
    </p>
   </div>
   <div class='ocr_carea' id='block_1_25' title="bbox 901 2305 2426 2378">
    <p class='ocr_par' dir='ltr' id='par_1_25' title="bbox 901 2305 2426 2378">
     <span class='ocr_line' id='line_1_25' title="bbox 901 2305 2426 2378; baseline -0.007 -10"><span class='ocrx_word' id='word_1_180' title='bbox 901 2316 1070 2369; x_wconf 88' lang='lat' dir='ltr'><strong>mines</strong></span> <span class='ocrx_word' id='word_1_181' title='bbox 1095 2314 1386 2374; x_wconf 80' lang='lat' dir='ltr'><strong>doctorein,</strong></span> <span class='ocrx_word' id='word_1_182' title='bbox 1435 2311 1612 2364; x_wconf 86' lang='lat' dir='ltr'><strong>dicere</strong></span> <span class='ocrx_word' id='word_1_183' title='bbox 1648 2309 1929 2378; x_wconf 76' lang='lat' dir='ltr'><strong>praestigiis</strong></span> <span class='ocrx_word' id='word_1_184' title='bbox 1959 2307 2273 2376; x_wconf 89' lang='lat' dir='ltr'><strong>quibusdam</strong></span> <span class='ocrx_word' id='word_1_185' title='bbox 2298 2305 2426 2358; x_wconf 90' lang='lat' dir='ltr'><strong>talia</strong></span> 
     </span>
    </p>
   </div>
   <div class='ocr_carea' id='block_1_26' title="bbox 902 2396 2428 2469">
    <p class='ocr_par' dir='ltr' id='par_1_26' title="bbox 902 2396 2428 2469">
     <span class='ocr_line' id='line_1_26' title="bbox 902 2396 2428 2469; baseline -0.009 -10"><span class='ocrx_word' id='word_1_186' title='bbox 902 2405 1282 2469; x_wconf 79' lang='lat' dir='ltr'><strong>introduxisse,</strong></span> <span class='ocrx_word' id='word_1_187' title='bbox 1315 2417 1379 2454; x_wconf 87' lang='lat' dir='ltr'><strong>eo</strong></span> <span class='ocrx_word' id='word_1_188' title='bbox 1412 2417 1515 2468; x_wconf 87' lang='lat' dir='ltr'><strong>quo</strong></span> <span class='ocrx_word' id='word_1_189' title='bbox 1555 2400 1684 2451; x_wconf 80' lang='lat' dir='ltr'><strong>vixit</strong></span> <span class='ocrx_word' id='word_1_190' title='bbox 1728 2408 1983 2466; x_wconf 86' lang='lat' dir='ltr'><strong>tempore.</strong></span> <span class='ocrx_word' id='word_1_191' title='bbox 2013 2396 2271 2463; x_wconf 88' lang='lat' dir='ltr'><strong>ejusmodi</strong></span> <span class='ocrx_word' id='word_1_192' title='bbox 2306 2410 2428 2463; x_wconf 86' lang='lat' dir='ltr'><strong>pro-</strong></span> 
     </span>
    </p>
   </div>
   <div class='ocr_carea' id='block_1_27' title="bbox 902 2484 2425 2565">
    <p class='ocr_par' dir='ltr' id='par_1_27' title="bbox 902 2484 2425 2565">
     <span class='ocr_line' id='line_1_27' title="bbox 902 2484 2425 2565; baseline -0.009 -16"><span class='ocrx_word' id='word_1_193' title='bbox 902 2497 1108 2565; x_wconf 85' lang='lat' dir='ltr'><strong>digiosa</strong></span> <span class='ocrx_word' id='word_1_194' title='bbox 1155 2492 1592 2558; x_wconf 85' lang='lat' dir='ltr'><strong>admirabiliaque</strong></span> <span class='ocrx_word' id='word_1_195' title='bbox 1647 2489 1785 2542; x_wconf 82' lang='lat' dir='ltr'><strong>facta</strong></span> <span class='ocrx_word' id='word_1_196' title='bbox 1829 2488 2079 2548; x_wconf 88' lang='lat' dir='ltr'><strong>edidisse,</strong></span> <span class='ocrx_word' id='word_1_197' title='bbox 2127 2484 2425 2553; x_wconf 90' lang='lat' dir='ltr'><strong>cujusmodi</strong></span> 
     </span>
    </p>
   </div>
   <div class='ocr_carea' id='block_1_28' title="bbox 904 2574 2429 2653">
    <p class='ocr_par' dir='ltr' id='par_1_28' title="bbox 904 2574 2429 2653">
     <span class='ocr_line' id='line_1_28' title="bbox 904 2574 2429 2653; baseline -0.006 -16"><span class='ocrx_word' id='word_1_198' title='bbox 904 2600 1073 2653; x_wconf 87' lang='lat' dir='ltr'><strong>nuper</strong></span> <span class='ocrx_word' id='word_1_199' title='bbox 1133 2583 1234 2651; x_wconf 91' lang='lat' dir='ltr'><strong>ipsi</strong></span> <span class='ocrx_word' id='word_1_200' title='bbox 1287 2581 1647 2649; x_wconf 77' lang='lat' dir='ltr'><strong>exposuimus,</strong></span> <span class='ocrx_word' id='word_1_201' title='bbox 1711 2578 1975 2646; x_wconf 86' lang='lat' dir='ltr'><strong>talemque</strong></span> <span class='ocrx_word' id='word_1_202' title='bbox 2034 2574 2185 2629; x_wconf 87' lang='lat' dir='ltr'><strong>illum</strong></span> <span class='ocrx_word' id='word_1_203' title='bbox 2243 2582 2429 2641; x_wconf 88' lang='lat' dir='ltr'><strong>suapte</strong></span> 
     </span>
    </p>
   </div>
   <div class='ocr_carea' id='block_1_29' title="bbox 909 2662 2429 2741">
    <p class='ocr_par' dir='ltr' id='par_1_29' title="bbox 909 2662 2429 2741">
     <span class='ocr_line' id='line_1_29' title="bbox 909 2662 2429 2741; baseline -0.008 -16"><span class='ocrx_word' id='word_1_204' title='bbox 909 2673 1058 2741; x_wconf 77' lang='lat'><strong>131</strong></span> <span class='ocrx_word' id='word_1_205' title='bbox 1094 2679 1283 2724; x_wconf 89' lang='lat' dir='ltr'><strong>natura</strong></span> <span class='ocrx_word' id='word_1_206' title='bbox 1333 2683 1534 2737; x_wconf 87' lang='lat' dir='ltr'><strong>suaque</strong></span> <span class='ocrx_word' id='word_1_207' title='bbox 1584 2673 1773 2734; x_wconf 88' lang='lat' dir='ltr'><strong>sponte</strong></span> <span class='ocrx_word' id='word_1_208' title='bbox 1818 2664 2111 2726; x_wconf 83' lang='lat' dir='ltr'><strong>exstitisse,</strong></span> <span class='ocrx_word' id='word_1_209' title='bbox 2158 2677 2330 2729; x_wconf 91' lang='lat' dir='ltr'><strong>neque</strong></span> <span class='ocrx_word' id='word_1_210' title='bbox 2362 2662 2429 2714; x_wconf 91' lang='lat' dir='ltr'><strong>ab</strong></span> 
     </span>
    </p>
   </div>
   <div class='ocr_carea' id='block_1_30' title="bbox 905 2751 2430 2828">
    <p class='ocr_par' dir='ltr' id='par_1_30' title="bbox 905 2751 2430 2828">
     <span class='ocr_line' id='line_1_30' title="bbox 905 2751 2430 2828; baseline -0.008 -12"><span class='ocrx_word' id='word_1_211' title='bbox 905 2761 1140 2828; x_wconf 86' lang='lat' dir='ltr'><strong>antiquis</strong></span> <span class='ocrx_word' id='word_1_212' title='bbox 1168 2759 1502 2826; x_wconf 90' lang='lat' dir='ltr'><strong>compilasse,</strong></span> <span class='ocrx_word' id='word_1_213' title='bbox 1534 2773 1703 2827; x_wconf 90' lang='lat' dir='ltr'><strong>neque</strong></span> <span class='ocrx_word' id='word_1_214' title='bbox 1729 2772 1760 2810; x_wconf 89' lang='lat' dir='ltr'><strong>a</strong></span> <span class='ocrx_word' id='word_1_215' title='bbox 1789 2756 1939 2810; x_wconf 85' lang='lat' dir='ltr'><strong>novis</strong></span> <span class='ocrx_word' id='word_1_216' title='bbox 1980 2754 2249 2823; x_wconf 84' lang='lat' dir='ltr'><strong>magistris</strong></span> <span class='ocrx_word' id='word_1_217' title='bbox 2279 2751 2430 2820; x_wconf 71' lang='lat' dir='ltr'><strong>adju~</strong></span> 
     </span>
    </p>
   </div>
   <div class='ocr_carea' id='block_1_31' title="bbox 908 2847 2427 2921">
    <p class='ocr_par' dir='ltr' id='par_1_31' title="bbox 908 2847 2427 2921">
     <span class='ocr_line' id='line_1_31' title="bbox 908 2847 2427 2921; baseline -0.006 -14"><span class='ocrx_word' id='word_1_218' title='bbox 908 2862 1022 2907; x_wconf 91' lang='lat' dir='ltr'><strong>tum</strong></span> <span class='ocrx_word' id='word_1_219' title='bbox 1067 2854 1251 2916; x_wconf 86' lang='lat' dir='ltr'><strong>fuisse,</strong></span> <span class='ocrx_word' id='word_1_220' title='bbox 1289 2854 1379 2921; x_wconf 90' lang='lat' dir='ltr'><strong>qui</strong></span> <span class='ocrx_word' id='word_1_221' title='bbox 1422 2853 1568 2921; x_wconf 89' lang='lat' dir='ltr'><strong>paria</strong></span> <span class='ocrx_word' id='word_1_222' title='bbox 1603 2866 1665 2904; x_wconf 90' lang='lat' dir='ltr'><strong>ac</strong></span> <span class='ocrx_word' id='word_1_223' title='bbox 1699 2849 1891 2905; x_wconf 90' lang='lat' dir='ltr'><strong>similia</strong></span> <span class='ocrx_word' id='word_1_224' title='bbox 1916 2857 2037 2902; x_wconf 89' lang='lat' dir='ltr'><strong>ante</strong></span> <span class='ocrx_word' id='word_1_225' title='bbox 2068 2847 2242 2916; x_wconf 91' lang='lat' dir='ltr'><strong>ipsum</strong></span> <span class='ocrx_word' id='word_1_226' title='bbox 2272 2860 2427 2900; x_wconf 82' lang='lat' dir='ltr'><strong>exer-</strong></span> 
     </span>
    </p>
   </div>
   <div class='ocr_carea' id='block_1_32' title="bbox 908 2933 2432 3010">
    <p class='ocr_par' dir='ltr' id='par_1_32' title="bbox 908 2933 2432 3010">
     <span class='ocr_line' id='line_1_32' title="bbox 908 2933 2432 3010; baseline -0.008 -12"><span class='ocrx_word' id='word_1_227' title='bbox 908 2943 1134 3006; x_wconf 88' lang='lat' dir='ltr'><strong>cuerint,</strong></span> <span class='ocrx_word' id='word_1_228' title='bbox 1175 2941 1301 3010; x_wconf 87' lang='lat' dir='ltr'><strong>quid</strong></span> <span class='ocrx_word' id='word_1_229' title='bbox 1349 2941 1512 3003; x_wconf 88' lang='lat' dir='ltr'><strong>aliud,</strong></span> <span class='ocrx_word' id='word_1_230' title='bbox 1548 2953 1747 3009; x_wconf 72' lang='lat' dir='ltr'><strong>quaeso,</strong></span> <span class='ocrx_word' id='word_1_231' title='bbox 1777 2945 1879 3000; x_wconf 86' lang='lat' dir='ltr'><strong>est,</strong></span> <span class='ocrx_word' id='word_1_232' title='bbox 1911 2935 2016 2989; x_wconf 88' lang='lat' dir='ltr'><strong>nisi</strong></span> <span class='ocrx_word' id='word_1_233' title='bbox 2059 2933 2334 2988; x_wconf 82' lang='lat' dir='ltr'><strong>testiﬁcari</strong></span> <span class='ocrx_word' id='word_1_234' title='bbox 2379 2941 2432 2986; x_wconf 86' lang='lat' dir='ltr'><strong>et</strong></span> 
     </span>
    </p>
   </div>
   <div class='ocr_carea' id='block_1_33' title="bbox 912 3027 2432 3099">
    <p class='ocr_par' dir='ltr' id='par_1_33' title="bbox 912 3027 2432 3099">
     <span class='ocr_line' id='line_1_33' title="bbox 912 3027 2432 3099; baseline -0.007 -12"><span class='ocrx_word' id='word_1_235' title='bbox 912 3033 1086 3094; x_wconf 81' lang='lat' dir='ltr'><strong>fateri,</strong></span> <span class='ocrx_word' id='word_1_236' title='bbox 1124 3032 1360 3085; x_wconf 85' lang='lat' dir='ltr'><strong>divinum</strong></span> <span class='ocrx_word' id='word_1_237' title='bbox 1414 3032 1567 3099; x_wconf 86' lang='lat' dir='ltr'><strong>plane</strong></span> <span class='ocrx_word' id='word_1_238' title='bbox 1600 3029 1850 3098; x_wconf 89' lang='lat' dir='ltr'><strong>quiddam</strong></span> <span class='ocrx_word' id='word_1_239' title='bbox 1900 3027 2085 3089; x_wconf 86' lang='lat' dir='ltr'><strong>fuisse,</strong></span> <span class='ocrx_word' id='word_1_240' title='bbox 2115 3036 2432 3090; x_wconf 88' lang='lat' dir='ltr'><strong>omnemque</strong></span> 
     </span>
    </p>
   </div>
   <div class='ocr_carea' id='block_1_34' title="bbox 911 3111 2433 3187">
    <p class='ocr_par' dir='ltr' id='par_1_34' title="bbox 911 3111 2433 3187">
     <span class='ocr_line' id='line_1_34' title="bbox 911 3111 2433 3187; baseline -0.009 -11"><span class='ocrx_word' id='word_1_241' title='bbox 911 3122 1185 3176; x_wconf 87' lang='lat' dir='ltr'><strong>hominum</strong></span> <span class='ocrx_word' id='word_1_242' title='bbox 1230 3129 1472 3174; x_wconf 86' lang='lat' dir='ltr'><strong>naturam</strong></span> <span class='ocrx_word' id='word_1_243' title='bbox 1521 3131 1801 3187; x_wconf 87' lang='lat' dir='ltr'><strong>superasse</strong></span> <span class='ocrx_word' id='word_1_244' title='bbox 1830 3115 1978 3168; x_wconf 91' lang='lat' dir='ltr'><strong>illum</strong></span> <span class='ocrx_word' id='word_1_245' title='bbox 2012 3113 2078 3168; x_wconf 88' lang='lat' dir='ltr'><strong>de</strong></span> <span class='ocrx_word' id='word_1_246' title='bbox 2107 3127 2213 3182; x_wconf 93' lang='lat' dir='ltr'><strong>quo</strong></span> <span class='ocrx_word' id='word_1_247' title='bbox 2239 3111 2433 3180; x_wconf 66' lang='lat' dir='ltr'><strong>quatri-</strong></span> 
     </span>
    </p>
   </div>
   <div class='ocr_carea' id='block_1_35' title="bbox 913 3201 2436 3278">
    <p class='ocr_par' dir='ltr' id='par_1_35' title="bbox 913 3201 2436 3278">
     <span class='ocr_line' id='line_1_35' title="bbox 913 3201 2436 3278; baseline -0.01 -12"><span class='ocrx_word' id='word_1_248' title='bbox 913 3212 1066 3266; x_wconf 87' lang='lat' dir='ltr'><strong>mus?</strong></span> <span class='ocrx_word' id='word_1_249' title='bbox 1092 3211 1158 3264; x_wconf 80' lang='lat' dir='ltr'><strong>At</strong></span> <span class='ocrx_word' id='word_1_250' title='bbox 1187 3211 1328 3264; x_wconf 89' lang='lat' dir='ltr'><strong>enim</strong></span> <span class='ocrx_word' id='word_1_251' title='bbox 1374 3209 1656 3278; x_wconf 88' lang='lat' dir='ltr'><strong>magistros</strong></span> <span class='ocrx_word' id='word_1_252' title='bbox 1704 3204 2025 3260; x_wconf 90' lang='lat' dir='ltr'><strong>illum.dicis</strong></span> <span class='ocrx_word' id='word_1_253' title='bbox 2057 3202 2305 3256; x_wconf 89' lang='lat' dir='ltr'><strong>habuisse</strong></span> <span class='ocrx_word' id='word_1_254' title='bbox 2336 3201 2436 3253; x_wconf 91' lang='lat' dir='ltr'><strong>im-</strong></span> 
     </span>
    </p>
   </div>
   <div class='ocr_carea' id='block_1_36' title="bbox 914 3290 2435 3373">
    <p class='ocr_par' dir='ltr' id='par_1_36' title="bbox 914 3290 2435 3373">
     <span class='ocr_line' id='line_1_36' title="bbox 914 3290 2435 3373; baseline -0.009 -15"><span class='ocrx_word' id='word_1_255' title='bbox 914 3311 1174 3373; x_wconf 89' lang='lat' dir='ltr'><strong>postores,</strong></span> <span class='ocrx_word' id='word_1_256' title='bbox 1192 3318 1287 3356; x_wconf 89' lang='lat' dir='ltr'><strong>nec</strong></span> <span class='ocrx_word' id='word_1_257' title='bbox 1311 3302 1376 3355; x_wconf 89' lang='lat' dir='ltr'><strong>ab</strong></span> <span class='ocrx_word' id='word_1_258' title='bbox 1398 3299 1762 3371; x_wconf 61' lang='lat' dir='ltr'><strong>Egyptiorum</strong></span> <span class='ocrx_word' id='word_1_259' title='bbox 1794 3295 2054 3366; x_wconf 83' lang='lat' dir='ltr'><strong>sapientia</strong></span> <span class='ocrx_word' id='word_1_260' title='bbox 2079 3290 2435 3357; x_wconf 87' lang='lat' dir='ltr'><strong>abhorruisse,</strong></span> 
     </span>
    </p>
   </div>
   <div class='ocr_carea' id='block_1_37' title="bbox 916 3383 2436 3462">
    <p class='ocr_par' dir='ltr' id='par_1_37' title="bbox 916 3383 2436 3462">
     <span class='ocr_line' id='line_1_37' title="bbox 916 3383 2436 3462; baseline -0.009 -14"><span class='ocrx_word' id='word_1_261' title='bbox 916 3409 1014 3449; x_wconf 91' lang='lat' dir='ltr'><strong>nec</strong></span> <span class='ocrx_word' id='word_1_262' title='bbox 1030 3407 1146 3462; x_wconf 69' lang='lat' dir='ltr'><strong>qua:</strong></span> <span class='ocrx_word' id='word_1_263' title='bbox 1166 3393 1376 3446; x_wconf 88' lang='lat' dir='ltr'><strong>illorum</strong></span> <span class='ocrx_word' id='word_1_264' title='bbox 1404 3392 1696 3458; x_wconf 88' lang='lat' dir='ltr'><strong>antiquitas</strong></span> <span class='ocrx_word' id='word_1_265' title='bbox 1715 3387 1900 3440; x_wconf 87' lang='lat' dir='ltr'><strong>habuit</strong></span> <span class='ocrx_word' id='word_1_266' title='bbox 1921 3399 2116 3439; x_wconf 90' lang='lat' dir='ltr'><strong>arcana</strong></span> <span class='ocrx_word' id='word_1_267' title='bbox 2142 3383 2436 3450; x_wconf 82' lang='lat' dir='ltr'><strong>ignorasse,</strong></span> 
     </span>
    </p>
   </div>
   <div class='ocr_carea' id='block_1_38' title="bbox 915 3469 2441 3554">
    <p class='ocr_par' dir='ltr' id='par_1_38' title="bbox 915 3469 2441 3554">
     <span class='ocr_line' id='line_1_38' title="bbox 915 3469 2441 3554; baseline -0.012 -16"><span class='ocrx_word' id='word_1_268' title='bbox 915 3499 947 3538; x_wconf 88' lang='lat' dir='ltr'><strong>a</strong></span> <span class='ocrx_word' id='word_1_269' title='bbox 977 3483 1170 3554; x_wconf 87' lang='lat' dir='ltr'><strong>quibus</strong></span> <span class='ocrx_word' id='word_1_270' title='bbox 1196 3496 1317 3535; x_wconf 89' lang='lat' dir='ltr'><strong>cum</strong></span> <span class='ocrx_word' id='word_1_271' title='bbox 1350 3480 1672 3550; x_wconf 88' lang='lat' dir='ltr'><strong>collegisset,</strong></span> <span class='ocrx_word' id='word_1_272' title='bbox 1704 3476 1912 3546; x_wconf 90' lang='lat' dir='ltr'><strong>qualem</strong></span> <span class='ocrx_word' id='word_1_273' title='bbox 1950 3473 2090 3526; x_wconf 80' lang='lat' dir='ltr'><strong>fama</strong></span> <span class='ocrx_word' id='word_1_274' title='bbox 2137 3471 2238 3524; x_wconf 89' lang='lat' dir='ltr'><strong>fert</strong></span> <span class='ocrx_word' id='word_1_275' title='bbox 2282 3469 2441 3522; x_wconf 88' lang='lat' dir='ltr'><strong>talem</strong></span> 
     </span>
    </p>
   </div>
   <div class='ocr_carea' id='block_1_39' title="bbox 915 3559 2440 3639">
    <p class='ocr_par' dir='ltr' id='par_1_39' title="bbox 915 3559 2440 3639">
     <span class='ocr_line' id='line_1_39' title="bbox 915 3559 2440 3639; baseline -0.01 -11"><span class='ocrx_word' id='word_1_276' title='bbox 915 3573 1173 3629; x_wconf 84' lang='lat' dir='ltr'><strong>evasisse.</strong></span> <span class='ocrx_word' id='word_1_277' title='bbox 1233 3571 1342 3625; x_wconf 83' lang='lat' dir='ltr'><strong>Cur</strong></span> <span class='ocrx_word' id='word_1_278' title='bbox 1391 3571 1552 3639; x_wconf 83' lang='lat' dir='ltr'><strong>igitur</strong></span> <span class='ocrx_word' id='word_1_279' title='bbox 1591 3569 1681 3622; x_wconf 89' lang='lat' dir='ltr'><strong>alii</strong></span> <span class='ocrx_word' id='word_1_280' title='bbox 1739 3566 1869 3620; x_wconf 93' lang='lat' dir='ltr'><strong>nulli</strong></span> <span class='ocrx_word' id='word_1_281' title='bbox 1914 3565 2004 3618; x_wconf 92' lang='lat' dir='ltr'><strong>illo</strong></span> <span class='ocrx_word' id='word_1_282' title='bbox 2046 3559 2440 3632; x_wconf 66' lang='lat' dir='ltr'><strong>praestantiores</strong></span> 
     </span>
    </p>
   </div>
   <div class='ocr_carea' id='block_1_40' title="bbox 917 3651 2444 3732">
    <p class='ocr_par' dir='ltr' id='par_1_40' title="bbox 917 3651 2444 3732">
     <span class='ocr_line' id='line_1_40' title="bbox 917 3651 2444 3732; baseline -0.011 -15"><span class='ocrx_word' id='word_1_283' title='bbox 917 3663 1178 3732; x_wconf 87' lang='lat' dir='ltr'><strong>magistri,</strong></span> <span class='ocrx_word' id='word_1_284' title='bbox 1212 3662 1302 3730; x_wconf 90' lang='lat' dir='ltr'><strong>qui</strong></span> <span class='ocrx_word' id='word_1_285' title='bbox 1333 3668 1388 3714; x_wconf 90' lang='lat' dir='ltr'><strong>et</strong></span> <span class='ocrx_word' id='word_1_286' title='bbox 1431 3661 1579 3712; x_wconf 91' lang='lat' dir='ltr'><strong>illum</strong></span> <span class='ocrx_word' id='word_1_287' title='bbox 1621 3665 1778 3712; x_wconf 75' lang='lat' dir='ltr'><strong>aetate</strong></span> <span class='ocrx_word' id='word_1_288' title='bbox 1825 3651 2228 3713; x_wconf 85' lang='lat' dir='ltr'><strong>antecesserint,</strong></span> <span class='ocrx_word' id='word_1_289' title='bbox 2266 3659 2320 3704; x_wconf 92' lang='lat' dir='ltr'><strong>et</strong></span> <span class='ocrx_word' id='word_1_290' title='bbox 2345 3661 2444 3703; x_wconf 90' lang='lat' dir='ltr'><strong>sua</strong></span> 
     </span>
    </p>
   </div>
   <div class='ocr_carea' id='block_1_41' title="bbox 918 3745 2442 3814">
    <p class='ocr_par' dir='ltr' id='par_1_41' title="bbox 918 3745 2442 3814">
     <span class='ocr_line' id='line_1_41' title="bbox 918 3745 2442 3814; baseline -0.012 -7"><span class='ocrx_word' id='word_1_291' title='bbox 918 3753 1160 3806; x_wconf 75' lang='lat' dir='ltr'><strong>.ioctrina</strong></span> <span class='ocrx_word' id='word_1_292' title='bbox 1204 3749 1550 3812; x_wconf 91' lang='lat' dir='ltr'><strong>instituerint,</strong></span> <span class='ocrx_word' id='word_1_293' title='bbox 1581 3755 1672 3801; x_wconf 91' lang='lat' dir='ltr'><strong>aut</strong></span> <span class='ocrx_word' id='word_1_294' title='bbox 1723 3746 1779 3800; x_wconf 89' lang='lat' dir='ltr'><strong>in</strong></span> <span class='ocrx_word' id='word_1_295' title='bbox 1811 3745 2060 3814; x_wconf 67' lang='lat' dir='ltr'><strong>Egypto,</strong></span> <span class='ocrx_word' id='word_1_296' title='bbox 2085 3749 2176 3794; x_wconf 86' lang='lat' dir='ltr'><strong>aut</strong></span> <span class='ocrx_word' id='word_1_297' title='bbox 2217 3752 2442 3808; x_wconf 88' lang='lat' dir='ltr'><strong>usquam</strong></span> 
     </span>
    </p>
   </div>
   <div class='ocr_carea' id='block_1_42' title="bbox 919 3831 2446 3906">
    <p class='ocr_par' dir='ltr' id='par_1_42' title="bbox 919 3831 2446 3906">
     <span class='ocr_line' id='line_1_42' title="bbox 919 3831 2446 3906; baseline -0.007 -14"><span class='ocrx_word' id='word_1_298' title='bbox 919 3840 1068 3902; x_wconf 79' lang='lat' dir='ltr'><strong>alibi,</strong></span> <span class='ocrx_word' id='word_1_299' title='bbox 1101 3839 1201 3891; x_wconf 81' lang='lat' dir='ltr'><strong>visi</strong></span> <span class='ocrx_word' id='word_1_300' title='bbox 1233 3838 1390 3891; x_wconf 88' lang='lat' dir='ltr'><strong>sunt?</strong></span> <span class='ocrx_word' id='word_1_301' title='bbox 1411 3837 1520 3890; x_wconf 80' lang='lat' dir='ltr'><strong>Cur</strong></span> <span class='ocrx_word' id='word_1_302' title='bbox 1547 3837 1707 3906; x_wconf 86' lang='lat' dir='ltr'><strong>igitur</strong></span> <span class='ocrx_word' id='word_1_303' title='bbox 1734 3849 1838 3888; x_wconf 91' lang='lat' dir='ltr'><strong>non</strong></span> <span class='ocrx_word' id='word_1_304' title='bbox 1869 3833 1935 3886; x_wconf 91' lang='lat' dir='ltr'><strong>de</strong></span> <span class='ocrx_word' id='word_1_305' title='bbox 1956 3831 2064 3885; x_wconf 81' lang='lat' dir='ltr'><strong>illis</strong></span> <span class='ocrx_word' id='word_1_306' title='bbox 2091 3842 2300 3898; x_wconf 91' lang='lat' dir='ltr'><strong>quoque</strong></span> <span class='ocrx_word' id='word_1_307' title='bbox 2323 3834 2446 3881; x_wconf 89' lang='lat' dir='ltr'><strong>ante</strong></span> 
     </span>
    </p>
   </div>
   <div class='ocr_carea' id='block_1_43' title="bbox 921 3915 2447 3996">
    <p class='ocr_par' dir='ltr' id='par_1_43' title="bbox 921 3915 2447 3996">
     <span class='ocr_line' id='line_1_43' title="bbox 921 3915 2447 3996; baseline -0.011 -13"><span class='ocrx_word' id='word_1_308' title='bbox 921 3928 1082 3996; x_wconf 91' lang='lat' dir='ltr'><strong>hujus</strong></span> <span class='ocrx_word' id='word_1_309' title='bbox 1123 3926 1536 3989; x_wconf 88' lang='lat' dir='ltr'><strong>accusationem,</strong></span> <span class='ocrx_word' id='word_1_310' title='bbox 1568 3925 1624 3978; x_wconf 90' lang='lat' dir='ltr'><strong>in</strong></span> <span class='ocrx_word' id='word_1_311' title='bbox 1654 3937 1841 3978; x_wconf 88' lang='lat' dir='ltr'><strong>omnes</strong></span> <span class='ocrx_word' id='word_1_312' title='bbox 1867 3918 2111 3974; x_wconf 88' lang='lat' dir='ltr'><strong>homines</strong></span> <span class='ocrx_word' id='word_1_313' title='bbox 2148 3915 2288 3970; x_wconf 86' lang='lat' dir='ltr'><strong>fama</strong></span> <span class='ocrx_word' id='word_1_314' title='bbox 2325 3929 2447 3983; x_wconf 86' lang='lat' dir='ltr'><strong>per-</strong></span> 
     </span>
    </p>
   </div>
   <div class='ocr_carea' id='block_1_44' title="bbox 921 4002 2445 4070">
    <p class='ocr_par' dir='ltr' id='par_1_44' title="bbox 921 4002 2445 4070">
     <span class='ocr_line' id='line_1_44' title="bbox 921 4002 2445 4070; baseline -0.009 -3"><span class='ocrx_word' id='word_1_315' title='bbox 921 4015 1098 4070; x_wconf 69' lang='lat' dir='ltr'><strong>venit?</strong></span> <span class='ocrx_word' id='word_1_316' title='bbox 1137 4029 1233 4066; x_wconf 90' lang='lat' dir='ltr'><strong>cur</strong></span> <span class='ocrx_word' id='word_1_317' title='bbox 1267 4028 1374 4066; x_wconf 91' lang='lat' dir='ltr'><strong>non</strong></span> <span class='ocrx_word' id='word_1_318' title='bbox 1421 4014 1542 4066; x_wconf 89' lang='lat' dir='ltr'><strong>item</strong></span> <span class='ocrx_word' id='word_1_319' title='bbox 1587 4012 1798 4065; x_wconf 87' lang='lat' dir='ltr'><strong>illorum</strong></span> <span class='ocrx_word' id='word_1_320' title='bbox 1849 4008 1987 4062; x_wconf 90' lang='lat' dir='ltr'><strong>sicut</strong></span> <span class='ocrx_word' id='word_1_321' title='bbox 2043 4005 2211 4058; x_wconf 90' lang='lat' dir='ltr'><strong>nostri</strong></span> <span class='ocrx_word' id='word_1_322' title='bbox 2264 4002 2445 4069; x_wconf 86' lang='lat' dir='ltr'><strong>hujus,</strong></span> 
     </span>
    </p>
   </div>
   <div class='ocr_carea' id='block_1_45' title="bbox 923 4097 2449 4171">
    <p class='ocr_par' dir='ltr' id='par_1_45' title="bbox 923 4097 2449 4171">
     <span class='ocr_line' id='line_1_45' title="bbox 923 4097 2449 4171; baseline -0.01 -14"><span class='ocrx_word' id='word_1_323' title='bbox 923 4104 1085 4157; x_wconf 90' lang='lat' dir='ltr'><strong>etiam</strong></span> <span class='ocrx_word' id='word_1_324' title='bbox 1114 4118 1256 4156; x_wconf 91' lang='lat' dir='ltr'><strong>nunc</strong></span> <span class='ocrx_word' id='word_1_325' title='bbox 1283 4101 1452 4171; x_wconf 77' lang='lat' dir='ltr'><strong>gloria</strong></span> <span class='ocrx_word' id='word_1_326' title='bbox 1478 4097 1868 4163; x_wconf 83' lang='lat' dir='ltr'><strong>canitur?Quis</strong></span> <span class='ocrx_word' id='word_1_327' title='bbox 1890 4109 2016 4151; x_wconf 85' lang='lat' dir='ltr'><strong>vero</strong></span> <span class='ocrx_word' id='word_1_328' title='bbox 2038 4106 2270 4161; x_wconf 87' lang='lat' dir='ltr'><strong>unquam</strong></span> <span class='ocrx_word' id='word_1_329' title='bbox 2314 4105 2449 4158; x_wconf 64' lang='lat' dir='ltr'><strong>pras-</strong></span> 
     </span>
    </p>
   </div>
   <div class='ocr_carea' id='block_1_46' title="bbox 927 4180 2450 4262">
    <p class='ocr_par' dir='ltr' id='par_1_46' title="bbox 927 4180 2450 4262">
     <span class='ocr_line' id='line_1_46' title="bbox 927 4180 2450 4262; baseline -0.012 -14"><span class='ocrx_word' id='word_1_330' title='bbox 927 4195 1168 4262; x_wconf 84' lang='lat' dir='ltr'><strong>stigiator</strong></span> <span class='ocrx_word' id='word_1_331' title='bbox 1217 4206 1401 4246; x_wconf 91' lang='lat' dir='ltr'><strong>eorum</strong></span> <span class='ocrx_word' id='word_1_332' title='bbox 1440 4191 1532 4258; x_wconf 93' lang='lat' dir='ltr'><strong>qui</strong></span> <span class='ocrx_word' id='word_1_333' title='bbox 1582 4189 1802 4251; x_wconf 86' lang='lat' dir='ltr'><strong>fuerint,</strong></span> <span class='ocrx_word' id='word_1_334' title='bbox 1835 4201 1902 4240; x_wconf 72' lang='lat' dir='ltr'><strong>ex</strong></span> <span class='ocrx_word' id='word_1_335' title='bbox 1935 4198 2041 4254; x_wconf 91' lang='lat' dir='ltr'><strong>quo</strong></span> <span class='ocrx_word' id='word_1_336' title='bbox 2082 4196 2173 4236; x_wconf 86' lang='lat' dir='ltr'><strong>res</strong></span> <span class='ocrx_word' id='word_1_337' title='bbox 2207 4180 2450 4233; x_wconf 71' lang='lat' dir='ltr'><strong>humanae</strong></span> 
     </span>
    </p>
   </div>
   <div class='ocr_carea' id='block_1_47' title="bbox 927 4269 2450 4349">
    <p class='ocr_par' dir='ltr' id='par_1_47' title="bbox 927 4269 2450 4349">
     <span class='ocr_line' id='line_1_47' title="bbox 927 4269 2450 4349; baseline -0.009 -15"><span class='ocrx_word' id='word_1_338' title='bbox 927 4296 1155 4349; x_wconf 70' lang='lat' dir='ltr'><strong>erepere,</strong></span> <span class='ocrx_word' id='word_1_339' title='bbox 1188 4289 1277 4333; x_wconf 92' lang='lat' dir='ltr'><strong>aut</strong></span> <span class='ocrx_word' id='word_1_340' title='bbox 1298 4279 1438 4349; x_wconf 89' lang='lat' dir='ltr'><strong>apud</strong></span> <span class='ocrx_word' id='word_1_341' title='bbox 1471 4278 1748 4339; x_wconf 89' lang='lat' dir='ltr'><strong>barbaros,</strong></span> <span class='ocrx_word' id='word_1_342' title='bbox 1777 4282 1868 4328; x_wconf 92' lang='lat' dir='ltr'><strong>aut</strong></span> <span class='ocrx_word' id='word_1_343' title='bbox 1892 4273 2031 4344; x_wconf 89' lang='lat' dir='ltr'><strong>apud</strong></span> <span class='ocrx_word' id='word_1_344' title='bbox 2056 4271 2291 4332; x_wconf 68' lang='lat' dir='ltr'><strong>Graacos,</strong></span> <span class='ocrx_word' id='word_1_345' title='bbox 2318 4269 2450 4321; x_wconf 89' lang='lat' dir='ltr'><strong>tales</strong></span> 
     </span>
    </p>
   </div>
   <div class='ocr_carea' id='block_1_48' title="bbox 929 4355 2450 4436">
    <p class='ocr_par' dir='ltr' id='par_1_48' title="bbox 929 4355 2450 4436">
     <span class='ocr_line' id='line_1_48' title="bbox 929 4355 2450 4436; baseline -0.012 -14"><span class='ocrx_word' id='word_1_346' title='bbox 929 4369 1158 4424; x_wconf 89' lang='lat' dir='ltr'><strong>instituit</strong></span> <span class='ocrx_word' id='word_1_347' title='bbox 1209 4367 1519 4436; x_wconf 87' lang='lat' dir='ltr'><strong>discipulos,</strong></span> <span class='ocrx_word' id='word_1_348' title='bbox 1564 4372 1655 4418; x_wconf 90' lang='lat' dir='ltr'><strong>aut</strong></span> <span class='ocrx_word' id='word_1_349' title='bbox 1699 4363 1884 4418; x_wconf 88' lang='lat' dir='ltr'><strong>talium</strong></span> <span class='ocrx_word' id='word_1_350' title='bbox 1939 4361 2113 4428; x_wconf 88' lang='lat' dir='ltr'><strong>legum</strong></span> <span class='ocrx_word' id='word_1_351' title='bbox 2161 4355 2450 4420; x_wconf 89' lang='lat' dir='ltr'><strong>taliumque</strong></span> 
     </span>
    </p>
   </div>
   <div class='ocr_carea' id='block_1_49' title="bbox 2508 669 3448 752">
    <p class='ocr_par' dir='ltr' id='par_1_49' title="bbox 2508 669 3448 752">
     <span class='ocr_line' id='line_1_49' title="bbox 2508 669 3448 752; baseline -0.016 -16"><span class='ocrx_word' id='word_1_352' title='bbox 2508 701 2625 736; x_wconf 87' lang='grc' dir='ltr'>πειν</span> <span class='ocrx_word' id='word_1_353' title='bbox 2657 681 2760 752; x_wconf 78' lang='grc' dir='ltr'><strong>χρὴ</strong></span> <span class='ocrx_word' id='word_1_354' title='bbox 2800 680 2866 733; x_wconf 85' lang='grc' dir='ltr'>τὰ</span> <span class='ocrx_word' id='word_1_355' title='bbox 2901 678 3079 740; x_wconf 62' lang='lat' dir='ltr'><strong>afuat;</strong></span> <span class='ocrx_word' id='word_1_356' title='bbox 3109 677 3171 727; x_wconf 85' lang='lat' dir='ltr'><strong>Ei.</strong></span> <span class='ocrx_word' id='word_1_357' title='bbox 3199 675 3304 743; x_wconf 77' lang='grc' dir='ltr'>μὲν</span> <span class='ocrx_word' id='word_1_358' title='bbox 3333 669 3448 739; x_wconf 68' lang='grc' dir='ltr'>γὰρ</span> 
     </span>
    </p>
   </div>
   <div class='ocr_carea' id='block_1_50' title="bbox 2508 764 3448 844">
    <p class='ocr_par' dir='ltr' id='par_1_50' title="bbox 2508 764 3448 844">
     <span class='ocr_line' id='line_1_50' title="bbox 2508 764 3448 844; baseline -0.019 -16"><span class='ocrx_word' id='word_1_359' title='bbox 2508 775 2665 837; x_wconf 78' lang='grc' dir='ltr'>αὐτὸς</span> <span class='ocrx_word' id='word_1_360' title='bbox 2693 771 2902 844; x_wconf 83' lang='grc' dir='ltr'>πρῶτος</span> <span class='ocrx_word' id='word_1_361' title='bbox 2934 769 3027 822; x_wconf 76' lang='grc' dir='ltr'><strong>καὶ</strong></span> <span class='ocrx_word' id='word_1_362' title='bbox 3063 767 3222 836; x_wconf 84' lang='grc' dir='ltr'>μόνος</span> <span class='ocrx_word' id='word_1_363' title='bbox 3265 764 3448 830; x_wconf 77' lang='grc' dir='ltr'>εύρετ</span> 
     </span>
    </p>
   </div>
   <div class='ocr_carea' id='block_1_51' title="bbox 2512 851 3438 937">
    <p class='ocr_par' dir='ltr' id='par_1_51' title="bbox 2512 851 3438 937">
     <span class='ocr_line' id='line_1_51' title="bbox 2512 851 3438 937; baseline -0.041 1"><span class='ocrx_word' id='word_1_364' title='bbox 2512 868 2733 937; x_wconf 46' lang='lat' dir='ltr'><strong>Primus.</strong></span> <span class='ocrx_word' id='word_1_365' title='bbox 2773 862 2932 933; x_wconf 82' lang='grc' dir='ltr'>μηδὲν</span> <span class='ocrx_word' id='word_1_366' title='bbox 2985 855 3251 929; x_wconf 82' lang='grc' dir='ltr'><strong>μηδαμῶς</strong></span> <span class='ocrx_word' id='word_1_367' title='bbox 3290 851 3438 920; x_wconf 82' lang='grc' dir='ltr'>παρ’</span> 
     </span>
    </p>
   </div>
   <div class='ocr_carea' id='block_1_52' title="bbox 2511 945 3427 1021">
    <p class='ocr_par' dir='ltr' id='par_1_52' title="bbox 2511 945 3427 1021">
     <span class='ocr_line' id='line_1_52' title="bbox 2511 945 3427 1021; baseline -0.017 -12"><span class='ocrx_word' id='word_1_368' title='bbox 2511 959 2574 1009; x_wconf 79' lang='grc' dir='ltr'>ὲκ</span> <span class='ocrx_word' id='word_1_369' title='bbox 2604 952 2836 1008; x_wconf 84' lang='grc' dir='ltr'>παλαιῶν</span> <span class='ocrx_word' id='word_1_370' title='bbox 2857 951 3270 1021; x_wconf 85' lang='grc' dir='ltr'>ὲρανισάμενος,</span> <span class='ocrx_word' id='word_1_371' title='bbox 3292 945 3427 1004; x_wconf 85' lang='grc' dir='ltr'><strong>πῶς</strong></span> 
     </span>
    </p>
   </div>
   <div class='ocr_carea' id='block_1_53' title="bbox 2510 1031 3448 1116">
    <p class='ocr_par' dir='ltr' id='par_1_53' title="bbox 2510 1031 3448 1116">
     <span class='ocr_line' id='line_1_53' title="bbox 2510 1031 3448 1116; baseline -0.018 -16"><span class='ocrx_word' id='word_1_372' title='bbox 2510 1046 2778 1116; x_wconf 82' lang='grc' dir='ltr'><strong>ὁμολογεῖν</strong></span> <span class='ocrx_word' id='word_1_373' title='bbox 2809 1042 2988 1105; x_wconf 78' lang='grc' dir='ltr'>αὑτὸν,</span> <span class='ocrx_word' id='word_1_374' title='bbox 3021 1039 3079 1101; x_wconf 83' lang='grc' dir='ltr'>ὃς</span> <span class='ocrx_word' id='word_1_375' title='bbox 3103 1033 3170 1108; x_wconf 76' lang='grc' dir='ltr'>ἣν</span> <span class='ocrx_word' id='word_1_376' title='bbox 3206 1036 3347 1089; x_wconf 80' lang='grc' dir='ltr'>ἄνευ</span> <span class='ocrx_word' id='word_1_377' title='bbox 3395 1031 3448 1100; x_wconf 84' lang='grc' dir='ltr'>βί</span> 
     </span>
    </p>
   </div>
   <div class='ocr_carea' id='block_1_54' title="bbox 2511 1124 3448 1195">
    <p class='ocr_par' dir='ltr' id='par_1_54' title="bbox 2511 1124 3448 1195">
     <span class='ocr_line' id='line_1_54' title="bbox 2511 1124 3448 1195; baseline -0.017 -6"><span class='ocrx_word' id='word_1_378' title='bbox 2511 1135 2856 1195; x_wconf 74' lang='grc' dir='ltr'>διδασκάλων,</span> <span class='ocrx_word' id='word_1_379' title='bbox 2903 1129 3312 1188; x_wconf 75' lang='grc' dir='ltr'>αὐτοδίδακτος,</span> <span class='ocrx_word' id='word_1_380' title='bbox 3359 1124 3448 1174; x_wconf 80' lang='grc' dir='ltr'><strong>κοι</strong></span> 
     </span>
    </p>
   </div>
   <div class='ocr_carea' id='block_1_55' title="bbox 2514 1215 3444 1296">
    <p class='ocr_par' dir='ltr' id='par_1_55' title="bbox 2514 1215 3444 1296">
     <span class='ocr_line' id='line_1_55' title="bbox 2514 1215 3444 1296; baseline -0.019 -15"><span class='ocrx_word' id='word_1_381' title='bbox 2514 1225 2842 1296; x_wconf 83' lang='grc' dir='ltr'>πραγμάτων</span> <span class='ocrx_word' id='word_1_382' title='bbox 2872 1222 3097 1292; x_wconf 79' lang='grc' dir='ltr'>εὑρετὴς</span> <span class='ocrx_word' id='word_1_383' title='bbox 3129 1215 3444 1281; x_wconf 70' lang='grc' dir='ltr'>ἀναπέφην</span> 
     </span>
    </p>
   </div>
   <div class='ocr_carea' id='block_1_56' title="bbox 2513 1306 3448 1386">
    <p class='ocr_par' dir='ltr' id='par_1_56' title="bbox 2513 1306 3448 1386">
     <span class='ocr_line' id='line_1_56' title="bbox 2513 1306 3448 1386; baseline -0.024 -12"><span class='ocrx_word' id='word_1_384' title='bbox 2513 1320 2704 1374; x_wconf 85' lang='grc' dir='ltr'>ναύσου</span> <span class='ocrx_word' id='word_1_385' title='bbox 2723 1318 2930 1386; x_wconf 80' lang='grc' dir='ltr'>τέχνης.</span> <span class='ocrx_word' id='word_1_386' title='bbox 2951 1312 3074 1366; x_wconf 76' lang='grc' dir='ltr'>ούτε</span> <span class='ocrx_word' id='word_1_387' title='bbox 3106 1306 3344 1376; x_wconf 83' lang='grc' dir='ltr'>λογικῆς</span> <span class='ocrx_word' id='word_1_388' title='bbox 3384 1306 3448 1354; x_wconf 83' lang='grc' dir='ltr'>ὲτ</span> 
     </span>
    </p>
   </div>
   <div class='ocr_carea' id='block_1_57' title="bbox 2515 1394 3448 1482">
    <p class='ocr_par' dir='ltr' id='par_1_57' title="bbox 2515 1394 3448 1482">
     <span class='ocr_line' id='line_1_57' title="bbox 2515 1394 3448 1482; baseline -0.024 -18"><span class='ocrx_word' id='word_1_389' title='bbox 2515 1410 2737 1482; x_wconf 78' lang='grc' dir='ltr'>πρώτων</span> <span class='ocrx_word' id='word_1_390' title='bbox 2771 1405 3040 1475; x_wconf 79' lang='grc' dir='ltr'>στοιχείων</span> <span class='ocrx_word' id='word_1_391' title='bbox 3071 1399 3170 1468; x_wconf 87' lang='grc' dir='ltr'><strong>τὴν</strong></span> <span class='ocrx_word' id='word_1_392' title='bbox 3210 1394 3448 1466; x_wconf 78' lang='grc' dir='ltr'>μάθησι·</span> 
     </span>
    </p>
   </div>
   <div class='ocr_carea' id='block_1_58' title="bbox 2517 1484 3448 1555">
    <p class='ocr_par' dir='ltr' id='par_1_58' title="bbox 2517 1484 3448 1555">
     <span class='ocr_line' id='line_1_58' title="bbox 2517 1484 3448 1555; baseline -0.025 0"><span class='ocrx_word' id='word_1_393' title='bbox 2517 1499 2775 1555; x_wconf 87' lang='grc' dir='ltr'>δασκάλου</span> <span class='ocrx_word' id='word_1_394' title='bbox 2806 1495 2945 1555; x_wconf 79' lang='grc' dir='ltr'>τινος</span> <span class='ocrx_word' id='word_1_395' title='bbox 2976 1487 3268 1544; x_wconf 75' lang='grc' dir='ltr'>ἀναλαϐεῖν</span> <span class='ocrx_word' id='word_1_396' title='bbox 3315 1484 3448 1536; x_wconf 85' lang='grc' dir='ltr'>δυνο</span> 
     </span>
    </p>
   </div>
   <div class='ocr_carea' id='block_1_59' title="bbox 2514 1574 3426 1661">
    <p class='ocr_par' dir='ltr' id='par_1_59' title="bbox 2514 1574 3426 1661">
     <span class='ocr_line' id='line_1_59' title="bbox 2514 1574 3426 1661; baseline -0.021 -19"><span class='ocrx_word' id='word_1_397' title='bbox 2514 1591 2608 1661; x_wconf 81' lang='grc' dir='ltr'>νὴν</span> <span class='ocrx_word' id='word_1_398' title='bbox 2641 1585 2968 1655; x_wconf 75' lang='grc' dir='ltr'>ἐκϐεϐηκότα</span> <span class='ocrx_word' id='word_1_399' title='bbox 3002 1579 3182 1648; x_wconf 79' lang='grc' dir='ltr'>φύσιν.</span> <span class='ocrx_word' id='word_1_400' title='bbox 3213 1574 3426 1635; x_wconf 72' lang='grc' dir='ltr'>Οὐδεὶς</span> 
     </span>
    </p>
   </div>
   <div class='ocr_carea' id='block_1_60' title="bbox 2514 1663 3448 1744">
    <p class='ocr_par' dir='ltr' id='par_1_60' title="bbox 2514 1663 3448 1744">
     <span class='ocr_line' id='line_1_60' title="bbox 2514 1663 3448 1744; baseline -0.02 -11"><span class='ocrx_word' id='word_1_401' title='bbox 2514 1678 2808 1738; x_wconf 87' lang='grc' dir='ltr'>τοδίδακτος</span> <span class='ocrx_word' id='word_1_402' title='bbox 2847 1675 2974 1744; x_wconf 82' lang='grc' dir='ltr'>ἡμῖν</span> <span class='ocrx_word' id='word_1_403' title='bbox 3037 1663 3448 1740; x_wconf 80' lang='grc' dir='ltr'><strong>γραμματικῆς</strong></span> 
     </span>
    </p>
   </div>
   <div class='ocr_carea' id='block_1_61' title="bbox 2517 1753 3426 1836">
    <p class='ocr_par' dir='ltr' id='par_1_61' title="bbox 2517 1753 3426 1836">
     <span class='ocr_line' id='line_1_61' title="bbox 2517 1753 3426 1836; baseline -0.008 -14"><span class='ocrx_word' id='word_1_404' title='bbox 2517 1769 2632 1822; x_wconf 75' lang='grc' dir='ltr'><strong>οὖδέ</strong></span> <span class='ocrx_word' id='word_1_405' title='bbox 2652 1783 2716 1834; x_wconf 92' lang='grc' dir='ltr'><strong>γε</strong></span> <span class='ocrx_word' id='word_1_406' title='bbox 2745 1765 2920 1836; x_wconf 75' lang='grc' dir='ltr'>ῥήτωρ</span> <span class='ocrx_word' id='word_1_407' title='bbox 2943 1761 3015 1830; x_wconf 83' lang='grc' dir='ltr'>μὴ</span> <span class='ocrx_word' id='word_1_408' title='bbox 3045 1753 3426 1828; x_wconf 74' lang='grc' dir='ltr'>μεμαθηκὼς,</span> 
     </span>
    </p>
   </div>
   <div class='ocr_carea' id='block_1_62' title="bbox 2523 1845 3448 1918">
    <p class='ocr_par' dir='ltr' id='par_1_62' title="bbox 2523 1845 3448 1918">
     <span class='ocr_line' id='line_1_62' title="bbox 2523 1845 3448 1918; baseline -0.019 -7"><span class='ocrx_word' id='word_1_409' title='bbox 2523 1859 2638 1912; x_wconf 77' lang='grc' dir='ltr'>οὐδὲ</span> <span class='ocrx_word' id='word_1_410' title='bbox 2674 1857 2894 1916; x_wconf 84' lang='grc' dir='ltr'>τέκτων,</span> <span class='ocrx_word' id='word_1_411' title='bbox 2923 1851 3026 1904; x_wconf 80' lang='grc' dir='ltr'>οὐδ’</span> <span class='ocrx_word' id='word_1_412' title='bbox 3063 1848 3259 1918; x_wconf 79' lang='grc' dir='ltr'>ἑτέρας</span> <span class='ocrx_word' id='word_1_413' title='bbox 3299 1845 3448 1913; x_wconf 85' lang='grc' dir='ltr'>δημι</span> 
     </span>
    </p>
   </div>
   <div class='ocr_carea' id='block_1_63' title="bbox 2528 1931 3448 2018">
    <p class='ocr_par' dir='ltr' id='par_1_63' title="bbox 2528 1931 3448 2018">
     <span class='ocr_line' id='line_1_63' title="bbox 2528 1931 3448 2018; baseline -0.021 -17"><span class='ocrx_word' id='word_1_414' title='bbox 2528 1946 2695 2018; x_wconf 74' lang='grc' dir='ltr'>μικρὰ</span> <span class='ocrx_word' id='word_1_415' title='bbox 2721 1943 2888 1997; x_wconf 80' lang='grc' dir='ltr'>ταῦτα</span> <span class='ocrx_word' id='word_1_416' title='bbox 2920 1940 3011 1993; x_wconf 74' lang='grc' dir='ltr'>καὶ</span> <span class='ocrx_word' id='word_1_417' title='bbox 3033 1934 3379 2006; x_wconf 84' lang='grc' dir='ltr'>ἀνθρώπεια.</span> <span class='ocrx_word' id='word_1_418' title='bbox 3421 1931 3448 1982; x_wconf 89' lang='lat' dir='ltr'><strong>&#39;l</strong></span> 
     </span>
    </p>
   </div>
   <div class='ocr_carea' id='block_1_64' title="bbox 2527 2021 3448 2096">
    <p class='ocr_par' dir='ltr' id='par_1_64' title="bbox 2527 2021 3448 2096">
     <span class='ocr_line' id='line_1_64' title="bbox 2527 2021 3448 2096; baseline -0.021 -8"><span class='ocrx_word' id='word_1_419' title='bbox 2527 2053 2638 2088; x_wconf 89' lang='grc' dir='ltr'><strong>πων</strong></span> <span class='ocrx_word' id='word_1_420' title='bbox 2664 2030 2933 2091; x_wconf 78' lang='grc' dir='ltr'>εὐσεϐείας</span> <span class='ocrx_word' id='word_1_421' title='bbox 2953 2024 3184 2096; x_wconf 75' lang='grc' dir='ltr'>ἀληθοῦς</span> <span class='ocrx_word' id='word_1_422' title='bbox 3209 2021 3448 2074; x_wconf 84' lang='grc' dir='ltr'>διδάσκσ</span> 
     </span>
    </p>
   </div>
   <div class='ocr_carea' id='block_1_65' title="bbox 2525 2111 3446 2195">
    <p class='ocr_par' dir='ltr' id='par_1_65' title="bbox 2525 2111 3446 2195">
     <span class='ocr_line' id='line_1_65' title="bbox 2525 2111 3446 2195; baseline -0.02 -18"><span class='ocrx_word' id='word_1_423' title='bbox 2525 2122 2849 2195; x_wconf 77' lang='grc' dir='ltr'>τουργηκότα</span> <span class='ocrx_word' id='word_1_424' title='bbox 2886 2116 3004 2171; x_wconf 82' lang='grc' dir='ltr'>καθ’</span> <span class='ocrx_word' id='word_1_425' title='bbox 3046 2115 3103 2166; x_wconf 84' lang='grc' dir='ltr'>ὃν</span> <span class='ocrx_word' id='word_1_426' title='bbox 3159 2111 3446 2179; x_wconf 79' lang='grc' dir='ltr'>ἐπεδήμει</span> 
     </span>
    </p>
   </div>
   <div class='ocr_carea' id='block_1_66' title="bbox 2528 2200 3448 2280">
    <p class='ocr_par' dir='ltr' id='par_1_66' title="bbox 2528 2200 3448 2280">
     <span class='ocr_line' id='line_1_66' title="bbox 2528 2200 3448 2280; baseline -0.022 -10"><span class='ocrx_word' id='word_1_427' title='bbox 2528 2215 2772 2276; x_wconf 80' lang='grc' dir='ltr'>τοιαύτας</span> <span class='ocrx_word' id='word_1_428' title='bbox 2804 2208 3132 2280; x_wconf 69' lang='grc' dir='ltr'>παραδόξους</span> <span class='ocrx_word' id='word_1_429' title='bbox 3174 2200 3448 2272; x_wconf 84' lang='grc' dir='ltr'>τερατεία</span> 
     </span>
    </p>
   </div>
   <div class='ocr_carea' id='block_1_67' title="bbox 2527 2291 3429 2371">
    <p class='ocr_par' dir='ltr' id='par_1_67' title="bbox 2527 2291 3429 2371">
     <span class='ocr_line' id='line_1_67' title="bbox 2527 2291 3429 2371; baseline -0.018 -13"><span class='ocrx_word' id='word_1_430' title='bbox 2527 2307 2652 2368; x_wconf 84' lang='grc' dir='ltr'>τίως</span> <span class='ocrx_word' id='word_1_431' title='bbox 2728 2300 3106 2371; x_wconf 78' lang='grc' dir='ltr'>διεξήλθομεν,</span> <span class='ocrx_word' id='word_1_432' title='bbox 3182 2296 3250 2347; x_wconf 79' lang='grc' dir='ltr'>ἐκ</span> <span class='ocrx_word' id='word_1_433' title='bbox 3324 2291 3429 2343; x_wconf 75' lang='grc' dir='ltr'>τοῦ</span> 
     </span>
    </p>
   </div>
   <div class='ocr_carea' id='block_1_68' title="bbox 2531 2382 3442 2464">
    <p class='ocr_par' dir='ltr' id='par_1_68' title="bbox 2531 2382 3442 2464">
     <span class='ocr_line' id='line_1_68' title="bbox 2531 2382 3442 2464; baseline -0.024 -13"><span class='ocrx_word' id='word_1_434' title='bbox 2531 2397 2710 2464; x_wconf 80' lang='grc' dir='ltr'>φῆναι,</span> <span class='ocrx_word' id='word_1_435' title='bbox 2753 2393 2884 2462; x_wconf 80' lang='grc' dir='ltr'>μήτε</span> <span class='ocrx_word' id='word_1_436' title='bbox 2929 2388 3075 2458; x_wconf 73' lang='grc' dir='ltr'>παρὰ</span> <span class='ocrx_word' id='word_1_437' title='bbox 3109 2382 3361 2436; x_wconf 76' lang='grc' dir='ltr'>παλαιῶν</span> <span class='ocrx_word' id='word_1_438' title='bbox 3415 2382 3442 2431; x_wconf 82' lang='grc' dir='ltr'>ὲ</span> 
     </span>
    </p>
   </div>
   <div class='ocr_carea' id='block_1_69' title="bbox 2530 2471 3444 2542">
    <p class='ocr_par' dir='ltr' id='par_1_69' title="bbox 2530 2471 3444 2542">
     <span class='ocr_line' id='line_1_69' title="bbox 2530 2471 3444 2542; baseline -0.02 -4"><span class='ocrx_word' id='word_1_439' title='bbox 2530 2487 2660 2539; x_wconf 75' lang='grc' dir='ltr'>νέων</span> <span class='ocrx_word' id='word_1_440' title='bbox 2692 2480 3014 2535; x_wconf 80' lang='grc' dir='ltr'>διδασκάλων</span> <span class='ocrx_word' id='word_1_441' title='bbox 3077 2471 3444 2542; x_wconf 77' lang='grc' dir='ltr'>ὡφελημένον</span> 
     </span>
    </p>
   </div>
   <div class='ocr_carea' id='block_1_70' title="bbox 2531 2562 3448 2638">
    <p class='ocr_par' dir='ltr' id='par_1_70' title="bbox 2531 2562 3448 2638">
     <span class='ocr_line' id='line_1_70' title="bbox 2531 2562 3448 2638; baseline -0.021 -7"><span class='ocrx_word' id='word_1_442' title='bbox 2531 2574 2688 2632; x_wconf 75' lang='grc' dir='ltr'>αὑτοῦ</span> <span class='ocrx_word' id='word_1_443' title='bbox 2735 2569 3104 2638; x_wconf 83' lang='grc' dir='ltr'>πεποιηκότων</span> <span class='ocrx_word' id='word_1_444' title='bbox 3129 2605 3143 2629; x_wconf 97' lang='grc'><strong>,</strong></span> <span class='ocrx_word' id='word_1_445' title='bbox 3175 2563 3228 2615; x_wconf 89' lang='grc' dir='ltr'><strong>τί</strong></span> <span class='ocrx_word' id='word_1_446' title='bbox 3277 2562 3412 2616; x_wconf 79' lang='grc' dir='ltr'>ἄλλο</span> <span class='ocrx_word' id='word_1_447' title='bbox 3445 2580 3448 2589; x_wconf 82' lang='grc'><strong>’</strong></span> 
     </span>
    </p>
   </div>
   <div class='ocr_carea' id='block_1_71' title="bbox 2531 2651 3448 2733">
    <p class='ocr_par' dir='ltr' id='par_1_71' title="bbox 2531 2651 3448 2733">
     <span class='ocr_line' id='line_1_71' title="bbox 2531 2651 3448 2733; baseline -0.017 -15"><span class='ocrx_word' id='word_1_448' title='bbox 2531 2667 2622 2719; x_wconf 71' lang='grc' dir='ltr'><strong>καὶ</strong></span> <span class='ocrx_word' id='word_1_449' title='bbox 2645 2661 3037 2733; x_wconf 80' lang='grc' dir='ltr'>ὁμολογούντων</span> <span class='ocrx_word' id='word_1_450' title='bbox 3060 2657 3199 2709; x_wconf 87' lang='grc' dir='ltr'>θεῖον</span> <span class='ocrx_word' id='word_1_451' title='bbox 3222 2651 3448 2721; x_wconf 79' lang='grc' dir='ltr'>άληθῶς</span> 
     </span>
    </p>
   </div>
   <div class='ocr_carea' id='block_1_72' title="bbox 2532 2745 3448 2821">
    <p class='ocr_par' dir='ltr' id='par_1_72' title="bbox 2532 2745 3448 2821">
     <span class='ocr_line' id='line_1_72' title="bbox 2532 2745 3448 2821; baseline -0.019 -12"><span class='ocrx_word' id='word_1_452' title='bbox 2532 2758 2705 2809; x_wconf 80' lang='grc' dir='ltr'>πᾶσαν</span> <span class='ocrx_word' id='word_1_453' title='bbox 2749 2749 3028 2821; x_wconf 81' lang='grc' dir='ltr'>ἀνθρώπου</span> <span class='ocrx_word' id='word_1_454' title='bbox 3086 2747 3247 2814; x_wconf 83' lang='grc' dir='ltr'>φύσιν</span> <span class='ocrx_word' id='word_1_455' title='bbox 3299 2745 3448 2812; x_wconf 86' lang='grc' dir='ltr'>ὑπερ</span> 
     </span>
    </p>
   </div>
   <div class='ocr_carea' id='block_1_73' title="bbox 2537 2831 3448 2912">
    <p class='ocr_par' dir='ltr' id='par_1_73' title="bbox 2537 2831 3448 2912">
     <span class='ocr_line' id='line_1_73' title="bbox 2537 2831 3448 2912; baseline -0.016 -17"><span class='ocrx_word' id='word_1_456' title='bbox 2537 2858 2720 2912; x_wconf 88' lang='grc' dir='ltr'>μενον;</span> <span class='ocrx_word' id='word_1_457' title='bbox 2765 2838 2922 2891; x_wconf 76' lang='grc' dir='ltr'>Ἀλλά</span> <span class='ocrx_word' id='word_1_458' title='bbox 2945 2834 3284 2894; x_wconf 81' lang='grc' dir='ltr'>διδασκάλοις</span> <span class='ocrx_word' id='word_1_459' title='bbox 3317 2831 3448 2882; x_wconf 74' lang='grc' dir='ltr'>αύτὲ</span> 
     </span>
    </p>
   </div>
   <div class='ocr_carea' id='block_1_74' title="bbox 2535 2916 3448 2994">
    <p class='ocr_par' dir='ltr' id='par_1_74' title="bbox 2535 2916 3448 2994">
     <span class='ocr_line' id='line_1_74' title="bbox 2535 2916 3448 2994; baseline -0.014 -14"><span class='ocrx_word' id='word_1_460' title='bbox 2535 2928 2767 2987; x_wconf 84' lang='grc' dir='ltr'>πλάνοις,</span> <span class='ocrx_word' id='word_1_461' title='bbox 2802 2925 2933 2994; x_wconf 76' lang='grc' dir='ltr'>μηδὲ</span> <span class='ocrx_word' id='word_1_462' title='bbox 2968 2922 3145 2974; x_wconf 85' lang='grc' dir='ltr'>λαθεῖν</span> <span class='ocrx_word' id='word_1_463' title='bbox 3176 2918 3342 2972; x_wconf 78' lang='grc' dir='ltr'>αὑτὸν</span> <span class='ocrx_word' id='word_1_464' title='bbox 3374 2916 3448 2968; x_wconf 76' lang='grc' dir='ltr'><strong>τὰ</strong></span> 
     </span>
    </p>
   </div>
   <div class='ocr_carea' id='block_1_75' title="bbox 2535 3007 3448 3080">
    <p class='ocr_par' dir='ltr' id='par_1_75' title="bbox 2535 3007 3448 3080">
     <span class='ocr_line' id='line_1_75' title="bbox 2535 3007 3448 3080; baseline -0.014 -9"><span class='ocrx_word' id='word_1_465' title='bbox 2535 3017 2625 3071; x_wconf 78' lang='grc' dir='ltr'>καὶ</span> <span class='ocrx_word' id='word_1_466' title='bbox 2655 3015 2758 3068; x_wconf 83' lang='grc' dir='ltr'><strong>τῶν</strong></span> <span class='ocrx_word' id='word_1_467' title='bbox 2788 3013 2951 3066; x_wconf 83' lang='grc' dir='ltr'>πάλαι</span> <span class='ocrx_word' id='word_1_468' title='bbox 2986 3011 3112 3080; x_wconf 74' lang='grc' dir='ltr'>παρ’</span> <span class='ocrx_word' id='word_1_469' title='bbox 3152 3011 3340 3071; x_wconf 76' lang='grc' dir='ltr'>αὐτοῖς</span> <span class='ocrx_word' id='word_1_470' title='bbox 3367 3007 3448 3058; x_wconf 88' lang='grc' dir='ltr'>λε·</span> 
     </span>
    </p>
   </div>
   <div class='ocr_carea' id='block_1_76' title="bbox 2537 3099 3444 3180">
    <p class='ocr_par' dir='ltr' id='par_1_76' title="bbox 2537 3099 3444 3180">
     <span class='ocr_line' id='line_1_76' title="bbox 2537 3099 3444 3180; baseline -0.012 -19"><span class='ocrx_word' id='word_1_471' title='bbox 2537 3110 2661 3180; x_wconf 84' lang='grc' dir='ltr'>παρ’</span> <span class='ocrx_word' id='word_1_472' title='bbox 2691 3101 2764 3160; x_wconf 80' lang='grc' dir='ltr'>ὧν</span> <span class='ocrx_word' id='word_1_473' title='bbox 2797 3103 3182 3172; x_wconf 81' lang='grc' dir='ltr'>συλλεξάμενον</span> <span class='ocrx_word' id='word_1_474' title='bbox 3201 3139 3216 3163; x_wconf 91' lang='grc'><strong>,</strong></span> <span class='ocrx_word' id='word_1_475' title='bbox 3265 3099 3444 3164; x_wconf 83' lang='grc' dir='ltr'>ἄνδρα</span> 
     </span>
    </p>
   </div>
   <div class='ocr_carea' id='block_1_77' title="bbox 2535 3188 3448 3268">
    <p class='ocr_par' dir='ltr' id='par_1_77' title="bbox 2535 3188 3448 3268">
     <span class='ocr_line' id='line_1_77' title="bbox 2535 3188 3448 3268; baseline -0.011 -18"><span class='ocrx_word' id='word_1_476' title='bbox 2535 3197 2869 3268; x_wconf 79' lang='grc' dir='ltr'>παρίστησιν,</span> <span class='ocrx_word' id='word_1_477' title='bbox 2899 3190 3301 3259; x_wconf 77' lang='grc' dir='ltr'>ἀποδειχθῆναι.</span> <span class='ocrx_word' id='word_1_478' title='bbox 3325 3188 3394 3240; x_wconf 86' lang='grc' dir='ltr'>Τί</span> <span class='ocrx_word' id='word_1_479' title='bbox 3429 3188 3448 3240; x_wconf 81' lang='grc' dir='ltr'><strong>ε</strong></span> 
     </span>
    </p>
   </div>
   <div class='ocr_carea' id='block_1_78' title="bbox 2535 3282 3448 3360">
    <p class='ocr_par' dir='ltr' id='par_1_78' title="bbox 2535 3282 3448 3360">
     <span class='ocr_line' id='line_1_78' title="bbox 2535 3282 3448 3360; baseline -0.014 -18"><span class='ocrx_word' id='word_1_480' title='bbox 2535 3289 2804 3360; x_wconf 84' lang='grc' dir='ltr'>κρείττους</span> <span class='ocrx_word' id='word_1_481' title='bbox 2843 3282 3002 3336; x_wconf 76' lang='grc' dir='ltr'>αὐτοῦ</span> <span class='ocrx_word' id='word_1_482' title='bbox 3048 3282 3344 3351; x_wconf 76' lang='grc' dir='ltr'>πεφήνασι,</span> <span class='ocrx_word' id='word_1_483' title='bbox 3375 3297 3448 3331; x_wconf 88' lang='grc' dir='ltr'><strong>κα</strong></span> 
     </span>
    </p>
   </div>
   <div class='ocr_carea' id='block_1_79' title="bbox 2537 3368 3448 3432">
    <p class='ocr_par' dir='ltr' id='par_1_79' title="bbox 2537 3368 3448 3432">
     <span class='ocr_line' id='line_1_79' title="bbox 2537 3368 3448 3432; baseline -0.013 -1"><span class='ocrx_word' id='word_1_484' title='bbox 2537 3379 2628 3431; x_wconf 72' lang='grc' dir='ltr'><strong>καὶ</strong></span> <span class='ocrx_word' id='word_1_485' title='bbox 2663 3374 2820 3430; x_wconf 79' lang='grc' dir='ltr'>αὑτοῦ</span> <span class='ocrx_word' id='word_1_486' title='bbox 2867 3371 3168 3425; x_wconf 86' lang='grc' dir='ltr'>διδάσκαλοι</span> <span class='ocrx_word' id='word_1_487' title='bbox 3191 3409 3206 3432; x_wconf 95' lang='grc'><strong>,</strong></span> <span class='ocrx_word' id='word_1_488' title='bbox 3257 3368 3358 3421; x_wconf 77' lang='grc' dir='ltr'>εἴτ’</span> <span class='ocrx_word' id='word_1_489' title='bbox 3391 3370 3448 3420; x_wconf 62' lang='grc' dir='ltr'><strong>ἐς</strong></span> 
     </span>
    </p>
   </div>
   <div class='ocr_carea' id='block_1_80' title="bbox 2537 3453 3448 3531">
    <p class='ocr_par' dir='ltr' id='par_1_80' title="bbox 2537 3453 3448 3531">
     <span class='ocr_line' id='line_1_80' title="bbox 2537 3453 3448 3531; baseline -0.011 -18"><span class='ocrx_word' id='word_1_490' title='bbox 2537 3462 2630 3531; x_wconf 85' lang='grc' dir='ltr'><strong>δή;</strong></span> <span class='ocrx_word' id='word_1_491' title='bbox 2658 3460 2721 3512; x_wconf 90' lang='grc' dir='ltr'>Τί</span> <span class='ocrx_word' id='word_1_492' title='bbox 2749 3455 2837 3511; x_wconf 75' lang='grc' dir='ltr'><strong>οὖν</strong></span> <span class='ocrx_word' id='word_1_493' title='bbox 2857 3457 2973 3526; x_wconf 74' lang='grc' dir='ltr'>οὐχὶ</span> <span class='ocrx_word' id='word_1_494' title='bbox 2997 3455 3264 3508; x_wconf 80' lang='grc' dir='ltr'>κάκείνων</span> <span class='ocrx_word' id='word_1_495' title='bbox 3291 3453 3400 3524; x_wconf 78' lang='grc' dir='ltr'>πρὸ</span> <span class='ocrx_word' id='word_1_496' title='bbox 3433 3471 3448 3500; x_wconf 58' lang='grc' dir='ltr'><em>η</em></span> 
     </span>
    </p>
   </div>
   <div class='ocr_carea' id='block_1_81' title="bbox 2539 3543 3444 3618">
    <p class='ocr_par' dir='ltr' id='par_1_81' title="bbox 2539 3543 3444 3618">
     <span class='ocr_line' id='line_1_81' title="bbox 2539 3543 3444 3618; baseline -0.008 -16"><span class='ocrx_word' id='word_1_497' title='bbox 2539 3550 2764 3618; x_wconf 77' lang='grc' dir='ltr'>ἔφθασεν</span> <span class='ocrx_word' id='word_1_498' title='bbox 2787 3550 2865 3609; x_wconf 84' lang='grc' dir='ltr'><strong>είς</strong></span> <span class='ocrx_word' id='word_1_499' title='bbox 2886 3547 3089 3608; x_wconf 87' lang='grc' dir='ltr'>πάντας</span> <span class='ocrx_word' id='word_1_500' title='bbox 3115 3543 3444 3614; x_wconf 83' lang='grc' dir='ltr'>ἀνθρώπους</span> 
     </span>
    </p>
   </div>
   <div class='ocr_carea' id='block_1_82' title="bbox 2541 3635 3448 3694">
    <p class='ocr_par' dir='ltr' id='par_1_82' title="bbox 2541 3635 3448 3694">
     <span class='ocr_line' id='line_1_82' title="bbox 2541 3635 3448 3694; baseline -0.009 0"><span class='ocrx_word' id='word_1_501' title='bbox 2541 3640 2797 3694; x_wconf 85' lang='grc' dir='ltr'>κάκείνων</span> <span class='ocrx_word' id='word_1_502' title='bbox 2838 3639 3002 3691; x_wconf 78' lang='grc' dir='ltr'>εἰσέτι</span> <span class='ocrx_word' id='word_1_503' title='bbox 3052 3637 3144 3690; x_wconf 83' lang='grc' dir='ltr'>νῦν</span> <span class='ocrx_word' id='word_1_504' title='bbox 3185 3636 3248 3687; x_wconf 80' lang='grc' dir='ltr'><strong>τὸ</strong></span> <span class='ocrx_word' id='word_1_505' title='bbox 3303 3635 3448 3687; x_wconf 76' lang='grc' dir='ltr'>κλὲοι</span> 
     </span>
    </p>
   </div>
   <div class='ocr_carea' id='block_1_83' title="bbox 2543 3723 3448 3800">
    <p class='ocr_par' dir='ltr' id='par_1_83' title="bbox 2543 3723 3448 3800">
     <span class='ocr_line' id='line_1_83' title="bbox 2543 3723 3448 3800; baseline -0.009 -17"><span class='ocrx_word' id='word_1_506' title='bbox 2543 3728 2954 3800; x_wconf 83' lang='grc' dir='ltr'>παραπλησίως;</span> <span class='ocrx_word' id='word_1_507' title='bbox 2987 3725 3082 3788; x_wconf 87' lang='grc' dir='ltr'><strong>Τίς</strong></span> <span class='ocrx_word' id='word_1_508' title='bbox 3109 3725 3166 3776; x_wconf 85' lang='grc' dir='ltr'>δὲ</span> <span class='ocrx_word' id='word_1_509' title='bbox 3207 3723 3317 3776; x_wconf 80' lang='grc' dir='ltr'><strong>τῶν</strong></span> <span class='ocrx_word' id='word_1_510' title='bbox 3351 3725 3448 3777; x_wconf 75' lang='grc' dir='ltr'><strong>ἀπ’</strong></span> 
     </span>
    </p>
   </div>
   <div class='ocr_carea' id='block_1_84' title="bbox 2544 3811 3448 3888">
    <p class='ocr_par' dir='ltr' id='par_1_84' title="bbox 2544 3811 3448 3888">
     <span class='ocr_line' id='line_1_84' title="bbox 2544 3811 3448 3888; baseline -0.004 -19"><span class='ocrx_word' id='word_1_511' title='bbox 2544 3816 2809 3888; x_wconf 78' lang='grc' dir='ltr'>βάρϐαρος</span> <span class='ocrx_word' id='word_1_512' title='bbox 2851 3811 3147 3883; x_wconf 84' lang='grc' dir='ltr'>ἢἜλλην,</span> <span class='ocrx_word' id='word_1_513' title='bbox 3196 3811 3448 3865; x_wconf 49' lang='grc' dir='ltr'>τοιούτων</span> 
     </span>
    </p>
   </div>
   <div class='ocr_carea' id='block_1_85' title="bbox 2543 3902 3446 3977">
    <p class='ocr_par' dir='ltr' id='par_1_85' title="bbox 2543 3902 3446 3977">
     <span class='ocr_line' id='line_1_85' title="bbox 2543 3902 3446 3977; baseline -0.002 -19"><span class='ocrx_word' id='word_1_514' title='bbox 2543 3904 2821 3977; x_wconf 81' lang='grc' dir='ltr'>φοιτητῶν,</span> <span class='ocrx_word' id='word_1_515' title='bbox 2852 3903 2942 3956; x_wconf 59' lang='grc' dir='ltr'><strong>καλ⁸</strong></span> <span class='ocrx_word' id='word_1_516' title='bbox 2976 3902 3228 3956; x_wconf 79' lang='grc' dir='ltr'>τοιούτων</span> <span class='ocrx_word' id='word_1_517' title='bbox 3260 3903 3446 3972; x_wconf 88' lang='grc' dir='ltr'>νόμων</span> 
     </span>
    </p>
   </div>
   <div class='ocr_carea' id='block_1_86' title="bbox 2543 3991 3448 4063">
    <p class='ocr_par' dir='ltr' id='par_1_86' title="bbox 2543 3991 3448 4063">
     <span class='ocr_line' id='line_1_86' title="bbox 2543 3991 3448 4063; baseline -0.009 -14"><span class='ocrx_word' id='word_1_518' title='bbox 2543 3996 2664 4049; x_wconf 77' lang='grc' dir='ltr'>οἵων</span> <span class='ocrx_word' id='word_1_519' title='bbox 2713 3995 2746 4063; x_wconf 80' lang='grc' dir='ltr'><strong>ἡ</strong></span> <span class='ocrx_word' id='word_1_520' title='bbox 2777 3991 2868 4045; x_wconf 80' lang='grc' dir='ltr'><strong>τοῦ</strong></span> <span class='ocrx_word' id='word_1_521' title='bbox 2922 3991 3168 4060; x_wconf 83' lang='grc' dir='ltr'>Σωτῆρος</span> <span class='ocrx_word' id='word_1_522' title='bbox 3228 3991 3384 4060; x_wconf 68' lang='grc' dir='ltr'><strong>ἡμῶν</strong></span> <span class='ocrx_word' id='word_1_523' title='bbox 3438 3993 3448 4043; x_wconf 79' lang='grc' dir='ltr'><strong>ἐ</strong></span> 
     </span>
    </p>
   </div>
   <div class='ocr_carea' id='block_1_87' title="bbox 2557 4079 3448 4153">
    <p class='ocr_par' dir='ltr' id='par_1_87' title="bbox 2557 4079 3448 4153">
     <span class='ocr_line' id='line_1_87' title="bbox 2557 4079 3448 4153; baseline -0.003 -15"><span class='ocrx_word' id='word_1_524' title='bbox 2557 4085 2741 4146; x_wconf 82' lang='grc' dir='ltr'>’ἰάσεις</span> <span class='ocrx_word' id='word_1_525' title='bbox 2759 4083 2814 4134; x_wconf 82' lang='grc' dir='ltr'>δὲ</span> <span class='ocrx_word' id='word_1_526' title='bbox 2832 4079 3049 4133; x_wconf 88' lang='grc' dir='ltr'>τοσάσδε</span> <span class='ocrx_word' id='word_1_527' title='bbox 3069 4080 3163 4132; x_wconf 76' lang='grc' dir='ltr'><strong>καὶ</strong></span> <span class='ocrx_word' id='word_1_528' title='bbox 3182 4082 3448 4153; x_wconf 80' lang='grc' dir='ltr'>παραδόξι</span> 
     </span>
    </p>
   </div>
   <div class='ocr_carea' id='block_1_88' title="bbox 2545 4170 3448 4243">
    <p class='ocr_par' dir='ltr' id='par_1_88' title="bbox 2545 4170 3448 4243">
     <span class='ocr_line' id='line_1_88' title="bbox 2545 4170 3448 4243; baseline 0.003 -22"><span class='ocrx_word' id='word_1_529' title='bbox 2545 4177 2659 4238; x_wconf 76' lang='grc' dir='ltr'>οἵας</span> <span class='ocrx_word' id='word_1_530' title='bbox 2683 4176 2710 4227; x_wconf 86' lang='grc' dir='ltr'>ὁ</span> <span class='ocrx_word' id='word_1_531' title='bbox 2750 4173 3012 4243; x_wconf 80' lang='grc' dir='ltr'>ἡμέτερος</span> <span class='ocrx_word' id='word_1_532' title='bbox 3051 4170 3362 4240; x_wconf 83' lang='grc' dir='ltr'>πεποιηκὼς</span> <span class='ocrx_word' id='word_1_533' title='bbox 3412 4190 3448 4242; x_wconf 85' lang='grc' dir='ltr'>μ</span> 
     </span>
    </p>
   </div>
   <div class='ocr_carea' id='block_1_89' title="bbox 2547 4259 3448 4332">
    <p class='ocr_par' dir='ltr' id='par_1_89' title="bbox 2547 4259 3448 4332">
     <span class='ocr_line' id='line_1_89' title="bbox 2547 4259 3448 4332; baseline -0.002 -14"><span class='ocrx_word' id='word_1_534' title='bbox 2547 4282 2673 4318; x_wconf 89' lang='grc' dir='ltr'>ποτε</span> <span class='ocrx_word' id='word_1_535' title='bbox 2709 4259 3135 4332; x_wconf 82' lang='grc' dir='ltr'>διαπραξάμενος</span> <span class='ocrx_word' id='word_1_536' title='bbox 3163 4263 3448 4332; x_wconf 80' lang='grc' dir='ltr'>ἱστορεῖται</span> 
     </span>
    </p>
   </div>
   <div class='ocr_carea' id='block_1_90' title="bbox 2549 4352 3439 4424">
    <p class='ocr_par' dir='ltr' id='par_1_90' title="bbox 2549 4352 3439 4424">
     <span class='ocr_line' id='line_1_90' title="bbox 2549 4352 3439 4424; baseline -0.004 -14"><span class='ocrx_word' id='word_1_537' title='bbox 2549 4358 2638 4410; x_wconf 74' lang='grc' dir='ltr'><strong>καὶ</strong></span> <span class='ocrx_word' id='word_1_538' title='bbox 2663 4354 2769 4408; x_wconf 82' lang='grc' dir='ltr'>τῶν</span> <span class='ocrx_word' id='word_1_539' title='bbox 2795 4352 3127 4424; x_wconf 87' lang='grc' dir='ltr'>πραγμάτων</span> <span class='ocrx_word' id='word_1_540' title='bbox 3151 4353 3439 4417; x_wconf 83' lang='grc' dir='ltr'>αὐτόπται,</span> 
     </span>
    </p>
   </div>
   <div class='ocr_carea' id='block_1_91' title="bbox 928 4433 2453 4530">
    <p class='ocr_par' dir='ltr' id='par_1_91' title="bbox 928 4433 2449 4530">
     <span class='ocr_line' id='line_1_91' title="bbox 928 4433 2449 4530; baseline -0.014 -16"><span class='ocrx_word' id='word_1_541' title='bbox 928 4467 1308 4530; x_wconf 68' lang='lat' dir='ltr'><strong>praeceptorum</strong></span> <span class='ocrx_word' id='word_1_542' title='bbox 1339 4433 1525 4510; x_wconf 78' lang='lat' dir='ltr'><strong>auctor</strong></span> <span class='ocrx_word' id='word_1_543' title='bbox 1553 4455 1671 4517; x_wconf 85' lang='lat' dir='ltr'><strong>fuit,</strong></span> <span class='ocrx_word' id='word_1_544' title='bbox 1698 4452 1935 4522; x_wconf 91' lang='lat' dir='ltr'><strong>qualium</strong></span> <span class='ocrx_word' id='word_1_545' title='bbox 1969 4447 2137 4502; x_wconf 86' lang='lat' dir='ltr'><strong>fuisse</strong></span> <span class='ocrx_word' id='word_1_546' title='bbox 2163 4445 2449 4498; x_wconf 83' lang='lat' dir='ltr'><strong>Salvatoris</strong></span> 
     </span>
    </p>
   </div>
   <div class='ocr_carea' id='block_1_92' title="bbox 1922 4433 3447 4530">
    <p class='ocr_par' dir='ltr' id='par_1_92' title="bbox 1922 4433 3447 4512">
     <span class='ocr_line' id='line_1_92' title="bbox 1922 4433 3447 4512; baseline -0.005 -10"><span class='ocrx_word' id='word_1_547' title='bbox 1922 4465 1935 4502; x_wconf 91' lang='grc' dir='ltr'><strong>ι</strong></span> <span class='ocrx_word' id='word_1_548' title='bbox 1969 4447 2137 4502; x_wconf 85' lang='lat' dir='ltr'><strong>fuisse</strong></span> <span class='ocrx_word' id='word_1_549' title='bbox 2163 4445 2449 4498; x_wconf 83' lang='lat' dir='ltr'><strong>Salvatoris</strong></span> <span class='ocrx_word' id='word_1_550' title='bbox 2481 4451 2524 4510; x_wconf 79' lang='grc' dir='ltr'>υ</span> <span class='ocrx_word' id='word_1_551' title='bbox 2549 4443 2768 4512; x_wconf 86' lang='grc' dir='ltr'>δοκιμῆς</span> <span class='ocrx_word' id='word_1_552' title='bbox 2793 4441 2889 4510; x_wconf 77' lang='grc' dir='ltr'>τὴν</span> <span class='ocrx_word' id='word_1_553' title='bbox 2921 4439 3058 4512; x_wconf 82' lang='grc' dir='ltr'>ὑπὲρ</span> <span class='ocrx_word' id='word_1_554' title='bbox 3085 4433 3158 4493; x_wconf 84' lang='grc' dir='ltr'>ὧν</span> <span class='ocrx_word' id='word_1_555' title='bbox 3175 4441 3447 4512; x_wconf 83' lang='grc' dir='ltr'>ὲμαρτύρτ</span> 
     </span>
    </p>
   </div>
   <div class='ocr_carea' id='block_1_93' title="bbox 929 4540 2454 4610">
    <p class='ocr_par' dir='ltr' id='par_1_93' title="bbox 929 4540 2454 4610">
     <span class='ocr_line' id='line_1_93' title="bbox 929 4540 2454 4610; baseline -0.014 -4"><span class='ocrx_word' id='word_1_556' title='bbox 929 4551 1100 4606; x_wconf 89' lang='lat' dir='ltr'><strong>nostri</strong></span> <span class='ocrx_word' id='word_1_557' title='bbox 1146 4550 1315 4604; x_wconf 73' lang='lat' dir='ltr'><strong>virtus</strong></span> <span class='ocrx_word' id='word_1_558' title='bbox 1368 4545 1696 4601; x_wconf 81' lang='lat' dir='ltr'><strong>ostenditur?</strong></span> <span class='ocrx_word' id='word_1_559' title='bbox 1744 4550 1836 4596; x_wconf 91' lang='lat' dir='ltr'><strong>aut</strong></span> <span class='ocrx_word' id='word_1_560' title='bbox 1882 4541 2003 4610; x_wconf 90' lang='lat' dir='ltr'><strong>quis</strong></span> <span class='ocrx_word' id='word_1_561' title='bbox 2054 4551 2288 4606; x_wconf 86' lang='lat' dir='ltr'><strong>unquam</strong></span> <span class='ocrx_word' id='word_1_562' title='bbox 2345 4540 2454 4586; x_wconf 87' lang='lat' dir='ltr'><strong>tam</strong></span> 
     </span>
    </p>
   </div>
   <div class='ocr_carea' id='block_1_94' title="bbox 932 4627 2455 4700">
    <p class='ocr_par' dir='ltr' id='par_1_94' title="bbox 932 4627 2455 4700">
     <span class='ocr_line' id='line_1_94' title="bbox 932 4627 2455 4700; baseline -0.013 -5"><span class='ocrx_word' id='word_1_563' title='bbox 932 4641 1112 4695; x_wconf 89' lang='lat' dir='ltr'><strong>multis</strong></span> <span class='ocrx_word' id='word_1_564' title='bbox 1141 4637 1379 4700; x_wconf 89' lang='lat' dir='ltr'><strong>medelis,</strong></span> <span class='ocrx_word' id='word_1_565' title='bbox 1409 4646 1516 4690; x_wconf 91' lang='lat' dir='ltr'><strong>tam</strong></span> <span class='ocrx_word' id='word_1_566' title='bbox 1540 4633 1877 4689; x_wconf 89' lang='lat' dir='ltr'><strong>mirabilibus</strong></span> <span class='ocrx_word' id='word_1_567' title='bbox 1902 4627 2455 4694; x_wconf 88' lang='lat' dir='ltr'><strong>beneficentiis,quam</strong></span> 
     </span>
    </p>
   </div>
   <div class='ocr_carea' id='block_1_95' title="bbox 933 4712 2458 4788">
    <p class='ocr_par' dir='ltr' id='par_1_95' title="bbox 933 4712 2458 4788">
     <span class='ocr_line' id='line_1_95' title="bbox 933 4712 2458 4788; baseline -0.012 -5"><span class='ocrx_word' id='word_1_568' title='bbox 933 4732 1019 4785; x_wconf 90' lang='lat' dir='ltr'><strong>hic</strong></span> <span class='ocrx_word' id='word_1_569' title='bbox 1058 4738 1240 4784; x_wconf 89' lang='lat' dir='ltr'><strong>noster</strong></span> <span class='ocrx_word' id='word_1_570' title='bbox 1269 4727 1482 4780; x_wconf 89' lang='lat' dir='ltr'><strong>functus</strong></span> <span class='ocrx_word' id='word_1_571' title='bbox 1514 4722 1866 4779; x_wconf 85' lang='lat' dir='ltr'><strong>memoratur?</strong></span> <span class='ocrx_word' id='word_1_572' title='bbox 1893 4719 2057 4788; x_wconf 88' lang='lat' dir='ltr'><strong>Cujus</strong></span> <span class='ocrx_word' id='word_1_573' title='bbox 2089 4727 2263 4772; x_wconf 90' lang='lat' dir='ltr'><strong>autem</strong></span> <span class='ocrx_word' id='word_1_574' title='bbox 2306 4712 2458 4767; x_wconf 83' lang='lat' dir='ltr'><strong>fami-</strong></span> 
     </span>
    </p>
   </div>
   <div class='ocr_carea' id='block_1_96' title="bbox 935 4811 2458 4888">
    <p class='ocr_par' dir='ltr' id='par_1_96' title="bbox 935 4811 2458 4888">
     <span class='ocr_line' id='line_1_96' title="bbox 935 4811 2458 4888; baseline -0.011 -16"><span class='ocrx_word' id='word_1_575' title='bbox 935 4820 1094 4874; x_wconf 90' lang='lat' dir='ltr'><strong>liares</strong></span> <span class='ocrx_word' id='word_1_576' title='bbox 1129 4819 1267 4888; x_wconf 84' lang='lat' dir='ltr'><strong>ignis</strong></span> <span class='ocrx_word' id='word_1_577' title='bbox 1298 4816 1533 4883; x_wconf 86' lang='lat' dir='ltr'><strong>ferrique</strong></span> <span class='ocrx_word' id='word_1_578' title='bbox 1559 4811 1874 4882; x_wconf 89' lang='lat' dir='ltr'><strong>probatione</strong></span> <span class='ocrx_word' id='word_1_579' title='bbox 1903 4824 2084 4864; x_wconf 90' lang='lat' dir='ltr'><strong>earum</strong></span> <span class='ocrx_word' id='word_1_580' title='bbox 2115 4820 2292 4861; x_wconf 90' lang='lat' dir='ltr'><strong>rerum</strong></span> <span class='ocrx_word' id='word_1_581' title='bbox 2325 4815 2458 4871; x_wconf 88' lang='lat' dir='ltr'><strong>quas</strong></span> 
     </span>
    </p>
   </div>
   <div class='ocr_carea' id='block_1_97' title="bbox 939 4891 2458 4964">
    <p class='ocr_par' dir='ltr' id='par_1_97' title="bbox 939 4891 2458 4964">
     <span class='ocr_line' id='line_1_97' title="bbox 939 4891 2458 4964; baseline -0.012 -2"><span class='ocrx_word' id='word_1_582' title='bbox 939 4911 1350 4964; x_wconf 81' lang='lat' dir='ltr'><strong>testiﬁcarentur</strong></span> <span class='ocrx_word' id='word_1_583' title='bbox 1372 4907 1647 4960; x_wconf 78' lang='lat' dir='ltr'><strong>veritatem</strong></span> <span class='ocrx_word' id='word_1_584' title='bbox 1677 4903 1752 4956; x_wconf 90' lang='lat' dir='ltr'><strong>ita</strong></span> <span class='ocrx_word' id='word_1_585' title='bbox 1778 4901 2183 4962; x_wconf 80' lang='lat' dir='ltr'><strong>confirmarunt,</strong></span> <span class='ocrx_word' id='word_1_586' title='bbox 2205 4903 2263 4950; x_wconf 86' lang='lat' dir='ltr'><strong>ut</strong></span> <span class='ocrx_word' id='word_1_587' title='bbox 2292 4891 2458 4948; x_wconf 90' lang='lat' dir='ltr'><strong>nostri</strong></span> 
     </span>
    </p>
   </div>
   <div class='ocr_carea' id='block_1_98' title="bbox 939 4986 2460 5066">
    <p class='ocr_par' dir='ltr' id='par_1_98' title="bbox 939 4986 2460 5066">
     <span class='ocr_line' id='line_1_98' title="bbox 939 4986 2460 5066; baseline -0.011 -16"><span class='ocrx_word' id='word_1_588' title='bbox 939 4997 1232 5053; x_wconf 79' lang='lat' dir='ltr'><strong>Salvatoris</strong></span> <span class='ocrx_word' id='word_1_589' title='bbox 1259 4995 1527 5066; x_wconf 89' lang='lat' dir='ltr'><strong>discipuli,</strong></span> <span class='ocrx_word' id='word_1_590' title='bbox 1557 4994 1648 5064; x_wconf 89' lang='lat' dir='ltr'><strong>qui</strong></span> <span class='ocrx_word' id='word_1_591' title='bbox 1675 4992 1852 5047; x_wconf 91' lang='lat' dir='ltr'><strong>omnia</strong></span> <span class='ocrx_word' id='word_1_592' title='bbox 1882 4990 2094 5060; x_wconf 90' lang='lat' dir='ltr'><strong>quidem</strong></span> <span class='ocrx_word' id='word_1_593' title='bbox 2128 4986 2322 5059; x_wconf 90' lang='lat' dir='ltr'><strong>probra</strong></span> <span class='ocrx_word' id='word_1_594' title='bbox 2343 4997 2460 5052; x_wconf 91' lang='lat' dir='ltr'><strong>per-</strong></span> 
     </span>
    </p>
   </div>
   <div class='ocr_carea' id='block_1_99' title="bbox 939 5072 2463 5150">
    <p class='ocr_par' dir='ltr' id='par_1_99' title="bbox 939 5072 2463 5150">
     <span class='ocr_line' id='line_1_99' title="bbox 939 5072 2463 5150; baseline -0.009 -15"><span class='ocrx_word' id='word_1_595' title='bbox 939 5085 1196 5150; x_wconf 83' lang='lat' dir='ltr'><strong>tulerunt,</strong></span> <span class='ocrx_word' id='word_1_596' title='bbox 1219 5086 1396 5141; x_wconf 88' lang='lat' dir='ltr'><strong>omnia</strong></span> <span class='ocrx_word' id='word_1_597' title='bbox 1443 5098 1572 5140; x_wconf 79' lang='lat' dir='ltr'><strong>vero</strong></span> <span class='ocrx_word' id='word_1_598' title='bbox 1618 5088 2003 5136; x_wconf 87' lang='lat' dir='ltr'><strong>tormentorum</strong></span> <span class='ocrx_word' id='word_1_599' title='bbox 2039 5089 2232 5148; x_wconf 86' lang='lat' dir='ltr'><strong>genera</strong></span> <span class='ocrx_word' id='word_1_600' title='bbox 2269 5072 2463 5127; x_wconf 77' lang='lat' dir='ltr'><strong>tolera-</strong></span> 
     </span>
    </p>
   </div>
   <div class='ocr_carea' id='block_1_100' title="bbox 945 5163 2465 5243">
    <p class='ocr_par' dir='ltr' id='par_1_100' title="bbox 945 5163 2465 5243">
     <span class='ocr_line' id='line_1_100' title="bbox 945 5163 2465 5243; baseline -0.013 -14"><span class='ocrx_word' id='word_1_601' title='bbox 945 5179 1090 5236; x_wconf 73' lang='lat' dir='ltr'><strong>runt,</strong></span> <span class='ocrx_word' id='word_1_602' title='bbox 1109 5179 1162 5226; x_wconf 88' lang='lat' dir='ltr'><strong>et</strong></span> <span class='ocrx_word' id='word_1_603' title='bbox 1187 5172 1412 5242; x_wconf 89' lang='lat' dir='ltr'><strong>denique</strong></span> <span class='ocrx_word' id='word_1_604' title='bbox 1435 5172 1708 5243; x_wconf 89' lang='lat' dir='ltr'><strong>proprium</strong></span> <span class='ocrx_word' id='word_1_605' title='bbox 1733 5168 2044 5238; x_wconf 89' lang='lat' dir='ltr'><strong>sanguinem</strong></span> <span class='ocrx_word' id='word_1_606' title='bbox 2069 5163 2386 5220; x_wconf 77' lang='lat' dir='ltr'><strong>cﬂuderunt,</strong></span> <span class='ocrx_word' id='word_1_607' title='bbox 2407 5165 2465 5210; x_wconf 89' lang='lat' dir='ltr'><strong>nt</strong></span> 
     </span>
    </p>
   </div>
   <div class='ocr_carea' id='block_1_101' title="bbox 947 5252 2466 5329">
    <p class='ocr_par' dir='ltr' id='par_1_101' title="bbox 947 5252 2466 5329">
     <span class='ocr_line' id='line_1_101' title="bbox 947 5252 2466 5329; baseline -0.009 -15"><span class='ocrx_word' id='word_1_608' title='bbox 947 5274 1064 5329; x_wconf 73' lang='lat' dir='ltr'><strong>qua:</strong></span> <span class='ocrx_word' id='word_1_609' title='bbox 1109 5258 1208 5326; x_wconf 88' lang='lat' dir='ltr'><strong>ipsi</strong></span> <span class='ocrx_word' id='word_1_610' title='bbox 1262 5263 1528 5316; x_wconf 77' lang='lat' dir='ltr'><strong>testiﬁcati</strong></span> <span class='ocrx_word' id='word_1_611' title='bbox 1561 5270 1739 5318; x_wconf 88' lang='lat' dir='ltr'><strong>essent</strong></span> <span class='ocrx_word' id='word_1_612' title='bbox 1767 5253 2179 5314; x_wconf 79' lang='lat' dir='ltr'><strong>confirmarent?</strong></span> <span class='ocrx_word' id='word_1_613' title='bbox 2206 5252 2466 5306; x_wconf 62' lang='lat' dir='ltr'><strong>Prmterea</strong></span> 
     </span>
    </p>
   </div>
   <div class='ocr_carea' id='block_1_102' title="bbox 945 5336 2463 5416">
    <p class='ocr_par' dir='ltr' id='par_1_102' title="bbox 945 5336 2463 5416">
     <span class='ocr_line' id='line_1_102' title="bbox 945 5336 2463 5416; baseline -0.009 -16"><span class='ocrx_word' id='word_1_614' title='bbox 945 5345 1253 5416; x_wconf 88' lang='lat' dir='ltr'><strong>quicunque</strong></span> <span class='ocrx_word' id='word_1_615' title='bbox 1293 5345 1417 5400; x_wconf 90' lang='lat' dir='ltr'><strong>huic</strong></span> <span class='ocrx_word' id='word_1_616' title='bbox 1461 5357 1656 5402; x_wconf 71' lang='lat' dir='ltr'><strong>nostra:</strong></span> <span class='ocrx_word' id='word_1_617' title='bbox 1694 5347 1889 5402; x_wconf 90' lang='lat' dir='ltr'><strong>rationi</strong></span> <span class='ocrx_word' id='word_1_618' title='bbox 1939 5345 2266 5404; x_wconf 87' lang='lat' dir='ltr'><strong>adversatur,</strong></span> <span class='ocrx_word' id='word_1_619' title='bbox 2301 5336 2463 5397; x_wconf 90' lang='lat' dir='ltr'><strong>dicat,</strong></span> 
     </span>
    </p>
   </div>
   <div class='ocr_carea' id='block_1_103' title="bbox 947 5423 2465 5509">
    <p class='ocr_par' dir='ltr' id='par_1_103' title="bbox 947 5423 2465 5509">
     <span class='ocr_line' id='line_1_103' title="bbox 947 5423 2465 5509; baseline -0.02 -3"><span class='ocrx_word' id='word_1_620' title='bbox 947 5448 1150 5506; x_wconf 61' lang='grc' dir='ltr'><strong>(Ιαπεον</strong></span> <span class='ocrx_word' id='word_1_621' title='bbox 1178 5431 1300 5501; x_wconf 71' lang='lat' dir='ltr'><strong>quis</strong></span> <span class='ocrx_word' id='word_1_622' title='bbox 1346 5447 1578 5509; x_wconf 79' lang='lat' dir='ltr'><strong>unquam</strong></span> <span class='ocrx_word' id='word_1_623' title='bbox 1625 5439 1974 5508; x_wconf 65' lang='lat' dir='ltr'><strong>praestigiator</strong></span> <span class='ocrx_word' id='word_1_624' title='bbox 2026 5433 2213 5488; x_wconf 88' lang='lat' dir='ltr'><strong>saltem</strong></span> <span class='ocrx_word' id='word_1_625' title='bbox 2261 5426 2317 5480; x_wconf 91' lang='lat' dir='ltr'><strong>in</strong></span> <span class='ocrx_word' id='word_1_626' title='bbox 2347 5423 2465 5478; x_wconf 88' lang='lat' dir='ltr'><strong>ani-</strong></span> 
     </span>
    </p>
   </div>
   <div class='ocr_carea' id='block_1_104' title="bbox 951 5513 2470 5591">
    <p class='ocr_par' dir='ltr' id='par_1_104' title="bbox 951 5513 2470 5591">
     <span class='ocr_line' id='line_1_104' title="bbox 951 5513 2470 5591; baseline -0.007 -12"><span class='ocrx_word' id='word_1_627' title='bbox 951 5538 1095 5579; x_wconf 89' lang='lat' dir='ltr'><strong>mum</strong></span> <span class='ocrx_word' id='word_1_628' title='bbox 1124 5521 1354 5587; x_wconf 73' lang='lat' dir='ltr'><strong>induxit,</strong></span> <span class='ocrx_word' id='word_1_629' title='bbox 1370 5520 1436 5575; x_wconf 90' lang='lat' dir='ltr'><strong>de</strong></span> <span class='ocrx_word' id='word_1_630' title='bbox 1468 5524 1682 5591; x_wconf 90' lang='lat' dir='ltr'><strong>proprio</strong></span> <span class='ocrx_word' id='word_1_631' title='bbox 1732 5527 1947 5580; x_wconf 89' lang='lat' dir='ltr'><strong>nomine</strong></span> <span class='ocrx_word' id='word_1_632' title='bbox 2000 5535 2059 5577; x_wconf 88' lang='lat' dir='ltr'><strong>se</strong></span> <span class='ocrx_word' id='word_1_633' title='bbox 2105 5531 2256 5574; x_wconf 77' lang='lat' dir='ltr'><strong>nova:</strong></span> <span class='ocrx_word' id='word_1_634' title='bbox 2285 5513 2470 5583; x_wconf 87' lang='lat' dir='ltr'><strong>cujus-</strong></span> 
     </span>
    </p>
   </div>
   <div class='ocr_carea' id='block_1_105' title="bbox 951 5606 2470 5684">
    <p class='ocr_par' dir='ltr' id='par_1_105' title="bbox 951 5606 2470 5684">
     <span class='ocr_line' id='line_1_105' title="bbox 951 5606 2470 5684; baseline -0.007 -18"><span class='ocrx_word' id='word_1_635' title='bbox 951 5613 1076 5668; x_wconf 91' lang='lat' dir='ltr'><strong>dam</strong></span> <span class='ocrx_word' id='word_1_636' title='bbox 1128 5610 1302 5681; x_wconf 87' lang='lat' dir='ltr'><strong>gentis</strong></span> <span class='ocrx_word' id='word_1_637' title='bbox 1348 5609 1630 5665; x_wconf 86' lang='lat' dir='ltr'><strong>factionem</strong></span> <span class='ocrx_word' id='word_1_638' title='bbox 1692 5610 2163 5684; x_wconf 86' lang='lat' dir='ltr'><strong>comparaturum?</strong></span> <span class='ocrx_word' id='word_1_639' title='bbox 2209 5606 2322 5660; x_wconf 82' lang='lat' dir='ltr'><strong>Hoc</strong></span> <span class='ocrx_word' id='word_1_640' title='bbox 2373 5618 2470 5656; x_wconf 90' lang='lat' dir='ltr'><strong>au-</strong></span> 
     </span>
    </p>
   </div>
   <div class='ocr_carea' id='block_1_106' title="bbox 953 5691 2470 5772">
    <p class='ocr_par' dir='ltr' id='par_1_106' title="bbox 953 5691 2470 5772">
     <span class='ocr_line' id='line_1_106' title="bbox 953 5691 2470 5772; baseline -0.007 -15"><span class='ocrx_word' id='word_1_641' title='bbox 953 5711 1060 5758; x_wconf 90' lang='lat' dir='ltr'><strong>tem</strong></span> <span class='ocrx_word' id='word_1_642' title='bbox 1110 5702 1282 5772; x_wconf 87' lang='lat' dir='ltr'><strong>ipsum</strong></span> <span class='ocrx_word' id='word_1_643' title='bbox 1337 5697 1639 5771; x_wconf 85' lang='lat' dir='ltr'><strong>quempiam</strong></span> <span class='ocrx_word' id='word_1_644' title='bbox 1697 5714 1808 5756; x_wconf 89' lang='lat' dir='ltr'><strong>non</strong></span> <span class='ocrx_word' id='word_1_645' title='bbox 1860 5703 2017 5760; x_wconf 86' lang='lat' dir='ltr'><strong>modo</strong></span> <span class='ocrx_word' id='word_1_646' title='bbox 2059 5699 2343 5770; x_wconf 87' lang='lat' dir='ltr'><strong>cogitasse,</strong></span> <span class='ocrx_word' id='word_1_647' title='bbox 2377 5691 2470 5750; x_wconf 87' lang='lat' dir='ltr'><strong>sed</strong></span> 
     </span>
    </p>
   </div>
   <div class='ocr_carea' id='block_1_107' title="bbox 2552 4528 3448 4599">
    <p class='ocr_par' dir='ltr' id='par_1_107' title="bbox 2552 4528 3448 4599">
     <span class='ocr_line' id='line_1_107' title="bbox 2552 4528 3448 4599; baseline -0.001 -14"><span class='ocrx_word' id='word_1_648' title='bbox 2552 4548 2729 4596; x_wconf 86' lang='grc' dir='ltr'>σαντο,</span> <span class='ocrx_word' id='word_1_649' title='bbox 2767 4528 3042 4599; x_wconf 82' lang='grc' dir='ltr'>ὼσπεροῦν</span> <span class='ocrx_word' id='word_1_650' title='bbox 3096 4531 3146 4582; x_wconf 73' lang='lat' dir='ltr'><strong>oi</strong></span> <span class='ocrx_word' id='word_1_651' title='bbox 3191 4529 3282 4582; x_wconf 76' lang='grc' dir='ltr'>τοῦ</span> <span class='ocrx_word' id='word_1_652' title='bbox 3341 4532 3448 4584; x_wconf 68' lang='grc' dir='ltr'>Σωπ</span> 
     </span>
    </p>
   </div>
   <div class='ocr_carea' id='block_1_108' title="bbox 2552 4618 3447 4688">
    <p class='ocr_par' dir='ltr' id='par_1_108' title="bbox 2552 4618 3447 4688">
     <span class='ocr_line' id='line_1_108' title="bbox 2552 4618 3447 4688; baseline 0.001 -15"><span class='ocrx_word' id='word_1_653' title='bbox 2552 4622 2724 4682; x_wconf 84' lang='grc' dir='ltr'>πάσας</span> <span class='ocrx_word' id='word_1_654' title='bbox 2759 4619 2852 4688; x_wconf 79' lang='grc' dir='ltr'><strong>μὲν</strong></span> <span class='ocrx_word' id='word_1_655' title='bbox 2897 4618 3077 4680; x_wconf 79' lang='grc' dir='ltr'>αἰκίας</span> <span class='ocrx_word' id='word_1_656' title='bbox 3123 4619 3447 4684; x_wconf 89' lang='grc' dir='ltr'>ἀνατλάντες</span> 
     </span>
    </p>
   </div>
   <div class='ocr_carea' id='block_1_109' title="bbox 2556 4708 3448 4776">
    <p class='ocr_par' dir='ltr' id='par_1_109' title="bbox 2556 4708 3448 4776">
     <span class='ocr_line' id='line_1_109' title="bbox 2556 4708 3448 4776; baseline -0.002 -12"><span class='ocrx_word' id='word_1_657' title='bbox 2556 4712 2694 4773; x_wconf 78' lang='grc' dir='ltr'>ἰδέας</span> <span class='ocrx_word' id='word_1_658' title='bbox 2725 4708 3126 4776; x_wconf 84' lang='grc' dir='ltr'>ὑπομείναντες,</span> <span class='ocrx_word' id='word_1_659' title='bbox 3148 4711 3240 4762; x_wconf 80' lang='grc' dir='ltr'><strong>καὶ</strong></span> <span class='ocrx_word' id='word_1_660' title='bbox 3267 4711 3418 4774; x_wconf 86' lang='grc' dir='ltr'>τέλος</span> <span class='ocrx_word' id='word_1_661' title='bbox 3445 4737 3448 4754; x_wconf 82' lang='grc' dir='ltr'>ι</span> 
     </span>
    </p>
   </div>
   <div class='ocr_carea' id='block_1_110' title="bbox 2554 4795 3448 4869">
    <p class='ocr_par' dir='ltr' id='par_1_110' title="bbox 2554 4795 3448 4869">
     <span class='ocr_line' id='line_1_110' title="bbox 2554 4795 3448 4869; baseline -0.004 -17"><span class='ocrx_word' id='word_1_662' title='bbox 2554 4800 2619 4852; x_wconf 73' lang='grc' dir='ltr'>τὰ</span> <span class='ocrx_word' id='word_1_663' title='bbox 2657 4797 2780 4867; x_wconf 77' lang='grc' dir='ltr'>περὶ</span> <span class='ocrx_word' id='word_1_664' title='bbox 2805 4795 2961 4848; x_wconf 74' lang='grc' dir='ltr'>αὐτοῦ</span> <span class='ocrx_word' id='word_1_665' title='bbox 2999 4798 3410 4869; x_wconf 81' lang='grc' dir='ltr'>μαρτυρηθέντα</span> <span class='ocrx_word' id='word_1_666' title='bbox 3440 4823 3448 4853; x_wconf 75' lang='grc'><em>‹</em></span> 
     </span>
    </p>
   </div>
   <div class='ocr_carea' id='block_1_111' title="bbox 2559 4884 3448 4958">
    <p class='ocr_par' dir='ltr' id='par_1_111' title="bbox 2559 4884 3448 4958">
     <span class='ocr_line' id='line_1_111' title="bbox 2559 4884 3448 4958; baseline 0.003 -19"><span class='ocrx_word' id='word_1_667' title='bbox 2559 4888 2675 4939; x_wconf 84' lang='grc' dir='ltr'>Ἔτι</span> <span class='ocrx_word' id='word_1_668' title='bbox 2703 4885 2837 4954; x_wconf 82' lang='grc' dir='ltr'>πρὸς</span> <span class='ocrx_word' id='word_1_669' title='bbox 2867 4884 3090 4949; x_wconf 80' lang='grc' dir='ltr'>τούτοις,</span> <span class='ocrx_word' id='word_1_670' title='bbox 3119 4889 3146 4939; x_wconf 88' lang='grc' dir='ltr'>ὁ</span> <span class='ocrx_word' id='word_1_671' title='bbox 3170 4888 3244 4958; x_wconf 81' lang='grc' dir='ltr'>τῷ</span> <span class='ocrx_word' id='word_1_672' title='bbox 3270 4888 3333 4940; x_wconf 83' lang='grc' dir='ltr'>δι’</span> <span class='ocrx_word' id='word_1_673' title='bbox 3362 4895 3448 4946; x_wconf 66' lang='grc' dir='ltr'><strong>ἕνα</strong></span> 
     </span>
    </p>
   </div>
   <div class='ocr_carea' id='block_1_112' title="bbox 2558 4975 3448 5046">
    <p class='ocr_par' dir='ltr' id='par_1_112' title="bbox 2558 4975 3448 5046">
     <span class='ocr_line' id='line_1_112' title="bbox 2558 4975 3448 5046; baseline -0.008 -16"><span class='ocrx_word' id='word_1_674' title='bbox 2558 4977 2834 5046; x_wconf 84' lang='grc' dir='ltr'>ιστάμενος</span> <span class='ocrx_word' id='word_1_675' title='bbox 2879 4975 3103 5043; x_wconf 80' lang='grc' dir='ltr'>λεγέτω,</span> <span class='ocrx_word' id='word_1_676' title='bbox 3150 4979 3232 5041; x_wconf 87' lang='grc' dir='ltr'><strong>τίς</strong></span> <span class='ocrx_word' id='word_1_677' title='bbox 3273 4981 3378 5034; x_wconf 83' lang='grc' dir='ltr'><strong>τῶν</strong></span> <span class='ocrx_word' id='word_1_678' title='bbox 3413 4999 3448 5033; x_wconf 78' lang='grc' dir='ltr'>π</span> 
     </span>
    </p>
   </div>
   <div class='ocr_carea' id='block_1_113' title="bbox 2557 5065 3448 5132">
    <p class='ocr_par' dir='ltr' id='par_1_113' title="bbox 2557 5065 3448 5132">
     <span class='ocr_line' id='line_1_113' title="bbox 2557 5065 3448 5132; baseline 0.007 -14"><span class='ocrx_word' id='word_1_679' title='bbox 2557 5066 2676 5118; x_wconf 81' lang='grc' dir='ltr'>νοῦν</span> <span class='ocrx_word' id='word_1_680' title='bbox 2702 5065 2917 5118; x_wconf 75' lang='grc' dir='ltr'>ἐϐάλετο</span> <span class='ocrx_word' id='word_1_681' title='bbox 2937 5065 3057 5119; x_wconf 88' lang='grc' dir='ltr'>νέου</span> <span class='ocrx_word' id='word_1_682' title='bbox 3092 5066 3272 5132; x_wconf 74' lang='grc' dir='ltr'>ἔθνους</span> <span class='ocrx_word' id='word_1_683' title='bbox 3307 5071 3398 5122; x_wconf 73' lang='grc' dir='ltr'><strong>ἐπὶ</strong></span> <span class='ocrx_word' id='word_1_684' title='bbox 3429 5089 3448 5125; x_wconf 78' lang='grc' dir='ltr'>ε</span> 
     </span>
    </p>
   </div>
   <div class='ocr_carea' id='block_1_114' title="bbox 2561 5155 3448 5227">
    <p class='ocr_par' dir='ltr' id='par_1_114' title="bbox 2561 5155 3448 5227">
     <span class='ocr_line' id='line_1_114' title="bbox 2561 5155 3448 5227; baseline 0.005 -19"><span class='ocrx_word' id='word_1_685' title='bbox 2561 5173 2641 5208; x_wconf 92' lang='grc' dir='ltr'><strong>σιν</strong></span> <span class='ocrx_word' id='word_1_686' title='bbox 2664 5155 3008 5225; x_wconf 75' lang='grc' dir='ltr'>ποιήσασθαι;</span> <span class='ocrx_word' id='word_1_687' title='bbox 3037 5155 3110 5209; x_wconf 84' lang='grc' dir='ltr'>Τδ</span> <span class='ocrx_word' id='word_1_688' title='bbox 3133 5156 3188 5208; x_wconf 81' lang='grc' dir='ltr'>δὲ</span> <span class='ocrx_word' id='word_1_689' title='bbox 3217 5156 3288 5227; x_wconf 80' lang='grc' dir='ltr'><strong>μὴ</strong></span> <span class='ocrx_word' id='word_1_690' title='bbox 3316 5159 3448 5227; x_wconf 65' lang='grc' dir='ltr'>μόνον</span> 
     </span>
    </p>
   </div>
   <div class='ocr_carea' id='block_1_115' title="bbox 2560 5246 3448 5318">
    <p class='ocr_par' dir='ltr' id='par_1_115' title="bbox 2560 5246 3448 5318">
     <span class='ocr_line' id='line_1_115' title="bbox 2560 5246 3448 5318; baseline 0.007 -20"><span class='ocrx_word' id='word_1_691' title='bbox 2560 5249 2652 5299; x_wconf 69' lang='grc' dir='ltr'><strong>καὶ</strong></span> <span class='ocrx_word' id='word_1_692' title='bbox 2681 5246 3016 5317; x_wconf 82' lang='grc' dir='ltr'>κατορθῶσαι</span> <span class='ocrx_word' id='word_1_693' title='bbox 3041 5246 3102 5299; x_wconf 81' lang='grc' dir='ltr'><strong>τὸ</strong></span> <span class='ocrx_word' id='word_1_694' title='bbox 3136 5247 3405 5318; x_wconf 76' lang='grc' dir='ltr'>βουληθὲν,</span> <span class='ocrx_word' id='word_1_695' title='bbox 3441 5271 3448 5286; x_wconf 68' lang='grc' dir='ltr'><strong>ι</strong></span> 
     </span>
    </p>
   </div>
   <div class='ocr_carea' id='block_1_116' title="bbox 2562 5334 3448 5404">
    <p class='ocr_par' dir='ltr' id='par_1_116' title="bbox 2562 5334 3448 5404">
     <span class='ocr_line' id='line_1_116' title="bbox 2562 5334 3448 5404; baseline 0.007 -16"><span class='ocrx_word' id='word_1_696' title='bbox 2562 5353 2660 5388; x_wconf 91' lang='grc' dir='ltr'><strong>που</strong></span> <span class='ocrx_word' id='word_1_697' title='bbox 2693 5335 2945 5389; x_wconf 78' lang='grc' dir='ltr'>καλύπτοι</span> <span class='ocrx_word' id='word_1_698' title='bbox 2993 5336 3058 5388; x_wconf 85' lang='grc' dir='ltr'><strong>ἂν</strong></span> <span class='ocrx_word' id='word_1_699' title='bbox 3094 5334 3278 5404; x_wconf 84' lang='grc' dir='ltr'>φύσιν;</span> <span class='ocrx_word' id='word_1_700' title='bbox 3318 5339 3448 5394; x_wconf 87' lang='grc' dir='ltr'>Βασι</span> 
     </span>
    </p>
   </div>
   <div class='ocr_carea' id='block_1_117' title="bbox 2564 5423 3448 5499">
    <p class='ocr_par' dir='ltr' id='par_1_117' title="bbox 2564 5423 3448 5499">
     <span class='ocr_line' id='line_1_117' title="bbox 2564 5423 3448 5499; baseline 0.011 -25"><span class='ocrx_word' id='word_1_701' title='bbox 2564 5423 2799 5478; x_wconf 83' lang='grc' dir='ltr'>παλαιῶν</span> <span class='ocrx_word' id='word_1_702' title='bbox 2829 5425 3146 5495; x_wconf 84' lang='grc' dir='ltr'>νομοθετῶν,</span> <span class='ocrx_word' id='word_1_703' title='bbox 3180 5426 3448 5499; x_wconf 81' lang='grc' dir='ltr'>φιλοσόφω·</span> 
     </span>
    </p>
   </div>
   <div class='ocr_carea' id='block_1_118' title="bbox 2565 5508 3447 5580">
    <p class='ocr_par' dir='ltr' id='par_1_118' title="bbox 2565 5508 3447 5580">
     <span class='ocr_line' id='line_1_118' title="bbox 2565 5508 3447 5580; baseline 0.014 -19"><span class='ocrx_word' id='word_1_704' title='bbox 2565 5508 2821 5580; x_wconf 86' lang='grc' dir='ltr'>θεολόγων</span> <span class='ocrx_word' id='word_1_705' title='bbox 2843 5512 2901 5577; x_wconf 73' lang='grc' dir='ltr'>ἐξ</span> <span class='ocrx_word' id='word_1_706' title='bbox 2927 5513 3170 5576; x_wconf 79' lang='grc' dir='ltr'>ἐναντίας</span> <span class='ocrx_word' id='word_1_707' title='bbox 3196 5513 3371 5571; x_wconf 82' lang='grc' dir='ltr'>θέσθαι</span> <span class='ocrx_word' id='word_1_708' title='bbox 3389 5521 3447 5573; x_wconf 87' lang='grc' dir='ltr'><strong>νό</strong></span> 
     </span>
    </p>
   </div>
   <div class='ocr_carea' id='block_1_119' title="bbox 2566 5601 3448 5680">
    <p class='ocr_par' dir='ltr' id='par_1_119' title="bbox 2566 5601 3448 5680">
     <span class='ocr_line' id='line_1_119' title="bbox 2566 5601 3448 5680; baseline 0.011 -26"><span class='ocrx_word' id='word_1_709' title='bbox 2566 5601 2809 5672; x_wconf 86' lang='grc' dir='ltr'>λατρείας</span> <span class='ocrx_word' id='word_1_710' title='bbox 2832 5643 2846 5666; x_wconf 94' lang='grc'><strong>,</strong></span> <span class='ocrx_word' id='word_1_711' title='bbox 2900 5604 2993 5656; x_wconf 72' lang='grc' dir='ltr'><strong>καὶ</strong></span> <span class='ocrx_word' id='word_1_712' title='bbox 3023 5604 3241 5670; x_wconf 85' lang='grc' dir='ltr'>τούτους</span> <span class='ocrx_word' id='word_1_713' title='bbox 3288 5613 3448 5680; x_wconf 77' lang='grc' dir='ltr'>κρατῠ</span> 
     </span>
    </p>
   </div>
   <div class='ocr_carea' id='block_1_120' title="bbox 2569 5693 3448 5770">
    <p class='ocr_par' dir='ltr' id='par_1_120' title="bbox 2569 5693 3448 5770">
     <span class='ocr_line' id='line_1_120' title="bbox 2569 5693 3448 5770; baseline 0.014 -24"><span class='ocrx_word' id='word_1_714' title='bbox 2569 5693 2858 5765; x_wconf 79' lang='grc' dir='ltr'>ἀηττήτους</span> <span class='ocrx_word' id='word_1_715' title='bbox 2888 5695 2964 5758; x_wconf 84' lang='grc' dir='ltr'><strong>είς</strong></span> <span class='ocrx_word' id='word_1_716' title='bbox 3007 5696 3212 5770; x_wconf 75' lang='grc' dir='ltr'>μακρὸν</span> <span class='ocrx_word' id='word_1_717' title='bbox 3245 5700 3448 5768; x_wconf 76' lang='grc' dir='ltr'>ὲπιδεῖξι</span> 
     </span>
    </p>
   </div>
  </div>
