3862 6336
4 404 179 513 τά

1057 418 1686 476 DEMONSTRATIONIS
1723 416 2171 475 ΕνΑΝοΕυοΑς
2224 418 2351 476 LIB.
2389 420 2481 476 Ill.

3231 427 3335 486 236

51 568 107 621 ἃ
130 531 271 621 4f"
296 515 720 621 δξανενόῖιταις
769 527 845 584 'o
882 535 949 588 δὲ
973 537 1167 610 Σωτὴρ
1198 541 1289 594 και
1327 540 1525 609 Κύριος
1560 539 1697 610 ἡμῶη

1810 544 1967 597 etiam
1997 539 2285 610 perfecisse
2324 556 2422 597 suo
2455 541 2739 606 arbitratu,
2773 557 2871 598 cur
2897 559 3003 598 non
3034 552 3195 599 totam
3238 547 3335 600 bo-

31 598 117 711 :3:
212 611 453 711 ένενόησε
492 616 645 711 μὲν,
667 622 741 674 οὐ
776 598 1189 699 τετόλμηκε-δὲ
1214 598 1705 704 ἐπιχειρῆσαι-ἀλλ’

226 705 557 799 ἐπεχείρησε
592 710 736 781 μὲν.
766 718 838 769 οὐ
866 720 1201 792 κατώρθωσε
1227 723 1311 775 δέ·
1334 725 1411 775 ἐνὶ
1435 724 1489 776 δὲ
1513 726 1708 794 ῥήματι

59 834 119 881 ω,
237 798 324 867 μιᾷ
368 801 535 869 φωνῇ
581 803 792 872 φήσας
831 810 978 877 πρὸς
1033 812 1157 874 τοὺς
1205 813 1391 865 ἑαυτοῦ
1433 812 1703 882 μαθητάς·

82 887 525 964 ιπορευθέντες
588 891 1011 963 μαθητεύσατε
1059 900 1233 953 πάντα
1274 900 1339 952 τά
1374 901 1495 971 ἔθνη
1535 903 1592 954 ὲν
1633 902 1708 972 τῷ

84 976 323 1064 “wet
356 995 460 1048 μου
482 1018 499 1040 ,
538 978 927 1048 διδάσκοντες
961 988 1153 1051 αὐτοὺς
1182 993 1364 1057 τηρεῖν
1403 990 1573 1044 πάντα
1611 992 1709 1043 ὅσα

97 1068 458 1139 κςειλάμην
502 1070 673 1139 ὑμῖν,
703 1092 727 1123 ι
784 1074 954 1145 ἔργον
986 1078 1154 1146 ἐπῆγε
1196 1078 1272 1148 τῷ
1312 1079 1470 1149 λόγῳ,
1515 1080 1707 1134 αὐτίκα

102 1188 149 1223 τε
178 1169 231 1218 ἑ
254 1159 589 1229 μαθητεύετο
623 1164 690 1216 ὲν
737 1165 917 1235 ὀλίγῳ
955 1169 1061 1219 πᾶν
1091 1168 1243 1236 γένος
1273 1170 1528 1241 Ἐλλήνων
1573 1171 1706 1240 όμοῦ

110 1260 185 1311 καὶ
244 1251 576 1323 βαρϐάρων,
630 1256 741 1308 καὶ
797 1256 956 1326 νόμοι
1002 1260 1132 1311 πᾶσι
1176 1263 1287 1323 τοῖς
1326 1261 1498 1313 ἔθνεσι
1555 1278 1708 1314 κατεο

120 1343 436 1412 σπείροντο,
483 1343 739 1396 ἐναντίοι
783 1348 852 1415 τῇ
887 1346 997 1399 τῶν
1032 1348 1269 1403 παλαιῶν
1296 1351 1702 1421 δεισιδαιμονία*

115 1434 281 1504 νόμοι
307 1433 587 1502 δαιμόνων
632 1435 898 1505 πολέμιοι
924 1440 1018 1491 καὶ
1044 1443 1219 1508 πάσης
1245 1439 1423 1511 ἐχθροὶ
1454 1440 1705 1493 πολυθέου

117 1523 333 1590 πλάνης
355 1537 372 1550 ⁶
401 1522 566 1591 νόμοι
603 1523 865 1588 Σκυθῶν,
892 1526 988 1580 καὶ
1018 1526 1256 1596 Περσῶν,
1288 1528 1380 1581 καὶ
1405 1527 1509 1580 τῶν
1538 1528 1707 1582 ἄλλων

106 1610 415 1683 βαρσάρων
444 1615 857 1683 σωφρονισταὶ,
888 1616 1267 1687 άποτρεπτικοί
1305 1633 1365 1669 τε
1404 1617 1579 1687 πάσης
1614 1619 1704 1670 ὲκ-

104 1703 327 1773 οέσιιου
360 1705 459 1755 καὶ
484 1703 811 1773 θηριώδους
831 1706 1038 1777 διαίτης
1060 1722 1073 1737 ·
1110 1707 1259 1777 νόμοι
1292 1707 1397 1759 τῶν
1429 1707 1487 1771 ἐξ
1517 1707 1705 1770 αἰῶνος

98 1794 241 1864 παρ’
284 1792 472 1855 αὐτοῖς
508 1793 787 1863 Ἕλλησιν
818 1794 953 1847 ἐθῶν
999 1796 1399 1865 άνατρεπτικοὶ,
1431 1795 1620 1865 καινῆς
1648 1796 1704 1849 δὲ

107 1884 185 1936 αἱ
214 1880 487 1950 ἀληθοῦς
533 1882 831 1946 εὐσεϐείας
876 1884 1304 1951 καταγγελτικοί.
1344 1886 1409 1937 Τί
1446 1885 1576 1956 δῆτα
1615 1882 1705 1940 οὖν

94 1978 200 2037 τοῖς
267 1973 439 2026 πάλαι
470 1974 645 2043 γόησι
683 1973 794 2045 πρὸ
824 1973 931 2026 τῶν
958 1974 1048 2027 τοῦ
1084 1974 1253 2044 Ἰησοῦ
1298 1976 1515 2044 χρόνων,
1541 1976 1574 2044 ἢ
1614 1977 1705 2028 καὶ

99 2062 268 2133 μετὰ
292 2062 472 2115 ταῦτα
492 2061 773 2125 τοιοῦτον,
796 2061 830 2131 ἦ
854 2063 945 2114 καὶ
970 2060 1341 2131 παραπλήσιον
1365 2060 1701 2131 τετόλμηται,

93 2156 166 2217 ὡς
187 2152 453 2215 εἰκότως
488 2152 667 2220 φάναι
702 2151 866 2204 αὑτὸν
905 2150 1030 2221 παρ’
1065 2151 1264 2220 ἐτέρων
1287 2151 1591 2219 ὠφελῆσθαι
1635 2152 1703 2205 τὰ

94 2245 192 2314 τῆς
212 2243 545 2312 γοητείαςς
591 2243 661 2295 Ei
694 2242 740 2294 δ’
783 2242 969 2295 οὐδένα
996 2243 1058 2297 ἄν
1089 2259 1171 2303 τις
1211 2241 1322 2310 ἔχοι
1362 2240 1532 2307 λέγειν
1560 2241 1703 2311 αὐτῷ

93 2333 413 2403 τετοκέναι
458 2334 655 2401 ὅμοιον
696 2332 908 2400 (οὐδεὶς
941 2331 1047 2402 γὰρ
1084 2328 1151 2401 ῆν
1210 2329 1356 2399 αὐτῷ
1397 2330 1564 2393 αἴτιος
1606 2332 1703 2400 τῆς

93 2423 400 2492 τοσαύτης
430 2423 644 2493 ἀρετῆς
668 2423 713 2491 ),
747 2421 865 2492 ὥρα
910 2421 1196 2493 τοιγαροῦν
1231 2422 1503 2492 ὁμολογεῖν
1551 2422 1701 2493 ξένην

90 2516 222 2569 τινὰ.
277 2514 377 2565 καὶ
405 2513 561 2565 θείαν
588 2512 757 2580 φύσιν
782 2511 1230 2581 ἐπιδεδημηκέναι
1250 2509 1325 2579 τῷ
1362 2511 1478 2580 βίῳ,
1567 2512 1699 2583 μόνῃ

115 2606 220 2655 καλ
249 2600 458 2673 πρώτῃ
487 2602 560 2655 τά
604 2600 968 2671 μηδεπώποτε
1003 2601 1131 2670 παρ’
1170 2598 1468 2669 ἀνθρώποις
1502 2618 1704 2671 μνημο-

140 2689 391 2742 νευθϋτα
407 2689 799 2761 κατώρθωται.
828 2688 983 2741 Ἀλλά
1012 2689 1104 2741 καὶ
1122 2688 1291 2742 ταῦτα
1316 2690 1412 2759 μὲν
1436 2684 1534 2743 ὧδε
1557 2690 1704 2754 τέλος

140 2778 333 2846 ἐχέτω.

1807 632 1969 685 minis
2027 638 2269 684 naturam
2317 631 2568 701 eﬂ'ugiat?
2602 630 2836 687 Decretis
2885 649 3011 689 vero
3040 642 3094 689 et
3126 649 3332 705 regum,

1805 728 2076 774 eteorum
2123 720 2213 790 qui
2257 721 2400 791 leges
2447 720 2656 790 priscas
2691 721 3044 786 condiderint.
3075 731 3128 779 et
3160 725 3335 794 philo-

1805 810 2112 879 sophorum,
2144 819 2197 864 et
2224 817 2521 878 poetarum,
2550 804 2603 865 e't
2634 810 2996 879 theologorum
3038 813 3333 867 contrarias

1807 900 1947 968 leges
1976 913 2186 967 periere,
2214 914 2333 969 quze
2352 900 2759 955 simulacrorum
2782 901 2981 955 cultum
3007 911 3329 973 oppugnent.

1805 1004 2025 1059 quaeque
2058 990 2199 1059 quod
2227 992 2412 1045 volunt
2438 990 2733 1056 obtineant,
2762 990 3083 1060 easdemque
3110 993 3332 1064 inexpu-

1805 1078 2061 1148 gnabiles.
2087 1088 2140 1132 et
2169 1079 2394 1134 invictas
2424 1079 2479 1133 in
2508 1086 2821 1148 perpetuum
2848 1080 3333 1151 constituere,quis

1804 1185 1867 1224 ex
1905 1170 2152 1224 omnibus
2199 1171 2292 1239 qui
2333 1186 2567 1239 unquam
2617 1170 2833 1231 fuerint.
2863 1170 3218 1240 praestigiator
3242 1186 3334 1226 co-

1803 1260 2022 1331 gitavit?
2050 1261 2115 1313 At
2161 1259 2303 1315 enim
2355 1260 2599 1314 Salvator
2629 1274 2692 1314 ac
2734 1259 2989 1315 Dominus
3018 1267 3200 1315 noster
3226 1276 3333 1317 non

1803 1351 1883 1405 sic
1916 1349 2127 1419 quidem
2168 1350 2420 1418 cogitavit
2447 1350 2567 1409 hoc.
2602 1358 2659 1402 ut
2683 1357 2867 1418 postea
2896 1350 3110 1419 aggredi
3133 1363 3240 1405 non
3265 1352 3334 1406 sit

1805 1454 1999 1503 ausus;
2029 1452 2203 1507 neque
2229 1452 2354 1492 vero
2380 1439 2459 1491 sic
2486 1452 2769 1507 aggressus
2796 1446 2897 1503 est,
2922 1448 2981 1491 ut
3017 1447 3200 1508 postea
3224 1455 3333 1497 non

1803 1526 2080 1597 perfecerit
2111 1547 2124 1580 :
2155 1526 2249 1583 sed
2275 1541 2383 1581 uno
2408 1528 2571 1582 verbo
2600 1543 2810 1596 unaque
2839 1542 2967 1582 voce
3009 1542 3129 1582 cum
3162 1529 3333 1586 dixis-

1803 1625 1885 1670 set
1939 1616 2007 1670 ad
2065 1631 2193 1671 suos
2251 1615 2593 1685 discipulos:
2633 1616 2786 1684 132
2842 1634 2860 1667 ι
2913 1615 3008 1680 Ite,
3070 1618 3335 1674 instituitc

1802 1720 1987 1759 omnes
2011 1713 2196 1775 gentes
2234 1705 2288 1759 in
2328 1707 2542 1760 nomine
2590 1722 2729 1772 meo,
2771 1706 3023 1763 docentes
3076 1722 3169 1764 eas
3218 1723 3337 1764 ser-

1803 1806 1926 1846 vare
1949 1808 2279 1861 quaecunque
2303 1792 2547 1846 mandavi
2566 1792 2719 1848 vobis
2731 1793 2798 1858 '°,
2820 1813 2839 1845 ι
2859 1794 3022 1849 verbo
3034 1809 3146 1850 rem
3176 1804 3335 1866 atque

1806 1879 2091 1934 efﬁcaciam
2152 1880 2347 1950 adjecit
2376 1898 2389 1931 :
2421 1887 2582 1951 atque
2614 1882 2871 1952 evestigio
2910 1882 2963 1936 in
2997 1884 3335 1953 disciplinam

1807 1969 1951 2023 venit
2004 1968 2153 2022 brevi
2206 1975 2446 2038 tempore
2481 1985 2641 2025 omne
2670 1985 2839 2041 genus
2875 1977 2928 2025 et
2951 1970 3254 2027 Graecorum
3281 1981 3337 2029 et

1805 2055 2151 2108 barbarorum
2185 2072 2199 2108 :
2231 2062 2283 2108 et
2328 2056 2471 2125 leges
2502 2058 2555 2111 'm
2590 2065 2815 2112 cunctas
2835 2058 3077 2114 nationes
3095 2059 3338 2115 dissemi-

1806 2154 1945 2199 nata:
1969 2152 2112 2209 sunt,
2141 2147 2373 2214 antiquae
2386 2148 2755 2216 superstitioni
2775 2149 3119 2205 adversantes
3150 2168 3163 2205 :
3193 2150 3335 2223 leges

1805 2235 2102 2291 dzemonum
2144 2238 2574 2308 Oppugnatrices,
2626 2246 2679 2293 et
2724 2240 2899 2294 omnis
2940 2240 2995 2293 in
3044 2240 3333 2295 multorum

1804 2323 2024 2378 deorum
2056 2326 2202 2380 cultu
2239 2326 2440 2380 erroris
2471 2326 2740 2386 inimicae;
2768 2327 2910 2397 leges
2939 2326 3259 2398 Scytharum
3282 2337 3336 2384 et

1803 2412 2087 2469 Persarum
2114 2421 2167 2469 et
2193 2415 2421 2469 aliorum
2468 2416 2817 2471 barbarorum
2853 2415 3252 2480 moderatrices,
3282 2426 3335 2472 et

1803 2519 1921 2573 quae
1961 2504 2331 2561 damnaverint
2377 2520 2587 2560 omnem
2641 2506 2710 2561 ab
2736 2507 2882 2561 omni
2932 2507 3053 2576 jure
3102 2507 3335 2562 alierum

1804 2608 1866 2647 ac
1893 2594 2120 2648 ferinum
2147 2594 2345 2647 victum
2370 2612 2383 2647 :
2409 2594 2552 2663 leges
2594 2610 2714 2665 quae
2752 2596 3039 2651 everterint
3082 2610 3335 2665 quaecun-

1803 2700 1908 2755 que
1954 2685 2197 2740 instituta
2245 2684 2527 2740 habuerint
2579 2684 2749 2740 Graeci
2798 2686 2867 2740 ab
2913 2686 3067 2741 initio
3114 2686 3333 2741 humani

1808 2774 2056 2846 generis,
2105 2782 2160 2830 et
2212 2789 2405 2830 novam
2455 2790 2740 2846 veramque
2802 2776 3047 2845 pietatem
3113 2776 3330 2830 induxe-

139 2869 282 2922 τίοι.
313 2869 415 2925 Cur
466 2871 642 2942 igitur
708 2873 947 2941 antiquis
997 2869 1477 2940 praestigiatoribus
1537 2877 1659 2923 ante
1686 2867 1813 2923 Jesu
1842 2876 2101 2938 tempora,
2155 2874 2248 2921 aut
2294 2866 2453 2921 etiam
2497 2873 2639 2936 post,
2698 2866 2831 2920 nihil
2885 2866 2990 2921 tale
3026 2872 3118 2919 aut
3158 2865 3333 2920 simile

138 2960 434 3028 inemptum
463 2971 570 3023 est,
613 2968 674 3013 ut
705 2960 1063 3030 probabiliter
1092 2958 1353 3013 affirmare
1389 2958 1678 3027 possimus,
1700 2958 1849 3011 illum
1879 2957 1948 3011 ab
1976 2957 2094 3012 aliis
2128 2957 2181 3011 in
2215 2958 2281 3012 iis
2332 2973 2451 3027 qua:
2508 2956 2574 3011 ad
2606 2957 2899 3027 praestigias
2935 2957 3200 3027 pertinent
3236 2957 3330 3011 ad-

130 3048 323 3116 jutum
356 3045 565 3105 fuisse?
604 3051 765 3117 Quod
798 3052 844 3105 si
908 3064 1066 3104 nemo
1122 3048 1199 3102 illi
1264 3048 1488 3102 similem
1518 3048 1817 3116 quempiam
1847 3044 2085 3115 proferre
2114 3047 2283 3115 possit
2314 3047 2514 3117 (nullus
2549 3048 2690 3102 enim
2720 3047 2795 3101 illi
2818 3057 2977 3102 tanta:
3005 3058 3191 3102 auctor
3218 3048 3323 3104 vir-

137 3139 329 3207 tutis),
353 3139 460 3207 jam
493 3157 629 3209 ergo
673 3141 953 3195 fatendum
983 3141 1074 3204 sit,
1126 3139 1434 3193 inusitatam
1480 3137 1764 3206 quamdam
1805 3136 2145 3206 divinamque
2192 3145 2437 3191 naturam
2491 3138 2630 3192 inter
2687 3138 2931 3193 homines
2975 3152 3095 3192 esse
3138 3152 3322 3193 versa-

127 3234 280 3290 tam,
348 3243 462 3296 quae
518 3227 640 3283 sola
683 3234 739 3281 et
778 3227 953 3296 prima
983 3241 1048 3281 ea
1080 3240 1198 3295 quas
1241 3239 1517 3294 nunquam
1558 3224 1804 3278 humanis
1855 3225 2077 3279 auribus
2136 3225 2318 3279 audita
2354 3225 2482 3290 sint,
2516 3225 2815 3296 perfecerit.
2849 3226 2915 3280 Et
2963 3226 3075 3281 hare
3118 3228 3330 3297 quidem

133 3317 421 3374 hactenus.

201 3406 378 3460 Πάλιν
403 3409 459 3461 δὲ
488 3409 583 3461 ἐπὶ
610 3407 708 3460 τὸν
734 3406 802 3459 δι’
826 3405 1072 3469 ἐναντίας
1107 3406 1263 3470 ίτέον,
1294 3407 1586 3479 ὲρωτητέον
1615 3425 1693 3474 τε,

1863 3407 2015 3464 Nunc
2063 3425 2253 3465 rursus
2312 3410 2694 3465 contradicenti
2755 3412 3062 3467 adversario
3119 3412 3328 3467 obviam

132 3502 328 3553 εἴποτε
348 3501 643 3571 ὀφθαλμοῖς
676 3497 839 3563 οἶδεν,
876 3499 909 3571 ἢ
947 3502 1081 3571 ἀκοῇ
1112 3500 1249 3569 ἔγνω
1285 3503 1481 3571 γόητάς
1521 3520 1579 3555 τε
1608 3504 1697 3556 καὶ

130 3592 461 3659 φαρμακέας
486 3592 614 3661 δίχα
643 3590 888 3644 σπονδῶν
912 3592 1006 3643 καὶ
1042 3591 1290 3661 θυμάτων
1323 3592 1415 3645 καὶ
1441 3592 1699 3662 δαιμόνων

130 3680 474 3751 ἐπικλήσειῦς
502 3700 564 3735 τε
590 3681 689 3734 καὶ
720 3682 1020 3752 παρουσίας
1050 3680 1417 3752 γοητεύοντας.
1436 3683 1577 3752 Μήτι
1608 3677 1699 3736 οὖν

130 3772 230 3824 καί
290 3772 423 3825 κατά
470 3772 566 3826 τοῦ
609 3771 869 3841 Σωτῆρος
912 3774 944 3840 ὴ
954 3771 1087 3841 μῶν,
1134 3772 1167 3840 ἥ
1211 3771 1349 3824 κατὰ
1393 3770 1499 3823 τῶν
1538 3773 1696 3826 αὐτοῦ

130 3857 387 3930 λόγωνῶ
416 3860 556 3914 κατὰ
585 3860 702 3913 τῶν
744 3858 913 3911 εἰσέτι
953 3858 1046 3911 νῦν
1078 3856 1377 3929 ζηλούντων
1416 3859 1505 3912 τὸν
1536 3859 1696 3913 αὐτοῦ

132 3946 276 4013 βῖον,
307 3947 408 4018 ἔχει
439 3966 522 4012 τις
546 3946 812 4016 τοιαύτην
839 3947 1118 4019 ἐπιφέρειν
1147 3947 1425 4017 διαϐολήν;
1451 3949 1582 4019 Οὐχὶ
1607 3952 1697 4003 καὶ

130 4036 329 4106 τυφλῷ
351 4039 520 4109 δῆλον,
549 4038 628 4100 ὡς
668 4038 781 4089 πᾶν
807 4036 1106 4089 τούναντίον
1136 4036 1340 4099 τούτοις
1359 4039 1512 4107 ἡμεῖς
1545 4039 1591 4090 oi
1629 4039 1697 4093 τά

142 4127 330 4198 Ἰησοῦ
362 4131 684 4201 φρονοῦντες
713 4127 1119 4197 ἐπιτηδεύομεν,
1150 4128 1339 4179 θᾶττον
1371 4130 1466 4197 μὲν
1491 4128 1696 4200 Θανάτῳ

129 4217 232 4287 τὴν
278 4217 454 4290 ψυχὴν
502 4219 536 4289 ἢ
573 4218 799 4289 δαίμοσι
832 4215 1021 4269 θυσίαν
1062 4214 1317 4287 προέσθαι
1364 4216 1692 4285 τολμῶντες,

134 4305 338 4359 θᾶττον
363 4309 415 4361 δὲ
439 4310 537 4379 τῆς
562 4309 716 4378 ζωῆς
747 4306 1086 4375 ἐξιστάμενοι
1114 4305 1147 4376 ἢ
1175 4308 1282 4368 τοῖς
1305 4309 1554 4375 πονηροῖς
1586 4307 1696 4359 δαί-

137 4414 268 4466 μοσι
333 4398 657 4469 δουλωθῆναι
708 4398 1100 4467 ὑπομένοντες;
1157 4396 1251 4459 Τίς
1290 4396 1346 4448 δὲ
1399 4397 1497 4448 οὐκ
1538 4391 1691 4459 οἶδεν,

133 4488 290 4551 ὅπως
336 4491 422 4544 σὺν
470 4493 607 4561 αὐτῇ
642 4492 712 4560 τῇ
754 4487 851 4540 τοῦ
879 4486 1054 4557 Ἰησοῦ
1099 4486 1432 4556 προσηγορίᾳ
1473 4487 1563 4538 καὶ
1601 4487 1693 4539 σὺν

132 4578 335 4648 εὐχαῖς
372 4580 788 4652 καθαρωτάταις
818 4578 928 4630 πᾶν
970 4576 1030 4629 τὸ
1058 4576 1322 4645 δαιμόνων
1361 4574 1517 4645 ἔργον
1560 4576 1693 4629 ἀπε-

136 4668 358 4723 λαύνειν
386 4675 514 4744 ἡμῖν
552 4672 709 4740 φίλον
742 4668 924 4732 ὲστίν;
961 4659 1126 4728 Οὗτος
1154 4668 1183 4718 ό
1222 4665 1313 4718 τοῦ
1344 4664 1515 4735 Ἰησοῦ
1543 4664 1694 4732 λόγος

137 4763 233 4815 καὶ
283 4762 323 4830 ἡ
355 4766 475 4835 παρ’
507 4762 678 4817 αὑτοῦ
728 4757 1046 4812 διδασκαλία
1092 4756 1222 4811 πολὺ
1276 4756 1547 4827 κρείττους
1594 4755 1693 4824 τῆς

56 4808 65 4889 Ρ
139 4808 367 4922 Wa
422 4808 632 4923 iam;
689 4849 973 4918 δυνάμεως
1035 4848 1238 4909 πάντας
1294 4808 1441 4915 ⁴Ιςμᾶς
1502 4808 1690 4915 ἀπειρ-

138 4943 371 5007 frica-to,
395 4941 626 5015 ἐχθρούς
674 4956 737 4992 τε
776 4937 1042 5007 δαιμόνων
1093 4936 1185 4988 καὶ
1234 4935 1547 5003 πολεμίους,
1579 4933 1689 4987 ἀλλ’

136 5032 194 5081 οὐ
221 5030 423 5097 φίλους,
486 5033 616 5086 οὐδὲ
672 5028 963 5098 συνήθεις,
1028 5024 1218 5078 πολλοῦ
1274 5023 1354 5076 δεῖ
1428 5024 1691 5093 ὑπηκόους

128 5121 220 5171 ιιι
267 5119 620 5196 ὕποχειρίους
655 5117 802 5175 εῖναι
852 5115 1267 5188 παρεσκεύασεν.
1315 5114 1374 5165 Ὀ
1428 5112 1490 5181 δὴ
1519 5113 1691 5165 τοιού⁴

122 5223 238 5267 τους
258 5210 416 5280 ἡμᾶς
460 5208 836 5285 προαγαγὼν,
887 5204 1000 5267 πῶς
1049 5203 1114 5257 ἂν
1157 5200 1316 5263 αὐτὸς
1354 5197 1529 5261 δοῦλος
1574 5202 1691 5267 ὲγε-

106 5296 239 5358 τίνει
287 5296 630 5377 Βαιμόνων;
700 5297 827 5359 ⁸πῶς
877 5294 920 5346 δ’
974 5293 1036 5346 ἂν
1074 5295 1184 5354 τοῖς
1241 5289 1489 5356 πονηροῖς
1534 5289 1690 5342 πνεύ-

46 5434 49 5455 .
109 5398 259 5451 lim“
335 5398 564 5457 ῑθυσενς
609 5392 646 5460 ἦ
688 5386 818 5447 πιῖις
870 5382 1086 5452 βοηθοὺς
1138 5381 1395 5449 δαίμονας
1441 5378 1691 5431 ἐπεκαλέ-

58 5482 113 5559 χ,
142 5493 261 5532 ξατο
296 5478 375 5534 tv
411 5490 526 5547 ταῖς
568 5473 1091 5550 παραδοξοποιίαις,
1120 5471 1285 5559 ὁπότε
1326 5468 1486 5559 εἰσέτι
1543 5468 1695 5541 δεῦρο

169 5574 261 5634 πᾶς
287 5572 454 5643 δαίμων
498 5573 604 5629 καί
653 5568 779 5621 πᾶν
814 5560 1112 5629 ἀκάθαρτον
1152 5557 1390 5627 πνεῦμα,
1419 5556 1489 5620 ὥς
1511 5574 1560 5611 τι
1590 5560 1694 5613 τῶν

222 5726 264 5757 ⁸
320 5724 464 5785 Matth.
512 5732 736 5781 xxvm,
768 5708 979 5770 19,20.

339 5816 574 5885 PtrnOL.
633 5811 745 5870 Gtt
760 5849 775 5862 .
835 5800 1065 5871 XXII“

1796 3498 2052 3561 eundum,
2072 3497 2223 3567 isque
2250 3499 2657 3568 interrogandus
2682 3503 2991 3568 :ecquando
3020 3503 3132 3556 suis
3156 3509 3324 3564 oculis

1796 3585 1984 3640 viderit
2016 3588 2302 3642 auribusve
2348 3588 2663 3657 perceperit,
2692 3591 3105 3659 praestigiatores
3134 3606 3197 3644 ac
3225 3608 3318 3647 ve—

1796 3677 1994 3733 neficos
2050 3677 2312 3742 homines,
2362 3679 2477 3733 sine
2524 3679 2864 3734 libatiouibus
2912 3690 2965 3736 et
3010 3683 3313 3743 sacrificiis.

1796 3769 2195 3837 daemonumque
2226 3769 2560 3823 invocatione
2612 3783 2676 3825 ac
2703 3771 3005 3838 praesentia,
3034 3772 3325 3842 quidquam
3438 3812 3445 3821 .

1794 3859 2077 3928 cperatos?
2116 3856 2364 3927 Nunquid
2418 3858 2579 3928 igitur
2620 3866 2713 3913 aut
2755 3867 2946 3914 contra
3000 3859 3329 3916 Salvatorem

1793 3956 2055 4014 nostrum,
2108 3956 2200 4001 aut
2252 3956 2440 4003 contra
2496 3949 2639 4004 illius
2688 3959 2973 4020 praecepta,
3021 3959 3114 4005 aut
3157 3939 3325 4006 etiam

1793 4044 1976 4091 contra
2005 4053 2097 4093 eos
2127 4037 2219 4107 qui
2246 4037 2403 4093 hodie
2430 4052 2642 4107 quoque
2670 4039 2815 4094 illius
2838 4041 3001 4094 vitam
3027 4039 3323 4102 imitantur,

1792 4127 1961 4196 possit
1990 4128 2181 4197 aliquis
2213 4128 2370 4183 talem
2397 4127 2604 4196 jactare
2636 4129 2995 4183 calumniam?
3028 4128 3216 4186 Nonne
3253 4136 3332 4187 vel

1792 4219 2089 4273 caecutienti
2113 4218 2451 4288 perspicuum
2483 4234 2581 4274 nos
2611 4221 2916 4289 quicunque
2942 4218 3126 4275 Jesum
3154 4230 3327 4277 secta-

1793 4324 1931 4375 mur,
1971 4309 2089 4364 istis
2142 4309 2298 4380 plane
2347 4311 2614 4363 contraria
2672 4312 2851 4365 omnia
2900 4314 3109 4382 operari
3167 4323 3326 4383 atque

1792 4398 2058 4468 amplecti.
2088 4406 2142 4454 et
2173 4400 2332 4455 citius
2358 4400 2466 4469 pati
2503 4406 2561 4453 ut
2600 4401 2758 4454 morti
2786 4401 3041 4466 animam,
3073 4418 3231 4473 quam
3268 4413 3327 4456 ut

1791 4488 2119 4543 daemonibus
2141 4489 2461 4543 sacriﬁcium
2481 4487 2769 4545 aderamus
2797 4510 2811 4544 :
2841 4490 3002 4545 citius
3021 4507 3147 4545 vero
3171 4494 3328 4546 susti-

1791 4596 1918 4635 nere
1944 4579 2011 4633 de
2040 4579 2147 4632 vita
2174 4580 2453 4643 excedere,
2478 4595 2637 4650 quam
2670 4581 2855 4651 pravis
2895 4580 3225 4636 daemonibus
3269 4583 3323 4635 in

1792 4667 2098 4721 servitutem
2146 4666 2292 4721 dari?
2332 4666 2463 4733 Quis
2511 4676 2687 4724 autem
2728 4670 2939 4739 ignorat
2980 4677 3178 4724 nostra:
3206 4684 3326 4724 esse

1793 4757 2216 4820 consuetudinis,
2240 4757 2355 4827 ipso
2376 4756 2503 4813 Jesu
2533 4758 2770 4822 nomine,
2791 4767 2846 4812 et
2877 4759 3183 4827 purissimis
3206 4772 3326 4827 pre-

1794 4849 1969 4911 cibus,
2020 4861 2230 4901 omnem
2270 4847 2570 4901 daemonum
2592 4848 2926 4902 vexationem
2967 4846 3214 4915 abigere?
3235 4844 3324 4899 Sic

1794 4938 1962 5007 ipsius
2006 4934 2132 4991 Jesu
2195 4937 2437 5002 verbum,
2491 4938 2838 5007 ejusdemque
2893 4933 3162 5000 doctrina,
3219 4934 3326 4988 isto

1794 5025 2071 5096 potestatis
2124 5023 2376 5078 invisibili
2423 5039 2636 5093 genere,
2670 5032 2728 5078 ut
2775 5034 2962 5077 omnes
3016 5035 3122 5076 nos
3172 5021 3330 5091 longe

1792 5115 2114 5185 potentiores
2176 5127 2449 5177 essemus,
2512 5113 2717 5177 eﬂecit,
2782 5111 3099 5165 daemonum
3150 5112 3331 5180 utique

1795 5206 1977 5260 hostes
2030 5213 2190 5275 atque
2253 5204 2517 5275 inimicos,
2566 5220 2674 5258 non
2730 5207 2913 5256 autem
2978 5202 3195 5256 amicos
3246 5208 3337 5253 aut

1795 5294 2082 5351 familiares
2162 5311 2263 5351 nos
2333 5294 2597 5362 reddens;
2665 5301 2873 5363 quanto
2952 5304 3092 5360 ergo
3168 5293 3343 5346 minus

1794 5400 1977 5440 eorum
2024 5387 2169 5439 dicto
2218 5385 2512 5451 audientes,
2534 5392 2628 5440 aut
2663 5383 2948 5452 subjectos
2984 5378 3350 5447 comparavit?

1800 5474 1951 5542 133
1981 5473 2081 5539 Qui
2111 5473 2274 5543 igitur
2297 5487 2398 5527 nos
2438 5474 2574 5529 tales
2602 5471 2893 5546 produxit,
2915 5467 3007 5536 qui
3026 5467 3166 5521 fieri
3192 5471 3359 5536 potest

1798 5569 1855 5615 ut
1888 5564 2000 5632 ipse
2039 5562 2372 5617 daemonibus
2423 5561 2584 5620 fuerit
2631 5557 2939 5619 addictus!
2981 5554 3179 5619 Quam
3214 5562 3369 5622 porro
