3862 6324
983 362 1088 417 255

1595 360 1856 417 EUSEBH
1892 364 2352 423 CESARIENSIS
2397 368 2541 422 OPP.
2587 369 2783 424 PARS.
2824 370 2891 425 If.
2930 401 2996 411 -—
3036 372 3448 429 APOLOGETIC.

983 470 1231 526 credibile
1262 469 1331 523 sit
1359 469 1529 533 illum,
1574 480 1665 525 aut
1716 474 1972 543 improbis
2024 479 2302 546 spiritibus
2350 496 2501 533 sacra

1922 478 1972 530 iis
2024 479 2302 546 spiritibus
2350 496 2501 533 sacra
2530 489 2573 542 Α
2603 483 2929 536 κολαστικῶν
2970 485 3059 549 καὶ
3104 486 3447 554 βασανιστικῶ

983 563 1188 620 fecisse,
1227 566 1317 613 aut
1370 559 1635 615 dtemonas
1692 563 1755 615 ad
1810 566 2064 619 auxilium
2104 583 2342 632 vocasse,
2373 570 2497 623 dum

980 652 1231 705 miracula
1256 650 1452 712 ederet,
1484 654 1696 720 quando
1745 656 1902 709 hodie
1947 673 2158 727 quoque
2188 661 2363 714 omnis
2394 663 2500 714 da:-

979 756 1125 803 mon,
1155 741 1438 810 omnisque
1480 743 1718 811 impurus
1748 747 1993 814 spiritus,
2028 750 2101 801 ita
2138 748 2262 802 Jesu
2307 765 2497 805 nomen

973 833 1243 905 exhorret,
1281 842 1337 885 ut
1361 849 1523 886 unum
1559 835 1755 902 aliquid
1786 851 1970 889 eorum
1998 854 2115 905 quae
2144 838 2314 907 ipsius
2341 848 2497 894 natu-

974 937 1087 977 ram
1120 923 1411 991 castigandi
1443 940 1505 978 ac
1535 927 1816 994 torquendi
1864 928 1969 979 vim
2006 928 2254 991 habeant,
2299 930 2498 985 aufert-

973 1027 1078 1080 que
1108 1028 1166 1067 se
1194 1013 1359 1075 illico,
1384 1022 1437 1067 et
1466 1015 1710 1068 concedit
1738 1034 1752 1069 :
1780 1024 1983 1070 tantam
2015 1020 2179 1072 sentit
2212 1021 2355 1075 illius
2405 1036 2498 1075 no-

974 1101 1130 1154 minis
1164 1102 1289 1153 vim.
1326 1100 1415 1155 Sic
1436 1118 1565 1156 sane
1588 1104 1712 1156 olim
1746 1120 1976 1174 quoque,
2003 1122 2123 1161 cum
2152 1110 2292 1163 inter
2324 1112 2498 1165 homi—

973 1205 1069 1245 nes
1113 1191 1342 1260 degeret,
1390 1207 1495 1245 non
1529 1191 1759 1248 ferentes
1790 1196 1934 1249 illius
1966 1200 2325 1265 praesentiam,
2357 1202 2496 1257 alius

972 1281 1203 1343 aliunde,
1234 1283 1536 1336 clamabant
1562 1302 1576 1337 :
1622 1302 1640 1333 ι
1681 1285 1808 1354 Age,
1837 1286 1962 1354 quid
1987 1288 2139 1342 nobis
2157 1296 2210 1343 et
2232 1290 2346 1352 tibi,
2366 1291 2494 1346 Jesu

969 1363 1070 1421 Fili
1094 1367 1215 1422 Dei?
1245 1370 1434 1423 venisti
1459 1380 1582 1425 ante
1616 1380 1822 1440 tempus
1841 1381 2087 1443 torquere
2109 1392 2208 1432 nos
2231 1378 2273 1409 ³¹
2300 1380 2322 1430 ?
2361 1398 2379 1430 ›
2404 1378 2496 1433 Vir

971 1464 1147 1511 autem
1182 1459 1464 1527 przestigiis
1491 1474 1712 1527 prorsus
1742 1463 2001 1525 intentus,
2027 1471 2080 1518 et
2120 1468 2273 1533 plane
2305 1467 2494 1536 despe-

970 1548 1100 1602 ratis
1130 1548 1292 1602 rcbus
1319 1565 1476 1603 omne
1503 1566 1656 1605 suum
1684 1553 1919 1606 studium
1951 1554 2285 1623 impendens,
2318 1573 2495 1612 nonne

967 1638 1049 1690 vel
1079 1638 1388 1707 imprudens
1422 1642 1536 1709 ipse
1577 1642 1642 1694 de
1684 1643 1860 1711 seipso
1890 1644 2088 1698 indicio
2120 1646 2208 1708 sit,
2236 1650 2377 1715 quod
2409 1648 2495 1701 in-

970 1726 1141 1781 fandis
1188 1729 1448 1793 moribus,
1497 1730 1638 1799 quod
1690 1735 1967 1796 scelestus,
2015 1735 2156 1803 quod
2206 1738 2489 1802 obscenus,

966 1818 1107 1884 quod
1140 1820 1379 1888 religioni
1420 1821 1689 1883 inimicus,
1726 1824 1866 1892 quod
1900 1826 2151 1893 injustus,
2199 1830 2341 1895 quod
2400 1829 2495 1881 im-

966 1909 1119 1975 pius?
1150 1908 1249 1973 Qui
1281 1926 1408 1964 vero
1433 1913 1553 1967 talis
1585 1914 1673 1977 sit,
1717 1914 1854 1967 unde
1877 1923 1967 1969 aut
1993 1917 2260 1984 quomodo
2288 1932 2350 1971 ea
2375 1933 2492 1986 qua:

965 1997 1033 2051 ad
1078 1999 1387 2068 religionem
1423 2003 1706 2069 pertinent,
1762 2005 1898 2059 alios
1944 2007 2167 2062 doceat?
2215 2006 2492 2072 Quomodo

966 2089 1090 2143 item
1133 2105 1251 2159 quae
1290 2091 1356 2144 ad
1403 2093 1831 2161 temperantiam,
1863 2110 1980 2164 qua:
2011 2097 2077 2150 ad
2106 2096 2199 2150 Dei
2231 2096 2492 2165 cognitio-

964 2194 1106 2245 nem,
1164 2197 1282 2249 quae
1328 2184 1394 2237 ad
1427 2183 1664 2237 divinum
1700 2184 1870 2239 forum
1910 2201 1972 2241 ac
2004 2186 2266 2256 judicium
2296 2186 2490 2240 summi

966 2268 1094 2325 Dei?
1118 2271 1305 2327 Nonne
1332 2272 1414 2327 his
1438 2275 1687 2329 omnibus
1714 2276 1983 2329 contraria
2009 2276 2187 2344 potius
2214 2291 2484 2330 commen-

962 2357 1050 2411 det
1078 2374 1142 2413 ac
1178 2360 1444 2428 praeferat,
1491 2378 1601 2416 sua:
1641 2355 1835 2431 ipsius
1861 2364 2105 2432 nequitia:
2135 2373 2487 2418 consentanea

966 2450 1315 2517 perpetrans?
1344 2450 1529 2504 Nonne
1560 2452 1744 2513 Deum,
1786 2451 1982 2521 Deique
2011 2453 2396 2521 providentiam
2425 2468 2487 2508 ac

964 2539 1055 2592 Dei
1082 2539 1344 2605 judicium
1373 2539 1564 2608 neget?
1597 2538 1783 2593 Nonne
1823 2541 1999 2593 omnia
2036 2540 2101 2593 de
2130 2540 2345 2601 virtute,
2372 2555 2487 2593 om-

962 2630 1050 2682 nia
1075 2628 1140 2682 de
1181 2629 1583 2682 immortalitate
1617 2629 1807 2681 anima:
1836 2630 1993 2682 verba
2043 2629 2301 2683 irrideat?
2332 2628 2484 2694 Quod

961 2716 1008 2770 si
1037 2716 1164 2785 quid
1194 2717 1300 2770 tale
1325 2717 1486 2770 etiam
1516 2717 1570 2768 in
1603 2717 1668 2770 iis
1697 2732 1815 2784 qua:
1842 2717 1905 2770 ad
1940 2717 2265 2771 Salvatorem
2305 2717 2485 2771 Domi-

961 2819 1199 2871 numque
1230 2812 1473 2859 nostrum
1506 2804 1792 2873 pertinent,
1824 2805 2020 2859 intueri
2060 2806 2323 2869 licuisset,
2351 2807 2483 2860 nihil

961 2908 1091 2948 sane
1122 2892 1310 2948 fuisset
1341 2893 1648 2947 dicendum.
1686 2900 1753 2946 At
1778 2909 1905 2948 vero
1926 2909 2045 2947 cum
2070 2893 2125 2947 in
2155 2894 2380 2965 singulis
2398 2909 2483 2949 re-

959 2984 1060 3038 bus
1090 2990 1142 3037 et
1178 2983 1377 3046 verbis,
1406 2982 1640 3038 universi
1670 2983 1910 3053 opificem
1966 2982 2128 3038 Deum
2163 2982 2373 3038 Patrem
2400 2985 2485 3038 in-

959 3088 1149 3128 vocare
1176 3072 1388 3127 solitum
1422 3079 1653 3131 constet.
1693 3074 1934 3142 talesque
1976 3088 2112 3142 quos
2159 3075 2213 3127 in
2245 3073 2483 3142 discipli-

2602 572 2693 624 τοῦ
2722 573 2890 642 ’ἰησοῦ
2905 575 2964 625 τὸ
2985 574 3148 641 ὄνομα
3165 577 3382 645 φρίττει,
3404 578 3448 628 ὑπ

2603 667 2766 734 χωρεῖ
2789 668 2851 735 τῇ
2893 666 2990 734 τῆς
3025 668 3374 736 προσηγορίας
3405 669 3448 718 δι

2603 755 2763 807 πάλαι
2792 755 2908 807 καθ’
2933 756 2990 807 ὂν
3020 756 3267 825 ἐπεδήμει
3305 758 3378 824 τῷ
3405 758 3448 824 βξ

2602 844 2761 896 αὐτοῦ
2788 844 2881 913 τὴν
2912 845 3224 913 παρουσίαν,
3258 845 3407 907 ἄλλος

2603 935 2725 1002 ἡμῖν
2754 936 2843 985 καὶ
2870 935 2969 996 σοι,
3007 934 3174 1002 Ἰησοῦ
3196 936 3286 986 Υἱὲ
3308 936 3395 986 τοῦ
3423 937 3448 987 Ε

2604 1024 2882 1092 βασανίσαι
2905 1025 3087 1093 ἡμᾶς;
3126 1043 3144 1073 ι
3191 1025 3348 1094 Ἀνὴρ
3374 1025 3415 1076 δ’

2600 1113 2684 1164 τὸν
2706 1112 2844 1176 νοῦν,
2878 1112 2971 1166 καὶ
3008 1116 3217 1174 πάντως
3246 1112 3309 1179 γέ
3332 1130 3430 1164 που

2602 1218 2679 1253 σιν
2721 1203 2997 1272 ἐγχειρῶν,
3051 1200 3136 1274 ἆρ’
3172 1204 3267 1255 οὐκ
3308 1201 3371 1253 ἂν
3403 1203 3448 1252 εἰ

2598 1292 2810 1360 τρόπον,
2858 1294 2948 1345 καὶ
3003 1294 3210 1365 μιαρὸς,
3280 1294 3373 1346 καὶ
3426 1311 3448 1345 σ

2599 1379 2820 1450 ἀσεϐής
2854 1381 3095 1445 Τοιοῦτος
3123 1382 3177 1433 δὲ
3203 1381 3297 1443 ῶν,
3328 1381 3448 1432 πόοε

2598 1466 2741 1529 6είας
2784 1467 3005 1531 διδάξειν
3066 1468 3303 1537 ἑτέρους,
3367 1468 3448 1535 ἧς

2598 1558 2663 1610 τὰ
2691 1561 2814 1628 περὶ
2844 1559 2974 1611 Θεοῦ
3005 1559 3271 1626 γνώσεως,
3298 1560 3330 1628 ἢ
3360 1558 3426 1610 τὰ

2603 1650 2831 1717 κρίσεως
2866 1648 2956 1700 τοῦ
2998 1651 3087 1701 ἐπὶ
3138 1650 3351 1701 πάντων
3384 1648 3448 1700 Θε

2595 1755 2697 1789 των
2718 1737 2783 1789 τὰ
2798 1739 3006 1791 ὲναντία
3033 1738 3340 1809 πρεσϐεύει,
3367 1739 3448 1790 dm

2592 1826 2681 1895 ρίᾳ
2713 1826 2989 1896 πράττων;
3017 1828 3106 1879 καὶ
3125 1827 3254 1878 Θεὸν
3277 1828 3371 1896 μὲν
3398 1828 3448 1896 ἀγ

2593 1930 2733 1966 νοιαν
2758 1954 2772 1976 ,
2801 1914 2891 1966 καὶ
2919 1914 3050 1966 Θεοῦ
3078 1916 3277 1985 κρίσιν,
3298 1914 3448 1982 χλευό

2589 1999 2827 2061 καὶτοὺς
2876 2000 2999 2069 περὶ
3019 2000 3196 2069 ψυχῆς
3243 2000 3448 2053 ἀθανασ

2585 2088 2803 2140 τοιαῦτά
2821 2106 2938 2141 τινα
2962 2085 3027 2158 ἦν
3064 2090 3189 2142 ἰδεῖν
3224 2089 3317 2141 καὶ
3344 2106 3448 2159 περ

2589 2195 2696 2249 ριον
2712 2178 2882 2248 ήμῶν,
2910 2179 3057 2231 οὐδὲν
3084 2179 3148 2232 ἂν
3173 2176 3239 2250 ἦν
3264 2182 3432 2232 εἰπεῖν

2584 2285 2751 2336 γματι
2784 2272 2877 2322 καὶ
2896 2269 3035 2340 λόγῳ
3054 2271 3145 2323 τὸν
3170 2271 3384 2323 πάντων
3405 2269 3448 2321 δι

2583 2354 3006 2426 ἀνακαλούμενος
3071 2357 3448 2410 ἀποδείκνυται

2582 2445 2844 2509 τοιούτους
2875 2445 3009 2501 εἶναι
3040 2447 3448 2517 παρασκευάζω·

2581 2536 2674 2586 καὶ
2698 2537 2982 2606 σωφρόνων
3019 2537 3193 2604 λόγων
3222 2537 3448 2590 διδάσκα

2582 2623 2750 2693 κῆρυξ
2769 2623 3127 2692 δικαιοσύνης,
3154 2626 3246 2676 καὶ
3281 2623 3442 2693 ἁληθε

2581 2711 2672 2763 καὶ
2718 2709 2912 2780 ἀρετῆς
2971 2710 3209 2779 ἁπάσης,
3254 2712 3348 2763 καὶ
3375 2710 3448 2762 Θει

2582 2800 2955 2868 παμϐασιλέως
2973 2800 3109 2854 Θεοῦ
3129 2819 3143 2833 ο
3176 2801 3290 2864 πῶς
3318 2803 3415 2870 οὐχ
3442 2801 3448 2850 l

2584 2889 2678 2959 μὲν
2709 2887 2950 2957 ἡγεῖσθαι
3006 2889 3149 2941 κατὰ
3203 2888 3448 2958 γοητείαν

2582 2978 2945 3047 πεποιηκέναι,
2996 2978 3221 3049 δυνάμει
3266 2981 3312 3033 δ’
3344 2982 3448 3033 ἀπο

2580 3071 2741 3141 ὲνθέῳ
2762 3070 3165 3138 συνομολογεζν;
3192 3072 3331 3124 Ἀλλ’
3357 3074 3433 3134 εἰς

958 3177 1080 3216 nam
1105 3162 1390 3231 acciperet,
1416 3175 1757 3231 comparasse
1783 3180 1795 3215 :
1821 3176 1941 3215 cum
1970 3170 2024 3216 et
2047 3163 2158 3232 ipse
2180 3173 2480 3232 temperans

1917 3177 1941 3214 η
1970 3170 2024 3216 et
2047 3163 2158 3232 ipse
2180 3173 2480 3232 temperans
2506 3195 2548 3251 ο
2578 3159 2740 3222 velas.
2774 3159 2847 3222 ὼς
2877 3160 2949 3229 μὴ
2981 3160 3268 3230 λογισμοῖς
3294 3159 3442 3229 σώφρ

957 3253 1140 3315 fuerit,
1190 3261 1242 3307 et
1286 3254 1568 3307 verborum
1617 3269 1733 3323 qua:
1771 3253 1836 3307 ad
1870 3254 2272 3322 temperantiam
2318 3255 2481 3323 perti-

956 3350 1083 3397 nent
1105 3351 1435 3412 praceptor:
1467 3359 1587 3397 cum
1628 3353 1833 3405 auctor,
1875 3343 2296 3414 praedicatorque
2320 3343 2479 3411 justi-

954 3433 1061 3495 tiaa,
1088 3434 1349 3499 veritatis,
1371 3433 1745 3495 humanitatis,
1777 3433 1989 3487 virtutis
2015 3434 2274 3488 universae
2305 3452 2319 3488 :
2355 3448 2474 3487 cum

952 3522 1226 3592 religionis
1274 3523 1380 3575 dux
1423 3530 1476 3577 et
1523 3522 1797 3591 magister,
1846 3537 1963 3591 quae
2008 3523 2247 3577 omnium
2299 3536 2474 3591 regem

954 3612 1117 3668 Deum
1157 3614 1285 3667 colit
1315 3632 1328 3666 :
1363 3628 1458 3666 cur
1481 3627 1588 3666 non
1610 3614 1695 3667 his
1726 3621 2142 3668 consentaneum
2166 3614 2236 3669 sit
2266 3612 2474 3683 putare,

2581 3250 2857 3319 προσέχειν
2905 3248 2993 3302 τὸν
3050 3251 3218 3314 νοῦν,
3276 3251 3407 3320 μηδὲ

2577 3336 2906 3407 τεκμηρίοις,
2956 3338 3201 3390 ὑπονοῶν
3228 3339 3367 3408 τάχα
3391 3355 3448 3391 πε

2588 3427 2742 3480 Ἀλλὰ
2770 3427 2829 3479 σύ
2855 3444 2914 3493 γε
2935 3428 3038 3481 xlv
3067 3429 3177 3480 τῶν
3212 3427 3408 3481 σαυτοῦ
3433 3428 3448 3480 ι

2574 3516 2904 3588 χρησμῳδῶν
2919 3516 3073 3581 Θεῶν,
3109 3519 3292 3581 ἄκουε,
3316 3518 3395 3588 τῷ
3421 3519 3448 3569 Σ

2574 3609 2635 3660 σὺ
2670 3607 2934 3676 γοητείαν,
2961 3606 3070 3658 ἀλλ’
3112 3609 3388 3662 εὐσέϐειαν
3412 3627 3444 3661 κ

953 3702 1085 3756 nihil
1116 3717 1301 3756 eorum
1331 3718 1450 3770 quae
1473 3705 1525 3757 in
1564 3703 1656 3756 illo
1681 3702 2029 3765 admiramur,
2062 3704 2129 3757 ab
2154 3703 2246 3756 illo
2274 3718 2367 3771 per
2387 3702 2478 3756 do-

1922 3718 2029 3765 iur,
2062 3704 2129 3757 ab
2154 3703 2246 3756 illo
2274 3718 2367 3771 per
2387 3702 2478 3756 do-
2570 3698 2689 3760 νοῦς
2714 3696 2894 3749 ἄνοδον
2927 3699 3372 3770 μαρτυρούντων.
3392 3700 3447 3751 Ti

951 3790 1061 3843 lum
1098 3789 1507 3857 praestigiarum,
1548 3797 1640 3842 aut
1684 3804 1779 3857 per
1808 3788 2071 3842 fallaciam
2102 3788 2348 3857 gestum?
2379 3801 2476 3840 cur

1922 3789 2071 3842 nciam
2102 3788 2348 3857 gestum?
2379 3801 2477 3840 cur
2566 3805 2672 3840 των
2701 3788 3004 3852 ἀξιόπιστος
3047 3789 3314 3860 ὁμολογία
3365 3791 3447 3860 μᾶ]

950 3892 1058 3932 non
1090 3878 1269 3946 potius
1297 3892 1491 3931 arcana
1521 3879 1749 3947 quadam
1784 3879 1857 3942 vi,
1885 3892 2114 3945 vereque
2143 3877 2323 3930 divina
2344 3892 2472 3930 con—

950 3966 1126 4020 ﬁteri?
1151 3965 1301 4031 Quod
1349 3967 1393 4021 si
1437 3982 1501 4021 eo
1548 3968 1807 4022 vecordiae
1845 3966 2175 4035 proveheris,
2210 3974 2265 4018 ut
2300 3981 2471 4034 neque

942 4058 1184 4112 rationes
1211 4058 1567 4127 incorruptas,
1592 4073 1762 4126 neque
1789 4059 2068 4112 verborum
2098 4057 2468 4111 necessitatem

2573 3874 2821 3943 πολεμίου
2874 3875 3113 3945 γραφῆς,
3153 3876 3219 3945 ἢν
3249 3880 3306 3930 ἐν
3338 3872 3417 3938 οἷς

2571 3963 2788 4031 λογίων
2805 3966 3168 4032 φιλοσοφίας
3192 3968 3248 4018 ὲν
3273 3968 3440 4037 τρίτῳ

2570 4045 2667 4104 ὧδέ
2698 4069 2810 4114 πως
2850 4054 3076 4123 ἱστορῶν
3105 4055 3244 4109 κατὰ
3274 4055 3441 4118 λέξιν.

946 4148 1080 4203 velis
1111 4148 1403 4210 attendere,
1468 4163 1639 4217 neque
1671 4163 1798 4202 vero
1859 4146 2222 4216 probabilibus
2279 4143 2605 4212 argumentis
2634 4144 2958 4205 auscultare,
3019 4147 3148 4214 quia
3200 4146 3435 4202 fortasse

948 4243 1127 4292 centes
1164 4235 1328 4289 habes
1356 4241 1653 4302 suspectos,
1689 4246 1742 4287 at
1776 4242 1829 4288 tu
1902 4235 2007 4289 tuis
2045 4234 2231 4287 saltem
2295 4232 2646 4295 daemonibus,
2702 4231 2854 4301 ipsis,
2889 4233 3136 4302 inquam,
3177 4237 3336 4308 134
3370 4252 3448 4292 or:

946 4328 1208 4390 ausculta,
1260 4326 1352 4395 qui
1402 4325 1661 4380 Salvatori
1726 4336 1931 4388 nostro,
1981 4341 2088 4380 non
2141 4332 2199 4379 ut
2250 4333 2309 4379 tu
2360 4326 2746 4395 praestigiarum
2794 4325 3085 4392 fallaciam,
3122 4331 3220 4384 sed
3270 4332 3448 4401 pietat.

945 4433 1229 4474 ascensum
1283 4419 1338 4472 in
1383 4419 1575 4471 ccelum
1627 4434 1725 4472 suo
1773 4419 2076 4472 testimonio
2121 4418 2380 4472 tribuunt.
2418 4418 2653 4484 Quorum
2715 4418 2927 4487 quidem
2988 4422 3268 4489 quodnam
3327 4424 3425 4477 tibi

944 4510 1072 4564 beas
1116 4506 1477 4562 testimonium
1530 4507 1610 4561 vis
1659 4507 1796 4568 dari,
1845 4522 2001 4575 quam
2036 4507 2238 4561 inimici
2293 4508 2461 4563 nostri
2498 4507 2910 4572 confessionem,
2981 4525 3148 4579 quam
3189 4512 3246 4565 in
3280 4516 3443 4567 tertio

943 4618 1062 4659 rum
1091 4618 1209 4672 quae
1237 4602 1531 4671 inscripsit,
1564 4602 1638 4655 De
1658 4602 1975 4669 philosophia
2002 4603 2339 4666 selectorum,
2362 4602 2455 4655 ubi
2494 4602 2606 4657 haec
2637 4602 2702 4655 ad
2730 4602 2949 4656 verbum
2974 4603 3166 4661 refert.

944 4736 1338 4810 Quodieﬁicacia
1364 4738 1473 4810 ipsa
1502 4746 1650 4807 atque
1676 4736 1944 4810 evidentia,
1967 4739 2108 4790 illius
2144 4739 2328 4792 divina:
2353 4741 2458 4792 vir-

1919 4755 1944 4799 ι,
1967 4739 2108 4790 illius
2144 4739 2328 4792 divina:
2353 4741 2458 4792 vira
2493 4746 2534 4797 D
2572 4738 2663 4801 ’.Ως
2887 4737 2995 4804 τῆς
3049 4740 3357 4810 ἐνεργείας
3407 4758 3444 4793 a

1013 4804 1270 4879 t‘utis‘oim
1289 4804 1579 4879 perspicue
1604 4804 1823 4858 ostendit
1862 4810 2177 4860 amatoribus
2210 4810 2457 4861 rei-italis.

1898 4810 2177 4860 maioribus
2210 4810 2457 4861 reritatis.
2633 4805 3028 4879 φιβαλήθεσεν
3077 4811 3117 4875 ἡ
3147 4804 3262 4879 τῆς
3290 4804 3423 4879 περὶ

1013 4874 1243 4930 Oracula
1265 4875 1326 4928 de
1353 4874 1579 4929 Christo.
2379 4933 2386 4940 .

2379 4933 2386 4940 .
2634 4873 2897 4956 δύτςαμις.
2970 4873 3251 4947 Χρησμόἷ
3267 4873 3397 4947 περὶ
3426 4898 3447 4931 z

1009 5007 1340 5067 Vll.cMirum
1360 5007 1577 5063 forsitan
1597 5008 1859 5071 nonnullis
1888 5008 2172 5068 videbitur,
2204 5007 2345 5076 quod
2378 5007 2461 5059 di-

940 5093 1079 5144 cturi
1124 5109 1328 5149 sumus.
1386 5094 1658 5166 Siquidem
1704 5099 1971 5153 Christum
2003 5096 2076 5150 dii
2107 5110 2312 5149 summe
2343 5093 2463 5146 reli-

941 5178 1147 5245 giosum
1181 5182 1638 5257 immortalemque
1678 5188 1844 5244 fuisse
1893 5185 2261 5256 prodiderunt,
2293 5182 2461 5251 deque

943 5266 1034 5318 illo
1063 5281 1182 5318 cum
1219 5270 1373 5326 laude
1400 5280 1720 5336 mentionem
1760 5279 1963 5334 faciunt
1993 5293 2007 5341 ;
2046 5294 2063 5324 ι
2118 5282 2171 5328 et
2216 5287 2460 5328 sermone

939 5370 1253 5423 progressus
1283 5358 1522 5432 adiungit
1554 5386 1566 5420 :
1626 5388 1644 5420 ι
1700 5371 1864 5442 Igitur
1887 5367 1952 5421 de
1980 5363 2198 5419 Christo
2226 5363 2458 5416 interro-

938 5444 1204 5512 gantibus,
1230 5455 1404 5499 utrum
1431 5453 1498 5505 sit
1532 5455 1687 5527 Deus,
1710 5457 1987 5531 respondit
2018 5472 2032 5509 :

1006 5641 1046 5672 ’⁸
1078 5639 1259 5695 Matth.
1295 5659 1412 5715 vni,
1436 5649 1522 5706 29.

2614 5008 3026 5078 Ζ’.εΠαρά.δοξον
3044 5011 3176 5078 ἴσως
3189 5014 3394 5080 δόξειεν
3424 5016 3448 5069 ὃ

2565 5095 2806 5162 λέγεσθαι
2857 5097 2945 5166 ὑφ’
2995 5100 3171 5168 ἡμῶν.
3197 5103 3302 5155 Τὸν
3345 5104 3448 5173 γὰρ

2565 5184 2815 5237 ὅέστατον
2840 5185 3183 5255 ἀπεφήναντο
3226 5191 3322 5242 καὶ
3359 5191 3448 5244 (itit

2566 5289 2680 5341 μως
2697 5289 2755 5324 τε
2782 5273 2940 5325 αὐτοῦ
2971 5279 3386 5344 μνημονεύουσι.
3419 5298 3438 5329 ι

2566 5379 2584 5411 ι
2626 5363 2757 5431 Περὶ
2785 5362 2911 5430 γοῦν
2940 5364 3030 5416 τοῦ
3070 5367 3312 5436 Χριστοῦ
3342 5370 3448 5438 ὲρω

2562 5451 2722 5523 φησίν
2744 5467 2760 5483 °
