3862 6312
863 412 963 467 259

1474 396 1732 452 EUSEBll
1769 387 2233 448 CIESARlENSlS
2266 384 2413 441 OPP.
2453 378 2648 435 PARS.
2691 375 2757 431 ll.
2797 405 2864 417 —
2900 370 3450 430 APOLOGETICA.

864 519 1444 589 licaciamadjunxisset
1469 518 1584 569 voci
1608 515 1704 577 illi,
1734 527 1839 582 qua
1858 511 2065 565 dixerat
2089 526 2102 561 :
2134 524 2151 556 ι
2179 504 2385 566 Venite,

1942 515 2102 565 :erat:
2134 524 2151 556 ι
2179 504 2385 566 Venite,
2417 506 2461 562 Α
2486 494 2782 565 γενομένων
2824 490 3106 558 διαφανῶν,
3143 489 3224 559 μὴ
3285 484 3467 556 βασι]

864 612 1142 686 sequimini
1173 625 1279 669 me,
1309 606 1574 661 etfaciam
1607 619 1701 657 vos
1728 603 2025 671 piscatores
2052 593 2377 651 hominum,»

863 680 1126 771 simulque
1150 707 1201 752 et
1228 698 1501 766 operarios
1525 703 1577 749 et
1608 692 1895 762 magistros
1924 685 2137 757 pietatis
2160 684 2278 736 illos
2311 680 2387 734 fe-

863 801 1043 857 cisset,
1081 797 1192 843 tum
1217 789 1269 840 in
1296 800 1483 841 omnes
1515 791 1698 854 gentes
1757 779 1989 838 dimisit,
2016 788 2231 843 suaeque
2276 771 2376 825 do-

873 883 1058 937 ctrina:
1073 893 1343 950 praecones
1372 871 1830 938 declaravit.Quis
1856 876 2033 923 autem
2063 881 2170 919 non
2199 862 2389 917 obstu-

865 979 1068 1041 pascat,
1120 970 1242 1038 quis
1274 982 1379 1021 non
1430 959 1743 1017 incredibile
1789 957 1981 1011 merito
2025 953 2293 1008 existimet
2337 945 2390 1001 id

862 1037 1008 1130 quod
1059 1037 1268 1112 omnem
1309 1054 1468 1108 ﬁdem
1524 1055 1740 1118 superat
1788 1041 2154 1099 miraculum?
2204 1037 2393 1091 Nullus

863 1160 1009 1205 certe
1034 1161 1237 1207 eorum,
1279 1145 1370 1212 qui
1415 1152 1649 1208 unquam
1699 1134 1928 1201 alicujus
1964 1127 2224 1184 claritatis
2257 1125 2394 1177 inter

868 1242 1110 1297 homines
1141 1236 1378 1297 fuerunt,
1397 1248 1504 1287 non
1529 1245 1644 1294 rex,
1674 1241 1780 1279 non
1802 1224 1975 1292 legum
2006 1221 2393 1280 inventor,non

866 1331 1232 1402 philosOpltus,
1255 1341 1361 1381 non
1390 1323 1628 1381 Graecus,
1649 1332 1754 1371 non
1778 1315 2062 1374 barbarus,
2091 1305 2396 1377 huiusmodi

868 1421 1156 1492 quidquam
1185 1417 1450 1486 cogitasse
1483 1416 1754 1469 narratur,
1790 1421 1852 1459 ac
1880 1419 1945 1457 ne
1968 1400 2265 1457 somniasse
2277 1397 2396 1467 qni-

868 1518 989 1572 dem
1010 1514 1207 1584 aliquid
1221 1500 1360 1581 quod
1373 1508 1439 1562 ad
1458 1509 1557 1561 hoc
1573 1503 1813 1574 proxime
1834 1496 2070 1552 accedat.
2097 1494 2239 1548 Satis
2254 1492 2394 1547 enim

871 1583 1139 1676 superque
1166 1598 1531 1668 unusquisque
1555 1595 1741 1648 talium
1771 1603 1982 1658 semper
2011 1586 2216 1647 habuit,
2242 1583 2398 1636 dum-

872 1673 1029 1750 modo
1056 1673 1114 1747 in
1141 1706 1235 1746 sna
1262 1689 1477 1759 regione
1513 1684 1814 1739 institutum
1844 1692 1998 1733 suum
2038 1673 2399 1744 propositum-

2492 587 2564 655 μὴ
2594 583 2890 652 φιλόσοφος.
2923 579 2995 650 μὴ
3021 579 3247 648 Ἕλλην,
3294 575 3391 646 μὴ
3437 573 3468 642 β

2489 674 2776 745 διανοηθεὶς
2812 672 3117 741 ἱστορεῖται,
3157 667 3293 719 ἀλλ’
3345 664 3467 717 οὐδ

2490 766 2581 818 τοῦ
2615 762 3022 834 παραπλησίου;
3052 756 3368 827 ἀγαπητὸν
3405 772 3468 823 γε

2492 857 2582 909 ἐπὶ
2613 855 2773 925 μόνης
2791 853 2888 920 τῆς
2908 850 3106 912 οἰκείας
3132 849 3255 918 γῆς
3287 846 3365 899 τὸ
3404 847 3467 897 οὶ

2493 945 2766 1013 εστήσατο,
2805 941 2899 995 καὶ
2940 942 3064 1000 τοὺς
3107 937 3325 998 καλῶς
3379 934 3468 1002 ἔχε

2494 1034 2592 1087 κᾶν
2630 1034 2711 1101 ἐφ’
2739 1032 2853 1094 ἐνὸς
2886 1029 2974 1083 τοῦ
3003 1028 3212 1081 οἰκείου
3248 1025 3468 1085 ἔθνους

2495 1126 2522 1175 ὁ
2552 1123 2606 1176 δὲ
2652 1121 2809 1192 μηδὲν
2860 1119 3048 1189 θνητὸν
3091 1117 3189 1169 καὶ
3257 1111 3468 1183 ἀνορά

2497 1214 2543 1264 εἰ
2580 1210 2652 1281 μὴ
2683 1211 2755 1273 ὡς
2778 1208 2987 1278 ἀληθῶς
3015 1204 3146 1259 Θεοῦ
3176 1205 3373 1258 πάλιν
3406 1221 3468 1273 πε

2496 1300 2636 1366 λεξεὶ
2666 1300 2838 1368 φήσας
2863 1300 2971 1359 τοῖς
2999 1293 3457 1354 εὐτελεστάτοις

2497 1394 2642 1454 ταῖς·
2683 1408 2700 1439 ι
2738 1386 3091 1459 Πορευθέντες
3125 1381 3468 1453 μαθητεύσι

2498 1479 2604 1531 Καὶ
2640 1476 2773 1540 πῶς,
2807 1472 2954 1528 εἷπον
2982 1475 3046 1526 ἂν
3075 1474 3120 1525 οἱ
3153 1470 3448 1542 μαθηταὶ

2501 1587 2601 1622 που
2635 1566 3070 1636 ἀποκρινάμενοι,
3107 1561 3277 1614 τοῦθ’
3322 1554 3468 1630 {fuit

2500 1658 2604 1728 γὰρ
2645 1655 2944 1724 Ῥωμαίοις,
2972 1653 3121 1722 φέρε,
3159 1650 3468 1722 κηρύξομε

872 1801 978 1856 que
998 1782 1285 1852 compleret
1323 1740 1425 1845 ζει
1453 1790 1571 1845 qua:
1597 1774 1749 1828 bona:
1780 1740 2055 1836 utilesqne—
2074 1740 2200 1818 visa:
2220 1770 2397 1816 essent

1942 1740 2200 1836 que—vise];
2220 1770 2400 1816 essem
2499 1743 2979 1850 dialaxechpeba;
3011 1742 3141 1812 ποίᾳ
3178 1740 3245 1793 δὲ
3287 1757 3467 1812 χρησ‹

873 1879 1038 1947 leges,
1059 1890 1151 1931 eas
1174 1874 1226 1927 in
1255 1884 1360 1926 una
1392 1870 1579 1924 saltem
1627 1878 1723 1919 sua
1754 1861 1923 1931 ipsius
1975 1865 2147 1927 gente,
2194 1860 2404 1908 sancire
2438 1841 2475 1894 Β
2501 1839 2679 1908 ληνας,

874 1946 943 2025 ac
967 1968 1106 2022 tueri
1140 1969 1340 2034 posset.
1390 1960 1456 2014 At
1484 1959 1571 2012 hic
1599 1962 1782 2010 noster
1815 1992 1829 2016 ,
1879 1950 2012 2005 nihil
2056 1946 2280 2001 mortale
2312 1951 2403 1996 aut

875 2060 1170 2114 humanum
1203 2053 1439 2115 molitus,
1497 2048 1652 2118 136
1696 2044 1996 2107 considera,
2026 2052 2228 2108 quaeso,
2277 2048 2403 2088 num

876 2162 1068 2203 rursus
1090 2155 1342 2213 tanquam
1370 2154 1492 2195 vere
1524 2138 1664 2192 Deus
1694 2147 1876 2189 vocem
1901 2127 2161 2189 emiserit,
2184 2125 2274 2179 ubi
2291 2123 2405 2177 suis

877 2241 987 2296 illis
1019 2239 1150 2292 adeo
1197 2231 1521 2304 ignobilibus
1554 2227 1621 2282 ad
1649 2226 1867 2281 verbum
1903 2219 2039 2274 dixit
2082 2215 2402 2285 discipulis:

884 2352 903 2386 ‹
934 2331 1153 2392 Euntes,
1196 2329 1382 2381 docete
1413 2337 1599 2376 omnes
1629 2327 1815 2391 gentes
1844 2315 1914 2369 ⁸³.
1950 2334 1969 2366 ι
2004 2311 2141 2378 Quid
2169 2311 2191 2363 ?
2232 2309 2279 2363 si
2320 2307 2407 2361 di-

881 2422 1095 2491 scipuli,
1118 2427 1180 2473 ut
1205 2416 1282 2479 tit,
1312 2428 1411 2470 suo
1424 2410 1746 2480 Praeceptori
1777 2404 2203 2476 respondissent,
2237 2414 2299 2452 ac
2323 2398 2406 2452 di-

881 2489 1085 2570 xissent
1111 2529 1125 2565 :
1165 2509 1280 2574 Quo
1310 2503 1522 2559 tandem
1543 2501 1703 2555 modo
1752 2496 1894 2552 istud
1922 2510 1952 2548 a
1986 2494 2139 2548 nobis
2173 2489 2283 2544 fieri
2314 2503 2410 2557 po-

882 2604 1052 2660 terit?
1079 2598 1356 2667 Quomodo
1385 2595 1675 2654 Romanos,
1727 2588 1951 2656 exempli
1979 2585 2169 2654 gratia,
2199 2581 2410 2650 publice

882 2693 1192 2748 docebimus
1208 2683 1507 2756 ?_quomodo
1530 2689 1705 2735 autem
1737 2677 2015 2747 Egyptios
2043 2668 2410 2740 alloquemur?

883 2798 988 2854 qua
1019 2796 1144 2837 vero
1197 2781 1375 2848 lingua
1402 2816 1417 2840 ,
1458 2774 1697 2828 homines
1725 2784 1884 2824 unam
1926 2766 2197 2837 Syriacam
2226 2773 2408 2814 vocem

885 2849 1070 2929 audire
1102 2869 1267 2933 soliti,
1291 2866 1431 2936 apud
1461 2863 1673 2917 Graecos
1695 2858 1949 2916 utemur?
1977 2871 2081 2925 qua
2119 2852 2256 2924 apud
2283 2849 2412 2903 Per-

885 2979 996 3027 sas,
1023 2959 1325 3021 Armenios,
1355 2954 1655 3016 Chaldaeos,
1692 2949 1936 3020 Scythas,
1962 2944 2137 3005 Indos,
2175 2956 2236 2995 ac
2257 2938 2413 2994 deni-

887 3067 991 3124 que
1047 3064 1234 3105 omnes
1306 3057 1655 3117 quaScnnque
1711 3037 2039 3092 otTendemus
2106 3029 2412 3086 barbaricas

888 3121 1072 3217 gentes
1096 3143 1119 3195 ?
1146 3138 1423 3207 Quomodo
1444 3135 1551 3189 illis
1573 3130 2013 3202 persuadebimus
2036 3135 2095 3179 ut
2125 3123 2255 3179 deos
2293 3121 2413 3191 qui-

890 3241 1008 3294 dem
1062 3233 1266 3305 patrios
1303 3231 1576 3292 deserant,
1634 3239 1796 3280 unum
1825 3237 1950 3276 vero
2002 3217 2237 3273 omnium
2271 3208 2415 3282 quai-

891 3344 1107 3399 cunque
1137 3331 1264 3382 sunt
1284 3322 1525 3392 opificem
1557 3318 1719 3373 Deum
1741 3316 1919 3370 colant
1952 3312 1976 3364 ?
2006 3324 2109 3378 qua
2146 3320 2305 3377 porro
2336 3303 2420 3358 di-

893 3392 1046 3476 cendi
1078 3416 1131 3471 vi
1163 3414 1304 3476 freti,
1330 3418 1537 3466 tantum
1585 3406 1796 3461 facinus
1844 3396 2255 3471 aggrediemur?
2294 3392 2422 3459 Quae

894 3520 1070 3565 autem
1102 3502 1409 3578 perﬁciendi
1439 3516 1562 3571 spes
1606 3496 1774 3552 aderit
1804 3491 2110 3548 hominibus
2157 3487 2248 3557 qui
2280 3485 2423 3553 leges

897 3603 1057 3673 [igere
1083 3598 1334 3659 audeant,
1374 3592 1673 3647 contrarias
1698 3587 1906 3657 legibus
1934 3593 2284 3653 quascunque
2308 3592 2424 3632 om-

897 3705 993 3745 nes
1025 3695 1211 3759 gentes
1257 3686 1323 3739 de
1348 3683 1537 3753 patriis
1580 3679 1685 3734 diis
1737 3692 1766 3729 a
1798 3674 2014 3729 condito
2042 3685 2155 3726 aevo
2180 3682 2428 3723 servave-

899 3779 1008 3831 rint
1028 3777 1052 3830 ‘i
1072 3776 1276 3840 Quibus
1299 3773 1507 3826 tandem
1532 3768 1726 3838 copiis,
1763 3776 1855 3818 ant
1882 3780 1988 3834 qua
2012 3763 2063 3816 vi
2091 3760 2242 3814 nobis
2270 3759 2428 3811 liceat

902 3866 989 3920 isti
1014 3864 1250 3917 audacia:
1276 3860 1599 3930 superesse?
1644 3857 1765 3911 Haec
1801 3871 1867 3909 ne
1891 3856 2148 3916 dicerent,
2171 3847 2428 3919 quemad-

903 3955 1120 4010 modum
1147 3954 1386 4007 dicturos
1408 3950 1575 4005 fuisse
1628 3947 1881 4003 credibile
1904 3952 2006 4008 est,
2041 3950 2132 3995 aut
2153 3941 2314 3994 etiam
2344 3954 2431 3992 co-

904 4044 1134 4114 gitarent
1179 4038 1304 4095 Jesu
1348 4039 1619 4107 discipuli,
1651 4049 1755 4088 una
1789 4034 1934 4088 verbi
1986 4030 2283 4099 adjectione
2317 4028 2431 4096 ipse

903 4132 1205 4200 Praeceptor
1231 4131 1350 4183 illos
1381 4130 1526 4183 omni
1568 4126 1879 4180 difiicultate
1909 4120 2171 4184 liberavit,
2202 4133 2322 4172 cum
2351 4118 2433 4171 di-

905 4222 1007 4285 xit,
1033 4221 1157 4275 illos
1184 4219 1239 4273 in
1274 4220 1486 4272 nomine
1516 4233 1614 4271 suo
1636 4216 1745 4269 voti
1779 4218 2051 4282 compotes
2079 4206 2432 4262 futuros.Non

907 4311 1050 4367 enim
1085 4308 1395 4379 simpliciter
1422 4314 1514 4361 ant
1544 4304 1818 4360 indefinite
1846 4311 1904 4356 ut
1951 4301 2204 4354 docerent
2250 4312 2435 4353 omnes

909 4409 1097 4473 gentes
1125 4398 1424 4469 imperavit,
1474 4397 1566 4451 sed
1597 4410 1718 4449 cum
1746 4391 2088 4462 adjunctione
2109 4386 2433 4451 necessaria,

2716 1837 2900 1906 ἄνδρες
2943 1838 3007 1905 τῇ
3057 1835 3266 1904 Σύρων
3317 1833 3467 1902 ὲντρ

2506 1929 2711 1999 Πέρσας
2736 1927 2790 1979 δὲ
2828 1927 2920 1979 καὶ
2957 1923 3319 1994 Ἀρμενίους,
3353 1924 3463 1976 καὶ

2506 2018 2621 2081 θας,
2645 2017 2735 2069 καὶ
2765 2014 2974 2078 Ἰνδοὺς,
2997 2014 3091 2065 καὶ
3123 2013 3184 2064 εἴ
3218 2028 3361 2063 τινα.
3393 2010 3468 2079 βα

2508 2108 2621 2169 πῶς
2665 2106 2913 2175 πείσομεν
2947 2102 3052 2155 τῶν
3105 2101 3216 2171 μὲν
3272 2102 3467 2172 πατρίς

2507 2194 2599 2247 ἕνα
2626 2194 2679 2246 δὲ
2712 2194 2798 2246 τὸν
2820 2193 3029 2245 πάντων
3057 2189 3430 2260 δημιουργὸν
3465 2217 3468 2231 ~

2511 2284 2774 2353 ἱκανότητι
2805 2280 3157 2351 θαρσοῦντες,
3191 2280 3296 2331 ἐπὶ
3341 2280 3468 2333 τοῦτ

2510 2376 2590 2436 τίς
2625 2375 2751 2443 ἡμῖν
2788 2372 2939 2434 ἐλπὶς
2971 2371 3130 2422 ἔσται
3176 2369 3284 2423 τοῦ
3330 2387 3468 2423 κατ(

2512 2452 2939 2531 θετεῖντολμῶσι
2965 2461 3075 2521 τοῖς
3115 2462 3356 2514 πάντων
3394 2460 3468 2513 ἐθ⁴

2513 2551 2647 2604 θεῶν
2689 2550 2746 2614 ἐξ
2781 2549 2970 2610 αἰῶνος
3010 2550 3309 2617 κειμένοις
3342 2550 3468 2619 νόμι

2511 2638 2728 2707 δυνάμει
2754 2634 3096 2707 περιέσεσθαί
3143 2637 3274 2688 ἐστι
3309 2636 3412 2688 τοῦ
3457 2653 3468 2669 ο

2514 2730 2793 2799 φησάντων
2846 2725 2910 2778 ἂν
2956 2725 3102 2787 κατὰ
3153 2725 3220 2777 τὸ
3266 2726 3449 2789 εἰκὸς,

2512 2817 2604 2870 τοῦ
2641 2812 2809 2885 Ἰησοῦ
2847 2811 3127 2882 μαθητῶν,
3181 2813 3323 2882 μιᾶς
3368 2829 3468 2879 πρ(

2514 2909 2542 2959 ὁ
2574 2902 2890 2966 Διδάσκαλος
2914 2901 3069 2956 λύσιν
3094 2902 3213 2956 τῶν
3245 2903 3468 2972 ἀπορηε

2516 2993 2861 3061 κατόρθωσιν,
2892 3010 2911 3041 t
2940 2992 2994 3043 ὲν
3017 2991 3099 3061 τῷ
3123 2992 3362 3063 ὀνόματί
3398 3010 3468 3063 μο

2518 3085 2609 3138 καὶ
2659 3080 2965 3152 ἀδιορίστως
3037 3080 3401 3150 μαθητεῦσαί.
3463 3104 3468 3114 ε

2439 3169 2481 3225 C
2513 3173 2718 3231 έταττε,
2753 3166 2886 3238 μετὰ
2929 3155 3268 3237 προσθήκης
3294 3168 3355 3220 δὲ
3386 3169 3468 3221 ἀνί

2520 3260 2736 3329 ὀνρματι
2760 3254 2942 3309 αὑτοῦ.
2982 3274 3000 3306 ι
3045 3256 3280 3328 Ἐπειδὴ
3316 3257 3468 3330 γὰρ·

2519 3344 2876 3420 προσηγορίας
2907 3342 3154 3415 τοσαύτη
3183 3362 3274 3408 τις
3308 3342 3404 3417 ἦν,
3439 3347 3468 3398 ti

2518 3438 2625 3501 λον,
2639 3437 2718 3488 ὅτι
2742 3434 2805 3504 δὴ
2826 3451 2844 3483 t
2865 3433 3199 3503 Ἐχαρίσατο
3220 3435 3377 3505 αὑτῷ
3394 3437 3423 3487 ὁ
3448 3437 3468 3487 ε

2522 3527 2626 3580 πᾶν
2646 3523 2830 3592 ὄνομα,
2853 3520 2939 3573 ἴνα
2962 3521 3021 3573 ὲν
3055 3520 3140 3592 τῷ
3162 3521 3398 3593 ὀνόματι
3434 3524 3468 3575 ’1

2523 3613 2845 3686 ἐπουρανίων
2878 3610 2969 3663 καὶ
3008 3612 3284 3680 ἐπιγείων
3327 3615 3427 3666 καὶ

2523 3721 2666 3766 τως,
2722 3700 2817 3770 τῆς
2869 3699 2993 3761 τοὺς
3041 3701 3280 3764 πολλοὺς
3339 3703 3468 3755 λανο

2530 3807 2653 3861 ματι
2709 3786 2870 3840 αὐτοῦ
2926 3786 3228 3856 δυνάμεως
3276 3788 3378 3859 τὴν
3424 3790 3467 3857 ἀγ

2528 3879 2687 3935 αὐτοῦ
2738 3877 3001 3949 μαθηταῖς
3052 3877 3252 3949 ἔφησε·
3289 3898 3308 3929 ι
3347 3881 3467 3950 Πορ

2532 3972 2707 4026 πάντα
2732 3969 2799 4021 τὰ
2824 3967 2949 4036 ἔθνη
2970 3967 3037 4020 ὲν
3062 3968 3143 4038 τῷ
3170 3969 3398 4040 ὀνόματί
3438 3988 3468 4039 μ

2530 4063 2607 4128 ζει
2638 4056 2693 4114 εὖ
2736 4058 2876 4128 μάλα
2929 4058 3187 4128 ἀκριϐῶς
3224 4060 3289 4112 τὸ
3340 4061 3468 4130 μέλλ

2530 4148 2859 4220 κηρυχθῆναι
2877 4147 2937 4199 τὸ
2959 4148 3307 4218 Εὐαγγέλιον
3338 4150 3468 4202 τοῦτ

2531 4242 2607 4302 εἰς
2640 4237 2934 4308 μαρτύριον
2963 4239 3113 4290 πᾶσι
3147 4241 3263 4301 τοῖς
3293 4239 3468 4292 ἔθνεσι

2536 4327 2632 4399 μὲν
2655 4329 2711 4380 ἐν
2737 4325 2905 4395 γωνίᾳ
2923 4324 3040 4395 γῆς
3062 4327 3208 4392 τότε,
3239 4329 3336 4381 καὶ
3356 4331 3406 4382 οε
3433 4347 3468 4381 π

2535 4415 2658 4479 Πῶς
2684 4412 2774 4470 οὖν
2807 4413 2913 4485 ἄρα
2933 4417 3131 4479 πιστὸς
3158 4413 3229 4485 ἦν
3260 4418 3448 4481 αὐτοῖς

916 4508 936 4543 t
971 4491 1026 4544 in
1060 4489 1294 4551 nomine,
1327 4486 1520 4554 inquit,
1557 4500 1675 4538 meo
1699 4483 1764 4536 ⁸⁸.
1806 4500 1824 4532 ι
1862 4479 1992 4534 Cum
2021 4477 2163 4532 enim
2188 4476 2267 4531 vis
2297 4475 2441 4529 illius

1406 4576 1415 4580 _
1619 4574 1630 4580 ,
1807 4571 1819 4580 .
1958 4568 1992 4580 ..
2098 4566 2130 4580 ..
2293 4563 2330 4580 η
2384 4561 2439 4580 ,λ

2021 4492 2163 4580 em?)
2188 4491 2267 4531 V13
2293 4475 2441 4580 in“):
2471 4495 2514 4552 D
2540 4508 2735 4578 ἑτέρων
2766 4505 2872 4558 τῶν
2908 4504 3003 4556 ὑπ’
3049 4507 3219 4561 αὐτοῦ
3261 4526 3467 4580 πεπρα·

914 4579 1148 4639 nominis
1196 4584 1339 4629 tanta
1375 4576 1465 4637 sit,
1500 4581 1560 4626 ut
1605 4571 1891 4640 Apostolus
1942 4566 2184 4621 dixerit:
2227 4582 2246 4615 ι
2290 4561 2441 4631 Quod

2542 4595 2639 4664 τῆς
2670 4595 2725 4645 ὲν
2755 4595 2863 4654 τοῖς
2890 4591 3069 4660 λόγοις
3093 4594 3352 4665 ἀληθείας
3375 4596 3468 4648 αὐτ

915 4668 1191 4725 donaverit
1238 4664 1315 4719 illi
1359 4661 1501 4716 Deus
1532 4676 1744 4724 nomen,
1790 4659 1930 4728 quod
1978 4667 2062 4714 est
2096 4672 2258 4726 super
2287 4670 2444 4711 omne

918 4773 1132 4819 nomen,
1177 4762 1234 4809 ut
1286 4755 1339 4807 in
1367 4750 1586 4807 nomine
1615 4748 1743 4804 Jesu
1791 4764 1948 4803 omne
1996 4764 2133 4818 genu
2175 4747 2442 4806 flectatur,

919 4847 1236 4908 cmlestium,
1271 4843 1624 4907 terrestrium,
1655 4851 1707 4895 et
1740 4840 2068 4895 infernornm
2098 4839 2165 4903 ⁸⁸,
2197 4857 2215 4888 ι
2258 4835 2445 4891 merito

922 4936 1288 4990 excellentiam
1320 4933 1534 4987 virtutis
1556 4931 1788 4986 nominis
1824 4931 1929 4993 sui,
1962 4946 2078 5000 quae
2099 4929 2296 4982 multas
2326 4927 2451 4978 latet

924 5027 1276 5090 indicaturus,
1312 5025 1378 5078 ad
1411 5040 1538 5079 suos
1567 5023 1702 5076 dixit
1728 5022 2055 5092 discipulos:
2093 5039 2111 5071 ε
2145 5019 2243 5082 lte,
2269 5020 2452 5073 docete

925 5128 1111 5169 omnes
1140 5124 1324 5184 gentes
1362 5117 1414 5169 in
1443 5116 1659 5169 nomine
1685 5130 1823 5169 meo.
1861 5134 1878 5167 ι
1915 5113 2111 5168 Deinde
2141 5112 2285 5166 canit
2319 5110 2451 5163 bene

2547 4701 2645 4738 σαν
2667 4700 2682 4748 ;
2711 4683 2828 4734 Ὅτι
2846 4681 2954 4752 γὰρ
2974 4683 3305 4739 ἐπίστευσαν
3330 4686 3468 4753 λέγοι

2545 4773 2816 4844 ὁμολογεῖν
2849 4771 3063 4843 ἀνάγκη
3082 4812 3096 4827 .
3129 4774 3468 4845 Προστάξανπ

2547 4860 2678 4916 ἀλλὰ
2726 4859 3192 4931 πειθαρχήσαντες
3237 4863 3402 4916 αὐτοῦ
3447 4879 3468 4914 τ

2548 4948 2964 5021 παρηγγελμένα
2998 4952 3107 5004 πᾶν
3138 4951 3296 5019 γένος
3325 4950 3468 5020 ἀνθρι

2547 5041 2645 5110 τῆς
2687 5039 2887 5101 οἰκείας
2918 5040 3023 5110 γῆς
3057 5042 3149 5093 ἐπὶ
3192 5044 3369 5097 πάντα
3404 5061 3467 5096 στ

2549 5128 2708 5200 ὀλίγῳ
2736 5146 2792 5182 τε
2817 5124 2884 5201 ἧν
2916 5129 3054 5203 ἔργα
3088 5131 3362 5204 θεωρῆσαι
3390 5134 3468 5185 τοί

2554 5218 2681 5286 γοῦν
2711 5219 2772 5272 τὸ
2798 5219 3126 5288 Εὐαγγέλιον
3148 5221 3207 5273 ὲν
3239 5221 3432 5293 βραχεῖ
3447 5241 3468 5291 λ

2561 5307 2692 5378 μένῃ
2737 5310 2812 5371 εἰς
2851 5308 3146 5379 μαρτύριον
3177 5312 3287 5372 τοῖς
3336 5310 3468 5362 ἕθνες

2560 5395 2813 5467 ’Έλληνες
2843 5397 2939 5461 τὰς
2978 5398 3107 5469 περὶ
3150 5398 3242 5451 τοῦ
3289 5400 3461 5469 Ἰησοῦ

2566 5484 2823 5556 ρακτῆοσι
2872 5487 2969 5539 καὶ
3013 5487 3224 5559 πατρίῳ
3273 5491 3422 5557 φωνῇ

2564 5571 2643 5634 τίς
2672 5575 2770 5627 οὐκ
2801 5575 2864 5628 ἂν
2913 5577 3243 5648 ἂπορήσειεν
3286 5576 3468 5642 εὐλόγου

929 5201 1209 5255 admodum
1240 5213 1383 5257 certe
1413 5215 1573 5274 atque
1599 5206 1862 5276 exquisite
1886 5209 2024 5276 quod
2079 5205 2315 5257 futurum
2339 5205 2455 5254 erat

930 5288 1116 5342 dicens
1143 5305 1158 5340 :
1200 5306 1219 5339 t
1246 5291 1461 5357 Oportet
1510 5294 1652 5348 enim
1683 5296 1958 5364 praedicari
1984 5293 2328 5364 Evangelium
2352 5289 2453 5343 hoc

934 5380 987 5433 in
1032 5386 1142 5430 ιῡιο
1169 5377 1319 5439 orbe,
1353 5379 1406 5431 in
1437 5383 1795 5440 testimonium
1820 5390 2025 5445 cunctis
2058 5386 2302 5459 gentibus
2329 5380 2396 5435 “.
2430 5398 2450 5431 ι

934 5468 1100 5523 Porro
1118 5482 1240 5521 cum
1258 5468 1415 5522 verba
1450 5472 1661 5536 quidem
1688 5480 1815 5544 haec,
1849 5483 2040 5536 tuncin
2075 5479 2267 5549 angulo
2300 5483 2458 5529 terrae

936 5560 1076 5614 ἀίδια
1128 5561 1258 5627 sint,
1304 5569 1356 5615 et
1380 5562 1470 5629 Qui
1513 5570 1639 5619 tunc
1668 5570 1888 5627 aderant
1918 5575 2016 5629 soli
2050 5573 2337 5630 audierint,
2370 5569 2459 5639 qui

1008 5711 1052 5741 ⁸³
1083 5710 1266 5764 Matth.
1299 5727 1482 5778 xxvtn,
1521 5714 1635 5783 19.,
1684 5718 1866 5775 Mibid.
1941 5726 1984 5757 ⁸⁸
2011 5725 2237 5795 Philipp.
2272 5738 2331 5790 lt,
2362 5721 2446 5779 10.
2518 5721 2562 5753 ’⁸
2592 5719 2759 5777 Marc.
2788 5734 2904 5787 xm,
2939 5723 3021 5784 10.
