3862 6338
1152 435 1780 501 DEMONSTRATIONIS
1814 444 2254 501 EVANGELICIE
2289 447 2414 503 LIB.
2458 450 2543 504 Ill.

3309 452 3413 521 ita

99 518 289 640 (iii;
316 521 587 640 μαθητιὲν
634 533 746 585 τοῦ
796 538 1000 610 Ἰησοῦ
1037 547 1375 616 διδασκαλίας
1416 557 1637 625 τρόπος;
1664 556 1773 628 *Αρς

1900 561 2011 614 tieri
2052 539 2231 630 potest
2279 571 2339 617 ut
2393 565 2493 619 hoc
2539 564 2733 621 dicenti
2798 570 2874 623 illi
2941 573 3257 640 crederent,
3308 559 3411 631 nisi

465 614 694 720 μέσην.
716 608 1119 720 παρελθόντες
1161 641 1328 703 πόλιν,
1357 608 1516 697 έπειέ
1546 608 1603 698 εὖ

125 700 425 803 ἓάἀνῖες,
455 705 562 757 καὶ
587 706 701 803 ξοῇ
732 716 969 781 μείζονι
995 700 1324 798 χρησάμενοι.
1348 734 1657 788 συνεκάλουν
1681 700 1800 803 τοῦς

141 791 516 896 ᾧῗριόντας,
559 798 720 896 aiam
735 821 835 857 ιτα
891 791 1301 886 ιδημῇ-ξιρζουη
1336 822 1440 872 Καὶ
1469 822 1550 885 τίς
1592 820 1656 893 ἦν
1696 791 1799 896 ἄρα

157 886 379 979 ιῦτοῖς
423 885 529 979 τῆς
578 887 963 968 δημηγορίας
999 905 1028 955 ό
1076 885 1247 974 λόγος,
1273 903 1315 975 ᾧ
1348 885 1625 966 πεπεῖσθαι
1660 885 1800 979 six-bc

166 986 284 1075 ﬁs:
308 975 886 1075 τοῦς-ἀκροωμένους
919 991 1045 1055 Πῶς
1068 994 1121 1047 δὲ
1139 998 1227 1048 καὶ
1244 999 1598 1070 ἐδημηγόρουν
1616 975 1798 1075 ἄνδρες

179 1067 384 1156 ιᾷγων
411 1068 660 1140 ἄπειροι,
700 1078 810 1129 καὶ
846 1082 1027 1152 πάσης
1056 1087 1300 1156 άμέτοχοι
1329 1067 1600 1155 παιδενιαςς
1643 1067 1797 1149 Ἀλλά

193 1155 331 1232 μὴν
355 1160 411 1210 οὐ
439 1160 586 1213 κατὰ
616 1164 864 1235 πλῆθος.
891 1174 1029 1226 κατὰ
1056 1176 1214 1244 μέρος
1235 1178 1289 1228 δὲ
1317 1182 1424 1241 τοῖς
1450 1184 1794 1251 προστυχοῦσι

197 1246 536 1315 διελέγοντο.
573 1254 747 1307 Τίσιν
778 1255 877 1312 οὖν
911 1263 1004 1314 καὶ
1025 1265 1220 1327 ὁποίοις
1252 1246 1678 1338 ἑχρῶντονλόγοις
1706 1276 1794 1328 ἐπὶ

205 1335 394 1389 πειθὼ
435 1338 547 1391 τῶν
577 1343 940 1414 ἁκουόντωνς
983 1354 1102 1404 ἐπεὶ
1138 1354 1266 1424 μηδὲ
1303 1359 1489 1427 μικρὸς
1523 1355 1586 1429 ἦν
1616 1364 1792 1427 αὐτοῖς

200 1425 225 1478 ὁ
292 1425 454 1493 ἀγὼν,
504 1430 586 1500 μὴ
634 1433 1001 1504 ἀρνουμένοις
1045 1441 1132 1491 τὸν
1182 1425 1792 1504 ἐπονείδιστοντθὰνατον

196 1514 313 1568 τοῦ
354 1519 906 1592 καταγγελλομένου.
943 1529 1004 1581 Εἰ
1039 1531 1133 1599 μὲν
1162 1532 1265 1601 γάρ
1294 1533 1472 1587 τοῦτον
1499 1539 1791 1609 ἐπικρυψά-

193 1623 393 1676 μενοι,
421 1609 515 1660 καὶ
544 1611 626 1681 μὴ
661 1615 1052 1684 ὁμολογοῦντες
1074 1624 1150 1685 εἰς
1178 1625 1377 1688 πάντας
1407 1622 1491 1680 οἷα
1513 1630 1604 1682 καὶ
1625 1633 1792 1686 ὁπόσα

189 1694 487 1746 πέπονθεν
522 1698 640 1750 ὑπὸ
686 1700 980 1768 Ἰουδαίων,
1014 1707 1080 1759 τά
1127 1710 1293 1779 σεμνά
1331 1711 1464 1780 μόνα
1499 1717 1589 1767 καὶ
1616 1716 1790 1783 ἔνδοξα

186 1787 627 1857 προσεκόμιζον
648 1807 664 1821 ·
699 1791 847 1860 λέγω
878 1795 931 1846 δὲ
970 1795 1065 1860 τὰς
1092 1796 1540 1871 θαυματουργίας,
1575 1806 1663 1858 καὶ
1695 1806 1788 1871 τὰς

1899 666 1961 704 ex
2016 652 2135 707 aliis
2186 653 2427 722 ejusdem
2479 654 2674 709 divinis
2720 659 2904 725 gestis,
2974 678 3213 718 veracem
3259 665 3410 719 illum

1900 739 1953 792 in
2003 739 2177 795 verbis
2232 742 2435 811 experti
2479 746 2709 798 essent?
2762 748 2903 816 quod
2935 751 3075 804 enim
3128 754 3307 810 verbis
3344 755 3411 808 i-l-

1897 828 1999 883 lius
2045 830 2339 893 crederent,
2397 834 2732 888 ratiocinanti
2793 837 2886 890 tibi
2941 840 3178 895 conﬁteri
3225 857 3411 898 neces-

1897 933 1955 973 se
1996 926 2096 974 est.
2143 920 2423 991 imperanti
2483 925 2622 978 enim
2671 926 2744 978 illi
2788 929 2967 983 nullus
3019 946 3123 985 non
3177 935 3404 1003 paruit;

1899 1008 2051 1079 137
2089 1010 2178 1066 sed
2205 1014 2444 1080 protinus
2473 1017 2831 1072 auscultantes
2852 1019 2993 1074 illius
3041 1024 3190 1075 nutui
3225 1039 3408 1092 quem-

1894 1098 2171 1152 admodum
2204 1102 2333 1169 ipsis
2367 1111 2686 1171 pratceptum
2716 1105 2910 1170 fuerat,
2935 1123 2998 1162 ac
3019 1109 3083 1162 de
3108 1111 3293 1178 patriis
3320 1128 3407 1170 se-

1893 1187 2048 1243 dibus
2091 1190 2157 1242 ad
2203 1207 2387 1247 omnes
2434 1204 2616 1262 gentes
2659 1197 2900 1264 profecti,
2932 1213 3088 1253 omne
3133 1200 3403 1256 hominum

1891 1292 2054 1346 genus
2098 1278 2412 1343 docuerunt,
2449 1283 2699 1353 brevique
2738 1294 2976 1354 tempore
3017 1288 3214 1344 intueri
3255 1293 3402 1348 licuit

1890 1369 2261 1436 respondentia
2293 1371 2467 1425 verbis
2500 1371 2657 1428 facta.
2699 1372 3047 1429 Praedicatum
3102 1378 3278 1447 itaque
3322 1389 3402 1436 est

1890 1455 1940 1508 in
1960 1458 2150 1525 exiguo
2179 1461 2429 1527 temporis
2464 1462 2634 1529 spatio
2665 1463 2716 1516 in
2748 1471 2858 1517 toto
2887 1467 3016 1521 orbe
3041 1464 3400 1537 Evangelium,

1888 1543 1943 1597 in
1992 1547 2347 1600 testimonium
2408 1551 2614 1605 cunctis
2657 1554 2932 1621 gentibus;
2979 1561 3030 1608 et
3083 1556 3294 1610 barbari
3348 1564 3403 1613 et

1888 1630 2054 1686 Graeci
2080 1650 2197 1703 quae
2228 1636 2292 1688 de
2325 1634 2453 1690 Jesu
2507 1639 2706 1707 scripta
2758 1650 2929 1704 erant,
2967 1644 3152 1711 patriis
3211 1645 3403 1703 litteris

1887 1724 2161 1792 patriaque
2220 1739 2346 1780 voce
2400 1738 2742 1797 exceperunt.
2800 1730 3079 1798 Caeterum,
3126 1737 3246 1802 quis
3292 1751 3400 1792 non

1887 1813 2074 1865 merito
2097 1813 2329 1883 ambigat
2363 1831 2601 1884 quaenam
2653 1819 2808 1872 fuerit
2855 1818 2981 1876 Jesu
3015 1822 3398 1892 discipulorum

186 1878 694 1944 πειραδοξοποιίας
730 1883 917 1949 αὐτοῦ,
946 1888 1042 1948 τάς
1081 1906 1139 1940 τε
1184 1891 1497 1961 φιλοσόφους
1542 1895 1773 1950 διδασκα-

1884 1900 2107 1954 docendi
2154 1878 2308 1967 ratio,
2341 1878 2463 1972 quis
2503 1908 2729 1962 modus?
2758 1907 3021 1980 -Nunquid
3074 1914 3127 1966 in
3153 1878 3398 1970 ‘mediam

185 1965 261 2015 λί
275 1981 339 2025 ας
387 1967 558 2019 αὑτοῦ
585 1984 600 1998 ·
640 1971 756 2022 οὐδ’
798 1971 968 2035 οὕτως
1008 1970 1074 2044 ἦν
1105 1978 1283 2040 αὐτοῖς
1329 1980 1549 2051 εὐχερὴς
1576 1984 1604 2034 δ
1634 1983 1784 2050 λόγος

186 2051 356 2120 πρὸς
376 2054 441 2132 “ab
466 2056 709 2125 ποιῆσαι
741 2059 935 2128 ῥᾳδίως
974 2066 1396 2130 συγκαταθέσθαι
1420 2071 1540 2132 τοὺς
1566 2071 1783 2127 ἀκούον-

182 2158 315 2203 ταις
346 2143 881 2215 ξενοθρωνουμένους,
921 2153 1009 2203 καὶ
1050 2153 1169 2224 ἄρτι
1195 2155 1403 2225 πρῶτον
1432 2158 1785 2225 ἐπακούοντας

186 2232 423 2285 κειινῶν
486 2237 762 2304 ῥημάτων
825 2239 916 2290 ὑπ’
977 2241 1179 2313 ἀνδρῶν
1236 2245 1382 2298 οὐδὲν
1442 2249 1784 2318 ἐπαγομένων

182 2323 534 2387 ἀξιόπιστον
561 2327 668 2396 τὴν
691 2326 800 2380 τῶν
830 2328 1127 2400 λεγομένων
1161 2336 1475 2405 μαρτυρίαν.
1510 2337 1650 2407 Πλὴν
1674 2339 1782 2392 ἀλλ’

183 2413 401 2473 ἑᾶτηξεν
428 2416 496 2467 ἂν
528 2416 907 2489 πιθανώτερον
931 2420 1179 2487 λέγεσθαι
1201 2423 1267 2475 τὰ
1299 2427 1570 2494 εἰρημένα.
1598 2428 1707 2481 Νῦν
1727 2430 1782 2482 δὲ

185 2503 341 2556 me
368 2504 466 2572 μὲν
495 2505 589 2556 τὸν
622 2507 1055 2577 πρεσϐευόμενον
1083 2511 1211 2563 Θεὸν
1241 2515 1296 2565 έν
1322 2514 1598 2584 ἀνθρώπου
1630 2535 1781 2586 γεγο-

210 2589 373 2643 νεναι
401 2591 641 2661 σώματι.
679 2594 775 2646 καὶ
807 2595 951 2646 οὐδὲν
978 2596 1102 2649 ἄλλο
1133 2600 1227 2669 τὴν
1260 2601 1414 2668 φύσιν
1438 2599 1571 2656 εἶναι
1599 2605 1777 2675 ῆΘεοῦ

229 2677 413 2746 Λόγοι,
441 2682 524 2734 διὸ
558 2683 658 2733 καὶ
689 2687 940 2749 τοιαύτας
970 2689 1252 2757 τεραστίας
1276 2689 1525 2760 δυνάμεις
1555 2711 1777 2766 πεποιη-

232 2769 376 2822 κέναι
404 2766 491 2823 οἷα
521 2772 693 2828 Θεόν·
721 2774 841 2826 τοτὲ
872 2776 928 2827 δὲ
960 2777 1165 2838 τούτοις
1197 2778 1447 2841 ἐναντίως
1477 2779 1653 2851 ὕϐρεις
1682 2785 1776 2836 αύ-

228 2858 321 2911 τδν
344 2862 429 2914 καὶ
461 2863 690 2933 ἀτιμίας
718 2865 1023 2935 ὑπομεῖναι,
1056 2869 1149 2919 καὶ
1191 2869 1338 2933 τέλος
1368 2871 1463 2941 τὴν
1505 2872 1776 2943 αἰσχίστην

231 2950 452 3014 καὶτοῖς
488 2954 714 3005 πάντων
743 2954 1042 3025 ἀνθρώπων
1068 2961 1509 3029 κακουργοτάτοις
1541 2964 1774 3034 ἐπηρτη-

226 3039 392 3109 μένην
420 3042 505 3094 διά
536 3044 778 3114 σταυροῦ
806 3047 1094 3116 τιμωρίαν,
1128 3050 1209 3112 τίς
1239 3051 1334 3102 οὐκ
1365 3052 1428 3106 ἂν
1458 3053 1530 3117 ὡς
1568 3055 1774 3107 ἐναντία

1883 1992 2149 2057 progressi
2171 1993 2458 2058 civitatem,
2489 1996 2680 2050 deinde
2704 2006 2908 2053 stantes
2938 2002 2994 2055 in
3019 2001 3153 2067 foro,
3185 2019 3399 2063 vocem-

1883 2093 1983 2146 que
2006 2083 2322 2146 attollentes,
2341 2087 2699 2141 convocabant
2721 2105 2812 2144 eos
2834 2092 2922 2159 qui
2955 2094 3315 2149 accedebant?
3342 2103 3396 2151 et

1881 2183 1997 2236 qua:
2021 2170 2230 2224 tandem
2264 2172 2369 2225 illis
2392 2175 2741 2232 concionandi
2774 2181 2927 2244 ratio,
2954 2183 3038 2235 cui
3061 2183 3273 2251 quidem
3301 2199 3393 2239 ve.

1881 2256 2100 2311 risimile
2131 2258 2201 2312 sit
2232 2261 2562 2317 auscultasse
2588 2266 2898 2322 audientes?
2928 2270 3193 2337 quomodo
3220 2278 3392 2327 autem

1881 2346 2338 2402 concionabantur
2369 2352 2471 2405 viri
2517 2356 2780 2411 sermonis
2826 2358 3079 2426 imperiti,
3108 2367 3161 2414 et
3209 2375 3395 2416 omnes

1879 2446 2122 2504 expertes
2142 2440 2495 2496 eruditionis?
2525 2445 2669 2511 atqui
2697 2462 2803 2500 non
2842 2449 3258 2513 multitudinem,
3301 2451 3395 2506 sed

1879 2525 2116 2593 singulos
2139 2527 2396 2583 adeuntes
2427 2531 2853 2600 alloquebantur.
2884 2537 2998 2601 Qua
3026 2539 3185 2608 igitur
3217 2546 3269 2593 et
3299 2554 3396 2594 cu-

1872 2617 2108 2685 jusmodi
2140 2618 2383 2673 oratione
2408 2621 2714 2685 utebantur,
2745 2626 3154 2682 utaudientibus
3176 2644 3396 2699 persua-

1876 2704 2095 2760 derent?
2140 2720 2246 2758 non
2304 2707 2442 2759 enim
2492 2724 2710 2776 parvum
2757 2712 2860 2766 illis
2912 2716 3239 2783 propositum
3279 2723 3396 2770 erat

1875 2806 2186 2859 certamen,
2239 2809 2343 2848 non
2400 2796 2865 2856 dissimulantibus
2919 2804 3228 2871 probrosam
3275 2806 3394 2874 ejus

1874 2892 2097 2939 mortem
2141 2901 2298 2955 quem
2341 2894 2401 2940 ut
2447 2886 2610 2942 Deum
2649 2893 3108 2946 commendabant.
3160 2892 3290 2946 Nam
3345 2895 3392 2948 si

1873 2974 2009 3028 hanc
2038 2975 2484 3038 dissimulassent,
2517 2992 2688 3046 neque
2721 2981 2899 3046 qualia
2937 2990 3241 3051 quantaque
3265 2999 3390 3052 pas-

1873 3074 1965 3115 sus
2013 3062 2082 3115 sit
2112 3077 2140 3114 a
2179 3061 2374 3116 Iudaeis
2425 3062 2562 3131 apud
2596 3080 2782 3120 omnes
2809 3068 3039 3123 confessi
3071 3077 3271 3131 essent,
3297 3071 3391 3125 sed

224 3130 485 3195 λεγόντων
529 3134 876 3188 κατέπτυσεν
905 3138 1160 3203 είκότως;
1187 3140 1278 3204 Τίς
1307 3141 1349 3193 δ’
1377 3141 1544 3205 οὕτως
1575 3144 1773 3213 ἠλίθιος

1875 3163 1988 3216 quin
2014 3149 2364 3203 reverentiam
2396 3130 2597 3203 homini
2638 3153 2965 3222 gloriamque
3020 3155 3295 3221 adderent,
3327 3172 3392 3211 ea

224 3219 481 3289 ὑπῆρχεν,
515 3223 592 3285 ὡς
620 3225 866 3295 εὐχερῶς
900 3227 1179 3281 πιστεῦσαι
1207 3228 1446 3298 λέγουσιν
1479 3233 1769 3304 ἑωρακέναι

226 3310 364 3376 μετὰ
385 3313 473 3363 τὸν
498 3312 735 3367 θάνατον
765 3317 828 3366 ὲκ
860 3318 1066 3387 νεκρῶν
1090 3317 1503 3385 άναὸεῦιωκότα,
1528 3322 1612 3374 τὸν
1642 3324 1769 3392 μηδὲ

218 3398 313 3448 ὅτε
338 3401 391 3451 ἐν
421 3401 587 3463 ζῶσιν
621 3399 691 3472 ἦν
734 3404 1012 3473 ἐπαμῦναι
1054 3406 1224 3476 ἑαυτῷ
1265 3408 1645 3479 δεδυνημένον;
1679 3411 1768 3475 Τίς

216 3486 284 3538 δὲ
312 3493 415 3553 τοῖς
448 3491 690 3554 ἰδιώταις
724 3496 817 3545 καὶ
844 3495 1108 3549 εὐτελέσιν
1153 3499 1374 3562 ἐκείνοις
1406 3500 1622 3571 ἐπείσθη
1657 3502 1768 3554 ποτ’

217 3575 297 3628 ἄν
319 3577 551 3645 λέγουσι,
597 3582 802 3651 χρῆναι
834 3584 942 3635 τῶν
987 3584 1083 3654 μὲν
1126 3586 1390 3657 πατρῴων
1436 3586 1568 3639 θεῶν
1610 3605 1771 3641 κατα-

220 3671 499 3740 φρονῆσαι,
542 3674 640 3725 καὶ
673 3673 886 3743 μωρίαν
923 3675 1016 3743 μὲν
1039 3674 1144 3728 τῶν
1180 3675 1239 3739 ἐξ
1270 3675 1460 3738 αἰῶνος
1498 3678 1771 3753 καταγνῶ-

218 3774 314 3809 ναι
340 3762 573 3825 πάντων,
604 3763 792 3831 μόνοις
816 3763 873 3815 δὲ
903 3764 1080 3828 αὐτοῖς
1114 3763 1386 3817 πείθεσθαι
1418 3766 1510 3816 καὶ
1539 3770 1645 3829 τοῖς
1669 3767 1770 3819 ὑπὸ

216 3847 318 3899 τοῦ
347 3851 749 3921 σταυρωθέντος
780 3852 1270 3923 παρηγγελμένοιςς
1302 3854 1483 3906 τοῦτον
1504 3857 1608 3925 γὰρ
1637 3852 1768 3909 εἶναι

217 3938 321 3990 τοῦ
351 3942 506 4011 μόνου
535 3943 635 3994 καὶ
673 3942 767 3993 ἐπὶ
799 3942 1012 3996 πάντων
1037 3942 1168 3995 Θεοῦ
1195 3944 1348 4013 μόνον
1382 3944 1652 4014 ἀγαπητὸν
1680 3947 1769 3999 καὶ

225 4034 480 4102 μονογενῆ
546 4031 745 4084 Παῖδα.
821 4030 958 4099 Ἐγὼ
1017 4032 1113 4100 μὲν
1176 4028 1267 4085 οῦν
1329 4032 1585 4097 ἐξετάζων
1642 4035 1767 4105 παρ’

221 4119 438 4189 ἐμαυτῷ
482 4109 798 4187 φιλαλήθως
847 4119 937 4171 τὸν
981 4119 1155 4186 λόγον,
1197 4119 1446 4189 οὐδεμίαν
1495 4121 1768 4190 πειστικὴν

156 4184 179 4201 ’⁵
221 4205 443 4278 δύναμιν
484 4211 543 4261 ὲν
590 4207 764 4278 αύτῷ,
807 4208 926 4260 οὐδέ
969 4226 1019 4260 τι
1064 4210 1276 4279 σεμνὸν,
1309 4209 1412 4261 οὐδ’
1445 4200 1764 4274 ἀξιόπιστον,

222 4297 340 4349 ἀλλ’
367 4301 484 4352 οὐδὲ
517 4300 747 4353 πιθανὸν
785 4300 862 4362 είς
896 4299 956 4351 τὸ
998 4299 1099 4352 κᾶν
1141 4300 1233 4352 ἕνα
1276 4299 1393 4352 τινὰ
1418 4300 1522 4351 τῶν
1553 4299 1767 4366 ἠλιθίων

222 4390 404 4442 πεῖσαι
433 4390 690 4443 δύνασθαι
723 4389 979 4460 εὑρίσκω.
1023 4389 1179 4442 Ἀλλά
1227 4390 1381 4442 πάλιν
1428 4390 1639 4460 ἀφορῶν
1689 4393 1766 4454 είς

1872 3237 1981 3291 sola
2011 3237 2356 3306 protulissent
2383 3255 2395 3290 :
2426 3237 2547 3291 dico
2581 3249 2753 3292 autem
2785 3241 3021 3311 prodigia
3057 3251 3109 3297 et
3135 3244 3391 3297 miracula

1872 3327 1938 3379 ab
1968 3328 2059 3380 illo
2088 3327 2251 3390 edita,
2285 3344 2490 3383 necnon
2531 3329 2896 3398 philosophica
2941 3332 3181 3400 ejusdem
3220 3334 3387 3388 docu-

1826 3426 1833 3429 ‘
1872 3424 2045 3466 menta
2083 3433 2095 3467 :
2130 3429 2194 3467 ne
2242 3416 2320 3468 sic
2366 3417 2577 3484 quidem
2606 3416 2712 3468 illis
2743 3416 2938 3469 exitum
2983 3418 3210 3470 celerem
3240 3418 3388 3472 inve-

1871 3504 2039 3556 nisset
2069 3503 2258 3565 oratio,
2297 3512 2353 3556 ut
2396 3504 2551 3558 facile
2588 3519 2906 3559 consensum
2936 3504 3262 3557 audientium
3294 3506 3391 3559 eli-

1870 3599 2083 3658 cerent;
2114 3593 2205 3661 qui
2229 3593 2439 3661 quidem
2463 3594 2740 3647 audientes
2775 3593 2946 3646 aliena
2972 3593 3152 3661 lingua
3176 3593 3391 3647 uteban-

1872 3688 1974 3741 tur,
2004 3695 2066 3732 ac
2109 3687 2238 3733 tunc
2266 3680 2494 3750 primum
2546 3681 2613 3735 ab
2644 3681 2946 3735 hominibus
2983 3681 3114 3733 nihil
3158 3679 3258 3735 ﬁde
3305 3681 3389 3736 di-

1871 3783 2029 3837 gnum
2057 3769 2420 3834 atl‘erentibus,
2457 3770 2693 3823 inaudita
2722 3770 2821 3823 sibi
2853 3771 2997 3839 prius
3024 3773 3183 3823 verba
3213 3771 3375 3839 perci-

1874 3860 2108 3928 piebant,
2140 3858 2207 3913 ad
2236 3874 2297 3912 ea
2328 3875 2444 3929 quae
2472 3858 2548 3912 illi
2577 3859 2815 3913 dicerent
2845 3858 3256 3927 comprobanda.
3291 3858 3391 3914 Ve-

1871 3958 2165 4002 rumtamen
2198 3949 2242 4004 si
2283 3951 2410 4004 talia
2444 3950 2725 4012 dixissent,
2758 3950 3030 4018 aliquanto
3063 3950 3390 4018 probabilius

1870 4038 2046 4092 dicere
2076 4040 2172 4093 visi
2198 4047 2398 4094 essent.
2436 4038 2588 4092 Nunc
2621 4047 2798 4092 autem
2826 4040 2948 4093 cum
2979 4038 3218 4093 dicerent
3241 4039 3388 4092 illum

1869 4143 2024 4196 quem
2057 4137 2113 4182 ut
2160 4129 2323 4183 Deum
2371 4129 2836 4187 commendabant,
2870 4128 3029 4182 modo
3078 4129 3132 4181 in
3164 4144 3389 4198 corpore

1868 4220 2100 4272 humano
2117 4226 2407 4280 versatum,
2446 4219 2684 4288 nihilque
2715 4218 2858 4271 aliud
2888 4225 3080 4271 natura
3111 4233 3269 4287 quam
3296 4217 3389 4272 Dei

1869 4303 2101 4360 Verbum
2127 4322 2265 4371 esse,
2290 4308 2541 4376 quocirca
2590 4306 2750 4362 etiam
2785 4306 2912 4359 talia
2962 4309 3222 4363 miracula
3270 4315 3389 4360 tan,

1867 4412 2024 4467 quam
2056 4398 2219 4453 Deum
2261 4401 2418 4455 edere
2449 4402 2707 4470 potuisse,
2747 4402 2905 4454 modo
2959 4400 3043 4455 his
3097 4399 3388 4461 contraria,

220 4486 325 4546 την
348 4481 435 4532 τοῦ
458 4480 619 4547 λόγου
649 4479 876 4549 δύναμιν
905 4479 980 4541 ὼς
1014 4479 1179 4550 μυρία.
1206 4478 1379 4550 πλήθη
1406 4480 1651 4542 πέπεικε,
1677 4481 1768 4532 καὶ

1875 4488 2090 4556 injurias
2122 4489 2269 4541 illum
2326 4490 2782 4559 contumeliasque
2818 4490 3040 4553 tulisse,
3070 4496 3123 4543 et
3160 4489 3391 4556 denique

222 4566 309 4629 ὼς
344 4571 675 4640 συνέστησαν
730 4569 1047 4639 μυρίανδροι
1091 4569 1397 4638 Ἐκκλησίαι
1432 4571 1562 4640 πρὸς
1596 4570 1769 4622 αὐτῶν

222 4653 436 4710 ὲλείνων
477 4658 585 4709 τῶν
632 4656 1027 4708 εὐτελεστάτων
1058 4657 1149 4708 καὶ
1177 4657 1444 4726 ἀγροίκων
1469 4658 1557 4709 τοῦ
1601 4655 1768 4727 Ἰησοῦ

228 4746 495 4815 μαθητῶν,
541 4750 646 4800 οὐκ
693 4749 750 4798 ὲν
797 4746 1009 4815 ἀδήλοις
1041 4763 1139 4797 που
1185 4747 1276 4799 καὶ
1317 4747 1537 4814 ἀφανέσι
1567 4750 1765 4814 τόποις,

225 4832 334 4885 ἀλλ’
356 4839 411 4889 ὲν
453 4840 578 4899 ταῖς
612 4837 847 4906 μάλιστα
876 4836 1355 4905 διαπρεπεστάταις
1384 4835 1592 4888 πόλεσιν
1624 4836 1766 4907 ἱδρυα

222 4919 409 4989 θεῖσαι,
437 4928 528 4978 ἐπ’
558 4927 731 4994 αὐτῆς
762 4925 906 4991 λέγω
932 4925 1024 4993 τῆς
1067 4924 1345 4993 Ῥωμαίων
1375 4924 1762 4995 βασιλευούσης,

215 5010 309 5059 ὶπί
336 5031 391 5066 τε
415 5016 515 5084 τῆς
563 5012 961 5081 Ἀλεξανδρέων
1007 5012 1097 5064 καὶ
1142 5011 1466 5080 Ἀντιοχέων,
1496 5014 1612 5065 καθ’
1641 5014 1763 5084 ὅλης

204 5110 271 5146 τε
302 5104 399 5171 τῆς
420 5103 704 5170 Αἰγύπτου
730 5102 827 5152 καὶ
848 5099 1064 5163 Λιϐύης,
1086 5099 1350 5168 Εύρὼπης
1366 5115 1423 5150 τε
1441 5102 1531 5152 καὶ
1562 5102 1759 5166 Ἀσίας,

192 5183 257 5233 εν
307 5210 363 5246 τε
395 5194 624 5262 κώμαις·
663 5206 726 5241 τε
776 5191 871 5241 καὶ
910 5188 1106 5259 χώραις
1149 5190 1240 5241 καὶ
1281 5189 1542 5252 παντοίοις
1572 5190 1760 5253 ἔθνεσι,

176 5268 362 5336 πάλιν
409 5282 473 5345 ἐξ
526 5281 786 5345 ἀνάγκης
841 5278 1144 5347 ἀνατρέχειν
1190 5273 1502 5343 ὲκὸιάζομαι
1544 5278 1633 5331 ἐπὶ
1668 5280 1762 5350 τὴν

175 5353 301 5422 ἠιξ
323 5372 493 5423 αἰτίου
539 5370 808 5438 ζήτησιν,
846 5365 935 5416 καὶ
974 5364 1339 5433 συνομολογεῖν
1377 5364 1445 5431 μὴ
1475 5365 1638 5430 ἄλλως
1669 5371 1761 5421 αὐ-

205 5449 342 5519 toﬁ;
371 5457 799 5529 κεκρατηκέναι
832 5452 922 5503 τοῦ
955 5454 1287 5522 τολμήματος
1329 5449 1362 5518 ἢ
1392 5451 1626 5525 θειοτέρα
1672 5460 1762 5511 καὶ

1872 4578 2370 4646 probrosissimum,
2431 4588 2483 4634 et
2535 4581 2771 4634 omnium
2829 4581 3103 4635 hominum
3138 4581 3391 4645 ,scelera-

1869 4667 2092 4720 tissimis
2124 4668 2330 4737 injungi
2363 4670 2579 4723 solitum
2633 4670 2816 4724 crucis
2859 4669 3177 4737 supplicium
3212 4684 3224 4719 :
3264 4666 3389 4734 quis

1867 4771 1971 4809 non
2020 4757 2209 4809 merito
2238 4758 2358 4811 illos
2391 4763 2448 4810 ut
2498 4759 2770 4811 contraria
2817 4757 2923 4825 sibi
2964 4758 3097 4824 ipsis
3150 4756 3392 4809 dicentes

1865 4843 2332 4910 delusissetlQuis
2374 4854 2550 4900 autem
2594 4861 2763 4914 usque
2794 4845 2926 4898 adeo
2965 4843 3148 4896 fatuus
3179 4842 3387 4906 fuisset,

1866 4940 1924 4984 ut
1955 4930 2111 4985 facile
2158 4934 2399 4987 crederet
2439 4934 2744 4989 dicentibus
2774 4940 2932 4999 atque
2980 4930 3389 4992 afﬁrmantibus,

1862 5019 2059 5072 vidisse
2087 5034 2145 5072 se
2169 5027 2288 5087 post
2319 5028 2540 5074 mortem
2578 5022 2725 5075 illum
2751 5036 2781 5074 a
2811 5018 3047 5074 mortuis
3087 5019 3313 5075 rediisse
3330 5034 3395 5073 ac

1862 5107 2138 5171 revixisse,
2164 5107 2254 5175 qui
2284 5121 2351 5159 ne
2385 5115 2511 5160 tunc
2530 5110 2743 5178 quidem
2769 5105 3064 5171 cum~apud
3084 5106 3232 5160 vivos
3256 5114 3399 5161 esset

1863 5197 2092 5264 seipsum
2120 5196 2282 5248 tutari
2313 5196 2611 5264 potuisset?
2635 5195 2793 5265 138
2817 5191 2951 5257 Quis
2972 5208 3111 5248 vero
3144 5194 3404 5263 imperitis

1863 5284 1987 5347 illis,
2019 5292 2176 5353 atque
2208 5283 2527 5354 ignobilibus
2578 5297 2816 5353 unquam
2873 5284 3158 5349 paruisset
3185 5281 3410 5336 dicenti-

1858 5374 1979 5438 bus,
2027 5381 2272 5443 oportere
2321 5371 2450 5427 deos
2505 5375 2719 5443 quidem
2771 5370 2984 5440 patrios
3045 5379 3412 5431 contemnere,

1858 5472 1910 5517 ct
1941 5464 2219 5518 stultitiam
2243 5463 2504 5529 omnium,
2531 5466 2622 5536 qui
2648 5475 2899 5531 unquam
2929 5460 2994 5511 ab
3032 5461 3205 5512 initio
3231 5457 3416 5508 huma-

233 5540 350 5612 ὺπέρ
377 5548 687 5616 ἄνθρωπον
719 5537 951 5605 δυνάμει
980 5541 1065 5591 καὶ
1099 5537 1355 5607 συνεργίᾳ
1384 5538 1473 5590 τοῦ
1504 5544 1762 5611 φήσαντος

232 5631 398 5700 αὐτοῖς.
437 5657 458 5688 ε
492 5626 931 5698 Μαθητεύσατε
952 5631 1112 5680 πάντα
1136 5626 1205 5678 τά
1236 5626 1358 5696 ἔθνη
1382 5628 1436 5679 ἐν
1457 5630 1529 5698 τῷ
1549 5632 1760 5703 ὀνόματί

233 5737 326 5788 μισ).
354 5750 368 5782 ι
416 5726 607 5781 ’ί-ὀῦτο
642 5718 696 5771 δ’
746 5710 857 5767 οὖν
888 5715 1033 5770 εἰπὼν
1069 5714 1389 5784 ἑπισυνῆψεν
1424 5718 1755 5791 ἐπαγγελίαν,

1859 5554 1911 5606 ni
1944 5554 2153 5622 generis
2195 5552 2438 5617 fuissent,
2472 5556 2732 5610 damnare
2774 5570 2789 5604 :
2822 5549 2956 5603 solis
2984 5563 3145 5601 vero
3185 5544 3283 5599 sibi
3331 5556 3424 5634 pa-

1861 5655 1996 5703 ῒθΐθ,
2026 5645 2074 5691 ει
2111 5639 2177 5692 iis
2209 5654 2326 5706 quae
2361 5644 2651 5698 crucitixus
2690 5634 3103 5708 praecepisset?
3133 5633 3280 5684 hunc
3296 5633 3432 5678 enim

1860 5741 1977 5781 esse
2039 5726 2204 5780 solius
2264 5732 2499 5797 supremi
2556 5730 2650 5786 Dei
2703 5725 2897 5782 solum
2951 5721 3239 5774 dilectum
3291 5721 3439 5775 θυμω
