3862 6318
899 336 1001 390 253

1537 337 1799 394 EUSEBll
1828 340 2292 396 CAESARIENSIS
2328 341 2471 396 OPP.
2511 342 2686 395 PARS
2722 341 2784 395 ll.
2823 373 2891 382 —
2926 342 3429 399 APOLOGETICA.

900 454 1111 506 unitum
1146 448 1356 501 Filium.
1393 446 1531 505 Sane
1551 456 1675 506 dum
1700 470 1797 524 ego
1829 471 2035 510 mecum
2063 456 2241 510 studio
2274 457 2415 511 veri-

1929 471 2035 509 :um
2063 456 2241 510 studio
2274 457 2415 511 veri-
2447 468 2489 522 Α
2516 458 2580 510 δι’
2646 455 2711 529 ἧς
2760 457 2975 527 ἔμελλον
3029 460 3347 528 ἐπιραρῤεῖν
3421 472 3454 506 κ

896 544 1023 595 tatis
1063 539 1284 607 hujusce
1328 540 1403 594 rei
1452 542 1712 597 rationem
1758 545 1995 613 exploro,
2025 546 2222 598 nullam
2261 545 2415 614 plane

895 630 952 684 in
983 644 1044 684 ea
1090 628 1196 682 vim
1241 628 1308 683 ad
1368 631 1699 698 probandum
1746 634 2010 697 idoneam,
2038 649 2207 704 neque
2254 650 2414 705 grave

891 717 1179 788 quidquam
1212 724 1303 771 aut
1335 718 1436 771 lide
1484 719 1700 789 dignum
1751 721 1982 785 invenio,
2019 737 2081 777 ac
2127 738 2193 776 ne
2223 723 2416 792 proba-

890 811 994 865 bile
1027 809 1242 879 quidem
1284 826 1454 880 usque
1482 812 1634 877 adeo,
1674 822 1734 866 ut
1772 814 1974 868 fatuum
2008 814 2192 869 saltem
2222 828 2410 882 quem-

888 899 1028 969 piam
1075 899 1151 952 illi
1181 901 1236 954 in
1273 915 1424 955 suam
1463 903 1778 957 sententiam
1813 903 2023 958 trahere
2054 908 2291 972 possent.
2344 901 2411 954 At

888 1003 1096 1052 rursus,
1129 988 1253 1042 dum
1282 989 1348 1043 ad
1380 988 1550 1060 ipsius
1579 993 1723 1047 verbi
1755 993 2045 1062 potentiam
2073 992 2321 1061 respicio,
2354 1000 2410 1044 ut

886 1076 1366 1133 innumerabilibus
1394 1078 1666 1133 hominum
1689 1081 2039 1138 conventibus
2060 1078 2406 1150 persuaserit.

2522 546 2668 599 δόναι
2722 549 2856 612 σφᾶς
2889 550 3078 610 αὐτοὺς
3106 552 3219 610 τοῖς
3251 560 3460 613 παρηγ

2517 637 2694 699 αὐτοῖς
2718 654 2730 666 ·
2769 656 2785 688 ι
2817 638 2924 688 Καὶ⁵
2957 638 3060 689 ἰδοὺ
3087 639 3198 702 ἐγὼ
3234 636 3356 706 μεθ’
3411 635 3460 701 ὑί

2517 726 2722 795 ἡμέρας
2758 725 2862 788 ἕως
2883 726 2981 794 τῆς
3010 726 3320 787 συντελείας
3350 723 3453 775 τοῦ

2516 812 2819 881 Πνεύματος
2865 813 3044 875 αὐτοῖς
3095 812 3411 881 ἐμπνεῦσαι

2513 908 2605 959 καὶ
2649 907 2869 977 δύναμιν
2912 908 3089 968 αὐτοῖς
3136 905 3323 957 ἔνθεον
3373 904 3460 955 ita”

2513 996 2806 1065 ποιηκέναι,
2825 996 2942 1047 τοτὲ
2968 995 3062 1065 μὲν
3088 995 3290 1062 φήσας-ο
3323 1011 3342 1041 ι
3380 992 3460 1043 Λά

2511 1087 2628 1137 τοτὲ
2655 1086 2708 1137 δὲ
2740 1084 2901 1137 εἰπών
2921 1101 2934 1114 ’
2976 1103 2994 1134 ‹
3043 1080 3446 1141 Ἀσθενοῦντας

883 1174 1044 1236 atque
1085 1175 1141 1220 ut
1185 1166 1252 1221 ab
1277 1168 1410 1237 ipsis
1456 1169 1561 1223 illis
1596 1170 1996 1238 ignobilissimis
2032 1178 2084 1223 ct
2108 1171 2407 1240 agrestibus

1934 1171 1996 1225 Iis
2032 1178 2084 1223 ct
2108 1171 2407 1240 agrestibus
2511 1172 2851 1243 καθαρίζετε,
2897 1172 3151 1241 δαίμονας
3202 1169 3459 1222 ἐκϐάλλει

879 1255 1004 1311 Jesu
1026 1257 1322 1328 discipulis,
1349 1260 1803 1316 numerosissimae
1833 1258 2082 1315 Ecclesia:
2104 1262 2407 1316 constitutae
2509 1260 2711 1328 δωρεὰν
2739 1260 2872 1312 δότε.
2911 1279 2928 1309 ι

881 1345 1008 1411 sin‘t,
1041 1363 1144 1403 non
1171 1349 1222 1402 in
1246 1350 1559 1417 quibusdam
1586 1351 1782 1421 ignotis
1809 1359 1967 1419 atque
2014 1351 2257 1405 obscuris
2283 1351 2437 1416 locis,
2477 1351 2570 1404 sed
2630 1349 2680 1402 in
2734 1348 3044 1403 clarissimis
3088 1348 3415 1402 civitatibus

879 1451 1060 1506 quam,
1109 1439 1332 1493 aliarum
1381 1439 1590 1493 urbium
1643 1440 1849 1508 regina,
1886 1439 2127 1495 Romana
2167 1441 2317 1503 urbe,
2354 1440 2409 1493 in
2446 1439 2820 1502 Alexandrina,
2887 1439 2945 1492 in
2989 1438 3374 1501 Antiochensi,
3433 1454 3459 1506 ι

878 1542 940 1582 ac
973 1524 1209 1596 Lyciam,
1242 1544 1338 1598 per
1375 1528 1638 1599 Europam
1695 1538 1855 1600 atque
1895 1531 2096 1595 Asiam,
2156 1533 2208 1585 in
2271 1532 2403 1586 vicis
2431 1538 2483 1585 et
2520 1531 2843 1599 regionibus,
2875 1528 3126 1597 omnique
3170 1528 3341 1583 modo
3407 1543 3460 1581 v:

876 1634 1041 1690 cogor
1083 1627 1402 1678 necessitate
1433 1624 1680 1692 quadam,
1721 1624 1787 1677 ad
1825 1625 1993 1694 ipsius
2043 1625 2119 1678 rei
2176 1639 2392 1679 causam
2432 1622 2800 1693 inquirendam
2834 1636 3132 1684 recurrere,
3204 1620 3459 1690 faterith

875 1711 1086 1770 facinus
1115 1723 1219 1769 tam
1252 1715 1426 1769 audax
1484 1717 1800 1779 obtinuisse,
1837 1732 1994 1786 quam
2029 1717 2275 1772 diviniori
2340 1717 2567 1786 quadam
2618 1718 2875 1785 longeque
2931 1714 3219 1768 humanam
3245 1729 3460 1783 supera

873 1815 1033 1876 atque
1088 1808 1287 1861 auxilio
1342 1806 1509 1871 illius,
1569 1809 1660 1876 qui
1695 1808 1941 1863 dixerat:
1977 1829 1994 1860 ι
2032 1808 2224 1864 Docete
2253 1824 2439 1864 omnes
2474 1815 2657 1877 gentes
2711 1808 2765 1861 in
2796 1807 3008 1862 nomine
3039 1821 3179 1860 meo.
3216 1824 3235 1855 ι
3273 1804 3460 1873 Siquit

872 1904 975 1961 set,
1027 1898 1268 1967 adjunxit
1323 1898 1664 1967 promissum,
1718 1914 1822 1967 quo
1889 1907 2067 1954 essent
2124 1899 2391 1968 accepturi
2429 1899 2826 1962 conﬁdentiam,
2861 1905 2914 1951 et
2950 1902 3194 1966 prompte
3260 1895 3460 1948 traditi

870 1987 1182 2042 denuntiata
1229 1988 1363 2058 ipsis
1411 1990 1660 2055 fuerant;
1702 1989 1836 2043 dixit
1895 1988 2056 2057 igitur
2105 1989 2172 2043 ad
2225 1990 2388 2044 illus:
2433 2008 2451 2039 ι
2493 1988 2556 2041 Et
2583 2003 2707 2042 ecce
2764 2002 2862 2056 ego
2926 1986 3203 2040 vobiscum
3238 2000 3369 2038 sum
3406 2000 3460 2036 οι

870 2079 1382 2135 consummationem
1418 2081 1681 2135 saeculi".
1747 2100 1766 2132 ι
1816 2080 1955 2145 Quin
1991 2081 2150 2133 etiam
2187 2079 2392 2134 amasse
2428 2079 2548 2131 illos
2605 2077 2784 2131 divino
2814 2076 3016 2145 Spiritu
3047 2076 3270 2138 dicitur,
3345 2092 3455 2129 nec

868 2166 1012 2232 dam,
1042 2175 1095 2221 et
1144 2182 1249 2241 qua
1278 2183 1365 2222 res
1385 2168 1726 2223 admirabiles
1781 2167 2067 2232 edicerent,
2103 2168 2388 2237 potentiam
2424 2167 2529 2220 illis
2560 2170 2918 2236 ingenerasse,
2954 2180 3098 2218 nunc
3126 2166 3353 2234 quidem
3389 2169 3454 2220 ill

868 2260 977 2328 pite
1022 2258 1277 2330 Spiritum
1345 2271 1586 2315 sanctum
1638 2261 1686 2293 ⁸⁸
1714 2299 1730 2324 ,
1806 2279 1824 2311 ι
1889 2276 2030 2314 nunc
2084 2274 2212 2315 vero
2250 2260 2379 2314 illud

866 2350 1064 2421 ejicite,
1095 2352 1261 2421 gratis
1280 2351 1584 2420 accepistis,
1609 2352 1775 2421 gratis
1794 2350 1915 2406 date
1929 2352 1995 2402 ⁸³.
2027 2370 2046 2402 ›

2441 2276 2455 2313 :
2503 2278 2519 2307 α
2558 2258 2799 2312 Inﬁrmus
2851 2266 3053 2321 curate,
3121 2257 3376 2327 leprosos
3453 2276 3460 2313 ι

934 2440 1096 2496 Vides
1130 2441 1293 2507 igitur
1318 2443 1430 2508 jam
1477 2448 1536 2494 tu
1578 2456 1809 2509 quoque,
1847 2456 2077 2510 quonam
2114 2440 2271 2497 modo
2302 2456 2392 2494 su-
2423 2441 2459 2499 Ε

1934 2456 2077 2495 mam
2114 2440 2271 2497 modo
2302 2456 2392 2494 su-
2423 2441 2468 2499 Β
2564 2437 2794 2505 Συνορᾷς
2829 2434 3107 2505 τοιγαροῦν
3158 2436 3255 2488 καὶ
3286 2438 3459 2500 αὐτὸς

864 2529 1129 2596 peraverit
1162 2527 1369 2580 illorum
1389 2528 1524 2580 ratio
1546 2528 1789 2596 :quando
1821 2530 1980 2581 etiam
2010 2528 2164 2589 liber,
2188 2527 2395 2596 quiAc-

865 2628 918 2670 ta
931 2618 1143 2670 illorum
1172 2616 1425 2677 continet,
1444 2617 1766 2673 conveniens
1788 2616 1870 2670 his
1902 2624 1954 2670 et
1977 2625 2391 2669 consentaneum

866 2701 1067 2772 profert
1091 2700 1494 2755 testimonium:
1535 2703 1623 2756 ubi
1663 2704 1763 2771 ipsi
1789 2717 1999 2771 quoque
2034 2710 2393 2756 memorantur

865 2793 979 2862 ipsa
1012 2809 1191 2852 rerum
1234 2791 1627 2847 admirabilium
1666 2791 1944 2845 ellicientia
1970 2832 1985 2857 ,
2026 2806 2183 2861 quam
2232 2792 2394 2846 bene-

862 2882 981 2937 ficio
1057 2883 1292 2940 nominis
1320 2882 1448 2940 Jesu
1511 2882 1859 2944 obtinebant,
1923 2896 2017 2937 eos
2072 2882 2162 2950 qui
2225 2884 2390 2935 inter-

859 2978 1014 3025 erant
1098 2982 1258 3040 atque
1333 2971 1647 3040 Spectabant
1725 2970 1980 3025 attonitos
2070 2970 2385 3026 reddidisse.

865 3061 1022 3130 139
1046 3059 1283 3115 Primum
1310 3061 1451 3116 enim
1491 3061 1779 3116 verisimile
1803 3068 1905 3125 est,
1951 3076 2043 3115 eos
2068 3060 2158 3130 qui
2201 3076 2388 3116 cerne-

859 3152 1011 3215 bant,
1043 3151 1205 3206 rebus
1235 3151 1367 3221 ipsis
1398 3161 1452 3206 et
1479 3150 1635 3206 factis
1667 3153 1722 3203 in
1751 3162 2019 3220 stuporem
2048 3151 2113 3203 ab
2140 3151 2246 3206 illis
2269 3143 2386 3206 eSse

858 3251 1167 3302 conversos,
1217 3237 1292 3290 ita
1337 3238 1528 3292 deinde
1570 3239 1785 3293 eosdem
1814 3240 2017 3294 alacres
2049 3246 2384 3309 comparatos

856 3328 922 3381 ad
948 3327 1402 3398 interrogandum,
1424 3329 1671 3397 quisnam
1701 3329 1789 3382 ille
1817 3336 1980 3392 esset,
2011 3328 2164 3396 cujus
2191 3329 2385 3383 virtute

854 3426 907 3473 et
939 3418 1153 3474 nomine
1196 3420 1513 3474 miraculum
1541 3419 1785 3474 ell‘ectum
1829 3427 1988 3474 esset.
2042 3419 2243 3474 Deinde
2289 3419 2382 3473 do—

853 3510 1024 3565 cendo
1065 3511 1225 3566 iidem
1273 3511 1341 3565 ab
1413 3510 1599 3567 iisdem
1653 3506 2179 3581 deprehendebantur
2245 3511 2378 3575 ﬁde,

855 3603 1091 3667 ipsorum
1140 3600 1437 3655 doctrinam
1482 3603 1833 3656 antevenisse.
1874 3598 1991 3654 Non
2032 3601 2174 3654 enim
2204 3600 2380 3655 verbis

853 3690 1116 3758 persuasi,
1150 3691 1245 3745 sed
1278 3691 1439 3747 rebus
1465 3699 1519 3746 et
1547 3690 1704 3745 factis
1748 3692 2020 3760 praeventi,
2052 3689 2118 3742 ad
2149 3690 2203 3743 id
2236 3690 2378 3759 quod

2493 2528 2557 2580 δι’
2583 2527 2754 2579 αὐτῶν
2778 2526 2928 2592 λόγος
2947 2543 2959 2552 ”
2992 2527 3112 2578 ἐπεὶ
3139 2528 3235 2578 καὶ
3275 2528 3460 2581 αὐτῶν

2492 2614 2621 2679 ξεων
2649 2615 2848 2684 συνῳδὰ
2888 2614 3092 2677 τούτοις
3135 2616 3231 2668 καὶ
3274 2617 3460 2689 σύμφι

2494 2701 2818 2770 ἱστοροῦνται
2860 2702 2951 2753 καὶ
2982 2703 3133 2754 αὐτώ⁹
3175 2708 3241 2773 τῇ
3275 2707 3392 2759 τῶν
3443 2726 3460 2760 1

2487 2789 2553 2840 δι’
2600 2789 2851 2858 ὀνόματος
2881 2791 2972 2841 τοῦ
3032 2791 3205 2860 Ἰησοῦ
3252 2795 3398 2864 πρὸς
3451 2816 3460 2848 ι

2487 2879 2608 2939 τοὺς
2685 2877 2955 2946 παρόντας
3025 2881 3118 2931 καὶ
3193 2883 3324 2945 τοὺς
3402 2883 3460 2936 θε

2500 2965 2837 3035 Ἐξέπληττον
2891 2967 3016 3036 γὰρ,
3079 2970 3152 3031 ὡς
3202 2973 3377 3036 εἰκὸς,
3437 2977 3460 3029 ἐ

2487 3054 2780 3124 θεωμένους
2841 3057 3095 3127 πρότερον
3118 3077 3131 3089 ·
3180 3057 3281 3114 εἴθ’
3312 3064 3460 3118 οὖτα

2484 3146 2675 3207 αὐτοὺς
2724 3147 2813 3197 ἐπὶ
2842 3146 2901 3198 τὸ
2925 3148 3321 3216 φιλοπευστεῖν,
3354 3155 3449 3217 τίς

2481 3235 2698 3305 δυνάμει
2738 3237 2827 3287 καὶ
2858 3239 3196 3310 προσηγορίᾳ
3224 3242 3287 3294 τὸ
3323 3241 3460 3319 θᾳῦι

2479 3326 2757 3387 δάσκοντες
2807 3326 3059 3396 ηὕρισκον
3111 3334 3177 3401 τῇ
3225 3333 3418 3387 πίστει

2479 3415 2652 3468 αὐτῶν
2689 3415 3047 3469 διδασκαλίαν.
3090 3420 3163 3470 Οὐ
3208 3420 3321 3491 γὰρ
3350 3428 3460 3486 τοῖς

2477 3505 2608 3557 ἀλλὰ
2621 3508 2728 3568 τοῖς
2751 3505 2927 3576 ἔργοις
2960 3510 3460 3581 προσκαταληφθέν

2475 3612 2535 3647 το
2594 3595 2689 3665 τὴν
2723 3598 2779 3659 ὲν
2810 3599 2919 3658 τοῖς
2967 3596 3140 3665 λόγοις
3171 3599 3445 3657 διάθεσιν.

2475 3685 2610 3748 τινὲς
2660 3685 2941 3754 βουθυσίας
2990 3689 3082 3740 καὶ
3131 3692 3366 3757 σπονδὰς
3415 3699 3460 3748 ὠ

850 3777 1026 3830 verbis
1059 3776 1192 3845 ipsis
1223 3777 1572 3833 obtinendum
1602 3787 1735 3841 erat,
1780 3778 1962 3832 faciles
1994 3778 2375 3847 comparaban-

1936 3794 1962 3831 s
1994 3778 2376 3847 comparaban-
2399 3766 2440 3821 C
2471 3781 2580 3839 τοῖς
2601 3778 2691 3829 τοῦ
2730 3779 2897 3848 Ἰησοῦ
2926 3786 3367 3855 προσαγηοχὲναι
3388 3806 3402 3818 ·
3448 3808 3459 3843 :

851 3872 957 3918 tur.
974 3863 1090 3917 Jam
1108 3864 1308 3919 idcirco
1325 3867 1579 3921 dicuntur
1607 3868 1879 3922 nonnullis
1907 3867 2037 3935 ipsis
2069 3866 2194 3921 Jesu
2219 3866 2375 3922 disci-

849 3952 989 4020 pulis
1020 3963 1270 4022 tanquam
1298 3955 1365 4010 iis
1386 3957 1478 4024 qui
1510 3956 1582 4010 dii
1611 3963 1791 4012 essent
1814 3957 2058 4010 victimas
2088 3964 2141 4011 et
2164 3957 2375 4011 libatio-

850 4059 944 4098 nes
973 4044 1252 4109 obtulisse,
1288 4052 1340 4098 et
1368 4047 1530 4099 alium
1559 4047 1773 4114 quidem
1801 4061 1865 4099 ex
1895 4046 2001 4100 illis
2032 4045 2370 4107 Mercurium,

846 4134 1010 4188 alium
1041 4149 1166 4188 vero
1192 4133 1375 4189 Jovem
1407 4136 1765 4197 existimasse,
1798 4151 1968 4204 usque
2008 4136 2141 4191 adeo
2161 4137 2373 4190 illorum

846 4232 1053 4279 mentes
1082 4231 1299 4292 stupore
1328 4225 1575 4280 affecerat
1612 4227 1725 4296 ipsa
1755 4226 2131 4279 miraculorum
2159 4226 2375 4281 eviden-

846 4316 955 4379 tia;
990 4328 1054 4368 ac
1066 4316 1313 4383 protinus
1342 4315 1415 4367 ita
1431 4314 1634 4370 affectis
1664 4317 2018 4381 auditoribus,
2045 4331 2373 4386 quaecunque

841 4406 917 4460 illi
963 4405 1029 4459 de
1060 4403 1185 4460 Jesu
1216 4406 1534 4459 nuntiabant
1578 4407 1768 4460 merito
1803 4423 1929 4461 vera
1986 4422 2106 4462 esse
2149 4409 2371 4476 posthac

839 4494 1232 4561 censebantur;
1260 4494 1508 4562 illiusque
1541 4502 1661 4563 post
1688 4503 1909 4548 mortcm
1941 4496 2170 4549 reditum
2201 4496 2254 4549 in
2292 4497 2369 4551 vi-

838 4594 987 4647 tam,
1049 4600 1157 4638 non
1208 4584 1538 4653 simplicibus
1582 4592 1739 4652 atque
1803 4586 2366 4642 iudemonstrabilibus

841 4675 1018 4729 verbis
1049 4674 1494 4749 testificabantur,
1527 4675 1621 4728 sed
1654 4677 1765 4743 ipsa
1793 4674 2056 4730 factorum
2100 4678 2367 4732 evidentia

840 4758 1284 4833 comprobabant;
1309 4765 1506 4833 quippe
1532 4779 1651 4818 cum
1682 4765 1905 4820 viventis
1935 4767 2078 4821 illius
2112 4768 2251 4821 facta
2276 4769 2366 4822 de-

841 4861 1214 4908 monstrarent.
1239 4854 1393 4920 Quod
1423 4855 1468 4909 si
1498 4860 1552 4907 et
1589 4852 1750 4907 Deum
1783 4854 1950 4918 illum,
1981 4863 2034 4910 et
2057 4855 2147 4911 Dei
2174 4856 2363 4909 Filium

839 4948 963 4994 ante
1008 4956 1286 4998 ascensum
1316 4945 1370 4997 in
1401 4944 1595 4997 caelum
1644 4943 1922 5011 degentem
1965 4946 2105 5014 apud
2156 4946 2363 4999 Patrem

839 5030 1192 5095 nuntiassent,
1219 5049 1316 5087 cur
1348 5050 1454 5087 non
1493 5035 1617 5088 huic
1660 5037 1885 5091 orationi
1918 5036 2126 5092 facilius
2158 5037 2364 5091 assensi

837 5125 1036 5177 essent.
1071 5122 1165 5186 qui
1199 5124 1317 5189 ejus
1358 5126 1433 5179 rei
1474 5128 1800 5181 contrarium
1825 5167 1840 5191 ,
1877 5136 1989 5181 tum
2032 5127 2361 5190 incredibile,

838 5212 949 5256 tum
978 5214 1167 5271 praeter
1209 5219 1455 5267 naturam
1484 5218 1673 5272 merito
1699 5218 2108 5280 arbitrarentur,
2143 5218 2363 5284 ipsaque

838 5293 1042 5347 ratione
1074 5295 1396 5365 colligerent,
1423 5319 1530 5359 non
1553 5323 1709 5375 posse
1742 5307 1914 5378 putari
1941 5307 2179 5360 mortalis
2202 5313 2360 5358 natu-

838 5397 910 5436 ra
939 5382 1027 5434 illa
1062 5397 1222 5451 opera
1268 5400 1387 5440 esse
1413 5406 1529 5457 qua:
1557 5396 1790 5463 fiebant,
1844 5397 1938 5452 sed
1981 5394 2074 5449 Dei
2114 5394 2360 5462 alicujus,

835 5473 995 5527 etiam
1025 5473 1070 5526 si
1098 5488 1254 5527 nemo
1273 5474 1507 5533 diceret?
1533 5482 1641 5539 [loc
1664 5488 1823 5556 igitur
1843 5496 1976 5551 erat,
2009 5501 2179 5554 neque
2208 5484 2364 5553 quid-

902 5628 943 5657 "
975 5622 1105 5679 Ibid.
1130 5626 1215 5681 20.
1293 5627 1333 5657 “
1367 5627 1520 5688 Juan.
1549 5652 1637 5701 xx,
1671 5638 1756 5690 22.
1833 5640 1874 5672 ⁸³
1910 5639 2091 5693 Matth.
2128 5654 2179 5702 Χ,
2213 5636 2269 5690 8.

2476 3865 2563 3916 τὸν
2604 3866 2802 3935 Ἑρμῆν
2834 3865 2990 3933 εἶναι,
3032 3872 3152 3924 τινὰ
3186 3873 3243 3925 δὲ
3276 3876 3371 3928 τὸν
3411 3882 3453 3929 Δ

2477 3952 2659 4005 σοῦτον
2678 3954 2849 4007 αὐτῶν
2876 3957 2973 4020 τὰς
2997 3958 3233 4024 διανοίας
3259 3962 3351 4027 eis
3361 3967 3460 4018 πλτ

2476 4043 2576 4107 ξων
2606 4045 2774 4115 ἔργων
2800 4049 3067 4113 ἐπίδειξις.
3102 4054 3208 4105 Καὶ
3236 4053 3300 4125 δὴ
3324 4055 3460 4109 οὔτε]

2471 4135 2568 4186 ὅσα
2602 4137 2726 4206 περὶ
2757 4138 2847 4190 τοῦ
2885 4141 3054 4210 Ἰησοῦ
3088 4147 3460 4215 κατήγγελλοκ

2472 4223 2642 4276 θεύειν
2675 4226 2901 4294 εὐλόγως
2930 4230 3269 4301 ὲνομίζοντο’
3308 4239 3410 4288 καὶ
3447 4258 3460 4273 ν

2471 4312 2754 4367 ἀναϐιώσει
2781 4316 2941 4370 αὐτοῦ
2973 4321 3069 4389 οὐχ
3089 4322 3278 4385 ἁπλοῖς
3299 4326 3416 4377 οὐδ’
3445 4332 3460 4381 ξ

2469 4406 2657 4476 τύρουν
2684 4406 2877 4474 λόγοις,
2911 4409 2975 4461 δι’
2992 4411 3159 4480 αὐτῆς
3184 4413 3228 4464 δ’
3261 4417 3460 4487 ὲνεργε

2469 4496 2601 4565 ἔργα
2634 4498 3013 4566 παριστῶντες,
3051 4500 3111 4552 Εἰ
3153 4502 3210 4554 δὲ
3248 4508 3349 4558 xa‘t
3390 4509 3460 4561 Θε

2469 4586 2632 4638 Παῖδα
2664 4587 2767 4656 πρὸ
2791 4588 2886 4657 τῆς
2914 4592 2992 4652 εἰς
3024 4592 3343 4663 ἀνθρώπους
3375 4600 3451 4668 se,

2465 4676 2552 4744 τρὶ
2594 4677 2917 4744 τυγχάνοντα
2945 4682 3329 4751 κατήγγελλον,
3366 4693 3460 4743 καὶ

2467 4765 2784 4834 προσέθεντο
2833 4769 3046 4838 μᾶλλον,
3096 4773 3158 4825 τὸ
3201 4776 3456 4834 ἐναντίον

2467 4855 2715 4908 ἀδύνατον
2765 4860 3049 4931 ἡγούμενοι
3088 4864 3331 4931 εἰκότως,
3380 4870 3460 4924 λο·

2468 4945 2588 4997 σθαι
2618 4945 2811 5018 θνητῆς
2837 4950 2970 5021 ἔργα
2997 4953 3207 5020 φύσεως
3233 4953 3373 5011 εἶναι
3400 4980 3460 5016 νο

2466 5034 2596 5086 ἀλλὰ
2628 5035 2783 5102 Θεοῦ,
2810 5042 2913 5095 κᾶν
2948 5043 3020 5115 μὴ
3050 5043 3183 5116 λέγῃ
3212 5062 3330 5112 τις;
3382 5049 3460 5103 Το

2464 5125 2548 5177 δὲν
2572 5125 2696 5179 ἄλλο
2718 5131 2779 5182 τὸ
2812 5132 3038 5206 ζητηθὲν
3059 5137 3188 5190 αὐτὸ
3207 5138 3408 5206 ἐκεῖνο,
3439 5146 3460 5196 ὁ

2463 5216 2713 5283 γεγόνασι
2752 5226 2859 5278 τῶν
2900 5229 2956 5281 ὲν
2988 5229 3177 5301 ἀρχαῖς
3208 5229 3460 5304 ἅκροωμε

2465 5307 2719 5397 μαθηταὶ,
2767 5322 2864 5375 καὶ
2907 5324 3050 5388 ὅπως
3080 5321 3341 5391 Ἕλληνας
3383 5329 3457 5397 ὀμ

2460 5394 2533 5458 ὡς
2553 5393 2678 5489 περὶ
2700 5399 2876 5474 Λόγου
2896 5415 3025 5469 Θεοῦ
3044 5416 3167 5485 περι
3192 5412 3352 5466 αὐτοῦ
3384 5393 3456 5489 φί)

2460 5502 2518 5538 τε
2560 5487 2616 5541 ἐν
2655 5495 2847 5567 μέσαις
2881 5511 2995 5571 ταῖς
3029 5506 3203 5560 πόλεσι
3254 5506 3346 5558 καὶ
3380 5510 3460 5564 ἀνί
