3862 6336
116 393 203 448 ΞΒ

1075 386 1713 446 DEMONSTRATIONIS
1748 383 2195 443 EVANGELICE
2228 380 2332 437 LIB
2370 380 2435 436 Ill

3256 391 3383 489 2&6;

112 504 241 566 σείας
276 481 397 544 ἑνὸς
427 481 524 535 τοῦ
558 483 658 538 ἐπὶ
686 488 936 546 πᾶντων
969 498 1125 554 Θεοῦ
1182 504 1560 572 συνεστήσαντο
1586 503 1710 555 διδα-

1824 518 1981 572 quam
2023 499 2185 561 aliud,
2220 497 2392 566 ipsum
2434 498 2614 565 utique
2641 496 2772 552 illud
2815 501 2955 569 quod
2995 504 3354 570 qua'rebatur,

102 583 353 655 Win.

1825 607 2053 662 quanam
2096 591 2144 645 vi
2187 587 2434 656 discipuli
2475 587 2623 650 Jesu,
2657 603 2841 642 eorum
2870 592 2959 659 qui
2988 591 3055 644 ab
3078 592 3228 646 initio
3257 608 3355 648 au-

86 698 211 757 dieb
240 673 336 723 aut
362 666 601 724 victores
644 668 895 741 fuerint,
935 689 1000 734 et
1036 685 1311 753 quomodo
1357 691 1463 737 tam
1499 683 1712 737 Graecos
1749 696 1907 754 quam
1934 683 2207 745 barbaros,
2239 686 2298 732 ut
2346 679 2413 732 de
2442 679 2530 732 illo
2559 686 2810 748 tanquam
2860 681 2925 734 de
2946 680 3050 734 Deo
3096 683 3353 737 sentirent

94 764 472 848 λωὶλιιιὶιιῑ,
515 772 572 820 et
606 772 910 838 quomodo
947 776 1011 831 in
1062 781 1255 834 mediis
1293 775 1513 832 urbibus
1543 789 1604 828 ac
1630 789 1723 843 per
1758 788 1944 828 omnes
1974 774 2235 842 regiones,
2258 773 2528 842 religionis
2552 789 2656 841 qua
2711 790 2851 829 unus
2890 789 3167 844 supremus
3210 775 3351 829 Deus

122 880 259 930 ,ὼε
274 867 351 917 ur,
379 854 592 911 scholas
644 865 822 928 atque
858 866 1152 921 auditoria
1194 864 1587 921 constituerint.

194 944 399 1013 Kak“
424 946 504 1010 τίς
531 947 638 1001 οὐκ
663 947 735 1002 ἂν
761 949 1103 1023 θαυμάσειε,
1140 957 1271 1027 πρὸς
1301 954 1472 1024 ἐαυτῷ
1492 955 1723 1020 ἐπιλογι-

177 1048 388 1114 σᾶμνος
428 1038 522 1093 καλ⁵
552 1040 917 1112 ἐνθυμηθεὶς,
963 1046 1045 1111 ὡς
1091 1049 1188 1101 οὐκ
1214 1046 1542 1118 ἀνθρώπινον
1571 1040 1636 1114 ἦν
1664 1044 1724 1095 τὸ

188 1132 316 1201 μηδ”
335 1131 492 1185 ἄλλοτε
536 1130 643 1184 ὑπὸ
699 1132 832 1200 μίαν
882 1134 986 1206 τὴν
1053 1136 1328 1205 Ῥωμαίων
1374 1132 1616 1201 γενέσθαι
1656 1130 1725 1183 τὰ

177 1220 383 1274 rastra:
405 1222 498 1291 τῆς
524 1221 860 1294 οἰκουμένης
886 1225 1041 1295 ἔθνη,
1086 1226 1197 1278 ἀλλ’
1225 1225 1329 1279 ἀπὸ
1361 1224 1466 1275 τῶν
1495 1222 1587 1275 τοῦ
1624 1223 1724 1292 ἰη-

158 1311 249 1364 cro-3
302 1311 525 1381 χρόνων;
558 1311 717 1380 ’Ἅμα
751 1310 865 1383 γὰρ
892 1316 961 1382 τῇ
993 1315 1074 1376 είς
1096 1312 1402 1384 ἀνθρώπους
1425 1311 1586 1364 αὑτοῦ
1624 1327 1727 1363 πα·-

154 1400 360 1471 me,»
385 1400 651 1471 ἐπιδημίᾳ
689 1402 786 1453 καὶ
810 1402 882 1454 τὰ
915 1402 1200 1473 Ῥωμαίων
1232 1402 1469 1471 ἀκμάσαι
1502 1400 1720 1469 συνηνέ-

149 1489 289 1559 χθη,
322 1489 432 1541 τότε
485 1490 712 1562 πρῶτον
753 1490 1066 1559 Αὐγούστου
1108 1491 1214 1543 τῶν
1259 1492 1514 1544 πλείστων
1555 1490 1716 1542 ὲθνῶν

146 1580 620 1650 μοναρχήσαντος,
682 1581 812 1634 καθ’
852 1582 933 1645 ὃν,
985 1583 1331 1652 Κλεοπάτρας
1387 1580 1632 1652 ἁλούσης,
1683 1583 1715 1649 ὴ

140 1668 267 1719 κατ’
310 1668 575 1736 Αἴγυπτον
619 1669 736 1722 τῶν
768 1670 1116 1741 Πτολεμαίων
1154 1670 1364 1741 διαδοχὴ
1396 1671 1578 1724 λέλυτο
1597 1687 1610 1700 ·
1658 1669 1716 1733 ἐξ

139 1759 360 1811 ἐκείνου
401 1776 458 1811 τε
504 1760 604 1812 καὶ
632 1763 719 1823 εἰς
749 1760 913 1832 δεῦρο
943 1762 1003 1813 τὸ
1025 1762 1117 1813 ἀπ’
1142 1761 1351 1823 αἰῶνος,
1382 1763 1471 1814 καὶ
1500 1763 1591 1814 ἀπ’
1617 1763 1714 1814 αὐ-

1890 946 2171 1011 Caaterum,
2203 948 2324 1017 quis
2362 964 2469 1002 non
2499 950 2863 1018 Obstupescat,
2889 965 3069 1005 secum
3108 955 3348 1023 cogitans

1824 1046 1982 1108 atque
2026 1040 2204 1093 animo
2242 1053 2480 1099 versans.
2528 1054 2634 1092 non
2686 1040 2974 1093 humanum
3028 1041 3128 1095 hoc
3184 1044 3348 1101 fuisse

1823 1144 1976 1199 opus,
2005 1130 2087 1183 vel
2110 1144 2176 1183 ex
2199 1143 2264 1181 eo
2290 1129 2431 1197 quod
2448 1144 2716 1197 nunquam
2740 1129 2871 1184 alias
2900 1129 2999 1183 sub
3023 1145 3128 1184 uno
3160 1131 3349 1186 Roma.

1822 1232 2011 1272 norum
2059 1218 2282 1286 imperio
2320 1218 2560 1286 plurimae
2601 1219 2746 1273 orbis
2794 1227 2975 1287 gentes
3007 1234 3125 1275 esse
3157 1229 3344 1289 potue-

1823 1315 1965 1370 runt,
1999 1308 2102 1361 nisi
2135 1307 2428 1360 secundum
2469 1306 2594 1361 Jesu
2625 1309 2903 1376 tempora?
2933 1308 3063 1363 Nam
3097 1312 3256 1365 simul
3283 1326 3345 1366 ac

1816 1399 1904 1452 ille
1928 1397 2315 1451 admirabiliter
2340 1400 2404 1452 ad
2442 1397 2684 1452 homines
2717 1400 2880 1464 venit,
2905 1409 3061 1470 atque
3087 1401 3226 1455 inter
3249 1403 3346 1458 ho-

1815 1490 1986 1544 mines
2012 1499 2254 1546 versatus
2275 1500 2378 1556 est,
2403 1491 2560 1544 etiam
2593 1508 2678 1545 res
2701 1492 2967 1548 Romanas
2987 1491 3054 1545 ad
3075 1508 3343 1548 summum

1814 1580 2123 1648 pervenisse
2169 1581 2412 1649 contigit,
2447 1595 2554 1648 quo
2583 1581 2810 1649 primum
2838 1590 3072 1650 tempore
3102 1581 3345 1637 videlicet

1814 1671 2107 1739 Augustus,
2134 1670 2485 1738 plurimarum
2515 1673 2750 1738 gentium
2779 1671 3026 1726 dominus
3057 1673 3245 1727 evasit.
3284 1672 3342 1726 Id

1810 1774 1937 1814 vero
1957 1758 2055 1813 fuit
2095 1773 2219 1813 cum
2251 1767 2303 1813 et
2330 1759 2608 1827 Cleopatra
2637 1768 2789 1829 capta
2815 1767 2918 1823 est,
2944 1769 2997 1815 et
3024 1759 3343 1816 Ptolemaeo-

139 1842 283 1912 τῆς,
305 1843 375 1906 ὡς
395 1846 591 1907 εἰπεῖν,
615 1846 722 1915 τῆς
745 1846 970 1918 πρώτης
993 1848 1325 1919 ἀνθρωπείας
1346 1849 1538 1901 συστὰν
1557 1849 1710 1916 Αίγύ-

1817 1866 1931 1903 rum
1952 1851 2222 1905 successio
2238 1851 2292 1903 in
2322 1850 2553 1920 [Egypto
2581 1849 2861 1914 dissoluta,
2894 1860 3053 1920 atque
3072 1867 3138 1905 ex
3172 1853 3263 1905 illo
3288 1853 3340 1905 in

138 1950 294 1986 πται..)
320 1934 583 2004 βασίλειον
627 1936 916 2007 καθῄρητο
937 1954 951 1968 σ
988 1936 1048 2000 ἐξ
1074 1938 1273 1990 ἐκείνου
1302 1954 1359 1989 τε
1391 1938 1565 1990 καὶτὸ
1598 1940 1719 1991 Ἰου-

134 2022 317 2077 δαία-Ἰν
362 2025 511 2089 ἔθνος
551 2026 852 2095 Ῥωμαίων
881 2026 1060 2079 δοῦλον
1089 2028 1292 2094 γέγονε,
1326 2029 1415 2080 καὶ
1448 2028 1507 2079 τὸ
1538 2028 1717 2098 Σύρων

134 2114 265 2167 ὦσι
281 2115 428 2177 ύτως,
448 2116 849 2169 Καππαδόκων
868 2133 926 2168 τε
956 2118 1048 2169 καὶ
1076 2118 1411 2179 Μακεδόνων,
1441 2119 1532 2169 καὶ
1562 2118 1716 2170 Βιθυ-

137 2203 237 2255 νιῖιν
268 2244 292 2267 ,
314 2206 404 2256 καὶ
446 2205 748 2276 Ἑλλήνων,
782 2207 876 2257 καὶ
899 2206 1164 2258 συνελόντι
1196 2207 1355 2273 φάναι
1386 2206 1491 2259 τῶν
1521 2207 1717 2260 λοιπῶν

133 2293 235 2346 τῶν
292 2296 512 2385 ὑπὺσὴν
548 2296 847 2365 Ῥωμαίων
877 2297 1045 2366 ἀρχὴν
1077 2297 1341 2349 ἁπάντων.
1379 2297 1543 2349 Τοῦτο
1564 2298 1618 2349 δὲ
1637 2299 1716 2349 ὅτι

133 2384 201 2454 μὴ
252 2384 501 2457 ςὰθεεὶίτῇ
532 2389 667 2457 περ)⁸
703 2386 799 2438 τοῦ
829 2387 1077 2457 Σωτῆρος
1101 2387 1252 2456 ἡμῶν
1275 2386 1579 2457 διδασκαλίᾳ
1606 2402 1727 2438 συν-

131 2472 419 2540 ειῆλθεν,
453 2474 539 2537 τίς
573 2475 681 2526 οὐκ
713 2472 783 2526 ἂν
807 2473 1174 2543 ὁμολογήσειε,
1211 2473 1522 2541 διανοηθεὶς,
1551 2474 1624 2535 ὡς
1654 2490 1712 2524 ου

130 2565 337 2633 ῥᾴδιον
362 2561 427 2635 ἦν
447 2569 562 2628 τοῖς
595 2562 869 2634 μαθηταῖς
896 2562 1057 2614 αὑτοῦ
1091 2563 1308 2632 πορείαν
1340 2563 1431 2615 ἐπὶ
1454 2562 1551 2631 τῆς
1575 2561 1715 2614 ἁλλο-

126 2652 331 2724 Garri};
391 2653 705 2708 στείλασθαι
728 2692 743 2716 ,
808 2650 1105 2704 διεστώτων
1169 2652 1301 2721 πρὸς
1360 2650 1558 2720 ἄλληλα
1609 2652 1714 2706 τῶν

133 2744 345 2809 ὲθνΞὲυν,
386 2746 477 2798 καὶ
510 2745 786 2815 μηδεμιᾶς
831 2742 997 2811 οῦσης
1034 2743 1089 2795 ὲν
1121 2743 1297 2803 αὐτοῖς
1329 2740 1597 2810 ἐπιμιξίας
1628 2740 1712 2792 διὰ

135 2832 227 2893 τὰς
306 2833 495 2897 πολλὰς
538 2832 868 2902 ἐθναρχίας-ο
904 2826 978 2883 ὧν
1022 2832 1454 2902 περιῃρημένων,
1504 2830 1713 2897 ἀφόϐως

134 2921 229 2989 ἤδη
290 2925 378 2977 καὶ
394 2926 478 2979 ἐπ’
507 2924 698 2986 ἀδείας
726 2924 790 2976 τὸ
814 2923 1166 2993 προκείμενον
1183 2924 1356 2992 ἤνυον,
1380 2924 1477 2994 τὴν
1496 2924 1711 2993 πορείαν

131 3011 241 3060 αὖε
256 3017 342 3077 ὀἷς
372 3014 932 3085 προεξευμαρίσαντος
960 3012 1053 3064 τοῦ
1080 3012 1171 3065 ἐπὶ
1201 3013 1411 3065 πάντων
1440 3013 1592 3077 Θεοῦ,
1620 3015 1712 3068 καλ¹

123 3100 291 3197 τοὺ-ης
337 3104 534 3175 θυμοὺς
591 3104 707 3157 τῶν
755 3103 898 3156 κατὰ
930 3102 1110 3202 πόλεις
1142 3103 1537 3173 δεισιδαιμόνων
1564 3105 1711 3176 φόϐῳ
1737 3148 1777 3202 c

118 3190 261 3254 τῆς
317 3194 550 3263 μείζονος
606 3195 786 3264 αρχῆς
815 3190 1291 3258 καταστείλαντος;
1325 3194 1543 3261 Λὸγισαι
1584 3194 1709 3266 γὰρ,

114 3276 209 3339 ὡς,
291 3285 338 3334 εἱ
390 3285 546 3355 μηδὲν
585 3285 649 3336 τὸ
679 3284 889 3339 κωλῦον
925 3280 994 3354 ἦν
1032 3286 1157 3348 τοὺς
1194 3284 1319 3355 περὶ
1341 3285 1437 3353 τὴν
1464 3284 1711 3337 πολύθεον

114 3366 368 3441 πλὶνην
411 3373 777 3443 ἐπτοημένους
824 3376 890 3443 τῇ
945 3373 1038 3426 τοῦ
1080 3368 1311 3443 Χριστοῦ
1358 3373 1604 3443 πολεμεῖν
1637 3373 1713 3425 δι-

108 3457 438 3535 δαε-καλίᾳ,
492 3465 661 3518 πάλαι
703 3464 771 3517 ἂν
816 3464 990 3536 ἐώρας
1039 3466 1179 3519 κατὰ
1228 3467 1409 3528 πόλεις
1456 3467 1711 3519 καὶκατὰ

103 3547 366 3615 ἀγροὺς
382 3555 674 3624 ἐμφυλίους
696 3554 933 3616 στάσεις,
962 3554 1228 3624 διωγμούς
1245 3571 1305 3607 τε
1336 3557 1427 3607 καὶ
1452 3556 1711 3624 πολέμους

93 3635 146 3687 οὐ
186 3643 375 3706 -τοὺς
391 3645 771 3713 τυγχάνοντας,
806 3646 855 3696 εί
882 3644 944 3714 δὴ
969 3646 1051 3712 ἐφ’
1073 3646 1295 3707 ἑαυτοὺς
1320 3641 1461 3713 εἶχον
1479 3645 1526 3697 οἱ
1555 3645 1712 3696 δεισι-

88 3727 170 3780 δαί
246 3747 407 3796 μονες
436 3736 530 3805 τὴν
562 3736 652 3787 ἐπ’
687 3734 871 3787 αὐτῶν
908 3734 1170 3800 ἐξουσίαν.
1215 3734 1328 3786 Νῦν
1350 3735 1405 3785 δὲ
1436 3736 1526 3787 καὶ
1557 3734 1711 3787 τοῦτο

86 3816 292 3870 61:35
319 3822 411 3875 τοῦ
443 3824 531 3878 ἐπὶ
564 3824 788 3877 πάντων
814 3822 970 3892 ἔργον
992 3820 1080 3893 ἦν,
1108 3824 1169 3875 τὸ
1200 3822 1401 3895 μείζονι
1443 3823 1588 3893 φόϐῳ
1615 3825 1710 3894 τῆς

130 3904 411 3961 metu
432 3911 625 3980 ἀρχῆς,
648 3911 778 3972 τοὺς
802 3910 1024 3978 ἐχθροὺς
1042 3909 1133 3961 τοῦ
1160 3908 1356 3960 οἰκείου
1376 3906 1531 3974 λόγου
1556 3924 1711 3959 κατα-

168 3986 429 4051 ῗιωλῶσαι.
473 4000 813 4070 Πῳκὸπτειν
852 3998 958 4069 γὰρ
1001 3999 1160 4052 αὑτὸν
1186 3998 1467 4068 ὁσημέραι,
1508 3998 1599 4050 καὶ
1633 3999 1709 4060 είς

179 4075 370 4149 πάντας
397 4087 715 4159 ἀνθρώπους
745 4086 928 4149 αὔξειν
963 4086 1223 4155 βούλεται.
1256 4085 1419 4138 Πάλιν
1454 4102 1511 4137 τε
1539 4079 1604 4137 αὖ
1636 4085 1709 4146 ὼς

172 4161 245 4231 μὴ
263 4176 524 4249 νομισθείη
546 4176 692 4230 κατὰ
720 4175 1061 4246 συγχώρησιν
1089 4175 1194 4227 τῶν
1213 4175 1546 4245 κρατούντων
1564 4175 1710 4245 διαρ-

166 4252 358 4328 ιέσειν,
405 4267 582 4319 εἵποτὲ
634 4283 722 4329 τις
767 4265 968 4317 τούτων
1011 4264 1242 4336 πονηρίᾳ
1274 4265 1490 4332 ληφθεὶς
1518 4265 1591 4335 τῷ
1615 4265 1707 4317 τοῦ

160 4339 389 4409 Χθεατοῦ
413 4357 552 4427 λόγῳ
576 4356 837 4425 πολεμεῖν
859 4354 1141 4425 προῦθετο,
1161 4355 1252 4406 καὶ
1276 4354 1430 4406 τοῦτο
1456 4356 1708 4425 πράττειν

1817 1941 1956 1996 hunc
1995 1956 2162 2009 usque
2186 1942 2345 2006 diem,
2382 1941 2523 2009 quod
2545 1941 2622 1994 ab.
2641 1940 2793 1995 initio
2814 1942 2981 2003 orbis,
3022 1942 3180 2012 140
3195 1953 3245 1996 et
3273 1943 3342 1997 ab

1815 2034 1951 2101 ipsa,
1984 2041 2043 2085 ut
2061 2032 2133 2085 ita
2160 2030 2356 2094 dicam,
2390 2031 2665 2084 hominum
2685 2031 2910 2100 origine,
2934 2039 3154 2085 steterat
3176 2030 3237 2084 1F
3246 2047 3340 2101 gy—

1814 2122 1887 2189 pti
1916 2136 2158 2189 regnum,
2188 2135 2431 2173 eversum
2455 2127 2557 2174 cst.
2587 2118 2666 2172 Ex
2688 2120 2777 2173 illo
2804 2117 3103 2172 Judaeorum
3130 2133 3341 2187 quoque

1814 2211 1958 2265 natio
1989 2225 2019 2262 a
2060 2209 2314 2263 Romanis
2361 2210 2414 2262 in
2451 2210 2760 2262 servitutem
2802 2207 3036 2273 redacta,
3083 2205 3340 2276 Syrorum

1814 2299 1960 2362 item,
1993 2305 2046 2351 et
2083 2296 2476 2367 Cappadocum,
2513 2305 2566 2351 et
2603 2297 2969 2361 Macedonum,
3000 2303 3053 2350 et
3084 2295 3338 2366 Bithyno-

1815 2403 1953 2450 rum,
1983 2396 2035 2441 et
2062 2387 2385 2452 Graecorum,
2413 2401 2476 2439 ac
2504 2386 2732 2455 denique
2753 2387 3079 2456 reliquorum
3102 2386 3339 2440 omnium

1812 2477 1906 2546 qui
1934 2477 2173 2531 Romano
2207 2478 2429 2546 imperio
2457 2487 2752 2531 cesserunt.
2783 2476 2894 2531 Hoc
2919 2483 3096 2530 autem
3121 2492 3228 2531 non
3260 2477 3339 2532 si-

1811 2583 1879 2621 ne
1908 2566 2035 2628 Deo,
2068 2582 2170 2620 una
2197 2582 2318 2621 cum
2348 2567 2592 2621 doctrina
2624 2582 2741 2636 quae
2764 2566 2831 2620 de
2860 2566 3130 2621 Salvatore
3156 2575 3340 2623 nostra

1814 2656 2060 2721 ferretur,
2091 2657 2362 2712 introiisse
2384 2657 2437 2710 in
2469 2657 2673 2720 orbem,
2704 2658 2826 2725 quis
2849 2672 2953 2710 non
2984 2656 3230 2721 fateatur,
3260 2672 3341 2712 re-

1811 2754 2004 2814 putans
2033 2761 2138 2800 non
2178 2746 2384 2801 facilem
2412 2745 2537 2802 Iesu
2575 2747 2851 2815 discipulis
2892 2754 3231 2800 externarum
3261 2762 3340 2801 re-

1811 2835 2024 2905 gionum
2059 2838 2483 2905 peragrationem
2512 2836 2740 2890 futuram
2770 2835 2954 2899 fuisse,
2982 2837 3027 2890 si
3048 2843 3231 2905 gentes
3257 2836 3339 2889 in-

1811 2934 1890 2980 ter
1927 2941 1985 2980 se
2023 2927 2205 2981 divisae
2235 2926 2615 2995 discordesque
2661 2926 2906 2985 fuissent.
2953 2940 3125 2994 neque
3174 2926 3338 2979 ullum

1810 3031 2051 3085 prorsus,
2076 3016 2146 3071 ob
2174 3017 2494 3084 multiplices
2518 3017 2868 3086 principatus,
2898 3017 3036 3071 inter
3056 3017 3175 3072 illas
3199 3031 3341 3070 com-

1810 3105 2096 3170 mercium;
2143 3105 2335 3174 quibus
2386 3119 2514 3159 sane
2541 3105 2765 3160 sublatis
2797 3105 3205 3175 principatibus,
3255 3105 3339 3159 in-

1810 3193 2012 3263 trepide
2060 3193 2172 3263 jam
2219 3201 2377 3262 atque
2421 3195 2635 3264 impune
2684 3196 2951 3264 negotium
3006 3195 3334 3264 propositum

1810 3284 2227 3351 compleverunt,
2260 3299 2381 3338 cum
2414 3299 2697 3352 supremus
2730 3284 2870 3339 Deus
2901 3293 2954 3339 et
2982 3286 3085 3339 iter
3110 3285 3215 3340 illis
3245 3300 3337 3339 ex-

1811 3371 2044 3437 peditum
2074 3387 2137 3426 ac
2170 3372 2322 3427 facile
2365 3381 2715 3441 compararet,
2758 3383 2810 3427 et
2843 3376 3335 3443 superstitiosorum

1810 3460 1864 3513 in
1895 3460 2201 3515 civitatibus
2238 3461 2445 3515 animos
2467 3469 2669 3517 terrore
2704 3464 2923 3531 majoris
2948 3463 3159 3532 imperii
3188 3463 3338 3516 cohi-

1807 3549 1996 3603 beret?
2028 3548 2232 3618 Reputa
2265 3551 2407 3604 enim
2446 3559 2619 3606 tecum
2641 3567 2927 3621 parumper
2958 3571 2971 3606 :
3000 3553 3046 3606 si
3080 3553 3224 3606 nulla
3252 3566 3337 3607 res

1809 3637 2186 3707 impedimento
2229 3639 2417 3694 fuisset
2451 3641 2516 3696 iis
2545 3643 2635 3710 qui
2662 3657 2845 3696 errore
2891 3643 3098 3697 colendi
3140 3642 3338 3696 multos

1808 3727 1936 3781 deos
1981 3728 2319 3795 tenebantur,
2373 3745 2439 3784 ne
2489 3731 2786 3784 doctrinam
2817 3730 3014 3787 Christi
3065 3716 3338 3801 oppugna-

1807 3827 1946 3883 rent,
1970 3836 2127 3889 quam
2159 3822 2353 3876 multas
2379 3825 2606 3877 antehac
2639 3824 2823 3879 civiles
2875 3823 3183 3889 seditiones,
3206 3832 3259 3877 et
3282 3824 3336 3878 in

1807 3910 2029 3965 urbibus
2061 3919 2113 3966 et
2133 3912 2187 3965 in
2209 3915 2350 3982 agris
2384 3914 2611 3970 vidisses
2643 3935 2655 3969 :
2688 3926 2817 3984 quot
2842 3918 3169 3981 vexationes,
3202 3924 3332 3985 quot

1808 4001 1945 4055 bella
1982 4017 2088 4055 non
2123 4003 2411 4058 mediocria
2439 4005 2527 4057 illa
2562 4005 2800 4074 quidem,
2865 4008 2908 4063 si
2974 4008 3332 4077 superstitiosi

1806 4088 1883 4141 illi
1930 4105 2041 4144 sua:
2092 4090 2326 4159 ipsorum
2360 4096 2654 4161 potestatis
2704 4096 2951 4161 fuissent,
2983 4112 3045 4151 ac
3090 4113 3252 4166 penes
3280 4113 3339 4153 se

1801 4179 1891 4248 jus
1924 4180 2131 4249 imperii
2160 4181 2488 4238 habuissent.
2506 4184 2660 4239 Nunc
2688 4194 2863 4241 autem
2892 4188 2993 4242 hoc
3013 4204 3225 4257 quoque
3246 4204 3338 4243 su-

1786 4270 1975 4338 ‘premi
2002 4269 2099 4325 Dei
2144 4270 2245 4325 fuit
2272 4286 2426 4342 opus,
2458 4275 2647 4342 majori
2676 4277 2905 4345 quodam
2936 4286 3136 4332 terrore
3162 4293 3340 4347 supre-

1806 4375 1906 4414 mae
1926 4361 2154 4432 alicujus
2180 4366 2445 4433 potentiae,
2470 4367 2671 4436 proprii
2691 4369 2839 4422 verbi
2868 4369 3114 4424 inimicos
3142 4370 3340 4424 habere

156 4427 380 4529 ἐνεδίδου
412 4447 470 4499 τὸ
499 4445 836 4515 καταθύμιον
860 4462 873 4474 ·
905 4444 1042 4514 ὁμοῦ
1101 4444 1196 4513 μὲν
1240 4446 1318 4505 είς
1348 4444 1563 4509 ἔνδειξιν
1604 4445 1708 4498 τῶν

1811 4450 1913 4520 iam
1956 4427 2231 4509 domitos:
2261 4454 2315 4508 id
2348 4427 2488 4510 enim
2540 4427 2794 4526 prolicere
2847 4459 2900 4513 in
2947 4460 3081 4521 dies,
3111 4468 3165 4515 et
3198 4461 3335 4529 apud

153 4519 247 4586 τῆς
277 4533 551 4598 εὐσεϐείας
576 4534 851 4604 ἀθλητῶν,
881 4533 1015 4604 ὁμοῦ
1043 4533 1100 4586 δὲ
1124 4534 1216 4585 καὶ
1244 4535 1324 4595 εἰς
1354 4533 1412 4585 τὸ
1442 4536 1551 4596 τοῖς
1577 4535 1706 4587 πᾶσι

149 4621 381 4695 φανερὸν
433 4627 791 4695 κςιταστῆναι,
826 4625 906 4676 ὅτι
954 4625 1029 4694 μὴ
1072 4623 1130 4687 ἐξ
1163 4622 1456 4693 ἀνθρώπων
1487 4620 1552 4694 ἦν
1587 4624 1706 4693 βου-

146 4691 264 4763 λῆς,
326 4714 437 4767 ἀλλ’
466 4691 538 4768 ’ἐκ
581 4691 684 4785 τῆς
741 4714 837 4767 τοῦ
890 4691 1027 4766 Θεοῦ
1071 4691 1346 4781 δυνάμεως
1397 4714 1429 4782 ἡ
1482 4691 1597 4766 τοῦδ
1627 4715 1708 4767 λό-

147 4797 239 4846 του
295 4803 568 4870 σύστασις.
634 4806 847 4857 Αὐτίκα
898 4805 980 4866 τίς
1036 4804 1135 4856 οὐκ
1180 4803 1245 4855 ἂν
1294 4803 1580 4872 θαυμάσειε
1643 4806 1709 4859 τὰ

150 4887 464 4950 συμεαίνειν
504 4896 646 4949 κατὰ
676 4897 809 4958 τοὺς
844 4894 1082 4946 τοιούσδε
1114 4895 1335 4962 καιροὺς
1362 4893 1610 4958 εἰωθότα;
1646 4897 1705 4947 Οἱ

152 4962 253 5025 μὲν
295 4984 403 5055 γὰρ
436 4988 530 5057 τῆς
557 4986 844 5047 εὐσεϐείας
870 4983 1098 5053 ἀθληταὶ
1123 4983 1183 5035 τὸ
1211 4982 1338 5052 πρὶν
1366 4982 1707 5052 ἀνθρωπίνοις

148 5062 207 5113 τε
240 5076 361 5137 ταῖς
397 5080 526 5130 πᾶσι
561 5077 806 5146 διάδηλοι
844 5076 940 5127 καὶ
980 5074 1298 5143 διαπρεπεῖς
1322 5072 1570 5137 ἐγίνοντο,
1602 5076 1732 5129 τῶν.

150 5152 301 5238 ’ξαρά
353 5167 429 5236 τῷ
467 5169 584 5238 Θεῷ
626 5165 1029 5235 κατηξιωμένοι
1074 5162 1385 5232 βασιλείων⁸
1433 5165 1478 5214 οί
1523 5165 1577 5216 δὲ
1612 5169 1707 5236 τῆς

142 5226 425 5327 ξύθὲδείας
467 5226 723 5327 πολέμιοι
759 5226 893 5317 ’τὰς’
938 5226 1320 5321 προσηκούσας
1369 5249 1589 5313 ἐξέτινον

137 5323 260 5412 ξς,
315 5344 588 5416 θεηλάτοις
648 5341 910 5413 μάστιξιν
964 5337 1351 5406 οἰστρούμενοι,
1391 5339 1479 5390 καὶ
1515 5342 1615 5392 πᾶν
1648 5344 1707 5396 τὸ

134 5410 304 5500 Tali:
350 5410 535 5500 δέινοῖς
581 5410 679 5486 xuii
736 5431 984 5498 ἀνιαροῖς
1030 5424 1227 5478 πάθεσι
1272 5423 1702 5497 διαφθειρόμενοι·

126 5497 285 5597 in}:
313 5528 407 5597 ἤδη
451 5526 545 5578 καὶ
578 5526 663 5584 είς
694 5517 992 5588 ὁμολογίαν
1020 5515 1117 5580 τῆς
1162 5511 1301 5562 κατὰ
1331 5513 1551 5580 Χριστοῦ
1583 5518 1704 5571 δυσ-

126 5581 350 5686 Esaia;
385 5581 541 5686 ἣκειν
587 5604 1013 5677 περιελαθῆναι.
1051 5602 1113 5651 Οἱ
1147 5598 1205 5649 δέ
1235 5614 1294 5663 γε
1323 5597 1486 5652 λοιποὶ
1515 5604 1705 5670 πάντες

121 5668 227 5745 της
288 5668 457 5759 ἐνῦἐέν
498 5691 901 5771 προσηγορίας
950 5686 1260 5757 ἠξιωμένοι,
1305 5687 1435 5741 κατὰ
1479 5692 1702 5760 Χριστοῦ

1807 4550 2028 4599 cunctos
2083 4544 2323 4600 homines
2368 4562 2610 4602 crescere
2656 4550 2863 4603 volebat
2903 4567 2915 4602 :
2950 4565 3137 4604 rursus
3162 4561 3336 4605 autem

1806 4647 1875 4685 ne
1900 4639 2177 4700 putaretur
2209 4649 2271 4687 ex
2298 4636 2648 4689 concessione
2675 4651 2739 4690 ac
2769 4638 2922 4691 venia
2949 4637 3336 4691 dominantium

1806 4735 2164 4789 perseverare,
2208 4723 2251 4775 si
2298 4724 2513 4791 quando
2561 4725 2752 4779 horum
2804 4730 3036 4795 ipsorum
3070 4726 3335 4795 quispiam

1805 4810 2134 4878 malignitate
2180 4815 2407 4880 quadam
2461 4827 2771 4888 correptus,
2824 4818 3080 4881 adversus
3138 4815 3338 4870 Christi

1805 4899 2025 4953 verbum
2080 4916 2316 4969 pugnare
2370 4904 2718 4960 deliberatum
2769 4908 2823 4960 in
2868 4905 3044 4959 animo
3086 4903 3338 4971 habebat,

1806 4988 1964 5041 etiam
1996 4989 2097 5042 hoc
2121 5006 2220 5043 suo
2250 4991 2418 5060 ipsius
2444 4997 2703 5052 arbitratu
2733 4998 2881 5050 illum
2913 4995 3089 5046 facere
3118 4997 3335 5064 permit~

1807 5078 1969 5144 tcbat,
2006 5079 2164 5133 simul
2194 5089 2253 5132 ut
2283 5098 2466 5136 eorum
2501 5086 2750 5141 virtutem
2786 5082 3093 5139 ostenderet
3117 5086 3214 5151 qui
3249 5102 3344 5155 pro

1807 5165 2000 5234 pietate
2038 5170 2361 5238 pugnabant,
2399 5172 2556 5227 simul
2585 5177 2740 5229 etiam
2777 5185 2835 5228 ut
2860 5173 3073 5227 cunctis
3104 5174 3346 5230 homini-

1804 5254 1905 5309 bus
1957 5256 2171 5324 planum
2228 5257 2444 5323 faceret,
2476 5262 2617 5329 quod
2666 5277 2769 5314 non
2819 5262 3056 5315 humano
3089 5263 3346 5323 consilio,

1807 5346 1900 5401 sed
1949 5346 2042 5401 Dei
2091 5349 2285 5403 virtute
2327 5351 2587 5406 niteretur
2617 5353 2731 5422 ipsa
2761 5351 2917 5407 verbi
2966 5354 3352 5420 propugnatio.

1806 5435 2011 5490 Etenim
2038 5439 2157 5505 quis
2188 5453 2296 5493 non
2321 5440 2574 5496 continuo
2598 5443 2947 5511 Obstupescat
2971 5455 3053 5500 ea,
3089 5455 3227 5506 quae
3258 5441 3361 5493 illis

1807 5524 2135 5591 temporibus
2183 5526 2423 5581 accidere
2488 5532 2686 5598 passim
2750 5529 3121 5583 cernebantur
3150 5528 3179 5579 ?
3233 5527 3368 5579 Nam

1808 5611 1907 5677 ipsi
1957 5612 2167 5679 pietatis
2223 5615 2570 5685 defensores,
2634 5620 2873 5689 primum
2941 5615 3080 5684 apud
3135 5624 3376 5666 cunctos

1807 5700 2047 5755 homines
2109 5701 2238 5758 clari
2295 5707 2635 5781 illustresque
2699 5709 2952 5773 ﬂebant,
3015 5711 3065 5758 et
3110 5696 3382 5754 certami-
