3862 6346
880 386 977 438 251

1535 383 1794 437 EUSEBII
1837 383 2301 438 CASSARIENSIS
2337 385 2483 439 OPP.
2525 384 2699 438 PARS
2737 382 2802 436 ll.
2834 413 2903 424 ——
2940 381 3444 437 APOLOGETICA

877 505 1052 552 autem
1082 501 1148 547 ab
1180 492 1364 546 eodem
1422 496 1610 563 procul
1660 494 1911 549 labuntur
1934 533 1948 557 ,
2004 497 2199 564 quippe
2233 496 2323 564 qui
2352 504 2402 551 et

1934 533 1948 557 ,
2004 497 2199 564 quippe
2233 496 2323 564 qui
2352 504 2404 551 et
2432 507 2475 560 Α
2503 498 2597 567 τὴν
2634 496 2855 563 θεότητα
2901 497 3227 565 συνορῶντες
3278 497 3443 547 αὐτο

875 589 1104 642 divinam
1135 584 1276 637 illius
1303 592 1551 638 naturam
1595 586 1858 654 ignorent,
1905 602 2077 655 neque
2098 601 2288 642 causas
2317 588 2410 641 ad-

874 687 1061 731 ventus
1089 673 1432 742 perspiciam,
1480 689 1651 742 neque
1684 676 1808 727 item
1840 677 2033 744 quibus
2081 677 2408 745 temporibus

870 773 1150 818 venturum
1183 762 1331 814 illum
1364 763 1636 831 propheta:
1658 765 2017 831 prtedixerint,
2064 767 2409 834 comprehen—

868 852 1020 907 dant.
1046 849 1178 903 Nam
1209 850 1285 903 illi
1313 852 1527 919 quidem
1560 853 1706 905 illum
1740 856 1900 907 etiam
1955 871 2097 909 nunc
2125 864 2407 909 venturum

865 946 1212 1008 exspectant:
1242 955 1342 995 nos
1366 948 1543 994 autem
1586 942 1697 1009 jam
1729 945 1891 996 semel
1914 945 2172 997 duntaxat
2200 945 2410 999 venisse

868 1029 1257 1096 contendimus,
1274 1044 1479 1083 necnon
1501 1031 1721 1084 alterum
1745 1032 1982 1099 ejusdem
1996 1048 2117 1086 cum
2133 1034 2411 1102 majestate

868 1121 1178 1181 adventum,
1208 1128 1260 1174 et
1299 1122 1533 1175 oraculis
1583 1130 1635 1176 et
1678 1123 1957 1191 praeceptis
2005 1124 2406 1191 prophetarum,

868 1209 962 1279 qui
995 1208 1254 1264 divinitus
1306 1210 1476 1289 aﬂlati‘
1516 1210 1752 1276 fuerunt,
1803 1213 2166 1267 auscultantes
2214 1215 2410 1269 intueri

866 1306 1204 1368 exoptamus.
1240 1298 1372 1353 Cum
1406 1309 1580 1353 autem
1625 1300 1691 1355 de
1714 1302 1805 1355 illo
1827 1302 2020 1371 duplex
2053 1304 2123 1357 sit
2150 1305 2308 1369 ratio,
2332 1305 2411 1357 al-

870 1396 987 1443 tera
1043 1389 1256 1457 quidem
1286 1390 1552 1443 recentior
1585 1389 1782 1455 fuerit,
1817 1395 2013 1460 quippe
2046 1408 2164 1461 quae
2196 1393 2308 1447 heri
2344 1408 2408 1448 ac

870 1491 1040 1546 nuper
1056 1477 1120 1530 ad
1147 1478 1389 1534 homines
1425 1479 1726 1532 introducta
1757 1480 1827 1533 sit
1863 1500 1877 1534 :
1912 1482 2080 1534 altera
2114 1498 2241 1536 vero
2262 1485 2408 1537 omni

867 1571 1125 1634 tempore,
1150 1568 1503 1637 omnibusque
1553 1569 1763 1623 saeculis
1801 1570 2091 1640 antiquior.
2122 1570 2254 1625 Nam
2285 1587 2407 1626 cum

869 1652 1011 1708 Deus
1035 1656 1210 1719 vellet,
1251 1664 1431 1725 utpote
1460 1658 1549 1727 qui
1580 1659 1726 1713 solus
1780 1660 1851 1713 sit
1895 1661 2087 1723 bonus,
2127 1662 2409 1731 omnisque

869 1743 996 1797 boni
1027 1753 1079 1800 et
1101 1746 1424 1816 principium
1453 1758 1505 1803 et
1536 1747 1673 1814 fons,
1708 1749 2016 1803 divitiarum
2040 1766 2256 1806 suarum
2287 1752 2403 1806 the-

2508 585 2803 656 παρουσίας
2842 584 3056 647 είδότες,
3098 591 3239 655 μήτε
3295 584 3429 654 μὴν

2504 675 2649 744 ἥξειν
2687 674 2957 744 ἀνείρηται
2990 678 3066 737 είς
3094 675 3444 745 ἀνθρώπους

2509 765 2603 833 μὲν
2651 764 2756 834 γὰρ
2799 764 2875 816 ἔτι
2921 764 3013 817 καὶ
3042 764 3134 816 νῦν
3167 764 3339 833 ἥξειν
3401 781 3444 831 μ

2505 853 2659 920 ἡμεῖς
2681 851 2724 902 δ’
2759 851 2853 919 ἥδη
2886 852 2982 920 μὲν
3020 851 3260 913 εἰσάπαξ
3295 851 3444 902 ἀπ’·οὲ

2504 940 2754 1009 δευτέραν
2794 941 2837 992 δ’
2872 940 3032 992 αὑτοῦ
3067 940 3209 1010 μετά
3242 941 3361 1009 τῆς
3394 941 3444 990 ὲ*

2490 1031 2621 1090 «ταῖς
2651 1029 2755 1080 τῶν
2786 1028 3049 1101 θεοφόρων
3083 1029 3418 1100 προφητῶν

2508 1118 2817 1181 δασκαλίαις
2842 1119 3144 1188 πειθόμενοι
3174 1120 3321 1171 ἰδεῖν
3355 1119 3444 1186 εὐ]

2505 1206 2595 1258 τοῦ
2629 1207 2742 1258 κατ’
2775 1207 2929 1259 αὑτὸν
2967 1206 3142 1273 λόγου,
3192 1207 3223 1256 ὁ
3265 1206 3380 1275 μὲν
3421 1222 3444 1256 ν

2505 1297 2597 1347 καὶ
2625 1295 2804 1366 πρώην
2838 1300 2912 1358 εἰς
2959 1294 3287 1366 ἀνθρώπους
3337 1296 3441 1346 είσ

2506 1387 2691 1456 χρόνου
2730 1388 2820 1439 καὶ
2862 1387 3074 1439 πάντων
3108 1384 3339 1438 αἰώνων
3377 1402 3444 1453 πε

2506 1477 2610 1546 γὰρ
2638 1479 2665 1529 ὁ
2696 1477 2842 1541 Θεὸς,
2877 1478 2968 1529 ἆτε
3000 1478 3155 1546 μόνος
3190 1477 3274 1539 ὡς
3310 1478 3438 1542 ἀγα

2504 1564 2639 1633 ἀρχὴ
2674 1564 2765 1615 καὶ
2798 1566 2962 1634 πηγὴ,
3006 1563 3111 1618 τῶν
3153 1563 3336 1616 αὐτοῦ
3374 1563 3444 1631 θη

2505 1651 2661 1719 φῦναι
2687 1651 2982 1713 κοινωνούς·
3010 1652 3131 1722 άρτι
3171 1669 3236 1702 τε
3287 1651 3442 1721 μέλλ

2507 1739 2887 1809 προϐάλλεσθαι
2932 1741 3122 1804 κτίσιν,
3175 1741 3440 1810 ἁσωμάτ

866 1848 1058 1889 sauros
1088 1836 1332 1903 pluribus
1364 1838 1653 1905 impertiri,
1690 1848 1937 1907 essetque
1991 1839 2100 1908 jam
2125 1840 2236 1909 jam
2286 1857 2391 1895 om-

1918 1855 1937 1892 3
1991 1839 2100 1908 jam
2125 1840 2236 1909 jam
2286 1857 2403 1895 om-
2434 1814 2475 1871 Β
2502 1828 2648 1891 Θείας
2676 1829 2943 1898 δυνάμεις,
2980 1829 3246 1897 ἀγγέλους
3290 1848 3358 1882 τε
3396 1848 3443 1881 κα

867 1941 988 1980 nem
1014 1927 1329 1982 rationalem
1362 1937 1660 1984 creaturam
1712 1932 1764 1984 in
1801 1932 1972 1985 lucem
2020 1932 2401 2000 producturus,

868 2014 1214 2084 incorporeas
1246 2017 1492 2073 videlicet
1539 2018 1795 2087 quasdam
1830 2029 1991 2088 atque
2049 2020 2403 2088 intelligentes

868 2112 921 2158 et
949 2105 1157 2160 divinas
1188 2113 1495 2175 potestates,
1524 2109 1847 2180 angelosque
1862 2116 2019 2178 atque
2036 2110 2400 2179 archangelos,

869 2195 1207 2264 materiaque
1239 2204 1505 2266 expertes,
1547 2205 1598 2251 et
1630 2199 1697 2252 ab
1720 2199 1866 2254 omni
1921 2209 2071 2268 parte
2096 2216 2257 2269 puros
2296 2203 2405 2272 spi—

866 2284 1034 2349 ritus,
1095 2285 1303 2340 animas
1358 2298 1609 2355 praeterea
1649 2288 1922 2342 hominum
1949 2329 1963 2355 ,
2003 2305 2122 2359 quae
2174 2292 2403 2346 solutam

867 2387 931 2428 ac
979 2373 1201 2429 liberam
1230 2374 1520 2429 voluntatis
1574 2384 1731 2444 atque
1754 2377 1979 2443 arbitrii,
2030 2386 2138 2430 tam
2197 2378 2263 2432 ad
2307 2379 2403 2434 bos

866 2479 994 2519 num
1033 2480 1192 2534 quam
1252 2465 1320 2519 ad
1373 2466 1501 2521 boni
1557 2467 1918 2529 contrarium,
1970 2476 2217 2520 naturam
2262 2468 2404 2521 acci-

866 2564 1053 2624 perent
1086 2562 1178 2610 :et
1224 2570 1553 2624 quaecunque
1581 2556 1665 2610 his
1722 2555 1853 2623 ipsis
1880 2556 2249 2610 convenientia
2283 2572 2402 2610 coro

864 2655 1055 2712 porum
1090 2644 1463 2708 instrumenta,
1497 2644 1670 2698 varias
1702 2643 1912 2698 vivendi
1966 2642 2165 2699 formas
2209 2644 2402 2699 educe-

864 2739 1007 2798 rent,
1035 2731 1187 2803 145
1214 2732 1474 2802 sedesque
1495 2732 1579 2787 his
1608 2733 1878 2796 omnibus,
1910 2734 2163 2803 locosque
2196 2735 2401 2789 tribue-

866 2834 924 2875 re
952 2823 1196 2891 proprios
1229 2822 1375 2891 (nam
1403 2822 1469 2876 iis
1499 2821 1590 2890 qui
1621 2820 1747 2874 boni
1797 2823 2189 2890 permanserint
2220 2862 2234 2887 ,
2291 2838 2401 2877 me-

866 2909 1063 2966 liores:
1097 2920 1285 2967 contra
1318 2919 1519 2974 autem,
1551 2912 1750 2981 alioqui
1771 2913 2175 2980 convenientes,
2202 2914 2256 2966 in
2275 2916 2399 2983 qui-

867 2999 969 3056 bus
996 3002 1242 3057 videlicet
1287 3002 1644 3071 proclivitatis
1672 3000 1739 3055 ad
1765 3002 2036 3056 contraria
2071 3016 2259 3070 pinnas
2307 3003 2401 3056 da-

867 3094 1006 3164 rent)
1032 3112 1046 3160 ;
1078 3110 1310 3165 cumque
1342 3095 1394 3149 id
1410 3093 1553 3164 quod
1576 3093 1809 3148 futurum
1827 3101 1963 3157 erat,
1994 3102 2245 3163 tanquam
2260 3093 2400 3147 Deus
2425 3122 2466 3178 ο

868 3185 1170 3254 cognitione
1226 3185 1569 3254 praeciperet,
1618 3185 1945 3253 sentiretque
1998 3185 2111 3238 hzec
2152 3185 2400 3239 universa

869 3282 1153 3344 antequam
1186 3277 1374 3330 tierent
1399 3314 1413 3338 ,
1449 3282 1705 3344 tanquam
1732 3274 1785 3327 in
1811 3289 2003 3344 magno
2056 3289 2279 3343 corpore
2303 3273 2402 3327 alio

869 3363 1010 3431 quod
1032 3371 1191 3433 caput
1213 3364 1564 3433 postulatura,
1591 3378 1754 3416 unum
1776 3363 1949 3416 omnis
1978 3362 2402 3432 Opiﬁciidispen-

871 3460 1119 3517 satorem,
1147 3454 1496 3523 eumdemque
1527 3462 1578 3508 et
1610 3454 1800 3508 ducem
1848 3463 1902 3508 et
1945 3469 2123 3522 regem
2165 3454 2402 3509 universi

869 3543 1264 3609 praeﬁciendum
1280 3545 1509 3614 putavit:
1526 3544 1825 3612 cujusmodi
1840 3545 2177 3598 oraculorum
2191 3560 2403 3615 quoque

871 3631 1195 3697 divinorum,
1221 3649 1339 3702 quae
1362 3633 1426 3686 ab
1454 3635 1689 3702 antiquis
1716 3635 1854 3703 apud
1875 3634 2148 3697 Hebraeos,
2178 3643 2230 3690 ct
2250 3637 2401 3690 theo-

870 3722 1009 3790 logis
1041 3728 1095 3775 et
1155 3723 1431 3791 prophetis
1482 3724 1691 3777 reddita
1733 3731 1879 3790 sunt,
1912 3724 2181 3777 institutio
2216 3734 2297 3778 est
2330 3746 2342 3778 :
2370 3738 2399 3776 a

869 3810 1064 3877 quibus
1090 3810 1302 3876 quidem
1345 3809 1555 3863 discere
1582 3819 1758 3879 potest
1781 3812 1872 3879 qui
1902 3812 2043 3875 vult,
2083 3827 2245 3864 unum
2280 3825 2400 3864 esse

870 3900 1107 3952 omnium
1133 3913 1308 3952 rerum
1337 3902 1679 3970 principium,
1704 3918 1766 3955 ac
1797 3902 1976 3970 potius
2012 3901 2276 3971 principio
2307 3915 2401 3953 su-

872 3986 1051 4055 perius
1079 3992 1132 4037 et
1162 3987 1329 4052 prius,
1362 3989 1642 4058 primoque
1690 3990 1984 4058 antiquius,
2018 3997 2070 4042 et
2118 3987 2400 4056 gignendis

871 4075 1035 4129 rebus
1062 4074 1176 4143 ipsa
1203 4075 1408 4130 unitate
1438 4081 1727 4143 vetustius,
1763 4078 2017 4146 omnique
2047 4077 2401 4145 appellatione

872 4165 1231 4233 praestantius,
1258 4165 1399 4234 quod
1422 4183 1594 4237 neque
1625 4170 1752 4231 dici,
1780 4183 1952 4236 neque
1978 4165 2268 4228 enuntiari,
2302 4180 2399 4217 ne-

871 4269 975 4321 que
1010 4254 1301 4323 excogitari
1331 4264 1505 4323 potest
1533 4276 1546 4310 :
1589 4258 1786 4311 bonum
1810 4256 1953 4325 quod
1978 4269 2141 4308 causa
2171 4260 2253 4307 est
2288 4269 2399 4306 om-

870 4344 1017 4397 nium
1065 4358 1265 4407 rerum,
1318 4347 1461 4413 quod
1491 4347 1599 4400 vim
1630 4346 1910 4408 elliciendi,
1940 4342 2185 4412 juvandi,
2221 4342 2399 4409 provi-

2500 1937 2557 1972 τε
2598 1922 2688 1974 καὶ
2730 1922 2901 1991 πάντη
2947 1922 3158 1993 καθαρά
3204 1921 3444 1989 πνεύμα

2500 2010 2790 2082 ἀνθρώπων
2843 2013 3032 2079 ἄφετον
3081 2011 3177 2064 καὶ
3228 2011 3441 2063 ὲλεύθε

2502 2102 2627 2172 περὶ¹
2655 2102 2714 2153 τὸ
2744 2101 2899 2153 καλὸν
2930 2103 2963 2170 ἦ
2990 2102 3306 2153 τούναντίον
3339 2103 3444 2171 αίρ

2500 2194 2751 2263 γομένας,
2805 2194 2903 2246 ὅσα
2950 2211 3007 2245 τε
3055 2194 3272 2255 τούτοις
3328 2194 3443 2264 ὅργ

2500 2285 2582 2336 λεν
2638 2282 2887 2344 ἔσεσθαι,
2954 2282 3210 2335 ποικίλων
3281 2283 3444 2349 ἀγωγ

2499 2372 2676 2442 χώρας
2711 2391 2769 2425 τε
2801 2373 3002 2434 τούτοις
3052 2372 3225 2424 ἅπασι
3279 2373 3383 2424 καὶ
3433 2391 3444 2405 ’

2500 2462 2693 2523 κείους·
2745 2461 2977 2530 (μείνασι
3028 2461 3122 2530 μὲν
3169 2460 3284 2532 γὰρ
3315 2463 3443 2529 ἀγα

2498 2550 2721 2620 ἔμπαλιν
2749 2551 2805 2603 δὲ
2835 2551 2957 2614 τοὺς
2995 2554 3406 2620 προσήκοντας,

2498 2640 2605 2708 πῆς
2641 2639 2709 2692 τά
2755 2641 3229 2711 σωφρονιστήρια·)
3275 2641 3444 2709 προλε

2496 2730 2644 2794 Θεὸς,
2675 2733 2740 2800 τῇ
2795 2728 3110 2800 προγνώσει,
3147 2730 3390 2782 συνιδών
3438 2751 3444 2764 ι

2498 2822 2622 2890 περὶ
2667 2820 2923 2887 γενέσεως
2968 2822 3024 2872 ἐν
3070 2819 3296 2889 μεγάλῳ
3344 2820 3444 2889 σώγ

2500 2913 2689 2977 μένων,
2728 2909 2821 2960 ’ένα
2858 2907 2944 2957 τὸν
2986 2907 3083 2974 τῆς
3127 2906 3443 2977 δημιουργίη

2498 2996 2732 3065 ἡγεμόνα
2747 3011 2805 3046 τε
2832 2992 2923 3046 καὶ
2952 2992 3175 3061 βασιλέα
3208 2994 3321 3046 τῶν
3348 2996 3444 3047 ὃλιι

2497 3086 2624 3148 δεῖν,
2655 3080 2801 3155 ᾖκαὶ
2824 3082 2890 3135 τὰ
2919 3082 3037 3136 θεῖα
3070 3090 3437 3153 μυσταγωγεῖ

2498 3177 2586 3230 θεν
2613 3177 2736 3245 παρ’
2768 3175 3029 3245 Ἑϐραίοις
3053 3175 3319 3243 θεολόγων
3343 3194 3405 3229 τε
3432 3196 3442 3230 :

2496 3264 2901 3334 τεθεσπισμένα·
2948 3266 3076 3333 παρ’
3124 3258 3198 3316 ὧν
3246 3265 3311 3336 δὴ
3360 3284 3442 3336 μα

2500 3354 2597 3424 μία
2632 3352 2726 3422 μὲν
2758 3353 2838 3422 εἴη
2873 3352 2978 3405 τῶν
3007 3352 3139 3405 ὅλων
3165 3355 3330 3425 ἀρχὴ,
3367 3361 3440 3425 μᾶ

2496 3443 2777 3511 ἀνώτερον,
2810 3442 2901 3494 καὶ
2943 3443 3156 3513 πρώτου
3201 3451 3440 3516 προγενέ

2496 3531 2942 3605 ἁρχεγονώτερον,
2999 3534 3092 3585 καὶ
3138 3536 3319 3605 πάσης
3372 3555 3438 3609 κε

2497 3624 2743 3694 ἄρρητον,
2769 3623 3152 3693 ἀνέκφραστον,
3183 3626 3438 3696 ἀπερινότ

2496 3730 2599 3764 των
2632 3712 2817 3776 αἴτιον,
2851 3713 2910 3765 τὸ
2940 3714 3235 3782 ποιητικὸν,
3262 3717 3325 3769 τὸ
3350 3721 3436 3771 εὑε

2496 3802 2661 3862 τικὸν,
2708 3803 2767 3853 τὸ
2813 3805 3094 3874 σωτήριον,
3132 3806 3290 3868 αὐτὸς
3317 3808 3396 3861 ὢν
3427 3832 3434 3860 l

2497 3892 2555 3955 ἐξ
2599 3885 2658 3944 οὗ
2696 3892 2762 3943 τὰ
2799 3895 2990 3957 πάντα,
3032 3896 3098 3947 δι’
3143 3898 3200 3949 ὃν
3246 3898 3312 3951 τὰ
3369 3904 3434 3953 πε

2495 3983 2600 4051 γὰρ
2626 3982 2803 4051 ζῶμεν
2829 3985 2920 4035 καὶ
2943 3986 3235 4055 κινούμεθα
3257 3990 3349 4042 καὶ
3377 3992 3432 4043 ἐς

2495 4070 2643 4122 τοῦτο
2669 4071 2796 4137 γοῦν
2821 4072 3015 4143 χαλκείη
3041 4075 3104 4127 ἂν
3119 4076 3177 4128 τὸ
3203 4078 3357 4146 μόνον
3379 4083 3432 4133 τί

2496 4176 2601 4212 των
2649 4159 2950 4225 οὑσιώσεώς
2986 4181 3046 4214 τε
3108 4168 3200 4219 καὶ
3237 4170 3430 4241 ὑπάρξ;

2498 4248 2600 4317 γάρ
2631 4250 2760 4300 ἐστι.
2790 4250 2941 4302 Θέλει
2970 4252 3045 4315 δὲ,
3083 4255 3162 4307 ὅτι
3188 4255 3281 4326 τὴν
3307 4260 3430 4326 φύσι

2495 4353 2592 4387 νει.
2634 4336 2841 4406 Ἀγαθῷ
2879 4339 2933 4391 δὲ
2972 4342 3143 4410 οὐδὲν,
3181 4345 3260 4397 ὅτι
3308 4350 3381 4418 μὴ

870 4431 1051 4505 dendi,
1079 4433 1351 4497 servandi,
1372 4434 1425 4486 in
1441 4450 1499 4489 se
1516 4436 1674 4489 habet
1701 4435 1821 4502 :qui
1847 4449 1987 4487 unus
2014 4434 2126 4501 ipse
2152 4447 2216 4486 ac
2250 4432 2395 4486 solus

1889 4449 1987 4487 nus
2014 4434 2126 4501 ipse
2152 4447 2216 4486 ac
2250 4432 2396 4486 solus
2428 4438 2469 4491 ι)
2498 4426 2783 4495 προσφυὲς.
2819 4428 2994 4481 Θέλων
3025 4430 3081 4482 δὲ
3111 4432 3292 4496 ταῦτα,
3323 4439 3414 4490 καὶ

870 4530 951 4575 est
970 4520 1134 4585 Deus,
1168 4538 1233 4577 ex
1266 4538 1373 4592 quo
1392 4525 1594 4588 omnia,
1629 4539 1722 4593 per
1741 4539 1897 4594 quem
1916 4525 2094 4577 omnia
2125 4534 2251 4578 sunt
2282 4542 2295 4577 :
2344 4524 2398 4576 in

874 4612 963 4666 illo
1000 4613 1142 4665 enim
1189 4612 1417 4669 vivimus
1465 4621 1519 4668 et
1569 4630 1841 4669 movemur
1869 4624 1922 4667 et
1954 4630 2159 4669 sumus.
2218 4614 2399 4683 Itaque

870 4702 1223 4773 quodcunque
1250 4704 1384 4767 vult,
1418 4703 1471 4757 id
1493 4705 1654 4759 etiam
1683 4714 1765 4759 est
1788 4707 2068 4769 continuo,
2097 4721 2160 4760 ex
2180 4720 2284 4775 qua
2309 4720 2397 4759 so-

873 4794 921 4846 la
944 4809 1128 4857 causa,
1159 4797 1339 4850 omnia
1369 4811 1487 4865 qua:
1530 4796 1705 4865 genita
1733 4805 1877 4862 sunt,
1910 4796 1960 4850 id
1998 4806 2318 4865 acceperunt
2342 4802 2399 4849 ut

872 4892 1071 4946 essent,
1101 4893 1263 4953 utque
1293 4885 1633 4946 exsisterent,
1664 4898 1727 4938 ac
1753 4886 2029 4951 durarent,
2087 4893 2215 4941 sunt
2255 4885 2395 4939 enim

874 4969 963 5022 illo
985 4974 1209 5029 volente.
1243 4974 1365 5029 Vult
1388 4984 1563 5030 autem
1588 4976 1789 5030 idcirco
1811 4976 1955 5045 quod
1986 4985 2176 5048 suapte
2207 4987 2399 5030 natura

876 5055 1046 5115 bonus
1070 5072 1171 5117 est.
1208 5064 1354 5120 Bono
1384 5081 1508 5120 vero
1543 5066 1675 5119 nihil
1712 5075 1904 5121 natura
1926 5068 2275 5137 conjunctum
2306 5066 2399 5118 ad-

878 5160 1173 5217 nexumque
1200 5163 1301 5216 est,
1334 5155 1437 5209 nisi
1482 5164 1538 5209 ut
1579 5171 1641 5210 ea
1680 5171 1797 5225 qua:
1827 5158 1963 5211 bona
1996 5167 2122 5211 sunt
2148 5157 2293 5210 velit.
2330 5155 2396 5208 At

875 5236 1017 5288 enim
1038 5250 1158 5289 cum
1180 5239 1290 5293 haec
1311 5244 1464 5306 velit,
1490 5245 1628 5300 idem
1654 5248 1814 5302 etiam
1842 5254 2050 5316 potest:
2080 5262 2247 5314 quare
2276 5260 2396 5299 cum

878 5322 1006 5377 velit
1036 5324 1194 5378 simul
1222 5325 1363 5380 idem
1394 5339 1447 5383 et
1490 5338 1681 5401 possit,
1716 5338 1862 5391 nulla
1898 5352 1956 5390 re
1986 5352 2161 5404 neque
2215 5336 2398 5402 prohi-

878 5411 1055 5475 bente,
1080 5428 1248 5482 neque
1268 5414 1603 5487 impediente,
1626 5428 1881 5496 quidquid
1902 5429 2183 5499 pulchrum
2199 5434 2251 5480 et
2274 5426 2398 5481 utile

876 5509 980 5567 est,
1004 5511 1109 5556 tam
1136 5505 1190 5558 in
1219 5505 1285 5560 iis
1313 5522 1433 5576 quae
1462 5510 1563 5563 sub
1610 5525 1882 5582 aspectum
1914 5519 2133 5580 cadunt,
2161 5531 2316 5585 quam
2343 5517 2394 5569 in

879 5591 1074 5659 iisquae
1100 5608 1206 5648 non
1239 5598 1458 5663 cadunt,
1480 5599 1595 5669 ipse
1620 5604 1722 5657 sibi
1755 5607 1853 5676 ipsi
1881 5608 2111 5664 confecit
2145 5627 2157 5661 :
2202 5607 2397 5677 quippe

877 5680 969 5750 qui
1000 5684 1151 5755 quasi
1169 5689 1443 5746 materiam
1475 5693 1755 5763 quamdam
1788 5707 1943 5768 atque
1982 5699 2268 5756 essentiam
2308 5715 2398 5768 διες

2492 4515 2595 4568 λων
2627 4515 2756 4584 ὁμοῦ
2786 4517 2877 4568 καὶ
2912 4517 3219 4588 δυνάμενος,
3259 4524 3426 4581 ἀκωλι

2495 4623 2631 4667 στως
2660 4607 2766 4657 πᾶν
2800 4607 2827 4657 ὅ
2866 4623 2918 4657 τι
2957 4610 3120 4662 καλὸν
3152 4614 3238 4664 καὶ
3274 4632 3419 4686 συμφ

2494 4696 2585 4748 καὶ
2620 4696 2876 4762 ἀφανέσιν
2901 4697 3059 4760 αὐτὸς
3083 4701 3252 4772 ἑαυτῷ
3272 4721 3424 4760 συνεσ

2492 4786 2608 4838 τινὰ
2634 4788 2724 4837 καὶ
2748 4785 2927 4837 οὐσίαν
2955 4788 3051 4857 τῆς
3081 4791 3185 4845 τῶν
3204 4794 3328 4846 ὅλων
3349 4814 3422 4864 γε·

2494 4894 2627 4939 σεως
2648 4877 2740 4946 τὴν
2769 4877 2959 4929 ἑαυτοῦ
2989 4879 3178 4951 βουλὴν
3210 4887 3294 4939 καὶ
3322 4887 3422 4944 δύνι

2491 4968 2564 5030 ὡς
2599 4967 2793 5037 μηκέτι
2824 4968 3057 5038 εὐλόγως
3086 4978 3240 5042 φάναι
3265 4980 3365 5033 δεῖν
3395 4985 3420 5036 ἒ

2494 5073 2595 5124 τῶν
2623 5072 2803 5129 ὄντων.
2830 5075 2963 5129 Οὐδὲ
2987 5079 3095 5151 γὰρ
3124 5082 3185 5135 ἂν
3208 5082 3282 5151 εἴη
3305 5102 3352 5137 τι
3389 5105 3418 5140 τ

2493 5175 2598 5244 γὰρ
2626 5175 2684 5227 τὸ
2716 5176 2788 5247 μὴ
2819 5177 2877 5232 ὃν
2910 5182 3080 5254 ἑτέρῳ
3101 5186 3185 5238 τοῦ
3214 5184 3336 5241 εἶναι
3365 5196 3418 5259 γέ

2493 5275 2548 5327 δὲ
2578 5277 2605 5328 ὅ
2624 5294 2676 5329 τι
2710 5281 2837 5333 ποτὲ
2866 5283 2958 5335 καὶ
2998 5286 3162 5351 ἔστιν,
3199 5288 3251 5353 ἐξ
3280 5291 3390 5358 ἐνὸς

2494 5373 2596 5442 πρὸ
2627 5375 2797 5442 ὄντος,
2831 5383 2922 5435 τοῦ
2953 5385 3017 5458 δὴ
3046 5389 3137 5441 καὶ
3161 5389 3414 5460 φήσαντος,

2492 5474 2552 5525 τὸ
2579 5472 2715 5532 εἶναι
2742 5481 2901 5539 λαϐὸν
2927 5488 3057 5561 ἔχει·
3090 5492 3165 5545 ὅτι
3186 5491 3241 5562 δη
3268 5494 3414 5564 μόνος

2494 5574 2581 5639 τὸς
2618 5582 2750 5636 πᾶσι
2781 5592 2891 5654 τοῖς
2929 5592 2988 5659 ἐξ
3030 5594 3183 5648 αὑτοῦ
3214 5595 3266 5648 τὸ
3304 5594 3411 5655 εἷνα

2494 5676 2583 5729 τοῦ
2611 5675 2747 5738 εἶναι
2790 5693 3045 5769 κατέστη,
3095 5698 3164 5769 τῷ
3194 5696 3339 5755 θέλειν
3371 5722 3411 5759 κν
