3862 6360
117 412 187 468 255
1084 402 1720 463 DEMONSTRATIONIS
1751 392 2197 458 EVANGELICE
2227 392 2353 456 LIB.
2390 401 2477 457 IV.
3224 408 3327 463 254

125 492 383 591 τὴνούσίαν
407 498 529 591 τοῖς
571 500 751 567 πᾶσι,
790 510 910 562 καὶ
943 513 1057 579 τὰς
1095 517 1362 589 δυνάμεις,
1395 516 1486 570 καὶ
1508 514 1575 570 τὰ
1600 515 1710 585 εἴδη

1814 513 2100 570 nerationis
2127 509 2627 585 constitutionisque
2673 516 2927 581 universi,
2962 532 3117 571 suum
3150 522 3330 576 consi-

134 587 463 685 Wlu’ixfn‘
490 589 926 685 ἀνεπιφθόνως
957 605 1025 671 ἐξ
1050 607 1215 661 αὐτοῦ
1232 587 1642 678 κεχαρισμένος.

1814 606 1943 660 lium
1982 615 2237 671 suamque
2261 605 2551 671 potentiam
2604 606 2931 675 praetulerit,
2962 616 3021 661 ut
3050 609 3196 663 nulla
3214 609 3326 679 jam

145 693 307 749 mione
323 673 420 729 dici
449 682 668 746 possit,
702 682 782 739 de
805 687 1011 746 nihilo
1044 709 1167 749 esse
1194 673 1483 765 quidquam
1519 709 1700 750 eorum
1733 708 1851 763 quae
1896 700 2043 757 sunt.
2088 706 2260 761 neque
2321 693 2464 747 enim
2516 673 2637 748 esse
2673 695 2942 764 quidpiam
2975 705 3149 766 potest
3174 673 3238 755 ex
3262 714 3330 755 eo

154 780 263 851 quod
300 768 470 837 ῑιηυω
502 785 625 825 non
661 773 766 827 sit.
804 776 1124 843 Quomodo
1154 786 1293 839 enim
1326 784 1379 837 id
1407 785 1547 853 quod
1602 799 1707 838 non
1742 793 1842 847 est,
1874 783 2025 837 alteri
2056 787 2113 835 ut
2163 781 2416 836 sitcausa
2446 782 2596 836 erit?
2654 783 2821 836 Omne
2854 792 3029 839 autem
3049 789 3327 856 quodcun-

168 888 246 939 que
267 872 349 926 est,
371 878 437 919 ex
461 880 582 919 uno
615 867 724 936 qui
778 871 953 929 solus
1000 886 1109 939 est,
1173 884 1226 930 et
1279 884 1400 930 ante
1441 877 1620 930 omnia
1667 883 1769 939 est,
1807 875 2004 944 quique
2034 873 2158 942 olim
2203 872 2364 926 etiam
2391 873 2523 927 illud
2558 875 2853 943 respondit,
2886 894 2905 927 ι
2939 874 3049 946 Ego
3082 894 3200 934 sum
3233 878 3325 950 qui

161 976 316 1025 sum)
336 964 392 1012 ut
412 966 564 1015 esset
598 968 661 1014 et
695 966 936 1035 accepit
958 974 1015 1022 et
1046 969 1235 1023 habet;
1282 970 1476 1039 quippe
1493 984 1612 1023 cum
1633 970 1722 1039 qui
1759 970 1904 1024 solus
1938 974 2038 1033 est,
2090 974 2144 1021 et
2194 980 2404 1036 semper
2427 975 2543 1032 est,
2571 968 2618 1022 is
2639 969 2888 1024 omnibus
2913 984 3239 1042 quaecunque
3261 990 3328 1029 ex

147 1065 244 1137 ίρεο
287 1053 330 1107 id
348 1053 486 1124 quod
516 1064 655 1111 sunt
695 1069 1076 1128 acceperunt,
1110 1068 1168 1114 ut
1213 1070 1391 1117 essent
1418 1070 1604 1117 auctor
1657 1062 1922 1118 exstiterit
1980 1081 1993 1116 :
2052 1068 2211 1130 atque
2242 1074 2305 1113 ex
2353 1074 2417 1114 eo
2473 1060 2614 1129 quod
2641 1068 2694 1114 et
2721 1061 2845 1114 velit
2872 1070 2925 1116 et
2952 1063 3142 1131 possit,
3171 1067 3329 1122 rebus

141 1144 405 1207 universis
428 1148 482 1196 et
512 1144 860 1209 essentiam,
916 1153 975 1198 et
1036 1154 1324 1216 potestates
1344 1187 1360 1212 ,
1394 1154 1447 1201 et
1490 1148 1710 1212 formas,
1742 1149 2007 1203 luculente
2032 1155 2087 1203 et
2121 1147 2334 1215 capiose
2357 1148 2423 1202 de
2452 1149 2629 1217 seipso
2657 1149 2882 1218 largitus
2907 1150 2998 1205 sit.

906 1238 983 1290 B’.

2453 1237 2608 1308 me
2633 1237 2696 1292 ιι.

202 1332 385 1390 ὀπως
417 1322 606 1377 αὐτὸν
653 1323 779 1391 πρὸ
831 1324 1040 1394 πάσης
1071 1328 1313 1393 κτίσεως
1346 1328 1479 1381 Υἱὸν
1503 1328 1645 1382 Θεοῦ

652 1394 978 1462 γεγονέναι
1002 1396 1213 1463 φαμέν.

246 1483 407 1554 Iulii]
438 1481 545 1535 τῶν
579 1483 761 1536 ὄντων
798 1485 1059 1538 ἁπάντων
1081 1485 1288 1556 πρῶτον
1315 1487 1591 1557 ὑφίστησιν
1623 1487 1712 1539 αὐ-

187 1575 269 1628 τοῦ
291 1574 497 1643 γέννημα
520 1572 625 1644 τὴν
649 1576 1002 1645 πρωτότοκον
1024 1578 1227 1645 σοφίαν,
1242 1577 1365 1647 ὅλην
1386 1578 1449 1629 δι’
1463 1577 1580 1629 ὅλου
1601 1594 1710 1630 νοε-

1814 1579 2036 1649 primum
2060 1578 2432 1633 subministrat
2456 1616 2470 1642 ,
2501 1578 2673 1648 primo
2702 1579 2933 1648 genitam
2960 1579 3208 1634 videlicet
3242 1596 3329 1634 sa-

183 1666 291 1735 ρὰν,
314 1665 386 1717 καὶ
410 1664 664 1735 λογικὴν,
693 1666 795 1717 καὶ
829 1666 1119 1734 πάνσοφον,
1150 1666 1340 1737 μᾶλλον
1365 1667 1420 1719 δὲ
1441 1666 1706 1730 αὐτονοῦν,

1814 1667 2083 1736 pientiam,
2117 1677 2279 1722 totam
2310 1681 2690 1737 usquequaque
2718 1667 3119 1737 intelligentem,
3159 1675 3213 1722 et
3241 1683 3330 1720 ra-

180 1756 264 1808 καὶ
293 1755 581 1823 αὑτολὸγον,
620 1756 723 1808 καὶ
763 1756 1106 1825 αὐτοσοφίαν·
1133 1758 1222 1811 καὶ
1251 1756 1303 1809 sl
1325 1774 1377 1808 τι
1399 1756 1455 1809 δὲ
1483 1758 1708 1811 αὑτόκα-

1814 1758 2059 1812 tionalem
2110 1764 2164 1811 et
2211 1757 2420 1827 penitus
2467 1756 2789 1825 sapientem,
2818 1771 2883 1810 ac
2933 1757 3112 1825 potius
3156 1757 3327 1827 ipsam

178 1842 259 1896 λον
283 1843 354 1896 καὶ
371 1841 721 1912 αὐτοάγαθον
745 1845 981 1897 ἐπινοεῖν
1001 1848 1057 1897 ὲν
1076 1847 1341 1916 γεννητοῖς
1357 1846 1529 1915 θέμις,
1557 1844 1710 1897 τοῦτο

1814 1844 2233 1914 intelligentiam,
2264 1844 2432 1913 ipsam
2458 1845 2742 1907 rationem,
2770 1846 2939 1913 ipsam
2960 1846 3274 1915 sapientiam
3309 1864 3326 1901 :

1812 1327 2250 1394 Quemadmodum
2278 1327 2428 1380 illum
2482 1336 2600 1381 ante
2645 1343 2844 1381 omnem
2892 1338 3184 1384 creaturam
3228 1330 3327 1386 Fi-

2214 1397 2342 1449 lium
2374 1396 2469 1450 Dei
2501 1396 2660 1461 fuisse
2687 1396 2932 1451 dicimus.

1877 1486 2059 1557 Itaque
2114 1488 2351 1541 omnium
2395 1501 2723 1556 quaecunque
2768 1494 2914 1555 sunt,
2963 1488 3124 1543 fetum
3171 1503 3327 1544 suum

174 1933 357 2004 πρῶτον
373 1934 540 2006 αὐτὸς
562 1935 627 2000 ἐξ
658 1933 832 1988 αὐτοῦ
868 1933 1110 2005 θεμέλιον
1130 1936 1233 1988 τῶν
1269 1935 1403 2005 μετὰ
1424 1935 1593 1988 ταῦτα
1618 1951 1702 2002 γε·

174 2025 452 2095 νησομένων
484 2025 887 2098 προϐάλλεται,
927 2025 988 2077 τὸ
1012 2026 1207 2078 τέλειον
1227 2026 1426 2078 τελείου
1456 2025 1517 2094 δη
1528 2026 1710 2095 μιούρ-

166 2115 437 2181 γημα,κα”ι
464 2112 642 2182 σοφοῦ
681 2113 848 2181 σοφὸν
881 2112 1328 2183 ἀρχιτεκτὸνημα,
1368 2110 1568 2179 ἀγαθοῦ
1608 2128 1709 2164 πα-

166 2203 285 2271 τρὸς
306 2206 499 2272 ἀγαθὸν
523 2206 808 2275 γέννημα.
840 2205 949 2256 Καὶ
971 2202 1023 2254 τί
1047 2203 1152 2273 γὰρ
1178 2204 1322 2268 ἄλλο,
1355 2203 1388 2273 ἦ
1418 2202 1522 2255 τῶν
1557 2202 1710 2272 μετὲ-

161 2308 312 2345 πιτα
329 2295 381 2347 τὸ
401 2291 545 2348 εἶναι
572 2295 645 2347 δι’
680 2293 851 2345 αὐτοῦ
872 2294 1156 2357 λαϐόντων,
1185 2295 1484 2364 προστάτην
1508 2295 1598 2346 καὶ
1623 2311 1711 2363 κη-

158 2382 357 2452 δεμόνα,
388 2387 622 2455 σωτῆρα
662 2401 724 2436 τε
763 2384 860 2435 καὶ
896 2385 1093 2455 ἰατρὸν,
1125 2385 1215 2437 καὶ
1252 2384 1582 2453 κυϐερνήτην
1611 2383 1709 2452 τῆς

154 2472 264 2525 τῶν
289 2474 410 2527 ὅλων
438 2475 815 2546 δημιουργίας
844 2476 969 2537 τοὺς
989 2474 1176 2537 οἴακας
1200 2474 1707 2545 περιδεδραγμένον;

160 2562 314 2615 Ὅθεν
340 2565 572 2627 εἰκότως
601 2565 655 2616 οἱ
686 2564 924 2634 χρησμοὶ
952 2563 1316 2631 θεολογοῦντες
1353 2563 1479 2616 Θεὸν
1526 2580 1712 2634 γεννη-

154 2649 244 2702 τὺν
276 2651 422 2705 αὐτὸν
444 2652 874 2721 ἀποφαίνουσιν,
908 2652 983 2714 ὡς
1011 2651 1075 2704 ἂν
1111 2652 1209 2720 τῆς
1233 2652 1595 2721 ἁνεκφράστου
1620 2652 1711 2704 καὶ

152 2740 504 2812 ἀπερινοήτου
538 2741 805 2812 θεότητος
848 2740 1004 2810 μόνον
1044 2741 1099 2791 ὲν
1143 2738 1287 2809 αὐτῷ
1337 2739 1563 2809 φέροντα
1613 2740 1709 2810 τὴν

152 2828 349 2892 εἰκόνα,
378 2831 447 2883 δι’
472 2832 542 2900 ἢν
578 2830 680 2883 καὶ¹
706 2828 840 2880 Θεὸν
882 2823 1018 2880 εἷναί
1060 2844 1116 2880 τε
1148 2828 1303 2880 αὑτὸν
1333 2828 1425 2880 καὶ
1464 2816 1709 2896 λέγεσθαι

1806 1949 2016 1989 necnon
2041 1934 2087 1988 si
2115 1931 2244 2002 quid
2267 1933 2440 2002 ipsum
2466 1934 2769 2003 pulchrum,
2800 1934 3080 2004 ipsumque
3129 1935 3326 1989 bonum

1807 2025 2110 2095 echgitare
2140 2024 2193 2076 in
2211 2023 2277 2079 iis
2309 2038 2427 2094 qua:
2453 2025 2628 2094 genita
2645 2024 2864 2079 suntfas
2884 2034 2987 2085 est.
3016 2026 3070 2080 id
3096 2026 3324 2095 primum

1808 2115 1920 2183 ipse
1954 2126 2018 2167 ex
2047 2128 2106 2169 se
2137 2113 2254 2182 ipso
2285 2128 2471 2173 eorum
2512 2128 2628 2182 ηοω
2677 2114 2901 2181 posthac
2949 2114 3127 2168 futura
3175 2123 3329 2170 erant

1807 2204 2208 2258 fundamentum
2223 2203 2454 2273 praefert,
2473 2204 2766 2273 perfectum
2786 2203 3007 2271 perfecti
3033 2204 3325 2273 opiﬁcium,

1807 2293 2061 2362 sapientis
2114 2293 2405 2361 sapientem
2454 2292 2878 2356 fabricationem,
2910 2292 3034 2346 boni
3088 2293 3328 2361 parentis

1807 2388 1998 2442 bonam
2015 2388 2271 2452 sobolem,
2288 2387 2605 2456 etquidnam
2632 2383 2776 2438 aliud
2805 2383 2965 2438 fuerit
2989 2383 3325 2451 praelaturus,

1807 2492 1966 2547 quam
1986 2478 2134 2531 illum
2164 2479 2335 2547 ipsum
2358 2491 2540 2531 eorum
2561 2490 2679 2544 quae
2711 2473 2931 2543 posthac
2952 2486 3047 2541 per
3070 2472 3244 2540 ipsum
3272 2471 3330 2527 id

1805 2565 1945 2634 quod
1977 2570 2101 2618 sunt
2127 2562 2452 2632 acceperint,
2490 2562 2806 2633 perfectum,
2841 2567 3168 2626 curatorem,
3198 2573 3330 2613 con-

1807 2659 2152 2715 servatorem,
2181 2652 2467 2717 medicum,
2516 2652 2929 2721 gubernatorem
2961 2651 2983 2703 ?
3031 2664 3154 2704 eum
3178 2649 3328 2704 vidc-

1808 2737 1929 2794 licet
1976 2741 2066 2810 qui
2104 2742 2391 2796 creationis
2417 2740 2651 2795 universi
2698 2738 3058 2810 gubernacula
3096 2752 3334 2808 compre-

1805 2827 1969 2882 hensa
2020 2829 2265 2883 teneret?
2296 2830 2474 2898 itaque
2510 2843 2617 2883 non
2643 2828 2911 2883 immerito
2932 2827 3151 2880 oracula
3180 2827 3331 2881 theo-

148 2916 252 2984 τῆς
285 2919 409 2988 πρὸς
453 2920 516 2973 τὸ
556 2918 783 2990 πρῶτον
820 2915 1184 2986 ἐξομοιὼσεως
1221 2917 1397 2987 χάριν,
1442 2918 1610 2989 ταύτῃ
1652 2935 1710 2970 τε

1814 2918 1973 2987 logice
2014 2919 2318 2989 loquentia,
2368 2919 2532 2974 Deum
2564 2918 2799 2988 genitum
2840 2918 2988 2972 illum
3028 2918 3328 2982 enuntiarit,

150 3008 309 3061 αὐτὸν
330 3011 527 3079 ἀγαθόν
550 3028 721 3079 φασιν
746 3010 1023 3080 ῥπηρέτην
1052 3010 1184 3079 πρὸς
1205 3009 1294 3061 τοῦ
1325 3011 1470 3080 Σωτῆ
1480 3028 1566 3081 ρος
1585 3013 1710 3063 ὑπο-

1814 3017 2055 3078 tanquam
2078 3026 2198 3065 eum
2226 3010 2318 3080 qui
2345 3010 2696 3064 elocutionem
2721 3024 2936 3064 omnem
2961 3047 2976 3071 ,
3010 3023 3332 3078 omnemque

146 3098 459 3171 ϐεϐλῆσθαι,
483 3103 595 3165 ἵνα,
626 3100 820 3173 ὥσπερ
856 3102 921 3155 δι’
954 3102 1068 3163 ἐνὸς
1098 3100 1363 3167 πανσόφου
1391 3102 1483 3155 καὶ
1516 3099 1709 3165 ζῶντος

1814 3100 2177 3169 cogitationem
2226 3100 2524 3170 eﬂ‘ugientis
2573 3101 2766 3155 divinae
2818 3109 3024 3155 naturae
3075 3103 3225 3157 solus
3275 3102 3330 3155 in

146 3189 397 3257 ὀργάνου,
423 3191 683 3261 τεχνικοῦ
717 3209 777 3243 τε
811 3192 905 3244 καὶ
933 3189 1345 3260 ἐπιστημονικοῦ
1374 3191 1607 3254 κανόνος,
1643 3191 1710 3244 τὰ

1814 3188 1984 3256 seipso
2009 3187 2181 3242 fuerat
2213 3189 2516 3258 imaginem,
2546 3197 2764 3260 prOpter
2791 3205 2951 3259 quam
3002 3190 3167 3245 Deum
3197 3207 3334 3261 quo~

147 3277 329 3330 πάντα
352 3281 497 3350 αὐτῷ
518 3279 898 3342 ἀπευθύνοιτο,
925 3278 1147 3347 σώματα
1171 3277 1303 3349 ὁμοῦ
1321 3280 1411 3331 καὶ
1431 3278 1708 3350 ἀσώματα,

1814 3292 1909 3345 que
1933 3286 1985 3332 et
2011 3292 2128 3332 esse
2155 3278 2303 3331 illum
2331 3289 2384 3333 et
2412 3279 2540 3343 dici,
2579 3279 2697 3348 ejus
2736 3281 3002 3346 videlicet,
3028 3297 3147 3350 quae
3188 3284 3330 3351 quod

152 3365 371 3436 ἔμψυχά
398 3387 456 3421 τε
515 3370 612 3422 καὶ
658 3370 862 3437 ἄψυχα,
905 3367 1095 3435 λογικὰ
1136 3368 1230 3419 σὺν
1266 3368 1494 3434 ἀλόγοις,
1547 3368 1710 3437 θνητὰ

1814 3367 2035 3433 primum
2074 3377 2158 3422 est
2188 3368 2371 3433 refert,
2404 3385 2671 3439 expressae
2729 3370 3096 3426 similitudinis
3138 3373 3329 3442 gratia.

98 5032 103 5065 l

156 3455 257 3505 σὺν
285 3457 576 3521 ἀθανάτοις,
613 3459 713 3511 καὶ
746 3459 873 3511 εἴτι
913 3456 1115 3519 τούτοις
1143 3457 1325 3527 ἕτερον
1352 3457 1708 3527 συνυφέστηκέ

154 3557 215 3593 τε
248 3548 340 3598 καὶ
379 3550 729 3618 συνύφανται,
769 3549 862 3601 καὶ
909 3551 982 3610 ὡς
1015 3549 1112 3618 μιᾷ
1138 3545 1244 3598 τῶν
1283 3546 1416 3599 ὅλων
1466 3547 1706 3615 δυνάμει,

159 3633 243 3685 ἑνί
268 3652 323 3688 τε
345 3638 496 3702 ζῶντι
520 3640 614 3694 καὶ
644 3639 875 3710 ἐμψύχῳ
906 3639 1049 3708 νόμῳ
1083 3655 1143 3689 τε
1175 3637 1267 3690 καὶ
1292 3637 1431 3705 λόγῳ
1463 3638 1518 3688 ὲν
1547 3638 1707 3689 πᾶσιν

160 3720 283 3774 δντι
301 3731 389 3781 καὶ
413 3730 497 3782 διὰ
526 3730 748 3783 πάντων
788 3729 971 3797 ἥκοντι
1017 3727 1083 3779 τὰ
1120 3727 1293 3778 πάντα
1339 3724 1711 3794 συναρμόζοιτο

165 3808 257 3878 ὑφ’
295 3814 368 3867 ἑνὶ
393 3818 644 3887 πανσόφῳ
668 3814 875 3885 δεσμῷ,
900 3814 1045 3884 αὐτῷ
1082 3813 1146 3884 δὴ
1172 3813 1251 3880 τῷ
1281 3810 1374 3863 τοῦ
1410 3810 1539 3863 Θεοῦ
1571 3811 1708 3881 λόγῳ

169 3914 228 3950 τε
253 3906 345 3957 καὶ
368 3909 524 3978 νόμῳ,
559 3906 902 3976 συναγόμενα
922 3922 980 3957 τε
1009 3906 1100 3957 καὶ
1127 3901 1471 3971 συνδούμενα.

1810 3454 2071 3519 Quocirca
2101 3457 2250 3510 illum
2278 3457 2474 3511 bonum
2508 3458 2659 3511 aiunt
2705 3458 3081 3512 administrum
3117 3474 3146 3510 a
3175 3458 3332 3513 Patre

1810 3543 2085 3598 suffectum
2098 3560 2238 3607 esse,
2267 3555 2327 3600 ut
2355 3546 2510 3614 quasi
2534 3561 2627 3615 per
2655 3562 2819 3600 unum
2851 3546 3063 3614 penitus
3094 3548 3329 3615 sapiens,

1811 3635 2100 3704 vivensque
2131 3635 2575 3702 instrumentum,
2605 3635 3040 3705 artiﬁcialemque
3062 3650 3125 3689 ac
3157 3637 3330 3691 omnis

1812 3721 2046 3777 scientia:
2070 3723 2176 3777 vim
2205 3723 2261 3777 in
2277 3739 2334 3778 se
2361 3724 2640 3779 habentem
2668 3723 2926 3794 regulam,
2977 3724 3228 3780 universa
3262 3725 3330 3779 ab

1808 3812 1926 3881 ipso
1956 3823 2286 3882 regerentur,
2318 3820 2427 3869 tam
2456 3828 2683 3884 corpora
2713 3815 2849 3884 ipsa,
2871 3831 3030 3885 quam
3064 3830 3182 3884 ηοω
3217 3830 3334 3869 cor-

1812 3905 1958 3972 poris
1994 3906 2232 3972 expertia
2261 3912 2406 3970 sunt,
2435 3912 2543 3959 tam
2567 3906 2858 3961 animantia
2883 3922 3041 3975 quam
3074 3906 3329 3970 inanima,

173 3992 290 4038 tam
318 3992 584 4047 rationalia
598 4007 765 4063 quam
795 3992 973 4054 bruta,
1004 3998 1113 4044 tam
1141 3988 1389 4043 mortalia
1430 4002 1585 4055 quam
1620 3988 1957 4052 immortalia,
2028 4005 2091 4043 ac
2129 3991 2175 4044 si
2225 3991 2354 4060 quid
2394 3992 2536 4047 aliud
2567 4009 2671 4047 una
2701 4009 2822 4049 cum
2848 3994 2932 4048 his
2959 3995 3089 4050 exiit
3128 3994 3185 4048 in
3237 4008 3330 4047 na-

179 4083 370 4146 turam,
392 4098 596 4153 unaque
616 4083 776 4153 quasi
793 4088 1102 4136 contextum
1127 4089 1211 4134 est
1236 4097 1250 4132 :
1277 4092 1482 4131 necnon
1513 4085 1570 4129 ut
1602 4078 1692 4130 uni
1728 4092 1903 4131 rerum
1955 4079 2193 4132 omnium
2221 4083 2492 4150 potestati,
2529 4083 2725 4151 unique
2744 4084 2942 4138 viventi
3004 4090 3164 4152 atque
3217 4083 3332 4135 ani-

182 4177 340 4226 mata:
394 4176 507 4246 legi,
548 4192 612 4229 ac
684 4175 886 4229 rationi
935 4189 1053 4243 quae
1101 4175 1156 4226 in
1221 4172 1467 4227 omnibus
1525 4179 1685 4235 esset,
1721 4186 1919 4241 perque
1962 4174 2142 4228 omnia
2202 4183 2524 4243 penetraret,
2591 4179 2769 4233 omnia
2823 4176 3188 4238 convenirent,
3234 4174 3334 4228 sub

907 4375 981 4426 1".

200 4474 329 4552 'Oﬂ
350 4485 426 4552 μὴ
470 4488 711 4551 πλείους
760 4486 878 4539 υἱοὶ
938 4484 1044 4537 τοῦ
1086 4484 1184 4536 ἐπὶ
1239 4481 1471 4535 πάντων
1521 4484 1664 4536 Θεοῦ
1692 4525 1707 4547 ,

259 4550 421 4683 me
437 4555 498 4608 δὲ
525 4553 611 4622 εἷς
643 4550 713 4608 ἐκ
741 4554 889 4608 Θεοῦ
923 4554 1066 4617 Θεὸς
1104 4553 1363 4620 εὐλόγως
1393 4551 1530 4619 ἡμῖν
1568 4553 1711 4620 ἀνη-

388 4641 525 4677 erat.

273 4700 402 4772 Ἕνὺς
420 4713 472 4764 δὲ
490 4713 637 4775 ὄντος
674 4711 771 4764 τοῦ
794 4710 1029 4780 Πατρὸς,
1061 4708 1157 4761 ἕνα
1188 4708 1291 4778 χρὴ
1330 4710 1420 4761 καὶ
1449 4709 1538 4763 τὸν
1565 4711 1709 4777 Υἱὸν,

203 4786 319 4843 ἀλλά
343 4802 396 4851 οὐ
423 4802 636 4864 πολλοὺς
663 4799 825 4864 εἶναι,
856 4801 953 4853 καὶ
987 4799 1081 4850 ἕνα
1120 4798 1318 4850 τέλειον
1350 4798 1503 4866 μόνον
1537 4815 1715 4871 γεννη-

201 4872 280 4923 τδν
305 4881 421 4943 Θεὸν
454 4894 514 4943 ἐκ
537 4860 689 4955 Θεοῦ,
723 4860 839 4943 ἀλλ’
866 4890 928 4940 οὐ
960 4888 1193 4950 πλείους.
1233 4888 1317 4939 Ἑν
1348 4860 1453 4957 γὰρ
1483 4860 1713 4943 πλείοσιν

104 4986 107 5009 θ
201 4960 416 5051 ἒτερτῖτης
449 4982 595 5035 ἔσται
624 4983 718 5034 καὶ
767 4977 1008 5047 διαφορὰ
1052 4979 1144 5030 καὶ
1188 4977 1281 5029 τοῦ
1313 4978 1542 5046 χείρονος
1573 4982 1712 5033 εἱσα-

193 5058 345 5130 tum.
375 5072 458 5123 Διὸ
477 5073 538 5141 δὴ
571 5066 653 5134 εἷς
692 5070 852 5132 Θεὸς,
884 5067 1006 5129 ἐνὸς
1042 5067 1168 5118 Υίοῦ
1197 5065 1392 5117 τελείου
1429 5067 1520 5118 καὶ
1560 5084 1712 5135 μονο-

183 5147 384 5226 ξῖενῗδῧς,
416 5161 524 5214 ἀλλ’
553 5162 616 5213 οὐ
664 5159 935 5211 πλειόνων
1000 5155 1134 5207 θεῶν
1182 5153 1288 5206 οὐδ’
1340 5153 1468 5205 υἰῶν
1509 5157 1710 5226 πατήρ·

176 5216 279 5317 tua!
433 5250 559 5319 μιᾶς
587 5245 762 5313 οὔσης
802 5240 988 5309 φωτὸς
1016 5238 1214 5300 οὐσίας,
1258 5238 1382 5305 μίαν
1413 5237 1504 5289 καὶ
1534 5216 1714 5307 and:

168 5319 328 5407 ἰυτοζ,
355 5339 691 5407 γεννωμένην
720 5330 942 5385 τελείαν
975 5327 1138 5396 αὐτὴν
1169 5327 1317 5377 πᾶσα
1347 5325 1547 5395 ἀνάγκη
1576 5327 1715 5381 τίθε-

190 4272 348 4312 unum
374 4265 545 4334 utique
575 4265 813 4335 perfecte
841 4266 1056 4332 sapiens
1086 4262 1380 4323 vinculum,
1413 4260 1585 4330 ipsum
1623 4262 1828 4315 scilicet
1864 4260 1956 4316 Dei
1997 4264 2214 4318 verbum
2243 4264 2521 4334 ipsamque
2541 4265 2729 4335 legem,
2770 4275 2951 4321 coacta
2973 4274 3027 4319 et
3062 4266 3332 4335 colligata.

2444 4376 2596 4448 147
2628 4378 2709 4432 ιιι.

1816 4482 1968 4555 Quod
1997 4500 2097 4555 non
2139 4484 2309 4555 plures
2357 4488 2579 4552 supremi
2608 4487 2701 4540 Dei
2731 4488 2848 4555 ﬁlii,
2885 4486 2972 4540 sed
3019 4502 3150 4538 unus
3195 4487 3336 4544 solus

1935 4551 1996 4604 de
2025 4551 2318 4619 Deo’Deus,
2348 4555 2469 4622 jure
2493 4572 2526 4607 a
2558 4555 2700 4609 nobis
2722 4551 2992 4624 praedicari
3023 4558 3204 4607 soleat.

1877 4701 2157 4766 Creterum,
2189 4720 2311 4758 cum
2341 4693 2501 4760 'unus
2551 4707 2621 4760 sit
2679 4706 2855 4770 Pater,
2893 4705 3082 4759 Filium
3123 4719 3335 4771 quoque

1814 4808 2001 4854 unum,
2032 4808 2137 4845 non
2155 4794 2332 4860 plures
2348 4810 2466 4849 esse
2491 4802 2717 4865 oportet,
2747 4810 3014 4863 unumque
3043 4792 3335 4861 perfectum

1813 4884 1984 4938 solum
2013 4882 2248 4951 genitum
2273 4882 2438 4937 Deum
2467 4884 2532 4939 de
2552 4884 2678 4951 Deo,
2708 4898 2818 4937 non
2845 4892 3017 4936 autem
3043 4881 3243 4948 plures.
3276 4881 3336 4934 1n

1812 4974 2053 5045 pluribus
2083 4974 2224 5027 enim
2249 4972 2528 5028 diversitas
2561 4974 2660 5027 erit
2684 4987 2747 5026 ac
2768 4970 3080 5033 differentia,
3106 4967 3345 5024 deterio-

1812 5068 1991 5133 risque
2016 5062 2357 5116 introductio.
2406 5061 2581 5127 Quare
2635 5078 2773 5117 unus
2818 5062 2973 5124 Deus,
3022 5056 3183 5113 unius
3213 5057 3339 5114 Filii

1813 5153 2033 5224 perfecti
2065 5160 2223 5220 atque
2254 5152 2418 5214 unici,
2454 5167 2560 5205 non
2615 5153 2847 5221 plurium
2904 5149 3127 5203 deorum
3166 5163 3343 5217 neque

1814 5242 2042 5295 filiorum
2078 5247 2253 5308 pater;
2284 5238 2534 5308 quoniam
2566 5253 2687 5292 cum
2721 5236 2939 5291 luminis
2976 5249 3191 5304 quoque
3239 5250 3347 5288 una

1813 5333 1883 5385 sit
1909 5329 2155 5391 essentia,
2196 5328 2363 5396 ipsam
2392 5328 2514 5382 item
2551 5342 2669 5395 ηοω
2698 5341 2758 5380 ex
2789 5341 2854 5381 eo
2882 5330 3192 5395 generetur,
3226 5338 3351 5390 per-

164 5389 309 5498 ἵῗίιί-
337 5389 395 5480 ί
423 5389 530 5498 γὰρ
572 5389 655 5479 δᾶν
699 5422 801 5475 καὶ
846 5418 981 5471 ἄλλο
1015 5389 1251 5483 γέννημα
1284 5389 1467 5480 φωτὸς
1495 5389 1716 5471 ἑέτινοεῖν

155 5409 309 5488 ἶσαι,
337 5429 395 5480 τί
423 5429 530 5488 γὰρ
584 5426 653 5479 ειν
699 5422 801 5475 καὶ
846 5418 981 5471 ἄλλο
1015 5417 1251 5483 γέννημα
1284 5413 1450 5480 φωτὸς
1495 5416 1716 5471 ἐπινοεῖν
1815 5419 2002 5473 fectam
2030 5432 2187 5470 unam
2218 5432 2431 5485 ponere,
2458 5418 2631 5472 omnis
2660 5418 2800 5488 cogit
2826 5415 3145 5471 necessitas:
3177 5409 3356 5475 Quam

171 5490 387 5586 ἴζὶτδν,
418 5490 646 5586 praeﬁxi
680 5508 868 5578 μόνην
895 5503 1002 5572 τὴν
1034 5502 1088 5566 ἐξ
1120 5498 1277 5552 αὐτοῦ
1303 5498 1367 5551 τὰ
1400 5499 1561 5554 πάντα
1584 5504 1710 5574 πλη-

1814 5509 1954 5561 enim
1982 5506 2134 5558 aliam
2159 5512 2409 5572 praeterea
2436 5506 2667 5560 sobolem
2704 5503 2925 5559 luminis
2952 5500 3192 5569 cogitare
3231 5511 3362 5586 pos-

138 5568 344 5662 ῗῗδαν
372 5568 493 5657 ικαὶ.
524 5568 1026 5661 καΙταλάμ-ττουσαν
1071 5589 1304 5649 enim;
1355 5588 1455 5639 πᾶν
1505 5590 1602 5662 γὰρ
1651 5568 1712 5645 μέδ

172 5580 344 5671 71"”
373 5580 493 5657 καί
524 5580 1026 5661 καταλάμπουσαν
1071 5589 1256 5640 ἀκτῖνα
1290 5602 1304 5649 ;
1355 5588 1455 5639 πᾶν
1505 5590 1602 5662 γὰρ
1651 5595 1712 5645 τὸ
1816 5611 2019 5660 sumus,
2055 5593 2155 5648 nisi
2182 5609 2345 5646 unum
2389 5592 2582 5662 ipsum,
2604 5594 2693 5663 qui
2723 5610 2789 5648 ex
2824 5592 2950 5659 ipso
2974 5580 3373 5671 proficiscitur,

129 5654 217 5703 τίς
758 5654 773 5661 ’
886 5654 1633 5715 ρ.;σ.π.’,,υ,”,

222 5688 343 5766 Ἰης
368 5694 656 5762 ἀλλότριον
700 5680 908 5739 σκότος
950 5676 1019 5729 ὅ.)
1056 5692 1135 5746 ε.η
1167 5692 1255 5726 ια.
1293 5691 1351 5727 Ου
1384 5693 1499 5743 τως.
1533 5680 1710 5754 Ταυτῃ

1817 5654 2095 5755 omniaque
2144 5683 2370 5752 complet
2408 5654 2578 5754 atque
2622 5654 2878 5746 illustrat,
2913 5654 3166 5732 radium?
3200 5667 3384 5731 Qum-
