3862 6344
911 395 1014 449 255

1558 368 1820 446 EUSEBI!
1850 388 2322 447 CIESARIENSIS
2357 387 2503 443 OPP.
2548 385 2724 440 PARS
2759 387 2821 439 ll.
2861 415 2930 427 -—-
2965 382 3432 439 APOLOGETIC

908 510 1032 580 quid
1070 509 1207 562 enim
1248 507 1317 560 ab
1348 508 1447 560 hoc
1482 508 1710 562 alienum
1762 509 1938 574 fuerit,
1966 510 2194 564 tenebrae
2242 514 2420 572 erunt,

1899 518 1938 574 t,
1966 510 2194 564 tenebrae
2242 514 2420 572 erunt,
2455 512 2495 567 Α
2524 524 2600 560 τοι
2634 505 2833 558 καὶτοῦ
2865 506 3074 558 πάντων
3107 503 3417 555 ἀνωτάτου

911 616 1012 655 non
1042 599 1235 651 lumen.
1264 596 1468 653 Idcirco
1492 600 1649 655 etiam
1706 603 1941 671 supremi
1968 601 2202 654 omnium
2234 598 2432 653 Paren-

909 689 977 740 tis
1008 700 1128 738 cum
1175 685 1351 740 lumen
1380 689 1467 751 sit,
1492 691 1629 757 quod
1661 692 1819 745 nullis
1849 688 2022 745 verbis
2058 688 2433 757 comprehendi

909 780 1100 843 potest.
1140 789 1205 827 ne
1236 775 1409 829 simile
1440 777 1651 844 quidem
1679 779 1842 831 ullum
1879 779 2215 848 propriumve
2257 791 2435 830 exem-

908 865 1022 932 plar
1058 863 1239 925 fuerit,
1269 874 1461 934 praeter
1491 867 1663 934 ipsum
1694 869 1795 922 hoc
1833 870 2026 930 solum,
2055 868 2192 936 quod
2222 865 2434 935 quidem

907 954 1081 1022 ipsum
1125 953 1323 1018 dicere,
1356 956 1479 1010 item
1501 957 1567 1011 de
1588 958 1742 1019 Filio,
1772 957 1852 1012 las
1879 969 1993 1024 est;
2023 955 2272 1025 Splendor
2293 954 2435 1008 enim

907 1051 988 1098 est
1014 1044 1230 1098 luminis
1263 1048 1594 1114 sempiterni,
1619 1048 1997 1117 speculumque
2038 1045 2436 1098 immaculatum

911 1132 1100 1187 divinae
1135 1134 1432 1196 evidentiae,
1465 1143 1518 1189 et
1547 1138 1718 1206 imago
1759 1137 2010 1191 bonitatis
2059 1135 2196 1203 ejus.
2222 1134 2297 1186 Ex
2334 1149 2439 1202 quo

911 1219 1038 1273 illud
1067 1221 1262 1275 dictum
1293 1232 1374 1276 est
1407 1241 1419 1276 :
1459 1243 1477 1275 ‹
1516 1225 1613 1288 Qui
1644 1240 1765 1277 cum
1793 1225 1863 1278 sit
1887 1223 2138 1293 splendor
2165 1222 2364 1292 gloriae,
2389 1229 2442 1274 et

912 1310 1077 1381 ﬁgura
1127 1313 1435 1367 substantia:
1481 1314 1675 1381 ejus".
1729 1332 1748 1365 ι
1793 1315 2052 1367 Cmterum
2115 1327 2144 1365 a
2200 1309 2440 1365 sensibili

907 1400 1122 1469 quidem
1164 1402 1360 1456 lumine
1387 1403 1637 1470 splendor
1666 1401 1903 1470 separari
1951 1418 2056 1454 non
2095 1409 2270 1470 potest
2305 1419 2318 1454 :
2350 1398 2442 1452 Fi-

911 1491 1014 1545 lius
1053 1496 1228 1544 autem
1271 1507 1512 1546 seorsum
1545 1508 1574 1546 a
1613 1490 1768 1545 Patre
1812 1506 1905 1560 per
1936 1494 2167 1560 seipsum
2196 1490 2445 1544 subsistit

909 1586 962 1633 et
993 1579 1205 1632 luminis
1236 1579 1446 1647 quidem
1490 1581 1738 1648 splendor
1775 1581 1950 1633 locum
1980 1578 2271 1633 ellicientite
2306 1575 2445 1630 obti-

909 1676 1029 1736 net;
1064 1676 1118 1721 at
1144 1668 1309 1724 Filius
1339 1672 1480 1723 aliud
1523 1671 1769 1739 quiddam
1803 1684 1963 1738 quam
2011 1668 2304 1723 secundum
2335 1665 2443 1720 elIl~

911 1758 1157 1812 cientiam
1207 1768 1306 1824 est,
1338 1774 1443 1813 non
1503 1777 1596 1829 per
1644 1761 1877 1829 seipsnm
1922 1760 2104 1829 utique
2155 1758 2441 1812 essentiam

2530 598 2619 659 τὸς
2639 597 2802 659 ὄντος,
2836 595 2983 647 οὐδὲν
3027 595 3120 664 μὲν
3149 608 3434 664 προσφερ

2530 687 2731 755 γένοιτο
2760 687 3120 756 παράδειγμα,
3153 682 3309 752 πλὴν
3347 684 3434 734 ὃσι

2531 776 2593 847 δὴ
2622 778 2712 829 καὶ
2743 777 2902 844 φάναι
2955 776 3086 842 ’περὶ⁵
3136 773 3279 825 Υίοῦ
3326 767 3434 823 οἷό·

2533 867 2643 917 ἐστι
2669 864 2835 932 φωτὸς
2863 863 3054 928 ἀῖδίου,
3073 864 3187 915 οιαὶ
3224 861 3434 928 ἕσοπτγ

2531 953 2662 1006 Θεοῦ
2714 953 3004 1024 ἐνεργείας,
3049 953 3141 1004 καὶ
3182 948 3369 1003 εἰκὼν
3414 965 3434 998 1

2533 1046 2621 1097 Διὸ
2654 1045 2888 1114 εἴρηται·
2923 1061 2941 1093 ι
2974 1044 3069 1103 Ὃς
3099 1039 3176 1093 ὣν
3205 1038 3434 1104 ἁπαύγ‹

2538 1137 2740 1209 ρακτὴρ
2767 1136 2861 1204 τῆς
2893 1132 3249 1195 ὑποστάσεως
3288 1132 3434 1183 αὐτο

2537 1225 2727 1294 σθητοῦ
2752 1224 2921 1293 φωτὸς
2972 1223 3289 1294 ἀχώριστος
3327 1224 3365 1290 ἡ
3418 1238 3434 1272 ε

2537 1316 2682 1385 παρὰ
2705 1315 2792 1366 τὸν
2822 1314 3035 1384 Πατέρα
3066 1312 3195 1365 καθ’
3225 1310 3434 1364 ἑαυτὸν

2542 1407 2635 1475 μὲν
2659 1407 2690 1474 ἡ
2725 1403 2861 1473 αὐγὴ
2895 1402 3074 1472 χώραν
3100 1401 3418 1472 ἐνεργείας

2536 1511 2588 1546 τι
2627 1492 2822 1564 ῆκατὰ
2859 1490 3134 1562 ἐνέργειαν
3172 1491 3434 1560 τυγχάνε

2542 1582 2712 1654 μένος.
2748 1583 2853 1634 Καὶ
2883 1581 3097 1650 πάλινή
3133 1581 3240 1650 μὲν
3283 1579 3434 1646 αὖ)γὶ

2542 1671 2955 1742 συμπληρωτική
2983 1687 3065 1732 τις
3095 1666 3236 1721 οὖσα
3275 1669 3433 1720 αὐτο

2541 1757 2604 1811 ἂν
2636 1758 2895 1827 ὑποσταίη
2921 1759 3051 1825 φῶς,
3074 1755 3213 1827 ὁμοῦ
3250 1773 3317 1808 τε
3359 1774 3434 1809 κα

912 1854 1120 1911 nactus,
1153 1845 1245 1901 sed
1276 1862 1303 1899 a
1344 1846 1516 1900 Patre.
1556 1845 1764 1901 Rursus
1812 1847 2064 1916 splendor
2105 1845 2264 1901 simul
2301 1844 2437 1898 exsi-

1897 1847 2064 1900 endor
2105 1845 2264 1901 simul
2301 1844 2442 1898 exsi-
2472 1842 2514 1896 Β
2542 1866 2651 1901 κεν.
2685 1850 2742 1900 '0
2773 1848 2828 1900 δὲ
2859 1848 3041 1918 Πατὴρ
3076 1847 3422 1917 προῦπάρχε

910 1934 1002 1989 stit
1041 1951 1162 1989 cum
1218 1935 1444 1997 lumine,
1496 1936 1733 2005 illudque
1781 1934 2171 2005 quodammodo
2214 1933 2441 2001 complet

911 2027 1055 2097 (nam
1090 2027 1204 2081 sine
1238 2027 1517 2094 splendore
1563 2042 1668 2081 non
1718 2027 1965 2082 consistit
2007 2025 2223 2092 lumen),
2254 2024 2444 2080 simul-

912 2132 1017 2187 que
1071 2132 1191 2171 eum
1253 2119 1363 2181 illo,
1417 2128 1471 2172 et
1517 2120 1806 2173 secundum
1839 2118 1969 2173 illud
2008 2117 2254 2173 subsistit
2286 2135 2298 2170 :
2332 2123 2384 2168 at
2414 2129 2445 2167 a

916 2203 1071 2262 Patre
1099 2207 1264 2261 Filius
1295 2208 1553 2278 procedit,
1585 2217 1637 2262 et
1670 2209 1817 2262 illum
1842 2214 2080 2278 generat,
2113 2214 2167 2259 at
2198 2206 2311 2274 ipse
2339 2220 2446 2257 non

915 2297 1123 2364 genitus
1153 2305 1237 2351 est
1267 2315 1280 2351 :
1320 2309 1371 2352 et
1402 2299 1491 2352 ille
1512 2298 1725 2368 quidem
1754 2314 1849 2368 per
1880 2313 1938 2352 se
1968 2297 2144 2368 ipsum
2179 2294 2447 2366 perfectus

915 2396 990 2440 ac“
1021 2386 1223 2455 primus
1273 2397 1522 2458 tanquam
1555 2388 1730 2452 Pater,
1760 2398 1811 2442 et
1838 2388 1932 2456 qui
1967 2396 2155 2441 auctor
2182 2386 2252 2440 sit
2277 2392 2334 2439 ut
2363 2381 2447 2436 Fi-

917 2473 1019 2528 lius
1065 2475 1345 2541 consistat,
1377 2477 1510 2530 nihil
1562 2491 1591 2528 a
1639 2475 1772 2530 Filio
1822 2476 2110 2543 accipiens.
2138 2490 2243 2544 quo
2297 2488 2446 2527 suam

916 2572 1159 2618 naturam
1209 2581 1312 2634 qua
1360 2564 1498 2620 Deus
1546 2574 1626 2620 est
1667 2567 1926 2635 compleat
1963 2585 1976 2620 :
2008 2566 2094 2619 hic
2122 2575 2295 2619 autem
2329 2573 2449 2617 tan-

917 2669 1074 2724 quam
1109 2672 1172 2710 ex
1206 2672 1367 2711 causa
1396 2656 1666 2726 profectus
1693 2656 1878 2720 Filius,
1914 2656 2050 2710 alius
2083 2656 2149 2710 ab
2182 2656 2272 2708 illo
2295 2655 2449 2723 cujus

917 2753 1000 2798 est
1034 2744 1201 2800 Filius
1237 2748 1465 2812 exsistit,
1503 2748 1697 2816 quippe
1725 2746 1817 2815 qui
1850 2760 1880 2799 a
1907 2745 2064 2800 Patre
2105 2753 2162 2798 ut
2201 2754 2253 2800 et
2296 2746 2364 2799 sit
2397 2750 2450 2799 et

919 2835 1040 2890 talis
1073 2838 1141 2891 sit
1174 2839 1456 2906 acceperit.
1489 2836 1645 2907 148
1673 2835 1877 2890 Rursus
1929 2835 2179 2904 splendor
2233 2835 2447 2904 quidem

920 2937 1026 2976 non
1058 2941 1123 2979 ex
1156 2927 1430 2996 pr0posito
1466 2936 1517 2979 et
1541 2925 1810 2978 voluntate
1840 2924 2059 2978 luminis
2082 2921 2452 2993 splendet,sed

921 3016 1211 3069 secundum
1254 3015 1502 3084 quiddam
1542 3014 1683 3082 quod
1711 3014 1776 3066 ad
1806 3013 2095 3067 essentiam
2138 3012 2281 3065 illius
2311 3011 2453 3066 inse-

922 3104 1231 3173 parabiliter
1260 3104 1453 3156 accidit
1486 3121 1499 3155 ε
1525 3102 1691 3156 Filius
1722 3117 1849 3157 vero
1875 3118 1935 3157 ex
1966 3102 2227 3155 sententia
2251 3109 2304 3155 et
2337 3115 2454 3169 pro—

924 3195 1098 3263 posito
1123 3195 1295 3263 imago
1315 3193 1487 3247 Patris
1516 3194 1742 3248 exsistit.
1769 3191 1962 3247 Volens
1988 3193 2129 3246 enim
2163 3190 2301 3246 Deus
2333 3189 2449 3243 Filii

922 3281 1081 3336 Pater
1130 3282 1358 3342 exsistit,
1400 3288 1453 3334 et
1500 3283 1724 3333 alterum
1762 3280 1937 3333 lumen
1975 3279 2030 3332 in
2072 3279 2319 3333 omnibus
2353 3278 2452 3332 sibi

926 3372 1028 3443 ipsi
1055 3373 1229 3427 simile
1253 3370 1530 3426 substituit
1558 3390 1571 3422 :
1609 3385 1728 3423 cum
1758 3384 1884 3438 ergo
1916 3384 2022 3422 non
2058 3369 2292 3437 genitum
2317 3384 2457 3423 sem-

927 3464 1299 3532 piternumque
1319 3462 1495 3514 lumen
1528 3476 1690 3513 unum
1720 3461 1807 3521 sit,
1830 3459 1919 3528 qui
1944 3459 2055 3513 ﬁeri
2082 3464 2254 3527 potest
2278 3468 2332 3512 ut
2358 3460 2459 3512 hoc

929 3554 1197 3608 diversum
1236 3554 1306 3608 sit
1333 3553 1402 3606 ab
1435 3553 1525 3605 illo
1558 3552 1721 3606 veluti
1753 3551 1925 3620 imago
1956 3550 2232 3620 quaedam?
2261 3566 2323 3605 ac
2352 3566 2457 3604 non

932 3644 1109 3714 potius
1154 3642 1403 3710 splendor
1444 3656 1675 3712 quoque,
1721 3640 1859 3710 quod
1899 3654 2048 3709 azque
2077 3641 2254 3692 lumen
2286 3639 2375 3705 sit,
2406 3639 2459 3692 in

932 3733 1179 3786 omnibus
1221 3733 1621 3786 similitudinem
1669 3732 1824 3800 primi
1872 3729 2193 3799 exemplaris
2242 3743 2459 3783 conser-

933 3822 1099 3876 vans?
1138 3821 1413 3887 Quomodo
1470 3840 1594 3877 vero
1646 3824 1792 3878 illius
1841 3823 1965 3877 item
1999 3820 2142 3890 quod
2188 3835 2353 3873 unum
2382 3827 2462 3873 est

934 3906 1108 3975 Imago
1155 3907 1344 3970 luerit;
1376 3912 1421 3962 si
1462 3925 1566 3963 non
1597 3926 1700 3964 una
1737 3913 1849 3978 ipsa
1883 3922 2093 3977 quoque
2121 3908 2211 3967 sit,
2237 3913 2293 3957 ut
2319 3905 2464 3957 vide-

935 3999 1058 4057 licet
1087 4014 1190 4052 non
1225 4000 1395 4053 solum
1421 4005 1666 4057 essentia:
1688 4004 1804 4071 ejus
1824 4001 1963 4072 quod
1990 4002 2217 4069 primum
2243 4006 2342 4063 est,
2371 3996 2463 4051 sed

937 4085 1099 4144 etiam
1149 4086 1266 4154 ejus
1317 4089 1409 4157 qui
1453 4090 1520 4143 ad
1570 4092 1920 4160 quantitatem
1971 4088 2218 4156 pertinet,
2257 4084 2465 4138 numeri

939 4175 1336 4230 similitudinem
1361 4176 1616 4232 inducat?
1645 4180 1717 4232 ita
1743 4177 1957 4247 quidem
1990 4182 2047 4227 ut
2079 4173 2239 4227 unius
2265 4171 2463 4240 sempi-

938 4268 1074 4321 terni
1097 4266 1314 4322 luminis
1336 4284 1497 4322 unum
1531 4271 1601 4324 sit
1630 4270 1919 4341 perlectum
1950 4268 2146 4328 lumen,
2167 4281 2270 4320 non
2291 4273 2466 4318 autem

939 4358 1148 4412 diversa
1181 4365 1234 4413 et
1264 4359 1434 4427 plura,
1462 4360 1516 4413 id
1560 4361 1701 4429 quod
1739 4359 1966 4428 primum
1989 4366 2043 4410 et
2073 4356 2288 4409 unicum
2314 4354 2465 4425 geni-

2540 1937 2732 1999 νέσεως
2771 1936 2929 1989 αὐτοῦ
2961 1936 3394 2006 προῦφέστηκεν
3422 1975 3434 1998 ,

2542 2027 2648 2079 Καὶ
2671 2028 2698 2078 ὁ
2727 2028 2820 2096 μὲν
2844 2024 2959 2079 καθ’
2978 2027 3166 2078 ἑαυτὸν
3188 2025 3417 2087 τέλειος

2542 2116 2633 2166 καὶ
2663 2115 2757 2184 τῆς
2810 2113 2899 2166 τοῦ
2934 2112 3058 2165 Υἱοῦ
3082 2112 3417 2175 συστάσεως

2543 2206 2816 2275 πλήρωσιν
2846 2204 2941 2273 τῆς
2966 2201 3156 2255 ἑαυτοῦ
3193 2201 3434 2272 Θεότητο

2544 2297 2748 2350 ϐάνων·
2784 2298 2811 2347 ὁ
2832 2294 2886 2346 δὲ
2915 2294 2987 2356 Co;
3019 2291 3078 2356 ἐξ
3110 2292 3291 2344 αἰτίου
3328 2308 3434 2360 γεγ

2544 2391 2687 2440 ἐστιν
2715 2386 2838 2449 Υἱὸς
2859 2384 3180 2452 καθέστηκε,
3205 2382 3368 2453 παρὰ
3403 2400 3434 2434 τ

2545 2480 2637 2531 καὶ
2667 2475 2865 2528 τοιόσδε
2892 2470 3024 2526 εἶναι
3059 2472 3323 2543 εἰληφώς.
3364 2474 3434 2524 Kc

2545 2568 2684 2618 κατὰ
2711 2564 3018 2635 προαίρεσιν
3049 2561 3141 2613 τοῦ
3161 2562 3346 2629 φωτὸς
3380 2562 3434 2612 ὲ)

2546 2656 2728 2719 οὐσίας
2764 2672 2823 2706 συ
2833 2652 3099 2723 μὸεϐηκὺς
3119 2651 3434 2722 ἀχώριστοι.

2552 2764 2653 2817 μην
2692 2746 2782 2797 καὶ
2816 2744 3126 2814 προαίρεσιν
3161 2741 3333 2795 εἰκὼν
3366 2743 3434 2794 ὑτ

2548 2838 2726 2907 ληθεὶς
2755 2838 2860 2906 γὰρ
2882 2837 2908 2886 ὁ
2928 2835 3058 2896 Θεὸς
3087 2833 3317 2901 γέγονεν
3344 2834 3434 2885 Tit

2547 2946 2697 2999 τερον
2730 2926 2866 2981 κατὰ
2887 2928 3057 2979 πάντα
3080 2924 3261 2995 ἐαυτῷ
3294 2926 3427 2993 ἀφω

2561 3021 2841 3088 Ἀγενήτου
2885 3015 3167 3087 τοιγαροῦν
3208 3016 3301 3067 καὶ
3347 3016 3434 3063 ἐιτὲ

2553 3111 2666 3173 πῶς
2696 3109 2759 3161 ἂν
2785 3109 2986 3175 γένοιτο
3009 3106 3135 3159 ἄλλο
3160 3103 3364 3169 οῖάτις
3401 3126 3427 3158 ε

2554 3202 2667 3270 φῶς
2690 3200 2826 3252 κατὰ
2845 3199 3018 3251 πάντα
3037 3197 3096 3249 τὸ
3118 3198 3362 3268 ἐμφερὲς
3389 3201 3434 3250 τέ

2555 3291 2669 3353 πῶς
2699 3291 2740 3343 δ’
2776 3290 2839 3342 ἂν
2882 3291 2975 3341 καὶ
3018 3288 3183 3341 αὐτοῦ
3214 3288 3311 3341 τοῦ
3347 3290 3434 3341 ὲνὲ

2554 3382 2644 3434 καὶ
2692 3382 2724 3449 ἠ
2780 3379 2912 3448 αὑτὴ
2956 3373 3117 3442 οὗσα;
3150 3379 3301 3440 ὅπως
3342 3378 3421 3448 μὴ

2556 3473 2786 3544 πρώτου,
2828 3470 2960 3524 ἀλλὰ
2994 3472 3099 3535 καὶ.Δ
3126 3471 3220 3524 τοῦ
3267 3473 3414 3525 κατὰ

2557 3566 2805 3635 ὁμοίωσιν
2834 3563 3104 3630 ἐπάγοιτο,
3141 3561 3272 3615 ὥσθ’
3305 3564 3430 3626 ἐνὸς

2558 3656 2614 3709 ἓν
2641 3656 2699 3708 τὸ
2726 3655 2944 3719 τέλειον,
2974 3652 3086 3705 ἀλλ’
3118 3653 3179 3705 οὐ
3224 3652 3434 3724 scaeas).

2560 3749 2651 3801 καὶ
2678 3745 2956 3816 μονογενὲς
2997 3744 3245 3813 ἔκγονον,
3290 3746 3426 3797 αὐτὸ

2561 3836 2767 3905 πρῶτον
2796 3833 2931 3904 μετὰ
2961 3834 3057 3905 τὴν
3090 3832 3322 3904 ἄναρχον
3356 3838 3433 3887 κα

2559 3925 2873 3995 λογούμενον
2899 3925 3096 3978 τέλειον
3126 3925 3349 3993 ἀγαθόν.
3394 3927 3434 3979 "l

2560 4015 2681 4086 τρὸς
2712 4015 2805 4065 καὶ
2830 4013 2919 4065 τὸν
2961 4014 3087 4067 Υίὸν
3119 4011 3271 4069 εἶναι.
3320 4017 3433 4069 Καὶ

2563 4106 2917 4175 ὑποκειμένης
2957 4105 3097 4168 τινος
3146 4107 3434 4178 προϊούσης

2564 4196 2730 4262 αὐτὴν
2756 4195 3121 4265 προχεομένην
3146 4196 3324 4266 ἡδεῖαν
3348 4199 3428 4261 είς

2565 4285 2843 4356 διαφόρους
2882 4286 2972 4338 καὶ
3013 4285 3210 4348 πολλὰς
3261 4292 3434 4360 προσή

2566 4376 2698 4444 δῆτα
2721 4372 2931 4445 πρώτου
2965 4377 3059 4428 καὶ
3084 4377 3240 4445 μόνου
3276 4379 3434 4446 ἁγαθ‹

940 4456 1074 4512 tum,
1098 4446 1404 4515 editumque
1442 4458 1543 4512 est,
1579 4448 1753 4515 ipsum
1794 4445 1976 4514 utique
2018 4443 2149 4497 illud
2179 4443 2465 4512 perfectum

1914 4459 1976 4498 ¹¹θ
2018 4443 2149 4497 illud
2179 4443 2467 4512 perfectum
2504 4470 2539 4521 Ι.)
2566 4443 2686 4528 λεὺς
2706 4443 2852 4527 Θεὸς,
2879 4464 2952 4534 νῷ
2980 4467 3071 4518 καὶ
3087 4443 3288 4540 διανοίᾳ
3309 4443 3433 4540 ληπ·

939 4538 1159 4601 bonum,
1192 4537 1258 4591 de
1305 4550 1411 4606 quo
1451 4551 1560 4589 uno
1603 4551 1701 4590 nos
1730 4548 1963 4603 quoque,
1993 4539 2112 4601 post
2132 4547 2248 4588 eam
2270 4548 2387 4601 qua:
2417 4542 2470 4586 et

939 4627 1220 4700 principio,
1242 4633 1295 4679 et
1321 4633 1440 4679 ortu
1471 4633 1616 4680 caret
1636 4623 1949 4687 essentiam,
1984 4632 2041 4676 ut
2071 4621 2137 4677 de
2166 4622 2271 4676 Deo
2299 4622 2471 4691 loqui-

942 4735 1080 4774 mur.
1121 4719 1289 4775 Unius
1334 4733 1460 4787 ergo
1489 4717 1661 4771 Patris
1690 4731 1854 4772 unum
1889 4729 2006 4770 esse
2025 4712 2216 4770 Filium
2241 4721 2466 4785 oportet.

944 4812 1075 4867 Nam
1119 4811 1164 4866 si
1219 4809 1519 4879 fragrantia)
1548 4821 1713 4877 genus
1740 4821 1903 4859 unum
1930 4821 1996 4860 ex
2024 4807 2199 4877 aliqua
2229 4806 2470 4876 subjecta

944 4920 1003 4959 re
1034 4902 1422 4973 proﬁciscatur,
1456 4913 1617 4951 unum
1660 4911 1870 4966 quoque
1901 4903 1955 4950 et
1988 4897 2253 4960 eumdem,
2277 4896 2369 4963 qui
2416 4895 2470 4947 in

944 5008 1128 5047 omnes
1157 4990 1484 5046 dill‘undalur
1512 5001 1726 5042 suavem
1758 4987 1996 5049 odorem,
2026 5001 2131 5040 non
2158 4986 2398 5040 diversos
2420 4989 2471 5037 et

947 5079 1127 5144 plures
1166 5077 1317 5132 fateri
1355 5093 1449 5148 par
1477 5083 1578 5131 est.
1605 5074 1739 5129 Cum
1776 5074 1940 5143 igitur
1967 5075 2195 5143 primum
2224 5071 2353 5126 illud
2384 5085 2473 5125 so-

951 5164 1164 5231 lumque
1201 5167 1417 5229 bonum,
1443 5166 1533 5236 qui
1560 5174 1640 5220 est
1665 5166 1899 5219 omnium
1930 5175 2178 5234 regnator
2206 5162 2366 5223 Deus,
2394 5161 2473 5215 di-

956 5253 1128 5305 vinam
1153 5253 1471 5324 vitalemque
1498 5256 1863 5326 fragrantiam,
1902 5272 2017 5326 quae
2037 5255 2216 5309 animo
2244 5258 2298 5305 et
2327 5249 2475 5317 COgi-

951 5341 1152 5394 tatione
1197 5338 1449 5395 duntaxat
1497 5349 1869 5414 comprehendi
1918 5353 2110 5419 potest,
2145 5340 2472 5412 produxerit,

959 5443 1116 5485 unam
1138 5428 1276 5482 hanc
1326 5429 1407 5484 fas
1450 5444 1531 5486 est
1563 5435 1872 5509 intelligere,
1913 5439 2094 5511 plures
2137 5434 2307 5489 nefas.
2337 5431 2474 5498 Quid

953 5523 1097 5579 enim
1120 5536 1240 5576 esse
1270 5527 1461 5590 Ροῐεει»
1488 5527 1626 5592 quod
1651 5531 1860 5599 quidem
1884 5535 1949 5589 ab
1969 5533 2068 5587 hac
2095 5528 2362 5585 diversum
2385 5524 2475 5592 sit,

1025 5723 1072 5758 ³⁸
1099 5718 1258 5775 Hebr.
1288 5734 1325 5786 ι,
1345 5719 1395 5774 '5.

2568 4555 2788 4609 εὐωδίαν
2803 4555 3258 4624 ὐποστησαμὲνου,
3278 4558 3403 4628 μίαν
3424 4579 3434 4592 -

2568 4647 2796 4700 ἐπινοεῖν
2823 4645 2993 4715 θέμις.
3029 4644 3093 4697 Τί
3119 4647 3225 4718 γὰρ
3250 4649 3311 4701 ἂν
3347 4654 3434 4703 καὶ

2569 4735 2707 4788 κατὰ
2746 4734 2919 4787 πάντα
2946 4733 3022 4803 τῷ
3054 4736 3227 4808 Πατρὶ
3251 4740 3434 4811 ἀφωμο

2571 4821 2899 4890 ὑποϐεϐηκὸς
2930 4823 3025 4874 καὶ
3073 4829 3277 4896 χεῖρον;
3308 4828 3334 4880 δ
3371 4833 3430 4883 οὐ

2571 4911 2697 4964 Υἱοῦ
2731 4910 2972 4982 θεολογίᾳ
3014 4921 3413 4986 παρεισακτὲον.

2570 5003 2661 5055 τοῦ
2686 5002 2816 5055 Θεοῦ
2838 5003 3135 5074 δυνάμεως,
3166 5013 3253 5065 ml.
3281 5015 3434 5087 ἀπόρε

2570 5110 2722 5163 τορος
2747 5093 2899 5166 δόξης
2933 5095 3242 5173 εἰλικρινής.
3272 5105 3352 5172 Ἐξ
3393 5108 3434 5159 εξ

2572 5202 2680 5247 τος,
2708 5184 2874 5256 μύρου
2900 5187 3043 5251 τινὸς
3076 5191 3227 5264 φέρε,
3256 5196 3286 5266 ἢ
3317 5199 3401 5250 καὶ
3428 5218 3434 5233 ν

2574 5292 2700 5339 των,
2726 5274 2926 5346 εὐώδης
2956 5295 3037 5343 τις
3073 5282 3242 5338 ἀνθῶν
3271 5304 3325 5341 τε
3351 5293 3434 5345 καὶ

2575 5364 2633 5415 τὸ
2666 5364 2874 5436 πρῶτον
2916 5370 3263 5445 ὑποκείμενον
3292 5384 3363 5447 είς
3399 5386 3429 5439 ἆ

2579 5456 2876 5523 προχεῖται.
2906 5463 2999 5515 καὶ
3050 5465 3242 5541 πληροῖ
3270 5489 3328 5541 γε
3356 5479 3434 5531 καὶ

2578 5544 2939 5620 ἀναχεομένη,
2989 5555 3108 5612 οὔτε.
3143 5579 3223 5617 πω
3257 5570 3383 5625 κατὰ
3422 5590 3434 5626 c
