3862 6332
994 364 1098 419 259

1630 361 1889 418 EUSEBII
1927 358 2389 418 CESARIENSlS
2413 359 2558 415 OPP.
2596 359 2773 413 PARS
2803 360 2865 413 ll.
2903 389 2972 401 --
3006 360 3386 416 APOLOGE'I

993 480 1247 536 mundum
1270 486 1623 544 construeret,
1652 480 1791 549 quod
1833 481 2048 549 angelos
2088 478 2342 542 ediceret,
2374 478 2515 546 quod

1860 481 2048 549 .ngelos
2088 478 2342 542 ediceret,
2374 478 2515 546 quod
2545 490 2587 544 Α
2619 476 2902 545 βασιλικὸν,
2926 477 3191 546 κριτικὸν,
3210 479 3385 547 Ila-ap

992 571 1268 640 spiritibus
1312 569 1636 637 imperaret:
1668 568 2081 622 instrumentum
2127 564 2269 634 quod
2316 564 2521 617 animas

989 668 1359 723 conservaret,
1415 661 1555 730 quod
1586 676 1810 730 corpora
1855 668 2105 729 augeret,
2159 656 2300 727 quod
2366 655 2913 724 omnia'provideret,
2944 656 3317 724 gubernaret,

987 751 1260 821 regnandi,
1288 752 1429 820 quod
1476 752 1783 820 iudicandi,
1815 753 1955 820 quod
2002 750 2176 804 Patris
2213 749 2414 802 cultum
2460 752 2513 799 et
2550 748 2897 800 reverentiam
2931 746 3335 801 denuntiandi.

1715 863 1780 916 V.

985 972 1134 1039 Quod
1158 974 1553 1027 innumerabiles
1581 973 1781 1042 quidem
1808 974 2031 1041 fatemur
2057 991 2165 1027 esse
2204 984 2404 1042 creatas
2427 973 2509 1025 di-

1048 1043 1191 1095 vinas
1219 1052 1513 1111 potestates,
1539 1041 1695 1093 uitam
1727 1059 1839 1095 vero
1865 1043 2121 1095 duntaxat
2153 1044 2313 1108 ipsius
2339 1041 2467 1094 Filii
2487 1082 2501 1103 ,

1045 1121 1250 1178 propter
1272 1128 1423 1179 quam
1452 1110 1734 1167 inducitur.
1761 1113 2036 1179 imaginem
2059 1111 2153 1164 Dei
2184 1111 2360 1165 Patris
2375 1127 2505 1175 esse,

1050 1179 1320 1248 theologica
1347 1182 1777 1232 demonstramus.

1045 1286 1222 1353 Quare
1241 1289 1294 1341 in
1316 1290 1624 1342 universum
1654 1303 1814 1356 supra
1845 1303 2001 1341 omne
2029 1288 2318 1358 opificium,
2344 1304 2505 1342 unam

978 1394 1114 1446 opus
1142 1386 1223 1432 est
1255 1378 1486 1432 divinam
1526 1386 1841 1446 potestatem
1871 1378 2159 1443 admirari,
2191 1395 2296 1432 non
2325 1380 2504 1447 plures

974 1471 1316 1523 existimare:
1354 1484 1459 1522 una
1501 1469 1643 1522 enim
1672 1468 1888 1521 omnino
1914 1468 2099 1521 mundi
2135 1468 2368 1523 ell‘ectrix
2399 1483 2501 1537 po-

973 1568 1161 1622 testas,
1223 1568 1276 1614 et
1331 1573 1495 1612 unum
1547 1558 1911 1613 universitatis
1965 1557 2142 1628 opifex
2168 1557 2396 1613 Verbum
2449 1560 2503 1611 in

970 1648 1233 1716 principio
1282 1647 1420 1716 apud
1454 1647 1643 1702 Deum.
1702 1646 2016 1715 Siquidem:
2065 1665 2084 1697 ι
2131 1647 2189 1701 1η
2237 1648 2501 1717 principio

968 1747 1082 1790 erat
1108 1737 1371 1800 Verbum,
1415 1745 1467 1791 et
1498 1737 1730 1792 Verbum
1763 1745 1876 1792 erat
1902 1738 2039 1806 apud
2066 1737 2251 1801 Deum,
2275 1747 2327 1793 et
2362 1738 2499 1793 Deus

2609 970 2681 1022 E'.
2733 971 2821 1034 Ὦς
2856 972 3067 1038 μυρίας
3104 970 3236 1038 μὲν
3291 973 3386 1037 ὁμι

2672 1040 2829 1103 θείας
2856 1039 3134 1107 δυνάμεις
3160 1080 3177 1102 ,
3208 1041 3386 1107 μόνη

2675 1108 2943 1175 ἐπάγεται
2957 1111 3164 1161 εἰκόνα
3190 1108 3313 1160 τοῦ
3333 1110 3383 1159 Θ

2675 1282 2762 1333 Διὸ
2794 1280 2886 1334 καὶ
2910 1282 2999 1334 ἐπὶ
3029 1280 3261 1334 πάντων
3290 1281 3386 1332 καί

2610 1372 2733 1440 μίαν
2770 1370 2940 1441 χρεὼν
2981 1371 3129 1423 θείαν
3175 1372 3385 1442 δύναμι

2606 1460 2795 1522 πολλὰς
2817 1460 3054 1529 ἡγεῖσθαι
3076 1477 3090 1490 ο
3127 1460 3238 1529 μία
3274 1461 3386 1530 γὰρ

2603 1568 2777 1621 ναμις,
2802 1552 2891 1602 καὶ
2917 1546 2993 1613 εἷς
3018 1554 3045 1603 ὁ
3070 1550 3184 1603 τῶν
3207 1551 3363 1603 ὅλων

2604 1639 2734 1707 πρὸς
2768 1639 2856 1690 τὸν
2899 1638 3045 1689 Θεόν.
3094 1656 3111 1687 ι
3148 1640 3283 1691 ’Ότι
3339 1640 3386 1690 si

2602 1725 2767 1791 Λόγος
2801 1722 2866 1795 ἦν
2901 1726 3031 1796 πρὸς
3059 1727 3151 1779 τὸν
3183 1727 3332 1779 Θεὸν
3352 1765 3370 1789 ,

966 1836 1083 1880 erat
1115 1827 1348 1881 Verbum
1389 1829 1468 1894 ⁹³;
1506 1848 1524 1879 ι
1563 1829 1703 1896 quod
1747 1828 1960 1896 quidem
2013 1837 2221 1898 oportet
2266 1844 2324 1882 re
2370 1844 2491 1882 vera

1851 1828 1960 1882 dem
2013 1837 2221 1898 oportet
2266 1844 2324 1882 re
2370 1844 2496 1882 vera
2529 1816 2568 1840 ⁸³
2596 1816 2671 1868 δεῖ
2701 1816 2908 1885 ἀληθῶς
2933 1816 3004 1886 μὴ
3028 1817 3275 1883 ἀγνοεῖν,
3312 1818 3376 1869 σέ

966 1932 1073 1969 non
1109 1917 1352 1985 ignorare
1374 1957 1388 1982 ,
1421 1918 1598 1971 colere
1625 1924 1800 1971 autem
1830 1925 1883 1969 et
1904 1917 2104 1972 honore
2134 1916 2496 1986 prosequipro

965 2007 1222 2076 dignitate
1257 2025 1272 2061 :
1325 2007 1754 2077 quandoquidem
1806 2007 1985 2060 omnia
2042 2023 2138 2076 per
2180 2007 2309 2061 illud
2335 2047 2349 2071 ,
2386 2023 2495 2061 non

964 2096 1122 2149 modo
1172 2096 1238 2149 ab
1286 2097 1440 2151 initio
1466 2113 1643 2151 rerum
1678 2098 1914 2152 omnium
1964 2099 2253 2159 exstitere,
2311 2113 2492 2151 verum

962 2187 1120 2240 etiam
1144 2188 1196 2241 in
1223 2196 1532 2256 perpetuum
1564 2203 1776 2257 semper
1824 2197 1877 2242 et
1907 2188 2043 2242 facta
2075 2195 2221 2253 sunt,
2245 2194 2297 2242 et
2326 2187 2492 2241 fiunt:

968 2294 988 2325 ‹
1022 2285 1075 2329 et
1110 2277 1226 2331 sine
1251 2279 1341 2332 illo
1384 2277 1580 2331 factum
1608 2286 1690 2333 est
1732 2279 1864 2332 nihil
1895 2278 1961 2330 “.
2002 2297 2020 2329 ι
2054 2277 2175 2332 Sive
2205 2278 2347 2333 enim
2386 2280 2494 2333 vita

963 2364 1199 2431 quaedam
1235 2373 1317 2419 est
1367 2368 1421 2419 in
1460 2367 1526 2421 iis
1550 2382 1667 2434 quae
1696 2373 1860 2420 sunt:
1894 2367 2037 2435 quod
2083 2366 2280 2421 factum
2310 2374 2410 2430 est,
2439 2368 2490 2422 in

961 2453 1053 2506 illo
1081 2456 1186 2507 vita
1217 2462 1350 2507 erat.
1402 2454 1476 2506 Ex
1513 2455 1605 2507 illo
1634 2455 1774 2508 enim
1806 2470 1867 2508 ac
1898 2470 1994 2522 per
2025 2454 2153 2508 illud
2174 2495 2189 2519 ,
2244 2455 2492 2510 universa

959 2550 1012 2595 et
1046 2543 1208 2596 vitam
1228 2552 1279 2595 et
1306 2544 1537 2595 animam
1575 2545 1859 2612 accipiunt.
1911 2544 2033 2599 Sive
2065 2560 2337 2611 numerus,
2379 2546 2491 2601 sive

959 2628 1319 2696 pulchritudo,
1346 2631 1457 2683 sive
1479 2633 1867 2695 convenientia,
1889 2632 2000 2686 sive
2029 2633 2180 2697 ordo,
2211 2634 2322 2687 sive
2356 2641 2491 2688 temo

958 2728 1227 2785 peratura,
1260 2719 1371 2773 sive
1393 2721 1657 2783 essentia,
1690 2711 1803 2774 site
1831 2722 2091 2790 qualitas,
2130 2722 2240 2776 sive
2288 2723 2490 2792 magni-

957 2807 1127 2861 tudo:
1158 2817 1352 2861 cuncta
1394 2825 1556 2862 unum
1593 2824 1771 2862 rerum
1831 2813 2066 2864 omnium
2111 2811 2372 2876 continet,
2425 2826 2488 2866 ac

955 2895 1193 2964 disponit
1226 2895 1480 2961 Verbum,
1512 2905 1564 2951 et
1585 2913 1689 2950 una
1714 2897 1807 2952 Dei
1833 2901 2018 2954 mundi
2046 2900 2280 2955 effectrix
2296 2901 2485 2968 virtus,

954 2985 1201 3039 omnibus
1225 2993 1434 3054 praeest.
1484 2984 1635 3038 Sicut
1661 2986 1803 3040 enim
1827 2986 1882 3039 in
1907 2995 2093 3043 nostro
2116 3003 2338 3058 corpore
2369 2989 2489 3057 plu-

2592 1903 2670 1955 ὅτι
2699 1904 2759 1974 δὴ
2792 1904 2965 1956 πάντα
2995 1905 3060 1957 δι’
3094 1907 3271 1959 αὐτοῦ
3305 1908 3372 1959 οὐ

2595 1991 2836 2061 συνέστη,
2865 1993 2997 2045 ἀλλά
3025 1995 3118 2046 καὶ⁵
3147 1995 3337 2046 εἰσαεὶ
3373 2012 3386 2024 ·

2592 2082 2752 2152 χωρὶς
2777 2082 2935 2134 αὐτοῦ
2962 2083 3179 2150 ἐγένετο
3203 2085 3337 2137 οὐδὲ
3368 2086 3386 2136 ἓ

2591 2174 2648 2224 ὲν
2667 2174 2778 2234 τοῖς
2804 2168 2951 2225 οὖσιν
2969 2212 2983 2236 ,
3016 2174 3045 2226 ὃ
3075 2174 3312 2242 γέγονεν
3348 2178 3386 2227 ε’

2590 2262 2695 2332 γὰρ
2721 2264 2810 2316 καὶ
2836 2263 2901 2316 δι’
2929 2264 3093 2316 αὐτοῦ
3134 2267 3169 2334 ή
3205 2264 3324 2316 τῶν
3358 2268 3386 2318 ὃ

2592 2369 2671 2415 σις
2689 2369 2703 2383 ⁸
2732 2354 2836 2406 εἴτε
2866 2352 3087 2422 ῥυθμὸς,
3116 2353 3232 2406 εἴτε
3281 2355 3386 2407 κάλ

2589 2440 2670 2506 Et;
2689 2481 2703 2504 ,
2731 2441 2838 2494 εἴτε
2870 2441 3176 2513 σύγκρασις
3194 2483 3210 2506 ,
3262 2445 3382 2496 εἴτε

2591 2528 2827 2597 μέγεθος,
2855 2528 3027 2581 πάντα
3057 2528 3137 2592 εἷς
3167 2532 3196 2582 ὁ
3226 2532 3386 2585 τῶνε

2584 2618 2772 2685 Λόγος,
2799 2620 2889 2671 καὶ
2923 2620 3019 2689 μία
3046 2620 3187 2675 Θεοῦ
3222 2622 3386 2693 δύναι

2585 2712 2813 2766 πάντων.
2854 2714 2939 2775 Ὠς
2963 2714 3071 2785 γὰρ
3103 2716 3202 2770 ἐπὶ
3255 2718 3356 2770 τοῦ

2586 2802 2683 2871 μὲν
2709 2802 2957 2871 τυγχάνει
2985 2805 3079 2857 καὶ
3108 2807 3334 2879 ποικίλη
3371 2827 3386 2859 η

2582 2890 2637 2942 δὲ
2660 2892 2691 2960 ἡ
2717 2890 2808 2943 τοῦ
2837 2893 3031 2956 παντὸς
3069 2894 3307 2967 δύναμις
3353 2898 3385 2949 δ

2585 2978 2683 3046 μὲν
2719 2978 2850 3031 Θεοῦ
2893 2980 3117 3052 δυνάμει
3162 2986 3380 3057 κεφαλῆ

953 3088 1040 3129 res
1069 3083 1194 3130 sunt
1220 3084 1272 3129 et
1298 3078 1458 3131 variae
1489 3078 1714 3146 partium
1747 3077 2089 3143 differentiae,
2150 3094 2256 3132 una
2306 3087 2478 3133 autem

1860 3078 2089 3143 arentia,
2150 3094 2256 3132 una
2306 3087 2481 3133 autem
2507 3098 2548 3154 ρ
2581 3068 2898 3138 ὀφθαλμῶν,
2924 3071 3083 3144 ἑτέρᾳ
3115 3074 3172 3126 δὲ
3213 3074 3385 3144 ὤτων,

953 3165 1191 3219 universi
1226 3165 1403 3235 opifex
1431 3167 1512 3222 vis
1540 3168 1667 3235 (non
1711 3169 1853 3222 enim
1884 3168 1989 3221 alia
2032 3168 2245 3238 quidem
2293 3166 2385 3221 Dei
2429 3166 2480 3221 vi

950 3256 1142 3323 capitis
1171 3258 1374 3312 exstitit
1403 3266 1614 3322 natura,
1649 3260 1752 3313 alia
1781 3273 1908 3314 vero
1933 3259 2215 3313 oculorum
2233 3297 2247 3323 ,
2276 3265 2331 3313 et
2378 3258 2480 3313 alia

950 3347 1182 3407 aurium,
1206 3347 1399 3415 pedum
1424 3348 1548 3402 item
1578 3350 1723 3420 alia),
1745 3349 1818 3402 ita
1844 3363 2054 3418 quoque
2081 3363 2202 3402 eum
2232 3348 2479 3404 universo

949 3440 1169 3502 mundo,
1193 3452 1298 3491 una
1323 3438 1537 3494 omnino
1562 3439 1740 3494 divina
1756 3440 1926 3495 virtus
1949 3441 2148 3510 prmsit,
2171 3439 2353 3494 eadem
2379 3440 2479 3494 erit

946 3534 999 3581 et
1021 3528 1163 3593 caeli,
1190 3536 1242 3583 et
1269 3537 1560 3596 astrorum,
1580 3537 1633 3584 et
1670 3531 1979 3584 animalium
2004 3545 2355 3602 quaecunque,
2386 3540 2478 3583 aut

946 3622 1001 3674 in
1030 3636 1172 3683 aere,
1204 3628 1296 3673 aut
1318 3620 1371 3673 in
1393 3627 1557 3687 terra,
1577 3628 1668 3676 aut
1692 3621 1747 3675 in
1773 3622 1909 3675 mari
1934 3621 2153 3691 degunt,
2180 3629 2233 3675 et
2254 3621 2478 3676 elemen-

943 3712 1118 3758 torum
1137 3714 1244 3758 tam
1260 3706 1495 3759 omnium
1508 3708 1847 3777 simul,quam
1864 3709 2193 3778 singulorum
2210 3723 2471 3764 seorsum:

949 3793 1096 3862 151
1120 3801 1370 3862 prmterea
1403 3807 1709 3851 naturarum
1740 3797 2045 3853 omnimodo
2074 3799 2338 3852 variarum
2364 3805 2470 3867 tam

943 3896 1062 3951 quae
1104 3897 1297 3951 genere
1339 3884 1517 3953 aliquo
1558 3887 1916 3951 continentur,
1950 3902 2109 3955 quam
2149 3903 2267 3956 qua:
2297 3890 2471 3957 specie

941 3972 1361 4041 distinguuntur,
1391 3975 1588 4043 Opifex.
1618 3974 1800 4044 Neque
1826 3991 1953 4030 vero
1990 3976 2091 4028 alia
2120 3984 2203 4031 est
2229 3979 2385 4046 ignis,
2418 3987 2470 4033 et

940 4065 1043 4118 alia
1092 4080 1260 4134 aquae,
1298 4072 1556 4134 terraque
1587 4082 1778 4121 rursus
1816 4066 1939 4128 alia,
1982 4074 2139 4135 atque
2171 4068 2311 4121 aeris
2343 4068 2467 4121 item

940 4156 1043 4208 alia
1079 4154 1310 4209 etfectrix
1356 4158 1549 4220 virtus,
1586 4156 1678 4211 sed
1725 4172 1829 4209 una
1877 4164 2034 4224 atque
2075 4156 2258 4210 eadem
2291 4172 2467 4212 rerum

938 4243 1309 4297 universarum
1356 4242 1546 4296 artifex
1582 4242 1861 4311 sapientia,
1919 4242 2165 4310 quodque
2207 4241 2464 4295 mundum

936 4329 1129 4393 eﬁecit,
1169 4331 1271 4384 hoc
1298 4332 1489 4399 ipsum,
1520 4331 1585 4384 de
1610 4346 1716 4399 quo
1744 4346 1842 4384 nos
1866 4338 1923 4383 ut
1952 4330 2017 4384 de
2047 4329 2153 4385 Deo
2176 4330 2461 4399 loquimur,

2580 3159 2669 3211 καὶ
2723 3158 2813 3212 τοῦ
2873 3159 3184 3231 σύμπαντος
3232 3166 3381 3234 κόσμ

2578 3266 2734 3318 ναμις
2770 3250 3127 3305 ὲπιστατοῦσα
3147 3294 3164 3318 ,
3198 3257 3231 3325 ἡ
3262 3257 3384 3309 αύτὶ

2576 3338 2812 3408 ἀστέρων
2830 3379 2845 3403 ,
2879 3340 2985 3393 τῶν
3010 3359 3068 3393 τε
3096 3344 3154 3395 ἐν
3176 3344 3325 3415 ἀέρι,
3355 3364 3382 3398 κ

2577 3429 2843 3499 στοιχείων
2889 3448 2948 3483 τε
2995 3432 3103 3486 τῶν
3152 3434 3381 3488 καθόλου

2574 3519 2665 3571 καὶ
2695 3518 2772 3571 ἔτι
2801 3519 3010 3587 φύσεων
3056 3524 3321 3578 παντοίων
3358 3544 3380 3595 ε]

2573 3603 2706 3670 εῐδος
2732 3607 2793 3677 δη
2801 3609 3052 3678 μιουργός
3076 3626 3089 3639 ο
3127 3611 3220 3663 καὶ
3248 3614 3349 3666 οὐκ
3375 3640 3380 3659 ς

2573 3696 2757 3759 ὓδατος
2780 3714 2793 3727 ·
2836 3697 2927 3749 καὶ
2964 3699 3066 3767 γῆς
3112 3700 3270 3755 πάλιν
3313 3702 3378 3755 ἄλ

2570 3786 2823 3856 δύναμις·
2872 3787 3004 3839 ἁλλά
3054 3789 3149 3858 μία
3188 3790 3281 3843 καὶ
3327 3795 3359 3861 ἡ

2572 3878 2749 3945 σοφία,
2779 3878 2871 3930 καὶ
2901 3880 3219 3949 κοσμοποιὸς
3246 3883 3376 3935 αὐτὸ

2570 3982 2723 4034 μενος
2752 3965 2858 4017 τῶν
2888 3966 3021 4019 ὅλων
3047 3969 3075 4019 ὁ
3103 3968 3374 4041 δημιουργὲ

2565 4060 2714 4127 τυρεῖ
2738 4058 2793 4110 δὲ
2821 4056 3026 4120 τούτοις
3052 4060 3085 4128 ἡ
3120 4059 3251 4129 πρὸς
3274 4060 3371 4113 ἄλλ

2564 4152 2628 4219 τῇ
2678 4149 2783 4202 τῶν
2815 4148 3158 4219 συγκράσεων
3189 4146 3372 4220 ὲπιμιξ

2565 4241 2655 4292 καὶ
2696 4239 2879 4309 ὥσπερ
2917 4239 3031 4302 ἑνὸς
3075 4240 3370 4309 ἀρχιτέκτοκ

2564 4328 2717 4397 φύσιν
2738 4329 3121 4399 ἀπελέγχουσα.
3148 4331 3186 4381 Γ
3188 4330 3222 4398 ἧ
3248 4314 3309 4383 τέ
3337 4349 3370 4400 γ

936 4419 1173 4491 universi
1213 4419 1390 4489 opifex
1428 4419 1522 4473 Dei
1566 4419 1819 4475 Verbum.
1853 4418 2034 4472 Fidem
2072 4419 2154 4473 his
2196 4418 2321 4474 facit
2355 4421 2461 4474 elc—

1816 4462 1819 4472 .
1853 4418 2034 4472 Fidem
2072 4419 2154 4473 his
2196 4418 2321 4474 facit
2355 4421 2462 4474 elc—
2492 4400 2535 4454 Ι)
2564 4418 2767 4471 ὑδάτων
2811 4419 3072 4488 ὀχουμένη
3099 4456 3113 4479 ,
3138 4420 3227 4471 καὶ
3270 4420 3341 4491 μὴ

936 4517 1232 4563 mentorum
1276 4507 1411 4561 inter
1443 4524 1501 4562 se
1526 4508 1782 4571 amicitia,
1810 4502 1931 4577 qua;
1956 4521 2019 4560 ex
2046 4521 2109 4560 eo
2131 4508 2269 4575 quod
2299 4508 2460 4562 certis

1842 4522 1931 4576 :uze
1956 4521 2019 4560 ex
2046 4521 2109 4560 eo
2131 4508 2269 4575 quod
2299 4508 2460 4562 certis
2560 4508 2697 4562 κατὰ
2736 4508 2925 4577 βάθους
2962 4508 3234 4580 ἑλκομένη,
3277 4529 3367 4581 μετ

932 4598 1361 4668 temperamentis
1402 4598 1682 4651 eommista
1714 4604 1857 4660 sunt,
1906 4604 2189 4665 cognatum
2230 4612 2293 4651 ac
2341 4612 2457 4667 ger-

1842 4636 1857 4660 ,
1906 4604 2189 4665 cognatum
2230 4612 2293 4651 ac
2341 4612 2461 4667 ger—
2558 4598 2745 4668 καὶμὴ
2776 4598 3153 4667 καταδυομένη,
3185 4599 3310 4653 Θεοῦ
3342 4604 3365 4655 Δ

932 4703 1169 4750 manum,
1200 4694 1253 4743 et
1280 4694 1531 4755 tanquam
1573 4686 1734 4741 unius
1773 4686 2050 4740 architecti
2092 4701 2248 4755 opus,
2279 4702 2456 4742 rerum

1815 4686 2050 4740 rchitecti
2092 4701 2248 4755 opus,
2279 4702 2456 4742 rerum
2554 4689 2772 4757 δυνάμει
2829 4690 3104 4757 μαρτυρεῖ.
3153 4688 3340 4763 ’Υγρᾶς

930 4785 1176 4831 naturam
1204 4778 1456 4832 ostendit.
1478 4776 1610 4831 Nam
1637 4784 1691 4831 et
1717 4784 1882 4841 terra,
1915 4792 2032 4845 qua
2061 4792 2220 4847 grave
2247 4785 2327 4833 est
2351 4778 2457 4832 ele-

930 4872 1186 4926 mentum,
1205 4880 1324 4918 cum
1340 4866 1494 4933 aquis
1526 4866 1747 4926 innatet,
1775 4879 1946 4933 neque
1972 4865 2236 4920 soliditate
2258 4875 2456 4919 natura:

930 4953 983 5005 iu
1008 4954 1323 5021 profondum
1343 4957 1608 5019 trahatur,
1630 4956 1720 5010 sed
1743 4954 1942 5009 feratur
1962 4972 2170 5027 semper
2188 4956 2450 5017 sublimis,

930 5046 1515 5116 nequesubmergatur,
1548 5044 1641 5100 Dei
1686 5044 1858 5100 Verbo
1901 5045 2101 5116 Deique
2133 5046 2357 5101 consilio
2386 5045 2450 5096 ti-

929 5127 1048 5181 dem
1075 5113 1217 5183 facit.
1241 5113 1478 5190 Humida:
1504 5137 1627 5190 item
1657 5144 1861 5191 natura:
1891 5113 2191 5190 cum-arida
2209 5149 2449 5189 commu-

928 5217 1145 5280 nicatio,
1174 5236 1289 5285 qua:
1315 5226 1445 5279 nihil
1482 5229 1835 5297 corruptionis
1860 5243 1968 5297 pra:
2013 5242 2071 5282 se
2110 5226 2230 5288 fert,
2278 5238 2449 5291 neque

927 5308 1210 5362 confertim
1250 5312 1492 5369 universa
1524 5326 1812 5388 restagnat,
1842 5318 1935 5374 sed
1968 5316 2060 5371 Dei
2098 5322 2231 5368 nutu
2266 5314 2447 5366 occul-

927 5397 1135 5454 tissimo
1163 5399 1405 5468 colligata
1445 5408 1670 5471 tenetur,
1700 5423 1864 5463 unum
1890 5421 2078 5462 rursus
2114 5411 2273 5472 atque
2304 5400 2443 5473 idem

925 5485 1018 5540 Dei
1040 5484 1268 5541 Verbum
1296 5502 1414 5542 esse
1436 5489 1783 5551 demonstrat.
1806 5498 1943 5564 Quid
1964 5508 2123 5568 porro
2151 5490 2325 5564 ignis?
2350 5488 2441 5557 qui

992 5646 1037 5678 ”
1064 5640 1213 5697 Joan.
1246 5659 1281 5708 ι,
1314 5644 1361 5696 Ι.
1436 5647 1480 5679 ⁸⁵
1505 5648 1633 5704 ibid.
1664 5651 1715 5705 3.

2555 4779 2686 4847 πρὸς
2721 4776 2779 4828 τὸ
2827 4775 2982 4846 ξηρὸν
3024 4779 3258 4832 κοινωνία
3305 4799 3364 4852 μη

2555 4866 2707 4936 μένη,
2744 4864 2871 4934 μηδὲ
2914 4864 3115 4934 ἀθρόως
3142 4868 3198 4921 τὸ
3238 4872 3338 4924 πᾶν

2549 4956 2592 5007 δ’
2618 4956 2832 5025 ἀρρήτῳ
2863 4953 2995 5007 Θεοῦ
3018 4959 3358 5033 πεπεδημένη,

2548 5046 2712 5113 Λόγον
2720 5044 2811 5097 τοῦ
2822 5044 2953 5097 Θεοῦ
2967 5047 3324 5121 παρίστησι.Τί
3336 5054 3360 5108 δ

2547 5135 2639 5189 καὶ
2683 5135 2943 5207 φθατικῆς
2973 5138 3190 5207 φύσεως,
3220 5144 3360 5200 ἔπειτ.

2547 5228 2812 5290 παντοίοις
2845 5227 2996 5291 ζώων
3036 5232 3257 5305 σώμασιν
3279 5240 3358 5294 ἀνο

2545 5316 2693 5369 ὕδατι
2718 5318 2810 5370 καὶ
2831 5319 2952 5391 ἀέρι
2986 5324 3358 5404 συνέστοιχειωμ

2546 5407 2724 5478 μέτρῳ
2767 5413 2876 5474 τοῖς
2921 5417 3053 5470 πᾶσι
3095 5420 3148 5474 τὸ
3184 5422 3306 5489 δέον,
3340 5427 3356 5481 ἱ

2542 5497 2673 5566 πρὸς
2720 5499 3004 5572 ὠφελείας,
3049 5511 3354 5589 ὲπιχορηγοῦπ
