3862 6342
1170 386 1805 448 DEMONSTRATIONIS
1836 380 2282 444 EVANGELICIE
2320 377 2448 438 LIB.
2489 383 2580 443 IV.

3377 401 3483 458 26?.

178 515 413 581 μεως
451 491 868 563 ἐπιλελησμένον.
911 495 986 548 οὗ
1039 503 1138 556 σοὶ
1167 506 1315 560 δοκεῖ
1344 506 1497 559 πάλιν
1524 504 1654 557 Θεοῦ
1698 504 1817 571 Δόγι

1920 554 1922 561 ,
1952 504 2072 558 licet
2098 499 2459 558 comburentis
2501 508 3002 579 corrumpentisque
3040 519 3244 566 naturae
3266 513 3357 578 sit,
3391 522 3478 568 ta-

174 589 348 653 .‘a‘.
376 588 592 657 δυνάμει
629 584 900 638 δουλεύειν
919 628 936 651 ,
984 590 1252 667 Ἡμέρας
1276 598 1330 649 δέ
1359 598 1448 649 καὶ
1477 597 1662 660 νυκτὸς
1686 600 1841 666 ἀμοι-

174 675 420 738 σαίας
445 675 628 746 ὁρῶντι
660 676 935 743 κινήσεις,
963 678 1148 750 ὡρῶν
1172 703 1234 737 τε
1263 688 1354 738 καὶ
1377 686 1576 755 καιρῶν
1599 685 1716 738 τοτέ
1750 688 1843 756 μὲν

174 765 534 835 μύῇσεις,
563 763 680 816 τοτὲ
708 762 766 815 δὲ
803 764 1107 834 μειώσεις,
1145 775 1372 837 κύκλους
1397 792 1455 826 τε
1483 775 1733 827 ἐνιαυτῶν
1754 777 1845 827 καὶ

176 855 537 923 τ-ατεριὸδους
582 854 805 925 χρόνων,
836 855 1077 928 ἄστρων
1117 881 1178 915 τε
1206 864 1578 933 περιδινήσεις,
1609 864 1753 934 ἡλίου
1785 881 1843 916 τε

178 948 513 1017 ὕρόμους,
558 948 651 1000 καὶ
694 947 931 1018 σελήνης
976 952 1230 1021 τροπὰς,
1269 952 1601 1023 συμπαθείας
1644 970 1701 1005 τε
1751 951 1842 1005 καὶ

182 1037 613 1101 ἅντιπαθείας
667 1037 956 1100 ἁπάντων,
1012 1043 1112 1095 καὶ
1168 1044 1365 1112 κόσμον
1416 1042 1511 1095 ἕνα
1562 1043 1734 1094 αὐτῶν
1785 1042 1841 1108 ἐξ

188 1129 540 1193 απάντων,
572 1125 682 1200 ἆρά
725 1146 811 1183 σοι
850 1131 959 1202 τὴν
1003 1132 1228 1201 ἀλογίαν
1267 1133 1359 1185 καί
1395 1134 1452 1186 τὸ
1488 1134 1608 1202 εἰκῆ
1652 1133 1743 1186 καὶ
1768 1133 1841 1195 ὡς

195 1218 446 1290 ἔτυχεν
475 1220 658 1273 αἰτίαν
695 1217 840 1273 εἶναι
874 1222 992 1274 τῶν
1018 1222 1157 1276 ὅλων
1191 1222 1404 1292 θεμιτὸν
1437 1222 1837 1290 ἀποφαίνεσθαι,

207 1310 292 1380 ἢ
313 1312 485 1379 Λόγον
526 1311 603 1373 ὡς
626 1310 861 1381 ἀληθῶςΔ
875 1312 1039 1375 Θεοῦ,
1066 1312 1161 1366 καὶ
1182 1311 1313 1364 Θεοῦ
1346 1314 1553 1380 σοφίαν,
1586 1315 1677 1367 καὶ
1708 1314 1837 1368 Θεοῦ

219 1376 507 1471 δύναμιν,
543 1403 641 1454 καὶ
668 1376 885 1474 ταύτη⁴ν
925 1403 1078 1474 μίαν,
1104 1404 1217 1457 ἀλλ’
1237 1406 1297 1458 ού
1316 1376 1523 1467 ⁵πολλὰς
1551 1405 1798 1474 ἀνυμνεῖν
1821 1423 1835 1469 ;

233 1493 382 1547 ἐπεὶ
408 1494 501 1545 καὶ
534 1495 594 1544 ἐν
632 1492 920 1563 ἀνθρώπῳ
958 1493 1054 1562 μία
1083 1494 1248 1565 ψυχὴ.
1289 1495 1379 1547 καὶ
1410 1496 1505 1565 μία
1534 1494 1721 1565 λογικὴ
1750 1496 1838 1548 δύ-

237 1599 420 1652 ναμις
469 1582 752 1635 πλείστων
802 1584 944 1653 ὁμοῦ
974 1585 1168 1651 γένοιτ’
1197 1586 1262 1637 ἂν
1308 1586 1709 1656 δημιουργὸς,ἢ
1746 1585 1836 1639 καὶ

240 1676 513 1742 γεωργεῖν
526 1675 560 1742 ἡ
578 1672 750 1743 αὐτὴ,
770 1674 869 1725 καὶ
880 1677 1176 1744 ναυπηγεῖν
1193 1675 1283 1727 καὶ
1299 1675 1422 1727 κυϐε
1430 1678 1576 1746 ρνᾷν,
1591 1676 1683 1729 καὶ
1697 1677 1837 1729 οἰκο-

232 1760 433 1829 δομεῖν
468 1762 646 1816 πολλὰ
698 1763 957 1833 μαθοῦσα
1000 1765 1335 1817 ἐπιϐάλλοιτο
1356 1782 1369 1794 ·
1404 1766 1496 1818 καὶ
1522 1760 1600 1827 εἷς
1630 1765 1749 1827 νοῦς
1776 1765 1832 1817 ἐν

224 1850 521 1921 ἀνθρώπῳ
555 1853 658 1904 καὶ
687 1852 960 1922 λογισμὸς
993 1852 1187 1916 δέξαιτ’
1219 1854 1283 1906 ἄν
1316 1871 1441 1906 ποτε
1475 1855 1675 1924 μυρίων
1714 1857 1831 1907 ἐπις

220 1943 482 2010 στήμας,
533 1946 936 2013 γεωμετρήσει
968 1961 1026 1995 τε
1065 1945 1092 1996 ό
1120 1944 1277 2005 αὐτὸς
1305 1944 1397 1996 καὶ
1425 1944 1827 2014 ἀστρονομήσει,

214 2034 347 2084 καί
386 2033 578 2100 λόγους
611 2036 1021 2104 γραμματικῆς
1068 2033 1370 2105 παραδώσει
1422 2035 1512 2087 καὶ
1570 2037 1826 2106 ἰατρικῆς,

211 2122 313 2176 ἐν
350 2139 408 2175 τε
451 2124 753 2193 μαθήμασι
793 2124 888 2176 καὶ
918 2126 1029 2186 τοῖς
1061 2123 1199 2177 κατὰ
1225 2128 1406 2195 χεῖρας
1440 2127 1824 2195 προστήσεται’

210 2214 348 2269 ’καὶ
392 2214 545 2267 οὔπω
574 2232 643 2282 γε
688 2215 874 2276 οὐδεὶς
924 2212 1138 2265 πώποτε
1165 2214 1377 2275 πλείους
1423 2216 1478 2266 ἐν
1514 2214 1593 2265 ἐνὶ
1622 2213 1827 2283 σώματι

208 2304 429 2373 qui;
454 2308 713 2375 ἡγήσατο
742 2298 908 2361 εἶναι,
938 2303 1055 2355 οὐδὲ
1079 2303 1276 2365 πολλὰς
1304 2303 1602 2372 ἐθαύμασεν
1632 2301 1829 2373 ἀνθρώ-

214 2410 359 2446 -ὶ-του
390 2395 652 2463 δυνάμεις
685 2393 778 2446 διὰ
827 2392 925 2461 τὴν
954 2392 1062 2444 τῶν
1092 2392 1296 2444 πολλῶν
1339 2391 1667 2462 μαθημάτων
1696 2393 1825 2445 ὑπο-

217 2487 436 2556 δοχήν.
468 2487 530 2538 ΕΞ
581 2486 641 2538 δὲ
687 2485 788 2536 καὶ
840 2483 1083 2552 ἄμορφον
1131 2481 1259 2551 ὕλην
1305 2480 1472 2551 πηλοῦ
1523 2498 1602 2543 τις
1633 2480 1822 2552 εὑρὼν,

225 2579 491 2632 κᾶπειτα
535 2578 735 2648 χερσὶν
777 2574 1085 2636 ἀπολεάνας
1130 2573 1376 2639 ἐπιθήσει
1416 2571 1551 2636 ςὼου
1594 2574 1821 2644 μορφὴν,

233 2669 407 2737 aut?
449 2669 542 2738 μὲν
582 2669 832 2737 σχήματι
875 2665 1115 2735 κεφαλὴν
1138 2704 1152 2727 ,
1197 2667 1381 2734 χεῖρας
1428 2664 1485 2716 δέ
1533 2664 1626 2717 καὶ
1665 2664 1825 2726 πόδας

239 2760 479 2830 ἑτέρως,
525 2761 622 2812 καὶ
660 2757 979 2828 ὀφθαλμοὺς
1024 2757 1182 2810 πάλιν
1224 2756 1415 2818 ἄλλως,
1462 2756 1553 2808 καὶ
1598 2756 1824 2826 παρειὰς

241 2849 538 2912 ὡσαύτως,
576 2843 697 2901 ῶτά
735 2864 799 2900 τε
840 2846 934 2899 καὶ
978 2845 1166 2915 στόμα,
1203 2845 1293 2896 καὶ
1339 2846 1506 2914 ῥῖνας,
1549 2844 1739 2916 στέρνα
1763 2862 1820 2896 τε

243 2938 365 2989 καὶ
388 2937 559 3007 ὤμους
580 2935 1086 3005 ύποτυπωσάμενος
1105 2934 1266 3004 τέχνῃ
1290 2937 1352 3003 τῇ
1380 2933 1638 3003 πλαστικῇ
1655 2950 1668 2963 ⁸
1694 2930 1818 3004 ἄρα,

248 3026 395 3078 imi.
426 3027 585 3079 πολλὰ
618 3028 880 3097 σχήματα
930 3026 1022 3079 καὶ
1066 3025 1202 3094 μέλη
1238 3024 1329 3077 καὶ
1360 3024 1495 3095 μέρη
1523 3025 1572 3076 ύ⁹
1612 3025 1690 3076 ἐνὶ
1717 3024 1821 3076 σώ-

1942 608 2062 646 men
2093 607 2212 647 eum
2257 591 2310 645 in
2358 590 2521 661 lignis
2551 596 2731 663 lateat,
2761 609 2813 654 et
2841 603 3015 657 omnis
3035 602 3245 672 generis
3268 605 3474 658 anima-

1940 682 2068 734 lium
2115 681 2427 750 corpnribus
2492 694 2636 739 certa
2681 694 3037 757 temperatura
3085 706 3360 747 connexus
3403 693 3475 748 sit

1941 779 2216 840 terraeque,
2274 779 2433 840 atque
2489 788 2672 844 aquae,
2735 786 2894 845 atque
2936 779 3043 831 aeri
3095 780 3472 843 consociatus,

1942 863 2128 917 deinde
2150 863 2357 917 ratione
2379 878 2442 916 ac
2478 880 2729 919 mensura
2757 875 3014 934 quantum
3036 870 3321 939 unicuique
3334 886 3474 941 opus

1941 952 2027 1011 sit,
2044 959 2401 1022 quantumque
2417 954 2619 1008 utilitas
2640 957 2888 1024 postulet,
2910 957 3159 1011 omnibus
3180 960 3470 1028 sufﬁciens,

1939 1047 2272 1112 propriarum
2304 1044 2495 1097 virium
2525 1045 2875 1100 obliviscatur
2906 1064 2920 1099 :
2951 1061 3130 1100 nonne
3159 1049 3252 1101 tibi
3280 1065 3473 1106 rursus

1940 1130 2029 1184 Dei
2060 1130 2251 1194 Verbo,
2276 1146 2338 1184 ac
2370 1134 2622 1201 potestati
2649 1134 2907 1188 inservire
2923 1135 3130 1188 videtur
3149 1136 3172 1188 ?
3191 1135 3301 1191 Diei
3331 1153 3469 1207 prae-

1938 1235 2080 1278 terea
2108 1225 2385 1293 noctisque
2420 1226 2842 1289 vicissitudines,
2873 1242 2991 1294 qua:
3023 1226 3323 1282 terminatis
3353 1243 3469 1283 mo-

1937 1314 2076 1365 tibus
2104 1322 2369 1376 constant,
2404 1313 2765 1383 horarumque
2796 1330 2858 1367 ac
2881 1323 3274 1384 tempestatum,
3327 1331 3469 1370 nunc

1935 1403 2147 1471 quidem
2174 1411 2480 1472 augmenta,
2512 1420 2656 1458 nunc
2680 1414 2855 1460 autem
2889 1406 3286 1470 diminutiones,
3311 1407 3471 1463 orbes

1932 1492 2056 1545 item
2074 1506 2299 1558 annuos,
2325 1508 2387 1547 ae
2402 1494 2660 1549 circuitus
2686 1504 3003 1565 temporum,
3019 1504 3389 1566 astrorumque
3410 1497 3468 1552 in

1933 1583 2115 1637 orbem
2140 1594 2333 1649 motus,
2357 1593 2470 1638 tum
2496 1587 2626 1640 solis
2655 1602 2868 1651 cursus,
2891 1588 3133 1656 lunaeque
3161 1588 3468 1643 conversio-

1932 1686 2049 1734 nes,
2068 1680 2176 1724 tum
2190 1687 2488 1729 consensus
2502 1675 2638 1727 inter
2651 1689 2708 1728 se
2724 1676 2958 1729 omnium
2981 1690 3045 1729 ac
3064 1677 3463 1745 repugnantias,

1935 1775 2202 1829 unumque
2221 1776 2283 1814 ex
2305 1762 2371 1814 iis
2384 1762 2630 1816 omnibus
2644 1764 2917 1826 mundum,
2932 1779 3052 1818 eum
3069 1764 3314 1828 intueris,
3334 1781 3469 1820 nun—

1936 1851 2063 1918 quid
2096 1852 2189 1904 tibi
2214 1866 2331 1906 esse
2359 1852 2440 1905 fas
2458 1860 2636 1920 putas,
2659 1853 3084 1922 imprudentiam,
3109 1855 3223 1909 sive
3247 1857 3464 1911 temeri-

1931 1947 2114 2005 tatem,
2135 1941 2247 1995 sive
2269 1940 2539 1993 fortuitam
2558 1942 2787 2010 aliquam
2805 1957 3044 2005 causam,
3063 1952 3332 1998 auctorem
3352 1945 3466 1998 uni-

1934 2031 2075 2084 versi
2117 2031 2427 2096 enuntiare;
2451 2045 2519 2085 an
2548 2031 2639 2087 Dei
2672 2031 2903 2087 Verbum
2948 2048 3150 2099 revera,
3185 2042 3240 2088 et
3267 2034 3359 2088 Dei
3383 2050 3464 2091 sa-

1929 2121 2202 2191 pientiam,
2222 2130 2275 2175 et
2302 2120 2392 2175 Dei
2413 2122 2685 2186 virtutem,
2711 2130 2763 2177 et
2787 2122 2930 2188 hanc
2952 2124 3119 2192 ipsam
3141 2138 3324 2188 unam,
3354 2139 3461 2178 non

1926 2210 2127 2279 plures.
2145 2208 2330 2264 efferre
2343 2211 2589 2265 laudibus
2605 2211 2627 2263 ?
2641 2210 2837 2282 Nempe
2852 2213 3008 2265 etiam
3027 2213 3082 2266 in
3099 2212 3330 2277 homine,
3355 2210 3467 2268 ani-

1929 2313 2014 2352 ma
2035 2311 2393 2367 una,unaque
2431 2300 2510 2353 vis
2542 2300 2835 2361 rationalis,
2868 2301 3215 2369 plurimarum
3260 2302 3463 2371 pariter

1926 2404 2103 2442 rerum
2120 2395 2293 2457 potest
2313 2404 2433 2443 esse
2453 2389 2647 2458 cpifex.
2664 2388 2794 2443 Nam
2808 2399 2859 2445 et
2870 2404 3053 2459 agrum
3069 2391 3459 2459 eolereeadem,

1924 2485 1976 2530 et
1997 2491 2123 2532 aves
2138 2487 2526 2543 construere,et
2542 2479 2855 2548 gubernare,
2872 2486 2925 2533 et
2946 2479 3205 2534 aediﬁcare
3221 2480 3456 2546 audebit,

1924 2573 2205 2636 postquam
2236 2567 2362 2620 talia
2392 2569 2559 2620 multa
2586 2568 2791 2623 didicit.
2822 2568 2911 2622 Sic
2941 2584 3049 2622 una
3081 2584 3232 2624 mens
3268 2570 3322 2623 in
3361 2570 3458 2624 ho-

1923 2654 2085 2717 mine,
2118 2670 2326 2724 unaque
2357 2656 2586 2711 rationis
2617 2657 2848 2711 versatio
2876 2658 3339 2712 innumerabilium
3367 2674 3456 2714 re-

1920 2758 2040 2798 rum
2069 2745 2319 2800 scientias
2348 2746 2628 2815 percipiet,
2679 2754 2837 2815 atque
2880 2747 3017 2800 idem
3050 2747 3212 2801 homo
3247 2754 3302 2803 et
3327 2763 3458 2818 geo-

1919 2835 2181 2899 metriam,
2214 2843 2266 2890 et
2304 2837 2686 2890 astronomiam
2714 2837 3003 2900 exercebit,
3037 2837 3455 2907 disputationes-

1918 2939 2022 2993 que
2050 2932 2103 2978 et
2147 2923 2213 2978 de
2254 2925 2601 2994 grammatica
2650 2932 2704 2980 et
2750 2926 2817 2980 de
2868 2925 3133 2981 medicina
3198 2927 3454 2997 proferet,

1922 3013 2074 3082 152
2107 3028 2205 3068 nec
2231 3030 2338 3069 non
2369 3015 2422 3068 in
2457 3015 2753 3084 disciplinis
2783 3022 2837 3070 et
2864 3017 2917 3070 in
2942 3016 3011 3071 iis
3039 3031 3158 3086 qua:
3201 3032 3456 3071 manuum

256 3131 405 3182 μτι
434 3094 905 3188 δεδημιούργηται,
949 3115 1229 3178 τοσούτους
1258 3114 1361 3186 χρὴ
1390 3094 1491 3167 καῖ
1521 3114 1643 3177 τοὺς
1669 3131 1817 3183 ποιη-

1922 3101 2218 3155 ministerio
2261 3094 2638 3167 chnﬁeiuntur,
2667 3103 2887 3156 excellet
2918 3121 2932 3157 :
2962 3118 3061 3158 nec
3097 3118 3334 3174 unquam
3375 3113 3456 3159 ta—

248 3205 374 3267 -εέις
390 3207 623 3275 ἡγεῖσθαι
646 3224 661 3272 ;
684 3208 717 3277 ἦ
742 3206 837 3259 τὸν
855 3205 950 3258 τοῦ
973 3205 1169 3268 παντὸς
1187 3205 1394 3275 ἀθρόως
1411 3204 1652 3274 τεχνίτην
1670 3206 1821 3258 ἐπαι-

242 3295 388 3346 νεῖν
426 3296 498 3347 ἑνὶ
526 3296 773 3366 λογισμῷ
804 3296 901 3348 καὶ
935 3296 1032 3365 μιᾷ
1063 3295 1286 3365 δυνάμει
1330 3294 1391 3346 τὸ
1430 3297 1535 3346 πᾶν
1571 3294 1824 3364 τεκτηνά-

252 3400 462 3451 ειενον;
491 3386 551 3437 Τί
581 3388 717 3456 δῆτα
762 3385 1051 3456 τοιγαροῦν
1083 3387 1175 3438 ἐπὶ
1207 3383 1299 3436 τοῦ
1329 3383 1544 3446 παντὸς,
1583 3384 1699 3446 ἐνὸς
1726 3385 1821 3453 μὲν

230 3471 441 3537 ἔντος,
464 3477 521 3528 ἐκ
544 3495 606 3546 με
616 3478 726 3547 ρῶν
747 3477 806 3529 δὲ
835 3476 1100 3529 πλείστων
1124 3474 1446 3543 ὑφεστῶτος,
1468 3473 1662 3535 πολλὰς
1684 3473 1819 3543 χρῆν

238 3564 608 3619 ὑποτίθεσθαι
628 3565 1029 3637 δημιουργικὰς
1053 3565 1325 3634 δυνάμεις,
1355 3564 1447 3616 καὶ
1470 3562 1691 3624 πολλοὺς
1713 3562 1820 3615 ὀνο-

244 3654 463 3722 ιιάζειν
491 3656 658 3720 θεοὺς,
692 3657 818 3725 ούχί
842 3656 902 3708 δὲ
941 3655 1064 3724 μίαν
1090 3654 1365 3725 ὁμολογεῖν
1394 3651 1488 3721 τὴν
1509 3652 1581 3714 ὡς
1608 3650 1817 3721 ἀληθῶς

220 3743 409 3796 Ἔεοῦ
453 3747 669 3817 δύναμιν
719 3746 817 3798 καὶ
874 3745 1008 3797 Θεοῦ
1061 3744 1266 3813 σοφίαν,
1306 3744 1401 3813 μιᾷ
1452 3734 1671 3811 δυνάμει
1724 3742 1815 3793 καὶ

218 3832 436 3905 -άρετῇ
469 3839 560 3907 μιᾷ
592 3838 729 3907 ὁμοῦ
760 3835 830 3887 τὰ
856 3835 1029 3887 πάντα
1054 3832 1419 3903 ύφισταμένην
1442 3847 1500 3883 τε
1525 3831 1617 3884 καὶ
1651 3827 1814 3892 ζωοῦ-

262 3938 398 3988 ·σαν,
425 3929 509 3979 καὶ
544 3931 654 3991 τοῖς
691 3929 828 3980 πᾶσι
868 3924 1113 3993 ποικίλην
1140 3923 1236 3994 τὴν
1279 3922 1339 3986 ἐξ
1364 3922 1528 3990 αὐτῆς
1557 3921 1810 3989 ἐπιχορη-

242 4011 401 4078 -γίαν
434 4015 785 4085 ποιουμένην;
813 4012 969 4065 Οὕτω
1011 4013 1103 4064 καὶ
1154 4011 1326 4080 φωτὸς
1357 4010 1502 4079 ἡλίου
1536 4008 1632 4078 μία
1658 4008 1749 4061 καὶ
1775 4008 1808 4076 ἡ

250 4100 410 4173 καύτὴ
448 4104 707 4174 προσϐολὴ
754 4102 892 4173 ὁμοῦ
931 4102 1024 4154 καὶ
1064 4101 1202 4154 κατὰ
1230 4102 1291 4153 τὸ
1319 4100 1445 4152 αὐτὸ
1486 4095 1808 4165 καταυγάζει

283 4190 377 4258 μὲν
399 4192 541 4263 ἀέρα,
570 4193 790 4260 φωτίζει
822 4191 878 4243 δὲ
905 4190 1227 4260 ὀφθαλμοὺς,
1256 4187 1395 4257 ἁφὴν
1421 4187 1475 4240 δὲ
1514 4186 1803 4257 θερμαίνει,

280 4276 467 4331 Δπιαίνει
489 4279 542 4331 δέ
565 4268 685 4350 γῆν,
703 4278 859 4345 αὔξει
888 4277 1049 4346 φυτὰ,
1068 4277 1253 4348 χρόνον
1280 4275 1577 4345 ὑφίστησιν,
1599 4275 1804 4344 ἄστρων

1923 3205 2043 3244 men
2087 3192 2369 3261 quisquam
2408 3192 2588 3247 adhuc
2636 3193 2816 3261 plures
2851 3195 2905 3247 in
2940 3209 3050 3249 uno
3077 3209 3302 3265 corpore
3329 3210 3454 3252 esse

1922 3281 2124 3335 animas
2151 3280 2376 3343 censuit,
2407 3297 2581 3351 neque
2628 3296 2755 3337 vero
2807 3284 2989 3352 plures
3035 3285 3331 3342 admiratus
3358 3295 3446 3344 est

1918 3370 1989 3424 ob
2013 3370 2297 3423 multarum
2330 3371 2734 3439 disciplinarum
2769 3372 3182 3442 perceptionem,
3212 3375 3448 3432 hominis

1918 3457 2216 3514 facultates.
2233 3459 2386 3525 Quod
2409 3462 2454 3516 si
2473 3461 2596 3529 quis
2615 3461 2706 3515 ubi
2723 3461 3006 3516 infamem
3038 3463 3148 3516 limi
3164 3466 3445 3520 materiam

1914 3556 2104 3604 nactus
2132 3559 2232 3614 est,
2247 3566 2309 3605 ac
2340 3551 2530 3606 deinde
2565 3551 2812 3606 manibus
2829 3552 3069 3616 mollivit,
3099 3560 3211 3606 tum
3239 3555 3444 3608 anima-

1914 3639 1981 3695 lis
2014 3639 2235 3694 formam
2267 3640 2539 3712 adjungat,
2574 3650 2632 3695 ut
2667 3643 2770 3696 alio
2796 3640 3012 3711 quidem
3044 3642 3227 3697 habitu
3261 3652 3446 3713 caput,

1911 3746 2209 3801 manusque
2238 3741 2292 3787 et
2311 3733 2473 3801 pedes
2498 3731 2622 3796 alio,
2656 3739 2709 3787 et
2742 3733 2848 3786 alio
2884 3746 3075 3787 rursus
3101 3732 3308 3796 oculos,
3336 3740 3448 3787 tum

1910 3836 2073 3891 genas
2116 3821 2318 3888 itidem,
2345 3836 2610 3891 auresque
2658 3829 2712 3876 et
2738 3835 2821 3884 os,
2854 3829 2908 3877 et
2952 3836 3131 3887 nares,
3151 3830 3449 3891 pectusque

1908 3921 2067 3981 atque
2095 3912 2344 3966 humeros
2373 3911 2623 3966 informet
2654 3926 2752 3966 suo
2788 3911 2880 3965 illo
2911 3910 3138 3980 ﬁngendi
3170 3909 3399 3966 artiﬁcio
3433 3926 3451 3964 :

1906 4018 2034 4057 num
2077 4011 2354 4073 propterea
2393 4003 2537 4073 quod
2579 4004 2774 4057 multos
2806 4002 3041 4064 habitus,
3073 4008 3127 4055 et
3177 4003 3447 4066 membra,

1905 4101 1957 4147 et
1982 4102 2160 4162 partes
2190 4094 2291 4148 sub
2312 4108 2417 4147 uno
2446 4107 2670 4162 corpore
2701 4091 2998 4152 fabricavit,
3033 4090 3252 4147 totidem
3274 4106 3437 4160 opor-

1906 4188 1982 4237 tet
2025 4182 2372 4237 fabricatores
2404 4180 2697 4235 arbitrari?
2726 4195 2793 4234 an
2830 4182 3007 4250 potius
3035 4181 3274 4247 universi
3303 4181 3440 4235 arti-

1904 4273 2055 4327 ﬁcem
2099 4274 2242 4327 illico
2273 4280 2326 4326 et
2352 4270 2659 4333 confertim,
2688 4271 2780 4339 qui
2823 4285 2930 4325 uno
2968 4270 3198 4325 consilio
3226 4287 3440 4340 unaque

280 4364 495 4434 ἡγεῖται,
522 4370 744 4440 οὐρανὸν
789 4367 1088 4438 περιπολεῖ,
1124 4366 1323 4433 κόσμον
1358 4363 1643 4433 φαιδρύνει,
1671 4362 1801 4415 Θεοῦ

1920 4361 2152 4417 'acultate
2199 4368 2368 4414 totum
2418 4366 2501 4415 est
2543 4359 2959 4421 architectatus,
3007 4359 3298 4415 extollere?
3326 4360 3441 4415 Cur

282 4454 488 4525 δύναμιν
524 4461 720 4530 ἐναργῆ
754 4459 855 4529 τὴν
900 4458 956 4509 ἐν
993 4457 1068 4526 τῷ
1102 4455 1259 4508 παντὶ
1299 4453 1566 4523 συνίστησι
1589 4470 1601 4483 ⁸
1635 4453 1803 4505 πάντα

1920 4452 2070 4520 igitur
2106 4452 2158 4504 in
2201 4452 2303 4505 hoc
2350 4450 2599 4505 universo
2635 4448 2777 4518 quod
2818 4463 2981 4502 unum
3025 4455 3138 4511 est,
3183 4451 3426 4518 quamvis

279 4562 338 4598 τε
385 4548 534 4603 ταῦτα
586 4554 681 4620 μιᾷ
734 4552 875 4620 ῥοπῇ
929 4549 1140 4616 φύσεως
1193 4545 1444 4597 συντελεῖ.
1497 4544 1601 4596 Καὶ
1643 4543 1809 4613 πυρὸς

287 4636 432 4703 φύσις
458 4640 644 4709 χρυσὸν
691 4640 788 4709 μὲν
818 4636 1095 4705 καθαίρει,
1135 4632 1385 4703 μόλυϐδον
1414 4632 1467 4683 δέ
1506 4632 1657 4700 τήκει
1679 4648 1692 4662 ο
1720 4632 1810 4682 καὶ

291 4727 444 4794 κηρὸν
485 4730 575 4799 μέν
604 4730 739 4791 λύει,
777 4727 950 4795 πηλὸν
976 4724 1033 4776 δὲ
1069 4722 1331 4792 ξηραίνει,
1360 4719 1486 4791 ὓλην
1512 4720 1565 4773 δὲ
1598 4720 1807 4791 φρύγει,
1864 4775 1867 4780 ,

291 4814 386 4881 μιᾷ
416 4820 472 4887 τῇ
515 4820 770 4887 καυστικῇ
822 4815 1053 4882 δυνάμει
1103 4809 1172 4861 τὰ
1218 4809 1444 4861 τοσαῦτα
1489 4808 1811 4878 κατεργαζο-

289 4900 431 4974 μένη.
455 4908 625 4980 Ταύτῃ
656 4926 735 4960 τοι
768 4906 863 4959 καὶ
896 4901 1152 4973 οὐράνιος
1178 4898 1267 4950 τοῦ
1297 4898 1426 4950 Θεοῦ
1450 4898 1633 4965 Λόγος,
1660 4898 1688 4948 ό
1721 4896 1811 4947 καὶ

282 4980 442 5057 ἡλίου,
465 4998 549 5050 καὶ
574 4996 825 5066 ούρανοῦ,
857 4993 955 5047 καὶ
988 4990 1086 5043 τοῦ
1122 4989 1424 5057 σύμπαντος
1469 4987 1670 5054 κόσμου
1717 4984 1809 5051 δη-

280 5084 587 5154 ίῖιουργικδς,
612 5088 873 5157 δραστικῇ
914 5081 1151 5147 δυνάμει
1191 5079 1296 5137 τοῖς
1335 5076 1492 5126 πᾶσιν
1535 5072 1810 5143 ἐπιπαρὼν

272 5173 370 5228 καὶ
397 5179 475 5231 διὰ
509 5182 718 5234 πάντων
763 5180 942 5242 ἥκων,
993 5170 1135 5240 ἡλίῳ
1182 5168 1294 5235 μὲν,
1338 5165 1425 5217 καὶ
1469 5167 1680 5236 σελήνῃ,
1722 5163 1812 5216 καὶ

261 5246 472 5339 ᾄτιτροις
493 5271 547 5335 ἐξ
571 5270 777 5329 οἰκείας
813 5266 918 5332 τῆς
948 5256 1186 5313 ἀεννάου
1218 5253 1485 5321 δυνάμεως
1506 5253 1618 5321 φῶς
1649 5253 1814 5320 ἐπομ-

256 5338 396 5423 ϐρεῇ
436 5360 653 5432 οὐρανὸν
699 5358 757 5410 δὲ
813 5351 1027 5406 οἰκείου
1085 5342 1337 5414 μεγέθους
1371 5340 1811 5409 προσφυεστάτην

243 5433 428 5504 ﬁlum
460 5430 553 5520 τὴν
589 5447 765 5520 ἀρχὴν
798 5433 1277 5520 ὑποστησάμενος,
1303 5431 1376 5520 εἰς
1404 5431 1574 5482 αἰῶνα
1598 5430 1813 5498 διακρα-

237 5529 361 5593 tu.
404 5517 593 5605 τὰς’δὲ
630 5517 921 5590 ἐπέκεινα
980 5517 1214 5591 ούρανοῦ
1266 5519 1351 5569 καί
1408 5519 1615 5587 κόσμου
1662 5520 1813 5571 δυνά-

231 5619 370 5697 μεις
403 5633 639 5702 ἀγγέλων
689 5625 785 5678 καὶ
830 5612 1186 5680 πνευμάτων,
1223 5607 1415 5677 νοερῶν
1462 5626 1517 5659 τε
1551 5609 1641 5660 καὶ
1668 5608 1811 5675 λογι-

230 5712 354 5777 ζ(ὧν
400 5698 608 5786 θυσιῶν,
651 5715 802 5781 ζωῆς
858 5704 1026 5774 ὁμοῦ,
1076 5701 1163 5750 καὶ
1218 5698 1405 5763 φωτὸς,
1469 5700 1560 5753 καὶ
1607 5699 1808 5767 σοφίας,

1907 4538 2089 4591 multis
2121 4539 2359 4607 partibus
2389 4543 2627 4599 constet,
2664 4536 2861 4590 multos
2904 4545 3115 4603 oportet
3141 4537 3443 4606 conﬁngere

1907 4624 2143 4693 opifices,
2188 4633 2241 4679 et
2291 4626 2487 4679 multos
2523 4625 2651 4679 deos
2693 4624 2992 4687 nominare,
3035 4638 3098 4677 ac
3126 4638 3233 4677 non
3262 4624 3441 4693 potius

1909 4729 2064 4769 unam
2089 4714 2242 4768 fateri
2264 4730 2448 4769 revera
2476 4715 2569 4770 Dei
2599 4715 2868 4778 virtutem,
2899 4721 2951 4768 et
2972 4713 3065 4768 Dei
3094 4714 3436 4782 sapientiam,

1908 4818 2023 4873 quae
2054 4817 2158 4855 una
2182 4801 2430 4856 facultate
2465 4817 2675 4871 unaque
2704 4801 2923 4857 solertia
2954 4800 3163 4854 cunctis
3207 4800 3432 4856 rebusot

1908 4899 2152 4946 naturam
2184 4906 2285 4959 qua
2314 4899 2438 4945 sunt
2477 4902 2529 4946 et
2567 4891 2725 4945 vitam
2757 4890 3002 4958 largitur,
3026 4901 3234 4942 necnon
3261 4892 3438 4944 omni-

1908 4982 2009 5035 bus
2048 4980 2251 5033 varium
2286 4979 2352 5036 de
2396 4980 2571 5048 seipsa
2618 4979 2879 5034 ubertatis
2921 4977 3118 5031 fontem
3174 4974 3438 5036 submini-

1910 5071 2080 5128 strat?
2112 5070 2199 5124 Sic
2226 5070 2385 5124 etiam
2420 5070 2611 5125 solaris
2657 5070 2874 5122 luminis
2912 5081 3017 5120 una
3045 5073 3098 5120 et
3128 5065 3315 5121 eadem
3347 5081 3439 5122 ac-

1909 5160 2105 5225 cessio,
2142 5158 2300 5213 simul
2330 5157 2622 5225 eodemque
2652 5164 2885 5225 tempore
2916 5169 3089 5209 aerem
3120 5154 3336 5223 quidem
3364 5156 3441 5209 ir-

1908 5253 2102 5314 radiat,
2148 5250 2412 5305 illuminat
2444 5263 2570 5302 vero
2611 5248 2816 5309 oculos,
2853 5253 3012 5315 atque
3049 5242 3209 5297 allicit
3237 5250 3440 5298 tactum

1864 5358 1869 5363 ·
1909 5343 2104 5404 calore,
2142 5348 2447 5407 terramque
2493 5335 2717 5391 fertilem
2762 5335 2956 5398 reddit,
3005 5332 3222 5403 plantas
3266 5339 3442 5399 auget,

1910 5438 2121 5498 tempus
2146 5427 2414 5496 producit,
2458 5430 2650 5492 praeest
2702 5421 2993 5496 sideribus,
3023 5419 3226 5472 cmlum
3260 5416 3447 5476 ambit,

1910 5520 2165 5575 mundum
2215 5516 2495 5577 exliilarat,
2535 5514 2624 5570 Dei
2674 5515 2777 5568 vim
2827 5511 3173 5571 manifestam
3227 5520 3359 5575 qua
3398 5502 3457 5554 in

1912 5608 2159 5660 universo
2208 5602 2366 5662 inest,
2417 5599 2795 5654 commendat:
2843 5606 2894 5651 et
2941 5592 3130 5648 omnia
3174 5591 3315 5642 haec
3359 5595 3465 5635 uno

1912 5699 2177 5752 momento
2203 5698 2404 5745 naturae
2430 5688 2766 5744 administrat
2798 5702 2860 5741 ac.
2888 5682 3129 5754 perﬁcit.
3158 5674 3334 5745 Ignis
3351 5680 3476 5737 quo-
