3862 6336
841 359 944 415 265

1447 353 1709 408 EUSEBII
1745 355 2210 412 CIESARIENSIS
2245 357 2388 412 OPP.
2431 358 2609 414 PARS
2645 362 2708 413 ll.
2742 393 2809 406 -—
2844 362 3375 418 APOLOGETICA.

837 483 941 538 que
962 473 1146 520 natura
1176 471 1227 518 et
1257 479 1442 517 aurum
1471 474 1660 534 purgat
1687 473 1740 519 et
1764 468 2032 534 plumbum
2061 467 2347 535 liquefacit,

1936 484 2032 520 lum
2061 467 2347 535 liquefacit,
2377 479 2422 534 Α
2449 473 2539 524 καὶ
2571 489 2742 542 πασης
2761 475 2969 544 ἀρετῆς,
2993 477 3086 528 καὶ
3107 478 3292 530 καλοῦ
3334 478 3461 541 κὰτ

837 567 891 612 et
918 568 1037 610 'cum
1069 567 1244 606 ceram
1271 554 1546 618 dissolvat,
1587 555 1769 606 limum
1799 562 1974 608 tamen
2007 555 2262 616 cxsiccat,
2300 564 2352 610 et

837 645 1111 702 materiam
1147 643 1322 696 adurit
1358 663 1370 695 :
1404 653 1454 696 et
1489 644 1598 696 haec
1627 651 1733 696 tam
1764 644 1949 705 multa,
1974 659 2078 695 una
2102 644 2355 696 duntaxat

837 738 891 789 vi
933 735 1273 789 comburendi
1305 734 1482 789 eilicit.
1517 734 1710 788 Eadem
1757 735 1964 787 ratione
2006 736 2221 789 cmleste
2262 735 2354 790 Dei

838 819 1085 884 Verbum,
1115 823 1255 890 quod
1289 833 1341 877 et
1366 825 1530 878 solem
1562 828 1754 892 ipsum,
1785 831 1836 876 et
1867 826 2084 887 ctelum,
2126 835 2175 876 et
2203 841 2355 877 mun-

838 915 961 968 dum
988 916 1292 968 universum
1325 913 1614 976 fabricavit,
1643 929 1764 966 cum
1787 912 1982 965 eﬂicaci
2020 913 2066 965 vi
2092 913 2203 967 suis
2225 929 2355 966 cun-

838 1007 938 1061 rtis
963 1007 1120 1060 rebus
1150 1004 1377 1066 intersit,
1407 1014 1458 1058 et
1493 1019 1588 1084 per
1616 1004 1793 1057 omnia
1825 1011 2084 1072 penetret,
2117 1005 2213 1058 soli
2237 1005 2356 1072 qui-

833 1095 952 1149 dem
996 1111 1058 1149 ac
1102 1096 1239 1148 lunae
1274 1103 1431 1162 atque
1473 1095 1654 1153 astris,
1686 1094 1752 1145 de
1779 1093 1991 1162 propria
2033 1109 2239 1161 semper
2271 1095 2353 1146 af-

830 1184 1012 1238 ﬂuenti
1037 1183 1304 1241 facultate.
1337 1185 1506 1236 instar
1535 1182 1722 1250 pluvim
1753 1183 1926 1235 lumen
1953 1181 2212 1248 infundit;
2247 1199 2355 1237 cm-

834 1273 942 1326 lum
971 1281 1165 1338 autem,
1201 1289 1318 1327 cum
1365 1288 1474 1326 sua:
1512 1271 1889 1340 magnitudinis
1916 1271 1980 1322 ab
2013 1272 2164 1325 initio
2193 1287 2356 1341 appo-

832 1362 1142 1416 sitissimam
1190 1361 1470 1430 imaginem
1527 1359 1842 1429 protulerit,
1882 1359 1934 1410 in
1986 1372 2140 1412 omne
2185 1374 2352 1412 aevum

834 1449 1021 1504 sulﬁcit
1071 1451 1412 1518 continetque
1459 1467 1473 1516 ;
1524 1465 1641 1518 qua:
1690 1455 1864 1501 autem
1925 1461 2086 1515 supra
2134 1449 2350 1510 caelum,

834 1556 1100 1610 supraque
1128 1541 1382 1594 mundum
1416 1542 1610 1610 degunt
1670 1546 1958 1609 potestates
1989 1577 2003 1600 ,
2049 1539 2351 1607 angelorum

833 1631 1018 1698 utique
1050 1645 1110 1682 ac
1157 1631 1434 1698 spirituum
1469 1630 1818 1698 iutelligentcs
1847 1628 2233 1693 rationalesque
2260 1640 2356 1679 na-

832 1727 996 1780 tura,
1034 1735 1126 1773 eas
1169 1728 1222 1774 et
1288 1721 1392 1772 vita
1439 1721 1596 1773 simul
1633 1730 1684 1772 et
1723 1719 1937 1778 lumine,
1971 1724 2023 1770 et
2052 1716 2308 1784 sapientia
2337 1753 2351 1778 ,

835 1809 984 1878 153
1029 1818 1081 1862 et
1123 1811 1382 1862 universze
1410 1809 1691 1877 probitatis
1727 1815 1884 1876 atque
1917 1806 2211 1860 honestatis
2234 1804 2352 1856 uui-
2384 1786 2422 1839 Β

828 1913 980 1952 versa
1009 1900 1224 1963 virtute,
1258 1900 1324 1953 de
1366 1899 1478 1953 suis
1527 1899 1708 1966 implet
1741 1898 2023 1958 thesauris,
2059 1895 2215 1964 idque
2245 1909 2350 1946 uno

828 1987 1117 2056 eodemque
1177 1989 1308 2040 artis
1352 1987 1582 2056 Opiﬁcio,
1637 1985 1914 2040 elementis
1959 1999 2086 2038 vero
2133 1990 2349 2036 naturas

827 2077 1018 2143 quibus
1065 2077 1188 2137 sint,
1218 2076 1448 2144 praahere
1490 2091 1756 2144 nunquam
1811 2073 2046 2135 desistit;
2093 2073 2347 2126 misturas

828 2176 1000 2219 autem
1049 2173 1101 2220 et
1136 2175 1570 2234 temperamenta,
1599 2172 1652 2217 et
1683 2164 1910 2232 species,
1960 2170 2012 2215 et
2050 2161 2266 2223 formas,
2296 2168 2349 2214 et

2455 563 2578 632 παρ’
2609 563 2768 615 αὑτοῦ
2795 564 3072 634 θησαυρῶν
3105 567 3462 636 ἐμπίμπλη

2451 649 2755 720 δημιουργῷ
2786 654 2943 724 τέχνῃ
2965 670 2978 682 ·
3012 656 3103 706 καὶ⁵
3136 657 3462 724 στοιχείω*

2452 736 2719 806 λιμπόινει,
2763 742 3008 809 παρέχων
3028 744 3119 794 καὶ
3142 743 3357 811 μίξεις
3401 760 3462 794 κς

2453 824 2544 874 καὶ
2579 826 2800 895 μορφὰς,
2831 828 2919 878 καὶ
2952 830 3228 898 σχήματα,
3303 831 3462 881 ποιό

2451 927 2508 961 τε
2530 908 2682 972 ζώοις
2710 913 2800 964 καὶ
2830 917 3027 979 φυτοῖς,
3056 917 3148 967 καὶ
3191 915 3455 983 ψυχαῖς

2453 1002 2564 1061 κοῖς
2590 1017 2646 1050 τε
2691 1003 2782 1053 καὶ
2830 1003 3057 1069 ἀλόγοις,
3100 1003 3319 1056 ἄλλοτε
3373 1005 3461 1055 ἄλ

2453 1094 2542 1144 καὶ
2576 1095 2733 1144 πᾶσιν
2761 1093 2889 1163 ὁμοῦ
2922 1096 3095 1147 πάντα
3128 1096 3242 1164 μιᾷ
3271 1094 3462 1164 δυνὰξ

2452 1181 2570 1234 νοῦν
2596 1184 2684 1233 ἐπὶ
2708 1185 2864 1234 πᾶσιν
2915 1183 3227 1253 ἀνθρώποις
3267 1187 3462 1251 ὲπιγκ⁸

2453 1272 2543 1324 κὸν
2570 1272 2666 1340 τῆς
2692 1271 2848 1324 αὑτοῦ
2872 1273 3058 1339 σοφίας
3077 1273 3458 1343 δωρούμενο

2456 1359 2600 1420 ιστὰς
2637 1363 2744 1421 τοῖς
2801 1361 2930 1411 πᾶσι
2970 1360 3078 1411 ’καὶ
3111 1359 3461 1430 διαρῤήδτρ

2451 1446 2706 1498 δείκνυσιν
2736 1447 2848 1508 ἑνὸς
2877 1448 3045 1513 Λόγου
3072 1450 3462 1517 κοσμοποιοῦ

2453 1538 2791 1608 καλλιτεχναν
2838 1539 2961 1590 Υἱὸν
2995 1542 3286 1609 μονογενῆ
3353 1543 3462 1610 τῆς

2449 1627 2762 1698 δημιουργὸν
2796 1630 2823 1680 ὁ
2871 1629 3083 1681 πάντων
3112 1631 3434 1683 ἀνωτάτω

2451 1717 2542 1786 γοῦ
2568 1718 2693 1780 Θεὸς
2713 1718 2802 1770 καὶ
2827 1719 3012 1788 Πατὴρ
3029 1719 3268 1790 πρῶτον
3317 1723 3461 1774 ἁπάι

2450 1809 2541 1860 τοῦ
2575 1810 2664 1861 καὶ
2699 1811 2754 1860 ὲν
2795 1808 2937 1876 αὑτῷ
2969 1809 3092 1870 τοὺς
3155 1810 3287 1861 τῶν
3355 1812 3462 1879 με)

2455 1899 2792 1968 μιουργικους
2835 1898 3017 1960 λόγους
3064 1898 3455 1968 ὑφιστάμενο

2450 2003 2510 2054 γε
2543 1988 2637 2056 τῆς
2675 1986 2778 2038 τῶν
2829 1986 2960 2037 ὅλων
3025 1987 3381 2048 συστάσεὼς
3418 2006 3461 2040 τι

2450 2074 2590 2142 αὐτῷ
2613 2073 3086 2141 καταϐαλλόμενος·
3123 2075 3256 2143 Οὐχ
3295 2077 3449 2145 ὁρᾷς

2451 2179 2621 2216 παντα
2666 2163 2880 2230 κόσμον,
2907 2161 2962 2212 ὃν
3003 2161 3250 2230 οὐρανὸς
3286 2159 3379 2222 εἷς
3411 2182 3456 2214 π

827 2255 1060 2318 habitus,
1105 2255 1488 2324 qualitatesque
1535 2254 1964 2312 innumerabiles,
1994 2259 2100 2303 tam
2157 2250 2209 2302 in
2239 2249 2352 2303 ani-

1936 2270 1964 2312 ι,
1994 2259 2100 2303 tam
2157 2250 2209 2302 in
2239 2249 2357 2303 ani-
2446 2271 2504 2304 τε
2547 2252 2687 2321 ἀμφὶ
2723 2251 2905 2302 τοῦτον
2935 2251 3162 2318 χορείας
3207 2253 3312 2304 καὶ
3345 2253 3461 2306 ἇστ

828 2348 1053 2400 malibus
1080 2363 1236 2415 quam
1270 2347 1322 2398 iu
1353 2345 1568 2413 plantis,
1605 2352 1712 2396 tam
1764 2344 1816 2398 in
1866 2343 2060 2395 animis
2093 2355 2253 2409 quam
2296 2341 2350 2392 in

826 2437 1276 2503 corporibus,tam
1305 2435 1356 2486 in
1388 2433 1732 2486 rationalibus
1749 2447 1906 2501 quam
1929 2432 1979 2484 in
2011 2432 2201 2493 brutis,
2219 2429 2350 2483 alias

828 2525 980 2576 aliter
1021 2527 1250 2586 varians,
1281 2531 1333 2578 et
1357 2525 1563 2576 cunctis
1593 2523 1750 2575 simul
1779 2521 1957 2574 omnia
1991 2535 2094 2573 una
2126 2521 2176 2571 vi
2223 2519 2351 2572 sub-

827 2613 1159 2672 ministrans,
1207 2621 1259 2664 et
1304 2627 1462 2679 super
1509 2611 1685 2662 omnia
1744 2617 1970 2662 mentem
2025 2608 2348 2667 hominibus,

828 2719 936 2758 sua:
953 2703 1118 2771 ipsius
1146 2701 1486 2770 cognitricem
1517 2697 2121 2766 contemplatricemque'
2141 2696 2351 2764 sapien-

829 2793 912 2847 tia:
939 2792 1164 2853 donans,
1213 2791 1593 2858 perspicueque
1637 2795 1794 2855 atque
1823 2786 2093 2840 evidenter
2143 2786 2350 2839 cunctis

827 2882 1102 2941 assistens,
1133 2895 1294 2932 unum
1345 2877 1597 2931 mundum
1650 2876 1880 2930 ostendit
1930 2875 2089 2928 unius
2132 2873 2350 2930 artiﬁcis

827 2967 983 3022 Verbi
1011 2982 1162 3036 opus.
1192 2966 1368 3020 Talem
1411 2968 1568 3036 igitur
1611 2967 1821 3019 unicum
1853 2963 2064 3026 Filium,
2097 2965 2178 3017 sui
2217 2980 2348 3018 con-

2452 2342 2613 2394 Πάλιν
2629 2337 2704 2402 εἷς
2715 2341 2876 2409 ἥλιος,
2896 2341 3004 2393 ἀλλ’
3021 2342 3081 2392 οὐ
3105 2342 3378 2410 πλείους,
3400 2348 3462 2396 τὸ

2452 2432 2620 2500 φωτὸς
2654 2431 2911 2483 καλύπτει
2934 2434 3354 2501 μαρμαρυγὰς.
3401 2438 3462 2487 υἱ

2451 2521 2674 2590 Πατρὺς,
2730 2521 2820 2571 ’ἐνα
2857 2520 2991 2589 χρῆν
3018 2521 3118 2572 καὶ
3153 2523 3253 2574 τὸν
3284 2524 3424 2576 Υἰὸν
3459 2549 3461 2571 ς

2451 2609 2538 2658 καὶ
2567 2607 2792 2668 πλείους,
2821 2606 3210 2675 ὲπιμέμψαιτό
3247 2627 3361 2674 τις,
3406 2613 3462 2684 ὅ),

2455 2695 2526 2764 μὴ
2560 2696 2649 2748 καὶ
2703 2695 2878 2763 ἡλίους
2925 2696 3162 2767 συνίστη
3231 2701 3462 2765 πλείους

2451 2787 2695 2854 κόσμους,
2721 2787 2812 2837 καὶ
2833 2785 2996 2855 μυρία
3023 2787 3202 2852 ἄττα,
3234 2793 3462 2846 αἱτιᾶσο

2452 2892 2547 2926 πον
2577 2873 2642 2926 τὰ
2678 2874 2809 2944 ὀρθὰ
2837 2875 2927 2926 καὶ
2964 2871 3023 2927 εὖ
3061 2875 3270 2948 ἔχοντα
3317 2883 3424 2952 τῆς

2450 2965 2859 3034 ἐπιχειροῦντος.

827 3061 931 3116 silii
964 3060 1262 3114 eﬂcctorem
1291 3075 1352 3112 ac
1379 3060 1709 3128 magistrum,
1768 3066 1821 3113 et
1878 3064 2188 3111 cunctarum
2235 3073 2411 3111 rerum
2449 3059 2708 3126 Opilicem,
2766 3073 3056 3138 supremus
3111 3069 3292 3132 atque
3345 3066 3450 3135 ipsi

827 3169 1018 3223 parens
1053 3154 1276 3222 primum
1305 3153 1538 3206 omnium
1568 3153 1766 3220 genuit,
1795 3167 1885 3221 per
1939 3151 2086 3204 illum
2112 3157 2163 3204 et
2191 3151 2242 3203 in
2274 3151 2363 3204 illo
2398 3166 2578 3205 eorum
2630 3167 2746 3220 quae
2781 3150 2959 3204 futura
2991 3164 3160 3209 erant
3219 3159 3458 3227 Opiﬁces

827 3243 1134 3311 seminaque
1196 3244 1590 3298 constitutionis
1659 3242 2164 3311 gubernationisque
2225 3242 2462 3296 universi
2516 3243 2568 3295 in
2618 3243 2706 3295 illo
2761 3242 3006 3310 conjecta
3076 3246 3320 3304 habens.
3397 3251 3460 3303 Νι

827 3336 903 3391 ris
951 3335 1204 3390 mundum
1264 3337 1590 3399 universum,
1635 3351 1792 3404 quem
1851 3335 2044 3392 malum
2099 3350 2263 3388 unum
2303 3335 2686 3404 complectitur,
2744 3335 3287 3408 innumerabiliaque
3346 3344 3460 3397 circ

825 3436 878 3480 et
902 3435 1164 3482 astrorum
1189 3428 1594 3483 conversiones?
1627 3427 1716 3482 Sol
1737 3429 1858 3484 item
1888 3444 2026 3482 unus
2085 3427 2361 3492 duntaxat,
2425 3444 2526 3482 non
2565 3430 2762 3499 plures,
2817 3428 3162 3484 abundantia
3208 3437 3442 3491 luminis

828 3519 1150 3588 splendores.
1187 3517 1276 3571 Sic
1332 3533 1458 3572 sane
1510 3533 1631 3571 cum
1685 3533 1824 3572 unus
1860 3518 1929 3571 sit
1972 3517 2148 3579 Pater.
2184 3535 2348 3572 unum
2383 3521 2540 3573 etiam
2596 3516 2784 3570 Filium
2835 3531 2953 3570 esse
3005 3530 3253 3588 oportet.
3314 3524 3457 3588 Qum

828 3612 1024 3666 hendat
1063 3611 1202 3680 quod
1248 3611 1425 3680 plures
1472 3626 1576 3665 non
1621 3611 1882 3680 genuerit,
1934 3611 2021 3663 hic
2066 3611 2173 3679 jam
2228 3612 2355 3664 illud
2392 3626 2599 3680 quoque
2639 3624 2891 3664 accusare
2941 3615 3177 3678 poterit,
3245 3617 3397 3684 quod

825 3715 878 3759 et
930 3706 1102 3766 lunas,
1147 3713 1200 3757 et
1250 3703 1496 3767 mundos,
1571 3712 1622 3757 et
1664 3703 1768 3757 alia
1816 3703 2184 3757 inumerahilia
2243 3704 2558 3765 condiderit,
2604 3709 2657 3757 et
2709 3717 2856 3755 more
2905 3703 3251 3761 insanientis
3331 3709 3458 3777 cuju

828 3805 972 3854 sunt.
1025 3797 1260 3862 beneque
1317 3796 1370 3848 in
1431 3804 1621 3848 natura
1677 3810 1737 3850 se
1794 3795 2017 3862 habent,
2055 3795 2576 3863 pervertere_moliri.

1544 3913 1631 3967 Vl.

828 3999 976 4066 Quod
1006 4016 1036 4051 a
1063 4001 1229 4067 prima
1261 4002 1618 4054 constitutione
1647 4001 1890 4062 universi,
1909 3999 2107 4051 occulta
2123 3998 2346 4067 quadam

893 4074 1160 4137 ignotaque
1208 4071 1423 4130 ratione,
1467 4070 1701 4124 Christus
1737 4071 1824 4123 Dei
1855 4068 2108 4136 religiosis
2143 4069 2343 4136 Deoque

891 4139 1054 4205 gratis
1084 4137 1268 4189 animis
1305 4137 1564 4204 prwsidet.

895 4225 1003 4280 Hac
1037 4227 1198 4294 igitur
1228 4228 1452 4288 ratione.
1485 4225 1926 4295 quemadmodum
1957 4225 2007 4277 in
2036 4223 2192 4278 rebus
2230 4238 2346 4291 quae

825 4315 930 4370 sub
967 4324 1236 4384 aspectum
1269 4315 1484 4380 cadunt,
1515 4316 1594 4370 sol
1625 4330 1764 4368 unus
1790 4315 2094 4368 universum
2122 4313 2350 4364 illustrat

3193 3922 3286 3984 Ci".

2457 3999 2547 4064 Ὠς
2568 3998 2684 4051 ἀπὸ
2720 3996 2950 4071 πρώτης
3011 4005 3375 4071 συστάσεως
3428 4025 3456 4059 τ

2514 4073 2545 4120 ὁ
2569 4067 2816 4145 Χριστὸς
2844 4067 2953 4121 τοῦ
3005 4073 3158 4126 Θεοῦ
3190 4075 3312 4127 τῶν
3342 4067 3456 4144 θεοί

2514 4153 2728 4189 στατει.

2514 4226 2693 4296 Ταύτῃ
2711 4225 2751 4275 δ’
2782 4219 2871 4276 οῦν
2898 4225 2978 4288 ὡς
3005 4229 3062 4279 ὲν
3093 4231 3312 4297 ὁρατοῖς
3351 4233 3454 4302 ἦλα

2448 4316 2654 4369 ἅπαντα
2681 4312 3027 4380 καταλάμπει
3071 4318 3299 4387 κόσμον,
3335 4320 3454 4372 οὔτι

826 4406 970 4461 hunc
1008 4405 1311 4460 sensibilem
1335 4407 1612 4468 mundum,
1637 4407 1706 4459 ita
1741 4406 1792 4458 in
1816 4405 1882 4459 iis
1907 4419 2023 4478 quae
2060 4404 2351 4472 intelligen-

1927 4420 2023 4478 luae
2060 4404 2352 4472 intelligen-
2378 4397 2420 4452 C
2451 4407 2555 4466 τοῖς
2586 4403 2679 4464 τὰς
2697 4402 2997 4466 ἀθανάτους
3030 4407 3126 4458 καὶ
3159 4409 3452 4478 ἀσωμάτου

825 4499 901 4552 tia
941 4497 1054 4552 sola
1082 4497 1386 4564 capiuntur,
1418 4495 1745 4548 immortales
1775 4501 1827 4547 et
1857 4494 2198 4562 incorporeas
2249 4508 2348 4564 po-

822 4595 1066 4648 testates,
1095 4594 1147 4641 et
1171 4587 1519 4654 intelligentes
1541 4600 1603 4638 ac
1625 4585 1910 4638 rationales
1935 4594 2174 4646 naturas,
2198 4585 2349 4653 quasi

825 4677 1234 4732 innumerabiles
1287 4676 1467 4730 stellas
1520 4675 1761 4743 lucisque
1809 4673 2000 4739 fontes,
2034 4691 2198 4728 unum
2258 4674 2350 4729 Dei

823 4765 1115 4834 perfectum
1147 4765 1410 4820 illuminat
1439 4763 1690 4818 Verbum.
1723 4762 1876 4832 154
1899 4762 2166 4831 Siquidem
2195 4778 2352 4831 opor-

823 4858 924 4909 tuit
951 4872 1110 4910 unam
1143 4872 1353 4925 quoque
1381 4871 1541 4924 super
1569 4855 1746 4908 omnia
1775 4869 1892 4908 esse
1922 4855 2139 4906 omnino
2158 4854 2346 4920 legem,

823 4951 980 5010 atque
1017 4945 1069 4998 in
1098 4946 1344 4998 omnibus
1373 4955 1424 4997 et
1455 4959 1547 5013 per
1581 4942 1757 4996 omnia
1787 4951 2068 5010 penetrans
2107 4941 2196 4995 Dei
2231 4955 2350 4993 ver-

822 5027 971 5090 bum,
994 5039 1051 5083 ut
1071 5034 1227 5085 etiam
1257 5033 1310 5086 in
1332 5033 1430 5086 hoc
1463 5032 1710 5102 imaginis
1732 5031 2025 5086 similitudo
2051 5047 2168 5084 eum
2194 5029 2349 5082 Patre

822 5131 1197 5186 usquequaque
1227 5133 1481 5185 servetur,
1522 5130 1629 5175 tam
1655 5120 1706 5172 in
1729 5135 1792 5173 eo
1825 5120 1965 5190 quod
1992 5121 2057 5173 ad
2081 5121 2344 5180 virtutem,

821 5204 1066 5272 quodque
1114 5205 1178 5258 ad
1221 5217 1527 5272 potestatem
1583 5219 1742 5278 atque
1769 5210 2056 5264 essentiam
2095 5205 2344 5275 pertinet,

818 5307 978 5358 quam
1011 5291 1064 5344 in
1097 5305 1160 5344 eo
1198 5296 1336 5358 quod
1377 5301 1439 5352 ad
1474 5303 1693 5353 unitatis
1726 5296 2216 5368 singularitatisque
2250 5309 2348 5344 nu-

818 5393 1044 5436 merum.
1079 5378 1210 5432 Cum
1259 5388 1429 5457 allle
1472 5388 1668 5457 alioqui
1699 5386 2037 5440 multiformis
2067 5398 2127 5436 ac
2165 5380 2341 5433 multi-

820 5467 976 5524 m°d3
1000 5453 1576 5538 gignendal‘umterum
1596 5453 1817 5540 natura,
1843 5470 2346 5530 innumerabilibus-

816 5575 922 5630 que
969 5573 1031 5611 ac
1077 5558 1239 5612 Variis
1281 5559 1413 5617 alias
1463 5569 1580 5622 aliis
1636 5569 2038 5627 mutationibus,
2078 5564 2147 5618 ob
2197 5575 2342 5614 suam

820 5649 988 5722 ipsius
1015 5647 1424 5711 imbecillitatem
1445 5657 1673 5717 obnoxia
1703 5655 1876 5712 futura
1911 5665 2072 5721 esset,
2108 5669 2203 5709 nec
2236 5666 2338 5704 non

2446 4509 2504 4544 τε
2529 4493 2618 4545 κα)⁸
2641 4490 2858 4558 λογικὰς
2896 4493 3087 4556 οὐσίας
3130 4498 3378 4566 μυρίους,
3419 4499 3451 4550 ἄ

2448 4586 2745 4654 φωστῆρας,
2801 4576 2878 4642 εἷς
2912 4584 2944 4634 ὁ
2971 4585 3066 4636 τοῦ
3101 4586 3237 4638 Θεοῦ
3280 4605 3452 4641 καταυ

2446 4674 2537 4726 καὶ
2566 4674 2696 4742 χρῆν
2716 4672 2808 4723 ἕνα
2832 4671 2928 4723 τὸν
2956 4675 3048 4726 ὲπὶ
3077 4678 3212 4728 πᾶσι
3244 4679 3368 4730 καθ’
3392 4679 3450 4730 ὄλ

2446 4766 2537 4817 καὶ
2557 4763 2642 4817 διὰ
2668 4763 2876 4815 πάντων
2932 4765 3138 4832 ἥκοντα
3166 4767 3262 4820 τοῦ
3300 4768 3434 4820 Θεοῦ

2445 4855 2610 4922 τούτῳ
2661 4852 2720 4903 τὸ
2763 4852 2858 4920 τῆς
2921 4853 3130 4916 εἰκόνος
3163 4857 3401 4925 ἐμφερὲς
3429 4873 3450 4907 1

2445 4942 2618 4994 πάντα
2640 4937 2992 5002 ἁποσώζοιτο,
3029 4945 3169 4996 κατά
3202 4962 3260 4996 τε
3283 4946 3380 5015 τὴν
3410 4947 3443 4997 ἁ

2444 5031 2682 5099 δύναμιν,
2708 5031 2797 5082 καὶ
2815 5031 2914 5102 τὴν
2949 5034 3159 5099 οὐσίαν,
3189 5037 3328 5088 κατά
3343 5053 3401 5086 τε
3434 5053 3450 5086 π

2445 5117 2623 5180 ἑνάδος
2646 5118 2893 5188 ἀριθμὸν,
2929 5122 3240 5186 πολυειδοῦς
3265 5124 3320 5176 δὲ
3349 5124 3449 5177 ἄλλη

2445 5206 2534 5258 καὶ
2549 5206 2641 5274 τῆς
2663 5206 2763 5256 τῶν
2781 5209 3052 5277 γεννητῶν
3073 5211 3369 5280 μελλούσης
3384 5213 3448 5262 ὑπ

2447 5293 2659 5362 μυρίαις
2681 5311 2740 5344 τε
2773 5295 2865 5346 καὶ
2914 5297 3182 5358 ποικίλαις
3214 5297 3397 5348 ἄλλοτε

2442 5383 2505 5433 δι’
2539 5383 2735 5435 οἰκείαν
2757 5384 3034 5437 ἀσθένειαν
3060 5386 3446 5454 ὑποκεισομένη

2442 5469 2532 5522 τοῦ
2563 5469 2764 5540 Ιίατρὸς
2786 5473 3062 5542 δυνάμεως
3085 5474 3148 5525 δι’
3170 5472 3448 5542 ὑπερϐολὴε

2445 5558 2535 5608 καὶ
2569 5559 2689 5626 τῆς,
2719 5564 2881 5615 πᾶσιν
2945 5562 3400 5632 ἀπειρομεγέθους

2450 5647 2628 5716 μένης,
2664 5650 2940 5714 ἀδυνάτως
2971 5669 3028 5704 τε
3048 5651 3264 5720 ἑξούσης
3294 5641 3388 5719 τῆς
3417 5651 3446 5702 ἀ
