3862 6354
234 378 351 435 263

1150 385 1784 445 DEMONSTRATiONIS
1808 375 2267 439 ’EVA‘NGELICIE
2298 375 2421 436 LIB.
2469 385 2554 440 IV.

3339 394 3446 447 266

236 500 409 564 ρήτου
440 495 692 565 θεότητος,
712 493 852 566 αὕτή
890 515 964 565 γε
1004 509 1250 578 γεννητὴ
1269 503 1399 561 οὖσα
1430 508 1664 577 μετέχειν
1699 507 1809 558 ἀντ-

1920 517 1951 555 a
1977 498 2210 571 supremi
2248 497 2423 554 Patris
2472 503 2667 557 virtute
2697 505 3045 571 declinatum,
3077 506 3145 558 ob
3175 504 3317 560 illius
3350 522 3448 560 na-

232 590 412 642 ωπεῖν
443 605 498 641 τε
532 588 661 647 ἀνω,
688 587 782 638 καὶ
830 588 1213 651 ἀντιϐλέπειν
1243 602 1359 661 ταῖς
1386 598 1820 660 ἀποστιλϐούσαις

231 679 336 731 τΰῦ
376 680 535 733 ἀῖδίου
562 679 734 746 φωτὸς
759 679 1048 751 ἀῤῥήτοις
1072 692 1470 761 μαρμαρυγαῖς,
1498 689 1629 759 χρῆν
1654 690 1819 760 δήπου

232 769 468 831 εἰκότως
513 770 599 823 τὸν
657 770 990 837 πανάγαθον
1034 779 1260 849 Πατέρα
1309 781 1400 832 καὶ
1450 780 1669 850 Σωτῆρα
1715 780 1820 834 τῶν

233 858 402 921 ὅλων,
440 860 517 922 ib;
542 859 607 913 ἂν
649 860 723 930 μὴ
761 863 1065 928 παντελῶς
1098 870 1133 937 ἡ
1171 870 1274 920 τῶν
1303 870 1421 937 ἄρτι
1456 869 1820 939 γενησομένων

238 947 429 1015 φύσις,
475 950 672 1019 ἔρημος
713 945 853 1003 οὖσα
880 953 991 1022 τῆς
1018 956 1186 1008 αὐτοῦ
1219 957 1509 1019 κοινωνίας,
1535 958 1638 1010 τῶν
1671 959 1822 1025 μεγί-

239 1052 391 1089 στων
415 1038 632 1104 ἀγαθῶν
667 1042 941 1109 στεροῖτο,
968 1044 1143 1114 μέσην
1173 1044 1290 1096 τινὰ
1314 1044 1700 1114 παρεμϐάλλειν
1724 1046 1819 1115 τὴν

238 1127 338 1179 τοῦ
388 1128 729 1196 Μονογενοῦς
781 1131 955 1184 αὐτοῦ
1024 1134 1119 1185 καὶ
1167 1134 1497 1204 πρωτοτόκου
1538 1134 1681 1188 θείαν
1727 1136 1818 1188 καὶ

243 1217 499 1285 παναλκῆ
532 1218 629 1269 καὶ
667 1219 984 1289 πανάρετον
1035 1221 1276 1301 δύναμιν,
1328 1223 1680 1291 ἀκριϐέστατα
1721 1223 1817 1291 μὲν

246 1307 340 1357 καὶ
372 1307 454 1357 ὅτι
485 1306 729 1374 μάλιστα
760 1309 1056 1375 ἐγγυτάτω
1086 1311 1163 1379 τῷ
1202 1313 1367 1381 Πατρὶ
1395 1312 1817 1383 προσομιλοῦσαν

252 1394 378 1455 ἴσως
405 1410 467 1443 τε
499 1394 670 1446 αὐτοῦ
717 1390 831 1448 τῶν
876 1397 1198 1467 ἀπορρήτων
1227 1398 1619 1452 ἀπολαύουσαν·
1650 1401 1815 1469 πραό-

250 1496 379 1533 τατα
408 1483 465 1535 δὲ
500 1485 1047 1552 ωγκατιοῦσαν,καὶ
1077 1490 1412 1557 ἀμωσγέπως
1434 1491 1817 1560 συσχηματιζο-

259 1571 415 1640 μένη-δ
443 1578 557 1637 τοῖς
577 1575 684 1643 τῆς
712 1576 895 1646 ἄκρας
943 1577 1481 1648 ἀπολιμπανομένοις.
1512 1580 1597 1633 διά
1628 1598 1682 1633 τε
1722 1581 1815 1650 τὴν

260 1660 399 1726 σφῶν
428 1662 723 1715 ἀσθένειαν
773 1666 880 1734 τῆς
911 1666 976 1717 ἐκ
1008 1666 1099 1718 τοῦ
1143 1667 1386 1738 δευτέρου
1408 1667 1728 1736 βελτιώσεώς
1755 1687 1812 1722 τε

246 1753 341 1803 καὶ
364 1753 635 1819 ὠφελείας
658 1755 1009 1826 ὲνχρῄζουσι,
1035 1758 1129 1820 τὰς
1148 1758 1294 1827 ἡλίου
1312 1762 1668 1830 μαρμαρυγὰς
1693 1762 1814 1830 Θεᾷν

248 1841 427 1909 ἠρέμα
454 1843 553 1895 καὶ
577 1843 782 1913 πράως
817 1826 1206 1913 συγκατιούσας
1228 1826 1688 1916 ήμίνξούκάλλως
1720 1826 1813 1917 vi};
1846 1826 1885 1878 Β

248 1928 339 1980 τοῦ
368 1932 548 1997 φωτὸς
584 1934 840 2003 ἀκράτου
877 1934 1155 2005 δυνάμεως
1181 1937 1308 1999 οἵοις
1344 1953 1401 1989 τε
1431 1935 1711 1990 ἀπολαύειν
1727 1939 1812 1990 διὰ

236 2021 343 2091 τὴν
374 2022 633 2092 σώματος
688 2024 996 2079 ἀσθένειαν.
1045 2025 1107 2078 Εί
1151 2027 1299 2093 γοῦν,
1351 2027 1425 2088 ὡς
1454 2028 1526 2078 ,ἐν
1569 2027 1810 2079 ὑποθέσει

246 2110 425 2177 λόγου,
471 2114 673 2177 καθεὶς
718 2115 1010 2184 οὐρανόθεν
1055 2116 1214 2178 αὐτὸς
1266 2116 1452 2168 ἑαυτὸν
1481 2118 1510 2168 ό
1553 2117 1814 2187 παμφαὴς

238 2200 394 2267 ἣλιος
453 2205 555 2256 σὺν
605 2204 927 2275 ἀνθρώποις
963 2204 1056 2256 ἐπὶ
1093 2205 1195 2275 γῆς
1246 2203 1582 2267 πολιτεύοιτο,
1633 2205 1814 2258 οὐδένα

256 2293 359 2344 τῶν
383 2293 474 2347 ἐπὶ
526 2296 636 2363 γῆς
703 2298 885 2364 μεῖναι
925 2295 991 2348 ἂν
1043 2294 1324 2364 ἀδιάφορον
1349 2333 1363 2357 ,
1428 2293 1640 2347 πάντων
1697 2295 1813 2347 συλ-

258 2380 450 2452 λήϐδην
510 2382 786 2453 ἐμψύχων
839 2383 974 2451 ὁμοῦ
1020 2383 1112 2436 καὶ
1149 2382 1366 2453 ἀψύχων
1405 2384 1574 2455 ἀθρόᾳ
1621 2387 1687 2454 τῇ
1721 2384 1811 2437 τοῦ

261 2471 427 2536 φωτὸς
480 2472 767 2542 προσϐολῇ
830 2472 1371 2543 διαφθαρησομένων·
1433 2473 1621 2528 θάττον
1684 2474 1812 2541 γοῦν

264 2560 357 2612 καὶ
403 2562 637 2629 τυφλοὺς
712 2563 1075 2632 ἀπεργάσαιτ’
1121 2561 1186 2614 ἂν
1234 2563 1358 2626 τούς
1403 2563 1511 2616 τῶν
1567 2564 1811 2634 ὁρώντων

252 2649 581 2721 «ὀφθαλμοὺς,
600 2653 813 2723 βλάϐης
847 2653 941 2704 καὶ
964 2651 1164 2721 φθορᾶς
1209 2651 1338 2704 πολὺ
1386 2652 1580 2722 μᾶλλον
1611 2653 1642 2723 ἢ
1680 2652 1813 2721 ὠφε-

268 2738 410 2799 λείας
433 2740 673 2807 γεγονὼς
694 2744 811 2803 τοῖς
839 2742 1002 2793 πᾶσιν
1032 2741 1218 2803 αἴτιος,
1255 2742 1314 2792 οὐ
1339 2740 1434 2809 τὴν
1464 2739 1617 2808 φύσιν
1654 2741 1809 2804 αὐτὸς

274 2825 346 2878 ὢν
395 2830 645 2892 τοιοῦτος,
683 2833 802 2892 τοῖς
847 2830 905 2882 δὲ
957 2831 1239 2900 ἀφορήτως
1285 2829 1461 2899 ἔχουσι
1511 2829 1576 2882 δι’
1610 2829 1810 2882 οίκείαν

268 2913 547 2968 ἀσθένειαν
603 2917 708 2986 τῆς
773 2915 1210 2987 ὑπερϐαλλούσης
1271 2918 1440 2987 αὐγῆς
1506 2918 1806 2983 ἀπολαύειν,

270 3005 462 3058 τοιόσδε
487 3023 570 3069 τις
600 3006 1055 3077 ἀποτελούμενος.
1083 3008 1145 3059 Τί
1176 3006 1347 3060 τοίνυν
1375 3008 1441 3060 τὰ
1477 3009 1633 3080 ὅμοια
1675 3026 1809 3079 μαν-

276 3090 441 3145 θάνων
463 3097 588 3165 περὶ
618 3095 758 3149 Θεοῦ
787 3096 1117 3166 θαυμάζειςς
1146 3089 1206 3149 οὗ
1233 3096 1297 3166 δὴ
1324 3097 1420 3167 τῆς
1450 3098 1683 3170 ἀρρήτου
1715 3100 1807 3152 καὶ

280 3180 634 3252 ἀνεκφράστου
663 3184 950 3254 δυνάμεώς
976 3201 1036 3236 τε
1069 3185 1161 3236 καὶ
1187 3185 1369 3247 οὐσίας
1392 3185 1564 3238 οὐδενὶ
1593 3188 1807 3256 μέτεστι

272 3269 382 3321 τῶν
412 3271 586 3336 ὄντων,
636 3273 778 3344 πλὴν
822 3274 905 3326 ἑνὶ
951 3274 1114 3343 μόνῳ,
1145 3275 1443 3338 κοινωνίας,
1489 3274 1546 3328 ὃν
1583 3276 1737 3339 αὐτὸς
1780 3279 1810 3330 δ

282 3358 454 3435 Πατὴρ
496 3365 720 3435 προνοίᾳ
764 3364 876 3418 τῶν
906 3365 1040 3418 ὅλων
1078 3365 1182 3436 πρὸ
1211 3365 1316 3417 τῶν
1355 3366 1525 3419 ἄλλων
1557 3367 1807 3419 ἁπάντων

284 3454 642 3522 συνεστήσατο,
682 3456 762 3519 ὡς
804 3456 873 3509 ἂν
914 3455 987 3526 μὴ
1024 3454 1295 3517 παντελῶς
1337 3456 1370 3525 ἡ
1407 3457 1512 3508 τῶν
1544 3456 1808 3524 γεννητῶν

286 3536 526 3593 dmentem
566 3542 725 3609 φύσις
770 3542 837 3595 δι’
876 3543 1078 3594 οἰκείαν
1116 3543 1328 3595 ἀτονίαν
1371 3542 1463 3595 καὶ
1495 3542 1806 3611 ἀδυναμίαν,

287 3627 378 3694 τῆς
411 3630 688 3701 ἀγεννήτου
723 3634 818 3685 καὶ
855 3633 1133 3702 ἀχωρήτου
1169 3634 1444 3703 [ἰατρικῆς
1478 3634 1659 3696 οὐσίας
1700 3634 1807 3687 διε-

291 3716 476 3771 στῶσα·
513 3722 659 3790 μένοι
686 3722 742 3774 δὲ
773 3723 869 3774 καὶ
910 3721 1059 3787 αὔξοι
1089 3723 1179 3775 καὶ
1221 3724 1471 3792 τρέφοιτο
1505 3723 1602 3791 τῆς
1641 3724 1808 3793 μέσης

286 3805 598 3862 ἀπολαύουσα
620 3812 909 3881 χορηγίας,
934 3812 999 3879 ἢν
1017 3814 1044 3866 ό
1068 3811 1354 3881 μονογενὴς
1375 3810 1465 3863 τοῦ
1492 3811 1623 3864 Θεοῦ
1643 3814 1809 3881 Λόγος

287 3893 465 3949 οὔποτε
501 3903 607 3961 τοῖς
640 3903 807 3952 πᾶσιν
854 3900 1105 3969 ἐπαρκῶν
1145 3900 1504 3969 διαλιμπάνει,
1539 3902 1706 3973 πάντη
1752 3903 1808 3955 δὲ

286 3983 480 4049 χωρῶν,
503 3987 593 4037 καὶ
617 3987 706 4039 διά
728 3986 950 4039 πάντων
984 3988 1483 4057 περιπορευόμενος,
1512 3989 1722 4043 πάντων
1749 3991 1808 4056 ἐξ

290 4066 402 4137 ίσης
417 4072 504 4142 τῆς
522 4076 792 4145 σωτηρίας
813 4078 1047 4145 προνοεῖ,
1073 4075 1299 4144 λογικῶν
1320 4078 1452 4146 ὁμοῦ
1475 4080 1563 4131 καὶ
1582 4080 1802 4149 ἀλόγων,

286 4153 476 4226 Θνητῶν
503 4179 558 4214 τε
584 4166 678 4217 καὶ
701 4164 1006 4228 ἀθανάτων,
1036 4167 1294 4235 οὐρανίων
1323 4184 1381 4219 τε
1416 4168 1506 4221 καὶ
1529 4171 1797 4237 ἐπιγείων,

285 4240 431 4298 θείων
451 4266 504 4301 τε
536 4254 625 4305 καὶ
669 4253 920 4323 ἀοράτων
948 4253 1241 4323 δυνάμεων,
1287 4256 1378 4309 καὶ
1406 4257 1693 4327 συλλήϐδην
1728 4261 1804 4311 εί-

289 4334 418 4397 πείν,
444 4337 682 4392 ἁπάντων
717 4341 820 4392 ὅσα
849 4338 913 4409 δὴ
943 4339 1035 4392 τοῦ
1060 4337 1196 4393 εἶναι
1217 4341 1284 4393 δι’
1314 4341 1472 4394 αὐτοῦ
1497 4344 1799 4414 μετείληχε·

1922 598 2056 644 ωηο
2081 587 2512 659 superlationem,
2537 607 2655 659 quae
2681 608 2779 648 nec
2806 594 2909 646 dici
2942 601 3135 662 potest.
3154 603 3207 648 et
3227 596 3445 649 omnino

1923 679 2138 734 inﬁnitae
2180 678 2563 747 magnitudinis
2611 689 2713 743 est,
2761 696 2932 750 neque
2979 697 3213 750 unquam
3263 684 3334 738 ad
3385 683 3442 736 id

1922 768 2188 822 facultatis
2226 778 2563 836 perventura,
2604 776 2662 821 ιιι
2709 768 2823 836 ipsa
2870 775 3043 821 ortum
3087 769 3307 832 habens,
3350 779 3444 823 aut

1922 857 2064 912 illius
2099 858 2389 911 divinitatis
2437 859 2703 926 particeps
2752 856 2917 919 ﬁeret,
2960 871 3077 925 quas
3121 873 3218 912 nec
3263 869 3443 913 ortum

1922 946 2096 1008 habet,
2123 961 2218 1001 nec
2246 947 2361 1015 capi
2393 945 2832 1016 comprehendive
2865 953 3058 1014 potest,
3091 958 3181 1013 aut
3209 949 3443 1003 intuere-

1923 1043 2009 1087 tur
2054 1051 2286 1099 sursum,
2321 1037 2719 1105 intenderetque
2740 1036 2906 1089 aciem
2934 1037 3251 1091 contraillos
3287 1039 3442 1091 lumi-

1921 1125 2006 1179 nis
2064 1127 2368 1194 sempiterni
2417 1127 2616 1189 radios,
2663 1126 2752 1194 qui
2797 1125 2959 1179 nullis
3007 1125 3184 1179 verbis
3215 1126 3439 1194 exprimi

1921 1224 2161 1283 possunt,
2180 1217 2429 1269 nimirum
2458 1231 2676 1271 necesse
2704 1216 2825 1280 fuit,
2852 1231 2952 1269 nec
2981 1216 3199 1285 injuria,
3220 1223 3279 1267 ut
3303 1216 3441 1283 opti-

1919 1320 2037 1359 mus
2086 1321 2276 1375 parens
2321 1314 2375 1361 et
2424 1307 2658 1361 universi
2702 1316 3067 1368 conservator,
3110 1321 3176 1358 ne
3224 1305 3440 1358 omnino

1920 1410 2094 1448 rerum
2135 1396 2377 1462 protinus
2421 1395 2800 1465 gignendarum
2830 1403 3052 1457 natura,
3093 1394 3135 1449 si
3167 1410 3287 1448 cum
3324 1395 3440 1464 ipso

1919 1483 2050 1536 nihil
2080 1499 2301 1552 prorsus
2328 1486 2762 1546 communicaret,
2796 1485 3042 1538 maximis
3080 1485 3234 1539 bonis
3265 1484 3440 1552 priva-

1919 1582 2081 1637 retur,
2115 1574 2339 1628 mediam
2367 1577 2646 1644 quamdam
2682 1577 2838 1630 unice
2869 1576 2951 1629 sui
2978 1575 3250 1644 primoque
3279 1576 3437 1644 geniti

1918 1661 2033 1716 Filii
2063 1662 2316 1727 divinam,
2347 1672 2399 1719 et
2427 1664 2864 1733 omnipotentem,
2894 1672 2945 1718 et
2989 1664 3236 1718 omnibus
3272 1666 3440 1718 virtue

1918 1753 2058 1807 tibus
2082 1754 2456 1808 exuberantem
2482 1754 2589 1807 vim
2614 1754 2970 1822 interponere,
2995 1768 3110 1821 quae
3143 1754 3440 1808 certissime

1913 1852 1964 1895 et
2001 1857 2159 1912 quam
2188 1845 2427 1913 proxime
2459 1852 2512 1898 et
2545 1859 2702 1913 quam
2732 1844 3143 1898 familiarissime
3171 1859 3291 1896 eum
3322 1845 3440 1912 ipso

1915 1930 2069 1986 Patre
2096 1941 2401 1988 versaretur
2427 1941 2480 1988 et
2501 1934 2910 2002 colloqueretur,
2926 1934 3298 2003 aequaliterque
3316 1949 3438 1988 cum

1914 2023 2096 2075 eodem
2126 2022 2338 2078 arcanis
2366 2022 2649 2085 frueretur,
2678 2023 3055 2092 benignissime
3085 2039 3211 2077 vero
3241 2024 3436 2078 demit-

1915 2119 2046 2164 teret
2074 2125 2159 2176 se,
2187 2117 2240 2165 et
2265 2111 2637 2182 quoquomodo
2682 2111 2794 2164 ﬁeri
2829 2121 3042 2181 posset,
3076 2113 3438 2167 conformaret

1915 2199 1979 2252 ad
2003 2212 2096 2253 eos
2119 2199 2210 2267 qui
2238 2213 2268 2251 a
2296 2215 2502 2253 summo
2526 2199 2799 2260 deﬁciunt.
2819 2199 3015 2268 quique
3046 2209 3256 2269 propter
3285 2215 3436 2255 suam

1916 2287 2274 2355 impotentiam
2321 2288 2475 2356 quasi
2511 2289 2730 2342 alteram
2773 2303 2987 2341 manum
3029 2289 3350 2353 desiderant,
3383 2297 3437 2342 et

1914 2377 2152 2445 profectu
2181 2383 2340 2445 atque
2363 2378 2668 2445 adjumento
2694 2378 2950 2446 indigent,
2976 2394 3084 2445 quo
3113 2379 3241 2432 solis
3264 2379 3438 2448 splen-

1913 2465 2095 2519 dorem
2146 2467 2345 2521 sensim
2378 2481 2443 2521 ae
2479 2468 2704 2535 benigne
2732 2483 2789 2521 se
2823 2467 2888 2519 ad
2922 2482 3019 2521 nos
3073 2469 3433 2521 deluittentem

1914 2553 2108 2608 intueri
2151 2563 2347 2623 queant
2391 2574 2405 2609 :
2441 2556 2639 2625 alioqui
2687 2573 2830 2626 purae
2879 2573 3141 2627 morteque
3190 2558 3323 2611 lucis
3356 2560 3428 2620 vi,

1914 2653 2124 2714 prepter
2149 2646 2503 2700 inﬁrmitatem
2535 2653 2772 2716 corporis
2802 2647 2904 2700 frui
2933 2664 3037 2701 non
3064 2648 3287 2716 possint.
3308 2646 3432 2701 Fin-

1913 2749 2098 2802 gamus
2133 2735 2294 2799 enim,
2353 2735 2678 2789 invenienda:
2728 2737 2968 2791 veritatis
3005 2738 3192 2805 gratia,
3220 2735 3432 2790 nitidis-

1913 2825 2104 2876 simum
2137 2823 2283 2876 illum
2322 2824 2487 2878 solem
2524 2824 2697 2893 ipsum
2730 2826 2963 2894 seipsum
2992 2826 3057 2879 de
3083 2826 3221 2879 creto
3243 2825 3434 2878 demit-

1912 2921 2040 2975 tere,
2067 2921 2119 2967 et
2148 2928 2268 2966 curn
2297 2914 2599 2969 hominibus
2622 2917 2672 2968 in
2704 2923 2844 2969 terra
2877 2917 3076 2970 versari
3110 2935 3123 2968 :
3154 2932 3277 2969 uuln
3309 2915 3435 2969 libe-

1911 3016 2027 3055 rum
2077 3001 2147 3056 sit
2191 3008 2348 3070 atque
2399 3004 2708 3060 indiiIerens
2750 3020 2931 3059 earum
2984 3021 3186 3067 rerum,
3218 3020 3336 3075 quia)
3366 3004 3433 3058 ad

1912 3100 2103 3145 terram
2152 3094 2437 3161 pertinent,
2472 3095 2700 3162 cuipiam
2748 3096 3091 3163 permanere?
3130 3094 3342 3148 Minime
3381 3095 3432 3148 id

1906 3179 2117 3248 quidem
2148 3197 2160 3232 :
2196 3194 2317 3232 nam
2370 3192 2613 3250 correpta
2654 3182 2832 3235 omnia
2864 3183 3094 3237 animata
3124 3183 3283 3236 simul
3309 3197 3432 3236 cum

1906 3267 2194 3331 inanimis,
2243 3269 2455 3321 assidua
2499 3271 2767 3339 nimiaque
2817 3271 2952 3326 lueis
3006 3272 3264 3327 immissio
3313 3286 3434 3325 cor-

1905 3364 2191 3426 rumperet,
2230 3357 2497 3426 citiusque
2563 3360 2748 3413 oculos
2795 3361 3109 3413 intuentium
3171 3368 3428 3423 caecaret,

1906 3448 2163 3515 longeque
2239 3448 2406 3517 magis
2472 3465 2623 3502 noxa:
2692 3459 2745 3503 et
2808 3453 3164 3520 corruptionis
3242 3460 3432 3507 auctor

1905 3536 2152 3589 omnibus
2176 3535 2352 3600 ﬁeret,
2378 3552 2535 3604 quam
2557 3538 2763 3603 juvaret
2810 3544 3134 3611 quempiam,
3178 3545 3270 3612 qui
3317 3545 3430 3613 ipse

1905 3625 2116 3693 quidem
2140 3634 2328 3680 natura
2399 3628 2519 3680 talis
2571 3643 2676 3680 non
2730 3638 2830 3691 est,
2899 3638 3262 3685 verumtamen
3302 3646 3428 3701 erga

1904 3714 2096 3781 eosqui
2118 3722 2331 3783 propter
2378 3716 2788 3770 imbecillitatem
2838 3719 3074 3786 ipsorum
3122 3721 3425 3789 prepriam,

1909 3801 2059 3871 155
2087 3803 2260 3858 minus
2291 3804 2465 3859 idonei
2498 3815 2678 3860 essent
2706 3806 2773 3858 ad
2807 3805 3083 3861 ferendum
3114 3849 3129 3873 ,
3166 3818 3330 3878 atque
3357 3809 3427 3864 ob

1906 3893 1956 3945 id
1988 3894 2135 3946 nimii
2161 3897 2567 3965 superantisque
2595 3898 2893 3964 splendoris
2919 3897 3135 3952 minime
3163 3914 3389 3969 capaces
3407 3940 3425 3963 ,

1903 3980 2026 4034 talis
2066 3983 2333 4037 evaderet.
2381 3984 2491 4037 Cur
2532 4000 2659 4054 ergo
2698 3985 2893 4039 similia
2941 3985 3006 4039 de
3054 3985 3163 4040 Deo
3203 3988 3428 4045 audiens

1904 4069 2216 4131 admiraris.
2247 4070 2401 4139 cujus
2431 4073 2642 4141 quidem
2669 4082 2722 4127 et
2750 4075 2829 4127 sol
2856 4082 2937 4129 est
2967 4089 3123 4144 opus,
3151 4085 3204 4130 et
3230 4077 3423 4131 cmlum

1904 4157 2244 4220 universum,
2285 4167 2338 4212 et
2378 4160 2658 4214 mundus?
2701 4160 2970 4230 Siquidem
3020 4165 3165 4219 illius
3211 4165 3425 4219 virtutis

1903 4251 2061 4310 atque
2101 4246 2375 4309 essentia,
2411 4262 2529 4314 qua
2557 4248 2718 4302 nullis
2744 4250 2922 4303 verbis
2964 4252 3216 4321 nullaque
3243 4254 3426 4329 elocu-

1901 4336 2045 4388 tione
2080 4336 2303 4404 exprimi
2350 4344 2558 4406 potest,
2610 4340 2741 4392 nihil
2785 4354 2973 4393 eorum
3010 4356 3126 4409 quae
3164 4351 3322 4404 sunt,
3368 4344 3423 4396 in

288 4420 412 4474 πολύ
432 4441 489 4488 γε
519 4427 618 4496 μὴν
648 4429 831 4481 πλεῖον
865 4429 1220 4499 διαφερόντως
1244 4429 1342 4497 τῆς
1377 4432 1561 4500 νοερᾶς
1604 4434 1694 4484 καὶ
1721 4434 1803 4485 λο-

1910 4435 2110 4495 partem
2142 4434 2233 4479 aut
2264 4429 2800 4484 communicationem
2830 4433 3005 4494 venit,
3036 4441 3226 4501 praeter
3257 4447 3419 4486 unum

288 4510 435 4578 γικῆς
457 4513 678 4580 φύσεως,
721 4516 790 4567 δι’
822 4516 889 4584 ἣν
921 4516 1041 4567 οὐδὲ
1065 4516 1125 4566 τὸ
1150 4514 1476 4583 ἀνθρώπινον
1507 4516 1801 4586 ὑπερεφρό-

291 4612 367 4646 νει
408 4601 564 4665 γένος⁸
612 4604 773 4672 ἐτίμα
818 4604 876 4655 δὲ
925 4598 982 4654 εὖ
1017 4602 1162 4671 μάλα
1210 4601 1301 4653 καὶ
1329 4601 1541 4672 ὲκήδετο
1583 4604 1680 4673 τῆς
1711 4605 1801 4657 τοῦ

293 4683 433 4753 λόγου
452 4695 595 4763 χάριν
611 4698 743 4764 πρὸς
764 4695 956 4748 ἑαυτὸν
976 4692 1297 4755 οίκειώσεώς
1320 4710 1375 4746 τε
1399 4697 1489 4747 καὶ
1514 4699 1801 4766 συνεχείας,

298 4767 327 4856 ᾗ
359 4780 439 4830 καὶ
467 4784 575 4835 κατ’
601 4785 779 4837 εἰκόνα
807 4782 974 4837 αὐτοῦ
1011 4781 1393 4852 μεμορφῶσθαι
1423 4785 1478 4835 ἐν
1509 4788 1616 4847 τοῖς
1646 4788 1803 4856 ἱεροῖς

295 4854 468 4943 λσγίοις
495 4871 785 4942 ἀνείρηται.
834 4872 972 4923 Ἀλλ’
1006 4873 1036 4922 ό
1067 4871 1168 4938 μὲν
1202 4870 1296 4939 τὴν
1323 4871 1497 4924 εἰκόνα
1520 4872 1617 4943 τὴν
1642 4854 1800 4927 αὐτοῦ

293 4942 365 5006 ‘3;
398 4953 452 5005 ἂν
480 4957 602 5010 Θεοῦ
644 4960 814 5027 Λόγος
854 4959 952 5028 τὴν
982 4955 1182 5024 γοερὰν
1221 4956 1426 5007 ἃπασαν
1465 4960 1555 5011 κοιλ¹
1578 4942 1802 5030 λογικὴν

292 5030 520 5119 ιξίλῒξστησι
569 5049 842 5119 καταρχὰς
892 5047 996 5115 τῆς
1049 5045 1147 5095 τοῦ
1204 5044 1392 5105 παντὸς
1436 5045 1800 5117 δημιουργίας,

287 5116 487 5206 {iam
525 5153 579 5187 τε
618 5116 717 5189 διὰ⁷
742 5116 931 5188 ταῦτα
972 5133 1070 5185 καὶ
1108 5130 1372 5198 βασιλικὸν
1411 5134 1516 5186 τῶν
1563 5116 1655 5187 ἐπὶ
1703 5137 1804 5206 γῆς

278 5203 510 5276 ἁπάντων
540 5225 671 5288 ζῶον
704 5225 943 5291 καθίστη
982 5220 1078 5271 τὸν
1123 5217 1410 5286 ἄνθρωπον,
1443 5221 1716 5292 ἐλεύθερόν
1744 5203 1802 5277 τε

271 5302 370 5379 fui
405 5313 727 5377 αὐτεξούσιον
767 5314 867 5379 τῆς
904 5312 991 5371 είς
1033 5308 1098 5358 τὸ
1140 5305 1295 5356 καλὸν
1325 5305 1355 5374 ἢ
1395 5309 1476 5369 είς
1505 5311 1802 5364 τούναντίον

263 5376 410 5455 iisiis:
430 5404 580 5455 αὐτὸν
603 5403 798 5473 ῥοπῆς·
832 5402 863 5450 ὁ
886 5399 968 5456 δὲ,
997 5395 1063 5446 οὐ
1097 5391 1270 5453 καλῶς
1291 5395 1350 5461 τῇ
1383 5396 1803 5469 αὐτεξουσιότητι

253 5474 600 5560 ζρησάμενος,
622 5492 724 5558 τῆς
747 5488 919 5557 ὀρθῆς
948 5479 1291 5546 διεκτραπεὶς
1308 5480 1447 5545 ὀδοῦ,
1464 5484 1557 5554 τὴν
1571 5488 1803 5541 ἐναντίαν

228 5554 486 5651 fama,
513 5584 646 5651 μήτε
670 5554 806 5631 ea;
835 5575 981 5643 μήτε
1016 5569 1236 5636 Κύριον,
1264 5570 1379 5638 μήτ’
1406 5571 1494 5624 ἔτι
1517 5574 1622 5626 τῶν
1649 5578 1802 5630 ὁσίων

236 5644 358 5717 δεξί’
381 5644 602 5721 εὐσεϐῶν
628 5658 1105 5726 ἐπιλογιζόμενοςν
1146 5651 1316 5722 θηρῶν
1349 5657 1403 5710 δὲ
1445 5662 1642 5729 τρόπν
1684 5664 1804 5719 ἀλό³

511 5761 779 5821 Parum"
816 5750 945 5809 Gn.
973 5742 1171 5803 XXII.
1242 5736 1269 5833 ς

1900 4513 2191 4578 duntaxat,
2219 4532 2377 4585 quem
2408 4519 2522 4588 ipse
2560 4519 2741 4583 Pater,
2790 4524 3000 4576 cunctis
3035 4522 3196 4576 rebus
3241 4521 3422 4589 provi-

1900 4603 2031 4657 dens
2053 4642 2068 4665 ,
2092 4613 2213 4658 ante
2244 4607 2348 4659 alia
2369 4618 2558 4663 cuncta
2584 4610 2901 4676 constituit,
2922 4626 2989 4665 ne
3011 4612 3248 4664 omnium
3277 4623 3421 4678 qum-

1900 4707 2108 4760 cunque
2133 4693 2272 4746 facta
2301 4705 2482 4751 essent
2511 4699 2721 4766 penitus
2753 4708 2942 4752 natura
2971 4708 3267 4761 corrueret,
3301 4712 3421 4766 quae

1900 4789 2115 4850 propter
2142 4783 2505 4840 inﬁrmitatem
2531 4796 2689 4856 atque
2718 4790 3079 4857 impotentiam
3112 4788 3377 4856 propriam
3400 4827 3416 4850 ,

1901 4871 2055 4938 longe
2092 4873 2292 4926 recedit
2331 4875 2398 4928 ab
2432 4877 2521 4929 illa
2559 4877 2733 4931 Patris
2771 4880 3039 4938 essentia,
3081 4892 3201 4945 qua:
3247 4893 3419 4947 neque

1902 4960 2076 5027 genita
2133 4967 2257 5021 est,
2314 4978 2487 5031 neque
2535 4966 2653 5032 capi
2702 4963 3143 5033 eomprebendive
3192 4974 3371 5032 potest
3401 5005 3414 5024 .

1904 5047 1996 5101 sed
2026 5056 2084 5100 ut
2119 5053 2391 5112 maneret,
2431 5061 2734 5117 cresceret,
2774 5053 3069 5107 nutriretur
3108 5055 3282 5108 media
3325 5056 3417 5109 illa

1902 5136 2084 5191 fruens
2117 5137 2429 5206 largitione,
2464 5156 2622 5208 quam
2658 5142 2873 5194 unicum
2905 5141 3145 5211 genitum
3168 5141 3263 5197 Dei
3290 5142 3423 5197 Ver-

1900 5228 2022 5281 bum
2043 5267 2058 5291 ,
2090 5243 2359 5297 nunquam
2388 5230 2652 5284 universis
2683 5229 2920 5285 suiﬁcere
2949 5230 3146 5285 desinit
3168 5269 3184 5292 ,
3214 5230 3283 5284 ad
3309 5246 3424 5285 om-

1901 5317 1991 5369 nia
2031 5330 2155 5368 vero
2193 5324 2478 5384 penetrans
2521 5324 2575 5370 et
2612 5316 2845 5386 undique
2880 5319 3059 5371 omnia
3092 5330 3424 5385 peragrans,

1903 5406 2124 5460 salutem
2159 5407 2395 5459 omnium
2413 5406 2687 5475 aequaliter
2714 5407 2976 5476 providet,
2993 5417 3050 5461 et
3076 5406 3429 5459 rationalium

1901 5503 1955 5548 et
2002 5496 2335 5556 brutorum,‘
2364 5501 2416 5548 et
2462 5498 2763 5552 mortalium
2807 5508 2859 5552 et
2904 5494 3349 5550 immortalium".
3387 5494 3442 5539 et

1902 5581 2201 5634 caelestium
2232 5589 2283 5633 et
2308 5583 2641 5636 terrestrium
2664 5623 2680 5647 ,
2722 5585 3028 5638 divinarum
3074 5591 3315 5647 quoque
3354 5586 3450 5639 νο·

1903 5676 2151 5723 testatum
2173 5706 2187 5731 ,
2221 5676 2377 5738 atque
2405 5684 2584 5727 earum
2611 5687 2727 5743 quae
2749 5681 3001 5743 aspectus
3048 5677 3287 5723 nostros
3330 5656 3462 5710 ellu-

3132 5758 3170 5812 9
