3862 6370
844 373 945 424 Ξϋῖ

1486 363 1750 421 EIISEBll
1780 363 2248 419 CESARIENSIS
2285 363 2428 418 OPP.
2468 363 2643 417 PARS
2672 362 2713 415 1.
2748 394 2814 405 -
2852 363 3011 418 APOI

1806 363 2248 419 JIESARlENSIS
2285 363 2428 418 OPP.
2468 363 2643 417 PARS
2672 362 2713 415 1.
2748 394 2814 405 -
2852 363 3331 419 APOLOGETICA.

845 493 1025 559 giunt,
1072 485 1297 551 denique
1344 484 1581 535 omnium
1624 496 1956 550 quaecunque
1991 496 2084 550 per
2126 479 2272 532 illum
2310 479 2362 532 id

1918 496 1956 535 ιε
1991 496 2084 550 per
2126 479 2272 532 illum
2310 479 2362 532 id
2393 487 2433 538 Α
2460 496 2570 546 γων
2621 480 2819 542 πάσαις
2869 481 3163 552 ἀνημέροις
3229 480 3320 532 καὶ
3367 477 3443 529 duo

843 579 979 648 quod
1026 581 1148 630 sunt
1191 587 1473 640 accepere,
1518 573 1673 642 longe
1711 581 1887 626 tamen
1931 573 2160 642 amplius
2201 580 2360 640 atque

837 664 1182 723 excellentius
1208 662 1550 729 intelligentis
1574 664 1956 730 rationalisque
1986 673 2208 724 natura),
2235 677 2360 731 pro-

837 768 949 823 pter
972 769 1126 824 quam
1155 766 1222 805 ne
1248 751 1539 804 humanum
1571 751 1782 818 quidem
1810 758 2126 818 aspernatus
2155 758 2237 803 est
2270 764 2362 817 ge-

835 863 963 906 nus,
1003 842 1093 898 sed
1126 845 1327 895 honore
1356 840 1534 909 potius
1559 849 1611 893 et
1638 854 1766 892 cura
1794 841 1990 908 ingenti
2017 846 2355 909 prosecutus,

831 939 900 992 ob
933 935 1227 1006 appositam
1260 932 1613 1002 peculiariter
1660 931 1726 983 ad
1766 931 2000 998 seipsum
2038 930 2267 984 rationis
2300 938 2356 984 et

830 1026 978 1081 verbi
1030 1022 1476 1077 necessitudinem
1525 1026 1577 1072 et
1623 1020 2092 1087 conjunctionem,
2140 1018 2195 1071 in
2247 1032 2353 1087 qua

826 1116 986 1169 etiam
1033 1113 1098 1166 ad
1144 1112 1314 1180 ipsius
1355 1110 1672 1178 imaginem,
1719 1107 1941 1160 formam
1985 1107 2256 1174 accepisse
2296 1107 2349 1159 in

827 1205 997 1260 sacris
1027 1202 1259 1257 oraculis
1292 1200 1495 1253 dictum
1524 1206 1625 1253 est.
1662 1195 1768 1252 Sed
1808 1197 1896 1250 ille
1943 1196 2156 1264 quidem
2200 1211 2351 1250 suam

826 1297 996 1365 ipsius
1040 1293 1654 1371 imaginemgta'nquam
1697 1286 1787 1341 Dei
1836 1284 2062 1340 Verbum
2103 1274 2351 1339 cunctam

825 1382 1189 1452 intelligentia:
1219 1390 1271 1434 et
1299 1370 1524 1433 ratioiis
1553 1391 1801 1445 capacem
1832 1382 2077 1428 naturam
2098 1412 2113 1439 ,
2145 1374 2213 1427 ab
2246 1373 2350 1426 ini—

825 1477 898 1527 tio
928 1471 1296 1526 fabricationis
1326 1467 1562 1522 universi
1594 1466 1904 1528 substituit,
1947 1472 2108 1532 atque
2146 1463 2351 1517 idcirco

825 1564 1114 1633 principem
1144 1574 1425 1629 regemque
1456 1556 1695 1610 omnium
1742 1569 2073 1624 quaecunque
2114 1555 2167 1606 in
2208 1560 2347 1607 terra

821 1664 946 1710 sunt
978 1651 1285 1707 animalium
1307 1690 1321 1710 ,
1350 1649 1627 1703 constituit
1669 1647 1937 1701 hominem
1958 1685 1973 1710 ,
2013 1661 2244 1714 eumque
2282 1647 2349 1699 li-

2466 570 2743 641 ἐγχειρῶν.
2797 571 2992 623 Είκότα
3035 571 3163 638 γοῦν
3207 568 3376 638 ἐαυτῴ
3422 586 3444 619 τ

2464 662 2557 714 καὶ
2596 662 2962 731 παμϐασιλεὺς
3011 661 3170 724 αὐτὸς
3218 663 3246 713 ὁ
3284 659 3444 727 “Nam

2462 753 2615 815 ὅλων,
2647 753 2721 815 ὡς
2754 752 2817 805 ἂν
2854 752 2925 822 μὴ
2954 752 3176 821 ἄναρχοι
3200 752 3291 804 καὶ
3319 753 3444 803 ἁνεπ

2461 858 2566 893 των
2597 841 2749 909 δίκην
2786 840 2991 908 ἀλόγων
3021 836 3129 893 εἶεν
3178 841 3224 891 oi
3254 840 3342 891 ἐπὶ
3376 840 3444 907 γῆ

2460 933 2653 995 στάτας
2685 932 2856 985 αὐτῶν
2888 933 2979 985 καὶ
3012 930 3340 1001 ἐπιμελητὰς
3371 928 3444 980 ὥσ

2457 1041 2553 1093 χας
2609 1023 2698 1076 καὶ
2744 1023 3025 1093 ποιμένας,
3077 1022 3255 1083 θείους
3303 1020 3444 1088 ἀγγέ

2456 1110 2721 1179 προτάξας
2750 1112 2997 1164 ἁπάντων
3032 1111 3125 1162 καὶ
3147 1112 3257 1171 τοῖς
3279 1111 3443 1161 πᾶσιν

2453 1199 2640 1269 νογενῆ
2669 1200 2759 1252 καὶ⁸
2784 1200 3119 1270 πρωτότοκον
3162 1198 3324 1251 αὑτοῦ
3356 1199 3444 1250 Λό·

2454 1304 2543 1357 ρον
2563 1287 2854 1357 ἐξαίρετον,
2875 1289 3069 1350 αὐτοὺς
3097 1287 3362 1355 ἀγγέλους
3384 1304 3444 1338 κο

2450 1376 2595 1439 θείας
2624 1378 2893 1447 δυνάμεις,
2924 1378 3061 1430 diith
3088 1394 3148 1429 τε
3187 1377 3281 1429 καὶ
3306 1378 3444 1445 ὑπερ

2450 1467 2540 1518 καὶ
2573 1466 2674 1536 μὴν
2704 1465 2918 1518 καὶτῶν
2950 1466 3042 1517 ἐπὶ
3070 1465 3174 1534 γῆς
3196 1465 3292 1528 τὰς
3325 1468 3382 1518 ἐν
3414 1467 3444 1517 ἁ

2449 1556 2622 1625 ψυχὰς
2681 1540 3006 1625 ἀφωρίσατο,
3065 1555 3257 1609 Ἰακὼό
3306 1556 3401 1609 καὶ

2454 1647 2782 1717 προσηγορίᾳ
2804 1646 3254 1716 ὲπικαλουμένας.

821 1750 1004 1801 herum
1038 1753 1090 1798 et
1120 1759 1229 1797 suae
1261 1744 1429 1811 ipsius
1460 1740 1739 1810 potestatis
1770 1738 1999 1803 dimisit,
2034 1754 2140 1808 qua
2178 1746 2232 1793 et
2269 1737 2337 1791 ad
2368 1740 2565 1793 bonum
2586 1778 2601 1803 ,
2641 1748 2694 1793 et
2720 1739 2785 1793 ad
2819 1740 2945 1793 boni
2974 1743 3308 1794 contrarium
3345 1740 3444 1794 feri

817 1856 924 1894 non
955 1840 1089 1892 bene
1121 1851 1215 1890 sua
1256 1835 1425 1904 ipsius
1463 1841 1724 1903 potestate
1763 1848 1926 1899 usus,
1963 1839 2018 1886 et
2050 1846 2080 1884 a
2109 1839 2256 1885 recto
2284 1832 2474 1887 itinere
2502 1833 2686 1886 abiens
2714 1833 2960 1888 diversus
2979 1872 2994 1896 ,
3023 1833 3079 1886 in
3119 1834 3444 1887 contrariun

818 1936 1073 1999 reputans
1106 1925 1231 1995 quid
1263 1924 1403 1978 Deus
1431 1934 1483 1976 et
1513 1922 1794 1986 Dominus,
1827 1936 1933 1975 non
1961 1921 2088 1989 quid
2115 1921 2205 1989 jus
2231 1928 2284 1975 et
2317 1920 2429 1984 fas,
2467 1938 2574 1975 non
2606 1923 2732 1991 quid
2761 1924 2931 1991 pietas
2956 1923 3291 1992 postularet,
3334 1924 3435 1978 sed

816 2035 934 2088 qua:
966 2017 1188 2072 rationis
1232 2021 1477 2083 expertes
1514 2022 1672 2077 sunt,
1704 2027 1889 2067 omnes
1937 2012 2258 2066 inhumanas
2301 2019 2461 2080 atque
2507 2012 2852 2068 immodestas
2891 2019 3130 2069 actiones
3172 2016 3443 2085 aggredie,

815 2123 972 2182 atque
1011 2111 1246 2165 omnium
1288 2116 1558 2179 regnator,
1606 2110 1720 2177 ipse
1761 2106 2105 2170 Altissimus,
2155 2104 2294 2160 Deus
2317 2106 2586 2170 universi,
2638 2107 2729 2175 qui
2773 2122 2983 2175 semper
3020 2122 3083 2162 ea
3123 2122 3246 2177 qua:
3288 2109 3444 2178 seips

815 2223 881 2260 ne
931 2206 1129 2274 absque
1182 2202 1344 2257 certis
1395 2201 1726 2271 principibus
1779 2215 1841 2254 ac
1878 2200 2163 2269 praefectis,
2198 2200 2371 2254 instar
2394 2200 2757 2268 jumentorum
2787 2201 3182 2255 irrationalium
3217 2212 3433 2269 essent,

810 2297 1069 2355 sabantur
1106 2296 1384 2359 homines,
1417 2301 1620 2349 tutores
1648 2294 1754 2347 illis
1785 2304 1839 2347 et
1877 2300 2152 2347 curatores
2181 2294 2336 2362 quasi
2364 2293 2624 2362 quosdam
2658 2303 3023 2349 armentorum
3055 2295 3225 2351 duces
3266 2304 3440 2367 atque

811 2392 1028 2460 angelos
1059 2390 1237 2453 dedit,
1269 2389 1509 2458 principe
1546 2390 1785 2442 omnium
1826 2387 2127 2451 declarato,
2166 2388 2323 2458 156
2348 2389 2702 2458 omnibusque
2741 2390 2994 2460 prafecto
3021 2392 3218 2458 unico,
3249 2394 3438 2463 primo

811 2483 925 2536 sius
955 2479 1147 2535 Verbo.
1181 2478 1426 2549 Huicque
1450 2479 1553 2547 ipsi
1600 2486 1797 2531 sortem
1844 2479 2165 2547 praecipuam
2187 2517 2202 2542 ,
2233 2478 2448 2547 angelos
2477 2480 2623 2548 ipsos
2651 2488 2811 2551 atque
2849 2483 3235 2553 archangelos,
3280 2485 3439 2539 divin

813 2575 1155 2641 materiaeque
1193 2573 1368 2626 omnis
1393 2580 1658 2638 expertes,
1699 2585 1762 2624 ac
1802 2571 1921 2639 ipso
1960 2572 2098 2625 caelo
2142 2573 2447 2640 superiores
2487 2574 2744 2641 spiritus,
2791 2590 3001 2630 necnon
3046 2593 3114 2632 ex
3161 2579 3230 2632 iis
3275 2595 3405 2648 quae

810 2665 1087 2734 religiosas
1131 2664 1404 2717 hominum
1446 2663 1650 2717 animas
1688 2677 1931 2719 seorsum
1982 2663 2256 2730 attribuit,
2307 2679 2425 2734 quae
2472 2667 2633 2721 etiam
2676 2669 3130 2738 appellationibus
3174 2671 3444 2728 Hebraaor

810 2754 972 2809 Israel
994 2754 1367 2808 nominantur.

1509 2865 1620 2920 VII.
2361 2879 2404 2927 B

2361 2879 2404 2927 B
3163 2873 3247 2927 Z’.

1517 2879 1620 2920 VII.

809 2959 959 3027 Quod
987 2960 1110 3013 solis
1146 2958 1384 3013 Hebraeis
1414 2959 1700 3027 antiquitus
1730 2958 1953 3027 cognitio
1989 2956 2079 3011 Dei
2109 2960 2331 3014 uniuersi

3163 2879 3248 2927 Z'.

1918 2960 1953 3012 ’o
1989 2956 2079 3011 Dei
2109 2960 2331 3014 universi
2361 2879 2404 2934 Β
2445 2957 2536 3027 Ὦς
2565 2958 2770 3026 μόνοις
2835 2958 3113 3026 Ἑϐραίοις
3178 2962 3248 3015 τὸ
3316 2970 3443 3018 παλ

873 3028 1081 3097 prodita
1114 3029 1220 3091 sit,
1251 3044 1364 3097 quae
1402 3025 1606 3081 ChriSto
1662 3025 1883 3095 seipsitm
1921 3027 2188 3081 exhibente
2218 3046 2335 3098 per—

874 3099 1142 3167 ciperetur.

875 3208 988 3262 Hoc
1016 3222 1144 3262 sane
1170 3205 1545 3277 mysteriorum
1570 3204 1809 3259 omnium
1842 3204 2103 3269 maximo,
2132 3209 2334 3276 primus

803 3298 1176 3368 theologorum
1208 3296 1416 3366 Moyses
1445 3297 1497 3350 in
1542 3297 1788 3359 arcanis,
1835 3295 2086 3351 Hebraos
2126 3306 2333 3354 veteres

806 3388 1070 3448 initiavit,
1107 3388 1187 3442 sic
1218 3387 1405 3441 dicens
1437 3406 1451 3441 :
1482 3404 1499 3436 ι
1530 3384 1807 3456 interroga
1844 3395 2050 3456 patrem
2090 3395 2241 3442 tuum
2281 3397 2334 3444 et

804 3461 1141 3533 annuntiabit
1162 3476 1278 3540 tibi,
1307 3476 1537 3543 majores
1564 3484 1683 3530 tuos
1707 3483 1760 3529 et
1785 3475 1964 3531 dicent
1988 3478 2081 3531 tibi
2107 3496 2121 3533 :
2150 3477 2334 3544 Quan-

802 3570 873 3622 do
921 3566 1191 3623 dividebat
1234 3566 1542 3620 Altissimus
1588 3573 1806 3634 gentes,
1860 3578 1919 3620 ut
1965 3567 2334 3625 disseminavit

804 3656 944 3712 ﬁlios
973 3657 1140 3711 Adam
1163 3695 1177 3719 ,
1204 3655 1482 3710 constituit
1511 3656 1766 3709 terminos
1791 3656 2027 3725 gentium
2056 3659 2206 3727 juxta
2234 3675 2332 3712 nu-

803 3762 1008 3801 merum
1038 3746 1343 3814 angelorum
1372 3743 1506 3808 Dei,
1549 3755 1600 3799 et
1630 3745 1767 3799 facta
1802 3757 1883 3800 est
1910 3748 2087 3818 portio
2118 3748 2331 3803 Domini

802 3834 1033 3905 populus
1061 3835 1178 3903 ejus
1204 3832 1402 3897 Jacob,
1436 3835 1704 3890 funiculus
1731 3837 2057 3891 hatreditatis
2097 3837 2215 3906 ejus
2254 3839 2332 3893 ls-

802 3926 914 3979 rael
936 3925 1002 3978 ".
1033 3944 1052 3976 ι
1080 3923 1175 3979 His
1193 3925 1404 3992 quidem
1428 3927 1602 3981 verbis
1627 3944 1640 3978 :
1665 3927 1995 3981 Altissimum
2020 3942 2162 3990 eum,
2188 3929 2329 3996 quod

800 4014 960 4069 Pater
1007 4021 1122 4077 est,
1172 4014 1367 4083 quique
1407 4029 1567 4082 supra
1618 4015 1834 4077 omnia,
1883 4014 2049 4067 Deum
2095 4014 2326 4068 universi

800 4104 1044 4161 nominat
1073 4122 1085 4158 :
1116 4102 1397 4157 Dominum
1431 4119 1558 4157 vero
1584 4104 1809 4173 hujusce
1835 4102 2092 4167 Verbum,
2119 4103 2172 4157 id
2199 4117 2329 4157 sane

2534 3030 2656 3080 λων
2685 3027 2828 3081 Θεοῦ
2850 3028 3066 3094 γνῶσις
3098 3032 3444 3088 ἀποκεκάλς

2500 3096 2747 3164 φανείας
2773 3096 2876 3154 τοῦ
2909 3100 3168 3166 Χριστοῦ
3213 3119 3444 3170 Terram

2501 3207 2667 3260 Τοῦτο
2707 3208 3014 3278 μυστηρίων
3057 3209 3118 3261 τὸ
3165 3211 3444 3280 μέγιστον

2431 3298 2662 3368 Μωῠσῆς
2686 3300 2741 3350 ἐν
2764 3300 3086 3369 ἀπορρήτοις
3117 3301 3422 3372 Ἑϐραίους

2430 3387 2594 3456 γώγει
2646 3388 2832 3456 λέγων’
2886 3408 2904 3439 ι
2965 3390 3354 3461 Ἐπερὼτησον
3400 3398 3444 3447 τὲ

2430 3478 2713 3546 ἀναγγελεῖ
2736 3495 2835 3541 σοι,
2856 3480 2976 3541 τοὺς
3000 3480 3434 3554 πρεσϐυτέρους

2427 3567 2515 3619 ὅτε
2540 3565 2834 3637 διεμέριζεν
2859 3566 2888 3618 ὁ
2919 3567 3178 3636 ’Ύψιστος
3211 3570 3376 3643 ἔθνη,
3421 3577 3444 3627 c'

2440 3655 2625 3725 Ἀδὰμ,
2668 3655 2890 3725 ἔστησεν
2932 3656 3054 3727 ὅρια
3094 3658 3268 3713 ἐθνῶν
3311 3666 3444 3715 κατ’

2427 3742 2580 3806 Θεοῦ,
2604 3743 2696 3796 καὶ
2719 3743 2947 3814 ἐγενήθη
2987 3745 3145 3815 μερὶς
3183 3748 3416 3818 Κυρίου

2429 3833 2704 3905 σχοίνισμα
2736 3834 3093 3906 κληρονομίας
3115 3839 3286 3892 αὐτοῦ
3340 3842 3444 3916 Ἰσι

2425 3927 2551 3994 γοῦν
2578 3926 2829 3996 ’Ὕψιστον
2872 3928 2968 3997 μὲν
2996 3928 3085 3980 τὸν
3115 3931 3426 3999 ἀνωτάτω,

2425 4014 2528 4067 τῶν
2559 4015 2691 4067 ὅλων
2721 4013 2989 4083 ὀνομάζει·
3025 4015 3230 4084 Κύριον
3259 4019 3323 4072 δὲ
3354 4023 3444 4075 τὺπ

2423 4106 2486 4176 δὴ
2512 4106 2603 4158 καὶ
2633 4105 2894 4177 δευτέρως
2940 4108 3069 4176 ἡμῖν
3108 4109 3249 4177 μετὰ
3283 4111 3390 4165 τὸν

799 4195 942 4264 quod
989 4209 1089 4249 nos
1133 4208 1164 4246 a
1214 4191 1372 4247 Patre
1412 4194 1677 4261 genitum,
1722 4194 2072 4263 appellatione
2115 4191 2322 4247 Domini

1911 4196 2072 4247 itione
2115 4191 2322 4247 Domini
2352 4207 2392 4263 ί]
2427 4195 2843 4266 ριολὸγούμενον.
2887 4197 3043 4250 Ἀλλά
3077 4199 3187 4269 γὰρ
3219 4205 3342 4266 τοῖς
3390 4224 3436 4275 μ

798 4299 1138 4340 veneramur.
1161 4281 1422 4338 Caeterum
1449 4282 1713 4352 praal‘ectis
1735 4283 1947 4351 quidem
1973 4296 2035 4336 ac
2060 4283 2323 4338 tutoribus

1893 4298 1947 4334 ιιι]
1973 4296 2035 4336 ac
2060 4283 2323 4338 tutoribus
2421 4300 2532 4347 τοις
2577 4284 2917 4353 προστάταις,
2959 4286 3139 4349 αὐτοῖς
3183 4287 3242 4340 δὲ
3281 4294 3418 4355 τοῖς

797 4376 1035 4446 gentium
1052 4412 1068 4438 ,
1093 4374 1265 4428 visum
1286 4380 1528 4426 nostrum
1555 4371 1927 4440 eli‘ugientibus
1946 4410 1961 4434 ,
1988 4371 2120 4441 ipsis
2143 4371 2322 4441 utique

1917 4389 1961 4434 ι,
1988 4371 2120 4441 ipsis
2143 4371 2325 4441 utique
2423 4377 2594 4429 πάντα
2634 4377 2726 4429 καὶ
2766 4377 2887 4439 τοὺς
2926 4379 3072 4440 υἱοὺς
3113 4378 3223 4431 τῶν
3276 4382 3442 4455 ἀνθρ

795 4465 1002 4533 angelis
1023 4502 1038 4525 ,
1070 4469 1296 4517 cunctas
1329 4469 1515 4532 gentes
1542 4470 1596 4515 et
1623 4461 1763 4514 filios
1790 4461 2065 4514 hominum
2097 4476 2233 4530 quos
2263 4459 2325 4514 lio

792 4557 896 4610 lios
940 4553 1111 4608 Adam
1154 4560 1347 4614 vocat,
1374 4552 1546 4621 ipsius
1585 4549 1835 4604 altissimi
1870 4548 1963 4605 Dei
2001 4550 2238 4619 judicio,
2269 4559 2321 4606 et

792 4645 950 4701 nobis
980 4642 1367 4698 occultissimis
1393 4641 1714 4703 rationibus,
1739 4639 1814 4693 ait
1842 4640 2167 4695 distributos
2196 4640 2324 4696 fuis-

791 4750 849 4791 se
876 4734 1175 4791 :-omnium
1213 4747 1343 4787 vero
1384 4730 1809 4794 eminentissimo
1848 4733 2059 4800 praesidi
2101 4748 2165 4787 ac
2208 4732 2319 4801 regi

792 4827 1066 4893 universi,
1112 4826 1213 4896 ipsi
1252 4825 1438 4894 utique
1476 4824 1712 4885 Christo,
1754 4831 2012 4894 tanquam
2042 4826 2202 4879 unico
2230 4823 2319 4877 Fi-

792 4917 892 4979 lio,
922 4933 988 4971 ex
1018 4914 1152 4984 ipsis
1179 4915 1484 4969 hominibus
1510 4911 1678 4967 Jacob
1702 4920 1861 4982 atque
1890 4912 2049 4969 Israel
2066 4954 2081 4978 ,
2109 4914 2211 4969 hoc
2236 4921 2318 4968 est

790 5020 948 5058 omne
1001 5007 1359 5074 quodcunque
1394 5013 1447 5061 et
1484 5007 1602 5059 visu
1641 5003 1840 5072 percipi
1877 5013 2083 5073 potest,
2124 5011 2176 5057 et
2204 5003 2318 5056 cul-

790 5101 905 5146 tum
941 5093 1032 5149 Dei
1070 5099 1371 5165 amplexum
1417 5104 1530 5161 est,
1585 5094 1840 5148 traditum
1889 5094 2058 5150 fuisse
2103 5108 2312 5163 genus:

790 5197 912 5234 nam
947 5183 1040 5250 qui
1075 5184 1143 5236 ad
1178 5186 1425 5242 virtutem
1461 5187 1736 5256 proposito
1770 5185 2065 5240 certamine
2099 5197 2314 5238 exerceo

788 5279 896 5331 tur,
935 5279 1093 5337 atque
1126 5270 1299 5325 adhuc
1336 5283 1537 5344 pugnat
1574 5283 1628 5329 et
1655 5275 1890 5329 luctatur
1928 5275 1983 5326 in
2020 5272 2314 5343 gymnasiis

786 5357 1038 5426 pietatis,
1080 5356 1167 5408 hic
1198 5354 1543 5417 Hebraeorum
1578 5363 1841 5418 vocabulo
1875 5361 2074 5416 dicitur
2103 5360 2309 5416 Jacob:

782 5447 876 5520 qui
905 5460 1031 5501 vero
1053 5445 1167 5514 jam
1192 5447 1432 5505 victoriae
1463 5468 1525 5507 ac
1553 5455 1892 5523 praemiorum
1952 5452 2093 5521 apud
2147 5451 2312 5507 Deum

781 5550 1001 5608 compos
1027 5546 1110 5594 est
1144 5536 1352 5606 factus,
1394 5541 1555 5600 Israel
1591 5530 1915 5616 appellatur,
1953 5543 2131 5615 qualis
2167 5540 2312 5597 vide-

851 5702 895 5734 ”
926 5708 1079 5764 Deut.
1114 5722 1281 5777 xxxu,
1312 5710 1430 5768 7-9.

2420 4464 2885 4535 ἐπικαλουμένους,
2925 4467 3099 4538 κρίσει
3137 4470 3236 4523 τοῦ
3285 4473 3444 4541 ὑψίσ

2419 4558 2671 4628 ἀρρήτοις
2721 4557 2847 4625 ἡμῖν
2894 4556 3029 4629 ’φησι
3069 4558 3441 4635 διανεμηθῆν

2420 4645 2749 4714 ὲξοχωτάτῳ,
2789 4646 3013 4715 ἡγεμόνι
3055 4664 3112 4700 τε
3143 4650 3242 4702 καὶ
3286 4650 3440 4720 βασι

2416 4734 2478 4805 δὴ
2510 4733 2584 4803 τῷ
2608 4733 2843 4803 Χριστῷ,
2870 4735 2945 4798 ὡς
2978 4736 3042 4789 ἂν
3075 4747 3380 4808 μονογενεῖ
3417 4747 3444 4800 Ἰ

2417 4840 2556 4885 ποις,
2587 4823 2674 4876 τὸν
2716 4821 2905 4876 Ἰακὼϐ
2936 4827 3028 4877 καὶ
3084 4829 3340 4902 Ἰσραὴλ,
3380 4855 3444 4891 τε

2420 4913 2630 4984 partbe
2678 4913 2768 4966 καὶ
2809 4913 3055 4980 θεοσεϐὲς
3086 4922 3439 4999 παραδοθῆν

2415 5002 2586 5056 ἀθλῶν
2628 5005 2716 5056 καί
2756 5004 2998 5058 παλαίων
3033 5010 3091 5061 ὲν
3131 5014 3247 5077 τοῖς
3298 5024 3444 5075 κατ’

2417 5094 2566 5157 σίοις,
2611 5092 2870 5164 Ἐϐραίων
2909 5101 3257 5175 προσηγορίᾳ
3294 5109 3444 5164 κέκῖ

2413 5181 2510 5253 ἤδη
2541 5182 2690 5252 νίκης
2864 5185 2970 5239 τῶν
3010 5191 3161 5261 παρὰ
3202 5193 3338 5267 Θεῷ
3397 5202 3434 5272 β

2424 5273 2634 5344 Ἰσραὴλ
2662 5275 3064 5346 ἀναγορεύεται·
3098 5275 3212 5347 οἷος
3245 5288 3443 5359 αὐτὸς

2416 5377 2568 5431 μενος
2595 5361 2687 5415 τοῦ
2722 5363 2914 5427 παντὸς
2965 5366 3237 5440 Ἐϐραίων
3274 5373 3444 5437 ἐθνοι

2411 5449 2594 5502 τούτου
2620 5454 2827 5524 γνήσιοι
2857 5457 3045 5522 παῖδες
3069 5460 3347 5532 ἀπόγονοί
3388 5492 3444 5530 τε

2417 5539 2663 5612 πάτορες,
2693 5546 2963 5617 προφῆται
2997 5548 3200 5619 πάντες
3229 5563 3339 5617 καὶ
3374 5568 3444 5623 θε
