3862 6326
9 0 379 87 -ιν
466 21 585 35 ’·-”
1560 42 1693 45 ’ίτ

326 393 435 447 369

1236 404 1867 463 DEMONSTRATIONIS
1904 403 2352 462 EVANGELICE
2384 405 2507 460 LIB.
2541 405 2628 462 Ν.

3418 406 3522 459 ⁸370

324 511 443 580 γάρ
483 526 563 580 μοι
602 470 993 564 τδκἾουδσιίων
1035 517 1263 591 πλῆθος
1293 523 1461 594 ταύτῃ
1501 520 1682 592 νόμιζε
1721 521 1903 592 δηλοῦ-

2005 523 2128 578 licet
2160 521 2258 576 fuit
2285 521 2372 575 ille
2402 522 2516 590 ipse
2547 518 2858 574 notissimus
2893 523 3056 575 totius
3094 518 3368 573 chraicae
3395 534 3524 588 gen-

327 601 478 662 σθαίν
504 600 682 688 μόνοιζς
714 616 776 652 τε
806 601 938 664 τοὺς
980 607 1181 664 πάλαι
1210 614 1465 685 πρότερον
1503 614 1664 684 ἀρετῇ
1691 612 1783 665 καὶ
1813 611 1902 663 εὑ-

326 692 522 763 σεεείᾳ
554 691 1032 760 τετελειωμένους.
1088 701 1332 766 Τούτους
1360 704 1424 773 δὴ
1455 701 1545 757 οὖν
1582 700 1903 772 παραλαϐὼν

325 782 358 833 ὖ
388 782 711 853 καθηγεμὼν
752 784 847 836 καὶ
877 791 1220 862 προστάτης
1252 795 1496 847 ἁπάντων
1522 793 1612 847 τοῦ
1634 791 1765 845 Θεοῦ
1803 792 1903 843 Λύ-

325 887 454 936 τος.
478 873 577 924 ἐπὶ
612 871 706 941 τὴν
735 872 895 942 μόνου
925 875 1030 928 τοῦ
1064 880 1307 951 Πατρὺς,
1335 881 1491 934 αὑτοῦ
1529 882 1590 951 δὴ
1624 881 1713 934 τοῦ
1756 882 1905 950 Ὑψί-

327 978 489 1025 στου,
522 962 812 1035 θρησκείαν
847 965 1182 1045 ἀνεκαλεῖτο
1215 971 1318 1023 τῶν
1344 972 1626 1041 ὁρωμένων
1657 971 1904 1024 ἁπάντων

330 1052 627 1117 ἀνωτάτω,
669 1055 922 1108 ἐπέκεινά
962 1074 1028 1110 τε
1068 1060 1297 1131 οὐρανοῦ
1337 1062 1428 1114 καὶ
1467 1062 1641 1131 πάσης
1680 1061 1905 1131 γενητῆς

328 1142 554 1206 οὐσίας,
591 1145 713 1207 τοὺς
750 1146 1028 1215 ὑπηκόους
1058 1151 1242 1219 ἡρέμα
1273 1151 1363 1203 καὶ
1396 1151 1593 1219 πράως
1613 1148 1904 1203 ἀνακαλού-

333 1247 525 1299 μενος,
561 1234 724 1302 μόνον
754 1251 815 1286 τε
840 1236 1029 1299 αὐτοῖς
1063 1239 1157 1291 τὸν
1185 1240 1489 1309 ἀγέννητον,
1526 1239 1744 1293 καὶτῶν
1771 1239 1902 1291 ὅλων

330 1325 579 1394 ποιητὴν
606 1326 742 1379 Θεὸν
766 1328 857 1379 τὸν
887 1327 1116 1397 ὕψιστον
1150 1332 1467 1402 παραδιδοὺς
1494 1332 1748 1385 εὐσεϐεῖν.

2005 613 2075 668 tis
2107 620 2310 671 auctor,
2344 613 2565 682 ejusque
2594 611 2704 665 veri
2735 626 2797 665 ac
2823 611 3039 680 legitimi
3071 611 3163 665 ﬁlii
3183 651 3200 678 ,
3247 619 3406 680 atque
3434 611 3527 664 bo-

2005 716 2123 753 rum
2148 708 2364 770 nepotes
2391 719 2405 755 :
2436 706 2641 753 veteres
2663 700 2785 752 item
2815 698 3080 768 prophetae
3106 713 3318 762 omnes,
3353 705 3406 753 et
3432 699 3524 767 qui

2004 790 2114 845 Deo
2135 791 2268 860 grati
2299 790 2512 845 fuerunt
2538 789 2638 842 viri
2669 811 2679 842 :
2719 789 2869 858 157
2893 789 3001 841 noli
3023 789 3171 850 mihi,
3197 803 3396 857 quaeso,
3424 804 3518 857 pu—

2008 890 2121 935 tare
2156 880 2456 935 Judreorum
2494 890 2810 933 conventum
2846 879 2944 931 hac
2972 880 3322 946 appellatione
3351 878 3522 949 signi-

2010 968 2189 1028 ﬁcari,
2229 974 2281 1020 et
2318 981 2410 1021 eos
2449 966 2590 1021 solos
2625 966 2714 1035 qui
2752 966 2889 1034 apud
2929 966 3135 1034 priores
3170 967 3294 1020 olim
3328 967 3526 1020 virtute

2008 1072 2069 1112 ac
2121 1058 2312 1127 pietate
2365 1056 2583 1125 perfecti
2621 1057 2973 1110 exstiterunt:
3009 1056 3108 1110 bos
3146 1056 3322 1124 itaque
3370 1072 3526 1111 assu-

2006 1163 2155 1201 mens
2204 1148 2395 1200 ductor
2454 1148 2689 1201 omnium
2724 1163 2785 1201 ac
2822 1147 3069 1216 princeps
3124 1145 3214 1199 Dei
3251 1145 3479 1199 Verbum
3506 1184 3522 1209 ,

2010 1239 2074 1291 ad
2117 1238 2276 1291 unius
2316 1235 2523 1300 Patris,
2573 1238 2740 1306 ipsius
2775 1235 3031 1292 Altissimi
3077 1237 3283 1290 scilicet
3323 1237 3524 1290 cultum

2004 1327 2283 1382 revocabat
2304 1327 2677 1395 supra,omnia
2711 1342 2828 1394 qua:
2860 1327 2960 1381 sub
2991 1326 3160 1379 visum
3192 1325 3414 1386 cadunt,
3445 1331 3525 1376 at-

329 1425 437 1479 que
477 1413 633 1464 ultra
662 1409 898 1478 omium,
927 1415 1183 1484 ultraque
1213 1431 1420 1472 omnem
1452 1432 1777 1488 quascunque
1811 1415 1947 1469 facta
1981 1416 2050 1470 sit
2094 1423 2368 1478 naturam,
2398 1429 2490 1468 eos
2536 1414 2624 1483 qui
2665 1415 2765 1469 sibi
2808 1414 3014 1483 jubenti
3057 1415 3358 1484 paruissent
3404 1429 3523 1468 seno

330 1505 433 1559 sim
483 1506 844 1576 benigneque
890 1506 1130 1562 invitans
1150 1548 1166 1574 ,
1212 1508 1489 1577 solumque
1539 1508 1644 1563 illis
1672 1524 1791 1563 eum
1812 1546 1828 1571 ,
1860 1507 1950 1577 qui
1982 1506 2189 1576 genitus
2228 1520 2333 1559 non
2362 1512 2476 1567 est,
2506 1505 2739 1559 universi
2767 1506 3091 1561 conditorem
3126 1504 3289 1560 Deum
3328 1506 3527 1562 altissi-

329 1610 482 1649 mum
518 1594 822 1650 colendum
852 1595 1097 1650 tradens.

1105 1711 1184 1763 Ην.

2704 1704 2830 1758 Vl".

333 1796 430 1864 Ὦς
445 1799 872 1877 μόνᾳρςητοὺς
892 1798 1021 1877 κατ’
1040 1799 1289 1877 utpar-dir
1307 1799 1708 1877 gmﬁpaetd
1727 1801 1903 1853 λοιπὰ

2005 1797 2153 1877 Quod
2198 1797 2310 1877 sola
2349 1796 2460 1849 caeli
2518 1796 2687 1850 sidera
2736 1806 2784 1849 et
2847 1797 3043 1877 Iuntina
3096 1798 3318 1877 reliun
3358 1808 3528 1877 gentes

393 1862 526 1920 τῶν
569 1862 776 1921 ἑθνῖὧν
828 1862 1045 1923 ἔσεϐον
1087 1862 1356 1937 ἆγγέλοὶς
1411 1862 1569 1922 τισίν
1592 1862 1902 1937 ’ἐγκεχωρι-

2026 1862 2039 1864 “
2066 1866 2317 1937 colerent,
2362 1881 2474 1934 qua:
2511 1882 2738 1919 seorsum
2793 1865 3097 1934 quibusdam
3149 1862 3529 1936 angelis'aui—

393 1938 637 2004 σμένα.

389 2031 460 2081 Oi.
493 2029 559 2081 δέ
592 2045 664 2097 γε
699 2028 815 2080 τῶν
844 2029 1022 2082 ἄλλων
1052 2028 1218 2082 ἐθνῶν
1265 2028 1541 2081 ἐπιστάται
1568 2026 1780 2096 ἄγγελοι
1810 2028 1903 2080 καὶ

320 2118 596 2188 ποιμένες
611 2121 750 2181 τοὺς
773 2117 851 2188 μὴ
866 2119 1012 2180 οἴους
1031 2135 1088 2171 τε
1109 2117 1184 2188 νῷ
1206 2118 1294 2170 τὸν
1315 2118 1536 2189 ἀόρατον
1560 2117 1868 2170 ἐποπτεύειν
1886 2156 1900 2179 ,

323 2212 462 2281 μηδὲ
490 2211 830 2264 ἀναϐαίνειν
858 2209 1107 2263 τοσοῦτον
1132 2210 1196 2262 δι’
1228 2211 1428 2263 οἰκείαν
1460 2209 1732 2262 ἀσθένειαν
1756 2249 1772 2271 ,
1795 2210 1904 2269 τοῖς

320 2300 634 2370 ὁρωμένοις
674 2301 802 2353 κατ’
834 2299 1059 2369 οὐρανὸν
1092 2299 1373 2370 προσέχειν
1403 2298 1613 2367 ἠξίουν,
1646 2299 1776 2368 ἡλίῳ
1813 2297 1904 2350 καὶ

328 2389 531 2458 σελήνῃ
574 2387 679 2440 καὶ
717 2389 967 2457 ἄστροιςο
1001 2387 1037 2440 ἃ.
1078 2387 1140 2458 δὴ
1178 2388 1271 2439 καὶ
1301 2389 1357 2439 ὲν
1387 2390 1449 2457 τῇ
1485 2386 1772 2456 φαινομένῃ
1800 2376 1904 2436 τῶν

329 2478 465 2531 ὅλων
491 2477 664 2546 φύσει
689 2477 1067 2548 διαπρέποντα
1085 2517 1099 2540 ,
1132 2477 1242 2530 ἀνω
1272 2478 1363 2530 καὶ
1386 2477 1466 2529 ὅτι
1492 2476 1718 2546 μάλιστα
1749 2477 1905 2542 ἐγγυ-

330 2565 477 2617 τάτω
509 2565 591 2627 ὡς
624 2563 698 2617 ἂν
725 2566 789 2617 ὲν
832 2563 1123 2634 προθύροις
1152 2562 1243 2617 τοῦ
1273 2562 1648 2633 παμϐασιλέως
1674 2562 1770 2624 τὰς
1799 2561 1903 2614 τῶν

329 2652 586 2721 ὁρώντων
630 2652 796 2721 ὄψεις
841 2651 1182 2714 ἀνεκαλεῖτο,
1222 2653 1286 2704 ὲκ
1336 2649 1589 2720 μεγέθους
1633 2650 1724 2702 καὶ
1773 2647 1903 2701 καλ-

327 2739 489 2811 λονῆς
510 2743 626 2796 τῶν
647 2726 956 2814 όρωμένῶν
978 2742 1282 2811 κτισμάτων
1301 2740 1568 2807 ἀναλόγως
1586 2740 1675 2792 τοῦ
1693 2739 1904 2792 πάντων

327 2829 728 2898 γενεσιουργοῦ
776 2830 880 2896 τὴν
930 2828 1157 2897 θεωρίαν
1200 2826 1571 2895 ἐμφανίζοντα.
1613 2845 1631 2877 ι
1672 2826 1752 2879 Τά
1797 2825 1904 2897 γὰρ

328 2917 542 2986 ἀόρατα
586 2914 806 2978 αὐτοῦ,
854 2934 872 2965 ι
978 2932 1137 2984 φησιν
1160 2916 1188 2966 ό
1213 2914 1351 2976 θεῖος
1390 2914 1715 2978 Ἀπόστολος,
1749 2934 1767 2965 ι
1801 2915 1905 2968 ἀπὸ

325 3007 564 3070 κτίσεως
597 3008 821 3076 κόσμου
856 3008 968 3068 τοῖς
1001 3006 1260 3075 ποιήμασι
1289 3004 1542 3075 νοούμενα
1579 3005 1902 3077 καθορᾶται,

324 3095 360 3161 ἧ
388 3112 449 3147 τε
474 3096 652 3157 ἀΐδιος
686 3093 864 3147 αὐτοῦ
880 3094 1104 3162 δύναμις
1130 3093 1221 3145 καὶ
1253 3091 1475 3162 θειότης.
1507 3112 1525 3143 ι
1552 3094 1659 3146 Καὶ
1678 3093 1832 3147 τοῦτο
1851 3094 1906 3148 δὲ

2067 1947 2235 2003 gnata:
2264 1936 2387 1987 sint.

2066 2023 2303 2076 Aliarum
2336 2037 2461 2076 vero
2493 2021 2726 2091 gentium
2767 2021 2999 2090 praefecti
3034 2023 3202 2092 angeli
3249 2030 3406 2092 atque
3434 2038 3525 2093 pa.

2000 2120 2172 2167 stores
2192 2153 2206 2177 ,
2236 2127 2328 2166 eos
2350 2111 2440 2181 qui
2468 2118 2662 2174 mente,
2692 2111 2837 2164 illum
2870 2113 2959 2180 qui
2987 2113 3103 2167 visu
3144 2112 3350 2165 mortali
3380 2113 3526 2167 cerni

1999 2203 2199 2270 nequit,
2224 2200 2417 2255 intueri
2440 2216 2548 2253 non
2578 2207 2839 2268 poterant,
2866 2215 3038 2269 neque
3061 2208 3169 2253 tam
3219 2201 3321 2254 alte
3344 2200 3415 2254 ob
3432 2202 3529 2254 do-

1999 2293 2274 2346 mesticam
2302 2290 2716 2344 imbecillitatem
2741 2290 3047 2352 ascendere,
3075 2305 3137 2344 ea
3166 2306 3282 2356 quae
3316 2291 3368 2345 in
3391 2292 3528 2345 caelo

2000 2388 2306 2450 spectantur
2330 2380 2675 2449 contemplari
2702 2380 3013 2445 suadebant,
3036 2382 3224 2444 solem,
3250 2387 3303 2435 et
3325 2382 3525 2444 lunam,

2000 2477 2053 2523 et
2077 2470 2274 2524 stellas.
2306 2468 2435 2534 Quae
2466 2468 2678 2538 quidem
2723 2484 2845 2522 cum
2878 2470 2963 2524 vel
2991 2472 3046 2524 in
3079 2470 3299 2526 cadente
3327 2472 3426 2526 sub
3449 2471 3530 2525 vi-

2001 2572 2118 2611 sum
2151 2564 2389 2612 nostrum
2419 2557 2652 2612 universi
2694 2565 2884 2611 natura
2914 2559 3260 2627 prazniteant,
3314 2575 3527 2616 sursum

2000 2654 2157 2716 atque
2188 2647 2382 2716 oppido
2411 2662 2569 2716 quam
2608 2655 2823 2717 propter
2868 2656 3118 2718 tanquam
3158 2650 3212 2703 in
3246 2650 3379 2719 ipsis
3408 2667 3525 2705 om-

1999 2734 2145 2789 nium
2170 2737 2308 2805 regis
2337 2735 2633 2798 vestibulis,
2658 2736 2803 2805 ipsos
2833 2737 3150 2791 intuentium
3186 2746 3433 2807 aspectus
3454 2739 3532 2793 al-

2001 2824 2206 2889 liciunt,
2229 2833 2386 2895 atque
2418 2841 2480 2879 ex
2509 2840 2691 2880 earum
2715 2841 2891 2880 rerum
2919 2827 3282 2896 magnitudine
3309 2842 3370 2881 ac
3410 2843 3533 2898 spe-

2000 2915 2100 2977 cie,
2137 2930 2254 2984 qua:
2277 2929 2397 2968 cum
2428 2914 2579 2969 factae
2616 2916 2723 2969 sint
2750 2924 3044 2970 cernuntur
3075 2917 3245 2972 oculis
3264 2958 3279 2984 ,
3309 2933 3532 2988 propor-

2002 3004 2144 3057 tione
2179 3005 2427 3073 qua’dam,
2459 3005 2690 3060 auctoris
2718 3006 3059 3076 parentisque
3082 3009 3319 3062 omnium
3353 3011 3533 3080 cogni-

2002 3093 2223 3157 tionem,
2248 3095 2852 3165 contemplationemque
2885 3111 2994 3165 prae
3029 3111 3087 3151 se
3130 3097 3345 3153 ferunt:
3384 3117 3405 3150 ι
3440 3098 3530 3153 ln-

321 3185 494 3239 κάλιν
514 3189 544 3239 ὁ
586 3187 773 3257 μέγας
802 3183 1038 3252 Μωῦσῆς
1063 3185 1418 3253 μυσταγωγεῖ.
1448 3183 1548 3236 Τὸν
1575 3186 1680 3254 γάρ
1703 3202 1782 3238 τοι
1812 3185 1901 3238 τοῦ

2005 3183 2226 3237 visibilia
2248 3184 2389 3238 enim
2416 3185 2614 3253 ipsius,
2657 3192 2716 3237 ut
2739 3186 2811 3237 ait
2840 3185 3053 3241 divinus
3081 3186 3369 3256 Apostolus
3390 3188 3455 3253 “,
3500 3203 3531 3242 a

323 3274 540 3343 Κυρίου
564 3276 779 3344 κλῆρον
800 3273 878 3343 νῷ
903 3274 1112 3337 διαυγεῖ
1131 3277 1223 3329 καὶ
1243 3276 1382 3347 ψυχῇ
1406 3274 1778 3347 κεκαθαρμένη
1800 3275 1904 3328 τῶν

327 3365 542 3433 νοητῶν
570 3366 667 3418 καί
699 3365 1013 3433 ἀσωμάτων
1044 3364 1349 3434 ἑριγνᾶσθαι
1373 3365 1704 3435 προτρέπων,
1737 3363 1904 3434 εἴργει

333 3450 439 3518 τῆς
489 3453 597 3504 τῶν
651 3452 953 3521 ὁρωμένων
1005 3452 1122 3505 κατ’
1174 3454 1394 3524 οὐρανὸν
1422 3452 1746 3523 ἐκπλήξεως,
1790 3454 1907 3505 ὲπι-

336 3537 545 3604 λέγων,
574 3541 659 3592 ὅτι
691 3539 759 3608 δὴ
796 3559 815 3591 ι
865 3539 1047 3591 Ταῦτα
1081 3540 1336 3609 ἀπένειμε
1366 3540 1563 3610 Κύριος
1597 3540 1624 3590 ὁ
1654 3539 1781 3602 Θεός
1814 3555 1903 3590 σου

343 3629 482 3679 πᾶσι
514 3632 623 3691 τοῖς
665 3630 902 3682 ἔθνεσιν.
930 3647 950 3679 ι
979 3629 1076 3682 Διά
1106 3630 1157 3682 τί
1181 3630 1225 3682 δ’
1256 3628 1680 3698 ἀπονενεμῆσθαι
1703 3630 1864 3698 ἔφησε
1887 3666 1902 3690 ,

354 3717 574 3768 συνιδεῖν
614 3719 937 3786 ἀναγκαῖον.
972 3717 1342 3780 Πολυπλανοῦς
1379 3717 1719 3788 ὑπαρχούσης
1745 3717 1905 3787 ἀορά-

357 3820 466 3866 τως
492 3808 613 3875 ἡμῖν
635 3808 781 3876 ἀμφὶ
807 3807 898 3858 τὸν
921 3808 1045 3877 περὶ
1066 3809 1166 3877 γῆν
1188 3808 1323 3878 ἀέρα
1351 3808 1677 3876 πωτωμὲνης
1699 3807 1902 3876 χθονίου

364 3896 461 3946 καί
486 3896 795 3965 ὼιμονικῆς
826 3897 1044 3959 οὐσίας,
1079 3895 1352 3965 ἀγνώστου
1385 3913 1444 3949 τε
1479 3898 1569 3948 καὶ
1600 3897 1902 3965 ἀδιακρίτου

368 3983 683 4053 ἀνθρώποις,
717 3987 822 4055 τῆς
856 3987 965 4039 τῶν
1001 3986 1215 4052 ἀγαθῶν
1259 3987 1574 4055 πνευμάτων
1617 3987 1706 4040 καὶ
1748 3985 1902 4039 δυνά-

374 4087 538 4138 μεων,
576 4078 663 4127 καὶ
698 4076 877 4128 αὐτῶν
920 4075 983 4145 δὴ
1030 4077 1137 4127 τῶν
1176 4075 1333 4129 θείων
1380 4075 1616 4142 ἀγγέλων
1661 4074 1792 4146 πρὸς
1837 4076 1904 4128 τὰ

371 4160 527 4230 χείρω
551 4163 798 4235 διαφόρου
832 4162 1183 4235 καθεστώσης
1206 4202 1222 4226 ,
1256 4164 1354 4215 οὐκ
1383 4164 1550 4227 ἄλλως
1576 4161 1632 4217 εὖ
1666 4163 1775 4234 εἶχε
1794 4168 1903 4226 τοῖς

372 4248 467 4316 τῆς
490 4252 731 4304 ἀνωτάτω
752 4252 847 4305 τοῦ
871 4253 1259 4323 παμϐασιλέως
1277 4254 1553 4317 εὐσεϐείας
1574 4255 1902 4308 ἀποπίπτου-

376 4353 459 4389 σιν
493 4341 523 4409 ἤ
552 4342 652 4394 τῶν
685 4344 977 4415 ὁρωμένων
1013 4343 1132 4395 κατ’
1165 4343 1388 4411 οὐρανὸν
1427 4342 1494 4396 τὰ
1531 4345 1782 4413 κράτιστα
1824 4347 1904 4397 ai-

380 4430 586 4496 ρεῖσθαι.
615 4433 737 4494 Δέος
767 4433 875 4502 γὰρ
908 4433 969 4484 οὐ
994 4431 1055 4483 τὸ
1089 4431 1246 4501 τυχὸν
1273 4427 1360 4501 ἦν,
1394 4433 1595 4501 μήποτε
1614 4472 1629 4496 ,
1655 4434 1783 4487 Θεὸν
1811 4434 1903 4505 ζη-

374 4518 572 4584 τοῦντες
602 4524 693 4575 καὶ
731 4524 801 4576 τὰ
830 4523 1037 4594 ἀόρατα
1074 4522 1674 4593 πολυπραγμονοῦντες,
1705 4527 1902 4597 ἀπορίᾳ

374 4606 475 4660 τῶν
509 4611 713 4679 ἀφανῶν
755 4613 848 4665 καὶ
883 4612 1098 4681 ἀδήλων
1137 4613 1217 4673 είς
1254 4611 1493 4674 ἐναντίας
1523 4613 1769 4684 δυνάμεις
1811 4615 1903 4668 καὶ

371 4694 657 4767 ὃαιμωικάς
676 4704 1086 4772 περιτραπεῖεν.
1103 4699 1222 4750 Τῶν
1240 4701 1525 4769 ὁρωμένων
1545 4697 1634 4753 οὖν
1650 4703 1714 4755 τὰ
1734 4704 1904 4772 πάντη

366 4786 614 4863 διαπρεπῆ
640 4792 731 4846 τοῦ
750 4792 886 4845 Θεοῦ
909 4790 1369 4860 δημιουργήματα
1391 4791 1497 4851 τοῖς
1527 4791 1598 4860 μὴ
1620 4792 1711 4844 τοῦ
1736 4794 1906 4864 κρείτ-

270 4898 295 4911 μ
361 4882 497 4942 τονος
528 4882 829 4951 ἐφιεμένοις
865 4877 1302 4949 παραδεδόσθαι,
1334 4878 1670 4945 ἀμωσγέπως
1701 4882 1902 4936 ἐνθένδε

357 4963 447 5037 τῆς
470 4970 557 5024 τοῦ
584 4972 819 5042 ἀοράτου
846 4968 1095 5036 θεωρίας
1114 5002 1131 5025 ι
1156 4967 1232 5029 ὡς
1259 4966 1321 5018 ἂν
1352 4966 1437 5018 διά
1456 4985 1589 5031 τινος
1620 4972 1901 5043 ἐσόπτρου,

337 5058 880 5130 ⁴κιιρεμιραινομένης.

2006 3281 2249 3326 creatura
2271 3273 2473 3337 mundi,
2509 3289 2603 3342 per
2628 3289 2688 3327 ea
2718 3290 2835 3343 quae
2869 3275 3006 3328 facta
3041 3286 3166 3330 sunt
3227 3278 3490 3332 intellecta
3511 3315 3530 3344 ,

2007 3363 2424 3430 oonspiciuntur,
2458 3362 2882 3432 sempiternaque
2903 3364 3019 3432 ejus
3045 3366 3236 3429 virtus,
3262 3374 3314 3421 et
3339 3368 3533 3420 divini-

2006 3458 2105 3505 tas.
2150 3470 2169 3502 ι
2203 3450 2313 3503 Hoc
2352 3464 2561 3520 quoque
2589 3465 2808 3519 magnus
2842 3452 3050 3522 Moyses
3081 3469 3270 3508 rursus
3302 3463 3358 3508 nt
3382 3470 3535 3509 arca-

2006 3554 2132 3591 num
2164 3546 2216 3591 et
2246 3552 2457 3592 sacrum
2485 3537 2708 3601 inducit,
2736 3554 2859 3593 nam
2888 3540 3096 3594 Domini
3128 3550 3322 3595 sortem
3346 3543 3536 3596 adhor-

2006 3636 2144 3689 tans,
2176 3635 2232 3679 ut
2276 3634 2453 3680 mente
2494 3626 2667 3680 lucida
2693 3627 2975 3696 animoque
3029 3636 3252 3698 purgato
3299 3644 3363 3684 ea
3415 3647 3533 3700 quas

2006 3717 2119 3770 sola
2156 3716 2501 3781 intelligentia
2533 3716 2847 3784 capiuntur,
2904 3724 2957 3771 et
3013 3719 3253 3788 corporis
3296 3722 3533 3788 expertia

2007 3810 2150 3867 sunt,
2177 3805 2557 3873 concupiscat:
2597 3794 2849 3875 prohibet.
2889 3822 2949 3861 ea
2982 3824 3099 3877 qua:
3137 3808 3191 3861 in
3241 3810 3378 3863 cwlo
3420 3825 3541 3878 ερον

2005 3902 2216 3948 ctantur
2243 3895 2693 3964 admirari,supra
2723 3911 2752 3949 a
2784 3912 2841 3951 se
2856 3897 3013 3951 dictis
3047 3898 3362 3967 adjungens,
3392 3899 3534 3969 quod

2006 3984 2117 4037 haec
2155 3984 2423 4038 distribuit
2471 3982 2728 4039 Dominus
2754 3983 2893 4039 Dens
2920 3993 3044 4041 tuus
3076 4004 3095 4036 ι
3124 3989 3331 4043 cunctis
3364 3988 3536 4060 genti-

2006 4074 2104 4128 bus
2133 4074 2198 4106 ’θ’
2226 4092 2237 4127 ;
2281 4093 2299 4124 ι
2331 4089 2427 4128 cur
2451 4083 2625 4129 autem
2654 4076 2939 4130 distributa
2972 4075 3136 4130 fuisse
3172 4077 3394 4142 dixerit,
3443 4093 3538 4132 co-

2003 4182 2258 4236 gnoscere
2285 4182 2458 4237 operae
2484 4169 2707 4236 pretium
2736 4176 2834 4224 est.
2879 4168 3010 4224 Cum
3040 4170 3317 4239 multiplici
3356 4185 3535 4225 errore

2004 4262 2256 4324 vagetur,
2289 4263 2341 4310 et
2376 4257 2531 4311 nobis
2559 4257 2701 4310 haud
2755 4258 3098 4312 cernentibus
3141 4259 3345 4313 circum
3393 4259 3537 4313 hunc

2003 4361 2174 4400 acrem
2200 4348 2288 4415 qui
2318 4354 2512 4401 terram
2542 4347 2725 4410 ambit,
2757 4348 3027 4401 terrestris
3080 4347 3321 4417 quaedam
3350 4348 3536 4403 volitet

2006 4452 2068 4491 ac
2114 4437 2402 4492 daemonica
2457 4445 2666 4500 natura,
2716 4437 2873 4508 158
2902 4452 3059 4506 quam
3088 4437 3332 4493 homines
3362 4453 3535 4506 neque

2004 4540 2342 4596 cognoscere,
2379 4543 2549 4597 neque
2580 4528 2886 4583 discernere
2926 4528 3101 4582 idonei
3132 4537 3278 4590 sunt,
3304 4542 3534 4595 cumque

2006 4615 2264 4669 bonorum
2284 4617 2409 4671 item
2441 4618 2725 4686 spirituum
2757 4631 2819 4671 ac
2849 4624 3189 4686 potestatum,
3219 4627 3271 4671 et
3299 4618 3535 4684 ipsorum

2006 4705 2233 4773 denique
2263 4706 2564 4760 divinorum
2592 4708 2898 4777 angelorum
2927 4717 3138 4770 natura,
3160 4708 3227 4761 ab
3252 4721 3313 4761 ea
3344 4721 3460 4774 quae
3480 4706 3534 4758 in

2006 4793 2240 4848 deterius
2274 4795 2421 4863 lapsa
2449 4804 2551 4859 est,
2573 4798 2909 4851 continenter
2933 4796 3189 4852 dissideat
3214 4812 3228 4845 :
3253 4810 3357 4848 non
3379 4796 3535 4851 aliter

2006 4883 2072 4938 iis
2102 4881 2190 4951 qui
2220 4896 2247 4935 a
2278 4885 2510 4951 supremi
2535 4887 2768 4940 omnium
2798 4885 2956 4955 Regis
2982 4887 3125 4939 cultu
3155 4883 3531 4948 declinassent,

2006 4987 2091 5024 res
2117 4972 2251 5026 bene
2280 4980 2486 5039 poterat
2523 4975 2713 5029 cedere
2738 5014 2754 5039 ,
2799 4989 2957 5043 quam
2994 4974 3040 5026 si
3084 4987 3269 5027 eorum
3313 4989 3433 5043 quae
3476 4974 3532 5028 in

2007 5062 2142 5116 caelo
2190 5069 2514 5130 spectantur,
2549 5080 2667 5131 quae
2700 5063 3135 5133 praestantissima
3167 5070 3312 5127 sunt,
3339 5065 3532 5135 elegis-

330 5148 454 5203 “ent
479 5171 494 5203 :
521 5151 831 5222 periculum
872 5146 1032 5202 enim
1081 5159 1193 5198 non
1240 5141 1493 5198 mediocre
1527 5155 1643 5201 erat
1666 5190 1681 5214 ,
1732 5153 1927 5207 necubi
1966 5153 2130 5208 Deum
2168 5162 2463 5222 quaerentes
2486 5190 2501 5214 ,
2541 5161 2594 5207 et
2623 5156 2889 5210 curiosius
2911 5168 3027 5222 quas
3048 5154 3113 5207 ad
3132 5162 3403 5223 aspectum
3425 5171 3534 5211 non

310 5236 544 5298 ‘eniunt
609 5243 993 5311 indagantes.
1036 5235 1353 5288 ἀίιῙὶοιιΙιεηθ
1375 5250 1546 5290 earum
1602 5255 1785 5295 rerum
1815 5261 1933 5312 qua:
1971 5249 2134 5300 latent
2160 5246 2507 5314 obscuraque
2569 5256 2715 5311 sunt,
2761 5245 2827 5299 ad
2857 5246 3151 5301 contrarias
3186 5246 3534 5303 daemonicas-

282 5338 420 5418 flue
443 5343 757 5408 potestates
791 5336 1201 5383 verterentur:
1230 5340 1293 5378 ex
1331 5325 1402 5379 iis
1449 5328 1602 5395 igitur
1632 5349 1757 5401 Quae
1813 5348 2107 5393 cernuntur
2156 5340 2326 5394 oculis
2390 5338 2566 5392 omnia
2595 5338 2686 5392 Dei
2735 5353 2895 5408 opera
2918 5380 2934 5402 ,
2973 5339 3125 5393 valde
3187 5340 3534 5394 conveniebat

273 5417 394 5494 ‘is,
452 5431 547 5502 qui
602 5425 752 5482 nihil
808 5418 1190 5489 Ριπειειηίυε
1226 5417 1682 5488 concupiscerent,
1740 5433 1936 5500 quavis
1974 5434 2183 5495 ratione
2213 5432 2577 5486 commendata
2621 5447 2761 5495 esse,
2824 5435 3015 5506 quippe
3047 5448 3167 5489 cum
3213 5433 3374 5487 exiis
3406 5433 3530 5495 ille,

272 5525 388 5596 Qui
411 5523 596 5580 oculis
631 5514 801 5574 (τεωί
832 5524 958 5565 non
993 5513 1203 5575 Ροίθεῑι
1225 5506 1371 5574 qualii
1403 5507 1454 5561 ίη
1491 5515 1717 5580 Quodam
1768 5525 1998 5591 speculo
2025 5523 2460 5593 contemplandus
2487 5538 2755 5593 appareat.

422 5698 469 5731 η
501 5692 672 5748 nam.
708 5702 755 5748 ι,
792 5681 897 5743 20,
981 5676 1054 5712 ’⁸⁸
1093 5674 1329 5741 Deut.tv,
1360 5676 1435 5730 l9.
