3862 6320
720 370 821 424 971

1402 474 1486 525 IX.

725 587 796 641 De
842 587 1047 639 inimica
1106 602 1165 637 ac
1223 585 1318 650 ipsi
1359 583 1463 635 Deo
1518 582 1815 635 adversante
1863 590 2141 647 potestate,
2193 591 2238 632 et

789 673 846 709 eo
875 656 962 724 qui
1008 655 1059 706 in
1084 654 1178 724 huc
1223 651 1546 724 dominatur,
1588 659 1638 702 et
1686 651 2109 718 quemadmodum
2155 664 2242 715 per

790 718 921 777 hanc
955 738 1100 775 omne
1124 721 1380 772 hominum
1410 718 1671 771 seductum
1701 728 1776 771 est
1801 734 1977 786 genus.

788 857 853 909 Et
880 857 989 909 haec
1016 852 1223 923 quidem
1251 849 1328 904 sic
1356 865 1412 904 se
1434 849 1697 902 habebant
1723 867 1735 901 :
1771 847 2099 902 adversantis
2118 860 2242 900 vero

721 961 784 998 ac
808 945 1015 999 rebellis
1044 939 1321 1011 potestatis
1359 937 1536 1000 factio,
1567 938 1678 991 sive
1719 936 2014 991 dzemonum
2046 951 2108 989 ea
2138 936 2238 1000 sit,

722 1035 832 1087 sive
857 1033 1076 1084 aliorum
1105 1028 1262 1082 etiam
1289 1027 1711 1095 depravatiorum
1739 1028 2041 1095 spirituum,
2063 1028 2153 1095 qui
2188 1033 2241 1080 et

723 1123 838 1184 plus
863 1130 913 1172 et
950 1118 1123 1170 minus
1144 1116 1209 1169 de
1238 1116 1435 1168 malitia
1464 1123 1755 1184 reportant,
1785 1115 1959 1185 gravis
1987 1125 2240 1184 prmterea

719 1207 990 1274 cujusdam
1019 1206 1300 1275 magnique
1345 1204 1621 1266 dzemonis.
1657 1206 1747 1273 qui
1775 1206 2011 1258 omnium
2038 1207 2239 1274 princi-

718 1306 899 1365 patum
931 1294 1066 1348 inter
1097 1309 1189 1347 eos
1233 1294 1454 1356 obtinet,
1485 1294 1573 1362 qui
1601 1293 1754 1361 primi
1797 1293 1850 1346 in
1877 1294 2058 1347 divino
2092 1297 2238 1347 cultu

716 1390 1055 1441 notaverunt,
1085 1391 1240 1449 atque
1269 1381 1337 1435 ob
1362 1379 1411 1433 id
1444 1382 1715 1449 proprium
1746 1382 2060 1435 vocabulum
2102 1383 2240 1435 ami-

715 1488 851 1537 sere,
892 1472 1048 1526 saluti
1080 1470 1351 1523 hominum
1395 1470 1656 1532 invidens,
1688 1471 1738 1523 in
1764 1470 2083 1534 contrariam
2117 1486 2241 1540 par-

712 1570 816 1616 tem
858 1560 1122 1623 trahebat,
1151 1561 1428 1627 omnisque
1456 1561 1664 1628 generis
1695 1560 1907 1612 malitiae
1939 1561 2198 1614 machinis
2221 1598 2235 1622 ,

711 1653 918 1705 cunctis
946 1652 1211 1720 gentibus,
1240 1651 1444 1720 ipsique
1482 1651 1638 1703 etiam
1694 1651 1827 1703 sorti
1877 1650 2122 1714 Domini,
2173 1667 2238 1705 ex

712 1739 909 1793 invidia
951 1738 1243 1802 bonorum,
1298 1737 1673 1803 insidiabatur;
1718 1738 1938 1806 proinde
1986 1737 2093 1792 Deo
2144 1739 2238 1791 ad-

711 1842 918 1883 versam
954 1827 1275 1896 impiamque
1300 1827 1473 1896 magni
1508 1828 1648 1881 illius
1675 1827 1930 1882 daemonis
1959 1829 2236 1898 cogitatio-

709 1931 853 1976 nem,
880 1915 1220 1984 propheticus
1263 1916 1480 1983 spiritus
1511 1915 1564 1968 in
1593 1916 1727 1968 lsaia
1755 1916 1832 1970 sic
1857 1916 2233 1984 propemodum

708 2006 1068 2076 reprehendit,
1106 2005 1289 2058 dicens
1323 2022 1336 2057 :
1376 2021 1393 2054 ι
1435 2003 1577 2056 Dixit
1604 2004 1779 2068 enim,
1832 2005 1886 2057 in
1925 2003 2235 2059 fortitudine

710 2095 921 2157 faciam,
946 2103 998 2148 et
1027 2094 1079 2146 in
1114 2093 1372 2162 sapientia
1396 2093 1696 2147 intellectus
1725 2093 1960 2147 auferam
1980 2094 2233 2148 terminos

707 2186 960 2255 gentium,
983 2191 1034 2235 et
1045 2183 1207 2236 robur
1219 2197 1399 2235 earum
1417 2182 1773 2251 depraedabor,
1792 2190 1843 2235 ct
1855 2184 2086 2251 quatiam
2102 2183 2234 2237 civi-

707 2283 844 2328 tates
870 2287 986 2342 quae
1007 2272 1332 2334 habitantur,
1348 2280 1399 2324 et
1416 2272 1596 2325 orbem
1616 2279 1875 2326 terrarum
1911 2281 2077 2326 totum
2096 2288 2235 2326 com-

706 2356 1031 2425 prehendam
1058 2372 1216 2409 manu
1240 2357 1391 2424 quasi
1412 2356 1614 2418 nidum,
1630 2359 1846 2425 etquasi
1866 2373 1967 2412 ova
1981 2359 2233 2413 derelicta

708 2447 908 2511 tollam,
927 2454 978 2498 et
998 2460 1100 2498 non
1114 2446 1213 2498 erit
1228 2446 1318 2515 qui
1338 2444 1552 2513 effugiat
1569 2454 1769 2507 me,aut
1784 2448 2112 2501 contradicat
2133 2450 2233 2500 mi-

708 2537 843 2590 hi".
860 2535 1045 2605 »159
1070 2534 1158 2588 Ha:
1184 2550 1311 2589 sane
1332 2536 1471 2588 illius
1497 2536 1642 2604 impii
1667 2543 1718 2588 et
1742 2545 1926 2589 contra
1948 2535 2112 2589 Deum
2134 2553 2228 2605 pu~

707 2628 917 2694 gnantis
946 2638 1125 2686 voces,
1156 2625 1244 2692 qui
1270 2625 1321 2676 in
1354 2625 1544 2677 robore
1579 2624 1793 2677 malitiae
1838 2625 2093 2693 gloriatur
2116 2664 2130 2689 ,
2177 2633 2231 2680 et

708 2714 908 2779 angelis
950 2715 1017 2768 ab
1063 2713 1336 2767 Altissimo
1383 2713 1607 2767 traditos
1657 2715 1892 2782 gentium
1950 2716 2226 2779 terminos,

706 2808 1035 2877 direptnrum
1062 2823 1119 2862 se
1144 2814 1195 2860 et
1226 2806 1569 2860 confusurum
1604 2810 1840 2860 minatur
1864 2848 1879 2872 ,
1942 2808 2230 2877 orbemque

706 2893 1155 2964 depraedaturum,
1182 2901 1234 2947 et
1256 2909 1412 2947 omne
1445 2909 1612 2962 genus
1646 2893 1919 2946 hominum
1967 2910 2229 2948 excussu-

709 2999 848 3048 rum,
883 2983 1106 3052 ejusque
1135 2983 1364 3052 priorem
1398 2983 1637 3036 ordinem
1687 2990 2013 3035 mutaturum
2040 2983 2226 3051 jactat.

710 3074 765 3129 Si
788 3089 912 3128 vero
940 3089 1045 3142 quo
1074 3074 1252 3125 animo
1283 3072 1408 3124 talia
1440 3072 1504 3125 de
1530 3073 1704 3140 seipso
1726 3073 2060 3135 mentiretur,
2091 3074 2228 3126 scire

706 3163 810 3223 vis,
847 3162 970 3215 audi
1004 3160 1240 3216 eamdem
1274 3160 1605 3229 prophetiam
1658 3160 1735 3214 sic
1787 3175 1976 3215 rursus
2020 3160 2086 3216 de
2137 3162 2228 3215 illo

707 3251 967 3305 dicentem
997 3270 1009 3305 :
1048 3269 1067 3300 ι
1104 3249 1380 3315 Quomodo
1409 3248 1601 3303 cecidit
1633 3250 1700 3303 de
1728 3250 1862 3303 coelo
1887 3249 2116 3314 Lucifer,
2139 3251 2230 3320 qui

706 3352 862 3390 mane
894 3337 1162 3390 oriebatur
1187 3337 1210 3388 ?
1248 3337 1506 3390 contritus
1536 3346 1619 3391 est
1658 3336 1712 3389 in
1742 3344 1960 3402 terram,
1989 3338 2081 3407 qui
2108 3339 2230 3390 mit-

705 3426 851 3479 tebat
884 3424 951 3478 ad
992 3440 1177 3479 omnes
1205 3433 1407 3495 gentes.
1459 3424 1539 3478 Tu
1585 3440 1712 3480 vero
1742 3426 1923 3481 dixisti
1957 3427 2010 3480 in
2058 3434 2231 3482 mente

707 3524 797 3568 tua
822 3534 835 3569 :
874 3513 931 3567 In
964 3514 1158 3569 cmlum
1197 3516 1500 3579 ascendam,
1526 3530 1687 3586 super
1716 3525 1859 3570 astra
1888 3517 2009 3570 εωιί
2037 3532 2230 3586 ponam

707 3604 887 3658 sedem
921 3619 1111 3658 meam.
1153 3603 1446 3658 Ascendam
1490 3620 1652 3673 supra
1681 3606 1870 3669 nubes,
1904 3621 1997 3659 ero
2042 3606 2230 3661 similis

708 3693 1005 3748 Altissimo.
1040 3692 1191 3746 Nunc
1219 3701 1395 3747 autem
1426 3695 1490 3747 ad
1533 3695 1798 3747 infernum
1840 3695 2150 3759 descendes,
2178 3703 2231 3749 et

708 3782 774 3835 ad
805 3781 1151 3835 fundamenta
1184 3789 1340 3836 terrae
1368 3784 1431 3835 ’⁸.
1473 3801 1491 3834 ι
1526 3782 1665 3837 Sane
1694 3786 1920 3853 plurima
1954 3787 2112 3839 simul
2148 3787 2230 3841 bis

708 3869 884 3923 verbis
905 3870 1140 3922 declarat
1167 3872 1476 3937 oraculum;
1521 3886 1643 3925 nam
1666 3882 1718 3926 et
1749 3874 1893 3928 illius
1923 3875 1989 3927 de
2019 3890 2124 3943 quo
2154 3875 2232 3927 lo-

709 3960 890 4029 quitur
916 3958 1222 4021 amentiam,
1247 3968 1297 4013 et
1325 3960 1562 4028 ejusdem
1597 3978 1627 4014 a
1653 3963 1856 4015 meliori
1886 3970 2028 4016 statu
2051 3963 2114 4015 ad
2138 3965 2232 4018 de-

709 4048 877 4101 terius
905 4047 1133 4110 ruinam,
1164 4055 1216 4101 et
1242 4048 1409 4117 ipsius
1438 4052 1604 4104 ruina:
1630 4051 1850 4105 exitum.
1889 4049 1989 4114 Qui
2016 4051 2230 4114 quidem

708 4152 830 4189 cum
859 4137 1038 4207 gravia
1075 4145 1232 4206 atque
1268 4139 1451 4194 odiosa
1481 4142 1690 4194 cunctis
1720 4142 1964 4209 gentibus
1993 4142 2230 4198 minatus

710 4234 873 4289 esset,
922 4227 1027 4280 alia
1075 4228 1281 4283 ratione
1326 4230 1441 4299 capi
1490 4244 1648 4300 posse
1693 4232 1955 4294 homines,
2001 4231 2056 4284 in
2101 4233 2232 4301 ipsis

711 4314 1046 4368 machinandi
1075 4317 1306 4372 exordiis
1337 4317 1682 4386 deprehendit
1709 4336 1723 4371 :
1757 4319 1953 4387 quippe
1978 4321 2067 4389 qui
2102 4320 2234 4374 faci-

1383 362 1641 416 EL'SEBII
1676 358 2136 413 C.‘ES.\RIENSIS
2177 358 2323 413 OPP.
2360 358 2534 411 PARS
2569 356 2609 412 Ι.
2645 388 2709 398 -
2749 355 3162 414 APOLOGETlCA.

3036 468 3090 523 0’.

2338 582 2471 647 Περὶ
2506 578 2609 646 τῆς
2632 579 2841 661 ἐχθρᾶς
2876 581 2970 661 καί
3001 576 3311 661 ἀντικειμένης

2399 640 2703 717 ἱιεωςῖκὰὶ
2730 640 2836 717 τοῦ
2868 650 3059 717 ταύτης
3089 640 3390 717 ἐξάρχοντος,
3413 640 3494 691 καὶ
3516 640 3552 717 5:,

2406 705 2620 783 Ζειιύέής
2640 716 2705 768 τὸ
2735 716 2969 768 πάντων
2993 705 3231 781 ἀλίθρῶπωῦ
3249 707 3451 775 ὑπήγετο
3476 705 3553 773 γέν

2406 829 2512 880 Καὶ
2534 827 2598 879 τὰ
2630 828 2723 897 μὲν
2747 821 2846 879 ὧδε
2875 827 3095 880 διέκειτο·
3113 824 3234 877 τὰίδὲ
3257 822 3335 891 τῆς
3361 817 3556 873 ἀντιπάλι

2338 919 2696 986 ἀποπατικῆς
2728 918 3018 987 δυνάμεως,
3044 914 3127 969 εἴτε
3153 912 3367 982 δαιμόνων
3390 909 3479 961 εἴτε
3512 925 3556 959 κι

2342 1009 2503 1078 ρόνων
2531 1008 2698 1061 ἄλλων
2730 1008 3030 1077 πνευμάτων
3044 1009 3087 1058 ἐν
3109 1004 3242 1074 κακία⁸
3265 1002 3315 1053 τδ
3335 1000 3461 1052 πλέον
3482 999 3556 1050 καίί

2338 1096 2763 1167 ἀποφερομένων,
2794 1096 2870 1148 ἔτι
2903 1112 2962 1147 τε
2992 1092 3152 1147 καὶτοῦ
3180 1092 3359 1144 πάντων
3383 1090 3423 1139 ἐν
3439 1087 3555 1139 τοὺτ

2338 1202 2515 1254 χοντος
2545 1185 2713 1238 δεινοῦ
2751 1202 2891 1247 τινος
2925 1182 3298 1253 μεγαλοδαίμονος
3316 1218 3328 1242 ,
3357 1178 3424 1244 οἳ,
3448 1177 3556 1247 πρῶ

2338 1282 2414 1341 εἰς
2465 1279 2522 1331 τὸ
2561 1278 2709 1330 Θεῖον
2762 1275 3026 1337 εὐσεϐείας
3068 1273 3396 1331 σαλεύσαντες,
3438 1268 3530 1338 τῆς

2337 1368 2533 1437 λήξεως
2568 1366 3015 1429 ἀποπεπτώκασι,
3041 1364 3184 1433 φθόνῳ
3210 1364 3294 1432 τῆς
3323 1360 3556 1429 ἀνθρώπω

2339 1458 2455 1529 ρίας
2491 1459 2585 1528 τὴν
2628 1457 2868 1510 ἐναντίαν
2908 1452 3041 1507 εἷλκε
3068 1453 3301 1516 παντοίαις
3329 1450 3502 1512 κακίας
3537 1466 3556 1518 ιλ

2336 1549 2466 1599 πᾶσι
2505 1550 2615 1608 τοῖς
2650 1545 2852 1607 ἔθνεσι,
2887 1545 2978 1597 καὶ
3013 1544 3135 1613 αὑτῴ
3168 1542 3235 1611 τῷ
3270 1540 3353 1593 τοῦ
3388 1539 3556 1609 Κυρίοι

2341 1634 2597 1704 βασκανίᾳ
2622 1634 2724 1689 τῶν
2756 1635 2970 1702 ἀγαθῶν
2993 1633 3364 1688 ἐπιϐουλεύοντα.
3392 1631 3488 1682 Τὸν
3517 1629 3556 1681 δί

2341 1725 2777 1794 μεγαλοδαίμονος
2802 1725 2956 1779 ἄθεον
2984 1725 3060 1778 καὶ
3081 1723 3224 1791 ἀσεϐῆ
3250 1722 3487 1789 λογισμὸν
3524 1738 3552 1771 τ

2271 1790 2308 1843 Β
2332 1790 2391 1865 τὸ
2421 1790 2744 1884 προφητικὸν
2771 1816 2829 1865 ἐν
2861 1814 3044 1884 Ἡσαΐᾳ
3071 1808 3156 1866 ὧδέ
3315 1809 3556 1880 ἀπελέγχι

2338 1922 2355 1953 ‹
2378 1899 2506 1955 Εἷπε
2525 1902 2647 1972 γάρ’
2674 1904 2759 1955 Ἐν
2777 1906 2840 1973 τῇ
2857 1902 2994 1971 ἰσχύϊ
3010 1904 3207 1971 ποιήσω,
3224 1902 3310 1952 καὶ
3321 1904 3382 1970 τῇ
3400 1902 3556 1970 σοφίᾳ

2333 2011 2465 2056 σεως
2492 1993 2669 2061 ἀφελῶ
2691 1995 2809 2064 ὅρια
2839 1992 3026 2056 ἐθνῶν,
3047 1993 3126 2045 καὶ
3156 1991 3244 2062 τὴν
3274 1993 3420 2061 ἰσχὺν
3449 1993 3555 2044 αὓτη

2334 2081 2528 2153 μεύσω,
2554 2083 2646 2136 καὶ
2669 2084 2827 2135 σείσω
2859 2082 3029 2144 πόλεις
3062 2081 3457 2151 κατοικουμένας
3480 2097 3496 2111 ’
3534 2099 3556 2133 δ

2330 2190 2422 2225 κου
2431 2172 2589 2242 μένην
2606 2172 2728 2240 ὅλην
2746 2171 3104 2241 καταλήψομαι
3120 2174 3179 2240 τῇ
3202 2188 3280 2240 χει
3288 2172 3341 2240 ρ).
3376 2171 3453 2233 ὡς
3496 2189 3556 2224 νο

2327 2262 2401 2324 ὡς
2422 2261 2875 2331 καταλελειμμένα
2896 2260 2976 2313 ὠά
3002 2261 3124 2331 ἀρῶ,
3147 2262 3234 2312 καὶ
3263 2262 3362 2312 οὐκ
3389 2260 3556 2314 ἔσται

2330 2350 2473 2413 ξεταί
2495 2367 2580 2420 με,
2608 2351 2639 2420 ἦ
2672 2352 2892 2420 ἀντείπῃ
2918 2367 3022 2420 μοι.
3044 2369 3061 2399 ι
3093 2343 3246 2402 Abeat
3271 2352 3326 2403 αἱ
3351 2350 3449 2403 τοῦ
3467 2352 3556 2405 θες

2326 2440 2432 2502 ναὶ,
2463 2440 2551 2491 ἐπὶ
2570 2439 2763 2501 κακίας
2784 2438 2923 2506 ἰσχύϊ
2946 2438 3462 2509 μεγαλαυχουμένου,
3497 2460 3556 2495 κς

2324 2526 2415 2578 τοῦ
2446 2526 2693 2593 Ὑψίστου
2733 2529 2843 2586 τοῖς
2885 2525 3123 2593 ἀγγέλοις
3154 2529 3556 2597 παραδοθείσας

2324 2616 2595 2683 ὁροθεσίας
2609 2615 2917 2684 διαρπάσαι,
2940 2616 3030 2667 καὶ
3056 2621 3263 2686 συγχεῖν
3286 2620 3553 2673 ἀπειλοῦε

2328 2706 2542 2775 μεύσειν
2565 2722 2624 2757 τε
2649 2705 2743 2774 τὴν
2763 2705 3097 2775 οἰκουμένην,
3121 2709 3209 2759 καὶ
3234 2712 3344 2761 πᾶν
3367 2711 3433 2763 τὸ
3459 2713 3551 2764 τῶ

2325 2794 2475 2861 γένος
2492 2793 2747 2845 διεκσείσε
2757 2810 2822 2855 ιν,
2840 2794 2932 2845 καὶ
2958 2798 3301 2866 μεταστήσειν
3323 2801 3429 2870 τῆς
3455 2820 3552 2874 πρ

2326 2883 2441 2949 ξίας
2459 2883 2999 2953 ἀπαυθαδιαζομένου.
3027 2886 3209 2939 Ὀποῖα
3222 2888 3280 2940 δὲ
3300 2892 3546 2960 φρονῶν

2324 2972 2391 3025 τά
2416 2972 2630 3026 τοιαῦτα
2645 2973 3011 3041 ἠλαζονεύετο,
3041 2975 3203 3029 ἄκουε
3234 2979 3341 3048 τῆς
3372 2981 3549 3053 αὐτῆς

2325 3056 2424 3115 ὧδε
2452 3062 2608 3115 πάλιν
2646 3063 2771 3132 περὶ
2820 3064 2984 3116 αὑτοῦ
3033 3067 3387 3140 φραζούσης·
3438 3092 3461 3124 ι
3517 3076 3552 3127 ῐ

2327 3153 2388 3204 ἐκ
2435 3151 2526 3203 τοῦ
2557 3151 2782 3222 οὐρανοῦ
2815 3154 2844 3204 ὁ
2889 3155 3235 3228 Ἐωσφόρος,
3285 3163 3318 3214 ὁ
3370 3166 3550 3235 πρωῒ

2328 3241 2605 3311 συνετρίϐη
2639 3243 2718 3304 εἰς
2746 3242 2843 3311 τὴν
2871 3245 2977 3315 γῆν
3006 3249 3035 3299 ὁ
3066 3249 3444 3305 ἀποστέλλων
3491 3274 3542 3308 π

2327 3331 2468 3402 ἔθνη.
2504 3333 2573 3386 Σὺ
2600 3333 2654 3384 δὲ
2676 3330 2830 3395 εἶπας
2854 3336 2911 3385 ἐν
2930 3339 2997 3406 τῇ
3030 3338 3242 3409 διανοίᾳ
3267 3357 3377 3393 σου
3408 3360 3424 3373 ·
3484 3348 3539 3399 Ε

2326 3425 2676 3496 ἀναϐήσομαι,
2710 3425 2894 3478 ἐπάνω
2913 3428 3020 3478 τῶν
3043 3428 3268 3499 ἄστρων
3294 3434 3409 3486 τοῦ
3439 3440 3552 3509 of);

2326 3514 2414 3567 τὸν
2458 3514 2640 3585 θρόνον
2687 3531 2806 3584 μου.
2851 3515 3522 3586 Ἀναϐήσομαιέπάνω

2327 3604 2515 3675 ἔσομαι
2559 3605 2735 3674 ὅμοιος
2766 3604 2842 3674 τῷ
2879 3605 3145 3676 Ὑψίστῳ.
3184 3610 3314 3664 Νὖν
3375 3615 3455 3667 δὲ
3502 3624 3554 3672 ει

2328 3693 2486 3765 ϐήσῃ,
2509 3695 2600 3747 καὶ
2631 3695 2710 3755 εἰς
2729 3692 2796 3745 τά
2824 3693 3049 3763 θεμέλια
3071 3696 3181 3766 τῆς
3202 3701 3345 3770 γῆς.
3375 3723 3401 3755 ι
3446 3708 3556 3780 ’οι

2327 3782 2410 3835 διὰ
2443 3784 2641 3836 τούτων
2681 3786 2709 3836 ὁ
2755 3784 2909 3852 λόγος
2939 3786 3255 3854 ἐμφαίνει,
3312 3795 3449 3866 τὴν
3520 3820 3556 3855 ιτ

2329 3871 2761 3941 φρενοϐλάϐειαν,
2782 3875 2880 3948 τῂν
2908 3875 3017 3927 ἀπὸ
3046 3877 3169 3931 τῶν
3202 3890 3554 3952 κρειτπόνι

2330 3963 2684 4026 κατάπτωσιν,
2713 3963 2773 4016 τὸ
2801 3965 2897 4034 τῆς
2922 3967 3288 4035 ἐκπτώσεως
3320 3976 3539 4046 τέλος

2327 4053 2431 4105 τῶν
2462 4052 2627 4106 ἐθνῶν
2658 4054 2907 4106 ἁπάντων
2935 4055 3309 4130 ἀπειλήσας,
3343 4064 3555 4123 mite.

2329 4142 2659 4214 προϐουλίοις
2710 4143 3034 4214 ἀνθρώπους
3068 4148 3143 4201 εὖ
3155 4168 3338 4220 ρατο,
3404 4171 3554 4231 πρε

2329 4233 2531 4294 οἰκείας
2557 4232 2777 4317 γνώμης
2793 4234 2889 4301 τὴν
2918 4235 3016 4289 ἐπὶ
3035 4238 3111 4290 τὸ
3145 4244 3360 4297 κακὸν
3383 4246 3554 4318 ἐμτι

2329 4322 2505 4374 ούσιον
2555 4323 2865 4393 προαίρεσιν
2915 4332 3396 4400 κεκτημένους.
3476 4345 3556 4396 ’Ἰ

710 4409 809 4461 lem
835 4416 993 4475 atque
1020 4421 1083 4460 ex
1106 4422 1200 4461 sua
1228 4408 1464 4476 ipsorum
1494 4408 1758 4462 sententia
1788 4409 1993 4478 lapsum
2023 4410 2088 4464 ad
2112 4426 2227 4463 ma-

2023 4410 2088 4464 ad
2112 4426 2227 4463 ma-
2260 4435 2306 4492 D
2332 4411 2436 4464 ἀπὸ
2460 4410 2562 4463 τῶν
2594 4414 2909 4483 κρειττόνων
2943 4418 3243 4485 στάσεως
3269 4425 3401 4489 τὰς
3430 4435 3548 4486 πό

710 4496 841 4557 lum,
873 4503 1088 4565 propter
1117 4496 1414 4552 libertatem
1440 4499 1666 4560 arbitrii,
1698 4497 2049 4566 possiderent.
2086 4499 2227 4565 Qua-

710 4594 823 4640 tere
853 4586 1018 4655 igitur
1045 4601 1074 4639 a
1112 4588 1319 4641 meliori
1353 4595 1493 4641 statu
1526 4588 1791 4653 civitates,
1838 4590 2231 4661 voluptatisque

710 4677 986 4732 blanditiis
1010 4678 1298 4733 multorum
1329 4680 1535 4734 animas
1563 4679 1775 4735 trahere
1802 4681 1856 4735 in
1887 4697 2042 4738 omne
2061 4700 2230 4754 genus

710 4767 982 4834 nequitite,
1007 4781 1299 4836 omnesque
1327 4768 1577 4823 adhibere
1608 4769 1903 4833 machinas,
1945 4780 2234 4842 turpesque

713 4856 776 4908 de
803 4856 905 4910 diis
938 4856 1146 4913 fabulas
1180 4869 1337 4926 atque
1357 4859 1619 4912 obscenas
1650 4860 1984 4916 narrationes
2014 4864 2233 4915 commi-

714 4945 870 5008 nisci,
901 4951 954 5000 et
972 4946 1208 5015 jucunda
1240 4952 1418 5001 omnia
1449 4962 1511 5002 ac
1538 4948 1857 5016 voluptatem
1882 4949 2150 5004 aﬂ‘erentia
2170 4951 2234 5004 iis

714 5048 847 5100 quos
868 5045 1101 5104 caperet,
1125 5037 1329 5092 artibus
1368 5053 1430 5092 ac
1466 5037 1689 5091 fallaciis
1716 5040 2013 5094 daemonum
2047 5040 2232 5108 injice-

716 5138 773 5177 re
802 5141 814 5175 :
851 5132 1009 5191 atque
1034 5123 1118 5177 bis
1142 5128 1459 5193 rationibus,
1486 5128 1666 5183 orbem
1691 5132 1995 5185 universum
2022 5136 2233 5198 captum

716 5227 778 5265 ac
808 5212 1087 5266 subactum
1117 5216 1408 5283 continere,
1442 5228 1600 5288 atque
1628 5221 1702 5273 ita
1729 5222 1905 5275 delere
1933 5230 1988 5272 et
2010 5217 2235 5271 confun-

676 5293 842 5355 ‘dcre
872 5302 1130 5355 terminos
1159 5307 1411 5376 gentium,
1461 5312 1601 5379 quod
1652 5313 1811 5366 etiam
1863 5323 1921 5364 se
1971 5307 2236 5362 facturum

716 5392 950 5446 minatus
1008 5391 1179 5447 fuerat
1232 5400 1406 5454 verbis
1450 5401 1601 5456 illis:
1651 5423 1671 5454 «
1704 5401 1952 5457 Auferam
1980 5401 2237 5454 terminos

720 5484 973 5550 gentium,
1002 5490 1054 5536 et
1099 5486 1263 5544 robur
1294 5506 1475 5549 earum
1514 5493 1873 5563 depraedabor,
1907 5499 1959 5548 et
1999 5489 2237 5561 quatiam

788 5657 830 5691 ’⁷
862 5655 960 5715 ιω.
988 5675 1041 5725 x,
1076 5663 1161 5733 15,
1184 5668 1267 5727 ιι.
1338 5671 1838 5739 “isa.x1v,12.15

2334 4501 2524 4571 ἡδονῆς
2553 4501 2791 4557 δελέασιν
2818 4505 2910 4559 ἐπὶ
2961 4510 3089 4561 πᾶν
3138 4509 3325 4577 εἶδος
3372 4535 3545 4586 φας.)

2335 4591 2538 4643 πολλῶν
2565 4593 2807 4647 κατέσπα
2836 4595 3014 4664 ψυχὰς
3037 4636 3058 4661 ,
3111 4603 3370 4658 οὐδένα
3432 4627 3538 4665 τε

2335 4679 2501 4733 λιπὼν
2530 4681 2749 4749 τρόπον,
2787 4685 2974 4755 μύθοις
3000 4692 3174 4761 περὶ
3196 4692 3391 4749 θεῶν
3424 4704 3554 4754 αἱ(

2336 4786 2494 4840 μασιν
2521 4767 2836 4838 ἀκολάστοις
2860 4776 2926 4829 τὰ
2963 4779 3128 4847 φίλα
3173 4786 3309 4837 καὶ
3343 4792 3550 4859 πρὸς

2335 4860 2607 4928 σκομένων
2628 4862 2695 4917 δι’
2720 4867 2959 4937 ἐντέχνω
2983 4870 3357 4942 δαιμόνων
3392 4881 3548 4938 ἀπε

2336 4948 2511 5020 ταύτῃ
2543 4967 2604 5004 τε
2646 4957 2745 5030 τὴν
2782 4959 3149 5032 οἰκουμένην
3212 4965 3548 5029 ἅπασαν

2313 5042 2568 5127 συνεῖχε,
2606 5049 2702 5103 καὶ
2727 5050 2948 5121 ἠφάνιζε
2992 5053 3085 5108 τὰ
3132 5056 3296 5113 τῶν
3359 5064 3548 5121 eo»:

2339 5132 2582 5224 ποιήσειν
2615 5143 2827 5213 ἠπείλει
2865 5145 3048 5202 εἰπών
3084 5164 3106 5181 ’
3163 5169 3188 5202 ι
3241 5151 3542 5224 Ἀφελί

2337 5221 2434 5291 τὴν
2465 5225 2621 5296 ἰσχὺν
2650 5238 2824 5295 αὐτῶν
2857 5243 3348 5316 προνομεύει-ω,
3396 5256 3536 5307 καἸ

2340 5319 2705 5417 οικουμένας,
2753 5337 2845 5392 καὶ
2881 5338 2977 5411 τὴν
3013 5339 3507 5417 οἰκουμένην

2337 5408 2404 5516 ’ξῇ
2426 5413 2573 5516 μειρὶ
2607 5422 2691 5492 ὡς
2727 5408 2991 5491 νοσσιάνξι
3021 5408 3300 5489 Ἔνθεν
3344 5408 3511 5513 ἧέη

2339 5494 2570 5569 θρώπων
2595 5529 2926 5604 κατεκράτει
2952 5528 3220 5600 πλάνην
3245 5494 3509 5604 δαίμὲ
