3862 6326
250 404 351 461 9»ῗό

1181 425 1819 485 οΕιιοΝδτιιΑτιοΝιε
1848 426 2298 485 EVANGELICE
2338 431 2465 494 LIB.
2503 434 2588 490 ιν.

3335 445 3439 500 274

254 522 423 626 πάντα
451 520 618 579 τόπον.
644 517 736 626 ξολ-
767 517 964 590 πόλιν,
1011 535 1127 588 καὶ
1171 542 1350 613 χώραν
1394 543 1497 597 ὑπὸ
1534 545 1609 616 τῷ
1638 547 1780 599 οίκείι

1880 593 1888 609 _
1919 548 2157 601 civitates
2183 561 2302 615 qua:
2330 547 2659 613 habitantur,
2699 558 2751 606 ct
2778 551 2957 610 orbem
2994 563 3160 612 totum
3195 573 3437 626 compre—

251 610 461 705 ἄρχοντι
486 608 852 705 κατετάττοντο
878 628 895 643 ⁸
951 625 1069 677 καὶ
1125 608 1268 702 δῆτα.
1303 635 1553 704 δυνάμεσι
1581 608 1811 705 χθονίαις

252 702 339 796 καὶ
362 703 597 796 πονηροῖς
622 699 933 796 πνεύμασιν
964 714 1105 771 ἀντὶ
1141 699 1248 776 τῶν
1270 699 1541 796 προτέρων
1571 699 1661 781 τοῦ
1680 727 1811 781 Θεοῦ

250 791 556 885 λειτουργῶν
617 794 720 855 πᾶς
742 795 853 849 τῶν
879 801 991 856 ἀνθ
1001 809 1213 877 ρώπων
1234 791 1343 885 βίος
1374 791 1808 881 καταδεδούλωτο,

252 883 462 977 πάντων
486 884 691 977 ᾲθρόωςν
712 887 808 939 καὶ
842 889 1188 968 ὲπιρρεπῶς
1223 883 1331 968 τοῖς
1360 907 1457 975 τῆς
1485 909 1674 977 ἡδονῆς
1701 909 1808 960 ὀλί-

252 972 390 1036 σθοις
414 976 808 1030 ἐπιδεδωκότων
828 996 842 1010 ⁶
874 981 1027 1039 ὥστε
1060 991 1161 1062 ἤδη
1189 997 1278 1047 καὶ
1298 997 1393 1065 τῆς
1414 997 1622 1065 φύσεως
1642 1000 1807 1071 ὑπερ-

251 1061 446 1157 θαίνειν
474 1067 626 1136 ὅρους
644 1106 659 1130 ,
680 1069 791 1121 *καὶ
818 1075 947 1127 τοτὲ
986 1080 1089 1146 μὲν
1135 1061 1540 1157 ἀλληλοφθορεῖν
1558 1128 1572 1153 ,
1605 1061 1722 1142 τοτὲ

247 1152 649 1245 ἀρρητοποιεῖν,
681 1161 781 1213 καὶ
816 1161 856 1215 ἆ
912 1168 1052 1237 μηδὲ
1094 1152 1349 1243 λογισμῷί
1377 1152 1530 1245 θέ-μις
1560 1152 1805 1244 ἐννοεῖν,

235 1598 355 1697 λλον1
388 1604 501 1697 οὐδ’
534 1608 636 1660 ἐπὶ
691 1616 812 1677 τοῖς
854 1618 975 1669 κατ’
1020 1620 1244 1690 οὐρανὸν
1291 1623 1368 1676 ἔτι
1401 1598 1662 1697 λαμπροῖς
1707 1630 1797 1683 τοῦ

232 1687 356 1789 Θερῦ
366 1693 588 1789 Δδημιου
598 1702 708 1770 ργή
720 1719 887 1771 μασιν
915 1687 1206 1778 ἱστάμενοι,
1229 1731 1247 1763 ι
1284 1714 1336 1765 Ἐ
1343 1687 1716 1789 ματέιὼθησαν
1744 1722 1799 1774 ἐν

229 1782 756 1875 τοϊςᾼδιαλογισμοῖς
794 1794 999 1861 αὐτῶν,
1035 1801 1126 1852 καὶ
1164 1782 1439 1874 ἐσκοτίσθη
1483 1808 1514 1875 ή
1548 1782 1799 1873 ἀσύνετος

228 1869 395 1966 αὐτῶν
412 1877 666 1966 ᾐκαρδία.
694 1883 1005 1946 Φάσκοντες
1034 1882 1168 1940 εἶναι
1198 1891 1365 1957 σοφοὶ,
1393 1869 1794 1966 ἐμωράνθησαν,

227 1962 313 2013 καὶ
371 1964 697 2032 ἠλλάξαντο
744 1973 847 2043 τὴν
898 1976 1053 2041 δόξαν
1097 1978 1188 2037 τοῦ
1242 1962 1523 2050 ἀφθάρτου*
1559 1962 1690 2038 Θεού
1738 1989 1796 2041 ἐν

223 2050 526 2123 ὁμοιώματι
561 2061 789 2124 είκόνος
826 2062 1065 2134 φθαρτοῦ
1093 2067 1393 2138 ἀνθρώπου,
1418 2073 1510 2124 καὶ
1540 2075 1795 2130 πετεινῶν

224 2142 308 2192 καὶ
335 2148 705 2214 τετραπόδων
737 2152 834 2204 καὶ
865 2154 1125 2223 ἑρπετῶν.
1157 2175 1176 2206 ι
1199 2158 1316 2210 Ὅτι
1347 2160 1403 2212 δὲ
1436 2162 1574 2215 κατὰ
1602 2163 1661 2216 τὸ
1690 2181 1794 2218 πα-

222 2229 490 2288 λαιότατον
518 2241 648 2301 τοῖς
675 2241 951 2310 οὐρανίοις
981 2247 1259 2319 φωστῆρσι
1292 2250 1468 2320 μόνοις
1497 2253 1545 2304 οί
1578 2254 1668 2305 ἐπὶ
1691 2255 1793 2324 γῆς

224 2328 579 2393 προσανεῑχον
633 2329 796 2381 οὐδὲν
846 2331 1058 2386 εἴδωλον
1104 2336 1480 2406 ἐπιστάμενοι,
1514 2339 1634 2393 οὔτε
1669 2344 1793 2413 περὶ

221 2409 309 2479 τὴν
330 2412 439 2465 τῶν
467 2414 765 2484 δαιμόνων
801 2420 1006 2490 πλάνην
1036 2426 1439 2496 καταγινόμενοι
1461 2468 1477 2493 ,
1507 2430 1661 2500 ίκανὴ
1701 2409 1792 2499 γε·

222 2517 349 2592 νοιτο
380 2504 450 2557 ἂν
491 2507 795 2574 ἀπόδειξις
834 2513 867 2581 ἡ
903 2511 1010 2564 τῶν
1054 2513 1342 2586 ἀλλοτρίων
1368 2518 1458 2571 τοῦ
1501 2520 1617 2574 καθ’
1648 2522 1790 2592 ἡμᾶς

221 2585 362 2653 λόγου
397 2595 734 2665 μαρτυρία,
764 2599 832 2668 ἢν
862 2600 1003 2653 κατὰ
1045 2602 1105 2654 τὸ
1159 2585 1364 2672 πρῶτον
1411 2608 1510 2677 τῆς
1555 2585 1788 2677 Προέταέ

213 2680 514 2748 ρασκευῆς
562 2684 682 2754 πρὸ
726 2686 826 2756 τῆς
870 2691 1145 2762 παρούσης
1198 2697 1570 2765 πραγματείας
1613 2698 1789 2765 ἐξεϐέ-

222 2783 345 2836 μην,
378 2772 577 2840 σαφῶς
606 2775 930 2843 ἀποδείξας,
965 2782 1045 2834 ὅτι
1082 2784 1154 2852 μὴ
1183 2787 1552 2857 χειροκμήτοις
1583 2788 1785 2856 ξοάνοις

218 2858 268 2921 ἐξ
297 2857 425 2954 ὕλης
459 2863 693 2933 ἀψύχου
723 2867 846 2939 δεδη
856 2888 1085 2944 μιουργη
1095 2875 1270 2944 μένοις
1290 2915 1304 2939 ,
1341 2877 1452 2930 ἀλλ’
1481 2879 1588 2931 οὐδ’
1619 2882 1781 2954 ἀοράε-

216 2961 317 3036 τοις
331 2949 594 3022 δαίμοσιν
616 2960 670 3010 οί
693 2959 1014 3014 παλαίτατοι
1041 2963 1146 3016 τῶν
1170 2965 1462 3036 ἀνθρώπων
1484 2949 1748 3025 ἐδούλευον
1763 2990 1779 3004 ³

219 3035 385 3130 μονοις
413 3041 473 3094 δὲ
499 3045 750 3110 τούτοις,
774 3048 825 3100 οἳ
852 3050 946 3102 καὶ
975 3051 1109 3122 πρὸς
1134 3054 1231 3124 τῆς
1256 3035 1400 3119 θείας
1431 3058 1645 3130 Γραφῆς
1669 3065 1781 3125 τοῖς

1911 636 2136 691 hendam
2186 651 2348 691 manu
2371 640 2522 707 quasi
2565 639 2771 694 nidum.
2812 662 2830 693 ι
2868 643 2992 701 Inde
3017 648 3126 717 jam
3159 648 3247 703 ille
3287 656 3434 717 post-

1908 727 2009 783 hac
2064 742 2159 797 per
2212 744 2488 794 errorem,
2543 730 2598 784 in
2650 746 2835 787 omnes
2869 733 3107 791 homines
3150 737 3432 806 imperium

1906 818 2171 883 obtinuit;
2203 833 2265 873 ac
2311 820 2438 873 mali
2484 820 2753 876 daemones
2784 823 2839 876 in
2874 826 3018 878 omni
3051 827 3189 891 loco,
3221 828 3431 881 et-civi-

1909 916 2034 971 tate,
2088 915 2140 962 et
2190 909 2426 979 regione,
2470 910 2572 965 sub
2598 920 2744 966 certo
2794 912 3035 982 principe
3071 917 3310 986 dispositi
3346 918 3429 973 in-

1907 999 2206 1067 structique
2237 1006 2363 1053 sunt
2406 1017 2420 1054 :
2468 1000 2648 1070 itaque
2682 1003 3029 1059 terrestribus
3081 1008 3428 1074 potestatibus

1905 1103 1970 1143 ac
2024 1087 2303 1157 spiritibus
2349 1089 2524 1154 malis,
2566 1106 2661 1160 pro
2712 1092 2981 1160 prioribus
3030 1092 3121 1149 Dei
3170 1084 3427 1154 ministris

1903 1176 2077 1231 omnis
2111 1178 2217 1231 vita
2240 1178 2513 1233 hominum
2545 1182 2752 1235 addicta
2777 1189 2878 1245 est,
2907 1183 3157 1238 omnibus
3182 1188 3425 1242 certatim

1904 1279 1967 1319 ac
2016 1268 2237 1333 proclivi
2284 1269 2559 1324 alacritate
2594 1271 2649 1326 in
2684 1272 2890 1327 lubrico
2937 1274 3225 1343 voluptatis
3266 1276 3428 1345 proli-

1901 1353 2183 1418 cientibus,
2211 1357 2344 1411 adeo
2391 1357 2625 1426 quidem,
2677 1370 2733 1413 ut
2756 1360 2863 1428 jam
2901 1369 3108 1415 natura:
3138 1362 3292 1432 160
3318 1370 3426 1418 ter-

1900 1442 2072 1498 minos
2103 1446 2451 1510 transilirent,
2485 1455 2538 1502 et
2578 1449 2736 1504 modo
2765 1465 2822 1505 se
2850 1458 3036 1504 mutuo
3083 1451 3276 1506 ardore
3316 1467 3427 1507 cor-

1899 1543 2226 1601 rumperent,
2254 1535 2410 1589 modo
2435 1553 2549 1606 quae
2570 1537 2793 1593 dicenda
2819 1554 2926 1593 non
2955 1547 3100 1604 sunt,
3129 1549 3427 1610 patrarent,

1896 1628 1950 1674 et
1999 1637 2117 1691 qua;
2164 1639 2231 1678 ne
2270 1626 2590 1694 cogitatione
2627 1627 2842 1697 quidem
2883 1630 3164 1700 concipere
3208 1630 3288 1685 fas
3320 1639 3423 1696 est,

1897 1723 1959 1764 ea
2003 1726 2109 1765 non
2140 1714 2311 1767 solum
2342 1714 2598 1782 facerent,
2650 1734 2831 1771 verum
2864 1720 3026 1774 etiam
3080 1720 3422 1790 opinionibus

1897 1815 2030 1869 quas
2076 1803 2142 1858 de
2181 1805 2284 1859 diis
2325 1806 2440 1861 suis
2469 1807 2755 1875 habebant,
2781 1818 3182 1875 consecrarent,
3216 1812 3423 1882 hocque

1892 1891 2055 1945 etiam
2089 1895 2319 1963 amplius
2355 1905 2605 1967 tauquam
2639 1899 2742 1953 diis
2789 1909 2938 1970 grata
2969 1911 3021 1956 et
3061 1902 3318 1971 jucunda,
3347 1905 3424 1957 la-

1895 1979 2041 2033 sciva
2069 1982 2248 2034 omnia
2269 1998 2389 2036 cum
2422 1985 2629 2041 deliciis
2653 1988 2899 2056 plurimis
2926 1990 3261 2059 perlicerent.
3292 1990 3421 2046 lude

1888 2067 2018 2137 jam,
2057 2072 2498 2137 quemadmodum
2547 2076 2734 2130 scribit
2779 2093 2931 2132 sacer
2974 2079 3277 2147 Apostolus,
3311 2096 3421 2134 non

1890 2158 2124 2210 contenti
2178 2158 2245 2212 iis
2285 2158 2380 2214 Dei
2429 2163 2683 2230 operibus
2731 2180 2850 2234 quae
2895 2166 2950 2220 in
3000 2167 3139 2221 celo
3188 2167 3420 2222 illustria

1890 2254 2034 2308 sunt,
2071 2265 2088 2297 ι
2122 2247 2468 2305 Evanuerunt
2515 2253 2571 2307 in
2601 2255 3017 2324 cogitationibus
3055 2258 3188 2322 suis,
3231 2265 3284 2312 et
3319 2258 3417 2312 ob-

1888 2342 2158 2390 scuratum
2188 2346 2269 2392 est
2296 2339 2556 2409 insipiens
2579 2356 2674 2396 cor
2701 2358 2909 2409 eorum,
2952 2344 3187 2399 dicentes
3213 2360 3271 2399 se
3293 2360 3414 2400 esse

1888 2427 2176 2494 sapientes,
2210 2432 2357 2485 stulti
2396 2431 2524 2487 facti
2552 2442 2698 2499 sunt,
2738 2446 2791 2491 et
2818 2444 3157 2492 mutaverunt
3188 2438 3413 2507 gloriam

1885 2515 2305 2587 incorruptibilis
2334 2520 2451 2587 Dei,
2497 2523 2553 2577 in
2602 2525 2949 2580 similitudine
2992 2527 3240 2595 imaginis
3289 2542 3411 2582 cor-

1884 2607 2151 2675 ruptibilis
2181 2609 2431 2675 hominis,
2470 2619 2523 2667 et
2570 2614 2870 2679 volucrum,
2901 2622 2953 2669 et
2983 2615 3413 2685 quadrupedum,

1881 2701 1936 2750 et
1964 2698 2287 2766 serpentium
2317 2702 2382 2756 ⁸⁸.
2427 2720 2448 2753 ι
2486 2702 2638 2768 Quod
2660 2712 2837 2759 autem
2862 2705 3251 2774 antiquissimis
3275 2713 3410 2760 temo

1880 2787 2119 2854 poribus,
2144 2790 2257 2844 sola
2280 2793 2517 2848 crelestia
2545 2796 2746 2849 lumina
2771 2797 3026 2851 mortales
3053 2795 3415 2860 attenderem,

1879 2889 2052 2945 neque
2079 2879 2187 2932 ulla
2215 2881 2523 2939 simulacra
2551 2888 2765 2955 cognita
2807 2888 3088 2953 haberent,
3134 2903 3308 2957 neque
3348 2886 3413 2942 in

1877 2978 2061 3022 errore
2102 2984 2165 3022 ac
2215 2969 2427 3026 fallacia
2470 2973 2770 3029 daemonum
2797 2984 3159 3041 versarentur,
3195 2976 3407 3031 abunde

1878 3058 2011 3111 satis
2039 3058 2483 3117 demonstraverit
2510 3066 2871 3120 testimonium
2901 3082 3085 3121 eorum
3109 3067 3198 3136 qui
3222 3067 3288 3121 ab
3307 3066 3406 3121 hac

216 3123 409 3224 ἔθνεσιν
454 3133 918 3224 άπονενεμῆσθαι
953 3123 1408 3216 μεμαρτύρηνται.
1443 3123 1578 3222 ἰιρά
1688 3123 1778 3207 οὖν

1880 3146 2082 3201 ratione
2110 3156 2295 3204 nostra
2326 3152 2483 3207 alieni
2513 3162 2639 3206 sunt
2669 3172 2682 3207 :
2718 3155 2858 3223 quod
2892 3156 2945 3208 in
2985 3123 3159 3224 primb
3189 3153 3406 3221 Praepa-

215 3215 298 3313 καί
322 3220 505 3286 αὐτοῖς
533 3224 827 3295 Ἕλλησιν,
854 3223 928 3281 ὧν
948 3231 1045 3294 τὰς
1070 3215 1329 3301 φωνάςέν
1361 3215 1580 3304 ἐκείνοις
1608 3215 1776 3313 παρα-

213 3303 468 3401 Ιτεθειμαι,
493 3314 913 3382 συνομολογεῖν,
938 3322 1202 3392 νεωτέραν
1223 3326 1314 3377 καὶ
1347 3325 1498 3396 ξένην
1524 3331 1648 3400 περὶ
1674 3303 1773 3401 τὴν

212 3393 310 3486 τῶν
332 3399 582 3454 παλαιῶν
612 3402 873 3473 λατρείαν
897 3409 1142 3480 είσῆχθαι
1172 3414 1350 3478 αὐτοῖς
1373 3393 1468 3486 τὴν
1494 3393 1608 3471 τῶν·
1623 3393 1775 3472 εἰδῶ-

210 3480 309 3535 λων
338 3487 779 3562 δεισιδαιμονίαν
821 3497 914 3550 καὶ
943 3500 1040 3569 τὴν
1069 3503 1177 3555 τῶν
1205 3506 1421 3572 ἀφανῶν
1458 3511 1773 3578 πνευμάτων

212 3580 544 3672 περιεργίαν.
585 3584 767 3639 Τοῦτο
800 3587 857 3640 δὲ
887 3590 993 3641 πᾶν
1024 3592 1381 3648 ἐπιϐουλεύων
1412 3600 1521 3660 τοῖς
1550 3599 1639 3652 ἐπὶ
1673 3603 1773 3672 γῆς

209 3666 360 3757 ’κάσιν
399 3669 727 3741 ὁδηλωθεὶς
766 3673 1027 3745 θεομάχος
1067 3681 1366 3750 είργάζετο.
1409 3666 1693 3757 Συνήργει
1716 3666 1771 3743 δὲ

372 3758 466 3810 καὶ
505 3763 626 3813 πᾶν
660 3762 726 3814 τὸ
771 3763 881 3816 τῶν
925 3767 1244 3839 ἀκαθάρτων
1283 3753 1562 3840 δαιμόνων-
1590 3753 1766 3844 ιρῦλον.

206 3842 363 3907 Αὐτός
392 3863 459 3914 γε
508 3848 624 3917 μὴν
655 3851 686 3901 6
712 3852 817 3921 τῆς
846 3856 1039 3919 κακίας
1077 3861 1317 3931 ἐξάρχων
1364 3864 1512 3915 ταῦτ’
1542 3842 1767 3936 ἔπραττε

207 3933 362 4003 μανίᾳ
390 3941 756 4009 φρονήματος
804 3944 1065 4011 ὲκτὸπου,
1100 3950 1201 4012 τὰς
1246 3953 1385 4006 κατὰ
1423 3933 1635 4009 πάντων
1673 3958 1767 4010 άν-

202 4020 423 4117 θρώπων
456 4028 615 4099 ἔργῳ
656 4032 882 4102 πληρῶν
922 4036 1175 4102 ἀπειλὰς,
1218 4042 1312 4094 καὶ
1343 4045 1467 4113 τήνο
1496 4064 1514 4096 ι
1541 4047 1766 4117 Ἔσομαι

200 4108 372 4204 ὅμοιος
531 4119 799 4190 ’Υψίστῳ,
832 4142 851 4173 ι
896 4123 1051 4178 ἄθεον
1098 4129 1378 4183 ἐπιτείνων
1396 4108 1617 4204 ’φωνὴν,
1650 4108 1765 4199 ταῖς

197 4209 251 4244 τε
277 4196 384 4251 τῶν
426 4203 767 4274 ἀκαθάρτων
813 4208 907 4259 καὶ
956 4213 1204 4282 πονηρῶν
1248 4196 1513 4285 δαιμόνων
1542 4196 1764 4292 ’ὑπηρε-

200 4281 350 4374 σίαις,
383 4295 679 4360 χρησμοὺς
716 4294 814 4346 καὶ
844 4281 1158 4364 θεραπείας,
1186 4303 1280 4353 καὶ
1315 4281 1382 4355 τὰ
1403 4306 1618 4361 τοιαῦτα
1648 4281 1764 4374 ταῖς

313 4375 626 4446 ἀνθρώπων
655 4383 938 4452 γοητείαις
975 4390 1382 4459 προϊσχόμενος.

1874 3235 2113 3302 rationis,
2150 3248 2273 3293 ante
2302 3240 2404 3295 hoc
2449 3242 2624 3312 ipsum
2670 3258 2806 3313 Opus
2852 3245 3095 3313 exposui,
3129 3244 3216 3297 ubi
3246 3245 3403 3312 plane

1870 3325 2228 3382 demonstravi
2263 3345 2370 3383 non
2416 3326 2577 3385 manu
2625 3333 2913 3386 elaboratis
2941 3334 3130 3402 signis,
3167 3348 3286 3403 qua:
3335 3348 3400 3386 ex

1873 3414 2112 3469 inanima
2155 3418 2333 3488 aliqua
2366 3422 2589 3474 materia
2638 3422 2741 3489 ipsi
2788 3421 3166 3489 fabricassent,
3222 3436 3284 3474 ac
3332 3436 3401 3476 ne

1869 3499 2198 3558 daemonibus
2234 3504 2446 3573 quidem
2505 3506 2679 3560 visum
2729 3517 2974 3563 nostrum
3025 3508 3400 3577 cﬂ‘ugientihus

1869 3593 2275 3662 antiquissimos
2303 3594 2544 3652 homines
2574 3597 2775 3651 servire
2808 3598 3017 3661 solitos,
3050 3599 3145 3653 sed
3180 3601 3286 3656 illis
3310 3616 3400 3655 so-

1868 3681 1934 3736 lis
1967 3696 2103 3750 quos
2136 3682 2381 3751 gentibus
2412 3683 2728 3740 distributos
2756 3684 2922 3740 fuisse
2968 3686 3161 3742 divinae
3208 3689 3401 3743 littera:

1865 3768 2147 3825 alIirmant.
2177 3770 2352 3836 Quare
2373 3772 2485 3841 jam
2515 3779 2727 3842 tempus
2767 3783 2870 3838 est,
2897 3784 2953 3828 ut
2982 3774 3148 3831 Graeci
3183 3792 3394 3848 quoque

1866 3859 1989 3929 ipsi,
2025 3876 2254 3929 quorum
2284 3878 2443 3916 voces
2472 3863 2581 3915 illic
2614 3866 2859 3933 exposui,
2909 3863 3178 3920 fateantur
3208 3882 3392 3922 recen-

1864 3949 2053 4002 tiorem
2087 3964 2151 4003 ac
2186 3952 2547 4020 peregrinam,
2577 3955 2912 4023 alienamque
2940 3970 2969 4008 a
2997 3958 3254 4026 religione
3294 3971 3392 4010 an-

1861 4040 2155 4109 tiquorum,
2187 4041 2544 4097 introductam
2582 4060 2701 4099 csse
2727 4045 2793 4098 ab
2820 4045 2952 4114 ipsis
2980 4046 3388 4101 simulacrorum

1862 4131 2314 4200 superstitionem,
2347 4113 2401 4187 et
2420 4133 2594 4188 visum
2628 4142 2870 4189 nostrum
2893 4135 3256 4206 effugientium
3281 4140 3391 4208 spi-

1861 4221 2058 4274 rituum
2088 4220 2407 4291 superfluam
2447 4224 2859 4278 observantiam.
2917 4224 2974 4280 ld
3026 4235 3201 4281 autem
3230 4243 3389 4284 omne

1859 4310 1969 4374 ille,
2000 4310 2066 4365 de
2087 4326 2196 4379 quo
2242 4312 2442 4366 dictum
2486 4324 2588 4376 est,
2636 4312 2727 4367 Dei
2762 4315 3030 4381 inimicus,
3058 4317 3183 4370 dum
3216 4320 3390 4372 omni-

1786 4396 1833 4452 D
1860 4403 1982 4467 bus,
2014 4402 2103 4471 qui
2136 4402 2190 4456 in
2221 4412 2363 4456 terra
2399 4410 2544 4465 sunt,
2578 4404 2803 4461 insidias
2847 4404 2991 4470 facit,
3040 4408 3257 4463 molitus
3282 4417 3384 4465 est.

194 4456 493 4565 Adiuvabat
526 4476 712 4522 autem
749 4471 904 4524 illum
956 4456 1497 4545 omnerimpurorum
1549 4483 1845 4542 daemonum
1872 4456 2058 4559 genus:
2100 4491 2168 4542 At
2217 4505 2344 4544 vero
2386 4492 2500 4559 ipse
2538 4492 2753 4546 malitiae
2815 4496 3065 4565 princeps
3130 4496 3243 4550 haec
3297 4496 3380 4549 fa-

192 4548 378 4614 ciebat,
430 4560 678 4613 amentia
715 4560 977 4617 immensi
1013 4563 1188 4621 fastus
1216 4570 1499 4639 adductus,
1540 4584 1596 4629 ut
1623 4596 1739 4647 quae
1775 4582 1986 4637 cunctis
2016 4582 2322 4639 hominibus
2390 4585 2624 4639 minatus
2682 4585 2855 4641 fuerat
2885 4602 2945 4641 re
2988 4589 3103 4657 ipsa
3154 4589 3385 4656 comple-

190 4648 284 4745 ret,
346 4658 413 4697 ac
481 4646 755 4701 nefariam
812 4650 963 4703 illam
994 4668 1205 4717 vocem,
1251 4675 1270 4708 ι
1310 4657 1416 4713 Ero
1440 4646 1962 4732 similisiAltissimo,
1999 4689 2018 4721 ι
2056 4671 2422 4726 vehementius
2470 4675 2786 4739 intenderet,
2830 4686 2986 4745 atque
3026 4677 3378 4745 impurorum,

189 4729 564 4801 malorumque
581 4738 897 4791 daemonum
925 4741 1270 4809 ministeriis,
1300 4750 1513 4803 oracula
1569 4759 1623 4808 et
1663 4758 1838 4815 cultus
1889 4767 1943 4814 et
2008 4758 2111 4813 alia
2172 4760 2459 4828 ejusmodi,
2499 4765 2782 4834 praestigiis
2828 4779 2890 4817 ac
2936 4764 3162 4820 fallaciis
3210 4766 3383 4819 homi-

186 4830 303 4872 num
329 4821 620 4890 objiceret.

952 4946 1009 4995 ι’.

195 5015 276 5083 Ὧς
303 5023 744 5121 “arma:
753 5033 1276 5121 materiatae
1298 5042 1435 5121 τοῦ-
1458 5048 1601 5101 θεοῦ
1641 5052 1753 5121 τὴν

375 5095 464 5157 εις
496 5095 863 5163 ἀνθρώπους
900 5095 1226 5165 {uomicam
1251 5095 1524 5174 Ξτάροδοὲῖ

259 5176 338 5228 Ἐν
364 5183 609 5274 τοσαύτῃ
640 5186 788 5274 δῆτα
833 5188 1039 5249 κακίας
1075 5192 1216 5258 φορᾷ
1259 5196 1413 5263 μηδὲν
1449 5204 1747 5274 ἐπαμύνειν

186 5261 278 5314 tum
294 5268 420 5337 πρὶν
443 5272 776 5340 ἐφεστώτων
802 5275 1057 5339 ἀγγέλων
1087 5280 1200 5338 τθῖς
1231 5261 1542 5356 ὑποχειρίοις
1558 5261 1742 5351 ἐθνεσι

186 5348 550 5450 δεξδνημένων,
590 5361 735 5413 ἀλλὰ
771 5362 876 5428 τῆς
910 5362 1010 5428 μὲν
1037 5361 1224 5431 λοιπῆς
1254 5348 1463 5437 κτίσεως
1486 5348 1742 5450 ἐπιμελοζ

190 5437 362 5505 μένων,
400 5451 513 5510 τοῖς
552 5466 611 5501 τε
648 5448 755 5501 τοῦ
807 5448 1016 5517 κόσμου
1048 5450 1269 5518 μέρεσιν
1297 5437 1737 5538 ἐπιστατούντων,

193 5525 264 5575 ,αἱ
284 5528 350 5596 τῷ
368 5532 459 5587 τοῦ
481 5536 707 5587 πάντων
732 5534 1074 5603 δημιουργοῦ
1099 5536 1234 5590 Θεοῦ
1257 5545 1465 5615 νεύματι
1489 5525 1739 5630 συνήθως

252 5674 448 5735 “Rom.
486 5700 521 5746 ι,
556 5682 763 5736 21-25.

2486 4965 2633 5034 161
2678 4965 2745 5019 Χ·

1895 5052 2332 5120 ριιεηιαιίηιοιίιιηι
2384 5057 2667 5106 necessario
2712 5055 2892 5107 unicus
2932 5053 3031 5107 Dei
3071 5054 3242 5110 Filius
3272 5058 3340 5111 ad

2272 5148 2277 5153 -
2362 5123 2586 5174 homines
2631 5123 2857 5175 lraruiit.

1918 5212 2049 5265 Cum
2081 5212 2242 5280 igitur
2271 5210 2323 5264 in
2353 5220 2501 5264 tanto
2531 5214 2744 5265 malitia:
2777 5222 3069 5281 proventu,
3104 5218 3195 5286 qui
3226 5221 3374 5288 prius

1849 5301 2021 5371 angeli
2050 5299 2280 5369 praefecti
2307 5302 2555 5371 gentibus
2584 5301 2813 5363 fuerant,
2842 5302 2971 5357 nihil
3004 5309 3116 5360 suis
3148 5309 3373 5378 quisque

1849 5392 2032 5445 auxilii
2058 5392 2195 5446 ferre
2217 5402 2453 5461 possent,
2477 5406 2538 5444 ac
2556 5392 2818 5460 reliquum
2843 5395 3056 5462 quidem
3082 5413 3216 5466 opus
3243 5414 3372 5452 con-

1847 5481 2036 5534 ditoris
2085 5480 2177 5534 Dei
2237 5490 2515 5544 curarent,
2570 5484 2836 5552 certisque
2893 5489 3077 5542 mundi
3135 5491 3372 5557 partibus

1848 5578 2155 5637 praessent,
2200 5579 2359 5640 atque
2389 5572 2622 5626 omnium
2657 5573 2831 5645 opilici
2862 5574 2995 5643 Deo,
3028 5578 3093 5632 de
3126 5593 3271 5632 more
3303 5579 3368 5629 ad
