3862 6330
721 392 824 449 273

1372 391 1635 448 EUSEBII
1674 392 2139 450 ΟιΕΒΑΒΙΕΝΞΙΒ
2176 392 2322 451 OPP.
2359 393 2554 450 PARS.
2586 395 2607 448 Ι
2647 424 2713 435 -—
2748 393 3181 452 APOLOGETICA.

724 516 913 563 nulum
939 511 1135 575 praesto
1163 513 1362 572 essent,
1391 509 1696 561 mortalium
1725 524 1851 563 vero
1877 509 2084 562 ruinam
2116 524 2249 562 neu-

2040 524 2084 561 m
2116 524 2249 562 neu-
2280 513 2322 568 Α
2349 507 2792 578 διακονουμένων,
2823 511 2924 580 τῆς
2951 510 3005 563 δὲ
3029 511 3115 563 τῶν
3130 508 3285 580 θνητῶν
3311 503 3510 567 πτώσεως
3539 520 3565 556 οι

726 601 925 668 tiquam
958 595 1433 667 apprehenderent,
1468 605 1685 668 propter
1715 599 1954 667 ipsorum
1977 598 2250 651 hominum

727 691 780 742 in
820 688 975 743 malis
1007 687 1262 757 eligendis
1305 689 1525 742 liberam
1575 696 1914 757 potestatem,
1967 689 2252 741 diuturnus

727 777 940 848 quidam
974 786 1134 845 atque
1168 779 1574 833 immedicabilis
1604 794 1814 842 omnes,
1837 780 1927 848 qui
1956 786 2151 833 terram
2178 779 2254 831 in-

722 870 959 924 colerent
1005 857 1313 938 possidebat
1368 871 1608 930 morbus,
1676 878 1965 940 gentesque
2021 870 2250 925 stimulis

722 959 852 1013 alias
882 960 1023 1023 aliis,
1068 960 1189 1012 mali
1235 960 1456 1028 spiritus
1496 960 1550 1015 in
1581 960 1747 1014 furias
1780 961 2025 1030 agebant,
2055 962 2250 1028 quibus

722 1049 825 1102 illae
857 1050 1064 1118 agitatae
1102 1049 1156 1102 in
1181 1050 1504 1118 profundum
1532 1050 1845 1105 insanabilis
1889 1051 2103 1104 malitia:
2134 1051 2251 1103 vol-

722 1140 997 1194 vebantur.
1021 1140 1135 1195 Jam
1156 1141 1297 1196 enim
1318 1141 1533 1210 quidam
1561 1157 1707 1195 more
1726 1143 2043 1204 belluarum,
2066 1157 2184 1210 quae
2198 1150 2250 1196 et

718 1230 915 1284 crudas
950 1239 1001 1285 et
1036 1231 1298 1287 humanas
1329 1247 1518 1287 carnes
1551 1233 1806 1288 devorare
1836 1242 2247 1295 consueverunt,

716 1321 861 1375 vesci
890 1322 1328 1377 charissimorum
1364 1325 1465 1378 sibi
1489 1325 1740 1378 carnibus
1764 1325 2043 1393 pulchrum
2067 1326 2252 1380 existi-

717 1412 954 1475 mabant,
996 1416 1248 1482 omnique
1286 1415 1489 1484 pudore
1531 1416 1756 1483 abiecto,
1795 1423 1849 1470 et
1882 1417 2163 1480 matribus,
2198 1425 2250 1470 et

716 1503 1008 1567 sororibus,
1051 1513 1103 1558 et
1144 1506 1351 1561 ﬁliabus
1396 1506 1762 1569 commisceri,
1808 1513 1967 1575 atque
2012 1522 2104 1562 eos
2158 1510 2247 1576 qui

715 1594 1122 1648 consenuissent
1182 1597 1546 1666 strangulare,
1610 1603 1663 1651 et
1730 1603 1971 1651 mortuos
2029 1598 2249 1652 canibus

713 1682 1124 1753 vulneribusque
1171 1684 1448 1754 projicere.
1500 1684 1616 1740 Jam
1653 1702 1777 1741 vero
1808 1687 1936 1756 quid
1980 1687 2075 1742 tibi
2104 1703 2251 1741 com-

670 1782 1028 1838 ‘memorem,
1088 1787 1142 1830 et
1196 1777 1425 1832 maxime
1484 1777 1738 1845 deorum,
1778 1777 2014 1846 ipsorum
2072 1781 2249 1847 utique

2353 599 2776 669 ριδρασσομένων
2803 600 2889 653 διὰ
2915 601 3010 671 τὴν
3041 601 3116 652 τῶν
3140 598 3276 653 κακῶν
3310 594 3566 649 αὐθεκούσιο·

2350 688 2444 739 ἀνθ
2452 687 2641 759 ρώπων
2667 689 2893 761 αἵρεσιν,
2926 691 3086 762 μακρά
3101 706 3164 752 τις
3177 689 3248 742 καὶ
3264 686 3566 755 δυσθεράτιευτι

2350 778 2439 829 ἐπὶ
2460 779 2560 848 γῆς
2580 780 2827 832 ἁπάντων
2852 781 3136 851 κατεκράτει
3155 781 3289 842 νόσος,
3311 777 3450 831 ἄλλων
3470 776 3566 829 ἄλλο

2351 867 2514 921 ἐθνῶν
2545 869 2646 921 ὑπὸ
2667 870 2772 923 τῶν
2796 871 3042 941 πονηρῶν
3062 870 3306 939 πνευμάτων
3329 865 3564 934 ὲξοιστρουι

2351 960 2440 1011 καί
2466 961 2542 1021 εἰς
2573 961 2858 1031 ἀνήκεστον
2889 960 3041 1030 βυθὸν
3058 961 3206 1022 κακίας
3233 955 3566 1011 ἁποπιπτόντων

2349 1048 2474 1115 γοῦν
2514 1049 2813 1118 ὠμοφάγων
2855 1051 2950 1103 καὶ
2988 1048 3333 1120 ἀνθρωποϐόρων
3367 1044 3533 1115 θηρίων

2351 1140 2551 1208 σάρκας
2575 1140 2716 1201 τινὲς
2737 1141 2841 1193 τῶν
2866 1140 3108 1209 φιλτάτων
3128 1138 3351 1192 θοινᾶσθαι
3368 1136 3503 1189 καλὸν
3526 1137 3566 1204 ἦε

2349 1228 2438 1279 καὶ
2474 1230 2730 1300 μητράσιν
2767 1231 3005 1301 ἀναίδην,
3043 1230 3115 1282 καὶ
3138 1228 3364 1295 ἀδελφαῖς,
3387 1226 3466 1278 καὶ
3493 1225 3566 1287 θυῆ

2351 1320 2653 1390 μίγνυσθαι,
2681 1321 2878 1390 ἀγχόνῃ
2911 1338 2969 1373 τε
2994 1319 3273 1392 περιϐάλλειν
3289 1317 3397 1378 τοὺς
3413 1333 3564 1387 γεγηρ

2348 1410 2438 1462 καὶ
2460 1410 2582 1462 κυσὶ
2612 1412 2701 1463 καὶ
2731 1413 2933 1474 οἰωνοῖς
2956 1412 3069 1473 τοὺς
3088 1408 3288 1480 νεκρούς.
3317 1407 3376 1458 Τί
3402 1407 3458 1476 δή
3485 1423 3557 1458 σοι

2347 1499 2635 1569 νευσαίμην
2669 1500 2774 1552 τῶν
2804 1500 2960 1570 δῆθεν
2995 1500 3127 1562 θεῶν,
3166 1498 3318 1552 αὐτῶν
3355 1497 3413 1567 δὴ
3450 1496 3553 1549 τῶν

2346 1588 2621 1657 δαιμόνων,
2642 1589 2738 1651 τὰς
2760 1589 2912 1659 ὠμὰς
2927 1590 3018 1642 καὶ
3036 1588 3253 1651 ἐκτύπους
3268 1587 3356 1641 ἀνθ
3364 1586 3561 1658 ρωποθυ

2344 1678 2410 1742 ἃς
2434 1680 2493 1731 τὸ
2525 1679 2847 1750 ἀνθρώπειον
2887 1679 3036 1747 γένος
3069 1679 3323 1750 ἐξέμηνανς
3356 1679 3457 1732 Καὶ
3486 1679 3566 1732 ταί

2347 1772 2403 1824 ὲν
2447 1774 2555 1834 τοῖς
2589 1769 3008 1842 προηγουμένοις
3041 1770 3124 1839 τῆς
3161 1770 3280 1840 μετά
3314 1773 3490 1840 χεῖρας
3528 1772 3566 1823 ὑί

711 1866 970 1919 malorum
998 1856 1322 1930 daemonum,
1362 1867 1506 1920 omni
1534 1867 1847 1922 crudelitate
1878 1874 2034 1937 atque
2065 1868 2236 1920 innua-

2065 1868 2246 1920 imma-
2266 1857 2320 1941 Β
2347 1860 2954 1931 προπαρεπευασάμην.
2986 1858 3124 1912 Ἀλλά
3138 1858 3232 1931 γὰρ
3254 1857 3505 1911 τοσούτων
3524 1876 3565 1911 κε

710 1956 879 2010 nitate
917 1955 1141 2012 refertas
1178 1957 1435 2012 humanas
1467 1958 1746 2021 victimas,
1793 1958 1849 2012 in
1879 1972 2013 2026 quas
2049 1956 2239 2010 huma-

710 2060 837 2097 num
858 2060 1025 2114 genus
1062 2047 1299 2101 insanire
1331 2048 1650 2117 coegerant?
1692 2047 1816 2103 Haec
1868 2050 2029 2119 igitur
2068 2049 2123 2102 in
2152 2048 2238 2109 iis,

711 2148 829 2203 qua:
857 2150 992 2205 opus
1024 2137 1123 2191 hoc
1144 2145 1547 2193 antecesserunt
1572 2140 1713 2208 quod
1742 2156 1885 2194 nunc
1911 2142 1964 2194 in
1994 2140 2239 2194 manibus

708 2231 809 2287 est,
851 2225 963 2294 ipse
992 2228 1304 2296 praeparavi.
1334 2227 1545 2282 Etenim
1575 2244 1699 2283 cum
1724 2238 1801 2284 tot
1830 2231 1968 2285 mala
1996 2244 2027 2283 a
2059 2230 2240 2300 perni-

706 2315 869 2371 ciosis
895 2325 948 2370 et
975 2318 1156 2387 pravis
1186 2319 1486 2388 spiritibus,
1521 2335 1734 2376 necnon
1766 2323 1835 2377 ab
1859 2337 1943 2385 eo,
1973 2323 2066 2392 qui
2091 2323 2145 2375 in
2172 2322 2238 2376 iis

705 2407 869 2461 totius
893 2408 1039 2463 orbis
1054 2410 1392 2479 tyrannidem
1415 2420 1727 2480 occuparat,
1749 2411 2020 2480 proposita
2035 2420 2234 2477 essent,

705 2497 986 2565 nullusque
1025 2512 1210 2552 eorum
1256 2499 1567 2568 angelorum
1600 2499 1692 2568 qui
1724 2498 1958 2568 praefecti
2000 2498 2232 2564 fuerant,

703 2588 855 2642 malis
901 2587 1182 2643 subvenire
1234 2596 1377 2644 esset
1427 2590 1679 2653 idoneus,
1728 2590 1918 2644 merito
1960 2590 2089 2643 illud
2140 2589 2233 2645 Dei

706 2677 955 2743 Verbum,
989 2679 1077 2733 ille
1106 2677 1352 2733 Salvator
1374 2681 1628 2743 universi,
1651 2680 1872 2736 salutari
1900 2687 2033 2734 nutu
2056 2680 2232 2738 Patris

704 2769 794 2838 qui
816 2769 1031 2824 humani
1054 2770 1267 2841 generis
1291 2780 1373 2825 est
1391 2770 1810 2833 amantissimus,
1837 2786 1905 2824 ne
1933 2770 2033 2824 hoc
2057 2770 2230 2840 ipsum

705 2860 777 2913 illi
804 2868 910 2914 tam
937 2860 1161 2915 charum
1191 2877 1382 2931 genus,
1413 2862 1467 2915 in
1498 2861 1788 2930 impietatis
1817 2860 2084 2930 profundo
2112 2877 2233 2916 ver-

701 2961 931 3014 saretur,
957 2959 1112 3005 antea
1148 2951 1360 3020 quidem
1393 2952 1614 3021 exiguos
1638 2950 1917 3020 quosdam,
1951 2957 2110 3019 atque
2137 2951 2232 3005 ob—

696 3056 886 3098 scuros
901 3044 1128 3112 propria:
1147 3044 1282 3097 lucis
1301 3040 1498 3107 radios,
1524 3057 1617 3111 per
1641 3041 1949 3113 prophetam
1973 3040 2227 3111 Moysem,

696 3147 898 3202 perque
927 3148 1021 3188 eos
1049 3132 1143 3187 Dei
1170 3132 1375 3186 amicos
1400 3133 1563 3195 viros,
1595 3132 1688 3201 qui
1717 3140 1770 3186 et
1808 3139 1931 3186 ante
1968 3132 2140 3196 illum,
2174 3138 2227 3186 et
2270 3159 2277 3166 -

2341 1951 2446 2003 τῶν
2466 1949 2677 2019 φαύλων
2701 1950 2791 2002 καὶ
2819 1949 2925 2002 τῶν
2955 1948 3210 2020 μοχθηρῶν
3234 1948 3566 2020 πνευμάτων,

2338 2041 2541 2103 τούτοις
2571 2041 2851 2110 τυράννου,
2887 2039 3006 2093 καθ’
3037 2039 3147 2110 ὅλης
3178 2040 3267 2109 τῆς
3296 2041 3566 2110 οἰκουμένη

2338 2128 2634 2199 ϐλημένων,
2668 2131 2759 2182 καί
2789 2128 3011 2199 μηδενὸς
3028 2128 3121 2181 τῶν
3143 2128 3448 2197 ἐφεστώτων
3476 2131 3566 2197 dm

2336 2238 2392 2273 τε
2423 2220 2570 2283 ὄντος
2606 2222 2716 2282 τοῖς
2762 2222 2945 2281 κακοῖς
2976 2219 3267 2289 ἐπαμύνειν,
3310 2221 3542 2285 εἰκότως

2335 2310 2465 2374 Θεὸς
2493 2312 2678 2379 Λόγος,
2711 2312 2739 2363 ὁ
2772 2310 2875 2364 τῶν
2902 2310 3033 2363 ὅλων
3058 2311 3250 2381 Σωτὴρ,
3289 2313 3490 2384 ἀγαθῷ
3523 2332 3566 2367 νε

2332 2400 2424 2454 τοῦ
2465 2402 2673 2471 Πατρὸς
2707 2400 3115 2470 φιλανθρωπίας,
3143 2401 3213 2464 ὡς
3238 2401 3302 2454 ἂν
3344 2404 3424 2474 μὴ
3462 2404 3528 2457 τὸ
3558 2423 3566 2452 τ

2333 2490 2484 2558 γένος
2504 2492 2560 2543 ἐν
2580 2489 2827 2551 ἀσεϐείας
2851 2487 2994 2557 βυθῷ
3012 2489 3311 2555 καλινδοῖτο,
3335 2492 3486 2557 τὲως
3516 2496 3566 2565 μὶ

2331 2581 2480 2643 τινὰς
2508 2581 2600 2633 καὶ
2636 2578 2876 2651 ἀμυδρὰς
2899 2579 2992 2632 τοῦ
3019 2579 3140 2632 ἰδίου
3168 2583 3343 2648 φωτὸς
3366 2585 3566 2641 ἀκτῖνα

2332 2672 2496 2741 φήτου
2510 2671 2801 2734 Μωῦσέως,
2818 2670 2923 2722 τῶν
2946 2686 3003 2721 τε
3027 2670 3125 2741 πρὸ
3145 2672 3307 2725 αὑτοῦ
3334 2676 3439 2728 καὶ
3464 2677 3566 2730 τῶν

2331 2760 2586 2829 θεοφιλῶν
2607 2759 2810 2830 ἀνδρῶν
2836 2758 3121 2830 ἐξέλαμπε,
3147 2762 3252 2815 τῶν
3279 2764 3340 2815 ὲν
3369 2766 3564 2837 ἀνθριὶ

2328 2850 2424 2920 τὴν
2454 2850 2591 2901 ἴασιν
2620 2851 2677 2901 ὲν
2713 2852 2831 2911 ταῖς
2859 2850 3029 2918 ἱεραῖς
3058 2853 3410 2923 νομοθεσίαις
3442 2875 3566 2929 προ

2329 2942 2487 3009 Λέγει
2514 2941 2557 2993 δ’
2586 2936 2677 2993 οὖν
2718 2940 2970 3013 ἄντικρυς
3010 2942 3166 3005 αὐτὸς
3206 2945 3235 2997 ό
3274 2946 3470 3014 Λόγος
3520 2967 3564 3001 τι

2330 3032 2466 3085 ἔθνει
2491 3030 2787 3101 νομοθετῶν
2820 3030 2907 3083 διὰ
2936 3033 3232 3096 Μωῢσέως·
3270 3053 3291 3086 ι
3326 3038 3520 3090 Κατὰ
3550 3058 3566 3073 ο

2333 3140 2473 3194 ματα
2494 3123 2588 3192 τῆς
2611 3122 2713 3191 γῆς
2736 3120 3029 3189 Αἰγύπτου,
3060 3124 3118 3174 ὲν
3140 3118 3175 3195 ᾖ
3205 3129 3565 3198 κατῳκήσω

695 3232 819 3291 post
857 3225 1005 3278 illum
1038 3224 1356 3285 ﬂoruerunt,
1400 3221 1596 3284 emisit,
1628 3222 1706 3276 sic
1735 3224 1920 3290 utique
1947 3220 2220 3275 hominum

2040 3221 2223 3274 ηίηυω
2252 3248 2292 3303 C
2328 3215 2388 3267 οὐ
2421 3215 2688 3283 ποιήσετεο
2719 3212 2811 3264 καὶ
2828 3211 2968 3266 κατά
3004 3213 3071 3266 τὰ
3098 3215 3565 3288 ἐπιτηδεύματα

694 3315 852 3370 malis
879 3314 1197 3378 remedium,
1232 3313 1287 3366 in
1322 3312 1676 3368 sacrosanctis
1718 3312 1925 3381 legibus
1974 3309 2222 3365 aﬁ‘erens.

692 3402 926 3459 Proinde
955 3407 1034 3460 sic
1064 3406 1221 3475 plane
1254 3403 1426 3472 ipsum
1472 3400 1564 3455 Dei
1601 3401 1852 3464 Verbum,
1895 3401 1961 3455 ad
2003 3400 2228 3456 Hebrai-

693 3510 809 3550 cam
836 3504 1046 3566 gentem
1081 3494 1231 3559 dicit,
1276 3494 1366 3548 ubi
1418 3508 1510 3562 per
1553 3491 1786 3562 Moysem
1807 3494 1960 3562 ieges
1998 3492 2073 3546 illi
2110 3491 2222 3555 dat,

696 3579 851 3650 162
898 3599 916 3629 ι
945 3579 1238 3635 secundum
1289 3579 1534 3633 instituta
1568 3586 1723 3632 terra:
1754 3578 1970 3649 Egypti
2018 3579 2073 3632 in
2119 3593 2223 3648 qua

694 3669 998 3732 habitastis,
1053 3683 1162 3721 non
1212 3666 1417 3721 facietis
1468 3685 1480 3719 :
1526 3672 1580 3720 et
1636 3668 1929 3721 secundum
1979 3667 2223 3721 instituta

692 3764 849 3809 terrae
874 3755 1125 3809 Chanaan
1150 3792 1165 3815 ,
1198 3754 1264 3807 ad
1293 3767 1449 3822 quam
1482 3768 1580 3821 ego
1613 3754 1944 3809 introducam
1975 3770 2087 3817 vos,
2116 3771 2222 3809 non

694 3842 904 3895 facietis
945 3860 958 3895 :
1003 3853 1057 3895 et
1103 3841 1157 3892 in
1190 3841 1393 3909 legibus
1440 3840 1652 3893 illorum
1705 3856 1812 3896 non
1859 3843 2217 3897 ambulabitis.

691 3929 899 3983 Judicia
932 3944 1048 3983 mea
1082 3927 1310 3992 facietis,
1347 3937 1399 3982 et
1438 3937 1700 3997 prmcepta
1737 3946 1853 3986 mea
1891 3934 2172 3987 servabitis
2204 3951 2217 3987 :

690 4034 790 4089 ego
824 4034 944 4074 sum
974 4017 1231 4072 Dominus
1264 4016 1403 4072 Deus
1429 4025 1605 4072 vester
1627 4020 1667 4075 ¹.
1706 4038 1724 4070 ι
1762 4020 1961 4077 Deinde
1997 4023 2085 4076 ubi
2106 4038 2222 4076 om-

696 4109 787 4161 nia
813 4105 1108 4169 interdixit,
1140 4113 1192 4159 et
1222 4104 1468 4159 infandas
1506 4108 1742 4177 nuptias,
1786 4119 1837 4164 et
1863 4125 2018 4164 omne
2047 4111 2221 4180 impu-

691 4198 872 4252 dicum
914 4196 1144 4261 facinus,
1175 4210 1249 4277 ne
1275 4194 1484 4251 femina:
1542 4212 1665 4251 cum
1707 4198 1941 4262 feminis,
1981 4214 2220 4255 maresve

689 4303 811 4342 cum
847 4285 1085 4340 maribus
1122 4286 1492 4350 miscerentur,
1529 4288 1767 4357 adjungit
1803 4308 1816 4341 :
1851 4307 1869 4337 ‹
1903 4287 1978 4341 Ne
2009 4289 2216 4356 pollua-

688 4380 820 4437 tnini
855 4380 907 4433 in
938 4373 1185 4435 omnibus
1215 4380 1317 4434 bis.
1348 4380 1481 4433 Nam
1518 4382 1571 4433 in
1605 4380 1856 4434 omnibus
1887 4379 1971 4432 his
2003 4380 2216 4447 pollutae

689 4478 815 4525 sunt
845 4478 1050 4541 gentes,
1090 4485 1226 4540 quas
1267 4486 1365 4540 ego
1394 4472 1653 4539 expellam
1687 4485 1717 4522 a
1746 4469 1880 4523 facie
1906 4476 2083 4523 vestra
2115 4488 2127 4522 :
2162 4478 2216 4523 et

2324 3305 2401 3365 εἰς
2440 3302 2505 3371 ἣν
2534 3300 2641 3370 ἐγὼ
2675 3301 2878 3368 εἰσάγω
2916 3303 3081 3372 ὑμᾶς,
3132 3306 3258 3357 ἐκεῖ
3289 3307 3359 3358 ού
3401 3313 3566 3382 ποιή

2323 3397 2430 3456 τοῖς
2467 3393 2646 3461 νόμοις
2688 3390 2862 3444 αὐτῶν
2899 3393 2957 3444 ού
2998 3393 3381 3463 πορεύσεσθε.
3421 3401 3538 3455 Τὰ

2323 3486 2594 3556 ποιήσετε,
2643 3485 2734 3537 καὶ
2777 3483 2846 3535 τὰ
2891 3485 3313 3555 προστάγματά
3354 3507 3488 3559 μου
3534 3512 3566 3563 τε

2323 3576 2434 3645 εἰμὶ
2462 3574 2660 3645 Κύριος
2680 3577 2708 3626 ό
2734 3574 2863 3637 Θεὸς
2890 3573 3065 3644 ὑμῶν.
3106 3594 3125 3626 ι
3152 3570 3305 3630 Εἶτα
3341 3582 3566 3638 πάντα

2321 3667 2572 3736 ἀθέμιτον
2602 3665 2796 3733 γάμον,
2825 3665 2918 3715 καὶ
2944 3665 3128 3717 πᾶσαν
3158 3666 3520 3738 ἀσχήμονα
3560 3699 3564 3711 .

2321 3756 2432 3809 κῶν
2471 3772 2528 3808 τε
2577 3756 2710 3824 πρὸς
2750 3757 3040 3821 γυναῖκας,
3080 3757 3185 3808 καὶ
3222 3758 3549 3828 sepem»,

2325 3848 2514 3916 μίξεις,
2542 3845 2795 3911 ἐπιλέγει·
2828 3863 2847 3894 ι
2871 3844 2961 3913 Μὴ
2989 3846 3302 3914 μιαίνεσθε
3331 3852 3405 3903 ὲν
3435 3859 3560 3909 πᾶ

2321 3938 2451 3988 πᾶσι
2482 3934 2588 4004 γὰρ
2614 3933 2819 3996 τούτοις
2848 3935 3202 4006 ὲμιάνθησαν
3234 3938 3322 3991 τὰ
3357 3941 3566 4017 ἔθνη,

2320 4024 2485 4078 στελῶ
2509 4024 2610 4096 πρὸ
2641 4023 2924 4094 προσώπου
2952 4025 3116 4095 ὑμῶν
3138 4043 3153 4056 ·
3205 4029 3325 4082 καὶ
3355 4031 3478 4096 ﬁge
3492 4054 3566 4106 μ.

2318 4114 2667 4168 ἀνταπέδωκα
2713 4114 2920 4168 ἀδικίαν
2961 4116 3145 4187 αὑτῇ’
3205 4121 3331 4172 καὶ
3379 4141 3566 4197 τερα

2316 4209 2426 4267 τοῖς
2472 4206 2857 4276 ὲγκαθημένοις
2902 4208 2993 4259 ἐπ’
3038 4208 3269 4278 αὐτῆς.
3330 4231 3358 4264 ›
3414 4218 3564 4274 Καί

2322 4316 2338 4346 ι
2386 4294 2508 4348 Ἐὰν
2535 4286 2686 4347 sese
2715 4294 2957 4368 εἰσέλθῃς
2986 4299 3074 4360 εἰς
3106 4299 3228 4369 τὴν
3259 4302 3450 4373 γῆν,
3494 4311 3561 4382 ἢ

2317 4402 2407 4439 σου
2436 4385 2611 4437 δίδωσί
2646 4402 2745 4448 σοι,
2775 4385 2834 4436 ού
2870 4385 2943 4456 μὴ
2973 4388 3235 4462 μαθήσῃ
3274 4403 3552 4455 ποιεῖν

2315 4492 2496 4546 γματα
2530 4475 2636 4527 τῶν
2677 4473 2844 4527 ἐθνῶν
2874 4475 3140 4530 ἐκείνων·
3188 4481 3329 4552 οὐχ
3398 4489 3565 4562 εὕρ

684 4563 884 4632 polluta
933 4569 1012 4616 est
1059 4568 1227 4624 terra,
1269 4569 1323 4614 et
1370 4560 1590 4614 retribui
1638 4559 1952 4626 injustitiatn
2001 4559 2122 4614 illi:
2162 4568 2209 4614 ct

2044 4561 2076 4612 li
2109 4577 2122 4614 :
2162 4568 2214 4614 ct
2245 4552 2287 4606 Ῐ)
2316 4565 2583 4635 καθαίρων
2614 4565 2705 4617 τὸν
2733 4564 2842 4617 υἰὺν
2873 4564 3069 4629 αὐτοῦ,
3117 4568 3161 4639 ἢ
3215 4571 3361 4642 τὴν
3435 4552 3565 4633 0x;-

684 4654 989 4707 abominata
1036 4661 1118 4708 est
1167 4662 1307 4705 terra
1344 4651 1592 4704 sedentes
1624 4650 1679 4703 in
1716 4650 1831 4719 ipsa
1855 4652 1898 4705 ².
1940 4670 1959 4703 ι
1992 4651 2056 4704 Et
2088 4652 2214 4705 alibi

686 4758 873 4798 rursus
905 4743 1035 4797 dicit
1066 4760 1081 4797 :
1116 4760 1135 4793 ι
1165 4742 1299 4797 Cum
1343 4756 1470 4794 vero
1511 4742 1787 4811 ingressus
1820 4741 1987 4798 fueris
2019 4742 2075 4795 in
2108 4752 2216 4796 ter~

688 4846 799 4884 ram
827 4849 987 4901 quam
1031 4833 1285 4887 Dominus
1318 4830 1457 4886 Deus
1486 4839 1609 4885 tuus
1633 4830 1724 4884 dat
1754 4832 1871 4896 tibi,
1906 4848 2012 4886 non
2040 4831 2213 4886 disces

687 4919 862 4975 facere
895 4922 1188 4977 secundum
1217 4922 1642 4977 aborninationes
1673 4922 1911 4991 gentium
1944 4922 2152 4974 illarum
2195 4939 2208 4974 :

683 5022 794 5060 non
827 5008 1125 5065 invenietur
1158 5013 1304 5066 inte
1333 5012 1424 5080 qui
1473 5012 1662 5065 lustret
1700 5011 1865 5065 (ilium
1910 5026 2067 5065 suum
2119 5017 2211 5062 aut

686 5096 846 5150 tiliam
892 5111 1040 5152 suam
1093 5103 1146 5155 in
1199 5088 1345 5171 igne,
1402 5101 1649 5155 divinans
1697 5102 2073 5165 divinationes,
2121 5110 2212 5154 aut

683 5184 944 5246 hariolus,
986 5196 1077 5240 aut
1105 5204 1292 5258 augur,
1324 5194 1608 5259 veneﬁcus,
1642 5194 1961 5256 incantator,
2015 5192 2206 5261 pytho-

681 5274 801 5329 nica
846 5273 1060 5336 mulier,
1112 5278 1471 5345 prodigiorum
1521 5284 1813 5353 inspector,
1844 5291 1936 5336 aut
1961 5284 2050 5351 qui
2082 5298 2206 5351 per-

681 5370 928 5417 contetur
974 5370 1261 5415 mortuos:
1305 5376 1387 5420 est
1430 5374 1571 5423 enim
1616 5373 1941 5427 abominatio
1982 5373 2206 5425 Domino

682 5452 790 5506 Deo
821 5464 931 5505 uno
962 5451 1137 5505 omnis
1174 5452 1263 5519 qui
1310 5452 1435 5507 facit
1481 5458 1609 5513 haec.
1659 5462 1788 5517 Nam
1820 5470 2037 5533 propter
2073 5461 2204 5515 istas

681 5542 1128 5605 abominationes,
1174 5539 1433 5598 Dominus
1477 5545 1615 5605 Deus
1649 5564 1772 5610 tuus
1803 5554 1999 5611 delebit
2033 5553 2150 5608 illos
2174 5567 2204 5605 a

753 5696 767 5723 ¹
799 5693 963 5747 Lavit.
1009 5707 1160 5759 xvm,
1184 5693 1237 5757 '5,
1266 5694 1315 5749 ι.

2309 4653 2468 4724 πυρὶ,
2513 4652 2899 4723 μαντευόμενος
2943 4655 3293 4723 μαντείας,
3371 4669 3536 4721 καὶ

2308 4742 2798 4812 καίοίωνιξόμενος,
2819 4745 3162 4814 φαρμακὸς,
3197 4749 3539 4823 ἐπᾴδων

2306 4832 2399 4884 καὶ
2421 4832 2833 4901 τερατοσκόπος,
2854 4832 2949 4884 καὶ
2973 4833 3375 4906 ἐπερωτῶν
3408 4851 3556 4903 τοὶ

2307 4923 2413 4993 γὰρ
2448 4921 2716 4994 βδέλυγμα
2746 4925 2932 4997 Κυρίῳ
2957 4925 3041 4996 τῷ
3080 4928 3254 5000 Θεῷ
3310 4950 3464 4990 σου
3521 4960 3551 4995 1

2312 5013 2509 5064 Ἕνεκα
2538 5013 2647 5084 γὰρ
2673 5016 2781 5071 τῶν
2811 5014 3261 5088 βδελυγμάτων
3307 5028 3566 5088 τού-ει

2311 5120 2401 5156 σου
2434 5103 2804 5177 ὲξολοθρεύσει
2836 5109 3032 5170 αὐτοὺς
3075 5109 3238 5164 ἀπὸ
3278 5131 3566 5188 προσ.

2308 5191 2406 5263 ἔσῃ
2432 5194 2674 5253 ἐναντίον
2696 5203 2892 5279 Κυρίου
2913 5196 3008 5252 τοῦ
3031 5196 3231 5253 Θεοῦ
3286 5221 3450 5260 σου
3470 5252 3497 5265 -

2311 5285 2475 5354 μυρία
2505 5285 2646 5345 ἄλλα
2671 5297 2893 5367 θεοσεδῆ
2919 5288 3083 5357 διδάγ
3095 5295 3325 5360 μοιτά
3361 5317 3467 5355 τε
3532 5327 3564 5362 3

2308 5373 2392 5426 διὰ
2417 5375 2711 5457 Μωῦσὲως
2740 5393 2914 5452 αὐτοῖς
2932 5379 3143 5447 wsb;
3176 5384 3466 5458 Λόγος
3514 5418 3554 5450 ατ

2308 5464 2382 5562 (:0;
2413 5468 2471 5521 ἐν
2504 5475 2851 5562 εἰσαγωγαῖς
2876 5476 2966 5538 τοῦ
3001 5475 3199 5530 κατὰ
3261 5485 3529 5545 εὐσέὸ

2308 5552 2429 5619 δοὺς
2458 5552 2663 5639 αὐτοῖς(
2689 5552 2944 5660 σέοάεῖα,
2986 5564 3095 5620 διὰ
3144 5586 3244 5624 συ
3259 5578 3520 5645 μδὸλο
