3862 6330
232 390 335 447 217
1171 378 1805 455 DEMONSTRATIONIS
1840 392 2278 451 evasurum
2307 391 2434 448 LIB.
2472 393 2563 446 ιγ,
3314 391 3419 447 ns

228 511 351 568 δους
375 503 461 557 καὶ
484 501 801 572 σωματικῆς
840 501 1124 579 λατρείας
1162 516 1220 568 ἐν
1251 513 1490 583 σώματος
1518 512 1773 581 περιτομῇ

1901 511 2034 566 l’acie
2076 518 2211 563 tua:
2259 507 2524 578 perfectus
2581 506 2686 559 eris
2748 505 2799 558 in
2863 513 3152 574 conspectu
3212 501 3421 558 Domini

233 598 328 652 καί
355 610 502 649 τινων
531 593 705 647 ἀλλων
749 610 1017 653 τοιουτοτ
1030 603 1213 673 ρόπων
1246 606 1334 659 ἐπὶ
1372 605 1467 672 τῆς
1491 603 1591 672 γῆς
1621 620 1774 657 συντε

1897 598 1988 651 Dei
2035 596 2112 650 ιιιί
2135 597 2175 648 ³.
2212 613 2230 646 ›
2292 594 2416 647 Haec
2472 591 2706 660 quidem,
2763 592 2967 659 aliaque
3010 590 3421 643 innumerabilia

236 686 509 757 λουμένωνθ
539 684 614 747 ὡς
638 683 719 747 δὲ,
744 684 849 738 τοῦ
881 690 1093 759 χρόνου
1129 694 1421 764 προϊόντος,
1453 693 1600 746 οὐδὲν
1626 693 1777 746 τοοοῦ

1896 685 2163 755 religionis
2232 683 2550 738 documenta
2611 687 2664 734 et
2716 687 2994 747 praecepta,
3048 694 3143 747 per
3188 676 3420 748 Moysem

238 796 330 832 τον
354 778 439 831 καὶ
463 775 568 829 τῶν
605 775 721 845 μετ’
752 777 927 830 αὑτὸν
955 783 1256 853 προφητῶν
1284 786 1360 846 εἰς
1379 783 1561 836 ἄκεσιν
1581 783 1685 836 τῶν
1706 785 1777 836 τοὲ

1896 775 2002 828 illis
2036 774 2171 829 Deus
2198 772 2452 834 Verbum,
2491 777 2646 823 antea
2700 770 2753 821 in
2807 768 3010 836 legibus
3039 768 3218 829 dabat,
3262 778 3423 835 atque

241 867 350 938 βίου
385 865 562 918 κακῶν
589 864 655 917 δι’
691 864 1014 938 ὑπερϐολὴν
1045 872 1241 933 κακίας
1271 870 1499 932 ἔσθενεν,
1529 870 1719 941 ήλαυνέ
1742 888 1777 923 τε

1897 874 1956 919 ιιι
2005 865 2058 918 in
2115 863 2429 917 rudimentis
2472 861 2583 915 ﬁeri
2644 859 2798 920 solet,
2850 857 3111 924 religiosa
3156 857 3261 911 illis
3298 857 3423 910 vitae

237 959 493 1030 ὁσημέραι
518 958 597 1019 εἰς
631 957 864 1027 μείζονα
903 959 977 1012 τὰ
1017 961 1120 1030 τῆς
1157 961 1469 1030 δαιμονικῆς
1507 961 1777 1031 ἐνεργείας

1894 955 2173 1016 elementa,
2222 968 2316 1022 per
2353 952 2504 1020 signa
2555 957 2607 1002 et
2637 947 2969 1001 umbratilem
2996 947 3278 1014 quamdam
3309 960 3424 999 cor-

238 1049 313 1113 ὡς
338 1050 433 1102 καὶ
461 1048 590 1102 αὐτὸ
614 1047 677 1099 τὸ
715 1048 994 1118 Ἐϐραίων
1014 1049 1165 1112 ἔθνος
1186 1053 1252 1120 τῇ
1280 1048 1386 1102 τῶν
1401 1050 1571 1103 ἀθέων
1595 1066 1777 1102 συναπ·

1895 1044 2234 1114 poralemque
2306 1039 2665 1094 adorationem
2744 1037 2798 1090 in
2876 1036 3116 1104 corporis
3190 1036 3422 1089 circum—

235 1139 466 1208 ἀχθῆναι
504 1138 699 1208 φθορᾷ·
744 1139 914 1202 αὐτὸς
951 1140 1057 1210 ήδη
1092 1141 1271 1192 λοιπὸν
1331 1143 1359 1193 ὁ
1394 1140 1579 1211 Σωτὴρ
1602 1142 1693 1193 καί
1720 1141 1777 1192 ἰαι

1895 1133 2126 1198 cisione,
2179 1145 2378 1200 perque
2441 1129 2543 1181 alia
2592 1126 2833 1196 quaedam
2896 1123 3158 1192 ejusmodi
3199 1140 3317 1193 quae
3363 1126 3418 1180 in

234 1229 360 1298 τρὸς
401 1228 507 1281 τῶν
547 1228 688 1280 ὅλων
738 1229 991 1283 κάτεισιν
1043 1232 1121 1294 εἰς
1167 1230 1496 1301 ἀνθρώπους,
1549 1234 1640 1285 καὶ
1689 1236 1777 1285 τοῑε

1895 1231 2035 1277 terra
2092 1219 2479 1280 conﬁciuntur,
2536 1216 2777 1270 tradebat
2825 1236 2838 1270 :
2883 1231 3004 1270 cum
3048 1228 3172 1272 vero
3232 1228 3419 1282 proce-

234 1319 450 1380 οἰκείοις
491 1318 752 1385 ἀγγέλοις
802 1319 1099 1389 ἐπαμύνων
1141 1321 1279 1391 ὑπὲρ
1320 1321 1419 1390 τῆς
1452 1321 1559 1374 τῶν
1593 1322 1777 1391 ἀνθρώ

1894 1311 2051 1365 dente
2080 1317 2319 1377 tempore
2346 1307 2524 1361 nullus
2553 1313 2659 1359 tam
2700 1312 2909 1375 potens,
2945 1321 3012 1360 ne
3041 1303 3419 1374 prophetarum

235 1426 344 1463 πων
378 1410 682 1481 σωτηρίας,
735 1410 884 1463 τοῦτ’
909 1411 1057 1481 αύτῷ
1091 1411 1182 1463 τοῦ
1219 1411 1426 1481 Πατρὺς
1465 1413 1774 1484 δωρήσεσθα

1894 1401 2107 1471 quidem
2166 1400 2256 1470 qui
2303 1409 2423 1468 post
2474 1398 2621 1451 illum
2675 1396 3000 1458 exstiterint,
3031 1403 3090 1449 ut
3126 1393 3417 1449 remedium

233 1499 719 1569 προῢποσχομένου
742 1539 759 1564 ,
838 1500 1121 1572 ὡσπεροῦν
1201 1502 1360 1565 αὐτὸς
1425 1505 1483 1556 ἐν
1545 1482 1777 1575 Ψαλμοᾶ

1894 1491 2048 1546 malis
2101 1490 2221 1543 vitae
2272 1488 2503 1550 allerret,
2549 1488 2619 1541 ob
2666 1488 2826 1542 nimis
2869 1485 3226 1551 abundantem
3267 1482 3420 1536 mali-

229 1590 464 1643 διδάσκει
506 1590 713 1657 λέγων⁸
781 1609 801 1642 ι
833 1590 1035 1661 Κύριος
1065 1588 1182 1643 εἷπε
1221 1592 1356 1662 πρὸς
1391 1593 1484 1662 μέ·
1528 1593 1652 1657 Υἱός
1685 1574 1777 1664 μοι

1893 1581 2054 1644 tiam,
2113 1587 2254 1634 esset
2303 1599 2316 1634 :
2361 1594 2423 1634 ac
2472 1579 2763 1633 daemonica
2800 1576 3031 1632 edicacia
3073 1574 3310 1645 quotidie
3362 1574 3419 1627 in

229 1677 275 1733 εἷ
312 1682 398 1745 σὺ,
444 1680 563 1749 ἐγὼ
606 1683 856 1752 σήμερον
910 1676 1211 1753 γεγέννηκά
1264 1699 1341 1738 σε.
1392 1683 1615 1753 Αίτησαι
1669 1687 1794 1756 παρ’

228 1771 385 1841 ἐμοῦ,
445 1773 546 1825 καὶ
607 1772 772 1826 δώσω
833 1789 917 1826 σοι
967 1772 1093 1843 ἔθνη
1133 1773 1229 1844 τήν
1273 1773 1627 1845 κληρονομίαν
1667 1792 1792 1841 σου,

1893 1670 2067 1738 majus
2091 1671 2404 1739 impelleret,
2437 1656 2604 1738 usque
2638 1669 2770 1723 adeo
2816 1676 2875 1722 ut
2899 1669 3012 1737 ipsa
3044 1681 3256 1736 quoque
3315 1663 3420 1720 He.

1892 1759 2073 1813 braica
2118 1775 2281 1830 gens,
2337 1759 2520 1814 eadem
2577 1774 2700 1812 cum
2760 1758 2936 1827 impiis
2980 1756 3275 1826 perditione
3331 1770 3419 1808 ra-

228 1834 314 1916 καὶ
362 1864 463 1933 τὴν
522 1862 868 1932 κατάσχεσίν
929 1879 1021 1915 σου
1077 1834 1144 1916 τά
1187 1834 1408 1935 ’πέρατα
1459 1834 1558 1935 τῆς
1605 1865 1724 1935 γῆς,
1766 1884 1777 1916 l

1890 1858 2105 1918 peretur
2142 1867 2159 1904 :
2196 1857 2307 1903 tum
2340 1849 2568 1919 denique
2608 1848 2851 1903 Salvator
2904 1864 2967 1902 ac
3018 1848 3259 1903 medicus
3295 1846 3419 1901 uni-

229 1953 414 2006 υύκέτι
484 1953 629 2021 γοῦν
701 1953 861 2023 μόνον
924 1952 1017 2005 τὸν
1073 1952 1274 2007 δίκαιον
1337 1954 1431 2008 καί.
1492 1954 1790 2026 διορατικίιν

237 2042 468 2112 Ἰσραὴλ,
514 2042 650 2095 οὐδέ
696 2058 761 2109 γε
807 2042 967 2111 μόνον
1009 2041 1100 2095 τὸν
1133 2045 1326 2096 οἰκεῖον
1362 2043 1579 2115 κλῆρον,
1618 2046 1791 2099 πάντα

227 2133 278 2186 δὲ
314 2132 381 2184 τά
411 2133 509 2185 ἐπὶ
546 2131 663 2201 γῆς
698 2131 859 2200 ἔθνη,
886 2131 957 2184 τά
985 2133 1241 2203 πρότερον
1273 2133 1505 2186 πλείοσιν
1545 2135 1790 2202 ἀγγέλοις

228 2222 645 2293 κεκληρωμένα,
690 2221 788 2275 καὶ
827 2222 1103 2284 παντοίαις
1152 2222 1421 2286 ἀσεϐείαις
1482 2223 1791 2293 κεκαλινδη-

229 2312 376 2380 μένα,
412 2310 522 2363 ὑπὸ
560 2310 671 2380 τὴν
711 2308 921 2363 οἰκείαν
968 2307 1245 2362 ὑποϐαλὼν
1298 2308 1562 2373 ἐξουσίαν,
1611 2309 1789 2378 παρῆν

225 2404 327 2464 τοῖς
366 2402 502 2454 πᾶσι
550 2401 661 2470 τὴν
711 2401 850 2470 πρὸς
891 2399 982 2452 τὸν
1033 2398 1196 2453 αὑτοῦ
1245 2400 1460 2469 Πατέρα
1495 2398 1690 2467 γνῶσίν
1730 2415 1786 2450 τε

229 2488 314 2539 καὶ
360 2487 567 2557 φιλίανο
591 2489 1160 2558 ἐπικηρυκευόμενος,
1198 2488 1347 2540 λύσιν
1383 2504 1442 2540 τε
1481 2489 1572 2541 καί.
1599 2487 1787 2557 ἄφεσιν

227 2574 328 2627 τῶν
361 2578 491 2647 πρὶν
530 2576 910 2646 ἀγνοημάτων
942 2578 1037 2630 καὶ
1069 2577 1468 2648 ἁμαρτημάτων
1508 2577 1787 2647 ὑπισχνού-

231 2680 397 2732 μενος,
430 2664 462 2717 δ
494 2666 601 2718 καὶ
657 2665 848 2733 σαφῶς
897 2666 1157 2735 ἐκήρυττε
1207 2665 1408 2733 λέγων’
1443 2683 1462 2717 ι
1493 2665 1567 2717 Οὐ
1599 2666 1786 2736 χρείαν

227 2750 427 2821 ἔχουσιν
472 2756 527 2807 οἰ
579 2753 864 2824 ἰσχύοντες
911 2752 1092 2825 ἰατροῦ
1109 2792 1123 2817 ,
1162 2753 1294 2807 ἀλλά
1338 2756 1386 2806 οἱ
1429 2753 1612 2817 κακῶς
1643 2754 1786 2823 ἔχον-

225 2854 334 2902 τες’
368 2842 471 2895 ούκ
501 2839 682 2913 ἦλθον
721 2843 949 2897 καλέσαι
982 2842 1250 2906 δικαίους,
1300 2843 1412 2896 ἀλλ’
1439 2844 1785 2915 ἁμαρτωλοὺς

227 2930 297 2992 εἰς
328 2932 650 3000 μετάνοιαν.
685 2951 706 2984 ι
765 2931 878 2985 Καὶ
921 2931 985 3002 δὴ
1016 2932 1193 3002 παρῆν
1224 2934 1334 2995 τοῖς
1371 2934 1586 2997 οἰκείοις
1626 2934 1785 3002 ἀγγέ-

225 3016 356 3081 λοις,
388 3021 579 3081 αὐτοῖς
610 3021 685 3092 δὴ
717 3021 832 3082 τοῖς
863 3020 990 3089 πρὶν
1018 3018 1277 3087 ἐφεστῶσι
1300 3019 1405 3074 τῶν
1442 3019 1629 3084 ἐθνῶν,
1663 3022 1783 3073 ἐπι-

1889 1943 2025 1996 versi
2070 1941 2345 1995 descendit
2384 1930 2765 2004 ad‘homines,
2826 1948 2884 1993 ut
2933 1939 3016 1994 vel
3067 1939 3269 2009 angelis
3304 1937 3417 1992 suis

1888 2046 1984 2100 pro
2022 2031 2297 2084 hominum
2338 2031 2508 2085 salute
2550 2045 2703 2098 opem
2738 2028 2921 2094 ferret,
2963 2044 3085 2082 cum
3118 2028 3218 2081 hoc
3252 2028 3328 2080 illi
3357 2042 3416 2080 se

1888 2121 2198 2190 largiturum
2220 2119 2377 2174 Pater
2392 2127 2545 2174 antea
2561 2120 2916 2187 promisisset,
2937 2127 2990 2172 et
3004 2118 3213 2187 quidem
3235 2131 3417 2186 quem-

1886 2210 2169 2264 admodum
2196 2211 2309 2279 ipse
2335 2210 2385 2262 in
2412 2208 2636 2265 Psalmis
2658 2208 2833 2271 docet,
2863 2208 2954 2261 ubi
2976 2207 3050 2259 ait
3077 2226 3088 2260 :
3115 2225 3132 2255 ι
3158 2205 3414 2260 Dominus

1884 2299 2017 2353 dixit
2048 2301 2113 2354 ad
2144 2315 2257 2354 me:
2287 2297 2457 2353 Filius
2475 2313 2624 2352 meus
2647 2313 2706 2352 es
2733 2305 2813 2360 tu,
2841 2312 2940 2365 ego
2969 2295 3125 2349 hodie
3150 2296 3309 2366 genui
3338 2303 3408 2349 te.

1884 2389 2100 2443 Postula
2147 2404 2176 2442 a
2221 2404 2326 2453 me,
2378 2400 2431 2443 et
2474 2388 2614 2442 dabo
2665 2387 2762 2441 tibi
2814 2394 2999 2456 gentes
3049 2385 3411 2440 haereditatem

1885 2487 2050 2541 tuum,
2094 2486 2149 2550 et
2188 2478 2580 2548 possessionem
2625 2485 2773 2530 tuam
2813 2477 3070 2532 terminos
3124 2484 3278 2532 terra:
3302 2476 3343 2530 ⁸.
3386 2497 3406 2528 ο

1888 2567 2038 2638 163
2070 2565 2184 2622 Non
2210 2567 2370 2637 igitur
2407 2567 2494 2621 ille
2524 2566 2750 2635 amplius
2798 2577 2855 2621 ut
2892 2582 3012 2622 eum
3047 2568 3219 2622 solum
3247 2568 3411 2623 lsrael

1881 2655 1971 2723 qui
1989 2656 2169 2722 justus
2208 2655 2420 2723 quidem
2470 2659 2632 2717 esset,
2670 2654 2763 2709 sed
2803 2655 2939 2709 idem
2994 2655 3115 2710 visu
3168 2671 3412 2724 compre-

1881 2742 2040 2797 hendi
2095 2751 2306 2812 posset,
2358 2758 2532 2812 neque
2572 2732 2642 2797 ut
2692 2746 2858 2799 solam
2892 2745 3156 2814 propriam
3189 2753 3408 2811 sortem,

1880 2832 1971 2886 sed
1997 2841 2052 2885 ut
2074 2846 2260 2886 onmes
2290 2832 2342 2885 in
2382 2833 2538 2888 terris
2569 2821 2775 2902 gentes,
2819 2848 2936 2902 quae
2982 2838 3136 2886 antea
3165 2832 3411 2901 pluribus

1880 2922 2081 2990 angelis
2118 2921 2386 2976 attributa:
2408 2931 2585 2988 erant,
2613 2933 2665 2978 et
2684 2924 2735 2977 in
2767 2924 2943 2977 omnis
2968 2924 3180 2991 generis
3216 2922 3408 2993 impie-

1879 3012 2078 3068 tatzbus
2105 3019 2331 3068 versata:
2384 3019 2544 3082 atque
2601 3013 2890 3082 implicitae,
2941 3014 3042 3067 sub
3073 3028 3227 3067 suam
3258 3020 3410 3082 pote-

226 3107 590 3180 θεωρούμενος
617 3126 631 3138 ·
682 3110 736 3161 οἰ
773 3108 862 3171 δὲ,
909 3106 1103 3161 αὐτίκα
1140 3107 1228 3159 τὸν
1272 3109 1416 3175 σφῶν
1461 3109 1646 3179 βοηθὸν
1691 3111 1777 3163 καὶ

1882 3108 2074 3156 statem
2108 3103 2391 3173 redigeret,
2450 3111 2610 3173 atque
2653 3104 2902 3158 omnibus
2933 3104 3175 3160 notitiam
3198 3110 3251 3159 et
3277 3104 3410 3156 ami-

226 3197 414 3269 Κύριον
464 3195 527 3252 εὖ
584 3197 736 3269 μάλα
785 3197 1027 3269 ἀκριϐῶς
1079 3199 1413 3266 ἐπιγνόντες,
1470 3203 1779 3270 περιχαρεῖς

225 3288 520 3357 προσῆλθον
571 3288 672 3341 καὶ
726 3287 1007 3358 διηκόνουν
1057 3288 1219 3359 αὐτῷ,
1262 3289 1504 3360 ῶσπερὴ
1541 3289 1658 3362 ἰερά
1686 3292 1779 3344 τοῦ

224 3371 552 3442 Εύαγγελίου
584 3375 835 3428 διδάσκει
867 3375 1073 3447 Γραφὴ,
1109 3378 1247 3430 «Kal.
1290 3378 1586 3448 προσῆλθον
1628 3380 1783 3447 ἀγγε-

222 3463 318 3528 λοι,
348 3467 441 3518 καὶ
476 3466 769 3535 διηκόνουν
798 3464 964 3536 αὐτῷ,
991 3485 1010 3518 ι
1053 3468 1299 3537 φήσασα·
1342 3470 1429 3521 ὅτε
1461 3470 1549 3523 καί.
1584 3469 1780 3540 πλῆθος

224 3558 469 3623 στρατιᾶς
503 3553 767 3626 οὐρανίου
801 3554 1088 3608 αἰνούντων
1114 3555 1204 3609 τὸν
1223 3556 1350 3609 Θεὸν
1382 3555 1582 3623 ἔλεγον,
1618 3557 1779 3620 «Δόξα

223 3643 274 3692 ἐν
300 3642 546 3711 ὑψίστοις
573 3642 719 3711 Θεῷ,
752 3644 846 3695 καί.
885 3644 976 3695 ἐπὶ
1000 3644 1102 3712 γῆς
1127 3645 1346 3715 εἰρήνη,
1387 3646 1443 3697 ἐν
1479 3644 1778 3715 ἀνθρώποις

221 3731 448 3787 εὐδοκία.
496 3753 517 3787 ι
590 3733 832 3795 Τούτους
879 3734 975 3802 μὲν
1010 3729 1101 3786 οὖν
1137 3734 1211 3797 ὼς
1256 3734 1483 3797 οἰκείους
1521 3734 1777 3802 ἀγγέλους

217 3820 309 3891 τῆς
336 3823 504 3876 αὐτοῦ
555 3822 850 3893 δεομένους
897 3824 1207 3893 συμμαχίας
1237 3822 1406 3894 ταύτῃ
1446 3841 1518 3895 πη
1549 3824 1779 3895 ἀνελάμ-

219 3912 374 3965 ϐανεο
422 3916 557 3977 τοὺς
595 3914 655 3967 δέ
702 3929 768 3981 γε
812 3912 977 3966 πάλαι
1018 3914 1159 3984 ἀμφὶ
1198 3914 1295 3977 τάς
1337 3915 1630 3986 ἀνθρώπων
1662 3916 1776 3970 δια-

215 4004 398 4072 τριϐάς
447 4004 847 4074 πωτωμένους,
897 4004 1115 4072 ἀφανῶς
1156 4021 1212 4056 τε
1256 4006 1347 4057 καὶ
1389 4006 1638 4076 ἐμφανῶς
1670 4008 1776 4061 τῶν

217 4092 302 4144 ἐπὶ
351 4094 459 4163 γῆς
519 4092 1085 4156 καταδυναστεύοντας
1142 4093 1395 4163 δαίμονας
1448 4095 1773 4167 ἀλιτηρίους,

215 4180 302 4231 καὶ
328 4180 667 4249 πνευμάτων
697 4178 904 4248 ἀγρίων
943 4178 1032 4230 καί.
1061 4178 1279 4247 ἀπηνῶν
1311 4178 1468 4248 γένη,
1506 4180 1594 4233 τόν
1633 4197 1690 4232 τε
1719 4183 1775 4234 ἐν

212 4268 414 4332 τούτοις
460 4270 568 4339 τῆς
616 4269 817 4331 κακίας
863 4266 1182 4338 ἐξάρχοντα,
1229 4268 1319 4321 τὸν
1363 4268 1529 4322 δεινὸν
1573 4271 1774 4324 ἐκεῖνον

214 4358 301 4410 καὶ
341 4359 626 4430 ἀλάστορα
662 4357 875 4429 μεγάλη
926 4358 1020 4412 καί¹
1068 4356 1233 4427 ἐνθέῳ
1272 4358 1495 4428 δυνάμει
1547 4359 1774 4430 τροπού-

1881 3192 2059 3245 citiam
2092 3207 2212 3247 cum
2248 3208 2347 3248 suo
2394 3192 2550 3247 Patre
2582 3180 2937 3267 denuntiaret,
2986 3193 3409 3262 solutionemque

1879 3297 1942 3336 ac
1978 3284 2344 3339 remissionem
2388 3284 2806 3353 ignorantiarum
2853 3300 2915 3338 ac
2958 3293 3295 3354 peccatorum
3351 3300 3409 3340 se

1878 3371 2237 3426 exhibiturum
2290 3374 2641 3441 promitteret,
2694 3374 2857 3437 venit,
2914 3373 3055 3443 quod
3087 3374 3297 3442 quidem
3324 3375 3407 3429 vel

1879 3461 2100 3530 ipsemet
2127 3463 2405 3531 perspicue
2461 3447 2641 3537 docuit
2670 3463 2854 3537 dicens
2904 3479 2916 3513 :
2961 3481 2979 3513 ι
3019 3461 3136 3515 Non
3169 3463 3407 3531 indigent

1876 3549 2009 3604 bene
2028 3550 2264 3605 valentes
2285 3550 2511 3613 medico,
2546 3537 2642 3628 sed
2664 3551 2799 3628 male
2830 3550 3119 3605 habentes:
3150 3566 3254 3604 non
3285 3551 3403 3605 veni

1877 3646 1934 3692 ut
1980 3654 2224 3695 vocarem
2263 3639 2460 3708 justos,
2517 3626 2636 3695 sed
2674 3626 2980 3711 peccatores
3031 3641 3097 3694 ad
3140 3642 3404 3710 poeniten-

1875 3728 2004 3780 tiam
2029 3730 2070 3780 ⁵.
2094 3747 2113 3780 ι
2147 3727 2278 3783 Cum
2312 3729 2490 3799 itaque
2528 3744 2762 3799 praesens
2810 3747 2839 3805 a
2891 3733 3122 3801 propriis
3177 3734 3401 3802 angelis,

1874 3818 1980 3873 illis
2004 3817 2242 3888 inquam,
2279 3819 2370 3888 qui
2399 3820 2549 3889 prius
2590 3822 3114 3895 gentibusprzelecti
3172 3821 3401 3886 fuerant,

1874 3907 2021 3963 visus
2052 3917 2212 3989 esset,
2237 3908 2312 3962 illi
2337 3910 2591 3964 continuo
2632 3927 2787 3966 suum
2818 3913 3114 3981 adjutorem
3143 3928 3406 3983 suumque

1875 3995 2159 4051 Dominum
2189 3997 2381 4067 oppido
2408 4014 2566 4068 quam
2590 4009 2736 4055 certe
2765 4010 2925 4070 atque
2951 4006 3221 4072 explorate
3242 4020 3407 4075 agno~

1873 4092 2101 4148 scentes,
2131 4085 2361 4139 maxima
2390 4100 2510 4140 cum
2548 4088 2727 4141 laetitia
2749 4101 3110 4156 accesserunt,
3130 4093 3284 4162 eique
3304 4095 3407 4147 mi-

1872 4174 2103 4229 nistrare
2121 4184 2419 4242 cmperunt,
2447 4177 2893 4246 quemadmodum
2942 4182 3022 4235 vel
3048 4197 3200 4236 sacra
3233 4181 3406 4235 Evan-

1872 4263 1994 4332 gelii
2023 4264 2178 4319 docet
2210 4262 2488 4335 Scriptura
2508 4266 2597 4320 ubi
2629 4268 2704 4320 ait
2732 4268 3054 4340 'uAngelos
3086 4272 3402 4339 accessisse,

1870 4358 2026 4424 eique
2053 4357 2417 4412 ministrasse:
2447 4376 2465 4408 ι
2488 4357 2612 4411 item
2650 4358 2742 4412 ubi
2764 4371 3144 4415 commemorat
3178 4380 3196 4412 ι
3220 4363 3403 4415 multi-

215 4463 365 4513 μενος
413 4446 728 4518 ἐχειροῦτο,
786 4446 862 4509 ῶς
907 4463 1057 4509 τινας
1110 4446 1552 4517 συναισθομένους
1598 4449 1773 4503 αὐτῶν

1876 4446 2110 4499 tudinem
2166 4446 2367 4499 militiae
2415 4446 2669 4510 caelestis,
2734 4447 3065 4503 laudantium
3113 4448 3279 4506 Deum
3337 4465 3405 4507 ac

211 4534 410 4604 λέγειν·
470 4556 493 4590 ι
529 4539 666 4602 Ἔα,
718 4538 771 4590 τί
821 4539 953 4607 ἡμῖν
1005 4538 1098 4590 καὶ
1144 4539 1257 4598 σοὶ,
1306 4538 1401 4590 Υἱὲ
1459 4538 1551 4591 τοῦ
1598 4538 1761 4605 Osci};

209 4617 365 4690 ἦλθες
394 4625 505 4695 πρὸ
544 4625 737 4696 καιροῦ
773 4625 1058 4694 βασανίσαι
1087 4626 1262 4694 ήμᾶςς
1299 4644 1317 4675 ›
1367 4627 1458 4678 καὶ
1501 4627 1558 4679 δέ
1584 4628 1765 4681 τούσδε

216 4711 327 4779 μὲν,
385 4715 484 4766 καὶ
537 4715 605 4767 δι’
654 4707 729 4766 ὧν
776 4715 1018 4785 ἔπραττε
1066 4714 1157 4765 καὶ
1202 4714 1490 4781 ἐδίδασκεν,
1540 4718 1767 4788 ἰσχυρῶς

212 4802 458 4868 ῂκίζετο’
517 4805 626 4856 πᾶν
680 4803 735 4856 δὲ
785 4804 848 4855 τὸ
897 4800 1236 4871 ἀνθρώπινον
1287 4803 1470 4870 γένος,
1522 4810 1632 4870 τοῖς
1688 4808 1781 4862 διά

213 4887 376 4957 λόγων
412 4893 644 4962 ἡμέρων
700 4893 796 4945 καὶ
850 4892 1144 4963 προσηνέσι
1194 4893 1512 4961 φαρμάκοις,
1554 4900 1672 4959 ταῖς
1713 4913 1771 4949 τε

215 4982 403 5047 πραέσι
440 4984 545 5033 καὶ
582 4983 1011 5053 προτρεπτικαῖς
1055 4978 1214 5032 αὑτοῦ
1246 4980 1618 5051 διδασκαλίαις,
1652 4988 1766 5041 ἰᾶτο

216 5070 301 5120 καὶ
334 5070 660 5140 ἐθεράπευε,
707 5074 883 5126 νόσων
922 5086 984 5122 τε
1027 5069 1286 5122 παντοίων
1327 5072 1416 5122 καί⁵
1457 5075 1638 5129 παθῶν
1668 5080 1765 5149 οὐχ

216 5152 364 5227 ἧττον
420 5161 689 5229 σωμάτων
742 5162 776 5231 ἢ
822 5158 1018 5228 ψυχῶν
1080 5157 1400 5226 ἀπήλλαττε,
1432 5163 1658 5229 παλαιᾶς
1704 5184 1764 5221 τε

216 5247 624 5321 δεισιδαιμονίας
656 5252 750 5304 καὶ
780 5247 1061 5316 δειμάτων
1110 5245 1355 5298 πολυθέου
1403 5248 1630 5322 πλάνης,
1668 5256 1763 5325 τῆς

111 5380 128 5407 ,
221 5351 271 5387 τε
323 5341 559 5409 αἰσχρᾶς
616 5340 711 5393 καὶ
753 5336 1064 5390 ἀκολάστου
1115 5332 1344 5403 διαίτης,
1383 5336 1584 5402 πάντας
1641 5346 1761 5408 τοὺς

218 5427 532 5492 προσιόντας
574 5426 898 5496 ἐλευθέρους
923 5422 1116 5489 ἀφεὶς,
1158 5420 1408 5488 μεθιστῶν
1439 5443 1500 5478 τε
1538 5432 1629 5482 καὶ
1664 5450 1758 5501 με-

224 5514 486 5568 ταϐάλλων
542 5518 664 5580 τοὺς
713 5512 871 5580 αὐτῷ
922 5510 1337 5578 προσανέχοντας
1385 5514 1446 5566 ἐκ
1491 5518 1590 5585 μὲν
1636 5520 1762 5575 ἀχοᾲ

222 5602 391 5664 λασίας
421 5605 515 5658 ἐπὶ
543 5605 803 5674 σώφρονα
840 5599 977 5666 βίον,
1019 5599 1085 5649 ἐκ
1122 5598 1176 5650 δὲ
1216 5599 1450 5665 ἀσεόείας
1487 5606 1577 5659 ἐπὶ
1615 5611 1765 5663 εύσέ-

1869 4534 2403 4590 ιίἰοεηιὶυῐιιεϐιοτίε
2456 4537 2510 4590 in
2563 4538 2839 4592 altissimis
2871 4539 2997 4600 Deo.
3059 4549 3112 4595 et
3155 4545 3209 4596 in
3260 4551 3403 4597 terra

1872 4640 1996 4694 pax,
2035 4623 2088 4676 in
2135 4623 2439 4680 hominibus
2490 4626 2629 4681 bona
2685 4628 2932 4684 voluntas
2965 4630 3050 4683 ⁷.»
3110 4630 3217 4685 Hos
3242 4632 3402 4699 igitur

1871 4723 2125 4781 tanquam
2170 4715 2412 4782 proprios
2451 4717 2686 4784 angelos,
2739 4719 2822 4770 sui
2877 4718 3046 4787 ipsius
3103 4719 3401 4787 indigentes

1868 4802 2056 4855 auxilii
2079 4804 2157 4856 sic
2195 4818 2323 4857 sane
2357 4805 2559 4873 recepit
2584 4820 2597 4855 :
2622 4805 2714 4875 qui
2736 4820 2861 4860 vero
2881 4806 2993 4875 jam
3016 4806 3106 4859 diu
3132 4807 3187 4859 in
3209 4807 3399 4862 mediis

1870 4890 2178 4945 hominibus
2208 4893 2558 4947 versabantur
2588 4901 2641 4948 et
2659 4893 2969 4958 volitabant,
2997 4894 3195 4963 quique
3228 4904 3279 4948 et
3302 4898 3399 4951 ob-

1869 4996 2025 5036 scure
2058 4988 2110 5034 et
2133 4980 2404 5037 evidenter
2424 4984 2478 5037 in
2509 4992 2650 5037 terra
2671 5022 2685 5047 ,
2714 4986 3006 5053 potentiam
3047 4994 3205 5055 atque
3231 4988 3397 5057 impe-

1868 5071 2357 5135 riumobtinebant,
2401 5089 2494 5129 eos
2550 5077 2750 5144 ingenti
2801 5075 3086 5144 divinaque
3134 5087 3398 5146 potestate

1869 5161 2078 5231 fugatos
2110 5161 2339 5230 subegit,
2392 5164 2657 5220 dmmones
2701 5166 2883 5235 utique
2926 5169 3278 5235 perniciosos,
3332 5187 3397 5224 ac

1869 5253 2149 5321 spirituum
2181 5254 2465 5321 agrestium
2503 5262 2661 5323 atque
2714 5255 2996 5309 immitium
3029 5273 3245 5326 genera,
3289 5275 3396 5313 una

1867 5358 1986 5397 cum
2024 5359 2088 5398 eo
2117 5344 2205 5412 qui
2231 5345 2369 5397 inter
2397 5342 2494 5398 bos
2515 5344 2728 5399 malitia:
2782 5346 3135 5414 principatum
3166 5346 3390 5406 obtinet,

1865 5433 2209 5489 callidissimo
2250 5434 2492 5488 videlicet
2522 5434 2632 5495 illo,
2687 5444 2845 5505 atque
2895 5436 3256 5504 impurissimo
3285 5435 3394 5489 dae-

1866 5538 2042 5588 mone,
2076 5524 2215 5579 sicut
2245 5539 2428 5578 eorum
2486 5525 2724 5578 nonnulli
2778 5527 3066 5581 sentientes
3098 5527 3383 5580 dixerunt:

1875 5632 1891 5664 ι
1918 5612 2052 5677 Quid
2082 5613 2233 5667 nobis
2256 5621 2308 5666 et
2341 5612 2455 5678 tibi,
2489 5612 2588 5667 Fili
2629 5614 2754 5668 Dei?
2786 5616 2976 5669 venisti
3032 5623 3154 5669 ante
3179 5625 3386 5679 tempus

291 5750 311 5779 ⁸
332 5749 476 5806 Deut.
504 5770 653 5816 nni,
673 5756 827 5813 9.13.
906 5747 925 5778 δ
957 5744 1102 5799 Psa'l.
1139 5763 1197 5810 ιι,
1226 5748 1271 5809 7,
1297 5749 1343 5804 8.
1420 5755 1438 5784 ⁸
1464 5754 1592 5811 Luc.
1631 5775 1685 5825 v,
1716 5762 1774 5815 51

1876 5764 1900 5815 Ξ
1997 5765 2014 5795 ⁸
2046 5765 2233 5820 Matth.
2269 5781 2339 5829 iv,
2365 5764 2442 5819 ll.
2520 5776 2539 5806 τ
2568 5767 2697 5822 Luc.
2729 5785 2787 5833 ll,
2822 5770 2899 5829 l5.
2955 5768 3034 5819 ll.
