3862 6364
681 421 784 476 279

1328 416 1591 472 EUSEBII
1628 415 2099 471 CESARIENSlS
2135 410 2280 467 OPP.
2317 412 2510 466 PARS.
2551 413 2592 467 ι.
2630 442 2699 453 -—
2735 409 2853 465 APO

1665 415 2099 470 :ESARIENSIS
2135 410 2280 467 ore.
2317 412 2510 466 mas.
2551 413 2592 467 ι.
2630 442 2699 453 -
2735 370 3190 466 ΑΡοιᾷοειξτιοΑ.

682 541 931 598 torquere
959 545 1054 584 nos
1073 530 1131 582 '?
1158 550 1175 581 ι
1205 537 1257 584 et
1288 529 1386 583 hos
1413 528 1625 596 quidem
1652 543 1746 596 per
1773 542 1835 582 ea
1888 542 2006 595 quae
2031 534 2085 579 et
2126 524 2201 576 te-

2045 534 2085 579 at
2126 524 2201 576 l'e-
2230 522 2277 575 Α
2303 521 2481 586 ϐειαν,
2530 524 2617 576 καὶ
2666 522 2723 588 ἐξ
2769 522 2970 585 ἀδικίας
3027 521 3112 575 ἐπὶ
3156 512 3453 579 δικαιοσύνην,
3496 506 3570 559 ναὶ

682 622 753 675 cit
778 629 829 674 et
856 619 1035 672 docuit
1062 617 1387 672 validissime
1424 617 1617 672 cecidit
1648 632 1663 669 :
1692 632 1848 671 omne
1891 625 2065 670 autem
2096 615 2196 667 hu-

679 723 896 760 manum
927 722 1092 775 genus
1119 707 1497 760 allocutionum
1548 705 1843 759 mansuetis
1868 720 1930 759 ac
1959 702 2202 773 placidis,

677 799 827 867 quasi
859 796 1283 857 medicamentis,
1319 799 1538 864 suisque
1569 796 1739 864 ipsius
1770 795 1978 849 blandis
2007 794 2204 847 exhor-

677 885 971 940 tationibus
1002 902 1064 939 ac
1092 886 1425 938 documentis
1455 886 1685 948 sanavit,
1729 894 1781 938 et
1826 885 1894 938 ab
1915 885 2089 939 omnis
2119 899 2207 953 ge-

675 978 820 1033 neris
867 979 1068 1032 morbis
1099 994 1159 1031 ac
1209 977 1718 1046 perturbationibus,
1743 992 1848 1029 non
1871 977 2047 1029 minus
2082 991 2205 1028 cor-

675 1083 861 1137 porum
888 1083 1044 1135 quam
1088 1068 1385 1121 animorum
1440 1067 1682 1119 liberavit
1709 1084 1721 1116 :
1756 1080 1985 1134 cumque
2012 1066 2078 1117 ab
2110 1080 2206 1117 an-

674 1158 821 1226 tiqua
853 1158 1248 1231 superstitione,
1272 1171 1333 1209 ac
1362 1156 1655 1210 terroribus
1688 1170 1822 1225 quos
1862 1171 2015 1209 error
2070 1154 2206 1207 mul-

675 1246 919 1299 titudinis
962 1245 1181 1300 deorum
1212 1244 1482 1307 afferebat,
1525 1250 1685 1312 atque
1710 1258 1741 1296 a
1776 1243 1919 1311 turpi
1958 1243 2207 1311 petulan-

676 1337 819 1404 tique
850 1337 1011 1397 victu,
1055 1351 1239 1390 omnes
1271 1350 1329 1389 se
1372 1334 1629 1387 adeuntes
1661 1335 1865 1387 solutos
1893 1333 2200 1393 dimitteret,

674 1426 1082 1494 traduceretque
1114 1440 1175 1479 ac
1205 1433 1435 1478 mutaret
1482 1439 1596 1488 eos,
1635 1425 1726 1493 qui
1759 1425 1990 1492 seipsum
2021 1423 2203 1474 obser-

672 1524 877 1580 varent,
913 1531 940 1569 a
972 1517 1098 1568 luxu
1126 1514 1191 1567 ad
1222 1515 1557 1577 modestiam,
1590 1515 1655 1567 ab
1696 1514 1966 1582 impietate
1995 1512 2057 1564 ad
2092 1511 2204 1579 pie-

674 1613 855 1669 tatem,
879 1605 945 1657 ab
974 1604 1230 1677 iniustitia
1270 1603 1423 1673 16h.
1443 1603 1507 1656 ad
1539 1603 1824 1671 justitiam,
1861 1617 1922 1654 ac
1951 1610 2202 1670 praeterea

670 1708 702 1745 a
723 1693 1018 1747 crudelium
1046 1693 1344 1747 daemonum
1375 1701 1655 1761 potestate,
1709 1693 1773 1745 ad
1808 1694 2038 1746 divinam
2068 1707 2204 1745 verte

668 1784 881 1852 pietatis
911 1785 1459 1852 comprehensionem,
1492 1793 1761 1853 postremo
1807 1784 2040 1837 cmiestis
2061 1784 2199 1841 vitae,

2311 614 2403 665 καὶ
2435 615 2497 665 ὲκ
2534 613 2631 680 τῆς
2679 612 2787 664 τῶν
2833 612 3039 681 πικρῶν
3084 608 3300 678 δαιμόνων
3335 598 3584 653 δυναστείας

2310 702 2404 770 τὴν
2443 701 2616 753 ἔνθεον
2660 702 2951 770 κατάληψιν
2987 702 3080 769 τῆς
3114 695 3300 766 ἀληθοῦς
3337 688 3583 749 εὐσεϐείας

2310 792 2524 860 προσέτι
2555 791 2755 853 τούτοις
2791 791 2959 852 πύλας
2988 789 3202 859 οὐρανίου
3234 786 3383 855 ζωῆς,
3424 782 3506 835 καὶ
3530 781 3586 850 τῆ

2309 882 2578 933 εὐσέϐειαν
2607 882 2943 943 διδασκαλίας
2969 884 3078 943 τοῖς
3106 879 3201 932 καθ’
3227 878 3332 945 ὅλης
3354 874 3453 945 τῆς
3475 878 3586 926 οἶκον.

2310 970 2480 1023 ἔθνεσι
2519 972 2926 1042 προϊσχόμενοςο
2975 971 3067 1024 καὶ
3088 972 3153 1031 είς
3182 964 3392 1020 τοσοῦτόν
3432 982 3489 1031 γε
3522 964 3585 1015 κά

2309 1060 2381 1122 ὼς
2415 1061 2486 1130 μὴ
2521 1062 2674 1130 μόνον
2710 1062 2972 1129 κάμνουσι
3009 1060 3096 1112 καὶ
3126 1054 3332 1127 χαλεπῶς
3363 1053 3576 1120 νοσηλευι

2308 1150 2403 1212 τὰς
2442 1150 2614 1219 ψυχὰς
2671 1150 2767 1219 τὴν
2826 1151 3087 1219 σωτήριον
3143 1146 3296 1216 ὀρέξαι
3347 1143 3539 1208 δεξιὰν,

2309 1239 2400 1289 καὶ
2436 1237 2494 1301 ἐξ
2538 1238 2710 1290 αὐτῶν
2748 1238 2854 1291 τῶν
2898 1237 3079 1289 πυλῶν
3126 1235 3202 1287 τοῦ
3241 1232 3440 1285 θανάτου
3484 1231 3567 1281 τού

2310 1327 2529 1397 θνῆτας,
2572 1328 2604 1397 ἢ
2644 1328 2735 1379 καὶ
2778 1328 3007 1395 πάμπαν
3049 1324 3349 1385 ἀπολωλότας
3388 1323 3446 1373 ἐκ
3485 1337 3578 1390 μακ

2308 1416 2812 1487 κατορωρυγμένους
2837 1416 2943 1467 τῶν
2972 1415 3182 1467 Θανάτου
3211 1410 3352 1464 λῦσαι
3381 1409 3575 1480 δεσμῶν

2311 1506 2536 1575 μάλιστα
2578 1507 2751 1558 αἰτίαν
2781 1507 2873 1558 καὶ
2908 1505 3067 1576 μέχρι
3102 1504 3196 1557 τῶν
3222 1501 3390 1554 αὐτόθι
3419 1500 3578 1570 χωρία

2309 1614 2396 1649 σεν
2429 1594 2573 1664 αὐτῷ
2613 1596 2905 1666 ἐνεργείας,
2943 1596 3016 1656 ὡς
3050 1594 3111 1647 ἂν
3141 1592 3204 1662 μὴ
3237 1592 3380 1660 μόνον
3414 1588 3576 1653 ζώντιι

2308 1688 2397 1739 καὶ
2447 1688 2647 1758 νεκρῶν
2700 1686 3052 1757 κυριεύσειεν.
3100 1685 3213 1737 Ὅτε
3263 1683 3353 1752 μὲν
3389 1677 3477 1733 οὖν
3519 1681 3579 1750 τῇ

2310 1776 2538 1837 σύνεστι,
2580 1776 2672 1827 καὶ
2706 1775 2800 1844 τὴν
2844 1774 2950 1827 τῶν
2983 1774 3115 1826 ὅλων
3141 1772 3374 1843 πρόνοιαν
3410 1771 3573 1839 ὲνθὲῳ

669 1851 1044 1944 doctrinaeque
1064 1877 1277 1946 pietatis
1307 1851 1510 1945 portas,
1536 1876 1783 1946 gentibus
1804 1891 1897 1944 per
1922 1882 2089 1927 totum
2116 1889 2194 1927 or-

2045 1889 2203 1927 mor-
2232 1851 2275 1907 Β
2302 1865 2649 1936 διακυϐερνᾷ,
2692 1864 2916 1935 οὐρανοῦ
2957 1863 3118 1916 αὑτοῦ
3163 1863 3248 1915 καὶ
3287 1863 3386 1932 γῆς
3428 1862 3559 1931 epos

669 1964 788 2018 bern
817 1973 1028 2033 apertas
1056 1966 1379 2030 ostenderet,
1409 1980 1579 2032 usque
1601 1965 1732 2018 adeo
1750 1965 1982 2032 seipsum
2015 1964 2206 2018 demit-

670 2053 835 2118 tebat,
866 2062 923 2105 ut
943 2068 1047 2106 non
1065 2055 1235 2108 solum
1258 2055 1643 2117 laborantibus,
1670 2055 2005 2123 graviterque
2027 2054 2205 2107 animo

670 2142 1053 2209 aegrotantibus
1081 2143 1367 2196 salutarem
1403 2143 1645 2197 dextram
1676 2142 1993 2211 porrigeret,
2021 2158 2205 2196 verum

646 2232 827 2315 ‘etiam
865 2232 931 2288 de
960 2234 1091 2303 ipsis
1117 2234 1226 2303 jam
1261 2236 1433 2305 portis
1462 2234 1652 2288 mortis
1702 2236 2095 2296 semimortuos,
2123 2237 2204 2290 vel

668 2334 760 2373 eos
782 2336 994 2391 quoque
1050 2324 1141 2391 qui
1204 2324 1416 2393 penitus
1449 2323 1813 2385 interiissent,
1860 2323 2076 2391 jamque
2113 2323 2204 2376 diu

669 2409 862 2477 sepulti
891 2421 1091 2477 essent,
1126 2427 1153 2464 a
1186 2415 1374 2468 mortis
1404 2413 1634 2466 vinculis
1681 2412 1938 2466 solveret:
1992 2421 2207 2481 propter

666 2512 827 2566 quam
858 2501 1085 2553 maxime
1110 2517 1348 2564 causam,
1400 2501 1601 2554 illi.l'uit
1639 2516 1775 2569 opus
1810 2501 1874 2553 ad
1899 2502 1986 2552 illa
2037 2517 2207 2570 usque

669 2590 784 2643 loca
822 2589 1109 2643 eilicaciam
1140 2591 1329 2660 agendi
1378 2604 1691 2659 propagare,
1742 2598 1801 2642 ut
1822 2590 2066 2644 videlicet
2097 2606 2205 2644 non

670 2681 839 2734 solum
860 2681 912 2733 in
939 2680 1093 2743 vivis,
1120 2696 1300 2734 rerum
1323 2682 1479 2734 etiam
1503 2683 1554 2733 in
1576 2681 1803 2734 mortuis
1819 2680 2202 2739 dominaretur.

667 2768 802 2821 Dum
834 2769 992 2836 igitur
1018 2783 1137 2821 cum
1167 2768 1322 2822 Patre
1347 2778 1447 2834 est,
1479 2777 1637 2836 atque
1666 2770 1896 2823 universi
1922 2769 2205 2837 providen-

668 2856 799 2910 tiam
824 2856 1003 2909 divina
1046 2857 1240 2911 virtute
1272 2857 1644 2919 administrat,
1676 2857 1868 2911 cmlum
1899 2858 2072 2927 ipsum
2100 2874 2203 2912 una

669 2961 793 3003 eum
825 2955 987 3012 terra,
1021 2955 1073 3002 et
1102 2957 1321 3003 naturas
1349 2964 1467 3017 quae
1494 2949 1549 3001 in
1592 2945 1700 3003 illis
1736 2949 2094 3012 continentur,
2125 2959 2204 3002 at—

669 3052 774 3107 que
804 3052 893 3092 eas
919 3052 1037 3107 qua:
1061 3052 1223 3107 supra
1250 3037 1443 3091 cmlum
1478 3037 1865 3105 intelliguntur,
1901 3035 2110 3090 divinas
2150 3044 2204 3090 et

669 3127 1013 3197 incorporeas
1065 3134 1246 3181 tuetur
1288 3133 1341 3181 et
1393 3133 1567 3189 curat,
1598 3126 1691 3180 Dei
1722 3126 1975 3190 Verbum,
2029 3138 2082 3181 et
2109 3126 2201 3181 Dei
2228 3148 2274 3209 ε

672 3218 955 3286 sapientia,
996 3227 1050 3272 et
1096 3216 1189 3272 Dei
1226 3218 1414 3279 virtus,
1474 3224 1527 3271 et
1580 3217 1850 3286 princeps.
1887 3226 1940 3273 et
1988 3218 2117 3279 dux,
2150 3224 2202 3271 et

669 3320 783 3360 rex.
804 3306 945 3370 Quin
968 3306 1124 3360 etiam
1149 3312 1202 3360 et
1232 3304 1372 3359 Deus
1392 3314 1444 3359 et
1473 3302 1730 3360 Dominus
1760 3307 1814 3359 in
1859 3304 2052 3359 divinis
2082 3319 2203 3358 ora-

668 3395 806 3449 culis
833 3410 955 3448 cum
984 3394 1140 3449 laude
1163 3404 1216 3450 et
1242 3396 1408 3465 gloria
1438 3397 1765 3459 nominatur,
1798 3404 1850 3449 et
1878 3395 2204 3450 illuminator

668 3483 883 3553 quidem
938 3484 1374 3554 incorporearum
1432 3484 1941 3554 intelligentiumque
1985 3494 2201 3538 natura-

668 3589 808 3631 rum.
845 3573 937 3628 Sol
965 3575 1330 3644 verojustitiaa
1358 3589 1420 3628 ac
1442 3575 1617 3629 lumen
1638 3574 1879 3628 veritatis
1901 3582 1981 3629 est
2001 3574 2198 3636 dictus,

668 3663 761 3734 «fui
810 3663 1077 3719 subservit
1143 3673 1301 3731 atque
1351 3679 1563 3732 operam
1598 3678 1750 3718 suam
1802 3664 2065 3718 immiscet
2113 3680 2202 3734 pa-

669 3755 836 3809 ternis
865 3752 1322 3820 dispositionibus.
1353 3769 1418 3807 ex
1442 3768 1549 3821 quo
1583 3764 1636 3807 et
1665 3752 1842 3808 Patris
1870 3753 2113 3807 minister
2150 3763 2203 3807 et

670 3841 845 3909 opifex
878 3850 1232 3908 nuncupatur.
1281 3840 1440 3894 Solus
1469 3856 1597 3895 vero
1649 3848 1798 3896 certo
1838 3840 2024 3894 ordine
2056 3841 2202 3894 novit

672 3929 781 3982 Deo
809 3929 1194 3995 obtemperare,
1250 3930 1341 3997 qui
1394 3928 1555 3982 etiam
1611 3928 1850 3982 medicus
1897 3928 2196 3990 intercedit,

672 4022 813 4073 inter
837 4018 999 4073 Deum
1022 4019 1108 4086 qui
1123 4019 1330 4087 genitus
1354 4034 1459 4073 non
1488 4026 1589 4081 est,
1618 4028 1671 4072 et
1702 4033 1793 4071 eas
1818 4033 1906 4072 res
1932 4032 2049 4086 qua:
2081 4029 2199 4086 post

674 4111 845 4179 ipsum
870 4107 1059 4177 genitae
1081 4116 1224 4170 sunt,
1268 4109 1358 4177 qui
1386 4108 1959 4163 universicurationem
1992 4122 2200 4161 assum-

671 4200 801 4269 psit,
832 4209 882 4253 et
913 4199 1061 4250 Patri
1091 4214 1185 4267 pro
1211 4199 1459 4253 omnibus
1505 4199 1596 4268 qui
1634 4198 1709 4251 illi
1743 4204 1927 4266 parent
1948 4204 2029 4250 est
2070 4212 2200 4250 con-

675 4293 915 4342 secratus
932 4287 1182 4354 solusque
1211 4285 1358 4339 illum
1386 4288 1633 4339 omnibus
1659 4286 1837 4338 mitem
1888 4283 2200 4352 pr0pitium-

672 4393 783 4447 que
822 4376 1017 4440 reddit,
1071 4376 1161 4445 qui
1223 4375 1466 4430 Pontifex
1524 4384 1775 4436 aeternus,
1831 4388 1894 4427 ac
1942 4378 2197 4441 prteterea

2302 1959 2358 2008 ὲν
2398 1955 2601 2017 τούτοις
2643 1953 3039 2025 περιεχομένων
3083 1953 3281 2021 φύσεων
3334 1951 3437 2003 τῶν
3475 1967 3536 2001 τε

2301 2046 2523 2116 οὐρανοῦ
2566 2046 2719 2098 θείων
2752 2046 2844 2098 καὶ
2875 2041 3393 2113 ἀσωμάτωνόὐσιῶν
3435 2044 3580 2094 ὲπισι

2303 2135 2614 2204 ἐπιμέλεται
2649 2133 2782 2186 Θεοῦ
2816 2134 3019 2200 Λόγος,
3062 2133 3154 2185 καὶ
3178 2132 3308 2185 Θεοῦ
3349 2134 3547 2202 σοφία,

2301 2223 2523 2292 δύναμις
2575 2223 2751 2291 ἄρχων
2809 2237 2868 2273 τε
2921 2221 3012 2273 καὶ
3062 2220 3355 2290 ἡγούμενος
3425 2224 3523 2275 καὶ

2306 2312 2440 2379 Ἤδη
2472 2310 2526 2362 δὲ
2552 2312 2644 2363 καὶ
2672 2310 2799 2372 Θεὸς
2830 2310 2923 2363 καὶ
2946 2309 3142 2380 Κύριος
3167 2311 3223 2362 ὲν
3250 2313 3368 2374 τοῖς
3398 2312 3571 2375 θείοις

2303 2403 2685 2471 ἀνευφημεῖται
2712 2440 2725 2464 ,
2777 2401 2872 2454 καὶ
2925 2401 3167 2468 φωτίζων
3222 2402 3321 2472 μὲν
3381 2404 3488 2466 τὰς
3546 2406 3580 2457 ἀ

2302 2490 2393 2540 καί
2430 2488 2617 2557 νοεράς
2654 2487 2859 2555 φύσεις.
2906 2488 3093 2550 ’Ἥλιος
3139 2488 3193 2540 δὲ
3230 2490 3582 2563 δικαιοσύνης

2302 2571 2550 2639 ἀληθινὸν
2615 2572 2928 2641 ἁνείρηται,
2983 2574 3269 2644 ὑπουργῶν
3326 2577 3389 2629 δὲ
3443 2581 3547 2633 xai.

2301 2663 2417 2722 ταῖς
2444 2659 2536 2713 τοῦ
2565 2662 2773 2732 Πατρὸς
2825 2662 3150 2728 διατάξεσιν,
3206 2667 3497 2738 ὑπουργὸς
3547 2689 3579 2722 τ

2302 2751 2394 2801 καὶ
2436 2751 2758 2820 δημιουργὸς
2801 2753 3145 2823 χρηματίζει.
3205 2757 3377 2811 Ἀλλὰ
3421 2761 3526 2812 xui.
3565 2780 3582 2830 ι

2301 2840 2448 2905 τάξιν
2489 2840 2641 2903 εἰδὼς
2669 2841 2988 2912 θεραπεύειν
3018 2846 3173 2910 Θεὸν,
3212 2848 3390 2917 μέσος
3434 2868 3503 2903 τε
3550 2854 3576 2904 ὲ

2300 2929 2390 2981 τοῦ
2435 2931 2722 3000 ἀγεννήτου
2758 2932 2851 2983 καὶ
2887 2932 2995 2985 τῶν
3024 2936 3143 3004 μετ’
3174 2937 3348 2990 αὑτὸν
3398 2957 3579 3011 γενητ

2302 3019 2405 3073 τῶν
2451 3018 2586 3072 ὅλων
2626 3018 3045 3091 ἀναδεδεγμένος
3093 3027 3372 3095 φροντίδα
3394 3069 3411 3094 ,
3460 3033 3571 3084 καὶ

2302 3110 2550 3181 ὑπηκόων
2591 3112 2839 3165 ἁπάντων
2883 3114 3177 3185 ἱερώμενος
3219 3118 3306 3188 τῷ
3346 3122 3582 3193 Πατρὶ,

2302 3202 2459 3254 αὐτὸν
2485 3204 2597 3264 τοῖς
2629 3204 2790 3256 πᾶσιν
2822 3205 3024 3275 εὐμενῆ
3061 3207 3160 3258 καὶ
3189 3207 3369 3262 ἵλεων
3409 3214 3578 3283 ποιρέ

2303 3294 2428 3364 ρεὺς
2456 3291 2687 3356 αἰώνιος,
2731 3296 2822 3348 καὶ
2857 3295 2920 3367 δὴ
2951 3299 3191 3366 Χριστὸς
3227 3300 3339 3353 τοῦ
3377 3305 3583 3377 Πατρί

2304 3384 2532 3452 ρεύεται,
2560 3382 2698 3435 οὕτω
2726 3386 2820 3437 καὶ
2847 3385 3119 3456 Ἑϐραίοις
3144 3390 3439 3459 Χριστῶν
3473 3397 3581 3448 ἐπι

2300 3477 2463 3528 πάλαι
2504 3475 2610 3527 τῶν
2653 3475 2749 3545 τὴν
2787 3478 2971 3529 εἰκόνα
3025 3477 3124 3530 τοῦ
3186 3482 3448 3552 πρώτου
3507 3487 3582 3540 δια

2302 3567 2699 3620 ἐπιτελούντων.
2749 3569 2859 3620 Καὶ
2914 3569 3003 3620 ϐτε
3060 3571 3165 3639 μὲν
3249 3575 3562 3643 ἀγγέλοις

2300 3658 2589 3719 ἐπιστατεῖ,
2645 3656 2883 3726 μεγάλης
2938 3657 3143 3728 βουλῆς
3186 3661 3469 3729 ἄγγελος
3518 3670 3582 3720 ἀγ

2301 3746 2391 3798 καὶ
2409 3745 2514 3797 τῶν
2542 3747 2659 3798 κατ’
2681 3746 2904 3817 οὐρανὸν
2926 3746 3208 3816 στρατιῶν
3236 3751 3405 3819 ἡγοῦ
3419 3772 3581 3824 μενο

2298 3851 2458 3902 τηγος
2485 3835 2757 3902 δυνάμεως
2798 3835 2999 3903 Κυρίου
3031 3832 3212 3889 εἶναι·
3271 3841 3401 3912 ἥδη
3432 3844 3507 3897 δὲ
3542 3864 3580 3899 x

2299 3926 2439 3996 τῇδε,
2480 3925 2633 3995 ἡμῶν
2658 3941 2716 3977 τε
2741 3925 2917 3978 αὐτῶν
2946 3926 3048 3995 τῆς
3083 3927 3355 4001 λογικῆς
3424 3936 3582 4002 φῦσε

2303 4016 2431 4077 ίδίας
2460 4014 2642 4076 αὑτοῦ,
2671 4016 2827 4086 χάριν
2856 4017 3086 4083 εἰκόνος,
3122 4020 3364 4088 φιλανθ
3374 4030 3580 4095 ρωπίς

2300 4103 2834 4174 ἀντιλαμϐανόμενος,
2887 4105 3022 4159 καθὸ
3066 4108 3182 4177 μὲν
3232 4110 3425 4167 ἔοικε
3479 4135 3569 4189 νη

2299 4195 2389 4247 καὶ
2446 4194 2603 4246 οἱονεὶ
2654 4195 3011 4265 βοσκημάτων
3033 4237 3048 4261 ,
3105 4204 3364 4273 ποιμὴν
3440 4208 3578 4262 ὠνά

2299 4285 2501 4338 ϐάτων·
2557 4285 2688 4337 καθὸ
2741 4286 2795 4338 δὲ
2853 4286 3039 4357 ψυχῶν
3107 4293 3448 4361 ὲμπαθῶν
3523 4319 3578 4352 τ·

2303 4375 2703 4443 ἐπαγγέλλεται,
2725 4376 2909 4446 Σωτὴρ
2936 4378 3028 4457 καὶ
3061 4380 3288 4452 ἰατρὸς
3337 4388 3575 4443 εἰκότι

673 4466 918 4522 Christus
956 4465 1128 4519 Patris
1182 4473 1423 4518 vocatur.
1481 4463 1569 4518 Sic
1620 4464 1760 4516 enim
1781 4461 1920 4531 apud
1951 4459 2197 4517 Hebraeos

2048 4476 2197 4517 trusos
2229 4465 2273 4519 D
2299 4464 2466 4517 Τοῦτο
2507 4463 2696 4534 γοῦνή
2737 4466 2865 4534 παρ’
2916 4462 3214 4537 Ἑϐραίοις
3277 4474 3407 4527 τοῦ
3487 4480 3573 4532 ‘Ir

674 4558 799 4612 olim
838 4556 1259 4625 appellabantur,
1290 4552 1383 4620 qui
1411 4551 1695 4619 imaginem
1733 4551 1891 4619 primi
1934 4566 2029 4621 per
2056 4566 2203 4619 quaa-

673 4649 794 4701 dam
827 4651 976 4718 signa
1007 4645 1327 4707 referebant,
1367 4659 1429 4698 ac
1476 4644 1603 4697 dum
1655 4644 1961 4712 angelorum
1991 4643 2203 4712 quidem

675 4740 953 4794 ordinibus
991 4740 1236 4806 imperat,
1263 4745 1418 4804 atque
1458 4735 1522 4789 iis
1568 4742 1779 4804 praeest,
1815 4735 1988 4804 magni
2028 4736 2204 4789 consi-

674 4827 730 4878 lii
787 4828 1007 4895 angelus
1032 4841 1150 4881 esse
1177 4823 1394 4886 dicitur,
1454 4830 1507 4877 et
1567 4822 1768 4875 militiae
1803 4822 2038 4877 cmlestis
2070 4823 2199 4884 dux,

676 4927 739 4967 ac
796 4918 1059 4970 maximus
1108 4914 1379 4983 ecpiarum
1436 4911 1643 4967 Domini
1702 4913 2008 4982 imperator.
2068 4911 2201 4965 Dum

689 5016 819 5055 vero
843 5007 908 5058 ad
944 5006 1058 5060 lucc
1090 5012 1273 5059 nostra
1333 5003 1628 5066 descendit,
1670 5013 2011 5075 nostramque
2058 5004 2203 5073 ipso—

679 5104 799 5143 rum
823 5094 1131 5147 rationalem
1163 5102 1425 5158 naturam,
1485 5103 1536 5149 et
1579 5109 1689 5148 suae
1742 5095 1988 5167 imaginis
2016 5109 2198 5155 causa,

679 5185 731 5230 et
762 5177 994 5233 bonitate
1030 5180 1202 5235 Patris
1227 5185 1470 5247 assumit,
1530 5199 1594 5238 ex
1628 5200 1733 5253 quo
1785 5201 1914 5240 sane
1966 5182 2203 5253 parvulis

680 5272 840 5332 atque
912 5266 1326 5333 insipientibus,
1409 5288 1470 5327 ac
1547 5275 1925 5342 propemodum
1996 5274 2202 5340 pecori-

681 5353 781 5406 bus
829 5353 1090 5421 imperare
1114 5354 1336 5421 videtur,
1393 5372 1574 5429 pastor
1627 5364 1806 5417 ovium
1863 5363 2038 5417 dictus
2095 5369 2196 5416 est.

681 5442 954 5507 Quatenus
1007 5457 1133 5494 vero
1195 5446 1492 5502 animarum
1529 5454 1893 5517 aegrotantium
1942 5451 2199 5506 medelam

678 5531 986 5600 pollicetur,
1033 5530 1225 5585 merito
1287 5532 1530 5591 Salvator
1583 5553 1643 5593 ac
1709 5542 1947 5598 medicus
1984 5539 2198 5593 dicitur.

749 5697 975 5753 ‘Matth.
1015 5715 1127 5766 vm,
1164 5701 1250 5755 29.

2306 4553 2651 4625 προσηγορία.
2707 4554 2855 4606 Ἐπεὶ
2899 4555 2956 4607 δὲ
2995 4556 3111 4610 ἔδει
3154 4563 3329 4614 ποτὲ
3400 4570 3535 4622 καὶ

2301 4642 2650 4712 ἀνθρωπίνου,
2697 4640 2770 4702 ὡς
2812 4641 2876 4692 ἂν
2916 4643 3011 4695 καὶ
3060 4646 3472 4720 ἀνθρώποις
3537 4662 3573 4712 ὲ

2301 4732 2393 4785 καὶ
2427 4733 2522 4802 τῆς
2559 4731 2651 4783 τοῦ
2683 4731 2895 4800 Πατρὸς
2926 4735 3343 4805 ἐπιγνώσεως
3401 4750 3539 4801 καὶ

2299 4824 2467 4893 ἀληθῆ
2496 4823 2646 4890 λόγον
2668 4822 2913 4888 διδάξειε,
2945 4831 3040 4882 καὶ
3077 4832 3330 4888 τοῦτον
3371 4840 3520 4894 οὐκ
3559 4864 3570 4891 ι

2298 4912 2520 5003 τρόπονᾷ·
2559 4913 2747 5003 επιϐἀς
2776 4912 2832 4965 δὲ
2863 4910 2921 4967 εὖ
2957 4919 3112 4988 μάλα
3149 4929 3241 4996 τῇ
3282 4929 3568 5003 ἡμετέε

2300 5017 2432 5052 εισιν
2455 5001 2533 5062 είς
2566 5000 2900 5069 ἀνθρώπους,
2948 5006 3090 5063 Θεὸν
3115 5012 3207 5066 δι’
3244 5000 3568 5089 ἀνθρὼττ

2298 5092 2405 5184 rei;
2434 5090 2593 5141 πᾶσιν
2621 5089 3060 5163 ἐπιδεικνύμενος
3080 5117 3096 5131 ο
3137 5103 3246 5168 ὡς
3301 5107 3398 5162 ἂν
3457 5115 3565 5184 μὴ

2297 5176 2417 5239 νοῦς
2447 5177 2538 5228 καὶ
2569 5177 2760 5246 ἀδήλου
2806 5180 3047 5252 ἄσαρκος
3082 5191 3183 5254 ὡς
3237 5197 3379 5250 καὶ
3440 5176 3567 5253 ἆσέ

2296 5266 2431 5361 τοίη,
2460 5267 2637 5361 αὐτοῖς
2658 5267 2712 5320 δὲ
2738 5272 2940 5340 σαρκὸς
2965 5274 3275 5348 ὄμμασιν
3309 5287 3568 5361 ὁρώμε

2296 5373 2353 5408 τε
2406 5356 2694 5449 διρθαλμοῖς
2743 5362 2835 5413 καὶ
2887 5365 3035 5436 ὑπὲρ
3096 5356 3530 5449 ἀνθρώπων

2299 5445 2546 5544 παρέχων
2577 5450 2725 5544 ὁρῂᾷν,
2758 5452 2852 5505 καὶ
2881 5458 3132 5526 προσέτι
3195 5445 3584 5544 σῶματος

2298 5533 2534 5604 γλώττης
2564 5538 2657 5591 καὶ
2696 5544 2878 5614 φωνῆς
2924 5547 3263 5628 ἐνάρθρου
