3862 6332
150 374 281 477 ρβι

1094 409 1731 468 DEMONSTRATIONIS
1766 409 2212 468 EVANGELICE
2243 410 2371 467 LIB.
2406 413 2493 470 ιν.

3245 414 3350 467 282

180 519 304 611 ’λξσςν
608 509 686 575 ὡς
727 513 969 611 ἀληθῶς
1029 528 1130 579 καὶ
1182 528 1473 598 παράδοξον
1523 528 1705 611 χρῆμα

1831 528 1982 599 165
2021 527 2130 583 Hoc
2166 527 2308 580 enim
2348 528 2487 596 apud
2512 526 2759 581 Hebraeos
2797 525 2923 582 Jesu
2956 528 3239 597 appellatio
3269 530 3345 584 si-

191 610 278 664 οἷον
302 602 396 656 οὐδ’
422 601 543 655 ἄλλο
577 619 666 655 πω
693 605 871 671 φανὲν
910 617 1353 683 μνημονεύεται,
1385 601 1640 687 σωτήριόν
1670 635 1727 670 τε

194 694 301 768 ὁμοῦ
334 692 419 746 καὶ
460 692 813 763 εὐεργετικὸν
856 703 983 762 τοῖς
1031 706 1200 758 πᾶσιν
1234 709 1391 771 αὐτὸς
1427 709 1610 761 ἑαυτὸν
1641 711 1725 761 ὲν·-

195 785 510 853 δεανύμενος.
540 785 700 839 Οὕτω
730 787 876 857 δῆτα
913 794 945 845 ὁ
979 795 1118 858 Θεὸς
1144 800 1172 849 ὁ
1196 799 1360 866 Λόγος
1391 799 1502 862 υἱὸς
1528 799 1728 869 ἀνθρώ-

197 888 279 923 nos
312 872 526 938 ἐλέγετο,
557 872 653 924 καὶ
700 874 925 945 Ἰησοῦς
961 881 1291 951 ὠνομάζετο,
1322 889 1447 956 παρ’
1475 888 1594 940 ὅσον
1631 888 1726 955 τῆς

185 960 288 1017 τῶν
319 958 653 1029 ἀνθρωπίνων
700 962 899 1035 claua}:
957 968 1154 1031 ἰάσεώς
1201 988 1258 1023 τε
1305 972 1396 1024 καὶ
1442 973 1724 1043 θεραπείας

160 1045 336 1133 χρριν
358 1050 445 1117 τὴν
474 1048 703 1116 πάροδον
736 1054 821 1113 εἰς
850 1055 1004 1122 ἡμᾶς
1039 1058 1287 1111 ἐποιεῖτο.
1333 1061 1518 1130 Σωτὴρ
1564 1062 1606 1113 δ’
1635 1058 1724 1114 οὖν

156 1131 293 1205 ζωαὶ
315 1138 421 1206 παρ’
459 1137 730 1206 Ἑϐραίοις
773 1141 1197 1214 ὲρμηνεύεταιὴ
1235 1146 1324 1197 τοῦ
1361 1146 1528 1215 Ἰησοῦ
1563 1165 1725 1218 προσ-

189 1227 393 1298 ττςορὶα.
456 1227 560 1288 Τάς
604 1244 663 1279 τε
718 1230 915 1293 κοινὰς
960 1235 1089 1302 ἡμῖν
1139 1235 1388 1302 ὑπέμεινε
1434 1236 1720 1306 διατριϐὰς,

222 1318 421 1386 οὺδαμῶς
455 1319 545 1386 μὲν
578 1318 674 1371 τοῦ
719 1314 864 1372 εἶναι
909 1322 968 1384 ὃς
1002 1320 1070 1392 ἦν
1105 1324 1462 1394 ἐξιστάμενος,
1492 1327 1622 1395 ὁμοῦ
1667 1328 1723 1380 δὲ

218 1408 352 1476 ἐντῷ
378 1408 631 1477 ἀνθρώπῳ
668 1410 955 1477 φυλάττων
992 1414 1081 1465 τὸν
1118 1414 1263 1467 Θεόν.
1307 1415 1477 1478 Εὐθὺς
1508 1432 1722 1485 τοιγαρ-

215 1492 295 1543 οῦν
325 1496 401 1546 ἐπὶ
434 1495 528 1564 τῆς
570 1496 800 1567 πρώτης
833 1500 913 1561 εἰς
951 1499 1262 1569 ἀνθρώπους
1313 1503 1607 1572 καταϐολῆς
1645 1503 1721 1573 τῷ

209 1582 309 1651 Θεῷ
328 1585 413 1653 τῆς
435 1586 708 1655 ἡμετέρας
731 1589 998 1654 γενέσεως
1032 1592 1128 1660 τὴν
1155 1591 1327 1643 ἔνθεον
1352 1593 1609 1662 ἀνακιρνᾷ
1634 1609 1722 1661 με·

200 1672 508 1743 γαλουργίαν,
533 1677 858 1745 τικτόμενος
887 1679 983 1747 μὲν
1013 1682 1140 1749 ἡμῖν
1166 1681 1379 1749 ὁμοίως,
1408 1682 1498 1731 καὶ
1530 1680 1717 1750 θνητοῦ

1824 620 2056 690 gniﬁcat.
2081 619 2361 680 Caeterum,
2388 634 2510 673 cum
2531 618 2630 686 ipsi
2655 617 2886 672 humano
2913 634 3122 689 quoque
3142 621 3344 674 instru-

1824 717 2002 762 mento
2032 723 2166 778 opus
2201 719 2362 769 esset,
2396 724 2506 776 quo
2571 708 2732 763 etiam
2764 710 3064 763 hominibus
3110 712 3342 778 seipsum

1824 796 2145 857 ostenderet,
2175 794 2458 865 Patrisque
2485 797 2566 852 sui
2590 798 2909 865 agnoscendi
2940 805 2991 851 et
3019 799 3224 853 colendi
3247 815 3341 853 ve-

1824 898 1936 935 ram
1963 884 2218 936 rationem
2254 883 2499 946 doceret,
2529 899 2595 938 ne
2638 884 2779 936 hunc
2825 883 3034 953 quidem
3078 885 3340 938 recusavit

1823 972 2057 1034 modum,
2086 971 2176 1026 sed
2211 972 2577 1026 strenuissime
2609 980 2851 1025 naturam
2874 981 3106 1026 nostram
3135 973 3339 1041 ingres-

1823 1076 1935 1122 sus,
1966 1060 2030 1112 ad
2059 1060 2300 1113 homines
2325 1061 2570 1124 accessit,
2601 1075 2663 1113 ac
2688 1059 2852 1113 Deum
2893 1060 3120 1113 hominis
3142 1060 3338 1127 specie,

1822 1148 2007 1216 ingens
2049 1149 2364 1201 miraculum
2403 1148 2653 1209 ostendit,
2690 1155 2747 1201 ut
2776 1162 2881 1200 non
2914 1147 3086 1201 solum
3115 1147 3342 1201 obscure

1821 1252 1883 1290 ac
1904 1238 2144 1300 latenter,
2175 1237 2289 1290 sine
2320 1252 2478 1289 carne
2497 1247 2547 1290 et
2579 1237 2693 1290 sine
2715 1250 2935 1304 corpore
2957 1241 3225 1303 praeesset,
3251 1249 3344 1288 ve-

1820 1342 1935 1379 rum
1965 1327 2096 1394 ipsis
2126 1341 2335 1394 quoque
2371 1328 2641 1395 corporeis
2688 1326 2958 1380 obtutibus
2993 1334 3196 1393 patens,
3247 1322 3344 1378 ho-

1818 1417 2128 1482 minumque
2168 1417 2339 1469 oculis
2391 1417 2646 1469 miracula
2691 1430 2808 1484 qua:
2859 1428 3020 1483 supra
3070 1412 3342 1466 hominem

1819 1511 1943 1558 sunt
1992 1506 2250 1558 exhibens
2294 1504 2574 1567 intuenda,
2620 1505 2699 1558 sic
2740 1504 2951 1572 quidem
2992 1502 3057 1554 ad
3098 1501 3340 1570 corporis

1818 1594 1980 1647 etiam
2010 1608 2187 1656 aures,
2241 1594 2454 1662 linguae,
2495 1594 2745 1661 vocisque
2788 1593 3081 1646 articulatm
3115 1591 3341 1659 fungens

1818 1683 2009 1747 oﬂicio,
2053 1684 2369 1737 documenta
2413 1683 2715 1736 hominibus
2759 1683 3033 1751 prazberet,
3076 1682 3343 1736 divinum-

194 1758 325 1830 δίκην
349 1762 627 1832 ἄνθρωπον
653 1767 1106 1837 ὰμφιεννύμενος,
1133 1769 1207 1832 ὡς
1239 1769 1293 1820 δ’
1315 1770 1490 1822 οὐκέτι
1514 1770 1708 1840 ἄνθρω-

1815 1786 1918 1839 que
1961 1785 2146 1823 revera
2184 1777 2341 1838 atque
2393 1769 2702 1822 admirabile
2749 1771 3139 1837 spectaculum,
3184 1769 3343 1836 quale

191 1864 296 1911 ποῖ,
319 1852 440 1904 ἀλλὰ
464 1852 615 1915 Θεὸς,
640 1854 701 1919 ἐξ
727 1856 994 1925 ἀχράντου
1024 1860 1116 1910 καὶ
1140 1860 1502 1928 ἀπειρογάμου
1529 1861 1712 1929 κόρης,

185 1938 294 2005 οὐχὶ
329 1940 379 1992 δὲ
415 1942 479 1992 ὲκ
524 1942 730 2024 μίξεως
758 1947 852 1998 καί
895 1945 1097 2016 φθορᾶς
1137 1946 1232 2017 τὴν
1264 1948 1354 2000 τοῦ
1400 1950 1712 2018 φαινομένου

183 2026 372 2090 γένεσιν
403 2031 792 2101 ὑφιστάμενος.

1817 1860 2020 1912 nullum
2045 1860 2184 1912 aliud
2215 1859 2387 1911 adhuc
2421 1859 2588 1911 visum
2617 1873 2737 1911 esse
2775 1866 3115 1919 memoratur,
3147 1857 3342 1925 quipr

1818 1949 1956 2019 quod
1990 1957 2043 2003 et
2076 1949 2325 2011 salutare,
2353 1956 2406 2002 et
2442 1949 2579 2002 idem
2608 1947 2918 2002 beneﬁcium
2941 1948 3188 2001 omnibus
3218 1962 3342 2000 sen-

1818 2042 2028 2102 tiretur,
2061 2039 2174 2106 ipse
2204 2039 2437 2106 seipsum
2464 2038 2782 2091 ostenderet.
2809 2035 2999 2105 Sicque
3015 2036 3175 2089 etiam
3201 2034 3341 2089 Deus

180 2113 418 2182 Verbum,
490 2123 640 2177 lilius
686 2124 928 2179 hominis
966 2127 1265 2194 dicebatur,
1329 2136 1382 2182 et
1426 2137 1690 2197 quatenus
1723 2130 1788 2183 ad
1822 2131 2061 2183 homines
2103 2138 2339 2191 venerat,
2387 2137 2445 2181 ut
2488 2129 2680 2182 animis
2718 2129 2966 2181 humanis
3002 2126 3337 2188 medicinam,

176 2210 553 2283 sanitatemque
604 2216 856 2283 all'erret,
912 2217 1070 2273 Jesus
1130 2222 1526 2274 nominabatur.
1582 2220 1714 2274 Nam
1750 2224 1919 2290 ipsius
1962 2220 2088 2276 Jesu
2155 2221 2293 2286 apud
2343 2220 2593 2273 Hebraeos
2635 2220 2953 2288 appellatio,
3013 2216 3341 2270 Salvatorem

174 2298 331 2364 plane
371 2304 663 2372 signiﬁcat.
734 2304 917 2376 Itaque
954 2311 1226 2363 communi
1274 2327 1421 2365 more
1454 2326 1520 2364 ne
1555 2313 1756 2365 versari
1791 2312 2000 2380 quidem
2048 2311 2345 2372 nobiscum,
2385 2310 2526 2364 haud
2574 2311 2846 2378 indignum
2915 2322 3012 2363 sua
3061 2307 3342 2370 maiestate

166 2388 435 2456 judicavit,
481 2396 708 2449 interim
758 2406 940 2451 tamen
1010 2415 1276 2468 nusquam
1326 2400 1577 2455 desinens
1605 2416 1724 2455 esse
1758 2400 1900 2468 quod
1951 2407 2086 2462 erat,
2115 2400 2205 2454 sed
2254 2400 2307 2452 in
2336 2399 2549 2453 homine
2578 2400 2774 2468 pariter
2794 2397 2956 2450 Deum
2990 2410 3334 2450 conservans.

177 2475 349 2549 Itaque
378 2485 559 2536 statim
596 2485 653 2537 in
697 2486 874 2552 primo
904 2485 971 2539 ad
1004 2486 1247 2541 homines
1273 2487 1557 2555 descensu,
1619 2503 1739 2541 cum
1776 2486 1882 2540 Deo
1912 2487 2151 2540 divinam
2218 2487 2530 2540 commiscet
2574 2487 2742 2538 nostri
2777 2494 2927 2538 ortus
2956 2484 3342 2538 admirabilita-

176 2580 276 2626 tem
314 2593 329 2627 :
365 2579 581 2646 quippe,
642 2579 740 2647 qui
791 2593 939 2632 more
975 2588 1162 2634 nostro
1215 2581 1284 2634 sit
1356 2580 1554 2643 editus,
1618 2587 1671 2634 et
1709 2581 1950 2634 mortalis
1994 2581 2185 2644 instar,
2224 2580 2491 2633 hominem
2528 2579 2766 2639 indutus,
2814 2577 2904 2631 sed
2939 2591 3045 2630 non
3086 2585 3337 2644 tanquam

170 2660 342 2727 homo,
371 2684 554 2723 verum
590 2677 652 2721 ut
693 2667 838 2723 Deus
869 2669 936 2722 de
966 2669 1277 2738 purissima,
1325 2670 1608 2739 nullasque
1668 2680 1885 2740 experta
1944 2671 2159 2738 nuptias
2204 2669 2441 2739 Virgine,
2480 2681 2813 2736 nequaquam
2851 2682 2977 2720 vero
3015 2680 3079 2719 ex
3136 2679 3336 2719 concu-

170 2753 281 2809 bitu
330 2767 420 2810 aut
458 2758 818 2825 corruptione
845 2765 1024 2811 ortum
1055 2759 1197 2826 ejus,
1227 2759 1315 2826 qui
1341 2759 1454 2828 ipse
1481 2759 1787 2828 apparebat,
1813 2759 2095 2827 acceperit.

888 2917 990 2971 IA’.

303 3052 490 3116 ὀπως
522 3051 632 3105 τὸν
668 3051 744 3104 ἐν
769 3050 1096 3117 ἀνθρώποις
1124 3051 1397 3119 διεξῆλθε
1412 3053 1583 3116 βίον.

235 3159 338 3213 Καὶ
366 3161 452 3213 τὸν
482 3162 608 3231 ἑξῆς
645 3162 706 3213 δὲ
746 3160 1032 3230 σύμπαντα
1065 3160 1198 3231 βίον,
1231 3161 1399 3234 ταύτῃ
1431 3180 1503 3232 πη
1543 3161 1707 3215 διετέ-

167 3243 264 3306 λει,
290 3250 403 3301 τοτὲ
428 3251 522 3317 μὲν
536 3251 637 3318 τὴν
654 3249 793 3319 πρὸς
815 3250 959 3318 ἡμᾶς
978 3248 1377 3316 ὁμοιοπάθειαν,
1399 3249 1515 3299 τοτὲ
1541 3248 1597 3299 δὲ
1619 3248 1708 3300 τὸν

170 3330 299 3386 Θεοῦ
343 3338 503 3403 Λόγον
537 3338 888 3405 ὑποφαίνων,
930 3335 1312 3406 μεγαλουργῶν
1352 3338 1445 3389 καὶ
1481 3336 1707 3406 παραδο-

176 3420 388 3483 ξθποιῶν
414 3429 484 3489 ὡς
514 3428 667 3489 Θεὸς,
720 3427 816 3479 καὶ
841 3425 948 3478 τῶν
984 3424 1276 3493 μελλόντων
1312 3424 1522 3477 ἔσεσθαι
1552 3441 1708 3494 προα-

175 3514 415 3578 ηφωνῶν
447 3515 540 3576 τὰς
576 3516 936 3586 προρρήσεις,
985 3514 1078 3564 καὶ
1116 3512 1207 3564 τὸν
1245 3512 1315 3582 μὴ
1350 3515 1461 3574 τοῖς
1501 3511 1706 3573 πολλοῖς

176 3598 427 3669 δρώμενον
462 3604 590 3657 Θεὸν
628 3605 807 3672 Λόγον
857 3605 970 3665 τοῖς
998 3602 1174 3673 ἔργοις
1221 3601 1469 3672 ἄντικρυς
1516 3601 1702 3654 ἐπιδει-

179 3686 417 3758 κνύμενος
439 3691 660 3766 [εἰκότα
695 3693 753 3746 δὲ
785 3692 880 3744 καὶ
913 3693 1071 3761 ὃμοια
1100 3693 1217 3752 ταῖς
1246 3689 1484 3762 ἁρχαῖς].

879 3885 978 3937 IB'.

202 3966 300 4038 Ὠς
324 3979 593 4047 καὶμέχρι
622 3965 756 4047 ubi
781 3977 964 4030 πάλαι
999 3975 1426 4047 κατοιχομένων
1450 3975 1706 4030 ἐκάλουν

399 4045 577 4100 αὑτὸν
604 4050 658 4099 οἱ
691 4045 805 4112 τῆς
838 4046 1275 4114 φιλανθρωπίας
1311 4045 1493 4111 νόμοι.

224 4141 338 4209 Καὶ
375 4162 438 4213 τὰ
483 4161 606 4229 τέλη
642 4159 795 4228 αὐτῷ
837 4159 935 4226 τῆς
978 4158 1035 4221 ἐξ
1067 4157 1360 4228 ἀνθρώπων
1397 4156 1703 4226 ἀπαλλαγῆς

168 4236 485 4316 ἔνεκειρείτο.
519 4252 627 4303 Καὶ
660 4250 770 4319 γὰρ
813 4249 972 4317 μέχρι
1015 4249 1262 4310 θανάτου,
1293 4248 1384 4300 καὶ⁹
1412 4248 1587 4299 αὐτῶν
1623 4265 1701 4299 νε-

2527 2912 2613 2969 Xl.
2686 2882 2689 2883 ν

1939 3049 2377 3115 Quemadmodum
2409 3051 2545 3103 inter
2583 3049 2809 3103 homines
2836 3050 2989 3102 vitam
3021 3051 3197 3117 egerit.

1875 3161 2133 3229 Deinceps
2155 3177 2278 3215 vero
2308 3161 2565 3229 reliquam
2596 3160 2756 3212 vitam
2787 3174 2995 3213 omnem
3028 3160 3211 3214 eadem
3246 3174 3336 3212 ra—

1804 3249 1949 3305 tione
1977 3252 2198 3319 peregit,
2229 3265 2370 3302 nunc
2398 3250 2610 3317 quidem
2648 3247 2875 3301 similem
2910 3256 3113 3300 naturae
3135 3256 3331 3301 nostra:

1804 3337 2185 3401 inﬁrmitatem,
2218 3354 2360 3391 nunc
2393 3353 2519 3389 vero
2549 3338 2720 3403 ipsum
2753 3335 2845 3390 Dei
2877 3336 3105 3391 Verbum
3142 3354 3248 3407 pra:
3277 3354 3334 3393 se

1803 3426 2001 3493 ferens,
2044 3428 2169 3480 dum
2220 3428 2453 3496 ingentia
2501 3427 2740 3495 quaedam
2792 3436 2950 3496 atque
2999 3428 3333 3481 admirabilia

1800 3523 2057 3583 tanquam
2098 3515 2238 3569 Deus
2263 3515 2439 3581 eilicit,
2469 3529 2530 3567 ac
2580 3530 2697 3582 qua:
2737 3513 2912 3566 futura
2962 3524 3141 3568 essent
3183 3525 3333 3568 tanto

1801 3612 1924 3655 ante
1960 3602 2223 3670 praedicit,
2264 3609 2317 3655 et
2346 3604 2435 3670 qui
2474 3617 2503 3654 a
2533 3603 2687 3671 166
2722 3604 2901 3656 multis
2936 3619 3042 3655 non
3092 3605 3332 3657 cernitur

1801 3689 1942 3743 Deus
1974 3687 2229 3752 Verbum,
2255 3704 2374 3742 eum
2400 3691 2572 3758 ipsum
2603 3690 2753 3743 factis
2779 3691 3085 3760 planissime
3112 3690 3334 3745 demon-

1801 3787 1934 3834 strat
1962 3777 2133 3850 [paria
2155 3788 2204 3833 et
2232 3778 2437 3832 similia
2456 3780 2675 3852 initiis].

2507 3892 2616 3946 ΧΠ.

1802 3980 1950 4049 Quod
1982 3997 2138 4048 usque
2167 3980 2234 4033 ad
2254 3998 2338 4034 eos
2366 3981 2453 4049 qui
2483 3982 2765 4051 antiquitus
2788 3980 2980 4033 mortui
3002 3989 3168 4045 erant,
3197 3981 3328 4051 leges

2149 4051 2483 4103 humanitatis
2517 4050 2663 4101 illum
2697 4053 2960 4102 vocabam.

1867 4162 2000 4217 Vita:
2030 4164 2189 4218 etiam
2220 4161 2375 4214 linem
2409 4170 2725 4223 extremum,
2758 4177 2877 4215 cum
2923 4161 2989 4214 ab
3022 4160 3333 4215 hominibus

1799 4249 2065 4311 discessit,
2093 4249 2247 4302 initio
2290 4248 2528 4316 ejusdem
2564 4263 2742 4316 parem
2775 4262 2836 4300 ac
2860 4247 3084 4301 similem
3113 4250 3325 4317 praesti-

164 4330 312 4425 ξρίῖιν
336 4341 380 4390 οἱ
408 4340 501 4409 τῆς
532 4338 945 4409 φιλανθρωπίας
971 4337 1129 4390 αὐτὸν
1162 4337 1384 4390 ἐκάλουν
1421 4339 1590 4406 νόμοι,
1626 4336 1700 4399 ὡς

1810 4339 1881 4392 Lit.
1901 4337 2104 4391 Etenim
2137 4352 2304 4405 usque
2338 4336 2403 4388 ad
2432 4344 2677 4399 mortem,
2698 4347 2852 4405 atque
2884 4352 3052 4405 usque
3085 4338 3148 4389 ad
3182 4339 3327 4405 ipsus

162 4412 214 4464 ἂν
266 4429 359 4479 καὶ
397 4430 498 4483 τῶν
546 4430 712 4483 πιᾶιλαι
747 4427 1055 4481 τεθνεώτων
1095 4429 1191 4490 τὰς
1227 4428 1398 4497 ψυχὰς
1440 4428 1699 4480 ἀνακαλέ-

158 4516 324 4567 σοίῗο·
364 4518 437 4570 ὅτι
466 4519 526 4588 δὴ
553 4520 660 4571 τῶν
701 4518 763 4581 ἐξ
790 4517 985 4579 αἰῶνος
1022 4516 1267 4569 ἁπάντων
1299 4516 1441 4586 αὐτῷ
1470 4517 1567 4586 τῆς
1600 4534 1700 4569 σω-

151 4607 251 4663 τηρ
270 4606 350 4669 ia;
371 4608 539 4676 ἔμελε,
583 4609 678 4661 καὶ
704 4610 855 4670 ὅπως
889 4607 979 4659 διὰ
1007 4606 1098 4659 τοῦ
1129 4605 1354 4658 θανάτου
1386 4609 1698 4678 καταργήσῃ

145 4681 215 4768 ῖδν
276 4697 328 4748 τὸ
353 4701 537 4768 κράτος
558 4699 753 4767 ἔχοντα
781 4697 876 4748 τοῦ
905 4696 1153 4757 θανάτου,
1179 4691 1296 4766 ᾖτὰ
1324 4696 1435 4748 θεῖα
1463 4697 1696 4748 παιδεύει

140 4764 332 4836 Μγια.
372 4764 474 4837 Καὶ
507 4764 681 4838 ταύτα
726 4782 890 4835 πάλιν
926 4780 1125 4848 ἀναμὶξ
1167 4764 1322 4848 uarius:
1366 4782 1461 4850 τὴν
1505 4782 1698 4832 οἰκονο-

142 4858 290 4923 μίιει
314 4875 380 4936 ὡς
416 4877 509 4945 μὲν
550 4875 863 4944 ἄνθρωπος,
910 4871 971 4920 τὸ
1001 4870 1157 4938 σῶμα
1188 4872 1251 4937 τῇ
1286 4870 1493 4939 συνήθει
1526 4884 1697 4940 παρα-

137 4962 344 5019 Ιωςῦῶν
372 4969 527 5035 ταφῇ,
558 4962 866 5033 ἀναχωρῶν
902 4960 960 5012 δὲ
990 4957 1151 5009 αὐτοῦ
1177 4958 1247 5018 ὡς
1275 4958 1419 5020 Θεός.
1443 4960 1695 5028 Φωνήσας

128 5035 205 5093 γαᾶ
248 5068 287 5103 κν
347 5056 499 5124 μέγα,
560 5054 657 5106 καὶ
726 5051 808 5119 τῷ
877 5048 1075 5116 Πατρὶ,
1138 5065 1155 5095 ι
1225 5047 1585 5116 Παρατίθεμαι
1635 5048 1695 5099 τὸ

114 5132 374 5207 “Ripa,
427 5163 445 5195 ι
485 5143 688 5203 εἰπὼν,
726 5140 938 5207 ἄφετος
987 5134 1242 5203 ἀνεχώρει
1289 5135 1378 5186 τοῦ
1417 5135 1653 5204 σώματος
1676 5154 1689 5167 ·

144 5208 218 5262 τδὲδ
258 5231 383 5295 αμῶς
426 5232 760 5304 περιμείνας
808 5226 1095 5294 προσεῖναι
1134 5222 1275 5291 αὐτῷ
1323 5224 1409 5274 τὸν
1453 5224 1690 5286 θάνατον,

182 5297 389 5373 “liena
418 5320 474 5372 δὲ
499 5297 605 5371 ’κάὶ
636 5316 797 5367 ὥσπε
805 5328 840 5380 ρ
874 5307 1215 5361 ἀποκνοῦντα
1233 5348 1247 5369 ,
1280 5309 1467 5376 μᾶλλον
1500 5310 1556 5361 δὲ
1596 5312 1695 5363 ὑπὸ

188 5385 565 5481 ξάῖαχωροῦντα
599 5404 702 5458 καὶ
732 5397 1147 5465 ἀποφεύγοντα,
1173 5394 1372 5449 διώκων
1409 5399 1560 5461 αὐτὸς
1587 5402 1695 5454 ὄπι.

176 5471 262 5529 σθεν
398 5498 674 5555 ἐλαύνων,
710 5488 819 5549 τάς
862 5502 926 5537 τε
953 5484 1016 5550 ἐξ
1042 5484 1228 5547 αἰῶνος
1258 5485 1423 5548 πύλας
1456 5487 1559 5541 τῶν
1583 5506 1695 5542 σκο-

200 5613 361 5706 ’ίθυα
399 5660 571 5707 nm,
600 5638 701 5693 46.

1797 4435 2058 4490 mortuos,
2100 4428 2243 4496 leges
2286 4440 2408 4493 erga
2461 4425 2702 4479 homines
2734 4426 3010 4479 charitatis
3035 4426 3205 4494 ipsum
3235 4442 3327 4480 vo-

1796 4516 2005 4577 cabant,
2046 4522 2103 4567 ut
2131 4531 2312 4569 eorum
2350 4529 2582 4582 quoque,
2609 4514 2699 4581 qui
2740 4523 2892 4567 antea
2924 4514 3114 4566 mortui
3150 4522 3321 4577 erant,

1796 4605 2001 4655 animas
2029 4610 2304 4655 revocaret
2329 4620 2340 4653 :
2367 4601 2794 4669 quandoquidem
2828 4602 3064 4653 omnium
3099 4601 3325 4668 quicun-

1793 4707 1896 4762 que
1917 4706 1947 4742 a
1974 4691 2187 4745 condito
2219 4706 2330 4743 aevo
2364 4690 2615 4753 fuissent,
2644 4692 2867 4744 salutem
2902 4692 3015 4757 ipse
3053 4690 3270 4741 curabat
3304 4702 3321 4740 :

1793 4795 2019 4841 necnon,
2051 4788 2107 4831 ut
2152 4793 2249 4833 sua
2282 4789 2450 4832 morte
2488 4779 2688 4833 deleret
2720 4793 2862 4839 eum,
2901 4778 2991 4846 qui
3039 4776 3323 4844 imperium
3377 4778 3383 4791 '

1793 4869 1979 4923 mortis
2010 4868 2255 4931 habebat,
2313 4868 2752 4937 quemadmodum
2784 4867 2959 4920 divina
2982 4865 3172 4917 docent
3201 4878 3329 4916 ora-

1794 4960 1932 5012 cula.
1963 4957 2135 5024 Atque
2178 4957 2230 5008 in
2262 4957 2364 5008 hoc
2397 4972 2610 5025 quoque
2647 4956 2950 5024 promiscue
2988 4968 3176 5005 rursus
3209 4952 3325 5006 dis-

1793 5047 2152 5116 pensationem
2192 5045 2399 5099 obivit:
2434 5048 2649 5114 quippe,
2694 5046 2781 5112 qui
2863 5051 3113 5110 tanquam
3164 5041 3323 5095 homo

1791 5151 1985 5205 corpus
2019 5135 2082 5188 de
2122 5141 2291 5187 morte
2326 5135 2682 5199 sepeliendum
2720 5132 3013 5198 reliquerit,
3036 5132 3103 5184 ab
3132 5131 3318 5185 eodem

1791 5242 1916 5280 vero
1944 5239 2165 5292 corpore
2201 5230 2454 5290 tanquam
2492 5222 2630 5275 Deus
2659 5222 2984 5275 discesserit.
3017 5220 3148 5275 Cum
3172 5221 3317 5274 enim

1791 5313 1950 5367 altius
1996 5326 2178 5364 vocem
2223 5311 2509 5371 emisisset,
2545 5318 2598 5361 et
2645 5306 2785 5360 Patri
2829 5308 3073 5370 dixisset,
3116 5327 3134 5359 ι
3167 5322 3317 5361 com-

1791 5400 1982 5453 mendo
2015 5397 2315 5467 spiritum',
2345 5415 2363 5446 ι
2390 5398 2596 5450 solutus
2624 5410 2652 5447 a
2684 5408 2905 5462 corpore
2932 5396 3062 5447 abiit
3089 5411 3101 5445 :
3138 5393 3315 5447 neuti-

1788 5504 1945 5557 quam
1967 5495 2279 5557 cx5pectans
2298 5485 2423 5539 dum
2453 5499 2595 5541 mors
2621 5484 2684 5538 ad
2710 5484 2880 5555 ipsum
2910 5485 3202 5547 accederet,
3221 5482 3316 5538 sed
