3862 6346
850 392 956 449 283

1506 388 1768 443 EUSEBII
1796 384 2269 442 ωΕεΑιιιιιῑῖςδιδ
2302 384 2449 441 ΟΡΡ.
2485 382 2678 439 PARS.
2721 384 2762 437 Ι.
2799 412 2872 423 —
2901 380 3031 436 APO

1914 384 2269 441 SAlilE-NSIS
2302 384 2449 441 OPP.
2485 382 2678 439 PARS.
2721 384 2762 437 Ι.
2799 412 2872 423 -
2901 377 3439 436 APOLOGETICA.

855 506 1000 559 illam
1042 511 1377 558 cunctantem
1425 516 1486 554 ac
1532 501 1694 555 veluti
1741 510 2062 561 cessantem,
2096 515 2161 553 ac
2201 500 2380 568 potius

1914 510 2062 561 item,
2096 515 2161 553 ac
2201 500 2381 568 potius
2408 506 2453 559 Α
2477 498 2603 549 τίων
2633 496 2812 566 μυχῶν
2839 493 3194 565 διαρῤηγνὺς,
3221 490 3334 544 καὶ
3365 506 3439 540 το

854 595 1227 662 conjicientem
1259 606 1315 645 se
1333 592 1385 643 in
1412 590 1573 659 pedes
1593 596 1646 643 et
1673 588 2004 657 fugitantem,
2033 588 2146 657 ipse
2173 603 2203 640 a
2231 595 2378 656 tergo

855 682 1143 748 insequens
1170 688 1327 748 atque
1362 678 1657 746 impellens,
1689 685 2019 745 aeternusque
2061 677 2383 731 abditiorum

856 771 1195 824 tenebrarum
1237 777 1416 836 portas
1439 767 1758 834 refringens,
1791 778 1845 820 et
1884 767 2110 821 mortuis
2141 766 2234 836 qui
2276 767 2385 820 illic

859 860 1064 913 catenis
1092 860 1280 912 mortis
1324 857 1566 925 impliciti
1595 865 1769 920 erant,
1803 858 2074 912 remeandi
2123 857 2189 910 ad
2222 858 2385 910 vitam

860 949 963 1003 iter
1008 956 1299 1002 retrorsum
1341 947 1610 1015 aperiens.
1660 946 1770 999 Hac
1811 961 1940 1001 sane
1966 947 2175 1001 ratione
2218 947 2387 1015 ipsius

857 1040 1018 1093 etiam
1045 1053 1241 1107 corpus
1269 1046 1536 1090 mortuum
1560 1037 1847 1091 excitatum
1871 1045 1972 1101 est,
1997 1046 2050 1092 et
2071 1039 2236 1090 multa
2267 1052 2390 1091 cor-

862 1145 991 1198 pora
1033 1144 1240 1190 eorum,
1270 1129 1359 1197 qui
1397 1128 1723 1181 dormierant
1764 1136 2095 1193 sanctorum,
2143 1143 2391 1182 surrexe-

860 1228 983 1272 runt
1013 1237 1027 1273 :
1068 1234 1279 1288 unaque
1310 1235 1431 1272 cum
1460 1220 1576 1288 ipso
1600 1221 1652 1273 in
1697 1228 1938 1274 sanctam
1970 1235 2032 1273 ac
2070 1235 2193 1274 vere
2225 1221 2389 1274 cccle-

862 1318 996 1363 stem
1035 1310 1303 1364 civitatem
1334 1311 1576 1379 ingressa
1611 1318 1756 1370 sunt,
1787 1322 1845 1373 ut
1884 1314 2074 1366 merito
2102 1328 2165 1366 ex
2206 1313 2308 1365 hoc
2337 1311 2392 1365 in

862 1396 1032 1450 sacris
1068 1395 1287 1451 Litteris
1327 1397 1530 1451 dictum
1562 1400 1671 1453 sit:
1708 1418 1726 1449 ι
1762 1400 2046 1469 Absorpsit
2088 1415 2234 1455 mors
2275 1415 2395 1468 qua:

863 1484 1160 1539 iuvaluerat
1183 1487 1245 1539 η.
1284 1507 1302 1539 ι
1333 1486 1394 1540 Ει
1425 1504 1614 1542 rursus
1642 1508 1654 1542 :
1696 1508 1714 1539 ι
1744 1489 1980 1544 Abstulit
2012 1488 2153 1543 Deus
2182 1504 2393 1543 omnem

862 1572 1147 1641 lacrymam
1167 1574 1233 1628 ab
1262 1577 1407 1629 omni
1433 1575 1568 1629 facie
1586 1578 1647 1626 “.
1679 1594 1697 1627 ι
1724 1575 1839 1645 Ipse
1866 1592 1992 1632 vero
2019 1577 2253 1632 universi
2280 1578 2397 1631 Sal-

861 1669 1016 1714 valor
1040 1676 1103 1714 ac
1134 1661 1388 1719 Dominus
1417 1674 1602 1720 noster
1621 1706 1635 1729 ,
1668 1669 1759 1736 qui
1788 1668 2035 1722 Christus
2058 1676 2139 1722 est
2170 1667 2282 1733 Dei,
2315 1669 2397 1721 vi-

864 1751 1151 1820 ctoriaaque
1172 1762 1469 1821 reportator
1486 1757 1701 1820 dicitur,
1716 1757 1769 1810 in
1788 1758 2112 1827 propheticis
2128 1758 2397 1812 vaticiniis

2483 589 2601 655 ραίς
2629 586 2851 639 θανάτου
2885 582 3298 652 πεπεδημένοις
3338 578 3440 630 παῗ

2482 673 2622 744 ζωὴν
2668 675 2855 727 ἀνόδου
2908 674 3007 743 τὴν
3053 670 3298 741 πορείαν
3353 685 3439 720 πο

2483 765 2627 834 αὐτῷ
2662 766 2754 818 καὶ
2784 767 2813 816 6
2846 761 3075 824 τεθνεὼς
3109 760 3440 829 ἀνηγείρετ

2481 854 2587 906 τῶν
2615 855 3023 924 κεκοιμημένων
3048 852 3227 917 ἁγίων
3254 849 3440 902 ἀνίστ

2487 942 2628 1012 αὐτῷ
2655 945 2732 1005 εἰς
2765 944 2861 1011 τὴν
2892 941 3054 1007 ἁγίαν
3093 938 3193 991 καὶ
3227 937 3315 997 ὡς
3360 935 3440 986 ἀλ

2486 1035 2704 1096 εἰκότως
2750 1035 2806 1086 ὲν
2847 1036 2963 1094 ταῖς
3018 1029 3195 1090 θείαις
3251 1028 3440 1096 ἀνειρλ

2487 1126 2635 1177 έπιεν
2677 1126 2704 1176 6
2743 1123 2969 1183 Θάνατος
3048 1118 3318 1187 ἰσχύσας.
3381 1134 3404 1165 ι

2488 1214 2576 1266 λεν
2621 1216 2648 1267 6
2684 1213 2813 1274 Θεὸς
2851 1213 2959 1263 πᾶν
2992 1210 3239 1279 δάκρυον
3292 1206 3419 1258 ἀπὸ

2491 1304 2600 1355 Καὶ
2638 1302 2795 1362 αὐτὸς
2819 1300 2874 1352 δὲ
2907 1301 2936 1351 6
2977 1298 3083 1350 τῶν
3115 1296 3266 1348 ὅλων
3304 1296 3440 1346 Σωτ

2491 1395 2519 1444 6
2578 1391 2805 1462 Χριστὸς
2863 1388 2956 1440 τοῦ
3009 1386 3185 1448 Θεοῦ,
3265 1401 3440 1452 νικηε

2491 1485 2610 1544 ταῖς
2653 1481 3004 1549 προφητικαῖς
3041 1476 3440 1549 προρρήσεσιν

2493 1589 2582 1625 ται
2636 1569 2713 1640 τῷ
2760 1569 2990 1638 θανάτῳ,
3033 1567 3128 1620 καὶ
3180 1565 3293 1628 τὰς
3343 1565 3440 1617 αύ-

2494 1680 2593 1726 νας
2630 1659 2835 1731 ψυχὰς,
2894 1660 2961 1712 δι’
3004 1652 3077 1711 ὧν
3121 1658 3218 1709 τὸν
3266 1654 3435 1707 ὲττινί

2497 1771 2605 1817 ται,
2647 1751 2785 1806 αὐτὰ
2826 1750 2890 1821 δὴ
2930 1748 3099 1802 ταῦτα
3135 1746 3365 1813 λέγων’
3421 1761 3440 1794 ι

866 1848 1091 1893 mortem
1111 1842 1401 1912 obiurgans
1422 1845 1712 1910 inducitur,
1735 1856 1788 1900 et
1803 1849 2008 1902 animas
2027 1849 2258 1910 solvens,
2282 1863 2391 1916 qua

1914 1862 2008 1902 nas
2027 1849 2401 1916 solvens,quae
2432 1830 2471 1883 Β
2500 1859 2660 1913 σομαι
2703 1842 2916 1903 αὐτοὺς,
2964 1838 3056 1890 καὶ
3099 1838 3167 1888 ὲκ
3219 1833 3439 1887 θανάτο

868 1930 977 1983 illic
997 1932 1186 1986 vincta:
1214 1933 1607 2000 detinebantur,
1628 1937 1717 1990 ubi
1746 1938 1984 1992 victoriae
2002 1939 2255 2008 hymnum
2274 1954 2401 2007 pro-

868 2023 1098 2086 nuntiat,
1138 2024 1250 2093 ipsa
1277 2025 1389 2080 haec
1424 2027 1579 2095 plane
1609 2028 1791 2083 dicens
1817 2044 1830 2079 :
1859 2047 1876 2079 ι
1908 2027 1983 2083 De
2017 2044 2177 2081 manu
2208 2028 2403 2083 inferni

869 2113 1090 2181 eripiam
1107 2129 1220 2178 eos,
1244 2124 1299 2170 et
1327 2132 1357 2168 ιι
1389 2119 1813 2173 morteliberabo
1836 2134 2020 2173 eorum
2047 2119 2273 2174 animas.
2301 2118 2400 2174 Ubi

878 2219 993 2269 tua,
1029 2223 1194 2274 mors,
1227 2211 1484 2264 victoria?
1511 2212 1599 2265 ubi
1626 2221 1769 2274 tuus,
1795 2227 1957 2277 mors,
1995 2213 2241 2267 stimulus
2277 2214 2352 2267 “1
2384 2233 2404 2266 ο

881 2294 1137 2351 Stimulus
1159 2306 1333 2351 autem
1360 2300 1546 2353 mortis
1567 2307 1647 2354 est
1666 2307 1958 2367 peccatum,
1983 2310 2215 2368 potestas
2230 2309 2407 2355 autem

877 2386 1097 2449 peccati,
1114 2387 1214 2439 lex.
1245 2387 1396 2455 167
1415 2385 1557 2440 Talis
1576 2403 1701 2442 sane
1723 2388 1863 2442 illius
1885 2389 1963 2442 vel
1984 2404 2151 2457 usque
2178 2391 2242 2443 ad
2267 2405 2412 2444 mor-

884 2481 988 2523 tem
1034 2470 1133 2524 fuit
1173 2472 1517 2540 dispensatio,
1549 2474 1702 2542 cujus
1740 2490 1843 2529 non
1872 2491 2030 2529 unam
2070 2490 2284 2529 causam
2319 2475 2411 2544 qui

888 2561 1110 2614 voluerit
1133 2576 1388 2629 quaerere,
1412 2564 1501 2616 sed
1526 2565 1701 2631 plures
1723 2564 1953 2618 inveniet
1978 2580 1991 2616 :
2018 2567 2241 2633 primam
2266 2580 2411 2617 nam-

884 2663 988 2717 que
1015 2649 1157 2703 illam
1192 2651 1364 2719 ipsum
1397 2651 1626 2706 Verbum
1657 2653 1832 2717 docet,
1876 2663 1935 2707 ut
1961 2667 2066 2707 tam
2100 2654 2151 2706 in
2185 2655 2410 2708 mortuis

883 2751 1042 2804 quam
1065 2738 1120 2791 in
1143 2739 1275 2792 vivis
1299 2740 1659 2793 dominaretur
1686 2756 1698 2791 :
1732 2741 1948 2794 alteram
1978 2752 2036 2794 ut
2060 2752 2266 2796 nostras
2292 2743 2413 2796 abs-

884 2835 1112 2893 tergeret
1140 2830 1372 2883 maculas
1398 2839 1758 2897 peccatorum,
1781 2832 1870 2898 qui
1895 2844 1990 2898 pro
2032 2831 2186 2885 nobis
2207 2832 2411 2886 sacriﬁ-

884 2922 1054 2976 catus,
1076 2924 1129 2968 et
1157 2930 1250 2981 pro
1284 2917 1437 2970 nobis
1460 2919 1755 2972 exsecratio
1779 2917 1951 2974 factus
1980 2920 2049 2973 sit
2072 2935 2086 2970 :
2113 2921 2322 2974 tertiam
2350 2932 2411 2975 ut

886 3010 1138 3075 tanquam
1165 3007 1257 3064 Dei
1283 3011 1496 3066 victima
1522 3021 1680 3082 atque
1705 3015 1893 3084 ingens
1917 3015 2264 3079 sacrificium,
2305 3015 2407 3085 ipsi

2500 1933 2597 1996 τὰς
2631 1931 2820 2002 ψυχάς.
2854 1927 2962 1982 Ποῦ
3009 1944 3122 1990 σου,
3168 1924 3387 1978 θάνατε
3414 1962 3431 1986 ,

2503 2023 2717 2084 θάνατε,
2746 2022 2807 2073 τὸ
2834 2020 3082 2089 κέντρονς
3103 2016 3166 2068 τὸ
3205 2014 3267 2066 δὲ
3306 2012 3440 2066 κέντ

2501 2118 2534 2185 ἡ
2569 2113 2825 2185 ἁμαρτία,
2860 2114 2892 2181 ἡ
2924 2111 2980 2163 δὲ
3023 2109 3261 2178 δύναμις
3306 2106 3419 2175 τῆς

2504 2204 2731 2274 Τοιαύτη
2762 2219 2843 2264 τις
2878 2200 3023 2270 αὐτῷ
3047 2200 3141 2252 καὶ
3165 2197 3342 2267 μέχρι
3391 2212 3440 2245 τι

2502 2292 2792 2362 οἰκονομία,
2824 2288 2891 2361 ἦς
2916 2291 2974 2346 οὐ
3007 2289 3134 2359 μίαν
3161 2287 3380 2347 αἰτίαν,
3414 2287 3440 2338 6

2504 2389 2566 2441 ἄν
2603 2402 2686 2448 τις
2709 2384 2965 2452 ἐθελήσας
3000 2378 3206 2448 ζητεῖν.
3248 2376 3440 2448 Πρώτ·

2504 2475 2759 2533 διδάσκει,
2796 2471 2880 2523 ἵνα
2907 2469 2999 2521 καὶ
3023 2467 3236 2537 νεκρῶν
3260 2466 3363 2518 καὶ
3396 2464 3440 2527 ξι

2502 2563 2663 2632 τέραν
2687 2561 2761 2623 δὲ,
2794 2560 2939 2619 ὅπως
2965 2556 3063 2618 τὰς
3096 2554 3393 2625 ἡμετέρας
3420 2554 3440 2606 ἀ

2505 2652 2639 2721 ὑπὲρ
2662 2648 2815 2719 ἡμῶν
2846 2645 3089 2716 τρωθεὶς,
3126 2645 3225 2696 καὶ
3252 2644 3440 2713 γενόμ

2505 2740 2628 2810 ἀρα’
2673 2737 2876 2807 τρίτην,
2905 2735 2979 2798 ὡς
3020 2733 3085 2787 ἂν
3115 2735 3319 2804 ἱερεῖον
3354 2733 3434 2785 Θε

2506 2827 2641 2897 ὑπὲρ
2665 2823 2754 2878 τοῦ
2791 2823 3095 2893 σύμπαντος
3126 2822 3344 2890 κόσμου
3377 2839 3440 2891 πε

2504 2932 2609 2967 των
2636 2913 2770 2982 Θεῷο
2793 2911 3076 2980 τετάρτην,
3124 2908 3202 2969 ὡς
3242 2908 3313 2960 ἂν
3360 2909 3434 2959 αὐ

2506 3004 2599 3057 καὶ
2621 3000 2935 3072 δαιμονικῆς
2971 2998 3256 3069 ἐνεργείας
3290 2998 3440 3069 ἁπορ

888 3109 1137 3163 supremo
1163 3097 1272 3154 Deo
1302 3101 1580 3157 offerretur
1607 3119 1702 3172 pro
1729 3105 1978 3160 universo
1994 3105 2190 3158 mundo
2216 3121 2407 3174 :quar-

1914 3120 1978 3160 so
1994 3105 2190 3158 mundo
2216 3121 2407 3174 “luat-
2433 3128 2474 3186 ο
2511 3108 2662 3186 ρεσιν
2680 3088 3063 3186 ἀπεργάσαιτο·
3078 3087 3439 3186 ,πέμπτην-ἐγ

887 3188 992 3234 tam
1026 3193 1084 3236 ut
1112 3185 1190 3239 sic
1222 3186 1509 3244 fallaciosae
1530 3206 1592 3245 ac
1631 3192 1929 3246 ἀπεσιοηίοω
1984 3193 2229 3247 eﬂicacite
2258 3208 2409 3247 ever-

886 3269 1090 3323 sionem
1111 3274 1422 3330 moliretur:
1464 3279 1705 3346 quintam
1738 3280 1803 3333 ad
1857 3280 1991 3344 haec,
2016 3291 2074 3335 ut
2117 3283 2231 3336 suis
2255 3282 2411 3335 fami-

884 3358 1107 3416 liaribus
1156 3378 1219 3418 ac
1247 3366 1522 3436 discipulis
1543 3371 1682 3431 vitae,
1713 3385 1831 3439 quae
1875 3380 1992 3440 post
2018 3380 2240 3425 mortem
2268 3372 2409 3441 apud

886 3449 1052 3504 Deum
1092 3452 1271 3508 futura
1301 3466 1383 3512 est
1414 3474 1585 3527 spem,
1625 3476 1733 3514 non
1763 3462 2006 3516 oratione
2035 3478 2209 3533 neque
2234 3464 2411 3519 verbis

888 3550 980 3595 aut
1010 3544 1252 3610 vocibus,
1285 3549 1377 3602 sed
1412 3548 1569 3604 factis
1600 3565 1663 3604 ac
1691 3566 1750 3606 re
1781 3552 1895 3620 ipsa
1925 3561 2335 3622 repraesentans,
2359 3560 2413 3607 et

889 3630 1030 3697 quod
1048 3634 1222 3688 verbis
1245 3637 1513 3704 pollicitus
1539 3640 1916 3705 fuerat,oculis
1943 3642 2074 3712 ipsis
2102 3645 2412 3698 intuendum

889 3722 1202 3790 subjiciens,
1230 3725 1638 3786 confidentiores
1663 3746 1757 3786 eos
1785 3741 1943 3802 atque
1978 3734 2267 3788 alacriores
2279 3748 2417 3803 prte-

892 3821 1079 3875 staret,
1111 3813 1177 3865 ad
1195 3829 1310 3868 eam
1336 3831 1454 3884 quze
1480 3819 1544 3872 ab
1577 3820 1693 3889 ipso
1716 3823 1957 3877 instituta
1979 3824 2170 3886 fuerat,
2204 3825 2417 3895 religio-

893 3916 966 3954 sa:
1010 3903 1132 3956 vitae
1174 3903 1455 3970 rationem,
1496 3910 1745 3966 omnibus
1799 3913 1957 3967 simul
1998 3919 2052 3966 et
2093 3909 2313 3977 Graecis,
2363 3920 2417 3967 et

892 3991 1136 4045 barbaris
1177 3993 1524 4050 nuntiandam
1559 4013 1572 4048 :
1634 4004 1878 4068 protinus
1926 4004 2103 4071 itaque
2145 4003 2243 4056 hos
2272 4003 2416 4071 ipsos

896 4078 1184 4134 familiares
1241 4096 1304 4136 ac
1353 4084 1580 4151 sodales,
1631 4105 1766 4159 quos
1812 4093 1926 4160 ipse
1978 4091 2078 4146 sibi
2107 4091 2173 4144 de
2203 4091 2418 4159 optimis

895 4173 1065 4226 lectos
1084 4171 1362 4235 asciverat,
1410 4179 1785 4249 apostolosque
1833 4195 1962 4234 suos
2012 4194 2075 4233 ac
2123 4179 2417 4247 discipulos

898 4263 1282 4328 declaraverat,
1313 4279 1409 4318 sua
1438 4267 1606 4336 ipsius
1648 4270 1828 4325 divina
1874 4272 2070 4325 virtute
2114 4271 2417 4338 complevit,

2507 3180 2665 3234 αὑτοῦ
2695 3179 2983 3248 γνωρίμοις
3010 3178 3102 3229 καὶ
3132 3175 3413 3246 μαθηταῖς

2507 3270 2652 3341 παρὰ
2681 3268 2794 3337 Θεῷ
2820 3267 2962 3336 ζωῆς
2984 3267 3080 3337 τὴν
3118 3265 3314 3318 ἐλπίδα
3361 3267 3440 3337 μὴ

2507 3363 2598 3416 καὶ
2625 3363 2840 3429 φωναῖς,
2876 3357 3008 3411 ἀλλὰ
3045 3358 3227 3418 αὐτοῖς
3261 3356 3440 3426 ἔργοις

2512 3455 2630 3523 μοῖς
2659 3467 2717 3504 τε
2741 3448 3010 3519 παραδοὺς
3026 3446 3123 3517 τὴν
3156 3446 3248 3499 διὰ
3279 3447 3392 3499 τῶν
3417 3447 3440 3498 λ

2510 3542 2725 3613 θαρσεῖς
2749 3539 2938 3600 αὐτοὺς
2958 3538 3050 3591 καὶ
3078 3536 3436 3609 προθυμοτέρ

2511 3632 2671 3683 πᾶσιν
2701 3627 2952 3696 Ἕλλησιν
2980 3625 3112 3695 ὁμοῦ
3141 3627 3236 3678 καὶ
3274 3624 3440 3698 βαρϐι

2511 3717 2929 3787 καταϐληθείσαν
2974 3715 3168 3785 εὐσεϐῆ
3208 3715 3440 3768 πολιτεία

2511 3805 2602 3862 οὖν
2629 3809 2821 3868 αὐτοὺς
2838 3806 2900 3876 δὴ
2928 3804 3145 3867 τούτους
3176 3806 3301 3868 τοὺς
3323 3821 3440 3873 γνω

2512 3898 2602 3963 οὒς
2625 3897 2780 3958 αὐτὸς
2811 3895 2957 3965 αὐτῴ
3001 3894 3306 3966 ἀριστίνδην
3346 3897 3440 3950 ἐπι

2513 3987 2670 4043 αὑτοῦ
2700 3988 2792 4040 καὶ
2846 3985 3088 4056 μαθητὰς
3133 3986 3440 4052 ἀνελέξατο,

2513 4080 2786 4147 δυνάμεως
2821 4075 3110 4145 ἐμπλῆσαι,
3146 4078 3249 4128 πᾶν
3275 4076 3434 4143 γένος

2513 4170 2610 4238 τὴν
2666 4166 2798 4238 πρὸς
2838 4165 2998 4218 αὐτοῦ
3045 4166 3437 4233 καταγγελθείσ

2514 4262 2623 4320 τοῖς
2654 4259 2814 4310 πᾶσιν
2848 4256 3069 4325 Ἕλλησί
3105 4273 3163 4309 τε
3192 4257 3282 4310 καὶ
3313 4258 3440 4329 βαρε

899 4361 956 4406 ιιι
977 4366 1131 4421 quam
1160 4353 1272 4424 ipse
1293 4357 1631 4412 nuntiaverat
1662 4360 1751 4413 Dei
1768 4359 2144 4428 cognitionem,
2163 4358 2239 4410 illi
2264 4373 2421 4413 omne

1914 4359 2144 4421 nionem,
2163 4358 2239 4410 illi
2264 4373 2421 4413 omne
2518 4347 2735 4416 θέμενος
2760 4346 2974 4416 τρόπον,
3004 4345 3262 4415 δαιμόνων
3286 4349 3439 4420 ἀναχι

899 4443 1171 4497 hominum
1190 4461 1356 4515 genus
1381 4448 1653 4511 docerent,
1691 4464 1850 4503 unam
1886 4449 2097 4501 interim
2148 4448 2417 4514 omnibus,

1914 4449 2097 4501 nterim
2148 4448 2417 4514 omnibus,
2451 4438 2493 4490 D
2520 4438 2613 4497 καὶ
2649 4436 2744 4505 τῆς
2785 4434 3042 4490 πολυθέου
3091 4436 3291 4508 πλάνης
3323 4441 3439 4495 ἀνά,

897 4542 1006 4586 tam
1035 4533 1234 4592 Graecis
1256 4555 1413 4608 quam
1444 4540 1707 4603 barbaris,
1736 4539 2010 4608 religionis
2030 4537 2319 4594 instituens
2341 4554 2425 4592 ra-

899 4629 1094 4684 tionem
1120 4650 1133 4686 :
1161 4647 1221 4687 ea
1242 4648 1399 4703 porro
1420 4640 1552 4698 erat,
1571 4641 1629 4686 ut
1657 4648 1687 4685 a
1711 4631 2039 4686 daemonibus
2063 4633 2247 4701 procul
2272 4646 2419 4686 rece-

899 4718 1104 4782 derent,
1137 4738 1336 4792 eosque
1381 4723 1644 4792 fugerent,
1702 4722 2029 4792 deorumque
2060 4722 2420 4776 multitudinis

2519 4524 2649 4577 Θεοῦ
2681 4523 2772 4575 τοῦ
2800 4524 2890 4576 ἐπὶ
2914 4524 3125 4576 πάντων
3165 4527 3356 4593 γνῶσιν
3396 4532 3440 4583 ἀί

2518 4616 2609 4668 καὶ
2631 4615 2778 4667 λύσιν
2817 4614 2911 4683 μὲν
2937 4613 3042 4665 τῶν
3074 4622 3440 4689 προηγνοημέν

2521 4705 2840 4776 ἐπιμένοιεν,
2888 4704 3013 4772 μίαν
3049 4704 3106 4756 δὲ
3155 4710 3261 4770 τοῖς
3303 4712 3430 4763 πᾶσι

903 4807 1163 4864 fallaciam
1188 4811 1532 4875 declinarent,
1563 4819 1721 4879 atque
1734 4825 1897 4863 unum
1924 4812 2094 4887 solum
2117 4823 2421 4880 supremum

1890 4812 2094 4865 [solum
2117 4823 2421 4880 supremum
2519 4793 2587 4866 ἦς
2633 4792 2963 4848 ὕποτέθειται
3021 4798 3285 4865 πανσόφου
3324 4804 3415 4855 καὶ

903 4896 1066 4954 Deum
1082 4915 1204 4954 vere
1231 4906 1612 4968 cognoscerent
1640 4914 1653 4950 :
1687 4904 1942 4965 praeterea
1972 4897 2335 4952 liberationem
2360 4894 2427 4947 ab

1437 4906 1612 4951 cerent
1640 4914 1653 4950 ε
1687 4904 1942 4965 praeterea
1972 4897 2335 4952 liberationem
2360 4894 2427 4947 ab
2526 4885 2962 4956 ὑπισχνούμενον.

904 4992 992 5054 iis,
1013 5008 1130 5061 quae
1160 4995 1308 5064 prius
1341 4994 1646 5063 ignoranter
1689 4993 2089 5055 commiserant,
2138 4987 2425 5046 dummodo
2455 5000 2521 5039 ne
2550 4983 2603 5036 in
2624 4981 2811 5036 iisdem
2861 4993 3299 5050 perseverarent,
3326 4996 3379 5045 et
3409 5008 3439 5044 u

907 5084 978 5136 tis
996 5100 1160 5152 spem,
1191 5103 1282 5156 per
1308 5088 1439 5142 illud
1482 5086 1625 5156 quod
1644 5086 1757 5154 ipse
1780 5094 2032 5155 posuerat
2071 5080 2480 5153 sapientissime,
2520 5091 2583 5129 ac
2626 5090 2747 5129 cum
2789 5073 2935 5127 omni
2974 5071 3172 5130 virtute
3209 5078 3404 5136 vivendi

909 5177 1083 5229 batur.

1601 5272 1738 5327 Xlll.

915 5350 1064 5418 Quod
1087 5352 1140 5403 in
1177 5367 1238 5431 eo
1266 5363 1472 5420 natura,
1497 5377 1608 5426 qua:
1641 5380 1731 5415 nec
1760 5358 1873 5431 pali
1900 5403 1914 5424 ,
1950 5379 2038 5416 nec
2067 5359 2190 5414 laedi
2237 5365 2424 5426 potest,

981 5435 1191 5500 qqu‘ﬁe
1210 5435 1502 5500 τηοονρρνρα
1530 5437 1603 5479 εει
1624 5434 1979 5500 remanserit,
2004 5432 2158 5485 etiam
2187 5444 2283 5498 quo
2306 5437 2430 5479 tem-

983 5486 1109 5558 pore
1136 5486 1303 5555 factus
1330 5486 1404 5540 est
1433 5489 1598 5546 homo.

987 5579 1120 5630 Cum
1152 5576 1316 5643 igitur
1359 5575 1470 5633 haec
1500 5579 1571 5630 ita
1607 5595 1663 5635 se
1690 5584 1954 5656 habeant,
1996 5605 2102 5644 non
2147 5592 2355 5655 oportet
2384 5589 2434 5638 te

2400 5697 2436 5726 “
2467 5693 2585 5751 Ose.
2627 5712 2741 5762 xm,
2786 5697 2867 5751 14.

994 5687 1038 5719 ⁸ο
1071 5687 1170 5743 lea.
1200 5704 1321 5753 xxv,
1354 5689 1416 5754 8;
1447 5688 1566 5744 Ose.
1604 5708 1716 5758 xm,
1752 5698 1832 5752 ιι.
1910 5704 1946 5733 ιι
1979 5702 2081 5757 lsa.
2116 5714 2233 5763 xxv,
2269 5698 2318 5752 8.

3245 5261 3337 5318 II".

2522 5345 2616 5397 Il".
2669 5344 2763 5408 Ὠς
2792 5341 3045 5425 ἀπαθὴς,
3078 5347 3440 5425 κριὲ-ἀϐλαϐὴς

2708 5429 2869 5480 μεινε
2896 5413 2994 5465 καὶ
3021 5416 3147 5468 καθ’
3174 5416 3240 5470 ὃν

2601 5583 2752 5637 Οὕτω
2783 5585 2847 5652 δὴ
2881 5584 3085 5640 τούτων
3124 5588 3357 5666 ἐχόντων,
3393 5608 3440 5659 οξ
