3862 6338
66 35 199 85 ριν-

90 458 151 516 285
1066 431 1705 493 DEMONSTRATIONIS
1744 419 2190 485 EVANCELICE
2231 406 2360 469 LIB.
2398 404 2486 467 IV.
2522 480 2529 489 η
3233 426 3336 480 εδδ

91 577 201 629 ὧν,
238 536 458 612 γένεσιν
487 538 592 593 καὶ
618 540 832 629 σῶμα,
867 549 981 601 καῖ¹
1011 551 1180 620 πάθη,
1212 552 1303 605 καὶ
1332 548 1701 620 θάνατονιπερὶ

1799 547 1975 600 animo
1986 533 2306 613 perturbari,
2328 534 2540 589 tametsi
2551 548 2607 593 et
2618 551 2812 605 ortum,
2829 551 2883 599 et
2896 558 3109 612 corpus,
3125 549 3174 595 et
3189 541 3333 594 dolo-

98 666 154 717 ὢν
172 637 341 713 ἆθλον
376 630 478 682 καί
522 628 863 701 ἀσώματον
896 639 1004 692 τοῦ
1037 639 1172 693 Θεοῦ
1217 641 1382 708 Λόγον
1430 638 1701 692 ἀκούοντα.

1802 650 1909 695 res,
1934 642 1988 689 et
2004 641 2248 690 mortem,
2280 623 2344 679 de
2364 626 2603 682 materiae
2617 633 2817 697 experti
2834 642 2988 700 atque
3016 632 3329 699 incorporeo

111 712 310 812 ζὰςτδιρ
350 720 462 773 οὐδ’
511 721 771 792 ἡλιακοῦ
821 730 1024 797 φωτὸς
1067 730 1281 784 πάθοιέν
1322 747 1374 782 τι
1412 730 1618 790 ἀκτῖνες
1641 727 1701 780 τὰ

1807 723 1962 792 168
1978 721 2069 775 Dei
2087 718 2258 773 Verbo
2270 712 2440 768 audis.
2465 712 2536 767 Ut
2566 718 2708 771 enim
2731 719 2921 773 solaris
2937 719 3150 772 luminis
3169 718 3325 781 radii,

116 841 266 889 ma,
297 812 639 882 πληροῦσαι,
669 817 783 869 καὶ
821 821 1111 889 σωμάτων
1142 821 1364 890 νεκρῶν,
1400 820 1492 872 καὶ
1521 820 1579 872 οὐ
1612 836 1701 871 κα-

1804 816 1928 868 licet
1949 812 2125 866 omnia
2146 808 2467 877 compleant,
2491 817 2541 861 et
2564 823 2786 877 corpora
2804 816 3010 861 mortua
3035 808 3331 862 sordentia-

128 919 280 993 διφῶν
327 904 728 975 ἐξαπτόμεναι
749 922 769 938 ·
809 909 961 963 πολὺ
1013 910 1172 963 πλέον
1209 913 1241 979 ἠ
1284 909 1564 977 ἀσώματος
1614 907 1701 960 τοῦ

1801 919 1905 972 que
1934 904 2212 971 attingant,
2246 898 2344 967 ipsi
2373 905 2550 951 tamen
2583 898 2715 950 nihil
2748 898 3039 965 patiuntur,
3067 898 3144 950 sic
3166 897 3327 950 etiam

133 1010 246 1062 θεοῦ
273 992 490 1064 δύναμις
521 994 644 1046 οὔτ’
671 995 748 1049 ἂν
776 997 957 1050 πάθοι
983 999 1082 1068 τὴν
1102 998 1302 1061 οὐσίαν,
1342 996 1449 1049 οὒτ’
1484 997 1548 1049 ἂν
1585 997 1707 1066 βλα-

148 1099 265 1167 ἰείη,
296 1084 396 1138 οὒτ’
442 1085 511 1138 ἂν
555 1084 778 1155 χείρων
817 1089 960 1141 ποτὲ
994 1089 1187 1157 ἑαυτῆς
1209 1087 1426 1155 γένοιτο,
1464 1085 1704 1154 σώματος

157 1179 415 1250 ἀωμτως
450 1177 842 1247 ὲπαφωμὲνη.
895 1178 963 1229 Τί
1020 1177 1159 1247 γάρ;
1198 1178 1314 1246 οὐχὶ
1353 1178 1444 1229 καὶ
1475 1177 1594 1245 δίχα
1613 1175 1703 1226 τοῦ

168 1273 269 1324 καθ’
291 1264 476 1335 δὲνηνθ
486 1265 668 1337 ρώπει
698 1266 989 1337 σώματος,
1016 1269 1100 1319 ἀεὶ
1122 1267 1213 1320 καὶ
1239 1266 1323 1318 διὰ
1344 1266 1535 1327 παντὸς
1561 1266 1704 1335 ἥκων

168 1362 228 1414 δι’
249 1361 346 1430 ὅλης
377 1357 475 1426 τῆς
510 1356 626 1408 τῶν
664 1358 980 1426 στοιχείων,
1025 1358 1117 1409 κα)⁵
1153 1355 1325 1409 αὐτῶν
1365 1356 1427 1426 δὴ
1470 1355 1575 1407 τῶν
1605 1371 1705 1406 σω-

174 1450 326 1517 μάτων
342 1445 486 1515 ῦλης,
514 1439 610 1498 οἷά
647 1461 735 1507 τις
782 1445 923 1497 Θεοῦ
957 1445 1111 1513 λόγος
1139 1444 1211 1498 ὣν
1247 1445 1582 1514 δημιουργὸς,
1606 1445 1702 1513 τῆς

169 1539 223 1604 ἐξ
254 1535 386 1589 αὑτοῦ
418 1536 614 1603 σοφίας
658 1535 721 1586 ὲν
762 1534 906 1603 αὐτῇ
940 1535 1066 1595 τοὺς
1108 1533 1290 1601 λόγους
1315 1531 1705 1601 ἀποσφραγίζε-

169 1643 273 1689 ται,
303 1624 366 1695 τῷ
401 1626 496 1695 μὲν
536 1623 744 1694 ἀψύχῳ
802 1623 968 1692 ζωὴν,
1016 1621 1092 1691 τῷ
1132 1622 1188 1674 δὲ
1217 1622 1442 1692 ἀμόρφῳ
1475 1621 1585 1672 ὄντι
1614 1621 1704 1673 καὶ
1740 1658 1743 1661 Α

168 1720 317 1777 ἁειδεῖ
329 1719 416 1788 τὴν
446 1717 636 1786 φύσιν,
675 1717 897 1787 μορφὴν
929 1714 1441 1783 ἐνατιοτυπούμενος,
1470 1713 1537 1765 τά
1561 1728 1618 1762 τε
1648 1712 1704 1762 ὲν

167 1811 298 1882 αὐτῷ
314 1811 471 1879 κάλλη
510 1809 611 1861 καὶ
641 1807 749 1870 τὰς
794 1807 1117 1876 ἀσωμάτους
1157 1805 1293 1867 ἰδέας
1326 1807 1439 1866 ταῖς
1460 1802 1565 1854 τῶν
1598 1816 1701 1853 σω-

170 1902 331 1969 μάτων
360 1899 642 1968 ποιότησιν
691 1897 1216 1967 ὲναποματτόμενος,
1257 1894 1416 1947 κινῶν
1449 1893 1503 1945 δὲ
1527 1892 1593 1944 τὰ
1625 1891 1699 1961 τῷ

164 1991 326 2061 οἰκείῳ
347 1990 486 2059 λόγῳ
533 1989 729 2058 ἄψυχα
768 1987 863 2040 καὶ¹
901 1986 1146 2054 ἀκίνητα,
1182 1984 1304 2052 γῆν,
1346 1982 1505 2052 ὕδωρ,
1544 1981 1696 2051 ἀέρα,

165 2075 287 2145 πῦρ,
322 2074 587 2142 πάνσοφόν
622 2090 752 2125 τινα
804 2072 899 2124 καὶ
943 2071 1300 2141 παναρμόνιον
1342 2070 1568 2138 κίνησιν,
1610 2071 1701 2121 καὶ⁵

163 2166 230 2217 τὰ
258 2165 408 2219 πάντα
438 2164 498 2227 ἐξ
534 2162 819 2231 ἀκοσμίας
853 2160 1090 2229 κοσμῶν,
1122 2157 1294 2223 αὔξων
1336 2174 1393 2209 τε
1430 2157 1522 2209 καὶ
1556 2155 1702 2208 τελε-

165 2257 418 2325 σιουργῶν,
446 2255 587 2323 αὐτῇ
625 2268 688 2303 τε
728 2250 897 2318 ὲνθέῳ
919 2250 1012 2302 καὶ
1045 2249 1230 2317 λογικῇ
1260 2247 1479 2317 δυνάμει
1518 2262 1700 2315 μονον-

165 2344 277 2410 ουχὶ
309 2342 464 2395 ἐπιὼν
507 2342 579 2393 τά
611 2340 818 2400 πάντα,
855 2336 950 2390 καὶ⁸
978 2335 1062 2388 διά
1091 2336 1301 2388 πάντων
1335 2333 1521 2404 χωρῶν
1572 2332 1701 2385 πάν-

164 2447 268 2485 των
290 2449 337 2485 τε
365 2431 771 2501 ἐφαπτόμενος,
818 2426 931 2480 ἀλλ’
961 2425 1077 2477 οὔτι
1116 2442 1179 2493 γε
1227 2422 1424 2493 βλάϐην
1465 2426 1527 2476 ἐκ
1560 2421 1699 2485 τίνδς

167 2522 486 2592 ἑπαγόμενος,
539 2519 666 2573 οὐδὲ
717 2516 817 2588 τὴν
860 2516 1019 2585 φύσιν
1080 2514 1245 2583 αὐτὴν
1310 2512 1695 2582 μολυνόμενος;

165 2610 293 2664 οὕτω
397 2613 464 2664 τὰ
496 2611 645 2665 κατά
674 2608 849 2661 ταῦτα
872 2607 967 2659 καὶ
989 2608 1045 2658 ὲν
1078 2603 1376 2674 ἀνθρώποις
1399 2603 1695 2672 γενόμενος,

167 2698 311 2752 πάλαι
348 2701 441 2770 μὲν
482 2696 719 2769 βραχέσι
759 2696 856 2747 καὶ
890 2691 1103 2764 ἀριθμῷ
1138 2691 1377 2760 ληπτοῖς,
1432 2689 1607 2753 μόνοις
1643 2689 1697 2742 δὲ

164 2788 267 2847 τοῖς
289 2787 648 2857 ἀναγράπτοις
686 2782 995 2853 προφήταις
1030 2794 1089 2829 τε
1128 2778 1218 2857 καὶ
1244 2777 1461 2838 δικαίοις
1510 2776 1702 2845 ἀνδρά-

169 2889 265 2938 σιν,
483 2876 665 2936 ἄλλως
690 2849 962 2941 ἐφαίνετο,
1003 2869 1094 2922 ἐπὶ
1124 2849 1263 2920 τέλει
1304 2867 1359 2919 δὲ
1387 2870 1496 2930 τοῖς
1539 2868 1699 2918 πᾶσιν

165 2964 273 3033 ἢδη,
294 2968 503 3036 φαύλοις
531 2983 594 3019 τε
618 2965 719 3017 καὶ
746 2961 1018 3024 ἀσεϐέσιν,
1058 2959 1321 3028 Ἑϐραίοις
1348 2974 1404 3009 τε
1439 2954 1568 3026 ὁμοῦ
1606 2956 1699 3008 καὶ

165 3053 363 3128 Ἕλλησι
402 3058 467 3109 δι’
517 3052 972 3124 ὑπερϐάλλουσαν
1013 3049 1105 3102 τοῦ
1147 3045 1451 3114 παναγάθου
1491 3043 1699 3115 Πατρδς

158 3150 473 3218 χρηστότητα
518 3148 619 3201 καὶ
662 3141 1069 3214 φιλανθρωπίαν
1127 3137 1463 3229 εὐεργετικὸν
1513 3136 1698 3190 ἑαυτὸν
1726 3174 1766 3229 C

157 3235 240 3285 καὶ
268 3242 521 3310 σωτήριον
545 3233 867 3306 παρείχετο,
896 3229 1184 3300 διαρρήδην
1212 3227 1366 3280 τοῦτο
1397 3226 1701 3297 προκηρύτ-

152 3336 284 3381 των.
320 3348 339 3379 ι
371 3329 444 3381 Οὐ
478 3326 670 3397 χρείαν
709 3322 923 3391 ἔχουσιν
954 3321 1000 3370 οἱ
1049 3317 1314 3386 ἰσχύοντες
1341 3315 1540 3384 ἰατροῦ,
1569 3312 1702 3367 ἀλλὰ

149 3412 195 3461 οἱ
219 3430 397 3481 κακως
425 3417 667 3486 ἔχοντες·
697 3414 802 3464 οὐκ
845 3407 1006 3479 ἦλθον
1049 3405 1267 3458 καλέσαι
1297 3403 1549 3465 δικαίους,
1589 3401 1703 3454 ἀλλ’

147 3499 486 3573 ἁμειρτωλοὺς
519 3505 603 3566 εἰς
633 3501 944 3572 μετάνοιαν.
978 3515 995 3547 ι
1034 3495 1243 3547 Ἐκάλει
1269 3494 1400 3562 δῆτα
1439 3494 1467 3544 ὁ
1492 3490 1701 3544 πάντων

144 3587 349 3666 Σιιιτὴρ,
385 3615 404 3646 ι
433 3594 623 3659 Δεῦτε,
651 3590 849 3657 λέγων,
880 3586 1012 3656 πρὸς
1041 3585 1106 3654 μὲ
1129 3583 1323 3644 πάντες
1345 3582 1393 3633 οί
1417 3578 1701 3642 κοπιῶντες

147 3679 229 3729 καὶ
274 3681 721 3755 πεφορτισμένοι,
761 3674 919 3744 κάγὼ
957 3672 1251 3726 ἀναπαύσω
1275 3672 1432 3740 ὑμᾶς·
1475 3688 1492 3720 ι
1524 3669 1700 3722 ὲκάλει

144 3767 225 3819 καὶ
278 3775 389 3826 ἰᾶτο
429 3771 682 3840 ἀφθόνως
719 3767 788 3819 δι’
830 3764 1078 3835 ὀργάνου,
1122 3756 1181 3815 οὗ
1216 3758 1577 3829 προύϐἐϐλητο
1607 3760 1702 3811 ἁν-

143 3856 429 3928 θρωπίνου,
461 3859 550 3916 οἷά
591 3876 680 3921 τις
723 3855 980 3928 μουσικὸς
1012 3854 1149 3925 ἀνὴρ
1173 3851 1260 3904 διὰ
1288 3851 1387 3920 τῆς
1412 3849 1577 3918 λύρας
1607 3849 1700 3918 τὴν

140 3950 336 4014 σοφίαν
387 3950 869 4017 ἐπιδεικνύμενος,
936 3944 1026 3997 καὶ
1075 3939 1353 4001 νοσούσαις
1394 3955 1457 4005 γε
1509 3938 1702 4006 ψυχαῖς

140 4040 255 4101 ταῖς
287 4045 339 4095 ὲν
361 4043 621 4113 σώμασιν,
643 4033 739 4092 οἷά
761 4054 845 4099 τις
874 4033 1069 4105 ἰατρῶν
1094 4033 1328 4102 ἀριστος,
1352 4031 1594 4095 συγγενεῖ
1612 4028 1702 4079 καὶ

142 4134 455 4204 καταλλήλῳ
526 4130 839 4201 βοηθήματι
911 4124 1001 4176 τὸν
1077 4121 1357 4190 ἄνθρωπον
1422 4117 1579 4179 αὐτός
1643 4132 1700 4167 τε

143 4215 337 4275 ἑαυτὸν
359 4223 658 4297 ιζπόδειγμα
695 4214 861 4285 σοφοῦ
888 4214 977 4267 καὶ¹
1010 4210 1305 4281 παναρέτου
1340 4208 1431 4261 καὶ
1455 4206 1701 4269 εὐσεϐοῦς

138 4296 432 4383 παρείχετο
474 4312 628 4382 βίου,
687 4306 952 4360 διδάσκων
1004 4302 1100 4373 μὲν
1148 4301 1215 4353 τὰ
1251 4299 1419 4368 ἀληθῆ
1468 4298 1525 4350 οὐ
1574 4296 1699 4365 παρ’

135 4391 347 4464 ἐτέρων
404 4400 781 4475 ἢρανισμένα,
839 4395 897 4459 ἐξ
954 4392 1120 4447 αὑτοῦ
1163 4392 1219 4445 δὲ
1259 4392 1350 4443 καὶ
1404 4388 1550 4459 παρὰ
1606 4386 1698 4439 τοῦ

1803 991 2076 1058 multoque
2124 986 2293 1057 magis
2344 985 2436 1039 Dei
2486 986 2570 1039 vis
2607 987 2924 1053 incorporea
2974 992 3175 1036 natura:
3214 997 3326 1036 sua:

1803 1079 2004 1131 nullum
2063 1092 2234 1144 neque
2284 1075 2682 1128 incommodum
2730 1088 2901 1140 neque
2949 1081 3324 1124 nocumentum

1804 1169 2044 1237 accipiet,
2073 1182 2243 1236 neque
2275 1180 2506 1234 unquam
2538 1166 2712 1233 seipsa
2744 1163 2978 1216 deterior
3010 1161 3117 1222 ﬁet,
3138 1174 3323 1227 quam-

1802 1259 1883 1311 vis
1918 1259 2231 1325 incorporea
2284 1256 2513 1324 quadam
2562 1256 2769 1307 ratione
2831 1267 3028 1319 corpus
3075 1252 3323 1317 attingat.

1802 1346 1937 1412 Quid
1966 1346 2108 1400 enim
2133 1346 2254 1398 ?An
2285 1360 2393 1398 non
2423 1345 2622 1412 absque
2660 1357 2724 1396 eo
2751 1343 2803 1395 in
2832 1357 2939 1410 quo
2964 1342 3121 1394 homo
3151 1339 3328 1393 factus

1801 1444 1883 1489 est
1909 1449 2154 1503 corpore,
2188 1449 2395 1502 semper
2427 1442 2586 1502 atque
2613 1446 2992 1502 usquequaque
3033 1445 3128 1499 per
3161 1437 3328 1482 totam

1800 1510 2181 1578 elementorum
2206 1524 2547 1592 ipsorumque
2561 1524 2715 1592 plane
2735 1536 3018 1590 corporum
3049 1519 3327 1573 materiam

1799 1624 2103 1684 penetrans,
2127 1624 2373 1681 tanquam
2404 1614 2451 1667 is
2479 1614 2568 1680 qui
2586 1612 2674 1666 Dei
2698 1612 2767 1664 sit
2789 1611 2923 1664 ratio
2954 1610 3190 1678 quaedam
3213 1607 3330 1676 opi-

1801 1702 1883 1757 fex
1915 1703 2188 1771 sapientia:
2218 1716 2335 1771 qua:
2364 1700 2432 1754 ab
2476 1702 2594 1770 ipso
2623 1699 3004 1768 proﬁciscitur,
3033 1697 3087 1748 in
3120 1710 3182 1749 ea
3211 1696 3325 1763 ipsa

1799 1793 2033 1845 rationes
2062 1798 2114 1845 et
2135 1790 2334 1844 claudit
2379 1797 2432 1844 et
2456 1788 2684 1858 Esignat?
2713 1789 2837 1842 dum
2875 1788 3120 1842 videlicet
3147 1785 3328 1838 inani-

1800 1883 1902 1936 mis
1922 1884 2108 1947 vitam,
2137 1881 2454 1935 informibus
2484 1896 2609 1935 vero
2639 1888 2691 1934 et
2715 1880 2915 1932 nullam
2969 1886 3176 1931 naturae
3204 1892 3328 1945 spe-

1800 1974 1934 2028 ciem
1989 1973 2307 2028 habentibus
2332 2011 2347 2036 ,
2383 1973 2609 2025 formam
2650 1971 2978 2038 ﬁguramque
3032 1968 3323 2035 imprimit;

1798 2083 2040 2137 quasque
2066 2068 2121 2120 in
2150 2081 2208 2120 se
2232 2066 2391 2119 habet
2420 2064 2853 2134 pulchritudines
2876 2063 3326 2129 incorporeasque

1798 2157 2022 2225 species,
2051 2169 2330 2224 corporum
2354 2154 2698 2222 qualitatibus
2733 2152 3014 2211 immiscet,
3045 2158 3327 2218 movetque

1798 2260 1859 2299 ea
1888 2260 2005 2315 qua:
2055 2259 2153 2299 sua
2182 2244 2418 2312 ipsorum
2457 2242 2665 2294 ratione
2715 2240 2950 2293 inanima
3003 2238 3327 2306 immotaque

1799 2343 1941 2399 sunt,
1981 2342 2196 2396 terram,
2232 2346 2444 2402 aquam,
2473 2347 2671 2397 aerem,
2703 2330 2900 2399 ignem,
2933 2328 3327 2396 sapientissimo

1796 2426 2024 2494 quodam
2051 2424 2301 2491 omnique
2331 2423 2687 2476 concinnitate
2718 2418 2915 2473 referto
2947 2428 3093 2471 motu
3123 2435 3136 2482 ;
3165 2427 3327 2494 atque

1797 2514 2008 2567 ordinat
2035 2513 2213 2567 omnia
2243 2526 2572 2581 quaecunque
2619 2509 2918 2563 inordinata
2941 2515 3087 2569 sunt,
3111 2489 3327 2561 eadem-

1796 2619 1897 2670 que
1919 2611 2073 2672 auget
2102 2616 2163 2654 ac
2194 2602 2401 2671 perﬁcit
2436 2618 2450 2665 ;
2488 2615 2550 2653 ac
2581 2614 2679 2653 sua
2702 2599 2871 2667 ipsius
2893 2596 3070 2650 divina
3096 2595 3327 2648 rationa-

1797 2694 1939 2762 lique
1972 2694 2165 2746 virtute
2194 2692 2398 2745 accedit
2431 2690 2495 2743 ad
2526 2689 2705 2742 omnia
2741 2702 2801 2740 ac
2830 2702 2924 2755 per
2956 2685 3134 2740 omnia
3165 2700 3328 2753 pene-

1796 2791 1922 2843 trat,
1982 2781 2268 2849 omniaque
2317 2779 2547 2847 attingit,
2569 2791 2742 2845 neque
2791 2782 2967 2828 tamen
3020 2772 3327 2828 nocumenti

1798 2872 2085 2941 quidquam
2114 2885 2178 2923 ex
2211 2884 2394 2923 earum
2443 2881 2619 2920 rerum
2666 2866 2844 2933 aliqua
2892 2863 3096 2925 trahit,
3155 2876 3328 2930 neque

1797 2975 1946 3015 suam
1972 2959 2141 3028 ipsius
2171 2966 2415 3010 naturam
2449 2953 2792 3023 coinquinat?
2824 2953 3019 3006 Eadem
3044 2954 3220 3018 itaque
3245 2957 3328 3003 est

1797 3048 1953 3110 ratio,
1986 3047 2113 3099 dum
2142 3044 2301 3098 etiam
2328 3044 2467 3097 inter
2498 3043 2741 3095 homines
2773 3040 2938 3110 degit.
2964 3039 3086 3092 illos
3108 3036 3327 3105 quidem

1797 3141 1950 3187 antea
1985 3147 2184 3203 paucos
2215 3139 2267 3185 et
2298 3130 2678 3189 numerabiles.
2725 3129 2869 3183 solos
2903 3128 3088 3195 utique
3118 3140 3232 3188 eos,
3259 3124 3329 3179 de

1799 3224 1991 3293 quibus
2019 3222 2276 3290 scriptum
2308 3230 2409 3283 est,
2430 3220 2714 3288 prophetas
2737 3218 3019 3286 iustosque
3043 3218 3209 3278 viros,
3233 3216 3327 3271 iis-

1797 3329 1901 3382 que
1929 3314 2061 3366 alias
2111 3312 2266 3364 aliter
2293 3325 2350 3365 se
2382 3309 2615 3363 ostendit
2645 3327 2659 3361 :
2715 3299 3006 3361 novissime
3038 3321 3167 3360 vero
3211 3305 3325 3374 jam

1797 3403 2045 3457 omnibus
2074 3401 2228 3453 malis
2255 3401 2539 3468 impiisque
2569 3405 2623 3451 et
2653 3396 2886 3451 Hebraeis
2912 3396 3071 3449 simul
3098 3402 3149 3447 et
3181 3395 3329 3450 Gra-

1798 3492 1896 3554 cis,
1920 3507 1983 3545 ex
2017 3490 2308 3543 abundanti
2336 3488 2523 3556 optimi
2563 3486 2737 3557 Patris
2770 3486 3008 3540 bonitate
3040 3499 3328 3553 amoreque

1798 3595 1921 3649 erga
1962 3580 2226 3641 homines,
2275 3578 2593 3632 beneﬁcium
2638 3575 2874 3644 seipsum
2930 3573 3329 3640 salutaremque

1803 3668 2052 3730 exhibet,
2101 3668 2258 3735 plane
2288 3667 2391 3720 hoc
2424 3667 2599 3733 ipsum
2627 3679 2689 3718 ac
2722 3665 2934 3735 publice
2978 3662 3323 3716 denuntians.

1805 3774 1822 3806 ι
1863 3755 1978 3808 Non
2007 3755 2261 3824 indigent,
2293 3754 2492 3822 inquit,
2542 3754 2675 3806 bene
2702 3753 2940 3805 valentes
2970 3750 3198 3811 medico,
3231 3750 3326 3803 sed

1799 3847 1935 3900 male
1964 3847 2217 3900 habentes
2251 3862 2266 3899 :
2302 3860 2408 3898 non
2440 3845 2561 3898 veni
2591 3852 2647 3897 ut
2692 3857 2936 3896 vacarem
2986 3842 3163 3910 justos
3186 3880 3201 3903 ,
3232 3840 3328 3895 sed

1799 3943 2106 4005 peccatores
2134 3935 2201 3989 ad
2229 3933 2600 4003 pomitentiam
2631 3934 2695 3988 ".
2728 3953 2746 3984 ι
2775 3931 3009 3985 Vocabat
3037 3946 3164 4000 ergo
3205 3928 3327 3984 Sal-

1797 4032 1947 4077 vator
1976 4023 2209 4077 omnium
2235 4022 2419 4075 dicens
2456 4035 2471 4072 :
2504 4036 2521 4068 (
2551 4017 2740 4072 Venite
2778 4021 2841 4070 ad
2883 4033 2987 4080 me,
3017 4030 3204 4069 omnes
3234 4015 3327 4084 qui

1797 4114 2052 4167 laboratis
2079 4121 2132 4167 et
2169 4113 2374 4166 onerati
2411 4111 2564 4175 estis,
2603 4118 2655 4163 et
2681 4123 2779 4179 ego
2802 4107 3035 4161 reﬁciam
3071 4121 3163 4159 vos
3197 4104 3261 4158 ³⁸.
3302 4122 3322 4155 ι

1801 4201 2039 4256 Vocahat
2063 4216 2124 4254 ac
2153 4199 2375 4254 sanabat
2415 4198 2733 4259 liberaliter,
2759 4211 2852 4264 per
2879 4194 3006 4247 illud
3035 4194 3329 4246 humanum

1801 4294 2211 4346 instrumentum
2244 4290 2386 4357 quod
2415 4304 2524 4356 prae
2559 4303 2617 4342 se
2636 4287 2857 4349 ferebat,
2893 4284 3055 4338 veluti
3101 4283 3323 4351 quidam

1800 4384 2039 4438 musicus
2064 4383 2166 4444 vir,
2199 4381 2287 4449 qui
2318 4395 2411 4448 per
2433 4380 2599 4449 lyram
2618 4391 2775 4447 quam
2810 4378 2879 4431 sit
2905 4377 3094 4430 doctus
3139 4382 3330 4429 osten-

130 4479 359 4562 Π²ξρθκ
412 4494 476 4546 τὶ
536 4490 709 4545 πάλαι
762 4486 856 4538 καὶ
913 4485 977 4536 ἐκ
1022 4480 1229 4552 μακροῦ
1255 4478 1343 4531 τοῦ
1378 4477 1564 4540 αἰῶνος
1592 4480 1700 4538 τοῖς

1799 4475 1894 4535 dit,
1929 4489 2027 4527 nec
2054 4489 2159 4526 non
2181 4471 2560 4542 aegrotantibus
2573 4470 2765 4524 animis
2787 4470 2873 4527 iis,
2908 4481 3026 4534 qua:
3054 4465 3107 4517 in
3137 4478 3332 4532 corpo-

126 4567 205 4620 ἀνέ
218 4552 406 4633 ἔλαθεν
430 4577 698 4647 θεοφιλέσι
727 4573 822 4627 καὶ
861 4574 971 4633 τοῖς
1000 4570 1103 4639 πρὸ
1128 4566 1408 4628 ’Μωῦσέως
1441 4563 1699 4634 Ἑϐραίοις

1799 4564 1945 4618 ribus
1960 4563 2219 4631 degebant
2246 4561 2409 4616 veluti
2433 4560 2667 4629 optimus
2695 4558 2909 4627 quidam
2924 4552 3329 4614 inedicus,dum

121 4642 624 4738 ἰενξμοθετημένι
672 4660 951 4731 Σωμάτων
997 4658 1053 4710 δὲ
1093 4656 1188 4724 οὐχ
1235 4651 1393 4724 ἦττον
1439 4652 1471 4721 ἢ
1517 4650 1699 4719 ψυχῶν

1799 4660 2014 4720 cognata
2027 4653 2444 4720 congruentique
2459 4666 2555 4719 ope
2573 4652 2744 4718 ipsum
2760 4645 3025 4701 hominem
3039 4642 3334 4708 curat,ipse

116 4744 188 4796 ἐπι
208 4729 529 4828 διελόμενος
549 4796 564 4819 ,
604 4756 701 4809 καὶ
740 4729 1023 4822 σαρκικοῖς
1057 4748 1151 4816 μὲν
1180 4742 1475 4815 ἀνθρώπων
1505 4740 1699 4809 ὀφθαλ-

1799 4743 2033 4811 seipsum
2072 4743 2340 4809 exemplar
2361 4740 2507 4793 omni
2560 4738 2820 4806 sapientia
2849 4733 3098 4798 omnique
3131 4729 3333 4781 virtute

117 4817 281 4910 μοῖῖς
296 4848 361 4901 τά
380 4817 462 4901 διὰ
606 4817 984 4914 σαρκὸς-αὑτῷ
1006 4835 1252 4907 δρώμενα
1278 4829 1696 4902 παρασκευάζων

1799 4833 2006 4888 referta:
2021 4831 2138 4884 vitae
2155 4828 2773 4898 praebebat,docebatque
2797 4821 3007 4877 interim
3024 4817 3332 4879 veritatem,

333 4938 510 5000 ἀκοαῖς
540 4904 603 4986 δὲ
645 4904 809 4984 πάλιν
853 4904 1054 4995 σαρκὸς
1087 4904 1183 4984 τάς
1219 4920 1307 4974 διὰ
1334 4917 1573 4987 γλώττης
1606 4919 1699 4970 καὶ

1806 4918 1960 4989 169
1977 4933 2083 4971 non
2115 4931 2274 4985 quam
2305 4917 2370 4969 ab
2412 4916 2531 4969 aliis
2555 4915 2916 4982 compilasset,
2949 4904 3040 4958 sed
3066 4916 3188 4956 eam
3217 4918 3340 4972 qua

146 5023 355 5088 Ἀξιὸς
380 4996 598 5096 ὑπηχῶν
626 5016 1000 5078 διδασκαλίας,
1032 5015 1126 5066 καὶ
1157 5011 1332 5064 πάντα
1355 5025 1416 5074 γε
1449 5007 1700 5059 ἐπιτελῶν

1802 5020 1855 5063 et
1885 5025 1913 5062 a
1945 5008 2123 5075 seipso
2166 5013 2220 5059 et
2247 5020 2277 5058 a
2310 5006 2482 5069 Patre,
2528 5004 2721 5073 priscis
2763 5002 2891 5061 illis,
2926 4998 3016 5063 qui
3051 5001 3159 5044 tam
3198 4996 3342 5047 mul-

179 5098 237 5151 ῖικὶ
284 5103 327 5161 οὗ
341 5083 620 5185 ἀνείληφεν
649 5107 943 5178 ἀνθρώπου
963 5142 979 5166 ,
1014 5105 1124 5164 τοῖς
1153 5102 1253 5154 οὐκ
1283 5096 1503 5166 ἄλλωςῆ
1535 5098 1701 5165 μόνως

1806 5102 1876 5158 tis
1930 5107 2054 5154 ante
2095 5098 2305 5152 saeculis
2359 5111 2391 5150 a
2427 5105 2613 5152 nostra
2653 5101 2807 5148 suate
2837 5084 3027 5158 procul
3067 5083 3345 5147 vixerant,

204 5188 333 5261 (οὕτως
350 5206 438 5275 τῆς
460 5170 623 5257 αύτοῦ
656 5170 935 5266 θειότητος
969 5188 1343 5246 συναισθέσθαι
1375 5186 1696 5253 δυναμένοις.

1803 5189 1895 5245 Dei
1916 5188 2122 5250 amicis,
2149 5188 2240 5256 qui
2267 5195 2389 5239 ante
2417 5184 2613 5239 Mosem
2641 5182 2940 5235 ﬂoruerunt
2964 5170 3234 5233 Hebraeis,
3258 5187 3352 5225 vc-

205 5278 343 5345 ταῦτα
377 5258 436 5364 δὴ
470 5291 563 5348 οὖν
605 5293 829 5346 ἅπαντα
874 5288 955 5345 εἰς
985 5283 1045 5334 τὸ
1075 5282 1373 5350 χρήσιμον,
1413 5280 1502 5326 καὶ
1543 5278 1701 5329 πᾶσιν

1803 5275 1901 5328 luti
1943 5276 2026 5328 lex
2070 5272 2310 5342 quaedam
2347 5271 2588 5340 exposita
2633 5277 2815 5323 esset:
2861 5268 2916 5317 et
2953 5271 3193 5325 corpora
3236 5258 3356 5325 ipsa

205 5368 299 5433 ἡμῖν
588 5386 618 5436 ὁ
646 5380 834 5432 πάντα
858 5373 1048 5441 φιλανθ
1261 5365 1352 5418 τοῦ
1381 5364 1513 5455 Θεοῦ
1539 5366 1701 5434 Λόγος

1804 5382 1910 5421 non
1943 5365 2120 5419 minus
2158 5363 2377 5417 curabat
2420 5375 2577 5430 quam
2623 5360 2832 5412 animas
2862 5373 2876 5408 :
2907 5364 3035 5405 nam
3067 5346 3362 5414 corporeis

2192 5454 2195 5455 ,
2481 5452 2512 5455 -_
3006 5451 3087 5455 κγ--
3136 5434 3211 5455 ,1-
3248 5433 3362 5455 2,-..

199 5461 284 5548 ταῖς
309 5433 585 5548 ᾖτριὲαξ
613 5468 840 5541 βουλαῖς
868 5463 1161 5531 διηκονεῖτο
1179 5497 1194 5520 ,
1227 5455 1402 5525 μένων
1431 5453 1581 5507 πάλιν
1608 5457 1701 5509 αὺ-

1805 5456 2019 5524 quidem
2056 5454 2333 5507 hominum
2376 5452 2569 5514 oculis,
2609 5465 2724 5518 qua:
2749 5460 2844 5516 per
2886 5451 3092 5506 corpus
3135 5434 3215 5485 ab
3248 5433 3368 5529 ipso

196 5541 259 5604 τὸς
277 5521 435 5629 duo;
461 5521 896 5623 καὶτέσώματος
917 5521 953 5613 ,Ι
974 5545 1081 5609 οἷος
1123 5545 1214 5597 καὶ
1242 5540 1435 5613 προτοῦ
1464 5542 1603 5613 παρὰ
1629 5544 1701 5615 τῷ

1806 5521 2022 5609 ﬁebant,
2056 5541 2307 5596 intuenda
2338 5539 2700 5610 comparabat,
2727 5540 3041 5596 rursusque
3079 5521 3374 5586 corpore“

227 5715 263 5753 ⁸³
291 5742 417 5798 Luc.
454 5760 507 5803 ι’,
537 5738 631 5804 5i,
665 5732 763 5787 δε.
855 5725 898 5757 ιι
930 5723 1113 5777 Matth.
1145 5736 1219 5780 xi.
1247 5717 1337 5770 εδ.
