3862 6338
884 390 989 445 287

1538 384 1801 440 EUSEBII
1840 381 2311 440 CAESARIENSIS
2346 380 2492 435 OPP.
2532 377 2730 433 PARS.
2770 377 2809 430 I.
2848 406 2917 417 —
2952 376 3063 431 ΑΡ(

1928 381 2311 440 ZSARIENSIS
2346 380 2492 435 OPP.
2532 377 2730 433 PARS.
2770 377 2809 430 !.
2848 406 2917 417 —
2952 370 3453 431 APOLOGETiC

891 505 1111 560 auribus
1137 504 1451 566 doctrinam,
1476 516 1569 568 per
1599 515 1909 569 corpoream
1956 500 2136 553 itidem
2177 500 2409 568 linguam

1956 500 2136 553 itidem
2177 500 2409 568 linguam
2439 506 2481 559 Α
2513 493 2683 565 Harp)
2707 489 2794 563 ἦν,
2818 491 2940 544 οὔτε
2987 484 3362 561 μεταϐαλὼν
3410 501 3448 534 τ

890 594 1194 655 insonabat,
1252 605 1350 645 nec
1404 604 1510 642 non
1559 589 1735 641 omnia
1799 587 2105 657 perﬁciebat
2154 602 2246 656 per
2291 601 2412 639 eum

888 697 1049 751 quem
1092 686 1452 747 assumpserat
1510 677 1814 741 hominem,
1867 677 1934 731 iis
1963 677 2054 744 qui
2108 690 2214 728 non
2262 675 2415 727 aliter

890 785 1048 838 quam
1087 770 1164 822 sic
1191 767 1447 819 duntaxat
1475 765 1644 833 ipsius
1672 764 2001 817 divinitatem
2031 764 2230 817 sentire
2267 770 2415 830 pote-

891 866 1030 911 rant.
1076 857 1193 910 llaec
1226 871 1455 923 namque
1482 854 1660 907 omnia
1709 853 1771 905 ad
1819 870 1973 906 usum
2021 861 2181 921 atque
2212 853 2415 904 utilita-

889 965 996 1003 tem
1018 949 1251 1000 omnium
1278 955 1540 1008 nostrum,
1566 946 1852 997 humanum
1875 960 2042 1013 genus
2064 944 2206 996 omni
2233 957 2416 1011 prose-

891 1053 1058 1106 quens
1084 1051 1263 1089 amore
1294 1035 1387 1088 Dei
1423 1034 1676 1095 Verbum,
1721 1035 1956 1103 paternis
1985 1034 2225 1087 consiliis
2247 1031 2416 1084 admi—

891 1126 1170 1190 nistrabat,
1213 1125 1324 1191 ipse
1358 1124 1566 1175 interim
1614 1138 1801 1176 rursus
1848 1132 1900 1175 et
1938 1122 2171 1175 malet-ia:
2202 1135 2413 1188 expers,

890 1223 944 1269 et
989 1216 1332 1279 incorporeus
1378 1226 1619 1275 manens,
1665 1211 1963 1277 cuiusmodi
2005 1211 2165 1262 etiam
2213 1210 2415 1277 pridem

896 1302 1033 1372 apud
1068 1299 1277 1352 Patrem
1305 1305 1437 1359 erat,
1463 1314 1634 1365 neque
1665 1305 1878 1350 mutans
1905 1298 2210 1362 essentiam,
2244 1312 2417 1364 neque

896 1392 1144 1461 perdens,
1186 1387 1327 1457 quod
1367 1402 1476 1440 suae
1520 1387 1689 1454 ipsius
1725 1393 1929 1438 natura:
1961 1386 2234 1453 pr0prium
2278 1393 2414 1449 erat,

894 1495 1066 1549 neque
1099 1494 1224 1532 vero
1272 1485 1362 1529 aut
1404 1477 1645 1544 corporis
1689 1477 1915 1529 vinculis
1966 1475 2285 1543 impeditus,
2329 1484 2420 1528 aut

889 1588 921 1623 a
959 1585 1057 1624 sua
1089 1569 1365 1622 divinitate
1407 1566 1664 1633 dejeetus,
1706 1581 1767 1618 ac
1804 1581 1871 1619 ne
1910 1564 2257 1620 domesticam
2296 1567 2418 1635 qui-

888 1665 1008 1718 dem
1040 1661 1197 1716 Verbi
1230 1667 1542 1729 potestatem
1578 1658 1848 1718 amittens,
1880 1658 1972 1713 sed
2008 1674 2180 1726 neque
2210 1659 2297 1721 iis,
2326 1659 2418 1727 qui

888 1754 1000 1806 illic
1025 1752 1238 1821 quidem
1264 1750 1352 1802 ubi
1381 1749 1480 1816 ipsi
1519 1748 1806 1799 humanum
1842 1761 1935 1801 vas
1971 1748 2174 1810 aderat,
2206 1746 2420 1815 degeret

2511 582 2653 646 σθεὶς
2689 582 2784 651 τῆς
2818 580 3007 633 ἑαυτοῦ
3059 576 3252 638 αὐτὸς
3302 572 3454 641 φύσι

2510 672 2706 741 σαρκὸς
2731 671 2943 739 δεσμοῖς
2976 667 3263 737 πεδηθεὶς
3290 703 3309 725 ,
3344 662 3454 714 οὐδ

2507 778 2630 823 τος,
2664 759 2774 813 ἀλλ’
2804 760 2923 811 οὐδὲ
2960 758 3057 827 τὴν
3100 752 3363 807 οἰκείαν
3425 768 3454 802 ’τ

2509 849 2763 917 δύναμιν,
2808 848 2915 899 οὐδ’
2948 841 3049 898 ὦδε
3114 845 3237 915 μὲν
3279 842 3441 894 ἔνθα

2514 938 2700 1000 σκεῦος
2725 937 2821 998 τὰς
2852 933 3160 1004 διατριϐὰς
3203 931 3447 999 ποιούμ

2510 1026 2601 1079 τοῦ
2633 1025 2827 1086 παντὸς
2859 1022 3301 1090 κεκωλυμένος.
3367 1019 3454 1070 Ἀ]

2514 1114 2612 1167 καθ
2631 1117 2644 1136 ’
2664 1115 2691 1166 ὃ
2712 1118 2766 1167 ὲν
2796 1112 3097 1185 ἀνθρώποις
3135 1108 3454 1163 ἑπολιτεύς

2515 1205 2603 1257 καὶ
2640 1203 2716 1272 τῷ
2748 1203 2921 1272 Πατρὶ
2964 1200 3137 1269 συνῆν
3163 1238 3182 1258 ,
3230 1200 3350 1251 καὶ
3405 1200 3454 1250 ἐκ

2514 1296 2723 1347 πάντων
2752 1292 2958 1363 ἁθρόως
2996 1293 3086 1344 καὶ
3131 1293 3204 1343 ἐν
3243 1289 3337 1358 τῷ
3369 1290 3454 1341 τό·

2513 1384 2605 1437 καὶ
2631 1384 2720 1435 ἐπὶ
2749 1383 2851 1451 γῆς
2877 1381 3215 1450 ἐπεμέλετο,
3238 1380 3449 1448 οὑδαμ

2516 1475 2696 1538 θυσίας
2748 1473 2944 1543 ὁμοίως
2982 1475 3120 1542 ἡμῖν
3164 1470 3454 1524 ἁποκεκ).

2516 1565 2764 1634 πράττειν
2817 1562 3056 1632 συνήθως
3105 1562 3454 1631 παραποδιὲ

2515 1654 2573 1717 ἐξ
2599 1651 2757 1705 αὑτοῦ
2795 1651 3110 1720 μεταδιδοὺς
3144 1648 3240 1719 τῷ
3268 1648 3453 1719 ἀνθρ(

2518 1738 2608 1792 τοῦ
2639 1739 2710 1809 μὴ
2747 1737 3172 1807 ἀναλαμϐάνων
3195 1753 3210 1765 ·
3247 1737 3357 1788 καὶ
3389 1738 3454 1788 τῐ

889 1820 1120 1905 tantum,
1161 1841 1212 1892 in
1255 1839 1374 1893 aliis
1408 1853 1533 1891 vero
1567 1837 1802 1891 universi
1848 1838 2089 1906 partibus
2131 1851 2249 1892 esse
2288 1851 2414 1903 pro-

1928 1838 2089 1891 rtibus
2131 1851 2249 1892 esse
2288 1851 2416 1903 pro-
2448 1820 2489 1875 Β
2515 1828 2590 1897 τῷ
2617 1827 2790 1898 θνητῷ
2824 1826 3070 1896 χορηγῶν
3097 1866 3114 1890 ,
3157 1827 3277 1896 τῆς
3307 1826 3375 1877 δὲ
3412 1827 3453 1877 ὲ]

889 1931 1178 1984 hiberelur.
1218 1928 1421 1983 Etenim
1449 1938 1574 1983 tunc
1611 1944 1825 1998 quoque
1862 1943 1982 1981 cum
2009 1928 2147 1980 inter
2174 1928 2420 1981 homines

889 2021 1221 2082 versabatur,
1257 2020 1604 2073 nihilominus
1654 2018 1834 2072 omnia
1858 2017 2178 2084 complebat,
2206 2016 2417 2070 interim

889 2118 1086 2163 ct.cum
1114 2108 1269 2163 Patre
1292 2118 1344 2163 et
1374 2109 1426 2162 in
1461 2108 1614 2162 Patre
1638 2109 1774 2163 idem
1807 2116 1943 2168 erat,
1978 2116 2029 2160 et
2058 2107 2294 2161 omnium
2334 2121 2421 2159 re-

891 2214 1008 2253 rum
1058 2200 1256 2267 pariter
1306 2200 1359 2252 in
1405 2200 1591 2254 eodem
1653 2209 1909 2266 tempore,
1967 2206 2075 2250 tam
2120 2196 2418 2250 etelestium

887 2305 1046 2359 quam
1074 2289 1409 2343 terrestrium
1446 2303 1631 2342 curam
1658 2288 1907 2356 gerebat;
1940 2301 2204 2354 nusquam
2238 2285 2304 2338 ab
2327 2285 2419 2337 illa

892 2379 1194 2447 praesentia,
1246 2393 1353 2445 qua
1401 2380 1612 2431 eunetis
1647 2377 1806 2430 rebus
1847 2376 1997 2430 adest
2043 2382 2231 2428 nostro
2273 2388 2422 2428 more

888 2468 1159 2525 exclusus,
1190 2480 1361 2532 neque
1392 2466 1592 2525 divina,
1629 2479 1695 2517 ne
1725 2472 1902 2532 ageret
1931 2478 2077 2517 more
2099 2478 2217 2524 suo,
2252 2462 2425 2530 impe-

889 2555 1055 2615 ditus,
1105 2553 1197 2607 sed
1236 2553 1325 2605 illa
1359 2553 1573 2621 quidem
1606 2567 1636 2604 a
1675 2553 1853 2620 seipse
1883 2552 2287 2605 communicaus
2323 2552 2421 2604 ho.

889 2643 1041 2703 mini,
1077 2641 1187 2695 haec
1210 2656 1334 2695 vero
1364 2656 1392 2693 a
1431 2642 1642 2694 mortali
1676 2642 1789 2709 ipse
1826 2656 1930 2693 non
1968 2641 2253 2708 accipiens.
2288 2640 2418 2693 ltem

889 2730 1101 2782 mortali
1123 2730 1337 2797 quidem
1363 2731 1469 2781 vim
1493 2730 1728 2782 divinam
1753 2729 2121 2797 suppeditans,
2153 2745 2183 2782 a
2208 2731 2420 2783 mortali

892 2831 1017 2870 vero
1049 2818 1161 2885 ipse
1193 2833 1298 2869 non
1329 2826 1514 2869 contra
1547 2819 1598 2869 in
1624 2824 1825 2884 partem
1859 2824 1951 2869 aut
1979 2818 2416 2872 communitatem
2452 2825 2462 2837 ‘

890 2906 1174 2960 adductus.
1203 2906 1382 2975 Neque
1411 2907 1574 2974 igitur
1602 2907 1654 2958 in
1681 2917 1833 2974 partu
1865 2923 1894 2960 a
1937 2924 2160 2976 corpore
2187 2908 2300 2976 ipse
2340 2908 2420 2960 in-

890 3012 1183 3066 corporeus
1225 2998 1626 3065 inquinabatur,
1668 3013 1840 3065 neque
1883 2999 2006 3051 item
2050 2998 2137 3066 qui
2186 2997 2419 3066 paﬁbilis

890 3095 1094 3140 naturae
1130 3101 1320 3154 expers
1357 3092 1494 3148 erat,
1537 3086 1736 3154 aliquid
1786 3101 1816 3139 a
1871 3089 2078 3140 mortali
2122 3088 2416 3141 secundum

889 3176 1176 3230 essentiam
1227 3177 1544 3244 patiebatur.
1593 3176 1724 3228 Nam
1779 3192 1985 3245 neque,
2031 3178 2176 3230 verbi
2227 3177 2417 3247 gratia,

890 3266 1021 3320 dum.
1051 3266 1161 3336 lyra
1214 3268 1476 3335 pulsatur,
1534 3280 1624 3321 aut
1671 3268 1820 3321 nervi
1870 3269 2258 3331 eonvelluntur,
2311 3271 2417 3338 pati

890 3357 1179 3411 verisimile
1226 3367 1308 3412 est
1345 3374 1463 3412 eum
1505 3359 1599 3427 qui
1646 3359 1720 3411 ita
1760 3360 2035 3428 prteludit;
2080 3375 2252 3427 neque
2294 3361 2420 3414 dum

892 3449 1188 3517 eujuspiam
1219 3450 1318 3503 viri
1342 3450 1598 3518 sapientis
1629 3464 1823 3518 corpus
1851 3444 2147 3519 torquetur,
2170 3452 2313 3505 illius
2335 3467 2422 3504 sa-

892 3539 1167 3606 pientiam,
1192 3550 1284 3593 aut
1312 3556 1469 3608 quam
1498 3541 1547 3593 in
1581 3556 1806 3608 corpore
1827 3544 1962 3610 gerit
1996 3543 2247 3604 animam,
2286 3541 2420 3595 etedi

893 3636 985 3681 aut
1014 3630 1189 3697 puniri
1227 3632 1416 3683 merito
1444 3629 1622 3683 dicere
1655 3645 1939 3698 possumus
1966 3651 1979 3685 :
2005 3635 2187 3685 eadem
2217 3632 2421 3685 ratione

893 3720 1220 3787 neutiquam,
1251 3723 1522 3789 multoque
1554 3722 1714 3774 etiam
1751 3722 1947 3783 minus,
1979 3723 2120 3790 quod
2146 3721 2301 3776 Verhi
2331 3730 2423 3775 aut

896 3815 1105 3869 natura,
1142 3817 1233 3860 aut
1259 3809 1362 3869 vis,
1402 3811 1702 3864 detrimenti
1731 3812 1998 3879 quidpiam
2031 3827 2095 3865 ex
2127 3814 2280 3880 170
2301 3829 2424 3867 cor-

895 3900 1042 3966 poris
1081 3897 1450 3954 aﬂectionibus
1496 3902 1692 3962 trahat,
1723 3900 1983 3954 allirmare
2019 3916 2114 3969 par
2160 3912 2259 3957 est.
2288 3901 2419 3956 Nam

895 4002 1057 4055 supra
1095 4003 1164 4041 ne
1198 3988 1413 4043 luminis
1461 3992 1674 4059 quidem
1724 3993 1850 4045 illud
1893 3992 2193 4059 appositum
2237 4008 2419 4046 exemo

895 4076 1063 4144 plum,
1088 4076 1252 4144 pollui
1283 4078 1486 4133 solares
1525 4080 1721 4143 radios,
1755 4084 1881 4132 ιοιηι
1903 4080 2114 4133 coalitus
2147 4080 2200 4132 in
2225 4089 2417 4133 terram

893 4164 1266 4228 demittuntur,
1295 4174 1347 4219 et
1383 4169 1550 4222 lutum
1587 4186 1649 4223 ac
1678 4186 1911 4232 cornum,
1940 4179 2099 4237 atque
2127 4171 2301 4223 omnis
2326 4186 2416 4239 ge—

893 4254 1040 4308 neris
1070 4255 1256 4309 sordes
1286 4257 1570 4326 attingunt,
1596 4261 1947 4313 concedebat:
1975 4260 2263 4313 lllumiuari
2301 4260 2420 4327 qui-

892 4343 1011 4397 dem
1039 4344 1198 4398 etiam
1229 4345 1339 4398 haec
1373 4348 1439 4398 ab
1470 4349 1637 4415 ipsius
1669 4350 1883 4403 luminis
1913 4351 2096 4409 radiis,
2132 4349 2261 4401 nihil
2290 4364 2418 4403 sane

2519 1919 2616 1970 οὐκ
2652 1918 3109 1986 ἁντεπαγόμενος.
3150 1916 3298 1968 (ὥτ’
3345 1912 3454 1970 οὖν

2519 2007 2622 2059 ὑπὸ
2650 2006 2742 2059 τοῦ
2777 2006 3024 2075 σώματος
3053 2009 3084 2059 ὁ
3118 2007 3454 2076 ἀσώματος

2520 2114 2641 2168 σχεν
2666 2100 2693 2150 ὁ
2720 2097 2931 2168 ἀπαθὴς
2971 2097 3077 2149 ὑπὸ
3120 2098 3227 2149 τοῦ
3281 2098 3454 2168 θνητι

2523 2200 2637 2253 ρας,
2664 2186 2711 2237 εί
2740 2183 2909 2247 οὕτως
2934 2184 3113 2253 τύχοι,
3151 2187 3454 2256 κοπτομὲι

2522 2273 2846 2344 σπωμένων,
2888 2273 3128 2343 πάσχειν
3162 2276 3329 2339 εἰκὸς
3362 2278 3454 2330 τὸν

2519 2381 2583 2432 γε
2631 2364 2790 2432 σοφοῦ
2828 2381 2972 2426 τινος
3019 2365 3233 2435 ἀνδρὸς
3265 2384 3454 2437 τιμωε

2518 2454 2616 2523 τὴν
2647 2454 2704 2505 ἐν
2739 2454 2886 2523 αὐτῷ
2916 2454 3115 2523 σοφίαν
3137 2494 3153 2517 ,
3189 2456 3227 2526 ἢ
3257 2458 3369 2528 τήν
3406 2475 3454 2525 γ;

2520 2542 2842 2605 κόπτεσθαι,
2884 2542 2916 2612 ἢ
2964 2544 3237 2597 καίεσθαι
3271 2546 3454 2616 φαίηι.

2519 2648 2598 2683 τοι
2654 2631 2785 2685 πολὺ
2856 2632 3016 2685 πλέον
3077 2634 3214 2686 οὐδὲ
3278 2636 3390 2706 τὴν
3452 2662 3453 2669 η

2519 2721 2739 2792 δύναμιν
2800 2723 2991 2793 βλάϐος
3044 2742 3106 2777 τι
3170 2727 3245 2779 ἐκ
3298 2729 3417 2781 τῶν

2519 2814 2905 2883 ἀποφέρεσθαι,
2937 2816 3112 2888 φάναι
3143 2815 3387 2885 εὔλογον
3409 2835 3424 2848 ’

2520 2905 2648 2974 ἡμῖν
2678 2905 2976 2975 ὑπόδειγμα
3022 2908 3374 2977 χραίνεσθαί
3416 2926 3448 2960 τ

2520 2994 2610 3046 ἐπὶ
2639 2995 2739 3065 γῆς
2762 2995 3054 3065 οὐρανόθεν
3088 2999 3454 3069 ἐκπεμπομέν

2522 3082 2679 3153 ϐὁρου
2715 3084 2806 3136 καὶ
2836 3084 3085 3154 μιασμοῦ
3120 3087 3336 3149 παντὸς
3384 3090 3454 3157 ἐφ

2519 3173 2846 3237 Φωτίζεσθαι
2882 3174 2979 3243 μὲν
3005 3178 3114 3229 καὶ
3151 3176 3338 3229 ταῦτα
3385 3180 3453 3231 ἐκ

2519 3264 2666 3317 οὐδὲν
2698 3263 2761 3317 ἂν
2794 3265 2991 3317 κωλύοι
3036 3266 3267 3337 λέγειν·
3304 3270 3372 3322 τὸ
3415 3272 3454 3322 ὃς

2523 3354 2642 3407 σθαι
2674 3357 2737 3407 ἐκ
2764 3356 2861 3425 τῆς
2899 3355 3007 3410 τῶν
3058 3361 3345 3428 σωμάτων
3371 3364 3453 3414 ἐπι

2518 3445 2716 3497 οὐκέτι.
2738 3446 2846 3497 Καὶ
2880 3446 2984 3515 μὴν
3015 3449 3204 3503 ταῦτά
3232 3467 3298 3517 γε
3327 3452 3432 3521 τῆς

2523 3533 2783 3603 σωμάτων
2811 3534 3090 3605 ἀλλότρια.
3134 3539 3195 3591 Ὁ
3220 3539 3282 3591 δέ
3320 3558 3385 3607 γε
3414 3542 3450 3593 ἄ

2518 3621 2650 3673 Θεοῦ
2684 3622 2854 3690 Λόγος
2876 3663 2888 3685 ,
2922 3625 3184 3699 αὐτοζωὴ
3211 3631 3454 3698 τυγχὰνο

2519 3711 2613 3763 καὶ
2634 3713 2731 3764 ὅσα
2760 3712 2891 3765 ἄλλα
2921 3717 3419 3785 προκατείλεκται,
3446 3739 3454 3771 τ

2519 3801 2686 3871 ὲνθέῳ
2717 3803 2809 3854 καὶ
2836 3804 3120 3876 ἀσωμάτῳ
3149 3807 3386 3879 δυνάμει
3407 3849 3422 3871 ,

2521 3892 2613 3943 σὺν
2639 3891 2838 3961 λογικῷ
2870 3892 3086 3960 διάγειν
3114 3900 3283 3964 φωτί.
3319 3900 3454 3951 Ταύτ

2519 3981 2582 4032 ἂν
2610 3981 2884 4049 ὲφάψοιτο,
2909 3984 3179 4052 ἡγίασται
3212 3990 3377 4042 τοῦτο
3407 4008 3454 4042 κε

2519 4072 2661 4124 πᾶσά
2708 4088 2766 4123 τε
2811 4072 2964 4134 νόσος
3010 4077 3168 4147 αὐτῷ
3215 4080 3313 4130 καὶ
3359 4081 3454 4149 διρε

2518 4157 2859 4221 ὑπεξίσταται
2883 4176 2895 4189 ·
2929 4161 3127 4226 ἀντιλα
3136 4166 3335 4234 μϐἀνει
3370 4167 3425 4218 δὲ

2518 4262 2652 4308 σεως
2692 4246 2960 4315 στέρησις.
3019 4251 3183 4304 Οὕτω
3233 4253 3373 4321 δῆτα
3423 4272 3454 4306 κ

2518 4335 2687 4401 Λόγου
2714 4334 2995 4403 δυνάμεως
3014 4379 3029 4401 ,
3066 4342 3267 4411 μικρόν
3292 4360 3347 4394 τι
3371 4344 3454 4395 αὐ·

892 4449 992 4488 nos
1043 4435 1302 4491 allirmare
1349 4439 1660 4506 prohibeat;
1707 4442 1873 4495 solem
1931 4457 2056 4495 vero
2101 4442 2273 4509 ipsum
2316 4442 2412 4495 fte-

1931 4457 2056 4495 vcm
2101 4442 2273 4509 ipsum
2316 4442 2412 4495 [ω.
2445 4456 2486 4508 D
2517 4425 2722 4494 γείρετο
2753 4425 3085 4496 ζωούμενον,
3134 4432 3231 4483 καὶ
3264 4433 3294 4483 ὁ
3330 4432 3453 4485 θάνε

890 4523 1027 4585 dari,
1063 4532 1155 4576 aut
1182 4526 1412 4580 lutosum
1438 4530 1569 4593 fieri,
1593 4532 1717 4585 dum
1747 4532 1863 4597 ejus
1894 4531 2069 4584 lumen
2096 4533 2410 4600 corporibus

891 4612 1262 4668 itnmiscetur:
1297 4612 1648 4686 nequaquam.
1690 4620 1758 4670 At
1788 4620 1890 4670 ista
1926 4628 2098 4672 tamen
2140 4635 2246 4673 non
2287 4628 2410 4674 sunt

2514 4516 2604 4567 καὶ
2624 4514 2697 4583 τῷ
2715 4532 2777 4581 γε
2801 4518 2937 4583 φωτὶ
2962 4520 3029 4571 τὸ
3057 4521 3250 4598 σκότος
3270 4521 3453 4584 ὲξελύε

2512 4604 2810 4675 ἀφθαρσίαν
2828 4607 3028 4660 ἑνεδιδύ
3038 4627 3219 4677 σκετο,
3235 4613 3331 4664 καὶ
3358 4613 3419 4664 τὸ
3442 4612 3454 4663 ί

890 4718 921 4756 a
963 4714 1152 4758 natura
1185 4722 1466 4777 corporum
1490 4713 1682 4766 aliena.
1713 4711 1845 4764 Illud
1880 4727 2004 4765 vero
2030 4715 2205 4768 omnis
2226 4729 2415 4782 expers
2453 4716 2687 4770 materiae
2732 4718 3230 4792 incorporeumque
3288 4725 3380 4778 Dei
3412 4724 3454 4777 V

888 4794 996 4846 vita
1033 4804 1137 4860 est,
1172 4806 1225 4852 et
1266 4801 1437 4870 ipsmn
1470 4805 1644 4856 lumen
1679 4803 2030 4872 intelligibile,
2058 4813 2110 4858 et
2141 4806 2243 4858 alia
2270 4821 2598 4875 quaecunque
2665 4808 2815 4877 prius
2871 4826 3200 4869 enumerata
3239 4828 3392 4880 sunt,
3429 4834 3454 4885 q

891 4900 994 4953 que
1025 4889 1342 4961 incorporea
1403 4910 1498 4947 sua
1530 4899 1580 4948 vi
1615 4896 1868 4964 attigerit,
1914 4898 2094 4952 vivere
2132 4899 2185 4951 id
2247 4900 2541 4967 degereque
2578 4915 2700 4955 cum
2744 4902 2946 4958 lumine
3002 4910 3283 4975 rationali,
3334 4925 3454 4964 nece

892 4980 1007 5045 ipsa
1038 4985 1265 5049 ratione,
1316 4987 1670 5058 quodcunque
1713 4990 1874 5044 etiam
1918 5006 2115 5060 corpus
2153 4992 2406 5060 attigerit,
2447 4995 2837 5049 sanctiﬁcatum
2884 5002 3141 5066 protinus
3190 5003 3246 5057 id
3283 5004 3454 5057 illumi

892 5069 1179 5140 eodemque
1233 5078 1488 5147 aegritudo
1541 5082 1714 5134 omnis
1764 5083 2044 5152 omnisque
2103 5080 2415 5142 inﬁrmitas,
2450 5082 2658 5152 aliaque
2678 5085 2919 5151 ejusdem
2959 5093 3179 5160 generis
3209 5094 3454 5146 universa

897 5158 1164 5253 tio-autem
1196 5167 1341 5223 illius
1367 5172 1749 5238 plenitudinem
1783 5175 2117 5244 adipiscitur.
2157 5173 2244 5227 Sic
2276 5188 2405 5228 sane
2441 5175 2603 5228 etiam
2648 5187 2921 5235 mortuum
2965 5158 3098 5239 illud
3131 5184 3298 5240 Verbi
3337 5200 3454 5253 cor;

895 5248 1166 5345 quiddam,
1191 5255 1437 5312 virtutem
1465 5265 1608 5320 illam
1638 5266 1796 5323 Verbi
1836 5268 2029 5337 attigit,
2065 5274 2176 5319 tum
2237 5266 2527 5319 excitatum
2588 5278 2671 5324 est
2717 5272 2861 5328 illico
2894 5291 2959 5331 ac
2994 5279 3211 5345 revixit,
3240 5286 3294 5332 et
3328 5248 3454 5331 mor:

897 5336 1015 5440 ipso
1044 5339 1241 5440 lumine
1276 5346 1581 5440 obscuritas
1609 5360 1868 5416 dissoluta
1897 5336 2011 5428 est;
2070 5367 2122 5415 et
2170 5357 2313 5429 quod
2340 5363 2699 5432 corruptibile
2738 5378 2875 5436 erat,
2917 5372 3094 5426 induit
3131 5336 3454 5440 incorruptic

898 5429 1021 5494 tale,
1055 5430 1520 5497 immortalitatem.
