3862 6364
901 381 997 434 29!
1550 368 1814 426 EUSEBII
1852 360 2324 424 CAESARIENSIS
2361 359 2509 416 OPP.
2540 353 2735 410 PARS.
2774 351 2816 407 1.
2854 383 2922 392 -
2960 341 3436 404 APOLOGETK

904 494 1042 546 hanc
1065 489 1233 558 ipsam
1273 499 1489 539 causam
1534 483 1693 536 etiam
1725 486 2055 548 unguentum
2113 472 2426 528 odoratissi-

1910 486 2055 530 ntum
2113 467 2434 528 odoratissi-i
2452 477 2497 531 Α
2526 467 2672 540 ρεῦσι
2702 462 3082 536 παραδοθῆναι,
3113 457 3301 558 ἁλλξὲιν
3329 453 3435 507 κοί

907 576 1154 640 nium,ad
1184 574 1438 643 unguenti
1473 586 1629 624 usum
1663 565 2012 636 unguentaria
2052 570 2165 616 arte
2189 555 2432 626 componi

1910 565 2012 617 aria
2052 570 2165 616 arte
2189 555 2433 626 componi
2531 559 2720 627 φήταις
2744 553 2838 607 καὶ
2868 549 3205 621 βασιλεῦσιν,
3230 541 3335 607 οἷς
3374 561 3435 596 κι

909 671 1144 730 solitum,
1180 675 1237 720 ut
1263 680 1327 720 eo
1364 671 1690 731 ungerentnr
1719 662 1811 728 qui
1855 653 2230 711 communibus
2277 649 2434 702 rebus

1910 653 2230 708 immunibus
2277 649 2436 702 rebus
2537 647 2712 717 μόνοις
2752 643 2866 706 ἐξὸν
2894 637 2961 711 ἦν
3009 638 3086 707 τῷ
3114 638 3324 707 μύρῳ.
3362 634 3435 731 :1‘:

910 759 1120 828 publice
1150 754 1468 824 praeficiendi
1496 754 1755 806 fuissent:
1798 759 1851 802 et
1877 746 2079 800 Christi
2109 757 2301 798 nomen
2334 740 2435 809 pri-

1910 746 2079 800 :hrisli
2109 757 2301 798 nomen
2334 740 2439 809 pri-
2533 753 2664 806 τερα
2701 734 2763 787 ἂν
2807 733 2912 802 εἴη,
2948 729 3139 827 πόρρω
3175 741 3255 792 γε
3304 721 3435 828 pcipi

882 874 888 914 τ
912 863 1054 900 mum
1082 845 1312 914 Moysem
1341 845 1405 897 iis
1425 843 1602 912 quiita
1627 846 1970 909 ungerentur,
1993 834 2312 904 imposuisse
2343 850 2355 884 :
2388 830 2401 882 i

1910 853 1970 898 ll‘,
1993 834 2312 904 imposuisse
2343 850 2355 884 :
2388 829 2439 882 id
2537 828 2629 881 καὶ
2659 820 3021 895 μεγαλοφυοῦς
3048 815 3140 869 τοῦ
3178 814 3435 885 προφήτ

884 912 1088 990 ‘autem
1138 936 1404 987 unctionis
1451 948 1619 1000 genus
1649 969 1663 993 ,
1713 944 1820 983 non
1879 929 2049 982 solum
2101 921 2409 993 pontiﬁcibu

1909 929 2049 982 olum
2069 902 2441 993 pontificibus
2539 917 2830 986 θαυμάσιος
2856 914 3080 971 ἐκεῖνος,
3109 905 3215 957 καὶ
3250 902 3428 1000 μέγα

915 1026 1079 1079 fuisse
1113 1025 1383 1089 traditum,
1432 1023 1524 1076 sed
1574 1028 1628 1074 et
1674 1018 1946 1088 prripbetis
1997 1027 2050 1070 et
2096 1013 2310 1082 regibus
2351 1010 2442 1078 qui

914 1129 1096 1185 postea
1137 1117 1351 1175 fuerint,
1386 1114 1583 1183 quibus
1635 1114 1796 1165 etiam
1832 1110 1964 1178 ipsis
2013 1109 2143 1162 solis
2192 1107 2295 1159 hoc
2343 1118 2446 1155 un-

916 1213 1110 1275 guento
1137 1206 1265 1274 ungi
1317 1204 1397 1257 fas
1441 1212 1600 1258 esset.
1652 1201 1774 1255 Hinc
1820 1202 1979 1270 igitur
2034 1199 2179 1252 dictu
2232 1192 2445 1264 quidem

920 1297 1157 1348 faciliora
1198 1295 1443 1354 fuissent,
1478 1293 1633 1361 longe
1660 1300 1840 1344 tamen
1878 1296 2080 1343 remota
2113 1302 2142 1339 a
2177 1285 2357 1340 divina
2396 1287 2449 1334 et

923 1385 1134 1438 sublimi
1174 1385 1441 1452 propheta
1470 1384 1640 1452 ipsius
1669 1379 2036 1449 intelligentia.
2068 1375 2339 1445 Siquidem
2365 1371 2454 1424 ad-

922 1474 1180 1526 mirabilis
1210 1473 1317 1534 ille,
1347 1480 1505 1540 atque
1540 1471 1726 1539 ingens
1762 1482 1947 1522 revera
1980 1479 2251 1521 sacrorum
2279 1463 2450 1516 admi-

923 1562 1200 1622 nistrator,
1232 1561 1321 1628 qui
1342 1573 1550 1614 omnem
1593 1569 1853 1612 terrenam
1883 1564 1938 1609 et
1965 1567 2275 1622 corpoream
2297 1562 2452 1604 natu-

2541 1009 2714 1060 πῖισαν
2737 1001 2908 1070 γεώδη
2944 997 3037 1050 καί
3063 990 3436 1062 σωματικὴν

2540 1100 2657 1158 ταῖς
2680 1093 2915 1160 ποιότησι
2943 1088 3170 1152 διακεκρ
3181 1101 3198 1133 ι
3208 1081 3436 1151 μένην,

2546 1203 2640 1257 ραν
2690 1186 2783 1252 τῆς
2828 1180 3017 1249 ἐτέρας
3065 1170 3435 1244 προύτίμησ

2548 1277 2671 1347 μιᾶς
2704 1272 2829 1325 ὄντα
2855 1269 3048 1335 ἔγγονα
3082 1263 3224 1331 ὕλης
3255 1257 3330 1311 οὔ
3368 1273 3436 1307 π‹

2546 1367 2692 1420 ὁαιον
2717 1366 2771 1415 ὲν
2810 1363 2876 1431 τῇ
2918 1358 3075 1426 φύσει
3106 1352 3403 1422 ἐχούσης,

2548 1455 2642 1523 τὴν
2666 1450 2866 1504 οἰκείαν
2895 1446 3098 1515 φθορὰν
3123 1436 3436 1507 ὲπειγομέ

2550 1544 2807 1615 σωμάτων
2839 1539 3027 1599 εἵλετο,
3070 1534 3179 1588 οὐδ’
3229 1529 3388 1583 αὐτὸ

924 1666 1060 1710 ram,
1094 1651 1148 1702 in
1181 1651 1309 1703 solis
1347 1655 1567 1702 noverat
1595 1647 1940 1716 qualitatibus
1963 1646 2270 1703 discretam,
2304 1642 2449 1694 nullo

1915 1661 1940 1699 s
1963 1646 2270 1703 discretam,
2304 1642 2452 1694 nullo
2549 1636 2607 1687 τὸ
2629 1634 2733 1687 ἀπὸ
2755 1632 2861 1684 τῶν
2885 1628 3193 1696 αἰσθήσεων
3232 1636 3435 1691 προσῇ

926 1738 1085 1792 modo
1115 1739 1271 1790 aliam
1300 1738 1404 1790 alia
1436 1714 1638 1791 honore
1664 1744 1756 1789 aut
1782 1735 1951 1804 pretio
1980 1732 2276 1801 digniorem
2309 1729 2451 1798 judi«

1909 1737 1951 1787 lo
1980 1732 2276 1801 digniorem
2309 1729 2452 1798 judi~
2487 1799 2519 1804 ᾗ
2552 1726 2808 1794 σωμάτων
2839 1719 3025 1791 ἡδονὴν
3060 1714 3361 1804 πεσούσης

928 1829 1091 1896 cavit,
1127 1836 1307 1895 utpote
1338 1842 1459 1881 cum
1488 1828 1666 1880 omnia
1693 1834 1874 1880 nosset
1897 1840 1961 1878 ex
1989 1822 2172 1876 eadem
2203 1828 2319 1874 orta
2339 1834 2453 1872 ma-

1910 1840 1961 1878 :x
1989 1799 2172 1876 eadem
2203 1828 2319 1874 orta
2339 1834 2454 1872 ma-
2487 1799 2527 1857 Β
2555 1817 2669 1885 χῆς.
2704 1813 2896 1881 Μυρίοι
2929 1808 3057 1876 γοῦν
3088 1805 3201 1857 τῶν
3236 1803 3319 1854 τὰ
3363 1800 3435 1853 σιξ

929 1917 1085 1979 teria,
1137 1931 1254 1984 quae
1292 1930 1465 1984 neque
1516 1929 1751 1984 unquam
1813 1913 1990 1973 sistit,
2037 1924 2209 1978 neque
2264 1907 2454 1962 stabile

1915 1913 1990 1973 it,
2037 1924 2209 1978 neque
2264 1907 2456 1962 stabile
2554 1906 2739 1968 παθείς
2783 1903 2950 1964 ἄλλως
2995 1898 3087 1953 καὶ
3135 1895 3435 1949 ἀκόλαστα

928 2008 1216 2076 quidquam
1257 2008 1311 2060 in
1353 2015 1544 2060 natura
1575 2007 1752 2067 habet,
1789 2018 1999 2073 semper
2029 2010 2204 2055 autem
2244 1999 2379 2061 ﬂuit,
2406 2006 2453 2052 et

1910 2018 1999 2073 per
2029 2010 2204 2055 autem
2244 1999 2379 2061 ﬂuit,
2406 2006 2459 2052 et
2554 1995 2885 2067 περιεργίαις
2932 1990 3229 2060 χρώμενοι,
3270 1985 3435 2050 πᾶσι

930 2074 997 2150 ad
1056 2074 1323 2164 propriam
1371 2095 1762 2164 corruptionem
1815 2093 2051 2147 festinat.
2112 2089 2226 2143 Non
2299 2088 2455 2157 igitur

1910 2094 2051 2145 linat.
2112 2089 2226 2143 Non
2299 2088 2459 2157 igitur
2554 2085 2806 2145 δυσωδίας
2830 2081 2924 2143 τὰς
2947 2080 3121 2149 ψυχὰς
3148 2074 3435 2144 stupefva

931 2187 1072 2256 quod
1096 2202 1257 2241 suave
1282 2194 1424 2241 esset
1451 2187 1506 2239 in
1534 2185 1847 2254 corporibus
1874 2184 2052 2252 elegit,
2087 2193 2256 2248 neque
2286 2179 2456 2246 ipsum

1910 2184 2052 2252 legit,
2087 2193 2256 2248 neque
2286 2179 2457 2246 ipsum
2559 2176 2746 2244 φιλεῖς,
2774 2171 2970 2243 ἀρετῆς
3002 2167 3370 2238 ἐμπνέοντες,
3413 2180 3435 2215 ⁸1

933 2253 1030 2345 per
1055 2290 1113 2331 se
1139 2276 1281 2344 quod
1312 2290 1504 2329 sensus
1538 2253 1681 2342 ipsas
1708 2272 2051 2331 demulceret,
2077 2269 2337 2339 praetulit;
2362 2267 2458 2319 hoc

1891 2280 2051 2331 ceret,
2077 2269 2337 2339 praetulit;
2362 2267 2460 2319 hoc
2559 2264 2665 2318 ἀπὸ
2699 2263 2800 2331 γῆς
2828 2259 3127 2332 ἀρωμάτων
3155 2256 3263 2326 τὴν
3289 2253 3413 2307 ἀπὸ

935 2381 1163 2435 namque
1192 2365 1382 2419 animae
1404 2365 1589 2416 vitium
1619 2363 1806 2417 fuisset
1831 2377 1950 2431 qua:
1985 2361 2039 2413 in
2067 2360 2286 2412 humum
2319 2363 2371 2409 et
2395 2355 2460 2408 ad

1910 2377 1950 2415 te
1985 2361 2039 2413 in
2067 2360 2286 2412 humum
2319 2363 2371 2409 et
2395 2355 2462 2408 ad
2562 2357 2742 2426 σύνης,
2790 2353 2881 2405 καὶ
2925 2351 3103 2418 πάσης
3144 2345 3435 2405 εὐσεϐείας

935 2434 1220 2524 corporum
1255 2456 1579 2523 voluptatem
1622 2453 1934 2508 declinaret.
1968 2450 2173 2504 Etenim
2221 2449 2460 2501 innume-

1896 2460 1934 2504 t.
1968 2450 2173 2504 Etenim
2221 2449 2462 2501 innume-
2560 2444 2898 2514 ἐπαγόμενοι,
2932 2440 3029 2511 τὴν
3058 2437 3166 2490 τῶν
3195 2434 3419 2488 ὑλικῶν

938 2544 1137 2597 rabiles
1160 2542 1464 2597 eti‘eminata
1505 2556 1729 2610 corpora
1776 2541 2051 2602 habentes,
2075 2546 2126 2590 et
2158 2535 2355 2604 alioqui
2383 2534 2463 2588 vi-

1913 2547 2051 2602 ntes,
2075 2546 2126 2590 et
2158 2535 2355 2604 alioqui
2383 2534 2463 2588 vi-
2559 2535 2668 2586 δενὶ
2694 2531 2952 2584 τέθεινται
2984 2527 3144 2595 λόγῳ.
3190 2523 3392 2576 Ταῦτα
3420 2540 3435 2575 ι

935 2633 1027 2687 tiis
1055 2633 1292 2696 obnoxii,
1345 2643 1400 2687 et
1446 2631 1878 2700 intemperantes,
1934 2629 2024 2697 qui
2075 2634 2460 2695 unguentorum

1934 2629 2024 2697 qui
2075 2634 2462 2695 unguentorum
2563 2624 2859 2696 προφήτης,
2905 2619 3087 2690 μύρων
3133 2618 3235 2687 μὲν
3274 2614 3310 2684 ἢ
3356 2632 3435 2667 κα

938 2739 1164 2793 operosa
1202 2723 1457 2777 varietate
1490 2712 1569 2773 uti
1610 2721 1802 2783 solent,
1826 2719 2029 2771 animas
2072 2717 2284 2770 interim
2320 2715 2463 2769 omni

1910 2733 2029 2771 .mas
2072 2717 2284 2770 interim
2320 2715 2465 2769 omni
2564 2711 2969 2787 προηγουμένην
3002 2710 3241 2760 ἐποιεῖτο
3271 2722 3435 2775 φρον-

940 2813 1179 2867 ῑωάἰιειο
1197 2813 1551 2880 omnibusque
1576 2809 1825 2864 sordibus
1854 2808 1989 2861 male
2017 2808 2220 2860 olentes
2238 2806 2465 2859 circum-

1910 2808 1989 2861 ale
2017 2808 2220 2860 olentes
2238 2806 2467 2859 circum-
2565 2806 2721 2859 θείων
2764 2802 2991 2863 εἰκόνας,
3037 2798 3112 2859 ὼς
3139 2796 3271 2865 ἐνῆν
3320 2795 3435 2847 δυνι

939 2902 1154 2957 ferunt:
1192 2903 1332 2957 sicut
1363 2916 1393 2954 e
1419 2899 1688 2953 contrario
1715 2898 1806 2966 qui
1838 2890 1929 2950 Dei
1957 2895 2113 2948 amici
2135 2901 2280 2959 sunt,
2298 2895 2464 2963 ipsam

1909 2890 1929 2949 ii
1957 2895 2113 2948 amici
2135 2901 2280 2959 sunt,
2298 2895 2466 2963 ipsam
2571 2896 2740 2969 μόνως
2767 2891 2954 2954 οὕτως,
2990 2890 3085 2943 καὶ
3119 2887 3232 2940 οὐδ’
3267 2885 3431 2940 ἄλλω

941 2991 1195 3046 virtutem
1246 2992 1471 3048 olentes,
1513 2995 1566 3043 et
1598 2987 1765 3040 multo
1803 2985 2227 3055 praestantiorem
2273 2998 2303 3036 a
2350 2999 2466 3037 mo-

1910 2985 2227 3039 ;stantiorem
2273 2998 2303 3036 a
2350 2999 2469 3037 mo-
2569 2988 2743 3042 θάνειν
2770 2979 3069 3052 παρεδίδου.
3098 2979 3223 3031 ’Ότι
3246 2975 3314 3046 δὴ
3338 2975 3435 3028 eoi

941 3081 1112 3135 destia
1139 3093 1301 3150 atque
1338 3095 1365 3133 a
1386 3080 1596 3149 justitia
1628 3086 1680 3132 et
1712 3077 1778 3130 ab
1797 3075 1940 3129 omni
1968 3076 2162 3144 pietate
2200 3074 2466 3129 balantem

1908 3075 1940 3129 ii
1968 3076 2162 3144 pietate
2200 3074 2468 3129 balantem
2496 3120 2539 3176 c
2569 3076 2866 3146 γέγραπται
2899 3066 3135 3140 είρηκὼς
3168 3066 3433 3137 χρησμὸς

946 3172 1309 3241 fragrantiam,
1330 3183 1489 3239 quam
1518 3169 1584 3223 de
1614 3177 1769 3221 terra:
1791 3166 2148 3220 odoramentis
2176 3165 2469 3228 trahentes,

944 3263 1163 3317 odorem
1223 3274 1510 3330 corporum
1568 3273 1687 3328 quas
1733 3256 1958 3310 materia
2006 3262 2274 3319 constant,
2323 3255 2474 3308 nihili

947 3365 1167 3418 prorsus
1191 3351 1412 3404 faciunt.
1444 3347 1567 3403 Haec
1592 3348 1754 3418 igitur
1786 3362 1909 3400 cum
1934 3346 2147 3416 egregie
2186 3345 2475 3400 admodum

947 3450 1195 3511 percepta
1223 3448 1276 3495 et
1302 3439 1511 3510 cognita
1549 3439 1765 3492 haberet
1795 3435 2069 3506 propheta,
2088 3444 2476 3504 unguentorum

947 3538 1107 3600 atque
1144 3533 1489 3584 incensorum
1540 3528 1742 3581 nullam
1780 3526 2101 3596 prmeipuam
2133 3524 2347 3594 gerebat
2383 3537 2479 3576 cu-

947 3636 1061 3674 ram
1083 3621 1395 3674 :meliorum
1425 3633 1551 3673 vero
1580 3633 1640 3671 ac
1667 3617 1967 3671 divinarum
1997 3629 2175 3670 rerum
2196 3613 2474 3684 imagines,

948 3718 1205 3780 quantum
1235 3718 1442 3779 poterat
1478 3724 1572 3778 per
1601 3723 1825 3778 corpora
1862 3709 1929 3763 iis
1968 3706 2056 3776 qui
2078 3707 2158 3760 sic
2197 3706 2475 3767 duntaxat,

948 3814 1121 3867 neque
1148 3814 1372 3866 usquam
1406 3800 1558 3853 aliter
1590 3799 1799 3852 divinas
1850 3813 1938 3852 res
1989 3796 2169 3852 doceri
2214 3802 2475 3864 poterant,

950 3885 1252 3940 exhibebat.
1279 3884 1411 3940 Nam
1444 3886 1587 3955 quod
1625 3886 1800 3955 ipsum
1843 3886 1947 3939 hoc
1991 3886 2228 3939 divinum
2270 3897 2480 3951 quoque

2572 3167 2743 3220 πάντα
2767 3160 2906 3217 κατὰ
2927 3160 3017 3214 τὸν
3036 3159 3204 3211 τύπον
3230 3159 3324 3211 τὸν
3352 3159 3436 3210 δει

2569 3255 2811 3327 Σύμϐολα
2837 3250 3120 3321 τοιγαροῦν
3148 3249 3377 3320 ἑτέρων,
3408 3249 3436 3302 ὃ

2574 3346 2778 3419 μάζειν,
2795 3338 3180 3407 ὲπιτελῶν,τὴν
3194 3337 3283 3390 διὰ
3303 3335 3404 3389 τοῦ
3431 3356 3436 3405 λ

2574 3439 2640 3491 ’Ὀ
2657 3451 2720 3504 γε
2739 3433 2841 3505 μὴν
2859 3429 3055 3501 ὑψηλὸς
3077 3428 3172 3481 καὶ
3187 3431 3244 3481 ἐν
3259 3428 3436 3497 ἀπορε

2571 3526 2743 3594 λόγος,
2772 3523 2845 3585 ὡς
2874 3519 3091 3573 δυνατὸν
3115 3519 3313 3580 εἰπεῖν,
3355 3534 3436 3569 τοι

2578 3618 2731 3687 μόνον
2780 3611 2977 3681 ἀγαθὸν
3019 3610 3114 3662 καὶ
3149 3608 3305 3678 μόνον
3342 3606 3424 3669 ὡς

2578 3722 2714 3776 μιον,
2740 3704 2831 3756 καὶ
2859 3703 3037 3771 πάσης
3071 3698 3168 3768 μὲν
3193 3697 3337 3766 ζωῆς
3363 3697 3436 3750 αὖ

2575 3811 2659 3847 ναι
2699 3790 2870 3844 καὶτὸ
2896 3784 2952 3841 εὖ
2981 3783 3118 3838 εἶναι
3151 3784 3433 3855 δεδωρημέ

2576 3880 2778 3952 ϐραίοις
2810 3877 2963 3943 λόγος
2988 3874 3249 3943 ἠπίστατο
3286 3874 3436 3944 πρῶτ

952 3977 1225 4029 oraculum
1241 3977 1591 4043 responderit,
1607 3978 1779 4046 palam
1798 3975 2121 4044 descriptum
2138 3975 2382 4034 habetur,
2396 3972 2479 4027 his

952 4064 1158 4118 verbis:
1187 4080 1204 4112 ι
1229 4061 1359 4117 Vide
1382 4072 1439 4115 ut
1460 4063 1625 4118 facias
1642 4065 1821 4118 omnia
1843 4063 1907 4116 ad
1924 4062 2192 4131 exemplar
2218 4062 2356 4129 quod
2384 4061 2479 4114 tibi

2575 3973 2662 4025 τὸν
2705 3969 2768 4038 δὴ
2808 3968 2898 4020 τὸν
2940 3965 3198 4035 Ὕψιστον
3236 3965 3326 4016 καὶ
3368 3982 3436 4016 πο

2574 4057 2895 4131 δημιουργὸν
2934 4055 3094 4117 ,Θεόν.
3141 4053 3335 4106 Τούτου
3394 4054 3436 4106 δ⁴

955 4159 1310 4207 monstratum
1334 4161 1415 4206 est
1435 4154 1490 4207 in
1519 4163 1699 4208 monte
1714 4155 1778 4205 ³⁸.
1802 4172 1821 4204 ι
1861 4152 2027 4220 Igitur
2054 4152 2277 4203 aliarum
2301 4164 2479 4203 rerum

1910 4152 2027 4215 {itur
2054 4152 2277 4203 aliarum
2301 4164 2479 4203 rerum
2578 4147 2881 4214 πανάγαθον
2935 4144 3029 4198 κα)⁸
3062 4144 3253 4207 παντὸς
3284 4142 3435 4197 καλοί

954 4258 1074 4296 cum
1094 4240 1370 4311 perficeret
1383 4242 1622 4311 haecquaa
1634 4241 1954 4308 exemplaria
1975 4240 2247 4292 nominare
2263 4253 2479 4292 consue«

1910 4241 1954 4292 ia
1975 4240 2247 4292 nominare
2263 4253 2482 4292 consue-
2577 4240 2670 4293 καὶ
2713 4237 2998 4305 ἀγεννήτου
3053 4234 3293 4304 θεότητος
3344 4234 3435 4288 δύν

955 4335 1200 4395 vit,illum
1215 4334 1466 4400 unguenti
1483 4348 1637 4386 usum
1654 4334 1902 4398 illamque
1913 4329 2214 4382 unctionem
2234 4328 2477 4383 sancivit.

1913 4329 2214 4382 unctionem
2234 4328 2477 4383 sancivit.
2579 4324 2980 4399 προσαγορεύει.
3033 4325 3225 4395 Διόπερ
3265 4325 3435 4395 Χριστ

960 4428 1112 4498 173
1142 4423 1428 4477 Sublimior
1477 4429 1657 4475 tamen
1707 4434 1889 4473 earum
1932 4434 2130 4482 rerum,
2180 4426 2233 4473 et
2274 4435 2390 4488 quae
2415 4419 2482 4474 de

1932 4434 2130 4482 rerum,
2180 4426 2233 4473 et
2274 4435 2390 4488 quae
2415 4419 2482 4474 de
2512 4439 2553 4493 ι)
2581 4419 2742 4486 αὐτῆς
2798 4414 3018 4485 μέτοχον
3073 4413 3342 4467 ἀποκαλεῖ.
3393 4416 3435 4467 Ἴ

956 4517 1168 4573 arcanis
1204 4510 1425 4583 proferri
1458 4512 1592 4565 solet
1614 4511 1772 4572 ratio,
1802 4524 1899 4577 pro
1929 4524 2045 4563 mea
2069 4510 2281 4565 dicendi
2316 4510 2481 4565 facul-

1929 4524 2045 4563 mea
2069 4510 2281 4565 dicendi
2316 4510 2482 4565 facul-
2576 4507 2779 4569 τούτοις
2807 4504 2988 4565 ἄκουε,
3017 4503 3149 4573 μηδὲ
3170 4504 3260 4575 τὴν
3284 4506 3370 4556 ἐπὶ
3397 4523 3435 4557 τ

957 4616 1084 4672 tate,
1107 4606 1265 4658 talem
1295 4601 1521 4656 habebat
1545 4614 1784 4661 sensum,
1813 4599 1954 4669 quod
1974 4602 2147 4655 solum
2182 4612 2264 4658 est
2286 4602 2482 4657 bonum

957 4699 1237 4764 solumque
1305 4706 1491 4747 revera
1543 4690 1786 4760 fragrans
1845 4701 1897 4746 et
1952 4692 2273 4761 pretiosum,
2327 4700 2484 4760 atque

957 4788 1132 4844 omnis
1184 4782 1398 4854 quidem
1437 4781 1558 4835 vitae
1589 4779 1906 4849 principium
1945 4788 1998 4833 et
2051 4779 2190 4843 fons,
2236 4781 2484 4835 omnibus

959 4886 1134 4932 autem
1162 4888 1266 4930 una
1293 4887 1416 4926 cum
1445 4886 1509 4926 eo
1541 4880 1598 4924 ut
1631 4871 1758 4930 sint,
1786 4870 1945 4923 etiam
1982 4868 2031 4921 id
2061 4908 2076 4930 ,
2105 4880 2162 4923 ut
2194 4871 2327 4923 bene
2353 4871 2478 4930 sint,

959 4966 1209 5033 largiens,
1241 4978 1403 5017 unum
1427 4975 1555 5015 sane
1579 4960 1709 5013 illud
1743 4957 2082 5013 Hebraeorum
2105 4958 2240 5012 ratio
2265 4964 2483 5012 noverat

961 5051 1049 5116 qui
1074 5052 1284 5119 quidem
1316 5050 1547 5105 universi
1577 5049 1780 5116 primus
1815 5055 1898 5103 est
1939 5059 2146 5114 auctor,
2177 5051 2349 5119 ipsum
2380 5045 2486 5099 uti-

964 5154 1066 5203 que
1089 5141 1404 5194 altissimum
1436 5152 1498 5192 ac
1520 5138 1685 5191 totius
1718 5152 1921 5207 regem,
1941 5141 2285 5208 omniumque
2307 5150 2483 5191 rerum

966 5225 1205 5295 opificem
1233 5227 1414 5279 Deum.
1468 5227 1638 5294 Hujus
1686 5229 1864 5297 itaque
1920 5244 2180 5299 supremae
2213 5236 2372 5296 atque
2406 5225 2488 5278 in—

969 5312 1157 5383 genitae
1188 5312 1378 5366 divina:
1401 5317 1646 5370 essentia
1675 5320 1922 5374 virtutem
1946 5320 2112 5380 illam,
2142 5331 2260 5386 quae
2305 5314 2483 5368 omnia

967 5403 1129 5467 valet,
1157 5414 1314 5453 omne
1335 5399 1529 5455 bonum
1552 5415 1784 5474 praestat,
1801 5422 2011 5464 omnem
2041 5402 2489 5476 pulchritudinem

971 5489 1357 5550 subministrat,
1396 5487 1613 5546 divinus
1664 5494 1915 5566 Spiritus,
1968 5498 2184 5568 proprio
2211 5503 2265 5549 et
2298 5506 2492 5548 conve-

973 5583 1137 5639 πίθηῑί
1164 5580 1404 5649 exemplo
1439 5581 1720 5645 conferens
1746 5598 1903 5663 atque
1936 5590 2367 5657 accommodans,
2396 5579 2491 5643 Dei

1045 5697 1086 5730 δ’
1119 5695 1284 5751 Exod.
1322 5711 1464 5758 uri,
1506 5698 1590 5754 50.
1656 5675 1661 5682 ⁸

2579 4601 2688 4654 ἀλλ’
2720 4600 2748 4650 ὅ
2780 4597 2988 4665 καρπὸς
3033 4595 3129 4649 τοῦ
3154 4597 3306 4665 φυτοῦ
3341 4616 3436 4671 παε

2579 4692 2670 4758 γὲς
2697 4688 2866 4758 ὑγρᾶς
2899 4684 3052 4756 ὕλης.
3089 4687 3254 4755 φωτὸς
3283 4687 3436 4759 «nam

2582 4782 2693 4842 κδν,
2723 4777 2978 4846 καμάτων
3006 4778 3408 4845 ἁπαλλακτικὺν,

2584 4864 2942 4936 φαιδροποιὸν,
2972 4866 3146 4934 φωτὸς
3181 4867 3320 4937 δίκην
3348 4871 3436 4922 ἁπι

2585 4957 2725 5023 γαϊς,
2767 4952 2961 5023 διαυγῆ
3009 4971 3071 5007 τε
3122 4954 3211 5008 καὶ
3237 4955 3436 5029 λαμπρέ

2587 5042 2873 5099 ἀποτελοῦν
2903 5045 3003 5116 τὴν
3031 5044 3170 5115 ὄψιν,
3201 5047 3226 5100 ὅ
3266 5063 3416 5116 φησιν

2590 5133 2828 5204 ίλαρῦναι
2859 5134 3149 5206 πρόσωπον
3191 5137 3241 5187 ἐν
3281 5134 3430 5209 ἐλαίῳ

2590 5224 2762 5293 λόγος,
2791 5224 2891 5296 τὴν
2918 5227 3176 5281 ἀνωτάτω
3207 5224 3290 5279 τοῦ
3316 5245 3436 5284 πανι

2588 5315 2721 5378 λέως
2755 5315 2887 5371 Θεοῦ
2929 5317 3154 5390 δύναμιν
3189 5316 3436 5388 συμϐαλὼι

2591 5404 2803 5475 πρῶτον
2832 5408 2924 5461 καὶ
2957 5410 3114 5481 μόνον
3134 5409 3227 5485 ὅλῳ
3246 5409 3398 5482 τούτῳ
3427 5432 3436 5485 ς

2590 5496 2691 5567 κῆς
2728 5500 2823 5554 καὶ
2851 5505 3015 5557 πᾶσιν
3036 5501 3361 5572 ἀκοινωνήτου
3392 5522 3436 5558 π‹

2592 5586 2821 5661 ληφὸτα,
2851 5596 2948 5654 καὶ
2982 5595 3140 5671 μόνον
3165 5593 3215 5659 ἐξ
3239 5593 3379 5650 αὐτοῦ
3413 5616 3436 5668 γ
