3862 6346
132 390 232 453 29.1

1100 386 1744 448 DEMONSTRATIONIS
1781 381 2228 447 EVANGELICIE
2266 382 2376 442 LIB
2416 391 2503 448 Ν.

3256 404 3366 459 294

146 480 434 580 “Sagarim”
471 477 564 580 τοξ
598 481 1014 580 γεγνήτξαντος
1068 496 1361 570 ἀγεννήτου
1400 503 1491 555 καὶ
1528 502 1715 573 πρῶτος

1834 501 2008 556 oleum
2037 497 2281 570 appellat.
2313 498 2491 567 Quare
2518 516 2572 561 et
2600 507 2868 564 Cbristum
2891 522 2945 566 et
2970 521 3185 568 unctum
3213 530 3360 580 eum,

143 570 229 649 ἐπὶ
261 570 505 662 μείζονος
523 570 756 662 Secuta:
786 574 948 632 Θεοῦ
979 585 1384 657 amentem,
1406 570 1630 662 Χριστδν
1649 596 1740 647 καὶ

145 660 458 753 ,μιμμένον
485 661 830 753 ἀπεκάλεσε.
870 670 977 724 Διὸ
1005 677 1107 728 καὶ
1134 679 1191 731 ἐν
1214 660 1468 750 Ψαλμοῖς
1480 683 1612 753 πρὸς
1642 685 1739 735 αύ-

144 749 228 825 τδν
259 754 331 820 δὴ
358 749 535 841 τοῦτον
579 752 674 807 τὸν
708 755 824 841 ὑῌπὸ
851 761 974 814 τοῦ
994 765 1215 839 Πατρδς
1254 749 1567 841 ήλειμμένον
1608 776 1737 827 ἀνα-

147 842 316 925 gn,ng
363 840 421 891 τὸ
464 840 676 908 φάσκον
722 837 835 899 ὦδε
876 837 1135 920 λόγιον-ἠ
1165 876 1184 908 ι
1327 837 1508 930 θρόνος
1550 878 1661 925 σου,
1709 865 1737 914 ὁ

144 952 304 1004 si“,
327 934 400 995 είς
418 932 528 1024 τὸν
550 934 732 989 αἰῶνα
766 940 872 993 τοῦ
900 945 1135 1010 αἰῶνος*
1166 949 1353 1018 ῥάϐδος
1386 951 1668 1021 εὐθύτητος
1699 957 1731 1024 ἡ

168 1028 355 1103 βάθεος
389 1023 479 1093 τῆς
512 1023 801 1093 βασιλείας
835 1047 962 1084 σου.
1016 1035 1332 1107 Ἡγάπησας
1376 1040 1730 1111 δικαιοσύνην,

181 1126 276 1175 καὶ
316 1115 559 1184 ἐμίσησας
599 1116 858 1171 ἀδικίαν·
914 1122 1009 1175 διά
1047 1125 1200 1178 τοῦτο
1244 1126 1421 1197 ἔχρισέ
1451 1146 1507 1182 σε
1550 1131 1734 1193 Θεὸ;’ό

184 1212 314 1271 Θεὸς
362 1223 445 1259 σου
490 1206 666 1260 ἔλαιον
709 1210 1100 1277 ἀγαλλιάσεως
1151 1218 1298 1288 παρὰ
1332 1220 1454 1281 τοὺς
1484 1221 1730 1291 μετόχους

197 1318 307 1353 σου.
340 1319 355 1349 ι
389 1298 536 1352 ’Λλλά
562 1299 675 1370 γὰρ
709 1302 814 1371 μία
850 1304 953 1373 μὲν
986 1307 1019 1375 ή
1054 1306 1148 1359 τοῦ
1182 1307 1355 1361 ἐλαίου
1395 1310 1580 1378 φύσις·
1613 1314 1644 1381 ή
1675 1313 1732 1364 δὲ

191 1393 290 1445 τοῦ
308 1390 453 1462 μύρου
473 1390 678 1444 πολλῶν
702 1393 803 1444 ἐπὶ
824 1394 891 1446 τὸ
906 1396 1040 1448 αὐτὸ
1066 1397 1278 1451 σύνοδον
1299 1400 1563 1469 σημαίνει.
1598 1402 1732 1455 Ταύ-

190 1499 268 1552 τῃ
291 1500 356 1536 τοι
379 1485 463 1536 καὶ
495 1487 528 1555 ή
562 1485 761 1556 πρώτη
792 1490 889 1540 καὶ
919 1490 1210 1560 ἀγέννητος
1238 1491 1328 1543 τοῦ
1355 1493 1729 1561 παμϐασιλέως

185 1572 321 1625 Θεοῦ
338 1574 562 1644 δύναμις,
591 1576 714 1629 καθ’
738 1577 768 1629 δ
796 1578 896 1647 μὲν
920 1579 1067 1649 ἁπλῆ
1101 1597 1182 1642 τις
1214 1582 1304 1633 καὶ
1328 1581 1609 1641 ἀσύνθετος
1639 1585 1729 1637 καὶ

182 1662 344 1733 ἄλλης
367 1666 534 1736 πάσης
565 1668 756 1731 οὐσίας
778 1669 985 1743 ἀμιγὴς
1012 1672 1323 1737 ἐπινοεῖται,
1353 1674 1502 1743 ἁπλῷ
1537 1674 1612 1742 τῷ
1634 1673 1725 1727 τοῦ

178 1750 352 1804 ἐλαίου
382 1757 730 1826 προρῤήματι
765 1740 1203 1829 παραϐέϐληται·
1233 1762 1364 1815 καθὸ
1392 1763 1446 1816 δὲ
1466 1740 1724 1820 πλείστων

175 1847 418 1901 ἐπινοιῶν
448 1852 505 1901 ἐν
535 1852 727 1922 ταυτῷ
759 1853 1123 1925 περιληπτικὴ
1146 1856 1414 1924 τυγχάνει,
1437 1851 1543 1909 οἷον
1578 1874 1728 1927 ποιη-
1754 1908 1794 1961 Β

175 1939 681 1961 ,.-.ε-³ομ-κ·ικηξιεγ
744 1960 887 1961 ηκκγη
1041 1945 1056 1961 1
1269 1948 1280 1961 ο
1497 1947 1511 1961 ι
1666 1949 1682 1961 ι

173 1940 326 2006 τικῆς
346 1940 375 2008 ἢ
396 1939 705 2012 βασιλικῆς,
732 1945 1087 2014 προνοητικόν
1109 1962 1166 1997 τε
1199 1948 1290 2000 καὶ
1314 1947 1571 2018 κριτικὸν,
1606 1949 1723 2016 φιλ-

178 2027 455 2098 άνθρωπόν
491 2048 555 2093 τε
594 2034 694 2084 καὶ
723 2035 1011 2104 σωτήριον,
1056 2035 1227 2089 ἄλλων
1253 2053 1312 2088 τε
1348 2037 1483 2090 ὅσων
1518 2039 1723 2108 μυρίων

168 2119 374 2192 ἐπινοίᾳ
408 2121 825 2193 θεωρουμένων,
882 2125 1105 2187 εἰκότως
1157 2126 1310 2196 μύρῳ
1358 2129 1515 2181 πάλιν
1555 2130 1587 2197 ή
1619 2128 1724 2182 τῶν

168 2209 370 2265 πολλῶν
386 2212 477 2266 καὶ
495 2214 726 2282 ἀγαθῶν
750 2215 1113 2287 περιληπτικὴ
1135 2216 1359 2287 δύναμις
1382 2219 1720 2282 ἀπείκασται,

171 2290 220 2363 ᾧ
244 2304 511 2374 κεχρῖσθαι
552 2305 650 2359 τὸν
684 2305 864 2376 ἀληθῆ
894 2308 984 2359 καὶ
1014 2307 1168 2377 μόνον
1191 2308 1445 2379 ἀρχιερέα
1475 2310 1569 2362 τοῦ
1591 2309 1721 2363 Θεοῦ

168 2389 298 2445 θεῖοι
324 2395 466 2463 λόγοι
506 2396 849 2450 παιδεύουσι.
881 2397 1099 2468 Πρῶτος
1121 2398 1183 2466 γέ
1212 2417 1291 2452 τοι
1324 2400 1480 2463 αὐτὸς
1507 2403 1535 2453 ό
1564 2402 1723 2453 Moab-

170 2481 285 2549 σῆς,
329 2488 383 2538 ἐν
408 2488 768 2560 ζάπορρήτοις
804 2488 874 2541 τὰ
906 2487 1024 2540 θεῖα
1055 2489 1380 2543 ἐποπτεῦσαι
1406 2491 1718 2561 ἠξιωμένος,

167 2575 262 2624 καὶ
298 2578 391 2640 τὰς
435 2579 566 2649 περὶ
607 2579 705 2631 τοῦ
735 2578 949 2649 πρώτου
976 2582 1066 2633 καὶ
1092 2581 1248 2650 μόνου
1281 2580 1601 2650 ἡλειμμένου
1630 2582 1720 2636 καὶ

167 2664 453 2740 ἀρχιερέως
476 2669 572 2722 τοῦ
596 2669 738 2722 Θεοῦ
752 2670 973 2732 τελετὰς
997 2672 1052 2722 ἐν
1067 2672 1187 2733 ταῖς
1208 2659 1367 2723 αὐτοῦ
1391 2670 1721 2739 θεοφανείαις

165 2756 298 2822 πρὸς
317 2760 477 2813 αὐτοῦ
505 2759 926 2829 τετελεσμένας,
967 2761 1176 2823 εἰκόνας
1218 2761 1600 2831 προστάττεται
1628 2763 1719 2815 ἐπὶ

163 2844 264 2913 γῆς
291 2851 379 2902 καὶ
411 2851 661 2920 σύμϐολα
712 2850 1151 2920 καταστήσασθαι
1204 2852 1311 2904 τῶν
1350 2854 1407 2905 ἐν
1445 2857 1563 2917 ταῖς
1607 2854 1719 2908 θεο-

164 2937 364 3001 metu;
391 2957 545 3009 νενοη
553 2941 761 3011 μένων,
791 2942 867 3003 ὼς
900 2941 965 2994 ἀν
988 2941 1158 3011 ἔχοιεν
1181 2942 1582 3014 προεμμελετᾷν
1607 2947 1717 3008 τοῖς

163 3028 438 3092 συμϐόλοις
474 3031 525 3082 οἱ
561 3030 723 3083 τῶνδ’
744 3029 1032 3100 ἠξιωμένοι
1067 3031 1224 3102 μέχρι
1252 3032 1348 3101 τῆς
1373 3032 1480 3086 τῶν
1508 3034 1715 3104 ἀληθῶν

158 3114 459 3185 ἐποπτείας.
485 3122 667 3184 Αὐτὸς
690 3122 827 3193 δῆτα
853 3122 1247 3194 ἀφορισάμενος
1268 3123 1402 3187 τέως
1425 3122 1515 3176 τοῦ
1545 3124 1602 3189 ἐξ
1621 3127 1714 3178 ἀν-

1835 591 1928 659 qui
1955 592 2097 645 illius
2128 589 2391 660 particeps
2442 596 2531 659 sit,
2589 606 2761 652 vocat.
2796 598 2979 655 Oleum
3018 620 3143 658 vero
3175 605 3231 658 in
3276 606 3363 658 bis

1835 682 1945 735 noli
1973 682 2368 738 miserationem
2410 687 2672 757 accipere,
2700 706 2873 759 neque
2916 694 2968 746 in
2993 696 3151 750 rebus
3171 697 3352 752 adver-

1835 771 1912 825 sis
1975 787 2277 836 mmrorem,
2333 776 2426 831 sed
2457 778 2510 831 id
2539 780 2683 847 quod
2726 789 2885 834 certae
2916 783 3106 851 plantae
3152 785 3360 840 fructus

1833 861 2050 925 emittit,
2068 862 2286 931 quodex
2306 865 2526 920 humida
2565 871 2788 923 materia
2822 870 2955 923 nihil
2984 873 3140 928 habet
3189 878 3361 931 admi-

1834 958 1996 1014 stum,
2032 954 2172 1021 quod
2222 954 2399 1009 lumen
2452 966 2627 1026 auget,
2674 959 2817 1028 quod
2876 960 3044 1016 fessos
3094 964 3356 1029 sublevat,

1832 1041 1973 1108 quod
2005 1043 2212 1097 labores
2268 1045 2463 1110 aufert,
2516 1049 2655 1116 quod
2686 1066 2778 1103 eos
2813 1051 2905 1119 qui
2939 1052 3053 1118 ipso
3089 1063 3358 1122 unguntur

1831 1129 2024 1185 hilares
2052 1130 2201 1196 facit,
2251 1135 2393 1201 quod
2440 1137 2609 1190 instar
2638 1139 2854 1192 luminis
2876 1138 2941 1194 de
2977 1142 3152 1209 seipso
3184 1143 3358 1196 vibrat

1830 1221 2157 1290 splendores,
2193 1225 2543 1295 ,nitidumque
2592 1243 2654 1281 ac
2708 1230 2989 1283 micantem
3047 1247 3231 1285 eorum
3264 1234 3356 1303 qui

1829 1314 1943 1380 ipso
1971 1320 2191 1366 utuntur
2226 1325 2498 1384 comparat
2539 1319 2777 1385 vultum;
2805 1321 2947 1390 quod
2977 1322 3158 1392 utique
3181 1325 3356 1394 ipsum

1827 1403 1991 1456 etiam
2024 1405 2215 1459 divinat
2241 1406 2429 1461 litterae
2466 1410 2696 1476 produnt
2728 1412 2833 1466 illis
2863 1414 3042 1468 verbis
3068 1432 3082 1467 :
3117 1433 3136 1463 ‹
3164 1414 3232 1469 Ut
3262 1432 3360 1471 ex-

1826 1493 2016 1549 hilaret
2071 1496 2263 1551 faciem
2321 1498 2376 1551 in
2433 1501 2551 1554 oleo
2583 1502 2688 1554 η.»
2726 1501 2862 1556 Huic
2888 1504 3050 1573 igitur
3111 1509 3357 1578 exemplo

1826 1598 2129 1653 supremam
2162 1587 2280 1655 ejus
2309 1587 2422 1651 Dei,
2454 1591 2543 1659 qui
2571 1594 2808 1646 omnium
2831 1603 2912 1649 est
2966 1597 3212 1666 princeps
3235 1612 3353 1652 om-

1824 1672 2078 1742 niumque
2102 1689 2216 1738 rex,
2247 1676 2494 1731 virtutem
2520 1693 2836 1748 comparans
2871 1683 3062 1745 oratio,
3089 1698 3211 1738 eum
3261 1688 3354 1756 qui

1824 1763 1970 1817 solus
1992 1762 2092 1818 hoc
2121 1772 2233 1820 toto
2253 1773 2448 1820 unctus
2475 1776 2576 1831 est,
2595 1770 2791 1839 quique
2818 1773 3010 1828 divina:
3046 1784 3208 1844 atque
3235 1779 3352 1848 ejus

1824 1868 1941 1921 quae
1982 1870 2104 1908 cum
2152 1857 2315 1912 nullis
2342 1858 2463 1912 aliis
2511 1862 2937 1916 communicatur
2981 1872 3217 1933 paternae
3247 1869 3356 1923 fra-

1821 1946 2044 2014 grantiaa
2072 1949 2338 2016 particeps
2386 1948 2580 2012 factus,
2612 1958 2665 2004 et
2693 1952 2785 2021 qui
2824 1954 2973 2008 solus
3024 1972 3087 2010 ex
3138 1958 3231 2013 illo
3262 1975 3355 2029 ge-

1823 2036 1967 2089 nitus
2005 2036 2143 2091 Deus
2174 2035 2425 2100 Verbum,
2455 2041 2938 2097 communicatione
2979 2045 3244 2114 gignentis
3270 2048 3354 2101 in-

1820 2127 2005 2195 geniti,
2032 2125 2168 2180 Deus
2197 2127 2264 2180 de
2290 2125 2398 2180 Deo
2422 2135 2505 2180 est
2529 2128 2853 2195 declaratus,
2879 2132 3152 2189 Christum
3194 2144 3353 2206 atque

1820 2225 2040 2269 unctum
2094 2217 2323 2269 vocavit.
2388 2214 2649 2279 Quocirca
2702 2219 2759 2272 in
2821 2220 3050 2278 Psalmis
3099 2224 3166 2278 ad
3207 2225 3352 2282 hunc

1820 2305 2017 2373 ipsum,
2054 2307 2143 2373 qui
2182 2321 2211 2358 a
2244 2305 2401 2360 Patre
2430 2316 2624 2363 unctus
2659 2316 2761 2374 est,
2814 2312 2892 2365 sic
2915 2314 3182 2382 quoddam
3229 2331 3354 2371 ora-

1819 2396 1996 2449 culum
2037 2396 2168 2449 dicit
2192 2415 2204 2450 :
2235 2416 2252 2447 t
2279 2396 2443 2453 Sedes
2463 2408 2575 2463 tua,
2605 2399 2766 2465 Deus,
2794 2404 2847 2455 in
2872 2406 3124 2458 sarculum
3144 2409 3347 2473 saeculi,

1818 2484 1965 2554 virga
2005 2486 2335 2552 directionis,
2386 2489 2533 2557 virga
2568 2490 2717 2559 regni
2746 2492 2847 2545 tui.
2903 2492 3146 2549 Dilexisti
3189 2497 3351 2564 justi-

1817 2575 1967 2639 tiam,
2018 2582 2071 2629 et
2125 2575 2289 2631 odisti
2346 2577 2702 2645 iniquitatem,
2767 2589 3051 2650 propterea
3101 2587 3257 2639 unxit
3296 2593 3350 2642 te

1818 2659 1958 2715 Deus
1977 2661 2250 2717 Deustuus
2272 2664 2388 2717 oleo
2416 2666 2608 2718 laetitia:
2632 2681 2740 2734 prae
2762 2672 3102 2726 consortibus
3129 2674 3344 2727 ιυὶε¹⁷.›

1817 2752 1885 2806 At
1916 2768 2039 2807 vero
2066 2768 2171 2806 una
2202 2754 2413 2819 quidem
2443 2765 2525 2809 est
2550 2758 2655 2812 olei
2710 2768 2922 2825 natura,
2958 2762 3051 2815 sed
3091 2763 3349 2832 unguenti

1815 2856 1935 2911 qua:
1985 2850 2086 2903 est,
2117 2857 2179 2896 ea
2210 2843 2495 2897 multarum
2528 2846 2582 2899 in
2609 2846 2745 2902 idem
2777 2865 3099 2905 concursum
3143 2852 3350 2922 signiﬁ—

1815 2938 1920 2985 cat.
1950 2930 2180 2987 Proinde
2207 2934 2365 2987 etiam
2413 2937 2584 3004 prima
2637 2939 2726 2991 illa
2754 2946 2807 2993 et
2836 2941 3070 3010 ingenita
3106 2944 3347 2996 omnium

1813 3024 1955 3092 regis
1987 3021 2076 3077 Dei
2129 3024 2318 3092 virtus,
2355 3033 2620 3094 quatenus
2668 3029 2882 3097 quidem
2927 3030 3147 3100 simplex
3188 3038 3348 3101 atque

1816 3111 2166 3182 incomposita
2188 3153 2202 3177 ,
2245 3115 2483 3184 nullique
2527 3118 2615 3171 alii
2646 3129 2849 3173 natura:
2883 3124 3165 3175 commista
3192 3124 3348 3177 intel-

153 3200 381 3271 θρὼπων
414 3213 505 3264 ἐπὶ
537 3211 646 3281 τῆς
665 3209 746 3280 τῷ
777 3210 896 3280 Θεῷ
925 3210 1290 3282 ίερατεύεσθαι
1317 3212 1611 3283 ἐπιτήδειον
1626 3212 1715 3265 ἀν-

1816 3202 2013 3271 Iigitur,
2042 3203 2267 3272 simplici
2298 3205 2400 3258 olei
2425 3206 2679 3262 locutioni
2705 3211 2896 3263 collata
2929 3219 3044 3276 est;
3079 3221 3346 3281 quatenus

150 3291 269 3363 δρα,
307 3301 520 3372 πρῶτος
563 3300 759 3354 τοῦτον
794 3301 1023 3370 Χριστὸν
1054 3301 1388 3370 ἐπωνόμασε,
1433 3302 1549 3353 κατ’
1582 3303 1710 3355 ἀνα-

148 3390 321 3456 φθρὰν
364 3393 464 3463 τῆς
506 3396 566 3446 ἐν
598 3395 718 3455 τοῖς
739 3393 945 3461 νοητοῖς
981 3390 1228 3459 θεωρίας,
1269 3391 1361 3442 καί
1390 3389 1595 3455 τοῦτον,
1624 3391 1710 3444 διά

145 3489 292 3544 τινος
320 3484 548 3553 ἀλοιφῆς
572 3482 816 3545 εὐώδους
840 3482 1117 3552 κρείττονα
1147 3481 1257 3533 τῶν
1286 3480 1483 3535 λοιπῶν
1508 3480 1711 3552 ἀνθρώ-

144 3556 260 3621 πων
289 3577 591 3645 ἀποφήνας,
627 3575 889 3643 ἄντικρυς
923 3573 1016 3625 καὶ
1043 3572 1333 3644 διαρρήδην
1364 3573 1706 3643 ἀνεκήρυξεν,

139 3649 213 3705 ὅτι
252 3661 324 3733 δὴ
352 3665 468 3715 κατ’
497 3662 678 3733 αὐτὴν
711 3662 744 3730 ή
772 3658 866 3712 τοῦ
905 3658 1157 3730 γεννητοῦ
1197 3659 1355 3728 φύσις
1386 3660 1588 3722 ἅπασα,
1619 3662 1710 3714 καὶ

137 3744 286 3804 πολὺ
321 3753 477 3806 πλέον
518 3755 553 3823 ή
602 3750 924 3821 ἀνθρωπεία
969 3752 1066 3821 τῆς
1098 3751 1389 3820 ἀγεννήτου
1434 3750 1708 3820 δυνάμεως

130 3833 567 3913 ἀπολειπομένη,
604 3844 780 3897 δεῖται
830 3843 927 3913 τῆς
977 3842 1082 3894 ἀπὸ
1126 3841 1219 3893 τοῦ
1251 3842 1549 3911 κρείττονος
1578 3842 1709 3893 εὐω-

127 3923 281 3989 δίας.
318 3933 474 3986 Ἀλλά
501 3931 599 3985 τοῦ
632 3931 736 4003 μὲν
758 3931 1027 3983 ἀνωτάτου
1053 3932 1145 3983 καὶ
1174 3929 1387 4001 πρώτου
1411 3928 1469 3983 οὗ
1501 3948 1604 3983 τινι
1632 3931 1707 3983 θε-

128 4018 300 4081 μιτὸν
350 4023 663 4093 ἐφικέσθαι.
712 4022 825 4074 Ἑνὶ
860 4020 968 4091 γὰρ
1009 4022 1152 4090 μόνῳ
1194 4019 1268 4089 τῷ
1291 4022 1580 4088 Μονογενεῖ
1611 4021 1704 4073 καὶ

124 4105 474 4184 Πρωτοτόκῳ
498 4113 928 4187 τοῦτξάνέκειτο
954 4111 1011 4164 τὸ
1038 4112 1204 4182 γέρας
1221 4128 1234 4141 ·
1257 4115 1368 4174 τοῖς
1391 4112 1447 4164 δὲ
1471 4114 1584 4181 μετ’
1611 4113 1706 4165 αὑ-

120 4196 199 4247 τὸν
250 4206 356 4257 οὐκ
383 4204 553 4269 ἄλλως
596 4205 631 4275 ἢ
673 4203 764 4255 διά
796 4203 963 4273 μόνης
989 4202 1087 4272 τῆς
1119 4200 1210 4254 τοῦ
1243 4201 1488 4272 δευτέρου
1520 4220 1706 4272 μετου-

122 4288 269 4356 σίας
293 4297 401 4348 τῶν
424 4296 646 4365 ἀγαθῶν
681 4290 793 4347 οἷόν
822 4310 882 4345 τε
921 4289 988 4363 ἦν
1013 4291 1368 4363 ἐπαύρασθαι.
1399 4293 1705 4364 Πνεύματος

118 4377 235 4444 ἆραι
268 4386 443 4440 ἐνθέου
458 4389 516 4440 τὸ
538 4387 697 4456 παρά
718 4385 945 4437 Μωῡσεῖ
965 4383 1226 4453 σύμϐολον
1242 4378 1327 4452 ἦν.
1346 4384 1636 4454 Διαιρέσεις
1650 4385 1704 4438 δὲ

115 4483 233 4538 καρι
250 4481 489 4547 ισμάτων
505 4479 635 4540 εἰσὶ,
657 4476 720 4529 τὸ
742 4476 787 4527 δ’
811 4474 943 4526 αὐτὸ
970 4473 1201 4544 πνεῦμα,
1227 4469 1287 4527 οὗ
1317 4475 1542 4543 μάλιστα
1576 4494 1702 4547 μετ-

1816 3301 1991 3346 autem
2022 3293 2278 3363 plurimas
2310 3294 2362 3347 in
2383 3295 2568 3349 eodem
2605 3299 3066 3355 considerationes
3101 3318 3347 3373 compre-

1817 3380 2079 3436 bendendi
2111 3383 2216 3436 vim
2246 3383 2421 3450 habet,
2464 3393 2522 3439 ut
2563 3389 2703 3455 quod
2756 3389 2929 3443 facere
2973 3400 3168 3459 potest,
3199 3395 3341 3463 quod

1813 3485 2056 3540 regnare,
2085 3472 2225 3540 quod
2250 3473 2544 3540 providere,
2565 3474 2707 3543 quod
2721 3475 2983 3543 judicare,
3016 3479 3172 3551 175,
3201 3482 3344 3551 quod

1813 3574 1996 3614 amore
2038 3562 2288 3630 prosequi
2344 3562 2621 3626 homines,
2657 3566 2796 3633 quod
2850 3567 3075 3620 salutem
3132 3570 3341 3637 all‘erre,

1815 3650 2021 3718 aliaque
2070 3651 2475 3705 innumerabilia
2542 3668 2660 3721 quae
2709 3655 3052 3724 intelligentia
3094 3658 3343 3713 conside-

1811 3747 2002 3791 rantur
2028 3754 2042 3790 :
2072 3747 2343 3808 unguento
2372 3755 2561 3795 rursus
2584 3742 2694 3795 haac
2724 3743 2838 3811 ipsa
2863 3758 2983 3812 qua:
3009 3751 3062 3799 et
3091 3747 3257 3799 multa
3286 3754 3342 3801 et

1813 3830 1951 3884 bona
1980 3832 2428 3901 comprehendere
2474 3842 2646 3901 potest
2675 3834 2780 3897 vis,
2810 3835 3003 3889 merito
3033 3849 3340 3907 comparata

1810 3928 1912 3983 est,
1943 3936 2049 3989 quo
2078 3928 2348 3991 unguento
2375 3937 2495 3976 eum
2515 3923 2603 3991 qui
2631 3922 2722 3978 Dei
2740 3931 2793 3977 et
2824 3940 2982 3978 verus
3013 3935 3065 3979 et
3085 3928 3234 3982 solus
3257 3936 3342 3984 est

1809 4012 2066 4081 pontifex,
2103 4019 2320 4066 unctum
2346 4028 2466 4067 esse
2485 4013 2663 4067 divina
2708 4029 2805 4068 nos
2850 4015 3043 4069 docent
3097 4020 3338 4073 oracula.

1810 4107 1874 4156 Et
1903 4105 2106 4172 primus
2139 4103 2350 4173 quidem
2389 4105 2503 4173 ipse
2542 4103 2768 4175 Moyses,
2797 4122 2888 4174 qlil
2935 4106 2987 4159 iu
3019 4111 3230 4165 arcanis
3258 4110 3341 4164 di-

1811 4196 2050 4248 vinarum
2090 4209 2265 4247 rerum
2300 4195 2633 4262 inspectione
2678 4211 2741 4250 ac
2782 4199 3177 4266 mysteriorum,
3220 4217 3341 4269 quae

1809 4284 1876 4338 ab
1908 4285 2022 4353 ipso
2067 4284 2121 4337 in
2161 4283 2228 4337 iis
2272 4284 2569 4339 visionibus
2590 4286 2785 4355 quibus
2813 4285 2974 4340 Deum
3024 4297 3339 4356 praesentem

1809 4375 2172 4443 agnoscebat,
2207 4374 2273 4428 de
2300 4376 2474 4444 primo
2501 4382 2553 4428 et
2601 4377 2717 4431 solo
2778 4384 2960 4439 uncto,
3006 4385 3059 4430 et
3091 4377 3340 4445 pontifice

1810 4464 1899 4518 Dei
1927 4466 2159 4534 perfecta
2198 4476 2345 4527 sunt,
2404 4467 2598 4535 dignus
2649 4468 2864 4522 habitus
2921 4474 3022 4532 est,
3081 4468 3339 4536 imagines

110 4557 290 4624 élﬁtv
345 4568 741 4641 φιλοτιμεῖσθαι
780 4569 965 4636 ίερέας
996 4566 1088 4619 καὶ
1117 4567 1397 4634 προφήτας
1432 4569 1523 4619 καὶ
1554 4567 1702 4637 βασι-

1823 4556 2014 4610 ubetur
2043 4556 2096 4608 in
2123 4566 2265 4610 terra
2295 4565 2347 4611 et
2397 4566 2551 4613 notas
2599 4560 2862 4614 conficere
2913 4573 3097 4611 eorum
3136 4575 3254 4627 quae
3280 4561 3337 4614 in

107 4643 271 4719 λέας
289 4658 422 4726 ᾤετο
448 4660 580 4722 δεῖν,
608 4660 687 4721 ὡς
714 4656 782 4710 ἂν
813 4657 913 4725 οὐχ
937 4655 1077 4724 ὑπὲρ
1114 4654 1318 4707 ἑαυτῶν
1344 4655 1517 4724 μόνον,
1569 4657 1700 4711 ἀλλά

107 4750 344 4812 tab-got;
386 4751 476 4804 τοῦ
515 4751 706 4812 ἔθνους
744 4747 824 4817 τῷ
857 4746 977 4816 Θεῴ
1012 4744 1478 4813 καθωσιωμένους.
1504 4746 1620 4800 Ὅτι
1646 4749 1700 4802 δὲ

104 4826 156 4897 δὴ
175 4831 505 4914 ἓειοτέρων
519 4839 590 4913 ἦν
610 4841 682 4893 τὰ
710 4838 864 4909 παρά
882 4839 1107 4890 Μωῦσεί
1128 4835 1191 4887 σύ
1200 4833 1387 4904 μϐολα,
1406 4836 1494 4888 καὶ
1520 4837 1593 4901 ὡς
1611 4839 1699 4892 δυ-

101 4935 178 4969 m
230 4931 297 4981 -δν
348 4930 412 5004 ἦν
463 4934 558 4985 καὶ
601 4932 736 4985 ἄνευ
787 4926 1023 4995 γεώδους
1072 4924 1243 4994 μύρου
1296 4926 1416 4986 τοὺς
1456 4926 1531 4995 τῷ
1574 4928 1699 4999 θείῳ

118 5004 411 5085 “usam-,1
455 5022 718 5089 κατόχους
756 5017 1016 5087 χριστοὺς
1060 5012 1432 5081 ὀνομάζεσθαι,
1478 5017 1607 5088 φέρε
1650 5037 1699 5073 τι

169 5100 346 5163 mm
383 5113 779 5183 ἀκρισέστερον
831 5102 1274 5173 διασκεψώμεθα.
1329 5103 1484 5155 Δαόὶδ
1518 5107 1576 5159 ἐν
1628 5108 1699 5178 ρδ’

184 5185 352 5269 Win},
389 5203 486 5264 τὰς
519 5200 651 5269 περὶ
681 5197 778 5250 τὸν
824 5193 1100 5262 Ἀϐραὰμ,
1144 5190 1347 5242 καὶτὸν
1390 5191 1584 5257 Ἰσαὰκ,
1612 5200 1705 5251 καὶ

183 5274 256 5338 ’ἔδυ
463 5265 763 5345 ἀναλαϐὼν
795 5282 1065 5352 ἱστορίας,
1096 5279 1288 5339 αὐτοὺς
1316 5281 1544 5342 ἐκείνους
1573 5286 1698 5349 τοὺς

182 5359 385 5445 θεοφιλεῖς
403 5379 798 5451 προπάτορας,
823 5369 920 5422 καὶ
944 5368 1050 5437 πρὸ
1067 5366 1176 5418 τῶν
1490 5369 1699 5437 Χρόνων

171 5449 457 5536 τεκμένους,
513 5460 794 5536 χριστοὺς
841 5453 1124 5536 ἀποκαλεῖ,
1177 5450 1237 5500 οὐ
1282 5449 1345 5500 δι’
1367 5450 1483 5503 ἄλλο
1526 5454 1559 5522 ἢ
1607 5457 1697 5511 διὰ

264 5560 348 5614 τοῦ
608 5545 974 5612 Πνεύματος,
1012 5534 1070 5590 οὗ
1115 5539 1364 5604 μετεῖχον,
1410 5538 1693 5614 ἐπιρροήν.

158 5613 421 5724 ⁷⁷⁷δρήσας
440 5643 584 5714 γοῦν
608 5641 783 5694 ὅπως
808 5624 1212 5691 ἐπεξενώθησαν
1232 5627 1333 5685 τοῖς
1357 5613 1692 5698 ἀλλοφύλοις,
1726 5650 1727 5657 ι

177 5732 376 5825 ¹⁴ὒςδι
415 5776 546 5821 cm,
588 5751 685 5807 15-
782 5746 828 5775 ’⁷
861 5740 1002 5795 1⁷⁵³1·
1043 5753 1180 5797 um
1213 5739 1312 5795 ᾖδ’

1804 4646 1909 4700 illis
1940 4646 2030 4699 Dei
2062 4648 2358 4703 visionibus
2379 4649 2731 4711 intellexerat,
2757 4656 2814 4701 ut
2855 4656 2946 4718 qui
2981 4650 3177 4703 talibus
3198 4650 3337 4703 notis

1805 4753 1868 4793 ac
1906 4734 2074 4804 signis
2113 4735 2258 4805 digni
2306 4738 2471 4791 habiti
2501 4749 2670 4804 erant,
2696 4753 2759 4792 ea
2814 4745 3032 4804 possent
3082 4738 3340 4804 tantisper

1806 4826 2049 4881 meditari
2080 4825 2251 4894 iisque
2274 4841 2331 4881 se
2362 4843 2632 4890 exercere,
2688 4829 2814 4881 dum
2840 4842 2960 4893 quae
2991 4841 3113 4878 vera
3160 4833 3342 4881 essent

1804 4918 2068 4986 inspicere
2096 4932 2202 4970 non
2234 4918 2480 4971 dabatur.
2526 4918 2576 4973 ls
2605 4920 2767 4987 igitur
2815 4918 3073 4970 selectum
3127 4916 3342 4970 interim

1802 5025 1866 5064 ex
1889 5010 1972 5063 his
2005 5008 2329 5071 hominibus,
2361 5010 2454 5077 qui
2496 5010 2549 5062 in
2578 5019 2720 5063 terra
2746 5014 3052 5070 versantur,
3073 5006 3246 5058 virum
3277 5005 3344 5057 ad

1803 5112 1955 5154 sacra
2005 5095 2111 5150 Deo
2167 5097 2410 5150 facienda
2459 5097 2736 5153 idoneum.
2794 5092 3012 5160 primus
3075 5091 3349 5147 Christum

1806 5189 2117 5248 nominavit,
2154 5187 2560 5256 appellationem
2592 5185 2656 5240 ad
2696 5198 2763 5236 ea
2808 5181 3061 5237 referens
3090 5196 3208 5250 quae
3241 5184 3354 5236 sola

1800 5275 2143 5345 intelligentia
2167 5274 2608 5339 considerantur;
2635 5271 2735 5341 qui
2759 5284 2893 5324 sane
2915 5284 3039 5323 cum
3063 5268 3205 5321 hunc
3228 5284 3360 5337 qua-

1801 5364 2199 5436 damfragranti
2225 5365 2476 5419 unctione
2524 5358 2981 5434 praestantiorem
3012 5355 3220 5412 caeteris
3266 5356 3365 5410 bo-

1802 5456 2037 5510 minibus
2082 5454 2427 5520 declarasset,
2457 5453 2755 5509 verissime
2803 5460 2856 5503 et
2898 5446 3223 5519 planissime
3275 5442 3364 5496 de-

1802 5546 2087 5605 nuntiavit,
2140 5558 2351 5598 omnem
2403 5552 2656 5599 naturam
2699 5553 2835 5609 quae
2890 5541 3087 5590 creata
3113 5528 3381 5630 esu-mul-

1803 5644 1964 5706 toque
1979 5635 2135 5688 etiam
2166 5633 2336 5705 magis
2363 5633 2658 5690 butnanam
2710 5643 2822 5701 per
2852 5645 2933 5693 se,
2984 5626 3106 5679 dllm
3133 5633 3161 5671 ³
3184 5623 3386 5672 “mm
