3862 6314
954 329 1059 381 295

1607 325 1868 379 ειδιεειι
1900 326 2372 380 οίεδΑῐιιεΝειε
2409 326 2553 380 ore.
2600 326 2793 380 esas.
2833 326 2873 380 l.
2914 355 2979 370 .-
3019 300 3448 384 APOLOGETlt

956 441 1190 493 increata
1247 438 1578 505 relinquitur,
1607 440 1990 507 praestantioris
2043 438 2339 506 cujuspiam
2375 439 2480 491 fra-

1922 440 1990 494 ris
2043 438 2339 506 cujuspiam
2375 439 2480 491 fra-
2508 444 2552 499 Α
2579 440 2669 492 καὶ
2699 441 2770 502 ὡς
2804 441 3270 503 ἐπιϐουλευθέντες
3324 442 3447 492 σωτλ

954 529 1174 597 grantize
1201 526 1458 594 indigere,
1491 529 1582 580 sed
1635 544 1752 595 quae
1779 527 1954 582 Patris
1994 531 2207 598 quidem
2254 530 2394 581 illius
2423 537 2476 583 et

956 615 1173 682 ingeniti
1201 622 1302 680 est,
1333 630 1446 668 eam
1472 618 1730 684 attingere
1757 617 1955 669 nemini
1976 616 2057 670 fas
2079 625 2179 671 est.
2215 617 2312 671 Uni
2336 620 2473 672 enim

953 705 1208 756 duntaxat
1243 704 1399 754 unico
1431 704 1707 772 primoque
1763 706 1960 772 genito,
2012 706 2113 758 hoc
2148 717 2474 760 reservatum

951 805 1034 847 est
1063 793 1280 849 donum.
1313 793 1410 857 Qui
1441 801 1612 845 autem
1656 802 1775 862 post
1818 795 1963 847 illum
1994 796 2279 858 exsistunt,
2312 797 2346 848 ii
2369 811 2473 849 non

951 885 1105 936 aliter
1127 899 1282 951 quam
1332 898 1425 951 per
1462 883 1698 951 ejusdem
1740 883 2005 952 Unigeniti
2036 887 2476 940 communicatio-

950 989 1090 1037 nem,
1146 975 1401 1026 honorum
1443 981 1712 1041 compotes
1766 974 1876 1027 ﬁeri
1922 984 2206 1043 poterant:
2244 977 2472 1044 Spiritus

948 1079 1073 1131 ergo
1100 1063 1262 1115 divini
1297 1064 1348 1115 id
1379 1063 1517 1130 quod
1549 1064 1685 1131 apud
1713 1062 1939 1133 Moysem
1965 1065 2150 1127 fertur,
2178 1076 2301 1119 nota
2331 1081 2474 1135 quae-

950 1153 1071 1204 dam
1123 1161 1257 1206 erat.
1314 1151 1613 1206 Divisiones
1665 1169 1823 1220 porro
1885 1155 2145 1219 donorum
2177 1161 2322 1216 sunt,
2380 1154 2473 1208 sed

950 1243 1085 1295 idem
1116 1250 1197 1295 est
1223 1241 1472 1310 Spiritus,
1520 1246 1673 1311 cujus
1709 1244 1934 1298 maxime
1966 1252 2022 1296 ut
2049 1243 2159 1297 ﬁeri
2188 1245 2472 1313 participes

948 1336 1240 1392 studerent,
1272 1343 1323 1386 et
1348 1335 1651 1387 sacerdotes
1671 1342 1723 1385 et
1751 1335 2017 1401 propheta:
2044 1340 2097 1385 et
2134 1348 2282 1402 reges
2300 1375 2313 1398 ,
2335 1350 2471 1396 opus

946 1438 1064 1475 esse
1087 1423 1459 1484 arbitrabatur,
1493 1433 1670 1491 utpote
1698 1425 1785 1492 qui
1811 1439 1917 1476 non
1945 1437 2040 1490 pro
2056 1422 2246 1490 seipsis
2274 1423 2468 1484 solum,

946 1528 1128 1565 verum
1188 1514 1346 1565 etiam
1406 1529 1501 1582 pro
1549 1522 1658 1566 tota
1693 1521 1846 1582 gente
1890 1512 1992 1566 Deo
2046 1513 2240 1565 sacrati
2270 1524 2467 1569 essent.

946 1602 1095 1668 Quod
1126 1610 1301 1654 autem
1348 1616 1524 1655 rerum
1570 1603 1737 1670 magis
1761 1602 2057 1654 divinarum
2108 1599 2337 1655 Mosaica
2380 1603 2469 1655 illa

944 1700 1081 1745 notae
1101 1692 1340 1758 quaedam
1371 1699 1567 1751 essent,
1594 1697 1647 1743 et
1673 1690 1812 1757 quod
1847 1689 1959 1741 ﬁeri
2002 1697 2181 1756 posset
2220 1698 2277 1741 ut
2307 1690 2466 1742 etiam

944 1782 1057 1834 sine
1087 1780 1323 1834 terrestri
1345 1788 1612 1848 unguento
1639 1779 1818 1831 divino
1852 1776 2052 1846 Spiritu
2077 1778 2232 1830 alIlati
2263 1786 2463 1842 essent,

940 1870 1127 1924 cbristi
1154 1867 1572 1931 nominarentur,
1603 1868 1823 1937 agedum
1859 1869 2130 1936 aliquanto
2160 1867 2465 1935 diligentius

940 1959 1339 2013 consideremus
1373 1959 1482 2023 jam
1517 1973 1677 2012 nunc.
1728 1956 1889 2009 David
1942 1957 2102 2024 igitur
2144 1956 2199 2008 in
2261 1957 2466 2023 psalmo

937 2063 1025 2102 ειν
1056 2049 1115 2111 ιδ,
1144 2049 1267 2101 dum
1295 2062 1410 2114 quae
1438 2046 1503 2100 ad
1530 2046 1816 2107 Abraham,
1835 2046 2070 2107 ctlsaac,
2093 2054 2145 2098 et
2166 2043 2332 2098 Jacob
2358 2061 2467 2113 per-

940 2141 1126 2202 tinent,
1178 2139 1428 2193 historias
1474 2139 1680 2204 repetit,
1740 2138 1883 2204 ipsos
1922 2137 2073 2203 plane
2097 2136 2213 2189 illos
2260 2145 2464 2189 veteres

937 2227 1143 2292 Patres,
1170 2236 1222 2282 et
1248 2229 1338 2296 qui
1369 2237 1488 2281 ante
1522 2226 1716 2295 Moysis
1745 2233 1951 2278 aetatem
1974 2225 2204 2286 fuerunt,
2235 2224 2462 2279 christos

940 2328 1112 2381 vocat,
1150 2320 1347 2372 nullam
1386 2320 1455 2371 ob
1486 2317 1639 2368 aliam
1673 2330 1887 2368 causam
1928 2331 2084 2382 quam
2129 2322 2342 2383 propter
2382 2314 2464 2366 di-

937 2410 1044 2463 vini
1080 2407 1334 2476 Spiritus,
1381 2408 1536 2474 cujus
1579 2406 1864 2474 participes
1906 2414 2079 2464 erant,
2113 2403 2457 2456 inlluentiam.

940 2497 1092 2566 175
1122 2496 1177 2549 In
1213 2496 1541 2563 expositione
1588 2495 1746 2563 igitur
1792 2494 2153 2556 historiarum,
2200 2491 2461 2560 quemad-

936 2588 1149 2639 modum
1182 2584 1412 2651 hospitio
1442 2584 1507 2635 ab
1557 2584 1793 2637 externis
1818 2582 2069 2648 suscepti,
2116 2589 2170 2632 et
2206 2580 2458 2648 quemad-

935 2676 1153 2728 modum
1178 2674 1385 2726 insidiis
1406 2672 1776 2732 circumventi,
1810 2671 2032 2724 salutem
2063 2684 2092 2720 a
2124 2669 2229 2722 Deo
2266 2683 2458 2722 conse-

936 2763 1042 2816 cuti
1074 2770 1219 2823 sunt,
1251 2763 1391 2817 sicut
1431 2761 1660 2814 Mosaica
1708 2759 2013 2812 narratione
2056 2757 2322 2825 proditum
2351 2765 2454 2820 est,

936 2853 1219 2921 prophetas
1259 2852 1378 2905 illos
1408 2851 1565 2905 simul
1598 2860 1650 2904 et
1681 2850 1913 2902 christos
1956 2847 2214 2911 nominat,
2246 2847 2456 2901 tametsi

935 2943 1171 2996 nondum
1206 2942 1418 3012 Moyses
1444 2942 1496 2993 in
1538 2939 1840 2993 hominibus
1864 2937 2107 3006 degebat,
2143 2951 2314 3005 neque
2357 2952 2457 2989 un-

2575 529 2711 581 κατὰ
2735 528 2801 581 τὰ
2840 530 2987 597 παρὰ
3013 532 3238 582 Μωῦσεῖ
3270 528 3447 597 δηλούη

2572 618 2700 687 ὁμοῦ
2729 621 2819 671 καὶ
2861 622 3108 689 χριστοὺς
3140 619 3427 688 ὀνομάζει,

2572 707 2886 777 ἀνθρώποις,
2920 709 3038 760 οὐδὲ
3084 707 3177 760 τοῦ
3227 708 3353 759 κατ’
3402 723 3447 757 αη

2574 797 3068 867 νενομοθετημένου.
3125 798 3329 848 Ἀκουε
3375 796 3435 847 δὲ

2578 905 2595 936 ι
2633 888 2907 957 Μνήσθήτι
2950 888 3057 939 τῶν
3106 886 3440 956 θαυμασίων

2571 977 2765 1047 τέρατα
2808 977 2966 1030 αὐτοῦ
3008 977 3101 1030 καὶ
3133 977 3201 1029 τὰ
3239 976 3448 1046 κρίματ

2572 1067 2791 1135 Σπέρμα
2856 1066 3131 1136 Ἀϐραὰμ,
3182 1064 3369 1117 δοῦλοι
3424 1080 3448 1114 ο

2571 1156 2806 1208 ἐκλεκτοὶ
2835 1155 3015 1208 αὐτοῦ.
3044 1154 3217 1216 Αὐτὸς
3248 1154 3448 1224 Κύριος

2568 1246 2631 1311 τῇ
2662 1246 2728 1312 γῇ
2765 1243 2830 1295 τὰ
2869 1245 3106 1314 κρίματα
3138 1242 3332 1295 αὐτοῦ.
3399 1242 3448 1292 Ἐ

2569 1332 2832 1402 Διαθήκης
2869 1332 3050 1395 αὑτοῦ,
3082 1332 3241 1398 λόγου
3279 1326 3344 1383 οὗ
3383 1333 3447 1382 ὲν

2569 1421 2709 1483 νεὰς,
2739 1423 2794 1474 ὃν
2825 1422 3026 1474 διέθετο
3054 1422 3131 1491 τῷ
3184 1420 3448 1491 Ἀϐρααμ

2566 1512 2641 1581 τῷ
2677 1512 2882 1564 Ἰσαάκ·
2920 1513 3010 1563 καὶ
3031 1512 3258 1578 ἔστησεν
3296 1512 3448 1580 αὐτὴ

2566 1619 2765 1671 ταγμα,
2807 1602 2899 1652 καί
2929 1600 3006 1669 τῷ
3064 1600 3286 1668 Ἰσραὴλ
3331 1602 3416 1661 εἰς

2567 1709 2703 1761 γων⁸
2741 1694 2827 1744 Σοὶ
2851 1692 3002 1744 δώσω
3024 1691 3121 1762 τὴν
3154 1692 3262 1759 γῆν
3297 1693 3448 1743 Χανο

2568 1782 2690 1851 μίας
2717 1780 2884 1850 ὑμῶν.
2920 1782 3026 1832 Καὶ
3065 1781 3280 1848 διῆλθον
3315 1782 3380 1844 ἐξ
3417 1782 3443 1832 ἕ

2565 1871 2828 1939 βασιλείας
2872 1872 2951 1932 εἰς
2995 1870 3119 1922 λαὸν
3174 1871 3392 1940 ἕτερον.
3433 1876 3448 1923 t

2561 1961 2804 2029 ἀδικῆσαι
2826 1961 3036 2024 αὐτοὺς,
3072 1961 3165 2013 καὶ
3207 1960 3448 2029 ἤλεγξεν

2564 2052 2637 2122 μὴ
2679 2051 2907 2104 ἅπτεσθε
2935 2051 3040 2102 τῶν
3063 2051 3304 2121 χριστῶν
3333 2069 3445 2121 μου

2565 2159 2660 2211 μου
2711 2141 2783 2210 μὴ
2828 2140 3207 2210 πονηρεύεσθε,
3251 2160 3270 2191 ›
3327 2141 3448 2193 Ταῦ

2559 2233 2756 2300 Μωσῆς
2800 2231 2889 2283 καὶ
2935 2231 3077 2292 οἴους
3131 2230 3375 2298 βασιλεῖς
3410 2234 3447 2300 ἦ

2564 2340 2583 2372 ι
2608 2322 2713 2374 Καὶ
2729 2322 2889 2391 ἤτασε
2907 2320 3107 2390 Κύριος
3118 2320 3206 2372 τὸν
3229 2320 3442 2390 Φαραὼ

2556 2412 2644 2463 τὸν
2664 2408 2805 2463 οἷκον
2833 2411 2990 2463 αὐτοῦ
3010 2413 3136 2479 περὶ
3158 2412 3384 2481 Σάρρας
3412 2429 3444 2462 τ

2557 2499 2663 2551 Καὶ
2714 2499 2868 2550 πάλιν
2923 2499 3049 2567 περὶ
3100 2498 3194 2551 τοῦ
3256 2500 3448 2567 βασιλέ

2564 2602 2580 2633 t
2620 2584 2724 2635 Καὶ
2763 2579 2975 2652 ἦλθενιό
3005 2583 3135 2645 Θεὸς
3183 2586 3324 2656 πρὸς
3392 2588 3448 2638 Ἀ

2554 2670 2739 2732 νύκτα,
2783 2672 2872 2722 καὶ
2911 2668 3059 2724 εἶπεν
3086 2689 3101 2703 ο
3148 2674 3282 2727 Ἰδοὺ
3332 2677 3402 2729 σὺ

2555 2761 2820 2827 γυναικὸς,
2847 2756 2913 2830 ἧς
2942 2761 3129 2825 ἔλαϐες
3147 2781 3161 2794 ο
3208 2783 3227 2815 ι
3266 2764 3434 2836 (αὕτη

2553 2848 2685 2917 Περὶ
2724 2842 2782 2900 οὗ
2827 2848 2950 2917 ἑξῆς
2996 2849 3200 2915 προϊών
3251 2869 3393 2923 φησι
3422 2870 3438 2884 ·

2552 2939 2777 3002 γυναῖκα
2797 2935 2872 3006 τῷ
2901 2937 3189 3009 ἀνθρώπῳ,
3224 2942 3308 2993 ὅτι
3343 2959 3448 3012 πρε

931 3043 1181 3102 guentum
1206 3048 1269 3087 ex
1307 3034 1417 3101 lege
1448 3030 1686 3098 ejusdem
1728 3034 2090 3097 comparatum
2126 3025 2298 3079 adhuc
2337 3026 2453 3079 l'ue-

1922 3034 2090 3079 ratum
2126 3025 2298 3079 adhuc
2337 3026 2453 3079 l'ue—
2480 3053 2520 3107 ο
2553 3025 2760 3088 εύξεται
2807 3026 2933 3095 περὶ
2975 3027 3086 3079 σοῦ.
3149 3030 3316 3100 Ὀρᾷς
3343 3033 3447 3085 ὅπο

932 3131 1034 3178 rat.
1082 3124 1220 3177 Audi
1262 3123 1424 3192 igitur
1466 3122 1593 3189 quid
1634 3120 1778 3173 dicat
1812 3119 2051 3188 psalmus
2085 3134 2098 3170 :
2133 3132 2152 3166 t
2187 3117 2453 3169 Memento

933 3211 1254 3264 mirabilium
1287 3212 1402 3278 ejus
1433 3224 1551 3278 quae
1574 3208 1730 3262 fecit:
1759 3207 1999 3276 prodigia
2031 3203 2453 3274 ejus,etjudicia

929 3301 1041 3355 oris
1072 3300 1207 3368 ejus.
1242 3299 1433 3353 Semen
1464 3299 1752 3359 Abraham,
1785 3296 1923 3350 servi
1973 3296 2107 3364 ejus,
2170 3294 2262 3347 ﬁlii
2289 3293 2453 3347 Jacob

928 3386 1081 3440 electi
1113 3385 1246 3451 ejus.
1278 3384 1394 3453 ipse
1436 3384 1693 3439 Dominus
1720 3382 1857 3437 Deus
1888 3391 2088 3447 noster,
2123 3383 2177 3435 in
2207 3384 2453 3436 universa

929 3483 1071 3531 terra
1108 3475 1307 3544 judicia
1355 3474 1490 3543 ejus.
1535 3474 1736 3528 Memor
1778 3473 1878 3526 fuit
1924 3472 1977 3524 in
2012 3473 2262 3525 saeculum
2292 3480 2453 3525 testa-

929 3566 1092 3619 menti
1121 3565 1225 3626 sui,
1259 3566 1404 3619 verbi
1443 3564 1583 3634 quod
1624 3564 1893 3618 mandavit
1917 3565 1969 3617 in
1993 3565 2137 3617 mille
2159 3564 2453 3632 generatio-

927 3667 1043 3719 nes,
1076 3655 1217 3722 qued
1241 3655 1506 3721 disposuit
1535 3654 1600 3707 ad
1630 3654 1896 3707 Abraham
1934 3673 1946 3708 :
1979 3662 2030 3708 et
2058 3652 2347 3723 juramenti
2369 3651 2452 3707 sui

929 3743 995 3795 ad
1024 3743 1188 3806 Isaac,
1221 3751 1272 3795 et
1299 3745 1482 3796 statuit
1509 3743 1637 3796 illud
1663 3743 1728 3795 ad
1753 3742 1921 3797 Jacob
1953 3743 2006 3794 in
2039 3754 2377 3811 przeceptttm,
2402 3752 2454 3796 et

928 3832 992 3884 ad
1023 3831 1182 3885 lsrael
1228 3831 1281 3884 in
1320 3840 1695 3887 testamentum
1738 3841 2027 3894 aeternum,
2074 3832 2256 3884 dicens
2288 3848 2299 3881 :
2333 3832 2451 3885 Tibi

928 3918 1065 3972 dabo
1101 3926 1296 3972 terram
1333 3920 1606 3985 Chanaan,
1673 3919 1967 3973 funiculum
2004 3920 2330 3973 haereditatis
2363 3936 2451 3973 ve-

928 4017 1052 4061 stra:
1076 4023 1088 4057 :
1118 4016 1170 4061 et
1192 4010 1518 4062 transierunt
1536 4011 1601 4064 de
1627 4018 1782 4079 gente
1800 4010 1851 4062 in
1870 4019 2100 4078 gentem,
2121 4018 2172 4062 et
2196 4009 2261 4064 de
2289 4026 2450 4079 regno

927 4097 992 4148 ad
1025 4098 1273 4164 populum
1320 4098 1584 4152 alterum:
1617 4114 1723 4152 non
1774 4098 2016 4166 permisit
2060 4098 2323 4152 hominem
2355 4117 2451 4154 no-

926 4198 1047 4237 cere
1078 4184 1175 4244 eis,
1205 4190 1258 4236 et
1293 4184 1551 4251 corripuit
1581 4200 1678 4252 pro
1716 4187 1793 4238 eis
1824 4199 2011 4255 reges:
2042 4185 2203 4237 nolite
2236 4192 2448 4254 tangere

925 4274 1154 4329 cltristos
1194 4289 1372 4338 meos,
1420 4283 1473 4328 et
1522 4278 1575 4328 in
1615 4276 1888 4344 prophetis
1925 4277 2056 4331 meis
2094 4277 2254 4330 nolite
2298 4279 2447 4331 mali-

2551 3113 2634 3165 λαι
2667 3113 2926 3182 θεοφιλεῖς
2957 3118 3047 3168 καὶ
3083 3121 3376 3190 προφήτας
3431 3140 3448 3191 ;

2550 3202 2637 3255 λον
2685 3203 2740 3255 δὲ
2772 3203 2830 3254 τὸ
2880 3203 3017 3257 θεῖον
3058 3206 3125 3257 δι’
3172 3209 3343 3261 αὐτοῦ
3379 3229 3448 3282 πε

2549 3290 2734 3359 γεώδει
2793 3292 2946 3362 μύρῳ
3003 3297 3448 3365 κεχρισμένουςς

2551 3382 2786 3450 ὑστέροις
2816 3382 3022 3452 χρόνοις
3055 3384 3197 3437 οὕτω
3239 3386 3441 3453 διαταξ

2559 3471 2774 3524 Ἡσαΐου
2806 3472 2943 3524 οὕτω
2990 3475 3302 3541 σαφέστατα.
3350 3497 3448 3550 πεί

2550 3561 2746 3625 ζον-τος,
2786 3562 2859 3625 ὡς
2889 3564 3404 3635 ὰποσταλησομένου

2550 3653 2780 3722 Θρώποις
2822 3653 3088 3724 λυτρωτοῦ
3126 3658 3220 3708 καὶ
3247 3659 3445 3729 σωτῆρ

2547 3743 2656 3800 τοῖς
2698 3739 2793 3801 τὰς
2837 3739 3010 3808 ψυχὰς
3051 3741 3429 3810 αἰχμαλώτοις

2548 3829 2779 3890 διανοίας
2802 3827 3014 3896 τυφλοῖς
3038 3830 3352 3899 ἀνάϐλεψιν.
3377 3835 3448 3887 Τ(

2549 3919 2716 3988 φήτης
2761 3918 2820 3969 ού
2865 3918 3142 3988 σκευαστῷ
3187 3920 3366 3991 μύρῳ,
3405 3927 3447 3976 ἀ

2548 4005 2791 4074 θεότητος
2832 4004 3003 4073 νοητῷ
3049 4011 3143 4058 καὶ
3192 4005 3447 4080 θεοπρεπ

2546 4094 2798 4156 διδάσκει,
2828 4095 2922 4163 οὐχ
2974 4095 3064 4146 ὑπ’
3111 4096 3448 4167 ἀνθρώπων,

2546 4186 2910 4254 κεχρισμένον.
2969 4187 3131 4254 Λέγει
3186 4189 3230 4240 δ’
3286 4187 3381 4244 οὖν

2552 4294 2569 4326 ‹
2627 4275 2844 4343 Πνεῦμα
2883 4276 3085 4346 Κυρίου
3133 4280 3218 4330 ἐπ’
3270 4281 3395 4349 ἐμὲ,

923 4363 1151 4432 gnari".
1190 4384 1208 4414 ι
1246 4362 1514 4417 Hactenus
1552 4367 1763 4433 quidem
1794 4364 1979 4418 David.
2045 4364 2253 4434 Moyses
2297 4382 2442 4428 vero,

1927 4365 1979 4417 d.
2045 4364 2253 4434 Moyses
2297 4382 2442 4428 vero,
2476 4349 2517 4401 ί)
2545 4365 3003 4431 Εὐαγγελίσασθαι
3059 4373 3294 4437 πτωχοῖς
3346 4374 3447 4428 ἀπε

923 4454 1080 4505 etiam
1110 4468 1244 4521 quos
1275 4468 1424 4520 reges
1454 4456 1791 4522 corripuerit.
1831 4463 2033 4517 narrat,
2068 4454 2251 4509 dicens
2284 4474 2296 4509 :
2328 4474 2344 4504 ι
2384 4457 2446 4508 Ει

923 4543 1201 4612 castigavit
1235 4542 1492 4598 Dominus
1530 4541 1862 4596 Pharaonem
1894 4544 2063 4613 plagis
2100 4546 2364 4607 maximis,
2392 4554 2445 4600 et

922 4633 1135 4687 domum
1162 4635 1324 4697 illius,
1346 4644 1561 4703 propter
1585 4635 1770 4687 Saram
1802 4649 2019 4688 uxorem
2056 4636 2322 4689 Abraham
2338 4638 2435 4689 ὀ.»

923 4725 987 4780 Et
1008 4741 1193 4779 rursus
1219 4726 1284 4779 de
1308 4740 1371 4778 eo
1396 4740 1517 4793 rege
1550 4727 1638 4794 qui
1668 4725 1922 4792 regnabat
1950 4727 2003 4779 in
2037 4724 2272 4791 Geraris,
2306 4730 2442 4784 scri-

921 4816 999 4869 hit
1028 4832 1040 4867 :
1079 4833 1098 4867 ι
1134 4816 1195 4868 Ει
1220 4816 1363 4869 venit
1393 4815 1531 4869 Deus
1575 4816 1638 4870 ad
1674 4817 1976 4871 Abimelech
2028 4817 2082 4872 in
2119 4819 2319 4874 somnis
2350 4835 2446 4872 no-

921 4912 1032 4967 ctu,
1067 4916 1119 4959 et
1149 4906 1282 4960 dixit
1314 4921 1326 4956 :
1364 4907 1441 4958 En
1490 4906 1736 4959 morieris
1784 4914 1862 4969 tu,
1906 4915 2122 4976 propter
2165 4909 2434 4961 mulierem

921 5007 1075 5057 quam
1108 4997 1330 5048 tulisti"
1370 5015 1387 5047 ι
1428 4996 1560 5063 (haec
1603 5003 1779 5050 autem
1820 5005 1936 5050 erat
1959 5013 2092 5051 uxor
2121 4996 2433 5064 Abraham).

923 5077 1090 5132 Porro
1127 5084 1402 5152 deinceps,
1445 5101 1689 5140 sermone
1751 5100 2092 5156 progressus,
2141 5086 2207 5139 de
2255 5084 2437 5138 eodem

924 5167 999 5219 ait
1023 5185 1035 5219 :
1063 5186 1080 5216 ι
1110 5170 1259 5225 Nunc
1275 5186 1446 5230 autem
1471 5179 1632 5233 redde
1657 5177 1771 5232 viro
1797 5194 1893 5233 suo
1921 5193 2161 5237 uxorem,
2184 5174 2435 5244 quoniam

924 5257 1177 5324 praphcta
1205 5269 1306 5321 est,
1337 5270 1388 5315 et
1415 5268 1584 5320 orabit
1612 5286 1708 5338 pro
1729 5277 1781 5323 te
1796 5270 1859 5322 ²¹.
1890 5286 1908 5320 ›
1940 5266 2099 5320 Vides
2123 5274 2175 5318 ut
2203 5265 2299 5315 hoc
2322 5262 2437 5314 loco

923 5351 1127 5399 veteres
1154 5346 1247 5399 Dei
1278 5351 1475 5408 amicos
1506 5366 1558 5409 et
1607 5361 1895 5429 prophetas
1933 5355 2119 5418 David,
2153 5368 2215 5406 ac
2257 5351 2433 5420 potius

924 5452 1018 5506 per
1064 5436 1213 5489 illum
1259 5437 1469 5498 div'ﬂtus
1518 5445 1768 5515 Spiritus,
1822 5448 2051 5505 christos
2095 5439 2432 5514 appellaverit

2544 4453 2897 4524 αἰχμαλώτοις
2922 4454 3130 4523 ἄφεσιν,
3165 4460 3259 4510 καὶ
3285 4464 3448 4529 τυφλι

2545 4544 2640 4613 μὲν
2690 4538 2778 4594 οὖν
2831 4541 3040 4611 πρῶτον
3097 4548 3442 4617 τετηρήσθω,

2544 4632 2703 4685 Δαϐὶδ
2733 4631 3121 4700 παραπλησίως
3153 4635 3210 4686 ὃν
3244 4636 3397 4704 ἥξειν
3437 4645 3448 4694 l

2546 4724 2636 4775 καὶ
2676 4720 2901 4791 κηρύξαι
2948 4722 3312 4790 αἰχμαλώτοις
3357 4730 3448 4799 ἀφ,

2542 4814 2741 4882 ϐλεψιν,
2772 4812 2831 4863 οὐ
2861 4813 3138 4882 σκευαστῷ
3187 4816 3364 4889 μύρῳ,
3402 4824 3448 4875 ἅ

2540 4902 2812 4973 Πατρικῆς
2840 4918 2897 4953 τε
2928 4900 3022 4952 καὶ
3070 4907 3383 4972 παναγάθου
3435 4916 3448 4967 ἑ

2540 4993 2745 5061 γονέναι
2783 4987 3041 5051 θεσπίζει.
3084 4992 3244 5046 Κατά
3282 5013 3408 5052 τινα
3443 5027 3448 5048 .

2540 5083 2657 5152 κῆν,
2679 5079 2738 5132 τὸ
2772 5078 2955 5149 μέλλον
2981 5081 3009 5132 ὁ
3041 5084 3325 5154 προφήτης
3353 5088 3435 5153 ὡς

2540 5173 2632 5225 καὶ
2661 5170 2736 5230 ὼς
2764 5170 2889 5239 περὶ
2921 5171 3113 5223 ἑαυτοῦ
3154 5173 3248 5225 τοῦ
3278 5193 3448 5248 προφπ

2543 5259 2639 5329 μὲν
2667 5255 2756 5310 οὖν
2783 5258 2884 5311 ὑπὸ
2906 5258 3061 5321 Θεοῦ,
3086 5261 3202 5313 ἀλλ’
3226 5264 3324 5334 οὑχ
3352 5269 3448 5323 ὑπ’

2541 5366 2662 5418 ματι
2685 5348 2830 5418 θείῳ,
2861 5349 2972 5403 ἀλλ’
3002 5351 3064 5402 οὐ
3098 5359 3387 5429 σκευαστῷ
3423 5367 3448 5417 ὲ

2537 5438 2674 5491 κατὰ
2731 5439 2819 5491 τὸν
2887 5438 3059 5510 ἁληθῆ
3116 5441 3274 5512 λόγον
3356 5468 3448 5524 χρι

997 5591 1035 5622 ⁸⁸
1067 5589 1215 5652 Vera.
1253 5592 1335 5649 15.
1378 5596 1421 5629 ¹⁹
1451 5594 1590 5655 Psal.
1624 5615 1727 5670 ειν,
1761 5601 1902 5657 5-15.
1978 5602 2021 5633 ὀ
2053 5597 2185 5653 Gen.
2220 5608 2315 5661 xu,
2344 5591 2426 5646 l7.
2471 5590 2519 5663 f

1761 5601 1902 5657 ωδ.
1978 5602 2021 5633 ὀ
2053 5597 2185 5653 Gen.
2220 5608 2315 5661 xu,
2344 5591 2426 5646 t7.
2471 5587 2823 5663 ριῦωωςι,
2853 5591 2906 5647 5.
2950 5594 3029 5668 -ει
3062 5593 3278 5652 ῖωΜ.
