3862 6362
126 467 229 539 ιντ

1074 469 1707 528 DEMONSTRATIONlS
1745 458 2183 525 EVANGELICE
2217 456 2341 514 LIB.
2374 462 2460 516 IV.

3215 467 3319 522 298

128 582 373 661 ιγνωίιεν·
400 567 630 661 βαιρδςμ
648 567 709 621 δὲ
756 576 1047 644 συνιδεῖν,
1078 583 1157 635 ὃτι
1190 583 1280 635 καὶ
1305 583 1446 636 θείαν
1473 581 1589 635 τινὰ
1618 582 1696 634 δύ-

1809 582 1953 634 nullo
1996 571 2232 630 terrestri
2287 579 2561 643 unguento
2598 576 2818 627 unctos?
2854 574 2953 639 Qui
2987 578 3149 640 enim,
3196 592 3320 630 cum

130 656 290 745 vi?“
304 656 575 727 κρείττονα
603 658 640 729 ἢ
664 664 796 713 κατ’
829 663 942 719 ἀνθ
952 684 1141 736 ρωπον
1162 670 1237 739 (i)
1263 672 1417 740 φύσιν
1437 673 1523 724 τὸν
1538 672 1705 743 άληθῆ

130 746 350 841 χριστὸν
377 746 481 841 Δτοῦ
523 745 665 841 Θεοῦ
704 754 1030 823 τυγχάνειν
1069 761 1099 811 6
1136 761 1263 831 παρ’
1305 760 1565 831 Ἑϐραίοις
1593 763 1708 813 ὲπί-

134 835 312 911 δέεται
336 835 507 903 λόγος.
541 839 753 893 Ἄκουε
788 843 838 895 δ’
870 841 976 898 οὖν
1010 845 1167 911 αὖθις
1191 847 1280 901 τοῦ
1313 849 1469 902 Δαδὶδ
1499 850 1707 903 αἰώνιόν

127 950 249 999 τινα
294 927 436 997 ἱερέα
473 927 572 980 τοῦ
619 928 769 983 Θεοῦ
820 934 1140 1001 φάσκοντος
1186 940 1393 1003 εἰδέναι,
1424 939 1618 1008 Κύριον
1647 957 1704 992 τε

149 1018 307 1085 αδτού
321 1018 492 1072 τοῦτον
521 1020 997 1093 ἀναγορεύοντος,
1029 1030 1120 1081 καὶ
1150 1028 1425 1099 σύνθρονον
1455 1025 1592 1083 εἶναι
1612 1030 1705 1082 τοῦ

164 1111 410 1171 “nam
422 1109 551 1163 Θεοῦ
573 1111 985 1181 ὁμολογοῦντος
1013 1120 1072 1171 ὲν
1102 1119 1366 1188 ἑκατοστῷ
1395 1120 1486 1172 καὶ
1508 1120 1705 1189 ὲννάτῳ

168 1202 365 1275 ψαλμῷ,
390 1201 502 1255 καθ’
525 1202 586 1255 ὃν
621 1199 728 1257 ὧδέ
763 1206 887 1270 πώς
936 1225 1131 1279 φησιν⁸
1165 1229 1183 1261 ι
1228 1209 1391 1262 Εἶπεν
1435 1213 1463 1262 ὁ
1509 1211 1705 1281 Κύριος

180 1296 254 1365 τῷ
277 1293 444 1364 Κυρίῳ
487 1309 619 1364 μουθ
664 1294 860 1349 Κάθου
908 1299 974 1349 ὲκ
1020 1296 1205 1362 δεξιῶν
1238 1315 1335 1368 μου
1381 1299 1481 1362 ἓως
1521 1297 1585 1351 ἂν
1629 1299 1704 1352 θῶ

179 1385 291 1445 τοὺς
310 1381 520 1452 ἐχθρούς
552 1398 647 1435 σου
679 1384 978 1438 ὑποπόδιον
1003 1386 1112 1438 τῶν
1145 1385 1314 1439 ποδῶν
1345 1404 1453 1438 σου.
1492 1382 1704 1439 Ῥάϐδον

178 1471 426 1542 δυνάμεως
447 1472 796 1538 ἐξαποστελεῖ
821 1490 905 1528 σοι
928 1476 1132 1546 Κύριος
1156 1478 1218 1528 ὲκ
1243 1474 1395 1536 Σιὼν,
1430 1476 1519 1529 καὶ
1544 1492 1705 1529 κατα-

176 1563 452 1633 κυριεύσεις
488 1566 544 1615 ὲν
594 1564 748 1635 μέσῳ
794 1564 905 1618 τῶν
948 1565 1159 1636 ἐχθρῶν
1205 1581 1323 1617 σου⁶
1368 1566 1502 1634 μετὰ
1546 1565 1702 1635 σοῦἠ

172 1652 299 1721 ἀρχὴ
325 1654 379 1706 ὲν
405 1653 584 1723 ἡμέρᾳ
607 1653 715 1721 τῆς
744 1652 1029 1724 δυνάμεώς
1057 1670 1167 1718 σου,
1199 1657 1254 1706 ὲν
1280 1657 1344 1724 τῇ
1374 1655 1702 1724 λαμπρότητι

166 1743 269 1793 τῶν
292 1743 450 1810 ἁγίων
478 1760 570 1796 σου
591 1759 607 1774 ο
627 1746 693 1797 ὲκ
721 1745 958 1815 γαστρὸς
984 1745 1092 1815 πρὸ
1122 1745 1421 1814 Ἑωσφόρου
1447 1745 1703 1815 ὲγέννησά

166 1847 246 1883 σε.
288 1833 479 1901 Ὠμοσε
524 1833 768 1904 Κύριος,
812 1835 906 1887 καὶ
949 1834 1013 1886 ού
1062 1832 1581 1903 μεταμεληθήσεται,
1630 1835 1700 1886 Σὺ

1814 670 1984 725 Moses
2024 661 2410 735 posterioribus
2436 663 2762 732 temporibus
2787 664 2837 715 id
2869 665 3324 721 instituerit?Ca-

1810 769 1999 821 terum,
2047 754 2170 809 audi
2208 768 2354 807 nunc
2405 751 2596 807 Isaiam
2636 768 2848 822 quoque
2892 754 2963 807 ita
3005 756 3071 810 de
3107 756 3325 809 Christo

1806 845 2239 903 manifestissime
2278 852 2576 906 canentem,
2622 850 2873 913 tanquam
2919 844 2986 899 de
3033 860 3097 900 eo
3135 847 3228 916 qui
3267 856 3322 902 et

1807 939 2124 1005 Redemptor
2154 945 2209 991 et
2250 935 2496 991 Salvator
2525 950 2553 988 a
2579 934 2687 989 Deo
2723 934 2794 988 sit
2820 935 3107 992 mittendus
3135 937 3200 991 ad
3227 938 3325 992 ho-

1806 1029 1998 1092 mines,
2030 1027 2228 1097 quique
2250 1033 2508 1081 venturus
2537 1034 2596 1079 ut
2614 1025 2849 1093 captivas
2871 1024 3075 1101 animas
3096 1034 3326 1096 gerent;-

1804 1119 1925 1180 bus,
1976 1118 2374 1178 liberationem,
2416 1122 2622 1170 mentes
2666 1128 2794 1167 vero
2821 1113 3135 1176 obeatcatas,
3175 1116 3324 1172 visus

1804 1205 2257 1275 recuperationem
2273 1203 2498 1258 nuntiet.
2516 1201 2668 1255 Hunc
2696 1201 2836 1256 cnim
2858 1215 3046 1256 rursus
3072 1202 3325 1271 propheta

1804 1311 1908 1350 non
1941 1301 2247 1363 comparato
2274 1299 2568 1362 unguento,
2598 1290 2691 1346 sed
2719 1304 2782 1344 eo
2815 1290 2960 1359 quod
2982 1297 3216 1359 paterna:
3242 1293 3326 1347 di-

1802 1386 2035 1441 vinitatis
2063 1385 2133 1440 sit
2153 1384 2446 1454 proprium,
2469 1389 2523 1436 et
2546 1383 2661 1437 sola
2692 1381 3036 1450 intelligentia
3061 1381 3325 1450 capiatur.

1802 1474 2071 1544 Deumque
2097 1477 2268 1543 ipsum
2296 1472 2521 1525 maxime
2538 1470 2744 1534 deceat,
2767 1470 3037 1525 Christum
3058 1471 3326 1528 exstitisse

1801 1565 1976 1624 docet.
2013 1564 2106 1633 qui
2150 1578 2256 1616 non
2295 1562 2362 1616 ab
2404 1560 2728 1622 hominibus,
2774 1559 2865 1614 sed
2909 1560 2976 1613 ab
3014 1560 3130 1629 ipso
3171 1559 3323 1617 Patre

1802 1663 1995 1710 unctus
2023 1656 2112 1710 sit.
2141 1650 2296 1723 176
2325 1652 2460 1705 Dicit
2483 1666 2611 1721 ergo
2640 1667 2703 1706 ex
2730 1651 2873 1705 illius
2898 1664 3153 1720 persona:
3174 1666 3192 1699 ι
3210 1651 3323 1723 Spi-

1800 1749 1939 1801 ritus
1980 1745 2191 1799 Domini
2241 1758 2399 1811 super
2439 1758 2545 1806 me,
2590 1749 2805 1810 propter
2841 1743 2983 1811 quod
3027 1745 3180 1797 unxit
3223 1761 3324 1811 me,

1800 1840 2162 1909 evangelizare
2191 1835 2515 1905 pauperibus
2540 1835 2687 1888 misit
2718 1846 2821 1897 me,
2857 1847 3047 1889 sanare
3066 1836 3325 1892 contritos

160 1918 325 1990 ίερεὺς
365 1925 443 1983 είς
474 1924 565 1975 τὸν
614 1922 787 1976 αἰῶνα
819 1921 955 1975 κατὰ
978 1922 1077 1993 τὴν
1116 1922 1265 1986 τάξιν
1300 1922 1641 1992 Μελχισεδέκ.
1677 1941 1695 1974 ι

1797 1929 1977 1991 corde,
2009 1928 2299 1997 prmdicare
2320 1925 2546 1994 captivis
2580 1925 2969 1989 remissionem,
2990 1934 3043 1981 et.
3072 1928 3228 1982 cacis
3249 1928 3326 1982 vi.

160 2007 264 2060 Kal
293 2008 387 2061 θέα
421 2027 505 2077 γε,
536 2012 617 2074 ὡς
650 2013 712 2062 ὲν
757 2013 965 2072 τούτοις
1004 2009 1185 2073 Δαὸὶδ,
1224 2010 1463 2078 βασιλεὺς
1503 2008 1575 2063 ῶν
1602 2011 1692 2063 τοῦ

160 2100 343 2163 παντὸς
379 2099 652 2170 Ἐϐραίων
687 2099 893 2162 ἔθνους,
931 2099 1025 2150 καὶ
1055 2098 1190 2167 πρὸς
1218 2100 1282 2167 τῇ
1321 2096 1561 2168 βασιλείᾳ
1583 2098 1708 2167 θείῳ

159 2188 417 2260 Πνεύματι
441 2207 694 2260 κεκοσμη
704 2190 882 2259 μένος,
900 2186 1129 2241 τοιοῦτόν
1140 2203 1256 2239 τινα
1268 2185 1434 2255 μέγαν
1449 2187 1540 2238 καὶ
1553 2186 1709 2256 ὑπερ-

160 2282 295 2346 φυῶς
320 2282 626 2352 θαυμάσιον
654 2282 751 2333 τὸν
780 2280 914 2350 πρὸς
944 2278 1106 2332 αὐτοῦ
1134 2276 1476 2347 δηλούμενον,
1518 2278 1608 2328 καὶ
1632 2277 1707 2346 τῷ

157 2367 408 2437 πνεύματι
460 2367 842 2439 θεωρούμενον
897 2365 1149 2430 συνεῖδεν,
1182 2364 1257 2427 ὼς
1306 2364 1504 2434 Κύριον
1549 2365 1704 2417 αὑτὸν

155 2454 333 2509 ἑαυτοῦ
350 2460 699 2528 προσειπεῖν.
717 2475 737 2507 ι
759 2452 892 2514 Εἷπε
932 2473 949 2505 ι
968 2455 1096 2525 γὰρ,
1113 2454 1265 2523 φησὶ,
1294 2471 1312 2505 ι
1337 2455 1521 2523 Κυρίῳ
1537 2471 1656 2523 μου.
1680 2473 1698 2504 ι

166 2543 313 2601 Ἀλλὰ
330 2549 424 2600 καὶ
452 2546 676 2600 αἰώνιον
700 2546 861 2599 αὐτὸν
899 2544 1153 2615 ἀρχιερέα
1173 2541 1299 2605 οἶδε,
1329 2544 1420 2595 καὶ
1446 2543 1591 2613 ἱερέα
1609 2541 1702 2595 τοῦ

155 2633 280 2687 Θεοῦ
300 2637 389 2690 τοῦ
409 2638 665 2707 ὑψίστου,
683 2637 778 2690 καὶ
796 2635 1078 2704 σύνθρονον
1097 2633 1189 2686 τοῦ
1210 2634 1300 2685 ἐπὶ
1315 2633 1523 2685 πάντων
1547 2631 1699 2693 Θεοῦ,

154 2723 243 2773 καὶ
257 2727 495 2798 γέννημα
517 2724 714 2781 αὐτοῦ.
739 2724 872 2794 Δίχα
890 2724 946 2777 δὲ
963 2723 1189 2794 χρίσεως
1215 2722 1465 2775 ἀδύνατον
1488 2717 1555 2791 ἦν
1574 2721 1700 2792 παρ’

163 2810 419 2885 Ἑϐραίοις
456 2816 714 2888 ἱερᾶσθαι
762 2814 841 2885 τῷ
886 2814 1035 2884 Θεῷ*
1091 2815 1277 2884 διόπερ
1320 2814 1412 2866 καὶ
1456 2816 1702 2885 χριστοὺς

152 2900 417 2972 ὀνομάζειν
448 2907 655 2969 αὐτοὺς
704 2905 911 2967 πάντας
947 2899 1016 2974 ἢν
1060 2904 1239 2966 αὐτοῖς
1277 2904 1444 2972 φίλον.
1473 2902 1701 2972 Χριστὸς

151 2990 248 3058 ἄρα
276 2996 368 3048 καὶ
403 2999 432 3049 6
468 2998 530 3049 ὲν
567 2995 649 3065 τῷ
697 2992 896 3064 ψαλμῷ
933 2993 1255 3063 δηλούμενος
1285 2993 1459 3062 ἱερεὺς
1490 2992 1571 3062 εἴη
1611 2991 1693 3044 ἄν.

152 3075 264 3142 Πῶς
289 3083 395 3155 γάρ
421 3081 784 3154 ἐμαρτυρήθη
815 3082 991 3152 ἱερεὺς
1005 3077 1162 3144 εἶναι,
1196 3080 1269 3151 μὴ
1295 3081 1411 3150 οὐχὶ
1442 3079 1698 3150 πρότερον

146 3163 366 3236 Χριστὸς
391 3173 669 3241 γεγονὼςς
722 3171 883 3225 Ἀλλὰ
929 3173 1019 3226 καὶ
1048 3173 1126 3235 είς
1157 3172 1247 3225 τὸν
1287 3172 1452 3224 αίῶνα
1490 3172 1698 3241 λέγεται

146 3254 404 3353 ἱερᾶσθαι.
454 3263 645 3353 ΤοῦτοΔ
675 3262 931 3353 δὀύκέτ
981 3261 1287 3353 ἀνθρωπεία
1331 3263 1485 3353 φύσει
1528 3264 1696 3334 ὲφαρ-

143 3344 321 3412 μάποι
354 3353 437 3405 ἄν.
473 3353 550 3404 υύ
584 3351 699 3422 γὰρ
723 3350 1007 3422 ἀνθρώπου
1043 3352 1103 3403 τὸ
1131 3351 1443 3416 διαιωνίξειν
1464 3392 1479 3415 ,
1519 3354 1697 3425 ἐπειδὴ

139 3434 325 3507 θνητὸν
349 3445 443 3497 καὶ
483 3444 756 3514 ἐπίκηρον
799 3444 860 3496 τὸ
889 3443 1007 3497 καθ’
1047 3445 1193 3513 ἡμᾶς
1232 3444 1400 3511 γένος.
1432 3447 1698 3516 Κρείττων

138 3526 237 3596 ἄρα
274 3551 351 3598 τις
375 3535 407 3602 ἢ
436 3536 562 3587 κατ’
587 3533 878 3603 ἄνθρωπον
909 3535 938 3585 6
970 3533 1291 3603 δηλούμενος
1314 3530 1381 3603 ἦν
1407 3536 1461 3586 ὲν
1494 3535 1698 3598 τούτοις

134 3614 317 3685 ἱερεὺς
346 3623 439 3676 τοῦ
477 3622 619 3676 Θεοῦ
667 3621 806 3692 μετᾶ
849 3623 1009 3697 ὅρκου
1050 3622 1471 3686 διαϐεϐαιώσεως
1503 3624 1696 3695 διαρκῆ

130 3706 215 3757 καὶ
256 3713 479 3784 ἄπειρον
515 3713 619 3783 τὴν
663 3711 961 3782 ἱερωσύνην
989 3713 1137 3783 παρὰ
1160 3712 1256 3764 τοῦ
1290 3711 1423 3765 Θεοῦ
1454 3714 1697 3784 δεδεγμέ-

128 3810 205 3857 νος
223 3816 248 3828 ·
283 3822 301 3852 ι
326 3804 525 3873 Ὠμοσε
547 3823 566 3854 ι
585 3804 724 3872 γὰρ,
748 3801 902 3871 φησὶ,
926 3819 944 3852 ι
972 3803 1190 3873 Κύριος,
1210 3803 1300 3854 καὶ
1318 3803 1377 3854 οὐ
1396 3803 1696 3873 μεταμελη-

124 3881 393 3957 θήτεται,
421 3895 492 3946 Σὺ
549 3893 737 3964 ἱερεὺς
785 3896 866 3954 εἰς
904 3893 995 3945 τὸν
1029 3892 1196 3945 αἰῶνα
1234 3892 1370 3945 κατὰ
1410 3893 1504 3964 τὴν
1548 3893 1695 3957 τάξιν

122 3972 489 4051 Μελχισεδέκ.
518 4002 538 4035 ι
577 3981 803 4051 Ἐπειδὴ
825 3980 932 4052 γὰρ
959 3980 1048 4034 τὸν
1092 3981 1423 4050 Μελχισεδὲκ
1442 3982 1471 4032 6
1497 3982 1695 4052 Μωσῆς

119 4063 291 4133 ἱερέα
319 4073 412 4125 τοῦ
441 4072 577 4127 Θεοῦ
645 4071 874 4140 ὑψίστου
902 4072 1171 4138 γεγονέναι
1204 4072 1418 4141 ἱστορεῖ,
1453 4071 1511 4123 οὐ
1542 4071 1694 4142 μύρῳ

120 4163 417 4233 σκευαπῷ
450 4162 817 4235 κεχρισμένον
837 4199 851 4224 ,
887 4160 1018 4214 πολὺ
1052 4159 1311 4232 πρότερόν
1340 4177 1399 4212 τε
1433 4161 1528 4231 τῆς
1575 4163 1692 4213 κατ’

116 4244 303 4303 αὒτδν
329 4256 647 4323 νομοθεσίας
695 4252 983 4322 γενόμενον
1006 4251 1151 4322 ἱερέα
1169 4250 1263 4303 τοῦ
1290 4249 1422 4304 Θεοῦ
1450 4251 1688 4320 ὑψίστου,

114 4334 197 4383 καὶ
252 4343 395 4395 κατά
426 4343 558 4397 πολὺ
593 4342 885 4412 κρείττονα
910 4340 1007 4409 τὴν
1033 4340 1230 4411 ἀρετὴν
1251 4339 1342 4392 τοῦ
1371 4339 1688 4411 βεϐοημένου

122 4414 427 4499 Ἀϐραάμ·
465 4430 612 4498 λέγει
642 4429 690 4482 δ’
724 4423 817 4481 οὖν
838 4444 852 4458 ⁶
897 4447 915 4477 ι
943 4427 1049 4480 Καὶ
1087 4426 1412 4497 Μελχισεδὲκ
1448 4427 1691 4497 βασιλεὺς

106 4502 366 4586 mins,
410 4520 585 4590 ἱερεὺς
642 4519 741 4571 τοῦ
788 4516 924 4570 Θεοῦ
990 4517 1245 4586 ὑψίστου,
1301 4517 1550 4586 εύλόγησε
1599 4520 1689 4573 τὸν

1806 2033 1924 2074 sum
1943 2019 2006 2070 ’³,
2033 2036 2051 2066 ι
2071 2016 2306 2070 Primum
2336 2015 2493 2084 igitur
2516 2014 2617 2068 hoc
2638 2022 2907 2069 teneatur:
2937 2015 3148 2079 Isaiam,
3180 2018 3325 2073 sicut

1805 2105 1993 2168 David,
2025 2119 2182 2174 quem
2216 2110 2494 2157 venturum
2521 2104 2714 2157 dixerit
2738 2103 2804 2157 ad
2831 2104 3091 2170 homines,
3113 2112 3166 2159 et
3190 2122 3316 2175 prie-

1813 2196 2113 2249 dicaturum
2151 2196 2374 2264 captivis
2413 2194 2801 2256 remissionem,
2841 2208 2904 2247 ac
2936 2194 3091 2249 caecis
3126 2196 3323 2260 visum,

1804 2283 1946 2336 hunc
1979 2296 2085 2335 non
2123 2289 2432 2351 comparato
2468 2289 2758 2349 unguento,
2779 2274 2879 2334 sed
2907 2295 2973 2335 eo
2999 2283 3142 2350 quod
3172 2283 3325 2352 inge-

1804 2371 1927 2426 nitae
1948 2380 2284 2440 paternasque
2311 2376 2471 2438 atque
2495 2369 2639 2423 omni
2666 2368 2901 2423 benitate
2931 2366 3139 2427 referta:
3155 2370 3326 2424 virtu-

1802 2460 1870 2514 tis
1892 2461 1961 2515 sit
1986 2462 2278 2530 proprium,
2302 2460 2568 2514 Christum
2599 2457 2885 2520 exstitisse,
2908 2458 3213 2512 vaticinari.
3245 2458 3324 2514 Ex

1801 2548 2033 2618 quadam
2062 2564 2188 2604 vero
2213 2548 2524 2618 prophetica
2564 2547 2972 2611 consuetudine,
3009 2548 3151 2616 quod
3180 2547 3323 2601 futu-

1801 2652 1918 2690 rum
1946 2644 2050 2703 est,
2097 2637 2355 2707 propheta
2395 2637 2548 2705 quasi
2589 2636 2913 2704 praeteritum
2957 2636 3221 2700 enuntiat,
3267 2646 3321 2691 et

1799 2736 2049 2797 tanquam
2080 2728 2146 2782 de
2171 2728 2345 2796 seipse
2369 2729 2692 2782 vaticinante
2723 2728 3008 2798 signiﬁcat.
3052 2726 3322 2784 Hactenus

1798 2817 1978 2886 igitur,
2005 2831 2097 2870 eos
2135 2817 2227 2885 qui
2263 2815 2333 2869 ab
2368 2815 2484 2884 ipso
2524 2815 2631 2871 Deo
2660 2825 2713 2871 et
2743 2831 2851 2870 non
2882 2817 2950 2870 ab
2990 2816 3317 2880 hominibus,

1797 2914 1848 2959 et
1886 2906 2073 2975 spiritu
2105 2905 2306 2969 divino,
2338 2920 2444 2960 non
2465 2906 2710 2961 confecto
2747 2908 2865 2960 oleo
2894 2914 3241 2976 ungerentur,
3263 2921 3323 2964 re

1797 3011 1921 3052 vera
1952 2997 2183 3052 christos
2210 2996 2471 3050 nominari
2501 2997 2810 3056 didicimus.
2842 2996 2948 3051 Sed
2972 2997 3080 3065 jam
3113 3006 3323 3068 tempus

1796 3094 1875 3141 est
1923 3095 1983 3140 ut
2019 3086 2332 3148 videamus,
2376 3086 2825 3155 quemadmodum
2875 3085 3055 3141 divina
3094 3089 3321 3158 quadam

1795 3178 2010 3242 virtute,
2043 3186 2096 3231 et
2131 3176 2500 3246 praestantiore
2529 3191 2686 3245 quam
2713 3185 2907 3230 natura
2933 3177 3167 3233 hominis
3199 3178 3321 3243 fert,

1795 3281 1977 3321 verum
2006 3265 2097 3320 Dei
2131 3265 2403 3320 Christum
2442 3266 2722 3330 exsistere,
2754 3264 3018 3319 Hebraica
3052 3268 3190 3322 ratio
3226 3268 3322 3321 dos

1795 3362 1930 3410 ceat.
1963 3354 2101 3408 Audi
2129 3369 2258 3423 ergo
2276 3367 2471 3408 rursus
2498 3352 2687 3416 David,
2711 3353 2803 3422 qui
2839 3362 3098 3408 aeternum
3131 3371 3319 3427 quem-

1795 3444 1915 3498 dam
1949 3444 2282 3499 sacerdotem
2327 3444 2528 3499 vidisse
2567 3458 2626 3498 se
2665 3443 2763 3508 ait,
2803 3451 2962 3513 atque
2977 3446 3119 3501 hunc
3142 3447 3319 3502 Domi-

1793 3550 1920 3587 num
1972 3548 2125 3589 suum
2172 3534 2421 3603 appellat,
2454 3540 2507 3587 et
2536 3533 2725 3588 sedere
2770 3534 3012 3588 eumdem
3055 3549 3177 3589 cum
3211 3534 3319 3590 Deo

1794 3619 1949 3675 Patre
1973 3621 2274 3683 conﬁtetur,
2297 3621 2352 3673 in
2387 3622 2594 3690 psalmo
2616 3636 2725 3686 (ιιι,
2756 3622 2845 3677 ubi
2886 3621 2965 3677 sic
2993 3624 3127 3677 ait“
3152 3642 3165 3678 :
3186 3644 3208 3676 ι
3229 3622 3318 3677 Di-

1794 3712 1874 3764 xit
1903 3710 2171 3778 Dominus
2214 3709 2441 3765 Domino
2467 3725 2588 3766 meo
2620 3730 2633 3764 :
2673 3710 2808 3766 Sede
2850 3725 2881 3765 a
2922 3711 3124 3767 dextris
3160 3715 3316 3775 meis.

1792 3801 1962 3855 donec
2000 3816 2193 3869 ponam
2222 3801 2470 3856 inimicos
2504 3809 2627 3856 tuos
2666 3802 2956 3856 seabellum
2975 3802 3170 3872 pedum
3198 3811 3317 3858 tuo-

1793 3904 1930 3944 rum.
1963 3888 2178 3958 Virgam
2210 3890 2422 3944 virtutis
2448 3889 2655 3944 emittet
2678 3889 2772 3944 tibi
2799 3888 3055 3945 Dominus
3070 3906 3134 3946 ex
3163 3891 3312 3956 Sion,

1790 3988 1843 4037 et
1861 3980 2215 4036 dominaberis
2236 3982 2289 4034 in
2305 3980 2478 4035 medio
2508 3980 2847 4035 inimicorum
2867 3991 3109 4049 tuorum;
3139 3992 3314 4039 tecum

1791 4069 2109 4139 principium
2136 4070 2192 4124 in
2224 4071 2311 4125 die
2327 4070 2539 4125 virtutis
2568 4077 2693 4133 tuae,
2718 4070 2771 4123 in
2795 4070 3168 4140 splendoribus
3190 4089 3315 4128 san-

1789 4166 1996 4213 ctorum
2016 4167 2249 4224 tuorum,
2285 4175 2350 4214 ex
2385 4169 2536 4214 utero
2559 4168 2683 4215 ante
2710 4159 3014 4215 Luciferum
3039 4164 3195 4231 genui
3222 4172 3314 4219 te:

1783 4248 1984 4316 juravit
2008 4248 2282 4311 Dominus,
2305 4255 2359 4303 et
2387 4263 2494 4303 non
2529 4250 2805 4317 paenitebit
2834 4268 2848 4303 :
2884 4255 2942 4303 tu
2969 4265 3030 4305 es
3064 4253 3317 4310 sacerdos

1788 4340 1843 4393 in
1883 4350 2139 4394 aeternum
2176 4340 2471 4394 secundum
2505 4339 2745 4394 ordinem
2785 4338 3154 4397 Melchisedec.
3201 4362 3220 4394 ι
3250 4342 3315 4398 Et

1787 4441 1916 4484 sane
1956 4429 2160 4498 inspice
2202 4429 2648 4499 quemadmodum
2687 4429 2741 4483 in
2781 4429 2865 4484 his
2897 4430 3078 4487 verbis
3118 4431 3310 4494 David,

1787 4518 1879 4587 qui
1920 4518 2087 4573 totius
2121 4518 2398 4573 Hebraicze
2426 4518 2599 4588 gentis
2627 4531 2721 4573 rex
2754 4526 2891 4583 erat,
2924 4527 2978 4574 et
3005 4529 3200 4589 praeter
3225 4536 3311 4574 re-

114 4592 209 4646 ‘A6
224 4606 433 4677 μάμ·
461 4628 480 4660 )
530 4610 703 4679 χωρὶς
748 4607 806 4660 δὲ
860 4607 1040 4677 πάσης
1094 4606 1423 4673 ἀντιλογίας,
1468 4611 1626 4678 φησὶν
1665 4613 1694 4664 6

1796 4606 1961 4676 galem
2009 4605 2318 4677 dignitatern
2379 4609 2541 4663 etiam
2594 4609 2775 4664 divino
2818 4607 3025 4678 Spiritu
3066 4618 3309 4669 ornatus.

112 4679 480 4761 ’Ᾱτῡύο-τολος,
513 4699 573 4751 τὸ
596 4697 821 4749 ἔλαττον
845 4695 952 4747 ὑπὸ
990 4693 1081 4747 τοῦ
1121 4694 1419 4764 κρείττονος
1457 4695 1687 4763 εὐλογεῖ-

98 4784 261 4822 rat‘
290 4784 408 4836 ἐπεὶ
441 4786 616 4838 τοίνυν
664 4785 759 4837 καὶ
797 4784 827 4834 6
872 4782 1236 4852 Μελχισεδὲκ,
1284 4782 1429 4845 ὅστις
1469 4785 1593 4836 ποτὲ
1621 4778 1689 4855 ἦν

93 4860 363 4939 ὲκεενος,
380 4877 614 4938 τοιοῦτος
636 4876 909 4944 εἰσῆκται,
932 4876 993 4926 ού
1026 4873 1303 4942 σκευαστῷ
1334 4875 1484 4944 μύρῳ
1509 4894 1689 4949 κεχρι-

93 4953 356 5038 (egw,
383 4967 670 5038 ἱερωμένος
696 4966 755 5018 δὲ
778 4965 858 5034 τῷ
893 4963 1105 5032 ὑψίστῳ
1133 4961 1268 5031 Θεῷ,
1299 4963 1511 5027 εἰκότως
1538 4970 1630 5020 καὶ
1659 4972 1687 5022 6

124 5035 218 5090 tu
264 5048 346 5101 τοῦ
543 5051 1030 5125 προφητεύομενος
1053 5048 1193 5100 κατὰ
1215 5047 1310 5115 τὴν
1328 5049 1469 5113 τάξιν
1495 5052 1688 5124 Μελχι-

176 5127 310 5188 τπξςεχ
326 5143 584 5217 ἀνείρηται
614 5145 794 5214 μέγας
823 5156 909 5202 τις
934 5138 1010 5191 ὣν
1042 5138 1136 5189 καὶ
1162 5138 1363 5198 πάντας
1390 5137 1685 5214 ὑπερϐεὸηο

411 5216 601 5306 φύσιν,
633 5235 715 5296 ὼς
762 5234 831 5284 ἂν
882 5228 1063 5298 ἱερεὺς
1108 5225 1180 5277 ὢν
1209 5224 1300 5277 τοῦ
1343 5227 1428 5278 ἐπὶ
1474 5231 1687 5288 πάντων

176 5303 298 5375 Θεοῦ,
318 5330 397 5380 καὶ
422 5303 524 5396 ἧς
552 5324 865 5393 ἀγεννήτων.)
891 5318 1171 5385 δυνάμεως
1204 5313 1487 5383 σύνθρονος,
1509 5320 1604 5373 τοῦ
1624 5340 1683 5377 τε

175 5407 386 5484 Micon
447 5419 541 5469 καὶ
605 5409 890 5484 βασιλέως
931 5406 1168 5473 Κύριος·
1219 5402 1306 5452 καὶ
1364 5404 1528 5472 ἱερεὺς
1583 5412 1683 5483 οὐχ

356 5508 473 5561 ἀλλ’
515 5478 766 5559 αἰωνίως
815 5496 913 5548 τοῦ
968 5490 1191 5560 Πατρός.
1229 5489 1377 5556 Λέγει
1413 5493 1464 5545 δὲ
1508 5501 1603 5551 καὶ

155 5562 254 5632 θεῖος
267 5562 585 5657 άὲώπολος,
603 5586 901 5651 ἐξετάζων
926 5582 992 5632 τὰ
1017 5579 1148 5632 κατά
1163 5578 1283 5640 τοὺς
1305 5581 1479 5647 τόπους
1495 5602 1507 5616 ο
1541 5607 1559 5637 ι
1587 5591 1684 5644 Ἐν

186 5658 222 5749 :1
258 5679 356 5749 ἐτι.
388 5707 506 5746 ut.
539 5687 596 5737 1.
684 5681 737 5710 ’⁸
775 5675 937 5726 Vers.
966 5673 1063 5723 Μ.

1791 4696 2061 4768 agnoverit
2103 4697 2382 4765 quemdam
2430 4698 2503 4751 ita
2548 4713 2819 4769 magnum,
2861 4705 3020 4767 atque
3055 4698 3129 4751 ita
3151 4713 3317 4768 supra

1790 4788 2006 4843 modum
2036 4786 2419 4852 admirabilem,
2435 4800 2554 4841 eum
2574 4789 2756 4857 utique
2775 4784 2840 4838 de
2866 4801 2975 4854 quo
3000 4786 3114 4853 ipse
3140 4785 3314 4854 loqui-

1792 4886 1899 4940 tur,
1931 4884 1982 4930 et
2003 4889 2163 4945 quem
2195 4876 2248 4928 in
2276 4876 2466 4944 spiritu
2495 4875 2720 4938 viderat,
2750 4881 2812 4928 ut
2843 4872 3128 4926 Dominum
3169 4873 3316 4927 illum

1789 4978 1943 5021 suum
1984 4964 2229 5033 appellet.
2258 4982 2276 5013 ι
2322 4963 2465 5017 Dixit
2512 4984 2531 5016 ι
2578 4965 2755 5027 enim,
2796 4962 3010 5030 inquit,
3039 4978 3058 5011 ι
3095 4961 3323 5016 Domino

1787 5070 1923 5110 meo.
1953 5073 1972 5106 ι
1995 5053 2132 5119 Quin
2152 5054 2309 5107 etiam
2329 5055 2630 5123 pontiﬁcem
2669 5062 2933 5108 aeternum
2968 5050 3210 5105 eumdem
3242 5053 3327 5105 in.

1788 5145 1992 5214 telligit,
2022 5152 2074 5197 et
2103 5144 2427 5199 sacerdotem
2455 5145 2548 5200 Dei
2581 5139 2854 5202 altissimi,
2875 5147 2941 5193 et
2960 5153 3335 5196 consessorem

1790 5235 1883 5289 Dei
1912 5233 2086 5288 Patris
2116 5243 2168 5289 et
2194 5235 2395 5303 prolem
2430 5235 2692 5303 ejusdem.
2728 5228 2896 5298 Atqui
2936 5230 3056 5283 sine
3083 5230 3334 5283 unctione

1790 5325 1904 5379 ﬁeri
1933 5324 2184 5379 sacerdos
2223 5325 2313 5379 Dei
2344 5325 2484 5394 apud
2510 5325 2780 5379 Hebraeos
2802 5333 2980 5373 nemo
3000 5331 3222 5387 prorsus
3246 5333 3341 5384 po-

1786 5422 1956 5478 terat;
1987 5413 2235 5482 quocirca
2262 5413 2382 5468 illos
2400 5430 2584 5469 omnes
2597 5409 2894 5467 nominare
2918 5406 3161 5461 christos
3186 5402 3336 5455 iidem

1790 5507 2016 5561 libenter
2072 5514 2466 5559 consueverunt
2512 5522 2525 5557 :
2569 5502 2847 5559 Christus
2901 5507 3046 5563 ergo
3100 5489 3261 5582 etiam
3300 5488 3357 5582 ‘3‘!

1790 5597 1971 5664 υιίίιιιε
2034 5594 2100 5648 de
2149 5610 2256 5662 (tuo
2301 5596 2533 5665 loquitur
2590 5592 2864 5665 psalmus
2923 5578 3189 5640 sacerdos
3235 5578 3360 5625 erit.

170 5742 653 5845 (Ινᾷὲἇρῷπον,
684 5761 872 5814 Forte
905 5755 1297 5823 ἁνθρώπων,τθι
1318 5758 1664 5831 ἀνθρώπειον,
1692 5783 1696 5811 π

1796 5773 1940 5840 paulo
1966 5770 2126 5826 infra.
2162 5769 2314 5826 Eon.

390 5872 701 5927 Ριιτιιοι.
754 5849 885 5906 Gn.
934 5845 1119 5901 XX“.

2988 5848 3069 5908 10
