3862 6360
178 489 247 544 501
979 484 1348 542 'DEMONST-R
1355 480 1621 538 ATIONIS

1748 476 2086 539 ANGELlCrE
2114 474 2242 533 LIB.
2268 476 2356 533 1V.

3134 466 3249 531 .392

178 610 238 654 ω
285 597 452 667 ipsius,
481 603 535 649 ut
561 595 615 650 in
646 595 976 658 hominibus.
1042 597 1353 654 constituit:
1386 601 1687 663 comparato
1744 597 2011 662 unguento
2053 587 2267 642 interim
2303 587 2467 642 divini
2525 586 2754 656 Spiritus
2799 588 2936 652 loco,
2989 605 3148 659 quem
3197 600 3253 644 in

178 687 420 742 hominibus
469 687 767 756 praetulerat
811 687 1141 743 sacerdotem
1191 688 1417 749 inunxit,
1483 684 1857 753 Christumque
1922 696 2041 737 eum
2096 686 2148 734 et
2202 689 2441 743 unctum,
2490 677 2746 734 relatione
2777 681 2842 734 ad
2871 696 2991 736 eum
3026 683 3115 752 qui
3162 699 3249 737 ve-
3310 668 3317 677 ’

175 795 240 834 nu
273 788 361 843 est,
403 777 691 847 appellavit.
744 777 900 844 Quod
947 788 1124 834 autem
1187 779 1299 833 haec
1350 778 1424 831 ita
1477 791 1535 831 se
1591 776 1853 839 habeant,
1901 773 2041 844 quis,
2082 771 2166 826 cui
2219 771 2349 826 ﬁdes
2394 770 2675 834 habeatur,
2723 772 2874 827 testis
2928 773 3044 843 ipso
3104 773 3250 830 Mose

175 873 364 944 dignior?
410 872 464 924 ln
496 872 561 926 iis
595 871 739 928 enim
769 887 891 942 qua:
917 873 987 927 ab
1035 872 1153 942 ipso
1181 873 1380 938 scripta
1443 878 1568 925 sunt
1629 868 2032 937 respondentem
2089 865 2191 920 sibi
2245 863 2412 919 Deum
2461 878 2524 919 ac
2568 862 2872 930 Dominum,
2923 867 3095 935 palam
3148 868 3251 925 sibi

167 964 404 1034 imperasse
445 962 643 1026 docet“
669 970 730 1017 ut
781 963 1079 1018 secundum
1129 963 1419 1018 exhibitam
1487 959 1590 1014 sibi
1650 957 2033 1027 intelligibilem
2063 969 2127 1009 ac
2177 954 2448 1010 caelestem
2492 952 2634 1008 illius
2689 954 2968 1019 visionem,
2992 971 3255 1025 corporea

173 1054 315 1121 specie
359 1051 701 1106 adorationem
767 1053 1013 1106 interra
1055 1053 1423 1111 constitueret.
1485 1063 1603 1118 qua:
1643 1062 1820 1101 rerum
1852 1045 2262 1115 intelligibilium
2312 1051 2472 1114 atque
2515 1043 2948 1116 incorporearum
2975 1047 3256 1118 imaginem

168 1145 557 1213 complecteretur.
625 1143 820 1213 Itaque
879 1144 1178 1200 caelestium
1250 1141 1557 1212 angelorum
1625 1136 2032 1206 divinarumque
2078 1143 2400 1205 potestatum
2448 1133 2686 1199 ordines,
2738 1134 3144 1193 adumbratione
3192 1155 3259 1196 ac

170 1235 298 1304 ﬁgura
340 1231 548 1301 quadam
605 1233 812 1288 dicitur
864 1234 1241 1304 descripsisse,
1296 1247 1416 1286 cum
1474 1231 1581 1300 ipsi
1625 1229 1812 1297 utique
1869 1228 2141 1282 oraculum
2181 1227 2402 1281 dixisset
2438 1244 2451 1279 :
2494 1243 2512 1276 ‹
2551 1224 2736 1281 Facies
2762 1229 2940 1282 omnia
2983 1229 3050 1283 ad
3079 1244 3259 1285 exem-

168 1327 257 1395 plar
287 1323 407 1394 quod
449 1324 541 1379 tibi
574 1323 1021 1380 demonstratum
1079 1333 1160 1381 est
1208 1326 1263 1378 in
1298 1330 1477 1378 monte
1508 1322 1552 1353 ³⁰
1587 1343 1600 1376 ε
1642 1339 1661 1372 ι
1703 1320 1842 1389 Ergo
1892 1318 2336 1389 quemadmodum
2386 1316 2611 1386 reliqua,
2639 1318 2713 1371 ita
2745 1325 2797 1372 et
2836 1318 3143 1374 Pontiﬁcem
3176 1321 3255 1375 in-

168 1419 297 1479 duxit,
338 1433 477 1486 quem
524 1418 764 1472 terrestri
822 1428 1095 1488 unguento
1161 1422 1385 1488 ungeret
1422 1435 1436 1470 :
1482 1415 1663 1484 itaque
1728 1412 2063 1466 umbratilem
2108 1410 2389 1481 quemdam
2438 1424 2502 1464 ac
2547 1410 2880 1478 simulatum,
2924 1429 3033 1468 non
3082 1423 3260 1485 autem

166 1528 303 1567 verum
322 1510 568 1567 Christum
591 1520 646 1567 et
668 1514 1008 1582 pontiﬁcem,
1033 1514 1178 1569 illius
1198 1525 1375 1570 tamen
1398 1512 1633 1568 caelestis
1665 1509 1862 1565 Christi
1894 1519 1949 1566 et
1970 1511 2237 1581 pontificis
2264 1512 2434 1566 instar
2464 1508 2748 1579 expressit.

222 1600 326 1652 Ἀλλ’
346 1603 413 1653 ὅτι
439 1602 532 1671 μὲν
558 1605 589 1655 '6
612 1604 825 1675 κυρίως
859 1600 1089 1677 Χριστὸς
1119 1608 1217 1659 οὐκ
1251 1606 1526 1676 ἄνθρωπος
1545 1601 1631 1674 ἦν,

1800 1603 2084 1667 Caeterum,
2111 1610 2169 1656 ut
2202 1603 2415 1671 pr0prie
2438 1601 2652 1672 quidem
2685 1601 2934 1656 Christus
2964 1602 3263 1656 non-homo

163 1690 243 1755 υίὸς
265 1691 308 1744 δέ
333 1709 404 1755 τις
427 1692 572 1757 Θεοῦ,
597 1693 795 1759 δεξιοῖς
823 1696 925 1765 τῆς
947 1698 1211 1768 πατρικῆς
1236 1697 1479 1767 Θεότητος
1505 1713 1639 1749 τετι-

166 1782 378 1848 μημένος,
416 1783 501 1834 καὶ
545 1784 679 1837 πολὺ
726 1785 993 1856 κρείττων
1022 1787 1082 1839 οὐ
1127 1787 1280 1856 μόνον
1321 1787 1418 1857 τῆς
1446 1786 1639 1856 θνητῆς

163 1870 229 1922 καὶ
259 1870 560 1942 ἀνθρωπείας
591 1872 853 1941 φύσεως,
905 1874 1038 1927 ἀλλὰ
1088 1876 1183 1928 καὶ
1223 1876 1399 1944 πάσης
1440 1875 1534 1944 τῆς
1583 1877 1639 1928 ὲν

160 1964 341 2030 γενητοῖς
365 1964 540 2031 νοερᾶς
568 1963 782 2026 οὐσίας,
817 1963 1006 2033 σαφῶς
1035 1962 1181 2034 οἶμαι
1215 1965 1603 2035 ἁποδεδειχέναι
1621 1982 1635 1995 ο

162 2051 259 2121 πλὴν
283 2052 378 2104 ἀλλ’
414 2052 488 2105 ὅτι
520 2052 660 2106 κατὰ
696 2052 768 2105 τὰ
807 2053 1070 2123 πρότερον
1101 2054 1358 2124 εἰρημένα
1404 2058 1433 2108 6
1484 2054 1642 2116 αὐτὸς

162 2141 278 2192 Δασιδ
312 2143 361 2194 ὲν
410 2143 485 2212 μδν
550 2143 755 2213 ψαλμῷ
826 2147 1118 2215 προγραφῇ
1192 2145 1525 2216 χρησάμενος
1574 2147 1639 2215 τῇ

162 2245 180 2278 ι
199 2228 329 2301 Ὑπὲρ
360 2230 444 2284 τοῦ
473 2233 757 2304 ἀγαπητοῦ
792 2236 892 2287 καὶ
932 2235 1038 2287 τῶν
1071 2235 1588 2306 ἀλλοιωθησομένων,
1619 2255 1636 2286 ι

159 2319 254 2386 ὁμοῦ
282 2320 391 2373 Θεὸν
417 2325 506 2376 καὶ
551 2323 781 2393 βασιλέα
840 2324 936 2377 καὶ
979 2324 1212 2395 Χριστὺν
1255 2324 1348 2379 ἒνα
1387 2326 1503 2378 τινὰ
1552 2326 1643 2378 καὶ

162 2407 224 2459 ὼν
255 2410 388 2462 αὑτὸν
405 2411 743 2483 ἀναγορεύει,
787 2412 1017 2483 γράφων
1079 2411 1281 2476 οὕτως·
1327 2431 1346 2463 ι
1392 2412 1641 2483 Ἐξηρεύ-

160 2495 310 2569 ξιτοὴ
352 2502 532 2573 καρδία
584 2519 686 2572 μου
738 2502 902 2571 λόγον
951 2503 1172 2571 ἀγαθὸν,
1210 2502 1350 2571 λέγω
1415 2503 1523 2571 ἐγὼ
1576 2504 1644 2557 τὰ

160 2586 257 2656 ἔργα
292 2607 378 2659 μου
424 2591 496 2660 τῷ
552 2592 785 2661 βασιλεῖ.
836 2593 901 2645 Ἢ
962 2592 1178 2661 γλῶσσά
1247 2610 1344 2663 μου
1406 2593 1644 2663 κάλαμος

166 2683 448 2749 τριμματέως
488 2681 826 2753 ὁξυγράφουσ
853 2682 1050 2754 ὡραῖος
1101 2683 1293 2735 κάλλει
1332 2682 1479 2753 παρὰ
1522 2684 1645 2745 τοὺς

158 2769 263 2830 υἱοὺς
286 2769 376 2822 τῶν
396 2770 686 2843 ἀνθρώπων
706 2788 720 2801 ’
765 2790 786 2822 ι
822 2766 907 2833 οἷς
939 2770 1064 2840 ἑξῆς
1096 2769 1354 2837 ὲπιλέγει’
1385 2788 1403 2819 ί
1444 2770 1501 2821 '0
1527 2768 1645 2840 θρό-

157 2876 218 2920 νος
252 2877 342 2925 σου,
373 2864 399 2917 6
429 2861 578 2925 Θεὸς,
613 2864 697 2925 είς
728 2863 827 2915 τὸν
860 2861 1033 2914 αἰῶνα
1068 2860 1163 2913 τοῦ
1197 2859 1384 2923 αἰῶνος
1404 2877 1418 2889 ·
1455 2858 1642 2930 ῥάϐδος

160 2948 436 3022 εὐθύτητοςή
484 2952 677 3023 ῥάϐδος
714 2953 823 3023 τῆς
866 2950 1138 3020 βασιλείας
1183 2966 1274 3002 σου
1298 2967 1311 2980 ·
1355 2950 1641 3019 ἠγάπησας

152 3034 439 3110 δικαιοσύνην,
464 3043 558 3095 καὶ
584 3040 867 3112 ἐμίσησας
898 3040 1110 3093 ἀδικίαν
1130 3054 1143 3067 ·
1178 3038 1264 3092 διὰ
1293 3037 1446 3092 τοῦτο
1464 3038 1643 3110 ἐχρισὲ

154 3138 200 3175 σε
220 3126 243 3177 6
262 3126 372 3191 Θεὸς
398 3133 424 3182 6
451 3130 580 3194 Θεός
613 3148 712 3185 σου
744 3130 928 3183 ἔλαιον
958 3129 1324 3198 ἀγαλλιάσεως
1352 3128 1500 3200 παρὰ
1521 3130 1644 3192 τοὺς

155 3216 351 3287 μετόχους
375 3236 480 3273 σου.
520 3240 541 3272 ι
575 3221 786 3274 Σκόπει
819 3220 864 3272 δ’
907 3217 1001 3273 οὖν
1038 3219 1467 3291 ἐπιμελέστερον,
1501 3222 1645 3282 ὅπως

154 3307 255 3357 κατά
280 3308 362 3378 τὴν
388 3309 472 3361 τοῦ
503 3310 727 3381 ψαλμοῦ
764 3310 1093 3381 προγραφὴν
1133 3310 1271 3379 ὑπὲρ
1307 3308 1399 3362 τοῦ
1430 3310 1644 3377 ἀγαπη-

150 3398 215 3451 τοῦ
240 3400 313 3453 τὸν
331 3402 473 3471 λόγον
503 3400 645 3457 εἶναι
680 3403 1125 3475 προοιμιάζεται,
1159 3403 1293 3473 μετὰ
1325 3403 1417 3456 τοῦ
1447 3403 1538 3456 καὶ
1568 3403 1645 3463 είς

149 3487 313 3542 σύνεσιν
333 3492 430 3545 τῶν
452 3493 882 3564 λεχθησομένων
911 3492 1003 3546 τὸν
1033 3492 1302 3563 ἀκροατὴν
1341 3496 1642 3565 παρορμᾷν·

147 3578 494 3649 ἐπισημαίνεται
534 3585 593 3637 δὲ
642 3584 747 3637 καὶ
779 3583 843 3635 τὸ
881 3582 1050 3635 αῐτιον
1079 3581 1180 3653 τῆς
1220 3584 1523 3654 οἰκονομίας
1553 3585 1646 3638 τοῦ

144 3666 280 3734 λὸγου,
306 3674 529 3740 φάσκων·
577 3692 597 3724 ς
648 3675 752 3736 Εἰς
776 3673 840 3726 τὸ
870 3672 1020 3735 τέλος
1059 3673 1198 3744 ὑπὲρ
1227 3674 1332 3726 τῶν
1364 3674 1649 3743 ἁλλοιωθη-

145 3759 330 3828 σομένων
352 3764 428 3826 είς
452 3762 673 3816 σύνεσιν
701 3762 854 3832 ὑπὲρ
880 3760 973 3814 τοῦ
1016 3761 1320 3833 ἀγαπητοῦ.
1354 3781 1372 3813 ›
1402 3762 1562 3825 Τίνας
1592 3763 1648 3814 δὲ

142 3846 288 3912 (Hoc;
308 3854 466 3917 εἴποις
499 3851 646 3908 εἶναι
675 3855 814 3916 τοὺς
852 3851 1377 3923 άλλοιωθησομένους
1409 3854 1545 3924 ὑπὲρ
1576 3847 1649 3907 ὧν

139 3935 364 4013 ὀψιλμδς
399 3945 638 4017 εἴρηται,
676 3944 714 4015 ἢ
747 3945 878 4007 τοὺς
915 3941 1205 4014 μέλλοντας
1240 3943 1649 4013 μεταϐαλεῖσθαι

140 4028 185 4079 ἐκ
206 4034 432 4104 προτέρου
470 4035 589 4105 βίου
612 4034 716 4090 καὶ
739 4033 966 4105 τρόπου,
993 4033 1446 4105 μετατεθήσεσθαί
1472 4051 1529 4086 τε
1558 4035 1651 4087 καὶ

135 4114 535 4193 ἀλλοιωθήσεσθαι
579 4122 677 4176 διὰ
721 4121 820 4176 τοῦ
871 4123 1372 4193 προφητευομένου;
1402 4118 1566 4187 Οῦτος
1595 4124 1651 4177 δὲ

1738 1690 1916 1755 fuerit,
1943 1708 2127 1747 verum
2161 1693 2252 1748 Dei
2283 1692 2469 1756 Filius,
2518 1692 2609 1761 qui
2654 1691 2841 1747 dextra
2868 1699 3102 1761 paternae
3134 1693 3267 1747 divi-

1737 1781 1924 1836 nitatis
1945 1782 2017 1836 sit
2050 1782 2358 1846 decoratus,
2391 1790 2443 1836 et
2469 1782 3023 1851 multopraastantior,
3054 1798 3163 1837 non
3181 1798 3267 1838 so-

1738 1873 1845 1926 lum
1876 1873 2085 1926 mortali
2132 1873 2469 1942 humanaque
2514 1882 2726 1936 natura,
2773 1873 2868 1928 sed
2905 1873 3067 1928 etiam
3111 1875 3261 1928 omni

1737 1963 2054 2033 intelligibili
2106 1964 2161 2016 in
2213 1964 2374 2017 rebus
2407 1964 2599 2018 creatis
2645 1964 2880 2018 essentia
2917 1964 3262 2033 intelligatur.

1738 2053 1892 2120 plane
1919 2066 2004 2106 me
2031 2053 2266 2107 arbitror
2296 2053 2716 2116 demonstrasse,
2757 2060 2948 2122 praeter
2995 2069 3161 2107 unum
3198 2055 3262 2106 il-

1740 2140 1851 2204 lud,
1872 2140 2016 2208 quod
2047 2141 2114 2195 ad
2135 2156 2201 2194 ea
2223 2157 2340 2210 quae
2365 2141 2592 2197 antehac
2617 2141 2757 2195 dicta
2790 2150 2936 2207 sunt,
2966 2142 3267 2197 addendum

1737 2245 1859 2285 esse
1904 2231 2156 2295 arbitror,
2212 2233 2280 2287 ab
2331 2232 2517 2287 eodem
2567 2233 2749 2301 utique
2800 2232 2966 2287 David
3023 2233 3078 2286 in
3128 2249 3270 2302 .qua-

1739 2320 2041 2390 dragesimo
2087 2328 2280 2391 quarto
2327 2323 2532 2390 psalmo
2577 2322 2924 2391 inscriptione
2963 2323 3266 2392 praeposita,

1740 2408 1829 2462 illa
1846 2425 1962 2477 quae
1973 2418 2078 2473 est,
2110 2428 2128 2461 ‹
2159 2426 2256 2480 pro
2277 2411 2470 2466 dilecto
2484 2419 2538 2467 et
2560 2412 2627 2466 iis
2648 2413 2737 2482 qui
2761 2413 3207 2476 immutabuntur,
3240 2434 3259 2465 ι

1740 2496 1904 2552 Deum
1932 2500 2089 2553 simul
2113 2507 2165 2554 et
2190 2515 2364 2570 regem
2384 2511 2437 2555 et
2452 2500 2720 2556 Christum
2751 2518 2914 2556 unum
2936 2512 2986 2556 et
3024 2504 3267 2559 eumdem

1741 2589 2020 2656 quemdam
2037 2590 2308 2658 appellari,
2325 2590 2410 2645 his
2438 2591 2650 2658 quidem
2667 2592 2841 2648 verbis
2867 2610 2882 2647 :
2911 2593 3067 2662 179
3085 2611 3103 2643 ι
3130 2593 3271 2648 Eru-

1741 2677 1903 2731 ctavit
1917 2692 2010 2732 cor
2025 2694 2198 2733 meum
2217 2680 2434 2734 verbum
2458 2680 2678 2745 bonum,
2695 2681 2816 2736 dico
2836 2697 2933 2751 ego
2965 2697 3126 2752 opera
3156 2698 3273 2739 mea

1741 2767 1851 2837 regi
1887 2785 1901 2821 :
1934 2768 2109 2838 lingua
2126 2783 2246 2822 mea
2269 2769 2505 2826 calamus
2548 2770 2737 2826 scribae
2760 2772 3016 2826 velociter
3043 2771 3274 2827 scriben-

1740 2858 1812 2913 tis
1842 2878 1855 2912 :
1888 2859 2164 2928 speciosus
2189 2859 2355 2914 forma
2380 2878 2494 2932 prae.
2528 2861 2650 2918 ﬁliis
2680 2862 2950 2917 hominum
2989 2864 3052 2916 ³³.
3092 2882 3112 2915 ι
3141 2862 3275 2929 Qui-

1745 2951 1845 3005 bus
1869 2950 2116 3022 deinceps
2147 2952 2406 3022 adjungit.
2440 2972 2459 3003 ‹
2488 2952 2650 3008 Sedes
2676 2959 2787 3013 tua,
2812 2951 2982 3016 Deus,
3013 2953 3069 3006 in
3101 2967 3277 3007 siccu-

1746 3040 1853 3094 lum
1897 3042 2075 3096 saeculi
2106 3061 2119 3096 :
2151 3042 2299 3113 virga
2335 3042 2649 3097 directionis
2689 3044 2833 3113 virga
2860 3044 3020 3113 regni
3052 3044 3166 3098 tui:
3192 3043 3275 3097 di-

1747 3131 1921 3187 lexisti
1948 3132 2232 3201 justitiam,
2282 3140 2336 3187 et
2379 3133 2535 3188 odisti
2572 3133 2899 3203 iniquitatem
2947 3153 2959 3188 :
2995 3142 3275 3205 propterea

1755 3223 1908 3277 unxit
1968 3233 2019 3278 te
2048 3223 2190 3279 Deus
2230 3224 2377 3280 Deus
2409 3232 2534 3280 tuus
2567 3226 2684 3279 oleo
2725 3226 3116 3289 exsultationis,
3162 3243 3277 3297 pra:

1750 3318 2095 3387 participibus
2151 3320 2259 3373 tuis
2299 3320 2365 3373 ³¹.
2414 3338 2432 3371 ι
2473 3320 2763 3374 Considera
2811 3334 2938 3388 ergo
2970 3319 3277 3388 diligentius

1749 3408 2192 3476 quemadmodum
2251 3409 2539 3463 secundum
2591 3408 2782 3478 psalmi
2839 3409 3274 3477 inscriptionem,

1749 3500 1861 3546 tum
1895 3508 1991 3562 pro
2016 3494 2209 3548 dilecto
2238 3510 2296 3549 se
2319 3496 2479 3549 verba
2513 3496 2687 3549 facere
2714 3495 2868 3549 initio
2892 3496 3070 3549 statim
3096 3503 3280 3550 osten-

1750 3583 1861 3646 dat,
1897 3590 2007 3637 tum
2040 3585 2199 3638 etiam
2240 3593 2300 3638 ut
2321 3586 2385 3639 ad
2414 3585 2810 3655 intelligentiam
2836 3599 3020 3641 eorum
3043 3600 3163 3654 qua:
3195 3585 3279 3638 di--

1751 3673 1919 3727 cenda
1944 3672 2070 3734 sint,
2093 3673 2388 3729 auditorem
2426 3684 2785 3738 commoveat,
2839 3673 3102 3744 signiﬁcat
3145 3690 3280 3744 pra:-

1744 3771 1894 3815 -terea
1931 3777 2170 3830 quienam
2203 3764 2271 3817 sit
2320 3763 2480 3831 hujus
2522 3762 2778 3817 orationis
2823 3763 2895 3817 ita
2937 3764 3280 3833 disponendae

1753 3867 1933 3914 causa,
1965 3868 2084 3907 cum
2117 3855 2189 3905 ait
2224 3872 2235 3906 :
2276 3871 2296 3903 ‹
2335 3853 2387 3906 in
2421 3852 2574 3907 ﬁnem
2619 3868 2722 3920 .pro
2770 3853 2836 3906 iis
2889 3853 2977 3922 qui
3030 3853 3282 3908 immuta—

1751 3944 1970 4010 buntur,
1995 3943 2062 3997 ad
2109 3942 2530 4013 intelligentiam,
2556 3957 2652 4012 pro
2685 3942 2882 3997 dilecto
2923 3943 3005 3997 ’°:
3049 3963 3068 3994 ι
3118 3959 3281 4013 porro

1754 4048 2011 4104 quosnam
2040 4033 2171 4088 alios
2196 4031 2396 4089 dixeris
2443 4033 2820 4098 immutandos,
2850 4048 2947 4103 pro
2973 4035 3167 4103 quibus
3191 4036 3280 4090 hic

1746 4125 1989 4194 psalmus
2014 4123 2084 4179 sit
2103 4123 2419 4187 dictus,nisi
2433 4138 2526 4178 eos
2546 4124 2636 4192 qui
2660 4124 2905 4177 mutandi
2926 4124 3033 4179 sint
3052 4139 3081 4177 a
3102 4124 3282 4191 priore

130 4199 184 4255 ἦν
212 4211 244 4275 ὁ,
265 4212 533 4283 ἀγαπητὸς
573 4212 677 4266 τοῦ
713 4210 876 4275 Θεοῦ,
920 4212 1061 4283 ὑπὲρ
1099 4207 1159 4266 οῦ
1191 4212 1280 4264 ἐπὶ
1312 4212 1408 4282 τῆς
1442 4231 1647 4284 προφη-

1760 4216 1864 4271 vita
1880 4230 1942 4269 ac
1967 4214 2204 4270 moribus
2225 4214 2707 4283 transferendique,
2726 4220 2853 4269 etex
2865 4215 2985 4269 aliis
3007 4216 3096 4268 alii
3114 4214 3282 4271 futuri

136 4296 249 4361 τείας
271 4303 524 4367 συνέσεως
554 4304 673 4356 δεῖν
695 4305 728 4356 ὁ
757 4301 1113 4374 ψαλμὺςήμίν
1138 4303 1565 4373 προοιμιάζεται.
1591 4308 1647 4359 El

1752 4321 1849 4377 per
1870 4320 1991 4360 eum
2021 4304 2087 4360 de
2111 4320 2217 4375 quo
2247 4305 2383 4359 idem
2412 4304 2657 4359 Psalmus
2676 4305 3037 4359 vaticinatur?
3068 4304 3165 4359 Hic
3184 4320 3277 4359 au-

132 4386 261 4444 δοῦν
296 4396 679 4465 ὶπαπορήσας,
718 4393 805 4457 τίς
844 4395 951 4463 ἄρα
986 4389 1055 4466 ἦν
1094 4396 1122 4448 6
1162 4396 1439 4464 ἀγαπητὸς
1484 4392 1652 4459 οὗτος,

134 4479 229 4548 περὶ
269 4475 324 4533 οῦ
366 4484 423 4537 ὲν
459 4485 541 4555 τῷ
571 4483 790 4555 ψαλμῷ
820 4483 1235 4554 προεφητεύετο,
1267 4483 1414 4553 παρὰ
1441 4484 1598 4546 πόδας
1628 4488 1656 4537 6

129 4565 248 4633 λέγος
260 4577 591 4645 παραστήσει
608 4572 920 4645 ἀρχόμενος
940 4572 1099 4635 εὐθὺς
1119 4572 1213 4626 καὶ
1233 4573 1422 4641 λέγων·
1455 4593 1473 4625 ι
1515 4575 1657 4643 Ἐξη-

132 4657 369 4734 ρεύξατοή
395 4666 599 4735 καρδία
664 4680 776 4733 μου
808 4663 964 4730 λόγον
999 4662 1220 4730 ἀγαθόν.
1258 4684 1277 4715 ι
1311 4662 1466 4717 Εἴποι
1508 4664 1565 4716 δὲ
1590 4665 1654 4718 ἄν

127 4759 189 4805 τις
209 4750 350 4803 αὑτὸν
378 4754 594 4806 ἐκεῖνον
629 4751 1017 4821 σημαίνεσθαι,
1057 4751 1148 4805 τὸν
1167 4754 1224 4804 ὲν
1240 4752 1379 4823 ἀρχῇ
1403 4753 1535 4822 πρὸς
1568 4754 1655 4807 τὸν

129 4830 231 4887 Θεὸν
249 4840 424 4907 Λόγον,
446 4843 507 4894 ὃν
543 4842 826 4910 θεολογῶν
847 4844 875 4894 6
893 4841 1061 4911 μέγας
1076 4842 1455 4914 εὐαγγελιστὴς
1487 4844 1659 4896 Ἰωάν-

128 4937 202 4991 νης
225 4931 442 5001 παρίστη
470 4933 682 5001 λέγων·
724 4948 745 4981 ε
789 4932 877 4984 Ἐν
908 4932 1048 5001 ἀρχῇ
1065 4928 1132 5002 ἦν
1152 4933 1181 4983 ὀ
1195 4933 1380 5000 Λόγος,
1398 4936 1488 4987 καὶ
1505 4936 1535 4987 6
1554 4935 1655 4987 A6-

132 5027 203 5075 τας
220 5012 278 5086 ἦν
302 5023 431 5091 πρὸς
459 5024 556 5076 τὸν
585 5022 755 5084 Θεὸν,
784 5024 879 5075 καὶ
908 5021 1039 5085 Θεὸς
1066 5019 1133 5092 ἦν
1157 5025 1185 5075 6
1214 5023 1399 5090 Λόγος.
1445 5043 1462 5075 ι
1495 5024 1567 5076 Τὸ
1590 5024 1654 5087 δ’,

136 5123 153 5154 ⁸
187 5111 522 5185 Ἐξηρεὺεατο
550 5119 587 5187 ἡ
624 5115 832 5183 καρδία
881 5133 980 5185 μου
1002 5116 1155 5183 λόγον
1186 5116 1404 5183 ἀγαθὸν,
1448 5136 1466 5167 ι
1502 5115 1657 5186 εἴπερ

136 5199 184 5250 ὲκ
206 5204 470 5273 προσώπου
500 5207 601 5259 τοῦ
626 5205 849 5274 Πατρὺς
869 5205 963 5256 καὶ
979 5204 1110 5258 Θεοῦ
1139 5204 1245 5257 τῶν
1271 5205 1403 5258 ὅλων
1430 5204 1657 5274 λέγοιτο,

139 5287 207 5342 θη
237 5298 482 5368 μονογενῆ
526 5296 627 5350 τοῦ
682 5294 825 5346 Θεοῦ
856 5293 1020 5361 Λόγον
1050 5295 1327 5363 ὑποφαίνοι
1368 5295 1450 5358 ἃν,
1493 5294 1568 5357 ὼς
1597 5294 1661 5347 ἂν

145 5376 239 5430 “in
266 5387 323 5438 ἑκ
357 5389 455 5440 τοῦ
496 5386 728 5455 [ἰατρὸς
774 5383 1083 5450 ὑφεστῶτω
1127 5384 1236 5438 ἀλλ’
1270 5386 1330 5437 οὐ
1360 5383 1498 5437 κατὰ
1531 5400 1661 5453 προ-

148 5463 330 5544 6:1th
359 5478 499 5532 κατὰ
527 5476 837 5545 διαίρεσιν,
862 5470 900 5539 ἢ
924 5473 1101 5544 τομὴν,
1129 5475 1161 5544 ἢ
1196 5475 1433 5545 μείωσιν,
1461 5472 1493 5542 ἢ
1526 5474 1662 5526 κατά

1745 4404 1858 4450 tem
1880 4404 1962 4451 est
1995 4395 2221 4451 dilectus
2242 4394 2354 4457 Dei,
2382 4410 2479 4464 pro
2511 4411 2619 4464 quo
2646 4396 2703 4449 in
2748 4395 2862 4464 ipsa
2891 4395 3171 4465 prophetia
3197 4395 3281 4450 in-

1753 4486 2041 4556 telligentia
2068 4501 2186 4540 esse
2211 4500 2346 4554 opus
2368 4487 2606 4555 psalmus
2634 4485 2749 4555 ipse
2773 4486 2928 4540 initio
2957 4487 3115 4541 nobis
3142 4502 3281 4554 prae-

1755 4577 1957 4632 scribit.
1977 4575 2134 4640 Quod
2156 4576 2202 4630 si
2228 4576 2440 4632 dubites
2459 4577 2579 4645 quis
2603 4578 2687 4632 hic
2708 4576 2919 4631 tandem
2952 4578 3022 4630 sit
3050 4576 3281 4630 dilectus

1753 4667 1819 4722 de
1843 4668 1971 4735 quo
1991 4666 2045 4718 in
2079 4665 2180 4719 hoc
2209 4666 2413 4734 psalmo
2451 4666 2557 4719 tale
2584 4665 2843 4720 habeatur
2880 4665 3218 4725 vaticinium,
3250 4679 3283 4717 e

1752 4753 1975 4822 vestigio
1993 4751 2093 4805 tibi
2114 4751 2229 4819 ipsa
2258 4752 2428 4806 oratio
2457 4753 2768 4817 declarabit,
2791 4768 2909 4822 qua:
2927 4752 3079 4805 initio
3099 4752 3282 4805 statim

1755 4845 1828 4898 ita
1857 4844 1931 4896 ait
1955 4862 1967 4896 :
2004 4862 2023 4893 ‹
2051 4841 2322 4895 Eructavit
2345 4857 2438 4896 cor
2460 4857 2634 4896 meum
2658 4843 2879 4897 verbum
2899 4842 3119 4895 bonum.
3142 4859 3161 4891 ι
3190 4838 3282 4892 Di-

1755 4936 1896 4991 xerit
1916 4941 2090 4988 autem
2111 4934 2375 5002 quispiam
2395 4935 2568 5003 ipsum
2589 4934 2719 4988 illud
2738 4933 3027 5003 signiﬁcari
3050 4935 3103 4986 in
3132 4934 3283 5002 prin-

1756 5026 1897 5096 cipio
1928 5022 2068 5093 apud
2099 5022 2264 5076 Deum
2294 5022 2546 5087 Verbum,
2578 5026 2643 5079 de
2679 5038 2786 5093 quo
2824 5022 3115 5091 theologice
3149 5026 3284 5077 seri-

1755 5117 1888 5172 bens
1929 5128 2152 5182 magnus
2195 5113 2518 5179 evangelista
2553 5113 2819 5176 Joannes,
2868 5113 2947 5167 sic
3001 5112 3278 5181 loquitur:

1762 5224 1780 5256 ι
1810 5204 1868 5260 In
1897 5202 2159 5274 principio
2189 5209 2304 5255 erat
2334 5201 2563 5257 Verbum
2582 5243 2596 5263 ,
2643 5209 2697 5256 ct
2731 5200 2959 5256 Verbum
2989 5209 3108 5255 erat
3143 5203 3283 5270 apud

1757 5296 1954 5360 Deum,
2011 5301 2064 5349 et
2120 5293 2261 5349 Deus
2301 5302 2414 5349 erat
2445 5293 2678 5349 Verbum
2727 5293 2802 5360 “;
2849 5313 2869 5345 ι
2924 5293 3053 5347 illud
3107 5309 3280 5347 vero:

1763 5406 1782 5438 ι
1824 5384 2097 5439 Eructavit
2145 5399 2240 5437 cor
2281 5399 2455 5438 meum
2484 5386 2705 5439 verbum
2746 5385 2968 5444 bonum,
3010 5402 3029 5433 ι
3072 5385 3118 5439 si
3166 5385 3286 5453 qui-

1759 5476 1877 5531 dem
1907 5491 1968 5531 ex
2000 5489 2229 5544 persona
2265 5473 2439 5530 Patris
2461 5484 2514 5529 et
2545 5474 2637 5529 Dei
2665 5475 2899 5530 universi
2923 5473 3287 5538 dicatur.uni~

146 5560 285 5613 τιτῶν
304 5567 357 5617 ἐν
379 5567 633 5635 σώμασιν
667 5564 918 5614 ὑπονοου
929 5561 1104 5627 μένωψ
1141 5565 1306 5633 ἀσεϐῆ
1333 5564 1438 5632 γὰρ
1466 5561 1647 5625 ταῦτας

1762 5582 1882 5620 cum
1913 5567 2144 5636 genitum
2169 5564 2261 5619 Dei
2300 5563 2528 5619 Verbum
2568 5566 2942 5636 signiﬁcaverit
2966 5604 2980 5627 ,
3032 5571 3287 5630 tanquam

151 5645 219 5698 καὶ
239 5651 442 5723 πάμπαν
468 5649 863 5725 ἀπῳκισμένα
886 5649 979 5716 τῆς
995 5652 1215 5726 ἀρρήτου
1240 5652 1652 5725 γενεσιουργίας.

1761 5656 1951 5710 Filium
1998 5655 2088 5724 qui
2139 5655 2205 5708 de
2257 5653 2414 5710 Patre
2467 5657 2760 5719 exstiterit,
2816 5669 2922 5709 non
2963 5652 3290 5724 projectione

224 5817 259 5849 ⁸⁵
286 5820 445 5883 Exod.
475 5839 601 5888 xxv,
633 5822 736 5877 40.
795 5816 844 5848 ³⁸
883 5814 1016 5873 Psal.
1058 5839 1191 5891 mv,
1224 5826 1279 5892 2,
1313 5823 1363 5878 5.
1438 5824 1477 5856 ³²
1506 5823 1635 5879 ibid.

1763 5826 1815 5881 8.
1880 5827 1934 5909 _”
1959 5823 2093 5881 lbid.
2124 5824 2174 5876 i.
2253 5824 2297 5858 ³⁸
2332 5825 2483 5883 Joan.
2514 5831 2635 5894 1,1.
