3862 6362
885 363 999 421 507

1507 356 1770 414 EUSEBII
1801 354 2272 412 CJESARIENSIS
2306 355 2456 412 OPP.
2497 349 2698 406 PARS.
2735 347 2801 402 ll.
2840 376 2908 385 —
2933 336 3432 399 APOLOGETIL‘

956 492 1147 560 finium
1188 497 1337 540 terra:
1380 492 1570 537 sortem
1612 480 1792 547 accipit
1840 496 1872 531 a
1922 476 2120 540 Putre,
2162 483 2315 526 mttea
2348 472 2415 525 sit
2443 480 2481 533 Α

1922 476 2120 540 βαίνει
2162 483 2315 526 “mea
2348 472 2415 525 δίε
2443 480 2488 533 Α
2585 452 3402 560 42271369995232.5019:

959 559 1281 613 enuntiatus.

964 726 982 758 ι
1009 709 1184 772 Quare
1224 703 1553 756 fremuerunt
1594 705 1815 768 gentes,
1862 703 1919 749 et
1965 694 2145 764 p0puli
2179 690 2418 747 meditati

890 804 1017 851 sunt
1045 794 1264 849 inania?
1292 792 1590 846 Astiterunt
1626 803 1779 858 reges
1819 795 1976 840 terrae
1997 825 2012 848 ,
2055 792 2111 838 et
2148 781 2419 852 principes

890 887 1254 941 convenerunt
1273 880 1327 934 in
1350 894 1513 932 unum
1541 879 1801 932 adversus
1820 875 2098 928 Dominum
2115 910 2130 935 ,
2157 878 2211 925 et
2232 870 2420 924 adver-

890 990 984 1030 sus
1011 970 1279 1026 Christum
1311 968 1429 1037 ejus
1458 967 1501 998 ³⁷
1529 985 1542 1020 :
1577 986 1595 1018 ι
1622 965 1817 1035 quibus
1845 963 2098 1028 deinceps
2138 957 2417 1029 adjungit;

898 1085 917 1117 ι
951 1063 1061 1133 Ego
1087 1068 1264 1114 autem
1294 1057 1622 1112 constitutus
1645 1070 1763 1110 sum
1796 1069 1888 1108 rex
1916 1053 1982 1107 ab
2007 1066 2072 1105 eo
2100 1064 2262 1118 super
2292 1046 2422 1100 Sion

893 1160 1073 1208 monte
1111 1156 1298 1205 sancto
1324 1148 1471 1215 ejus,
1510 1145 1769 1199 nuntians
1806 1144 2132 1212 praeceptum
2163 1134 2376 1190 Domini
2408 1154 2420 1187 :

893 1241 1155 1299 Dominus
1207 1240 1341 1294 dixit
1383 1238 1449 1292 ad
1499 1252 1585 1290 me
1627 1233 1843 1289 :Filius
1887 1245 2040 1285 meus
2085 1243 2144 1282 es
2187 1233 2279 1290 tu,
2325 1237 2425 1293 ego

893 1332 1052 1388 hodie
1081 1330 1239 1402 genui
1269 1337 1357 1383 te:
1390 1326 1601 1397 postula
1639 1338 1670 1376 a
1714 1336 1827 1384 me,
1858 1327 1910 1374 et
1939 1318 2076 1373 dabo
2110 1316 2206 1370 tibi
2242 1322 2425 1384 gentes

890 1423 1253 1480 hatreditatem
1285 1428 1460 1482 tuam,
1488 1423 1541 1471 et
1569 1414 1962 1484 possessionem
1992 1417 2137 1462 tuam
2167 1404 2428 1460 terminos

890 1524 1049 1571 terra:
1077 1513 1121 1544 ³⁸
1150 1531 1164 1566 :
1196 1531 1215 1563 ›
1248 1508 1561 1580 planissime
1591 1505 1751 1560 etiam
1796 1503 1852 1555 in
1899 1500 1982 1555 his
2014 1498 2228 1550 divinus
2259 1493 2428 1563 Spiri-

894 1616 982 1660 tus
1031 1603 1305 1658 Christum
1363 1596 1623 1668 appellat,
1677 1592 1876 1661 Deique
1930 1587 2178 1644 eumdem
2233 1584 2425 1639 Filium

893 1700 1051 1749 vocat
1071 1730 1091 1756 ,
1116 1691 1257 1745 sicut
1287 1701 1386 1741 nos
1416 1684 1715 1740 docuerunt
1748 1694 1810 1734 ea
1844 1693 1962 1748 quae
1993 1675 2241 1746 superius
2284 1673 2427 1727 dicta

895 1791 1060 1845 sunt,
1096 1779 1366 1847 simulque
1396 1786 1447 1831 et
1474 1771 1987 1829 circumventionem
2021 1764 2308 1836 quamdam
2344 1761 2428 1815 fu-

895 1884 1076 1929 turam
1131 1877 1320 1924 contra
1374 1866 1523 1919 illum
1578 1862 1880 1933 signiﬁcat,
1934 1869 1988 1914 et
2039 1854 2278 1926 gentium
2332 1865 2428 1920 per
2461 1831 2499 1884 Β

895 1961 1141 2017 eumdem
1174 1959 1407 2012 futuram
1439 1953 1779 2009 vocationem
1808 1957 1932 2003 ante
1960 1944 2274 2005 denuntiat,
2309 1955 2428 2011 qua:

896 2051 1114 2122 quidem
1161 2064 1221 2103 re
1265 2047 1382 2117 ipsa
1430 2045 1605 2115 palam
1653 2043 1710 2097 in
1756 2040 2031 2093 Salvatore
2069 2042 2255 2090 nostro
2299 2032 2428 2087 Jesu

900 2120 1121 2194 Christo
1155 2136 1270 2206 ipse
1314 2149 1495 2188 rerum
1538 2140 1762 2187 eventus
1800 2126 2108 2184 declaravit.
2151 2120 2259 2177 Nec
2302 2122 2428 2174 dum

898 2230 1062 2301 igitur
1089 2234 1275 2299 gentes
1295 2264 1311 2289 ,
1336 2232 1388 2279 et
1414 2223 1630 2294 populi,
1661 2230 1714 2276 et
1740 2234 1893 2290 reges
1933 2225 1988 2273 et
2040 2214 2308 2285 principes
2335 2211 2429 2265 de-

899 2327 1130 2385 sistunt,
1158 2329 1268 2374 tum
1299 2317 1555 2372 adversus
1589 2315 1735 2368 illum
1766 2320 1878 2366 tum
1910 2310 2163 2365 adversus
2191 2307 2430 2377 ejusdem

899 2413 1195 2466 doctrinam
1221 2406 1525 2464 convenire.
1545 2403 1696 2471 Quod
1717 2403 1762 2458 si
1784 2402 1896 2456 haec
1914 2400 2081 2455 Judaei
2102 2398 2168 2452 ad
2193 2398 2430 2452 futurum

902 2501 1139 2557 referant
1170 2507 1416 2567 tempus,
1466 2496 1576 2565 jam
1630 2495 1750 2548 illos
1796 2491 1950 2545 fateri
1990 2496 2261 2559 oporteat,
2309 2502 2430 2542 eum

901 2606 1057 2660 quem
1104 2589 1205 2658 ipsi
1234 2592 1544 2656 exspectant
1574 2583 1869 2644 Christum,
1924 2594 2112 2635 rursus
2140 2578 2435 2655 circumve-

914 2678 1172 2734 niendum
1193 2716 1207 2738 ,
1232 2678 1369 2732 sicut
1388 2688 1623 2745 praesens
1649 2672 1807 2725 habet
1826 2669 2100 2724 oraculum
2117 2707 2132 2730 ,
2159 2666 2300 2736 quod
2323 2650 2427 2718 ait:

912 2764 1068 2837 183
1096 2784 1114 2816 ι
1153 2763 1449 2818 Astiterunt
1474 2776 1625 2830 reges
1653 2768 1826 2823 terrae,
1856 2766 1907 2813 et
1934 2755 2201 2827 principes
2239 2768 2435 2808 conve-

905 2863 1102 2911 nerunt
1140 2856 1195 2908 in
1244 2869 1406 2908 unum
1465 2852 1720 2906 adversus
1774 2847 2076 2911 Dominum,
2100 2853 2153 2900 et
2179 2845 2435 2900 adversus

906 2944 1177 3000 Christum
1207 2943 1326 3012 ejus
1360 2962 1372 2996 :
1415 2961 1433 2994 ι
1473 2940 1615 3011 quod
1652 2954 1781 2994 sane
1809 2937 1983 2991 daturi
2008 2950 2273 3005 nusquam
2305 2935 2433 2998 sint,

907 3036 1104 3107 quippe
1134 3033 1226 3103 qui
1269 3046 1518 3102 magnum
1553 3029 1835 3100 quemdam
1877 3027 2194 3097 principem,
2228 3040 2436 3096 regem-

2852 519 3185 600 .lt'zyé’di'wr
3235 519 3432 589 παρὰ

2577 607 2838 674 ρύττετο.

2592 715 2609 747 ι
2652 696 2765 747 Ἵνα
2807 691 2861 744 τί
2911 684 3202 758 ἐφρύαξαν
3266 680 3428 747 ἔθνη

2517 786 2677 850 κενά;
2707 781 3063 852 Παρέστησαν
3097 774 3153 825 οἱ
3210 768 3432 840 βασιλε

2518 891 2699 946 χοντες
2753 867 3098 939 συνήχθησαν
3150 862 3266 914 ἐπὶ
3318 859 3396 911 τὸ

2519 968 2609 1021 καὶ
2635 964 2769 1019 κατὰ
2808 961 2901 1015 τοῦ
2945 952 3202 1030 Χριστοῦ
3248 947 3432 1005 αὐτοξ

2526 1077 2543 1109 ι
2610 1055 2748 1123 Ἐγὼ
2815 1053 2872 1106 δὲ
2939 1042 3324 1112 κατεστάθην
3401 1038 3432 1108 β

2521 1147 2653 1201 Σιὼν
2697 1145 2819 1216 ὅρος
2870 1142 2931 1194 τὸ
2982 1140 3143 1207 ἅγιον
3215 1128 3419 1186 αὑτοῦ

2521 1254 2700 1308 ταγμα
2738 1232 2958 1305 Κυρίου.
2991 1228 3218 1298 Κύριος
3274 1221 3419 1275 εἷπε

2525 1330 2609 1393 σὺ,
2643 1325 2749 1395 ἐγὼ
2784 1325 3017 1393 σήμερον
3058 1310 3424 1385 γεγέννηκᾶ

2524 1417 2615 1470 καὶ¹
2650 1413 2800 1468 δώσω
2833 1428 2912 1463 σοι
2958 1407 3088 1476 ἔθνη
3132 1402 3250 1472 τὴν
3305 1400 3428 1467 κλη

2525 1500 2838 1574 ητάσχεσῖν
2869 1515 2958 1552 σου
2986 1496 3054 1549 τὰ
3081 1493 3325 1565 πέρατα
3363 1488 3432 1555 τί

2524 1596 2610 1649 διὰ
2643 1593 2842 1647 τούτων
2880 1588 2941 1641 τὸ
2983 1587 3126 1639 θεῖον
3158 1579 3432 1649 Πνεῦμα

2526 1684 2650 1739 Υἱόν
2686 1699 2747 1734 τε
2780 1680 2935 1732 αὑτὸν
2954 1673 3237 1730 ἀποκαλεῖ
3282 1667 3396 1721 τοῦ

2528 1772 2778 1846 ρευμένα,
2812 1766 2943 1839 ὁμοῦ
2974 1765 3068 1817 καὶ
3104 1757 3432 1826 ἐπιϐουλήν

2526 1845 2615 1919 τοῦ
2659 1860 2927 1932 σημαίνει,
2970 1850 3211 1908 καὶτῶν
3258 1845 3432 1900 ὲθνῶε

2526 1972 2620 2025 νην
2660 1952 2846 2022 κλῆσιν
2903 1940 3293 2016 προκηρύττει
3319 1955 3336 1968 ν
3401 1936 3432 1990 ὅ

2528 2045 2703 2116 ἔργοις
2735 2040 2825 2092 ἐπὶ
2849 2035 2941 2090 τοῦ
2970 2033 3241 2101 Σωτῆρος
3273 2027 3432 2098 ἡμῶη

2530 2133 2861 2206 πραγμάτων
2890 2121 3166 2186 ἐπέδειξεν
3204 2117 3427 2171 ἔκϐασι

2529 2223 2621 2276 καὶ
2638 2215 3010 2287 λαοὶ,βασιλείς
3021 2229 3081 2264 τε
3098 2209 3200 2263 καὶ
3216 2207 3432 2277 ἄρχονιι

2530 2330 2587 2366 τε
2605 2308 2763 2363 αὑτοῦ
2781 2305 2982 2373 καὶτῆς
2996 2296 3375 2357 διδασκαλίας
3396 2311 3432 2347 α

2534 2398 2786 2470 μέλλοντα
2812 2393 2997 2463 χρόνον
3030 2384 3382 2456 ἁναφέροιεν
3418 2398 3432 2415 ί

2529 2490 2643 2561 ῶρα
2666 2486 2754 2539 τὸν
2778 2479 3228 2554 προσδοκώμενον
3257 2474 3432 2528 αὐτοὶ·

2533 2576 2714 2630 σεσθαι
2730 2570 2880 2634 αὖθις
2895 2568 3202 2640 ὁμολογεῖν,
3224 2564 3384 2618 κατὰ
3401 2580 3432 2617 τ

2537 2689 2555 2721 ι
2583 2666 2926 2738 Παρέστησαν
2956 2662 3005 2712 οί
3038 2657 3292 2729 βασιλεῖς
3338 2654 3432 2725 ﬁt

2535 2756 2866 2829 συνήχθησαν
2897 2752 2988 2806 ἐπὶ
3020 2750 3082 2803 τὺ
3127 2749 3268 2802 αὐτὸ
3302 2764 3432 2801 κατε

2542 2849 2636 2903 τοῦ
2672 2842 2902 2918 Χριστοῦ
2932 2839 3095 2896 αὑτοῦ
3132 2856 3147 2870 ο
3188 2858 3208 2889 ι
3243 2840 3394 2910 ὅπερ

2533 2941 2653 2994 τινὰ
2689 2938 2858 3009 μέγαν
2897 2934 2993 2986 καὶ
3022 2931 3252 3002 βασιλέα
3287 2929 3432 2984 αἰών

2535 3030 2641 3084 τῶν
2689 3026 2902 3080 ἔσεσθαι
2944 3023 3032 3076 τὸν
3086 3021 3292 3091 ἥξοντα
3331 3021 3428 3090 Χρ

907 3131 1338 3195 quemternum,
1387 3121 1898 3191 Redemptoremque
1956 3133 2114 3173 suum
2151 3116 2265 3172 fore
2291 3130 2432 3181 eum,

1956 3133 2114 3173 suum
2151 3116 2265 3172 fore
2291 3130 2433 3181 eum,
2464 3138 2504 3195 ρ
2537 3120 2642 3191 γὰρ
2669 3118 2731 3189 δὴ
2760 3118 3003 3174 κάκεῖνος
3035 3110 3204 3165 ἐλθὼν
3234 3110 3306 3163 τὰ
3337 3111 3431 3180 ὂμι

908 3216 1002 3286 qui
1046 3221 1305 3270 venturus
1335 3214 1424 3278 sit,
1453 3213 1727 3268 Christum
1750 3216 2057 3280 exspectent
2088 3227 2104 3263 :
2135 3221 2258 3261 nam
2305 3206 2351 3260 si
2387 3213 2433 3261 et

1906 3216 2057 3264 ιοῑειιι
2088 3227 2104 3263 :
2135 3221 2258 3261 nam
2305 3206 2351 3260 Si
2387 3213 2441 3261 et
2541 3211 2635 3265 καὶ
2659 3209 2711 3262 τί
2746 3208 2818 3278 μὴ
2851 3205 3045 3276 μᾶλλον
3074 3201 3273 3271 ἐκείνῳ
3303 3201 3340 3271 ἢ
3379 3217 3431 3253 τι

910 3307 1001 3362 ille
1038 3320 1162 3360 eum
1187 3304 1393 3360 venerit
1434 3302 1619 3359 eadem
1659 3302 1895 3372 patiatur
1936 3316 2055 3371 quas
2094 3300 2205 3370 jam
2249 3313 2435 3369 passus

1936 3316 2055 3371 quae
2094 3300 2205 3370 jam
2249 3313 2441 3369 passus
2543 3299 2791 3369 mra-50v;
2826 3296 2887 3347 Et
2936 3293 3013 3357 δὲ,
3058 3289 3310 3345 ἐντεῦθεν
3367 3292 3431 3344 ἀπ

908 3405 994 3453 est
1026 3397 1119 3467 qui
1158 3396 1323 3461 venit,
1352 3394 1480 3464 quid
1526 3408 1703 3448 causa:
1735 3393 1805 3447 sit
1834 3408 1932 3447 cur
1972 3392 2048 3445 illi
2081 3390 2259 3460 potius
2282 3404 2440 3459 quam

909 3489 1038 3543 huic
1072 3486 1395 3542 credendum
1421 3494 1512 3539 aut
1539 3499 1648 3539 non
1676 3482 2036 3539 credendum?
2057 3481 2210 3548 Quod
2238 3480 2285 3535 si
2321 3479 2445 3533 inde

910 3579 1135 3643 exclusi,
1165 3578 1234 3632 ad
1258 3576 1445 3641 David,
1467 3576 1580 3631 sive
1601 3575 1666 3630 ad
1695 3574 1996 3645 quempiam
2024 3587 2090 3628 ex
2117 3571 2260 3626 illius
2281 3584 2446 3640 nepo-

912 3664 1316 3723 tibus'Judaicae
1341 3665 1512 3735 gentis
1537 3678 1736 3734 regem,
1754 3661 2031 3717 oraculum
2062 3659 2315 3722 referant,
2334 3658 2445 3726 jam

913 3760 1018 3814 erit
1039 3756 1511 3812 demonstrandum
1532 3754 1675 3825 quod
1698 3768 1872 3823 neque
1894 3751 2079 3814 David,
2112 3766 2283 3820 neque
2309 3749 2445 3803 alius

914 3847 1180 3918 quispiam
1229 3860 1414 3901 eorum
1467 3846 1558 3914 qui
1605 3857 1841 3914 unquam
1874 3843 2014 3912 apud
2044 3840 2297 3895 Hebraeos
2326 3839 2447 3892 illu-

917 3945 1057 3992 stres
1107 3933 1324 3998 fuerint,
1369 3941 1713 3997 memoratur,
1742 3931 1835 4001 qui
1884 3938 1977 3985 aut
2028 3929 2196 3984 Filius
2237 3928 2330 3982 Dei
2377 3927 2448 3982 sit

919 4026 1098 4095 aliquo
1131 4024 1347 4078 oraculo
1369 4023 1566 4088 dictus,
1591 4018 1775 4077 aut’ab
1794 4023 1910 4090 ipso
1933 4020 2039 4075 Deo
2060 4020 2289 4089 genitus,
2308 4017 2446 4071 sicut

916 4117 1009 4171 ille
1051 4114 1118 4169 de
1149 4127 1257 4184 quo
1294 4112 1539 4168 Psalmus
1587 4114 1907 4168 vaticinatur
1955 4126 2128 4180 neque
2180 4111 2446 4180 imperans

918 4202 1129 4259 cunctis
1157 4202 1424 4271 gentibus,
1454 4210 1508 4256 et
1549 4201 1767 4272 regibus
1803 4207 1858 4255 et
1889 4199 2243 4271 principibus,
2274 4205 2327 4253 et
2355 4212 2449 4268 po-

920 4295 1082 4365 pulis,
1102 4293 1196 4363 qui
1227 4293 1298 4347 sit
1321 4291 1531 4346 insidiis
1556 4293 1972 4347 circumventus.
2005 4290 2098 4345 Sin
2127 4298 2304 4344 autem
2328 4289 2447 4343 illo-

921 4399 1041 4437 rum
1073 4384 1253 4439 nullus
1280 4383 1401 4438 talis
1428 4384 1748 4446 ostenditur,
1776 4389 1830 4436 et
1874 4397 1934 4436 re
1966 4381 2081 4449 ipsa
2112 4387 2304 4433 cuncta
2335 4379 2448 4434 haec

2539 3388 2697 3444 Δαὸὶδ
2726 3387 2760 3457 ἦ
2799 3401 2915 3439 τινα
2941 3381 3046 3435 τῶν
3078 3380 3138 3445 ἐξ
3163 3378 3330 3432 αὐτοῦ
3360 3397 3432 3448 γε

2552 3477 2813 3534 Ἰουδαίων
2855 3473 3038 3535 ἔθνους
3075 3471 3406 3542 ἀναφέροιεν

2540 3568 2789 3629 δεικτέον,
2816 3564 2888 3627 ὡς
2915 3561 3036 3615 οὔτε
3069 3560 3252 3624 Δαὸὶδ,
3285 3559 3404 3612 οὔθ’

2541 3661 2667 3729 παρ’
2701 3654 2961 3727 Ἑϐραίοις
2989 3649 3260 3720 διαφανῶν
3295 3651 3432 3721 ἰστόι

2542 3749 2694 3811 τίσας
2730 3745 2822 3798 τοῦ
2843 3742 2998 3806 Θεοῦ,
3026 3740 3138 3794 οὗθ’
3172 3740 3275 3793 ὑπὸ
3305 3741 3404 3794 τοῦ

2541 3840 2609 3893 τὰ
2637 3839 2727 3891 τὸν
2750 3838 2807 3888 ὲν
2828 3833 2903 3904 τῷ
2922 3830 3118 3902 ψαλμῴ
3145 3828 3432 3901 θεσπιζόμε

2512 3947 2647 3999 ,των
2674 3926 2779 3981 τῶν
2811 3923 2977 3977 ἐθνῶν
3008 3923 3100 3976 καὶ
3131 3921 3415 3993 βασιλέων,

2543 4013 3066 4084 ἐπιϐεϐουλευμένος.
3116 4014 3178 4065 Εἰ
3225 4014 3268 4066 δ’
3308 4013 3432 4066 οὐδε

2545 4109 2722 4168 αὐτοῖς
2765 4105 2806 4157 δ’
2837 4104 3014 4175 ἔργοις
3044 4103 3348 4156 συνίσταται
3374 4120 3432 4155 το

2549 4198 2645 4268 μὲν
2691 4195 3001 4264 ὑπομείνας,
3036 4193 3128 4246 καὶ
3157 4191 3246 4245 νῦν
3274 4191 3330 4245 δὲ
3362 4192 3425 4245 ἔτ

2547 4286 2800 4359 βασιλέων
2819 4285 2910 4338 καὶ
2942 4284 3226 4354 ἀρχόντων,
3252 4282 3421 4336 ὲθνῶν

2550 4392 2705 4448 μενος
2747 4376 2775 4426 ὁ
2816 4372 3044 4445 Χριστὸς
3085 4372 3173 4424 τοῦ
3210 4370 3360 4435 Θεοῦ,
3402 4389 3432 4425 τ

919 4475 1326 4538 conﬁrmantur,
1343 4480 1454 4527 tum
1476 4474 1688 4543 quidem
1718 4471 1860 4541 quod
1877 4471 2003 4525 olim
2017 4471 2105 4524 illa
2121 4471 2444 4536 sustinuerit1

1906 4471 2105 4525 >limilla
2121 4471 2455 4537 sustinuerit,
2486 4460 2530 4518 υ
2556 4466 2714 4519 αὐτὸν
2742 4460 2877 4517 εἶναι
2904 4462 2993 4515 τὸν
3020 4462 3431 4533 προφητευόμενι

919 4571 1037 4621 tum
1081 4579 1209 4620 vero
1251 4564 1392 4634 quod
1436 4563 1611 4617 adhuc
1639 4570 1797 4632 atque
1824 4562 1982 4616 hodie
2009 4576 2240 4632 quoque,
2263 4576 2293 4615 a
2316 4562 2455 4632 regi-

920 4657 1043 4721 bus,
1087 4664 1141 4712 et
1178 4654 1529 4726 principibus,
1569 4664 1622 4709 et
1657 4653 1923 4724 gentibus,
1953 4662 2006 4708 et
2055 4653 2268 4724 populis
2297 4651 2455 4707 Chri-

920 4756 1039 4802 stus
1065 4744 1156 4800 Dei
1190 4751 1545 4817 oppugnetur,
1574 4743 1701 4813 quid
1726 4743 1837 4812 jam
1871 4742 2124 4812 impediat
2149 4759 2217 4798 ne
2243 4743 2356 4812 ipse
2385 4741 2454 4797 sit

919 4838 989 4893 de
1014 4852 1121 4907 quo
1157 4838 1432 4891 oraculum
1454 4835 1585 4889 illud
1606 4834 1927 4889 vaticinatur
1958 4835 2100 4905 quod
2132 4836 2204 4889 ait
2233 4852 2285 4887 ει
2308 4833 2452 4888 Asti-

920 4934 1100 4981 terunt
1149 4942 1302 4998 reges
1359 4935 1517 4982 terra:
1570 4935 1624 4980 et
1670 4924 1939 4996 principes
1992 4930 2355 4982 convenerunt
2401 4922 2456 4975 in

922 5030 1119 5082 unum,
1149 5020 1406 5075 adversus
1441 5018 1745 5081 Dominum,
1789 5025 1843 5072 et
1887 5017 2143 5075 adversus
2184 5016 2455 5071 Christum

923 5100 1086 5167 eius?
1121 5122 1140 5153 ι
1171 5107 1264 5158 ιιιιί
1295 5107 1456 5162 etiam
1487 5108 1659 5162 eidem
1686 5123 1803 5177 qua:
1828 5108 1883 5161 in
1913 5108 2099 5162 eodem
2131 5105 2337 5176 psalmo
2366 5116 2454 5155 se-

924 5198 1547 5277 quuntuerom'eniant,
1580 5199 1635 5252 in
1667 5198 1864 5267 quibus
1895 5198 2096 5252 dictum
2136 5204 2219 5251 est
2250 5212 2265 5246 :
2299 5211 2318 5242 ι
2347 5190 2455 5244 Do-

928 5278 1106 5330 minus
1133 5278 1265 5331 dixit
1310 5284 1375 5336 ad
1400 5300 1483 5338 me
1514 5306 1526 5339 :
1562 5287 1732 5344 Filius
1778 5303 1930 5343 meus
1959 5302 2017 5342 es
2044 5292 2122 5351 tu,
2158 5298 2256 5354 ego
2302 5280 2458 5334 hodie

928 5365 1096 5434 genui
1131 5372 1184 5419 te
1208 5370 1449 5434 :postula
1487 5388 1518 5425 a
1549 5390 1635 5430 me
1656 5385 1709 5431 et
1730 5377 1869 5434 dabo
1896 5377 1995 5431 tibi
2018 5381 2202 5446 gentes
2236 5368 2460 5425 haeredi-

925 5460 1089 5553 ίλξιθῐξι
1120 5460 1355 5553 “famem
1374 5463 1767 5525 possessionem
1788 5475 1935 5522 tuam
1951 5465 2209 5522 terminos
2233 5469 2415 5525 teme;
2437 5478 2455 5511 ι

926 5541 1124 5600 etenim
1158 5540 1272 5597 haec
1312 5559 1524 5615 quoque
1575 5550 1930 5615 indubitatum
1979 5561 2033 5615 in
2053 5572 2159 5614 uno
2187 5555 2278 5611 illo
2307 5565 2464 5608 even-

1001 5693 1210 5750 "Psal.
1256 5711 1315 5762 ιι,
1343 5697 1384 5772 pl
1421 5696 1473 5750 2.
1548 5704 1590 5735 ³⁸
1615 5704 1745 5762 ἰωὰ,
1785 5710 1897 5766 (3-3.

2554 4558 2670 4627 γίου
2691 4574 2708 4588 ο
2738 4574 2756 4606 ι
2786 4552 3136 4623 Παρέστησαν
3164 4553 3209 4605 οἱ
3246 4550 3431 4622 βασιλε

2556 4665 2737 4721 χοντες
2762 4643 3098 4715 συνήχθησαν
3125 4643 3209 4695 ἐπὶ
3229 4643 3284 4696 τὸ
3313 4645 3432 4698 αὐτὶ

2558 4738 2697 4793 κατὰ
2715 4736 2806 4790 τοῦ
2825 4731 3056 4804 Χριστοῦ
3080 4733 3262 4799 αὐτοῦς
3289 4752 3306 4784 ι
3337 4735 3432 4787 Md

2558 4826 2828 4898 φερόμενα
2873 4821 3126 4893 ἁρμόττοι
3156 4820 3216 4875 ἂν
3243 4822 3330 4876 τοῦ
3368 4823 3432 4893 ψσ

2564 4937 2582 4969 ι
2609 4915 2806 4985 Κύριος
2829 4908 2946 4965 εἷπε
2971 4912 3106 4983 πρὸς
3135 4912 3220 4983 μέ’
3250 4914 3367 4979 Υἱός
3402 4934 3432 4986 μ

2558 5005 2854 5077 γεγέννηκά
2880 5022 2959 5059 σε.
2993 5003 3210 5075 Αἴτησαι
3238 5009 3354 5078 παρ’
3380 5010 3432 5080 ἐι

2559 5097 2654 5167 τὴν
2703 5092 3058 5165 κληρονομίαν
3104 5109 3211 5157 σου,
3242 5095 3329 5147 καὶ
3366 5096 3429 5168 τὴ

2562 5186 2770 5256 πέρατα
2805 5184 2901 5254 τῆς
2927 5183 3048 5253 γῆς.
3079 5203 3096 5234 ι
3130 5184 3230 5237 Καὶ
3251 5186 3350 5259 γὰρ
3372 5205 3432 5241 κα

2563 5278 2653 5328 ἐπὶ
2683 5276 2842 5346 μόνον
2868 5272 3031 5328 αὐτοῦ
3060 5273 3153 5345 τὴν
3183 5275 3383 5333 ἔκϐασιν
3402 5284 3431 5334 τ

2564 5384 2683 5435 φεν,
2702 5368 2789 5420 ὅτε
2810 5366 2916 5420 τῶν
2942 5364 3104 5421 αὐτοῦ
3128 5368 3358 5442 μαθητῶν
3375 5376 3432 5435 εἰς

2566 5460 2654 5513 θεν
2684 5461 2713 5511 ὁ
2745 5458 2994 5528 φθόγγος,
3019 5459 3110 5512 καὶ
3131 5461 3203 5524 εἰς
3227 5462 3290 5517 τὰ
3312 5464 3432 5537 πέρα

2570 5552 2785 5622 ῥήματα
2820 5551 3016 5607 αὐτῶν.
3046 5570 3064 5604 ›
3101 5552 3371 5630 Διαρῥήδην
3411 5560 3432 5614 ὃ
