3862 6336
217 364 326 420 309
1145 370 1771 430 DEMO‘NSTRATIO‘NIS
1807 369 2249 432 EVANGELICIE
2279 369 2408 430 LIB.
2444 377 2531 432 iV.
3290 384 3393 436 510

216 482 297 542 ζει
330 472 733 566 προαγορξιξσας
758 475 792 566 :5
821 475 1007 545 λόγος,
1036 483 1112 546 ὡς
1137 486 1200 540 ἂν
1228 489 1284 552 ἐξ
1308 486 1464 540 αὐτοῦ
1492 484 1738 557 προσώπο

1873 498 1984 543 tum
2013 485 2296 558 prophetia:
2323 497 2481 543 nacta
2522 497 2663 552 sunt,
2694 493 2903 560 quando
2936 494 3077 548 illius
3105 495 3391 566 discipulo-

209 566 467 617 διδάσκων
516 563 678 616 αὐτὸν
730 558 878 616 εἶναι
931 567 1025 620 τὸν
1061 571 1187 626 Υίδν
1223 574 1314 626 τοῦ
1348 573 1499 638 Θεοῦ,
1537 573 1620 625 διὰ
1659 574 1734 625 τοί

1877 593 1994 630 rum
2031 595 2049 626 ι
2085 577 2138 628 in
2170 588 2376 627 onmem
2423 584 2618 630 terram
2665 558 2824 630 exivit
2869 593 3054 644 sonus,
3084 590 3137 635 et
3168 583 3222 635 in
3241 558 3391 638 tinea

213 674 231 705 ι
262 653 462 722 Κύριος
498 649 618 703 εἷπε
655 652 798 722 πρὸς
835 654 905 724 μέ
928 672 942 686 ο
979 657 1108 722 Υἱός
1143 679 1240 730 μου
1271 658 1318 713 εἴ
1346 664 1428 724 σὺ,
1463 660 1567 728 ἐγὼ
1612 663 1738 732 σήμε

1875 663 2020 717 orbis
2044 671 2194 716 terra:
2221 661 2376 716 verba
2406 678 2589 716 eorum
2607 663 2670 716 ”.
2697 682 2715 714 ›
2748 662 2904 719 Plane
2922 675 3092 722 autem
3117 669 3387 723 Christum

209 760 297 814 ρον
330 741 636 810 γεγέννηκά
677 759 740 793 σε
781 759 795 773 ·
841 762 860 794 ι
911 739 956 812 ᾧ
1001 749 1332 818 παραθήσεις
1368 750 1545 802 καὶτὸ
1573 753 1628 802 ὲν
1660 750 1734 803 Ha

1875 753 2110 804 nominat
2152 764 2266 819 quae
2305 752 2570 804 antecedit
2619 753 2807 813 oratio,
2841 761 3091 821 tanquam
3124 771 3190 810 ex
3221 758 3388 825 ipsius

203 832 446 905 ροιμίαις
478 830 642 884 πάλιν
675 831 740 895 ἐξ
763 833 935 887 αὑτοῦ
973 836 1259 906 προσώπου
1283 833 1379 891 ὦδέ
1415 858 1526 902 πως
1555 843 1728 910 είρημε

1874 855 2096 908 persona
2149 840 2366 902 docens,
2401 841 2546 894 illum
2598 856 2716 895 esse
2762 840 2952 893 Filium
2993 842 3104 906 Dei,
3138 845 3228 898 ubi
3265 847 3381 900 aitf

202 941 290 977 νον
309 939 323 956 ο
372 940 392 972 ι
422 920 533 992 Πρὸ
557 919 654 972 τοῦ
689 919 798 991 ὅρη
835 923 1179 993 ἐδρασθῆναιζ
1212 927 1315 996 πρὸ
1341 927 1395 979 δὲ
1416 911 1624 980 πάντων
1652 930 1727 998 βοι

1878 947 1895 980 ι
1933 929 2183 982 Dominus
2214 927 2348 982 dixit
2373 928 2438 981 ad
2474 944 2588 982 me:
2620 928 2785 983 Filius
2812 945 2959 984 meus
2981 945 3038 984 es
3067 939 3142 994 tu,
3169 948 3264 1002 ego
3291 934 3385 987 ho-

198 1012 311 1064 νῶν
340 1012 500 1080 γεννᾷ
531 1025 626 1078 με,
655 1028 676 1061 ι
711 1010 776 1061 τό
805 1028 866 1063 τε
899 1014 957 1064 ὲν
988 1012 1275 1084 ρθ¹ψαλμῷ
1297 1017 1426 1086 πρὸς
1456 1017 1543 1068 τοῦ
1566 1018 1723 1088 Πατρί

1872 1019 1954 1072 die
1999 1019 2150 1086 genui
2182 1025 2264 1082 te;
2309 1037 2327 1068 ι
2377 1019 2462 1072 cui
2504 1019 2760 1087 adiunges
2805 1019 2962 1073 etiam
2996 1019 3124 1074 illud
3161 1023 3300 1090 quod
3329 1025 3382 1077 in

199 1102 351 1172 αὐτῷ
385 1103 928 1172 προσπεφωνημένον
959 1103 1099 1156 κατά
1127 1104 1204 1170 τὸ,
1228 1123 1247 1155 ι
1290 1106 1378 1157 Ἐκ
1409 1108 1634 1178 γαστρὸς
1665 1125 1724 1178 πε

1869 1107 2225 1162 Proverbiis”
2253 1123 2316 1161 ex
2364 1122 2586 1177 persona
2621 1108 2857 1176 ejusdem
2911 1109 3167 1176 prolatum
3197 1121 3278 1164 est
3317 1113 3381 1165 ad

205 1193 515 1262 Ἑωσφόρου
539 1192 861 1262 γεγέννηκά
886 1209 965 1244 σε.
992 1213 1011 1244 ›
1033 1194 1342 1263 Ἐπίστησον
1367 1196 1440 1258 δὲ,
1467 1197 1539 1260 ώς
1562 1198 1653 1250 ἕνα
1677 1217 1730 1250 κο

1934 1213 2010 1251 lnc
2051 1198 2264 1251 modum
2300 1213 2355 1252 se
2393 1198 2636 1252 habens:
2673 1216 2693 1248 ι
2729 1199 3022 1266 Antequam
3051 1206 3256 1254 montes
3295 1205 3382 1252 llr.
3454 1225 3459 1230 -

194 1285 284 1337 τὸν
311 1283 472 1335 αὐτὸν
498 1283 775 1352 ὀνομαστὶ
807 1283 1039 1352 Χριστὸν
1069 1282 1200 1351 ὁμοῦ
1245 1284 1336 1335 καὶ
1361 1285 1483 1338 Υίὸν
1515 1286 1646 1338 θεοῦ
1676 1289 1719 1338 es

1865 1299 2153 1349 marentur,
2169 1298 2221 1342 et
2253 1296 2373 1342 ante
2403 1303 2589 1342 omnes
2617 1289 2780 1343 colles
2809 1289 2973 1360 gignit
3000 1305 3103 1356 me,
3129 1310 3146 1340 ›
3172 1291 3381 1360 etquod

192 1371 493 1444 ἀνθρώπων
526 1372 1041 1441 ἐπιϐουλευόμενον,
1075 1371 1165 1422 καὶ
1197 1372 1391 1443 κλῆρον
1417 1374 1482 1426 τά
1521 1375 1643 1444 ἔθνη
1669 1375 1717 1426 λτ

1864 1376 1917 1429 in
1937 1375 2079 1430 cxx“
2125 1377 2328 1444 psalmo
2358 1390 2387 1428 a
2425 1374 2578 1429 Patre
2607 1376 2672 1429 ad
2705 1377 2850 1430 illum
2882 1379 3080 1432 dictum
3137 1385 3238 1441 est,
3284 1379 3383 1435 hoc

190 1462 442 1531 ᾠόμενον,
475 1463 747 1532 περάτων
775 1479 835 1514 τε
858 1461 963 1530 γῆς
992 1463 1324 1532 κρατήσοντα
1355 1463 1684 1528 θεσπίζουσιν
1708 1485 1715 1516 ι

1865 1464 2022 1517 modo
2047 1479 2059 1513 :
2089 1483 2106 1514 ι
2133 1463 2208 1516 Ex
2241 1472 2393 1516 utero
2420 1470 2539 1516 ante
2563 1463 2862 1518 Luciferum
2889 1465 3041 1534 genui
3068 1473 3135 1519 te.
3173 1485 3190 1516 ι
3228 1464 3383 1536 1“

192 1552 332 1623 ίεραὶ
386 1552 637 1622 Γραφαὶ,
676 1551 800 1603 δυσὶ
832 1550 1146 1620 τεκμηρίοις
1191 1552 1285 1620 τὴν
1333 1553 1408 1614 είς
1455 1552 1717 1622 ἀνθρώποι

1865 1551 1968 1607 Sed
2007 1552 2238 1616 attende,
2273 1551 2715 1620 quemadmodum
2746 1569 2907 1606 unum
2940 1564 2992 1608 et
3017 1554 3256 1608 eumdem
3287 1569 3381 1606 no-

187 1643 499 1712 οἰκονομίαν
544 1641 728 1694 αὑτοῦ
765 1644 1142 1711 σημαίνουσαι,
1175 1641 1260 1693 διά
1295 1658 1352 1692 τε
1380 1642 1476 1710 τῆς
1507 1641 1622 1692 κατ’
1660 1642 1712 1693 αὖ

1860 1642 2100 1694 minatim
2134 1641 2403 1696 Christum
2433 1640 2590 1694 simul
2619 1649 2670 1694 et
2699 1641 2890 1694 Filium
2924 1642 3035 1706 Dei,
3061 1643 3149 1712 qui
3187 1643 3254 1696 ab
3287 1643 3380 1695 ho-

187 1731 275 1782 τοῦ
315 1731 602 1800 ωσκευῆς
640 1731 741 1784 καὶ
772 1730 861 1782 διά
889 1732 987 1800 τῆς
1015 1732 1103 1782 ὑπ’
1127 1731 1282 1784 αὑτὸν
1313 1731 1416 1782 τῶν
1439 1729 1600 1782 ἐθνῶν
1628 1731 1712 1781 ὑπι

1859 1731 2091 1785 minibus
2120 1733 2188 1784 sit
2208 1730 2723 1794 circumveniendus,
2739 1738 2790 1784 et
2811 1739 3005 1785 sortem
3029 1739 3208 1801 gentes
3231 1745 3378 1785 acce-

185 1820 374 1888 ταγῆς.
1859 1824 2066 1886 pturus,
2095 1826 2147 1872 et
2195 1817 2324 1872 ﬁnes
2376 1827 2530 1872 terrae
2573 1831 2942 1886 possessurus,
2993 1833 3156 1872 sacrae.
3193 1819 3378 1872 littera:

185 1911 425 1965 futurum
463 1917 706 1973 canant,
737 1909 946 1964 duobus
978 1909 1143 1978 signis
1171 1910 1314 1966 illius
1369 1911 1511 1964 inter
1540 1909 1782 1964 homines
1841 1907 2290 1977 dispensationem
2333 1908 2709 1977 signiﬁcantes,
2769 1917 2820 1961 et
2859 1908 3248 1977 conspiratione
3284 1907 3377 1962 ad-

183 2015 369 2055 versus
432 1999 602 2054 illum
657 1998 842 2052 futura
868 2005 920 2052 et
947 2001 1179 2067 gentium
1217 2002 1318 2055 sub
1347 2002 1588 2056 eumdem
1621 2001 1967 2070 subjectione.

189 2113 435 2181 Ψαλμοῦ
470 2116 570 2166 ιθν.
599 2142 678 2184 -τ
702 2113 955 2184 Χριστὸς
978 2116 1255 2183 ὀνομαστὶ
1281 2116 1398 2168 τῶν
1426 2117 1714 2184 αἱτημάτω

1847 2117 1887 2168 Α
1924 2115 2122 2183 psalmo
2152 2130 2260 2167 xix.
2307 2147 2373 2155 —-
2419 2115 2652 2168 Christus
2703 2115 3004 2167 nominatim
3061 2129 3369 2184 quwcunquc

517 2180 691 2248 παρὰ
727 2181 830 2234 τοῦ
860 2180 1088 2249 Πατρός(
1107 2184 1428 2252 τυγχάνων.
1544 2180 1567 2184 ⁷⁷
1925 2180 1934 2183 ’

1544 2180 1567 2184 Ὗ
1925 2180 1934 2183 ’
2196 2185 2415 2246 postulet
2446 2201 2478 2236 a
2518 2185 2675 2236 Patre
2711 2185 3005 2250 impetratis.

251 2290 268 2320 ι
295 2269 612 2340 Πληρὼσαι
647 2269 855 2339 Κύριος
887 2270 1060 2324 πάντα
1096 2272 1162 2324 τὰ
1189 2273 1457 2342 αἰτήματα
1487 2290 1575 2324 σου
1611 2291 1623 2302 ο
1659 2273 1749 2326 νῦν

1921 2287 1940 2320 ι
1969 2271 2189 2340 impleat
2223 2269 2479 2325 Dominus
2504 2286 2688 2326 omnes
2719 2272 3000 2340 petitiones
3030 2279 3149 2325 tuas
3184 2290 3197 2326 :
3231 2286 3374 2326 nunc

181 2360 362 2425 ἔγνων,
396 2361 488 2411 ὅτι
545 2358 730 2410 ἔσωσε
766 2358 966 2429 Κύριος
1005 2361 1093 2414 τὸν
1140 2361 1367 2431 Χριστὸν
1399 2361 1578 2426 αὐτοῦ,
1617 2365 1706 2414 ὲπο

1848 2360 2070 2427 cognovi
2098 2359 2236 2428 quod
2258 2361 2460 2414 salvum
2484 2359 2606 2414 fecit
2629 2359 2882 2414 Dominus
2901 2359 3171 2414 Christum
3193 2376 3369 2423 suum,

182 2449 429 2501 καύσεται
471 2446 655 2501 αὐτοῦ
690 2445 748 2510 ἐξ
781 2447 1005 2518 οὐρανοῦ
1030 2449 1180 2515 ἁγίου
1212 2449 1427 2503 αὑτοῦ.»
1448 2450 1595 2501 Ἐπεὶ
1627 2467 1707 2518 πρ‹

1849 2448 2091 2502 exaudiet
2129 2449 2275 2501 illum
2327 2450 2392 2503 de
2438 2451 2574 2503 coelo
2615 2456 2800 2502 sancto
2857 2452 3026 2502 suo".
3060 2469 3078 2500 ι
3113 2449 3373 2514 Quoniam

181 2557 348 2593 κειται
388 2539 495 2591 νῦν
530 2539 897 2609 παραστῆσαι
923 2538 987 2590 δι’
1011 2539 1146 2592 ὅσων
1179 2541 1429 2610 ὀνομαστὶ
1459 2541 1487 2592 ὁ
1526 2540 1706 2610 Χριστὶ

1849 2553 1991 2590 nunc
2035 2539 2364 2606 prepositum
2396 2546 2476 2592 est
2517 2539 2883 2593 demonstrare
2909 2540 2962 2591 in
3005 2553 3162 2608 quam
3192 2539 3372 2594 multis

180 2633 232 2685 ὲν
261 2634 376 2694 ταῖς
404 2629 792 2702 προφητείαις
828 2630 1201 2701 ἀνηγόρευται,
1234 2633 1450 2694 είκότως
1481 2631 1571 2684 καὶ
1591 2632 1705 2684 ταῦτ

1849 2627 1982 2681 locis
2004 2628 2313 2682 nominatim
2336 2627 2579 2682 Christus
2602 2629 2740 2697 apud
2776 2628 3058 2697 prophetas
3085 2630 3153 2682 sit
3173 2629 3368 2692 dictus,

178 2721 556 2790 παρατίθεμαι
583 2718 836 2789 ἐναργῶς
863 2720 1196 2790 κηρύττοντα
1232 2721 1320 2773 τὸν
1345 2721 1703 2791 Χριστόν.”ολ‹

1851 2716 2041 2769 merito
2081 2717 2360 2786 adjungam
2382 2717 2493 2770 haec
2525 2732 2735 2786 quoque
2766 2719 2820 2771 in
2843 2718 3036 2787 quibus
3065 2718 3371 2787 planissime

176 2812 227 2865 δὲ
257 2817 284 2866 ὁ
312 2813 547 2883 ψαλμὸς
592 2815 661 2865 ἐκ
712 2811 1000 2884 προσώπου
1042 2811 1148 2864 τῶν
1175 2813 1340 2880 ἁγίων
1370 2812 1573 2883 ἀνδρῶν
1596 2814 1701 2882 εὖχὶ

1850 2800 2094 2857 Christus
2134 2804 2429 2861 nuntiatur.
2449 2803 2705 2858 Cmterum
2730 2812 2874 2860 totus
2906 2807 3140 2873 psalmus
3162 2820 3224 2859 ex
3254 2819 3373 2873 per-

178 2905 493 2975 ἀναπέμπει
519 2905 612 2965 είς
634 2903 698 2955 τὸ
716 2902 810 2956 τοῦ
834 2903 1066 2973 Χριστοῦ
1095 2903 1395 2974 πρόσωπον.
1413 2904 1623 2974 Ἐπειδὴ
1647 2906 1703 2972 γὲ

1853 2907 1984 2946 sona
2025 2901 2331 2946 sanctorum
2374 2894 2611 2948 virorum
2643 2910 2825 2964 preces
2855 2897 3048 2950 emittit
3102 2897 3152 2948 in
3204 2896 3371 2965 ipsius

177 2992 234 3044 δι’
255 2995 403 3062 ἡμᾶς
424 2993 532 3045 καὶ
567 2991 718 3059 ὑπὲρ
746 2990 905 3060 ἡμῶν
926 2993 1104 3044 πᾶσαν
1123 2991 1399 3055 ἀνεδέξατο
1429 2992 1580 3063 ὓϐριν
1604 2995 1756 3047 ὲναν-
1851 2983 2050 3038 (λιπῖεῑί
2108 2999 2409 3053 Ρετεοηθῐηο
2461 2985 2594 3037 cum
2636 2985 2776 3040 θηίῐη
2813 2995 3026 3054 Propter
3054 3001 3149 3040 "03
3185 2993 3238 3039 εί
3276 2999 3370 3054 Pro

175 3079 493 3149 θρωπήσας,
527 3077 824 3147 εὐχομένω
866 3078 1012 3147 αὑτῷ
1039 3079 1131 3131 καὶ
1171 3079 1402 3150 δεομένῳ
1423 3081 1518 3133 τοῦ
1549 3083 1700 3152 Πατρ

1852 3073 2004 3127 nobis
2049 3072 2220 3126 factus
2276 3073 2452 3132 homo,
2481 3087 2666 3126 omnes
2698 3074 2961 3141 acceperit
2999 3073 3368 3138 contumelias,

174 3168 304 3240 ὑπὲρ
321 3173 354 3240 ἡ
363 3170 490 3240 μῶν
516 3169 894 3238 διδασκόμεθα
923 3169 1284 3239 συνεύχεσθαι,
1306 3165 1390 3224 οἷα
1411 3172 1472 3240 δὴ
1492 3173 1615 3235 τοὺς
1635 3191 1699 3225 κα

1853 3179 1958 3217 una
1988 3178 2107 3216 cum
2131 3163 2220 3216 illo
2240 3163 2569 3231 supplicante
2587 3171 2638 3217 et
2653 3161 2860 3216 Patrem
2885 3177 2980 3231 pro
3008 3163 3161 3218 nobis
3184 3164 3370 3231 depre-

172 3261 320 3330 ημῶν
374 3260 694 3330 πολέμους,
731 3258 841 3310 εἴτε
896 3260 1122 3329 ὁρατοὺς
1174 3260 1280 3312 εἴτε
1326 3261 1418 3313 καὶ
1473 3263 1697 3332 ἀοράτου

1852 3259 2027 3316 cante,
2064 3253 2165 3321 ipsi
2213 3267 2424 3321 quoque
2455 3252 2710 3306 docemur
2747 3267 2920 3315 orare,
2963 3260 3212 3320 tanquam
3248 3267 3367 3306 cum

172 3350 524 3420 ἀμυνομένῳ.
581 3349 677 3400 Διὸ
733 3347 828 3400 καί
872 3365 1047 3418 φαμεν
1090 3350 1246 3419 ἡμεῖς
1280 3350 1412 3420 πρὸς
1455 3349 1610 3404 αὐτὸν
1651 3353 1697 3403 ἀτ

1852 3357 1916 3395 eo
1963 3343 2054 3411 qui
2104 3341 2240 3395 bella
2283 3341 2565 3395 adversum
2599 3355 2717 3403 nos,
2749 3341 2860 3395 sive
2888 3341 3114 3394 visibilia
3144 3341 3232 3392 illa
3262 3341 3369 3394 sint

173 3441 261 3492 τοῦ
277 3439 509 3509 ψαλμοῦ
543 3437 728 3499 οὕτως
742 3439 949 3506 ἔχοντα·
974 3457 992 3488 ι
1025 3437 1344 3491 Ἐπακούσαι
1371 3456 1459 3491 σου
1487 3439 1679 3509 Κύριος

1855 3432 1966 3485 sive
2011 3431 2168 3484 etiam
2212 3431 2520 3496 invisibilia,
2558 3431 2848 3500 pr0pulset.
2885 3430 3058 3496 Quare
3089 3447 3118 3484 a
3163 3433 3367 3500 psalmo

168 3531 344 3600 ἡμέρᾳ
379 3528 667 3596 θλίψεως·
705 3527 1074 3596 ὑπερασπίσαι
1099 3545 1188 3579 σου
1214 3528 1273 3580 τὸ
1299 3527 1464 3597 ὄνομα
1493 3528 1582 3580 τοῦ
1613 3529 1693 3580 Θει

1843 3521 2004 3576 verba
2032 3521 2124 3573 illa
2151 3520 2469 3590 accipientes
2495 3521 2558 3574 ad
2591 3521 2738 3574 illum
2781 3521 2956 3574 dicere
2984 3521 3234 3582 solemus,
3253 3536 3368 3588 quae

179 3619 396 3672 'laxtb6°
437 3617 846 3684 ὲξαποστείλαι
879 3634 959 3670 σοι
993 3617 1236 3688 βοήθειαν
1266 3616 1323 3681 ἐξ
1367 3616 1539 3683 ἁγίου,
1569 3617 1658 3668 καὶ
1685 3618 1704 3667 ὲ

1844 3611 1922 3666 sic
1957 3611 2151 3664 habent
2184 3627 2199 3664 :
2236 3628 2254 3660 ι
2298 3607 2558 3664 Exaudiat
2593 3617 2642 3662 te
2688 3607 2939 3662 Dominus
2962 3608 3016 3660 in
3041 3606 3125 3660 die
3149 3607 3369 3660 tribula-

165 3708 296 3760 Σιὼν
320 3707 689 3762 ἀντιλάϐοιτό
723 3707 883 3758 sou.)
933 3702 1040 3758 Εἶτ’
1068 3706 1360 3776 ἐπειδήπερ
1393 3706 1535 3756 ἐστὶν
1557 3707 1690 3757 οἰκεῖ

1843 3701 2005 3755 tionis
2037 3710 2159 3754 tuaa.
2191 3699 2442 3769 Protegat
2497 3709 2548 3752 te
2589 3712 2782 3752 nomen
2833 3696 2924 3752 Dei
2965 3695 3130 3750 Jacob
3155 3696 3367 3779 amittat

159 3799 326 3869 αὐτῷ,
364 3801 468 3853 ἆτε
509 3797 749 3869 μεγάλῳ
781 3797 892 3850 ὄντι
917 3799 1175 3867 ἀρχιερεῖ,
1207 3797 1306 3858 τὰς
1340 3799 1396 3848 ὲν
1432 3796 1684 3864 δοξολογία

1842 3792 1938 3846 tibi
1969 3791 2223 3843 auxilium
2256 3789 2322 3844 de
2350 3797 2556 3852 sancto,
2582 3798 2636 3842 et
2666 3788 2730 3842 de
2748 3787 2875 3841 Sion
2902 3787 3156 3855 suscipiat
3182 3793 3234 3839 te
3249 3785 3314 3837 “.
3342 3803 3360 3836 ι

163 3891 248 3940 καὶ
292 3889 624 3958 θεολογίαις
659 3887 1028 3956 πνευματικὰς
1063 3887 1366 3956 ἱερουργίας
1413 3886 1548 3957 ὑπὲρ
1594 3887 1688 3955 ἠμί

1841 3879 2038 3934 Deinde
2077 3879 2325 3948 quoniam
2359 3879 2434 3932 illi
2463 3879 2736 3948 proprium
2779 3887 2882 3941 est,
2912 3886 3162 3947 tanquam
3189 3877 3237 3931 ei
3273 3879 3364 3947 qui

157 3983 420 4046 ἐκτελεῖν,
457 3982 572 4034 καὶ
607 3980 910 4049 ἐπειδήπερ
939 3973 1027 4032 οἷά
1052 3996 1112 4030 τε
1147 3980 1318 4048 ἱερεὺς
1345 3978 1500 4040 αὐτός
1528 3995 1585 4029 τε
1615 3979 1682 4029 ὲα

1840 3985 2063 4040 magnus
2088 3970 2156 4025 sit
2183 3969 2439 4039 pontifex,
2477 3970 2774 4039 spirituaiia
2812 3971 2866 4022 in
2896 3969 3365 4038 gloriﬁcationibus

157 4067 242 4120 τὸν
269 4071 366 4121 xui.
396 4070 462 4122 ὃν
496 4067 804 4136 ἀνείληφεν
830 4067 935 4119 ἀπὸ
963 4068 1063 4135 γῆς
1095 4066 1391 4136 ἄνθρωπον,
1428 4067 1560 4136 ὑπὲρ
1591 4068 1682 4135 ἠμί

1842 4075 1902 4114 ac
1922 4059 2388 4128 przedicationibus
2409 4059 2474 4113 de
2503 4058 2631 4124 Deo,
2651 4060 2910 4114 sacriﬁcia
2939 4075 3035 4128 pro
3063 4060 3218 4115 nobis
3238 4074 3367 4113 con-

154 4155 533 4226 δὶοκαὺτωμα
577 4155 990 4226 προσανήνεγκε
1035 4153 1112 4223 τῷ
1157 4153 1273 4222 Θεῷ
1307 4155 1397 4206 καὶ
1429 4154 1625 4223 Πατρί·
1657 4154 1679 4205 δ

1840 4149 2015 4215 ﬁcere,
2042 4149 2399 4218 quoniamque
2430 4159 2487 4204 ut
2514 4149 2765 4204 sacerdos
2786 4157 2838 4203 et
2862 4150 3204 4218 semetipsum
3227 4149 3363 4218 ipse,

154 4245 308 4299 τοῦτό
341 4262 547 4315 φαμεν
587 4243 773 4312 αὐτῷ’
807 4263 824 4294 ι
861 4244 1134 4314 Μνησθείη
1185 4247 1357 4313 πάσης
1401 4245 1584 4306 θυσίας
1628 4263 1679 4297 σο

1841 4246 1890 4293 et
1919 4254 2076 4307 quem
2135 4239 2424 4308 assumpsit
2475 4239 2540 4293 de
2591 4246 2733 4292 terra
2764 4239 3052 4302 hominem,
3085 4255 3182 4308 pro
3209 4240 3366 4294 nobis

153 4334 334 4387 καὶτὸ
368 4333 762 4403 ὀλοκαύτωμά
804 4350 897 4384 σου
940 4334 1200 4386 πιανάτω.
1235 4353 1252 4384 ι
1289 4335 1393 4387 Καὶ
1421 4336 1538 4388 ἐπεὶ
1569 4335 1678 4387 πάν

1838 4329 2128 4398 perfectum
2156 4337 2313 4398 atque
2344 4330 2606 4398 integrum
2649 4329 2967 4383 sacriﬁcium
2995 4329 3102 4384 Deo
3133 4337 3186 4383 et
3219 4328 3363 4383 Patri

151 4424 248 4475 ὅσα
283 4425 651 4492 βουλεύεται,
690 4423 934 4493 σωτήρια
985 4426 1098 4475 ἐστι
1149 4425 1241 4476 καὶ
1292 4424 1536 4494 ὠφέλιμα
1579 4427 1676 4477 ἐν’

1840 4420 2046 4486 obtulit,
2103 4421 2305 4474 idcirco
2361 4421 2427 4474 ad
2481 4421 2627 4473 illum
2687 4421 2914 4476 dicimus
2955 4440 2968 4475 :
3013 4439 3032 4471 ι
3071 4420 3268 4475 Memor
3296 4423 3365 4475 sit

152 4510 364 4580 κόσμῳ,
404 4511 655 4571 είκὸτως
687 4508 1067 4578 ὲπιφωνοῦμεν
1111 4509 1275 4579 αὐτῷ,
1307 4530 1326 4561 ι
1353 4511 1470 4580 Δῴη
1515 4529 1592 4564 σοι
1632 4514 1677 4563 Κ

1839 4509 2010 4563 omnis
2045 4509 2291 4564 sacriﬁcii
2341 4511 2440 4573 tui,
2469 4519 2520 4564 et
2564 4510 2933 4565 holocaustum
2969 4519 3120 4564 tuum
3173 4511 3364 4579 pingue

153 4615 262 4666 ριος
294 4601 453 4653 κατά
481 4599 594 4668 τὴν
629 4597 860 4667 καρδίαν
892 4615 1006 4660 σου,
1041 4619 1058 4649 ι
1097 4600 1356 4666 λέγοντες,
1397 4621 1414 4652 ι
1445 4604 1534 4654 καὶ
1568 4607 1678 4656 πᾶσ

1839 4597 2076 4652 faciat“.
2123 4618 2141 4650 ι
2189 4598 2252 4652 Et
2309 4601 2433 4668 quia
2479 4600 2658 4653 omnia
2704 4615 3032 4671 quiscunque
3085 4599 3361 4658 deliberat,

150 4688 245 4756 τὴν
283 4687 497 4758 βουλήν
535 4705 635 4740 σου
670 4685 980 4757 πληρώσαι.
1011 4707 1027 4736 ι
1062 4683 1152 4749 Οἷς
1176 4689 1299 4757 ἑξῆς
1326 4691 1422 4757 τὴν
1453 4692 1514 4742 ὲκ
1540 4708 1675 4762 νεκρι

1840 4687 2092 4742 salutaria
2131 4695 2255 4741 sunt
2287 4697 2444 4756 atque
2481 4688 2631 4741 utilia
2673 4688 2892 4750 mundo,
2923 4689 3041 4755 jure
3083 4694 3136 4740 et
3176 4687 3364 4738 merito

151 4774 459 4828 ἀνάστασιν
494 4773 673 4826 αὐτοῦ
698 4773 1107 4844 ὁμολογοῦντες,
1139 4777 1312 4845 φαμέν
1330 4793 1342 4805 ·
1363 4795 1379 4826 ι
1405 4759 1676 4844 Ἀγαλλιαο

1841 4778 1919 4833 sic
1947 4777 2092 4828 illum
2140 4777 2458 4846 alloquimur
2492 4797 2503 4830 :
2539 4795 2556 4827 ι
2603 4776 2960 4831 Tribuattibi
2997 4776 3252 4829 Dominus
3281 4791 3363 4828 se—

155 4863 292 4930 μεθα
324 4867 389 4917 ἐν
426 4865 516 4933 τῷ
574 4864 832 4932 σωτηρίῳ
865 4880 979 4915 σου.
1015 4883 1031 4913 ι
1063 4865 1322 4934 Σωτήρων
1350 4865 1453 4935 γὰρ
1484 4866 1574 4918 τοῦ
1606 4870 1680 4940 Χρ

1841 4866 2071 4921 cundum
2131 4879 2223 4917 cor
2275 4875 2444 4933 tuum,
2483 4875 2536 4920 et
2588 4882 2744 4921 omne
2764 4868 3046 4921 consilium
3088 4873 3236 4918 tuum
3265 4865 3363 4918 im-

157 4952 279 5003 στοῦ
305 4955 360 5004 τί
398 4953 472 5004 ἂν
505 4952 703 5022 ἕτερον
735 4953 914 5002 νοοῖτο
941 4953 987 5002 εί
1024 4953 1150 5020 μ.ηὴ
1185 4955 1246 5003 ἐκ
1281 4952 1484 5020 νεκρῶν
1512 4955 1676 5007 ἀνάστ

1843 4956 2057 5027 pleat}'.
2101 4975 2119 5008 ι
2163 4955 2241 5008 Ad
2277 4957 2388 5009 haec
2432 4958 2681 5026 deinceps
2703 4958 2825 5024 ejus
2855 4972 2883 5009 a
2920 4962 3087 5008 morte
3136 4954 3363 5008 reditum

154 5055 234 5109 at;
267 5042 469 5107 αὐτοῦ,
504 5041 584 5092 δι’
609 5038 679 5111 ἧς
728 5041 829 5093 καὶ
877 5039 1082 5101 πάντας
1106 5042 1225 5103 τοὺς
1249 5043 1371 5109 πρὶν
1398 5044 1679 5098 ἐκπεπτωκ

1844 5045 1908 5098 ad
1950 5045 2111 5096 vitam
2142 5045 2474 5108 conﬁtentes,
2508 5046 2736 5100 dicimus
2769 5063 2780 5097 :
2817 5063 2834 5094 ι
2873 5043 3267 5098 Exsultabimus
3311 5045 3364 5097 in

157 5143 251 5188 τας
277 5129 617 5196 avia-mat»;
643 5125 818 5180 Ὅθεν
849 5125 1028 5194 φαμέν
1047 5143 1058 5154 °
1101 5146 1117 5176 ι
1145 5127 1248 5178 Καὶ
1289 5128 1342 5176 ὲν
1364 5129 1578 5197 ὀνόματι
1605 5133 1682 5186 Gs.

1845 5139 2064 5195 salutari
2092 5139 2261 5192 tuo“.
2297 5157 2313 5188 ι
2345 5137 2548 5192 Etenim
2592 5137 2791 5191 Christi
2821 5136 3054 5190 salutare
3093 5134 3363 5203 quodnam

156 5216 308 5284 ἡμῶν
339 5215 909 5286 μεγαλυνθησόμεθα
928 5232 941 5244 ·
973 5216 1061 5267 καὶ
1089 5215 1350 5284 πληρώσαι
1381 5217 1573 5286 Κύριος
1602 5224 1681 5276 πά

1847 5227 1987 5280 aliud
2015 5227 2356 5295 .intelligatur
2412 5228 2644 5288 tandem,
2680 5225 2782 5280 nisi
2816 5225 2958 5278 illius
2985 5239 3014 5277 a
3049 5225 3274 5278 mortuis
3300 5225 3362 5276 ad

163 5321 226 5357 τα
252 5307 319 5358 τά
348 5306 650 5374 αἰτήματά
683 5322 810 5357 σου.
847 5322 866 5353 ι
891 5304 1011 5355 Ἐπὶ
1030 5307 1152 5356 πᾶσι
1170 5305 1362 5365 τούτοις
1388 5306 1688 5380 διδασκόμε(

1847 5317 1994 5370 vivos
2039 5316 2247 5379 reditio,
2277 5315 2428 5384 185
2459 5332 2549 5384 per
2583 5329 2740 5384 quam
2787 5330 2973 5370 omnes
3015 5315 3105 5384 qui
3165 5313 3363 5368 cecide-

162 5395 331 5461 λέγειν
382 5396 474 5456 τὸ,
521 5413 542 5445 ι
579 5394 696 5446 Νῦν
745 5393 956 5458 ἔγνων,
982 5395 1056 5445 ὅτι
1085 5394 1240 5446 ἔσωσε
1271 5393 1462 5462 Κύριος
1487 5401 1566 5452 τὸν
1597 5405 1646 5454 Χ
1657 5422 1687 5472 ρ

1851 5414 1968 5460 rant
1997 5406 2048 5458 in
2089 5405 2368 5474 pristinum
2417 5395 2614 5458 statum
2654 5403 2918 5458 restituit?
2943 5419 3007 5456 ex
3055 5418 3162 5472 quo
3206 5403 3363 5455 etiam

228 5570 436 5623 "Psal.
499 5587 663 5635 xvni,
715 5569 774 5621 5.
830 5564 1211 5631 .‘°Prov.ml,
1260 5565 1335 5618 95-
1414 5570 1613 5630 “vers.
1671 5580 1692 5633 Ξ

167 5635 361 5691 “ibid.
398 5638 454 5691 ὑ.

1836 5580 2016 5636 ’Psal.
2040 5577 2220 5644 x1x,7.
2293 5577 2335 5608 ⁵³
2359 5576 2486 5631 ibid.
2520 5576 2574 5642 2,
2599 5577 2648 5631 5.
2723 5576 2771 5609 “
2791 5575 2916 5630 ibid.
2953 5574 3003 5629 4.
3081 5575 3124 5605 δ’
3149 5571 3274 5626 ibid.
3308 5569 3359 5623 ὕ.
