3862 6342
901 305 998 361 3-H
1519 301 1779 358 EUSEBII
1809 301 2278 358 CESARIENSIS
2314 302 2459 357 OPP.
2496 302 2688 356 PARS.
2727 301 2787 357 ll.
2831 333 2896 341 —
2921 301 3434 359 APOLOGETICA

903 422 1033 478 illud
1076 418 1323 483 dicimus,
1363 435 1381 467 ι
1419 424 1471 472 et
1520 417 1572 471 in
1622 418 1835 474 nomine
1861 417 1954 472 Dei
1988 418 2157 473 nostri
2186 417 2428 486 magniﬁ-

1908 418 1954 472 ci
1988 418 2157 473 nostri
2186 417 2431 486 magniﬁ-
2460 433 2500 484 Α
2532 416 2652 468 στὸν
2684 416 2845 469 αὑτοῦ
2866 454 2880 477 ,
2910 434 2926 464 ι
2955 417 3025 485 μὴ
3047 415 3228 468 πάλαι
3255 416 3433 467 τοῦτ(

899 511 1183 567 cabimur:
1219 516 1273 562 et
1329 508 1543 577 impleat
1600 506 1856 562 Dominus
1908 522 2095 561 omnes
2149 507 2424 576 petitiones

1908 522 2095 561 omnes
2149 507 2428 576 petitiones
2530 523 2683 575 τερον
2710 505 2769 557 τὸ
2797 506 3051 576 σωτήριον
3071 503 3253 558 αὐτοῦ
3283 504 3433 555 συνὶ

899 608 1020 654 tuas
1036 598 1099 653 ".
1129 615 1149 648 ι
1191 595 1317 650 Post
1375 595 1487 650 haec
1538 596 1739 661 omnia,
1764 595 2019 650 docemur
2057 594 2187 650 illud
2219 609 2424 665 quoque

1908 610 2019 649 mur
2057 594 2187 650 illud
2219 609 2429 665 quoque
2534 594 2693 648 αὑτοῦ
2725 593 2821 663 τὴν
2855 592 3074 663 δύναμιν
3101 593 3433 661 κατανοήσ‹

898 693 1116 747 dicere:
1154 705 1174 739 ι
1209 687 1363 742 Nunc
1405 689 1628 759 cognovi
1660 688 1804 757 quod
1832 689 2037 744 salvum
2078 687 2206 742 fecit
2252 686 2508 742 Dominus
2573 688 2846 743 Christum
2885 702 3038 743 suum
3092 685 3167 749 “;
3222 703 3244 736 ι
3287 684 3434 753 qui;

898 777 1331 842 intellexerimus,
1384 791 1543 846 quam
1591 777 1682 831 ubi
1735 776 1971 832 salutare
2037 776 2153 845 ejus
2197 778 2594 845 agnoverimus,
2659 787 2711 835 et
2765 776 3183 834 resurrectionis
3245 774 3430 828 illius

896 881 1037 921 mus.

897 981 939 1032 A
979 980 1180 1047 psalmo
1208 993 1388 1047 ixxvtt.
1418 1008 1484 1016 —
1515 978 1752 1031 Christus
1802 980 2105 1031 nominatim
2151 978 2422 1032 Dominum

1908 980 2105 1031 tinatim
2151 978 2429 1032 Dominum
2541 976 2789 1047 ‘i’aJyoﬁ
2833 975 2930 1039 κζ’.
2958 1005 3030 1047 1—7
3059 971 3346 1040 Χριστὸς
3397 971 3433 1020 ὀ

1196 1046 1408 1101 Patrem
1445 1056 1493 1100 et
1531 1055 1864 1114 protectorem
1894 1048 2126 1114 adeptus.
2672 1043 2675 1044 ⁷

1907 1048 2126 1114 zdeptus.
2672 1043 2675 1044 ⁷
2729 1043 2865 1111 τέρα
2887 1046 2982 1097 καὶ
3004 1046 3432 1108 ὑπερασπιστ

971 1156 989 1189 ι
1016 1136 1276 1194 Dominus
1317 1137 1656 1193 conﬁrmatio
1692 1138 1874 1208 populi
1918 1137 2024 1201 sui,
2072 1147 2125 1192 et
2161 1144 2429 1206 protector

1918 1137 2024 1201 sui,
2072 1147 2125 1192 et
2161 1144 2429 1206 protector
2607 1154 2623 1184 ι
2665 1134 2861 1204 Κύριος
2884 1133 3220 1204 κραταὶωμα
3253 1128 3365 1182 τοῦ
3403 1129 3433 1179 λ

898 1227 1250 1286 salvationum
1279 1225 1479 1281 Christi
1526 1226 1611 1281 sui
1653 1233 1736 1281 est
1758 1227 1823 1280 δ’.
1855 1244 1874 1277 ι
1912 1225 2011 1279 Hic
2036 1240 2249 1295 quoque
2287 1226 2423 1294 psal~

1912 1225 2011 1279 Hic
2036 1240 2249 1295 quoque
2287 1226 2430 1294 psala
2534 1225 2659 1294 στὴς
2684 1222 2789 1277 τῶν
2818 1222 3093 1291 σωτηρίων
3128 1220 3234 1273 τοῦ
3267 1221 3433 1289 Χρισ

898 1329 1040 1379 inus,
1068 1315 1157 1385 qui
1181 1330 1325 1370 nunc
1349 1322 1432 1369 est
1462 1314 1518 1368 in
1542 1315 1808 1379 manibus,
1846 1315 1913 1370 ad
1941 1315 2213 1372 Christum
2235 1315 2423 1370 referri

1902 1315 2213 1372 [Christum
2235 1315 2424 1370 referri
2533 1313 2665 1383 μετὰ
2714 1315 2894 1383 χεῖρας
2924 1311 3135 1381 ψαλμὸς
3204 1311 3300 1370 εἰς
3354 1308 3427 1360 τὸ

898 1404 1054 1469 solet,
1083 1405 1278 1473 quippe
1305 1404 1396 1473 qui
1416 1418 1532 1458 eam
1564 1418 1773 1472 precem
1800 1405 2069 1459 contineat
2091 1418 2250 1474 quam
2269 1402 2423 1457 Chri-

1908 1405 2069 1458 tineat
2091 1418 2250 1474 quam
2269 1402 2423 1457 Chri-
2527 1403 2686 1457 αὑτοῦ
2742 1404 2804 1473 δὴ
2852 1402 2942 1455 τοῦ
2998 1399 3251 1473 Χριστοῦ
3322 1416 3433 1468 περ

898 1501 1037 1557 stus,
1088 1508 1196 1562 quo
1244 1503 1481 1561 tempore
1527 1507 1785 1562 passurus
1836 1501 1973 1558 erat,
2021 1502 2270 1563 precatus
2321 1504 2420 1547 est.

1878 1501 1973 1558 rat,
2021 1502 2270 1563 precatus
2321 1504 2420 1547 est.
2527 1492 2614 1544 τὸν
2643 1489 2734 1543 τοῦ
2768 1489 2968 1552 πάθους
3014 1487 3403 1559 προσηύξατο

848 1653 854 1659 ⁴
896 1580 1125 1637 Proinde
1174 1582 1328 1637 initio
1377 1582 1616 1651 psalmus
1652 1583 1764 1636 haec
1801 1582 2000 1636 habet:
2033 1600 2051 1631 ι
2079 1581 2157 1636 Ad
2200 1588 2272 1646 te,
2321 1580 2373 1633 ι)‹

1902 1589 2000 1636 εις
2033 1600 2051 1631 ι
2079 1581 2157 1636 Ad
2200 1588 2272 1646 te,
2321 1580 2426 1634 Do—
2526 1584 2761 1651 καταρχῇ
2794 1580 2884 1632 τοῦ
2907 1579 3119 1650 ψαλμοῦ
3170 1596 3323 1648 φησι
3349 1594 3364 1607 ⁸
3407 1596 3427 1629 ε

895 1672 1057 1735 mine,
1094 1672 1318 1726 clamavi
1351 1690 1363 1725 :
1394 1672 1533 1728 Deus
1553 1687 1723 1734 meus,
1768 1686 1835 1727 ne
1879 1671 2039 1727 sileas
2081 1684 2109 1722 a
2135 1684 2243 1732 me,
2270 1676 2322 1723 et
2352 1668 2420 1725 si-

1908 1671 2039 1725 ileas
2081 1684 2109 1722 a
2135 1684 2243 1732 me,
2270 1676 2322 1723 et
2352 1668 2427 1725 si-
2527 1669 2727 1740 κραξα’
2780 1671 2808 1721 ὁ
2849 1668 2976 1731 Θεός
3025 1685 3151 1738 μου,
3191 1668 3277 1737 μὴ
3343 1683 3433 1718 πα

895 1761 1040 1816 milis
1069 1760 1187 1814 liam
1217 1759 1666 1816 descendentibus
1694 1759 1750 1813 in
1773 1759 1971 1813 lacum.
2001 1777 2019 1810 ι
2060 1758 2119 1812 ln
2147 1758 2251 1810 line
2272 1770 2419 1821 vero,

1908 1773 1971 1812 m.
2001 1777 2019 1810 ι
2060 1758 2119 1812 In
2147 1758 2251 1810 line
2272 1770 2419 1821 vero,
2453 1785 2494 1842 Β
2526 1760 2615 1811 καὶ
2644 1758 3044 1829 ὁμοιωθήσομαι
3089 1760 3209 1821 τοῖς
3249 1762 3433 1810 κειται

893 1847 1037 1903 illius
1066 1848 1510 1903 resurrectionem
1539 1864 1567 1901 a
1590 1849 1816 1904 mortuis
1842 1848 2007 1913 canit,
2031 1847 2215 1901 dicens
2241 1865 2253 1899 :
2283 1864 2302 1897 ι
2324 1845 2418 1900 Be-

1909 1848 2007 1913 nit,
2031 1847 2215 1901 dicens
2241 1865 2253 1899 :
2283 1864 2302 1897 ‹
2324 1845 2423 1900 Be-
2521 1849 2660 1919 Πρὸς
2688 1849 2742 1901 δὲ
2769 1847 2844 1919 τῷ
2897 1847 3061 1912 τέλει,
3086 1846 3190 1918 τὴν
3245 1849 3319 1900 ὲκ
3374 1865 3433 1899 νε

892 1936 1136 1993 nedictus
1177 1937 1454 1999 Dominus,
1505 1940 1756 2007 quoniam
1798 1939 2071 1994 exaudivit
2102 1952 2286 1991 vocem
2329 1936 2417 1991 de-

1906 1939 2071 1992 udivit
2102 1952 2286 1991 vocem
2329 1936 2422 1991 de-
2521 1937 2759 2001 θεσπίζει
2785 1937 2954 2005 λέγων
2979 1954 2991 1966 ·
3023 1955 3041 1987 ι
3083 1936 3431 2006 Εὐλογητὸς

891 2026 1215 2093 precationis
1239 2041 1388 2080 meae.
1417 2025 1676 2082 Dominus
1716 2025 1929 2095 adjutor
1967 2040 2116 2080 meus
2154 2033 2209 2079 et
2243 2031 2416 2093 prote-

1884 2042 1929 2079 )l'
1967 2040 2116 2080 meus
2154 2033 2209 2079 et
2243 2031 2421 2093 prote-
2519 2030 2613 2099 τῆς
2644 2029 2821 2098 φωνῆς
2848 2028 2945 2097 τῆς
2986 2027 3230 2099 δεήσεὼς
3264 2046 3409 2098 μου.

892 2122 1009 2169 ctor
1037 2130 1216 2181 meus;
1257 2116 1313 2170 in
1342 2116 1435 2170 illo
1464 2124 1691 2187 speravit
1745 2130 1840 2170 cor
1882 2130 2080 2182 meum,
2121 2122 2174 2169 et
2207 2115 2417 2184 adjutus

1892 2130 2080 2182 meum,
2121 2122 2174 2169 et
2207 2115 2420 2184 adjutus
2519 2119 2924 2189 ὑπερασπιστὴς
2960 2134 3088 2188 μου*
3122 2120 3217 2170 ἐπ’
3244 2118 3417 2188 αὐτῷ

891 2220 1034 2269 sum,
1070 2213 1125 2259 et
1166 2204 1408 2260 reﬂoruit
1446 2222 1574 2260 caro
1604 2222 1759 2262 mea:
1791 2214 1845 2260 et
1883 2222 1947 2261 ex
1995 2205 2268 2259 voluntate
2303 2217 2416 2257 mea

1908 2223 1947 2260 ει
1995 2205 2268 2259 voluntate
2303 2217 2419 2257 mea
2518 2209 2609 2260 καὶ
2634 2207 2951 2278 ὲϐοηοήθην,
2994 2208 3090 2261 καὶ
3146 2208 3433 2263 ἀνέθαλεν

890 2292 1184 2349 conﬁtebor
1215 2294 1263 2350 ei
1287 2295 1353 2347 ⁸ο.
1384 2315 1401 2349 ι
1455 2295 1662 2362 Quibus
1712 2296 1925 2352 divinus
1980 2302 2035 2350 ct
2076 2292 2415 2365 propheticus

1908 2312 1925 2352 5
1980 2302 2035 2350 ct
2076 2292 2418 2365 propheticus
2519 2296 2815 2367 θελήματός
2851 2314 2949 2366 μου
2997 2296 3433 2369 ἐξοῳλογήσομ

892 2378 1122 2450 Spiritus
1160 2382 1403 2453 adjungit
1434 2401 1446 2437 ;
1484 2402 1504 2435 ι
1539 2383 1796 2439 Dominus
1847 2383 2185 2438 conﬁrmatio
2238 2382 2417 2452 populi

1908 2383 2185 2438 inﬁrmatio
2238 2382 2419 2452 populi
2518 2384 2654 2437 θεῖον
2709 2386 2800 2438 καὶ
2853 2387 3191 2457 προφητικὸν
3242 2388 3433 2460 Πνεῦε

889 2473 997 2538 sui,
1038 2481 1308 2542 protector
1358 2474 1714 2529 salvationum
1762 2473 1961 2529 Christi
2006 2475 2088 2527 sui
2121 2480 2224 2537 est,
2256 2493 2274 2524 ι
2325 2474 2414 2542 qui

1908 2474 1961 2528 sti
2006 2475 2088 2527 sui
2121 2480 2224 2537 est,
2256 2493 2274 2524 ι
2325 2474 2416 2542 qui
2517 2475 2834 2545 κραταίωμα
2874 2475 2966 2528 τοῦ
3004 2476 3137 2530 λαοῦ
3169 2477 3379 2543 αὐτοῦ,
3418 2497 3433 2532 1

889 2575 989 2616 nos
1024 2562 1240 2623 instruit
1280 2563 1733 2633 quemadmodum
1764 2564 1941 2617 omnia
1977 2578 2097 2632 quae
2139 2564 2194 2617 in
2223 2561 2414 2617 divinis

1912 2579 1941 2617 a
1977 2578 2097 2632 quae
2139 2564 2194 2617 in
2223 2561 2416 2617 divinis
2518 2565 2791 2634 σωτηρίων
2818 2564 2909 2617 τοῦ
2933 2566 3170 2636 Χριστοῦ
3202 2569 3386 2623 αὐτοῦ
3423 2572 3433 2622 ε

886 2651 1079 2717 litteris
1106 2651 1301 2706 habent
1329 2652 1750 2714 admirationem,
1785 2659 1837 2706 et
1863 2652 2060 2706 Christi
2088 2652 2302 2707 nomine
2334 2651 2411 2705 in-

1910 2652 2060 2706 hristi
2088 2652 2302 2707 nomine
2334 2651 2416 2705 in-
2513 2656 2595 2707 ὅτι
2616 2653 2679 2724 δὴ
2706 2654 2878 2707 πάντα
2898 2656 2955 2708 ὲν
2992 2659 3113 2720 ταῖς
3150 2657 3337 2723 Θείαις
3386 2661 3432 2712 Γ

887 2742 1088 2809 scripta
1134 2749 1281 2805 sunt,
1313 2748 1367 2796 et
1403 2743 1470 2797 ad
1517 2742 1744 2797 salutem
1777 2742 2051 2795 hominum
2085 2749 2254 2812 gesta,
2304 2741 2412 2797 sive

1905 2742 2051 2795 inum
2085 2749 2254 2812 gesta,
2304 2741 2417 2797 sive
2513 2742 2744 2812 Χριστοῦ
2784 2743 3079 2813 θαυμάσια.
3110 2748 3207 2800 ἐπὶ
3225 2765 3427 2821 σωτηρ

886 2838 1171 2899 praecepta,
1214 2830 1326 2886 sive
1370 2832 1602 2902 negotia,
1635 2833 1746 2886 sive
1780 2832 1845 2886 ad
1889 2832 2332 2886 resurrectionem
2361 2831 2411 2886 il<

1904 2832 2332 2886 esurrectionem
2361 2831 2418 2886 il-
2518 2847 2672 2898 μενα,
2702 2829 2811 2884 εἴτε
2850 2827 2940 2884 οὖν
2977 2832 3308 2905 μαθήματα,
3338 2838 3429 2890 εἴτ

887 2920 993 2981 lius
1023 2934 1054 2974 a
1091 2920 1318 2976 mortuis
1352 2920 1673 2990 pertinentia
1713 2921 1988 2992 mysteria,
2019 2922 2322 2989 cujusmodi
2352 2937 2412 2977 ea

1907 2921 1988 2987 ia,
2019 2922 2322 2989 cujusmodi
2352 2937 2417 2977 ea
2513 2919 2608 2989 τὴν
2640 2921 2703 2971 ἐκ
2731 2920 2937 2990 νεκρῶν
2996 2922 3306 2979 ἀνάστασιν
3356 2929 3432 2980 αὖ

887 3018 1034 3074 sunt,
1061 3009 1128 3064 de
1154 3011 1349 3080 quibus
1369 3026 1514 3066 nunc
1538 3012 1740 3081 agitur.
1765 3020 1898 3067 nutu
1929 3028 1991 3067 ac
2013 3013 2212 3068 virtute
2238 3012 2412 3068 Patris

1896 3060 1898 3065 ,
1929 3028 1991 3067 ac
2013 3013 2212 3068 virtute
2238 3012 2415 3068 Patris
2517 3008 2808 3079 μαζὸμενα,
2828 3009 3052 3080 νεύματι
3076 3015 3173 3066 καὶ
3202 3015 3421 3087 δυνάμε

886 3109 1034 3170 gesta
1059 3111 1202 3165 sunt,
1226 3102 1317 3172 qui
1345 3104 1399 3156 in
1440 3102 1651 3158 cunctis
1688 3103 2089 3160 admirabilibus
2120 3120 2184 3160 ac
2213 3106 2411 3161 saluta-

1908 3104 2089 3160 silibus
2120 3120 2184 3160 ac
2213 3106 2416 3161 saluta-
2443 3106 2485 3163 C
2516 3096 2572 3147 ἐν
2604 3096 2769 3153 ἅπασι
2814 3100 2923 3159 τοῖς
2960 3099 3292 3168 παραδόξοις
3342 3106 3433 3156 xui

886 3193 1037 3248 ribus
1066 3199 1119 3248 et
1150 3194 1329 3249 verbis
1351 3201 1405 3249 et
1431 3193 1585 3251 lactis
1610 3211 1769 3250 suum
1801 3194 2072 3251 Christum
2096 3197 2344 3267 protegit.

1906 3196 2072 3251 .ismm
2096 3197 2344 3267 protegit.
2516 3185 2608 3237 καὶ
2639 3184 2814 3257 ἔργοις
2842 3188 3313 3258 ὑπερασπίζοντας
3349 3196 3431 3246 toi

884 3302 927 3354 Δ
954 3302 1155 3373 psaltria
1201 3318 1422 3358 Lxmu.
1457 3335 1528 3344 --
1553 3303 1788 3359 Christus
1842 3307 2149 3360 nominatim
2199 3316 2409 3362 tutorem

1906 3307 2149 3360 minutim
2199 3316 2415 3362 tutorem
2521 3294 2769 3373 Ψιξλμοῧ
2790 3303 2903 3373 ῖτγη
2929 3327 2996 3336 -
3014 3298 3275 3373 Χριστὸς
3304 3304 3431 3373 ὀνοι

1089 3371 1249 3428 Deum
1275 3372 1823 3449 ascribens._Unu§_que
1854 3377 2244 3449 resurrectionis
2273 3377 2415 3431 illius

1906 3377 2244 3449 'surrectionis
2273 3377 2415 3431 illius
2582 3366 2769 3449 όῖξτηῖ
2778 3364 3265 3449 ἐςτιτραφόμιξνοςὲ
3279 3372 3396 3449 ﬁt?
3417 3364 3431 3423 ἶ

954 3440 1063 3495 dies
1088 3456 1107 3494 :
1135 3449 1182 3497 et
1204 3457 1308 3497 una
1330 3442 1512 3499 domus
1545 3442 1664 3507 Dei,
1699 3434 1926 3499 Ecclesia
1958 3447 2139 3513 ipsius.
2579 3434 2765 3555 εἰπὲξὲτὲ
2790 3434 2997 3503 ἡμέραν
3038 3434 3136 3490 καὶ
3179 3434 3430 3505 εἷςόἷκι

959 3632 978 3664 ι
1003 3611 1277 3673 Protector
1306 3622 1488 3671 noster
1521 3617 1721 3687 aspice,
1756 3618 1914 3682 Deus,
1945 3628 1997 3675 et
2025 3622 2231 3692 respice
2252 3624 2304 3677 in
2337 3624 2416 3675 fa.

1904 3660 1914 3682 .
1945 3628 1997 3675 et
2025 3622 2231 3692 respice
2252 3624 2304 3677 in
2337 3624 2416 3675 fa.
2585 3630 2603 3662 ι
2650 3612 3050 3683 ’Υπερασπιστά
3072 3616 3251 3686 ἡμῶν,
3287 3620 3389 3689 ἰδὲ,
3423 3646 3429 3672 ι

885 3701 1022 3761 ciem
1052 3702 1252 3757 Christi
1304 3705 1400 3759 tui.
1446 3706 1580 3773 Quia
1627 3709 1817 3763 melior
1853 3720 1934 3764 est
1971 3713 2128 3785 186
2158 3714 2272 3768 dies
2309 3729 2410 3767 una

1902 3720 1934 3764 η
1971 3713 2128 3785 186
2158 3714 2272 3768 dies
2309 3729 2415 3767 una
2512 3701 2601 3753 ἐπὶ
2646 3702 2703 3752 τὸ
2723 3700 3007 3772 πρόσωπον
3062 3704 3157 3757 τοῦ
3202 3708 3427 3777 Χριστοὶ

885 3789 942 3843 in
974 3792 1124 3846 atriis
1152 3794 1259 3847 tuis
1299 3809 1460 3864 super
1481 3798 1647 3852 millia
1676 3819 1689 3853 :
1734 3801 1869 3869 elegi
1897 3803 2161 3870 abjectum
2206 3819 2326 3858 esse
2357 3805 2410 3858 in

1902 3803 2161 3870 abjectum
2206 3819 2326 3858 esse
2357 3805 2411 3858 in
2511 3790 2686 3861 ἡμέρα
2721 3790 2817 3859 μία
2846 3792 2903 3842 έν
2929 3795 3048 3856 ταῖς
3072 3795 3263 3860 αὐλαῖς
3293 3815 3392 3852 σου
3419 3822 3427 3851 1

887 3878 1046 3939 domo
1064 3879 1155 3933 Dei
1180 3883 1282 3937 mei
1307 3886 1496 3955 magis,
1519 3902 1677 3959 quam
1702 3888 1943 3945 habitare
1970 3906 2055 3945 me
2082 3893 2134 3947 in
2165 3893 2411 3947 taberna-

1902 3906 1943 3945 ,ε
1970 3906 2055 3945 me
2082 3893 2134 3947 in
2165 3893 2411 3947 taberna,
2511 3877 2682 3947 ξάμην
2737 3883 3228 3951 παραρριπτεϊσθαι
3273 3888 3332 3939 ὲν
3374 3896 3427 3943 τι

885 3971 1021 4025 culis
1063 3979 1478 4040 peccatorum“.
1508 3998 1525 4031 ι
1587 3979 1687 4044 Qui
1735 3992 1932 4035 norunt
1987 3982 2258 4038 Christum
2317 3985 2409 4039 Dei

1892 3992 1932 4034 it
1987 3982 2258 4038 Christum
2317 3985 2409 4039 Dei
2512 3967 2725 4036 μᾶλλον,
2759 3968 2792 4039 ἦ
2831 3971 2993 4023 οίκεῖν
3027 3988 3093 4040 με
3129 3973 3186 4027 δν
3226 3980 3417 4048 σκηνώ

886 4074 1008 4115 esse
1039 4059 1293 4124 Verbum,
1326 4074 1379 4119 et
1425 4068 1766 4137 sapientiam,
1822 4078 1875 4126 et
1902 4071 2071 4126 lucem
2113 4088 2312 4136 veram,
2357 4082 2411 4130 et

1902 4071 2071 4126 lucem
2113 4088 2312 4136 veram,
2357 4082 2411 4130 et
2508 4058 2571 4108 Οἱ
2608 4058 2952 4128 ἐπιστάμενοι
3004 4061 3096 4114 τὸν
3138 4065 3368 4135 Χριστὸν
3405 4090 3425 4125 1

887 4149 1070 4217 vitam,
1113 4150 1305 4207 deinde
1335 4157 1576 4212 eumdem
1613 4158 1810 4214 factum
1857 4176 1977 4216 esse
2018 4163 2283 4217 hominem
2328 4164 2409 4217 in-

1896 4177 1977 4216 sse
2018 4163 2283 4217 hominem
2328 4164 2409 4217 in-
2507 4145 2599 4195 καὶ
2636 4145 2854 4213 σοφίαν,
2909 4150 3005 4199 καὶ
3036 4149 3150 4217 φῶς
3198 4153 3421 4225 ἀληθινὸ

885 4238 1151 4308 telligunt,
1190 4240 1519 4298 admirantur
1574 4246 1675 4302 hoc
1726 4250 1869 4319 quod
1898 4266 2107 4306 omnem
2139 4251 2293 4308 ﬁdem
2319 4270 2409 4309 su-

1898 4266 2107 4306 omnem
2139 4251 2293 4308 ﬁdem
2319 4270 2409 4309 ευ,
2505 4233 2601 4303 τὴν
2625 4233 3028 4306 ὲνανθρὼπησιν
3064 4241 3225 4295 αὐτοῦ
3268 4261 3423 4304 συννε

885 4336 1037 4397 perat
1074 4330 1427 4399 propositum,
1473 4335 1605 4391 adeo
1637 4339 1873 4407 quidem,
1920 4347 1978 4393 ut
2010 4340 2061 4395 in
2107 4341 2266 4401 verba
2317 4343 2406 4397 illa

1920 4347 1978 4393 ut
2010 4340 2061 4395 in
2107 4341 2266 4401 verba
2317 4343 2406 4397 illa
2508 4341 2605 4377 σαν
2630 4326 2690 4378 τὸ
2710 4328 3001 4397 παράδοξον
3023 4329 3115 4382 τοῦ
3133 4331 3423 4404 θελήματος

884 4426 1249 4489 prorumpant.
1308 4440 1327 4471 ι
1357 4420 1422 4476 Et
1465 4425 1695 4481 vidimus
1747 4426 1927 4491 illum,
1977 4438 2030 4483 et
2073 4446 2180 4485 non
2224 4430 2409 4487 habuit

1911 4468 1927 4491 ι
1977 4438 2030 4483 ει
2073 4446 2180 4485 non
2224 4430 2411 4487 habui;
2439 4416 2484 4474 ι)
2510 4414 2719 4485 εἴδομεν
2749 4418 2925 4477 αὑτὸν.
2961 4421 3055 4472 καὶ
3081 4421 3179 4476 οὐκ
3206 4420 3349 4495 εῖχεν
3371 4427 3423 4484 εῐ

884 4509 1133 4578 speciem,
1175 4526 1347 4580 neque
1396 4514 1879 4582 pulchritudinem;
1930 4519 2020 4572 sed
2070 4518 2169 4573 fuit
2207 4522 2409 4590 species

1930 4519 2020 4572 sed
2070 4518 2169 4573 [υίι
2207 4522 2412 4590 species
2504 4502 2571 4574 ἦν
2603 4507 2662 4559 τὸ
2719 4505 2852 4569 εἶδος
2902 4509 3065 4563 αὑτοῦ
3094 4512 3298 4584 ἄτιμον,
3329 4524 3421 4575 καὶ

882 4596 1001 4662 ejus
1031 4600 1147 4655 sine
1170 4600 1396 4667 honore,
1437 4611 1490 4658 et
1521 4604 1779 4660 deﬁciens
1805 4621 1915 4675 prae
1945 4607 2066 4665 filiis
2094 4609 2367 4666 hominum
2392 4631 2406 4667 :

1896 4621 1915 4661 ε
1945 4607 2066 4665 ﬁliis
2094 4609 2367 4666 hominum
2392 4631 2406 4667 ε
2506 4597 2650 4660 υἱοὺς
2674 4596 2780 4648 τῶν
2818 4597 3133 4668 ἀνθρώπων.
3166 4605 3421 4679 ’Δνθρωπ

882 4688 1043 4744 homo
1068 4706 1187 4746 cum
1222 4692 1274 4746 in
1298 4693 1448 4764 plaga
1481 4704 1624 4751 esset
1652 4704 1706 4751 et
1728 4698 1890 4753 sciret
1917 4698 2053 4757 ferre
2078 4702 2407 4774 languorem,

1917 4698 2053 4757 ferre
2078 4702 2408 4774 languorem,
2506 4685 2656 4747 εἰδὼς
2684 4687 2870 4756 φέρειν
2908 4688 3194 4757 μαλακίαν,
3228 4696 3305 4751 ὃτι
3336 4702 3418 4757 ἀπ

881 4780 1137 4846 quoniam
1168 4782 1359 4837 avertit
1386 4782 1576 4839 faciem
1608 4801 1781 4850 suam,
1815 4797 2152 4862 contemptus
2178 4801 2260 4848 est
2281 4794 2354 4847 ":
2384 4812 2404 4843 ι

1894 4797 2152 4862 atemptus
2178 4801 2260 4848 est
2281 4794 2354 4847 ":
2384 4812 2404 4843 ι
2505 4777 2684 4842 αὐτοῦ’
2721 4776 3026 4852 tuebor
3068 4802 3087 4834 ⁸
3123 4788 3334 4857 εἰκότως
3368 4814 3419 4850 πε

880 4868 1060 4953 itaque
1092 4870 1281 4926 merito
1318 4872 1483 4929 Deum
1525 4884 1833 4944 precantur,
1868 4887 1926 4934 ut
1955 4883 2208 4953 respiciat
2238 4884 2294 4938 in
2329 4882 2405 4937 l‘a-

1886 4887 1926 4933 ιι
1955 4883 2208 4953 κερκίδι
2238 4884 2294 4938 in
2329 4882 2410 4937 fa.
2508 4867 2785 4936 ὲπιόλέψαι
2816 4870 2895 4932 εἰς
2920 4871 2980 4923 τὸ
3014 4876 3289 4945 πρόσωπον
3317 4887 3411 4941 τοῦ

882 4952 1015 5048 ciem
1063 4956 1285 5048 Christi,
1331 4978 1448 5032 quae
1495 4974 1709 5035 propter
1761 4982 1859 5024 nos
1912 4978 1965 5026 et
1991 4952 2308 5043 ignominias
2349 4980 2403 5028 et

1912 4978 1965 5026 et
1991 4952 2308 5043 ignominias
2349 4980 2403 5028 et
2507 4962 2841 5033 ἠτιμωμένον
2887 4967 2978 5019 καὶ
3010 4971 3419 5048 καθυϐρισμένον

883 5046 1235 5149 contumelias
1271 5065 1427 5120 passa
1466 5062 1567 5118 est,
1611 5064 1664 5110 et
1695 5066 1911 5128 propter
1940 5060 2085 5115 illum
2127 5062 2281 5117 nobis
2315 5061 2407 5115 (lat

1892 5075 1911 5112 r
1940 5060 2085 5115 illum
2127 5062 2281 5117 nobis
2315 5061 2407 5115 (lat
2509 5055 2647 5149 609th
2681 5055 2745 5149 ᾤ’
2791 5057 2981 5149 αὐτον·
3023 5063 3140 5116 ἐπεὶ
3165 5066 3255 5133 τὰς
3271 5046 3417 5149 Ϋὰμαε

884 5136 1163 5228 prppititts,
1195 5141 1406 5228 quando
1453 5143 1498 5199 is
1545 5158 1759 5215 peccata
1807 5158 1989 5205 nostra
2038 5154 2175 5217 tulit,
2214 5161 2267 5208 et
2309 5167 2406 5222 pro

1892 5158 1989 5205 ςιιῃ
2038 5154 2175 5217 tum,
2214 5161 2267 5208 ει
2309 5167 2406 5222 pro
2509 5146 2597 5197 καὶ
2627 5145 2764 5217 ὑπὲρ
2796 5147 2949 5218 ἡμῶν
2988 5151 3244 5212 ὀδυνᾶται.

884 5210 1359 5328 hianolore
1407 5242 1491 5328 est
1515 5256 1526 5288 :
1554 5238 1664 5293 haec
1707 5249 1883 5299 autem
1928 5244 2195 5313 supplices
2222 5210 2408 5314 petunt

1928 5210 2195 5313 supplices
2222 5210 2408 5314 petunt
2508 5238 2715 5328 vovouxt
2733 5210 3023 5306 ποόοῦντες
3051 5245 3142 5297 καὶ
3165 5248 3217 5300 ἐν
3234 5210 3409 5328 desii;

1310 5318 1602 5408 cupientes,
1643 5335 1803 5398 atque
1850 5332 1903 5384 in
1949 5304 2086 5385 votis
2126 5304 2401 5392 hab-entes.

1850 5332 1903 5384 in
1949 5304 2086 5385 votis
2126 5304 2401 5392 habentes,
2505 5326 2599 5395 τῆς
2641 5304 2795 5397 δόξης
2851 5331 2977 5384 ἰδεῖν
3005 5304 3099 5386 τοῦ
3132 5304 3348 5408 Χριστέ

884 5389 1072 5441 taciem
1118 5391 1300 5461 gloria:
1345 5399 1542 5460 Christi
1572 5389 1775 5479 videre,
1822 5426 1875 5472 et
1912 5418 2048 5472 diem
2083 5417 2218 5471 lucis
2258 5416 2400 5472 illius

1912 5418 2048 5472 diem
2083 5417 2218 5471 lucis
2258 5389 2400 5472 illius
2505 5389 2675 5482 φὼτδς
2715 5389 2879 5475 suos.
2919 5389 3399 5514 θεάσασθαὶζίᾆὲζή

881 5563 933 5629 2,
1045 5499 1184 5559 pm'
1215 5522 1324 5576 κη’
1360 5508 1414 5579 δ’
1449 5514 1496 5569 ⁷·
1569 5520 1611 5554 ⁵⁸
1635 5523 1761 5583 ibid.
1794 5529 1841 5585 7.
1918 5530 1960 5564 ’δ’
1984 5529 2123 5588 Psal.
2145 5544 2310 5595 xsvu,
2345 5528 2396 5583 8.

1918 5530 1960 5564 ’δ’
1984 5529 2123 5588 Psal.
2145 5544 2310 5595 xsvu,
2345 5528 2396 5583 8.
2475 5528 2519 5561 ³ο
2544 5526 2670 5581 ibid.
2701 5531 2753 5597 6,
2789 5534 2843 5591 7.
2913 5538 2954 5571 δι
2980 5538 3124 5597 Psal.
3158 5496 3413 5625 ussing
