3862 6352
116 352 323 453 in

1178 360 1806 421 DEMONSTRATIONIS
1842 354 2281 417 EVANGELICE
2318 356 2445 412 LIB.
2475 358 2560 414 Ν.

3316 359 3426 415 314

139 460 361 552 (’pt'w
398 460 771 526 ἀναστάσεως
831 466 1044 534 αὐτοῦ,
1102 473 1309 541 ἥντινα,
1369 472 1491 542 μίαν
1540 467 1698 527 οὖσαν
1722 473 1811 525 καὶ

1915 467 2250 538 contemplari
2277 485 2291 521 :
2319 482 2483 537 porro
2510 466 2597 521 hic
2629 465 2729 520 fuit
2764 482 2885 522 cum
2914 483 2945 522 a
2974 476 3144 524 morte
3170 468 3236 522 ad
3262 471 3422 525 vitam

159 553 386 658 Χἐράνῳ)
402 552 748 658 ξος-ἀληθῶς
779 558 997 658 κυρίαν
1019 555 1185 615 οὖσαν
1206 562 1295 614 καὶ
1317 563 1609 634 Κυριακὴν,
1636 563 1810 633 κρείτ-

180 666 361 725 ﬁn
382 643 519 700 εἶναι
540 663 681 717 φασι
713 649 946 720 μυρίων
966 652 1110 707 ὅσων
1145 653 1249 706 τῶν
1268 654 1576 723 κοινοτέρως
1597 653 1810 722 νοουμέ-

200 757 353 808 νων
376 735 621 808 ἡμερῶν,
654 735 693 806 ἢ
732 735 852 790 τῶν
896 740 1059 811 παρά
1113 742 1298 794 Μωσεῖ
1327 740 1811 811 νενομοθετημένων

216 841 322 888 εν
349 827 551 897 ἑορταῖς
593 824 694 877 καὶ
746 827 1083 896 νουμηνίαις
1116 829 1209 881 καὶ
1241 827 1538 892 σαὸὁάτοις,
1569 826 1633 890 ἃς
1661 827 1810 880 σκιάν

228 916 397 976 εἶναι
417 914 657 989 ἡμερῶν,
689 915 811 968 ἀλλ’
837 918 944 987 οὐχ
994 918 1202 990 ἡμέρας
1220 920 1248 971 6
1269 918 1406 980 θεῖος
1431 916 1715 980 ἀπόστολος
1734 917 1811 969 δι-

228 1005 464 1061 δάσκει.
502 1002 659 1072 Μόνη
691 1001 916 1074 δὲαῦτη
947 1007 982 1076 ἠ
1024 1006 1121 1075 μία
1168 1005 1414 1075 Κυριακὴ
1451 1003 1543 1057 τοῦ
1570 1004 1812 1074 Σωτῆρος

231 1096 289 1164 ἡ
308 1095 420 1166 μῶν
455 1092 633 1165 ἡμέρα
665 1093 771 1146 οὐκ
802 1093 864 1147 ὲν
914 1096 1075 1147 παντὶ
1114 1095 1261 1165 τόπῳ
1302 1091 1564 1164 φωτίζειν,
1607 1092 1716 1146 ἀλλ’
1756 1095 1812 1145 ἐν

223 1185 453 1253 μόναις
480 1184 601 1246 ταῖς
650 1182 852 1246 αὐλαῖς
890 1182 985 1236 τοῦ
1017 1184 1218 1254 Κυρίου
1253 1182 1510 1236 λέλεκται.
1535 1178 1655 1235 Εἶεν
1676 1182 1720 1235 δ’
1748 1182 1813 1235 ἂν

214 1267 417 1329 εἷται
455 1273 516 1327 αἱ
563 1271 717 1325 κατά
747 1273 930 1326 πᾶσαν
959 1273 1056 1344 τὴν
1099 1274 1413 1344 οἰκουμένην
1453 1272 1543 1325 τοῦ
1584 1271 1811 1343 Χριστοῦ

216 1364 610 1435 Ἐκκλησίαι,
638 1363 762 1426 ἑνὸς
787 1362 882 1416 τοῦ
909 1363 1041 1433 Θεοῦ
1060 1363 1409 1432 τυγχάνουσαι
1440 1364 1615 1426 αὐλαὶ,
1646 1364 1701 1415 ὲν
1728 1357 1815 1422 αῖς

198 1453 446 1522 ιὟαπᾷ
488 1450 588 1504 καὶ
639 1452 880 1523 αἱρεῖται
929 1453 1411 1524 Μραρριπτεϊσθαι
1447 1454 1475 1505 6
1505 1451 1572 1505 τά
1599 1450 1813 1504 τοιαῦτα

192 1557 217 1591 ε
246 1540 431 1606 εδὼς,
453 1541 612 1612 παρά
640 1541 779 1597 πολὺ
802 1541 1084 1612 κρείττονα
1108 1542 1203 1614 τὴν
1231 1544 1288 1597 ὲν
1300 1542 1514 1603 ταύταις
1539 1541 1812 1612 διατριϐὴν

187 1630 247 1682 ἀ
264 1631 686 1702 ττοφηνάμενος
729 1629 832 1699 τῆς
866 1631 924 1682 ὲν
951 1632 1062 1693 τοῖς
1095 1630 1403 1701 σκηνώμασι
1427 1630 1532 1682 τῶν
1559 1630 1812 1699 ἀμαρτω-

181 1720 362 1773 iii-iv
381 1736 398 1751 ο
430 1720 726 1791 σημαίνων
777 1717 878 1780 τὰς
928 1718 1035 1772 τῶν
1096 1719 1355 1772 Ἰουδαίων
1393 1719 1702 1786 συναγωγὰς
1724 1720 1813 1772 τὸν

179 1811 287 1863 Κ
311 1810 488 1879 ριστὸν
511 1809 615 1863 τοῦ
648 1808 788 1861 Θεοῦ
816 1808 1167 1878 ἀρνουμένας,
1192 1808 1226 1876 ἢ
1269 1809 1362 1862 καὶ
1392 1808 1486 1871 τάς
1516 1808 1620 1893 τῶν
1642 1808 1811 1863 ἀθέων
1837 1835 1883 1893 Β

175 1898 601 1969 ἑτεροδόξων,
628 1897 730 1951 καὶ
765 1896 873 1949 τῶν
897 1896 1070 1949 ἄλλων
1108 1896 1340 1949 ἀπίστων
1366 1896 1548 1958 ἐθνῶν,
1575 1890 1648 1951 ὧν
1682 1897 1810 1950 πολὺ

172 1986 496 2054 βελτίους
509 1982 659 2039 εἶναι
680 1985 783 2048 τὰς
815 1983 1132 2054 Ἐκκλησίας
1151 1983 1241 2037 τοῦ
1261 1984 1487 2053 Χριστοῦ
1509 1987 1611 2049 πᾶς
1637 1987 1666 2039 6
1689 1986 1814 2040 ταύ-

167 2088 352 2134 e=g
374 2073 713 2145 αἱρούμενος
741 2071 1113 2141 ἀποφαίνεται.

169 2259 521 2331 ἒνυμοῦί
540 2267 743 2331 πηᾎ-
762 2261 1017 2329 Χριστὸς
1037 2261 1320 2329 ὀνομαστὶ
1338 2262 1810 2331 ἐξουθενημένος,

319 2331 418 2380 καὶ
463 2330 540 2383 τὰ
580 2330 883 2398 αἴσχιστα
921 2332 1288 2398 πεισόμενος,
1335 2329 1710 2398 ἀντάλλαγμά
1752 2348 1814 2383 τε

319 2397 513 2452 αὐτοῦ
551 2398 718 2463 λαὸς
762 2397 948 2451 αὐτοῦ
975 2397 1091 2450 ὑπὸ
1128 2398 1244 2450 τῶν
1276 2398 1499 2466 ἐχθρῶν
1544 2397 1806 2458 ὀνειδιζό-

310 2480 525 2532 μενος·
1165 2522 1171 2527 .

316 2585 339 2617 ί
380 2575 457 2630 Σὺ
507 2576 571 2629 δὲ
629 2574 843 2635 ἀπώσω
881 2575 976 2628 καὶ
1020 2573 1387 2638 ὲξουδένωσας,
1436 2574 1687 2629 ἀνεδάλου
1726 2576 1813 2629 τὸν

156 2651 484 2743 vindmia:
514 2684 646 2729 σου,
693 2666 1069 2737 κατέστρεψας
1101 2664 1197 2735 τὴν
1224 2665 1491 2736 Διαθήκην
1515 2664 1603 2718 τοῦ
1633 2665 1812 2718 δούλου

208 2765 372 2820 εον.
406 2760 803 2830 Ἐὄεὸήλωσας
833 2761 912 2822 είς
931 2760 1029 2830 τὴν
1055 2759 1159 2829 γῆν
1181 2760 1242 2811 τὸ
1281 2760 1518 2829 ἀγίασμα
1554 2759 1713 2813 αὑτοῦ
1732 2799 1747 2823 ,
1789 2779 1806 2811 ο

258 2845 352 2897 διαὶ
394 2848 465 2903 τά
519 2848 682 2917 ὲξῆςο
714 2842 798 2909 οἷς
829 2846 1086 2912 ὲπιλέγει’
1118 2864 1136 2895 ι
1164 2844 1457 2914 Μνήσθητι,
1501 2844 1688 2914 Κύριε,
1721 2843 1812 2896 τοῦ

262 2932 555 3009 ὁνειδισμοῦ
578 2936 700 2988 τῶν
729 2934 928 2988 δούλων
964 2950 1079 2997 σου,
1112 2929 1171 2987 οῦ
1198 2932 1424 3003 ὑπέσχον
1454 2936 1509 2985 ὲν
1539 2932 1614 3003 τῷ
1636 2933 1814 3003 κόλπῳ

146 3086 159 3101 ε
260 3038 356 3091 μου
383 3026 609 3083 πολλῶν
639 3024 834 3087 ἐθνῶν,
865 3019 927 3079 οὖ
958 3024 1234 3076 ὠνείδισαν
1264 3024 1313 3075 oi
1347 3023 1523 3093 ἐχθροί
1555 3040 1666 3088 σου,
1700 3025 1813 3076 Κύ-

1909 571 2152 617 reversus
2185 565 2286 620 est,
2317 571 2476 626 quem
2518 569 2664 621 sane,
2694 571 2814 609 cum
2845 557 2890 611 is
2922 573 3061 613 unus
3091 559 3163 612 sit
3194 566 3247 612 et
3278 561 3426 614 solus

1907 664 2088 708 revera
2112 646 2357 717 proprius
2398 659 2461 699 ac
2482 643 2810 707 Dominicus,
2826 646 3094 699 meliorem
3115 662 3233 702 esse
3253 648 3425 710 aiunt,

1909 740 2027 795 aliis
2053 734 2535 791 innumerabilibus
2573 732 2787 797 diebus,
2822 732 2934 787 sive
2956 734 3046 803 qui
3074 736 3429 790 communiter

1907 827 2291 896 intelligantur,
2319 824 2434 878 sive
2460 821 2551 892 qui
2577 836 2608 874 a
2639 820 2786 876 Mose
2811 821 2866 873 in
2900 821 3226 877 solemnibus
3249 833 3303 878 et
3330 837 3429 877 no-

1907 917 2123 972 viluniis
2161 923 2215 972 et
2251 913 2490 970 sabbatis
2528 912 2643 982 lege
2687 910 2881 964 sanciti
2926 911 3054 973 sint,
3085 927 3218 979 quos
3244 913 3431 979 utique

1909 1021 2015 1061 non
2043 1005 2176 1068 dies,
2211 1004 2305 1060 sed
2337 1003 2542 1058 dierum
2574 1000 2794 1055 umbras
2832 1015 2952 1055 esse
2976 1000 3190 1056 divinus
3214 1010 3430 1070 aposto-

1909 1096 1993 1150 lus
2041 1094 2216 1149 docet.
2256 1091 2354 1147 Hic
2401 1098 2580 1146 autem
2626 1089 2775 1144 solus
2827 1096 2882 1143 et
2924 1105 3065 1144 unus
3122 1088 3431 1146 Dominicus

1912 1183 2201 1239 Salvatoris
2226 1181 2396 1237 nostri
2426 1181 2562 1244 dies,
2585 1194 2693 1233 non
2717 1179 2772 1232 in
2799 1179 2945 1233 omni
2973 1179 3091 1232 loco
3116 1179 3311 1242 lucere,
3338 1180 3430 1233 scd

1911 1275 1964 1328 in
2002 1273 2131 1329 solis
2175 1272 2329 1328 atriis
2363 1271 2572 1326 Domini
2608 1271 2786 1325 dictus
2825 1278 2927 1325 est.
2980 1268 3101 1322 Hzee
3142 1284 3267 1322 vero
3298 1271 3430 1322 atria

1909 1370 2066 1418 erunt
2092 1377 2185 1432 per
2210 1369 2382 1416 totum
2424 1361 2606 1414 orbem
2635 1367 2894 1415 terrarum
2933 1359 3131 1415 Christi
3160 1359 3430 1420 Ecclesiae.

1909 1467 2026 1522 quae
2052 1453 2213 1508 unius
2254 1452 2447 1507 domus
2494 1451 2589 1506 Dei
2634 1453 2809 1504 locum
2855 1451 3118 1504 obtinent.
3149 1451 3209 1504 In
3241 1449 3439 1518 quibus

1908 1548 2055 1611 optat
2081 1547 2239 1610 atque
2283 1540 2434 1609 eligit
2476 1555 2534 1595 se
2563 1539 2742 1608 potius
2769 1538 3032 1607 abjectum
3061 1552 3200 1599 esse,
3231 1537 3324 1604 qui
3352 1546 3436 1589 ιιι-ο

1908 1629 1979 1684 lia
2022 1630 2190 1693 novit,
2224 1628 2485 1697 longeque
2537 1627 2807 1681 meliorem
2848 1626 2903 1679 in
2929 1625 2995 1679 iis
3051 1624 3429 1678 habitationem

1908 1719 2171 1781 enuntiat,
2214 1733 2374 1786 quam
2404 1717 2459 1771 in
2503 1727 2844 1787 peccatorum
2890 1715 3296 1769 tabernaculis:
3331 1712 3437 1768 nisi

1909 1806 2045 1863 forte
2087 1807 2425 1871 Iudaeorum,
2474 1808 2566 1878 qui
2611 1807 2882 1863 Christum
2927 1806 3021 1861 Dei
3070 1812 3295 1875 negant,
3345 1813 3439 1857 aut

1910 1901 2133 1955 aliorum
2167 1899 2377 1954 diversa
2407 1900 2760 1969 Opinantium,
2799 1898 3113 1967 nullumque
3147 1896 3311 1950 Deum
3343 1909 3436 1949 co-

1910 1989 2150 2054 lentium,
2181 1988 2612 2058 reliquarumque
2642 2003 2673 2042 a
2702 1987 2804 2043 ﬁde
2829 1987 3231 2042 abhorrentium
3257 1985 3435 2038 natio-

1908 2095 2035 2135 num
2060 2087 2373 2143 conventus,
2404 2079 2571 2133 multo
2611 2078 2861 2133 meliores
2890 2092 3010 2132 esse
3038 2090 3203 2145 quam
3235 2073 3435 2128 Christi

1909 2168 2193 2234 Ecclesias,
2227 2169 2528 2241 quicunque
2553 2169 2713 2222 hasce
2751 2167 2914 2235 eligit,
2949 2166 3242 2237 proﬁtetur.

1911 2277 1950 2329 A
2003 2276 2204 2341 psalmo
2242 2292 2500 2330 Lxxxvm.
2542 2305 2610 2314 —-
2638 2275 2873 2329 Christus
2915 2274 3222 2328 nominatim
3259 2271 3438 2337 despe-

1981 2354 2113 2408 ctus,
2145 2357 2294 2414 atque
2320 2345 2493 2397 omnia
2526 2343 2714 2414 probra
2756 2359 3048 2414 passurus:
3068 2342 3436 2414 commutatio-

2011 2428 2072 2465 ue
2094 2411 2226 2480 ejus,
2258 2414 2474 2481 populus
2508 2413 2756 2481 ejusdem,
2791 2412 2877 2478 qui
2913 2412 2975 2465 ab
3006 2411 3226 2464 inimicis
3255 2423 3437 2474 expro-

2016 2492 2181 2535 ratur.

1916 2593 2070 2662 187
2104 2611 2124 2642 ι
2159 2592 2239 2646 Tu
2272 2606 2401 2646 vero
2446 2572 2691 2661 repulisti
2730 2598 2785 2645 et
2809 2588 3122 2660 despexisti,
3180 2585 3440 2643 distulisti

1910 2682 2182 2736 Christum
2222 2691 2417 2735 tuum:
2453 2682 2693 2736 evertisti
2734 2686 3115 2736 testamentum
3158 2676 3298 2732 servi
3332 2675 3436 2729 sui.

1910 2768 2211 2825 Profanasti
2253 2770 2309 2824 in
2352 2778 2498 2825 terra
2539 2770 2903 2824 sanctuarium
2935 2768 3129 2837 ejus”,
3170 2784 3189 2816 ι
3230 2772 3284 2819 et
3321 2776 3443 2833 qua:

1910 2854 2225 2931 sequuntur,
2242 2862 2436 2932 quibus
2453 2861 2693 2932 adjungit
2717 2880 2731 2915 :
2759 2879 2778 2912 ι
2815 2859 3015 2916 Memor
3035 2867 3172 2923 esto,
3200 2857 3437 2918 Domine,

1912 2956 2185 3025 opprobrii
2225 2972 2502 3012 servorum
2539 2965 2777 3030 tuorum,
2802 2954 2947 3026 quod
2977 2953 3218 3009 continui
3241 2955 3297 3007 in
3318 2954 3441 3008 sinu

1913 3061 2030 3100 meo
2060 3046 2350 3100 multarum
2380 3046 2642 3117 gentium,
2675 3045 2817 3115 quod
2849 3046 3307 3115 exprobraverunt
3337 3042 3443 3095 ini-

260 3124 358 3179 ριε,
383 3109 445 3168 οὗ
473 3115 798 3177 ὠνείδισαν,
827 3113 889 3165 τὸ
915 3111 1261 3181 ἀντάλλαγμα
1286 3111 1376 3164 τοῦ
1398 3111 1626 3181 Χριστοῦ
1647 3129 1758 3165 σου.
1790 3131 1808 3163 ›

1915 3136 2038 3189 mici
2061 3135 2163 3198 tui,
2199 3134 2442 3199 Domine,
2472 3137 2617 3206 quod
2644 3136 3121 3205 exprobraverunt,
3149 3140 3435 3188 commuta.

251 3199 442 3270 Σαφῶς
463 3205 523 3258 δὲ
557 3204 665 3259 καὶ
696 3205 757 3256 ὲν
783 3201 991 3265 τούτοις
1018 3202 1046 3253 6
1071 3200 1298 3271 Χριστὸς
1326 3201 1575 3270 ὀνομαστὶ
1607 3217 1809 3271 μνημο-

1920 3229 2118 3283 tionem
2141 3228 2343 3284 Christi
2369 3229 2447 3282 tui
2462 3199 2526 3282 δέ.
2556 3248 2575 3281 ι
2606 3199 2892 3296 Perspicue
2914 3242 3043 3282 vero
3071 3225 3233 3280 etiam
3262 3225 3316 3277 in
3355 3223 3445 3278 his

249 3291 481 3359 κύτται,
519 3295 624 3349 καὶ
654 3295 693 3363 ή
734 3291 878 3345 κατά
911 3291 972 3343 τὸ
1007 3290 1174 3352 πάθος
1195 3289 1353 3343 αὑτοῦ
1380 3291 1810 3362 προφητευομένη

252 3379 593 3450 ruptam.
639 3379 770 3431 Ἐπὶ
798 3376 991 3447 σχολῆς
1017 3378 1074 3429 δὲ
1102 3377 1192 3430 τὸν
1220 3377 1337 3430 ὅλον
1364 3377 1568 3448 ψαλμὸν
1603 3379 1814 3448 βασανί-

253 3465 432 3534 {Meg
459 3469 921 3540 παραστήσομεν,
949 3468 1029 3519 ὅτι
1056 3466 1144 3517 ἐπὶ
1173 3466 1476 3538 μηδέτερον,
1524 3468 1557 3536 ἢ
1604 3469 1693 3520 ἐπὶ
1721 3469 1815 3537 μό-

255 3571 349 3610 νον
368 3559 454 3613 τὸν
482 3560 727 3630 Σωτῆρα
760 3558 857 3609 καὶ
898 3554 1097 3626 Κύριον
1125 3555 1279 3626 ἡμῶν
1307 3557 1605 3626 ἐφαρμόσαι
1642 3557 1705 3609 ἂν
1747 3557 1813 3609 τὰ

256 3647 611 3717 προκείμενα.
656 3644 821 3699 una
851 3645 944 3697 καὶ
965 3644 1208 3715 δεύτερον
1229 3644 1457 3715 Χριστὸς
1491 3643 1813 3715 ὀνομαζόμε-

263 3749 383 3795 νος.
402 3738 519 3790 τίνα
546 3737 712 3791 ἀλλον
733 3736 769 3806 ἢ
787 3734 879 3789 τὸν
905 3734 1064 3788 αὑτὸν
1087 3734 1252 3805 δηλοῖ,
1277 3727 1337 3787 οὗ
1364 3733 1424 3786 τὺ
1447 3734 1807 3806 ἀντάλλαγμα,

266 3821 496 3889 δηλονότι
515 3826 616 3897 τὴν
651 3823 1000 3895 Ἐκκλησίαν,
1023 3823 1296 3877 ὠνείδισάν
1319 3840 1379 3876 τε
1410 3824 1502 3876 καὶ
1532 3823 1693 3876 εἰσέτι
1719 3816 1810 3879 νῦν

268 3908 572 3978 ὀνειδίζουσι
615 3916 670 3968 oi
716 3912 997 3982 λεγόμενοι
1051 3911 1143 3963 τοῦ
1186 3910 1421 3982 Χριστοῦ
1470 3911 1679 3982 ὲχθροί;
1732 3911 1811 3963 Τὰ

271 3994 404 4061 γοῦν
440 4003 530 4056 τοῦ
560 4002 823 4073 Σωτῆρος
869 3999 1027 4070 ἡμῶν
1067 3999 1209 4069 πάθη
1253 3998 1289 4052 ἀ
1334 3999 1471 4068 ὑπὲρ
1529 3999 1679 4070 ἡμῶν
1716 4001 1808 4054 ἀν-

270 4085 501 4158 εδέξατο,
537 4094 635 4146 καὶ
685 4092 924 4161 μάλιστα
958 4088 1047 4143 τὸν
1079 4089 1302 4142 θάνατον
1334 4089 1530 4142 καὶτὸν
1568 4091 1807 4162 σταυρὸν,

276 4176 392 4239 εἰς
407 4182 432 4233 6
450 4183 546 4253 τῆς
567 4180 809 4254 Χριστοῦ
834 4177 1176 4241 διδασκαλίας
1196 4177 1449 4247 πολέμιος
1478 4179 1809 4243 ὲπονειδίζειν

273 4265 413 4332 ἡμῖν
436 4273 633 4326 εἴωθεν.

1908 3316 2108 3373 Christi
2144 3317 2460 3371 nominatim
2482 3317 2679 3371 mentio
2712 3317 2789 3380 tit,
2814 3324 2866 3371 et
2897 3316 3075 3369 futura
3108 3316 3161 3368 in
3191 3314 3442 3385 passione

1908 3404 2145 3473 ejusdem
2189 3404 2406 3458 atilictio
2447 3404 2796 3459 memoratur;
2844 3404 2947 3459 Ubi
2998 3419 3128 3459 vero
3177 3404 3301 3472 plus
3346 3403 3439 3456 otii

1907 3493 2050 3548 nacti
2088 3494 2308 3557 erimus,
2355 3502 2525 3547 totum
2553 3495 2819 3563 psalmum
2856 3495 3197 3563 explorantes
3223 3492 3432 3545 demon-

1910 3583 2216 3644 strabimus,
2250 3582 2384 3636 nulli
2415 3596 2637 3652 prorsus
2682 3582 2773 3635 alii
2801 3582 2909 3637 nisi
2954 3579 3217 3634 Salvatori
3248 3594 3310 3631 ac
3335 3576 3442 3632 Do-

1908 3673 2052 3726 mino
2070 3680 2256 3725 nostro
2286 3669 2678 3724 accommodari
2707 3683 2866 3737 posse
2895 3683 3014 3737 quae
3054 3667 3110 3721 in
3143 3681 3207 3719 eo
3244 3679 3446 3735 propo-~

1908 3760 2008 3815 sita
2030 3770 2172 3813 sunt.
2197 3757 2302 3812 Sed
2323 3759 2462 3812 enim
2484 3757 2572 3810 ubi
2610 3756 2860 3811 Christus
2892 3756 3086 3809 iterum
3103 3752 3438 3814 nominatur,

1905 3847 2026 3917 quis
2055 3847 2268 3900 tandem
2297 3845 2436 3900 alius
2470 3843 2797 3914 signiﬁcetur
2829 3843 2934 3898 nisi
2978 3843 3066 3897 ille
3113 3841 3246 3911 ipse,
3286 3839 3455 3908 cujus.

1907 3936 2397 3998 commutationem,
2448 3934 2549 3988 hoc
2593 3943 2676 3988 est
2709 3934 3025 3996 Ecclesiam,
3072 3939 3126 3986 et
3152 3917 3439 4000 exprobras

1907 4034 2096 4081 verunt
2142 4032 2195 4080 et
2226 4023 2402 4079 adhuc
2428 4024 2775 4094 exprobrant,
2817 4024 2910 4092 qui
2958 4023 3212 4077 dicuntur
3239 4020 3444 4075 Christi

1908 4114 2145 4170 inimici?
2168 4114 2433 4184 siquidem
2459 4112 2753 4168 Salvatoris
2785 4113 2959 4167 nostri
2989 4113 3282 4175 cruciatus,
3306 4127 3443 4180 quos

1908 4206 2022 4274 ipse
2054 4218 2150 4272 pro
2198 4202 2352 4257 nobis
2394 4202 2662 4270 suscepit,
2709 4215 2772 4255 ac
2811 4199 3081 4269 prmeipue
3120 4206 3346 4253 mortem
3389 4206 3444 4252 et

1907 4307 2142 4356 crucem,
2194 4291 2503 4361 quicunque
2543 4289 2746 4344 Christi
2798 4288 3099 4342 doctrinam
3147 4292 3441 4356 oppugnat,

1908 4383 2234 4452 exprobrare
2260 4380 2418 4435 nobis
2448 4379 2748 4434 consuevit.

284 4459 522 4541 ταιμώ
546 4471 706 4541 ρλςίι
740 4497 809 4508 -
848 4462 1104 4541 Χριστὸς
1135 4462 1517 4541 macta
1555 4464 1810 4541 ξπέρμέξ-

1915 4473 1955 4526 Α
1979 4472 2177 4541 psalmo
2206 4485 2386 4524 cxxxt.
2420 4499 2489 4511 —
2522 4469 2762 4524 Christus
2791 4468 3132 4541 ~nominatim
3149 4465 3210 4519 de
3238 4466 3445 4541 'semine

368 4531 447 4599 τος
477 4531 1094 4607 ΛαϐιδΑὼρ-ςςτιῇιᾳνος,
1336 4531 1510 4585 Δαὸὶδ
1542 4531 1810 4607 ὀνομαζό-

366 4613 535 4669 μενος,
576 4604 717 4668 τοὺς
757 4601 1078 4667 Ἰουδαίους
1102 4601 1349 4671 ἐχθροὺς
1382 4601 1808 4668 καταισχύνων,

368 4666 417 4718 τὸ
436 4673 683 4742 ἁγιασμα
710 4672 819 4726 τοῦ
844 4669 1075 4738 Πατρός
1097 4669 1379 4723 ἀνανεῶν.

374 4781 596 4851 ιὪμοσε
634 4782 841 4853 Κύριος
877 4779 957 4850 τῷ
993 4779 1157 4832 Δαόὶδ
1194 4778 1464 4850 ἀλήθειαν,
1501 4778 1592 4832 καὶ
1633 4780 1693 4832 οὐ
1739 4781 1811 4850 μὴ

270 4858 518 4942 ἀθετήσει
556 4875 745 4931 αὐτόν·
781 4876 849 4928 ὲκ
893 4870 1107 4942 καρποῦ
1139 4871 1235 4939 τῆς
1280 4861 1483 4929 κοιλίας
1522 4883 1611 4919 σου
1657 4868 1814 4939 θήσο-

274 4965 390 5016 μαι
433 4964 514 5017 ἐπὶ
560 4964 652 5017 τοῦ
708 4964 903 5034 θρόνου
966 4978 1083 5015 σου.
1118 4981 1137 5012 ι
1204 4956 1312 5014 Εἶθ’
1367 4957 1568 5020 ὑποϐάς
1616 4976 1809 5029 φησιν·

274 5055 305 5086 α
358 5038 479 5105 Ἐκεῖ
496 5054 792 5124 ἐξανατξλῶ
820 5053 988 5125 κέρας
1015 5051 1093 5122 τῷ
1118 5050 1298 5111 Δαὸὶδ,
1327 5048 1591 5118 ἡτοίμασα
1625 5049 1813 5121 λύχνον

260 5125 366 5195 τῷ
384 5135 581 5215 Χριστῷ
615 5164 717 5216 μου
738 5163 753 5177 ⁸
780 5146 909 5207 τοὺς
940 5143 1169 5213 ἐχθροὺς
1207 5139 1364 5193 αὐτοῦ
1394 5137 1591 5191 ἐνδύσω
1621 5143 1812 5213 αἰσχύ-

434 5236 517 5291 ἐπὶ
545 5236 602 5290 δὲ
624 5235 787 5290 αὐτὸν
814 5234 1101 5302 ὲξανθήσει
1128 5230 1187 5282 τὸ
1213 5228 1448 5296 ἀγίασμά
1472 5244 1588 5296 μου.
1621 5251 1641 5282 ι
1666 5234 1814 5287 Κάν-

248 5311 435 5376 ταῦθα
462 5326 581 5397 περὶ
615 5325 710 5379 τοῦ
740 5327 806 5377 ἐκ
847 5323 1164 5392 σπέρματος
1186 5318 1339 5370 Δαϐὶδ
1375 5316 1589 5384 ὄμνυσιν
1619 5324 1652 5374 6
1700 5326 1815 5379 Κύ-

242 5407 399 5488 ρ
430 5418 560 5488 ὅπερ
600 5415 826 5486 σπέρμα
869 5412 966 5465 καὶ
999 5409 1170 5478 κέρας
1201 5404 1440 5474 ὀνομάζει
1479 5408 1638 5464 αὐτοῦ
1661 5430 1676 5443 .
1718 5420 1814 5472 καὶ

146 5576 153 5583 ,
189 5573 203 5583 ,
234 5475 417 5556 πάλιν
460 5475 722 5577 drepani:
748 5475 863 5554 ’τὸν
912 5475 1148 5566 Χρισέδν
1197 5494 1557 5562 ἀναγορεύων⁹
1607 5501 1813 5574 λύχνον

130 5594 149 5637 ί
300 5624 323 5655 s

1982 4534 2148 4608 David
2181 4555 2416 4608 surgens,
2451 4540 2539 4603 qui
2584 4537 2949 4602 cornuﬂavid
2994 4537 3311 4608 nominatur,
3355 4534 3444 4600 qui

1980 4607 2193 4661 Iudaeos
2237 4602 2475 4663 inimicos
2528 4608 2801 4675 confudit,
2844 4607 2933 4676 qui
2981 4602 3442 4672 sanctificatione":

1983 4676 2160 4730 Patris
2184 4685 2411 4730 renovat.

1975 4809 1993 4842 ι
2033 4787 2239 4843 Iuravit
2269 4787 2529 4842 Dominus
2561 4786 2665 4856 ipsi
2712 4784 2880 4840 David
2912 4784 3191 4839 veritatem
3230 4786 3285 4834 et
3323 4779 3440 4832 irri.

1904 4889 2013 4937 tam
2049 4895 2155 4934 non
2186 4877 2343 4933 faciet
2379 4893 2518 4940 eam,
2555 4877 2622 4930 de
2662 4875 2845 4930 fructu
2877 4873 3082 4928 ventris
3130 4871 3205 4923 tui
3236 4883 3436 4938 ponam

1908 4984 2067 5040 super
2090 4970 2269 5025 sedem
2291 4978 2434 5023 tuam
2451 4968 2519 5021 ⁸⁸.
2551 4987 2570 5019 ι
2597 4966 2733 5021 Tum
2763 4978 3079 5034 progressus
3103 4960 3328 5015 inferius
3360 4960 3441 5014 sic

1911 5064 1986 5118 ait
2011 5078 2023 5113 :
2052 5080 2071 5113 ι
2089 5060 2200 5115 Illic
2226 5061 2513 5130 producam
2538 5075 2710 5114 cornu
2736 5058 2839 5129 ipsi
2863 5056 3045 5118 David,
3066 5054 3247 5124 paravi
3274 5054 3442 5109 lucer-

1913 5167 2036 5207 nam
2081 5150 2299 5206 Christo
2340 5164 2490 5213 meo,
2536 5149 2788 5203 inimicos
2826 5148 2944 5216 ejus
2990 5145 3208 5201 induam
3257 5144 3442 5199 contu-

1914 5242 2103 5296 sione:
2128 5255 2289 5310 super
2325 5240 2500 5308 ipsum
2552 5246 2729 5294 autem
2779 5235 3040 5293 etilorebit
3083 5235 3440 5291 sanctiﬁcatio

1914 5330 2110 5385 mea".
2148 5349 2168 5382 ι
2205 5330 2305 5384 Hic
2340 5342 2554 5397 quoque
2595 5328 2662 5381 de
2700 5342 2764 5383 eo
2799 5327 2893 5397 qui
2929 5342 2993 5381 ex
3032 5326 3237 5381 semine
3270 5322 3441 5376 David

1912 5421 2116 5476 oriatur
2150 5420 2299 5489 jurat
2339 5418 2614 5482 Dominus,
2656 5419 2801 5488 quod
2829 5418 3044 5488 quidem
3082 5429 3266 5472 semen
3301 5414 3441 5481 ejus-

1914 5510 2053 5575 dem,
2100 5525 2265 5564 cornu
2303 5508 2592 5564 nominat:
2634 5518 2686 5563 et
2725 5524 2845 5564 eum
2887 5511 3077 5565 iterum
3122 5501 3438 5561 nominatim

330 5636 356 5669 δ
393 5655 528 5711 Psal.
558 5669 830 5717 uxxvm,
863 5647 953 5711 59,
992 5646 1067 5698 ιο.
1153 5644 1194 5673 “
1216 5642 1333 5695 ibid.
1369 5643 1553 5707 51,52.
1632 5653 1684 5684 ss
1713 5653 1811 5710 p53

1920 5675 2064 5726 ιιιι,
2100 5662 2184 5717 ii.
2262 5661 2455 5716 "ibid.
2485 5662 2570 5728 i7,
2603 5662 2687 5717 18.
