3862 6342
700 371 804 424 515

1325 361 1589 419 EUSEBII
1627 362 2102 418 ῦιιΕΞΑΒΙΕΝΞΙΞ
2131 361 2276 418 ΟΡΡ.
2319 358 2513 415 PARS.
2558 357 2620 412 11.
2652 385 2722 397 -—
2753 355 2850 408 ΑΡ(

1685 362 2102 418 έΕΞΑΒΙΕΝΒΙΞ
2131 361 2276 418 ΟΡΡ.
2319 358 2513 415 PARS.
2558 357 2620 412 11.
2652 385 2722 397 -—
2753 355 3210 412 APOLOGETlCA.

700 481 973 536 Christum
1010 475 1237 544 appellet
1273 475 1546 530 lucernam
1579 477 1709 531 dicit
1739 493 1797 533 se
1827 479 1903 532 illi
1936 479 2225 549 paravisse,

2060 479 2227 543 .visse,
2258 484 2302 538 Α
2331 474 2491 543 φησὶν
2528 471 2873 542 ἡτοιμακέναι
2905 471 3066 540 αὐτῷ,
3095 471 3168 522 τὸν
3191 460 3498 538 προφητικὸν,
3526 457 3585 520 ὼς

702 569 1070 642 propheticum
1100 567 1304 635 utique,
1323 576 1381 620 ut
1399 568 1686 624 verisimile
1702 577 1804 634 est,
1832 571 2077 632 verbum,
2097 569 2238 638 quod

702 664 875 730 ipsum
906 657 1176 712 Christum
1205 658 1514 721 antecessit,
1547 659 1637 726 qui
1661 661 1808 714 solus
1841 661 2013 714 instar
2048 659 2240 714 solaris

703 749 940 812 luminis,
972 747 1222 801 omnibus
1248 748 1339 814 qui
1379 754 1548 801 totum
1585 749 1768 802 orbem
1801 757 2070 803 terrarum
2104 749 2242 802 inco-

705 839 820 890 lunt
844 835 1170 897 hominibus,
1193 843 1410 889 exortus
1430 843 1530 889 est.
1569 833 1658 888 Sic
1681 836 1793 904 ipse
1821 851 2034 906 quoque
2053 835 2240 898 David,

705 938 764 981 ut
801 926 1000 980 Christi
1051 926 1270 978 lucerna
1309 933 1528 994 paratus
1564 932 1688 980 ante
1725 927 1873 979 illum
1909 926 2033 990 fuit,
2064 933 2247 994 utpote

706 1017 794 1085 qui
829 1016 927 1070 soli
974 1013 1316 1082 perfectoque
1364 1014 1553 1068 lumini
1596 1022 1972 1084 comparatus,
2017 1015 2248 1069 lucerna:

707 1106 882 1158 locum
937 1103 1197 1157 obtineat.
1245 1121 1263 1153 ‹
1313 1101 1429 1156 Illic
1486 1119 1645 1169 vero,
1701 1105 1907 1174 inquit,
1954 1106 2248 1175 producam

708 1209 898 1253 cornu,
947 1212 964 1244 ι
1009 1195 1185 1246 locum
1233 1192 1480 1248 videlicet
1527 1193 1791 1254 indicans,
1848 1195 1936 1248 ubi
1985 1195 2250 1264 signiﬁcat

707 1281 981 1338 Christum
1004 1282 1290 1335 oriturum.
1324 1280 1458 1335 Cum
1489 1282 1630 1335 enim
1666 1290 1918 1350 precatus
1960 1290 2105 1337 esset
2148 1282 2249 1334 Da-

709 1372 819 1435 vid,
852 1379 910 1424 ut
947 1372 1047 1425 sibi
1086 1372 1276 1440 spiritu
1314 1373 1474 1441 188
1506 1373 1690 1426 liceret
1731 1382 1854 1426 ante
1896 1372 2249 1442 contemplari

713 1463 860 1516 illius
899 1462 1129 1514 natalem
1165 1462 1367 1523 locum,
1407 1461 1745 1532 dixissetque
1777 1463 1941 1517 verba
1973 1460 2104 1516 illa:
2136 1481 2154 1512 ι
2193 1462 2250 1516 Si

715 1552 976 1605 introiero
1026 1552 1079 1604 in
1121 1551 1528 1605 tabernaculum
1569 1553 1762 1606 domus
1802 1567 1952 1615 meae,
1988 1553 2033 1606 si
2063 1566 2242 1606 ascen-

713 1644 842 1696 dero
869 1643 922 1695 in
959 1643 1153 1696 lectum
1182 1643 1337 1695 strati
1368 1643 1493 1706 mei,
1522 1641 1568 1697 si
1607 1643 1804 1696 dedero
1837 1657 2086 1696 somnum
2121 1657 2254 1696 ocu-

712 1735 780 1787 lis
813 1733 964 1794 meis,
998 1739 1050 1785 et
1084 1731 1354 1800 palpebris
1402 1732 1536 1786 meis
1570 1731 2003 1785 dormitationem
2024 1771 2039 1794 ,
2077 1740 2130 1784 et
2167 1746 2254 1785 re-

2341 564 2514 632 λόγον,
2542 563 2632 614 τὸν
2662 559 3030 631 προωδευκὸτα
3057 556 3139 611 τοῦ
3161 550 3374 624 Χριστοῦ,
3398 550 3451 611 ὃς
3480 546 3586 617 μόνη

2345 653 2438 706 κοῦ
2469 653 2642 721 φωτὸς
2668 649 2820 718 δίκην
2850 651 2955 712 τοῖς
2979 650 3106 700 πᾶσι
3125 645 3220 698 καθ’
3247 641 3353 707 ὅλης
3380 639 3470 708 τῆς
3499 639 3586 688 olm

2345 740 2647 812 ἀνθρώποις
2675 737 3016 791 ἀνατέταλκε.
3050 735 3149 788 Καὶ
3173 730 3302 792 αὐτὸς
3326 727 3376 780 δὲ
3403 729 3429 778 6
3455 722 3586 776 Δαόιῖ

2347 833 2422 902 τῷ
2458 829 2671 902 Χριστῷ
2714 827 3124 898 προητοίμαστο,
3151 823 3209 884 ὼς
3237 815 3504 887 παραθέσει
3535 813 3586 882 ἡ)

2346 925 2546 985 τελείου
2592 921 2786 990 φωτὸς,
2852 918 3041 986 λύχνου
3089 913 3215 980 τάξιν
3251 909 3458 976 ἐπέχων.
3498 925 3515 957 ι
3555 905 3586 956 ’1

2351 1016 2528 1086 φησὶν,
2592 1009 2891 1076 ὲξανατελῶ
2931 1007 3116 1078 κέρας,
3143 1021 3159 1054 ι
3189 1003 3262 1055 τὸν
3298 999 3446 1052 τόπον
3487 995 3586 1065 δηλι

2353 1105 2598 1175 σημαίνει
2625 1104 2714 1155 τὸν
2745 1099 2976 1172 Χριστὸν
3010 1091 3409 1166 γεννηθήσεσθαι.
3434 1087 3586 1152 Εὑξα*

2351 1195 2427 1264 τῷ
2459 1193 2618 1246 Δαόὶδ
2648 1193 2738 1245 τὸν
2777 1191 2937 1242 τόπον
2964 1187 3044 1257 τῷ
3084 1183 3320 1253 πνεύματι
3362 1179 3586 1250 προθεωε

2353 1288 2609 1357 γενέσεως
2638 1283 2729 1336 τοῦ
2768 1279 3025 1352 Χριστοῦ,
3063 1274 3269 1347 φήσαντι
3306 1289 3385 1335 τε,
3419 1291 3435 1322 ι
3471 1272 3536 1323 Εἰ
3570 1287 3586 1322 ε

2357 1396 2451 1449 μαι
2484 1378 2572 1428 ἐπὶ
2615 1375 2794 1442 κλίνης
2830 1368 3118 1440 στρωμνῆς
3156 1383 3260 1437 μου,
3292 1365 3338 1416 εί
3380 1361 3532 1414 δώσω
3555 1361 3584 1413 ὓ

2354 1470 2639 1539 ὀφθαλμοῖς
2672 1482 2791 1535 μου,
2838 1463 2931 1514 καὶ
2958 1463 3072 1523 τοῖς
3117 1457 3378 1529 βλεφάροις
3415 1471 3512 1524 μου
3551 1472 3586 1539 ν’

2355 1560 2446 1613 καὶ
2480 1557 2776 1611 ἀνάπαυσιν
2803 1555 2914 1614 τοῖς
2945 1549 3223 1621 κροτάφοις
3249 1564 3366 1618 μου,
3403 1545 3507 1608 ἓως
3535 1537 3586 1596 οἶ

2356 1665 2451 1701 πον
2483 1646 2556 1716 τῷ
2594 1643 2797 1714 Κυρίῳ,
2836 1641 3102 1710 σκήνωμα
3125 1637 3193 1706 τῷ
3216 1634 3326 1705 Θεῷ
3361 1632 3552 1687 Ἰακὼϐ
3579 1673 3586 1697 ,

2356 1737 2540 1790 λύπτει
2581 1736 2640 1788 τὸ
2676 1734 2814 1786 θεῖον
2861 1729 3089 1800 Πνεῦμα
3116 1728 3198 1781 τὸν
3223 1729 3277 1780 ὲν
3315 1724 3564 1795 Βηθλεὲμ

713 1825 892 1893 quiem
943 1823 1278 1890 temporibus
1330 1822 1498 1884 meis,
1550 1821 1722 1874 donec
1771 1821 2036 1875 inveniam
2079 1821 2236 1874 locun

2012 1837 2036 1872 [ι
2079 1821 2254 1874 locum
2289 1815 2595 1898 Βὲπιφέρει
2652 1825 2863 1893 λέγων’
2935 1838 2958 1873 ι
3027 1819 3158 1872 Ἰδοὺ
3223 1815 3537 1887 ἠκούσαμεν

715 1914 959 1975 Domino,
987 1914 1398 1966 tabernaculum
1427 1913 1534 1967 Deo
1561 1911 1727 1980 Jacob
1748 1911 1814 1976 ⁸⁷,
1853 1931 1871 1962 ι
1907 1910 2124 1966 divinus
2148 1911 2259 1980 spi-

715 2006 852 2059 ritus
887 2004 934 2058 ei
968 2005 1165 2066 locum,
1192 2004 1282 2072 qui
1310 2009 1394 2058 est
1427 2005 1481 2057 in
1517 2003 1822 2058 Bethlehem
1857 2003 2126 2056 occultum
2165 2001 2256 2056 de-

715 2097 868 2167 tegit.
911 2097 1092 2164 Itaque
1123 2096 1418 2164 subjungit,
1466 2095 1652 2149 dicens
1686 2114 1698 2149 :
1729 2111 1747 2143 ι
1783 2093 1920 2147 Ecce
1958 2092 2259 2145 audivimus

717 2203 834 2242 eam
872 2189 925 2240 in
948 2186 1211 2256 Ephrata;
1239 2205 1256 2234 ι
1285 2186 1468 2256 (porro
1488 2185 1600 2238 haec
1651 2192 1733 2238 est
1776 2184 1892 2252 ipsa
1929 2180 2258 2248 Bethlehem)

725 2297 743 2328 ι
777 2277 1076 2331 invenimus
1127 2291 1243 2331 eam
1285 2276 1337 2329 in
1379 2275 1584 2342 campis
1620 2275 1787 2336 silvae,
1828 2272 2168 2326 introibimus
2204 2269 2258 2322 in

718 2367 1125 2422 tabernaculum
1163 2364 1301 2432 ejus,
1353 2364 1698 2418 adorabimus
1734 2365 1787 2416 in
1818 2361 2069 2416 loco.ubi
2097 2365 2258 2414 stete-

720 2470 844 2514 runt
869 2460 1028 2530 pedes
1069 2460 1187 2528 ejus
1218 2460 1282 2512 5’.
1317 2477 1335 2508 ι
1376 2456 1552 2522 Quare
1591 2458 1783 2510 merito
1825 2463 2106 2524 postquam
2145 2453 2258 2506 hate

721 2550 929 2617 aperuit
953 2557 1112 2617 atque
1143 2547 1416 2608 indicavit,
1442 2546 1685 2614 adjungit
1720 2561 1732 2596 :
1766 2563 1784 2594 ι
1822 2544 1936 2598 lllic
1965 2544 2256 2612 producam

721 2654 890 2692 cornu
926 2639 1026 2707 ipsi
1069 2637 1254 2700 David,
1288 2637 1470 2705 paravi
1509 2637 1784 2689 lucernam
1816 2635 2028 2687 Christo
2055 2648 2194 2686 meo.
2231 2650 2249 2683 ι

721 2725 971 2780 Fortasse
1017 2729 1176 2780 etiam
1218 2727 1392 2795 ipsum
1439 2726 1496 2778 in
1533 2723 1840 2778 Bethlehem
1870 2737 1899 2775 a
1925 2722 2140 2776 Christo
2168 2736 2256 2777 as-

723 2821 997 2881 sumptum
1041 2829 1258 2883 corpus,
1290 2813 1393 2866 alio
1415 2813 1643 2882 quodam
1678 2809 1947 2864 intellectu
1967 2809 2051 2863 his
2079 2808 2257 2863 verbis

725 2905 1030 2973 signiﬁcans
1055 2921 1068 2958 :
1098 2902 1312 2971 quando
1344 2917 1439 2972 per
1470 2916 1664 2969 corpus
1695 2907 1946 2968 tanquam
1979 2914 2074 2967 per
2094 2905 2259 2952 testa-

2361 1917 2619 1987 Ἐφραθά’
2652 1934 2671 1966 ι
2707 1913 2862 1985 (αὕτη
2885 1912 2943 1965 δέ
2973 1913 3118 1963 ἐστιν
3147 1910 3178 1979 ἡ
3209 1906 3476 1978 Βηθλεέμ)
3515 1925 3534 1956 ‹
3563 1923 3586 1957 ε

2351 2011 2444 2080 τὴν
2479 2011 2533 2060 ὲν
2575 2010 2684 2068 τοῖς
2715 2005 2914 2066 πεδίοις
2960 2000 3055 2054 τοῦ
3100 1999 3319 2071 δρυμοῦ.
3358 1997 3584 2050 Εἱσελει

2351 2101 2418 2152 τὰ
2452 2097 2776 2168 σκηνώματα
2805 2092 2992 2155 αὐτοῦ,
3023 2091 3470 2162 προσκυνήσομεν
3507 2090 3586 2150 εἰς

2355 2185 2413 2244 οὗ
2441 2189 2671 2259 ἔστησαν
2699 2187 2748 2238 οἱ
2778 2185 2932 2247 πόδες
2974 2181 3161 2235 αὐτοῦ.
3195 2201 3212 2233 ι
3245 2181 3498 2243 Εἰκότως
3531 2176 3586 2232 οἷ

2354 2279 2551 2332 τούτων
2583 2277 2885 2346 φανέρωσιν
2929 2273 3204 2340 ἐπιλέγει·
3241 2291 3259 2321 ‹
3315 2271 3470 2323 Ἐκεῖ
3516 2270 3583 2333 ἐξ

2358 2387 2453 2439 ρας
2485 2368 2558 2438 τῷ
2591 2367 2782 2419 Δαϐίδο
2822 2366 3091 2436 ἡτοίμασα
3132 2363 3323 2432 λύχνον
3371 2361 3459 2431 τῷ
3504 2363 3586 2431 Χ(

2353 2459 2501 2527 Τάχα
2536 2457 2662 2519 ἴσως
2705 2457 2799 2509 καὶ
2840 2456 2901 2506 τὸ
2949 2455 3044 2508 ἐπὶ
3085 2455 3184 2523 τῆς
3223 2452 3489 2523 Βηθλεὲμ
3543 2454 3585 2505 ὰ

2354 2547 2568 2616 Χριστῷ
2591 2546 2746 2615 σῶμα
2769 2545 2889 2598 καθ’
2913 2545 3106 2615 ἑτέραν
3127 2543 3396 2596 ὑπόνοιαν
3423 2560 3586 2614 σημοι

2359 2635 2443 2687 διὰ
2473 2633 2563 2686 τοῦ
2609 2633 2859 2703 σώματος
2890 2632 2966 2694 ὡς
3009 2633 3078 2684 δι’
3105 2631 3450 2702 ὀστρακίνου
3485 2649 3586 2685 σκε

2363 2739 2496 2774 σασα
2527 2724 2581 2773 ὲν
2613 2720 2756 2790 αὐτῷ
2783 2723 2816 2791 ἡ
2849 2720 2969 2773 Θεία
2995 2720 3252 2790 δύναμις,
3284 2720 3369 2784 ὡς
3401 2721 3500 2774 διὰ
3528 2722 3586 2774 λι

2360 2811 2500 2863 θείου
2530 2812 2622 2863 καὶ
2652 2809 2871 2876 λογικοῦ.
2891 2809 3070 2878 φωτὸς
3099 2811 3502 2882 μαρμαρυγὰς
3528 2814 3583 2865 εἰ

2362 2900 2596 2970 ἔλαμψεν
2634 2899 2972 2970 ἀνθρώπους.

725 3007 880 3048 ceum
921 3007 1038 3054 vas,
1076 2992 1386 3046 inhabitans
1417 2991 1469 3043 in
1503 2991 1596 3044 illo
1637 2989 1817 3044 divina
1860 2990 2052 3053 virtus,
2093 2989 2249 3057 quasi
2282 3005 2376 3060 per
2403 2993 2696 3056 lucernam,
2729 2991 2898 3045 divini
2928 2993 3076 3047 illius
3105 3001 3162 3048 et
3221 2995 3552 3050 rationalis

727 3083 868 3149 dios,
902 3084 957 3136 in
989 3099 1175 3138 omnes
1210 3082 1388 3137 emisit
1417 3082 1681 3136 homines.

727 3199 805 3254 Ab
825 3200 1012 3281 .Amos.
1058 3231 1136 3282 -—-
1178 3199 1416 3282 Christus
1483 3202 1788 3280 nominatim
1811 3217 1862 3282 ,α
1892 3200 2025 3282 ,Περ
2073 3201 2252 3254 denun-

2073 3201 2267 3254 denun-
2296 3205 2336 3262 C.
2382 3200 2509 3282 Ἀπὸ
2549 3199 2653 3280 τοῦ
2697 3199 3002 3282 iambon—'—
3043 3201 3326 3269 Χριστὸς
3351 3205 3585 3282 ,ὄνομα

798 3271 978 3330 tiatur,
1004 3280 1052 3323 et
1086 3271 1146 3322 ab
1171 3273 1406 3340 omnibus
1449 3271 1764 3340 agnoscitur,
1796 3268 2104 3323 Judworum
2150 3286 2263 3324 vero

796 3348 993 3409 gentem
1023 3338 1281 3408 repudiat.

811 3548 831 3582 ι
859 3529 1056 3585 Parare
1095 3529 1160 3582 ad
1191 3529 1548 3583 invocandum
1596 3527 1763 3583 Deum
1797 3529 1979 3595 israel,
2014 3529 2267 3600 quoniam

731 3636 858 3677 ecce
885 3620 1225 3678 consolidans
1251 3622 1472 3683 tonitru,
1495 3628 1548 3674 et
1572 3635 1762 3674 creans
1790 3621 2058 3686 spiritum,
2090 3628 2143 3673 et
2176 3619 2264 3673 de-

707 3706 992 3763 nuntians
1032 3709 1339 3762 hominibus
1371 3708 1643 3762 Christum
1680 3725 1857 3773 suum,
1892 3707 2096 3762 faciens
2120 3723 2272 3762 mane

732 3806 787 3850 et
837 3797 1108 3859 nebulam,
1153 3804 1204 3848 et
1250 3798 1546 3852 ascendens
1578 3812 1740 3866 supra
1783 3798 1927 3852 celsa
1964 3806 2136 3850 terrae.
2172 3796 2274 3850 Do-

734 3888 911 3940 minus
947 3885 1086 3939 Deus
1126 3886 1465 3954 omnipotens
1493 3889 1699 3956 inomen
1731 3887 1780 3941 ei
1805 3903 1818 3938 :
1847 3888 2025 3941 audite
2054 3887 2273 3940 verbum

737 3974 964 4038 Domini,
994 3973 1136 4041 quod
1163 3989 1260 4042 ego
1283 3976 1436 4043 capio
1459 3991 1619 4045 super
1657 3990 1773 4040 vos,
1820 3975 2270 4029 lamentationem.

737 4061 937 4115 Domus
967 4061 1131 4114 Israel
1163 4063 1356 4115 cecidit
1391 4082 1402 4114 :
1437 4080 1543 4117 non
1579 4045 1714 4117 ultra
1758 4065 1970 4132 adjiciet
2005 4071 2063 4117 ut
2088 4079 2272 4118 resur-

737 4160 845 4223 gat.
871 4152 1036 4221 Virgo
1075 4150 1236 4205 lsrael
1269 4154 1417 4221 lapsa
1455 4161 1537 4208 est
1582 4153 1636 4206 in
1683 4161 1825 4206 terra
1869 4168 1966 4206 sua
1997 4168 2010 4203 :
2045 4167 2152 4206 non
2195 4161 2276 4206 est

737 4244 828 4312 qui
851 4244 1018 4311 erigat
1039 4242 1233 4295 eam”.
1267 4262 1285 4293 ι
1329 4241 1445 4295 Jam
1478 4244 1704 4312 septimo
1732 4244 1848 4295 loco
1878 4241 2146 4296 Christum
2178 4257 2276 4295 no-

737 4333 978 4386 minatim
1016 4332 1341 4386 denuntians
1392 4333 1700 4386 hominibus
1737 4332 1898 4396 Deus,
1940 4332 2275 4386 consolidare

736 4423 960 4484 tonitru,
995 4430 1048 4476 et
1078 4437 1261 4475 creare
1293 4423 1536 4489 spiritum
1589 4422 1904 4490 evangelica:
1945 4421 2276 4490 praedicatio-

2437 3270 2579 3324 Θεοῦ
2620 3272 3199 3337 καταγγελλόμενος,
3253 3273 3373 3324 καὶ.
3419 3270 3585 3327 πᾶσι

2435 3353 2566 3404 ποις
2588 3335 3024 3406 τνωριζόμενοᾷ,
3066 3335 3406 3394 Ἰούδαίων
3439 3343 3502 3395 δ’
3536 3345 3586 3397 ἐι

2431 3425 2628 3477 μενος.

2447 3517 2758 3589 Ἐτοιμάζου
2800 3517 2895 3570 τοῦ
2943 3518 3364 3575 ἐπικαλεῖσθαι.
3418 3524 3536 3577 τὸν

2368 3611 2494 3664 διότι
2525 3611 2628 3663 ἰδοὺ
2657 3608 2887 3680 στερεῶν
2933 3608 3172 3680 βροντὴν
3212 3612 3332 3664 καὶ
3373 3617 3586 3680 κτίζω

2369 3699 2708 3768 ἐπαγγέλλων
2729 3701 2808 3760 είς
2834 3697 3163 3767 ἀνθρώπους
3186 3701 3296 3753 τὸν
3332 3703 3586 3774 Χριτττξ

2370 3792 2559 3864 ὄρθρον
2587 3790 2678 3842 καλ⁹
2706 3787 2950 3858 ὁμίχλην,
2981 3789 3074 3840 καὶ
3100 3790 3468 3846 ἐπιϐαίνων
3504 3796 3586 3847 ὲτι

2370 3883 2491 3950 γῆς,
2549 3880 2750 3950 Κύριος
2800 3881 2829 3930 6
2885 3877 3040 3942 Θεὸς,
3107 3882 3586 3952 παντοκράτωγ

2383 3966 2668 4020 Ἀκούσατε
2720 3964 2877 4031 λόγου
2928 3964 3177 4034 Κυρίου,
3241 3967 3315 4020 ὃν
3399 3971 3556 4040 ἐγὼ

2373 4058 2531 4127 ὑμᾶς,
2570 4056 2780 4126 θρῆνον.
2826 4049 2987 4116 Οἶκος
3028 4056 3274 4126 Ἰσραὴλ
3322 4059 3586 4116 Enecat,

2374 4147 2524 4217 θήσει
2594 4145 2685 4196 τοῦ
2751 4144 3070 4213 ἀναστῆναι.
3129 4147 3499 4216 Παρθένος
3571 4156 3586 4175 π

2373 4238 2463 4289 ἐπὶ
2505 4237 2604 4305 τῆς
2631 4236 2734 4304 γῆς
2775 4235 2974 4304 αὐτῆς·
3010 4236 3115 4288 οὐκ
3164 4237 3358 4293 ἔστιν
3417 4243 3460 4294 ὁ
3530 4247 3582 4298 ἀ

2377 4325 2635 4394 Ἔϐδομον
2683 4325 2782 4393 ἤδη
2825 4325 2916 4376 τὸν
2965 4327 3224 4396 Χριστὸν
3288 4330 3586 4402 ὀνομασ

2374 4420 2452 4480 εἰς
2497 4415 2808 4485 ἀνθρώπους
2851 4418 2879 4467 6
2923 4416 3077 4481 Θεὸς,
3130 4424 3481 4491 στερεοῦν
3560 4429 3586 4497 ξ

737 4512 823 4566 nis
859 4511 1074 4575 dicitur,
1121 4527 1238 4581 quae
1268 4511 1471 4564 tonitru
1516 4511 1752 4573 nomine,
1800 4519 2082 4581 propterea
2131 4513 2262 4581 quod

2060 4528 2082 4565 [ι
2131 4513 2272 4581 quod
2307 4533 2348 4585 ι)
2376 4508 2484 4571 ζειν
2518 4507 2730 4577 πνεῦμα
2772 4507 2985 4573 λέγεται
3017 4509 3115 4560 τοῦ
3169 4511 3585 4582 εὐαγγελιν

735 4601 1066 4656 exaudienda
1096 4603 1166 4654 sit
1205 4602 1271 4653 ab
1309 4601 1556 4654 omnibus
1595 4601 1924 4664 hominibus,
1959 4603 2272 4671 appellatur.

737 4693 873 4745 Nam
902 4692 1065 4746 simili
1096 4690 1254 4744 modo
1298 4691 1460 4744 etiam
1491 4690 1712 4759 spiritus
1741 4707 1846 4760 quo
1879 4691 2126 4747 Christus
2150 4707 2277 4761 apo-

748 4785 915 4838 stolos
946 4798 1074 4838 suos
1107 4782 1321 4844 alllavit,
1350 4781 1711 4850 signiﬁcatur;
1746 4781 1888 4850 quod
1912 4784 2125 4853 quidem
2156 4798 2276 4851 per-

741 4875 922 4941 spicue
944 4875 997 4927 in
1026 4872 1320 4926 Salvatoris
1354 4873 1521 4925 nostri
1561 4871 1789 4926 adventu
1823 4875 2142 4943 completum
2170 4881 2273 4936 est,

743 4962 797 5014 in
819 4979 923 5030 quo
944 4963 1184 5018 facturus
1201 4963 1340 5017 Deus
1357 4978 1512 5017 mane
1527 4963 1684 5018 simul
1705 4972 1757 5017 et
1779 4965 2025 5018 nebulam
2045 4963 2274 5024 canitur,

744 5051 811 5103 iis
838 5052 1048 5118 quidem
1066 5053 1157 5122 qui
1190 5055 1425 5108 salutare
1453 5055 1628 5108 lumen
1660 5055 1994 5123 susceperint
2021 5069 2194 5117 mane,
2215 5053 2281 5106 iis

743 5153 871 5193 vero
897 5140 1117 5206 Iudaeis,
1156 5145 1247 5212 qui
1277 5146 1331 5197 in
1361 5146 1536 5215 ipsum
1571 5161 1679 5199 non
1711 5146 2033 5199 crediderint
2074 5151 2280 5196 contra.

751 5225 911 5296 189
935 5227 1062 5280 Nam
1099 5233 1162 5282 ad
1196 5235 1316 5287 illos
1341 5246 1632 5290 extremam
1665 5252 1875 5306 quoque
1927 5233 2284 5289 denuntiatio-

748 5330 870 5369 nem
897 5316 1173 5370 oraculum
1227 5334 1492 5390 apportat,
1545 5329 1672 5381 dum
1726 5324 2157 5379 lamentationem
2189 5319 2281 5374 Ju-

750 5405 918 5458 daicze
943 5406 1116 5474 gentis
1147 5407 1405 5479 adjungit,
1433 5431 1549 5482 qua:
1578 5417 1643 5470 ad
1685 5417 1830 5486 ipsos
1869 5415 2048 5471 statim
2093 5426 2279 5479 perve-

753 5494 853 5556 nit,
880 5501 1002 5562 post
1031 5494 1292 5551 nefarium
1349 5503 1602 5560 adversus
1655 5505 1978 5561 Salvatorem
2037 5508 2279 5554 nostrum

2381 4598 2620 4670 βροντῆς,
2648 4596 2733 4648 διὰ
2763 4597 2823 4648 τὸ
2863 4598 2941 4658 εἰς
2974 4597 3208 4663 πάντας
3274 4603 3586 4677 ἀνθρὼτ

2377 4687 2801 4759 ὀνομαζομένουο
2849 4688 3051 4756 ὁμοίως
3095 4690 3167 4743 δὲ
3231 4693 3373 4746 καὶ
3440 4703 3586 4752 τοῦ

2380 4778 2771 4850 ἐμπνεύσαντος
2826 4778 3064 4848 Χριστοῦ
3135 4783 3584 4854 πνεύματος

2378 4873 2470 4924 καὶ
2529 4869 2706 4937 σαφῶς
2756 4868 2846 4920 ἐπὶ
2897 4872 2961 4939 τῇ
3018 4871 3118 4923 τοῦ
3190 4875 3420 4949 Σωτῆ
3435 4899 3582 4951 ρος

2381 4961 2743 5031 πεπλήρωται,
2798 4959 2881 5028 ἐφ’
3012 4965 3326 5032 ποιήσειν
3403 4972 3448 5024 ὁ
3535 4974 3582 5026 Ε

2383 5051 2477 5102 καὶ
2529 5048 2752 5119 ὁμίχλην
2812 5047 3184 5113 θεσπίζεται’
3289 5061 3465 5123 τοῖς
3560 5083 3578 5134 ε

2385 5139 2496 5207 φῶς
2546 5137 3024 5207 παραδεξαμένοις,
3070 5141 3184 5194 τὸν
3259 5145 3410 5216 ὀρθ
3425 5167 3568 5220 ρον

2385 5249 2536 5284 σασιν
2574 5232 2651 5292 εἱς
2679 5230 2838 5284 αὑτὸν
2889 5231 2996 5283 τῶν
3041 5235 3106 5286 ὲκ
3143 5245 3568 5314 περιτομῆ

2383 5323 2473 5375 καὶ
2529 5320 2624 5391 τὴν
2680 5319 2910 5392 ἐσχάτην
2954 5324 3296 5393 ἀπόφασιν
3385 5335 3430 5387 ὁ
3495 5335 3574 5389 λέ

2385 5412 2572 5481 Θρῆνον
2605 5412 2865 5480 ἐπιλέγων
2881 5411 2974 5465 τοῦ
3007 5415 3382 5480 Ἰουδαίων
3410 5428 3579 5484 ἒῦνι

2385 5498 2539 5549 θόντα
2582 5497 2774 5563 αὐτοὺς
2837 5505 3176 5573 παραυτίκα
3289 5519 3518 5585 μετὰ
3559 5541 3584 5572 τ

825 5647 868 5678 ⁸⁷
899 5645 1036 5703 Psal.
1059 5661 1235 5720 cum,
1269 5653 1380 5712 3-5.
1457 5659 1499 5689 ⁸⁸
1530 5659 1656 5713 ibid.
1690 5660 1739 5721 6.
1779 5662 1827 5714 7.
1898 5660 1941 5691 ⁵³
1965 5658 2124 5712 Amos
2159 5668 2229 5720 tv,
2265 5650 2347 5716 l2,
2387 5651 2474 5714 l3;
2511 5667 2558 5716 γ,
2595 5651 2712 5717 l,‘2.
