3862 6326
269 328 379 407 ω’
1193 351 1835 436 'nsuons'rnmoms
1870 382 2317 441 miserum:
2357 389 2485 449 LIB.
2518 387 2605 452 Iv.‘
3359 416 3461 472 sis

473 464 639 583 mtfw
670 471 886 583 Δζιηιιίοῖὶ
930 478 1029 533 τοῦ
1082 482 1311 554 Χριστοῦ
1369 487 1693 543 δυσσέϐειαν.
1748 493 1795 546 Ἐ

1902 496 2115 556 .Jesum
2144 498 2421 559 Christum
2467 508 2664 563 scelus.
2696 508 2770 565 Ex
2802 514 2895 570 illo
2925 518 3066 571 enim
3098 520 3179 575 vel
3214 522 3282 578 ad
3317 524 3459 583 hunc

269 555 469 673 ξείνου
498 557 627 673 γὰτέ
664 560 888 673 ἀληθῶς
929 570 1026 673 καὶ
1063 575 1142 638 είς
1186 577 1339 648 δεῦρο
1373 580 1403 631 ό
1447 574 1587 642 οἶκος
1628 581 1795 654 Ἰσραὴ

1902 555 1907 556 ν
2342 555 2420 559 ,m
2468 555 2664 563 --π-,υ
2696 555 2770 565 -..
2802 555 2894 570 ...υ
2925 555 3066 571 νιιιιισ
3104 555 3179 575 nu
3214 555 3282 578 au
3317 555 3458 583 nunc

1935 605 2102 660 usque
2129 590 2265 647 diem
2294 593 2486 654 domus
2513 597 2676 656 Israel
2698 604 2906 669 cecidit,
2931 616 2985 663 et
3005 609 3262 668 visionem
3294 621 3458 673 semel

268 644 574 761 frium“,
598 649 732 721 ὅρος
760 670 821 761 τε
843 654 995 723 ἅπαξ
1041 662 1144 715 ὑπὸ
1176 666 1267 718 τοῦ
1280 644 1421 721 -Θεοῦ
1451 669 1541 722 καὶ
1571 644 1795 740 ἀπόφασι

2017 644 2032 660 _
2084 644 2093 646 _
2138 644 2175 646 η
2300 644 2485 654 -,..-..-
2513 644 2676 656 -..η-..-
2699 644 2906 669 νυνι-ιη,
2931 644 2985 663 υ.
3013 644 3262 668 νιοιυιιυιιι
3294 644 3457 673 acules

1933 678 2071 736 Deus
2101 696 2163 735 ac
2189 681 2647 745 denuntiationem
2675 695 2916 761 protulit,
2945 698 3012 752 de
3032 714 3223 755 casura
3244 703 3457 759 illorum

266 735 614 841 ἒξενήνεκται
659 743 797 813 περὶ
836 746 934 799 τοῦ
981 752 1233 818 πεσόντος
1267 757 1439 810 αὐτῶν
1470 759 1615 813 οἴκου
1654 762 1745 814 τοῦ
1775 766 1795 817 ὲ

295 825 627 849 Ι---..-..ῚΔ.--
694 831 782 849 ηιὶ
935 835 946 849 ι
1142 841 1155 849 .
1280 845 1291 849 -
1346 844 1370 849 ..
1516 847 1529 849 4

2202 735 2206 736 ,
2258 735 2647 745 ,,“-_-_..----.----
2675 735 2916 761 ,ην-...ιη
2946 735 3011 752 υυ
3032 735 3223 755 ιιιουιια
3244 735 3354 759 Iuv!
3368 735 3457 758 um

1931 769 2090 825 domo
2145 773 2201 827 in
2231 770 2550 841 Jerusalem,
2577 780 2835 837 adversus
2855 800 3064 841 omnem
3081 790 3292 846 illorum
3315 796 3457 849 mul-

294 825 657 897 ἰερουσαλὴμ,
690 831 789 883 καὶ
817 835 960 889 κατὰ
1002 841 1198 904 παντὸς
1235 844 1409 898 αὐτῶν
1442 847 1531 900 τοῦ
1565 851 1795 922 συστήμα

295 930 371 954 Μ,
403 915 479 954 οἶν-
516 919 719 954 ητενέφθ
753 921 821 954 ἢ..
871 924 1311 954 λ..-....--.-ι..-
1368 934 1428 954 -μ-
1552 938 1591 954 οη
1782 944 1795 954 .

2146 825 2152 827 Ἴ
2272 825 2312 829 ,,
2333 825 2550 841 _-__-__,
2577 825 2642 833 _..
2658 825 2729 836 ..μ
2743 825 2835 837 -..υ
2856 825 3064 841 manus“.
3081 825 3292 846 ιιιυιυιυ
3317 825 3455 849 ullu-

1930 861 2229 927 titudinem,
2262 864 2422 920 veluti
2452 882 2636 921 eorum
2668 871 2759 939 qui
2787 887 2891 926 non
2944 878 3170 944 amplius
3215 881 3455 954 erigendi

260 929 376 976 τος,
503 919 719 1036 μηκέτ’
752 921 821 976 ἂν
869 924 1331 999 ἀναστησομένων,
1362 934 1437 1004 τῷ
1472 938 1601 1007 μηδὲ
1645 919 1795 1012 παρεῖ

2214 919 2226 927 ,
2673 919 2759 939 τ-
2787 919 2891 926 η---
2944 919 3170 944 ---.,,.....,
3215 919 3292 935 ι..
3330 919 3454 938 ιρι-υ.

1930 952 2058 1015 sint,
2089 966 2154 1007 eo
2182 953 2324 1023 quod
2353 971 2461 1010 non
2490 957 2649 1024 adsit,
2681 961 2773 1029 qui
2804 963 2870 1016 ad
2897 962 3017 1020 illos
3048 968 3214 1036 erigat
3239 989 3252 1026 :
3289 919 3329 1023 Γ
3343 987 3454 1027 non

261 1022 354 1061 ναι
384 1008 473 1060 τὸν
499 1009 818 1067 ἁνιστῶντα
846 1017 1060 1083 αὐτούς.
1087 1040 1107 1073 ι
1143 1023 1252 1075 Οὐκ
1281 1023 1392 1079 ἔστι
1426 1045 1446 1079 ι
1472 1028 1617 1096 γοῦν,
1648 1008 1826 1102 φησὶν,

254 1110 293 1161 ,ι
317 1095 355 1190 δ
380 1097 613 1190 ανιστῶν
630 1100 831 1173 αὐτήν.
867 1123 886 1155 ι
924 1107 1074 1160 Ἐπεὶ
1105 1109 1211 1180 γὰρ
1234 1110 1450 1167 ἐλθόντα
1478 1095 1567 1170 τὸν
1599 1095 1827 1190 Χριστὸν

262 1183 355 1236 τοῦ
379 1184 511 1238 Θεοῦ
537 1188 603 1240 οὐ
636 1192 1007 1261 προσήκαντο,
1037 1197 1253 1261 εἰκότως
1281 1202 1473 1266 αὐτοὺς
1503 1183 1823 1274 καταλιπὼν,

258 1276 358 1368 hri
394 1277 579 1330 πάντα
629 1284 869 1353 μετέστη
914 1284 980 1368 τα
1031 1285 1176 1358 ἔθνη,
1206 1274 1265 1342 τὸ
1307 1291 1472 1348 αἴτιον
1512 1296 1610 1366 τῆς
1660 1315 1822 1368 μετα-

257 1365 519 1431 πτώσεως
552 1368 804 1436 διδάξας,
838 1372 903 1425 δι’
932 1366 1006 1428 ὧν
1029 1377 1512 1452 ἀποκλαυσάμενος,
1552 1365 1824 1460 μονονουχὶ

254 1456 645 1528 ἀπελογήσατο
699 1461 902 1515 εἰπών·
939 1483 958 1515 ι
1006 1467 1365 1541 Ἰερουσαλὴμ,
1411 1456 1818 1552 Ἰερουσαλὴμ-ἧ

255 1548 659 1603 ἀποκτείνουσα
700 1554 829 1614 τοὺς
870 1558 1146 1627 προφήτας
1194 1561 1283 1612 καὶ
1323 1562 1657 1621 λιθοϐολοῦσα
1697 1548 1820 1635 τοὺς

253 1637 708 1731 ἀπεσταλμένους
738 1643 878 1714 πρὸς
910 1647 1137 1717 σαυτήν·
1169 1650 1423 1718 πολλάκις
1448 1654 1552 1728 γὰρ
1584 1658 1818 1731 ἠθέλησα

250 1728 581 1796 ἐπισυνάξαι
603 1730 677 1784 τὰ
707 1732 872 1786 τέκνα
901 1752 1017 1799 σου,
1043 1737 1101 1790 δν
1136 1740 1330 1810 τρόπον
1360 1744 1504 1816 ὅρνις
1544 1728 1613 1801 τὰ
1635 1728 1817 1807 νοσσία

248 1818 419 1907 αὐτῆς
446 1820 562 1873 ὑπὸ
608 1821 714 1885 τὰς
751 1824 1044 1897 πτέρυγας,
1083 1830 1175 1882 καὶ
1220 1833 1318 1886 οὐκ
1353 1834 1672 1907 ἠθελήσατεο
1711 1842 1817 1897 ίδοὺ
1849 1820 1888 1874 Β

248 1906 463 1975 ἀφίεται
497 1908 638 1977 ὑμῖν
670 1911 702 1962 ό
737 1908 887 1975 οἶκος
917 1914 1066 1985 ὑμῶν
1096 1916 1316 1990 ἔρημος.
1354 1940 1375 1973 ι

255 2032 385 2119 'Aznd
429 2037 546 2119 ςοῦ
594 2040 947 2119 Ἀμφκούμ.
980 2075 1050 2085 -

303 2107 538 2172 Κυρίου
565 2107 681 2161 τοῦ
707 2113 834 2172 Ha:

304 2174 533 2229 ἑαυτοῦ
564 2174 876 2246 χριστούῷ.

1126 2052 1334 2117 ζριστὸς
1379 2055 1656 2125 ὀνομαστὶ
1696 2064 1815 2116 ὑπὸ

904 2132 938 2178 ς
972 2113 1295 2185 σωζόμενος
1308 2113 1421 2177 ’καὶ
1457 2113 1650 2188 ἆώζων

240 2373 495 2442 χριστούς
516 2390 621 2428 σου
636 2391 651 2404 ·
686 2374 878 2440 ἔϐαλες
903 2380 982 2441 είς
1007 2381 1246 2450 κεφαλὰς
1269 2386 1480 2458 ἀνόμων
1506 2391 1742 2448 θάνατον.
1782 2414 1803 2447 ι

249 2461 479 2528 ’Δκύλας
528 2483 551 2517 ι
605 2466 866 2537 Ἐξῆλθες
891 2471 972 2532 είς
1016 2474 1281 2544 σωτηρίαν
1314 2476 1440 2530 λαοῦ
1474 2497 1584 2545 σου,
1608 2485 1687 2546 είς
1707 2499 1809 2537 σω-

239 2554 424 2642 τηρίαν
455 2554 600 2608 λαοῦ
635 2573 734 2610 σου
771 2560 868 2612 σὺν
894 2561 1111 2632 Χριστῷ
1142 2580 1253 2619 σου.
1287 2586 1307 2619 ι
1353 2569 1561 2642 Ἐπειδὴ
1594 2575 1621 2623 ὀ
1652 2575 1804 2629 Ἀκύ-

237 2639 328 2705 λας
356 2645 485 2698 ἀντὶ
513 2644 619 2697 τοῦ
650 2645 1011 2717 πληθυντικοῦ
1044 2653 1235 2716 ἑνικῶς
1273 2656 1516 2723 ἐξέδωκε,
1547 2639 1641 2716 σὺν
1668 2665 1803 2735 Χρι-

235 2732 338 2804 στῷ
396 2734 613 2804 φήσας,
650 2734 755 2805 τὴν
789 2740 1059 2811 σωτηρίαν
1087 2741 1163 2812 τῷ
1206 2742 1317 2813 λαῷ
1349 2749 1667 2819 πεποιῆσθαι
1712 2732 1805 2810 τὸν

234 2821 332 2874 τῶν
352 2823 493 2876 ὅλων
520 2823 666 2879 Θεόν
686 2842 700 2855 ·
733 2828 955 2893 εἰκότως
1001 2832 1342 2903 παρεθέμεθα
1384 2837 1478 2909 τὴν
1525 2840 1685 2909 λέξιν,
1710 2863 1805 2899 σα-

234 2913 340 2980 φῶς
365 2914 443 2985 τῷ
478 2915 842 2986 προῶυήματι
886 2924 1306 2995 παρισταμένην.
1342 2924 1463 2982 Εἶεν
1485 2930 1543 2984 δὲ
1570 2931 1633 2986 ἂν
1664 2936 1800 2990 κατὰ

233 3004 320 3075 τῆν
338 3006 447 3059 τῶν
474 3007 894 3079 Ἐϐδομήκοντα
920 3013 1207 3085 ἑρμηνείαν
1239 3018 1449 3084 πλείους
1475 3024 1522 3075 oi
1551 3022 1608 3090 ἐξ
1637 3026 1796 3081 αὐτοῦ

1926 1051 2028 1108 est,
2052 1044 2246 1115 inquit,
2273 1047 2366 1116 qui
2393 1048 2562 1118 erigat
2587 1064 2725 1104 eam.
2756 1070 2776 1103 ι
2820 1051 3110 1123 Postquam
3139 1060 3278 1113 enim
3298 1061 3453 1116 Chri-

1927 1141 2088 1197 stum,
2119 1137 2210 1205 qui
2241 1137 2304 1190 ad
2336 1138 2455 1193 illos
2479 1148 2715 1204 venerat,
2738 1156 2843 1196 non
2865 1155 3234 1214 susceperunt,
3262 1153 3451 1206 merito

1925 1222 2045 1276 illos
2067 1234 2123 1277 et
2144 1223 2399 1289 deseruit,
2437 1232 2491 1280 et
2532 1227 2588 1281 in
2618 1242 2804 1285 omnes
2858 1222 3133 1287 transtulit
3184 1238 3446 1302 nationes,

1923 1312 2187 1381 quietiam
2218 1323 2328 1369 tum
2376 1316 2527 1385 prius
2560 1319 2729 1373 ruinae
2769 1335 2984 1377 causam
3040 1325 3159 1379 illos
3214 1327 3446 1394 edocuit,

1921 1403 2008 1457 ubi
2044 1419 2209 1473 prope
2237 1421 2358 1461 cum
2391 1407 2770 1466 lamentatione
2798 1427 2856 1467 se
2896 1416 3191 1481 excusavit,
3219 1417 3403 1474 dicens
3429 1438 3444 1476 :

1926 1510 1945 1544 ι
1980 1490 2300 1558 Jerusalem,
2329 1495 2647 1563 Jerusalem,
2698 1515 2819 1567 quae
2875 1503 3077 1558 occidis
3132 1507 3443 1575 prophetas,

1918 1590 1970 1636 et
1990 1581 2195 1652 lapidas
2225 1597 2319 1639 eos
2346 1584 2437 1653 qui
2458 1585 2524 1639 ad
2551 1593 2604 1640 te
2637 1587 2788 1643 missi
2813 1599 2959 1654 sunt,
2984 1607 3123 1661 saepe
3151 1595 3292 1649 volui
3317 1610 3449 1651 con-

1918 1688 2139 1744 gregare
2165 1674 2302 1729 ﬁlios
2330 1682 2453 1731 tuos
2480 1678 2746 1746 quomodo
2767 1680 2963 1750 gallina
2993 1684 3165 1752 pullos
3194 1699 3321 1740 suos
3344 1688 3447 1741 sub

1921 1765 2055 1827 alas,
2086 1772 2139 1819 et
2167 1765 2418 1820 noluistis
2453 1782 2466 1817 :
2496 1781 2623 1823 ecce
2664 1770 2983 1839 relinquitur
3035 1773 3226 1829 domus
3266 1783 3443 1831 vestra

1915 1854 2127 1910 deserta
2151 1856 2219 1910 ⁸⁸.

1911 2079 1987 2133 Ab
2018 2080 2319 2135 Ambacum.
2340 2109 2409 2120 —--
2430 2081 2661 2138 Christus
2681 2087 2983 2142 nominatim
3001 2087 3264 2144 aDamino
3286 2088 3445 2145 Patre

2200 2159 2454 2217 servatur,
2484 2162 2533 2206 et
2561 2154 2779 2209 shristos
2806 2172 2927 2211 suos
2958 2168 3147 2212 servat.

1982 2337 2000 2370 ι
2037 2316 2298 2391 Egressus
2327 2338 2385 2378 es
2414 2323 2469 2377 in
2492 2325 2717 2380 salutem
2742 2327 2926 2396 populi
2963 2329 3061 2396 tui,
3092 2336 3150 2382 ut
3175 2344 3419 2385 servares
3474 2324 3477 2327 ’

1905 2410 2136 2467 christos
2148 2419 2269 2466 tuos
2288 2413 2491 2482 :jecisti
2508 2416 2562 2468 in
2575 2416 2749 2485 capita
2761 2416 3065 2487 iniquorum
3087 2427 3311 2473 mortem
3327 2421 3393 2471 “.
3407 2439 3428 2471 ι

1901 2501 2091 2571 Aquila
2108 2520 2153 2556 ιι
2172 2501 2427 2572 Egressus
2442 2519 2500 2559 es
2513 2504 2568 2558 in
2588 2506 2810 2561 salutem
2828 2508 3008 2576 populi
3021 2508 3120 2575 tui,
3140 2509 3193 2562 in
3207 2508 3431 2565 salutem

1902 2599 2044 2644 tuam
2060 2606 2179 2645 cum
2196 2592 2406 2649 Christo
2421 2600 2533 2653 tuo.
2547 2594 2833 2661 nQuoniam
2852 2598 3041 2667 Aquila
3058 2599 3109 2653 in
3123 2600 3311 2668 plurali
3325 2598 3436 2662 edi-

1899 2682 1976 2736 dit
1994 2682 2488 2753 singularequippe,
2504 2685 2596 2754 qui
2621 2701 2743 2740 cum
2762 2686 2974 2742 Christo
2989 2687 3180 2744 dixerit
3205 2689 3431 2743 salutem

1897 2772 2092 2841 populo
2113 2771 2304 2828 fecisse
2326 2772 2490 2828 Deum
2522 2775 2779 2840 universi,
2815 2777 2937 2845 jure
2970 2778 3085 2847 ipsa
3112 2779 3273 2833 verba
3328 2793 3424 2848 ap-

1899 2863 2197 2932 posuimus,
2224 2880 2342 2933 quae
2357 2866 2656 2934 perspicue,
2685 2868 2826 2936 quod
2849 2869 2936 2923 hic
2965 2870 3296 2939 propositum
3323 2883 3425 2934 est,

1897 2961 2131 3008 tuentur.
2163 2952 2334 3008 Erunt
2364 2962 2542 3010 autem
2610 2972 2676 3012 ex
2707 2958 3143 3027 interpretatione
3187 2961 3428 3030 ipsorum

1896 3037 2036 3092 LXX
2067 3041 2248 3110 plures
2271 3041 2339 3096 ab
2366 3042 2458 3097 illo
2488 3050 2542 3097 et
2569 3058 2666 3113 per
2694 3045 2867 3112 illum,
2891 3047 2985 3116 qui
3014 3047 3203 3103 christ:
3242 3050 3424 3119 appel-

232 3098 316 3148 καὶ
343 3098 411 3150 δι’
436 3099 614 3152 αὐτὸν
660 3103 877 3202 χριστοὶ
916 3106 1355 3176 χρηματίζοντες,
1388 3113 1512 3183 περὶ
1551 3107 1625 3168 ὧν
1652 3116 1795 3187 εἴρη-

1902 3098 2094 3193 Ιθιιιυιί
2151 3129 2218 3184 de
2250 3132 2448 3200 quibus
2496 3098 2695 3188 dictum
2750 3143 2833 3190 est
2855 3098 2877 3189 ἰ
2898 3098 2949 3187 Ἰ(
2988 3134 3160 3190 Nolite
3208 3098 3425 3207 tangere

229 3201 335 3238 ταν
372 3205 390 3237 ι
419 3188 517 3257 Μὴ
540 3188 765 3258 ἆψησθε
790 3188 899 3242 τῶν
920 3194 1151 3263 χριστῶν
1182 3213 1302 3266 μου,
1332 3200 1422 3253 καὶ
1446 3202 1501 3253 ὲν
1528 3206 1636 3267 τοῖς
1668 3221 1795 3276 προ-

1902 3217 2129 3274 cbristos
2176 3188 2354 3284 meos,
2382 3228 2438 3275 et
2466 3222 2522 3276 in
2555 3223 2830 3293 prophetis
2879 3225 3014 3279 meis
3047 3226 3212 3281 nolite
3262 3188 3420 3280 moali-

228 3277 415 3346 φήταις
445 3294 555 3346 μου
592 3277 674 3348 μὴ
706 3281 1085 3350 πονηρεύεσθε,
1126 3303 1146 3334 ι
1177 3285 1308 3338 οἵτε
1341 3288 1419 3350 είς
1458 3289 1619 3343 αὑτὸν
1640 3308 1795 3345 πεπι-

1902 3307 2044 3375 gnari
2066 3307 2110 3338 °’
2146 3327 2160 3362 :
2198 3326 2218 3360 ι
2245 3309 2335 3378 qui
2375 3277 2588 3378 quidem
2610 3277 2673 3365 et
2703 3312 2760 3365 in
2794 3312 2942 3365 illum
2975 3313 3337 3376 crediderunt,
3364 3323 3422 3369 et

229 3369 526 3433 στευκότες,
558 3368 660 3421 καὶ
686 3367 782 3421 τοῦ
816 3369 968 3437 ἁγίου
995 3372 1091 3442 τῆς
1116 3373 1174 3427 ὲν
1197 3374 1272 3445 τῷ
1300 3377 1514 3448 Χριστῷ
1551 3380 1795 3449 παλιγγε-

1902 3367 2078 3449 ξαιιοιο
2107 3367 2528 3467 regenerationis
2556 3401 2611 3454 in
2626 3399 2842 3455 Christo
2870 3403 3124 3457 unctione
3153 3403 3301 3474 digni
3330 3403 3422 3456 ha-

224 3457 396 3520 vesfa;
423 3459 747 3529 χρεσματος
777 3460 1183 3532 κατηξιωμένοι,
1208 3466 1301 3519 καὶ
1319 3466 1598 3538 δυνάμενοι
1619 3470 1794 3538 λέγειν

1902 3480 1986 3534 biti
2015 3457 2246 3546 suntfet
2272 3498 2377 3537 una
2396 3499 2518 3538 cum
2563 3495 2752 3540 sancto
2780 3487 3037 3556 Apostolo
3075 3457 3258 3546 dicere
3293 3504 3421 3559 pos-

222 3548 412 3617 δμοίως
447 3548 532 3620 τῷ
574 3549 717 3619 ἱερῷ
748 3550 1022 3623 ἀποστόλῳ
1040 3569 1055 3583 ’
1096 3570 1116 3604 ι
1153 3554 1380 3626 Μέτοχοι
1419 3558 1510 3611 τοῦ
1561 3561 1790 3631 Χριστοῦ

1902 3575 2049 3625 sunt:
2080 3589 2099 3622 ι
2125 3570 2417 3642 Participes
2443 3572 2640 3628 Christi
2666 3573 2791 3628 facti
2814 3548 2999 3629 sumus
3027 3576 3097 3630 ⁸³.
3121 3595 3140 3627 ι

220 3653 543 3711 γεγόναμεν.
594 3659 615 3692 ι

232 3772 372 3851 Ἀπὸ.
400 3773 537 3851 τῷν.
563 3773 848 3851 Ἰερεμίου
881 3774 1139 3851 agris-9r.
1157 3778 1542 3851 ‘—_Xpt0'tdg
1577 3781 1788 3851 ὀνομα-

279 3842 376 3918 ςςὶ
417 3842 546 3918 ὐπρ
591 3841 896 3918 Ἰουδαίωῂ
923 3841 1476 3917 ἐπιϐουλευόμενος,
1516 3841 1619 3903 καὶ
1667 3841 1788 3918 ἰοῖς

277 3911 482 3965 ἔθνεσι
516 3912 1088 3980 ἐπιγινωσκόμενος.
1276 3911 1293 3917 ⁷
1431 3911 1443 3913 “
1761 3911 1779 3918 ⁷

1952 3911 2266 3997 agnoscitur,

280 4036 298 4066 ι
341 4015 578 4087 Πνεῦμα
612 4012 907 4088 προσώπου
952 4019 1106 4090 ἡμῶν
1149 4020 1379 4107 Χριστδς
1425 4022 1623 4095 Κύριος
1666 4043 1790 4082 συν-

1955 4054 1973 4087 ι
2011 4035 2245 4106 Spiritus
2274 4037 2454 4094 vultus
2476 4040 2647 4094 nostri
2670 4038 2919 4095 Christus
2952 4039 3229 4107 Dominus,
3261 4058 3412 4098 com-

211 4104 411 4176 ελήφθη
446 4109 510 4161 ὲν
545 4109 673 4168 ταῖς
728 4105 1042 4178 διαφθοραῖς
1084 4110 1260 4179 ἡμῶν,
1290 4103 1350 4163 οὗ
1402 4113 1658 4184 εἴπαμεν·
1699 4118 1785 4171 Ἐν

1902 4127 2176 4184 ιῐθίιοηευε
2231 4136 2315 4184 est
2359 4128 2417 4182 in
2463 4130 2900 4198 corruptionibus
2951 4146 3175 4196 eorum,
3207 4132 3273 4187 de
3304 4149 3411 4202 quo

209 4194 268 4261 τῇ
298 4196 431 4265 σκιᾷ
466 4193 644 4248 αὐτοῦ
679 4192 959 4266 ζησόμεθα
989 4198 1047 4251 ὲν
1067 4200 1181 4261 τοῖς
1205 4197 1427 4254 ἔθνεσιν.
1455 4221 1475 4254 ι
1501 4204 1563 4256 Οί
1597 4204 1786 4259 θεσπέ-

1902 4215 2132 4280 liximus,
2161 4216 2218 4270 in
2246 4218 2433 4270 umbra
2455 4217 2625 4285 ipsius
2654 4218 2893 4273 vivemus
2920 4218 2976 4271 in
3011 4219 3257 4287 gentibus
3277 4219 3340 4272 “.
3383 4239 3403 4269 ι

210 4297 308 4335 σιοι
354 4286 454 4338 τοῦ
503 4284 647 4338 Θεοῦ
701 4285 996 4356 προφῆται,
1036 4286 1098 4340 τὸ
1140 4288 1327 4358 μέλλον
1358 4290 1484 4363 θείῳ
1512 4294 1781 4366 Πνεύματι

1902 4303 2233 4359 ldmirabiles
2262 4304 2337 4357 illi
2368 4303 2462 4359 Dei
2476 4284 2787 4375 prophetas,
2822 4321 2943 4361 cum
2984 4284 3167 4362 divino
3213 4308 3406 4376 spiritu

208 4374 573 4444 συνορῶντες,
608 4374 870 4444 ζήσεσθαι
902 4374 1001 4445 μὲν
1042 4376 1261 4442 ἑαυτοὺς
1296 4382 1388 4435 καὶ
1417 4384 1539 4447 τοὺς
1574 4387 1776 4442 ἑαυτῶν

1902 4398 2212 4446 ntuerentur
2271 4392 2414 4462 quod
2443 4374 2682 4448 futurum
2711 4407 2846 4462 erat,
2898 4395 3138 4451 victuros
3188 4397 3401 4466 quidem

202 4460 410 4530 λόγους,
462 4464 551 4528 ὡς
578 4463 643 4518 ἂν
683 4462 903 4526 ζώντων
948 4467 1255 4539 ἑνεργήσειν
1298 4472 1354 4523 ὲν
1391 4475 1501 4536 τοῖς
1542 4473 1772 4543 ἔθνεσιν,

1904 4484 2102 4550 eipsos,
2133 4484 2295 4538 verba
2323 4491 2500 4539 autem
2524 4486 3063 4555 sua,quasiipsorum
3088 4485 3399 4548 viventium,

202 4552 312 4605 ἀλλ’
343 4556 449 4608 οὐκ
477 4558 544 4610 ὲν
569 4554 649 4626 τῷ
665 4554 904 4626 Ἰσραὴλ,
929 4556 1227 4621 ἐθέσπιζον.
1253 4561 1353 4615 Τὸν
1371 4564 1597 4636 Χριστὸν
1616 4568 1773 4622 πάλιν

1902 4585 1982 4622 non
2012 4569 2192 4624 futura
2226 4572 2419 4635 otiosa,
2451 4588 2560 4627 non
2589 4552 2729 4643 apud
2766 4552 2952 4638 Israel,
2987 4573 3078 4628 sed
3100 4574 3241 4643 apud
3273 4589 3403 4643 gen-

199 4644 483 4715 ὀνομαστὶ,
516 4648 597 4711 ὡς
631 4646 701 4700 ἂν
744 4646 907 4701 αὑτὸν
934 4646 1026 4700 τὸν
1061 4650 1311 4720 Χριστὸν,
1340 4657 1466 4725 παρ’
1507 4650 1566 4709 οὗ
1597 4660 1687 4712 καὶ
1713 4662 1773 4714 τὸ

1902 4672 1974 4722 es,
2007 4659 2299 4739 cauebant:
2330 4660 2603 4716 Christum
2631 4669 2804 4717 autem
2832 4678 3018 4718 rursus
3061 4663 3396 4723 nominatim,

202 4738 544 4806 προφητικὸν
576 4738 765 4801 αὐτοῖς
797 4740 1130 4811 κεχορήγητο
1156 4743 1384 4811 πνεῦμα,
1416 4744 1773 4819 συλληφθήσε-

1902 4748 2026 4816 [ιιοεί
2060 4738 2208 4801 illum
2240 4749 2509 4805 Christum
2544 4767 2574 4805 a
2606 4767 2713 4821 quo
2742 4751 3084 4821 propheticus
3110 4751 3241 4819 ipsis
3272 4765 3400 4820 sup-

202 4824 318 4878 σθαι
346 4827 600 4897 ἔφασκον
644 4829 704 4880 ἐν
742 4830 863 4890 ταῖς
912 4828 1222 4900 διαφθοραῖς
1261 4833 1456 4888 αὐτῶν.
1498 4835 1699 4904 Τίνων;
1731 4836 1765 4910 ἦ

1902 4835 2198 4890 editaretur
2222 4838 2465 4906 spiritus,
2497 4839 3051 4910 comprehendendum
3073 4838 3319 4892 dicebant
3342 4840 3398 4891 in

1889 3788 2044 3858 190
2072 3789 2114 3843 Α
2149 3789 2386 3845 Ieremia:
2429 3790 2924 3846 Lamentationibus.
2958 3823 3026 3833 —
3051 3791 3286 3848 Christus
3318 3811 3414 3850 no-

1952 3859 2189 3933 minatim
2234 3858 2299 3912 ab
2347 3858 2549 3915 Judwis
2590 3862 3004 3927 circumvenitur,
3039 3872 3089 3915 et
3119 3880 3150 3916 a
3177 3866 3412 3933 gentibus

197 4912 349 4983 δῆλον
391 4917 480 4970 ὅτι
530 4917 639 4969 τῶν
673 4919 739 4970 ὲκ
785 4919 1083 4989 περιτομῆς
1121 4921 1562 4978 ἐπιϐουλευόντων
1600 4928 1759 4999 αὐτῷ.

200 5004 360 5075 Τήρει
392 5007 456 5060 δὲ
495 5008 798 5075 κάνταῦθα,
832 5011 980 5073 ὅπως
1017 5013 1046 5060 ὁ
1068 5012 1219 5082 λόγος
1244 5013 1333 5066 τὸν
1362 5015 1592 5083 Χριστὸν
1632 5035 1764 5089 προ-

198 5092 449 5163 αγορεύει
489 5096 987 5167 συλληφθήσεσθαι,
1017 5098 1150 5170 ὅπερ
1168 5102 1266 5153 οὐκ
1289 5101 1352 5153 ἂν
1375 5103 1665 5172 ὲφαρμόζοι
1697 5112 1762 5179 τῇ

199 5181 424 5256 δευτέρᾳ
466 5185 569 5238 τοῦ
608 5185 851 5257 Χριστοῦ
906 5190 1188 5261 παρουσίᾳ,
1214 5192 1279 5259 ῆν
1312 5191 1516 5255 ἔνδοξον
1554 5194 1763 5253 ἔσεσθαι

198 5273 286 5325 καὶ
329 5275 473 5345 μετὰ
516 5276 799 5345 βασιλείας
838 5276 1019 5330 ἐνθέου
1059 5279 1512 5349 προκηρύττουσιν
1554 5288 1599 5338 οἰ
1631 5305 1764 5358 προ-

204 5365 412 5432 φητικοὶ
440 5366 615 5433 λόγος.
648 5368 860 5437 Διόπερ
892 5369 1034 5425 είκδς
1059 5369 1183 5429 τοὺς
1211 5371 1272 5420 ὲκ
1299 5372 1589 5443 περιτομῆς
1626 5378 1763 5431 ἀπο-

204 5450 548 5516 σφάλλεσθαι,
579 5454 643 5506 si
679 5454 816 5522 περὶ
853 5452 953 5520 τῆς
974 5455 1220 5523 δευτέρας
1246 5455 1549 5522 ἐπιφανείας
1572 5463 1755 5531 αὑτοῦ,

208 5532 275 5598 ὥς
318 5542 411 5591 ἐπὶ
464 5541 697 5613 πρώτης
760 5539 998 5607 ἀφίξεως
1052 5541 1492 5610 ὲυλαμόἀνοντας,
1516 5550 1755 5622 οὐδαμῶς

1869 4925 2304 4994 corruptionihus
2348 4928 2606 4997 ipsorum.
2634 4929 2913 4996 Quorum?
2941 4927 3139 4997 Nempe
3180 4927 3399 4984 Judazo-

1866 5031 2004 5080 rum,
2033 5018 2124 5085 qui
2180 5017 2329 5071 illum
2383 5019 2592 5074 insidiis
2630 5022 3118 5075 circumvenerunt.
3167 5019 3395 5074 Attende

1867 5120 1992 5160 vero
2035 5104 2124 5159 hic
2163 5121 2394 5176 quoque,
2433 5119 2491 5161 ut
2527 5109 2801 5163 oraculum
2843 5107 3122 5162 Christum
3152 5111 3391 5178 praedicit

1868 5195 2448 5265 comprehendendum,
2482 5199 2621 5267 quod
2646 5212 2775 5251 sane
2800 5197 3004 5253 Christi
3027 5199 3261 5254 secundo
3291 5201 3388 5254 ad-

1867 5285 2048 5341 ventui
2069 5286 2463 5341 accommodari
2488 5304 2594 5342 non
2622 5287 2811 5358 possit,
2839 5304 2998 5358 quem
3031 5290 3318 5361 gloriosum
3340 5297 3393 5343 et

1866 5389 1988 5429 cum
2041 5391 2205 5446 regno
2249 5376 2434 5430 divino
2485 5376 2759 5439 futurum,
2814 5380 3125 5447 prophetica
3176 5381 3392 5433 oracula

1865 5467 2160 5521 enuntiant.
2222 5467 2558 5537 Quapropter
2601 5483 2819 5523 necesse
2862 5477 2945 5524 est
2985 5468 3196 5525 Judaeos
3243 5470 3403 5524 abere

1868 5571 2009 5623 rare,
2039 5560 2131 5629 qui
2155 5573 2217 5614 ea
2239 5573 2357 5628 qua:
2378 5559 2444 5615 ad
2467 5559 2758 5617 secundum
2786 5559 2929 5615 illius
2960 5561 3241 5615 adventum
3269 5574 3389 5628 per-

300 5691 343 5721 “
365 5689 496 5744 Luc.
546 5707 669 5757 xm,
695 5688 894 5744 52-3-5.
971 5691 1008 5723 ⁶¹
1033 5689 1225 5746 Hahae.
1259 5707 1334 5758 nr,
1374 5693 1454 5749 i5.
1530 5702 1736 5761 "Psal.
1770 5720 1795 5760 c

1911 5711 1990 5765 l5.
2066 5710 2286 5768 “Hebr.
2320 5728 2401 5781 ιιι,
2438 5715 2520 5769 Η.
2597 5711 2857 5769 “Thrcn.
2898 5727 2971 5779 ιν,
3001 5711 3088 5766 20.
