3862 6342
698 391 798 444 519

1306 380 1567 436 EL'SEBII
1599 372 2071 433 CJESARlENSlS
2106 370 2252 427 OPP.
2284 366 2481 424 PARS.
2521 367 2585 421 ll.
2606 394 2675 403 ——
2695 344 3161 418 APOLOGETICA.

698 507 870 560 tinent
892 499 1044 571 quasi
1079 498 1144 552 de
1177 497 1352 566 primo
1380 497 1551 549 solent
1580 492 1839 561 accipere,
1870 504 1991 544 cum
2016 489 2068 541 id
2086 503 2210 542 nus-

2037 489 2068 541 ἀ
2086 503 2210 542 11118·
2240 491 2284 547 Α
2311 482 2463 537 τοῦτο
2492 478 2882 550 συγχωροῦντος
2907 476 2996 529 τοῦ
3030 476 3185 543 λόγου,
3215 469 3312 524 ἐπεὶ
3344 463 3408 571 μὶ]
3427 454 3515 512 οἷόν
3528 473 3561 571 ζει

696 608 853 664 quam
877 591 1011 643 ratio
1040 587 1296 642 concedat
1325 604 1337 638 :
1375 586 1569 654 quippe
1594 597 1716 636 cum
1743 581 1856 635 ﬁeri
1880 579 2028 632 nullo
2057 577 2215 630 modo

696 682 886 754 possit,
918 687 1055 733 utet
1084 678 1283 746 pariter
1328 683 1380 729 et
1424 674 1714 729 secundum
1760 671 1922 733 idem,
1964 668 2114 722 illum
2164 674 2219 720 et

696 772 985 843 gloriosum
1018 774 1072 821 et
1104 766 1372 834 abjectum
1411 764 1671 835 ﬁngamus
1719 781 1732 816 :
1787 767 2045 831 praeterea
2097 773 2219 812 cum

696 864 898 916 honore
930 865 983 912 et
1010 870 1192 927 regno,
1224 863 1277 910 et
1303 861 1493 908 contra
1544 868 1653 906 non
1706 852 1990 905 habentem
2045 861 2222 917 neque

697 948 927 1018 speciem
959 961 1130 1014 neque
1174 944 1358 1009 decus,
1405 943 1499 998 sed
1532 948 1896 1009 contemptum
1943 953 2052 1008 pra:
2096 936 2221 990 ﬁliis

698 1040 971 1094 hominum
1009 1056 1022 1090 :
1048 1052 1236 1091 rursus
1267 1035 1599 1089 Salvatorem
1620 1040 1674 1088 et
1703 1031 2111 1101 Redemptorem
2144 1026 2223 1081 ls-

699 1120 830 1189 rael,
856 1134 909 1181 et
937 1135 1121 1179 contra
1147 1125 1565 1177 circumventum
1592 1122 1659 1175 ab
1686 1121 1811 1183 illis,
1832 1127 1886 1175 et
1900 1118 2053 1188 quasi
2070 1131 2222 1172 ovem

698 1220 917 1273 ductum
962 1216 1027 1269 ad
1066 1199 1409 1277 occisionem,
1459 1221 1512 1268 et
1539 1213 1606 1267 ab
1638 1212 1906 1281 antiquis,
1960 1211 2049 1279 qui
2085 1211 2223 1265 inter

697 1308 913 1363 eosdem
943 1307 1070 1369 sint,
1099 1305 1349 1359 traditum
1371 1304 1436 1358 ad
1464 1301 1856 1357 mortem.Cum
1884 1308 2060 1355 autem
2091 1300 2222 1355 satis

699 1396 976 1450 commode
1024 1411 1090 1448 ex
1138 1394 1338 1447 nostris
1385 1393 1682 1448 rationibus
1708 1431 1723 1455 ,
1774 1387 2221 1461 quemadmodum

698 1487 814 1554 ipsa
844 1501 1019 1539 rerum
1050 1484 1309 1553 inspectio
1337 1483 1592 1547 declarat,
1642 1480 1891 1536 vaticinia
1922 1480 1987 1535 de
2007 1479 2223 1532 Christo

698 1577 755 1630 in
781 1577 888 1630 duo
915 1590 1109 1646 genera
1138 1574 1478 1629 dividantur:
1533 1589 1593 1629 ea
1635 1574 1851 1643 quidem
1886 1586 2005 1641 quae
2027 1571 2092 1623 ad
2124 1571 2223 1623 hu-

697 1681 912 1719 manam
957 1666 1101 1720 illius
1154 1672 1399 1719 naturam
1430 1672 1673 1734 spectant
1702 1663 2048 1730 tristioraque
2075 1669 2221 1722 sunt,

700 1754 756 1807 in
778 1754 955 1823 priore
983 1753 1127 1808 illius
1157 1752 1386 1808 adventu
1418 1753 1680 1822 completa
1705 1767 1825 1806 esse
1859 1749 2175 1804 confitemur
2206 1765 2221 1813 ;

2314 572 2445 644 ὁμοῦ
2493 572 2584 625 καὶ
2630 549 2767 623 κατὰ
2816 568 2875 620 τδ
2917 567 3044 619 αὐτὸ
3098 563 3264 626 ἔνδοξον
3297 554 3438 611 αὑτὸν
3471 549 3548 644 καί

2315 639 2654 718 ὑποτίθεσθαι
2677 680 2689 692 ·
2737 661 2829 714 καὶ⁵
2874 659 3079 727 ἔντιμον
3124 656 3198 709 καὶ⁴
3237 646 3447 721 βασιλέα,
3479 639 3555 694 καὶ

2314 757 2411 808 οὐκ
2432 754 2619 823 ἔχοντα
2647 749 2782 815 εἶδος
2811 750 2931 803 οὐδὲ
2959 748 3156 810 κάλλος,
3176 744 3264 799 ἀλλ’
3298 740 3466 807 ἄτιμον
3485 748 3564 799 παῐ

2316 848 2461 909 υἱοὺς
2492 845 2598 898 τῶν
2617 841 2912 913 ἀνθρώπων
2930 857 2946 872 ο
2973 838 3069 893 καὶ
3097 835 3219 898 αὖθις
3245 830 3442 899 Σωτῆρα
3468 823 3550 876 καὶ

2315 936 2412 1006 τὴν
2449 935 2540 989 τοῦ
2576 932 2817 1004 Ἰσραὴλ,
2859 930 2953 984 καὶ
3003 926 3154 980 πάλιν
3194 915 3565 985 ὲπιδουλευόμενι

2318 1028 2510 1091 αὐτῶν,
2536 1027 2628 1079 καὶ
2656 1025 2734 1087 ὡς
2771 1021 3039 1093 πρόϐατον
3079 1016 3159 1070 ἐπὶ
3181 1013 3359 1083 σφαγὴν
3398 1007 3562 1075 ἀγόμε“

2318 1136 2374 1172 τε
2400 1117 2502 1171 τῶν
2521 1116 2732 1186 ἀνόμων
2771 1112 2931 1166 αὑτὸν
2963 1111 3043 1172 είς
3075 1108 3267 1162 θάνατον
3294 1096 3566 1171 παραδιδόμ

2319 1209 2375 1261 δὲ
2405 1206 2521 1260 καθ’
2552 1206 2713 1276 ἡμᾶς,
2746 1203 2821 1265 ὡς
2856 1203 2891 1272 ἡ
2923 1199 3031 1252 τῶν
3060 1194 3355 1267 πραγμάτων
3384 1190 3492 1260 δψις

2324 1313 2423 1358 σιν,
2453 1295 2530 1357 εἰς
2565 1274 2910 1362 δύοπρόπους
2946 1286 3055 1339 τῶν
3098 1281 3309 1356 περὶτοῦ
3339 1274 3555 1350 Χριστοῦ

2323 1402 2455 1439 σεων
2475 1380 2875 1453 διαιρουμένων,
2908 1376 2977 1430 τὰ
3009 1375 3112 1446 μὲν
3144 1369 3556 1444 ἀνθρωπινώτερα

2323 1474 2511 1546 θρωπὰ
2554 1471 2690 1526 κατὰ
2728 1471 2824 1542 τὴν
2864 1467 3131 1539 προτέραν
3165 1462 3325 1533 ἄφιξιν
3366 1456 3518 1513 αὐτοῦ
3551 1474 3564 1508 ι

2324 1566 2444 1617 σθαι
2471 1563 2819 1635 ὁμολογεῖται,
2852 1558 2921 1612 τὰ
2953 1558 3000 1611 δ’
3035 1555 3324 1624 ἐνδοξότερα
3348 1550 3440 1604 καὶ
3469 1546 3566 1601 θειέ

2325 1655 2401 1707 ἐτι
2427 1653 2518 1707 νῦν
2552 1652 2901 1723 προσδοκᾶται
2954 1646 3097 1701 κατὰ
3138 1644 3225 1715 τὴν
3261 1641 3507 1711 δευτέραν
3544 1655 3564 1690 ο

2330 1746 2558 1816 ρουσίαν.
2594 1740 2881 1805 Ἀπόδειξις
2915 1739 2972 1791 δὲ
3022 1736 3120 1806 τῆς
3163 1732 3417 1805 προτέρας
3439 1734 3565 1799 ὲναρ

704 1858 819 1912 qua:
847 1858 972 1898 vero
1023 1844 1277 1912 majorem
1325 1843 1547 1912 gloriam
1585 1842 1802 1906 habent,
1860 1856 1924 1894 ac
1965 1840 2225 1899 diviniora

2038 1840 2225 1899 riniora
2257 1817 2297 1874 Β
2325 1836 2572 1890 ἁπάντων
2614 1832 2717 1886 τῶν
2760 1830 2926 1883 ἐθνῶν
2960 1829 3041 1891 εἰς
3084 1826 3229 1897 ἔργον
3274 1822 3563 1912 χωρήσασα

704 1939 848 1993 sunt,
878 1931 1053 1985 adhuc
1089 1946 1259 1999 usque
1316 1931 1384 1984 ad
1435 1931 1727 1986 secundum
1772 1929 1914 1984 illius
1942 1929 2224 1983 adventum

705 2028 1098 2090 exspectantur.
1129 2019 1330 2074 Prioris
1377 2028 1555 2074 autem
1595 2019 1978 2074 demonstratio
2002 2016 2219 2072 eviden-

705 2114 909 2169 tissima
934 2112 1026 2166 Dei
1052 2112 1235 2180 utique
1263 2125 1357 2180 per
1390 2110 1538 2163 illum
1570 2110 1623 2164 in
1669 2124 1857 2164 omnes
1886 2117 2068 2179 gentes
2097 2121 2222 2177 pro-

706 2218 905 2274 gressa,
953 2212 1007 2256 et
1048 2203 1224 2270 reipsa
1274 2201 1540 2255 declarata
1567 2200 1822 2269 cognitio,
1871 2214 2031 2268 quam
2062 2197 2224 2251 variis

2326 1924 2631 1993 θεογνωσία,
2667 1922 2732 1991 ἢν
2760 1920 3024 1989 διαφόρως
3062 1914 3237 1986 μυρίαι
3268 1910 3566 1974 θεσπίζουσι

2325 2016 2415 2067 καὶ
2434 2013 2623 2083 φωναὶ,
2651 2007 2949 2078 ὡσπεροῦν,
2978 2005 3073 2058 καὶ
3101 2006 3132 2073 ὴ
3161 2000 3427 2074 παροῦσα,
3460 2001 3524 2053 δι’
3549 1994 3566 2051 ἳ

2323 2099 2382 2157 οῦ
2414 2105 2669 2172 εἴπαμενο
2717 2118 2735 2151 ι
2780 2100 2865 2152 Ἑν
2902 2099 2969 2167 τῇ
3003 2096 3130 2164 σκιᾷ
3155 2091 3314 2146 αὐτοῦ
3376 2091 3566 2162 ζησόμι

2328 2196 2520 2247 ἔθνεσι.
2561 2212 2579 2244 ι

706 2294 1034 2363 diversisque
1055 2293 1227 2348 modis
1249 2292 1665 2362 innumerabiles
1688 2299 1887 2346 canunt
1912 2291 2233 2361 prophetica:
2267 2303 2449 2352 voces,
2486 2287 2627 2342 sicut
2649 2286 2729 2339 vel
2763 2298 2825 2339 ea
2854 2279 3262 2352 quamproxime
3305 2276 3564 2332 citavimu

705 2388 862 2443 verba
892 2388 983 2441 illa
1017 2387 1461 2450 continebantur,
1513 2386 1580 2441 de
1638 2401 1744 2456 quo
1794 2386 2063 2441 diximus:
2097 2404 2116 2437 ι
2155 2383 2211 2438 ιιι
2248 2385 2437 2438 umbra
2468 2380 2638 2449 ipsius
2662 2378 2904 2433 vivemus
2936 2376 2992 2429 in
3024 2373 3299 2446 gentibus.
3342 2390 3361 2422 ι

708 2501 856 2570 191
891 2501 933 2554 A
960 2502 1126 2568 primo
1153 2501 1360 2570 Regum.
1379 2530 1447 2540 —
1476 2501 1712 2555 Christus
1736 2503 2039 2555 nominatim
2062 2518 2093 2553 a
2126 2500 2230 2554 Do-

1130 2572 1270 2625 mino
1303 2570 1460 2624 Patre
1502 2571 1786 2624 exaltatum

776 2697 796 2729 ι
843 2679 1095 2736 Dominus
1126 2682 1364 2737 ascendit
1390 2681 1445 2735 in
1489 2682 1653 2735 caelos
1682 2690 1737 2735 et
1761 2682 1931 2736 tonuit
1959 2701 1971 2735 :
1999 2681 2111 2751 ipse
2136 2681 2226 2751 ju-

706 2770 903 2826 dicabit
927 2780 1161 2828 extrema
1184 2782 1357 2834 terrae,
1381 2772 1471 2842 qui
1501 2773 1591 2826 dat
1622 2772 1982 2827 fortitudinem
2012 2773 2227 2842 regibus

707 2866 924 2927 nostris,
955 2872 1008 2918 et
1031 2864 1286 2919 exaltabit
1316 2879 1483 2917 cornu
1512 2863 1708 2918 Christi
1736 2863 1819 2918 sui
1846 2865 1910 2917 ⁸³.
1942 2883 1961 2914 ι
1995 2862 2229 2918 Restitu-

706 2951 902 3006 tionem
960 2952 1015 3006 in
1067 2955 1260 3008 coelum
1310 2968 1500 3008 rursus
1550 2953 1862 3008 nominatim
1895 2953 2092 3007 Christi
2138 2959 2229 3006 aut

705 3041 864 3095 etiam
903 3042 995 3096 Dei
1051 3044 1323 3098 oraculum
1353 3043 1613 3112 intelligit,
1647 3043 1990 3113 ejusdemque
2023 3044 2223 3111 doctri-

2345 2497 2474 2552 Ἁπὸ
2492 2496 2599 2562 τῆς
2627 2494 2857 2563 πρώτης
2873 2491 2992 2563 τῶν
3030 2490 3396 2563 ,ϐαοῆιλειιῖγια-Ἀ
3409 2520 3478 2530 --

2463 2558 2644 2635 μαοίτὶ
2664 2558 2785 2617 imo
2809 2558 3037 2629 Κυρίου
3064 2560 3169 2613 τοῦ
3201 2558 3446 2626 Πατρός
3476 2561 3561 2625 ὐψ

2403 2695 2421 2727 ι
2448 2676 2646 2745 Κύριος
2663 2672 2824 2742 ἀνέϐη
2848 2673 2928 2735 εἰς
2940 2671 3223 2743 οὐρανοὺς,
3250 2670 3352 2722 καὶ
3371 2669 3562 2737 ἐϐρόνιι

2331 2767 2502 2836 κρινεῖ
2543 2764 2684 2833 ἄκρα
2731 2762 2852 2831 γῆς,
2896 2761 2991 2813 καὶ⁵
3034 2759 3197 2812 δώσει
3249 2760 3416 2829 ἰσχὺν
3456 2761 3562 2819 τοῖς

2331 2852 2502 2923 ἡμῶν,
2551 2851 2644 2903 καὶ
2680 2849 2879 2918 ὑψώσει
2918 2848 3086 2919 κέρας
3123 2847 3381 2919 Χριστοῦ
3418 2850 3561 2901 αὐτο

2331 2943 2586 3013 οὐρανοὺς
2608 2940 3043 2993 ἀποκατάστασιν
3074 2935 3235 3002 αὖθις
3262 2939 3549 3007 ὀνομαστὶ

2329 3033 2360 3104 ἢ
2386 3035 2479 3087 καὶ
2509 3031 2640 3084 Θεοῦ
2668 3031 2821 3098 λόγος
2848 3031 3169 3093 ἐπινοεῖται,
3198 3031 3307 3101 τήν
3328 3047 3398 3083 τε
3424 3030 3563 3095 ὲξάκ

707 3145 847 3194 nam,
883 3147 999 3201 qua:
1049 3133 1221 3188 instar
1264 3134 1463 3187 tonitru
1499 3134 1565 3187 ah
1618 3133 1865 3187 omnibus
1902 3133 2230 3187 exaudienda

2039 3133 2230 3187 dienda
2257 3120 2298 3177 C
2330 3120 2427 3189 τῆς
2482 3120 2632 3188 δίκην
2676 3119 2751 3180 εἰς
2785 3118 3031 3181 ἅπαντας
3068 3117 3457 3171 διδασκαλίαν
3500 3119 3563 3171 αἰ

708 3220 796 3283 sit,
830 3220 954 3275 item
983 3224 1125 3291 quod
1165 3231 1346 3293 postea
1376 3222 1610 3277 futurum
1655 3230 1737 3278 est
1767 3223 2004 3293 ejusdem
2047 3230 2230 3278 contra

708 3325 895 3366 omnes
915 3312 1197 3381 judicium.
1227 3312 1353 3370 Post
1376 3315 1488 3368 hzec
1515 3321 1691 3368 autem
1723 3316 1837 3385 ipse
1857 3314 2113 3369 Dominus
2139 3314 2232 3369 da-

710 3406 864 3455 turus
895 3402 1060 3456 robur
1090 3403 1290 3457 dicitur
1313 3403 1531 3473 regibus
1564 3405 1782 3460 nostris.
1816 3403 1877 3458 lli
1917 3419 2042 3459 vero
2075 3412 2242 3484 erunt.

708 3490 935 3558 apostoli
974 3491 1193 3555 Christi,
1222 3493 1287 3546 de
1313 3494 1506 3563 quibus
1537 3494 1699 3549 babes
1741 3494 1794 3548 in
1844 3508 1985 3548 vau
2031 3495 2232 3563 psalmo

710 3576 842 3632 illud
870 3579 915 3611 “
948 3596 962 3634 :
995 3599 1014 3632 ι
1057 3580 1311 3639 Dominus
1327 3583 1482 3639 .dahit
1503 3584 1721 3638 verbum
1747 3583 2233 3653 evangelizantibus

711 3667 905 3722 virtute
928 3669 1111 3723 multa.
1147 3688 1165 3721 ι
1202 3670 1255 3723 In
1283 3671 1384 3725 hoc
1414 3687 1625 3741 quoque
1649 3672 1962 3726 nominatim
1986 3672 2052 3727 de
2075 3671 2232 3726 Chri-

712 3763 797 3811 sto
827 3759 1150 3812 mentionem
1179 3760 1325 3823 facit,
1356 3762 1448 3830 qui
1482 3769 1538 3816 ut
1571 3763 1752 3827 homo,
1782 3761 2026 3817 Salvator
2054 3769 2233 3817 noster

708 3844 1061 3912 intelligatur,
1086 3845 1240 3914 cujus
1272 3851 1347 3902 ait
1373 3865 1540 3905 cornu
1561 3850 1917 3907 extollendum
1944 3865 2081 3914 esse,
2109 3851 2234 3904 dum

711 3934 961 3987 virtutem
999 3935 1057 3987 in
1079 3934 1169 3989 illo
1195 3938 1511 3995 invisibilem
1530 3951 1581 3996 et
1608 3956 1829 4011 regnum
1862 3941 2004 3994 illius
2032 3941 2234 4009 signiﬁ-

712 4030 815 4077 cat.
837 4021 1238 4078 Consueverunt
1255 4041 1380 4096 ergo
1398 4029 1588 4085 divinae
1607 4031 1794 4085 litterae
1814 4031 1985 4100 ipsum
2014 4044 2234 4099 regnum

710 4124 882 4165 cornu
923 4111 1204 4180 appellare.
1254 4112 1396 4170 Idem
1438 4133 1566 4173 vero
1598 4118 1830 4187 positum
1863 4127 1946 4173 est
1991 4117 2150 4172 etiam
2181 4117 2237 4172 in

714 4214 949 4255 Lxxxvm
999 4201 1205 4270 psalmo
1230 4202 1273 4233 ⁸⁷
1311 4223 1323 4257 :
1358 4222 1377 4256 ι
1434 4206 1500 4265 Ει
1532 4209 1587 4261 in
1611 4208 1845 4272 nomine,
1888 4207 2080 4276 inquit,
2116 4221 2237 4262 meo

708 4290 1030 4344 cxaltabitur
1054 4305 1222 4344 cornu
1252 4292 1388 4361 ejus.
1423 4313 1443 4346 ι

711 4398 755 4456 Α
791 4403 958 4471 primo
987 4402 1057 4456 Re
1091 4420 1195 4456 um.
1224 4434 1294 4444 —
1319 4404 1552 4459 Christus
1593 4408 1893 4460 nominatim
1934 4405 2141 4459 domum
2171 4406 2236 4474 li-

779 4473 944 4525 delem
972 4488 1005 4525 a
1036 4421 1198 4525 [gatre
1223 4473 1406 4525 accivit
1435 4473 1720 4525 Ecclesium
1759 4491 1930 4525 suam.
1976 4484 2024 4525 et
2059 4492 2234 4525 sacer-
2266 4448 2311 4507 ι)

779 4473 944 4526 delem
972 4488 1005 4525 a
1036 4473 1198 4526 Patre
1223 4473 1406 4541 accipit
1435 4473 1720 4528 Ecclesium
1759 4491 1930 4537 suam,
1976 4484 2024 4528 et
2059 4473 2234 4529 sacer-

777 4541 971 4613 dotem_
984 4542 1266 4613 ﬁdelemiin
1294 4558 1440 4595 omne
1470 4552 1684 4611 tempus,
1719 4546 1807 4613 qui
1835 4543 2080 4599 Ecclesia:
2123 4561 2230 4600 sua

780 4627 898 4665 cum
933 4610 1029 4665 Dei
1056 4612 1339 4681 cognitione
1365 4613 1562 4676 pra'sit.

784 4803 802 4835 ι
840 4786 976 4842 Ecce
1005 4786 1121 4842 dies
1155 4788 1394 4852 veniunt,
1424 4796 1477 4843 et
1508 4787 1725 4857 perdam
1765 4805 1946 4847 semen
1976 4796 2148 4855 tuum,
2181 4797 2234 4845 et

711 4888 892 4929 semen
920 4877 1110 4931 domus
1132 4879 1301 4948 patris
1326 4879 1404 4932 tui
1437 4897 1450 4933 :
1481 4888 1535 4933 et
1563 4894 1666 4933 non
1698 4881 1801 4935 erit
1822 4898 1983 4938 senex
2001 4885 2053 4937 in
2076 4881 2234 4937 domo

711 4969 799 5013 tua
823 4965 885 5016 ⁸⁸.
922 4985 940 5018 ι
979 4966 1100 5021 Haec
1127 4976 1409 5038 postquam
1466 4968 1534 5023 ad
1579 4968 1695 5025 Heli
1744 4972 1894 5046 dixit.
1932 4972 2231 5036 oraculum,

712 5060 901 5117 praeter
928 5057 1031 5109 alia
1064 5061 1336 5125 nonnulla,
1369 5062 1485 5117 haec
1508 5062 1665 5117 etiam
1701 5064 1964 5136 adjungit,
1997 5067 2181 5120 dicens
2215 5077 2232 5117 :

716 5154 738 5187 ι
875 5144 1145 5236 suscitabo
1196 5150 1327 5204 mihi
1366 5151 1470 5221 ipsi
1513 5154 1845 5212 sacerdotem
1882 5156 2107 5219 ﬁdelem,
2142 5154 2233 5224 qui

711 5227 892 5279 omnia
915 5227 1067 5295 juxta
1093 5247 1186 5285 cor
1218 5251 1393 5292 meum
1424 5247 1478 5295 et
1504 5241 1733 5296 animam
1763 5258 1932 5299 meam
1968 5241 2150 5305 faciet,
2182 5245 2235 5295 ει

713 5314 984 5405 aedificabo
1011 5316 1087 5370 illi
1110 5319 1323 5377 domum
1358 5327 1586 5396 ﬁdelem,
1618 5341 1671 5389 et
1695 5334 2022 5405 ingredietur
2053 5342 2234 5385 coram

710 5402 928 5457 Christo
954 5418 1072 5458 meo
1100 5421 1285 5464 omnes
1311 5413 1423 5470 dies
1465 5417 1529 5471 ”.
1573 5439 1592 5472 ι
1630 5402 1774 5478 (Συιιί
1800 5423 2145 5477 mutationem
2173 5431 2237 5474 ac

717 5495 1060 5565 rejectionem
1086 5495 1154 5553 iis
1177 5499 1268 5568 qui
1296 5509 1402 5556 nan
1426 5516 1569 5561 recta
1593 5514 1800 5569 ratione
1822 5519 2125 5585 Operentur,
2154 5508 2239 5563 di-

2332 3211 2467 3281 μετὰ
2500 3210 2665 3264 ταῦτα
2696 3209 3063 3280 γενησομένην
3093 3209 3276 3263 αὐτοῦ
3308 3210 3483 3264 κατὰ
3518 3228 3562 3261 π

2327 3307 2360 3375 ἠ
2394 3303 2508 3356 θεία
2524 3302 2711 3374 Γραφὴ
2742 3300 3001 3364 θεσπίζει.
3037 3299 3203 3370 Ἑξῆς
3233 3301 3302 3355 δὲ
3333 3301 3566 3362 τούτοις

2333 3413 2443 3467 ριος
2462 3394 2646 3449 δώσειν
2682 3392 2830 3463 ἰσχὺν
2860 3391 3076 3459 λέγεται
3104 3395 3231 3456 τοῖς
3273 3392 3566 3462 βασιλεῦς

2329 3504 2409 3540 τοι
2438 3485 2481 3538 δ’
2509 3484 2572 3538 ἂν
2592 3479 2695 3537 εἷεν
2718 3484 2766 3534 οἱ
2785 3480 3069 3535 ἀπόστολοι
3102 3480 3209 3534 τοῦ
3231 3482 3550 3551 Χριστοῦ,

2331 3577 2388 3628 ὲν
2427 3572 2500 3638 EC’
2526 3570 2717 3643 ψαλμῷ
2741 3571 2821 3635 τὸ,
2851 3588 2871 3623 ι
2904 3570 3113 3640 Κύριος
3144 3570 3337 3623 δώσει
3387 3573 3566 3645 ῥῆμα

2330 3666 2622 3736 λιζομὲνοις
2657 3664 2878 3733 δυνάμει
2924 3661 3118 3733 πολλῇ.
3156 3681 3178 3714 ι
3224 3665 3375 3718 Κάν
3419 3667 3566 3719 τοῦτ

2330 3756 2582 3828 ὀνομαστὶ
2626 3752 2964 3825 μνημονεύει,
3015 3752 3115 3806 τοῦ
3149 3754 3331 3807 κατὰ
3360 3756 3480 3810 τὸν
3522 3756 3566 3810 ἇ¹

2335 3844 2491 3914 μένου
2525 3843 2769 3913 Σωτῆρος
2792 3841 2970 3911 ἡμῶν,
3030 3834 3094 3894 οῦ
3164 3842 3240 3895 τὸ
3283 3843 3505 3916 κέρας

2333 3933 2534 3995 σεσθαι,
2566 3931 2663 4000 τὴν
2687 3932 2744 3983 ὲν
2774 3930 2921 4000 αὑτῷ
2948 3930 3197 4001 ἀόρατον
3237 3930 3562 4005 δύναμιν,

2331 4020 2476 4073 λείαν
2530 4018 2691 4071 αὑτοῦ
2737 4018 2929 4089 δηλῶν.
2955 4021 3135 4084 ’ἚθοςΔ
3158 4021 3326 4089 γοῦν
3363 4028 3452 4096 τῇ
3491 4027 3566 4096 Γε

2330 4112 2476 4164 λείαν
2496 4110 2660 4181 κέρας
2677 4109 2977 4180 ὀνομάζειν.
3001 4113 3223 4166 Κεῖται.
3254 4114 3329 4168 δὲ
3360 4119 3489 4171 καὶ
3508 4120 3566 4171 ὲν

2331 4202 2412 4267 τὸ,
2446 4221 2464 4253 ι
2498 4202 2608 4255 Καὶ
2653 4203 2709 4256 ὲν
2751 4202 2832 4275 τῷ
2855 4202 3079 4273 ὀνόματί
3125 4222 3255 4275 μου
3317 4208 3564 4272 semet;

2333 4289 2513 4343 αὐτοῦ.

2346 4403 2474 4458 Ἀπὸ
2501 4402 2608 4469 τῆς
2629 4402 2857 4470 πρώτης
2876 4403 2995 4458 τῶν
3012 4407 3457 4465 Βασιλειῶν.
3478 4443 3562 4453 -

2395 4469 2760 4541 μωτὶοῖκον
2775 4469 3186 4540 πιστὸνπαρὰ
3222 4480 3370 4533 τοῦ
3406 4485 3562 4535 Ha:

2399 4542 2512 4607 τὴν
2565 4542 2925 4609 Ἐκκλησίαν
2981 4546 3194 4599 αὐτοῦ
3232 4586 3253 4609 ,
3333 4552 3475 4603 καὶ

2402 4566 2512 4607 τηγ
2575 4566 2925 4609 ᾱκκλησιαν
2981 4566 3194 4599 αυτου
3232 4586 3253 4612 ,
3333 4566 3475 4603 και

2402 4610 2591 4664 πάντα
2636 4610 2749 4683 ’τὸν
2797 4615 3025 4680 χρόνον
3068 4613 3205 4683 τῆς·
3267 4618 3562 4676 Ἑκκλτ

2403 4678 2850 4748 προϊστάμενυςζ

2407 4808 2426 4841 ‹
2466 4788 2590 4841 Ἰδοὺ
2622 4788 2820 4859 ἡμέραι
2843 4788 3115 4861 ἔρχονται,
3149 4815 3175 4848 ι
3214 4796 3463 4868 λέγει,
3504 4820 3530 4853 ε

2335 4879 2394 4931 τὸ
2416 4877 2629 4947 σπέρμα
2653 4893 2764 4940 σου,
2788 4880 2882 4933 καὶ
2910 4882 3143 4954 σπέρμα
3173 4885 3393 4942 οἴκου
3414 4910 3564 4945 πατ

2339 4967 2482 5020 ἔσται
2515 4966 2819 5039 πρεσϐύτης
2852 4970 2909 5023 ὲν
2935 4972 3014 5042 τῷ
3034 4974 3198 5046 οἴκῳ
3245 4995 3426 5048 μου.
3484 5000 3512 5034 ι

2351 5054 2493 5107 Ἠλεὶ
2521 5054 2695 5124 φήσας
2722 5056 2752 5108 ὁ
2782 5063 3219 5132 χρηματισμὸς,
3272 5067 3560 5142 ὲπιφὲρ

2338 5160 2480 5213 γων·
2515 5164 2532 5195 ι
2568 5145 2677 5199 Καὶ
2696 5146 2983 5221 ἀναστήσω
3016 5154 3302 5227 ἐμαυτῷ
3340 5159 3560 5231 ἱερέα

2338 5253 2405 5289 τα
2456 5235 2526 5288 τὰ
2572 5237 2627 5288 ὲν
2680 5239 2747 5309 τῇ
2797 5241 2995 5313 καρδίᾳ
3030 5260 3174 5314 μου,
3230 5248 3379 5300 καὶ
3422 5250 3531 5305 τὰ

2340 5329 2568 5396 ποιήσει,
2615 5328 2708 5383 καὶ
2759 5331 3102 5406 οἰκοδομήσω
3188 5340 3420 5414 αὐτῷ
3492 5340 3558 5395 οἷ

2340 5413 2661 5468 διελεύσεται
2694 5418 2923 5475 ὲνώπιον
2962 5423 3251 5496 Χριστοῦ
3337 5413 3495 5500 μου

2345 5522 2457 5576 ρας.
2499 5525 2516 5557 ι
2556 5508 2898 5568 Μετάστασιν
2938 5516 3031 5571 καὶ
3073 5518 3473 5596 ἀποϐολὴν
3525 5525 3554 5579 ἐ

790 5649 835 5681 ⁸³
863 5647 880 5701 Ι
913 5647 1044 5720 Reg.
1067 5665 1126 5718 ιι,
1162 5650 1241 5704 l0.
1317 5655 1359 5688 ⁶⁶
1387 5671 1527 5717 vers.
1558 5661 1639 5718 l2.
1715 5668 1755 5699 ⁸⁷
1781 5682 1919 5724 vers.
1943 5665 2031 5721 25.
2107 5661 2189 5718 “1
2218 5659 2315 5733 Rei

1452 5672 1527 5717 rs.
1558 5661 1639 5718 l2.
1715 5668 1755 5699 ⁸⁷
1781 5682 1919 5724 vers.
1943 5665 2031 5721 25.
2107 5659 2329 5733 “lReg
2383 5675 2440 5727 ιι,
2490 5659 2576 5715 5|.
2649 5662 2690 5695 θ’
2718 5663 2850 5722 ibid.
2886 5669 2973 5725 35.
