3862 6360
219 461 380 528 si!
1215 452 1855 519 DEMONSTBATIONIS
1892 460 2331 519 EVANGELICA‘J
2373 462 2503 520 us.
2542 467 2627 520 tv.
3381 481 3485 537 δίε

212 578 425 643 λόγος
448 567 550 627 τοῖς
580 561 639 616 οὗ
674 557 819 614 κατᾶ
862 563 971 618 τὸν
1009 569 1186 639 ὀρθὸν
1218 575 1406 645 τρόπον
1440 573 1737 640 λειτουργοῖ

1959 575 2136 627 vinum
2188 572 2421 628 minetur
2477 577 2771 638 oraculum,
2823 577 2985 634 alium
3028 599 3092 638 ex
3141 586 3248 641 alio
3290 602 3482 659 genere

216 675 453 731 ἕτερον
475 655 533 718 ἐξ
556 652 740 721 ἑτέρου
769 651 986 719 γένους
1018 666 1388 735 καταστήσειν
1422 660 1566 733 ἱερέα
1593 660 1741 730 ἐπαγ

1957 662 2369 718 constituturum
2386 679 2445 718 se
2468 665 2796 719 sacerdotem
2822 668 3114 736 pollicetur,
3138 651 3477 741 quem'etiam

220 766 446 818 λεῖαι,
482 747 537 799 ὃν
573 744 667 798 καί
707 759 849 812 φησι
887 763 909 795 ι
945 747 1327 807 διελεύσεσθαι
1365 754 1583 807 ἐνώπιον
1628 753 1745 822 Χρκ

1956 752 2083 806 dicit
2118 769 2136 801 ι
2180 752 2545 820 ingressurum
2590 754 2644 805 in
2677 765 2969 823 conspectu
2998 757 3190 817 Christi
3227 767 3309 825 sui
3340 784 3359 817 ι
3396 768 3479 823 vel

230 838 459 904 αὐτοῦ,
501 856 519 886 ι
554 835 588 905 ἢ
632 853 649 884 ι
690 836 1197 912 ὲμπεριπατήσειν
1246 846 1323 906 εἰς
1361 843 1637 911 πρόσωπον
1673 843 1754 895 είλ

1963 859 1980 891 ι
2019 840 2467 895 inambulaturum
2503 842 2557 895 in
2601 843 2790 898 faciem
2834 847 2979 899 uncti
3031 851 3136 918 sui,
3171 871 3191 904 ι
3222 857 3480 923 quemad.

246 931 445 1011 μένου
461 929 531 999 μ)
548 924 732 980 αὐτοῦ·
761 945 781 976 ι
804 926 887 991 ὼς
909 932 942 982 ὁ
958 931 1197 996 Ἀκύλας
1212 934 1558 1003 ἡρμήνευσεν,
1579 930 1611 1000 ἢ
1630 932 1703 994 ὡς
1726 934 1771 984 Σι

1975 931 2164 982 nodum
2185 927 2373 995 Aquila
2390 930 2763 998 interpretatus
2780 940 2882 995 est,
2901 936 3000 997 vel,
3027 945 3082 989 ut
3105 938 3478 1009 Symmachus,
3498 992 3500 995 ,

270 1037 480 1095 μαχος,
510 1038 527 1068 ι
560 1018 1106 1091 ἀναστραφήσεσθαι
1144 1022 1443 1093 ἔμπροσθεν
1488 1021 1580 1074 τοῦ
1628 1023 1795 1093 Χριστ

1960 1034 1977 1066 ι
2017 1024 2352 1071 versaturum
2381 1027 2507 1072 ante
2539 1019 2810 1074 Christum
2842 1038 3018 1077 suum.
3049 1044 3068 1076 ι
3101 1024 3205 1080 Sed
3226 1031 3345 1096 quis
3364 1040 3478 1086 tan-

264 1113 471 1174 αὖτοῦ.
509 1133 527 1162 ι
555 1113 652 1176 Τίς
686 1112 730 1166 δ’
761 1112 831 1166 ἂν
867 1109 1031 1180 οὗτος
1075 1116 1193 1186 είης
1222 1116 1324 1177 πᾶς
1351 1117 1379 1166 ὁ
1421 1114 1647 1176 εὐσεϐῶς
1691 1132 1789 1184 προ

1953 1105 2070 1159 dem
2103 1104 2189 1159 hic
2214 1106 2359 1159 erit?
2384 1106 2570 1162 Omnis
2594 1109 2843 1162 nimirum
2875 1111 3178 1180 quicunque
3209 1115 3275 1169 ad
3301 1104 3477 1172 sacer;

288 1206 402 1261 ιὼν
428 1208 489 1275 τῇ
546 1204 839 1275 ἱερουργίᾳ
872 1205 975 1258 τοῦ
1006 1205 1239 1277 Χριστοῦ
1271 1205 1361 1257 τοῦ
1388 1205 1538 1267 Θεοῦ,
1570 1199 1613 1272 ᾧ
1642 1204 1730 1257 τὸν
1757 1208 1813 1275 τῆ

1953 1194 2151 1249 dotium
2178 1193 2375 1250 Christi
2406 1194 2499 1250 Dei
2528 1212 2650 1250 cum
2680 1199 2871 1266 pietate
2898 1203 3202 1283 accesserit.
3234 1205 3329 1260 Cui
3362 1210 3476 1276 qui.

301 1295 625 1365 Ἐκκλησίας
656 1292 832 1356 οἷκον,
864 1290 956 1347 οἶα
992 1296 1153 1362 σοφὸς
1183 1295 1505 1365 ἀρχιτέκτων
1538 1293 1627 1345 καλ⁵
1654 1293 1826 1346 οἰκοδο

1950 1282 2070 1337 dem
2107 1284 2260 1353 192
2294 1284 2547 1340 Ecclesiae
2572 1287 2813 1351 domum,
2852 1282 3104 1359 tanquam
3145 1296 3358 1362 sapiens
3385 1313 3473 1350 ar-

299 1406 427 1457 μος,
454 1386 605 1447 αὐτὸς
650 1386 679 1435 ὁ
725 1384 839 1437 τῶν
864 1385 1005 1437 ὅλων
1034 1385 1163 1446 Θεὸς
1194 1384 1555 1453 οἰκοδομήσειν
1589 1385 1824 1451 ὑπισχνεῐ

1950 1370 2212 1425 chitectus
2253 1380 2409 1441 atque
2444 1373 2732 1427 aediﬁcator
2783 1376 2894 1442 ipse
2951 1380 3185 1435 universi
3226 1380 3385 1447 Deus,
3414 1402 3471 1440 se

296 1495 416 1539 ται,
450 1475 549 1529 οὐδ’
585 1474 746 1528 ἀλλον
782 1470 935 1527 οἷκον
970 1474 1242 1544 σημαίνων
1278 1473 1427 1543 ἢτὴν
1456 1473 1574 1527 καθ’
1609 1473 1732 1542 ὅλης
1752 1473 1819 1541 τῆ

1948 1459 2326 1514 mdilicaturum
2365 1462 2662 1530 pollicetur,
2709 1479 2815 1518 non
2856 1466 3013 1520 aliam
3046 1470 3228 1539 utique
3254 1472 3467 1528 domum

289 1566 614 1636 οἰκουμένης
667 1564 746 1634 τῷ
790 1563 1016 1635 Χριστῷ
1049 1563 1294 1633 ὀνομαστὶ
1331 1565 1589 1616 συστᾶσαν
1628 1563 1814 1632 Ἐκκλη

1948 1549 2252 1617 signilicans
2281 1566 2441 1620 quam
2483 1567 2597 1607 eam
2637 1569 2755 1623 qua:
2786 1557 3096 1610 nominatim
3126 1559 3339 1616 Christo
3377 1579 3471 1632 per

300 1656 430 1708 δίαν
445 1672 457 1683 ·
482 1653 605 1707 ἔνθα
640 1656 752 1716 πᾶς
768 1654 797 1705 ὁ
819 1652 910 1706 διά
931 1651 1160 1722 Χριστοῦ
1184 1651 1273 1704 τοῦ
1295 1652 1423 1704 Θεοῦ
1443 1653 1723 1722 ίερωμένος
1748 1670 1825 1705 και

1946 1645 2113 1691 totum
2140 1640 2320 1694 orbem
2352 1648 2615 1695 terrarum
2657 1654 2833 1697 erecta
2863 1655 2962 1709 est,
2998 1647 3291 1704 Ecclesiam
3332 1670 3345 1705 :
3380 1654 3467 1706 ubi

284 1747 474 1810 τάτάς
493 1744 877 1816 πνευματικὰς
904 1742 1233 1813 λειτουργίας
1254 1742 1322 1794 τὰ
1343 1743 1641 1813 καταθύμια
1666 1746 1756 1797 καὶ
1781 1760 1809 1795 τ

1945 1742 2074 1782 sane
2103 1729 2276 1783 omnis
2298 1732 2601 1800 quicunque
2626 1748 2722 1801 per
2753 1734 3022 1789 Christum
3064 1737 3155 1793 Dei
3183 1754 3468 1796 consecra-

286 1836 441 1889 κατὰ
459 1836 633 1907 ψυχὴν
658 1832 753 1885 τοῦ
778 1830 918 1885 Θεοῦ
954 1831 1163 1899 λέγεται
1184 1833 1437 1902 ποιήσειν,
1472 1832 1574 1884 τῶν
1597 1833 1662 1885 δι’
1684 1834 1811 1902 αἷμα

1947 1825 2030 1871 tus
2060 1828 2161 1882 est,
2198 1821 2484 1875 secundum
2514 1823 2809 1891 spiritualia
2852 1826 3169 1893 ministeria,
3201 1847 3318 1901 qua:
3353 1834 3467 1902 pla-

282 1944 410 1989 τος.
449 1924 658 1994 ταύρων
709 1924 809 1976 καὶ
841 1924 1077 1992 τράγων,
1129 1921 1265 1975 κατά
1304 1922 1399 1991 τὴν
1430 1922 1592 1974 πάλαι
1619 1926 1807 1993 τυπικὴ

1943 1910 2047 1961 cita
2076 1911 2201 1975 sint,
2252 1921 2304 1966 et
2334 1927 2396 1965 ex
2440 1914 2617 1967 animo
2655 1928 2717 1968 ac
2745 1921 3004 1971 sententia
3037 1918 3128 1975 Dei
3156 1922 3351 1978 dicitur
3388 1925 3465 1977 fa—

280 2013 511 2082 ἁγωγὴν
545 2012 1005 2081 ἐπιτελουμένων,
1039 2010 1433 2081 μετατεθεῖσθαι
1463 2012 1565 2064 ὑπὸ
1594 2012 1682 2064 τοῦ
1715 2012 1805 2065 Θεο

1943 2006 2129 2053 cturus
2163 2017 2175 2052 :
2208 2001 2421 2069 quando
2475 2002 2511 2054 ii
2560 2003 2651 2071 qui
2699 2020 2793 2072 per
2834 2008 3142 2077 sanguinem
3187 2021 3461 2068 taurorum

283 2104 388 2155 διὰ
423 2104 515 2173 τῆς
560 2103 791 2154 Ἡσαΐου
816 2102 1146 2171 προςρητείας
1174 2100 1623 2170 ὁμολογουμένων.
1649 2102 1808 2154 Τοσαῐ

1943 2094 2101 2155 atque
2132 2088 2424 2154 hircorum,
2450 2091 2603 2159 juxta
2629 2102 2855 2148 veterem
2888 2098 2941 2150 in
2970 2098 3134 2168 ﬁgura
3168 2102 3349 2169 ritum,
3377 2120 3464 2160 sa-

280 2208 369 2243 τα
417 2193 480 2243 δι’
515 2184 590 2242 ὧν
632 2193 662 2241 ὁ
700 2190 941 2260 Χριστὸς
968 2189 1215 2258 ὀνομαστὶ
1258 2182 1683 2259 προκεκηρυκτοο
1713 2190 1805 2257 πλὴ

1944 2194 2032 2233 cra
2059 2182 2418 2249 perﬁciebant,
2448 2186 2500 2239 in
2533 2185 2716 2240 odium
2740 2188 2831 2243 Dei
2860 2189 3131 2255 incidisse,
3162 2210 3255 2262 per
3272 2195 3461 2251 lsaiam

280 2281 407 2332 ἀλλ’
439 2282 556 2332 ἐπεὶ
608 2278 704 2333 διὰ
750 2279 862 2330 τῶν
910 2278 1168 2330 πλείστων
1211 2277 1279 2330 τά
1319 2277 1458 2347 πάθη
1498 2276 1587 2330 τοῦ
1619 2279 1805 2347 Χριστο

1944 2271 2252 2338 prophetam
2284 2273 2399 2328 sine
2425 2278 2790 2330 controversia
2817 2279 3084 2335 dicuntur.
3114 2283 3382 2340 Hactenus
3400 2303 3464 2341 ea

284 2371 556 2439 συνῆπται
582 2371 650 2438 τῇ
687 2367 855 2420 αὐτοῦ
886 2368 1240 2437 προσηγορίᾳ,
1267 2368 1549 2435 ἀναγκαῖον
1581 2368 1809 2420 ἐπαναλα

1944 2360 1997 2412 in
2041 2362 2235 2429 quibus
2278 2365 2589 2418 nominatim
2627 2366 2872 2426 Christus
2922 2372 3208 2439 praedictus
3267 2374 3460 2434 fuerat.

284 2459 408 2511 δεῖν
456 2458 524 2510 τὰ
549 2456 931 2527 προειρημένα
967 2456 1092 2526 περὶ
1119 2456 1217 2524 τῆς
1247 2457 1364 2508 κατ’
1396 2455 1553 2508 αὑτὸν
1580 2454 1809 2524 θεότητος

1943 2447 2313 2507 Verumtamen
2361 2454 2486 2522 quia
2546 2455 2787 2523 pluribus
2842 2460 3020 2514 verbis
3078 2476 3195 2529 qua:
3250 2463 3463 2520 Christo

284 2548 366 2616 ἢν
405 2549 458 2598 ὲν
498 2546 576 2616 τῷ
617 2547 704 2617 μδ⁹
748 2545 948 2615 ψαλμῷ
999 2545 1449 2617 ἐπιγεγραμμένῳ
1485 2564 1503 2596 ι
1548 2545 1712 2615 ’Υπὲρ
1751 2561 1809 2597 το

1941 2538 2161 2594 adversa
2209 2555 2272 2595 ac
2311 2542 2485 2596 tristia
2534 2546 2888 2615 contigerunt,
2940 2549 3083 2604 illius
3125 2553 3462 2620 appellationi

290 2637 575 2707 ἀγαπητοῦ
619 2657 639 2687 ι
680 2635 947 2707 φέρεσθαι
978 2636 1516 2706 προπαρεστὴσαμεν,
1550 2634 1673 2687 ἔνθα
1703 2636 1732 2686 ὁ
1758 2633 1815 2686 λό

1941 2628 2144 2683 adnexa
2176 2639 2319 2694 sunt,
2351 2648 2569 2689 necesse
2590 2645 2690 2699 est,
2714 2652 2832 2705 quaa
2857 2649 3009 2692 antea
3041 2640 3180 2694 dicta
3205 2653 3348 2709 sunt,
3394 2645 3463 2700 de

282 2741 391 2792 γος
440 2729 493 2780 ὲν
539 2727 786 2798 πρώτοις
829 2727 990 2788 αὐτὸς
1016 2727 1327 2796 ὑπομνήσας
1361 2725 1435 2787 ὠς
1469 2724 1701 2793 βασιλέα,
1729 2723 1807 2793 με(

1941 2716 2082 2773 illius
2095 2719 2370 2775 divinitate
2386 2733 2641 2791 repetere,
2664 2726 2729 2780 de
2756 2743 2861 2796 qua
2888 2730 2942 2782 in
2968 2745 3088 2784 rLIv
3118 2734 3343 2801 psalmo,
3370 2738 3460 2805 qui

276 2815 450 2888 ἕτερα
478 2817 673 2884 ἐπάγει
708 2818 839 2887 περὶ
865 2815 1110 2885 θεότητος
1125 2816 1217 2867 τοῦ
1237 2816 1280 2867 Χ
1290 2813 1485 2885 ριστοῦ’
1520 2832 1536 2863 ι
1576 2815 1632 2867 ’0
1662 2813 1801 2885 θρόνι

1941 2804 2229 2877 inscriptus
2263 2828 2282 2859 ‹
2321 2811 2424 2866 Pro
2443 2812 2640 2870 dilecto
2672 2817 2735 2879 το,
2772 2837 2791 2868 ι
2817 2822 3034 2874 tractari
3055 2837 3217 2891 supra
3243 2804 3464 2880 demon-

288 2923 390 2958 oou
416 2909 443 2959 ὁ
472 2906 605 2970 Θεὸς
636 2909 721 2969 είς
756 2907 847 2959 τὸν
885 2906 1049 2959 αἰῶνα
1085 2905 1179 2959 τοῦ
1213 2904 1428 2966 αἰῶνος*
1460 2903 1647 2974 ῥάϐδος
1688 2904 1813 2956 εὐθύ

1938 2897 2244 2965 stravimus,
2277 2901 2365 2955 ubi
2391 2905 2664 2958 oraculum
2697 2906 2752 2960 in
2783 2909 2970 2976 primis
2998 2909 3065 2965 de
3095 2911 3187 2965 illo
3209 2920 3459 2983 tanquam

282 3012 447 3065 ’τητος
493 3000 527 3068 ἡ
577 2997 777 3067 ῥάϐδος
823 2998 918 3067 τῆς
964 2996 1231 3066 βασιλείας
1266 3011 1374 3047 σου.
1422 2994 1733 3063 Ἠγάπησας
1766 2994 1807 3046 δι

1937 2986 2002 3041 de
2030 3003 2149 3058 rege
2174 2998 2427 3058 tractans,
2467 3004 2586 3064 post
2610 2998 2713 3051 alia
2741 3001 2994 3055 nonnulla
3020 3001 3133 3056 haec
3157 3002 3223 3059 de
3261 3005 3462 3062 Christt

280 3087 594 3157 καιοσύνην,
624 3087 723 3138 καὶ
747 3087 1010 3156 ἐμίσησας
1031 3085 1239 3139 ἀδικίαν
1257 3101 1270 3113 ·
1298 3083 1381 3136 διὰ
1403 3083 1554 3136 τοῦτο
1580 3083 1759 3153 έχρισέ
1783 3100 1805 3135 a

1938 3076 2211 3136 divinitate
2231 3084 2500 3155 adjungit:
2535 3105 2553 3136 ι
2586 3085 2750 3143 Sedes
2779 3096 2889 3154 tua,
2921 3090 3080 3155 Deus,
3109 3094 3166 3147 in
3207 3096 3459 3152 saeculum

278 3178 328 3228 ὁ
349 3177 470 3241 Θεὸς
496 3180 523 3230 ὁ
539 3177 677 3239 Θεός
712 3194 807 3229 σου
837 3176 1007 3229 ἔλαιον
1028 3174 1392 3243 ἀγαλλιάσεως
1418 3174 1563 3245 παρὰ
1594 3177 1716 3236 τοὺς
1743 3191 1803 3245 με

1939 3171 2117 3223 saeculi
2149 3190 2162 3225 :
2199 3173 2342 3243 virga
2372 3175 2703 3242 directionis,
2733 3179 2878 3249 virga
2899 3186 3045 3251 regni
3074 3185 3154 3254 tui
3179 3203 3191 3238 :
3226 3186 3461 3243 dilexisti

284 3239 473 3335 τύχους
523 3284 638 3322 σου.
679 3286 698 3317 ι
745 3265 939 3334 Σαφῶς
981 3239 1088 3335 γὰρ
1131 3267 1188 3317 ὲν
1233 3263 1454 3327 τούτοις,
1496 3239 1578 3328 ’ὡς
1610 3264 1708 3335 ἤδη
1744 3239 1809 3316 κα

1935 3260 2216 3326 justitiam.
2251 3239 2302 3317 et
2333 3265 2491 3319 odisti
2542 3239 2894 3338 iniquitatem,
2921 3239 3199 3343 propterea
3228 3277 3377 3331 unxit
3408 3285 3460 3334 te

294 3359 546 3428 πρότερον
577 3358 1128 3428 προπαρεστήσαμεν,
1161 3348 1242 3417 εἷς
1282 3354 1355 3406 ὢν
1389 3355 1481 3407 καὶ
1502 3353 1659 3417 αὐτὸς
1690 3356 1719 3406 ό
1745 3354 1819 3425 δη·

1937 3347 2094 3416 Deus,
2117 3350 2254 3407 Deus
2271 3361 2392 3410 tuus
2403 3356 2521 3410 oleo
2556 3360 2947 3422 exsultationis.
2971 3378 3078 3430 prae
3105 3367 3460 3435 participibus

280 3446 540 3518 ὶούμενος
576 3448 715 3511 Θεὸς
742 3443 879 3500 εἶναι
899 3446 1130 3514 λέγεται,
1176 3444 1477 3515 ἠγαπηκὼς
1501 3444 1804 3514 δικαιοσύνη

1935 3439 2040 3493 tuis
2065 3441 2132 3494 ".
2177 3460 2195 3492 ι
2227 3440 2385 3497 Plane
2412 3444 2554 3498 enim
2593 3446 2649 3498 in
2676 3446 2779 3509 his,
2811 3456 2869 3501 ut
2903 3449 3013 3517 jam
3047 3461 3201 3507 antea
3232 3455 3456 3510 demon-

296 3540 385 3590 καὶ
415 3539 731 3609 μεμισηκὼς
762 3537 991 3590 ἀδικίαν.
1035 3536 1146 3590 Καὶ
1187 3536 1373 3588 τούτου
1414 3535 1586 3605 χάριν,
1607 3535 1694 3602 ὑφ’
1721 3535 1821 3587 ἐτέ-

1933 3529 2242 3594 stravimus,
2271 3546 2390 3586 cum
2419 3549 2559 3588 unus
2590 3535 2704 3603 ipse
2725 3552 2938 3606 quoque
2967 3541 3038 3594 sit
3062 3541 3107 3594 is
3131 3542 3198 3595 de
3223 3558 3331 3611 quo
3353 3545 3458 3613 agi-

303 3644 387 3696 ρου
422 3626 662 3696 μείζονος
695 3624 832 3679 Θεοῦ
878 3626 971 3679 καὶ
1014 3625 1216 3696 πατρὸς
1248 3622 1429 3685 αὑτοῦ,
1490 3622 1828 3692 κεχρισμένος

1934 3624 2040 3679 tur,
2071 3617 2212 3674 Deus
2232 3635 2351 3675 esse
2374 3622 2590 3686 dicitur,
2617 3625 2706 3694 qui
2733 3626 2994 3694 justitiam
3022 3628 3285 3696 dilexerit,
3324 3631 3454 3686 ode-

301 3715 451 3786 ἐλαίῳ
481 3717 754 3788 κρείττονι
790 3717 883 3768 καὶ
909 3714 1266 3786 διαφέροντιῆ
1293 3712 1431 3766 κατὰ
1451 3712 1573 3773 τοὺς
1613 3712 1826 3776 τύπους,

1931 3706 2107 3774 ritque
2140 3706 2491 3776 iniquitatem,
2522 3720 2682 3781 atque
2718 3714 2876 3782 hujus
2902 3715 2980 3769 rei
3019 3716 3206 3785 gratia,
3243 3719 3311 3775 ab
3336 3720 3455 3789 ipSo

301 3807 371 3875 τῷ
399 3806 712 3877 καλουμένῳ
753 3804 855 3874 τῆς
898 3804 1277 3873 ἀγαλλιάσεως.
1318 3803 1376 3853 ⁸0
1413 3801 1468 3853 δὲ
1513 3800 1589 3870 τῷ
1618 3799 1826 3870 τοιούτῳ

1930 3795 2039 3855 Deo
2065 3812 2127 3852 ac
2147 3797 2304 3855 Patre
2327 3816 2425 3855 suo
2453 3810 2646 3859 unctus
2677 3804 2748 3859 sit
2767 3805 2884 3860 oleo
2914 3808 3267 3875 praestantiori
3294 3818 3455 3879 atque

302 3895 523 3965 χρισθελς
557 3895 746 3964 ὲλαίῳ,
781 3894 841 3946 οὐ
876 3893 1007 3964 πρὸς
1038 3891 1351 3964 ἀνθρώπιον,
1385 3889 1502 3943 οὐδὲ
1532 3889 1599 3942 δι’
1633 3888 1827 3961 ἀνθρώ-

1927 3885 2309 3951 excellentiori,
2343 3904 2501 3958 quam
2544 3900 2686 3948 esset
2719 3893 3022 3964 ﬁguratum,
3074 3911 3157 3962 eo,
3211 3898 3449 3968 inquam,

301 3999 427 4045 πων,
451 3985 561 4037 ἀλλ’
593 3984 687 4037 ὑπ’
710 3982 873 4037 αὑτοῦ
904 3978 997 4035 τοῦ
1031 3983 1301 4035 ἀνωτάτου
1329 3980 1480 4042 Θεοῦ,
1514 3981 1564 4032 τί
1596 3978 1826 4048 ἕτερονῆ

1927 3973 2064 4039 oleo,
2095 3975 2236 4045 quod
2264 3979 2634 4035 exsultationis
2664 3993 2903 4037 vocatur.
2946 3983 3015 4038 At
3041 3986 3183 4040 enim
3224 3987 3447 4056 quicun-

300 4073 513 4143 Χριστὸς
542 4074 769 4137 εἰκότως
800 4071 1151 4142 όνομασθείη;
1184 4069 1374 4123 οὐκοῦν
1420 4071 1449 4122 ό
1502 4068 1658 4131 αὐτὸς
1699 4067 1825 4138 ὁμοῦ

1925 4079 2029 4133 que
2054 4065 2420 4134 hujuscemodi
2451 4071 2588 4135 oleo,
2609 4087 2717 4126 non
2745 4074 2812 4127 ab
2836 4073 3142 4131 hominibus
3164 4092 3336 4146 neque
3353 4093 3449 4147 per

304 4166 389 4216 ml.
434 4165 558 4228 Θεὸς
600 4165 876 4218 δείκνυται
918 4161 1316 4232 ὠνομασμένος,
1358 4159 1541 4228 ὥσπερ
1592 4160 1682 4212 καὶ
1730 4159 1826 4229 ήδη

1928 4153 2186 4218 homines,
2235 4156 2328 4211 sed
2374 4158 2441 4213 ab
2486 4160 2604 4228 ipso
2644 4159 2751 4216 Deo
2792 4163 2948 4218 Patre
2982 4165 3052 4219 sit
3079 4173 3292 4230 unctus,
3319 4168 3450 4236 quid

306 4254 546 4325 πρότερον
584 4253 729 4308 κατὰ
780 4253 908 4315 τοὺς
944 4253 1172 4315 οἰκείους
1199 4251 1392 4313 τόπους
1422 4250 1680 4319 παρέστη.
1722 4250 1828 4302 Καὶ

1925 4244 2068 4298 aliud
2125 4245 2315 4300 merito
2367 4263 2526 4317 quam
2595 4248 2841 4306 Christus
2903 4254 2972 4308 sit
3038 4254 3450 4312 nominandus!

304 4343 390 4395 τοῦ
429 4345 639 4399 Ἡσαΐου
691 4343 750 4397 δὲ
790 4344 886 4396 καὶ
931 4341 1103 4396 ταῦτα
1147 4341 1306 4394 πάλιν
1337 4340 1718 4409 ὑπομνηστέον,
1770 4339 1826 4403 ὃς

1924 4345 2050 4401 ergo
2102 4332 2346 4388 eumdem
2397 4335 2558 4390 etiam
2617 4335 2781 4392 Deum
2838 4340 2995 4396 simul
3028 4343 3290 4398 nominari
3334 4344 3449 4414 jam

304 4431 454 4502 Emere
474 4450 488 4464 ο
526 4453 545 4485 ι
586 4432 814 4503 Πνεῦμα
837 4430 1044 4502 Κυρίου
1063 4431 1150 4483 ἐπ’
1175 4430 1293 4500 ἐμὲ,
1326 4424 1385 4483 οῦ
1415 4430 1619 4482 εἵνεκεν
1650 4428 1825 4499 έχρισέ

1924 4429 2149 4486 constat,
2209 4425 2652 4505 quemadmodum
2703 4429 2918 4497 quidem
2962 4432 3075 4485 suis
3113 4433 3244 4488 locis
3289 4441 3449 4488 antea

306 4536 397 4590 με’
444 4521 887 4592 εὐαγγελίσασθαι
935 4522 1167 4588 πτωχοῖς
1214 4518 1515 4571 ἀπέσταλκέ
1557 4535 1641 4588 με,
1664 4519 1826 4620 εἰάσα-

1921 4512 2340 4569 demonstratum
2370 4523 2471 4571 est.
2507 4516 2699 4572 Verum
2727 4535 2845 4590 quae
2865 4523 3001 4592 apud
3031 4522 3217 4578 Isaiam
3246 4524 3446 4593 scripta

300 4609 411 4663 σθαι
453 4614 574 4677 τοὺς
627 4610 1115 4682 συντετριμμένους
1165 4608 1261 4679 τὴν
1308 4608 1556 4680 καρδίαν·
1596 4608 1821 4679 κηρύξαι

1925 4604 2049 4655 olim
2116 4605 2397 4661 citavimus
2428 4647 2442 4671 ,
2505 4608 2594 4663 hic
2657 4626 2871 4680 quoque
2938 4613 3222 4681 repetenda
3278 4620 3446 4679 sunt,

297 4701 640 4770 αξχμαλὼτοις
698 4702 916 4771 ἄφεσιν,
973 4701 1068 4752 καὶ
1096 4699 1310 4768 τυφλοῖς
1340 4698 1637 4768 ἀνάϐλεψιν.
1670 4717 1687 4749 ι
1742 4699 1822 4750 3E-

1926 4694 2014 4748 ubi
2065 4694 2153 4748 ille
2184 4696 2258 4749 ait
2293 4715 2307 4749 :
2351 4716 2368 4748 ι
2403 4696 2634 4768 Spiritus
2663 4698 2870 4755 Domini
2921 4717 3079 4769 super
3118 4717 3235 4767 me,
3288 4701 3450 4769 cujus

296 4787 554 4862 δείκνυμεν
611 4793 707 4846 καὶ
768 4793 827 4842 ὲν
884 4789 1116 4852 τούτοις,
1177 4789 1248 4851 ὡς
1293 4791 1341 4842 oi
1391 4790 1484 4859 μὲν
1525 4787 1583 4852 ἐξ
1622 4788 1821 4859 ἀνθρὼ-

1925 4794 2082 4833 causa
2134 4782 2285 4834 unxit
2340 4799 2457 4847 me,
2516 4788 2878 4857 evangelizare
2923 4788 3241 4857 pauperibus
3297 4788 3450 4844 misit

298 4890 398 4935 πων
455 4885 615 4937 πάλαι
675 4882 947 4952 πρότερον
1003 4880 1095 4931 ἐπὶ
1148 4879 1245 4949 τὴν
1310 4879 1401 4931 τοῦ
1456 4879 1609 4932 Θείου
1670 4878 1822 4949 θερα-

1925 4884 2045 4929 me,
2088 4884 2290 4931 sanare
2333 4876 2595 4932 contritos
2647 4876 2828 4939 corde,
2880 4876 3170 4945 praedicare
3219 4877 3450 4946 captivis

288 4962 431 5021 ’πείαν
454 4970 765 5041 προσιόντες
813 4969 1004 5037 ίερεῖς,
1059 4964 1216 5034 ὲλαίῳ
1247 4965 1480 5033 ἐχρίοντο
1517 4964 1813 5034 σκευαστῷ⁴

1924 4957 2310 5024 remissionem,
2355 4972 2408 5015 et
2453 4966 2608 5020 caecis
2644 4968 2816 5019 visum
2851 4967 2915 5017 τ’.
2961 4983 2979 5015 ι
3020 4966 3075 5018 In
3116 4966 3198 5019 his
3232 4982 3441 5036 quoque

284 5047 375 5112 ὁδε
402 5058 487 5112 διὰ
514 5059 616 5127 τῆς
646 5053 996 5128 προφητείας
1022 5052 1336 5121 δηλούμενος
1364 5057 1428 5123 τῇ
1464 5054 1628 5123 ὲνθέῳ
1669 5056 1809 5109 δυνά-

1921 5047 2422 5114 demonstravimus,
2482 5054 2624 5122 quod
2668 5055 2761 5121 qui
2822 5055 3089 5122 quondam
3139 5056 3442 5112 sacerdotes

277 5152 361 5203 μει
389 5149 672 5220 κεχρίσθαι
712 5146 967 5211 λέγεται.
1008 5141 1174 5193 Τοῦτο
1197 5142 1251 5193 δὲ
1281 5142 1397 5194 ὅλον
1430 5145 1521 5195 ἐπὶ
1555 5146 1643 5196 τὸν
1691 5148 1802 5214 ὴμέ-

1917 5151 1980 5191 ex
2026 5135 2351 5200 hominibus,
2391 5142 2458 5194 ad
2511 5144 2588 5196 rei
2616 5144 2808 5197 divinae
2841 5144 3040 5197 cultum
3078 5144 3438 5210 accedebant,

262 5233 413 5306 τερον
438 5236 677 5304 Σωτῆρα
718 5230 1029 5297 ἀνεφέρετο
1080 5226 1298 5296 Ἰησοῦν,
1329 5229 1417 5281 τὸν
1465 5229 1618 5298 μόνον
1658 5231 1786 5300 ἀληθ

1918 5228 1972 5281 hi
2024 5234 2296 5297 unguento
2362 5231 2651 5286 artiﬁciose
2708 5239 3017 5299 comparato
3085 5232 3439 5301 angebantur.

252 5306 482 5399 xptﬂbv
502 5324 603 5379 τοῦ
653 5319 829 5379 Θεοῦ,
877 5317 978 5378 ὡς,
1008 5317 1100 5369 ἐπὶ
1128 5316 1221 5384 τῆς
1263 5316 1367 5369 τῶν
1412 5318 1667 5371 Ἰουδαίων
1706 5337 1777 5373 συ.

1923 5319 2074 5388 193
2105 5321 2173 5373 At
2217 5338 2372 5392 quem
2417 5322 2691 5391 prophetia
2726 5320 3024 5389 signiﬁcat,
3060 5321 3105 5374 is
3134 5322 3329 5374 virtute
3358 5319 3442 5372 di-

238 5414 467 5488 αγωγῆς
509 5429 650 5468 ποτε
708 5405 906 5460 λαὸὼν
938 5405 1041 5475 τὴν
1085 5406 1405 5475 προφητείαν
1422 5445 1437 5469 ,
1479 5408 1568 5460 καὶ
1608 5408 1763 5462 διελθὶ

1924 5409 2046 5462 vina
2087 5419 2280 5465 unctus
2312 5427 2430 5466 esse
2465 5410 2679 5471 dicitur,
2707 5415 2880 5463 ct'hoe
2901 5419 3067 5464 totum
3096 5409 3161 5462 ad
3195 5405 3440 5459 Salvato-

228 5500 338 5578 ’τὴν
360 5506 694 5561 ἐκτεθεῖσαν
736 5493 1081 5565 περικοπὴν,
1115 5494 1488 5566 πεπληρῶσθαι
1523 5499 1594 5559 είς
1633 5500 1753 5551 έαυτ

1925 5514 2032 5554 rem
2063 5508 2303 5554 nostrum
2338 5500 2537 5567 Jesum,
2581 5501 2671 5570 qui
2702 5501 2848 5554 solus
2878 5516 3039 5555 verus
3083 5498 3326 5551 Christus
3358 5500 3439 5547 est

222 5577 433 5664 ἐδίδαξε
468 5594 534 5648 τὸ
557 5590 953 5652 ἀνάγνωσμα.
980 5581 1279 5650 Γέγραπται
1301 5584 1428 5652 γὰρ,
1451 5584 1522 5646 ὡς
1542 5584 1656 5654 ἀρα,
1689 5586 1747 5637 ἀν

1923 5588 2035 5653 Dei,
2063 5590 2392 5646 referebatur
2428 5611 2441 5647 :
2472 5593 2560 5663 qui
2592 5590 2802 5661 quidem
2826 5589 3070 5647 Salvator
3097 5588 3154 5640 in
3177 5588 3439 5638 conventu

308 5687 544 5740 "vers,
586 5680 649 5730 ί,
743 5672 790 5702 ⁷⁸
831 5667 989 5719 Psal.
1047 5685 1188 5730 xuv,
1235 5671 1341 5728 7-8.
1389 5671 1554 5726 "lsa.
1602 5689 1709 5740 LXI,
1759 5676 1811 5730 1.

300 5779 362 5848 (1)
395 5762 853 5835 εἰλημμένου·
896 5755 1042 5823 Lege
1079 5758 1415 5829 ἠλειμμένου.
1451 5760 1588 5813 EDIT.
