3862 6328
671 409 774 462 525

1284 395 1542 454 EUSEBll
1580 392 2050 449 CASSARIENSIS
2087 391 2232 446 OPP.
2254 390 2450 444 PARS.
2484 389 2552 443 ιι.
2592 419 2661 430 -
2689 387 3151 444 APOLOGETICA.

669 521 970 577 Judcorum
993 512 1284 582 quondam,
1313 525 1431 564 cum
1464 507 1794 578 pr0phetiam
1813 506 2125 575 accepisset,
2149 514 2194 558 et

2020 513 2125 566 εδει,
2149 514 2200 558 et
2229 522 2270 576 Α
2297 505 2451 572 γνοὺς
2485 506 2576 556 καὶ
2610 502 2809 567 πτύξας
2844 503 2903 553 τὸ
2935 502 3130 571 βιϐλίον,
3159 498 3230 553 καὶ
3266 495 3451 558 ἀποδοὺς
3483 491 3545 562 τῷ

672 614 842 666 locum
885 605 1185 674 expositum
1221 601 1439 670 legendo
1478 600 1872 668 percurrisset,
1919 598 1972 654 in
2022 596 2199 664 seipso

670 698 988 767 completum
1022 709 1160 755 esse,
1207 692 1349 760 quod
1377 692 1571 744 lectum
1609 697 1744 752 erat,
1773 688 2007 741 edocuit.
2043 685 2202 740 Scri—

669 797 815 860 ptum
842 793 925 840 est
961 789 1124 847 enim,
1157 791 1215 836 ut
1252 798 1370 836 cum
1404 783 1624 850 legisset
1651 781 1844 833 librum
1891 793 1952 832 ac
1981 777 2200 847 plicuis-

670 885 771 940 set,
807 876 1159 942 ministroque
1195 871 1534 934 reddidisset,
1567 869 1760 924 deinde
1782 868 1997 932 sederit,
2038 875 2201 936 utque

669 967 906 1022 omnium
940 965 1078 1019 oculi
1113 966 1166 1016 in
1213 970 1479 1016 conventu
1522 963 1574 1014 in
1600 961 1746 1013 illum
1780 968 1959 1014 essent
1988 959 2199 1022 intenti,

619 1073 621 1077 '
673 1066 834 1127 atque
871 1064 929 1109 ut
957 1054 1146 1110 deinde
1165 1054 1387 1122 cceperit
1414 1052 1592 1104 dicere
1613 1051 1680 1104 ad
1714 1051 1855 1112 illos,
1878 1048 2018 1118 quod
2050 1068 2068 1098 ‹
2105 1048 2202 1100 ho-

674 1149 761 1202 die
810 1148 1070 1216 completa
1116 1155 1198 1199 est
1239 1143 1526 1212 Scriptura
1575 1142 1686 1195 hac
1739 1141 1792 1193 in
1840 1140 2056 1194 auribus
2107 1140 2200 1192 ve—

671 1240 798 1294 stris
827 1239 892 1291 ⁷³.
934 1257 952 1288 ι
985 1237 1142 1290 Hisce
1171 1235 1420 1289 omnibus
1463 1234 1528 1286 ad
1561 1242 1854 1288 extremum
1886 1232 1974 1284 illa
2007 1246 2199 1284 rursus

671 1343 790 1398 quae
819 1327 956 1396 apud
987 1325 1184 1381 Mosem
1215 1325 1438 1394 legimus
1487 1323 1729 1376 addenda
1760 1337 2060 1384 censemus,
2108 1320 2200 1389 qui

671 1435 813 1481 cum,
843 1419 907 1472 ad
955 1417 1224 1484 exemplar
1251 1415 1349 1469 sibi
1385 1414 1827 1475 demonstratum,
1867 1412 2044 1465 Aaron
2091 1411 2201 1464 fra-

669 1515 803 1561 trem
847 1522 1001 1560 suum
1045 1505 1345 1574 pontiﬁcem
1386 1503 1784 1565 constituisset,
1823 1501 1960 1555 sicut
2011 1515 2201 1553 oracu-

670 1598 781 1650 lum
819 1597 919 1664 ipsi
955 1603 1296 1664 praeceperat,
1347 1594 1488 1664 quod
1532 1593 1686 1657 dixit,
1722 1611 1740 1642 ι
1793 1590 1978 1645 Facies
2021 1591 2200 1644 omnia

671 1687 738 1740 ad
793 1687 1065 1754 exemplar
1118 1687 1539 1739 demonstratum
1599 1683 1697 1736 tibi
1751 1681 1804 1734 in
1858 1690 2036 1733 monte
2067 1681 2134 1744 ⁷⁸,
2177 1699 2194 1731 ι

674 1778 829 1847 plane
877 1776 1212 1845 signiﬁcavit,
1258 1775 1401 1844 quod
1447 1773 1640 1826 mentis
1693 1771 1883 1832 oculis,
1913 1769 2201 1838 divinoque

2301 595 2444 664 ρέτῃ,
2474 593 2690 645 ἐκάθισε
2715 608 2728 620 ·
2776 593 2868 643 καὶ
2899 592 3100 644 πάντων
3124 591 3161 639 oi
3193 585 3405 654 ὀφθαλμοὶ
3432 584 3479 634 ἐν
3504 585 3558 650 τῇ

2296 685 2478 751 αγωγῇ
2527 678 2665 751 ἦσαν
2720 680 3049 742 ἀτενίζοντες
3083 675 3224 744 αὐτῷ,
3263 673 3426 743 ἤρξατο
3464 670 3510 722 δὲ
3553 669 3562 720 ἶ

2297 773 2430 842 πρὸς
2467 772 2689 834 αὐτοὺς,
2727 771 2808 822 ὃτι
2847 788 2865 819 t
2901 769 3129 839 Σήμερον
3157 762 3444 832 πεπλήρωται
3483 761 3512 828 ὴ
3551 759 3562 808 l

2297 863 2432 931 αὕτη
2459 864 2514 913 ἐν
2544 863 2652 923 τοῖς
2676 862 2805 912 ὠσὶν
2832 859 3007 928 ὑμῶν.
3036 876 3052 908 ι
3079 856 3176 908 Ἐπὶ
3193 852 3361 914 τούτοις
3387 850 3532 902 ἅπασι

2298 950 2531 1013 Μωσέως
2569 946 2721 1011 αὖθις
2762 945 3129 1018 παραθετέονλ
3151 943 3200 1006 ὃς
3227 941 3341 996 κατὰ
3368 940 3449 992 τὸν
3490 939 3558 990 δει

2299 1042 2440 1112 αὐτῷ
2461 1042 2648 1104 τύπον,
2675 1041 2764 1092 τὸν
2809 1039 2936 1091 ίδιον
2978 1036 3177 1104 ἀδελφὺν
3201 1034 3275 1086 τὸν
3302 1029 3480 1100 ’Δαρὼν
3510 1030 3562 1100 ἀρ

2299 1133 2784 1201 καταστησάμενος,
2818 1126 3115 1188 ἀκολούθως
3133 1125 3197 1195 τῷ
3223 1125 3421 1192 φήσαντι
3451 1121 3562 1190 πρὸς

2299 1225 2542 1297 χρησμῷ,
2576 1243 2594 1274 ‹
2623 1223 2870 1287 Ποιήσεις
2901 1221 3073 1273 πάντα
3113 1216 3226 1270 κατά
3263 1215 3340 1267 τὸν
3373 1212 3522 1265 τύπον
3543 1229 3562 1263 τ

2297 1317 2490 1387 χθέντα
2523 1331 2599 1366 σοι
2641 1316 2697 1365 ἐν
2733 1312 2810 1381 τῷ
2838 1311 2954 1382 ὄρει
2975 1349 2992 1374 ,
3023 1329 3042 1361 ι
3065 1307 3200 1377 δῆλός
3233 1308 3395 1367 ἐστιν,
3428 1304 3495 1365 ὼς
3534 1321 3559 1354 τ

2298 1405 2527 1466 διανοίας
2557 1403 2760 1472 ὄμμασι
2797 1402 2889 1453 καὶ
2915 1399 2992 1470 τῷ
3033 1399 3147 1468 θείῳ
3176 1394 3423 1463 Πνεύματι
3460 1409 3562 1444 συνι

2303 1495 2468 1565 μέγαν
2483 1493 2586 1545 τῶν
2604 1492 2733 1544 ὅλων
2749 1489 3023 1560 ἀρχιερέα,
3037 1488 3118 1540 τὸν
3133 1486 3283 1556 ἀληθῆ
3297 1483 3511 1555 Χριστὸν
3528 1500 3562 1534 τι

2299 1581 2358 1639 οὗ
2383 1585 2514 1655 μετά
2547 1585 2640 1652 τῆς
2695 1581 2856 1650 ἄλλης
2891 1579 3186 1648 σωματικῆς
3207 1577 3294 1628 καὶ
3311 1572 3562 1642 τυπικῆςῖ

2299 1675 2391 1745 τὴν
2419 1675 2594 1727 εἰκόνα
2611 1671 2938 1742 διαγράφων,
2973 1669 3060 1721 τὸν
3081 1667 3358 1737 δηλωθέντα
3379 1669 3443 1737 τῇ
3470 1665 3559 1717 τοῦ

2298 1764 2528 1836 Χριστοῦ
2564 1761 2913 1833 προσωνυμίᾳ
2951 1759 3214 1828 τετίμηκε.
3240 1757 3408 1808 Τοῦτο
3443 1757 3497 1812 δὲ
3526 1775 3562 1808 π

670 1868 863 1936 spiritu
893 1882 1140 1934 magnum
1185 1865 1416 1918 universi
1447 1862 1748 1931 pontiﬁcem
1777 1860 1984 1923 viderit,
2017 1874 2195 1913 verum

2036 1874 2200 1913 rerum
2235 1864 2277 1916 B
2302 1857 2394 1908 καὶ
2412 1857 2439 1906 6
2466 1855 2603 1916 θεῖος
2631 1851 2935 1914 ἀπόστολος,
2961 1851 3125 1917 λέγων
3155 1849 3272 1919 περὶ
3297 1849 3404 1901 τῶν
3433 1850 3561 1901 κατὰ

673 1959 852 2028 utique
898 1957 1166 2012 Christum
1215 1955 1328 2019 Dei,
1363 1955 1517 2022 cujus
1563 1953 1688 2006 dum
1739 1952 2020 2020 imaginem
2073 1964 2196 2003 cum

671 2049 772 2102 alia
795 2049 1055 2117 corporali
1081 2048 1244 2117 ﬁgura
1293 2061 1429 2116 aque
1452 2043 1762 2098 adoratiune
1779 2041 2031 2097 describit
2052 2055 2194 2104 eum,

670 2138 759 2204 qui
789 2136 889 2190 sibi
927 2135 996 2188 sit
1030 2135 1442 2197 demonstratus,
1475 2132 1698 2186 alterius
1729 2131 1842 2186 veri
1872 2129 2071 2185 Christi
2101 2145 2196 2198 ap-

670 2225 952 2294 pellatione
1005 2223 1299 2277 adornavit.
1344 2222 1520 2292 lpsum
1567 2222 1671 2274 hoc
1724 2221 1936 2274 divinus
1988 2235 2200 2289 quoque

668 2314 956 2382 Apostolus
994 2314 1324 2382 comprobat,
1362 2314 1452 2367 ubi
1501 2313 1567 2367 de
1618 2312 1781 2366 Mosis
1827 2312 2031 2381 legibus
2071 2312 2198 2365 dicit

672 2403 804 2458 illud
841 2422 854 2457 :
897 2423 914 2453 ι
974 2403 1075 2468 Qui
1115 2403 1400 2472 exemplari
1445 2411 1606 2472 atque
1655 2401 1855 2455 umbra:
1897 2400 2199 2455 deserviunt

669 2493 1122 2560 supercmlestium
1151 2494 1215 2545 ⁷⁸.
1253 2512 1270 2544 ι
1310 2492 1374 2545 Ει
1410 2508 1597 2548 rursus
1641 2511 1653 2546 :
1705 2511 1724 2542 ‹
1760 2490 2012 2545 Umbram
2057 2491 2197 2543 enim

669 2581 873 2634 habens
914 2581 998 2634 lex
1047 2580 1345 2634 futurorum
1392 2582 1651 2637 bonorum
1683 2582 1746 2634 ⁷⁸.
1800 2601 1817 2632 ι
1854 2581 1916 2633 Ει
1957 2595 2144 2634 rursus
2181 2597 2194 2633 :

676 2686 696 2718 ι
732 2667 896 2722 Nemo
928 2669 1089 2737 igitur
1125 2685 1220 2724 vos
1245 2669 1448 2737 judicet
1490 2671 1542 2724 in
1573 2670 1692 2724 cibo
1721 2677 1810 2724 aut
1846 2677 1995 2737 potu,
2031 2667 2196 2721 autin

670 2765 822 2826 parte
863 2757 967 2810 diei
1021 2756 1172 2822 festi,
1206 2767 1298 2811 aut
1343 2759 1649 2821 neomenize,
1681 2765 1772 2810 aut
1823 2756 2194 2818 Sabbatorum,

670 2861 788 2914 quae
828 2853 952 2901 sunt
1001 2848 1189 2902 umbra
1247 2849 1550 2903 futurorum
1579 2851 1643 2902 ⁷⁷.
1681 2867 1698 2899 ι
1731 2847 1862 2902 Nam
1896 2847 1942 2902 si
1984 2861 2102 2914 quae.
2130 2847 2197 2901 ad

670 2937 910 2990 ciborum
945 2937 1352 2993 indiﬂ‘erentiam
1382 2940 1666 3009 pertinent.
1694 2947 1745 2993 et
1777 2955 1893 3008 quae
1919 2940 1984 2993 de
2009 2938 2196 2994 diebus

673 3025 821 3079 festis
848 3033 902 3080 et
925 3027 1161 3084 sabbatis
1193 3032 1304 3100 lege
1360 3031 1563 3084 sancita
1593 3037 1735 3092 sunt,
1761 3032 1912 3098 quasi
1953 3031 2196 3083 umbram

670 3116 936 3183 habentia,
969 3120 1234 3188 picturam
1278 3121 1500 3174 aliarum
1531 3127 1583 3173 et
1612 3135 1854 3174 verarum
1884 3128 1936 3175 et
1963 3123 2198 3175 occulta-

670 3221 788 3259 rum
817 3221 994 3260 rerum
1024 3211 1432 3273 conservabant,
1460 3225 1567 3264 non
1598 3210 1860 3265 immerito
1898 3212 1973 3266 sis
2009 3212 2198 3265 dictu-

671 3312 798 3360 rus,
843 3298 1143 3366 pontiﬁcem
1188 3314 1401 3370 quoque
1442 3299 1663 3355 alterius
1710 3300 1978 3369 pontiﬁcis
2029 3302 2201 3355 instar

671 3395 998 3456 assumptum
1045 3389 1234 3453 fuisse,
1278 3390 1629 3458 eumdemque
1659 3389 1929 3445 Christum
1960 3389 2200 3444 denomi-

671 3485 876 3541 natum,
917 3480 982 3533 ad
1015 3481 1234 3535 alterius
1275 3489 1328 3535 et
1377 3483 1544 3536 solius
1573 3491 1626 3536 et
1653 3483 1762 3536 veri
1790 3481 1984 3536 Christi
2016 3482 2201 3550 imagi-

672 3585 814 3623 nem.
855 3570 955 3635 Qui
991 3579 1168 3625 tamen
1199 3586 1228 3623 a
1255 3589 1380 3628 vero
1420 3574 1684 3643 tantisper
1713 3573 2050 3641 relinquitur,
2074 3573 2198 3625 dum

670 3675 829 3714 verus
875 3660 1088 3728 quidem
1137 3661 1414 3726 Christus,
1461 3663 1528 3716 ab
1572 3663 1804 3716 universi
1856 3662 1961 3716 Deo
2010 3661 2198 3713 audit:

676 3766 696 3798 c
733 3747 871 3802 Sede
901 3763 930 3800 a
977 3749 1175 3803 dextris
1202 3752 1356 3811 meis,
1388 3752 1558 3805 donec
1588 3767 1778 3821 ponam
1813 3751 2056 3805 inimicos
2083 3759 2203 3804 tuos

668 3839 958 3890 scabellum
981 3838 1172 3905 pedum
1190 3845 1400 3892 tuorum
1416 3842 1479 3894 ⁷³.
1496 3859 1512 3891 ι
1536 3841 1598 3893 Ει
1619 3842 1745 3895 illud
1765 3859 1806 3894 ;‹
1827 3841 1900 3893 Ex
1916 3848 2066 3895 utero
2084 3848 2205 3894 ante

671 3923 972 3977 Luciferum
995 3925 1149 3992 genui
1172 3934 1222 3978 te
1236 3927 1299 3977 "’.
1326 3947 1344 3978 ι
1367 3928 1428 3980 Et
1446 3929 1571 3981 illud
1593 3949 1604 3982 :
1626 3948 1643 3979 ι
1667 3929 1868 3983 Juravit
1886 3929 2137 3983 Dominus
2152 3935 2205 3981 et

671 4027 780 4068 non
812 4014 1083 4082 paenitebit
1109 4029 1248 4068 eum.
1276 4016 1430 4087 194
1477 4019 1555 4072 Tu
1602 4033 1660 4073 es
1689 4019 1936 4072 sacerdos
1973 4018 2026 4071 in
2053 4025 2204 4070 atter-

671 4119 800 4158 num
835 4104 1128 4159 secundum
1160 4104 1400 4161 ordinem
1435 4108 1782 4163 Melchisedec
1813 4109 1877 4160 ⁸ο.
1918 4126 1936 4158 ι
1965 4106 2067 4161 Per
2089 4120 2206 4175 quae

673 4195 830 4265 plane
875 4211 996 4249 cum
1033 4195 1244 4249 soboles
1275 4197 1366 4251 Dei
1415 4214 1477 4252 ac
1506 4199 1671 4252 Filius
1711 4206 1833 4252 ante
1878 4197 2201 4260 Luciferum,

672 4297 832 4353 atque
860 4293 980 4339 ante
1007 4301 1164 4339 omne
1191 4287 1461 4354 opiﬁcium
1487 4291 1768 4349 exstiterit,
1792 4287 2022 4356 pontifex
2052 4295 2206 4340 aeter-

672 4390 775 4429 nus
816 4382 897 4430 est
929 4375 1252 4429 declaratus.
1295 4376 1456 4432 Mosis
1502 4394 1627 4432 vero
1663 4378 1925 4438 Christus,
1954 4387 2202 4447 tanquam

2298 1946 2430 2008 σέως
2455 1945 2630 2014 νόμον,
2667 1943 2744 2003 τὸ,
2787 1961 2804 1992 ι
2828 1942 3030 2002 Οἴτινες
3070 1939 3414 2009 ὑποδείγματι
3449 1940 3541 1992 καὶ

2294 2035 2538 2106 τρεύουσι
2559 2032 2662 2084 τῶν
2693 2029 3040 2100 ἐπουρανίων.
3071 2047 3088 2078 ι
3119 2027 3222 2080 Καὶ
3254 2027 3416 2080 πάλιν
3436 2043 3448 2056 ·
3489 2045 3506 2076 ‹
3535 2027 3562 2076 Σ

2296 2128 2429 2199 ἔχων
2460 2128 2488 2178 ὁ
2519 2126 2677 2195 νόμος
2699 2123 2804 2175 τῶν
2856 2121 3144 2191 μελλόντων
3184 2118 3427 2186 ἀγαθῶν.
3459 2137 3477 2169 ι
3507 2121 3556 2171 Κ

2302 2240 2320 2270 ‹
2343 2218 2432 2288 Μὴ
2467 2213 2557 2270 οὖν
2580 2233 2658 2278 τις
2681 2215 2821 2284 ὑμᾶς
2845 2211 3068 2282 κρινέτω
3096 2210 3125 2280 ἢ
3159 2212 3213 2262 ἐν
3261 2207 3490 2280 βρώσει,
3517 2209 3554 2278 ἦ

2295 2310 2404 2380 ἢέν
2428 2308 2579 2378 μέρει
2613 2304 2820 2375 ἑορτῆς,
2848 2303 2878 2372 ἦ
2911 2301 3270 2371 νουμηνίας,ἢ
3304 2300 3562 2352 σαϐϐάτα

2297 2398 2420 2451 σκιά
2449 2397 2554 2450 τῶν
2581 2395 2890 2465 μελλόντων.
2926 2411 2944 2442 ι
2971 2393 3034 2443 Εἰ
3063 2391 3165 2462 γάρ
3194 2391 3258 2443 τά
3289 2393 3428 2462 περὶ
3453 2392 3553 2461 τῆς

2299 2489 2478 2555 μάτων
2501 2483 2834 2554 ἀδιαφορίας,
2859 2483 2950 2534 καὶ
2971 2480 3040 2534 τὰ
3072 2482 3193 2551 περὶ
3221 2482 3438 2552 ἑορτῶν
3465 2485 3562 2535 καὶ

2295 2572 2748 2645 νενομοθετημένα
2769 2611 2782 2635 ,
2815 2570 2890 2633 ὡς
2933 2570 2998 2623 ἂν
3031 2567 3225 2639 σκιώδη
3251 2569 3418 2622 ’ὄντα
3441 2610 3457 2632 ,
3511 2571 3562 2622 ὑπ

2296 2667 2492 2736 ἐτέρων
2523 2662 2732 2734 ἀληθῶν
2779 2661 2871 2713 καὶ
2933 2658 3201 2730 μυστικῶν
3251 2661 3562 2730 πραγμάτι

2295 2759 2392 2812 οὐκ
2434 2755 2729 2816 ἀπεικότως
2773 2755 2917 2824 ἐρεῖς
2961 2752 3056 2804 καὶ
3098 2752 3186 2804 τὸν
3235 2752 3525 2824 ἀρχιερέα

2295 2847 2584 2919 ἀρχιερέως
2617 2843 2977 2916 παρειλῆφθαι
3008 2841 3300 2912 σύμὸολον,
3327 2844 3438 2897 καὶ
3462 2846 3561 2915 Χρ.

2295 2937 2666 3009 ἐπωνομάσθαι
2691 2939 2769 2998 είς
2796 2935 2983 3004 ἐτέρου
3026 2933 3119 2986 τοῦ
3151 2934 3322 3004 μόνου
3361 2936 3477 2988 καὶ
3518 2937 3559 2989 ἀ

2298 3028 2420 3082 στοῦ
2443 3044 2457 3058 ο
2487 3025 2732 3079 τοσοῦτον
2761 3041 2823 3091 γε
2864 3024 2970 3094 μὴν
2991 3023 3321 3093 λειπόμενον
3360 3025 3476 3078 τοῦ
3517 3027 3562 3079 ἀῖ

2297 3117 2446 3169 θόσον
2494 3116 2522 3166 ὁ
2572 3113 2669 3182 μὲν
2716 3112 2918 3182 ἀληθὴς
2965 3112 3200 3182 Χριστὸς
3253 3115 3414 3183 πρὸς
3467 3115 3562 3168 τος

2297 3203 2426 3256 Θεοῦ
2459 3201 2659 3255 ἀκούει·
2691 3220 2707 3250 ι
2732 3201 2913 3254 Κάθου
2939 3202 3003 3252 ἐκ
3028 3200 3226 3266 δεξιῶν
3263 3219 3408 3271 μου,
3436 3204 3561 3268 ἕως

2297 3293 2513 3364 ἐχθρούς
2526 3309 2615 3343 σου
2632 3291 2910 3344 ὑποπόδιον
2925 3291 3031 3342 τῶν
3049 3291 3232 3344 ποδῶν
3257 3309 3391 3345 σουο
3426 3314 3448 3346 ι
3470 3299 3562 3349 Kc

2301 3383 2441 3452 ρίευε
2477 3384 2532 3433 ἐν
2563 3381 2708 3451 μέσῳ
2738 3380 2842 3432 τῶν
2876 3380 3084 3451 ἐχθρῶν
3127 3398 3229 3433 σου
3250 3399 3266 3412 ο
3299 3402 3320 3434 ι
3341 3385 3503 3448 Καὶ,
3529 3407 3550 3437 ι

2299 3472 2402 3542 πρὸ
2427 3471 2723 3540 Ἑωσφόρου
2765 3470 3028 3540 ἐγέννησά
3052 3488 3113 3523 σε
3134 3488 3148 3500 ·
3175 3490 3194 3522 ι
3233 3474 3364 3526 Καὶ
3407 3495 3432 3526 ι
3467 3478 3562 3538 Ὤξ

2302 3563 2396 3616 καὶ
2412 3564 2469 3614 οὑ
2492 3562 3018 3632 μεταμεληθήσεται·
3037 3565 3112 3616 Σὺ
3145 3565 3349 3635 ἱερεὺς
3371 3569 3471 3632 εἰς
3499 3570 3562 3623 τὶ

2299 3656 2395 3723 τὴν
2424 3652 2570 3715 τάξιν
2601 3651 2948 3721 Μελχισεδέκ.
3004 3672 3022 3703 ι
3043 3655 3124 3704 Δι’
3153 3648 3237 3707 ὧν
3271 3659 3536 3726 σαφῶς,

2302 3743 2424 3805 Υἱὸς
2439 3741 2568 3794 Θεοῦ
2587 3742 2688 3814 πρὸ
2701 3742 3030 3820 Ἑωσφόρου,
3054 3745 3156 3796 καὶ
3189 3746 3315 3818 πρὸ
3352 3750 3562 3821 πάσηι

2303 3833 2556 3895 ὑποστὰς,
2588 3831 2798 3893 αίώνιος
2831 3833 3124 3903 ἀρχιερεὺς
3150 3833 3561 3910 ἀναπέφαντ

2304 3924 2439 3985 σέως
2457 3922 2705 3992 Χριστὸς,
2723 3916 2833 3974 οἷον
2848 3924 2904 3974 ἐν
2915 3923 3191 3994 δράματι,
3217 3926 3328 3979 τὸν
3363 3930 3562 3984 ’τύποε

2303 4013 2765 4084 θυποκρινάμενος
2789 4013 2965 4082 χρόνῳ
2985 4053 2999 4078 ,
3033 4019 3234 4070 κεῖται
3263 4019 3336 4070 ἐν
3381 4019 3562 4092 θνητ

2303 4121 2413 4167 νος,
2431 4103 2599 4172 ἐτέρῳ
2619 4102 2712 4172 τὴν
2730 4103 2984 4174 ἀλήθειαν
3000 4105 3081 4175 τῷ
3099 4107 3273 4176 μόνῳ
3292 4112 3419 4164 καὶ
3441 4115 3562 4166 dt)":

2301 4197 2392 4249 xui.
2413 4198 2440 4248 6
2489 4196 2583 4264 μὲν
2604 4195 2805 4266 ἀληθὴς
2829 4198 3064 4267 Χριστὸς
3091 4201 3163 4251 οὐ
3202 4201 3486 4272 δεηθεὶς
3522 4226 3562 4260 τ

2304 4287 2397 4338 σέα
2422 4285 2665 4356 χρίσεως,
2682 4287 2786 4338 οὐδ’
2815 4286 2994 4340 ἐλαίου
3019 4293 3390 4345 σκευαστοῦ
3421 4297 3558 4350 καὶ

2302 4379 2446 4448 ὅμως
2488 4377 2585 4446 τῆς
2621 4378 2816 4448 ἀρετῆς
2855 4380 2948 4431 καὶ
2982 4381 3089 4448 τῆς
3151 4399 3561 4458 προσωνυμ

673 4463 728 4516 in
749 4465 963 4517 scenica
987 4464 1213 4526 actione,
1236 4465 1302 4518 ad
1324 4466 1482 4520 breve
1511 4467 1799 4520 adornatus
1821 4468 2198 4536 simulatusque

2039 4483 2204 4536 usque
2234 4486 2275 4539 ι)
2303 4467 2398 4537 τὴν
2442 4467 2756 4537 οἰκουμένην
2810 4469 3137 4540 κατέπλησε
3168 4511 3187 4535 ,
3256 4476 3561 4545 παρὼνι.

668 4562 881 4622 tempus
933 4554 1073 4608 inter
1102 4556 1354 4610 mortales
1390 4557 1594 4624 positus
1626 4565 2066 4628 computatusque
2095 4567 2195 4626 est,

667 4647 841 4710 alteri,
877 4647 965 4716 qui
1008 4646 1154 4701 solus
1180 4654 1263 4700 est
1304 4662 1483 4709 verus,
1513 4648 1707 4701 tradita
1734 4650 1954 4705 veritate
1983 4669 1994 4704 :
2033 4659 2086 4705 et
2112 4667 2203 4706 ve-

670 4751 765 4790 rus
819 4739 1029 4807 quidem
1075 4738 1361 4802 Christus,
1411 4754 1583 4808 neque
1631 4737 1874 4795 Mosaicae
1909 4743 2197 4805 unctionis,

671 4843 842 4896 neque
869 4830 968 4883 olei
1001 4830 1290 4884 artiﬁciose
1327 4829 1574 4893 confecti,
1615 4833 1946 4887 terrestrisve
1973 4833 2197 4901 alicujus

671 4918 904 4971 materia?
952 4919 1228 4988 indigens,
1275 4929 1452 4974 tamen
1492 4922 1687 4976 virtute
1744 4924 2198 4993 appellationeque

672 5015 769 5054 sua
807 5012 974 5059 totum
1018 5018 1279 5063 terrarum
1323 5012 1502 5065 orbem
1554 5012 1791 5081 implevit
1823 5033 1836 5067 :
1872 5015 2066 5083 quippe
2108 5012 2199 5081 qui

671 5090 1071 5150 denominatum
1103 5115 1131 5152 a
1166 5103 1344 5172 seipso
1391 5105 1442 5155 in
1491 5105 1739 5158 omnibus
1778 5107 2020 5174 gentibus
2045 5103 2202 5157 Chri-

673 5180 968 5234 stianorum
1001 5186 1290 5244 instituerit
1315 5209 1500 5262 genus.
1523 5194 1687 5250 Mosis
1715 5212 1842 5250 vero
1864 5196 2108 5249 Christus
2134 5209 2202 5247 ne

673 5267 728 5321 ίη
757 5269 1059 5325 hominibus
1084 5277 1317 5344 quidem,
1352 5287 1492 5350 quod
1521 5303 1754 5356 unquam
1781 5301 1971 5339 nomen
2002 5284 2204 5337 habue-

672 5361 763 5423 τίεν
812 5363 1149 5430 perspicuum
1193 5366 1328 5432 fuit,
1384 5375 1482 5427 uisi
1517 5389 1777 5446 quatenus
1821 5379 1990 5448 ipsius
2037 5374 2198 5427 Mosis

671 5451 870 5520 scripta
925 5452 1265 5519 prodiderint.
1321 5459 1384 5512 Et
1431 5464 1515 5517 hic
1561 5471 1771 5536 quidem
1823 5484 1942 5524 sero
1986 5465 2199 5518 tandem

768 5625 1210 5704 "_Lttc._iv,_2_l.
1278 5635 1349 5704 74"
1390 5634 1686 5704 Exodev.
1723 5650 1790 5704 ιο

671 5709 776 5760 cu,
810 5696 857 5748 1.
933 5697 1123 5751 7"ibid.
1149 5699 1199 5750 5.
1273 5702 1462 5758 "ibid.
1500 5691 1686 5763 λέξων
1724 5691 1808 5704 τν-

1914 5650 1957 5682 7’
1982 5647 2140 5702 Hebr.
2189 5658 2302 5711 vm,
2336 5643 2385 5696 5.

2301 4558 2631 4629 Χριστιανῶν
2651 4559 2800 4624 γένος
2831 4560 2888 4610 ἐν
2912 4561 3048 4612 πᾶσι
3082 4565 3226 4626 τοῖς
3265 4564 3520 4622 ἔθνεσι

2299 4652 2328 4704 ὁ
2361 4649 2446 4701 ,δὲ
2485 4647 2754 4709 Μωσέως,
2801 4647 2910 4700 οὐδ’
2962 4650 3047 4702 ὅτι
3111 4655 3286 4706 ποτὲ
3357 4658 3443 4709 ὲν
3520 4662 3560 4714 ἀ

2301 4740 2498 4811 μάσθη,
2521 4739 2673 4808 δῆλος
2737 4734 2832 4807 ἦν,
2874 4741 3036 4812 εἰμὴ
3071 4743 3183 4796 διὰ
3241 4746 3386 4816 τῆς
3448 4752 3561 4804 Μ(

2299 4833 2399 4885 Καὶ
2434 4827 2582 4892 οὗτος
2627 4830 2720 4898 μέν
2760 4829 2858 4897 ὀψέ
2907 4849 3041 4884 ποτε
3090 4836 3278 4903 μετὰ
3349 4840 3499 4911 τὴν

2297 4922 2563 4990 Αἰγύπτου
2599 4923 3076 4994 περιῤῥαντηρίοις
3126 4929 3285 4982 τισὶ
3330 4934 3476 4985 καὶ
3533 4954 3562 4986 -.

2299 5013 2502 5074 θυσίαις
2536 5011 2843 5082 καθαρθεὶς,
2880 5014 3049 5083 ἐλαίῳ
3090 5017 3464 5089 κέχριστο

2301 5104 2435 5165 σέως
2467 5103 2620 5154 αὑτὸν
2657 5105 2999 5174 κεχρικότοςο
3035 5109 3068 5158 ὁ
3101 5108 3183 5160 δὲ
3249 5111 3558 5182 ἀρχέτυ

2301 5192 2530 5262 ἀρχῆθεν
2575 5194 2670 5246 καὶ
2709 5197 2788 5255 εἰς
2833 5196 3064 5266 ἄπειρον
3107 5200 3366 5255 αἰῶνα.
3398 5244 3422 5268 ,
3495 5209 3562 5261 ὃ]

2302 5283 2458 5343 αὐτὸς
2508 5283 2652 5353 αὐτῷ
2698 5284 2764 5336 τὰ
2819 5285 2995 5338 πάντα
3025 5288 3281 5357 ὅμοιος
3313 5331 3336 5355 ,
3429 5314 3553 5368 μη

2301 5370 2521 5432 λάττων,
2556 5373 2785 5443 Χριστὸς
2814 5370 2880 5445 ἦν
2905 5377 3011 5437 ἀεὶ,
3053 5379 3182 5430 καὶ
3237 5383 3411 5452 πρὸ
3479 5390 3558 5440 τί

2302 5461 2603 5530 ἐπιδημίας,
2628 5465 2718 5517 καὶ
2749 5469 2862 5534 μετ’
2887 5467 3058 5537 αὐτὴν
3095 5469 3443 5539 ὁμοίως,
3488 5482 3556 5531 0'5

2494 5644 2718 5702 "Hebr.
2770 5664 2823 5711 κ,
2879 5649 2927 5704 1.
3005 5653 3054 5684 ⁷⁷
3086 5648 3419 5712 Coloss.
3505 5677 3528 5714 ι
