3862 6336
134 436 294 510 525

1126 420 1765 490 DEMONSTRATIONIS
1800 423 2248 485 EVANGELICE
2287 424 2418 484 LIB.
2452 429 2536 484 IV.

3301 434 3403 489 326

124 547 313 624 οὐδὲ
341 540 396 593 δι’
428 536 551 607 ὕλης
578 535 675 605 τῆς
719 536 781 588 ὲν
821 539 1190 615 ἀνθρώποις,
1229 553 1358 606 ἀλλὰ
1391 547 1521 617 πρὸς
1553 544 1648 597 τοῦ
1679 549 1770 601 ἐπὶ

1875 558 1988 618 post
2028 545 2224 600 exitum
2268 541 2336 596 de
2387 543 2649 615 Egypto,
2689 546 2835 599 vasis
2885 547 3200 613 quibusdam
3256 553 3404 620 puris

131 646 396 710 nam
437 626 567 680 Θεοῦ
614 628 683 696 τῇ
724 627 934 695 ἀγενεῖ
987 635 1215 711 θεότητι
1258 634 1622 709 κεχρισμένος.
1666 637 1774 689 Καὶ

131 723 472 800 ιτςειδήπερ
513 718 574 771 τδ
616 717 732 785 τῆς·
778 730 1189 798 προσηγορίας
1237 729 1394 782 αὐτοῦ
1448 725 1571 794 παρ’
1622 726 1772 796 ἡμῶν

139 814 518 895 ἱξετάςεται,
569 807 681 860 τῶν
716 808 1062 880 εἰρημένων
1105 818 1354 870 ἁπάντων
1407 816 1489 884 εἴη
1541 814 1606 866 ἂν
1660 817 1796 892 ἐπι-⁵

147 903 504 983 σφράγισμα
526 897 586 949 τὸ
608 899 768 968 παρὰ
812 900 902 970 τῷ
946 907 1251 977 σοφωτάτῳ
1275 905 1569 976 Σολομῶντι
1603 905 1774 973 λόγιον

154 1004 405 1078 φάσκον
431 991 482 1042 ἐν
502 988 584 1058 τῷ
612 989 871 1078 ’ᾼσματι
898 994 1018 1047 τῶν
1047 997 1328 1066 ᾀσμάτων·
1364 1015 1381 1047 ι
1410 996 1591 1065 Μῦρον
1621 998 1776 1048 ἐκκε-

161 1075 373 1147 νωθὲν
397 1079 551 1148 ὄνομά
589 1094 712 1130 σου.
751 1097 770 1129 ι
798 1075 979 1144 Οὗτος
1017 1083 1127 1154 γὰρ
1155 1085 1317 1154 ἐνθέῳ
1359 1085 1515 1153 σοφίᾳ
1552 1101 1774 1154 κεχορη-

171 1171 455 1248 γημένος,
486 1171 578 1223 καὶ
625 1169 1003 1236 καταξιωθεὶς
1045 1174 1484 1244 ἀπορῤητοτέρων
1527 1175 1650 1244 περὶ
1681 1174 1772 1226 τοῦ

181 1259 440 1333 Χριστοῦ
469 1259 562 1310 καὶ
587 1259 689 1328 τῆς
723 1260 1066 1330 Ἐκκλησίας
1094 1262 1253 1314 αὑτοῦ
1282 1263 1660 1332 θεωρημάτων,
1684 1264 1774 1314 καὶ

195 1353 306 1404 τοῦ
339 1350 425 1419 μὲν
455 1349 526 1411 ὼς
557 1350 895 1419 ἐπουρανίου
942 1352 1192 1421 νυμφίου,
1230 1353 1327 1421 τῆς
1367 1352 1422 1404 δὲ
1459 1352 1532 1414 ὡς
1563 1352 1774 1421 νύμφης

203 1440 381 1494 αὐτοῦ
421 1440 828 1509 μνημονεύσας,
867 1442 1286 1512 ἐπιζητουμένου
1315 1442 1366 1494 τί
1393 1441 1500 1512 ἄρα
1523 1438 1588 1510 ἦν
1610 1443 1774 1511 ὄνομα

199 1531 292 1598 τῷ
322 1533 543 1600 νυμφίῳ,
567 1533 839 1598 ἐπιφωνεῖ
860 1532 937 1593 ὡς
959 1532 1093 1601 πρὸς
1120 1532 1277 1584 αὐτὸν
1301 1532 1490 1599 λέγων.
1519 1533 1590 1584 Τὸ
1609 1533 1774 1601 ὄνομά

198 1634 335 1683 σου,
365 1622 577 1690 νυμφίε,
607 1621 785 1690 μύρον
817 1623 956 1684 ἐστὶ,
983 1623 1074 1674 καὶ
1101 1621 1264 1693 μύρον
1295 1623 1388 1691 οὐχ
1408 1623 1611 1686 ἁπλῶς,
1642 1624 1774 1676 ἀλλὰ

194 1710 603 1779 κεκενωμένον.
633 1712 800 1764 Ποῖον
829 1712 887 1763 δέ
913 1711 978 1763 ἂν
1002 1713 1218 1779 γένηται
1244 1710 1409 1780 ὄνομα
1433 1711 1601 1782 μύρου
1623 1729 1773 1764 κεκε-

192 1799 454 1868 νωμένου
478 1799 781 1868 δηλωτικὸν
812 1800 846 1867 ἢ
881 1797 942 1849 τὸ
975 1796 1068 1850 τοῦ
1104 1798 1333 1867 Χριστοῦ
1360 1800 1555 1869 δνομα;
1581 1801 1640 1852 ού
1668 1801 1773 1871 γὰρ

188 1886 266 1939 ἂν
301 1889 494 1951 ἄλλως.
534 1888 649 1938 οὔτ’
685 1885 756 1939 ἂν
797 1887 1028 1954 γένοιτο,
1063 1885 1170 1938 οὔτ’
1197 1886 1263 1940 ἂν
1295 1889 1610 1960 όνομασθείη
1642 1892 1772 1961 Χρι-
1801 1879 1842 1932 Β

189 1977 356 2037 στδς,
379 1978 412 2044 ἢ
459 1975 630 2045 μύρου
677 1975 1066 2044 προχυθέντος.
1104 1976 1309 2028 Ὀποῖον
1342 1978 1396 2029 δὲ
1434 1978 1588 2031 τοῦτο
1612 1974 1677 2048 ἦν
1711 1980 1770 2031 τὸ

189 2064 403 2134 μύρον,
418 2059 460 2132 ᾧ
481 2065 732 2134 χρισθεὶς
752 2068 782 2117 ό
797 2064 956 2135 δηλού
965 2081 1120 2134 μενος
1134 2067 1361 2136 Χριστὸς
1380 2068 1768 2136 ἀποπέφανται,

183 2151 292 2205 διὰ
319 2153 423 2208 τῶν
445 2154 682 2225 πρόσθεν
708 2156 844 2224 ἡμῖν
868 2153 1198 2206 ἀποδέδοται.
1231 2154 1504 2207 Τοσούτων
1529 2155 1653 2224 περὶ
1675 2157 1770 2226 τῆς

182 2243 301 2296 τοῦ
336 2245 562 2316 Χριστοῦ
594 2244 976 2314 προσηγορίας
1011 2244 1458 2315 διηγορευμένων,
1493 2246 1642 2316 φέρε,
1677 2247 1768 2298 καὶ

186 2337 342 2404 περὶ
361 2337 456 2404 τῆς
477 2335 573 2387 τοῦ
613 2334 799 2403 Ἰησοῦ
838 2333 1268 2404 διασκειμῦμεθα.

1873 637 2211 702 cruentisque
2257 633 2539 687 sacriﬁciis
2584 643 2862 702 purgatus,
2913 635 3028 688 oleo
3081 640 3274 692 unctus
3322 649 3406 694 est

1873 733 2180 794 comparato
2233 723 2408 791 ipsum
2455 722 2654 777 Mosem
2705 722 2928 778 sortitus
2966 733 3262 782 unctorem.
3311 726 3406 781 llle

1871 831 2000 870 vero
2032 814 2206 869 omnis
2235 811 2420 867 formae
2456 813 2741 882 archetypa
2775 820 2828 866 et
2856 829 3033 876 verus,
3065 817 3132 870 ab
3165 817 3317 870 initio
3347 816 3405 870 in

1874 906 2139 959 inﬁnitum
2188 919 2359 972 usque
2390 918 2582 966 aevum,
2630 911 2772 957 totus
2806 919 2900 971 per
2941 911 3132 968 totum,
3183 907 3408 978 ipseque

1873 996 1977 1050 sibi
2006 997 2056 1048 in
2093 995 2344 1048 omnibus
2373 995 2584 1056 similis,
2617 1008 2881 1062 nusquam
2911 994 3198 1063 quidquam
3229 1006 3406 1051 muta-

1871 1084 2035 1138 tionis
2063 1083 2350 1151 accipiens,
2379 1080 2626 1136 Christus
2651 1097 2859 1150 semper
2888 1081 3008 1144 fuit,
3039 1084 3198 1136 etiam
3224 1087 3406 1153 prius-

1871 1177 2028 1242 quam
2076 1172 2140 1226 ad
2186 1172 2430 1225 homines
2473 1172 2714 1236 venerit,
2753 1179 2913 1240 atque
2961 1173 3143 1228 itidem
3187 1181 3402 1242 postea,

1872 1277 1978 1314 non
2001 1261 2086 1314 ille
2105 1260 2317 1328 quidem
2342 1259 2408 1312 ab
2433 1258 2665 1320 homine,
2690 1273 2861 1327 neque
2885 1259 2992 1312 ulla
3014 1262 3255 1322 materia,
3286 1258 3406 1330 Quae

1873 1351 2009 1404 inter
2035 1350 2279 1404 homines
2313 1350 2639 1418 reperiatur,
2675 1349 2767 1403 sed
2821 1365 2850 1402 a
2892 1366 3144 1418 supremo
3179 1352 3287 1407 Deo
3320 1353 3404 1406 in-

1873 1440 2048 1508 genita
2075 1438 2355 1492 divinitate
2383 1448 2593 1491 unctus.
2630 1437 2693 1490 Et
2722 1440 2974 1507 quoniam
3019 1441 3085 1495 de
3131 1442 3276 1496 illius
3309 1457 3404 1512 ap-

1870 1530 2155 1597 pellatione
2206 1531 2261 1582 in
2295 1529 2578 1598 praesentia
2625 1530 2960 1593 disserimus,
2993 1533 3242 1588 omnibus
3285 1548 3406 1603 qua

1871 1621 2012 1675 dicta
2030 1629 2154 1674 sunt
2172 1620 2328 1688 quasi
2351 1621 2558 1690 signum
2583 1623 2916 1691 imprimatur
2931 1622 3080 1687 illud,
3101 1625 3240 1692 quod
3263 1623 3404 1693 apud

1871 1711 2320 1779 sapientissimum
2347 1711 2683 1766 Salomonem
2703 1719 2897 1777 exstat,
2923 1715 3218 1780 oraculum,
3247 1715 3326 1768 sic
3345 1729 3405 1770 se

1873 1801 2074 1856 habens
2100 1802 2154 1854 in
2183 1800 2404 1856 Cantico
2434 1803 2765 1856 canticorum
2803 1822 2816 1857 :
2858 1821 2876 1852 ι
2913 1801 3250 1872 Unguentum
3279 1819 3404 1858 eva-

1871 1900 2084 1944 cuatnm
2121 1906 2314 1946 nomen
2346 1901 2494 1944 tuum
2536 1892 2598 1945 ει.
2640 1912 2657 1944 ι
2685 1891 2816 1946 Nam
2857 1893 2943 1947 hic
2972 1909 3182 1963 quoque
3223 1894 3403 1948 divina

1873 1983 2130 2050 sapientia
2157 1981 2406 2045 donatus,
2436 1991 2489 2036 et
2519 1981 2710 2052 dignus
2732 1984 2944 2038 habitus
2970 1985 3058 2053 qui
3085 1999 3203 2054 quae
3225 1999 3406 2039 secre-

1869 2074 2008 2125 tiora
2039 2077 2164 2124 sunt
2194 2071 2260 2125 de
2290 2070 2502 2126 Christo
2531 2082 2582 2126 et
2627 2073 2692 2127 de
2731 2074 2848 2141 ejus
2883 2074 3115 2128 Ecclesia
3163 2083 3404 2128 contem-

1871 2160 2143 2228 plaretur;
2196 2160 2438 2228 idemque
2487 2177 2606 2234 cum
2665 2163 2822 2216 unius
2879 2164 3092 2232 quidem
3147 2171 3401 2232 tanquam

1873 2251 2055 2319 sponsi
2088 2252 2507 2320 supercmlestis,
2539 2254 2757 2308 alterius
2787 2265 3034 2322 tanquam
3067 2255 3208 2310 illius
3240 2269 3404 2324 spon-

1872 2353 1945 2393 sae
1999 2340 2320 2395 mentionem
2376 2339 2611 2406 fecisset,
2657 2352 2710 2397 et
2762 2353 3088 2411 quaereretur
3133 2344 3401 2413 quodnam

185 2420 320 2489 ipsi
359 2440 556 2494 sponso
607 2439 818 2480 nomen
855 2435 1030 2491 esset,
1074 2441 1261 2481 vocem
1295 2427 1495 2481 emittit
1523 2428 1681 2496 quasi
1715 2428 1779 2482 ad
1833 2429 1980 2484 illum
2023 2431 2208 2486 dicens
2245 2451 2257 2485 :
2304 2431 2504 2487 Nomen
2567 2441 2738 2498 tuum,
2793 2449 3020 2503 sponse,
3074 2443 3400 2505 unguentum

185 2522 322 2580 est,
344 2525 400 2572 et
422 2527 764 2588 unguentum
797 2534 904 2572 non
956 2519 1292 2590 simpliciter,
1325 2534 1508 2573 verum
1537 2530 1870 2576 evacuatum.
1920 2521 2086 2576 Porro
2146 2530 2323 2577 autem
2346 2523 2612 2592 quodnam
2659 2523 2872 2579 tandem
2900 2524 3042 2578 aliud
3090 2525 3160 2578 sit
3207 2539 3403 2580 nomen

186 2617 539 2676 unguentum
571 2617 904 2663 evacuatum
938 2609 1268 2678 signiﬁcans,
1295 2608 1399 2664 nisi
1424 2609 1597 2678 ipsum
1636 2609 1837 2664 Christi
1898 2612 2127 2666 nomen?
2179 2626 2302 2666 nam
2333 2612 2530 2682 alioqui
2559 2628 2732 2682 neque
2769 2613 2884 2668 ﬁeri
2924 2629 3097 2682 neque
3140 2615 3404 2669 nominari

187 2705 384 2766 possit
413 2703 668 2758 Christus
699 2742 717 2766 ,
767 2703 814 2757 si
859 2709 1191 2772 unguentum
1240 2701 1477 2757 infusum
1528 2718 1634 2757 non
1679 2705 1766 2757 sit.
1803 2705 1970 2770 Quale
2008 2720 2135 2758 vero
2180 2705 2282 2760 hoc
2333 2712 2478 2760 esset
2531 2712 2884 2776 unguentum,
2951 2720 3058 2774 quo
3099 2715 3294 2762 unctus
3332 2706 3401 2767 is,

182 2787 263 2842 de
335 2809 437 2863 quo
491 2795 713 2864 agitur,
765 2794 1018 2848 Christus
1073 2802 1158 2849 est
1241 2794 1578 2858 declaratus,
1630 2795 1684 2848 in
1738 2795 1804 2850 iis
1864 2812 1983 2865 quae
2061 2798 2307 2866 superius
2379 2797 2586 2859 habes,
2650 2812 2679 2850 a
2736 2797 2892 2850 nobis
2955 2805 3230 2850 ostensum
3295 2803 3399 2850 est.

184 2876 374 2952 195
397 2883 532 2938 Cum
567 2885 745 2955 igitur
773 2883 842 2938 de
884 2882 1090 2938 Christi
1144 2883 1500 2952 appellatione
1563 2883 1820 2939 hactenus
1853 2892 1960 2938 tam
1995 2886 2159 2940 multa
2199 2885 2359 2940 locuti
2391 2899 2598 2948 sumus,
2644 2885 2888 2954 agedum,
2922 2883 2987 2939 de
3040 2883 3165 2941 Jesu
3192 2899 3404 2956 quoque

176 2967 566 3032 disseramus.

951 3089 1044 3141 lZ'.

2553 3085 2713 3140 XVII.

171 3189 334 3251 ὀι-ι
358 3201 449 3273 gat
471 3202 546 3273 τὸ⁸
569 3201 678 3254 τοῦ
709 3199 904 3273 Ἰησοῦ
929 3200 1114 3273 crops:
1145 3201 1302 3267 παρὰ
1325 3201 1444 3266 τοῖς
1475 3204 1768 3270 πρόπαλαι

1875 3201 2019 3270 Quod
2053 3201 2207 3256 etiam
2229 3201 2355 3256 Iesu
2387 3217 2569 3255 nomen
2600 3202 2736 3273 apud
2758 3203 2953 3267 priscos
2986 3202 3081 3256 Dei
3114 3204 3401 3271 familiares

245 3269 385 3322 τοῦ
418 3271 560 3324 Θεοῦ
587 3271 906 3340 γνωρίμοις
932 3269 1252 3338 ἐτετίμητο.
1287 3307 1293 3312 .

253 3402 495 3477 ῙῙρῶτος
533 3406 701 3460 πάλιν
745 3405 984 3474 Μωσῆς,
1025 3405 1160 3474 πρὸς
1197 3405 1288 3457 τὸν
1333 3406 1494 3458 αὑτοῦ
1536 3408 1770 3477 διάδοχον

157 3484 374 3564 ἕτέρᾳ
416 3495 697 3566 χρώμενος
735 3492 1118 3564 προσωνυμίᾳ,
1163 3491 1365 3564 Ἰησοῦν
1407 3497 1766 3566 μετωνόμασε.

153 3577 519 3656 ΓέὟραπται
563 3588 710 3657 γάρ·
750 3603 770 3636 ι
813 3585 994 3638 Ταῦτα
1031 3586 1099 3639 τά
1136 3586 1372 3655 ὀνόματα
1404 3585 1509 3637 τῶν
1547 3586 1769 3656 ἀνδρῶν,

151 3663 310 3735 οὓς
346 3675 621 3727 ἀπέστειλε
655 3674 869 3744 Μωσῆς
911 3673 1351 3742 κατασκέψασθαι
1393 3674 1489 3743 τὴν
1529 3673 1650 3742 γῆν,
1681 3673 1772 3725 καὶ

148 3753 524 3834 ἑτῖιυνόμασε
562 3765 778 3833 Μωσῆς
815 3765 904 3816 τὸν
939 3765 1159 3833 Ναυσῆν
1194 3764 1306 3816 υἱὸν
1341 3763 1494 3832 Ναυῆ
1540 3761 1769 3832 Ἰησοῦν,

145 3852 312 3905 διιῖ
336 3855 647 3908 ἀπέστειλεν
674 3853 894 3916 αὐτούς.
929 3873 947 3904 ι
978 3855 1118 3925 Ὅρα
1145 3853 1208 3923 δὴ
1242 3849 1333 3907 οῦν
1355 3853 1474 3906 τίνα
1499 3854 1694 3924 τρόπον
1713 3853 1771 3904 ού

147 3953 232 4004 με
251 3946 391 4014 apti
421 3947 612 4014 νοήσας
653 3946 788 4016 περὶ
828 3942 1039 4012 φύσεως
1078 3943 1354 4013 ὀνομάτων
1392 3945 1420 3995 ὁ
1464 3944 1770 4012 προφήτης,

147 4026 355 4085 ἀλλὰ
399 4038 486 4088 καὶ
524 4037 757 4088 πλεῖστα
794 4035 895 4087 ὅσα
937 4033 1195 4102 περὶτῶν
1224 4033 1351 4102 παρ’
1383 4031 1527 4101 αὐτῷ
1565 4048 1774 4102 μετονο-

149 4122 535 4194 μαξομένων
559 4126 719 4179 θείων
740 4123 970 4194 ἀνδρῶν,
992 4124 1085 4175 καὶ
1109 4117 1182 4175 ὧν
1210 4122 1368 4173 ἕνεκα
1397 4123 1774 4192 μετονομάξω-

155 4223 345 4276 ται,
378 4215 736 4286 φιλοσοφήσας
755 4254 771 4277 ,
801 4215 1008 4280 εἰσάγει
1032 4213 1122 4265 τὸν
1161 4211 1406 4282 Ἀϐραὰμ
1435 4211 1660 4265 ἔπαθλον
1688 4213 1772 4263 ἐπ’

153 4296 394 4374 ἀρετῇ
447 4305 900 4374 ἀπολαμϐάνοντα
955 4303 1089 4374 πρὸς
1148 4301 1240 4354 τοῦ
1299 4301 1434 4353 Θεοῦ
1495 4300 1588 4371 τὴν
1643 4301 1773 4372 πρὸς

166 4387 481 4466 ’λόραὰμ
498 4397 680 4466 ἐντελῆ
709 4395 1079 4466 προσηγορίαν
1095 4410 1108 4420 ·
1133 4395 1267 4464 ὅπερ
1291 4392 1341 4444 τί
1367 4409 1493 4444 ποτε
1516 4391 1691 4461 δηλοῖ,
1713 4391 1772 4442 ού

2413 3273 2464 3324 in
2490 3273 2651 3338 pretio
2678 3272 2852 3338 fuerit.

1937 3405 2148 3461 Primus
2169 3418 2382 3459 rursum
2401 3401 2593 3465 Moses,
2618 3415 2740 3454 cum
2761 3399 2828 3452 ad
2845 3417 3000 3456 suum
3035 3417 3403 3458 successorem

1871 3494 1973 3546 alia
2005 3501 2240 3547 uteretur
2292 3490 2644 3559 appellatione
2669 3528 2684 3553 ,
2713 3487 2896 3544 Jesum
2941 3504 3062 3544 eum
3094 3490 3403 3544 denomina~

1878 3583 1988 3636 vit:
2016 3581 2280 3650 Scriptum
2329 3557 2594 3640 estenim,
2635 3595 2652 3626 ι
2695 3576 2806 3630 haec
2827 3587 2951 3631 sunt
3007 3579 3225 3632 nomina
3259 3580 3404 3632 viro-

1871 3685 2008 3734 rum,
2035 3684 2169 3738 quos
2203 3667 2348 3722 misit
2377 3667 2550 3721 Moses
2583 3667 2648 3719 ad
2675 3667 3064 3738 inspiciendam
3095 3674 3313 3731 terram,
3347 3674 3404 3722 et

1871 3759 2230 3816 denominavit
2258 3757 2454 3821 Moses,
2481 3758 2710 3813 Nausem
2737 3758 2902 3812 ﬁlium
2935 3756 3095 3823 Nave,
3129 3755 3331 3819 Jesum,
3351 3765 3404 3811 et

1871 3853 2016 3906 misit
2073 3852 2247 3906 eos".
2287 3870 2304 3902 ι
2369 3849 2682 3913 Considera,
2730 3865 2931 3919 quaso,
2985 3863 3286 3918 parumper,
3342 3851 3403 3900 ut

1870 3946 2124 4016 prOpheta
2146 3946 2235 4014 qui
2268 3959 2374 3998 non
2401 3959 2589 4013 parum
2621 3944 2810 3999 doctus
2853 3951 3098 3996 naturam
3127 3941 3401 3995 nominum

1870 4045 2003 4100 erat,
2027 4037 2120 4092 sed
2151 4035 2458 4105 plurimum,
2514 4034 2614 4087 hac
2663 4048 2875 4103 quoque
2900 4033 2953 4086 in
2984 4039 3133 4100 parte
3165 4031 3406 4100 philoso-

1871 4129 2085 4196 phatus,
2132 4135 2192 4180 ut
2232 4141 2298 4180 ex
2339 4125 2406 4180 iis
2453 4124 2656 4178 sanctis
2687 4123 2816 4177 viris
2861 4128 3090 4184 constat,
3127 4135 3262 4190 quos
3289 4120 3404 4188 ipse

1871 4214 2254 4278 denominavit,
2284 4223 2336 4268 et
2367 4229 2431 4267 ex
2466 4212 2645 4266 causis
2691 4220 2908 4279 propter
2929 4223 3064 4278 quas
3090 4207 3404 4262 denomina-

1870 4307 1966 4367 vit,
1999 4305 2194 4374 quippe
2245 4303 2336 4372 qui
2380 4301 2598 4356 inducat
2651 4299 2942 4362 Abraham,
2997 4297 3088 4366 qui
3128 4296 3404 4365 praemium

1870 4398 2085 4450 virtutis
2115 4410 2144 4448 a
2180 4394 2286 4449 Deo
2323 4392 2539 4461 accipit,
2587 4407 2738 4446 suam
2775 4391 2945 4464 ipsius
2969 4387 3235 4442 Abraham
3263 4387 3402 4440 inte-

152 4475 260 4578 ξ’Ξ-
297 4504 324 4537 ν
351 4486 615 4557 διασαφεῖν
659 4488 872 4556 καιρός.
916 4483 1073 4536 Οὕτω
1100 4483 1154 4535 δὲ
1184 4483 1275 4536 καὶ
1308 4483 1406 4553 τὴν
1435 4481 1602 4552 Σαραῖ
1630 4483 1769 4553 Σάρ-

1875 4504 2015 4558 gram
2045 4487 2447 4556 appellationem
2474 4524 2488 4548 ,
2519 4485 2662 4555 quod
2695 4500 2824 4538 sane
2858 4483 3110 4552 quidnam
3145 4480 3248 4534 sibi
3277 4478 3404 4532 velit

149 4562 332 4628 hu
376 4577 736 4647 ἐπονομάσας,
773 4577 869 4628 καὶ
897 4575 1108 4642 γέλωτα
1140 4573 1228 4624 τὸν
1266 4574 1444 4626 Ἰσαὰκ
1479 4575 1582 4644 πρὸ
1619 4574 1768 4640 γενέ-

144 4667 238 4702 σε
295 4683 366 4729 ως
405 4667 845 4737 ἐπικεκλημένσν,
875 4666 970 4718 καὶ
1006 4665 1095 4716 τὸν
1141 4662 1329 4715 Ἰακὼϐ
1367 4665 1463 4734 τῆς
1499 4664 1670 4732 πάλης
1710 4665 1769 4716 τὸ

137 4737 467 4812 βέιϐεἶον
489 4760 573 4812 διά
602 4760 700 4829 τῆς
721 4756 817 4810 τοῦ
847 4755 1063 4825 Ἰσραὴλ
1081 4755 1384 4823 ἐπωνυμίας
1401 4755 1587 4808 ἁναδού
1597 4772 1768 4824 μενον,

173 4845 396 4908 ’ἐξῳία
413 4867 465 4902 τε
484 4850 613 4904 ἄλλα
640 4849 772 4919 περὶ
791 4847 1072 4915 ὀνομάτων
1092 4843 1359 4914 δυνάμεώς
1378 4862 1434 4897 τε
1455 4846 1544 4898 καὶ
1564 4845 1771 4913 φύσεως

217 4921 460 5012 λειότερα
488 4941 518 5012 ἦ
552 4942 673 4994 κατ’
693 4939 1011 5008 ἄνθρωπον,
1028 4934 1192 5004 ἐνθέῳ
1214 4935 1366 5005 σοφίᾳ
1390 4939 1480 4989 καὶ
1504 4937 1769 5005 ἐπιστήμῃ

238 5012 498 5095 διαλαϐὼν,
533 5031 766 5102 μηδενὸς
792 5026 906 5079 τῶν
931 5023 1042 5094 πρὸ
1067 5023 1253 5084 ἐαυτοῦ
1283 5023 1385 5076 τῶν
1404 5024 1462 5087 ἐξ
1492 5023 1680 5086 αἰῶνος
1697 5025 1772 5093 τῷ

233 5102 311 5192 Ξοῦ
348 5118 510 5192 ’1ησοῦ
547 5117 900 5190 κεχρημένου
939 5113 1164 5182 ὀνόματι
1185 5151 1200 5174 ,
1222 5111 1426 5181 πρῶτος
1460 5113 1616 5174 αὐτὸς
1651 5113 1774 5182 θείῳ

221 5184 478 5282 ιῖνεύμᾷτι
510 5184 912 5277 θεοφορῆθεὶς,
944 5201 1037 5253 τὸν
1084 5199 1330 5268 μέλλοντα
1362 5200 1521 5251 αὑτοῦ
1545 5199 1774 5268 διάδοχον

322 5302 499 5373 ἀρχῆς
534 5299 632 5352 τοῦ
657 5294 800 5348 λαοῦ
832 5288 1271 5356 καταστήσεσθαι
1289 5327 1304 5350 ,
1334 5289 1498 5359 ἑτέρῳ
1526 5289 1776 5360 πρότερον

448 5357 809 5461 κεχρημένον
851 5377 1196 5449 μεταλαϐὼν,
1229 5357 1436 5447 Ἰησοῦν
1463 5357 1610 5430 καλεί
1629 5395 1640 5407 ι
1681 5357 1776 5432 οὐκ

178 5453 375 5554 ἔρξεῖν
426 5453 749 5554 “agnem
809 5469 919 5538 τὴν
975 5468 1042 5519 ἐκ
1095 5467 1358 5538 προγόνων
1417 5467 1775 5536 ἐπικληθεῖσαν

168 5539 330 5646 maqu
349 5539 635 5646 735%,?
662 5555 1089 5631 προσηγορίαν.
1113 5557 1321 5627 Νςιυσῆν
1346 5558 1456 5629 γάρ
1479 5558 1627 5612 αὑτὸν
1649 5559 1778 5628 ἐφώ-

207 5738 272 5788 δι
310 5773 458 5827 CanL
500 5780 537 5826 Ι,
590 5760 651 5811 ε,
745 5752 795 5782 δ’
832 5745 1010 5797 Num.
1049 5761 1163 5810 \‘ltl,
1212 5747 1292 5801 Π.

1875 4593 1981 4632 non
2006 4585 2088 4631 est
2119 4591 2260 4630 nunc
2297 4575 2696 4630 demonstrandi
2744 4574 2914 4636 locus,
2964 4581 3017 4626 et
3073 4569 3255 4624 eadem
3317 4581 3404 4621 ra-

1877 4671 2020 4723 tione
2051 4666 2236 4720 Saram
2269 4665 2577 4720 denominet
2604 4664 2820 4718 Sarram
2841 4702 2856 4725 ,
2887 4669 2940 4716 et
2968 4659 3134 4720 Isaac,
3158 4669 3280 4712 eum
3309 4655 3402 4724 qui

1876 4769 2160 4829 antequam
2199 4763 2530 4820 nasceretur,
2561 4756 2704 4810 risus
2729 4756 2904 4808 dictus
2931 4751 3122 4810 fuerat,
3153 4755 3206 4801 et
3236 4745 3407 4808 Jacqb

1875 4865 1994 4903 eum
2011 4847 2098 4918 qui
2119 4847 2336 4916 praemio
2365 4847 2540 4908 luctat,
2567 4861 2633 4899 ex
2679 4841 2992 4911 cognomine
3010 4837 3169 4891 Israel
3187 4836 3406 4888 decora.

1877 4947 1984 4992 tus:
2014 4951 2240 5005 cumque
2259 4935 2396 4990 idem
2417 4935 2520 4988 alia
2550 4930 2956 4986 innumerabilia
2976 4929 3041 4982 de
3066 4926 3116 4979 vi
3145 4933 3196 4980 et
3213 4931 3402 4978 natura

1877 5025 2170 5087 nominum,
2204 5022 2467 5075 diviniore
2492 5035 2652 5090 quam
2686 5025 2743 5072 ut
2771 5032 2832 5071 ea
2871 5015 3072 5069 homini
3101 5012 3400 5075 conveniat,

1881 5115 2184 5184 Spirituque
2204 5111 2298 5166 Dei
2324 5111 2496 5164 aﬁlata
2533 5107 2793 5179 sapientia
2820 5120 2882 5160 ac
2912 5106 3131 5161 scientia
3155 5111 3400 5172 percepta

1877 5215 1932 5261 et
1954 5205 2160 5275 cognita
2186 5201 2424 5262 haberet,
2457 5214 2556 5253 nec
2575 5198 2705 5251 alius
2721 5195 3001 5264 quisquam
3019 5193 3086 5246 ab
3111 5193 3260 5245 initio
3281 5199 3406 5244 ante

1879 5299 2072 5365 ipsum,
2117 5291 2242 5347 Jesu
2297 5290 2510 5344 nomine
2557 5303 2684 5342 usus
2738 5292 2904 5347 esset,
2959 5284 3163 5352 primus
3221 5280 3404 5333 divino

1883 5387 2084 5457 Spiritu
2121 5383 2447 5444 moderante,
2471 5395 2627 5449 quem
2659 5377 2760 5432 sibi
2791 5377 2845 5428 in
2892 5374 3070 5443 populi
3102 5371 3400 5457 principatu

1882 5455 2246 5528 successorem
2293 5478 2408 5524 erat
2455 5468 2840 5525 declaraturus,
2881 5462 2987 5516 alio
3017 5462 3163 5531 prius
3192 5455 3404 5511 nomine

1882 5567 2146 5624 vocatum,
2200 5558 2312 5628 ipse
2340 5557 2660 5617 immutans,
2690 5549 2870 5604 Jesum
2901 5544 3274 5603 nominaverit,
3319 5547 3404 5593 ut-
