3862 6330
692 404 792 459 $27

1302 396 1565 452 EUSEBII
1602 393 2075 451 CESARIENSIS
2113 393 2257 449 OPP.
2301 393 2497 450 PARS.
2539 393 2602 446 ll.
2639 396 3168 455 —APOLOGETICA.
3222 458 3229 465 ,

692 523 817 585 pote
843 512 931 581 qui
962 508 1366 589 appellationem
1390 509 1465 560 illi
1501 522 1530 559 a
1551 508 1844 575 majoribus
1879 506 2005 560 dum
2032 521 2217 559 nasce—

1988 522 2005 558 ι
2032 521 2219 559 nasce—
2249 510 2289 563 Α
2319 523 2486 575 νησαν
2514 507 2562 559 oi
2596 509 2945 578 γεννήσαντες
2965 526 2978 539 ·
3003 511 3092 562 ἀλλ’
3114 513 3205 578 ὅγε
3229 515 3513 586 προφήτηςτοί

692 610 838 656 retur
863 598 1188 665 adjunctam,
1210 612 1315 649 non
1346 596 1478 650 satis
1502 596 1745 649 idoneam
1774 593 1887 647 fore
1911 594 2213 647 censuerit:

692 684 955 756 siquidem
984 683 1215 738 Nausem
1266 684 1412 738 illum
1465 693 1711 754 parentes
1761 692 2128 738 vocaverant:
2165 692 2220 737 at

690 792 816 832 vero
845 777 957 845 ipse
977 774 1069 828 Dei
1102 776 1379 844 propheta,
1426 776 1707 828 immutato
1759 777 1922 829 natali
1982 776 2215 837 nomine,

689 866 860 919 virum
889 864 1033 916 illum
1063 863 1243 915 divino
1268 862 1467 932 Spiritu
1514 871 1800 926 annuente,
1835 863 2017 918 Jesum
2044 871 2217 924 vocat,

689 964 795 1002 non
822 948 975 1002 aliter
998 948 1143 1000 illum
1174 958 1293 1016 post
1350 959 1578 1002 mortem
1631 965 1804 1011 suam,
1836 953 1982 1004 omni
2025 953 2222 1020 populo

691 1051 921 1106 praeesse
953 1045 1200 1106 oportere
1250 1044 1420 1100 ratus,
1453 1053 1575 1093 cum
1604 1040 1786 1109 utique
1811 1040 2045 1095 futurum
2077 1043 2224 1097 vide-

690 1137 791 1190 ret,
815 1142 962 1206 quas
1024 1128 1165 1196 leges
1218 1128 1333 1196 ipse
1390 1130 1658 1197 posuisset
1713 1138 1771 1184 ut
1805 1146 1881 1185 ea:
1935 1132 2224 1201 aliquando

692 1226 1049 1280 mutarentur,
1077 1218 1232 1288 196
1255 1218 1517 1288 finemque
1566 1222 1887 1289 acciperent,
1936 1232 1991 1276 et
2036 1224 2222 1278 eadem

691 1323 814 1361 cum
844 1308 961 1377 ipso
1017 1306 1161 1361 Muse
1210 1307 1415 1361 ratione
1459 1308 1870 1375 quodammodo,
1920 1310 2221 1373 interirent,

692 1411 866 1465 neque
893 1395 1055 1448 alium
1080 1395 1405 1463 quempiam,
1430 1410 1588 1463 quam
1628 1411 1794 1450 unum
1824 1395 2003 1451 Jesum
2055 1399 2225 1468 ipsius

694 1484 787 1539 Dei
807 1483 1097 1545 Christum,
1140 1484 1292 1538 alteri
1319 1483 1643 1552 reipublicze,
1692 1500 1811 1553 quae
1857 1487 2034 1555 priore
2072 1488 2227 1558 longe

693 1575 901 1639 melior,
952 1575 1211 1642 longeque
1274 1575 1611 1641 praestantior
1664 1573 1819 1638 foret,
1853 1576 2221 1645 praefuturum.

690 1664 872 1733 Itaque
898 1662 1071 1717 Moses
1087 1664 1301 1732 quidem
1324 1666 1563 1718 omnium
1592 1666 1967 1735 prophetarum
1996 1667 2226 1721 maxime

693 1756 1059 1820 admirandus,
1090 1769 1210 1809 cum
1260 1740 1541 1825 utramque
1581 1754 1875 1811 Salvatoris
1905 1758 2074 1810 nostri
2099 1755 2225 1811 Jesu

2316 595 2376 645 τὸ
2399 596 2462 645 ἐκ
2487 594 2707 664 γενετῆς
2726 596 2960 664 ἀμείψας
2982 597 3132 665 ονομα,
3155 600 3315 668 Ἰησοῦν
3335 602 3407 654 τὸν
3426 606 3514 675 Mr

2316 681 2377 733 τὸ
2407 681 2546 734 θεῖον
2564 683 2784 753 Πνεῦμα
2808 683 2980 736 καλεῖ·
3007 684 3086 736 οὐκ
3103 685 3241 748 ἄλλως
3261 689 3387 741 αὑτὸν
3403 692 3513 761 καθη

2317 771 2410 824 τοῦ
2442 772 2637 835 παντὸς
2664 772 2791 826 λαοῦ
2816 773 2951 844 μετά
2972 773 3054 843 τὴν
3076 776 3230 828 ἐαυτοῦ
3252 777 3471 848 τελευτὴν,
3489 799 3514 833 τ

2319 860 2479 913 αὐτοῦ
2503 860 2746 932 τεθείσης
2772 862 3068 932 νομοθεσίας
3093 867 3475 937 μεταστησομένης
3500 887 3512 918 τ

2319 950 2465 1013 τέλος
2508 950 2757 1021 ίσχούσης
2775 992 2789 1015 ,
2825 953 2917 1004 καὶ
2950 952 3078 1021 αὑτῴ
3109 970 3163 1020 γε
3194 955 3357 1024 ὁμοίως
3380 958 3512 1009 Μωσε

2320 1041 2436 1093 τινὰ
2466 1040 2819 1110 τελευτώσης,
2855 1042 3042 1111 μηδένα
3058 1044 3212 1111 ἕτερον
3237 1045 3264 1114 ἢ
3292 1047 3422 1114 μόνον
3457 1047 3511 1109 ’lr

2321 1130 2545 1201 Χριστὸν
2570 1129 2658 1182 τοῦ
2688 1130 2819 1183 Θεοῦ
2851 1131 3103 1194 πολιτείας
3131 1131 3291 1202 ἐτέρας
3314 1134 3517 1203 ἡγήσεσθε

2321 1235 2465 1280 τονος
2500 1218 2531 1287 ἢ
2561 1218 2697 1271 κατά
2743 1219 2839 1288 τὴν
2879 1219 3142 1288 προτέραν.
3169 1218 3302 1271 Οὕτω
3328 1221 3408 1289 μὲν
3436 1221 3487 1290 δὴ

2325 1309 2538 1361 πάντων
2582 1306 2868 1377 προφητῶν
2908 1306 3335 1376 θαυμασιώτατος,
3370 1310 3516 1377 ἀμφοτ

2323 1398 2564 1467 Σαπῆρος
2594 1396 2746 1466 ἡμῶν
2789 1396 2959 1466 Ἰησοῦ
2992 1396 3203 1466 Χριστοῦ
3237 1397 3350 1465 θείῳ
3389 1399 3503 1451 Πνεύ

2323 1488 2477 1553 γνοὺς
2508 1486 2603 1547 τάς
2631 1486 2967 1554 ἐπωνυμίας,
2990 1486 3192 1547 ταύταις
3219 1486 3286 1548 ὼς
3307 1486 3365 1539 ἀν
3393 1486 3512 1555 βασι]

2324 1578 2385 1645 δή
2396 1592 2524 1645 μασι
2547 1577 2670 1637 τοὺς
2695 1575 2821 1645 παρ’
2844 1575 2995 1627 αὑτὸν
3020 1575 3215 1627 πάντων
3233 1576 3331 1627 τῶν
3351 1576 3511 1644 ἀρχόντ

2323 1682 2444 1727 τους
2473 1664 2742 1732 ἐτίμησεν,
2772 1662 2918 1714 δυσὶν
2950 1663 3158 1730 ἄρχουσι
3185 1663 3274 1714 καὶ
3310 1662 3510 1731 ἡγεμόσι

2323 1754 2397 1823 τῷ
2432 1770 2491 1805 τε
2539 1754 2781 1823 ἀρχιερεῖ
2808 1752 2897 1803 καὶ
2920 1749 2992 1819 τῷ
3028 1750 3200 1817 οἰκείῳ
3228 1752 3449 1820 διαδόχῳ,
3473 1752 3513 1803 τὶ

691 1844 891 1899 Christi
953 1846 1381 1915 appellationem,
1442 1846 1622 1899 divino
1680 1844 1882 1913 Spiritu
1932 1847 2216 1900 instruente

1989 1853 2226 1900 struente
2261 1877 2298 1929 Β
2325 1845 2415 1897 καὶ
2442 1844 2529 1896 τὸν
2564 1842 2764 1911 Ἰησοῦν
2791 1841 3114 1909 ἐπιφημίσας
3148 1840 3258 1893 κατ’
3279 1839 3441 1903 ἀξίαν,
3459 1842 3510 1905 τᾷ

691 1934 1020 1999 distinctam,
1042 1934 1412 2003 cognitamque
1434 1934 1651 1988 haberet
1673 1942 1900 2003 utraque
1915 1934 2068 2001 quasi
2091 1935 2216 1988 duo-

1991 1934 2068 1989 asi
2091 1935 2222 1988 duo—
2328 1933 2432 2003 ρὼν
2465 1932 2552 1986 τὸν
2582 1932 2828 2002 Χριστὸν,
2858 1930 2932 2000 τῷ
2950 1930 3004 1983 δὲ
3034 1932 3211 2000 Ναυσῇ
3230 1969 3244 1991 ,
3262 1929 3333 1992 ὡς
3359 1929 3418 1982 ἂν
3439 1929 3511 1998 rip

692 2022 793 2076 bus
819 2023 981 2091 regiis
1007 2021 1322 2075 diadematis
1348 2036 1460 2082 eos,
1494 2021 1586 2089 qui
1620 2020 1761 2089 apud
1792 2036 1850 2075 se
1875 2021 2110 2075 omnium
2138 2036 2217 2076 es-

1986 2021 2110 2074 tium
2138 2036 2224 2076 es-
2326 2022 2509 2091 λευτὴν
2538 2022 2920 2092 διαδεξομένῳ,
2952 2021 3040 2073 τὸν
3079 2020 3273 2090 Ἰησοῦν
3307 2021 3511 2089 ἀπονείυ

692 2121 811 2166 sent
860 2111 1161 2180 principum
1220 2110 1657 2179 praestantissimi
1699 2109 1992 2166 decoravit.
2041 2110 2217 2179 itaque

1989 2152 1992 2163 .
2041 2110 2223 2179 Itaque
2330 2111 2424 2180 μὲν
2438 2106 2527 2163 οὖν
2542 2112 2834 2181 τὺντρόπον
2846 2112 2879 2180 ἠ
2897 2108 3056 2163 αὑτοῦ
3072 2110 3304 2171 Μωσέως
3314 2108 3489 2178 Γραφὴ
3502 2127 3514 2139 ’

694 2215 814 2253 cum
861 2200 1070 2255 duobus
1108 2200 1459 2269 principibus,
1504 2199 1823 2268 duobusque
1859 2198 2087 2253 ducibus
2128 2214 2219 2267 po-

1989 2198 2087 2253 bus
2128 2214 2222 2267 po-
2324 2200 2486 2271 τῆρος
2513 2200 2664 2270 ἡμῶν
2693 2200 2864 2271 Ἰησοῦ
2885 2197 3115 2271 Χριστοῦ
3141 2198 3432 2269 κεκόσμητο
3451 2215 3509 2269 ut

694 2290 801 2359 puli
842 2292 1076 2360 pontifici
1116 2292 1238 2360 ipsi,
1273 2307 1337 2346 ac
1384 2306 1483 2346 suo
1534 2292 1702 2360 ipsius
1751 2291 2073 2354 successori,
2108 2291 2378 2345 Christum
2431 2301 2484 2347 et
2527 2291 2707 2348 Iesum
2761 2292 3144 2362 appellationes
3169 2307 3268 2361 pro
3315 2292 3512 2345 meritis

695 2381 868 2451 ipsum
916 2386 1127 2454 quidem
1177 2386 1375 2448 Aaron,
1422 2385 1716 2447 Christum,
1774 2383 2003 2438 Nausem
2060 2398 2206 2447 vero,
2239 2385 2392 2452 quasi
2447 2400 2592 2448 eum,
2648 2385 2741 2454 qui
2788 2394 2911 2454 post
2965 2394 3193 2439 mortem
3239 2398 3393 2439 suam
3422 2383 3510 2437 sib

694 2489 968 2539 cessurus,
997 2474 1177 2529 Jesum
1206 2475 1517 2529 nominavit.
1554 2473 1664 2530 Hoc
1712 2476 1873 2545 igitur
1914 2475 2072 2531 modo
2129 2475 2296 2543 ipsius
2329 2474 2489 2530 Mosis
2539 2476 2838 2544 Scriptura,
2876 2474 3175 2530 Salvatoris
3211 2473 3383 2528 nostri
3403 2471 3517 2527 ἔθευ

697 2566 931 2621 minibus
965 2566 1220 2638 insignita
1249 2575 1354 2622 est.

697 2680 774 2732 Ab
793 2679 988 2760 Egerio.
1014 2712 1093 2764 l—
1117 2682 1557 2764 Quemadmodum
1578 2682 1740 2764 Hosis
1765 2699 2030 2764 successor
2055 2684 2229 2764 Iesus,

767 2751 856 2817 qui
880 2750 1088 2819 angelus
1106 2762 1202 2804 .est
1230 2762 1460 2811 vocatus,
1484 2766 1528 2805 et
1548 2753 1722 2820 populi
1742 2752 1849 2804 dua:
1862 2754 2069 2820 futurus
2093 2761 2226 2814 erat,

772 2817 1031 2872 reddentis
1060 2820 1328 2874 oraculum
1351 2819 1547 2875 Christi
1589 2837 1771 2875 nomen
1793 2822 1926 2890 ferre
1941 2820 2108 2875 dictus
2129 2830 2226 2875 est.

779 2991 953 3047 «Ecce
1007 3010 1104 3064 ego
1141 2995 1292 3049 mitto
1333 2995 1575 3065 angelum
1633 3009 1808 3049 meum
1858 3001 1981 3049 ante
2038 2993 2226 3049 faciem

2343 2678 2481 2733 Ἀπὸ
2515 2675 2622 2743 τῆς
2653 2674 2917 2738 Ἐξόδου.
2951 2673 3135 2738 -Ὤς
3157 2676 3190 2725 ό
3210 2672 3463 2743 Μῳσέως
3489 2670 3518 2722 ὃ

2397 2741 2582 2811 σοῦς,
2640 2744 2904 2813 ἄγγελος
2936 2741 3445 2813 ἐπικεκλημένος,
3477 2758 3510 2793 κ

2398 2810 2768 2882 καθηγεῖσθαι
2826 2812 3104 2882 μέλλων,
3141 2810 3237 2882 Δτι)
3292 2810 3478 2882 ὄνομα

2401 2878 2652 2947 τίζοὺτος
2681 2878 2945 2949 Χριστοῦ
2974 2878 3367 2948 ἐπιφέρεσθαι
3400 2878 3516 2947 λέγ.

2404 3017 2422 3050 ι
2455 2998 2580 3050 Ἰδοὺ
2617 2994 2936 3049 ἀποστέλλω
2968 2996 3062 3048 τὸν
3094 2994 3331 3063 ἄγγελόν
3362 3011 3465 3064 μου
3497 3012 3520 3045 τ

701 3084 867 3141 tuam,
900 3087 956 3131 ut
981 3080 1242 3134 custodiat
1279 3090 1328 3135 te
1350 3082 1404 3135 in
1431 3082 1535 3145 via,
1562 3091 1619 3135 ut
1641 3080 1944 3136 introducat
1960 3090 2013 3136 te
2039 3082 2092 3135 in
2125 3091 2226 3135 ter-

1986 3097 2013 3136 e
2039 3082 2092 3135 in
2125 3091 2231 3135 ter-
2257 3104 2299 3163 c
2333 3105 2444 3149 σου,
2462 3086 2546 3139 ἵνα
2579 3084 2822 3154 φυλάσσῃ
2857 3101 2920 3136 σε
2951 3086 3011 3137 ἐν
3030 3087 3102 3155 τῇ
3124 3083 3253 3153 ὁδῷ,
3283 3086 3436 3147 ὅπως
3464 3086 3511 3135 εἰ

702 3182 815 3220 ram
858 3184 1016 3237 quam
1057 3173 1348 3241 praeparavi
1388 3173 1482 3226 tibi
1527 3189 1539 3223 :
1585 3173 1808 3227 observa
1857 3187 2002 3238 eum,
2033 3181 2087 3228 et
2129 3186 2227 3225 au-

705 3259 880 3312 sculta
902 3261 1002 3322 illi.
1035 3279 1103 3317 ne
1137 3262 1303 3318 fueris
1329 3263 1584 3319 adversus
1607 3264 1754 3317 illum
1782 3272 2089 3327 contumax,
2120 3280 2227 3318 non

700 3351 844 3406 enim
898 3356 1166 3410 verebitur
1215 3364 1306 3420 te,
1357 3371 1551 3410 nomen
1604 3357 1748 3411 enim
1800 3372 1978 3412 meum
2038 3364 2123 3412 est
2172 3357 2227 3410 in

704 3443 821 3512 ipso
847 3444 913 3497 ⁸³.
973 3465 991 3496 ι
1048 3446 1186 3511 Meo,
1243 3446 1414 3517 inquit
1468 3448 1581 3517 ipse
1636 3446 1914 3530 Dominus,
1979 3450 2069 3517 qui
2117 3448 2229 3502 haec

700 3532 797 3585 tibi
844 3536 1157 3604 respondeo,
1211 3538 1427 3591 nomine
1467 3537 1763 3608 inscriptus
1802 3545 1904 3604 est,
1939 3539 2030 3608 qui
2060 3554 2231 3608 popu-

704 3622 813 3675 lum
837 3624 1239 3680 introducturus
1260 3637 1342 3681 est
1360 3627 1415 3681 in
1431 3635 1628 3682 terram
1650 3628 2025 3697 promissionis
2056 3646 2068 3681 :
2088 3627 2230 3697 quod

706 3713 752 3766 si
779 3712 934 3768 Jesus
956 3715 1072 3774 fuit,
1107 3731 1209 3769 non
1240 3719 1395 3781 alius,
1434 3725 1645 3773 constat
1666 3718 1775 3786 jam
1806 3724 1919 3771 tum
1948 3716 2229 3772 Dominum

706 3801 793 3853 hic
826 3801 1023 3866 dicere,
1070 3818 1262 3859 nomen
1295 3822 1450 3860 suum
1486 3808 1560 3861 illi
1582 3823 1701 3862 esse
1742 3808 2049 3875 impositum
2083 3822 2229 3860 :non

706 3890 868 3957 igitur
896 3891 1089 3943 mirum
1113 3899 1215 3955 est,
1248 3896 1293 3948 si
1339 3897 1583 3966 angelum
1606 3911 1818 3965 quoque
1857 3896 2032 3964 ipsum
2052 3902 2226 3955 vocat.

706 3976 920 4045 quando
943 3977 1098 4031 etiam
1127 3978 1193 4034 de
1220 3979 1444 4047 Joanne,
1476 3986 1566 4053 qui
1604 3986 1763 4038 homo
1795 3983 1913 4047 fuit,
1964 3982 2123 4051 plane
2149 3982 2233 4036 di-

707 4074 851 4121 ctum
881 4077 964 4121 est
995 4067 1123 4121 illud
1153 4087 1167 4122 :
1197 4087 1216 4120 (
1253 4069 1388 4127 Ecce
1419 4075 1570 4129 mitto
1627 4073 1872 4142 angelum
1905 4086 2080 4126 meum
2110 4080 2233 4125 ante

710 4154 899 4210 faciem
930 4164 1096 4219 tuam,
1127 4158 1218 4226 qui
1239 4161 1557 4228 praeparabit
1575 4162 1715 4214 viam
1741 4169 1884 4213 tuam
1901 4166 2024 4213 ante
2052 4158 2185 4212 te“.
2207 4175 2229 4209 ι

708 4266 753 4319 Α
774 4265 1051 4337 Zacltaria.
1080 4295 1150 4306 -—
1172 4267 1319 4333 Quod
1363 4273 1518 4323 etiam
1536 4271 1688 4324 Iesus
1725 4270 1866 4337 ﬁlius
1901 4268 2232 4337 JosedecAsa-

779 4335 954 4406 cerdos
983 4351 1220 4403 magnus,
1257 4339 1529 4405 imaginem
1573 4355 1633 4391 ac
1665 4335 1883 4406 ﬁguram
1929 4340 2081 4406 gessit
2113 4335 2234 4391 Sal-

777 4405 967 4474 uatoris
991 4407 1173 4468 nostri,
1206 4408 1293 4473 qui
1314 4416 1547 4464 veterem,
1582 4405 1717 4474 quia
1731 4407 1845 4473 jam
1868 4405 1975 4457 tum
2012 4408 2235 4459 inualue-

779 4483 884 4534 rat,
906 4448 1247 4526 humanarum
1297 4448 1608 4527 animarum"
1636 4448 1945 4540 seruitutem,
1980 4475 2046 4527 ad
2070 4474 2232 4529 Deum
2266 4448 2309 4504 ο

779 4550 1044 4595 convertit.

783 4653 938 4725 197
966 4651 1067 4704 «Et
1096 4651 1328 4707 ostendit
1374 4654 1502 4707 mihi
1549 4653 1805 4712 Dominus
1846 4656 2027 4713 Jesum
2058 4671 2239 4713 sacer-

710 4744 889 4799 dotem
908 4758 1176 4812 magnum,
1197 4752 1420 4797 stantem
1442 4751 1563 4798 ante
1583 4742 1771 4798 faciem
1802 4747 1973 4816 angeli
1998 4745 2236 4800 Domini:

715 4841 767 4886 et
798 4835 1043 4887 diabolus
1089 4833 1262 4887 stabat
1308 4848 1336 4885 a
1388 4834 1591 4889 dextris
1617 4834 1755 4903 ejus,
1789 4846 1846 4890 ut
1868 4838 2240 4892 adversaretur

716 4922 788 4983 ei,
816 4932 867 4975 et
897 4923 1028 4976 dixit
1058 4921 1314 4976 Dominus
1332 4922 1396 4975 ad
1434 4922 1703 4977 diabolum
1739 4942 1751 4977 :
1779 4924 2020 4995 increpet
2063 4926 2241 4980 Domi-

718 5022 820 5061 nus
843 5008 894 5061 in
922 5018 992 5073 te,
1024 5012 1249 5074 diabole,
1296 5018 1349 5064 et
1383 5012 1617 5082 increpet
1651 5011 1908 5069 Dominus
1947 5017 2002 5069 in
2025 5023 2095 5078 te,
2150 5013 2241 5083 qui

715 5096 875 5164 elegit
914 5098 1199 5155 Jerusalem
1256 5121 1268 5155 :
1315 5117 1491 5156 nonne
1544 5117 1669 5158 ecce
1710 5105 1818 5169 hic,
1864 5105 2018 5175 quasi
2077 5103 2239 5157 torris

716 5190 903 5235 erutus
928 5197 991 5234 ex
1027 5185 1181 5251 igne?
1208 5188 1269 5239 Et
1293 5199 1407 5243 erat
1437 5189 1593 5245 Jesus
1617 5191 1836 5247 indutus
1865 5193 2103 5246 vestibus
2124 5204 2241 5243 sor-

720 5269 881 5331 didis,
930 5277 983 5322 et
1032 5274 1202 5325 stabat
1256 5285 1376 5331 ante
1443 5280 1629 5335 faciem
1694 5283 1864 5352 angeli
1913 5280 2142 5342 Domini,
2187 5284 2236 5331 et

722 5360 1016 5428 reSpondit,
1060 5370 1112 5412 et
1147 5363 1219 5415 ait
1263 5366 1327 5418 ad
1355 5378 1553 5426 stantes
1583 5381 1706 5429 ante
1761 5374 1949 5427 faciem
1972 5411 1986 5434 ,
2013 5371 2195 5424 dicens
2222 5387 2235 5423 :

721 5449 937 5504 Auferte
970 5450 1281 5505 vestimenta
1304 5456 1516 5510 sordida
1549 5462 1614 5516 ab
1632 5478 1716 5530 eo,
1747 5471 1800 5518 et
1828 5463 1960 5517 dixit
1991 5460 2055 5515 ad
2081 5475 2234 5514 eum:

722 5539 858 5593 Ecce
878 5537 1072 5593 abstuli
1130 5554 1160 5593 a
1200 5548 1251 5597 te
1285 5544 1589 5614 iniquitates
1620 5560 1761 5617 tuas,
1792 5565 1841 5609 et
1876 5552 2076 5607 induite
2115 5565 2234 5604 eum

790 5691 834 5723 ⁸³
859 5688 1023 5744 Exod.
1048 5705 1195 5759 nm,
1237 5697 1321 5757 20.
1396 5694 1619 5753 “Marc.
1665 5717 1702 5768 ι,
1732 5702 1782 5757 2.

2322 3176 2417 3246 τὴν
2447 3175 2546 3244 γῆν
2564 3213 2578 3237 ,
2604 3174 2671 3244 ἢν
2697 3173 2991 3244 ἡτοίμασά
3021 3189 3131 3228 σοι.
3153 3173 3414 3246 ῐὶρὸσεχε
3437 3191 3525 3228 σεο

2324 3267 2479 3320 ἀκουε
2511 3262 2670 3317 αὐτοῦ
2691 3302 2706 3328 ,
2736 3264 2811 3334 μὴ
2846 3265 3080 3318 ἀπείθει
3111 3266 3271 3335 αὐτῷ
3294 3283 3309 3296 ο
3339 3266 3404 3319 οὗ
3436 3270 3521 3336 γὰρ

2324 3355 2477 3426 ληταί
2505 3371 2581 3407 σε.
2608 3353 2680 3406 Τὸ
2698 3353 2807 3423 γάρ
2827 3354 3020 3425 ὄνομά
3054 3373 3165 3427 μου
3201 3358 3364 3412 ἐστὶν
3390 3358 3479 3410 ἐπ’
3507 3376 3522 3411 ι

2326 3445 2484 3515 φησὶν
2502 3442 2657 3505 αὐτὸς
2686 3444 2714 3494 ὁ
2739 3444 2957 3514 Κύριος
2974 3484 2990 3508 ,
3012 3446 3115 3499 τοῦ
3155 3448 3248 3500 σοὶ
3280 3448 3467 3503 ταῦτα
3491 3467 3520 3518 χ

2324 3532 2557 3603 τοῦνομα
2591 3531 3036 3602 ἐπιγέγραπται,
3067 3539 3100 3591 ὁ
3137 3537 3366 3608 μέλλων
3412 3540 3526 3592 eici

2326 3624 2404 3686 είς
2428 3623 2523 3692 τὴν
2554 3623 2654 3692 γῆν
2683 3622 2783 3691 τῆς
2811 3626 3182 3695 ἐπαγγελίας
3199 3645 3214 3659 ο
3241 3632 3295 3682 εί
3317 3631 3366 3683 δ’
3392 3632 3525 3683 αὐτὶ

2326 3712 2424 3765 οὐκ
2464 3711 2651 3774 ἄλλος,
2688 3712 2970 3783 πρόδηλον
2993 3755 3011 3779 ,
3042 3716 3130 3781 ὡς
3180 3718 3449 3791 τοῦνομα
3493 3738 3526 3773 τ

2329 3800 2686 3852 ἐπιτεθεῖσθαι
2711 3800 2897 3870 αὐτῷ.
2933 3804 3017 3856 Οὐ
3047 3805 3399 3876 θαυμαστὸν
3422 3806 3522 3862 οὖν

2326 3886 2483 3939 αὐτὸν
2506 3885 2783 3950 ἀποκαλεῖ,
2813 3890 2917 3942 ὅτε
2958 3893 3070 3945 ita).
3102 3894 3254 3967 περὶ
3284 3895 3528 3951 ἰωάννο

2327 3976 2534 4042 γονότος
2559 3974 2806 4029 λέλεκται
2843 3980 2936 4044 τὸ,
2985 4000 3006 4033 ι
3059 3984 3210 4037 Ἰδοὺ
3244 3988 3532 4041 ἀποστέλί

2330 4082 2427 4133 μου
2470 4064 2574 4134 πρὸ
2606 4065 2921 4135 προσώπου
2958 4090 3067 4127 σου
3093 4115 3112 4141 ,
3154 4077 3226 4142 ὃς
3274 4096 3525 4134 κατασκ

2330 4169 2419 4205 σου
2452 4152 2750 4224 ἔμπροσθέν
2789 4175 2926 4215 σου.
2966 4183 2987 4216 ι

2341 4265 2997 4354 ‘Afdnfoﬁil'uza‘ploy.
3027 4309 3112 4354 Τ·
3134 4280 3251 4348 Ὡς
3292 4284 3411 4338 καὶ
3444 4286 3536 4354 Ἰη

2398 4334 2632 4415 σεᾷὲκ-ό
2662 4334 2880 4415 ίςρεὗς
2915 4348 2954 4415 ό
2984 4349 3204 4415 μέγας
3223 4334 3540 4407 ἐιὲιὲὶρᾶἶ

2399 4403 2867 4492 Ἦῖέιέέῖῆρενέ
2894 4403 3125 4492 we
3175 4403 3535 4492 ’έέέίάἴρὲεέ

2410 4472 2684 4558 φεὸτίτὴν
2693 4472 2912 4558 adias
2925 4472 3015 4536 ἒπ

2407 4539 2619 4608 ψυχῶν
2646 4539 3163 4611 αἱχμαλωσίαῖξ

2414 4669 2431 4702 ι
2466 4651 2570 4744 Καὶ
2592 4650 2759 4744 ἐδειξέ
2805 4671 2921 4724 μοι
2954 4662 3217 4737 Κύριος
3262 4672 3519 4744 Ἰησοῦν

2336 4739 2704 4835 γανΔ,-ὲστῷτα
2725 4746 2866 4835 πρὸ
2907 4757 3280 4823 προσώπου
3322 4739 3543 4835 ἀγγέλν

2335 4831 2571 4925 διάδολξῖ
2594 4833 2858 4903 εἱστήκει
2885 4840 2969 4896 ἐκ
3005 4845 3247 4913 δεξιῶν
3286 4831 3521 4925 αὑτοῦ,

2338 4922 2444 4975 Καὶ
2485 4918 2601 4973 εἶπε
2648 4921 2886 4994 Κύριος
2948 4938 3125 5007 πρὸς
3176 4944 3292 4999 τὸν
3353 4918 3544 5003 stas};

2338 5009 2534 5081 Κύριος
2566 5013 2621 5063 ἐν
2655 5014 2738 5065 σοὶ
2764 5055 2784 5079 ,
2824 5018 3109 5083 διάδολε
3134 5073 3154 5095 ,
3216 5037 3344 5091 καλ.
3400 5042 3553 5098 ὲπιτ

2341 5101 2439 5204 σοι,
2461 5102 2489 5151 ό
2511 5099 2907 5204 ἐκλεξάμενος
2935 5117 3066 5187 τὴν
3108 5122 3548 5204 Ἰερουσαλήμ

2341 5188 2731 5293 ἐξεσπασμένος
2756 5195 2845 5293 ἐκ
2879 5208 3108 5276 πυρός
3143 5227 3165 5277 .’
3188 5188 3341 5271 ιξσλ
3372 5215 3463 5293 ἢν
3494 5188 3554 5279 ’ξι

2343 5281 2527 5386 Ξμάτία
2558 5284 2819 5386 ῥυπαρὰ,
2860 5296 2988 5386 καὶ
3025 5303 3343 5375 εἱστήκει

2341 5370 2559 5463 Κυρίου,
2581 5373 2674 5463 καὶ
2694 5375 3057 5459 ἀπεκρίθη
3085 5431 3104 5454 ,
3140 5370 3270 5451 καὶ
3307 5370 3471 5461 εἶπέ.
3508 5424 3558 5463 π

2463 5462 2796 5557 προσιῦπουᾲ,
2826 5470 3092 5542 λέγων’
3136 5459 3473 5557 ’Λφέλετε

2342 5546 2432 5600 ἀπ’
2461 5551 2640 5604 αὑτοῦ*
2681 5555 2802 5608 καὶ
2846 5557 3013 5620 εἷπε.
3060 5546 3253 5645 Eph;-
3290 5546 3534 5642 aia-rint:
