3862 6308
733 324 825 379 351

1313 314 1579 371 EUSEBII
1616 310 2082 370 CESABIENSIS
2113 309 2261 365 OPP.
2303 308 2499 364 PARS.
2542 309 2604 363 ll.
2640 338 2708 349 -—
2742 307 2838 361 ΑΡ(

1662 310 2082 370 JESABIENSIS
2113 309 2261 365 opp.
2303 308 2499 364 rans.
2542 309 2604 363 ιι.
2640 338 2708 349 -
2742 285 3187 362 Αροιοοετιειὶ

731 435 1092 500 charitaleque
1143 443 1269 500 erga
1309 446 1407 485 nos
1454 446 1549 485 sua
1598 432 1876 487 sustinuit.
1925 431 2256 498 QuaprOpter

2032 436 2259 498 IprOpler
2287 433 2330 487 Α
2358 428 2546 497 φέρει,
2578 428 2671 479 καὶ
2698 428 2825 497 περὶ
2864 428 3013 497 ἡμῶν
3043 427 3226 478 όδυνᾶται
3244 461 3256 484 ,
3279 418 3354 472 καὶ
3373 416 3497 486 ἡμεῖς
3517 412 3557 464 ὲλ

732 527 895 582 lsaias
921 525 996 579 sic
1031 521 1134 574 ait:
1158 536 1177 569 ‹
1208 519 1303 573 Hic
1325 530 1540 589 peccata
1561 531 1744 576 nostra
1774 521 1893 583 fert,
1918 529 1970 573 et
1990 535 2085 588 pro
2102 520 2256 573 nobis

731 619 884 674 estin
913 616 1116 674 dolore.
1147 620 1199 668 et
1221 629 1320 669 nos
1344 615 1764 669 existimavimus
1801 629 1921 668 eum
1943 628 2063 668 esse
2093 612 2147 664 in
2177 612 2256 663 la-

735 713 852 761 ‘iore
866 714 917 759 et
947 706 998 758 iu
1026 704 1174 772 plaga
1196 705 1322 758 etin
1339 704 1649 757 afﬂictione:
1685 705 1796 770 ipse
1825 712 2000 756 autem
2018 704 2260 755 vulnera-

728 805 813 850 tus
832 802 913 849 est
943 800 1157 862 propter
1187 800 1399 861 peccata
1430 799 1701 853 nostra,et
1722 792 2020 844 inﬁrmatus
2046 800 2260 856 estpro-

727 895 842 953 pter
877 883 1187 953 iniquitates
1213 889 1426 935 nostras
1447 881 1525 935 3‘:
1560 900 1577 932 ›
1628 881 1757 944 quin
1815 879 1977 933 etiam
2025 875 2260 931 Joannes

726 975 963 1043 Baptista
990 1011 1005 1037 ,
1060 987 1183 1026 cum
1250 970 1527 1024 Dominum
1578 970 1800 1025 vidisset
1834 1007 1850 1032 ,
1890 968 1966 1022 ait
2002 987 2015 1022 :
2078 986 2097 1019 ι
2124 965 2263 1021 Ecce

725 1063 905 1131 Agnus
939 1059 1052 1124 Dei,
1108 1060 1201 1129 qui
1242 1059 1380 1112 tollit
1426 1066 1646 1126 peccata
1700 1055 1888 1111 mundi
1941 1057 2008 1110 '9.
2042 1074 2060 1109 ι
2116 1054 2260 1108 Pau-

724 1154 807 1206 lus
859 1165 1071 1220 quoque
1118 1150 1201 1202 his
1253 1149 1449 1203 similia
1510 1148 1755 1203 scribens
1801 1147 1868 1202 de
1912 1148 2004 1202 illo
2036 1145 2257 1215 inquit:

727 1260 745 1292 ι
770 1240 902 1293 Eum
927 1239 1016 1308 qui
1047 1246 1323 1306 peccatum
1382 1252 1492 1291 non
1544 1237 1713 1302 novit,
1746 1251 1843 1305 pro
1872 1236 2024 1291 nobis
2071 1247 2262 1304 pecca-

723 1341 831 1383 tum
857 1329 998 1390 fecit,
1024 1335 1081 1381 ut
1108 1343 1206 1382 nos
1219 1326 1544 1382 ciliceremur
1566 1328 1771 1396 iustitia
1798 1326 1894 1381 Dei
1921 1327 1975 1379 in
2016 1326 2134 1395 ipso
2156 1325 2256 1391 ⁹⁰;»

724 1424 850 1475 item
886 1435 900 1470 :
939 1419 1225 1472 «Christus
1285 1434 1382 1472 nos
1416 1419 1639 1472 redemit
1682 1418 1749 1474 de
1794 1417 2077 1471 maledicto
2104 1417 2260 1485 legis,

723 1507 898 1562 factus
960 1521 1056 1575 pro
1112 1505 1269 1559 nobis
1324 1506 1663 1559 maledictum
1715 1506 1781 1560 “.
1841 1524 1860 1557 ι
1920 1504 2042 1558 Haec
2100 1505 2264 1572 igitur

725 1598 968 1650 universa
997 1595 1124 1649 dum
1170 1596 1315 1649 canit
1346 1596 1623 1664 prophela,
1678 1596 1915 1666 apertius
1962 1610 2026 1649 ea
2051 1594 2167 1664 ipsa
2197 1596 2266 1651 si-

723 1684 938 1754 gniﬁcat
968 1683 1057 1735 ubi
1104 1683 1179 1735 ait
1208 1701 1220 1736 :
1249 1701 1267 1732 ι
1298 1682 1360 1736 Et
1389 1682 1547 1738 Jesus
1590 1691 1708 1738 erat
1752 1684 1969 1738 indutus
2019 1684 2260 1739 vestibus

722 1772 950 1827 sordidis
972 1773 1056 1837 9';
1086 1790 1105 1822 ο
1132 1779 1501 1825 verumtamen
1532 1810 1548 1835 ,
1591 1771 1659 1825 iis
1692 1771 1950 1840 depositis
1982 1786 2089 1839 quo
2128 1780 2261 1825 tem-

721 1878 847 1932 pore
893 1862 946 1915 in
992 1862 1187 1915 'cmium
1251 1861 1509 1926 ascendit,
1577 1875 1640 1914 ac
1691 1861 1758 1915 de
1802 1861 2056 1915 servitute
2104 1860 2261 1929 199

722 1963 902 2007 nostra
956 1951 1023 2006 ad
1058 1967 1120 2007 ea
1150 1966 1266 2020 qua:
1327 1951 1497 2020 ipsius
1548 1952 1764 2021 propria
1823 1960 1970 2014 sunt,
2011 1966 2258 2005 reversus

722 2050 825 2107 est,
888 2051 999 2097 tum
1054 2057 1180 2097 vero
1228 2050 1458 2111 paterna:
1512 2042 1806 2096 divinitatis
1851 2042 2148 2097 diademate
2175 2047 2257 2095 est

725 2141 1013 2186 coronatus
1031 2169 1047 2195 ,
1074 2139 1127 2185 et
1163 2130 1368 2201 paterni
1397 2131 1612 2186 luminis
1645 2131 2138 2200 splendidissimum
2164 2145 2257 2183 ve-

726 2222 1030 2276 stimentum
1075 2221 1313 2285 indutus,
1371 2221 1648 2290 cidarique
1681 2221 1898 2287 divina,
1924 2229 2088 2290 atque
2133 2220 2256 2274 aliis

721 2312 1007 2382 pontiliciis
1032 2312 1360 2365 ornamentis
1374 2312 1682 2367 decoratus.
1708 2310 1824 2365 Non
1844 2320 1926 2366 est
1949 2320 2124 2366 autem
2151 2310 2256 2366 dif-

724 2384 860 2454 licile
890 2399 1049 2453 etiam
1079 2413 1140 2452 ea
1180 2413 1296 2467 qua
1322 2399 1390 2452 ad
1422 2398 1692 2452 diabolum
1714 2406 1958 2468 spectant
1986 2401 2252 2470 interpre-

717 2489 839 2549 tari,
861 2487 952 2557 qui
984 2487 1197 2555 quidem
1226 2487 1385 2540 etiam
1423 2502 1568 2541 nunc
1595 2487 1721 2540 dum
1760 2487 1958 2541 Christi
1992 2489 2253 2542 doctrinae

717 2577 1048 2640 adversatur,
1099 2584 1258 2644 atque
1296 2576 1372 2628 illi
1404 2575 1674 2641 Ecclesia,
1708 2592 1827 2645 quae
1862 2591 1893 2629 a
1920 2576 2132 2631 Christo
2159 2593 2254 2646 per

718 2675 887 2721 totum
938 2674 1198 2719 terrarum
1244 2666 1428 2719 orbem
1466 2673 1648 2720 erecta
1695 2674 1798 2730 est,
1828 2668 1932 2736 ipsi
1986 2666 2247 2721 Salvatori

720 2762 908 2811 nostro
938 2754 1272 2817 adversatur,
1299 2761 1482 2824 utpote
1511 2757 1601 2824 qui
1632 2767 1787 2810 antea
1815 2771 2030 2825 quoque
2057 2764 2247 2809 contra

720 2848 868 2902 illum
897 2845 1122 2908 steterit,
1169 2845 1295 2898 dum
1338 2846 1384 2898 is
1425 2847 1577 2901 adest
1623 2863 1723 2902 nos
1748 2861 1779 2899 a
1806 2847 2061 2901 servitute
2089 2861 2248 2915 quam

720 2936 821 2990 sub
869 2935 971 2988 hoc
998 2933 1317 2996 ferebamus,
1350 2936 1675 2991 liberaturus
1708 2956 1722 2991 :
1765 2951 1953 3005 nempe
1986 2937 2135 2989 illum
2163 2937 2249 2989 hic

719 3027 945 3081 tentavit
974 3033 1027 3080 et
1059 3027 1223 3081 semel
1253 3027 1421 3096 prius,
1454 3034 1509 3082 et
1542 3027 1733 3082 iterum
1768 3035 1972 3096 postea,
2001 3042 2122 3081 cum
2145 3027 2248 3081 sub

719 3116 889 3184 ipsam
913 3115 1212 3183 passionem
1239 3115 1315 3169 illi
1345 3115 1570 3171 insidias
1588 3117 1940 3185 comparavit,
1967 3116 2034 3169 ad
2064 3126 2246 3170 extre-

717 3219 863 3258 mum
892 3204 981 3258 ille
1019 3218 1140 3257 cum
1166 3212 1219 3258 et
1249 3205 1422 3274 ipsum
1471 3205 1770 3269 diabolum,
1810 3213 1863 3259 et
1888 3221 1983 3258 eos
2013 3205 2103 3273 qui
2149 3205 2252 3258 sub

716 3294 836 3362 ipso
854 3292 1071 3363 degunt,
1102 3292 1399 3356 universos,
1430 3301 1483 3346 et
1504 3294 1746 3347 inimicos
1774 3301 1826 3348 et
1846 3293 2047 3347 hostes.
2078 3294 2251 3345 visum

717 3389 964 3436 nostrum
991 3380 1339 3449 eli'ugientes,
1371 3380 1427 3433 in
1454 3379 1630 3451 fugam
1685 3380 1973 3441 vertisset,
2018 3394 2119 3433 nos
2156 3380 2249 3448 qui

716 3471 913 3541 captivi
959 3470 1291 3534 tenebamur,
1326 3485 1454 3526 suos
1501 3469 1676 3525 eti‘ecit
1712 3470 2057 3535 domesticos,
2092 3479 2251 3540 atque

717 3561 784 3616 de
812 3561 969 3615 nobis
990 3560 1142 3629 ipsis,
1174 3569 1425 3630 tanquam
1452 3562 1518 3615 de
1555 3561 1689 3615 vivis
1719 3561 2007 3631 lapidibus,
2032 3562 2250 3615 domum

719 3651 832 3717 Dei,
857 3653 1133 3721 ipsamque
1163 3652 1371 3720 pietatis
1394 3653 1777 3722 rempublicam
1803 3656 2019 3720 struxit,
2059 3663 2118 3707 ut
2130 3655 2250 3723 jure

718 3757 781 3796 ac
810 3744 1000 3795 merito
1026 3742 1101 3794 illi
1136 3743 1413 3795 oraculum
1450 3745 1520 3798 sit
1549 3745 2084 3810 accommodandum,
2106 3745 2248 3813 quod

729 3832 805 3884 ait
837 3849 850 3885 :
892 3850 910 3881 ‹
944 3830 1081 3883 Ecce
1115 3831 1216 3894 vir,
1234 3830 1435 3888 Oriens
1463 3850 1657 3889 nomen
1678 3835 1748 3898 ei,
1773 3844 1827 3890 et
1854 3836 2035 3889 subter
2074 3836 2246 3903 ipsum

718 3921 941 3983 orietur,
967 3929 1019 3973 et
1041 3919 1323 3975 aedilicabit
1352 3923 1567 3977 domum
1599 3924 1844 3988 Domini,
1879 3933 1932 3978 et
1962 3926 2075 3993 ipse
2107 3925 2249 3978 acci-

718 4007 825 4075 piet
848 4007 1118 4070 virtutem,
1142 4014 1195 4060 et
1225 4010 1449 4078 sedebit,
1493 4021 1546 4067 et
1564 4012 1928 4082 principatum
1960 4013 2160 4066 tenebit
2192 4015 2247 4066 in

716 4095 843 4151 sede
857 4111 953 4151 sua
978 4096 1043 4149 ³³.
1084 4114 1103 4146 ι
1127 4095 1351 4152 Attende
1380 4101 1542 4169 igitur
1567 4103 1870 4171 diligenter,
1904 4102 2247 4171 quemadmo-

716 4185 842 4239 dum
874 4184 960 4237 hic
993 4184 1207 4252 quidem
1268 4188 1530 4254 spirituali
1561 4191 1790 4258 quodam
1833 4203 1982 4242 more
2010 4189 2075 4241 de
2108 4189 2241 4240 anti-

716 4289 824 4343 quo
870 4274 1094 4344 loquens
1125 4273 1274 4338 Jesu,
1302 4279 1394 4345 qui
1445 4279 1730 4349 imaginem
1768 4280 1879 4333 veri
1912 4278 2134 4340 ferebat,
2166 4279 2245 4332 sic

717 4364 897 4419 dicat:
922 4383 941 4414 ι
972 4363 1107 4419 Ecce
1120 4366 1220 4429 vir,
1244 4366 1436 4423 Oriens
1459 4385 1653 4423 nomen
1688 4370 1757 4425 ei.
1784 4368 2101 4422 )Paululum
2120 4385 2244 4423 vero
2276 4402 2318 4455 Β

718 4468 1055 4525 progressus,
1087 4457 1240 4525 quasi
1267 4456 1332 4511 de
1347 4458 1451 4512 alio
1468 4460 1558 4528 qui
1588 4459 1658 4511 sit
1682 4459 1892 4523 Oriens,
1929 4460 2029 4529 ipsi
2052 4461 2127 4513 illi
2152 4462 2244 4530 qui

716 4555 847 4597 tunc
867 4543 1071 4608 aderat,
1106 4542 1230 4599 Jesu
1261 4545 1485 4599 dixerit:
1513 4564 1539 4597 4
1562 4545 1822 4616 Audijam
1846 4530 2016 4612 nunc,
2047 4547 2243 4612 oJesu,

717 4632 971 4688 sacerdos
990 4649 1195 4705 magne,
1212 4644 1265 4690 et
1286 4645 1364 4698 tu,
1390 4644 1443 4690 et
1465 4637 1693 4705 proximi
1727 4641 1803 4691 tui
1824 4677 1837 4701 ,
1867 4642 2121 4710 quoniam
2145 4641 2245 4694 viri

713 4723 1076 4793 prodigiorum
1134 4725 1462 4795 inspectores
1507 4737 1650 4785 sunt.
1709 4728 1845 4785 Ecce
1881 4747 1979 4802 ego
2039 4731 2245 4786 adduco

705 4826 926 4865 «samum
957 4829 1152 4880 meum,
1185 4814 1456 4871 Orientem
1482 4817 1549 4874 ".
1585 4817 1641 4872 Si
1663 4819 1825 4889 igitur
1844 4837 2021 4878 sermo
2048 4822 2243 4877 eratde

706 4901 820 4952 alio
848 4904 939 4971 qui
969 4916 1223 4962 venturus
1278 4916 1440 4972 esset,
1482 4924 1544 4964 ac
1578 4911 1758 4966 verius
1789 4929 1948 4982 quam
2010 4914 2118 4977 ille,
2149 4913 2242 4983 qui

706 4994 845 5075 tunc
860 4993 1063 5058 aderat,
1083 4998 1273 5052 Oriens
1286 5000 1661 5066 nominandus,
1684 5014 1827 5058 certe
1847 5004 2243 5075 imagoventuri

722 5072 954 5164 Orientis
982 5083 1069 5136 ille
1090 5096 1204 5139 erat
1232 5105 1246 5141 :
1279 5098 1460 5159 utpote
1497 5093 1590 5159 qui
1623 5092 1678 5144 in
1706 5072 2052 5164 imaginenon
2068 5094 2239 5147 solum

716 5161 897 5226 Jcsus,
917 5170 1017 5221 sed
1052 5174 1212 5227 etiam
1240 5176 1431 5236 Oriens
1462 5182 1753 5251 diceretur,
1782 5161 1837 5239 si
1857 5183 2071 5254 quidem
2124 5192 2243 5236 tan-

717 5267 878 5317 ιιηιιιη
913 5254 978 5306 ad
1003 5255 1177 5324 ipsum
1207 5279 1540 5336 praesentem,
1562 5274 1722 5329 verba
1755 5276 1843 5327 illa
1878 5294 1890 5328 :
1929 5292 1949 5325 ‹
1981 5272 2118 5327 Ecce
2136 5274 2235 5335 vir,

719 5338 912 5394 Oriens
933 5358 1125 5399 nomen
1153 5349 1222 5410 ei,
1264 5372 1283 5401 ι
1306 5357 1372 5409 ad
1396 5358 1543 5414 illum
1564 5364 1706 5418 dicta
1743 5373 1889 5420 sunt.
1922 5362 2110 5417 Merito
2138 5361 2238 5431 igi-

2361 518 2497 587 μεθα
2515 519 2673 571 αὑτὸν
2704 513 2837 570 εἶναι
2869 520 2925 572 ὲν
2952 517 3079 585 πόνῳ
3099 515 3167 568 καὶ
3190 517 3234 566 ὲν
3261 509 3428 579 πληγῇ,
3462 506 3539 558 καὶ

2358 608 2553 660 κώσει·
2614 609 2773 670 αὐτὸς
2827 608 2881 660 δὲ
2922 602 3253 677 ὲτραυματὶσθη
3287 598 3360 651 διὰ
3396 596 3473 656 τὰς
3511 596 3558 661 ἀι

2358 699 2390 767 ἡ
2399 697 2510 767 μῶν
2535 736 2550 760 ,
2597 700 2689 750 καὶ
2720 696 3095 766 μεμαλὰκισται
3126 692 3192 745 διὰ
3220 689 3302 751 τὰς
3326 684 3515 755 ἀνομίας
3536 685 3562 751 ἢ

2371 785 2527 837 Ἀλλὰ
2558 786 2651 838 καὶ
2693 786 2939 853 Ἰωάννης
2983 786 3008 836 ὁ
3050 778 3287 848 Βαπτιστὴς
3328 773 3431 828 ἰδὼν
3463 772 3538 823 τὸν

2360 867 2538 922 εἶπεν·
2575 891 2594 921 ι
2625 873 2728 925 Ἴδε
2774 876 2802 926 ό
2842 873 2899 924 Ἀ
2911 872 3038 942 μνὸς
3065 869 3135 922 τοῦ
3157 865 3259 920 Θεοῦ
3283 866 3308 917 ὁ
3330 862 3472 930 αἴρων
3497 856 3559 911 τάκ

2360 958 2480 1020 τίας
2509 961 2600 1014 τοῦ
2628 963 2851 1032 κόσμου.
2886 982 2905 1014 ι
2945 959 3094 1014 Καὶὸ
3122 958 3288 1020 Παῦλος
3311 954 3488 1014 τούτοις
3516 968 3562 1001 πε

2364 1049 2490 1109 σίως
2536 1054 2661 1118 περὶ
2702 1053 2864 1106 αὑτοῦ
2913 1053 3118 1124 γράφων
3157 1049 3290 1120 φησί’
3324 1066 3340 1098 ι
3368 1045 3457 1097 Τδν
3501 1040 3562 1113 μὴ

2362 1139 2795 1210 ἁμαρτίανδὺπὲρ
2819 1139 2975 1208 ἡμῶν
3015 1137 3236 1212 ἁμαρτίαν
3259 1139 3507 1208 εποίησεν,
3540 1136 3562 1187 ἴ·

2360 1227 2665 1298 δικαιοσύνη
2735 1226 2868 1279 Θεοῦ
2938 1226 3188 1296 γινώμεθα
3237 1232 3288 1283 ὲν
3352 1226 3481 1296 αὐτῷ
3506 1243 3518 1255 ο

2368 1334 2387 1366 ι
2429 1316 2655 1387 Χριστὸς
2692 1317 2838 1386 ἡμᾶς
2882 1316 3184 1387 ἐξηγόρασεν
3232 1317 3289 1367 ὲκ
3324 1319 3411 1385 τῆς
3449 1316 3562 1370 κατά

2361 1409 2521 1479 νόμου
2544 1448 2559 1473 ,
2606 1408 2886 1478 γενόμενος
2947 1408 3078 1477 ὑπὲρ
3125 1405 3260 1477 ἡμῶν
3323 1404 3530 1475 κατάρα.

2362 1498 2425 1568 δὴ
2472 1494 2562 1552 οὖν
2619 1499 2831 1551 ἅπαντα
2894 1496 3193 1561 Θεσπίζουσα
3242 1497 3274 1566 ἠ
3318 1496 3562 1566 προφητεί

2361 1587 2427 1638 δι’
2461 1580 2534 1639 ὧν
2565 1602 2726 1656 φησι·
2764 1605 2782 1636 ι
2817 1586 2927 1639 Καὶ
2973 1585 3156 1656 Ἰησοῦς
3191 1581 3251 1656 ἦν
3293 1584 3560 1653 ὲνδεδυμέν

2365 1677 2608 1746 ῥυπαρά·
2655 1696 2676 1727 ι
2713 1676 2847 1747 πλὴν
2904 1675 3038 1729 ἀλλὰ
3071 1676 3219 1728 ταῦτα
3255 1674 3562 1744 ἀποθέμενος

2359 1768 2437 1829 είς
2477 1769 2730 1838 οὐρανοὺς
2770 1768 2986 1831 ἄνοδ›ν,
3039 1767 3120 1820 καὶ
3156 1767 3244 1838 τὴν
3292 1767 3419 1820 ἀπὸν
3442 1768 3533 1836 τῆς

2357 1857 2722 1926 αἰχμαλωσίας
2750 1860 2829 1919 εἰς
2865 1857 2934 1910 τὰ
2963 1859 3123 1909 οἰκεῖα
3156 1856 3419 1920 ἐπάνοδον,
3451 1856 3525 1925 τῷ
3550 1872 3562 1889 ε

2355 1947 2457 2015 κῆς
2499 1945 2742 2014 θεότητος
2784 1948 3123 2015 στεφανοῦται
3156 1946 3454 2017 διαδήματι,
3486 1948 3558 1999 καὶ

2357 2035 2625 2106 προτὰτην
2659 2035 2846 2105 στολὴν
2891 2035 2986 2088 τοῦ
3022 2035 3264 2107 πατρικοῦ
3310 2036 3485 2104 φωτὸς
3530 2055 3562 2089 11

2355 2126 2562 2195 κιδάρει
2597 2143 2656 2178 τε
2688 2126 2871 2195 ἐνθέῳ,
2904 2127 2998 2178 καὶ
3028 2128 3126 2188 τοῖς
3156 2126 3333 2190 ἄλλοις
3366 2129 3555 2199 ἁρχιερ

2355 2231 2510 2284 σμοις
2538 2217 2977 2285 κατακοσμεῖτάι’
3007 2215 3064 2267 οὐ
3091 2213 3293 2284 χαλεπὰ
3327 2218 3386 2271 δὲ
3414 2221 3512 2272 καὶ
3542 2237 3560 2270 ἰ

2352 2306 2591 2360 διάϐολον
2627 2305 2932 2368 ἀποδοῦναι,
2973 2306 3032 2369 ὃς
3062 2306 3135 2359 ἔτι
3162 2308 3253 2360 καὶ
3300 2306 3400 2359 νῦν
3437 2310 3554 2362 ἀντι

2352 2397 2443 2450 τοῦ
2471 2395 2703 2466 Χριστοῦ
2731 2394 3061 2465 διδασκαλίᾳ,
3089 2396 3177 2449 καὶ
3202 2398 3269 2466 τῇ
3303 2396 3431 2449 καθ’
3457 2398 3558 2469 ὅλη

2355 2485 2518 2557 μένης
2570 2485 2659 2539 ὑπ’
2710 2484 2871 2538 αὑτοῦ
2924 2485 3217 2557 ἰδρυνθείσῃ
3261 2486 3560 2556 Ἐκκλησίι

2352 2579 2562 2647 Σωτῆρι
2612 2577 2767 2648 ἡμῶν
2821 2577 3134 2646 ἁνθέστηκε,
3193 2578 3285 2632 καὶ
3345 2579 3556 2649 πρότερ

2351 2668 2595 2729 ἐναντίας
2627 2664 3071 2736 ἐπιστρατεύσας,
3096 2665 3182 2717 ὅτε
3215 2667 3414 2737 παρῆν
3444 2670 3560 2736 qua

2350 2756 2510 2808 αὑτοῦ
2545 2755 2914 2825 αἰχμαλωσίας
2946 2754 3222 2824 ῥυόμενος.
3270 2756 3556 2827 Ἐπείρασ

2350 2846 2444 2898 καὶ
2473 2845 2750 2916 πρότερον,
2786 2845 2880 2897 καὶ
2906 2844 3175 2914 δεύτερον,
3208 2845 3307 2897 ὅτε
3348 2848 3506 2900 κατὰ
3534 2866 3560 2901 τ

2350 2936 2633 3008 ἐπιϐουλὴν
2666 2936 2812 3006 αὑτῷ
2858 2936 3319 2989 συνεσκευάσατο.
3362 2939 3493 3007 Ἐφ’
3531 2958 3558 2992 ο

2348 3025 2439 3078 τὸν
2484 3025 2721 3078 διάϐολον
2766 3027 2859 3078 καὶ
2904 3027 3028 3087 τοὺς
3071 3026 3164 3078 ὐπ’
3202 3026 3370 3096 αὐτῷ
3429 3031 3560 3082 πάν·

2352 3115 2572 3185 ἐχθρούς
2601 3131 2659 3166 τε
2691 3114 2785 3167 καὶ
2815 3114 3109 3183 πολεμίους
3142 3117 3551 3188 τροπωσάμεν

2356 3203 2627 3273 μαλώτους
2660 3206 2803 3273 ἡμᾶς
2835 3205 3070 3266 οἰκείους
3098 3204 3275 3257 αὐτοῦ
3310 3223 3560 3279 κατηρτ

2352 3290 2503 3360 ἡμῶν
2530 3290 2703 3343 αὐτῶν
2724 3328 2739 3352 ,
2768 3291 2916 3343 ὼσὰν
2945 3293 3010 3343 ἐκ
3041 3291 3214 3344 λίθων
3254 3292 3540 3361 ζώντων,

2351 3380 2482 3433 Θεοῦ
2504 3380 2670 3432 καὶτὸ
2700 3380 2800 3449 τῆς
2824 3381 3113 3445 εὐσεϐείας
3141 3383 3500 3463 πολίτευμα
3533 3393 3560 3442 ὲ

2351 3472 2566 3534 εἰκότως
2593 3470 2915 3542 ἐφαρμόζειν
2958 3472 3115 3543 αὐτῷ
3149 3474 3216 3527 τὸ
3251 3474 3476 3544 λόγιον
3513 3499 3555 3549 φ

2349 3562 2505 3633 ἀνὴρ,
2548 3561 2798 3632 Ἀνατολὴ
2823 3561 2996 3631 ὖνομα
3026 3563 3223 3634 αὐτῷ·
3266 3568 3386 3619 καὶ
3412 3570 3562 3624 -ὂποῑ

2349 3656 2608 3717 ἀνατελεῖ,
2643 3653 2736 3705 καὶ
2758 3652 3111 3723 οἰκοδομήσει
3147 3655 3255 3707 τὸν
3294 3653 3487 3714 οἶκον
3524 3662 3562 3712 li

2346 3744 2436 3807 τὸς
2462 3744 2686 3813 λήψεται
2716 3744 2936 3815 ἀρετὴν,
2967 3746 3065 3798 καὶ
3098 3745 3463 3814 καθιεῗται,
3504 3771 3562 3806 κι

2346 3833 2440 3888 τοῦ
2474 3834 2680 3904 θρόνου.
2725 3853 2743 3884 ι
2774 3835 3017 3905 Πρόσχες
3048 3835 3097 3888 δ’
3137 3833 3248 3890 οὖν
3282 3840 3562 3912 ἐπιμελὲ

2346 3924 2439 3979 νῦν
2473 3924 2568 3994 μὲν
2595 3923 2974 3992 πνευματικῶς
3002 3941 3077 3977 πε
3088 3926 3151 3997 pl.
3178 3927 3292 3980 τοῦ
3336 3932 3562 3986 πάλαι

2348 4014 2463 4075 σοῦ,
2489 4012 2578 4064 τοῦ
2618 4013 2715 4081 τὴν
2749 4012 2933 4065 εἰκόνα
2961 4014 3063 4066 τοῦ
3111 4016 3410 4087 ἀληθοῦς
3454 4025 3562 4093 φὲι

2351 4120 2369 4152 ι
2414 4101 2540 4153 Ἰδοὺ
2581 4100 2737 4170 ἀνὴρ,
2785 4101 3048 4173 Ἀνατολὴ
3096 4105 3313 4176 ὄνομα
3369 4111 3562 4183 αὐτῷ

2344 4190 2545 4250 ὑποϐὰς
2590 4189 2663 4250 ὡς
2691 4190 2833 4259 περὶ
2866 4192 3062 4262 ἑτέρου
3114 4194 3311 4259 ὄντος
3387 4200 3562 4254 ’Λνα

2343 4279 2458 4331 τότε
2492 4278 2712 4348 παρόντι
2767 4280 2942 4350 Ἰησοῦ
2974 4283 3320 4340 λέλεκταιο
3391 4309 3418 4340 ι
3482 4295 3562 4345 Ἀ

2344 4373 2371 4424 ὁ
2408 4373 2581 4443 ἱερεὺς
2608 4373 2636 4424 ό
2663 4372 2855 4442 μέγας,
2888 4376 2953 4427 σὺ
2979 4379 3087 4430 καὶ
3115 4381 3177 4432 οἱ
3216 4380 3533 4453 πλησίον

2342 4461 2725 4532 τερατοσκόποι
2757 4463 2913 4517 εἰσιν.
2961 4466 3113 4520 Ἰδοὺ
3149 4471 3309 4537 ἄγω
3353 4474 3482 4527 τὴν
3537 4477 3562 4529 ἓ

2342 4549 2521 4619 τολήν.
2561 4568 2579 4600 ι
2610 4550 2672 4602 Εἰ
2704 4549 2767 4619 δὴ
2798 4548 2891 4604 οὖν
2924 4555 2953 4605 ό
2989 4554 3189 4624 λόγος
3235 4555 3331 4630 ἦν
3369 4566 3554 4634 περὶ

2344 4639 2548 4709 ἑτέρου,
2583 4638 2938 4712 ἀληθέστερον
2975 4646 3168 4717 παρὰ
3225 4650 3358 4702 τὸν
3409 4655 3554 4706 τότι

2346 4729 2844 4801 μαζομένου,εἰκὼν
2871 4734 2979 4804 ἄρα
3011 4737 3128 4788 τοῦ
3173 4740 3554 4808 μέλλοντα

2347 4821 2545 4880 ἐκεῖνος
2572 4814 2659 4888 ἦν,
2691 4819 2766 4882 ὡς
2798 4822 2855 4875 ὲν
2888 4826 3072 4878 εἰκόνι
3123 4830 3211 4881 οὐ
3270 4833 3501 4901 μόνον

2358 4906 2609 4977 Ἀνατολὴ
2655 4907 3297 4986 προσαγορευόμενος,
3348 4924 3516 4991 εἴγε

2352 4996 2511 5050 αὐτὸν
2540 4997 2619 5062 τὸ,
2642 5016 2660 5048 ι
2683 4999 2812 5052 Ἰδοὺ
2844 5003 3013 5075 ἀνὴρ,
3059 5007 3446 5084 ’Δνατολὴ
3492 5016 3554 5067 ὃν

2345 5106 2489 5158 γετο.
2516 5089 2755 5155 Εἰκότως
2788 5087 2884 5146 οὖν
2925 5096 3033 5167 τῆς
3074 5101 3387 5166 εἰκόνος
3451 5105 3553 5158 ἓν.

2346 5184 2594 5255 Σωτῆρος
2632 5190 3014 5259 προσηγορίας
3091 5195 3428 5263 ἠξίωτο,
3501 5201 3548 5251 c1

2354 5269 2653 5343 ’Avatckﬁg.
2697 5275 2849 5328 Ἐπεὶ
2878 5277 2944 5350 δὴ
2969 5284 3348 5354 σωτήριον
3397 5287 3544 5341 Geo

2342 5360 2519 5431 φωνὴν
2557 5363 2620 5415 τὸ
2656 5363 2751 5417 τοῦ
2811 5364 2985 5437 Ἰησοῦ
3038 5375 3538 5448 μεταληφθὲη

790 5493 951 5574 “lsa.
995 5508 1113 5556 llll,
1163 5496 1282 5552 4-5.
1356 5503 1399 5535 ⁸⁸
1427 5504 1580 5565 Joan.
1630 5529 1669 5577 ι,
1732 5519 1818 5575 «29,
1896 5516 2004 5571 eo"
2053 5516 2176 5570 cur.
2213 5527 2267 5578 γ’
2312 5516 2315 5536 ι

790 5562 877 5601 -L’)
969 5563 1011 5594 9ο
1034 5560 1170 5601 Zur-ti
1224 5581 1281 5601 ι..
1336 5570 1366 5601 ρ

1999 5516 2004 5569 l
2053 5516 2176 5570 Cor.
2213 5527 2267 5578 ν,
2312 5510 2411 5595 21..
2476 5514 2520 5547 ⁹¹
2544 5511 2663 5571 Gal.
2701 5532 2782 5587 in,
2842 5520 2932 5577 i3.
3015 5526 3075 5558 "
3112 5525 3379 5601 Zach,
3452 5549 3524 5590 ιι

723 5560 894 5614 1245.
969 5560 1192 5618 "Zacb.
1224 5581 1295 5637 ut
1336 5570 1386 5627 Β.
