3862 6326
715 364 814 419 335
1303 360 1481 415 EUSE
1496 359 1580 413 Bll
1613 358 2079 417 CESARIENSIS
2115 358 2261 416 OPP.
2300 359 2477 416 PARS
2512 360 2578 417 11.
2616 386 2684 399 -
2712 357 3130 416 APOLOGETlCA

855 472 944 526 ραι.
985 471 1057 522 Ab
1087 468 1275 524 Abdia.
2280 478 2325 533 Α

2280 478 2325 533 Α
2489 470 2563 522 κδ’
2570 509 2583 523 .
2628 464 2748 524 Τοῦ
2777 470 3025 525 Ἆϐδειοῦ.

850 541 937 595 95.
976 539 1016 592 A
1052 534 1094 588 Ζ
1099 539 1331 589 achario.

2491 544 2586 591 κε’.
2630 539 2738 591 Τοῦ
2770 540 3053 605 Ζαχαρίου.

853 608 940 662 26.
979 609 1054 660 Ab
1082 605 1280 659 eodem.
2488 613 2600 670 κς’.
2628 607 2733 659 Τοῦ
2764 608 2966 660 αὑτοῦ.

853 677 941 730 27.
981 675 1059 727 Ab
1088 676 1285 728 eodem.
2494 675 2595 737 κζ’.
2631 675 2739 727 Τοῦ
2772 675 2972 728 αὐτοῦ.

856 746 944 837 ξι-
985 742 1352 837 οιψέπεξιία-
2489 748 2592 837 ομ
2773 744 3072 830 eum.

856 812 940 871 29.
982 810 1060 865 Ab
1091 815 1288 864 eodem.
2491 810 2588 862 κθ’.
2624 812 2729 863 Τοῦ
2762 812 2962 867 αὐτοῦ.

860 882 948 934 50.
986 881 1031 931 Α
1068 878 1324 933 Ieremia.
2489 876 2550 929 λ’.
2618 879 2726 932 Τοῦ
2768 881 3039 948 Ἱερεμίου.

1167 967 1325 1036 202
1394 963 1811 1020 PROOEMIUM.

1718 964 1811 1020 1M.
2912 969 3243 1023 ΠΡΟΟΙΜΙΟΝ.

789 1058 922 1118 Cum
969 1058 1169 1127 quibus
1224 1055 1399 1110 modis
1458 1054 1525 1110 de
1575 1053 1852 1109 Salvatore
1900 1063 2086 1109 nostro
2129 1051 2257 1109 Jesu

1975 1063 2086 1109 stro
2129 1051 2257 1109 Jesu
2431 1053 2642 1124 Ἐπειδὴ
2667 1054 2833 1118 διττὸς
2853 1059 2882 1108 ὁ
2902 1058 3071 1125 τρόπος
3101 1061 3124 1112 ὁ
3148 1058 3342 1129 περὶτοῦ
3366 1059 3499 1130 ﬁmi“

720 1150 937 1204 Christo
966 1154 1279 1207 tractemus,
1314 1144 1351 1198 ii
1389 1144 1496 1198 duo
1523 1145 1678 1198 nobis
1714 1144 1769 1198 in
1804 1145 2047 1212 proximo
2082 1143 2245 1198 Evan-

1976 1160 2047 1199 no
2082 1143 2259 1198 Ευαη-
2365 1143 2533 1213 Ἰησοῦ
2555 1144 2781 1214 Χριστοῦ
2806 1146 3052 1213 πέφανται
3075 1150 3123 1201 ὲν
3141 1148 3206 1218 τῷ
3224 1148 3308 1218 πρὸ
3324 1148 3501 1202 τούτους

719 1240 895 1311 gelicw
923 1235 1391 1292 Demonstrationis
1412 1234 1690 1289 ‘volumine
1714 1235 1917 1290 ostensi
1954 1236 2082 1299 sint,
2115 1250 2244 1289 unus

1972 1236 2082 1299 tint,
2115 1250 2257 1289 unus
2358 1249 2483 1302 ματι
2517 1231 2611 1299 τῆς
2649 1232 3036 1300 Εὑαγγελικῆς
3074 1235 3402 1303 Ἆποόείξεως·
3427 1241 3450 1290 ὁ
3479 1256 3497 1306 ι

720 1327 936 1397 quidem
961 1339 1169 1390 eorum,
1195 1331 1391 1378 natura
1420 1331 1605 1380 nostra
1629 1323 1876 1393 superior
1898 1331 1981 1379 est
2011 1324 2245 1393 ultraque

1975 1340 1981 1376 ;
2011 1324 2257 1393 ultraque
2354 1320 2491 1390 φυὴς
2529 1320 2621 1371 καὶ
2658 1318 2926 1371 ἐπέκειναο
2971 1319 3075 1372 καθ’
3097 1320 3146 1372 ὃν
3180 1321 3418 1391 ὁριζόμεθα
3450 1326 3500 1376 αὖ

721 1419 868 1472 illam
900 1415 1158 1472 excurrit.
1194 1412 1307 1468 Hoc
1355 1427 1486 1469 sane
1534 1412 1693 1468 modo
1735 1412 2059 1469 aﬂirmamus
2106 1415 2246 1468 illum

1971 1429 2059 1469 ius
2106 1415 2254 1468 illum
2356 1409 2610 1479 μονογενῆ
2637 1409 2765 1462 Θεοῦ
2800 1410 2942 1472 Υἰὺν,
2969 1409 2997 1480 ἤ
3025 1410 3220 1480 οὐσιώδη
3241 1413 3319 1463 τοῦ
3335 1410 3442 1464 Θεοῦ
3463 1416 3496 1463 Δ

720 1522 841 1565 esse
859 1507 1078 1563 unicum
1106 1504 1197 1560 Dei
1220 1503 1433 1569 Filium,
1457 1504 1570 1559 sive
1589 1504 1683 1559 Dei
1707 1506 1992 1560 essentiam
2018 1504 2245 1560 referens

1973 1520 1992 1557 ω
2018 1504 2256 1560 referens
2352 1512 2501 1566 τερον
2532 1496 2637 1548 τῶν
2676 1495 2809 1550 ὅλων
2845 1497 3022 1560 αἴτιον,
3061 1498 3091 1566 ἢ
3127 1498 3287 1549 οὐσίαν
3327 1500 3498 1568 νοερὰν,

721 1599 978 1661 Verbum,
1014 1595 1363 1665 universique
1393 1595 1555 1664 hujus
1584 1602 1879 1661 auctorem,
1925 1595 2038 1650 sive
2072 1609 2246 1649 essen-

1973 1609 2038 1649 γε
2072 1609 2258 1649 essen.
2353 1587 2684 1658 πρωτότοκον
2709 1587 2955 1658 ἐνάρετον
2995 1586 3153 1656 φύσιν,
3195 1588 3279 1658 τὴν
3314 1588 3404 1658 πρὸ
3436 1590 3497 1641 τῶ

721 1689 851 1742 tiam
880 1686 1286 1755 intelligentem,
1340 1699 1402 1739 ac
1432 1684 1526 1739 Dei
1567 1685 1973 1755 primogenitam
2004 1686 2246 1739 virtutem

2004 1686 2254 1739 virtutem
2356 1678 2521 1741 Θείαν,
2547 1680 2638 1731 καὶ
2671 1679 2963 1749 πανάρετον
2991 1678 3262 1750 δύναμιν,ἢ
3294 1679 3378 1749 τῆς
3409 1681 3503 1747 ἁγεκ

722 1785 883 1846 atque
913 1783 1161 1829 naturam
1181 1813 1197 1839 ,
1229 1774 1443 1844 vimque
1473 1774 1727 1837 divinam,
1762 1788 1882 1843 qua
1912 1788 2126 1828 omnem
2154 1772 2247 1826 ha-

1973 1788 2126 1828 nnem
2154 1772 2255 1826 ha-
2285 1798 2327 1851 Β
2357 1791 2490 1837 σεως
2519 1774 2706 1846 νοερὰν
2735 1774 2931 1827 εἰκόνα·
2970 1776 2996 1827 ὁ
3023 1774 3074 1826 δὲ
3102 1774 3334 1844 συγγενὴς
3359 1775 3468 1843 ἡμῖν

722 1868 845 1921 heat
872 1866 1142 1928 virtutem,
1179 1872 1227 1918 et
1268 1865 1447 1919 omnia
1473 1878 1590 1932 quae
1622 1863 1763 1916 facta
1794 1863 1920 1926 sint,
1951 1861 2247 1924 antecedat,

1980 1861 2252 1924 intecedat,
2354 1864 2564 1926 οἰκεῖος,
2590 1863 2708 1915 καθ’
2731 1863 2787 1915 ὃν
2822 1863 2976 1915 πάλιν
3009 1861 3155 1914 αὐτὸν
3187 1862 3445 1933 ὁριζόμεθα
3470 1862 3505 1913 Θ

723 1957 836 2010 sive
864 1956 1108 2023 ingenita
1135 1962 1340 2008 naturae
1365 1955 1747 2023 intelligentem
1777 1951 2081 2021 imaginem.
2109 1950 2248 2003 Alter

1979 1966 2081 2004 em.
2109 1950 2257 2003 Alter
2353 1953 2409 2004 ὲν
2430 1950 2694 2022 ἀνθρώπῳ
2712 1951 2808 2020 τῆς
2828 1950 2920 2003 τοῦ
2945 1950 3139 2020 Πατρδς
3164 1951 3409 2013 εὐσεϐείας
3428 1951 3495 2002 ἀπ

721 2061 850 2100 vero
880 2045 1072 2100 modus
1101 2044 1256 2098 nobis
1282 2044 1452 2113 magis
1484 2050 1763 2113 cognatus,
1794 2039 2070 2110 magisque
2103 2038 2246 2092 fami-

1978 2054 2070 2108 que
2103 2038 2259 2092 fami-
2354 2040 2471 2095 καθ’
2491 2041 2547 2094 ὃν
2577 2041 2779 2110 πέφηνε
2803 2040 2962 2092 πάλαι
2989 2041 3231 2110 πρότερον
3254 2040 3306 2092 ὲν
3325 2038 3503 2110 ὰνθρώτ

722 2137 875 2191 liaris
907 2135 1238 2206 agnoscitur.
1274 2132 1385 2187 lloc
1429 2134 1570 2188 enim
1612 2131 1898 2185 definimus
1945 2130 2093 2183 illum
2138 2143 2247 2183 esse

1978 2130 2093 2183 ilum
2138 2143 2258 2183 esse
2352 2134 2463 2194 τοῖς
2492 2133 2633 2201 ἀμφὶ
2659 2133 2747 2184 τὸν
2791 2131 3050 2201 Ἀϐραάμ·
3089 2131 3237 2183 αὑτὸν
3265 2131 3305 2183 δ’
3328 2132 3503 2183 ἐκεῖνον

722 2226 817 2281 Dei
848 2224 1103 2287 Verbum,
1153 2223 1296 2293 quod
1346 2225 1400 2276 in
1432 2222 1645 2276 homine
1688 2227 1964 2289 paternam
2005 2220 2247 2289 pietatem

2005 2220 2255 2289 pietatem
2354 2238 2441 2273 vov
2469 2220 2735 2291 ἐθνάρχην
2770 2220 3090 2288 θεοφινλέσιν,
3135 2216 3280 2283 αὖθίς
3315 2237 3374 2272 τε
3408 2238 3502 2290 ea»:

722 2315 1003 2369 denuntiet
1031 2332 1045 2365 :
1071 2327 1178 2383 quo
1220 2311 1434 2382 quidem
1486 2310 1644 2364 modo
1685 2310 1953 2379 quondam
2000 2310 2089 2363 ille
2117 2308 2247 2377 apud

2000 2310 2089 2363 ille
2117 2308 2254 2377 apud
2350 2309 2656 2378 ἀνθρώποις
2684 2309 2747 2361 δι’
2772 2308 3050 2380 ἀνθρώπω
3085 2310 3350 2378 γενέσεως,
3382 2313 3503 2362 atati

725 2407 905 2474 priora
938 2404 1132 2459 saacula
1163 2404 1217 2456 in
1248 2400 1483 2456 hominis
1511 2400 1717 2463 habitu,
1743 2400 1810 2453 iis
1834 2399 1924 2469 qui
1948 2415 2069 2453 cum
2097 2398 2250 2451 Abra-

1981 2415 2069 2453 um
2097 2398 2257 2451 Abra-
2352 2403 2481 2471 ἡμῖν
2505 2401 2720 2471 σαρκὸς,
2749 2399 2997 2470 αἴσχιστα
3024 2400 3294 2453 πείσεσθαι
3325 2401 3504 2471 προείρ

726 2496 868 2560 ham,
891 2494 979 2557 iis,
1001 2495 1240 2561 inquam,
1263 2491 1355 2560 qui
1379 2504 1498 2543 cum
1520 2491 1636 2556 ipso
1657 2489 1747 2540 illo
1766 2488 2005 2556 principe
2022 2488 2251 2556 gentium

1980 2502 2005 2540 e
2022 2488 2255 2556 gentium
2350 2489 2498 2554 τάξει
2523 2492 2874 2562 προχωρήσαι
2901 2490 2966 2544 ἂν
2989 2493 3114 2561 ἡμῖν
3140 2493 3168 2544 ὁ
3189 2491 3340 2559 λόγος
3365 2491 3505 2560 μέλλε

724 2582 866 2652 apud
893 2582 983 2635 Dei
1025 2580 1227 2634 amicos
1261 2585 1539 2646 tantopere
1567 2577 1833 2629 celebrato
1861 2577 2060 2638 vixere,
2094 2590 2249 2643 appa-

1984 2591 2060 2638 Γθν
2094 2590 2254 2643 ³91³³-
2351 2579 2511 2632 αὑτοῦ
2565 2581 2906 2651 προφητικὰς
2947 2582 3247 2635 ἐκτίθεσθαι
3294 2600 3507 2654 μαρτορκ

725 2674 855 2725 ruit.
888 2671 989 2735 Qui
1023 2678 1133 2723 tum
1169 2683 1358 2722 rursus
1405 2665 1543 2736 apud
1599 2664 1842 2718 homines
1880 2664 2134 2717 visendus
2164 2678 2250 2718 ex-

1981 2664 2134 2717 :ndus
2164 2678 2255 2718 ex—
2351 2666 2604 2737 πρώτοις,
2638 2668 2780 2721 κατὰ
2807 2670 2878 2722 τὰ
2896 2671 3291 2741 ἐπηγγελμένα,
3318 2674 3379 2725 τὸ
3400 2674 3506 2743 πρε]

725 2759 1085 2828 spectabatur,
1112 2763 1165 2811 et
1191 2756 1283 2825 qui
1301 2755 1410 2823 jam
1442 2763 1565 2808 ante
1595 2767 1690 2823 per
1722 2752 1952 2806 hominis
1981 2761 2178 2815 ortum,
2201 2760 2250 2805 et

1984 2761 2178 2815 ortum,
2201 2760 2256 2805 et
2355 2771 2470 2825 μεν,
2494 2756 2584 2807 καὶ
2603 2756 2699 2827 τὴν
2721 2758 2776 2809 ὲν
2798 2761 2910 2821 τοῖς
2934 2759 3281 2829 Εὑαγγελίοις
3301 2764 3432 2834 περὶ
3449 2764 3509 2815 αεὶ

725 2853 911 2901 nostro
940 2843 1183 2913 corporis
1223 2842 1398 2895 simile
1429 2855 1648 2908 corpus,
1689 2839 1867 2893 omnia
1906 2839 2101 2908 probra
2129 2853 2250 2908 pas-

1984 2839 2101 2892 )hra
2129 2853 2254 2908 pas-
2348 2844 2456 2896 ἀπὸ
2485 2844 2583 2913 τῆς
2611 2845 2844 2910 παλαιᾶς
2871 2850 2966 2901 καὶ
2995 2853 3339 2922 πῳφητικῆς
3379 2870 3509 2923 μαρτ

725 2951 889 2991 surus
929 2934 1224 2989 dicebatur.
1276 2933 1461 3000 Itaque
1505 2930 1664 2985 nobis
1707 2928 1774 2983 de
1818 2929 1908 2982 illo
1947 2928 2250 2998 prophetica

1984 2928 2254 2998 rophetica
2354 2945 2562 3000 σαιμεν.
2606 2933 2924 3001 Ἀναγκαῖον
2948 2938 3008 2990 δὲ
3033 2940 3508 3009 προεπισκέψασθο

726 3024 1053 3096 exposituris
1105 3020 1426 3084 testimonia,
1470 3027 1617 3074 recta
1648 3018 1754 3083 via,
1786 3025 2040 3095 rectoque
2064 3017 2251 3072 ordine

1986 3032 2040 3072 ue
2064 3017 2254 3072 ordine
2349 3010 2415 3085 ἦν
2453 3018 2482 3068 ὁ
2511 3016 2708 3086 τρόπος
2732 3020 2830 3089 τῆς
2868 3024 3001 3093 παρ’
3047 3025 3324 3096 Ἑϐραίοις
3355 3027 3464 3081 τῶν
3492 3045 3511 3080 τ

726 3113 978 3186 procedet
1004 3113 1198 3175 oratio,
1221 3111 1268 3165 si
1295 3110 1405 3180 jam
1438 3109 1656 3163 nuncin
1682 3108 1887 3176 primis,
1913 3107 2251 3176 quemadmo-

1987 3107 2256 3162 emadmo-
2280 3123 2323 3180 α
2353 3105 2567 3175 ληψίας,
2608 3108 2736 3178 παρ’
2767 3103 2842 3164 ὧν
2882 3114 2981 3166 καὶ
3012 3113 3084 3166 τὰ
3128 3117 3509 3187 προηγορευμιέ

727 3207 852 3262 ἁλίη
870 3218 989 3274 quae
1007 3201 1272 3273 promissa
1298 3205 1444 3265 sunt,
1473 3198 1764 3268 postulant,
1786 3195 1837 3249 id
1855 3196 1996 3266 quod
2021 3197 2254 3265 primum
2356 3194 2608 3266 δεύμεθα.

727 3306 831 3363 est,
860 3297 1220 3366 exploremus,
1256 3301 1310 3347 et
1331 3307 1452 3363 qua:
1474 3292 1527 3345 in
1562 3290 1863 3361 Evangeliis
1880 3288 1946 3345 de
1996 3289 2088 3343 illo
2135 3297 2308 3345 exstat
2340 3287 2627 3359 theologia,
2682 3289 2822 3346 hanc
2854 3308 2887 3348 a
2921 3303 3181 3351 veterum
3213 3298 3512 3368 prophetat

721 3386 1153 3458 comprobemus.
1204 3384 1309 3440 Sed
1337 3392 1461 3440 ante
1499 3398 1718 3440 necesse
1761 3390 1842 3437 est
1883 3382 2245 3451 considerare,
2283 3383 2531 3454 quisnam
2572 3381 2735 3439 fuerit
2786 3389 3014 3454 modus,
3052 3407 3172 3460 quo
3207 3393 3501 3461 prophetae

728 3478 821 3533 Dei
847 3477 1045 3549 Spiritu
1072 3477 1439 3548 implerentur,
1467 3491 1497 3530 a
1526 3476 1720 3545 quibus
1745 3475 1929 3544 utique
1960 3475 2122 3528 etiam
2152 3488 2267 3541 quae
2300 3476 2551 3544 praedicta
2580 3484 2728 3542 sunt,
2762 3480 3006 3534 antehac
3042 3481 3237 3536 edocti
3276 3499 3510 3538 sumus.

720 3573 983 3643 Quisnam
1003 3571 1185 3625 modus
1213 3570 1389 3643 fuerit,
1412 3586 1512 3640 quo
1534 3568 1670 3637 apud
1700 3567 1946 3643 Hebmos
1977 3566 2245 3643 prophetae,

1977 3566 2255 3643 prophetae,
2367 3570 2459 3634 Τις
2484 3572 2523 3643 ῥ
2554 3571 2778 3643 τρόπος
2805 3567 2890 3643 ﬁt
2922 3574 3066 3627 καθ’
3104 3574 3186 3627 ὃν
3225 3577 3286 3629 οι
3325 3577 3475 3643 παρ’

797 3642 951 3693 simul
975 3650 1036 3711 et
1064 3656 1178 3711 quo:
1204 3641 1383 3711 futura
1418 3636 1583 3711 essent
1614 3637 1885 3702 canebant,
1913 3645 1961 3690 et
1986 3638 2149 3690 solam
2179 3653 2255 3690 ve-

1990 3638 2149 3690 sotam
2179 3653 2255 3690 ve-
2427 3636 2604 3711 φῇται
2636 3638 2782 3711 ομοῦ
2816 3636 2895 3711 rd
2934 3657 3007 3711 te
3035 3643 3377 3709 μέλλοντα
3399 3636 3515 3711 ἑτρε

798 3725 911 3760 ram
944 3706 1253 3777 theologiam
1288 3708 1643 3761 illustrabant.

2428 3706 2540 3773 τὴν
2566 3709 2759 3774 μόνην
2795 3709 3006 3777 ἀληθῆ
3036 3706 3408 3782 ’θεολογίαν
3443 3706 3519 3783 2:;

798 3794 942 3849 Loca
983 3796 1037 3849 in
1085 3797 1282 3864 quibus
1313 3805 1367 3851 et
1396 3797 1649 3850 vaticinia
1691 3803 1744 3850 et
1784 3795 1998 3849 oracula
2051 3794 2257 3862 accipe-

1994 3817 1998 3847 l
2051 3794 2257 3862 accipe-
2426 3797 2662 3849 Μαντεῖα
2712 3798 2803 3849 καὶ
2849 3804 3199 3870 χρηστήρια
3252 3806 3519 3873 πανταχό

729 3893 874 3951 rent,
927 3886 982 3939 in
1030 3886 1161 3939 orbe
1207 3894 1469 3940 terrarum
1526 3886 1723 3954 passim
1779 3885 2021 3939 instituta
2074 3882 2254 3945 fuisse,

1998 3898 2021 3934 a
2074 3882 2260 3945 fuisse,
2358 3886 2449 3938 καὶ
2478 3885 2736 3956 βάρϐαροι
2776 3890 3221 3956 μνημονεύουσι
3262 3894 3523 3964 συστῆνο

738 3982 846 4026 tam
880 3971 1049 4026 Graeci
1083 3988 1242 4041 quam
1292 3972 1509 4026 barbari
1555 3972 1891 4042 profitentur.
1940 3970 2106 4023 Porro
2149 3970 2263 4022 hazc

1954 3971 2106 4023 Porro
2149 3970 2264 4022 hinc
2366 3990 2447 4025 σιν
2495 3975 2557 4026 ὲκ
2604 3974 2853 4044 προνοίας
2902 3977 3015 4029 τοῦ
3076 3980 3479 4052 Δημιουργοῠ

739 4066 912 4131 aiunt,
944 4064 1278 4134 providentia
1316 4066 1485 4134 ipsius
1511 4064 1749 4135 Opiﬁcis,
1793 4062 1859 4115 ad
1902 4078 2057 4116 usum
2103 4069 2262 4129 atque

2007 4078 2057 4114 m
2103 4069 2262 4129 atque
2364 4063 2620 4131 ὠφέλειαν
2658 4064 2764 4116 τῶν
2813 4066 3157 4137 ἀνθρώπων
3216 4073 3527 4143 καταδειχ

738 4157 1019 4211 utilitatem
1058 4155 1335 4213 hominum
1375 4154 1581 4223 prodita
1613 4169 1733 4208 esse
1763 4161 1814 4206 et
1845 4165 2121 4206 concessa.
2158 4154 2263 4202 lta-

2000 4165 2121 4204 :ssa.
2158 4154 2264 4202 lta-
2363 4149 2496 4205 εἶναι
2542 4153 2603 4205 τὸ
2651 4153 2906 4224 διαφέρον
2967 4159 3101 4212 τῶν
3170 4165 3324 4233 παρ’
3402 4164 3525 4217 Ἐδι

731 4261 838 4317 que
884 4245 1155 4315 prophetis
1196 4242 1535 4298 Hebraeorum
1560 4244 1694 4297 nihil
1734 4240 2078 4297 excellentius
2104 4239 2256 4308 203

2000 4240 2078 4293 ius
2104 4239 2259 4308 203
2365 4243 2499 4313 πρὸς
2544 4243 2610 4295 τὰ
2659 4243 2764 4296 τῶν
2792 4243 3041 4305 «λοιπῶν
3097 4250 3303 4305 ἐθνῶν
3369 4271 3525 4326 χρη(

731 4335 1022 4407 contigisse
1085 4346 1246 4401 quam
1317 4332 1640 4401 reliquarum
1709 4329 1943 4400 gentium
2006 4330 2256 4383 oraculis.

2006 4330 2258 4424 oraculis.
2292 4371 2336 4424 Β
2376 4331 2636 4424 Ἑϐραίοις
2667 4332 2753 4385 διὰ
2777 4333 2886 4424 τῶν
2926 4338 3199 4394 τοιῶνδε
3233 4346 3527 4416 προφητιῑ

731 4425 800 4482 Ut
833 4428 973 4480 enim
1008 4422 1243 4478 Hebraeis
1275 4438 1368 4491 per
1410 4421 1673 4490 ejusmodi
1714 4420 2027 4490 prophetas,
2071 4418 2148 4473 sic
2178 4433 2256 4472 re-

1981 4434 2027 4483 s,
2071 4418 2148 4473 sic
2178 4433 2262 4472 re-
2292 4418 2328 4424 -
2365 4423 2539 4485 ἄλλοις
2569 4423 2740 4476 ἔθνεσι
2771 4423 2861 4477 διὰ
2893 4427 3028 4480 τῶν
3076 4432 3254 4486 κατὰ
3299 4436 3506 4489 τόπον

734 4516 893 4586 liquis
940 4512 1189 4585 gentibus
1233 4527 1328 4581 per
1376 4504 1706 4564 diversorum
1755 4510 1990 4564 locorum
2024 4507 2259 4571 oracula,

2024 4507 2259 4571 oracula,
2366 4513 2576 4566 πάντων
2611 4511 2739 4564 Θεὸν
2775 4515 2947 4583 χρᾷν,
2989 4520 3108 4571 καὶ
3141 4521 3230 4575 τὰ
3268 4526 3531 4596 συμφέρ

734 4618 1042 4676 supremum
1072 4600 1238 4655 Deum
1278 4599 1625 4670 respondere,
1655 4607 1709 4653 et
1744 4598 2103 4653 conducibilia
2151 4611 2259 4650 mo-

2004 4598 2103 4652 bilia
2151 4611 2265 4650 mo—
2365 4601 2455 4671 Μὴ
2482 4600 2587 4670 γὰρ
2624 4600 2886 4654 Ἰουδαίων
2928 4606 3135 4674 μόνον
3198 4607 3378 4666 εἶναι
3425 4615 3529 4668 Θεέ

732 4711 863 4752 nere
903 4695 1139 4751 solitum.
1190 4691 1306 4746 Non
1347 4694 1487 4745 enim
1547 4691 1915 4744 tantummodo
1962 4687 2257 4743 Judazorum

1985 4688 2263 4743 ludatorum
2365 4689 2560 4742 λοιπῶν
2597 4688 2851 4742 ἁπάντων
2891 4694 3290 4767 ἀνθρώπων
3315 4721 3332 4733 ·
3386 4709 3510 4759 καὶ

732 4802 872 4852 esse,
930 4786 1025 4842 sed
1075 4785 1403 4853 reliquorum
1455 4797 1665 4851 quoque
1707 4782 1943 4837 omnium
1990 4780 2257 4835 hominum

2008 4780 2263 4835 nominum
2362 4778 2609 4849 ῆτούτων
2628 4778 2901 4848 κήδεσθαιο
2940 4787 3231 4844 πάντων
3255 4793 3312 4845 δ’
3335 4794 3420 4859 ἐξ
3435 4796 3533 4849 ἴς(

735 4873 923 4938 Deum,
953 4891 1126 4945 neque
1155 4874 1253 4928 hos
1281 4874 1449 4942 magis
1471 4887 1629 4941 quam
1648 4873 1769 4927 illos
1798 4887 2008 4940 curare,
2030 4869 2125 4926 sed
2152 4883 2260 4923 om-

2030 4869 2125 4926 sed
2152 4883 2266 4923 om-
2363 4868 2453 4922 οὖν
2476 4869 2568 4921 καὶ
2587 4867 2732 4937 ἥλιον
2758 4870 3049 4939 ἀφθόνως
3090 4884 3243 4945 τοῖς
3282 4887 3462 4939 πᾶσι
3500 4889 3538 4940 δ

737 4964 895 5018 nibus
925 4981 1075 5034 aeque
1102 4964 1400 5034 providere.
1440 4961 1529 5017 Sic
1549 4964 1691 5017 enim
1727 4978 1794 5017 ne
1841 4964 2007 5018 solem
2052 4958 2262 5031 quidem

2052 4958 2265 5050 quidem
2369 4959 2554 5050 μόνοις
2583 4960 2869 5030 Ἐὃραίοις,
2913 4968 3045 5021 καὶ
3102 4972 3238 5037 τὰς
3293 4977 3536 5050 ὲτησίο

740 5064 895 5103 suum
927 5053 1164 5109 invidere
1209 5053 1478 5121 cuiquam,
1520 5052 1612 5108 sed
1648 5054 1898 5107 omnibus
1926 5049 2135 5106 abunde
2162 5048 2265 5101 lar-

2020 5049 2135 5104 mde
2162 5048 2270 5101 iar—
2366 5048 2641 5119 χορηγίας,
2669 5050 2949 5120 σωμάτων
2976 5073 3063 5111 τε
3098 5066 3258 5127 τοῖς
3304 5048 3494 5122 πᾶλςι
3539 5090 3545 5122 τ

738 5134 864 5202 κὶτὶ,
894 5150 998 5189 non
1030 5138 1264 5195 Hebraeis
1285 5142 1438 5204 solis,
1474 5156 1788 5210 annuosque
1815 5155 1994 5195 rerum
2021 5149 2263 5191 necessa-

2021 5149 2267 5191 necessa-
2366 5138 2460 5190 Eva
2478 5155 2536 5190 τε
2560 5138 2823 5206 γενέσεως
2848 5147 2991 5208 τοῖς
3029 5153 3216 5204 πᾶσι
3252 5158 3535 5225 τρόπον

738 5226 943 5275 riarum
971 5237 1258 5293 proventus
1310 5232 1672 5300 suppeditare,
1704 5240 1864 5300 atque
1903 5228 2153 5284 omnibus
2186 5224 2263 5279 si-

2021 5224 2267 5315 nibus‘si-
2367 5226 2541 5296 ψυχῆς
2569 5228 2711 5296 μίαν.
2742 5228 2900 5283 Οὕτω
2938 5233 3023 5287 δὲ
3055 5242 3190 5293 καὶ
3218 5224 3365 5315 τῆς
3391 5250 3546 5303 τῶν

736 5312 864 5364 mile
901 5324 1094 5379 corpus
1121 5324 1447 5381 construere,
1470 5335 1739 5390 unumque
1769 5316 2024 5373 nascendi
2051 5312 2261 5367 modum

2018 5312 2264 5410 imodum
2370 5332 2504 5410 οδεως
2527 5315 2981 5410 τὴν-ἐπιατήειτζν
3026 5330 3268 5383 πᾶσιν
3302 5312 3543 5410 ⁷(Ξινθρε

739 5398 1008 5463 omnibus,
1057 5414 1215 5451 unam
1263 5406 1508 5460 omnibus
1566 5412 1755 5464 animae
1797 5405 2073 5464 rationalis
2116 5410 2264 5457 natu-

2027 5405 2073 5460 is
2116 5410 2268 5457 natu-
2370 5402 2530 5469 ἐχειν,
2561 5405 2672 5465 τοῖς
2715 5404 2813 5474 μὲν
2849 5405 2962 5460 διὰ
2996 5398 3506 5489 «προφητῶν-
3539 5447 3551 5481 4

739 5502 874 5542 ram.
908 5484 1094 5556 Itaque
1132 5489 1315 5544 eadem
1354 5496 1559 5550 ratione
1590 5500 1903 5566 providendi
1937 5509 2147 5567 quoque
2174 5506 2264 5545 00-

2018 5509 2147 5563 oque
2174 5506 2267 5545 co-
2365 5493 2725 5563 χρηστηρίων,
2760 5500 2870 5560 τοῖς
2893 5498 2978 5550 δὲ
3017 5501 3152 5557 διὰ
3196 5484 3543 5580 ὀρ-νίθων

739 5579 1134 5669 gnoscendique
1155 5579 1332 5634 futura
1354 5584 1654 5651 scientiam,
1679 5592 1927 5645 omnibus
1958 5583 2263 5642 hominibus

2032 5583 2263 5680 minibus
2359 5581 2596 5680 τιξῆς,“ῆ
2633 5584 2698 5636 δι’
2730 5586 3383 5680 ὀνειροπομπειας,
3433 5608 3484 5680 ἢ
3539 5609 3551 5660 ἒ

742 5661 949 5725 abunde
973 5668 1231 5737 sumsere,
1265 5672 1382 5733 aliis
1417 5675 1628 5746 quidem
1658 5693 1752 5747 per
1771 5682 1915 5738 viros
1943 5675 2250 5751 prophetas,

2026 5675 2250 5746 iphetas,
2363 5670 2500 5742 μῶν,
2543 5672 2577 5743 ἦ
2622 5692 2781 5731 τινων
2827 5676 2921 5731 ὲτέ
2935 5661 3105 5749 (nov
3160 5661 3551 5763 συμίέόίμ
