3862 6318
225 424 443 493 an,

1073 410 1702 474 DEMONSTRATIONIS
1736 408 2178 465 EVANGELICE
2217 411 2341 468 LIB.
2375 415 2437 469 V.

3287 435 3354 486 38

222 535 489 609 ἀνθρώποις
514 537 579 588 ὲκ
600 534 702 604 τῆς
733 535 829 587 τοῦ
858 534 992 588 Θεοῦ
1019 535 1266 606 προνοίας
1297 529 1638 602 δεδωρῆσθαι,
1661 526 1698 578 ὡ

1795 526 1952 586 ,aliis
1996 541 2122 581 vero
2170 543 2265 597 per
2313 531 2650 587 oraculorum
2704 553 3060 609 responsa,et
3102 548 3221 605 aliis
3260 568 3352 620 per

222 631 362 703 μηδὲν
399 628 553 682 πλέον
597 627 743 697 ἔχειν
777 627 952 680 δοκεῖν
986 629 1108 689 τοὺς
1155 626 1409 696 Ἐϐραίων
1438 623 1727 694 προφήτας.

218 719 438 780 Τοιοῦτος
461 717 555 787 μὲν
573 712 665 768 οὖν
685 719 713 768 ὁ
737 733 813 768 πα
821 718 868 787 ρ’
891 716 1108 770 ἐκείνων
1128 716 1297 785 λόγος’
1321 717 1348 767 ὁ
1361 716 1416 768 δὲ
1435 716 1559 786 παρ’
1581 715 1612 782 ἡ
1620 713 1732 783 μῶν

219 803 306 862 ὧδέ
335 825 442 870 πως
470 807 648 869 αὐτοῖς
680 807 1072 877 ἀπαντήσεται.
1101 807 1162 858 EE
1185 806 1281 875 μέν
1309 822 1390 866 τις
1416 804 1628 872 συνίστη
1650 803 1732 854 λό-

219 917 296 968 γος
317 898 459 959 θεοὺς
480 897 714 967 ἀληθῶς,
741 898 774 968 ἢ
799 898 948 960 θείας
973 898 1240 965 δυνάμεις,
1271 896 1302 966 ἢ
1327 896 1577 964 δαίμονας
1601 895 1731 961 ἀγα-

221 993 326 1054 θοὺς
354 991 627 1058 ἐφεστάναι
652 993 765 1051 τοῖς
791 989 901 1041 τῶν
927 989 1221 1058 εἰρημένων
1261 985 1544 1056 μαντείοις,
1569 985 1599 1054 ἢ
1621 987 1729 1047 τοῖς

223 1080 412 1142 οἰωνῶν,
446 1080 474 1148 ἢ
509 1082 622 1142 τοῖς
656 1079 864 1141 λοιποῖς
899 1078 1413 1147 κατωνομασμένοις,
1436 1073 1501 1146 ἦν
1531 1076 1595 1129 ἂν
1626 1074 1729 1143 χώ-

224 1188 301 1241 ραν
324 1171 597 1238 ἀπονεῖμαι
627 1171 740 1232 τοῖς
778 1167 1103 1235 λεγομένοις,
1146 1167 1219 1228 ὠς
1261 1165 1354 1218 τοῦ
1398 1165 1488 1217 ἐπὶ
1517 1163 1727 1217 πάντων

219 1259 322 1314 Θεοῦ
350 1261 568 1324 κάκεῖνα
589 1261 706 1320 τοῖς
732 1257 1035 1327 χρωμένοις
1057 1257 1138 1308 ἐπ’
1169 1255 1397 1324 ὠφελείᾳ
1421 1255 1723 1326 δεδωρημέ-

218 1367 301 1402 νου·
326 1352 368 1401 εί
397 1349 453 1401 δὲ
485 1349 752 1400 ἔντελέσιν
791 1347 1092 1410 ἀποδείξεσι
1131 1346 1221 1399 καὶ
1247 1346 1419 1398 αὐτῶν
1471 1344 1725 1414 Ἑλλήνων

218 1439 479 1510 ὁμολογίαις
515 1436 616 1506 ἢδη
660 1436 927 1507 πρότερον
960 1435 1211 1506 δαίμονας
1240 1436 1431 1497 αὐτοὺς
1455 1430 1607 1496 εἶναι,
1634 1433 1724 1484 καὶ

216 1532 298 1584 οὐδ’
311 1529 546 1597 ἀγαθοὺς,
573 1528 759 1597 πάσης
779 1527 837 1578 δὲ
861 1526 1060 1597 βλάϐης
1079 1527 1169 1580 καὶ
1195 1525 1484 1596 μοχθηρίας
1504 1525 1719 1585 αἰτίους,

215 1621 304 1681 τὰ
333 1620 388 1672 ἂν
416 1616 664 1671 δύναιντο
703 1617 841 1670 Θεοῦ
876 1613 1012 1670 εἶναι
1053 1617 1348 1687 προφῆται;
1391 1614 1624 1676 Φαύλους
1664 1611 1721 1665 δὲ

212 1707 366 1769 αὖτοὺς
390 1708 415 1758 ὁ
438 1707 596 1773 λόγος
626 1706 885 1778 ἐφώρασε
915 1705 1003 1758 διὰ
1023 1705 1118 1775 τῆς
1150 1702 1546 1773 Εὑαγγελικῆς
1570 1707 1718 1770 Προ-

209 1795 543 1864 ωασκευῆς
572 1796 639 1848 ἐκ
668 1813 734 1848 τε
755 1797 862 1866 τῆς
885 1796 1048 1849 πάλαι
1077 1795 1214 1848 κατὰ
1245 1797 1415 1848 πάντα
1446 1795 1604 1847 τόπον
1630 1794 1719 1846 καὶ

212 1888 328 1940 πόλιν
362 1886 445 1938 καὶ
481 1885 670 1954 χώραν
713 1885 1134 1955 συντελουμένης
1164 1886 1342 1947 αὐτοῖς
1373 1883 1712 1954 ἀνθρωποθυ-

211 1978 316 2040 σίας,
343 1977 398 2029 ἐκ
433 1993 488 2030 τε
528 1971 608 2030 ὧν
641 1976 876 2044 ἠπάτων
905 1978 1030 2039 τοὺς
1067 1975 1376 2046 ἐρωτῶντας
1409 1975 1595 2046 ἀγνοίᾳ
1621 1975 1711 2028 τοῦ

213 2067 461 2136 μέλλοντος,
493 2066 559 2118 ἐκ
595 2083 660 2118 τε
705 2059 782 2120 ὧν
831 2065 1110 2136 ἡλίσκοντο
1169 2065 1331 2135 μυρία
1383 2065 1708 2134 ψευδόμενοι,

207 2157 297 2208 τοτὲ
315 2156 398 2226 μὲν
422 2158 482 2208 ὲκ
508 2154 605 2208 τοῦ
641 2155 972 2227 προφανοῦς,
994 2155 1114 2208 τοτὲ
1139 2156 1193 2208 δὲ
1221 2154 1305 2208 διὰ
1331 2155 1428 2225 τῆς
1449 2156 1554 2207 τῶν
1581 2172 1712 2225 χρη-

210 2244 324 2313 σμιῖιν
352 2245 693 2314 ἀμφιϐολίας,
740 2245 806 2297 δι’
842 2241 910 2316 ἦς
946 2245 1072 2307 τοὺς
1108 2243 1418 2314 πρόσφυγας
1448 2243 1708 2306 πλείστοις

207 2333 464 2396 πλειστάκις
487 2333 914 2404 περιϐάλλοντες
953 2336 1140 2394 κακοῖς
1161 2332 1587 2402 ἀπηλέγχθησαν·
1620 2333 1708 2385 καὶ

205 2422 760 2491 ἔπεὶπροαπεδείκνυτο
794 2423 984 2492 μιαρὸν
1002 2422 1179 2476 αὐτῶν
1202 2423 1294 2475 καὶ
1322 2423 1618 2492 ἀκάθαρτον
1648 2423 1707 2475 τὸ

203 2512 344 2579 οὖλον,
376 2514 435 2564 ὲκ
462 2512 554 2565 τοῦ
596 2513 814 2583 χαίρειν
849 2513 1096 2582 αἰσχραῖς
1127 2513 1218 2565 καὶ
1249 2513 1555 2576 ἀκολάστοις
1581 2515 1706 2584 περὶ

203 2601 338 2652 αὐτῶν
368 2600 688 2671 λεγομέναις
734 2601 915 2672 ᾠδαῖς,
968 2603 1058 2654 καὶ
1084 2600 1287 2672 ὕμνοις,
1333 2603 1425 2656 καὶ
1464 2603 1703 2672 μυθικοῖς

199 2693 488 2764 διηγήμασιν,
529 2697 806 2765 ἱστορίαις
831 2712 889 2747 τε
927 2695 1176 2765 ἀσέμνοις
1214 2696 1306 2748 καὶ
1342 2695 1702 2778 ὲπιϐλαϐέσιν,

199 2785 246 2845 ἃς
274 2786 351 2837 καὶ
389 2788 500 2839 κατ’
529 2787 724 2841 αὐτῶν
767 2787 1075 2857 κυροῦντες,
1128 2787 1217 2839 καὶ
1259 2785 1332 2849 ὡς
1374 2786 1584 2856 ἀληθεῖς
1615 2777 1710 2856 βεέ

199 2873 422 2940 ϐαιοῦντες
454 2878 680 2947 ἥλωσαν
699 2893 715 2907 ο
762 2878 856 2929 καὶ
884 2876 1034 2937 τέλος
1064 2877 1310 2930 ἁπάντων
1350 2877 1564 2948 ἔλεγχος
1603 2879 1700 2948 τῆς

199 2966 406 3036 ἀδρανοῦς
431 2969 601 3022 αὐτῶν
638 2968 861 3036 φύσεως
887 2964 954 3039 ἦν
990 2968 1050 3021 τὸ
1083 2968 1364 3038 σϐεσθῆναι
1390 2971 1480 3021 καὶ
1513 2971 1698 3040 μηκέθ’

197 3055 352 3125 ὁμοίως
373 3061 516 3130 χρᾷν·
539 3061 636 3112 καὶ
662 3058 957 3128 σϐεσθῆναι
980 3059 1052 3130 μὴ
1073 3059 1302 3129 ἄλλοτεῆ
1329 3059 1432 3112 ἀπὸ
1454 3061 1557 3113 τῶν
1583 3063 1698 3131 χρό-

1830 619 2001 671 avium
2031 619 2237 674 volatus
2275 628 2366 674 aut
2405 637 2499 690 per
2518 633 2756 680 extorum
2788 631 2843 685 in
2870 638 3144 696 sacriﬁciis
3173 619 3348 714 inspe-

1828 710 2076 772 ctionem,
2113 718 2205 764 aut
2237 728 2330 781 per
2357 715 2684 772 somniorum
2734 721 3110 796 immissiones,
3133 744 3223 788 aut
3258 710 3350 804 per

1827 813 1887 852 ea
1921 815 2035 868 qua:
2066 800 2336 866 dicuntur,
2367 807 2565 874 omnia,
2597 821 2687 864 aut
2727 828 2819 881 per
2863 800 3349 880 concussiones‘ac

1827 895 2101 952 tremores,
2131 900 2220 944 aut
2249 908 2342 962 per
2359 896 2461 948 alia
2487 899 2724 965 quaedam
2761 903 2876 970 ejus
2906 911 3114 974 generis
3153 915 3305 984 signa
3331 934 3346 971 :

1826 977 1938 1034 hac
1961 981 2099 1035 enim
2130 984 2279 1036 aiunt
2310 984 2643 1043 Providentia
2677 991 2854 1046 divina
2879 1002 3084 1055 cunctis
3111 977 3348 1060 homini-

1825 1069 1926 1123 bus
1947 1085 2065 1125 esse
2088 1071 2304 1138 donata,
2334 1075 2512 1145 itaque
2538 1079 2670 1134 nihil
2700 1084 2928 1152 amplius
2965 1087 3158 1146 habere
3180 1093 3346 1150 videri

1826 1159 2162 1216 Hebraeorum
2187 1166 2468 1234 pr0phetas
2498 1185 2510 1220 :
2536 1170 2648 1225 lucc
2676 1188 2804 1229 sane
2823 1175 3032 1231 illorum
3065 1191 3146 1236 est
3171 1185 3308 1239 ratio
3331 1202 3344 1236 :

1823 1262 1919 1302 nos
1944 1264 2069 1302 vero
2101 1251 2242 1306 illius
2270 1253 2347 1307 sic
2380 1256 2588 1310 obviam
2623 1259 2746 1313 ituri
2768 1278 2972 1318 sumus.
3011 1265 3066 1320 Si
3095 1271 3200 1323 ulla
3232 1273 3351 1340 qui-

1821 1337 1938 1392 dem
1972 1341 2112 1394 ratio
2143 1344 2432 1412 convincit,
2465 1363 2520 1402 re
2544 1365 2669 1404 vera
2691 1352 2840 1418 deos,
2875 1371 2968 1410 seu
3007 1357 3216 1416 divinas
3249 1337 3348 1432 po-

1820 1436 2061 1494 testates,
2107 1433 2217 1488 sive
2263 1435 2432 1491 bonos
2464 1439 2670 1509 aliquos
2705 1442 2970 1500 daemones
3005 1464 3230 1518 praeesse
3257 1468 3349 1512 eo-

1819 1535 1958 1585 rum,
1990 1521 2057 1576 dc
2094 1524 2288 1592 quibus
2314 1528 2511 1583 dictum
2545 1539 2647 1595 est,
2691 1537 2934 1602 oraculis,
2961 1539 3042 1592 vel
3082 1542 3344 1611 auguriis,

1818 1612 1900 1666 vel
1932 1615 2137 1670 caneris
2157 1632 2273 1685 quae
2297 1628 2449 1673 antea
2471 1620 2703 1678 diximus
2734 1644 2746 1679 :
2775 1641 3060 1694 possumus
3088 1647 3218 1688 sane
3243 1636 3347 1688 ali-

1816 1716 1973 1770 quem
2013 1703 2186 1758 locum
2218 1707 2321 1761 illis
2346 1709 2602 1775 tribuere,
2633 1720 2884 1784 tanquam
2910 1717 3001 1772 illo
3022 1717 3233 1791 quoque
3257 1738 3348 1778 su-

1817 1805 2032 1858 premus
2066 1792 2208 1850 Deus
2234 1797 2297 1850 iis
2324 1799 2414 1867 qui
2452 1801 2576 1854 talia
2605 1812 2883 1873 usurpent,
2915 1807 3136 1879 largitus
3164 1812 3266 1879 sit;
3299 1814 3346 1871 si

1817 1895 1942 1935 vero
1974 1883 2222 1952 perfectis
2251 1887 2816 1958 demonstrationibus,
2839 1903 2892 1951 et
2931 1897 3171 1968 ipsorum
3201 1901 3346 1960 Grae-

1816 1987 1998 2026 corum
2047 1974 2495 2045 confessionibus,
2526 1983 2638 2050 jam
2682 1995 2859 2051 antea,
2909 1990 3178 2050 daemones
3225 2009 3346 2055 esse

1816 2077 1920 2116 non
1955 2063 2072 2119 illos
2097 2066 2307 2133 quidem
2332 2068 2523 2134 bonos,
2549 2073 2640 2127 sed
2669 2077 2844 2131 omnis
2876 2080 3129 2151 perniciei
3157 2089 3345 2156 nequi-

1815 2152 2004 2222 tiaeque
2039 2165 2288 2212 auctores
2310 2162 2664 2233 convicimus,
2701 2169 2792 2237 qui
2820 2169 2934 2224 ﬁeri
2961 2178 3136 2240 potest
3165 2183 3223 2230 ut
3239 2152 3342 2232 Dei

1811 2245 2084 2314 propheta:
2122 2247 2452 2305 habeantur?
2483 2253 2689 2311 Etenim
2722 2257 2840 2315 illos
2875 2275 2996 2316 esse
3034 2265 3204 2320 malos
3249 2282 3342 2336 per

1812 2333 2178 2406 Evangelicam
2205 2339 2651 2410 Prwparationem
2704 2351 2840 2404 ratio
2872 2333 3340 2424 deprehetidit,_cx

1809 2439 1872 2479 eo
1901 2442 2030 2482 sane
2052 2431 2192 2498 quod
2237 2433 2429 2500 priscis
2478 2439 2810 2506 temporibus
2849 2442 2902 2495 in
2934 2446 3080 2499 omni
3125 2447 3265 2514 loco,
3289 2461 3340 2505 et

1807 2514 2022 2572 civitate
2051 2533 2114 2572 ac
2143 2521 2379 2590 regione,
2407 2523 2651 2580 humanae
2689 2528 2795 2582 illis
2823 2531 3052 2587 vietimae
3071 2537 3339 2593 sacriﬁca-

1807 2612 2030 2674 rentur;
2067 2608 2194 2664 item
2224 2626 2287 2665 ex
2321 2628 2386 2667 eo
2411 2617 2552 2682 quod
2590 2633 2769 2672 rerum
2801 2619 3101 2678 futurarum
3133 2627 3337 2696 ignora-

1807 2695 1948 2750 tione
1982 2701 2320 2758 sciscitantes
2350 2704 2674 2774 deciperent,
2708 2717 2760 2764 et
2788 2711 2929 2780 quod
2970 2713 3025 2768 in
3056 2695 3336 2775 mendacio

1805 2785 1996 2842 millies
2038 2802 2102 2843 ac
2143 2791 2338 2848 millies
2393 2793 2711 2864 deprehensi
2742 2802 2866 2867 sint,
2916 2807 3072 2859 modo
3117 2809 3333 2877 quidem

1802 2887 1982 2948 aperte
2024 2893 2087 2934 ac
2129 2882 2322 2950 palam,
2352 2885 2509 2966 modo
2555 2903 2680 2942 vero
2709 2890 2943 2959 ipsorum
2989 2900 3330 2956 oraculorum

1802 2972 2050 3042 ambiguo
2082 2989 2346 3039 sermone,
2385 2993 2479 3046 per
2516 2996 2672 3048 quem
2709 2997 2802 3036 eos
2830 2985 2920 3052 qui
2956 2987 3020 3040 ad
3063 3004 3121 3043 se
3149 2992 3331 3046 confu-

1799 3061 2021 3130 gissent,
2058 3065 2304 3132 plurimis
2341 3069 2636 3138 saepissime
2675 3075 2827 3130 malis
2855 3085 3013 3144 atque
3043 3078 3330 3137 incommo-

197 3160 274 3197 νων
305 3149 390 3218 τῆς
429 3151 760 3219 ἐπιφανείας
803 3150 895 3202 τοῦ
930 3149 1176 3219 Σωτῆρος
1215 3149 1368 3221 ἡμῶν
1408 3151 1576 3221 Ἰησοῦ
1605 3152 1696 3204 τοῦ

1799 3151 1880 3206 dis
1937 3151 2243 3218 involvisse,
2295 3160 2524 3213 convicti
2567 3169 2729 3215 sunt:
2763 3179 2970 3220 necnon
3016 3168 3160 3237 quod
3214 3171 3325 3238 jam

195 3235 398 3304 Χριστοῶ
426 3239 480 3304 ἐξ
508 3233 568 3292 οὗ
605 3239 726 3312 γὰρ
761 3241 839 3301 είς
870 3239 1046 3292 πάντα
1077 3241 1143 3291 τά
1182 3239 1305 3311 ἔθνη
1349 3240 1628 3311 διέδραμεν
1671 3245 1699 3295 ό

192 3322 266 3389 τῆς
285 3325 613 3397 εύαγγελικῆς
639 3327 998 3390 διδασκαλίας
1029 3327 1185 3379 αὑτοῦ
1215 3328 1384 3396 λόγος,
1417 3328 1472 3395 ἐξ
1495 3331 1696 3383 ἐκείνου

193 3412 332 3466 καὶτὰ
349 3419 636 3489 χρηστήρια
658 3416 897 3480 διέλιπε,
921 3417 1012 3468 καὶ
1038 3417 1300 3487 δαιμόνων
1324 3417 1535 3471 θάνατοι
1561 3435 1696 3488 μνη-

195 3502 467 3567 μονεύονται.
488 3508 673 3559 Πάντα
692 3505 757 3558 δὲ
787 3500 877 3557 οὖν
905 3501 973 3575 ἦν
1004 3506 1195 3568 ταῦτα,
1225 3504 1317 3556 καὶ
1341 3505 1469 3559 ἀλλα
1493 3505 1696 3568 τούτοις

193 3594 487 3665 παραπλήσια
516 3597 706 3666 μυρία,
742 3595 812 3647 δι’
845 3589 917 3647 ὧν
947 3594 1170 3664 πονηροὶ
1199 3594 1445 3662 δαίμονες
1470 3594 1618 3658 ὄντες
1646 3598 1692 3648 οξ

192 3681 290 3746 περὶ
310 3674 370 3733 ὧν
397 3685 422 3735 ὁ
451 3683 604 3751 λόγος
626 3687 684 3736 ὲν
711 3685 830 3744 τοῖς
855 3683 952 3752 τῆς
969 3680 1377 3750 Εὐαγγελικῆς
1400 3685 1694 3750 Προπαραο

188 3769 370 3840 σκευῆς
396 3773 840 3844 ἀπηλέγχθησαν.
882 3773 945 3824 Ei
973 3771 1034 3841 δὴ
1067 3767 1158 3823 οῦν
1186 3771 1374 3823 τοιοίδε
1399 3772 1539 3834 τινὲς
1565 3789 1691 3840 τυγ-

189 3859 380 3926 χάνουσι,
409 3867 485 3929 τίς
516 3869 661 3935 αἱρεῖ
687 3866 851 3933 λόγος
881 3863 974 3916 τοῦ
1014 3863 1105 3916 ἐπὶ
1147 3862 1358 3916 πάντων
1389 3865 1518 3918 Θεοῦ
1560 3883 1690 3935 μαν-

188 3949 302 4013 τείας
322 3950 442 4006 εἶναι
473 3957 723 4025 ἡγεῖσθαι
764 3955 837 4008 τὰ
868 3952 973 4008 τῶν
995 3956 1257 4025 δαιμόνων
1282 3957 1617 4027 χρηπήρια;
1652 3958 1684 4026 ἢ

187 4042 270 4102 τοῖς
281 4043 358 4094 τοῦ
379 4045 502 4100 Θεοῦ
523 4049 838 4117 προφήταις
858 4046 926 4098 τά
945 4048 1064 4100 κατ’
1081 4047 1276 4108 αὐτοὺς
1299 4047 1682 4118 παραϐάλλειν;

187 4125 382 4186 Horam
403 4136 455 4188 δὲ
477 4137 652 4190 αὐτῶν
682 4142 739 4192 αἱ
765 4139 1114 4210 προρρήσεις,
1135 4138 1218 4203 ἃς,
1252 4140 1336 4192 ὅτε
1364 4139 1453 4190 καὶ
1476 4138 1685 4190 ἐδόκουν

187 4217 444 4291 ὑφεστάναι,
471 4231 594 4298 περὶ
615 4231 745 4291 τοὺς
775 4229 1092 4299 ἐρωτῶντας
1119 4229 1420 4292 ὲποιοῦντο;
1446 4225 1550 4299 ἆρα
1566 4228 1683 4298 οὐχὶ

187 4310 280 4376 περὶ
304 4314 527 4383 ἀσέμνων
556 4317 834 4371 ταπεινῶν
861 4335 920 4370 τε
953 4321 1046 4372 καὶ
1081 4318 1307 4370 εὐτελῶν
1335 4318 1557 4388 ἀνδρῶν,
1583 4333 1685 4369 πυ-

185 4395 307 4462 κτῶν,
328 4401 462 4471 φέρε,
488 4405 520 4473 ἡ
543 4393 705 4457 τινων
735 4403 1011 4469 τοιούτων,
1039 4404 1132 4468 οὒς
1162 4405 1360 4469 θυσίαις
1388 4406 1550 4474 τιμᾷν
1571 4406 1682 4457 ἐκέ-

183 4481 324 4550 λευον;
343 4491 464 4545 Ποῖα
478 4494 532 4546 δὲ
550 4496 617 4547 τά
642 4512 709 4547 πε
718 4495 772 4565 pl.
791 4493 895 4562 τῆς
915 4494 1355 4563 ἀνθρωποθυσίας
1374 4479 1674 4566 νενόμίστο;

181 4577 416 4642 κεφάλαιον
452 4585 556 4654 γάρ
597 4585 660 4654 δὴ
705 4584 874 4637 τοῦτο
913 4585 1020 4638 τῶν
1053 4585 1367 4655 εἰρημένων.
1403 4582 1547 4657 τΑρά
1575 4607 1676 4643 τινι

181 4665 407 4734 πράγματι
437 4673 616 4743 φαύλῳ
663 4673 959 4726 κατέλιπον
1002 4673 1230 4736 ἀτοπίας
1267 4675 1596 4747 ὑπερϐολήν;
1626 4681 1672 4730 εί

181 4747 226 4819 δὴ
246 4755 283 4805 οἱ
306 4759 525 4831 σωτῆρες
552 4763 861 4834 ἀνθρώπων
890 4763 997 4815 θεοί
1023 4780 1081 4815 τε
1106 4765 1198 4816 καὶ
1218 4765 1405 4833 ἀγαθοὶ
1431 4766 1690 4837 δαίμονες

179 4841 270 4904 τυὺς
312 4846 472 4913 ίκέτας
511 4853 685 4907 αὐτῶν
731 4855 827 4907 καὶ
863 4855 1108 4919 εὐσεϐεῖς
1155 4856 1466 4926 πρόσφυγας
1512 4875 1686 4912 κατα-.

182 4933 377 4997 σφάττειν
427 4943 491 4996 τὰ
536 4946 744 4999 ἑαυτῶν
794 4946 1049 5016 φίλτατα,
1087 4945 1320 5016 ὡσπερεί
1375 4964 1493 4998 τινα
1541 4947 1670 5003 ἀλλα

182 5018 427 5095 θρέμματα,
460 5035 909 5105 παρεκελεύοντο,
943 5036 1195 5106 ἄντικρυς
1229 5037 1570 5108 ἀνθρωπείων
1596 5043 1672 5098 αξξ

184 5111 322 5176 μάτων
341 5121 464 5193 ὑπὲρ
491 5127 661 5179 πᾶσαν
693 5126 902 5196 θηρίων
931 5126 1087 5192 φύσιν
1110 5125 1382 5194 διψῶντες,
1413 5128 1503 5179 καὶ
1525 5129 1673 5182 οὐδὲν

183 5196 330 5276 ἀλλοῆ
371 5215 652 5281 αίμοπότας
689 5217 782 5268 καὶ
820 5215 1271 5286 ἀνθρωποϐόρους
1309 5216 1574 5281 ἀπωλείας
1611 5238 1667 5273 τε

186 5289 323 5361 φίλους
343 5297 464 5358 εἶναι
493 5311 626 5376 σφᾶς
658 5310 856 5372 αὐτοὺς
876 5306 1285 5375 ἀπελέγχοντες.
1323 5309 1389 5359 Ἦ
1418 5308 1612 5375 λεγέτω
1639 5313 1667 5365 ὁ

189 5377 460 5468 βαλλόμενος,
491 5399 537 5448 εί
579 5399 696 5466 ἔχοι,
731 5398 930 5468 σεμνόν
965 5399 1142 5455 τικαὶ
1175 5397 1369 5466 ἀρετῆς
1398 5397 1542 5461 ἀξιον
1561 5403 1665 5455 τῶν

188 5465 456 5546 ζηλοιιψιένιιιν
480 5465 754 5554 ἔπιδεῖξαι,
842 5485 1103 5558 μαντείας
1132 5465 1227 5539 καί
1248 5489 1566 5559 προρρήσεις
1587 5496 1666 5558 είς

193 5574 269 5668 ξίν
288 5581 412 5644 γένος
434 5585 523 5638 ἀνθ
532 5588 721 5657 ρώπων
749 5591 1152 5652 συντεινούσας,
1181 5588 1213 5657 ἢ
1235 5591 1426 5659 νόμους
1447 5595 1534 5648 καὶ
1565 5615 1660 5650 πο-

196 5670 352 5733 mea;
367 5673 629 5747 διατάξεις,
652 5683 771 5736 καθ’
799 5682 891 5748 οὓς
912 5683 1056 5754 χρῆν
1079 5682 1221 5758 βιοῦν
1247 5685 1445 5753 πάντας
1468 5691 1663 5763 ἀνθρώ·

1799 3251 1950 3296 antea
1978 3244 2398 3300 demonstratum
2433 3249 2522 3312 sit,
2556 3251 2766 3305 illorum
2799 3269 2966 3321 genus
3000 3256 3198 3312 ftedum
3227 3261 3328 3316 im-

1797 3333 2158 3404 mundumque
2178 3355 2317 3404 esse,
2342 3355 2407 3395 ex
2446 3356 2508 3395 eo
2537 3343 2678 3410 quod
2707 3345 2956 3400 obscenis
2995 3363 3059 3401 ac
3086 3349 3323 3414 lascivis,

1793 3422 1951 3494 20."I
1979 3441 2096 3495 quae
2133 3427 2199 3482 de
2231 3428 2362 3497 ipsis
2383 3430 2641 3494 ferantur,
2676 3436 2901 3491 canticis
2924 3437 3155 3507 gaudere
3196 3455 3324 3493 con-

1794 3517 2096 3583 sueverint;
2124 3519 2248 3572 item
2286 3521 2498 3591 hymnis
2543 3539 2604 3579 ac
2634 3525 2891 3582 fabulosis
2925 3531 3324 3588 narrationibus

1792 3604 2136 3678 historiisque
2174 3610 2474 3669 inhonestis
2521 3628 2586 3670 ac
2627 3616 2965 3684 perniciosis,
3012 3633 3148 3690 quas
3176 3623 3321 3690 quod

1789 3705 1974 3748 contra
2005 3699 2209 3767 seipsos
2251 3710 2398 3758 ratas
2426 3703 2728 3770 habuerint,
2771 3718 2822 3761 et
2867 3717 3118 3777 tanquam
3163 3725 3319 3764 veras

1789 3790 2270 3857 comprobaverint,
2301 3794 2412 3862 jam
2442 3796 2596 3865 plane
2614 3797 2883 3868 redarguti
2907 3809 3052 3854 sunt.
3081 3799 3318 3870 Denique

1788 3876 1999 3932 illorum
2042 3880 2232 3939 inertis
2263 3883 2646 3956 imbecillzeque
2679 3895 2882 3944 naturae
2922 3889 3210 3944 maximum
3238 3905 3318 3946 ar-

1786 3980 2111 4038 gumentum,
2151 3974 2293 4043 quod
2324 3977 2583 4032 exstincta
2604 3980 2708 4034 sint
2743 3980 2978 4045 oracula,
3007 3995 3179 4051 neque
3204 3997 3318 4035 am-

1785 4061 1924 4128 plius
1951 4069 2010 4116 ut
2052 4062 2178 4124 olim
2210 4068 2595 4136 respondeant;
2629 4077 2684 4124 et
2728 4072 2996 4128 exstincta
3023 4087 3130 4126 non
3181 4073 3314 4126 alias

1782 4169 1944 4222 quam
1971 4156 2070 4210 sub
2096 4157 2382 4212 adventum
2423 4157 2714 4216 Salvatoris
2737 4162 2906 4218 nostri
2934 4162 3062 4218 Jesu
3089 4161 3311 4226 Christi;

1780 4259 1846 4297 ex
1871 4259 1976 4312 quo
2004 4246 2144 4299 enim
2180 4247 2324 4301 illius
2353 4248 2408 4302 in
2448 4264 2632 4305 omnes
2659 4251 3196 4321 gentes‘evangelicaa
3223 4250 3314 4305 do-

1781 4337 1966 4391 ctrina:
1993 4339 2291 4404 penetravit
2318 4340 2560 4405 verbum,
2590 4357 2654 4397 ex
2682 4341 2772 4396 illo
2803 4342 2929 4398 item
2965 4339 3182 4396 oracula
3223 4340 3311 4394 dc-

1710 4466 1756 4520 D
1783 4425 2040 4491 iecerunt,
2065 4437 2118 4482 et
2141 4428 2442 4484 damonum
2466 4441 2666 4486 mortes
2705 4441 3088 4486 memorantur.
3121 4430 3309 4485 Omnia

1779 4516 1937 4584 igitur
1963 4518 2075 4572 haec
2107 4525 2160 4572 et
2185 4519 2594 4576 innumerabilia
2614 4523 2715 4575 alia
2737 4521 3041 4579 bissimilia
3071 4520 3304 4580 fuerunt,

1774 4623 1841 4662 ex
1882 4608 2076 4676 quibus
2121 4610 2275 4674 illos,
2321 4611 2386 4666 de
2433 4612 2638 4682 quibus
2672 4628 2816 4667 nunc
2865 4614 3090 4682 agimus,
3135 4611 3304 4666 malos

1774 4711 1890 4751 esse
1919 4697 2182 4754 daemones
2203 4699 2511 4771 Evangelica
2546 4701 2867 4770 Pneparatio
2895 4700 3298 4757 demonstravit.

1773 4785 1924 4852 Quod
1957 4787 2000 4839 si
2036 4788 2170 4843 tales
2217 4790 2337 4846 illos
2363 4806 2484 4848 esse
2516 4794 2625 4862 jam
2657 4801 2884 4857 constat,
2910 4807 3028 4861 quae
3046 4791 3185 4844 ratio
3209 4807 3302 4846 un-

1771 4891 1928 4944 quam
1959 4876 2238 4945 obtinebit,
2278 4888 2340 4936 ut
2363 4885 2594 4950 supremi
2629 4883 2727 4936 Dei
2752 4883 2872 4938 illas
2899 4883 3064 4938 fuisse
3090 4883 3300 4939 divina-

1770 4968 1938 5022 tiones
1964 4983 2298 5034 censeamus,
2328 4987 2446 5042 qua':
2484 4974 2780 5028 daemonum
2811 4981 2983 5029 sortes
3010 4975 3296 5044 perhiben-

1768 5073 1873 5126 tur,
1901 5069 1991 5116 aut
2015 5077 2132 5131 qua:
2159 5064 2226 5118 de
2258 5065 2363 5119 illis
2393 5065 2656 5127 feruntur,
2682 5065 2773 5119 Dei
2797 5067 3175 5136 prophetarum
3205 5087 3298 5125 va-

1764 5151 1965 5205 ticiniis
1991 5166 2110 5206 esse
2137 5153 2490 5223 comparanda
2512 5153 2534 5204 ?
2555 5152 2830 5206 Caeterum
2863 5155 3046 5223 quanti
3077 5157 3294 5214 tandem

1766 5242 1975 5296 illorum
2015 5241 2384 5310 praedictiones
2440 5241 2712 5305 facienda,
2767 5257 2918 5311 quas,
2968 5258 3090 5298 cum
3149 5254 3295 5304 stare

1762 5335 2095 5397 videbantur,
2128 5333 2524 5398 sciscitantibus
2555 5333 2981 5404 respondebant?
3005 5335 3195 5393 Nonne
3225 5341 3292 5396 de

1763 5424 2056 5482 inhonestis
2093 5435 2251 5496 atque
2286 5426 2575 5482 humilibus
2613 5435 2666 5482 et
2707 5429 2903 5485 nullius
2948 5432 3109 5500 pretii
3134 5433 3284 5495 viris.

1761 5515 2048 5585 pugilibus,
2096 5517 2320 5587 exempli
2355 5521 2559 5587 gratia,
2599 5528 2690 5574 aut
2739 5521 2859 5576 aliis
2900 5524 3095 5578 talibus
3135 5523 3284 5577 reddi

1761 5606 1946 5661 solitas
1976 5608 2240 5669 novimus,
2278 5623 2413 5676 quos
2455 5609 2666 5679 quidem
2711 5610 2955 5667 homines
3001 5612 3288 5667 sacriﬁciis.

1758 5698 2028 5754 honestari
2057 5698 2350 5769 jubebant‘!
2377 5700 2563 5767 Qualia
2594 5717 2756 5771 porro
2781 5718 2899 5774 qua:
2927 5702 2993 5757 de
3035 5700 3279 5756 humanis
