3862 6318
655 365 755 419 339

1220 350 1484 405 EUSEBII
1521 347 1992 405 CAESARIENSIS
2027 347 2174 402 OPP.
2207 345 2406 401 PARS.
2446 344 2508 397 11.
2549 374 2616 384 -
2651 340 3088 397 APOLOGETICA.

659 474 886 529 victimis
924 471 1189 529 feruntur,
1222 466 1524 522 censenda?
1547 466 1716 535 Caput
1756 466 1896 520 enim
1928 465 2028 518 hoc
2071 479 2184 517 om-

1970 479 2028 518 oc
2071 479 2187 517 om-
2214 468 2260 522 Α
2295 478 2446 523 πους,
2490 458 2919 529 διαγορευούσας,
2950 457 2975 525 ἢ
3005 455 3247 524 φιλοσοφίας
3269 456 3448 526 δόγματά
3467 477 3495 511 τι

659 568 803 620 nium
851 575 1033 627 eorum
1073 574 1192 627 quae
1238 558 1382 611 dicta
1411 566 1571 612 sunt:
1605 573 1731 610 num
1779 557 1942 627 igitur
1981 555 2089 607 ulla
2131 569 2189 608 re

662 666 822 724 prava
860 651 1037 702 locum
1081 661 1231 700 novre
1271 647 1587 701 absurditati
1633 643 1999 714 reliquerunt?
2038 639 2189 707 Quod

658 742 703 796 si
729 739 814 794 isti
840 737 1112 790 hominum
1138 741 1564 795 conservatores,
1592 742 1644 785 et
1666 732 1737 785 dii
1759 739 1812 784 et
1840 729 1963 783 boni
1996 728 2193 781 daemo-

658 845 774 891 nes,
814 827 903 896 qui
941 825 1007 878 ad
1036 840 1095 879 se
1123 823 1434 893 suppliciter
1460 830 1512 875 et
1540 835 1660 875 cum
1690 820 1886 889 pietate
1914 816 2191 886 confugie-

658 924 806 979 bant,
840 931 933 971 eos
980 928 1312 985 qumcunque
1358 911 1675 965 charissima
1721 910 1998 971 haberent,
2041 907 2195 977 quasi

659 1008 880 1076 reliquis
915 1004 1110 1060 similia
1141 1017 1337 1072 pecora
1378 1009 1613 1057 mactare
1655 1000 2005 1068 imperabant,
2037 999 2194 1067 plana

656 1098 801 1168 quod
831 1094 1046 1150 humani
1087 1093 1366 1163 sanguinis
1417 1106 1575 1161 supra
1608 1105 1817 1145 omnem
1846 1090 2068 1144 ferinam
2100 1103 2197 1141 na-

660 1200 833 1243 turam
869 1186 1147 1248 sitibundi,
1171 1199 1345 1254 neque
1374 1183 1670 1252 quidquam,
1686 1181 1829 1241 aliud
1861 1194 2017 1250 quam
2043 1186 2195 1248 poto-

658 1295 745 1333 res
779 1276 1055 1346 sanguinis
1085 1282 1138 1330 et
1178 1273 1521 1329 devoratores
1551 1273 1824 1327 hominum
1854 1270 2199 1340 perditionis-

2295 550 2584 620 μαθήματα
2605 549 2736 618 πρὸς
2751 546 2856 598 τῶν
2876 545 2988 597 θεῶν
3005 545 3327 614 προῦεθλημὲνα
3341 548 3424 608 τοῖς
3434 548 3500 616 ipa

2292 639 2620 707 φιλοσοφίας.
2639 637 2771 688 Ἀλλ’
2787 637 2887 688 οὐκ
2902 634 2952 687 ἂν
2965 634 3053 704 ἔχοι
3063 651 3128 696 τις
3141 634 3450 701 φάναιτοιοῦτον
3463 653 3498 686 τι

2291 726 2563 797 ὑπῆρχθαι
2586 726 2661 795 τῷ
2689 726 2784 795 βίῳ
2810 726 2873 776 ὲκ
2892 723 2981 781 τῶν,
3017 723 3282 793 περιϐοήτων
3296 724 3499 799 χρηστηρί

2293 817 2398 886 γὰρ
2415 812 2481 885 ἦν
2500 816 2688 877 ταῦτα,
2712 816 2808 866 οὐκ
2845 813 2907 866 ἂν
2935 813 3157 881 διαφόροις
3176 812 3407 882 ἐχρήσαντο
3425 812 3494 864 καὶ

2297 906 2472 976 μένοις
2486 906 2664 975 νόμοις
2689 903 2783 958 άνθ
2792 919 2949 972 ρωποι
2963 901 3049 953 ὑπὸ
3065 901 3176 953 θεῶν
3189 900 3502 970 νομοθετούμενι

2293 996 2399 1066 γὰρ
2413 996 2559 1057 ὄντες
2573 996 2665 1047 καὶ
2682 994 2888 1061 ἁγαθοὶ,
2905 992 3004 1054 πῶς
3015 992 3097 1044 οὐκ
3110 993 3162 1044 ἂν
3172 993 3261 1054 τοῖς
3272 991 3414 1054 αὐτοῖς
3428 993 3500 1061 ὲχρ

2293 1086 2612 1155 διατάγμασι
2633 1101 2646 1148 ;
2680 1084 2861 1144 πῶςδ
2883 1083 2984 1151 οὐχὶ
3004 1084 3103 1143 ταῖς
3127 1079 3323 1151 σώφροσι
3352 1081 3428 1133 και
3454 1081 3502 1132 διε

2293 1194 2411 1239 ταις
2464 1175 2829 1246 νομοθεσίαις;
2876 1174 2960 1236 Τίς
2987 1168 3066 1225 οὖν
3094 1171 3172 1223 τοῦ
3200 1172 3404 1235 Σόλωνος,
3432 1172 3458 1241 ἢ
3485 1174 3504 1222 Δ

2294 1287 2423 1333 τος,
2466 1269 2499 1339 ἢ
2536 1267 2641 1320 τῶν
2682 1267 2851 1319 ἄλλων
2883 1262 3143 1333 ἀνθρώπων
3175 1261 3359 1332 Ἕλλησί
3399 1280 3449 1315 τε
3474 1281 3502 1315 κ

660 1380 765 1436 que
796 1364 953 1417 amici
998 1368 1198 1421 essent,
1239 1360 1452 1430 ipsimet
1499 1358 1890 1426 declarabant:
1922 1365 2013 1410 aut
2054 1357 2185 1410 dicat

1980 1365 2013 1410 ιι
2054 1357 2199 1410 dicat
2290 1357 2479 1431 ὀάροις
2521 1356 2815 1427 νομοθετῶν
2849 1355 2990 1426 χρεία
3020 1351 3098 1426 ἦν,
3141 1353 3257 1408 θεῶν
3289 1355 3423 1420 ἐγγὺς
3449 1371 3505 1406 πα

660 1455 789 1508 mihi
818 1468 948 1508 sane
973 1452 1171 1521 quivis,
1202 1465 1331 1504 num
1361 1450 1427 1507 de
1462 1449 1569 1503 illis
1600 1448 1775 1518 possit
1798 1448 2005 1503 honesti
2037 1446 2196 1516 quid-

662 1549 824 1615 piam,
852 1549 944 1595 aut
975 1540 1118 1610 quod
1145 1554 1267 1594 cum
1299 1539 1495 1593 virtute
1517 1539 1862 1607 conjunctum
1893 1540 1983 1601 sit,
2017 1544 2200 1593 osten-

659 1637 826 1689 dere:
869 1638 960 1685 aut
1003 1630 1390 1692 divinationes,
1442 1645 1505 1684 ac
1545 1629 1937 1698 praedictiones,
1974 1643 2092 1698 quae
2129 1629 2197 1683 ad

660 1739 818 1777 omne
866 1722 1142 1776 hominum
1183 1735 1352 1791 genus
1387 1720 1781 1789 spectaverint:
1814 1727 1906 1773 aut
1926 1720 2199 1790 leges,in-

2300 1452 2394 1505 καὶ
2415 1450 2501 1503 διὰ
2520 1449 2626 1502 τῶν
2652 1449 2904 1519 χρησμῶν
2931 1447 3301 1517 διαταττομένων
3312 1445 3372 1497 τὰ.
3390 1445 3504 1498 δέοντ

2296 1542 2359 1612 δὴ
2376 1542 2504 1611 φαίη
2528 1558 2608 1604 τις
2627 1541 2818 1602 αὐτοὺς
2843 1541 2930 1592 καὶ
2949 1541 3044 1595 οὐδ’
3077 1538 3146 1609 (1)
3166 1537 3331 1599 ἄλλους
3348 1531 3464 1588 εἶναι
3489 1553 3510 1586 τ

2297 1635 2524 1699 ἑκαστον
2549 1632 2697 1695 ἔθνος
2718 1630 3001 1702 ἀνθρώπων
3029 1627 3417 1700 νομοθετοῦντας,
3433 1627 3504 1679 καλ

2299 1727 2500 1789 ἐκεῖνος
2531 1727 2622 1778 καὶ
2656 1724 2910 1787 ποταπὸς,
2931 1723 3138 1785 εἰπάτω,
3162 1721 3286 1783 θεὸς,
3314 1723 3339 1773 ὁ
3358 1718 3508 1772 Σκύθα

661 1814 1074 1882 slitntionesque
1094 1811 1298 1874 civiles,
1337 1827 1455 1881 qua:
1483 1824 1589 1879 quo
1625 1808 1782 1863 modo
1810 1823 1995 1864 omnes
2029 1809 2186 1863 homi-

1980 1824 1995 1864 5
2029 1809 2202 1863 bomi-
2231 1810 2273 1865 Β
2300 1812 2726 1884 άνθρωποὸορεῖν
2764 1810 3144 1879 διαταξάμενος,
3175 1809 3206 1880 ἢ
3234 1810 3260 1861 ὁ
3302 1806 3505 1878 μητράσι

661 1919 760 1958 nes
785 1906 964 1958 vivere
995 1909 1258 1972 oporteat,
1295 1901 1644 1971 praeceperint
1672 1914 1686 1950 :
1722 1908 1813 1952 aut
1851 1898 2200 1966 philosophiae,

663 1996 877 2050 decreta
921 2008 984 2051 ac
1016 1993 1348 2065 disciplinas,
1389 2007 1509 2060 qua:
1554 1990 1905 2060 philosophia:
1944 1987 2201 2041 amatori-

665 2087 765 2141 bus
803 2086 870 2139 ab
898 2084 1031 2153 ipsis
1058 2083 1161 2138 diis
1193 2097 1426 2152 unquam
1470 2080 1741 2150 proposita
1776 2077 1972 2133 fuerint
2008 2096 2021 2130 :
2055 2076 2204 2145 atqui

663 2191 820 2232 nemo
872 2182 955 2233 est
994 2175 1085 2252 qui
1129 2171 1577 2243 possitaﬂirmare
1617 2170 1724 2225 tale
1773 2183 2006 2240 unquam
2044 2166 2202 2237 quid-

662 2281 822 2336 quam
864 2267 945 2321 vel
989 2265 1459 2320 celeberrimorum
1518 2262 1857 2319 oraculorum
1908 2258 2201 2322 beneﬁcio,

663 2356 820 2425 205
845 2356 967 2410 vita:
990 2355 1264 2414 hominum
1301 2351 1631 2422 contigisse;
1667 2366 1791 2404 nam
1825 2352 1869 2404 si
1910 2348 2039 2402 talia
2065 2346 2201 2402 fuis-

665 2457 805 2509 sent,
837 2459 1108 2513 nunquam
1140 2442 1403 2504 homines,
1428 2441 1621 2509 quibus
1641 2455 1672 2492 a
1698 2439 1802 2493 diis
1826 2439 1968 2508 leges
1994 2436 2203 2490 tradita:

666 2518 812 2597 Sunt,
856 2533 1082 2587 diversis
1123 2531 1205 2589 usi
1234 2537 1417 2584 essent
1449 2537 1609 2597 atque
1641 2529 1781 2581 inter
1825 2542 1884 2581 se
1919 2525 2205 2595 pugnanti-

666 2626 768 2679 bus
815 2622 1021 2692 legibus
1052 2640 1065 2674 :
1098 2634 1219 2673 nam
1266 2619 1358 2687 qui
1405 2619 1478 2672 dii
1506 2624 1687 2677 essent
1720 2625 1775 2670 et
1816 2616 1891 2670 dii
1935 2615 2080 2678 boni,
2112 2615 2204 2683 qui

667 2713 777 2767 ﬁeri
811 2719 999 2781 posset
1029 2718 1087 2763 ut
1118 2724 1222 2762 non
1255 2709 1422 2777 aequis
1451 2707 1878 2761 institutionibus
1903 2714 2198 2770 uterentur,

665 2816 832 2872 quare
872 2809 1048 2854 autem
1096 2812 1204 2851 non
1251 2782 1658 2850 modestissimis
1696 2811 1759 2849 ac
1789 2794 2104 2863 justissimis
2130 2794 2207 2848 le-

667 2891 858 2963 gibus?
912 2888 1044 2954 Quis
1094 2903 1220 2957 ergo
1274 2896 1366 2940 aut
1404 2885 1636 2947 Solonis,
1671 2892 1764 2939 aut
1801 2883 2084 2948 Draconis,
2116 2892 2208 2939 aut

668 2981 889 3033 aliorum
930 2977 1021 3045 qui
1057 2976 1141 3029 vel
1182 2974 1380 3028 Graecis
1414 2973 1498 3028 vel
1532 2973 1779 3028 barbaris
1827 2973 1971 3045 leges
2006 2972 2211 3028 descri-

669 3070 893 3140 pserint,
924 3084 1055 3123 usus
1089 3067 1297 3132 fuisset,
1337 3082 1458 3122 cum
1493 3065 1547 3119 in
1584 3064 1825 3133 proximo
1854 3066 2099 3123 adessent
2129 3063 2204 3118 dii

667 3162 761 3217 cmi.
788 3160 1021 3214 oraculis
1050 3166 1269 3228 possent
1302 3173 1421 3227 qua:
1463 3157 1686 3211 honesta
1715 3163 1769 3209 et
1796 3155 2098 3217 neceSsaria
2123 3154 2204 3208 vi-

666 3259 889 3319 derent,
921 3250 1247 3323 praecipere?
1286 3247 1443 3314 Quod
1478 3247 1524 3303 si
1556 3248 1678 3317 quis
1723 3245 1865 3300 dicat
1904 3245 2060 3322 plane
2086 3244 2205 3299 illos

670 3347 816 3413 ipsos
854 3357 963 3396 non
997 3342 1130 3394 alios
1156 3339 1342 3403 fuisse,
1372 3338 1461 3408 qui
1503 3353 1597 3407 per
1622 3337 1865 3407 singulas
1900 3335 2208 3405 gentesho-

670 3433 903 3488 minibus
929 3432 1072 3501 leges
1100 3429 1361 3494 dederint,
1384 3428 1526 3483 dicat
1565 3427 1747 3490 etiam,
1788 3440 1990 3496 quaeso,
2022 3424 2208 3494 ecquis

672 3527 760 3581 ilic
788 3534 879 3579 aut
902 3523 1205 3594 cuiusmodi
1234 3520 1397 3575 fuerit
1412 3520 1569 3587 deus,
1593 3522 1684 3589 qui
1708 3516 1956 3589 Scythas,
1980 3515 2208 3585 exempli

671 3615 1138 3681 g-ratia,devorare
1164 3611 1413 3667 homines
1449 3610 1713 3669 docuerit.
1749 3614 1839 3661 aut
1870 3607 1961 3676 qui
1990 3605 2211 3659 nonnul-

673 3709 739 3760 iis
769 3706 914 3774 leges
942 3704 1167 3765 dederit,
1221 3710 1280 3755 ut
1303 3700 1566 3755 matribus
1596 3714 1659 3753 ac
1686 3698 1895 3753 ﬁliabus
1922 3697 2210 3750 misceren-

673 3807 780 3863 tur,
811 3804 904 3849 aut
938 3795 1040 3864 qui
1066 3809 1159 3848 eos
1190 3795 1278 3863 qui
1320 3794 1747 3855 consenuissent,
1792 3790 2015 3844 canibus
2046 3788 2212 3858 proji-

675 3903 816 3947 cere.
845 3886 1000 3954 quasi
1031 3900 1143 3939 rem
1177 3886 1370 3939 bonam
1408 3884 1769 3954 imperaverit,
1802 3889 1893 3935 aut
1922 3881 2012 3948 qui
2055 3894 2209 3934 soro-

675 3992 763 4031 res
812 3975 1011 4029 habere
1055 3974 1110 4026 in
1155 3974 1496 4027 matrimonio
1543 3971 1869 4043 permiserit,
1912 3955 2004 4022 aut
2032 3983 2211 4023 mares

674 4066 914 4121 maribus
943 4063 1302 4119 commisceri.
1332 4063 1396 4116 Et
1414 4064 1544 4133 quid
1569 4077 1653 4117 me
1692 4069 1920 4131 oportet,
1949 4060 2213 4113 narratio-

677 4173 773 4214 nes
807 4172 838 4210 a
875 4155 1084 4226 legibus
1119 4161 1179 4231 et
1210 4154 1355 4207 omni
1389 4155 1510 4223 jure
1541 4155 1744 4208 alienas
1788 4153 1853 4207 de
1885 4151 1952 4206 iis
1979 4166 2098 4220 quae
2123 4158 2217 4203 aut

677 4244 817 4315 apud
838 4242 1071 4328 Graecos,
1103 4249 1194 4296 aut
1215 4241 1363 4311 apud
1387 4243 1646 4297 barbaros
1674 4241 1882 4304 ﬁerent,
1907 4253 2210 4304 numerare,

678 4342 739 4387 ut
762 4340 1008 4390 auctores
1032 4333 1153 4388 illos
1176 4333 1514 4388 oraculorum
1545 4332 1838 4394 mirabiles,
1865 4330 2014 4400 apud
2034 4339 2210 4385 utros-

2301 1904 2394 1964 καὶ
2418 1903 2715 1973 θυγατράσι
2752 1901 3028 1971 μίγνυσθαι
3051 1897 3401 1968 νομοθετήσας,
3434 1895 3462 1965 ἢ
3485 1899 3509 1948 ὁ

2304 1992 2582 2066 ραϐάλλειν
2625 1992 2752 2053 τοὺς
2789 1989 3160 2060 γεγηρακότας,
3212 1987 3280 2049 ὡς
3321 1984 3508 2053 ἀγαθὸν.

2299 2083 2512 2153 γμένος,
2550 2081 2583 2152 ἢ
2619 2084 2647 2135 ὁ
2683 2078 2968 2152 ἐπιτρέψας
2997 2077 3218 2146 ἀδελφὰς
3249 2078 3427 2145 γαμεῖν
3463 2092 3514 2126 κο

2300 2175 2519 2248 ἄρρεσιν
2553 2171 2958 2242 ὲπιμίγνυσθαι;
2980 2172 3084 2223 Καὶ
3115 2169 3163 2222 τί
3198 2186 3259 2239 με
3278 2167 3352 2219 δεῖ
3370 2166 3484 2228 τοὺς

2300 2264 2406 2317 τῶν
2443 2264 2572 2334 παρ’
2599 2262 2819 2332 Ἕλλησι
2854 2262 2945 2314 καὶ
2978 2260 3261 2331 βαρϐάροις
3288 2257 3465 2326 λόγους
3495 2258 3516 2310 ὀ

2301 2355 2381 2416 είς
2411 2352 2624 2421 ἔλεγχον
2643 2350 2743 2411 τοῦ,
2773 2351 2845 2420 μὴ
2871 2351 3021 2414 θεοὺς
3044 2349 3332 2418 γεγονέναι,
3360 2363 3512 2417 πονηρ

2302 2441 2608 2513 ἀλιτηρίους
2659 2440 2940 2511 δαίμονας,
2983 2444 3107 2502 τοὺς
3147 2438 3520 2510 θαυμαστοῦςι

2305 2532 2582 2603 σμοδότας,
2617 2533 2709 2590 ἐπὶ
2758 2530 2828 2583 τὰ
2869 2529 3019 2602 παρὰ
3051 2529 3206 2598 φύσιν
3253 2529 3514 2599 ἀτοπήμαιι

2302 2622 2482 2683 ἄθλιον
2512 2621 2617 2675 τῶν
2665 2621 2760 2675 ἀνθ
2771 2621 2966 2691 ρώπων
2997 2621 3150 2689 γένος
3181 2617 3517 2689 καταθεϐληκ

2303 2709 2411 2761 οὐδ’
2451 2712 2500 2761 oi
2557 2713 2688 2780 παρ’
2729 2692 2953 2781 Ἕλλησι
3002 2708 3316 2779 βεϐοημένοι
3363 2706 3471 2758 θεοὶ
3514 2725 3518 2734 ·

2300 2801 2616 2872 ὀνησιφόρον
2648 2819 2700 2854 τι
2733 2804 2830 2855 καὶ
2855 2802 3133 2865 λυσιτελὲς
3168 2803 3245 2867 εἰς
3271 2802 3448 2872 ψυχῆς
3477 2801 3522 2852 ὼ

2304 2890 2599 2961 χρωμένοις
2638 2892 3058 2954 ἀποδείκνυνται
3098 2893 3519 2965 παρεσχημένοι.

2306 2998 2432 3033 ποτε
2487 2983 2881 3047 καταλιπόντες
2930 2985 3126 3057 ἄνδρες
3156 2984 3425 3056 ’Έλληνες
3467 2981 3522 3036 τὶ

2305 3071 2586 3139 ὠφέλειαν,
2626 3075 2718 3138 ἐπὶ
2759 3075 2868 3147 τὴν,
2904 3075 3188 3148 βάρϐαρον
3225 3076 3522 3129 ὲστὲλλοντι

2310 3160 2428 3230 ρίαν
2471 3160 2807 3231 μαθημάτων
2842 3163 3053 3239 ἔξωθὲν
3095 3164 3266 3218 ποθεν
3302 3162 3523 3236 ἐρανιζό

2303 3251 2635 3315 διδασκάλοις
2657 3256 2772 3317 τοῖς
2794 3255 2947 3321 θεοῖς
2979 3256 3262 3328 χρῆσθαι;
3294 3242 3447 3310 Θεῶν
3481 3272 3524 3322 γι

2308 3343 2478 3413 μόνων
2501 3344 2716 3412 ἀγαθῶν
2749 3348 3255 3417 χρηματιζόντων,
3281 3349 3385 3402 καλ.
3415 3346 3530 3400 τοτί

2305 3435 2658 3510 προγνώσεως
2696 3437 2790 3489 καὶ
2831 3438 2942 3508 τῆς
2994 3438 3175 3510 ἄλλης
3214 3437 3530 3509 παραδοξοτ

2306 3530 2455 3583 κείαν
2489 3527 2710 3596 δύναμιν
2749 3530 3273 3597 παραφαινόντων,
3308 3528 3442 3594 τοτὲ
3465 3528 3533 3595 δὲ,

2307 3616 2512 3672 πτὼτου
2544 3616 2649 3668 τῶν
2688 3617 3055 3687 μαθημάτων
3099 3619 3381 3691 ἀληθείας
3415 3620 3520 3689 τὴν

2307 3705 2741 3766 ἐκδιδασκόντων,
2779 3706 2836 3758 τί
2873 3709 3004 3760 ποτ’
3036 3704 3113 3780 ἣν
3152 3710 3274 3782 ἄρα
3298 3709 3368 3763 το
3414 3709 3536 3781 μὴν

2305 3796 2556 3866 τευθῆναι
2593 3795 2913 3866 φιλοσόφων
2951 3800 3196 3863 παῖδας,
3236 3801 3430 3855 ἄλλων
3469 3802 3531 3854 δὲ

2308 3885 2526 3955 γμάτων
2557 3884 2714 3937 τινῶν
2739 3885 3011 3952 ἐπινοίας
3040 3891 3491 3962 ποριζομένων,
3526 3895 3542 3946 ἒ

2308 3974 2597 4043 διαφωνίας
2640 3974 2912 4040 ποικίλας
2964 3979 3246 4048 αἱρέσεις
3299 3982 3544 4051 φιλοσόιε

2321 4063 2456 4114 Ἀλλ’
2501 4064 2550 4115 εί
2589 4061 2663 4138 μὴ
2704 4068 3029 4136 προσεῖχον
3061 4070 3278 4135 αὐτοῖς
3313 4072 3375 4124 οἱ
3405 4072 3544 4126 πολ)

2312 4169 2447 4216 πων,
2473 4153 2597 4215 τοὺς
2621 4152 2884 4218 εὐσεϐεῖς
2923 4157 2978 4209 δ’
2999 4154 3108 4211 οὖν
3139 4162 3252 4213 καὶ
3303 4162 3467 4226 θεοῖς
3501 4182 3546 4216 π

2308 4242 2479 4312 δήπου
2510 4241 2571 4293 τὸ
2600 4240 2968 4297 ἀδιάπτωτον
3013 4249 3093 4302 ὲκ
3126 4251 3247 4322 τῆς
3275 4252 3403 4306 ’τῶν
3428 4252 3550 4307 θεῶ

2312 4330 2582 4401 πορίσθαι.
2619 4328 2779 4393 Τίνες
2824 4328 2937 4389 οὖν
2977 4330 3197 4404 οὗτοι;
3251 4340 3365 4405 οὓς
3393 4344 3521 4415 γὰρ
3550 4350 3555 4387 5

679 4438 785 4491 que
828 4437 936 4476 non
975 4422 1125 4483 deos,
1176 4421 1268 4476 sed
1298 4435 1490 4490 pravos
1520 4434 1583 4473 ac
1620 4403 2204 4474 sceleratosdaemones

2030 4433 2213 4474 mones
2244 4419 2663 4493 ῃάπελέγχουσι
2706 4418 3169 4496 πλανωμένους
3216 4432 3282 4483 οἱ

679 4512 848 4568 fuisse
868 4513 1229 4568 demonstrem
1245 4513 1273 4565 ἶ*
1291 4511 1488 4581 quippe
1505 4512 1596 4581 qui
1618 4510 2043 4565 infelicissimum
2074 4526 2217 4565 mor-

678 4602 866 4656 talium
898 4616 1088 4671 genus,
1122 4599 1177 4654 in
1205 4600 1565 4656 absurditates
1602 4600 1669 4653 ab
1695 4602 1847 4654 omni
1877 4607 2066 4655 natura
2089 4601 2218 4655 alie-

682 4706 786 4747 nas
810 4691 1137 4761 conjecerint
1162 4709 1175 4743 :
1197 4690 1409 4761 quando
1439 4705 1505 4743 ne
1535 4688 1611 4742 dii
1634 4690 1847 4758 quidem
1877 4690 1953 4745 illi
1976 4697 2029 4745 et
2048 4696 2214 4751 vates,

621 4831 632 4841 ,
682 4782 771 4847 qui
805 4780 945 4850 apud
974 4776 1189 4835 Graecos
1224 4780 1362 4832 fama
1407 4780 1764 4845 celebrantur,
1795 4790 1854 4835 ut
1883 4781 2217 4836 conducibile

682 4871 969 4939 quidquam
1000 4879 1053 4926 et
1077 4888 1177 4927 suo
1204 4870 1371 4941 pretio
1391 4870 1784 4936 aestimandum,
1811 4874 1877 4928 ad
1899 4875 2087 4928 animae
2113 4872 2225 4926 uti-7

685 4957 887 5012 litatem
922 4961 990 5014 iis
1036 4961 1374 5022 tradiderint,
1405 4960 1494 5030 qui
1526 4961 1591 5016 ad
1633 4963 1849 5017 oracula
1879 4965 2214 5027 accederent,

686 5044 1040 5103 demonstrari
1069 5052 1315 5120 possint?
1341 5051 1452 5106 Cur
1482 5052 1624 5107 enim
1652 5070 1884 5124 unquam
1922 5054 2094 5110 Graeci
2121 5054 2217 5108 ho-

688 5134 879 5195 mines.
907 5138 1091 5191 relicto
1113 5140 1325 5196 illorum
1368 5159 1493 5205 usu,
1530 5143 1809 5198 barbaram
1842 5154 2038 5200 terram
2069 5151 2216 5213 pete-

684 5241 743 5279 Tc
780 5223 927 5277 90"“
971 5233 1129 5289 sum.
1178 5235 1240 5281 ut
1278 5242 1634 5289 mercatorum
1673 5236 1874 5298 instar,
1908 5235 2219 5303 disciplinas

687 5312 1028 5368 extrinsecus
1063 5314 1275 5370 aliunde
1303 5324 1696 5389 conquirerent,
1732 5341 1851 5379 cum
1886 5325 1939 5378 in
1976 5325 2219 5392 proximo

686 5411 874 5459 essent
926 5401 998 5455 dii
1046 5403 1241 5472 quibus
1281 5409 1552 5476 magistris
1605 5415 1925 5471 uterentur?
1977 5413 2032 5467 Si
2078 5412 2216 5465 enim

685 5495 754 5548 dii
817 5501 908 5548 aut
953 5493 1135 5548 etiam
1179 5494 1304 5548 boni
1362 5497 1629 5558 daemones
1681 5506 2082 5577 respondissent
2109 5542 2124 5565 ,
2168 5508 2220 5556 et

688 5584 826 5638 alias
840 5583 1052 5650 quidem
1078 5583 1496 5643 divinationibus
1518 5592 1742 5662 aliisque
1763 5594 2033 5653 miraculis
2046 5599 2226 5649 οειειιη

761 5677 836 5748 (ι)
880 5675 1034 5731 οὐδ’.
1074 5672 1231 5730 Forte
1264 5677 1382 5728 οὐκ.
1413 5677 1564 5735 Enn.

2151 5771 2194 5778 δή
2216 5777 2244 5782 ..
2264 5776 2289 5783 ..-

2316 4509 2441 4580 γὰρ,
2468 4509 2541 4576 ὡς
2574 4509 2735 4576 ἔοικε,
2772 4511 3111 4584 δαιμόνων
3144 4517 3229 4592 ἦν
3277 4526 3553 4595 μαντεία

2317 4600 2584 4672 φωρᾶςοῆ
2627 4598 2886 4689 ξκεὺους
2916 4608 3289 4679 ἀπωλείας,
3346 4617 3398 4689 η
3420 4634 3562 4672 τι.νο

2317 4689 2597 4758 φθάνοντα,
2619 4683 2692 4741 ὧν
2722 4691 2848 4745 οὐκ
2888 4695 3176 4766 ἀπεικὸς
3213 4701 3299 4776 ἦν
3326 4683 3564 4772 αὖτοὺς

2316 4778 2435 4851 άέρι
2467 4778 2564 4872 τὰς
2592 4777 2910 4872 διατριϐὰς
2943 4793 3429 4865 ποιουμένους,
3466 4800 3562 4872 τὴ.

2316 4887 2431 4936 ναι·
2473 4867 2641 4937 καλοῦ,
2665 4868 2722 4924 δὲ
2778 4876 2902 4928 καὶ
2963 4883 3176 4951 σοφοῦ
3237 4889 3525 4958 μηδενὸς

2316 4961 2575 5030 δόγματος
2620 4959 2987 5033 φιλοσόφου,
3066 4975 3167 5045 μὴ
3202 4977 3570 5047 πολιτείας.

2316 5050 2455 5143 λόγῳ
2472 5049 2720 5119 κειμένου
2740 5069 2755 5081 ·
2793 5057 3061 5125 μᾶλλον
3095 5065 3199 5129 δὲ,
3229 5071 3293 5120 ει
3328 5073 3465 5143 χρὴ
3504 5074 3578 5127 ὲλ

2317 5140 2471 5239 ληθὲς
2504 5143 2696 5239 εἰπεξν,
2732 5147 3026 5215 τούτους
3069 5140 3395 5233 ἅπαντας
3426 5140 3578 5239 ἔαρι

2316 5232 2746 5323 χρῆνγεγιξνέναι
2770 5251 2789 5264 ο
2822 5240 2891 5290 οἱ
2935 5243 3022 5315 δὴ
3064 5250 3239 5323 περι
3270 5229 3584 5322 σφι-ονξέ

2316 5320 2708 5400 ἀρρενομιξίας,
2779 5320 3300 5409 μητρογαμίας
3336 5320 3487 5408 ἣτε,
3542 5364 3584 5400 δι

2319 5430 2485 5485 σμους
2513 5412 2844 5480 κοινωνίας,
2880 5421 3012 5474 καλ⁸
3050 5441 3147 5493 μυ
3159 5428 3325 5498 ρίας
3349 5434 3575 5503 ἄλλοις

2318 5521 2381 5595 τε
2429 5505 2520 5557 καί⁵
2572 5503 2883 5595 πολέμους
2962 5513 3153 5570 Θεῶν
3224 5525 3417 5595 πρὸς
3484 5530 3594 5585 Bac

2318 5593 2478 5666 ᾠδαῖς
2526 5596 2618 5648 καὶ
2666 5594 2916 5664 ὕμνοις
2975 5608 3119 5670 καὶ,
3169 5593 3398 5690 Ben—7+,
3411 5638 3591 5692 μασι
