3862 6322
227 448 301 503 541
1056 441 1681 503 ΒΕΜΟΝΞΤΒᾹΤΙΟΝΙΞ

1813 439 2155 496 ANGELICA‘I
2194 441 2318 496 LIB.
2355 442 2419 498 V.
3237 449 3341 504 ⁵549.

224 565 503 633 ἀπορρήτοις
557 563 801 628 τελεταῖς
851 567 1109 636 λεγόντων
1161 567 1503 638 ἀκροώμενοι.
1547 565 1716 626 Οὐδεὶς

1824 565 2026 618 dissent
2063 562 2166 614 vim
2205 577 2385 628 suam,
2426 560 2557 614 alias
2591 577 2716 616 vero
2739 578 2803 618 ex
2836 566 3102 620 constanti
3151 573 3202 620 ct
3247 583 3343 620 ne-

221 653 324 721 γοῡν
353 653 515 705 αὐτῶν
541 653 760 706 πώποτε
787 656 879 706 ἐπὶ
905 659 1014 717 τοῖς
1044 657 1359 726 εἰρημένοις,
1392 655 1464 716 ὠς
1489 656 1570 705 ἐπ’
1599 655 1716 705 ἀκο-

1823 656 2048 710 ccssa-ria
2093 653 2491 721 disciplinarum
2522 651 2760 711 veritate.
2811 670 2987 708 veram
3031 656 3339 710 docuissent

220 746 418 804 λάστοις,
467 745 557 794 καὶ
611 744 746 812 μηδὲ
796 745 1063 815 σώφροσιν
1111 744 1403 814 ἀνθρώποις
1434 742 1716 813 ἁρμόζουσι

1823 744 2162 811 sapientiam,
2212 742 2339 810 quid
2387 739 2596 792 tandem
2641 741 3012 808 impedimento
3053 743 3238 797 fuisset
3274 760 3338 797 ne

223 832 400 901 φρονεῖν
430 831 460 898 ἢ
492 830 666 898 λέγειν
700 831 768 882 τὰ
793 832 1030 894 τοιαῦτα,
1064 833 1435 900 ἀγανακτήσας
1463 831 1714 898 φαίνεται.

1823 834 1887 886 ab
1932 833 2034 886 illis
2074 832 2508 900 philosophorum
2552 829 2641 882 lilii
2688 830 3120 896 institueremur,
3166 841 3222 885 ut
3265 833 3337 886 ita

223 924 307 974 Καὶ
334 923 379 972 τί
404 937 462 990 με
491 922 594 990 χρὴ
623 921 999 984 διατείνεσθαι,
1034 923 1198 992 παρὸν
1224 922 1279 985 ἐξ
1305 923 1420 985 ἑνὸς
1451 921 1540 973 τοῦ
1573 923 1716 990 μεγί-

1822 923 1925 974 illis
1971 921 2259 982 institutis,
2303 935 2562 988 nusquam
2601 918 2715 971 aliae
2761 919 2827 971 ab
2864 920 2980 974 aliis
3019 922 3296 989 opiniones
3320 961 3334 984 ,

227 1027 324 1062 στου
352 1010 768 1078 παραδείγματος
811 1012 871 1062 τὺ
919 1013 1059 1079 ὠμὸν
1095 1013 1183 1064 καὶ
1218 1011 1584 1081 ἀπάνθρωπον,
1628 1011 1716 1061 καὶ

1822 1010 1933 1061 alia:
1980 1011 2286 1067 sentcntiae.
2331 1009 2433 1060 alia
2485 1007 2696 1062 decreta
2754 1006 3123 1071 traderentur,
3166 1024 3338 1077 neque

227 1098 284 1159 ὡς
299 1098 484 1167 ἀληθῶς
513 1099 838 1167 μιαρὸνετῶν
870 1099 1200 1169 δηλουμένων
1228 1104 1476 1170 συνορᾷν;
1502 1101 1638 1166 λέγω
1661 1099 1716 1150 δὲ

1820 1114 1942 1150 vero
1979 1113 2045 1151 ex
2099 1099 2253 1166 longa
2301 1096 2640 1159 diversitate,
2690 1095 2850 1147 varire
2904 1097 3337 1164 philosophorum

225 1189 272 1236 ἐκ
309 1186 394 1253 τῆς
430 1186 890 1255 ἀνθρωποθυσίας.
945 1189 1016 1240 Τὸ
1067 1188 1169 1259 γὰρ
1213 1189 1282 1259 μὴ
1330 1191 1481 1258 μόνον
1517 1189 1715 1256 ἀλόγων

1819 1197 1976 1241 sectae
2021 1187 2404 1240 nascerentur?
2449 1181 2597 1250 Quod
2653 1185 2696 1238 si
2740 1185 2858 1237 illos
2907 1185 3176 1253 p0pularis
3227 1194 3339 1240 tur-

223 1273 338 1337 ζὼων
389 1277 618 1340 σφαγαῖς
671 1277 902 1345 χαίρειν,
957 1276 1086 1328 ἀλλά
1135 1279 1226 1328 καὶ
1282 1278 1571 1346 ἀνθρώπων
1615 1279 1716 1330 ἀπ-

1818 1277 1883 1330 ba
1925 1291 2029 1329 non
2069 1275 2410 1336 attendebat,
2464 1283 2516 1327 at
2572 1275 2759 1328 saltem
2821 1273 2923 1341 piis
2977 1275 3340 1344 religiosisque

221 1364 410 1426 ωλείαις,
424 1363 572 1425 ποίας
584 1364 866 1434 ὠμότητος
882 1367 979 1416 ὑπε
987 1365 1175 1435 ρῦολὴν
1198 1368 1291 1435 οὐχ
1305 1367 1403 1417 ὑπε
1412 1368 1682 1437 ρηκόντισε
1698 1384 1711 1431 ;

1817 1360 2140 1425 hominibus,
2171 1361 2260 1429 qui
2285 1360 2404 1413 illos
2425 1360 2782 1422 consulerent,
2808 1367 3137 1412 constantem
3161 1375 3343 1428 quam-

221 1455 348 1506 ταῦτα
387 1454 489 1524 γὰρ
528 1451 616 1526 ἦν,
647 1454 724 1516 ὡς
757 1455 912 1526 ἔφην,
937 1457 1002 1508 τὰ
1035 1456 1119 1508 διά
1154 1458 1247 1526 τῆς
1274 1458 1714 1526 προπαρασκευῆς

1817 1451 1935 1504 dam
1965 1451 2257 1503 doctrinam
2277 1491 2292 1515 ,
2321 1450 2575 1503 beneﬁcio
2604 1449 2812 1500 illorum
2846 1449 3169 1517 suppeditari
3191 1466 3343 1520 opor-

221 1542 264 1607 ἐξ
277 1540 421 1594 αὐτῶν
450 1541 556 1593 τῶν
595 1540 924 1610 Ἑλληνικῶν
953 1541 1240 1608 φιλοσόφων
1272 1558 1327 1592 τε
1358 1542 1448 1593 καὶ
1481 1557 1713 1608 συγγρα-

1816 1540 1974 1593 tehat.
2005 1541 2163 1608 206
2191 1538 2290 1593 Sed
2318 1541 2406 1608 qui
2440 1548 2565 1593 sunt
2583 1538 2633 1589 hi
2659 1537 2906 1591 tandem?
2928 1553 3048 1592 nam
3075 1555 3345 1607 quoscun-

220 1627 328 1692 σέων
360 1626 818 1696 μεμαρτυρημένα
840 1644 852 1656 ·
889 1626 948 1689 ἐξ
980 1621 1052 1681 ὧν
1088 1629 1178 1679 καῖ
1216 1628 1439 1697 μάλιστα
1471 1628 1713 1697 δαίμονες

1815 1644 1916 1698 que
1944 1629 2145 1682 dixeris
2181 1630 2334 1692 tales,
2369 1644 2461 1683 eos
2497 1637 2554 1682 ut
2586 1638 2826 1684 errantes
2864 1630 3190 1699 redarguunt
3217 1631 3340 1700 qui-

217 1717 330 1778 ὕντες
351 1718 557 1786 πονηροὶ
607 1718 968 1780 πολυπλόκοις
1010 1722 1284 1788 μηχαναῖς,
1321 1719 1434 1770 τοτὲ
1473 1719 1564 1787 μὲν
1596 1724 1712 1782 ταῖς

1814 1733 2022 1788 cunque
2051 1719 2258 1772 diversa
2293 1727 2384 1771 aut
2413 1720 2678 1772 contraria
2709 1720 2961 1774 sentiunt.
2995 1720 3254 1776 Cteterum
3283 1729 3342 1776 ut

216 1807 283 1858 διὰ
310 1807 564 1874 μαντειῶν,
601 1809 730 1859 τοτὲ
756 1809 814 1860 δὲ
839 1812 958 1870 ταῖς
981 1809 1259 1860 δι’·οίωνῶν
1289 1809 1320 1878 ἢ
1357 1810 1647 1878 συμϐόλων,
1677 1811 1708 1880 ἢ

1813 1823 1909 1877 par
1955 1815 2056 1869 cst,
2103 1806 2397 1860 «lzemonum
2441 1815 2593 1861 erant
2639 1810 2885 1874 oracula,
2918 1825 3035 1878 quas
3065 1827 3233 1880 usque
3273 1811 3341 1864 ad

219 1894 437 1964 θυμάτων,
469 1895 500 1964 ἦ
549 1897 664 1948 τῶν
723 1898 1136 1966 παραπλησίων,
1162 1898 1223 1949 τὸ
1252 1896 1572 1966 ἀνθρώπειον
1603 1899 1714 1950 δια-

1813 1897 1946 1950 furis
2003 1896 2452 1963 compilationem,
2511 1909 2602 1950 aut
2646 1899 2987 1967 supellectilis
3040 1899 3336 1964 interitum,

1813 1995 1903 2038 aut
1943 1985 2083 2037 aliud
2117 1985 2384 2052 quidpiam
2415 1986 2648 2054 ejusdem
2678 1989 2888 2057 generis
2916 1989 3022 2041 vim
3054 2004 3202 2042 suam
3226 2005 3344 2057 por-

1811 2076 2062 2142 rigerent,
2095 2090 2319 2142 quarum
2347 2091 2475 2130 sane
2513 2091 2690 2130 rerum
2725 2077 2863 2130 haud
2909 2079 3220 2133 incredibile
3260 2089 3342 2135 est

1812 2163 1950 2222 illos,
1988 2171 2168 2232 utpote
2200 2164 2290 2232 qui
2341 2165 2394 2217 in
2427 2166 2526 2218 hoc
2551 2182 2672 2220 aere
2701 2167 2788 2234 qui
2822 2175 3016 2220 terram
3043 2169 3224 2232 ambit,
3249 2185 3342 2224 va-

1812 2253 1924 2319 gari
1957 2252 2348 2317 consueverint,
2378 2253 2627 2308 habuisse
2659 2257 2962 2322 scientiam;
2991 2257 3226 2312 honestae
3247 2275 3342 2312 au-

214 2341 283 2399 χιιὶ
304 2341 521 2409 θεολόγος
555 2342 803 2410 γεγονὼς
833 2342 1050 2412 Μωσῆς,
1092 2342 1186 2394 θέα
1227 2343 1360 2394 ὅσων
1393 2340 1605 2408 ἀγαθῶν
1632 2341 1708 2412 τῷ

1813 2348 1914 2395 tem
1945 2350 2134 2395 etcum
2173 2343 2429 2410 sapientia
2465 2343 2761 2410 conjuncta:
2782 2346 2879 2408 rei,
2908 2347 3020 2400 sive
3069 2350 3342 2403 sententia:

215 2428 288 2498 βίῳ
313 2431 571 2499 παραίτιος
599 2431 865 2498 κατέστη.

1813 2437 1967 2498 atque
2006 2431 2137 2484 artis
2185 2431 2489 2486 inventores
2523 2433 2708 2497 fuisse,
2755 2450 3025 2502 nunquam
3060 2437 3337 2504 ostendes;

211 2539 291 2577 non
317 2527 633 2594 reipublicae,
669 2539 782 2577 non
824 2525 956 2587 legis
989 2531 1185 2578 arecta
1243 2523 1444 2576 ratione
1505 2522 1769 2593 profectae,
1803 2539 1908 2576 non
1967 2523 2194 2576 instituti
2248 2524 2542 2592 cujuspiam
2593 2526 2874 2582 laudabilis
2911 2568 2925 2591 ,
2983 2527 3089 2580 imo
3117 2544 3241 2582 vero
3294 2531 3337 2583 si

210 2613 437 2682 aliquanto
489 2615 730 2669 liberius
786 2615 964 2668 dicere
1007 2620 1254 2682 oportet,
1306 2613 1424 2667 illos
1473 2613 1706 2666 omnium
1745 2613 2001 2665 malorum
2046 2622 2290 2668 auctores
2333 2622 2384 2667 et
2444 2617 2711 2683 principes
2772 2617 3036 2669 exstitisse
3076 2617 3339 2673 atlirmarc

208 2719 386 2761 necesse
437 2715 517 2761 est
586 2725 604 2761 :
673 2706 771 2774 qui
805 2704 870 2758 de
911 2705 1104 2773 seipsis
1147 2704 1438 2768 adulteria,
1476 2711 1529 2758 et
1565 2702 1860 2771 impudicos
1917 2705 2142 2758 marium
2196 2706 2434 2768 abusus,
2483 2694 2704 2760 etcum
2750 2707 3009 2761 matribus
3083 2717 3132 2761 et
3187 2725 3338 2763 soro-

207 2798 325 2853 ribus
362 2800 602 2869 nuptias,
670 2797 1101 2865 concubitusque
1139 2795 1369 2850 nefarios
1392 2836 1406 2860 ,
1468 2801 1521 2850 et
1581 2795 1682 2846 alia
1731 2794 2135 2849 innumerabilia
2166 2812 2284 2866 quae
2315 2797 2533 2850 deorum
2571 2805 2776 2851 naturae
2826 2799 3192 2862 adversantur,
3229 2802 3335 2856 ini—

206 2887 498 2958 micitiasque
524 2897 577 2944 et
596 2888 752 2943 bella
773 2885 996 2940 deorum
1045 2884 1300 2938 adversus
1335 2883 1481 2947 deos,
1516 2883 1570 2937 in
1618 2882 1851 2950 ipsorum
1908 2882 2180 2942 hominum
2239 2886 2462 2941 canticis
2513 2894 2672 2955 atque
2700 2887 2909 2956 hymnis
2939 2897 2992 2942 et
3026 2891 3336 2945 narrationi'

204 2981 283 3036 bus
303 2991 348 3037 et
375 2999 650 3039 sacrorum
687 2982 911 3037 arcanis
937 2981 1154 3044 ritibus,
1188 2979 1313 3034 ferri
1357 2995 1463 3034 non
1487 2986 1814 3038 recusarent,
1853 2992 1916 3032 ac
1953 2980 2129 3048 potius
2159 2981 2507 3036 libentissime
2548 2981 2810 3036 audirent.
2860 2982 3017 3037 Certe
3063 2999 3335 3053 nunquam

205 3088 351 3128 eorum
387 3078 674 3148 quisquam
734 3089 814 3130 se.
843 3081 1031 3128 contra
1076 3073 1320 3127 homines
1361 3071 1718 3141 indignatione
1746 3080 2047 3140 correptum
2080 3073 2335 3135 ostendit,
2366 3072 2505 3142 quod
2539 3074 2716 3140 qualia
2759 3073 2898 3126 dicta
2929 3088 2956 3125 a
2989 3074 3144 3128 nobis
3189 3083 3334 3140 sunt,

204 3168 305 3219 talia
332 3169 452 3237 ipsis
477 3178 578 3225 aut.
604 3167 927 3239 cogitando,
987 3174 1080 3221 aut
1123 3165 1347 3226 dicendo
1376 3165 1528 3235 quasi
1583 3163 1821 3233 nequitia
1870 3164 2046 3232 plena,
2104 3182 2276 3236 neque
2337 3167 2444 3219 ulla
2480 3165 2740 3220 modestia
2780 3164 2972 3220 referta
3015 3167 3333 3221 tribuerunt.

203 3255 254 3311 Et
277 3261 386 3329 quid
416 3278 498 3317 me
525 3268 756 3332 oportet
783 3260 1034 3314 oratione
1058 3259 1304 3329 progredi
1327 3258 1571 3329 longius?
1622 3272 1743 3311 cum
1775 3256 1930 3324 plane
1978 3257 2044 3312 de
2074 3274 2182 3312 uno
2211 3259 2448 3312 omnium
2483 3258 2843 3326 exemplorum
2899 3258 3155 3323 maximo;
3182 3261 3332 3314 liceat

203 3353 243 3398 et
269 3349 612 3405 crudelitatem
653 3358 725 3406 et.
748 3347 1135 3413 immanitatem
1178 3354 1231 3401 et
1269 3352 1463 3400 tetrum
1523 3359 1583 3399 re
1636 3361 1760 3400 vera
1793 3348 2092 3403 institutum
2140 3347 2350 3399 illorum
2393 3346 2618 3398 intueri?
2649 3345 2768 3399 dico
2799 3352 2973 3398 autem
2999 3346 3065 3400 dc
3095 3358 3338 3400 mactan-

203 3435 354 3492 dorum
377 3440 652 3496 hominum
724 3441 855 3494 ritu.
904 3438 1057 3504 Quod
1112 3438 1252 3492 enim
1304 3453 1410 3490 non
1461 3437 1629 3490 solum
1683 3439 1960 3493 hrutorum
2015 3438 2321 3492 animalium
2394 3436 2670 3491 sacrificiis
2733 3437 3063 3506 gauderent,
3148 3453 3331 3491 verum

201 3527 329 3581 etiam
355 3530 625 3591 hominum
676 3534 930 3602 ipsorum
980 3530 1217 3592 interitu,
1250 3528 1404 3597 cujus
1459 3529 1670 3582 tandem
1727 3531 2054 3584 crudelitatis
2111 3543 2388 3586 excessum
2445 3542 2551 3580 non
2599 3527 2979 3596 superaverit?
3031 3525 3152 3579 Haec
3195 3527 3338 3580 enim

203 3625 342 3684 mut,
372 3627 437 3674 ut.
458 3622 590 3686 dixi,
627 3637 756 3692 quae
801 3621 857 3674 in
904 3621 1290 3689 prarparatione
1348 3627 1401 3672 et
1441 3619 1737 3688 philosophi
1774 3626 1826 3674 et
1879 3619 2130 3673 historici.
2173 3618 2309 3687 apud
2343 3616 2553 3671 Grzecos
2587 3618 2853 3671 memoriae
2886 3616 3210 3686 prodiderint
3235 3635 3248 3669 :
3272 3632 3338 3672 ex

203 3710 623 3774 Quibusmaxime
669 3729 845 3784 quam
899 3713 1186 3782 perniciosi
1242 3713 1350 3765 sint
1406 3713 1706 3776 daemones,
1745 3727 2008 3781 quamque
2056 3709 2436 3778 multiplicibus
2479 3710 2757 3771 machinis,
2809 3710 2966 3763 modo
2985 3710 3338 3778 quidemora-

201 3801 365 3868 culum,
397 3807 551 3862 modo
584 3824 720 3864 vero
745 3807 1138 3877 auspiciorum,
1170 3814 1262 3859 aut
1295 3807 1584 3875 signorum,
1619 3813 1710 3859 aut
1741 3807 2066 3869 hostiarum,
2107 3813 2198 3857 aut
2227 3805 2450 3858 aliorum
2493 3804 2762 3868 similium,
2808 3803 3080 3858 hominum
3126 3819 3340 3872 perver-

201 3898 294 3946 tant
346 3906 496 3968 atque
555 3901 848 3970 implicent
908 3916 1116 3970 genus,
1191 3900 1722 3957 demonstrabantur.
1749 3898 1924 3965 Quare
1970 3898 2370 3960 aﬂirmandum,
2419 3897 2627 3951 illorum
2683 3898 2954 3950 oraculum
3005 3911 3337 3966 nequaquam

202 3993 462 4051 Inpremuln
492 3990 665 4047 Deum
698 4001 980 4045 auctorem
1008 3991 1283 4046 habuisse.
1317 3991 1497 4061 Neque
1547 3993 1708 4062 igitur
1739 3993 1826 4045 illa
1886 3991 2154 4061 praphetis
2210 3989 2550 4044 Hebraeorum
2612 4003 2920 4058 comparare
2952 3989 3030 4044 fas
3065 3996 3167 4052 est,
3205 4005 3338 4058 quo-

201 4088 296 4129 mln
333 4084 526 4148 primus
575 4086 836 4150 initiator
877 4099 941 4138 ac
977 4084 1260 4154 theologus
1313 4086 1516 4139 exstitit
1577 4085 1766 4139 Moses.
1805 4085 1905 4150 Qui
1962 4084 2173 4154 quidem
2223 4091 2542 4151 quantorum
2591 4082 2930 4152 qualiumque
2974 4081 3231 4134 honorum
3285 4080 3339 4133 in

203 4167 286 4222 vita
307 4184 476 4230 auctor
497 4176 684 4242 fuerit,
704 4178 826 4246 jam
854 4177 979 4230 hinc
999 4175 1156 4230 facile
1177 4177 1524 4245 contemplari
1551 4185 1720 4246 potes.

218 1985 480 2054 στρέφοντες
502 1986 663 2052 γένος
697 1988 1017 2043 δείκνυνται.
1051 1988 1242 2056 Διόπερ
1273 1988 1596 2055 ἀποφαντέον
1629 1989 1714 2040 αὐ-

217 2073 297 2124 τῶν
324 2073 378 2125 τά
411 2076 720 2143 χρηστήρια
781 2076 854 2143 μὴ
898 2073 990 2126 τοῦ
1043 2075 1131 2126 ἐπὶ
1178 2074 1385 2125 πάντων
1440 2075 1711 2141 γεγονέναι

216 2161 333 2214 Θεοῦ.
388 2163 584 2215 Οὐκοῦν
647 2163 774 2215 οὐδὲ
823 2163 1124 2233 συγκρίνειν
1157 2163 1292 2215 αὐτὰ
1316 2166 1422 2225 τοῖς
1458 2163 1712 2234 Ἑϐραίων

217 2253 462 2320 προφήταις
492 2252 718 2322 θεμιτὸν
765 2253 830 2305 ἂν
865 2253 968 2321 εἴη,
995 2247 1066 2304 ὧν
1099 2255 1125 2304 ὁ
1164 2252 1369 2322 πρῶτος
1403 2252 1712 2321 ἱεροφάντης

253 4280 443 4367 ᾘρῶτον
459 4289 553 4356 μὲν
571 4290 869 4367 δογμάτων
884 4287 1246 4356 εὐαγγελικῶν
1262 4289 1350 4341 καὶ
1365 4288 1575 4358 ἀληθῶν
1591 4291 1712 4360 περὶ

1879 4291 2032 4360 207
2046 4289 2279 4344 Primum
2299 4292 2608 4356 sententias,
2623 4290 3002 4360 opinionesque
3013 4287 3340 4355 evangelicas

200 4365 272 4419 τοῦ
293 4377 492 4443 ποιητοῦ
519 4379 614 4430 καὶ
632 4365 974 4448 δημιουργοῦ
1002 4378 1108 4430 τῶν
1136 4378 1383 4431 ἁπάντων
1411 4378 1564 4441 Θεοῦ,
1588 4381 1710 4450 περί

1813 4393 1874 4432 ac
1899 4395 2051 4433 veras
2105 4379 2342 4447 protulit,
2370 4379 2435 4432 de
2463 4379 2699 4432 omnium
2727 4393 2904 4430 rerum
2933 4381 3149 4429 auctore
3180 4383 3339 4442 atque

200 4471 244 4505 τε
263 4459 342 4510 τοῦ
363 4462 604 4534 δευτέρου
640 4466 824 4518 αἰτίου
873 4465 977 4516 τῶν
1031 4467 1146 4540 μετ’
1181 4466 1335 4518 αὐτὸν
1365 4466 1592 4533 λογικῶν
1622 4468 1712 4521 καὶ

1813 4468 1996 4537 ορίῐίεε
2021 4466 2156 4533 Deo;
2197 4475 2310 4520 tum
2333 4468 2398 4521 de
2423 4468 2658 4537 ejusdem
2682 4464 2849 4530 Filio,
2891 4462 3230 4519 rationalium
3260 4461 3342 4513 in-

201 4547 362 4614 νοερῶν
382 4553 589 4616 οὐσιῶν,
622 4555 756 4624 περί
789 4569 854 4605 τε
887 4554 1240 4622 κοσμογονίας
1262 4557 1352 4606 καὶ
1377 4554 1714 4623 ἀνθρωπογο-

202 4634 292 4696 νίας
315 4639 512 4710 Γραφὴν
556 4643 711 4712 ἱεράν
758 4642 1048 4705 ἐξέδωκεν,
1099 4641 1180 4692 ἔτι
1208 4658 1265 4693 τε
1314 4642 1418 4694 τῶν
1456 4640 1712 4694 θεοσεϐῶν

203 4721 395 4795 ἱστορίας
419 4731 520 4784 τῶν
551 4733 720 4785 πάλαι
751 4731 1018 4798 θεοφιλῶν
1057 4729 1338 4799 Ἐϐραίων,
1365 4731 1547 4800 ὥσπερ
1568 4731 1714 4794 τινὰς

202 4812 367 4881 ἀρετῶν
411 4823 614 4885 εἰκόνας
679 4820 1188 4889 ὑπτυπωσάμενος
1208 4857 1220 4881 ,
1266 4823 1343 4882 εἰς
1401 4818 1556 4887 ζῆλον
1609 4821 1714 4873 τῶν

203 4900 374 4966 ἀγαθῶν
399 4909 608 4982 ἀνδρῶν
622 4912 752 4974 τοὺς
780 4910 1065 4979 ὑπηκόους
1100 4908 1377 4976 ἀνεκίνησε
1396 4924 1408 4936 ·
1441 4908 1533 4958 καὶ
1560 4925 1714 4978 νομο-

205 4987 348 5057 θεσίας
392 5000 566 5051 ὲνθὲου
598 5002 698 5052 καὶ
737 4997 1086 5066 καταλλήλου
1118 4998 1227 5057 τοῖς
1279 4997 1395 5048 τότε
1425 4997 1715 5064 χρωμένοις

208 5085 358 5146 φωτὸς.
384 5089 652 5161 ἀπήρξατο
703 5092 922 5159 λόγωνο
971 5091 1059 5140 καὶ
1105 5086 1391 5155 θρησκείας
1441 5085 1716 5149 θεοσεϐοῦς

212 5165 402 5236 πέφηνεν
445 5176 805 5242 εἰσαγωγεύς·
853 5176 954 5228 καὶ
1008 5175 1098 5224 ἐπὶ
1153 5174 1284 5223 πᾶσι
1332 5171 1436 5222 τῶν
1497 5165 1716 5242 μακροῖς

212 5249 388 5325 ὕστερον
421 5265 624 5332 χρόνοις
657 5264 880 5316 ἔσεσθαι
932 5260 1230 5331 μελλόντων
1270 5259 1367 5320 τὰς
1398 5260 1716 5328 προρρήσεις

213 5344 598 5423 ἀναπεφώνηκεν,
619 5358 694 5418 ὼς
725 5357 926 5425 μικρὸν
956 5352 1181 5421 ὕστερον
1211 5351 1714 5420 μνημονευθήσεται.

218 5433 300 5485 Καὶ
325 5443 537 5507 τοιοῦτος
575 5446 672 5515 μὲν
719 5439 911 5508 οὗτοςα
948 5441 1092 5495 κατά
1134 5439 1204 5491 τά
1257 5439 1394 5491 αὐτά
1439 5440 1494 5493 δὲ
1546 5443 1635 5494 καὶ
1670 5447 1730 5496 οῖ’

225 5529 309 5586 μετ’
333 5531 474 5585 αὑτὸν
511 5537 783 5604 προφῆται
842 5535 1129 5603 πάρεργον
1186 5529 1313 5598 μὲνι
1355 5529 1503 5580 εἷπον
1525 5531 1731 5586 ’τι-τῶν

224 5612 458 5689 ἔφημέρων
489 5625 745 5694 ἐζητεῖτο,
787 5623 884 5676 καὶ
905 5621 1074 5675 τοῦτο
1105 5615 1390 5686 προῦλεγον
1437 5619 1546 5679 τοῖς
1583 5622 1715 5689 ἐρω-

227 5699 351 5756 τῶσι·
391 5710 442 5762 τὸ
485 5711 537 5764 δὲ
567 5711 859 5780 κεφάλαιον
909 5710 1014 5778 τῆς
1062 5705 1386 5774 προφητείας
1416 5705 1587 5767 αὐτοῖς
1616 5709 1716 5760 -ὲπὶ

1812 4557 2267 4625 telligentiumque
2303 4565 2614 4611 naturarum
2642 4563 2879 4615 auctore,
2907 4566 3088 4608 earum
3115 4550 3298 4618 utique
3323 4587 3338 4612 ,

1810 4663 1926 4717 quae
1955 4656 2074 4716 post
2119 4649 2292 4716 ipsum
2351 4641 2607 4704 exsistere
2656 4647 3060 4714 intelliguntur:
3104 4641 3226 4692 item
3275 4639 3342 4692 de

1811 4737 1992 4789 mundi
2045 4745 2202 4804 atque
2245 4738 2475 4791 hominis
2518 4739 2820 4797 creatione,
2877 4733 3204 4799 Scripturam
3255 4741 3341 4782 sa-

1811 4840 1953 4878 cram
1982 4827 2218 4878 exaravit
2261 4833 2419 4894 atque
2476 4828 2660 4880 edidit.
2693 4823 2954 4875 Praeterea
2999 4831 3120 4872 cum
3171 4815 3342 4870 histo-

1811 4914 1918 4966 rias
1945 4913 2310 4981 religiosorum
2358 4915 2630 4968 hominum
2656 4951 2670 4974 ,
2702 4919 2754 4964 et
2784 4910 2874 4978 qui
2919 4907 3043 4960 olim
3071 4902 3176 4956 Deo
3204 4904 3338 4972 grati

1813 4999 1948 5067 apud
1997 4998 2245 5054 Hebraeos
2285 5000 2549 5064 vixerint,
2587 4998 2739 5067 quasi
2791 4993 3027 5064 quaedam
3085 4989 3340 5044 virtutum

1812 5088 2130 5156 exemplaria
2165 5090 2523 5156 expresserit,
2590 5101 2682 5140 cos
2712 5085 2801 5152 qui
2846 5083 2946 5136 sihi
2993 5081 3213 5134 dictanti
3247 5095 3343 5150 pa-

1812 5187 2022 5240 rerent,
2071 5180 2134 5232 ad
2176 5179 2518 5231 imitationem
2549 5177 2782 5229 virorum
2837 5174 3096 5228 bonorum
3131 5172 3340 5224 excita-

1813 5269 1913 5321 vit.-
1946 5265 2068 5336 Legi
2102 5282 2226 5321 vero
2249 5267 2459 5328 divinae,
2488 5273 2644 5335 atque
2689 5262 2755 5316 iis
2782 5263 2870 5331 qui
2907 5270 3034 5315 tunc
3065 5267 3342 5314 uterentur

1816 5352 2242 5416 accommodatas,
2272 5354 2476 5421 primus
2501 5350 2759 5404 orationis
2806 5349 3140 5416 splendorem
3187 5347 3340 5402 adhi-

1815 5441 1929 5494 buit
1952 5441 2416 5508 adorationemque
2443 5441 2743 5508 religiosam
2781 5452 2842 5491 ac
2879 5452 3058 5492 veram
3091 5436 3339 5490 introdu-

1815 5530 1910 5582 xit.
1937 5529 2209 5583 Postremo
2241 5529 2325 5590 iis,
2354 5530 2441 5597 qui
2473 5540 2588 5597 post
2619 5544 2676 5582 se
2708 5528 2888 5582 multis
2921 5527 3130 5580 saeculis
3175 5526 3337 5578 futuri

1821 5629 1991 5683 erant,
2035 5620 2398 5689 praedictiones
2437 5619 2759 5682 enuntiavit,
2795 5620 2933 5673 sicut
2966 5617 3121 5686 paulo
3155 5622 3271 5683 post
3307 5627 3336 5664 a

1822 5711 1974 5766 nobis
2029 5708 2568 5768 commemorabitur:
2605 5720 2656 5767 et
2703 5712 2788 5766 hic
2818 5711 3040 5775 quidem
3071 5707 3211 5760 talis.
3256 5701 3334 5754 Ad
