3862 6324
713 385 814 439 545

1259 381 1525 438 EUSEBII
1555 383 2020 439 CESARIENSIS
2055 382 2202 439 OPP.
2241 384 2440 438 PARS.
2477 382 2542 437 ιι.
2580 412 2649 424 --
2678 381 3121 441 APOLOGETICA.
3522 400 3572 452 δι)

714 493 952 548 eumdem
977 504 1104 543 vero
1133 485 1346 544 modum
1367 492 1525 547 etiam
1549 494 1818 561 propheta:
1838 496 1928 563 qui
1953 501 2072 563 post
2089 494 2234 546 illum

2046 494 2234 546 unum
2266 505 2306 554 Α
2341 492 2587 562 μεγάλοις
2642 493 2987 546 συνετελεῖτα
3011 493 3063 545 Οὐ
3084 495 3160 563 γὰρ
3182 497 3245 547 ἐπὶ
3273 502 3426 571 μαντεία
3447 504 3571 576 τῶνὶι

710 584 1045 640 exstiterunt.
1107 581 1367 636 Caeterum
1410 591 1565 637 extra
1609 587 1935 653 propos7lum
1965 585 2235 638 existime-

710 683 814 738 tur,
842 671 1012 726 sicubi
1041 687 1226 725 eorum
1256 673 1526 741 quidpiam
1565 690 1683 742 qua:
1707 676 1758 726 in
1780 676 1918 728 diem
1955 676 2119 743 quaeri
2145 690 2235 728 so-

708 759 832 821 lent,
868 757 970 824 ipsi
1001 757 1401 825 respondissent
1429 759 1850 816 sciscitantibus.
1892 760 2109 814 Summa
2133 778 2232 814 au-

703 857 808 901 tem
843 847 1016 900 cunnis
1042 848 1251 900 illorum
1281 850 1571 916 prophetia:
1593 849 1645 902 in
1681 852 1840 905 rebus
1871 853 2076 920 magnis
2105 867 2231 904 cono

702 938 1029 992 sumebatur.
1061 937 1174 990 Non
1211 939 1351 991 enim
1385 939 1439 992 in
1464 940 1790 993 divinatione
1813 955 1990 993 rerum
2027 956 2148 1009 quae
2179 942 2233 994 in

699 1026 837 1080 diem
880 1037 971 1081 aut
1000 1030 1053 1083 in
1086 1045 1319 1097 praesens
1366 1038 1574 1098 tempus
1614 1039 2005 1099 qumrerentur,
2062 1047 2235 1099 neque

699 1118 879 1185 parvis
907 1127 998 1171 aut
1029 1119 1319 1172 humilibus
1370 1121 1596 1187 negotiis
1647 1135 1837 1182 suum,
1883 1122 2023 1189 quod
2059 1135 2090 1174 a
2125 1120 2233 1177 Deo

699 1216 1033 1276 acceperant,
1074 1224 1285 1270 munus,
1317 1209 1533 1279 dignum
1584 1211 1859 1276 putabant.
1920 1210 2022 1267 Sed
2071 1229 2232 1283 super

696 1298 841 1351 omni
865 1313 1058 1367 genere
1080 1299 1352 1352 hominum
1401 1299 1568 1352 divini
1613 1299 1670 1352 in
1715 1301 1818 1355 illis
1850 1299 2080 1369 Spiritus
2110 1303 2232 1356 illu-

698 1391 885 1443 stratio
913 1391 1096 1459 ingens
1123 1390 1362 1458 amplexa
1410 1397 1526 1442 erat
1551 1398 1919 1458 argumentum
1943 1431 1957 1452 ,
2002 1408 2107 1445 non
2140 1394 2228 1446 illa

697 1480 906 1548 quidem
937 1486 996 1532 ut
1043 1479 1107 1532 de
1139 1479 1443 1548 :egrotantis
1483 1479 1716 1533 hominis
1749 1495 2006 1549 corpore,
2057 1498 2229 1551 neque

695 1571 761 1622 de
791 1569 1106 1636 temporaria
1132 1567 1230 1621 hac
1259 1575 1310 1621 et
1343 1569 1588 1622 omnibus
1615 1568 1815 1622 morbis
1843 1569 2070 1622 obnoxia
2101 1573 2224 1637 vita,

694 1659 1075 1711 divinationem
1126 1658 1460 1726 proﬁteretur
1487 1674 1500 1708 :
1538 1672 1639 1711 nec
1676 1658 1876 1726 alioqui
1907 1658 1973 1712 de
2003 1660 2226 1727 quibus-

694 1749 815 1800 dam
851 1747 1038 1801 mediis
1072 1756 1231 1814 atque
1278 1747 1723 1808 indiﬂ'erentibus,
1757 1763 1874 1816 quae
1922 1765 2126 1819 neque,
2179 1752 2223 1804 si

2335 599 2367 650 η
2377 582 2440 650 μέ
2447 598 2548 650 ρων
2568 583 2658 633 καὶ
2683 582 2816 652 πρὸς
2834 582 2922 634 τὸν
2956 582 3134 652 παρόντα
3149 585 3280 656 καιρὸν
3299 589 3571 661 ἐπιζητουμένω

2333 670 2450 721 οὐδέ
2483 687 2544 737 γε
2591 671 2833 740 σμικρῶν
2888 671 2982 723 καὶ
3015 673 3207 725 ταπεινῶν
3239 676 3286 727 τὰ
3319 678 3388 746 τῆς
3418 679 3570 752 (Secessi

2332 760 2598 828 ἠξιοῦντο·
2629 762 2739 813 ἀλλ’
2765 763 2860 813 ἐπὶ
2915 762 2998 814 τοῦ
3035 764 3178 825 παντὸς
3215 765 3426 835 ἀνθρώπων
3455 772 3572 838 γένους

2332 848 2422 899 τοῦ
2450 848 2586 901 θείου
2613 850 2749 901 Πνεύ
2759 866 2926 919 ματος
2969 850 3014 900 ὲν
3048 850 3180 913 αὐτοῖς
3210 852 3423 922 ἑλλαμψις,
3448 858 3570 926 μεγίσπ

2333 937 2575 989 ὑπόθεσιν
2605 939 2947 1009 περιέχουσα,
2980 939 3026 989 ού
3043 939 3138 1008 περὶ
3158 939 3362 1003 νοσοῦντος
3385 944 3572 1012 ἀνθρώπω

2333 1027 2506 1096 σῶμα,
2540 1029 2656 1082 οὐδὲ
2708 1029 2836 1098 περὶ
2884 1027 2983 1095 τῆς
3016 1029 3265 1098 προσκαίρου
3299 1033 3368 1082 καὶ
3400 1033 3568 1085 πολυπαὲ

2329 1118 2524 1187 ταύτης
2570 1118 2709 1188 ζωῆς
2760 1119 2859 1188 τὴν
2906 1118 3152 1188 πρόρρησιν
3198 1119 3572 1192 ὲπαγγελλομένημ

2330 1207 2454 1276 περί
2476 1223 2612 1268 τινος
2642 1205 2993 1269 ἀπολωλότος,
3013 1206 3097 1257 οὐδ’
3121 1207 3253 1269 ἄλλως
3273 1209 3367 1278 περί
3392 1227 3506 1262 τινων
3531 1213 3570 1280 μέ

2329 1298 2418 1349 καὶ
2464 1296 2760 1367 ἀδιαφόρων
2784 1338 2800 1362 ,
2836 1296 2872 1349 ἃ
2927 1295 3034 1349 οὔτε
3081 1299 3273 1368 παρόντα
3305 1299 3439 1370 Ψυχῆς
3467 1301 3572 1370 iisin

2329 1387 2718 1456 συμϐάλλεται,
2771 1387 2894 1440 οὒτε
2951 1387 3016 1458 μὴ
3052 1389 3245 1458 παρόντα
3281 1388 3433 1459 ζημίαν
3469 1391 3494 1459 ἢ
3525 1391 3566 1457 βλ

2327 1481 2593 1547 περιποιεῖ
2630 1475 2780 1548 (ἀλλ’
2829 1475 2896 1548 ἦν
2933 1479 3040 1548 μὲν.
3075 1479 3136 1541 ὼς
3174 1478 3303 1548 ἔφην,
3341 1480 3413 1531 ὅτε
3447 1480 3520 1531 καλ
3557 1497 3572 1530 1

2327 1567 2637 1638 προύλεγον,
2661 1571 2720 1621 οὐ
2748 1569 2888 1621 κατὰ
2907 1569 2994 1621 τὸν
3018 1569 3349 1639 προηγούμενον
3370 1568 3415 1621 δὲ
3433 1569 3567 1632 λόγον·

2325 1657 2462 1709 κατὰ
2492 1658 2801 1710 ἀκολουθίαν
2834 1659 2930 1729 τῆς
2954 1660 3048 1713 τῶν
3073 1660 3337 1729 κρειττόνων
3363 1658 3572 1726 καταλήξε

2327 1745 2537 1814 μείζονα
2561 1747 2654 1817 μὲν
2677 1748 2924 1800 ὑπόθεσιν
2939 1750 2972 1818 ἦ
2990 1749 3110 1801 κατά
3125 1749 3183 1801 τὰ
3197 1749 3411 1818 εἰρημένα
3422 1751 3568 1817 «reptet;

694 1839 890 1901 adsint,
921 1838 984 1890 ad
1019 1837 1307 1905 profectum
1337 1838 1530 1891 animae
1561 1837 1917 1891 conducibilia
1942 1878 1957 1902 ,
2011 1855 2181 1908 neque
2204 1881 2218 1903 ,

2049 1855 2181 1908 eque
2204 1881 2218 1903 ,
2253 1815 2294 1868 Β
2324 1835 2366 1886 δ’
2377 1832 2467 1888 οὖν
2488 1815 2571 1899 τις
2585 1837 2678 1907 τὴν
2693 1840 2867 1890 πᾶσαν
2879 1815 3116 1907 περιοχὴν
3129 1839 3210 1908 τῆς
3231 1815 3433 1899 Μωσέως
3443 1854 3469 1903 γ
3479 1815 3569 1907 pagi

692 1927 736 1979 si
763 1941 869 1979 non
896 1926 1108 1988 adsint,
1135 1927 1386 1980 damnum
1416 1927 1632 1995 aliquod
1660 1936 1753 1981 aut
1776 1929 2062 1997 perniciem
2097 1930 2222 1983 affe-

691 2025 849 2078 rant,
894 2017 1103 2070 tametsi
1143 2031 1522 2084 nonnunquam
1562 2016 1672 2069 haec
1721 2032 1931 2085 quoque
1968 2018 2217 2085 pradice-

690 2105 837 2167 bant,
870 2120 976 2158 non
1003 2106 1252 2174 primaria
1282 2105 1509 2173 quadam
1537 2107 1774 2172 ratione,
1825 2105 1922 2160 sed
1950 2106 2095 2176 quod
2137 2122 2220 2160 re-

686 2211 804 2246 rum
840 2195 1140 2263 graviorum
1172 2195 1564 2263 perceptionem
1598 2196 2004 2260 comitarentur,
2034 2197 2220 2264 eisque

685 2291 864 2336 essent
893 2283 1160 2352 adjuncta.
1211 2285 1278 2336 At
1320 2298 1444 2337 vero
1469 2300 1587 2353 quae
1633 2286 1688 2337 in
1721 2285 1902 2339 causis
1944 2285 2109 2338 divini
2151 2285 2217 2338 ab

686 2375 791 2428 illis
817 2375 1106 2444 accipiendi
1145 2374 1413 2443 Spiritus,
1457 2375 1522 2430 ad
1568 2376 1965 2430 vaticinandum
2018 2376 2216 2444 princi-

687 2481 801 2532 pem
831 2465 1006 2518 locum
1029 2465 1362 2526 obtinerent,
1393 2480 1455 2519 ea
1482 2466 1657 2534 majus
1684 2467 1947 2535 quoddam
1973 2467 2214 2520 contine-

685 2553 810 2604 bant
839 2561 1229 2622 argumentum,
1255 2568 1413 2620 quam
1445 2560 1504 2606 ut
1540 2555 1605 2606 ad
1635 2569 1697 2608 ea
1724 2570 1840 2623 quae
1890 2555 2030 2607 dicta
2057 2562 2208 2618 sunt,

683 2643 949 2707 pertinere
977 2651 1215 2711 possent.
1248 2643 1400 2709 Quod
1431 2645 1474 2698 si
1497 2645 1620 2712 quis
1642 2653 1806 2698 tonnn
1835 2645 1988 2712 quasi
2014 2660 2210 2714 corpus

681 2747 864 2788 eorum
891 2748 1009 2800 quae
1041 2749 1068 2786 a
1099 2732 1243 2787 Mose
1285 2741 1337 2787 et
1365 2734 1484 2790 aliis
1512 2743 1632 2803 post
1685 2733 1881 2787 ll-losem
1935 2735 2215 2803 prophetis.

682 2823 878 2890 scripta
907 2832 1052 2888 sunt,
1092 2826 1499 2896 diligentissime
1525 2826 1802 2894 exploret,
1856 2825 2094 2894 profecto
2147 2842 2208 2881 ea

682 2915 809 2966 nihil
843 2915 986 2968 aliud
1015 2918 1254 2984 amplexa
1298 2916 1549 2978 inveniat,
1573 2931 1732 2984 quam
1780 2917 2204 2971 adhortationem

680 3013 837 3072 atque
861 3007 1156 3060 doctrinam
1190 3007 1353 3060 divini
1383 3007 1560 3060 cultus
1583 3047 1596 3069 ,
1647 3007 1736 3074 qui
1790 3005 1896 3059 Deo
1949 3008 2201 3070 universi,

679 3096 778 3163 ipsi
811 3096 990 3164 utique
1017 3096 1191 3165 opiﬁci
1237 3111 1416 3149 rerum
1444 3096 1677 3147 oumium
1712 3097 1781 3147 sit
1834 3096 2162 3151 exhiliendus
2185 3138 2200 3162 ,

679 3187 1139 3256 cognitionemque
1187 3201 1249 3239 ac
1284 3185 1596 3254 theologiam
1629 3200 1929 3253 supremam
1962 3186 2026 3240 de
2053 3185 2206 3244 Filio.

677 3277 764 3342 qui
797 3291 900 3327 una
947 3291 1066 3329 cum
1108 3274 1261 3329 Patre
1293 3275 1406 3344 ipse
1449 3290 1661 3343 quoque
1708 3291 1882 3328 rerum
1910 3277 1977 3328 sit
2003 3284 2205 3331 auctor.

679 3365 838 3434 208
866 3364 1125 3420 Praeterea
1151 3365 1570 3419 dehortationem
1611 3375 1767 3434 atque
1809 3366 2137 3420 eversionem
2177 3383 2208 3420 a

677 3457 851 3510 fallaci
888 3458 1175 3510 multorum
1226 3457 1444 3510 deorum
1474 3457 1618 3509 cultu
1642 3496 1656 3518 ,
1715 3456 1778 3509 ad
1814 3456 1924 3510 hate
1975 3465 2207 3510 veterum

678 3551 979 3599 sanctorum
1022 3544 1292 3608 virorum,
1350 3546 1439 3614 qui
1489 3546 1644 3615 primi
1689 3546 1848 3600 talem
1899 3547 2206 3616 religionem

678 3635 1107 3698 observaverint,
1143 3636 1453 3691 memoriam
1513 3636 1988 3706 prmdictionesque
2034 3646 2086 3692 et
2121 3655 2206 3692 re-

678 3738 872 3791 sponsa
903 3723 968 3777 de
1014 3723 1081 3775 iis
1128 3725 1219 3790 qui
1271 3724 1453 3777 multis
1479 3732 1599 3792 post
1636 3726 1847 3779 saeculis
1885 3725 1952 3777 ad
1996 3725 2206 3778 illorum

679 3813 807 3865 vita)
830 3812 1089 3880 regulam,
1115 3827 1267 3866 suam
1290 3813 1392 3882 ipsi
1422 3814 1582 3868 vitam
1617 3814 1877 3868 directuri
1911 3822 2084 3877 erant,
2114 3831 2209 3884 per

678 3896 958 3951 adventura
982 3895 1074 3949 Dei
1091 3897 1153 3948 ad
1179 3896 1420 3954 homines
1449 3909 1608 3970 atque
1638 3902 1994 3970 praesentiam,
2015 3902 2202 3970 ipsius,

678 3987 918 4058 inquam,
951 3984 1090 4047 Filii,
1117 3995 1169 4040 et
1193 3989 1305 4058 ipse
1337 3991 1574 4059 ejusdem
1593 3992 1844 4046 docendae
1868 3994 2080 4060 pietatis
2099 4009 2202 4045 mu-

677 4091 802 4130 nere
853 4075 1152 4137 functurus,
1186 4086 1238 4130 et
1280 4079 1346 4131 ad
1370 4080 1595 4133 salutem
1632 4081 1753 4134 vita:
1780 4081 2050 4134 hominum
2079 4079 2205 4132 alTe-

676 4168 894 4228 rendam
924 4174 1199 4228 venturus,
1229 4167 1282 4220 in
1315 4171 1588 4238 responsis
1609 4171 1904 4233 dicebatur,
1933 4169 2086 4238 cujus
2114 4170 2206 4224 be-

678 4259 868 4313 nelicio
901 4257 974 4310 illi
1004 4257 1214 4312 cunctis
1240 4259 1489 4326 gentibus
1517 4267 1570 4314 et
1602 4259 1802 4315 Graecis
1825 4261 1980 4314 simul
2010 4271 2062 4314 et
2083 4261 2205 4314 bar—

675 4347 850 4413 baris,
898 4346 1142 4401 eumdem
1185 4346 1350 4401 divini
1382 4350 1560 4404 cultus
1589 4365 1810 4414 morem,
1857 4366 2014 4419 quem
2063 4362 2207 4408 vete-

2323 1926 2428 1980 τῶν
2458 1929 2569 1996 μετ’
2596 1929 2752 1980 αὐτὸν
2779 1928 3015 1998 ἀκριϐῶς
3037 1928 3391 1997 διερευνήσειεν,
3409 1927 3570 1995 εὖροιᾶ

2322 2018 2524 2087 τροπὴν
2555 2019 2645 2069 καὶ
2682 2017 3014 2072 διδασκαλίαν
3055 2017 3296 2080 εὐσεϐείας
3325 2018 3412 2086 τῆς
3450 2019 3516 2078 είς
3537 2017 3568 2068 τι

2321 2104 2454 2156 ὅλων
2479 2103 2628 2166 Θεὸν,
2651 2105 2807 2157 αὑτὸν
2839 2105 2902 2176 δὴ
2949 2107 3035 2158 τὸν
3063 2105 3351 2177 δημιουργὸν
3381 2106 3569 2158 άπάντω

2321 2193 2571 2262 έχουσαν,
2597 2193 2791 2260 γνῶσίν
2823 2212 2881 2246 τε
2919 2197 3010 2247 καὶ
3042 2194 3288 2261 θεολογίαν
3307 2195 3393 2264 τὴν
3433 2196 3568 2247 ἀνωτέ

2319 2283 2563 2354 δευτέρου
2595 2285 2785 2348 αἰτίου,
2820 2286 2996 2354 πάσης
3019 2286 3072 2337 δὲ
3110 2283 3345 2337 πολυθέου
3374 2285 3554 2354 πλάνης

2319 2374 2444 2444 πὴν,
2473 2371 2586 2427 εἷτα
2612 2375 2718 2426 τῶν
2778 2375 2946 2427 πάλαι
2980 2374 3223 2443 θεοφιλῶν
3257 2374 3444 2444 ἀνδρῶν
3484 2372 3568 2425 τῶν

2317 2464 2702 2534 ἀπαρξαμένων
2773 2464 2874 2531 τῆς
2925 2465 3207 2533 εἰρημένης
3262 2463 3516 2523 εὐσεϐείας
3565 2479 3572 2530 l

2315 2557 2638 2624 προρρήσεις
2669 2571 2728 2606 τε
2774 2554 2867 2606 καὶ
2899 2555 3258 2624 ἀναφωνήσεις
3298 2552 3428 2605 κατά
3468 2553 3549 2604 τὸν

2315 2642 2455 2713 βίον,
2500 2644 2741 2713 ὑστέροις
2790 2644 2917 2696 ποτὲ
2956 2644 3164 2714 χρόνοις
3205 2643 3489 2712 μελλόντων
3538 2641 3571 2710 βι

2311 2734 2376 2786 δι’
2413 2733 2723 2802 ἐπιφανείας
2757 2734 2848 2785 καὶ
2895 2734 3194 2804 παρουσίας
3245 2733 3321 2794 είς
3361 2730 3566 2800 ἀνθρὼπ

2315 2824 2479 2878 αὑτοῦ
2517 2823 2580 2893 δὴ
2615 2824 2706 2875 τοῦ
2736 2823 2990 2892 δευτέρου
3025 2823 3228 2890 Κυρίου
3253 2863 3268 2887 ,
3307 2824 3398 2876 καλ.
3427 2821 3555 2874 Θεοῦ

2311 2915 2559 2967 ἀνωτάτω
2593 2914 2828 2984 Πατέρα,
2865 2914 2956 2966 καὶ
2982 2914 3148 2968 αὑτοῦ
3171 2914 3566 2986 χρηματίζοντος

2309 3001 2396 3052 λου
2423 3001 2518 3068 τῆς
2543 3000 2710 3070 αὐτῆς
2734 3000 3040 3065 εὐσεϐείας,
3069 3002 3168 3055 καλ.
3200 3003 3457 3072 Σωτῆρος
3484 3003 3572 3053 iam

2307 3107 2397 3143 νου
2439 3089 2514 3159 τῷ
2545 3091 2652 3143 τῶν
2705 3089 3007 3161 ἀνθρώπων
3051 3091 3176 3161 βίῳ,
3223 3091 3291 3143 δι’
3317 3084 3378 3144 οὗ
3416 3093 3543 3144 πᾶσι

2308 3195 2423 3240 σιν,
2475 3178 2726 3248 Ἕλλησιν
2775 3179 2910 3249 ὁμοῦ
2963 3183 3067 3234 καὶ⁹
3119 3181 3448 3253 βαρϐάροις,
3482 3197 3572 3249 πρι

2304 3269 2402 3337 τῆς
2423 3267 2722 3330 θεοσεϐείας
2747 3267 2853 3321 τῶν
2881 3270 3059 3324 πάλαι
3093 3270 3370 3340 θεοφιλῶν
3408 3270 3568 3340 Ἑϐρο1

2307 3354 2784 3426 παραδοθήσεσθαι.
2820 3357 3010 3411 Ταῦτα
3041 3361 3264 3430 Μωσῆς
3287 3399 3306 3423 ,
3358 3359 3546 3412 ταῦτα.

2305 3446 2498 3499 λοιπῶν
2525 3445 2814 3516 προφητῶν
2835 3447 3052 3512 παῖδες,
3087 3449 3142 3502 οἳ
3175 3451 3391 3513 πάντες
3417 3449 3482 3514 ἐξ
3510 3453 3567 3502 ὲν

2307 3537 2720 3608 προεκήρυττον.
2754 3538 2861 3588 Καὶ
2903 3537 3059 3591 τοῦτ’
3095 3535 3170 3610 ἦν
3205 3541 3275 3593 τὸ
3329 3542 3443 3612 τῆς
3489 3543 3572 3604 εὶς

2305 3627 2394 3679 τοῦ
2425 3626 2564 3678 θείου
2598 3626 2909 3696 Πνεύματος
2940 3629 3246 3701 ἐπιφορᾶς
3301 3635 3493 3686 αἴτιον
3514 3673 3530 3694 ,

2305 3717 2532 3784 γνωσίαν
2561 3714 2893 3784 ἀνθρώπους,
2926 3718 3030 3768 καὶ
3071 3717 3181 3788 τὴν
3232 3721 3531 3774 ἀνωτάτω
3561 3741 3567 3754 ι

2305 3807 2396 3856 καὶ
2429 3805 2556 3857 Υίοῦ
2601 3803 2909 3872 θεολογίαν,
2946 3807 3283 3862 παιδεῦσαί
3347 3828 3417 3864 τε
3469 3813 3570 3878 τρο

2304 3894 2598 3958 εὐσεϐείας,
2635 3894 2728 3946 καὶ
2761 3897 3160 3964 μνημονεῦσαι
3189 3899 3316 3952 τῶν
3359 3901 3562 3955 πάλαι

2302 3999 2428 4043 των,
2451 3983 2540 4033 τόν
2564 3998 2622 4033 τε
2649 3983 2786 4052 μετά
2807 3983 3020 4039 τούτων
3047 3987 3315 4058 ἔλεγχον
3345 3989 3451 4042 διὰ
3478 4009 3564 4060 μα

2303 4072 2489 4138 λόγων,
2511 4071 2760 4124 θεσπίσαι
2787 4090 2845 4126 τε
2876 4075 2976 4146 τὴν
3022 4079 3393 4148 παρουσίαν
3421 4082 3542 4135 ε’τοῦ

2301 4158 2614 4212 διδασκάλου
2635 4161 2727 4212 τοῦ
2763 4164 2963 4226 παντὸς
2985 4167 3106 4220 ἀνθ
3117 4168 3367 4238 ρώπων
3399 4172 3572 4239 γένοτ

2302 4249 2460 4302 αὐτοῦ
2486 4250 2584 4320 τῆς
2610 4251 2842 4316 παλαιᾶς
2858 4255 2915 4320 ἐξ
2949 4256 3280 4328 Ἑϐραίων
3309 4261 3568 4318 θεοσεόι

2301 4341 2368 4392 τά
2419 4339 2543 4408 ἔθνη
2583 4342 2863 4409 μετάδοσιν
2915 4350 3376 4420 προκηρύξαι.
3458 4356 3572 4406 Tal

673 4453 760 4492 res
789 4437 1130 4495 Hebraeorum
1174 4437 1450 4507 religionis
1501 4446 1765 4494 amatores
1821 4451 2198 4506 servaverant,

2041 4451 2161 4494 mm
2185 4482 2200 4506 ,
2235 4450 2277 4503 υ
2301 4429 2488 4492 αἰῶνος
2531 4429 2748 4500 στήλαις
2783 4433 2877 4485 καὶ
2917 4433 3161 4504 βίϐλοις
3249 4443 3478 4513 ἱεραῖς
3529 4461 3563 4496 τ

673 4527 1001 4596 prodendum
1051 4541 1170 4588 esse
1223 4529 1504 4583 canebant.
1546 4529 1670 4583 Haec
1697 4529 1891 4594 Moses,
1931 4531 2042 4586 haec
2075 4532 2199 4587 reli-

671 4618 762 4686 qui
815 4618 940 4681 item
991 4617 1278 4687 propheta,
1309 4619 1401 4688 qui
1457 4635 1643 4674 omnes
1675 4619 1728 4673 in
1763 4637 1870 4675 uno
1897 4637 1989 4682 ore
2009 4663 2024 4685 ,
2057 4625 2198 4692 quod

672 4716 786 4760 erat
813 4707 1067 4768 futurum,
1093 4707 1444 4776 nuntiabant;
1481 4718 1639 4777 atque
1656 4709 1768 4764 haec
1787 4721 1902 4765 erat
1923 4728 2083 4768 causa
2104 4728 2202 4768 cur

673 4795 884 4852 divinus
904 4797 1134 4867 Spiritus
1157 4797 1356 4852 afﬂaret
1385 4799 1627 4854 homines
1675 4810 1729 4854 et
1780 4803 2107 4873 corriperet,
2141 4809 2203 4856 ut

678 4883 927 4947 videlicet
953 4885 1044 4940 Dei
1073 4886 1432 4954 cognitionem
1476 4888 1642 4958 ipsos,
1700 4907 2108 4963 supremamque
2135 4893 2200 4948 de

673 4967 832 5026 Patre
859 4989 920 5029 ac
952 4974 1088 5029 Filio
1115 4976 1436 5048 theologiam
1469 4979 1716 5048 doceret,
1759 4982 2056 5054 iisdemque
2092 4992 2202 5036 tra-

675 5055 824 5110 deret
851 5075 987 5116 vera:
1028 5064 1172 5121 illius
1194 5068 1407 5134 pietatis
1438 5083 1639 5124 morem
1666 5110 1681 5130 ,
1715 5078 1768 5126 et
1787 5072 1854 5127 ad
1895 5073 2201 5130 memoriam

675 5143 939 5212 redigeret
965 5164 1059 5204 eos
1085 5154 1179 5220 qui
1206 5154 1475 5222 quondam
1496 5171 1680 5210 omnes
1705 5157 1997 5230 honestatis
2025 5163 2213 5228 partes,

675 5231 1116 5319 complevissent,
1147 5255 1355 5297 necnon
1389 5261 1482 5303 eos
1529 5248 1620 5316 qui
1646 5248 2034 5319 posterioribus
2071 5255 2204 5301 tem-

673 5318 894 5389 poribus
917 5334 945 5372 a
965 5319 1161 5388 pietate
1188 5327 1396 5395 rituque
1421 5318 1682 5401 majorum
1716 5349 1937 5389 suorum
1971 5331 2203 5387 excidis-

674 5417 825 5468 sent.
866 5423 1064 5477 eosque
1109 5410 1266 5481 longa
1296 5419 1543 5474 oratione
1579 5423 2028 5492 reprehenderet:
2077 5421 2207 5478 item

673 5507 889 5556 caneret
929 5498 1212 5554 adventum
1259 5500 1552 5571 Salvatoris
1587 5526 1650 5567 ac
1679 5514 1921 5570 Doctoris
1971 5511 2210 5570 universi

674 5587 892 5644 humani
924 5590 1156 5660 generis,
1187 5597 1242 5645 et
1273 5606 1367 5660 per
1393 5594 1540 5651 illum
1565 5600 1621 5654 in
1651 5612 1876 5659 cunctas
1906 5611 2088 5674 gentes
2111 5617 2207 5656 an.

675 5680 836 5759 tique
849 5677 1194 5742 Hebraeorum
1210 5681 1479 5753 religionis
1498 5693 1931 5760 propagationem
1949 5692 2203 5758 futuram.

2298 4521 2596 4592 συμφώνως
2637 4523 3189 4596 ἀναπεφωνημένα.
3245 4532 3454 4586 Αὑτὰ
3513 4535 3572 4587 δί

2297 4615 2457 4682 ἡμῖν,
2507 4613 2685 4675 αὐτοῖς
2726 4613 3035 4685 ὀφθαλμοῖς
3105 4621 3297 4689 μετὰ
3347 4624 3474 4676 τὸν
3546 4643 3567 4696 ι

2296 4705 2462 4758 εἰσέτι
2512 4704 2604 4756 νῦν
2663 4704 3020 4778 πληρούμενα
3090 4718 3510 4785 συνορᾶται
3551 4736 3571 4748 ⁶

2297 4799 2490 4862 πάντες
2527 4795 2667 4852 οὗτοι
2697 4801 2791 4853 καὶ
2812 4803 2942 4874 θείῳ
2969 4807 3365 4879 Πνεύματι
3421 4814 3562 4868 κάτ

2297 4888 2527 4958 θρώποις
2569 4889 2629 4940 τὸ
2674 4890 2789 4958 φῶς
2835 4894 2934 4962 τῆς
2979 4896 3322 4968 ἀληθοῦς
3399 4921 3572 4976 προς

2297 4975 2474 5037 ϐείας·
2507 4977 2726 5044 ἁγνείαν
2764 4997 2824 5032 τε
2858 4982 3057 5054 ψυχῆς
3118 4991 3262 5042 καὶ
3314 4975 3551 5063 σῶμα

2297 5064 2552 5135 κάθαρσιν
2573 5066 2828 5133 διανοίας,
2851 5071 2918 5142 ήν
2941 5074 3149 5129 c.6101
3187 5082 3448 5151 πρό-τε
3458 5103 3572 5154 ρος

2299 5154 2552 5224 ὑπηκόοις
2575 5157 2968 5226 προύϐάλλοντο
2989 5201 3004 5226 ,
3083 5167 3370 5240 πάσης
3420 5174 3558 5227 ἀκ(

2298 5245 2418 5306 τοὺς
2463 5247 2780 5316 προσιόντας
2826 5251 3300 5323 ἀπείργοντες
3358 5300 3382 5324 ,
3465 5283 3570 5335 μγ

2300 5335 2502 5405 πλάνης
2535 5338 2924 5408 ἀπομιμεῖσθαι
2954 5340 3081 5405 τὰς
3154 5347 3550 5422 ὲκθέσμο

2301 5423 2672 5496 προτροπάδην
2685 5425 2742 5479 δὲ
2762 5428 2980 5496 φεύγειν
2990 5428 3460 5493 διδάσκον-ε
3469 5459 3561 5505 ες

2301 5511 2625 5582 ἐγχείρησιν,
2650 5516 2746 5569 καὶ
2777 5517 2876 5581 τάς
2905 5517 3112 5572 πάλαι
3177 5541 3543 5594 περισπ

2299 5600 2775 5672 ἀνθρωποθυσίας,
2832 5606 2932 5672 τάς
2978 5623 3061 5660 τε
3134 5615 3534 5691 αἰσχρὰς

2305 5691 2430 5772 περὶ
2466 5691 2599 5749 θεῶν
2635 5694 2946 5783 διηγήσεις,
2970 5693 3068 5756 ὧν
3143 5703 3332 5765 ἀπε
3346 5709 3522 5784 (fy:
