3862 6346
127 417 328 495 sta

1124 417 1764 491 DEMONSTRATIONIS
1799 425 2240 488 EVANGELICE
2273 423 2399 479 LIB.
2441 411 2508 472 ν.

3297 437 3398 495 346

125 536 402 610 ανέχειν
447 533 816 588 συντδούλευον
868 538 960 610 τῷ
989 549 1227 608 πάντων
1265 555 1440 624 δημιου
1448 541 1568 620 ργῷ
1625 550 1738 622 Θεῷ

1867 553 2156 606 nuntiaret.
2206 545 2328 602 Haec
2358 546 2484 602 sunt
2515 556 2636 613 quae
2672 549 2739 603 ab
2791 551 2942 605 initio
2966 560 3019 606 et
3047 553 3232 606 titulus
3259 561 3311 607 et
3331 554 3397 606 lio

125 642 276 700 οἵα-ν
332 625 479 694 έφδρῳ
519 626 611 677 καὶ
657 628 820 698 κριτῇ
870 639 1226 708 τυγχάνοντι
1253 643 1351 696 τῶν
1382 645 1434 695 ὲν
1460 633 1770 706 ἀνθρώποις

127 755 188 808 πρ
209 715 565 808 όττνμέγων
635 717 771 808 μηδὲ
800 719 1043 788 ἀγνοεῖν
1073 731 1172 783 τὸν
1205 733 1448 800 μέλλοντα
1472 728 1552 788 είς
1573 729 1772 800 ἀνθρώ-

134 804 343 876 πεια-λς
376 804 646 872 ἐπιδημεῖν
676 805 924 877 Χριστὸν
973 817 1081 868 τοῦ
1133 819 1285 883 Θεοῦ,
1316 819 1531 888 Σωτῆρα
1576 819 1771 882 παντὸς

139 907 386 976 «πένθους
429 891 750 964 ἀνθρώπων,
784 898 889 951 καλ
941 903 1267 959 διδάσκαλον
1313 907 1590 977 βαρϐάρων
1637 907 1769 975 ὁμοῦ

146 988 325 1047 v.11
349 981 580 1052 Ἑλλήνων
612 985 909 1052 εὐσεϐείας
967 995 1072 1063 τῆς
1117 995 1343 1065 ἀληθοῦς
1371 995 1769 1063 καταστησόμε-

158 1090 342 1132 νον.
361 1073 592 1126 Τοσοῦτόν
617 1092 673 1127 τι
713 1071 784 1146 ἦν
813 1078 881 1130 τὸ
908 1080 1172 1154 διάφορον
1201 1085 1303 1137 τῶν
1347 1086 1447 1138 ὑπὸ
1495 1085 1584 1138 τοῦ
1627 1085 1767 1138 θείου

163 1163 513 1231 Πνεῦματος
535 1166 786 1235 κατόχων
836 1170 938 1222 καὶ
989 1171 1100 1226 τῶν
1151 1175 1251 1226 ὑπὸ
1293 1175 1598 1244 ὼιμονικῆς
1624 1177 1768 1244 ἐνερ-

158 1255 376 1327 γείας
401 1255 744 1324 μαντεύεσθαι
780 1262 1286 1332 προσποιουμένων.
1314 1259 1443 1316 Εἶτα
1470 1265 1530 1315 τὸ
1554 1264 1646 1332 μὲν
1670 1281 1766 1316 ποι

147 1338 379 1424 νηρρν
423 1346 714 1415 δαιμόνιον,
755 1343 852 1402 οἷα
915 1352 1140 1413 σκότους
1186 1353 1397 1417 οἰκεῖον,
1443 1353 1624 1406 σκότον
1674 1353 1766 1405 καὶ

123 1423 379 1521 ἀχ7ὺῖ(
402 1431 724 1521 περιϐἀλλον
750 1438 820 1504 τῇ
849 1435 996 1507 ψυχῇ
1031 1438 1116 1490 διὰ
1140 1438 1236 1506 τῆς
1268 1440 1650 1507 ὲμφοιτήσεως,
1674 1438 1763 1491 τοῦ

241 1517 484 1602 ηλφήτου
532 1517 624 1575 οἷα
671 1525 871 1595 νεκρὸν
923 1526 1152 1597 ὲξήπλου
1195 1527 1286 1579 τοῦ
1331 1527 1469 1580 κατὰ
1501 1528 1654 1595 φύσιν
1677 1528 1763 1580 λο-

104 1601 395 1711 γιίμξῦ
435 1613 944 1711 παρενηνεγμένον,
976 1615 1095 1711 ούδὶ
1113 1616 1378 1711 ἑπόμενονμ
1399 1620 1508 1711 τοῖς
1528 1616 1766 1711 λεγομέ-

106 1684 196 1786 ,ζῐ
333 1684 814 1770 ηπραττομένοις
842 1703 910 1754 δι’
936 1703 1118 1767 αὑτοῦ,
1152 1706 1418 1769 παντελῶς
1446 1708 1490 1759 δ’
1515 1684 1764 1779 ἀναίσθη..

152 1781 294 1855 ξδκ
315 1785 399 1836 καὶ
431 1786 802 1857 παράφρονα’
837 1790 966 1859 παρ’
997 1790 1026 1842 ὃ
1051 1790 1142 1842 καὶ
1172 1792 1441 1860 μαντείαν,
1472 1792 1654 1864 ὥσπερ
1678 1811 1760 1846 τι-

1867 641 1978 695 bris
2009 640 2176 696 sacris
2201 636 2578 707 prophetarum
2601 674 2617 698 ,
2649 639 2898 692 concordi
2948 655 3076 694 voce
3124 641 3394 695 enuntiata

1867 729 2103 791 fuerunt;
2125 729 2259 798 ipsa,
2287 729 2524 796 inquam,
2554 724 2686 792 haec,
2704 742 2823 795 qua:
2841 729 3000 782 etiam
3021 745 3122 784 nos
3143 739 3263 800 post
3277 733 3392 786 lon-

1865 821 2141 890 gissimum
2182 825 2412 887 tempus,
2445 814 2704 870 hodierno
2737 817 2852 884 ipso
2881 816 2968 871 die
2986 821 3237 886 compleri
3261 835 3391 874 ocu-

1866 911 1932 964 lis
1961 909 2154 964 nostris
2181 908 2467 962 intuemur.
2496 905 2561 959 lii
2591 921 2716 960 vero
2741 921 2926 961 omnes
2946 921 3053 960 uno
3073 922 3183 973 ore,
3208 908 3390 964 divino

1868 998 2066 1066 Spiritu
2093 997 2274 1062 aillati,
2309 995 2516 1050 cunctis
2544 995 2846 1050 hominibus
2892 996 3069 1048 lumen
3109 1012 3245 1051 vera:
3286 999 3390 1066 pie-

1865 1087 1988 1138 tatis
2018 1085 2341 1155 aperiebant,
2373 1091 2530 1152 atque
2561 1085 2749 1136 animae
2790 1088 2843 1135 et
2897 1083 3135 1150 corporis
3180 1085 3390 1138 castita-

1865 1184 1968 1228 tem
2006 1174 2396 1244 perfectamque
2425 1172 2617 1226 mentis
2643 1171 3012 1239 purgationem
3045 1172 3387 1224 commenda-

1863 1263 2008 1316 bant.
2041 1263 2208 1328 Quam
2233 1277 2354 1316 cum
2375 1261 2476 1329 ipsi
2501 1261 2648 1330 prius
2669 1260 3051 1321 exercuissent,
3079 1259 3145 1312 iis
3166 1259 3257 1327 qui
3283 1258 3384 1313 sibi

1863 1352 2259 1413 auscultarent,
2306 1349 2667 1419 pr0ponebant
2690 1388 2703 1412 ,
2739 1356 2792 1403 et
2824 1349 2889 1402 ab
2915 1349 3061 1402 omni
3090 1349 3267 1402 minus
3293 1349 3386 1401 ho-

1861 1448 2012 1493 nesta
2038 1442 2244 1493 actione
2269 1454 2361 1493 eos
2387 1438 2477 1506 qui
2500 1437 2565 1491 ad
2592 1451 2649 1491 se
2674 1437 3004 1500 accederent,
3034 1436 3385 1504 prohibebant

1860 1527 2317 1596 deterrebantque,
2343 1541 2411 1580 ne
2441 1525 2616 1580 studia
2657 1524 2746 1576 illa
2791 1523 2990 1576 nefaria
3046 1523 3385 1576 imitarentur

1859 1633 1985 1686 quae
1996 1618 2060 1670 ab
2082 1633 2259 1671 errore
2275 1616 2484 1670 colendi
2501 1614 2697 1668 multos
2713 1614 2840 1668 deos
2870 1612 3104 1682 profecta
3130 1611 3338 1666 fuerant
3363 1629 3378 1664 :

1861 1718 1972 1762 tum
2002 1709 2258 1776 praecipiti
2288 1707 2520 1776 quodam
2548 1722 2710 1762 cursu
2735 1705 3016 1767 docebant,
3055 1713 3114 1757 ut
3140 1702 3382 1772 fugerent

1860 1811 2072 1849 omnem
2083 1795 2430 1848 dasmonicam
2447 1794 2808 1854 traditionem,
2814 1792 3123 1860 priscasque
3137 1791 3255 1844 illas
3271 1804 3380 1843 om-

201 1884 277 1927 κίο.
307 1874 517 1943 μανίαν,
547 1876 785 1939 είκότως
821 1857 1028 1931 ἐοίκασι
1069 1857 1390 1948 τὴνντοιάνδε
1420 1857 1738 1934 κατάπτωσιε

1859 1885 1913 1938 ni
1929 1884 2106 1938 studio
2118 1885 2408 1937 celebratas
2419 1883 2692 1935 hominum
2708 1881 3078 1942 mactationes,
3092 1879 3380 1933 obscenas-

210 1963 622 2035 ἑπικεκληκέναι
641 1983 656 1996 ο
683 1965 750 2018 τὸ
795 1967 854 2018 δέ
892 1984 956 2034 γε
982 1967 1190 2036 ἀληθῶς
1210 1970 1302 2021 καὶ
1321 1969 1494 2021 ἔνθεον
1523 1971 1757 2040 Πνεῦμα,

208 2056 498 2122 φωτοειδὲς,
535 2056 748 2126 μᾶλλον
773 2057 830 2110 δὲ
860 2058 974 2125 φῶς
999 2059 1127 2112 αὐτὸ
1160 2060 1437 2130 τυγχάνον,
1525 2061 1588 2114 ἂν
1615 2062 1761 2115 ἐπέλ-

205 2143 272 2214 θῃ
293 2143 449 2215 ψυχῇ,
477 2145 684 2216 καινὴν
714 2148 1048 2218 παραχρῆμα
1076 2151 1167 2201 καὶ
1193 2149 1569 2221 λαμπροτάτην
1589 2153 1760 2220 φωτὸς

207 2230 400 2300 ἡμέραν
446 2235 507 2285 ὲν
558 2233 709 2304 αὐτῇ
737 2235 1141 2305 ⁴ιιατειργάξετο,
1173 2237 1546 2308 διαυγεστέραν
1574 2256 1632 2291 τε
1669 2241 1759 2292 καὶ

203 2319 686 2394 θεωρητικωτέραν
735 2324 869 2377 πολὺ
916 2324 1073 2378 πλέον
1122 2324 1216 2378 νῦν
1253 2327 1285 2396 ἢ
1320 2328 1572 2398 πρότερον
1594 2328 1757 2397 αὐτὴν

195 2407 354 2475 αὐτῆς
372 2411 714 2478 ἀποφαῖνον,
759 2409 900 2465 ὥστε
919 2414 1104 2482 νήφειν
1127 2415 1218 2466 καὶ
1237 2416 1605 2486 ἐγρηγορέναι,
1635 2433 1756 2468 συν-

191 2497 318 2565 ορᾷν
342 2516 400 2551 τε
419 2501 653 2554 πάντων
691 2501 926 2570 μάλιστα
959 2504 1048 2556 καὶ
1079 2504 1382 2574 συγκρίνειν
1413 2505 1480 2558 τὰ
1517 2506 1757 2568 θεσπιζό-

190 2596 353 2649 μενα·
383 2589 518 2654 παρ’
546 2589 577 2640 ὃ
609 2604 705 2656 μοι
735 2587 997 2658 δοκοῦμεν
1023 2585 1081 2643 εὖ
1111 2591 1203 2644 καὶ
1233 2592 1440 2661 ἀληθῶς
1483 2597 1755 2664 προφήτας

181 2673 474 2728 ἀποκαλεῖν
497 2679 634 2740 τοὺς
656 2678 922 2739 τοιούσδε,
942 2679 1089 2749 παρά
1106 2681 1168 2733 τὸ
1191 2682 1498 2752 προφαίνειν
1518 2685 1608 2738 καὶ
1628 2701 1755 2755 προ-

183 2763 438 2828 φωτίζειν
466 2768 528 2818 ἑν
559 2766 755 2830 αὐτοῖς
782 2769 843 2820 τὸ
870 2767 1006 2821 θεῖον
1032 2769 1249 2840 Πνεῦμα
1277 2772 1348 2841 μὴ
1373 2773 1528 2836 μόνον
1552 2772 1616 2824 τὰ
1650 2791 1750 2824 πα-

179 2852 365 2921 ρόντα,
393 2855 536 2908 ἀλλὰ
582 2857 684 2908 καὶ⁹
734 2855 846 2908 τῶν
897 2856 1190 2926 μελλόντων
1233 2858 1398 2930 ἀληθῆ
1431 2860 1521 2911 καὶ
1557 2860 1750 2931 ἀκριϐῆ

179 2938 406 3004 γνῶσιν.
438 2941 732 3010 Σκέψασθε
762 2942 819 2994 δὲ
848 2945 897 2995 εί
928 2944 1001 3014 μὴ
1033 2945 1162 2997 πολὺ
1199 2947 1452 3016 κρείττων
1479 2940 1628 3010 οὗτος
1660 2947 1751 3000 καὶ

178 3030 390 3104 ἀληθὴς
418 3037 448 3086 ὁ
473 3035 661 3103 λόγος,
695 3034 922 3102 φάσκων
971 3035 1187 3105 Πνεῦμα
1235 3035 1370 3088 θεῖον
1399 3036 1594 3106 ψυχαῖς
1636 3037 1751 3088 ὲπι-

178 3123 379 3212 φοιτᾷν
413 3123 884 3212 κεκαθαρμέναις,
911 3123 1003 3175 καὶ
1046 3122 1121 3192 νῷ
1169 3123 1365 3194 λογικῷ
1411 3125 1503 3178 καὶ
1547 3125 1750 3193 διαυγεῖ
1772 3150 1817 3212 C

178 3204 322 3274 πρὸς
346 3209 614 3281 ὑποδοχὴν
636 3209 737 3262 τοῦ
772 3209 926 3262 Θείου
956 3213 1497 3282 παρεσκευασμέναις,
1530 3214 1562 3284 ἢ
1586 3215 1614 3266 ό
1640 3213 1746 3267 τῶν

178 3292 246 3342 ἓν
275 3294 466 3368 ἀψύχῳ
495 3298 598 3369 ὕλῃ
631 3298 730 3351 καὶ
755 3297 988 3359 σκοτίοις
1016 3300 1201 3367 μυχοῖς
1224 3299 1662 3352 ὲναποκλειόντων
1689 3299 1748 3351 τὸ

176 3376 364 3448 Θείον,
391 3385 444 3437 ἐν
474 3401 533 3437 τε
563 3383 844 3453 γυναικῶν
876 3383 968 3434 καὶ
999 3382 1203 3452 ἀνδρῶν
1253 3383 1312 3434 ού
1352 3383 1612 3452 καθαραῖς
1654 3382 1748 3450 ψυ-

175 3469 332 3532 χαῖς,
365 3472 461 3543 ἤδη
490 3473 546 3526 δὲ
575 3473 674 3526 καὶ
703 3472 798 3523 ἐπὶ
824 3471 1059 3542 κόρακας
1087 3471 1178 3523 καὶ
1208 3471 1424 3541 ἱέρακας
1449 3471 1540 3523 καὶ
1560 3471 1746 3532 ἄλλους

169 3556 429 3625 οίωνοὺς,
458 3562 549 3615 ὲπί
580 3579 644 3614 τε
674 3558 839 3628 αἶγας
862 3562 952 3613 καὶ
977 3561 1109 3614 ἄλλα
1134 3560 1267 3625 ζῶα,
1294 3561 1379 3613 ναὶ
1411 3561 1513 3628 μὴν
1543 3559 1633 3612 κατ⁹
1655 3561 1744 3612 ἐπὶ

170 3640 396 3702 ὑδάτων
433 3651 742 3712 συστάσεις,
773 3649 830 3701 έν
860 3666 919 3701 τε
947 3649 1386 3720 ήπατοσκοπίαις,
1423 3648 1512 3701 καὶ
1553 3649 1741 3718 αἵμασι

167 3740 424 3806 νοσερῶν
456 3743 550 3794 κα)⁸
577 3738 1163 3809 είδεχθῶνικνωδάλων,
1194 3737 1434 3808 ἑρπετῶν
1449 3755 1506 3790 τε
1529 3737 1741 3790 ἰοϐόλων

169 3817 450 3890 σώμασιν,
477 3825 587 3881 οἷον
627 3828 936 3899 δρακόντων
982 3829 1074 3880 καὶ
1117 3827 1314 3896 γαλῶν,
1350 3826 1439 3880 καί
1468 3844 1623 3881 τινων
1650 3827 1742 3880 ἆλ-

168 3907 290 3960 λων
319 3918 766 3988 τοιουτοτρόπων,
795 3917 862 3970 δι’
890 3911 963 3969 ὧν
992 3916 1088 3987 τὴν
1136 3916 1242 3969 τῶν
1292 3916 1582 3985 μελλόντων
1609 3916 1737 3987 πρό-

171 4014 391 4065 γνωσιν
419 4011 464 4061 οἱ
490 4010 788 4079 θαυμάσιοι
814 4007 905 4060 τὸν
943 4010 1033 4061 ἐπὶ
1065 4009 1276 4061 πάντων
1303 4009 1434 4061 Θεὸν
1469 4009 1736 4077 ἐκφαίνειν

173 4087 533 4167 marinam.
565 4099 741 4154 Τοῦτο
782 4098 829 4151 δ’
857 4099 1065 4169 ἀνδρῶν
1104 4093 1173 4168 ἦν
1221 4097 1293 4168 μὴ
1325 4099 1733 4168 συνεωρακότων

171 4176 323 4232 θεοῦ
357 4187 526 4254 φύσιν,
565 4188 704 4258 μηδέ
731 4204 797 4255 γε
827 4189 968 4241 θείου
991 4187 1296 4257 Πνεύματος
1321 4186 1541 4257 δύναμιν
1563 4190 1735 4240 ὲπινε-

169 4274 474 4341 νοηθώτων,
507 4277 756 4346 οὐδαμῶς
808 4277 903 4346 μὲν
956 4276 1423 4346 ὲμφιλοχωροῦσαν
1452 4277 1670 4346 ἀψύχοις
1697 4278 1728 4346 ἢ

169 4352 402 4427 ἀλόγοις
445 4365 618 4430 ζώοις,
651 4366 768 4418 ἀλλ’
795 4365 903 4418 οὐδ’
932 4367 989 4417 ὲν
1033 4365 1263 4432 λογικοῖς
1310 4365 1527 4429 ἅπασιν,
1558 4367 1606 4418 εί
1657 4368 1727 4436 μή

1863 1983 1966 2035 que
1994 1968 2061 2022 de
2078 1968 2183 2022 diis
2214 1975 2267 2021 et
2298 1967 2556 2022 nefandas
2585 1966 2952 2020 narrationes:
2985 1982 3013 2018 a
3042 1965 3235 2033 quibus
3256 1979 3376 2018 cum

1856 2055 2098 2108 homines
2117 2055 2476 2123 prohiberent,
2496 2070 2661 2109 unum
2678 2054 2908 2108 universi
2930 2055 3168 2122 opificem
3186 2051 3374 2118 Deum,

1857 2143 2017 2212 209
2045 2144 2198 2212 quasi
2227 2143 2503 2212 praesidem
2536 2157 2598 2196 ac
2630 2142 2865 2211 judicem
2897 2143 3134 2195 omnium
3160 2155 3277 2208 quae
3306 2141 3374 2194 ab

1856 2229 2160 2282 hominibus
2203 2236 2448 2297 agantur,
2495 2235 2554 2282 ut
2581 2227 2932 2291 attenderent,
2974 2227 3370 2280 hortabantur:

1855 2327 2013 2387 atque
2065 2319 2276 2372 interim
2326 2334 2393 2372 ne
2429 2320 2736 2387 ignorarent
2783 2332 2925 2379 eum,
2975 2317 3067 2385 qui
3115 2323 3372 2378 venturus

1851 2414 1964 2460 erat
1994 2407 2058 2459 ad
2082 2405 2342 2469 homines,
2377 2406 2648 2461 Christum
2685 2407 2864 2475 utique
2901 2404 3012 2467 Dei,
3043 2403 3370 2458 Salvatorem

1853 2494 2088 2548 universi
2123 2494 2339 2548 humani
2362 2496 2594 2564 generis,
2624 2510 2686 2548 ac
2712 2494 2988 2548 Doctorem
3037 2508 3144 2547 non
3189 2493 3369 2545 minus

1850 2581 2090 2635 barbaris
2137 2597 2296 2651 quam
2345 2583 2542 2637 Grazcis
2592 2599 2724 2636 vera:
2772 2583 2980 2652 pietatis
3024 2583 3364 2636 destinatum.

1850 2670 1973 2724 Haec
2023 2686 2151 2725 sane
2200 2677 2314 2725 erat
2365 2671 2665 2726 differentia
2698 2673 2838 2726 inter
2864 2687 2958 2725 eos
2987 2672 3078 2740 qui
3110 2669 3365 2738 Spiritum

1850 2759 1944 2814 Dei
1970 2769 2295 2830 receperant,
2325 2768 2380 2816 et
2407 2777 2500 2816 eos
2527 2763 2618 2831 qui
2660 2763 2953 2815 daemonica
3003 2761 3258 2814 instinctu
3283 2759 3366 2813 di-

1847 2849 2168 2902 vinationem
2226 2849 2631 2918 profitebantur.
2680 2848 2878 2903 Deinde
2905 2862 3123 2917 pravum
3152 2845 3362 2915 quidem

1848 2938 2263 3008 unumquodque
2328 2939 2643 2992 daemonium
2709 2947 2960 3006 tanquam
3025 2935 3363 2989 tenebrarum

1847 3029 2094 3095 amicum,
2139 3028 2374 3082 animum
2417 3028 2649 3082 tenebris
2687 3035 2740 3081 et
2792 3027 3016 3096 caligine
3069 3025 3362 3088 involvens,

1847 3102 2067 3172 accessu
2103 3131 2203 3171 suo
2229 3131 2600 3187 quemcunque
2634 3115 2735 3169 sibi
2769 3115 3089 3183 subjecerat,
3133 3110 3362 3164 naturali

1846 3225 1946 3264 usu
1975 3209 2198 3264 rationis
2228 3209 2586 3271 deturbatum,
2616 3206 2768 3274 quasi
2795 3213 3060 3259 mortuum
3091 3203 3362 3258 distende-

1843 3299 1951 3354 bat.
1988 3297 2172 3368 Itaque
2203 3299 2291 3352 ille
2309 3305 2560 3365 tanquam
2600 3297 2742 3349 omni
2777 3310 2936 3348 sensu
2967 3294 3249 3362 spoliatus,
3279 3291 3360 3344 fa-

1841 3395 2064 3455 ctusque
2091 3400 2294 3447 amens,
2323 3385 2449 3453 quid
2486 3399 2515 3436 a
2557 3399 2615 3438 se
2642 3382 2722 3436 vel
2761 3381 3025 3436 diceretur
3054 3380 3136 3434 vel
3171 3394 3354 3448 agere-

1841 3484 1946 3538 tur,
1972 3473 2276 3542 neutiquam
2304 3473 2646 3541 intelligentia
2678 3471 3117 3539 consequebatur.
3154 3468 3228 3521 Ex
3251 3483 3354 3537 qua

1838 3580 1898 3618 re
1930 3564 2119 3617 merito
2151 3562 2453 3617 istiusmodi
2499 3560 2801 3614 alienationi
2848 3574 3040 3612 nomen
3085 3559 3353 3625 imposue-

1839 3661 1984 3717 runt,
2017 3653 2158 3720 quod
2196 3666 2317 3705 cum
2346 3650 2725 3704 divinationem
2769 3647 3044 3716 significet,
3099 3660 3130 3699 a
3175 3646 3354 3700 furore

1834 3742 2045 3797 videtur
2084 3756 2203 3797 esse
2240 3739 2546 3795 deductum.
2599 3737 2769 3792 Verus
2815 3746 2989 3790 autem
3036 3735 3354 3805 divinusque

1837 3831 2070 3902 Spiritus
2102 3845 2222 3885 cum
2267 3829 2649 3891 lucidissimus,
2688 3842 2749 3881 ac
2789 3828 2964 3896 potius
2996 3827 3111 3896 ipsa
3142 3827 3232 3880 lux
3260 3826 3350 3889 sit,

1834 3922 1901 3975 ad
1927 3934 2298 3990 quamcunque
2329 3919 2558 3972 animam
2581 3923 2904 3979 accesserat,
2933 3920 2988 3970 in
3012 3931 3072 3970 ea
3097 3919 3350 3970 continuo

1832 4027 2026 4067 novum
2083 4027 2146 4066 ac
2193 4010 2682 4083 splendidissimum
2731 4009 2868 4064 lucis
2909 4010 3046 4063 diem
3077 4022 3350 4076 compara-

1829 4105 1941 4166 bat,
1970 4103 2316 4172 eamdemque
2342 4110 2394 4155 et
2426 4102 2650 4156 nitidam
2689 4108 2741 4156 et
2778 4101 2845 4154 ad
2885 4100 3347 4169 contemplandum

1830 4189 2094 4255 idoneam,
2116 4193 2284 4245 multo
2313 4191 2539 4258 amplius
2567 4205 2710 4244 nunc
2730 4204 2887 4259 quam
2913 4189 3058 4258 prius
3077 4204 3198 4244 esse
3219 4203 3348 4242 con-

1829 4281 2113 4344 suevisset,
2146 4280 2419 4334 reddebat.
2450 4277 2633 4349 Itaque
2665 4294 2785 4333 cum
2819 4280 3046 4333 maxime
3085 4286 3138 4334 et
3178 4277 3345 4333 sobrii

1829 4378 2002 4433 erant,
2025 4377 2079 4425 et
2107 4370 2411 4440 vigilabant,
2441 4378 2494 4424 et
2522 4386 2629 4442 pra:
2659 4371 2779 4424 aliis
2823 4370 3070 4423 omnibus
3101 4383 3220 4438 quae
3250 4382 3343 4422 ca-

172 4457 316 4499 me
389 4456 490 4525 ἀρα.
533 4456 566 4525 ἦ
617 4456 795 4525 μόνων
825 4455 1007 4524 ψυχῶν
1050 4454 1143 4506 καὶ
1185 4455 1454 4525 ὲναρέτοις
1507 4455 1699 4524 ψυχαῖς
1714 4496 1728 4518 ν

1841 4461 2046 4524 nebant,
2078 4461 2180 4529 ipsi
2213 4462 2556 4515 intuebantur
2603 4469 2656 4516 et
2701 4461 3098 4530 comparabant.
3134 4459 3210 4514 Ex
3237 4476 3344 4530 quo

169 4530 331 4598 0:00;
375 4543 498 4611 ἡμῖν
541 4544 746 4614 ἀρτίως
772 4545 800 4595 ὁ
823 4543 975 4610 λόγος
1000 4543 1126 4605 τοὺς
1163 4542 1420 4613 Ἐϐραίων
1454 4543 1728 4614 ὑπέγραψε

176 4631 491 4701 προφήτας
520 4635 614 4697 οὓς
642 4634 739 4687 τοῦ
771 4633 916 4686 θείου
946 4633 1252 4703 Πνεύματός
1287 4651 1459 4703 φαμεν
1501 4633 1728 4703 ἀξιωθῆ.

174 4721 270 4760 ναι
309 4723 548 4788 μεγάλων
587 4724 774 4776 ἕνεκεν
805 4723 1143 4792 πραγμάτων
1167 4723 1480 4792 οἰκουμένης
1517 4723 1729 4793 ἀπάσης

183 4794 482 4870 ἁ’νθρτῖνιιπιιδν
517 4812 795 4882 βελτιώσει
838 4811 1297 4881 συμσαλλομένων.
1324 4813 1386 4864 El.
1408 4812 1463 4864 δέ
1496 4813 1605 4864 ποτ’
1626 4812 1724 4866 αύ-

182 4886 300 4972 τοξς
332 4901 476 4963 σκιᾶς
501 4901 655 4972 δίκην
682 4899 1035 4971 ἐπηκολούθει
1063 4900 1122 4953 τδ
1144 4900 1236 4954 καὶ
1261 4901 1328 4954 τὰ
1360 4901 1596 4971 παρόντα
1617 4901 1724 4954 τῶν

197 4968 372 5036 μέσων
394 4988 482 5040 καὶ
503 4968 811 5057 ἀδιαφόρων
839 4986 1137 5056 γνωρίζειν,
1167 4988 1257 5040 καὶ
1289 4968 1562 5057 προλέγειν
1589 4989 1724 5042 κατά

190 5069 374 5159 κίξρδν
408 5077 472 5130 τὰ
497 5078 837 5148 ἀγνοούμενα
865 5079 978 5139 τοῖς
1010 5077 1276 5147 ἐρωτῶσιν
1303 5079 1602 5145 ἀναγκαίως
1630 5081 1721 5132 καὶ

198 5160 342 5239 ξοντο
372 5173 478 5233 τοῖς
518 5170 688 5224 πάλαι
723 5169 916 5228 αὐτοῖς
959 5167 1303 5237 πλησιάζουσι
1352 5171 1621 5239 παρεῖχον,
1647 5171 1720 5233 ὡς

181 5227 240 5329 i’
265 5256 348 5329 μὴ
373 5227 573 5314 δοκοῖεν
598 5261 652 5313 οἱ
675 5258 853 5327 λίχνοι
875 5259 999 5327 περὶ
1017 5227 1112 5320 τάς
1139 5227 1463 5329 προγνώσείς
1493 5227 1719 5326 ε’ύλόγως

163 5310 864 5424 ξτὲιῖτάὶξω
912 5310 1013 5396 τὸν
1055 5310 1353 5413 ἀλλοξρύλων
1381 5310 1544 5396 ἐθνῶν

311 5443 495 5496 σπάνει
527 5403 850 5509 προφητεῦν
873 5433 1094 5488 οἰκείων.
1113 5403 1270 5499 Ἀλλὰ
1293 5433 1463 5486 ταῦτα
1497 5403 1598 5500 μὲν.
1615 5429 1714 5488 ὧδε

533 5480 681 5596 Ἑξῇςτ
695 5480 762 5574 έν
812 5523 932 5582 τοῖς
966 5521 1214 5592 Ἑϐραίων
1233 5480 1541 5591 *προφήταιῑς
1571 5522 1714 5588 θείας

242 5561 302 5597 Ἴ
326 5561 513 5603 εχιτω,
547 5561 578 5580 ὐ
591 5561 654 5596 ἰν
695 5561 757 5574 ν’
825 5561 929 5582 ’⁷⁷1
981 5561 1212 5592 ’δ”γυυυυν
1252 5561 1421 5591 ηειυτυι
1435 5561 1538 5584 --νιι
1573 5561 1712 5588 *ξονον

116 5561 415 5724 ιζ’ῗμως
445 5621 586 5673 εντα
607 5611 1182 5724 Ζταραεὶτατικιξπορα
1207 5607 1596 5724 δὴόἶένῆαύτοτς,
1629 5610 1722 5681 οἷα,

299 5715 345 5724 -ι
465 5709 480 5724 Ι
530 5705 593 5724 Ω-
646 5716 698 5724 Α.-
736 5709 816 5724 υ-
875 5709 999 5724 DA“-
1026 5715 1049 5724 Α
1094 5699 1147 5724 Α...
1177 5715 1272 5724 Α.--
1352 5716 1380 5724 ι.
1421 5713 1559 5724 “_l-‘
1584 5717 1592 5724 .
1621 5701 1680 5724 -.ι

167 5727 173 5734 ε
215 5689 426 5777 Nam
451 5701 704 5775 ἀνδράσι
736 5693 845 5752 καὶ
875 5699 1070 5764 σοφοῖς,
1092 5699 1150 5752 οὐ
1177 5697 1291 5752 κατ’
1318 5696 1592 5769 ἄνθρωπον
1621 5701 1708 5766 γέ.

1827 4545 1955 4598 mihi
1987 4546 2118 4599 bene
2144 4561 2371 4616 vereque
2401 4547 2642 4602 videmur
2677 4563 2770 4602 eos
2811 4549 2902 4618 qui
2947 4549 3078 4603 tales
3125 4547 3343 4602 exstite-

1825 4634 1952 4695 rint,
1982 4648 2173 4689 vocare
2199 4637 2502 4704 prophetas,
2529 4636 2670 4706 quod
2693 4636 2904 4691 divinus
2935 4636 2989 4689 in
3010 4637 3088 4692 eis
3111 4635 3340 4704 Spiritus

1823 4729 1947 4774 ante
1969 4721 2271 4785 ostendere,
2294 4730 2348 4776 et
2377 4723 2577 4779 lumine
2608 4739 2707 4779 suo
2727 4723 3037 4793 anticipare,
3068 4738 3175 4777 non
3201 4738 3337 4792 prae-

1821 4806 2050 4861 sentium
2098 4805 2276 4871 modo,
2325 4823 2504 4861 verum
2556 4809 2713 4863 etiam
2780 4807 3078 4861 futurorum
3133 4821 3332 4871 veram,

1819 4905 2123 4962 certamque
2145 4896 2497 4964 cognitionem
2519 4897 2870 4951 consueverit.
2904 4895 3184 4957 Caeterum,
3207 4911 3338 4950 con-

1818 4984 2164 5052 templamini,
2198 4999 2396 5053 quaeso,
2432 4985 2655 5054 longene
2705 4984 2892 5038 melior
2924 4984 3036 5037 haec
3068 4991 3122 5038 et
3159 4986 3335 5040 verior

1815 5076 2004 5137 oratio,
2034 5088 2152 5143 qua!
2178 5075 2252 5126 ait
2273 5074 2507 5129 divinum
2540 5076 2793 5144 Spiritum
2829 5074 2884 5127 in
2914 5075 3118 5128 animas
3139 5089 3335 5144 expur-

1815 5175 1986 5236 gatas,
2019 5172 2071 5218 et
2098 5165 2161 5218 ad
2198 5165 2590 5234 suscipiendam
2617 5165 2950 5218 Diviuitatem
2982 5163 3333 5233 intelligentia

1813 5263 1868 5311 et
1899 5257 2103 5309 ratione
2142 5255 2310 5308 nitida
2360 5264 2714 5326 comparatas,
2761 5253 2964 5322 ingredi
2993 5253 3231 5314 solitum,
3265 5269 3330 5306 an

1812 5359 1996 5406 eorum
2026 5344 2117 5413 qui
2158 5345 2212 5397 in
2240 5345 2462 5400 materia
2497 5344 2733 5398 inanima
2763 5349 2816 5396 et
2852 5341 3202 5396 tenebricosis
3243 5358 3329 5394 se-

1810 5435 2069 5498 cessibus,
2118 5433 2355 5488 divinum
2404 5435 2545 5505 quod
2592 5437 2682 5501 sit,
2725 5431 3241 5498 includuntsatque
3272 5430 3327 5481 in

1809 5524 2125 5579 feminarum
2153 5523 2494 5594 virorumque
2523 5525 2752 5597 impuris
2777 5521 2992 5584 animis,
3031 5535 3242 5576 necnon
3272 5519 3327 5570 in

1808 5615 1982 5671 corvis
2035 5621 2192 5683 atque
2236 5616 2578 5690 accipitribus
2607 5617 2913 5683 avibusque
2947 5610 3174 5670 caeteris,
3205 5621 3339 5675 pra-

1810 5713 1950 5766 terea
1981 5702 2035 5756 in
2065 5702 2239 5773 capris
2260 5711 2311 5766 et
2341 5706 2560 5778 reliquis
2589 5702 2948 5766 animalibus,
2975 5695 3270 5770 quinetiam
3287 5690 3346 5743 in
