3862 6342
762 421 863 476 547

1358 415 1620 470 EUSEBII
1656 407 2123 472 CAESARIENSIS
2159 415 2302 468 OPP.
2333 413 2524 468 PARS.
2564 414 2629 469 lt.
2667 443 2734 452 --
2763 405 3214 466 APOLOGETICA.

763 545 1018 602 aquarum
1042 530 1463 592 collectionibus,
1493 531 1545 583 in
1569 531 1883 599 extispiciis,
1916 531 1969 583 in
1999 530 2281 583 cruoribus

2062 530 2281 583 uoribus
2309 552 2354 606 Α
2382 529 2635 597 νομένοις,
2651 529 2764 580 κατ’
2783 527 3060 578 ἐπίπνοιαν
3077 523 3122 576 δὲ
3136 519 3250 573 θείου
3264 515 3508 585 Πνεύματος
3519 514 3587 567 πεί

762 625 1064 675 odiosarum
1100 635 1159 673 ac
1192 621 1504 674 deformium
1560 622 1876 682 belluarum,
1908 621 1960 672 in
1991 627 2281 673 venenato-

761 727 878 764 rum
909 712 1232 777 serpentium
1265 711 1598 778 corporibus,
1623 719 1680 762 ut
1702 710 1992 762 draconum
2015 720 2066 762 et
2089 717 2286 761 muste-

761 801 953 863 larum,
984 808 1035 852 et
1066 800 1290 852 aliorum
1337 800 1568 866 ejusdem
1592 800 1819 867 generis,
1857 815 1950 867 per
1979 814 2096 866 quae
2145 797 2287 849 fulu-

761 905 940 944 rarum
975 904 1151 941 rerum
1183 890 1536 956 cognitionem
1574 905 1602 939 a
1633 905 1882 956 supremo
1922 889 2028 942 Deo
2059 887 2284 940 indicari

761 984 812 1028 et
844 976 1014 1044 prodi.
1038 977 1375 1030 admirabiles
1399 977 1484 1029 isti
1509 983 1559 1029 et
1582 977 1776 1043 egregii
1801 984 2070 1040 auctores,
2097 983 2284 1027 contra

761 1080 896 1132 quos
923 1065 1173 1126 dicimus,
1218 1075 1556 1133 putaverunt.
1593 1067 1749 1133 210
1781 1065 1944 1118 Porro
2008 1066 2148 1118 istuc
2190 1065 2286 1117 ho-

763 1155 977 1206 minum'
995 1153 1095 1206 fuit
1123 1155 1322 1206 nullam
1348 1155 1539 1208 divinae
1565 1165 1766 1208 natura:
1804 1156 2063 1207 rationem
2093 1155 2288 1207 haben-

761 1248 916 1307 tium,
957 1261 1128 1313 neque
1160 1261 1284 1298 vero
1315 1259 1554 1314 quaenam
1607 1245 1674 1298 sit
1718 1245 1880 1297 divini
1927 1244 2155 1312 Spiritus
2182 1243 2284 1306 vis,

761 1336 1240 1400 considerantium,
1270 1352 1388 1404 quae
1418 1336 1562 1388 nullo
1588 1334 1743 1388 modo
1766 1334 1998 1386 inanima
2020 1333 2286 1400 brutaque

762 1424 1012 1476 animalia
1051 1425 1281 1478 incolere
1325 1424 1536 1494 gaudet,
1570 1437 1631 1475 ac
1665 1437 1732 1476 ne
1762 1422 2041 1474 rationalia
2072 1421 2286 1489 quidem

762 1519 974 1574 cuneta,
1001 1511 1090 1564 sed
1120 1527 1181 1565 ea
1209 1521 1412 1564 tantum
1443 1513 1494 1564 in
1524 1526 1750 1580 quorum
1781 1511 1972 1565 animis
2006 1511 2176 1563 virtus
2205 1509 2288 1561 in-

762 1601 834 1654 sit
879 1601 1136 1668 perfecta,
1175 1603 1359 1670 quales
1389 1601 1548 1669 paulo
1581 1611 1700 1654 ante
1725 1601 2012 1668 prophetas
2039 1597 2288 1652 Hebraeo-

762 1703 880 1740 rum
902 1689 1074 1742 oratio
1096 1698 1280 1744 nostra
1307 1689 1610 1758 descripsit,
1640 1703 1775 1756 quos
1805 1689 2039 1741 diximus
2070 1701 2289 1754 magna-

760 1792 880 1829 rum
913 1793 1090 1830 rerum
1136 1793 1319 1841 causa,
1358 1779 1536 1831 divino
1571 1777 1770 1846 Spiritu
1801 1778 1990 1845 dignos
2039 1791 2158 1829 esse
2191 1776 2286 1827 ha-

2381 620 2696 679 διδάσκουσι,
2725 613 3062 668 παιδεύεσθαί
3086 629 3133 664 τε
3156 609 3212 662 τὰ
3236 604 3336 674 παρ’
3356 606 3504 665 αὐτοῖς
3541 604 3584 654 δέ

2383 707 2473 758 καὶ
2515 708 2608 768 τὰς
2639 705 2878 766 εὐσεϐεῖς
2914 704 3006 755 καὶ
3038 696 3332 755 ἀδιαπτώτους
3351 693 3586 759 θεολογίας.

2382 796 2698 865 ἀμφιϐολίαν
2735 795 2948 862 ἔχοντα,
2985 793 3050 860 μή
3076 807 3134 858 πη
3157 787 3318 857 ἀρετῆς
3351 782 3426 836 καὶ
3463 785 3589 851 ἁληθε

2381 887 2581 956 λότριον
2607 885 2920 951 ἐπάγονται.
2951 883 3064 952 ibt-59'
3086 877 3158 932 οὖν
3183 879 3267 947 ἥδη
3288 874 3457 935 λοιπὸν,
3484 874 3584 925 ἀνα)

2381 975 2438 1038 ἐξ
2465 975 2708 1043 ὑπαρχῆς
2748 973 2837 1024 τὸν
2881 972 3054 1037 λόγον,
3077 969 3154 1038 τὴν
3181 969 3228 1018 ὲν
3251 968 3345 1026 τοῖς
3364 964 3592 1030 Εὑαγγελί

2380 1066 2475 1134 τὴν
2504 1063 2594 1115 τοῦ
2616 1063 2862 1132 Σωτῆρος
2886 1062 3039 1130 ἡμῶν
3063 1059 3201 1128 Ἰησοῦ
3226 1056 3306 1108 τοῦ
3331 1055 3535 1124 Χριστοῦ
3555 1056 3594 1106 θε

2381 1152 2486 1204 ἀπὸ
2539 1152 2636 1220 τῆς
2697 1150 3034 1219 προφητικῆς
3082 1145 3337 1216 μαρτυρίας
3389 1147 3593 1196 mortem

2387 1242 2480 1310 μὲν
2523 1238 2612 1294 οὖν
2655 1237 3246 1309 εὐαγγελικὴραρτυρία
3275 1229 3371 1286 ὦδε
3396 1234 3478 1286 τὸν
3505 1237 3594 1306 Χρι

2382 1331 2556 1398 love?“
2591 1350 2608 1382 ι
2632 1333 2716 1383 Ἐν
2748 1333 2888 1400 ἀρχῇ
2924 1326 2992 1398 ἦν
3036 1331 3061 1380 ὁ
3094 1327 3257 1393 Λόγος,
3281 1325 3370 1376 καὶ
3401 1326 3427 1376 ὁ
3463 1326 3596 1392 Λόγοι

2381 1422 2470 1473 τὸν
2500 1422 2646 1483 Θεὸν,
2671 1423 2762 1474 καὶ
2791 1421 2926 1482 Θεὸς
2957 1416 3021 1489 ἦν
3050 1419 3074 1469 ὁ
3098 1417 3262 1483 Λόγος.
3291 1416 3468 1468 Πάντα
3491 1418 3548 1468 δι’
3578 1437 3596 1470 ο

2383 1527 2521 1571 νετο,
2556 1510 2645 1561 καὶ
2677 1510 2842 1579 χωρὶς
2892 1507 3054 1559 αὑτοῦ
3085 1507 3274 1572 ἐγένετο
3317 1505 3431 1556 οὐδὲ
3455 1507 3533 1558 ἓν.
3566 1526 3583 1558 ι

2383 1600 2538 1652 αὑτὸν
2569 1601 2659 1652 καὶ
2681 1600 2793 1666 φῶς
2819 1598 3022 1667 νοερὸν,
3052 1597 3186 1650 καλεῖ
3225 1596 3277 1647 δὲ
3321 1597 3414 1647 καὶ
3444 1597 3596 1667 Κύριε

2381 1689 2472 1740 οῦν
2517 1689 2608 1740 καὶ
2651 1689 2800 1740 Θεόν.
2833 1691 2941 1741 Καὶ
2979 1691 3006 1740 ό
3051 1687 3310 1748 θεσπέσιος
3362 1686 3415 1738 δὲ
3450 1689 3596 1741 Παῦλ

2383 1779 2610 1849 Χριστοῦ
2648 1778 2892 1848 μαθητὴς
2923 1777 2997 1829 ὣν
3025 1778 3107 1828 καὶ
3133 1775 3436 1838 ἀπόστολος,
3461 1781 3595 1848 συνᾲέ

760 1866 924 1926 bitos,
953 1876 1134 1935 utpote
1167 1868 1255 1935 qui
1289 1867 1436 1921 orbis
1468 1867 1702 1920 universi
1735 1866 2041 1918 hominibus
2069 1880 2130 1917 ea
2158 1879 2283 1932 pro—

2069 1880 2130 1917 ea
2158 1879 2283 1932 pro—
2314 1884 2357 1940 Β
2383 1869 2556 1938 λογίᾳ,
2587 1869 2755 1924 ταῦτα
2799 1869 2927 1938 περὶ
2965 1866 3114 1920 αὑτοῦ
3153 1865 3357 1930 διεξιών
3378 1883 3393 1896 ο
3427 1868 3554 1930 «Ὃς
3582 1870 3593 1918 ἰ

761 1955 948 2008 derent
978 1971 1095 2023 quae
1123 1956 1186 2008 ad
1228 1956 1462 2024 ipsorum
1498 1956 1551 2008 in
1600 1959 1795 2008 virtute
1839 1955 2132 2022 proiectum
2161 1968 2287 2006 con-

761 2045 1048 2108 ducerent;
1111 2045 1250 2113 quod
1307 2046 1351 2098 si
1401 2045 1615 2114 quando
1676 2046 1795 2098 illos
1847 2045 2015 2098 instar
2064 2043 2285 2107 umbrae,

762 2133 923 2184 etiam
974 2148 1152 2186 rerum
1187 2134 1524 2202 praesentium
1572 2148 1633 2187 ac
1663 2133 1960 2187 mediarum
2009 2140 2167 2200 atque
2205 2131 2288 2184 in-

763 2221 1118 2275 dill‘erentiu-m
1149 2224 1381 2291 cognitio
1413 2223 1664 2276 comitata
1711 2231 1812 2284 est,
1858 2237 2026 2291 usque
2073 2222 2203 2274 adeo
2232 2227 2288 2273 ut

762 2309 1163 2364 sciscitantibus
1214 2326 1331 2379 quae
1375 2311 1699 2378 ignorarent,
1748 2309 1814 2363 ad
1842 2317 2048 2377 tempus
2077 2319 2289 2377 quoque

762 2399 1134 2469 praedicerent,
1179 2401 1334 2454 etiam
1369 2401 1471 2454 hoc
1503 2401 1674 2469 ipsum
1707 2400 2013 2453 necessario
2050 2399 2156 2452 illis
2197 2399 2286 2468 qui

762 2486 828 2540 ad
866 2487 1010 2556 ipsos
1040 2486 1384 2550 accederent,
1427 2487 1726 2555 praebebant
1754 2504 1767 2539 :
1820 2486 2072 2540 nimirum
2104 2503 2170 2541 ne
2200 2489 2285 2542 isti

763 2575 963 2628 curiosi
999 2589 1061 2627 ac
1117 2589 1370 2643 perquam
1419 2575 1555 2628 avidi
1605 2574 2012 2636 divinationum,
2043 2576 2164 2642 jure
2217 2577 2282 2629 ad

763 2671 1000 2717 extrema
1029 2663 1249 2715 aliarum
1279 2663 1551 2716 nationum
1579 2663 1814 2724 oracula,
1848 2664 2067 2730 penuria
2098 2663 2282 2716 dome-

764 2753 1022 2804 stieorum
1068 2751 1468 2819 pr0pbetarum,
1520 2750 1771 2804 secedere
1815 2752 2142 2804 viderentur.
2179 2750 2282 2804 Sed

761 2837 875 2890 haec
897 2837 1158 2890 hactenus
1183 2837 1323 2889 dicta
1355 2837 1481 2899 sint,
1515 2837 1580 2890 ad
1615 2837 1759 2890 illam
1797 2839 1905 2890 vim
1931 2839 2164 2891 divinam
2193 2839 2286 2892 de-

762 2925 1162 2979 monstrandam
1190 2941 1307 2993 qua:
1328 2926 1381 2978 in
1417 2926 1691 2995 prophetis
1719 2925 2058 2979 Hebraeorum
2090 2927 2282 2980 inerat.

762 3011 997 3082 Tempus
1034 3014 1224 3083 igitur'
1235 3014 1344 3082 jam
1377 3021 1459 3068 est
1487 3022 1544 3068 ut
1575 3015 1651 3067 illi
1680 3022 1932 3083 tanquam
1969 3015 2006 3067 ii
2046 3015 2136 3083 qui
2184 3015 2285 3068 viri

761 3103 928 3156 divini
974 3103 1367 3172 sapientesque,
1414 3118 1521 3157 non
1567 3103 1800 3157 humano
1848 3119 2017 3166 more,
2061 3104 2286 3158 exstite-

2384 1961 2473 2011 τοῦ
2503 1959 2632 2013 Θεοῦ
2662 1959 2908 2028 ἀοράτου,
2942 1959 3270 2028 Πρωτότοκος
3297 1956 3594 2026 πάσηςκτίς

2385 2049 2530 2116 αὐτῷ
2547 2048 2761 2116 ἐκτίσθη
2792 2047 2860 2098 τὰ
2876 2049 3065 2108 πάντα,
3079 2047 3140 2098 τὰ
3157 2049 3209 2098 ἐν
3238 2048 3355 2108 τοῖς
3381 2048 3592 2117 οὐρανοῖ

2383 2139 2479 2206 τῆς
2512 2139 2628 2206 γῆς,
2646 2138 2752 2188 εἴτε
2782 2137 2980 2206 θρόνοι,
2999 2139 3100 2189 εἴτε
3118 2137 3459 2207 κυριότητες,
3488 2139 3592 2191 εἴτε

2385 2225 2636 2290 ἐξουσίαι.
2663 2225 2741 2276 Τὰ
2774 2225 2949 2276 πάντα
2977 2225 3039 2276 δι’
3072 2225 3230 2277 αὐτοῦ
3259 2226 3359 2278 καὶ
3383 2228 3458 2288 εἰς
3493 2228 3592 2278 αυτ

2385 2317 2474 2368 καὶ⁸
2492 2316 2649 2377 αὑτός
2663 2317 2776 2366 ἐστι
2799 2315 2903 2383 πρὸ
2923 2316 3150 2376 πάντων,
3175 2317 3269 2367 καὶ
3283 2315 3358 2367 τὰ
3381 2316 3564 2368 πάντα
3583 2318 3596 2367 ἔ

2386 2407 2596 2474 ἐστηκε.
2621 2425 2638 2455 ι
2655 2404 2929 2474 Κέκληται
2963 2406 3054 2456 καὶ
3077 2405 3208 2456 Θεοῦ
3230 2405 3473 2476 δύναμις
3503 2409 3592 2458 καὶ

2382 2495 2526 2547 Atii-cat
2559 2494 2620 2562 δὴ
2655 2489 2744 2544 οῦν
2774 2493 2948 2544 ταῦτα
2995 2493 3280 2562 πρόκειται
3311 2496 3420 2548 καὶ
3448 2493 3544 2546 νῦν
3580 2497 3596 2548 c‘

2394 2582 2654 2652 Ἑϐραίοις
2694 2581 3046 2650 προφητικῶν
3076 2583 3311 2652 γραφῶν
3349 2585 3589 2650 ὲξανθὶσ

2379 2672 2465 2723 διὰ
2493 2672 2588 2738 τῆς
2619 2675 2675 2723 ὲν
2709 2671 2989 2741 ἑκατέροις
3028 2675 3142 2734 τοῖς
3195 2673 3411 2743 μέρεσι
3456 2693 3598 2744 συμι

2380 2764 2606 2833 ἀληθοῦς
2633 2761 2903 2826 ἀπόδειξις
2939 2765 3357 2837 παρασταθείη.
3390 2769 3534 2840 Χρὴ
3564 2771 3596 2820 δ

2380 2854 2458 2904 ὅτι
2485 2853 2534 2903 οἱ
2561 2852 2657 2920 μὲν
2686 2851 2816 2903 θεῖοι
2846 2856 3109 2922 χρησμοὶ,
3139 2856 3288 2909 πολὺ
3321 2859 3393 2911 τὸ
3428 2859 3538 2911 καὶ
3573 2878 3598 2911 τ

2381 2941 2515 3010 πρὸς
2554 2940 2791 2992 διάνοιαν
2853 2941 3134 3014 ὑπερφυὲς
3173 2948 3248 3015 τῇ
3314 2947 3597 3020 Ἑϐραὶω

2382 3031 2607 3100 ἔχοντες,
2654 3031 2905 3103 διαφόρου
2950 3035 3050 3103 τῆς
3075 3034 3174 3088 ἐπὶ
3223 3037 3292 3090 τὸ
3347 3039 3598 3110 Έλληνι

2381 3121 2830 3190 τετυχήκασι,τοῦ
2851 3122 3254 3195 δυσθεωρήτου
3290 3129 3516 3200 χάριν.
3555 3136 3600 3184 0

762 3200 908 3255 runt,
935 3193 1027 3247 sed
1050 3192 1204 3247 amati
1228 3193 1406 3248 divino
1432 3193 1648 3263 Spiritu,
1671 3209 1788 3263 qua:
1804 3193 2064 3247 credenda
2087 3200 2287 3255 essent,

2087 3200 2287 3289 εξεθηιν
2316 3202 2356 3258 C
2388 3212 2588 3281 ἁθρόως
2629 3211 2862 3280 Ἑϐραῖοι
2905 3192 3228 3281 συμφῶνως
3277 3192 3494 3284 esea;
3539 3239 3599 3289 με

762 3282 1063 3345 docuerint,
1122 3297 1220 3336 sua
1267 3284 1502 3352 ipsorum
1553 3283 1786 3346 decreta,
1836 3290 1888 3337 et
1938 3297 2060 3336 cum
2093 3283 2287 3350 pietate

763 3374 1081 3441 coniunctas
1111 3375 1556 3442 incorruptasque
1609 3375 1925 3443 theologias,
1978 3375 2094 3427 sine
2140 3373 2284 3426 omni

763 3479 986 3532 prorsus
1009 3465 1357 3533 ambiguitate
1381 3479 1480 3518 nos
1509 3464 1753 3528 doceant,
1779 3473 1836 3517 ut
1863 3466 2136 3519 videamus
2157 3479 2282 3516 num

761 3569 990 3622 usquam
1029 3555 1319 3623 quidquam
1371 3569 1400 3606 a
1455 3555 1652 3608 virtute
1694 3569 1757 3608 ac
1789 3555 2013 3608 veritate
2053 3555 2281 3607 alienum

762 3644 1071 3711 importent.
1137 3642 1370 3710 Agedum
1431 3641 1592 3710 igitur
1655 3641 1762 3710 jam
1820 3641 2089 3709 deinceps,
2149 3655 2284 3694 novo

761 3732 992 3801 quodam
1024 3731 1234 3784 dicendi
1262 3731 1416 3784 initio
1435 3741 1730 3800 assumpto,
1763 3747 1881 3800 quae
1910 3732 1962 3784 in
1986 3731 2286 3798 Evangeliis

763 3821 832 3873 de
863 3819 1140 3873 Salvatore
1184 3835 1370 3874 nosrro
1412 3820 1536 3875 Jesu
1575 3821 1787 3875 Christo
1816 3822 2077 3890 theologia
2116 3821 2286 3874 conti-

759 3917 936 3970 netur,
970 3922 1084 3960 eam
1133 3909 1456 3976 propheticis
1511 3924 1724 3978 quoque
1771 3909 2090 3963 testimoniis
2137 3925 2285 3963 com-

760 3995 1066 4062 probemus.
1113 3993 1428 4065 Evangeliea
1481 3998 1642 4068 igitur
1682 3998 1984 4051 testiﬁcatio
2028 3999 2180 4051 talem
2227 3998 2292 4052 de

2381 3299 2459 3366 οἷς
2494 3304 2716 3373 μάλιστα
2747 3303 2835 3355 τὸν
2865 3305 2990 3357 νοῦν
3018 3306 3442 3377 προσέξομεν,
3489 3314 3588 3365 ὅτι

2383 3393 2612 3465 Χριστοῦ
2658 3394 2950 3463 Ἐκκλησία
2984 3396 3216 3460 τούτοις
3253 3403 3600 3472 κεχρῆσθα

2385 3502 2482 3536 που
2510 3484 2703 3550 γίνοιτο
2737 3485 2914 3554 χρεία,
2946 3485 3072 3537 οὐδὲ
3103 3487 3218 3550 τὰς
3256 3491 3398 3544 τῶν
3452 3495 3600 3564 μετέ

2383 3593 2486 3645 ρων
2526 3576 2868 3645 ὲρμηνευτῶν
2906 3577 3192 3642 ἐκδόσεις,
3234 3575 3348 3644 αἷς
3404 3586 3592 3637 εἱσέτ

2379 3662 2606 3733 χρῆσθαι
2631 3663 2798 3730 φίλον,
2830 3655 3362 3736 παραιτησόμεσαο
3393 3673 3495 3736 ὼς
3533 3675 3594 3727 δικ

2384 3752 2479 3820 τῆς
2527 3751 2844 3816 ἀποδείξεως
2889 3754 3020 3821 ἡμῖν
3077 3753 3534 3829 βεϐαιοτέρας
3587 3787 3593 3795 ε

2392 3858 2544 3904 σεως.
2577 3842 2786 3894 Τούτων
2825 3845 2956 3910 ἡμῖν
2992 3854 3593 3920 πεπροοιμιασμὲν

2388 3929 2520 3980 θέων
2549 3930 2734 3996 φωνῶν
2767 3931 2865 3999 ἤδη
2893 3931 3085 3985 λοιπὸν
3121 3936 3348 4006 ὲφσιψό
3361 3939 3584 4009 μεῦα.

759 4085 972 4138 Christo
1019 4085 1216 4153 profert
1270 4090 1634 4150 theologiam:
1675 4106 1693 4138 ι
1748 4087 1805 4141 In
1853 4089 2116 4157 principio
2159 4095 2274 4140 erat
2312 4085 2567 4147 Verbum,
2622 4093 2675 4139 et
2731 4084 2966 4141 Verbum
3007 4100 3145 4143 erat.
3225 4094 3424 4162 apud
3472 4095 3598 4152 Del

759 4172 932 4242 ipsum
964 4175 1100 4226 facta
1126 4183 1271 4239 sunt,
1316 4186 1370 4231 et
1412 4179 1527 4234 sine
1551 4180 1670 4248 ipso
1705 4178 1903 4231 factum
1929 4185 2013 4232 est
2041 4179 2172 4231 nihil
2195 4178 2260 4236 ⁸⁸,
2302 4197 2320 4230 ι
2357 4177 2524 4230 Vocat
2555 4192 2714 4244 porro
2767 4179 2920 4231 illum
2947 4180 3148 4234 lucem
3183 4183 3600 4258 intelligent

759 4259 1064 4325 Dominum,
1119 4264 1258 4318 sicut
1305 4267 1515 4321 interim
1565 4268 1726 4322 Deum
1773 4283 2004 4336 quoque.
2056 4267 2274 4321 Divinus
2312 4274 2487 4320 autem
2533 4265 2752 4329 Paulus,
2813 4275 3085 4337 tanquam
3132 4271 3417 4328 Christi
3489 4280 3596 4333 dis

760 4356 950 4418 stolas,
981 4357 1149 4411 eidem
1183 4359 1466 4428 theologia:
1507 4361 1819 4425 concordat,
1865 4360 1954 4413 ubi
2007 4360 2072 4412 de
2111 4361 2204 4412 illo
2236 4359 2346 4412 haec
2385 4366 2608 4412 narrat:
2639 4377 2657 4408 ι
2692 4358 2792 4423 Qui
2817 4371 2902 4412 est
2923 4362 3126 4431 imago
3165 4364 3297 4418 Dei
3360 4369 3591 4426 invisi

759 4457 847 4504 tus
876 4452 1049 4503 omnis
1076 4459 1350 4514 creaturae,
1395 4453 1648 4521 quoniam
1681 4453 1734 4504 in
1765 4454 1880 4520 ipso
1909 4453 2124 4505 condita
2181 4459 2306 4506 sunt
2338 4451 2610 4512 universa,
2673 4450 2725 4504 in
2763 4453 2902 4505 cmlo
2927 4465 2980 4506 et
3010 4455 3075 4507 in
3115 4467 3356 4521 terra,
3403 4465 3592 4518 visit

759 4540 870 4590 sive
885 4539 1209 4603 throni,sive
1227 4541 1634 4601 dominationes,
1672 4541 1782 4594 sive
1803 4543 2156 4610 principatus,
2181 4541 2291 4594 sive
2327 4541 2833 4607 potestates,omnia
2853 4543 3188 4611 peripsum
3218 4557 3298 4600 et
3336 4549 3422 4604 in
3477 4553 3593 4620 ips

761 4633 874 4695 ipse
899 4637 981 4682 est
1017 4637 1138 4682 ante
1175 4631 1372 4690 omnia,
1419 4640 1470 4683 et
1516 4631 1692 4682 omnia
1733 4646 1824 4698 per
1863 4633 2035 4700 ipsum
2083 4631 2404 4684 constant“.
2432 4648 2450 4679 ›
2486 4627 2722 4680 Vocatur
2751 4636 2932 4685 autem
2984 4642 3040 4686 et
3086 4634 3221 4690 Dei
3298 4641 3567 4695 virtus

759 4719 910 4786 211
947 4719 1065 4770 llaec
1096 4719 1206 4785 ipsa
1256 4719 1414 4785 igitur
1443 4719 1543 4772 hoc
1603 4728 1837 4786 tempore
1874 4722 1940 4773 de
1983 4719 2302 4789 prOphcticis
2341 4717 2682 4771 Hebraeorum
2723 4728 3118 4779 monumentis
3147 4768 3169 4792 ,
3247 4735 3492 4799 quasi
3551 4736 3594 4788 d

759 4809 1047 4876 colligenda
1079 4811 1229 4863 nobis
1281 4811 1548 4879 proposita
1603 4821 1815 4865 suntut
1845 4829 1937 4882 per
1978 4815 2251 4881 utriusque
2310 4812 2475 4880 partis
2533 4815 2945 4871 consensionem
3003 4821 3588 4882 demonstratio

758 4895 1038 4961 Caeterum,
1093 4901 1336 4968 ignorare
1387 4902 1686 4970 neutiquam
1724 4911 1951 4970 oportet,
1998 4901 2437 4971 quemadmodum
2469 4901 2648 4955 divina
2682 4908 2925 4974 oracula,
2980 4924 3137 4964 cum
3194 4918 3563 4971 multum

759 4982 862 5044 his,
893 4994 1000 5037 tum
1036 4988 1087 5038 in
1136 4989 1432 5053 sententiis,
1464 4991 1684 5044 mirilice
1719 4993 1960 5056 excellat,
1994 4992 2248 5045 llebraica
2283 4993 2457 5059 lingua
2491 4993 2823 5062 contineant,
2859 5001 3080 5054 variam
3139 5005 3593 5062 diversam.

763 5086 863 5135 gua
896 5077 1402 5144 interpretationem,
1457 5083 1526 5135 ob
1582 5082 1940 5139 diiiicnltatem
1999 5085 2410 5153 contemplandi,
2457 5087 2645 5139 sortita
2701 5090 2834 5145 sint.
2896 5094 3003 5149 Sed
3065 5111 3260 5151 cum
3328 5104 3536 5157 olim

763 5163 921 5255 suout
956 5173 1312 5255 co_nvcnerint,
1363 5182 1414 5228 et
1447 5190 1548 5227 una
1606 5177 1895 5246 eademque
1949 5193 2075 5231 voce
2136 5179 2223 5230 illa
2265 5179 2440 5232 omnia
2479 5187 2869 5253 converterint,
2904 5204 2999 5244 eos
3080 5196 3466 5253 ῐιιτιχίηιρ
3549 5217 3590 5254 s

761 5246 970 5306 quidem
997 5251 1190 5305 Christi
1218 5274 1425 5326 quoque
1457 5265 1705 5319 Ecclesia:
1761 5268 1946 5320 iisdem
1984 5268 2060 5318 uti
2094 5269 2309 5334 placuit.
2355 5267 2536 5324 Sicubi
2569 5282 2747 5328 autem
2796 5246 2901 5335 usu
2956 5285 3276 5349 venerit,
3331 5246 3574 5360 nevji;

763 5341 1048 5360 ..ηηηηηκ
1079 5351 1227 5360 ---ην
1796 5358 1802 5360 _
2130 5357 2145 5360 _
2212 5359 2217 5360 ,

763 5341 1048 5439 ῑςτβτοῐιξιη
1079 5351 1241 5439 novas
1269 5347 1544 5416 editiones,
1577 5371 1708 5424 quas
1737 5358 1894 5410 etiam
1943 5371 2082 5409 nunc
2123 5357 2287 5413 Judzei
2330 5361 2555 5418 libenter
2582 5381 2870 5439 usurpant,
2938 5341 3512 5439 recuSubi’lnu‘s‘

769 5421 1646 5535 illiilla-illia?demonstrationem
1704 5446 1984 5514 pertinent,
2016 5459 2080 5498 ex
2127 5450 2272 5502 omni
2315 5459 2460 5520 parte
2506 5458 2757 5514 stabilius
2811 5465 3178 5535 ﬁrmiusque
3267 5477 3570 5531 consis

1698 5537 1810 5603 jam
1837 5547 1939 5603 est,
1965 5545 2022 5592 ut
2055 5538 2108 5590 in
2139 5538 2288 5608 ipsas
2320 5543 2530 5604 divinas
2561 5567 2723 5609 voces
2756 5556 3135 5616 insistamus.

831 5614 875 5648 "
897 5614 1047 5673 Ioan.
1078 5634 1116 5684 ι,
1148 5620 1256 5676 1-5.
1331 5627 1376 5657 ’⁸
1399 5627 1602 5688 Coloss.
1631 5653 1668 5702 ι,
1707 5642 1891 5698 15-17.

1239 6296 1420 6304 ..-υ-...-
1447 6295 1486 6302 -ι
1515 6296 1597 6305 —_
