3862 6304
176 391 253 447 349
1001 389 1636 448 DEMONSTRATIONIS
1663 388 2106 449 EVANGELICE
2146 389 2271 446 LIB.
2314 391 2384 445 Υ.

621 505 1012 561 ΚΕΦΑΛΔῙΟΝ
1039 510 1119 561 A'.

180 614 254 680 Ὠς
272 614 386 684 παρ’
421 613 692 684 Ἐᾄραίοις
715 617 748 666 ό
774 615 1116 682 σοφώτατος
1142 616 1415 684 Σολομὼν
1432 616 1500 668 ἐν
1529 618 1645 668 Πα-

216 629 254 680 lc
378 629 385 635 '
423 629 692 679 ’δοραιοις
715 629 747 666 ο
774 629 1116 682 σοφωτατος
1142 629 1415 684 Σολόμων
1432 629 1500 668 εν
1529 629 1645 668 ua—

216 629 431 751 poch
454 679 569 735 οἷδέ
608 698 738 733 τινα
767 686 1139 750 πρωτότοκον
1169 685 1273 737 τοῦ
1303 685 1444 738 Θεοῦ
1474 684 1648 737 δύνα-

216 749 314 820 μγ,
342 749 411 817 ἥν
448 751 539 821 καὶ
570 749 995 821 σοφίανθεοῦ,
1036 753 1130 805 καὶ
1170 753 1423 821 γέννημα
1469 753 1657 821 αὑτοῦ,

222 819 613 888 προσαγορεύει,
647 819 965 888 ὼσπεροῦν
995 822 1092 887 sapt
1120 819 1287 889 ἡμεῖς
1316 819 1644 889 δοξάζομεν.

228 1014 245 1047 ι
282 992 400 1062 Ἐγὼ
420 994 450 1063 ἠ
467 991 629 1059 Σοφία
658 993 1048 1063 κατεσκήνωσα
1076 993 1285 1063 βουλὴν,
1313 995 1404 1046 καὶ
1432 993 1645 1060 γνῶσιν,

168 1088 245 1142 καὶ
266 1086 436 1138 ἔννοιαν
469 1082 575 1150 ἐγὼ
599 1082 1039 1155 ἐπεκαλεσάμην.
1074 1084 1234 1146 Φόϐος
1265 1084 1465 1154 Κυρίου
1506 1086 1651 1153 μισεῖ

165 1177 352 1237 ἀδικίαν,
372 1174 512 1244 ὑδριν
539 1190 596 1226 τε
628 1175 725 1226 καὶ
760 1174 1155 1244 ὑπερηφανίαν,
1186 1175 1275 1226 καὶ
1304 1174 1454 1235 ὀδοὺς
1483 1188 1648 1244 πονη-

168 1267 266 1337 pini.
291 1265 554 1333 Μεμίσηκα
578 1261 635 1313 δὲ
663 1260 777 1329 ἐγὼ
809 1262 1238 1333 διεστραμμένας
1265 1261 1414 1324 ὁδοὺς
1446 1260 1646 1314 κακῶν.

173 1355 279 1425 Ἐμὴ
320 1352 462 1421 βουλὴ
505 1352 597 1404 καὶ
649 1352 944 1419 ἀσφάλεια,
990 1352 1094 1421 ἐμὴ
1139 1351 1411 1420 φρόνησις,
1454 1351 1557 1420 ἐμὴ
1593 1350 1649 1403 δὲ

167 1443 298 1514 ἰσχύς.
322 1444 389 1493 Δι’
418 1440 540 1511 ἐμοῦ
564 1440 807 1510 βασιλεῖς
835 1441 1190 1512 βασιλεύουσι,
1217 1442 1306 1494 καὶ
1329 1442 1376 1493 οἱ
1404 1440 1650 1493 δυνάσται

162 1536 374 1605 γράφουσι
404 1530 742 1602 δικαιοσύνην
766 1547 782 1562 ’
827 1531 898 1584 δι’
943 1529 1074 1600 ἐμοῦ
1121 1533 1435 1602 μεγιστᾶνες
1483 1547 1650 1601 μεγα-

162 1625 373 1686 λύνονται,
409 1622 498 1674 καὶ
520 1621 775 1692 τύραννοι
806 1621 877 1674 δι’
906 1620 1037 1691 ἐμοῦ
1080 1621 1332 1690 κρατοῦσι
1370 1606 1474 1691 ¹γῆς
1494 1636 1508 1652 ο
1543 1620 1651 1689 ἐγὼ

160 1718 254 1778 τοὺς
273 1715 357 1784 ἐμὲ
385 1713 661 1782 φιλοῦντας
689 1710 922 1781 ἀγαπῶ*
953 1714 1001 1764 οἱ
1023 1711 1079 1764 δέ
1118 1712 1216 1782 ἐμὲ
1248 1710 1528 1781 ζητοῦντες
1564 1712 1652 1764 εὑ-

164 1807 335 1878 ρήσωσι
359 1805 532 1876 χάριν*
566 1805 802 1867 πλοῦτος
829 1804 927 1857 καὶ
965 1803 1085 1869 δόξα
1112 1803 1235 1873 ἐμοὶ
1274 1802 1521 1873 ὑπάρχει,
1558 1805 1651 1856 καὶ

161 1897 306 1964 κτῆσις
324 1895 514 1948 πολλῶν
541 1894 636 1949 καὶ
662 1892 1001 1964 δικαιοσύνη.
1039 1893 1251 1945 Βέλτιον
1270 1893 1368 1963 ἐμὲ
1395 1892 1650 1964 καρπίζε-

163 1985 252 2036 σθαι
284 1984 403 2054 ὑπὲρ
446 1984 666 2054 χρυσίον
715 1985 815 2036 καὶ¹
857 1982 1000 2034 λίθον
1048 1982 1222 2052 τίμιον
1268 1981 1459 2034 πολύνο
1493 1981 1559 2034 τὰ
1594 1982 1650 2034 δὲ

162 2071 241 2141 ἐμὰ
280 2073 565 2142 γεννήματα
623 2073 884 2142 κρεῖσσον
929 2070 1182 2142 ἀργυρίου
1236 2068 1506 2124 ἐκλεκτοῦ.
1563 2071 1649 2122 Ἐν

161 2160 264 2223 ὁδοῖς
289 2160 610 2231 δικαιοσύνης
656 2160 971 2231 περιπατῶ,
1003 2161 1094 2212 καὶ
1131 2161 1188 2211 ἐν
1222 2159 1355 2222 ὁδοῖς
1383 2159 1647 2212 δικαιοσύ-

163 2268 233 2321 νης
263 2252 674 2323 ἀναστρέφομαι,
712 2252 802 2304 ἵνα
846 2251 1051 2322 μερίσω
1092 2252 1202 2313 τοῖς
1240 2251 1337 2317 ἐμὲ
1375 2248 1650 2316 ἀγαπῶσιν

166 2339 358 2410 ὕπαρξιν,
387 2342 474 2393 καὶ
513 2342 639 2404 τοὺς
672 2341 986 2411 θησαυροὺς
1019 2338 1193 2391 αὑτῶν
1226 2337 1484 2408 ἐμπλήσω
1519 2339 1651 2406 ἀγα-

164 2428 267 2483 θῶν
289 2430 370 2484 ἐὰν
397 2422 695 2499 ἀναγγείλω
729 2431 863 2500 ὑμῖν
895 2429 961 2482 τά
993 2428 1113 2482 καθ’
1146 2428 1352 2499 ἡμέραν
1379 2429 1648 2498 γινόμενα,

166 2520 450 2589 μνημονεύσω
480 2521 550 2574 τὰ
576 2519 637 2586 ἐξ
665 2519 871 2581 αἰῶνος
899 2517 1217 2588 ἀριθμῆσαι.
1250 2516 1447 2587 Κύριος
1476 2517 1650 2571 ἐκτισέ

164 2623 211 2678 με
230 2609 369 2681 ἀρχὴν
386 2609 513 2664 ὁδῶν
533 2606 701 2662 αὑτοῦ
727 2611 820 2671 είς
845 2608 979 2684 ἔργα
1005 2606 1166 2661 αὑτοῦ
1185 2624 1199 2638 θ
1227 2607 1330 2677 πρὸ
1349 2606 1439 2659 τοῦ
1464 2607 1651 2670 αίῶνος

163 2698 419 2767 ἐθεμελίωσέ
462 2718 550 2771 με,
597 2702 656 2752 ἐν
688 2701 842 2769 ἀρχῇ
880 2697 984 2768 πρὸ
1017 2697 1107 2766 τοῦ
1148 2696 1244 2767 τὴν
1276 2696 1378 2766 γῆν
1414 2696 1648 2765 ποιῆσαι,

162 2789 229 2841 καὶ
244 2790 327 2861 πρὸ
342 2790 426 2843 τοῦ
452 2792 546 2854 τὰς
565 2790 847 2852 ἀϐύσσους
874 2788 1114 2858 ποιῆσαι,
1138 2789 1240 2856 πρὸ
1260 2788 1351 2840 τοῦ
1381 2785 1651 2858 προελθεῖν

162 2879 232 2941 τὰς
248 2881 397 2950 πηγὰς
419 2881 521 2935 τῶν
547 2880 787 2944 ὑδάτων,
821 2877 924 2947 πρὸ
945 2877 1037 2930 τοῦ
1066 2877 1166 2948 ὅρη
1189 2876 1522 2949 ἑδρασθῆναι,
1550 2876 1652 2947 πρὸ

161 2965 203 3021 δὲ
238 2968 416 3023 πάντων
462 2968 664 3039 βουνῶν
700 2968 875 3036 γεννᾷ
921 2982 1009 3034 με.
1044 2964 1243 3034 Κύριος
1289 2964 1505 3033 ἐποίησε
1545 2963 1651 3034 Χώ-

164 3079 234 3130 ρας
253 3064 500 3133 ἀοικήτους
530 3062 627 3115 καλ⁸
667 3060 825 3130 ἄκρα
851 3056 1139 3126 οἰκούμενα
1170 3055 1266 3124 τῆς
1292 3055 1381 3107 ὑπ’
1409 3055 1648 3126 οὐρανόν.

3161 395 3264 451 550

2348 505 2570 561 CAPUT
2604 508 2645 561 Ι.

1746 618 2184 686 Quemadmodum
2211 606 2348 686 apud
2387 618 2627 673 Hebru'os
2656 619 3068 685 sapientissimus
3104 621 3262 678 Solo-

1816 690 2041 761 ῃιοηηὶη
2074 687 2362 741 Proverbiis
2389 691 2534 741 novit.
2562 694 2852 761 quamdani
2872 693 3261 761 primogenitum

1815 757 1909 827 Dei
1931 758 2164 810 virtutem
2183 772 2380 827 ,Aquant
2404 766 2453 827 et
2481 761 2783 827 sapientium
2813 757 2927 820 Dei,
2962 775 3009 812 et
3036 757 3263 827 ejusdem

1812 825 2033 897 sobolem
2061 825 2300 897 appellat
2331 841 2348 878 :
2400 826 2532 878 sicut
2559 825 2763 877 interim
2789 842 2881 879 nos
2905 825 3098 897 quoque
3121 847 3264 883 eant-

1811 894 1922 949 dem
1939 894 2172 963 glori/ica
2180 910 2312 947 mus.

1817 1021 1838 1055 ι
1873 1003 1980 1072 Ego
2025 1001 2293 1072 Sapientia
2324 1001 2555 1056 habitavi
2586 1002 2887 1063 consilium,
2924 1009 2976 1056 et
3003 1003 3261 1071 cognitio-

1744 1110 1885 1159 nem,
1908 1103 1959 1149 et
1984 1094 2356 1163 cogitationem
2400 1108 2496 1162 ego
2529 1092 2808 1146 invocavi:
2854 1093 3017 1163 timor
3057 1073 3263 1148 Domini

1745 1183 1856 1236 odit
1883 1183 2214 1250 injustitiam,
2249 1182 2726 1251 contumeliamqne
2749 1191 2803 1236 et
2850 1184 3174 1252 superbiam,
3211 1194 3266 1240 et

1746 1275 1858 1327 vias
1888 1289 2170 1342 pravorum
2202 1289 2217 1324 :
2245 1273 2333 1326 odi
2366 1288 2489 1326 vero
2507 1289 2604 1343 ego
2648 1289 2925 1342 perversas
2952 1275 3064 1330 vias
3093 1276 3262 1330 malo-

1746 1377 1862 1414 rum
1898 1381 1910 1415 :
1962 1376 2135 1416 meum
2163 1368 2244 1416 est
2267 1362 2550 1416 consilium
2582 1371 2634 1416 et
2667 1364 2972 1418 stabilitas:
3026 1378 3146 1418 mea
3182 1372 3267 1420 est

1747 1432 2048 1519 prudentia,
2078 1465 2194 1504 mea
2229 1460 2403 1503 autem
2435 1449 2694 1505 fortitudo
2730 1471 2743 1506 :
2774 1469 2869 1521 per.
2894 1469 2977 1508 me
3008 1468 3158 1523 reges
3179 1470 3265 1511 re-

1747 1549 1928 1610 gnant.
1951 1550 2003 1596 et
2033 1551 2273 1611 potentes
2296 1541 2818 1609 scributitfjustitiam.
2834 1562 2846 1598 :
2862 1559 2954 1612 per
2982 1558 3065 1597 me
3092 1545 3274 1615 magni

1746 1630 1847 1681 viri
1872 1628 2276 1697 magniﬁcantur
2294 1666 2308 1689 ,
2338 1634 2390 1680 et
2417 1628 2627 1696 tyranni
2663 1632 2758 1697 per
2786 1643 2870 1682 me
2894 1628 3139 1683 obtinent
3161 1636 3271 1684 ter-

1748 1734 1862 1772 ram
1892 1738 1905 1773 :
1933 1735 2030 1789 ego
2061 1728 2299 1772 amantes
2348 1732 2434 1771 me
2474 1716 2655 1787 diligo,
2692 1726 2745 1772 et
2771 1719 2861 1788 qui
2906 1727 3149 1788 quaerunt
3187 1736 3271 1776 me

1682 1836 1721 1890 Β
1750 1810 2017 1863 invenient
2045 1809 2268 1878 gratiam
2296 1826 2310 1861 :
2337 1807 2532 1861 divitiae
2557 1815 2609 1863 et
2636 1807 2800 1877 gloria
2820 1808 2959 1863 mihi.
2977 1808 3191 1873 adsunt,
3218 1817 3277 1864 et.

1748 1900 2016 1969 possessio
2032 1897 2557 1965 multorumjustitia.
2574 1896 2761 1952 Melius
2772 1905 2854 1952 est
2869 1897 3089 1961 fruime,
3110 1913 3281 1967 quam.

1746 2006 1878 2045 auro
1909 2000 1961 2045 et
1990 1990 2161 2059 lapide
2192 1992 2425 2059 pretioso
2451 1991 2614 2043 multo
2639 2009 2652 2043 :
2688 1992 2790 2044 mei
2816 2005 2942 2045 vero
2966 1988 3125 2052 fetus,
3159 2003 3274 2043 me-

1746 2079 1908 2133 liores
1937 2086 2154 2149 argento
2183 2079 2373 2132 eiecto.
2406 2079 2564 2147 212
2588 2076 2645 2131 In
2671 2078 3006 2146 viisjustitia:
3036 2077 3270 2140 ambulo,

1746 2177 1799 2223 et
1831 2170 1970 2224 inter
1990 2169 2104 2223 vias
2132 2170 2372 2223 veritatis
2404 2184 2612 2231 versor,
2646 2178 2705 2221 ut
2735 2167 2967 2222 dividam
3005 2167 3276 2234 diligenti-

1746 2260 1848 2315 bus
1878 2274 1962 2314 me
1990 2259 2368 2322 substantiam,
2398 2266 2451 2313 et
2477 2260 2759 2313 thesauros
2790 2272 2974 2312 eorum
3030 2256 3273 2325 impleam
3322 2318 3335 2331 .

1745 2348 1937 2403 bonis:
1969 2348 2015 2403 si
2049 2347 2439 2402 annuntiavero
2495 2348 2646 2402 vobis
2691 2362 2806 2416 qua:
2832 2345 3071 2415 quotidie
3120 2345 3285 2409 ﬁunt,

1747 2453 2109 2494 memoravero
2153 2453 2272 2508 quae
2314 2453 2344 2491 a
2398 2439 2592 2494 saeculo
2616 2446 2739 2493 sunt
2770 2436 2837 2490 ad
2866 2433 3274 2491 numerandum.

1747 2529 2005 2585 Dominus
2036 2529 2235 2585 creavit
2259 2545 2342 2583 me
2358 2528 2567 2582 initium
2589 2527 2794 2580 viarum
2820 2540 3038 2581 suarum
3068 2525 3122 2577 in
3144 2537 3276 2592 ope-

1747 2633 1808 2671 ra
1840 2632 1936 2672 sua
1972 2636 1985 2671 :
2031 2626 2152 2671 ante
2192 2617 2448 2671 saeculum
2499 2615 2739 2670 fundavit
2770 2629 2887 2677 me,
2927 2614 2982 2668 in
3014 2612 3283 2682 principio

1749 2713 2027 2775 antequam
2058 2713 2254 2759 terram
2289 2703 2509 2768 faceret,
2542 2711 2595 2757 et
2627 2710 2912 2772 antequam
2934 2701 3159 2770 abyssos
3191 2698 3273 2752 fa-

1747 2802 1910 2858 ceret,
1959 2799 2241 2863 antequam
2281 2790 2555 2861 prodirent
2587 2789 2760 2845 fontes
2806 2803 3086 2859 aquarum,
3119 2796 3273 2842 ante-

1749 2898 1907 2955 quam
1941 2891 2149 2938 montes
2175 2883 2286 2938 suis
2315 2882 2533 2936 sedibus
2560 2881 2916 2938 ﬁrmarentur.
2933 2886 3057 2933 ante
3088 2893 3278 2935 omnes

1748 2970 1909 3024 colles
1938 2968 2106 3040 gignit
2135 2984 2248 3023 me:
2275 2966 2532 3022 Dominus
2553 2967 2679 3023 fecit
2704 2967 2967 3037 regiones,
2980 2974 3034 3021 et
3053 2981 3146 3021 eas
3160 2980 3279 3036 qua

1750 3074 1856 3113 non
1912 3059 2251 3122 habitantur,
2285 3064 2340 3113 et
2383 3058 2614 3112 vertices
2647 3057 2738 3127 qui
2771 3056 3117 3123 habitantur,
3156 3055 3276 3125 ejus

168 3151 312 3205 Ἦνίκα
348 3149 593 3223 ἡτοίμαζε
635 3151 731 3203 τὸν
785 3147 1035 3218 οὐρανὸν,
1084 3146 1452 3217 συμπαρήμην
1489 3145 1650 3217 αὑτῷ,

1752 3162 1867 3217 quae
1896 3146 1997 3202 sub
2027 3147 2161 3202 coelo
2188 3152 2270 3202 est
2299 3164 2314 3201 :
2365 3147 2576 3216 quando
2613 3147 2834 3216 parabat
2863 3146 3081 3211 calum,
3118 3144 3278 3200 simul

161 3242 228 3293 καὶ
255 3244 329 3295 ἅτε
370 3242 601 3316 ἀφώριζε
650 3241 746 3294 τὸν
805 3238 995 3291 ἐαυτοῦ
1048 3236 1231 3307 θρόνον
1274 3238 1360 3289 ἐπ’
1408 3236 1648 3306 ἀνέμων

162 3331 280 3400 ἡνίκα
317 3333 493 3404 ισχυρά
523 3330 699 3385 ἐποίει
732 3328 811 3382 τὰ
836 3327 947 3380 ἅνω
989 3327 1144 3396 νέφη,
1174 3327 1267 3378 καὶ
1302 3326 1375 3387 ὼς
1404 3325 1654 3393 ἀσφαλεῖς

160 3420 281 3473 ἐτίθει
305 3422 467 3491 πηγὰς
493 3421 595 3490 τῆς
627 3420 726 3472 ὑπ’
757 3417 1006 3487 οὐρανὸν,
1041 3415 1098 3466 ἐν
1125 3413 1203 3483 τῷ
1229 3412 1432 3465 τιθέναι
1464 3415 1526 3482 τῇ
1563 3413 1656 3465 θα-

159 3507 288 3581 λάσσῃ
310 3509 631 3582 ἀκριϐασμδν
661 3506 857 3567 αὑτοῦ,
909 3505 1000 3558 κοιλ⁹
1031 3503 1195 3556 ὕδατα
1216 3503 1275 3554 οὑ
1303 3501 1654 3571 παρελεύσον-

153 3615 220 3651 ται
248 3602 394 3671 στόμα
441 3599 605 3654 αὑτοῦ
632 3616 647 3630 ⁸
684 3597 855 3668 ἡνίκα
900 3594 1090 3665 ἰσχυρά
1127 3595 1293 3647 ἐποίει
1325 3592 1391 3644 τὰ
1439 3591 1655 3661 θεμέλια

155 3687 228 3756 τῆς
253 3690 354 3757 γῆς,
380 3690 520 3759 ήμην
563 3688 700 3759 παρ’
751 3683 905 3754 αὑτῷ
950 3683 1278 3759 ἁρμόζουσα.
1335 3680 1470 3748 Ἐγὼ
1513 3681 1656 3751 ήμην

151 3769 489 3847 ᾖπροσέχαιρε.
512 3775 654 3829 Καθ’
678 3772 897 3843 ἡμέραν
924 3770 980 3823 δὲ
1012 3769 1376 3840 εὑφραινόμην
1403 3770 1459 3819 ἐν
1491 3784 1654 3837 προσ-

155 3859 256 3930 ώπῳ
297 3863 466 3926 αὑτοῦ,
513 3864 573 3916 ἐν
623 3852 799 3914 παντὶ
838 3857 1031 3927 καιρῷ,
1073 3857 1161 3908 ὅτε
1202 3853 1523 3927 ηὐφραίνετο
1560 3852 1655 3921 τὴν

148 3953 412 4024 οἰκουμένην
454 3951 808 4012 συντελέσας,
845 3947 938 4000 καὶ
966 3945 1289 4016 ηὐφραίνετο
1320 3945 1376 3996 ἐν
1405 3943 1535 4004 υἱοῖς
1567 3943 1656 3994 ἀν-

152 4037 354 4108 θρώπων.
398 4044 461 4095 Ἠ
495 4042 605 4112 πρὸ
641 4040 757 4107 τῶν
785 4037 1053 4107 γεννητῶν
1091 4035 1208 4088 θεία
1235 4034 1328 4087 καὶ
1362 4033 1655 4102 πανάρετος

148 4129 285 4199 οὐσία,
325 4131 357 4201 ἡ
388 4131 549 4202 νοερά
587 4127 687 4182 καὶ
728 4125 1066 4196 πρωτότοκος
1100 4123 1198 4203 τῆς
1237 4123 1525 4189 ἀγεννήτου
1556 4120 1654 4188 φύε

150 4229 253 4279 σεως
283 4220 451 4282 εἰκὼν,
484 4222 513 4272 ὁ
537 4213 773 4287 γνήσιος
804 4214 897 4283 καὶ
936 4211 1223 4281 μονογενὴς
1251 4209 1342 4263 τοῦ
1374 4211 1480 4262 τῶν
1523 4210 1657 4271 ὅλων

146 4304 249 4360 Θεοῦ
290 4309 425 4380 Υἱὸς,
476 4305 839 4375 πολυώνυμός
888 4320 968 4366 τις
1010 4301 1104 4365 ὢν,
1152 4290 1245 4355 καὶ⁸
1273 4300 1357 4353 διὰ
1398 4299 1656 4361 πλείστων

147 4402 449 4469 προσρήσεων
482 4397 929 4467 θεολογούμενος,
967 4392 1046 4462 τῷ
1094 4392 1192 4459 τῆς
1221 4390 1404 4458 σοφίας
1437 4389 1525 4441 ἐπὶ
1564 4387 1653 4451 τοῦ

145 4488 363 4556 πρῶτος
410 4487 688 4559 ἀξιώματί
731 4501 787 4537 τε
830 4486 922 4536 καὶ
970 4481 1302 4551 προσηγορίᾳ
1355 4477 1652 4547 τετίμηται.

145 4575 351 4643 Arma:
374 4579 508 4632 Θεοῦ
551 4577 744 4637 αὑτὸν,
778 4574 1027 4640 καὶ-Φῶς,
1068 4560 1160 4625 καὶ
1193 4571 1361 4640 Ζωὴν,
1396 4569 1486 4621 καὶ
1508 4566 1657 4637 Ἀλή-

146 4659 281 4728 θειαν,
306 4669 393 4721 καὶ
424 4669 516 4720 ἐπὶ
551 4668 693 4719 πᾶσι
727 4664 953 4735 Χριστὸν
988 4661 1121 4727 Θεοῦ
1153 4661 1372 4729 δύναμιν
1407 4658 1497 4711 καὶ
1527 4655 1656 4709 Θεοῦ

148 4751 307 4819 Σοφίαν
345 4753 778 4826 προσαγορεύειν
824 4750 1237 4822 μεμαθήκαμεν.
1267 4750 1328 4800 Εἰ
1383 4745 1443 4817 δὴ
1484 4741 1573 4810 οὑν
1593 4745 1664 4810 cdt

151 4842 260 4907 μετά
291 4847 469 4915 χεῖρας
512 4843 686 4904 αὑτὸς
718 4841 842 4910 περὶ
880 4837 1087 4902 ἐαυτοῦ,
1129 4837 1203 4899 ὡς
1242 4836 1307 4903 ἂν
1334 4834 1463 4890 Θεοῦ
1496 4834 1660 4902 Σοφία

150 4927 267 4989 ζῶσα
299 4935 385 4985 καὶ
416 4935 539 4987 καθ’
570 4931 750 4999 αὑτὴν
782 4923 1088 4999 ὑφεστῶσα,
1119 4926 1207 4993 διὰ
1233 4925 1324 4978 τοῦ
1355 4925 1658 4993 σοφωτάτου

153 5016 442 5089 ἷῦλῡμῶντος
468 5020 812 5091 διεξέρχεται
837 5020 1029 5087 λέγων,
1073 5037 1092 5068 ι
1137 5017 1274 5084 Ἐγὼ
1302 5017 1332 5084 ἡ
1358 5016 1524 5083 Σοφία
1562 5031 1661 5066 κα-

157 5110 421 5175 πσκήνοπα
475 5109 701 5182 βουλὴν,
764 5108 856 5159 καὶ
885 5106 1099 5175 γνῶσιν,
1156 5104 1248 5156 καὶ
1300 5103 1498 5154 ἔννοιαν
1555 5100 1662 5167 ἐγὼ

159 5191 522 5268 ἔτεκαλεσάμην
578 5217 602 5250 ι
646 5198 745 5249 καὶ
787 5197 858 5249 τὰ
909 5196 1109 5257 τούτοις
1154 5194 1491 5261 ἐπαγόμενα·
1532 5190 1662 5242 ἀλλὰ

167 5286 234 5335 καὶ
291 5288 359 5350 ὡς
404 5290 502 5360 τὴν
555 5290 670 5343 τῶν
740 5290 878 5341 ὅλων
951 5287 1206 5355 διοίκησιν
1283 5270 1372 5335 καὶ
1418 5281 1662 5351 πρόνοιαν

169 5372 533 5448 ἀναδεδεγμένος
579 5377 876 5448 ἐπιφέρειο
919 5393 937 5425 ι
978 5377 1050 5427 Δι’
1083 5371 1211 5442 ἐμοῦ
1247 5371 1477 5440 βασιλεῖς
1519 5368 1665 5437 βασι-

174 5460 358 5531 λεύουσι,
410 5471 501 5522 καὶ
549 5470 598 5523 oi
650 5467 919 5520 δυνάσται
981 5464 1236 5534 γράφουσι
1298 5457 1661 5528 δικαιοσύνην·

174 5548 221 5598 δι’
258 5555 370 5622 ἐμοῦ
420 5558 751 5625 μεγιστᾶνες
826 5551 1230 5619 μεγαλύνονται·
1308 5566 1328 5600 ι
1393 5544 1526 5610 εἶτα,
1594 5546 1667 5598 εί·

231 5702 264 5731 ’⁷
283 5705 417 5761 Prov.
448 5723 558 5769 rm,
597 5688 773 5760 12-31
790 5739 807 5754 .

1749 3253 1869 3292 cum
1901 3253 1964 3293 eo
1992 3237 2229 3303 aderam,
2263 3237 2476 3306 quando
2536 3236 2847 3305 segregabat
2895 3233 3072 3290 sedem
3127 3249 3276 3290 suam

1752 3340 1911 3394 super
1962 3331 2170 3387 ventos,
2210 3325 2426 3393 quando
2475 3324 2642 3379 fortes
2695 3324 2924 3379 faciebat
2977 3323 3280 3391 superiores

1751 3415 1940 3478 nubes,
1967 3420 2018 3466 et
2046 3422 2103 3466 ut
2131 3414 2351 3467 stabiles
2382 3413 2610 3482 ponebat
2645 3411 2820 3467 fontes
2849 3411 2986 3479 ejus,
3036 3426 3156 3481 quae
3177 3412 3279 3466 sub

1751 3504 1886 3556 cmlo
1905 3510 2007 3563 est.
2030 3502 2154 3555 dum
2178 3512 2398 3572 poneret
2420 3504 2555 3555 mari
2568 3500 3084 3556 consummationem
3101 3514 3276 3565 suam,

1751 3599 1804 3646 et
1833 3607 1986 3661 aquae
2017 3606 2124 3645 non
2156 3592 2500 3661 praeteribunt
2529 3605 2592 3645 os
2611 3590 2750 3658 ejus,
2771 3587 2986 3658 quando
3019 3588 3179 3642 fortia
3206 3587 3281 3641 fa—

1752 3680 1925 3735 ciebat
1946 3680 2290 3735 fundamenta
2314 3687 2500 3743 terrae,
2536 3694 2681 3734 eram
2705 3678 2844 3746 apud
2874 3679 3020 3731 illum
3062 3691 3280 3747 compo-

1752 3772 1886 3830 n'ens
1912 3795 1925 3828 :
1948 3789 2044 3842 ego
2070 3788 2213 3827 eram
2245 3770 2382 3841 apud
2403 3785 2561 3840 quam
2592 3768 2873 3838 gaudebat,
2906 3767 3141 3837 quotidie
3154 3780 3280 3821 vero

1752 3866 1969 3919 laetabar
2001 3860 2053 3915 in
2085 3861 2230 3914 vultu
2277 3859 2418 3913 illius
2466 3858 2519 3910 in
2545 3857 2689 3911 omni
2730 3866 3007 3927 tempore:
3066 3855 3279 3924 quando

1752 3953 2029 4008 lmtabatur
2056 3950 2196 4021 quod
2221 3949 2404 4003 orbem
2439 3956 2701 4001 terrarum
2727 3946 3068 4016 perfecisset,
3104 3954 3157 4000 et
3187 3946 3278 4000 lte-

1751 4042 1964 4096 tabatur
1985 4041 2039 4094 in
2080 4039 2203 4093 ﬁliis
2247 4037 2520 4092 hominum
2555 4037 2622 4089 ’⁷.
2659 4054 2676 4087 ι
2715 4036 2951 4089 Divinam
2983 4042 3035 4089 et
3067 4048 3278 4088 omnem

1753 4132 1807 4186 in
1835 4148 1892 4186 se
1923 4130 2125 4184 habens
2181 4128 2453 4188 virtutem,
2483 4141 2601 4194 qua:
2625 4126 2834 4181 cunctis
2878 4125 3038 4179 rebus
3087 4124 3282 4190 genitis

1752 4223 2020 4292 antiquior
2048 4227 2128 4275 est
2159 4219 2416 4282 essentia,
2445 4233 2563 4286 qum
2597 4217 2897 4287 intelligens
2925 4227 2978 4270 et
3014 4216 3282 4285 primoge-

1753 4314 1864 4367 nita
1897 4311 2143 4380 ingenita:
2199 4315 2404 4363 naturae
2459 4308 2633 4376 imago
2661 4313 2741 4360 est
2765 4345 2780 4367 ,
2822 4307 3090 4375 legitimus
3123 4311 3281 4372 atque

1754 4404 1946 4458 unicus
1968 4403 2182 4457 maximi
2208 4401 2296 4453 Dei
2334 4400 2526 4465 Filius,
2563 4401 2651 4469 qui
2678 4400 2860 4453 multis
2887 4397 3189 4452 nominibus
3207 4396 3285 4450 di-

1755 4493 1893 4546 citur
1922 4530 1937 4556 ,
1968 4491 2034 4546 de
2064 4506 2170 4560 quo
2202 4498 2262 4543 ut
2290 4490 2356 4544 de
2386 4489 2494 4547 Deo
2535 4490 2777 4560 pluribus
2837 4487 3283 4557 appellationibus

1754 4582 2040 4650 loquimur,
2072 4579 2172 4634 hoc
2215 4579 2266 4632 in
2303 4581 2418 4632 loco
2449 4579 2732 4647 Sapientiae
2763 4579 3072 4645 dignitatem
3127 4583 3283 4643 atque

1756 4670 2181 4741 appellationem,
2210 4669 2428 4722 honoris
2459 4676 2512 4722 et
2546 4668 2912 4738 amplitudinis
2936 4665 3108 4735 gratia
3129 4677 3284 4716 acceo

1758 4761 1851 4831 pit,
1872 4756 2095 4813 Verbum
2111 4766 2285 4811 autem
2314 4756 2401 4808 Dei
2425 4757 2688 4816 emndem,
2706 4764 2758 4809 et
2777 4754 2992 4815 Lucem,
3014 4760 3065 4805 et
3084 4750 3280 4810 Vitam,

1757 4856 1809 4900 et
1842 4844 2148 4902 Veritatem.
2183 4850 2234 4896 et
2262 4852 2530 4911 postremo
2563 4841 2833 4895 Christum
2872 4841 2958 4893 Dei
3004 4836 3281 4900 Virtutem,

1757 4944 1810 4991 et
1841 4935 1931 4997 Dei
1983 4931 2307 5001 Sapientiam
2366 4932 2633 5000 appellare
2661 4931 2768 4997 jam
2813 4927 3139 4980 didicimus:
3170 4926 3282 4993 jam

1759 5026 1918 5094 igitur
1945 5023 1998 5076 in
2029 5023 2112 5076 his
2137 5036 2253 5090 (tua:
2280 5037 2421 5074 nunc
2444 5024 2497 5075 in
2521 5021 2766 5073 manibus
2790 5024 2931 5077 sunt,
2962 5016 3074 5083 ipse
3107 5015 3172 5069 de
3197 5030 3283 5068 se-

1761 5116 1896 5184 ipso,
1924 5122 2173 5181 tanquam
2197 5112 2288 5164 Dei
2317 5111 2500 5165 vivens
2526 5109 2817 5177 Sapientia,
2842 5116 2891 5159 et
2917 5120 3035 5173 quae
3065 5119 3156 5172 per
3190 5120 3277 5158 se-

1760 5206 1929 5274 ipsam
1987 5202 2275 5261 consistat,
2311 5215 2406 5268 per
2433 5198 2884 5267 sapientissimum
2938 5194 3277 5248 Salomonem

1761 5276 1920 5348 verba
1952 5291 2111 5353 facit,
2177 5289 2302 5343 dum
2335 5289 2462 5341 dicit
2492 5305 2533 5339 ιι
2583 5286 2690 5361 Ego
2721 5284 2990 5353 Sapientia
3048 5282 3282 5336 habitavi

1762 5384 2066 5446 consilium,
2124 5388 2177 5435 et
2208 5378 2597 5449 cognitionem,
2652 5386 2707 5432 et
2758 5374 3132 5444 cogitationem
3183 5387 3283 5441 ego

1765 5473 2025 5540 invocavi,
2064 5491 2083 5524 ι
2119 5479 2172 5525 et
2201 5487 2318 5539 qua:
2348 5470 2434 5526 his
2479 5469 2727 5539 adjuncta
2781 5473 2925 5522 sunt.
2970 5464 3075 5519 Sed
3118 5463 3285 5535 etiam

1764 5560 1913 5643 quasi
1947 5561 1992 5616 is
2020 5559 2108 5643 qui
2152 5558 2321 5633 ipsius
2371 5559 2605 5617 universi
2659 5555 3176 5620 administrationem
3228 5555 3284 5603 et
