3862 6356
737 390 832 455 551

1349 387 1617 453 EUSEBII
1650 393 2119 453 CIESARJENSIS
2142 393 2292 450 OPP.
2328 391 2522 446 PARS.
2560 391 2629 448 11.
2666 421 2732 432 -—
2765 391 3201 448 APOLOGE’IICA.

736 509 1124 584 providentiam
1157 511 1444 578 acceperit,
1477 511 1736 583 adjungit,
1772 532 1790 563 (
1844 511 1947 566 Per
1988 525 2075 564 me
2119 522 2261 577 reges

2068 527 2075 562 ι
2119 522 2269 577 reges
2295 513 2338 567 Α
2367 504 2480 557 πὼν
2553 505 2936 576 μνημονεύσειν
3002 504 3062 558 τὰ
3113 504 3160 567 ἐξ
3213 499 3405 566 αἰῶνος,
3449 505 3593 573 ἐπάγει

738 608 959 672 regnant
997 639 1012 664 ,
1052 607 1105 652 et
1142 608 1382 668 potentes
1417 602 1664 656 scribunt
1696 602 1960 670 jdstitiam
1991 639 2005 663 ,
2045 614 2140 668 per
2176 614 2262 653 me

737 691 912 760 magni
961 689 1061 742 viri
1112 689 1564 758 magnificantur;
1610 711 1629 742 ι
1673 693 1864 746 deinde
1903 691 1995 744 ubi
2032 689 2168 742 dixit
2205 703 2262 743 se

735 790 1150 838 memoraturum
1180 796 1296 850 qua:
1315 783 1556 836 a-saeculo
1579 792 1722 844 sunt,
1763 782 2006 852 adjungit
2041 781 2257 835 dicens:

738 891 758 923 Ι
809 871 1064 924 Dominus
1103 871 1303 924 creavit
1340 886 1424 924 me
1463 871 1673 924 initium
1705 871 1914 925 viarum
1951 886 2168 926 suarum
2208 871 2262 923 in

735 977 895 1030 opera
933 977 1051 1023 sua,
1108 968 1228 1014 ante
1287 962 1536 1014 saeculum
1592 961 1832 1015 fundavit
1879 979 1981 1016 me.
2030 982 2048 1013 ι
2103 962 2262 1030 213

745 1051 949 1116 Quibus
998 1051 1172 1104 verbis
1226 1050 1436 1103 interim
1479 1050 1710 1118 seipsum
1770 1050 2026 1118 genitum,
2094 1063 2264 1117 neque

733 1139 976 1193 eumdem
1020 1154 1138 1192 cum
1191 1137 1426 1207 lngenito
1466 1139 1620 1193 docet
1641 1154 1792 1201 esse,
1825 1154 1946 1192 eum
1998 1153 2127 1191 sane
2171 1137 2262 1206 qui

734 1237 858 1282 ante
909 1244 1064 1282 omne
1101 1243 1267 1281 aevum
1296 1227 1583 1282 essentiam
1627 1229 1911 1297 acceperit,
1953 1235 2006 1281 et
2049 1228 2102 1280 in
2152 1241 2267 1278 mo-

736 1322 862 1374 dum
913 1320 1240 1374 fundamenti
1285 1321 1490 1373 cunctis
1516 1321 1706 1389 genitis
1756 1319 1914 1372 rebus
1957 1319 2265 1387 praemissus

736 1412 825 1466 sit.
860 1410 933 1463 Ex
965 1426 1071 1478 quo
1100 1410 1334 1464 divinum
1369 1409 1679 1478 Apostolum
1710 1415 2078 1478 argumentum
2110 1422 2264 1461 acce-

734 1499 881 1569 pisse
907 1499 1157 1552 credibile
1181 1507 1282 1559 est,
1313 1505 1369 1551 ut
1398 1497 1463 1551 de
1491 1498 1581 1549 illo
1612 1496 1833 1559 diceret,
1872 1514 1888 1546 ι
1910 1495 2009 1560 Qui
2040 1502 2123 1548 est
2143 1497 2268 1548 ima-

742 1602 809 1658 go
859 1587 950 1642 Dei
997 1588 1310 1650 invisibilis,
1350 1587 1730 1656 primogenitus
1775 1586 1948 1641 omnis
1989 1593 2263 1652 creaturaa,

735 1677 986 1746 quoniam
1020 1677 1073 1730 in
1101 1678 1457 1746 ipsocondita
1507 1687 1630 1730 sunt
1655 1677 1923 1739 universa,
1957 1677 2009 1728 in
2050 1677 2187 1730 coelo
2214 1685 2267 1731 et

735 1767 790 1820 in
835 1775 976 1820 terra
1006 1765 1070 1818 ’⁸.
1119 1784 1138 1816 ι
1184 1765 1456 1834 Siquidem
1489 1765 1872 1833 primogenitus
1908 1763 2084 1818 omnis
2115 1779 2268 1818 crea-

733 1865 868 1909 turae
895 1855 1070 1909 dictus
1096 1862 1177 1909 est
1208 1856 1258 1907 in
1293 1855 1382 1910 illo
1410 1874 1424 1910 :
1459 1873 1476 1906 ‹
1519 1855 1772 1908 Dominus
1810 1854 2008 1908 creavit
2041 1868 2125 1907 me
2165 1853 2268 1906 ini-

736 1945 872 1998 tium
904 1945 1107 1999 viarum
1156 1959 1373 1998 suarum
1409 1945 1462 1998 in
1507 1958 1668 2013 opera
1712 1959 1827 1998 sua.
1867 1963 1884 1994 ι
1919 1941 2048 1996 Jure
2092 1952 2265 1996 autem

735 2033 912 2104 imago
975 2034 1066 2089 Dei
1116 2034 1468 2103 intelligetur,
1525 2041 1706 2102 utpote
1756 2033 1847 2100 qui
1900 2033 2143 2101 genitura
2198 2031 2268 2084 sit

734 2123 979 2193 ingenita:
1009 2132 1230 2177 natura}.
1261 2123 1371 2177 Hoc
1419 2125 1580 2192 igitur
1636 2125 1690 2176 in
1741 2123 1824 2176 his
1877 2138 1994 2191 qua:
2054 2124 2106 2176 in
2153 2138 2267 2176 ma-

735 2214 894 2269 nibus
924 2223 1048 2268 sunt
1095 2215 1398 2276 conﬁtetur,
1419 2215 1506 2268 ubi
1529 2215 1602 2268 ait
1630 2234 1642 2269 :
1680 2233 1697 2265 ι
1725 2218 2017 2284 Antequam
2061 2222 2269 2268 montes

739 2305 852 2361 suis
881 2307 1097 2362 sedibus
1130 2305 1490 2368 ﬁrmarentur,
1523 2325 1540 2356 ι
1569 2313 1641 2368 et,
1672 2325 1689 2356 ι
1715 2306 1850 2359 Ante
1871 2319 2055 2359 omnes
2079 2305 2263 2365 colles.

733 2394 902 2463 gignit
937 2409 1040 2448 me.
1077 2413 1095 2445 ι
1128 2393 1256 2448 inde
1284 2395 1430 2446 illum
1468 2393 1655 2446 Filium
1687 2395 1924 2455 unicum,
1957 2401 2007 2447 et
2037 2393 2264 2462 primum

741 2486 974 2552 genitum
1008 2484 1100 2538 Dei
1131 2483 1361 2538 Verbum
1387 2486 1736 2554 appellamus,
1764 2485 1853 2554 qui
1885 2485 2098 2553 quidem
2125 2484 2263 2538 idem

739 2573 810 2626 sit
839 2587 958 2625 cum
986 2558 1354 2642 ea‘Sapientia
1386 2573 1451 2626 de
1479 2587 1582 2641 qua
1613 2572 1810 2626 dictum
1856 2581 1958 2627 est.
1991 2570 2265 2638 Quomodo

738 2669 912 2713 autem
939 2662 1238 2729 genituram
1264 2663 1412 2715 illum
1444 2678 1562 2716 esse
1593 2661 1682 2716 Dei
1713 2663 1973 2724 dicamus,
2001 2663 2136 2716 alius
2165 2663 2266 2717 erit

734 2755 789 2800 et
813 2751 1061 2818 proprius
1092 2752 1373 2820 indagandi
1397 2752 1563 2817 locus,
1595 2753 1844 2821 quoniam
1876 2767 2045 2820 neque
2075 2768 2266 2806 secun-

743 2837 869 2890 dum
906 2841 1306 2908 projeclionem,
1338 2857 1510 2911 neque
1552 2842 1840 2895 secundum
1879 2841 2262 2904 diductionem,

738 2934 831 2979 aut
859 2928 1196 2992 divisionem,
1239 2938 1329 2983 aut
1362 2929 1789 2993 diminutionem,
1832 2938 1922 2983 aut
1952 2932 2262 2994 sectionem,

735 3026 827 3069 aut
848 3019 1065 3072 omnino
1089 3019 1379 3073 secundum
1398 3020 1596 3088 aliquid
1614 3035 1795 3074 eorum
1813 3035 1930 3089 qua:
1947 3019 2001 3074 in
2021 3022 2264 3091 genitura

2359 608 2488 660 γωνο
2536 609 2554 642 ι
2610 592 2808 661 Κύριος
2852 591 3028 643 ἐκτισὲ
3073 609 3122 661 με
3161 589 3299 660 ἀρχὴν
3334 589 3449 643 οδῶν
3492 594 3593 646 αύτο

2360 681 2492 750 ἔργα
2554 681 2745 734 αὑτοῦ·
2811 682 2916 752 πρὸ
2963 681 3049 733 τοῦ
3097 679 3247 740 αἰῶνος
3288 677 3557 748 ἐθεμελίωσὲ

2319 791 2331 800 ·
2359 774 2426 825 δι’
2454 767 2526 827 ὧν
2555 773 2686 843 ὁμοῦ
2716 773 2806 827 καὶ
2847 773 3060 841 γενητὸν
3094 772 3258 833 ἑαυτὸν,
3287 769 3389 837 οὐχὶ
3424 771 3474 823 δὲ
3512 773 3585 824 τὸν

2360 861 2482 914 ὅντα
2505 861 2581 932 τῷ
2607 863 2906 932 Ἀγεννήτῳ
2945 860 3161 922 διδάσκει,
3193 857 3279 928 πρὸ
3308 858 3481 920 παντὸς
3505 860 3589 911 αἰῶ

2363 952 2638 1022 σιωμένον,
2685 951 2935 1021 θεμελίου
2964 967 3020 1003 τε
3057 951 3207 1020 τρόπον
3233 949 3322 1000 τῶν
3351 952 3591 1018 γεννητῶν

2361 1058 2464 1093 των
2497 1041 2758 1111 προϐεὸλη
2769 1041 2946 1109 μένον.
2973 1039 3110 1092 Ὅθεν
3127 1039 3195 1091 τὸν
3215 1037 3336 1089 θεῖον
3356 1037 3594 1091 Ἀπόστολι

2361 1130 2671 1201 ὁρμώμενον
2701 1131 2827 1200 περὶ
2869 1130 3031 1182 αὑτοῦ
3061 1129 3187 1197 φάναι
3207 1145 3218 1157 ·
3243 1147 3258 1178 ι
3286 1129 3373 1189 Ὃς
3401 1131 3534 1183 ἐστιν
3561 1135 3598 1185 εἱ

2374 1220 2640 1289 Ἀορὰτου,
2671 1220 3013 1290 πρωτότοκος
3037 1219 3181 1288 πάσης
3220 1218 3426 1282 κτίσεως
3447 1236 3460 1250 ο
3501 1223 3572 1274 ὅτι

2363 1309 2578 1378 ἐκτίσθη
2609 1309 2677 1362 τὰ
2710 1311 2908 1372 πάντα,
2946 1309 3014 1360 τὰ
3047 1311 3094 1360 ὲν
3113 1309 3174 1377 τῷ
3193 1306 3386 1378 οὐρανῷ
3426 1311 3513 1362 καὶ
3547 1313 3598 1364 τὲ

2362 1401 2478 1469 γῆς.
2513 1419 2530 1449 ›
2577 1401 2921 1470 Πρωτότοκος
2967 1400 3060 1468 μὲν
3097 1399 3184 1468 γὰρ
3223 1399 3392 1467 πάσης
3436 1401 3598 1472 ἀνείρτ

2365 1506 2515 1551 σεως,
2549 1489 2681 1543 κατὰ
2713 1490 2792 1553 τὸ,
2830 1509 2847 1540 ‹
2905 1490 3098 1560 Κύριος
3125 1489 3279 1541 ἕκτισέ
3312 1505 3378 1557 με
3409 1491 3570 1562 ἀρχὴν

2361 1578 2452 1630 τοῦ
2476 1581 2552 1640 εἰς
2573 1577 2706 1648 ἔργα
2731 1579 2894 1630 αὐτοῦ
2919 1595 2932 1608 ο
2977 1597 2997 1629 ι
3033 1581 3178 1633 νοοῖτο
3196 1578 3233 1630 δ’
3263 1578 3325 1630 ἂν
3359 1579 3568 1645 εἰκότως

2363 1669 2512 1733 Θεοῦ,
2540 1669 2612 1730 ὼς
2641 1668 2705 1722 ἂν
2741 1668 2985 1738 γέννημα
3009 1669 3099 1737 τῆς
3135 1670 3410 1738 ἁγεννήτου
3437 1671 3595 1738 φύσευ

2364 1776 2485 1813 νων.
2520 1757 2684 1810 Τοῦτο
2713 1758 2770 1811 δὲ
2803 1754 2894 1810 οὖν
2934 1760 2992 1809 ὲν
3030 1762 3130 1821 τοῖς
3162 1758 3286 1828 μετὰ
3312 1761 3493 1829 χεῖρας
3529 1763 3594 1831 ὀμ

2365 1843 2438 1902 ὧν
2469 1868 2629 1921 φησι·
2673 1871 2689 1902 ι
2737 1851 2850 1922 Πρὸ
2887 1849 2982 1904 τοῦ
3016 1851 3108 1922 ὅρη
3133 1851 3462 1921 ἑδρασθῆναι,
3499 1873 3518 1903 ι
3565 1872 3592 1905 ν

2365 1941 2420 1998 δὲ
2465 1941 2676 1994 πάντων
2718 1939 2920 2009 βουνῶν
2961 1942 3114 2010 γεννᾷ
3159 1957 3238 2010 με.
3280 1958 3297 1991 ι
3356 1940 3547 1992 Ἔνθεν
3580 1961 3592 1995 ι

2371 2030 2645 2101 μονογενῆ,
2694 2032 2787 2082 καὶ
2827 2030 3156 2100 πρωτότοκον
3196 2028 3286 2082 τοῦ
3335 2029 3470 2082 Θεοῦ
3518 2033 3592 2084 Λό

2367 2120 2590 2192 ρεύομεν
2615 2120 2702 2172 τὸν
2731 2119 2891 2172 αὐτὸν
2934 2119 3058 2171 ὄντα
3085 2121 3146 2188 τῇ
3181 2117 3338 2188 δηλου
3349 2120 3486 2190 μένῃ
3512 2121 3594 2172 Σο·

2366 2210 2420 2262 δὲ
2446 2210 2683 2279 γέννημα
2707 2209 2840 2262 Θεοῦ
2883 2210 3042 2262 αὐτὸν
3079 2205 3208 2262 εἷναί
3249 2227 3458 2280 φαμεν,
3499 2212 3592 2264 ίδίς

2365 2299 2688 2364 ἐξετάσεως·
2728 2301 2848 2352 ἐπεὶ
2898 2301 3034 2370 μήτε
3066 2301 3202 2353 κατὰ
3232 2301 3550 2365 διάστασιν,
3581 2307 3594 2352 ἢ

2365 2389 2397 2458 ἢ
2431 2388 2665 2457 μείωσιν,
2760 2388 2948 2458 τομὴν,
2974 2389 3007 2458 ἢ
3038 2391 3175 2442 κατά
3195 2407 3249 2443 τι
3273 2391 3424 2454 ὅλως
3450 2392 3562 2444 τῶν

2364 2476 2459 2545 τῆς
2485 2477 2746 2543 γενέσεως
2791 2476 3235 2546 ἐπιτελουμένων,
3283 2479 3394 2549 τὴν
3441 2480 3592 2550 ἀττὸρ

2365 2562 2761 2631 γενεσιουργίαν
2803 2563 3138 2631 ἐπινοοῦμεν.
3191 2566 3338 2619 Οὐδὲ
3381 2567 3499 2637 γὰρ
3554 2567 3586 2620 θ

2364 2655 2602 2719 γενητοῖς
2648 2667 2755 2703 τισι
2796 2651 2893 2722 τὴν
2926 2654 3160 2724 ἄρρητον
3210 2656 3316 2708 καὶ
3368 2658 3592 2710 ἁκατον

2364 2739 2454 2793 τοῦ
2487 2739 2693 2808 γένεσίν
2715 2757 2773 2792 τε
2802 2742 2894 2792 κα)⁸
2915 2743 3165 2795 ούσίωσιν
3191 2745 3550 2815 ἀφομοιοῦν,
3582 2767 3598 2800 ι

2365 2829 2656 2898 ἐπικαίρων
2706 2828 2799 2880 καὶ
2832 2827 3040 2898 θνητῶν
3091 2834 3503 2900 παραϐάλλειν
3566 2856 3598 2889 ο

2365 2919 2482 2970 ἐπεὶ
2516 2918 2646 2987 μηδὲ
2692 2917 2832 2970 κατὰ
2867 2920 2966 2982 τὰς
3013 2923 3142 2991 παρ’
3175 2924 3325 2992 ἡμῖν
3383 2926 3511 2980 τῶν
3551 2926 3598 2990 ζι

2364 3015 2545 3066 οὐσίαν
2577 3013 2633 3078 ἐξ
2679 3015 2861 3076 οὐσίας
2891 3015 3032 3068 κατὰ
3064 3017 3246 3081 πάθος
3279 3021 3321 3089 ἢ
3377 3021 3598 3094 διαίρεε.

744 3109 948 3159 mortali
997 3109 1136 3178 exigi
1186 3109 1376 3171 solent,
1410 3109 1726 3164 iueﬂ'abilem
1759 3110 1902 3166 illius
1936 3111 2265 3180 procreatio-

2067 3111 2265 3166 τεαιίο.
2294 3140 2335 3196 C
2367 3107 2458 3196 καὶ
2485 3103 2750 3174 χωριστὴν
2876 3105 2968 3158 τοῦ
3004 3107 3231 3178 Πατρὸς
3265 3115 3592 3185 προεληλυ

743 3209 862 3246 nem
906 3197 1202 3265 cogitamus
1239 3219 1250 3251 :
1285 3213 1455 3268 neque
1488 3197 1568 3253 fas
1610 3206 1692 3253 est
1722 3200 1841 3252 ullis
1883 3200 2075 3269 genitis
2105 3199 2266 3254 rebus

2070 3199 2266 3254 irebus
2308 3194 2333 3196 ’⁷
2367 3195 2524 3263 φάναι
2571 3196 2731 3246 ὅσιον.
2785 3194 3011 3265 Ἀμερὲς
3061 3195 3174 3266 γὰρ
3223 3201 3343 3252 καὶ
3379 3203 3595 3274 ἄτομα

743 3283 887 3337 illius
924 3293 1015 3337 aut
1043 3288 1359 3356 genituram,
1399 3296 1490 3341 aut
1519 3289 1972 3358 propagationem,
2007 3305 2126 3359 quae
2148 3291 2268 3359 qui-

738 3371 858 3426 dem
892 3375 1050 3430 nullis
1081 3392 1251 3445 neque
1272 3379 1464 3439 verbis,
1498 3393 1666 3446 neque
1693 3380 1997 3434 nominibus
2026 3395 2269 3449 compre-

739 3461 896 3516 liendi
924 3475 1116 3533 potest,
1149 3469 1374 3521 similem
1399 3469 1666 3534 arbitrari,
1692 3485 1862 3539 neque
1889 3485 2013 3525 vero
2037 3471 2266 3540 aliquam

737 3552 815 3605 illi
844 3567 1028 3607 eorum
1063 3572 1180 3625 qua:
1223 3559 1542 3627 temporaria
1573 3565 1624 3613 et
1668 3560 1913 3613 mortalia
1944 3569 2088 3621 sunt,
2122 3575 2268 3612 com-

742 3657 932 3710 parare
970 3645 1251 3714 imaginem
1287 3665 1301 3701 :
1334 3649 1584 3716 quoniam
1619 3663 1790 3717 neque
1841 3649 2131 3704 secundum
2175 3663 2267 3702 eas

743 3728 1048 3780 animalium
1078 3733 1495 3800 procreationes,
1541 3749 1659 3805 quae
1688 3735 1826 3804 apud
1858 3751 1954 3788 nos
1995 3737 2264 3797 visuntur,

741 3815 1028 3869 essentiam
1069 3818 1134 3870 de
1161 3822 1410 3885 essentia,
1451 3837 1673 3892 eamque
1715 3823 2032 3878 divisibilem
2065 3831 2157 3876 aut
2185 3838 2268 3877 se-

743 3905 1056 3973 parabilem,
1081 3905 1270 3961 Filium
1301 3910 1365 3965 de
1393 3911 1569 3977 Patre,
1595 3913 1843 3982 patiendo
1865 3923 1955 3966 aut
1985 3913 2267 3966 dividendo

743 3993 1025 4063 prodiisse,
1057 3997 1142 4062 pie
1168 3997 1343 4053 dicere
1370 4016 1656 4070 possumus
1687 4009 1902 4070 :partes
1928 4001 2068 4054 enim
2094 4001 2267 4055 nullas

743 4085 922 4148 habet,
955 4085 1344 4157 insecabileque
1367 4099 1470 4152 est,
1495 4092 1636 4160 quod
1665 4091 1900 4145 divinum
1923 4097 2023 4152 est,
2050 4105 2154 4143 non
2182 4105 2267 4143 se-

742 4183 916 4240 catur,
950 4189 1057 4228 non
1103 4176 1373 4242 dividitur,
1413 4195 1519 4233 non
1545 4180 1868 4246 extenditur,
1903 4194 2006 4232 non
2037 4179 2264 4246 corripi-

743 4273 851 4327 tur,
882 4281 990 4319 non
1037 4264 1383 4330 diminuitur,
1413 4284 1520 4322 non
1563 4270 1755 4338 majus,
1785 4285 1890 4321 non
1939 4269 2112 4336 pejus,
2159 4283 2265 4320 non

743 4356 931 4410 melius
955 4356 1043 4421 lit;
1065 4370 1170 4408 non
1186 4356 1342 4410 habet
1371 4359 1422 4410 in
1447 4359 1624 4426 seipso
1643 4357 1840 4426 aliquid
1863 4357 2004 4425 quod
2032 4371 2060 4408 a
2089 4358 2265 4425 seipso

2365 3283 2705 3352 τεμνόμενον,
2749 3283 2807 3333 ού
2853 3282 3274 3354 διαιρούμενον,
3323 3290 3458 3345 οὐκ
3515 3295 3598 3346 ὲκλ

2368 3372 2694 3443 μειούμενον,
2725 3373 2784 3423 ού
2824 3373 3296 3445 συστελλόμενον,
3341 3382 3422 3433 οὐ
3485 3389 3589 3453 μεῖ

2366 3463 2424 3513 ού
2456 3464 2692 3532 κρεῖττον
2727 3461 2888 3513 αὑτοῦ
2925 3464 3262 3533 γινόμενον,
3318 3470 3454 3524 οὐκ
3516 3474 3598 3542 ξχι

2365 3547 2544 3618 ἕτερόν
2574 3565 2624 3599 τι
2663 3546 2844 3612 αὑτοῦ,
2882 3549 2966 3601 ἵνα
2995 3551 3094 3602 καὶ
3133 3555 3433 3624 πρόηται
3484 3561 3596 3613 τοῦ

2367 3633 2419 3686 ἔν
2442 3651 2544 3687 τινι
2574 3634 2654 3698 δν,
2692 3634 2724 3704 ἢ
2758 3635 2832 3698 ὼς
2859 3637 3261 3707 συμϐεϐηκὸς,
3303 3639 3458 3699 οἷον
3489 3650 3596 3702 λει.

2365 3727 2397 3796 ἢ
2424 3726 2497 3789 ὡς
2525 3727 2705 3798 ἓτερον
2736 3729 2792 3779 ὲν
2827 3727 2996 3796 ἑτέρῳ
3028 3731 3370 3799 τυγχάνει,
3429 3738 3534 3802 ὡς
3573 3758 3592 3789 ιτ

2369 3817 2532 3888 ρούσῃ
2571 3817 2707 3870 κατὰ
2747 3817 2979 3887 γαστρὸς
3011 3825 3335 3892 κυοφορού
3351 3843 3590 3894 μενονς

2364 3907 2449 3977 τῷ,
2483 3909 2604 3980 ὅλῳ,
2635 3911 2707 3972 ὡς
2736 3909 2800 3963 ἂν
2840 3913 2896 3963 ὲν
2941 3910 3175 3981 σώματι
3213 3916 3378 3986 χεὶρ
3426 3919 3475 3990 ἦ
3515 3940 3592 3974 πε

2365 3998 2456 4050 τοῦ
2486 3999 2678 4062 παντὸς
2701 3999 2826 4052 ὄντα
2857 3999 3022 4071 μέρη,
3049 3994 3137 4053 ὧν
3174 4004 3577 4080 ἀποκοπὴν

2363 4085 2618 4157 διαίρεσιν
2651 4088 3006 4153 πεπονθότων,
3037 4091 3271 4155 ἀτελὲς
3303 4097 3442 4148 καὶ
3472 4102 3594 4152 κο)

2367 4175 2559 4246 μέρους
2577 4179 2791 4248 ὴκρωτη
2802 4179 3100 4248 ριασμένου
3110 4219 3129 4244 ,
3159 4182 3593 4244 ἀπολέλειπτ-

2363 4264 2468 4334 γὰρ
2506 4267 2597 4318 καὶ
2627 4267 2687 4319 τὸ
2723 4268 2887 4320 εἰκόνι
2916 4269 3104 4338 τοιᾷδε
3148 4272 3278 4324 κοιὶ
3323 4276 3593 4344 ὁμοιώι,

2363 4357 2458 4425 τῆς
2487 4359 2774 4427 ἁγεννήτου
2805 4358 3018 4424 φύσεως
3050 4361 3169 4414 τοῦ
3212 4365 3368 4417 τῶν
3439 4369 3592 4423 ὃλω

739 4445 810 4501 sit
847 4446 1010 4508 aliud,
1055 4452 1112 4498 ut
1133 4444 1259 4498 illud
1295 4445 1468 4512 possit
1500 4446 1733 4512 abjicere
1763 4464 1777 4499 :
1819 4444 2076 4514 quidquid
2118 4447 2258 4500 enim

2066 4444 2076 4497 l
2118 4447 2258 4500 enim
2293 4439 2335 4494 D
2361 4445 2452 4496 τοῦ
2511 4447 2840 4513 Μονογενοῦς
2883 4449 3054 4502 αὑτοῦ
3110 4453 3242 4505 καὶ
3301 4455 3591 4527 Πρωτο

740 4537 796 4590 in
821 4535 1001 4605 aliquo
1032 4543 1132 4598 est,
1170 4541 1262 4587 aut
1291 4543 1372 4588 est
1401 4543 1653 4603 tanquam
1682 4534 1954 4599 accidens,
1994 4543 2053 4589 ut
2083 4536 2263 4591 album

739 4625 797 4678 in
829 4637 1069 4692 corpore,
1105 4630 1197 4676 aut
1236 4631 1484 4692 tauquam
1514 4622 1658 4676 aliud
1704 4623 1759 4675 in
1786 4623 1910 4686 alio,
1939 4631 1999 4677 ut
2042 4624 2095 4677 in
2129 4639 2264 4693 prae.

740 4722 935 4787 gnante
975 4713 1114 4769 fetus
1154 4729 1310 4782 quem
1352 4715 1404 4767 in
1449 4721 1597 4766 utero
1639 4721 1834 4782 gestat,
1879 4723 1970 4767 aut
2012 4722 2263 4783 tanquam

741 4819 865 4872 pars
889 4805 944 4858 in
975 4811 1108 4866 toto,
1144 4813 1200 4855 ut
1226 4802 1282 4856 in
1324 4815 1546 4871 corpore
1575 4815 1784 4864 manus,
1819 4802 1899 4855 vel
1927 4817 2039 4872 pes,
2072 4803 2153 4855 vel
2183 4801 2266 4854 di-

741 4895 904 4962 gitus,
934 4909 1051 4963 qua:
1082 4893 1243 4946 totius
1273 4899 1396 4947 sunt
1429 4901 1624 4960 partes,
1647 4905 1874 4960 quarum
1903 4893 1947 4946 si
1978 4890 2265 4946 abscissio-

743 4996 884 5044 nem,
935 4991 1026 5035 aut
1067 4981 1356 5035 sectionem
1399 4981 1651 5048 aliquam,
1693 4988 1785 5033 aut
1825 4980 2136 5034 divisionem
2169 4993 2264 5048 pa-

747 5070 944 5121 tiantur
991 5085 1232 5139 corpora,
1276 5069 1641 5138 imperfectum
1689 5085 1752 5123 ac
1798 5071 2042 5123 mutilum
2091 5069 2264 5138 ipsum

747 5157 937 5213 totum,
971 5157 1128 5209 veluti
1179 5172 1377 5211 summa
1419 5164 1563 5228 parte
1593 5164 1884 5226 amputata,
1926 5155 2260 5224 relinquitur.

748 5239 816 5289 At
843 5238 983 5290 enim
1023 5240 1076 5291 in
1116 5242 1347 5311 ingenita
1381 5246 1598 5298 maximi
1636 5245 1727 5300 Dei
1759 5255 1979 5307 natura,
2010 5242 2171 5313 214
2211 5249 2263 5296 ει

749 5327 802 5380 iu
834 5327 978 5380 unici
1001 5327 1234 5392 ejusdem
1260 5334 1536 5404 primoque
1549 5337 1709 5406 geniti
1734 5336 1852 5390 Filii
1878 5335 2260 5405 procreatione,

747 5418 905 5469 talem
947 5428 1206 5483 usurpare
1243 5416 1522 5489 imaginem
1570 5434 1660 5481 aut
1685 5425 2108 5486 similitudinem,
2147 5436 2264 5476 om-

748 5504 894 5559 nium
924 5517 1043 5570 quae
1060 5502 1220 5570 impia
1247 5513 1391 5572 sunt,
1415 5513 1639 5571 maxime
1666 5516 1888 5586 impium
1911 5516 1997 5572 sit.
2027 5511 2143 5569 Non
2167 5510 2264 5582 igi-

818 5682 1062 5737 "Colos.
1100 5695 1138 5747 ι,
1182 5680 1266 5736 15.

2362 4535 2572 4587 πάντων
2596 4535 2661 4587 ἂν
2693 4535 2777 4596 εἴη
2804 4537 3238 4596 ἀσεϐέστατον.
3287 4546 3402 4597 Οὐ
3465 4553 3593 4602 τοί

2361 4625 2546 4695 ἑτέρῳ,
2573 4625 2628 4690 ἐξ
2661 4625 2898 4694 ἀπείρων
2949 4629 3049 4681 καὶ
3100 4631 3480 4704 ἀνάρχων
3553 4659 3592 4694 a

2361 4715 2644 4785 ἀγέννητος
2671 4717 2727 4768 ὲν
2749 4718 2825 4786 τῷ
2845 4721 3048 4792 Πατρὶ,
3094 4723 3338 4794 μέρος
3381 4728 3501 4783 ὢν
3566 4752 3592 4784 c

2361 4802 2448 4855 θὲν
2478 4802 2696 4872 ὕστερον
2722 4805 2815 4858 καὶ
2851 4808 3102 4862 κενωθὲν
3145 4813 3386 4880 ἐκτὸς
3438 4820 3590 4874 αὐτ

2361 4893 2465 4963 γὰρ
2503 4894 2637 4964 αύτῇ
2681 4895 2781 4966 ἢδη
2825 4898 2982 4951 τοῦτο
3019 4901 3308 4957 οἰκεῖον
3349 4924 3371 4937 ⁶
3449 4918 3592 4966 καλ

2360 4982 2621 5051 ἀγέννητα
2647 4979 2776 5049 εἶεν,
2803 4987 2864 5039 τὸ
2903 4989 3415 5064 προϐεϐληκὸς
3481 5019 3590 5055 κα

2359 5088 2463 5166 νον.
2496 5073 2604 5126 Καὶ
2645 5076 2727 5166 τίς
2855 5081 3275 5150 κατάστασις
3344 5107 3512 5166 κρε
3528 5096 3590 5148 ἱσι

2358 5160 2455 5255 της
2504 5163 2710 5255 τροπῆς
2760 5165 2857 5235 τῆς
2906 5170 3056 5224 κατὰ
3123 5175 3288 5247 τὴν
3370 5160 3586 5255 σξροε

2360 5249 2564 5306 Οὔκουν
2593 5253 2668 5318 ὡς
2702 5256 2862 5328 μέρος
2891 5259 2924 5330 ἢ
2979 5262 3198 5330 μέλος
3273 5249 3574 5340 ἀγελννπ

2360 5341 2636 5413 πρότερον,
2684 5346 2967 5403 ἐπειτα⁹δὲ
3016 5352 3368 5416 διας-τὰν
3448 5385 3563 5422 κα

2358 5431 2618 5532 fati-olm,
2643 5437 2735 5532 τον
2764 5439 2893 5493 Υῑὸν
2936 5441 3052 5496 ἀπὸ
3105 5448 3266 5503 τοῦ
3314 5455 3560 5532 Ila-cp

2364 5521 2606 5595 ’Δρῤητα
2635 5528 2743 5601 γὰρ
2785 5533 2878 5587 καὶ
2922 5533 3270 5610 ἄντικρυς
3317 5521 3546 5608 a366-
