3862 6358
97 436 177 488 33‘5
1099 409 1737 476 DEMONSTRATIONIS
1772 405 2214 475 EVANGELICE
2257 399 2385 462 LIB.
2430 410 2496 470 ν.

3251 428 3353 484 554

115 546 212 596 ὂντα
242 515 560 614 σωμάτων
609 521 832 587 οἰκεῖα,
877 528 982 598 τῆς
1011 531 1071 584 δὲ
1107 535 1393 605 ἀσωμάτου
1438 535 1529 587 καὶ
1568 536 1705 589 ὰΰλοπ

1832 545 1920 590 tur
1951 543 2202 603 tanquam
2247 525 2388 582 aliud
2422 530 2476 586 in
2510 535 2636 600 alio,
2667 551 2732 590 ex
2763 537 2982 596 inﬁnitis
3009 551 3062 597 et
3093 542 3355 614 principio

129 632 316 693 ςὺσεως
366 605 660 678 ἀλλότρια.
698 613 800 664 Διὸ
849 617 1001 668 κατὰ
1053 624 1240 692 καιρὸν
1290 623 1503 685 εἰκότως
1545 624 1606 676 άν
1643 641 1725 686 τις

148 715 357 765 hama.
388 699 555 752 πάλιν
581 700 672 762 τὸ,
719 721 738 752 ι
771 703 891 776 Τὴν
923 708 1144 774 γένεσιν
1180 713 1340 765 αὑτοῦ
1365 713 1444 774 τίς
1473 711 1724 783 διηγήσε-

154 819 254 863 ut;
291 823 310 851 ι
353 792 770 860 ἀναφθέγξαιτο
837 798 906 851 ἄν
929 815 942 829 °
997 802 1184 872 ἐπειδὴ
1228 805 1319 855 καὶ
1348 805 1442 873 τὴν
1486 805 1725 859 ἐναντίαν

170 891 319 942 tua»
345 885 437 938 οὐκ
461 884 781 950 ἀκίνδυνον,
815 891 914 941 καὶ
946 891 1134 952 ἁπλῶς
1156 892 1322 946 οὑτως
1346 893 1403 958 ἐξ
1439 892 1537 946 οὐκ
1560 895 1725 947 ὄντων

164 980 406 1048 γεννητὸν
465 976 554 1028 τὸν
598 976 736 1028 Υἱδν
786 981 906 1041 τοῖς
957 980 1160 1045 λοιποῖς
1206 986 1472 1051 γεννητοῖς
1530 983 1724 1053 ὁμοίως

165 1066 520 1136 ἀποφήνασθαι
547 1081 561 1096 ο
611 1065 755 1137 άλλη
806 1068 918 1138 γὰρ
967 1070 1096 1122 Υἰοῦ
1145 1071 1367 1137 γένεσις,
1406 1072 1496 1124 καὶ
1526 1073 1653 1143 άλλη
1687 1077 1718 1143 ἡ

153 1158 241 1211 διὰ
280 1157 371 1210 τοῦ
408 1157 532 1209 Υίοῦ
579 1157 946 1228 δημιουργία.
995 1161 1152 1213 Ἀλλά
1181 1162 1283 1233 γὰρ
1317 1162 1559 1233 ὥσπερὴ
1607 1163 1722 1216 θεία

151 1247 342 1315 Γραφὴ
366 1245 483 1298 τοτὲ
515 1246 619 1314 μὲν
651 1247 1005 1316 πρωτότοκον
1033 1249 1210 1319 πάσης
1242 1252 1461 1313 κτίσεως
1486 1251 1572 1303 τὸν
1600 1252 1722 1304 Υἰὸν

141 1333 458 1406 ἀναγορεύει
496 1337 558 1401 ἐξ
590 1337 766 1388 αὐτοῦ
796 1337 1109 1407 προσώπου,
1138 1339 1217 1401 τὸ,
1275 1359 1292 1390 ι
1322 1341 1519 1411 Κύριος
1548 1341 1722 1395 ἔκτισέ

143 1445 208 1496 με
233 1427 402 1496 ἀρχὴν
428 1426 574 1478 ὁδῶν
611 1428 807 1489 αὑτοῦ,
844 1447 861 1478 ι
901 1429 1176 1496 φάσκουσα
1203 1445 1216 1459 ⁸
1251 1431 1366 1482 τοτὲ
1399 1431 1453 1483 δὲ
1486 1429 1721 1501 γέννημα

133 1517 224 1570 τοῦ
268 1517 483 1586 Πατρός
529 1514 710 1579 εἶναι,
739 1517 888 1584 λέγει
930 1519 1066 1570 κατὰ
1100 1521 1176 1583 τὸ,
1222 1541 1240 1570 ι
1279 1522 1388 1591 Πρὸ
1427 1519 1481 1573 δὲ
1512 1523 1720 1575 πάντων

133 1605 340 1674 βουνῶν
368 1607 553 1675 γεννᾷ
595 1623 664 1674 με
696 1623 710 1636 ο
757 1625 774 1656 ι
811 1607 981 1678 ταύτῃ
1026 1609 1114 1661 καὶ
1159 1611 1281 1678 ἡμῖν
1313 1609 1532 1663 ἔπεσθαι
1560 1611 1720 1678 ὑγιῶς

130 1697 196 1746 ἂν
234 1694 364 1763 ἔχοι,
395 1695 505 1746 καὶ
539 1695 608 1747 τὸ
643 1696 753 1766 πρὸ
779 1698 992 1750 πάντων
1017 1698 1220 1750 αἰώνων
1244 1698 1378 1750 εἶναι
1405 1699 1570 1766 Λόγον
1596 1699 1720 1752 ὄντα

127 1786 262 1837 Θεοῦ
297 1785 738 1854 δημιουργικὸν,
767 1787 861 1838 καὶ
888 1784 949 1838 τὸ
977 1789 1148 1857 Πατρ“ι
1183 1791 1429 1851 συνεῖναι,
1465 1789 1716 1859 μονογενῆ

1820 626 2127 680 carentibus
2170 620 2399 688 saeculis,
2423 633 2540 679 erat
2577 625 2744 682 Filius
2779 629 3044 699 ingenitus
3089 636 3144 689 in
3179 634 3351 702 Patre,

1821 717 1911 785 qui
1942 731 2066 785 pars
2096 714 2236 768 illius
2261 713 2503 781 quedam
2532 724 2694 782 esset,
2717 733 2835 786 qua:
2853 722 3062 790 quidem
3084 727 3352 792 posterius

1819 815 2140 860 commutata
2193 813 2247 858 et
2291 803 2458 873 ejecta
2504 813 2656 860 extra
2687 808 2835 862 illum
2881 815 3161 868 secesserit
3191 835 3204 868 :
3231 815 3342 884 jam

1817 895 1958 949 enim
1990 896 2128 951 istud
2159 900 2524 955 conversionis
2550 899 2822 969 proprium
2855 899 3010 966 foret,
3037 909 3090 955 et
3121 904 3198 958 sic
3221 920 3350 960 sane

1819 984 1926 1039 duo
1971 995 2148 1042 essent
2198 989 2461 1059 ingenita,
2499 1005 2663 1043 unum
2713 990 2766 1043 id
2810 991 2951 1060 quod
2999 994 3343 1064 proiecisset,

1819 1075 2041 1130 alterum
2072 1079 2214 1146 quod
2242 1080 2532 1148 projectum
2569 1082 2743 1135 esset!
2773 1080 2838 1134 Et
2865 1082 3102 1150 quinam,
3144 1101 3344 1153 quteso,

1820 1171 1989 1220 status
2017 1169 2240 1222 melior?
2265 1168 2401 1222 Num
2433 1170 2478 1223 is
2508 1169 2597 1238 qui
2627 1177 2750 1226 ante
2792 1174 3192 1228 conversionem
3223 1175 3342 1239 fuit,

1818 1271 1922 1324 quo
1950 1272 2043 1324 per
2070 1259 2447 1327 projectionem
2469 1261 2707 1314 diductio
2729 1261 2866 1315 facta
2886 1264 3006 1317 est?
3028 1263 3168 1332 Ergo
3189 1269 3345 1333 quasi

1819 1360 1940 1414 pars
1971 1348 2050 1400 vel
2073 1349 2364 1402 membrum
2394 1357 2548 1404 antea
2568 1365 2776 1419 semper
2796 1352 3025 1420 ingenite
3050 1354 3342 1421 adhaerens,

1817 1434 2006 1489 deinde
2036 1437 2306 1491 diductum
2350 1448 2403 1493 et
2441 1456 2679 1495 seorsum
2714 1441 2896 1496 abiens
2924 1459 2953 1494 a
2980 1451 3112 1509 toto,
3145 1447 3223 1500 sic
3255 1447 3345 1500 Fi-

1817 1524 1920 1577 lius
1958 1540 1987 1577 a
2016 1525 2170 1582 Putre
2218 1530 2436 1598 cogitari
2470 1533 2682 1600 poterit.
2721 1531 2824 1587 Sed
2860 1536 3001 1586 enim
3043 1535 3261 1590 infanda
3289 1547 3344 1593 et

1816 1626 2037 1679 prorsus
2065 1617 2222 1684 impia
2249 1619 2380 1680 haec,
2405 1637 2522 1689 quae
2550 1624 2785 1677 materiae
2813 1625 3023 1692 quidem
3053 1641 3341 1696 corporum

1816 1703 2137 1756 conveniunt
2169 1713 2222 1758 et
2253 1707 2521 1762 adhaerent
2551 1717 2609 1762 ut
2657 1712 2890 1779 propria,
2934 1712 3000 1764 ab
3027 1716 3341 1780 incorporea

1815 1805 1941 1844 vero
1976 1801 2028 1846 et
2057 1796 2292 1848 materiae
2327 1805 2542 1865 experte
2573 1807 2782 1861 natura,
2815 1800 3105 1855 abhorrent
3131 1803 3339 1856 aliena-

128 1891 183 1926 τε
223 1871 351 1925 Υἱδν
401 1869 557 1924 εἶναι
600 1874 701 1925 τοῦ
746 1875 853 1926 τῶν
885 1872 1016 1927 ὅλων
1054 1875 1203 1937 Θεοῦ,
1237 1877 1499 1946 ὑπουργὸν
1537 1895 1591 1929 τε
1625 1877 1705 1931 καί

1814 1898 1916 1950 que
1941 1892 2082 1936 sunt.
2120 1883 2376 1948 Quocirca
2403 1889 2593 1941 merito
2633 1889 2896 1957 quispiam
2923 1891 3022 1944 hoc
3052 1892 3104 1944 in
3137 1893 3252 1947 loco
3285 1903 3340 1948 et

128 1961 389 2032 συνεργὸν
422 1963 512 2032 τῷ
549 1964 738 2033 Πατρὶ
775 1966 871 2032 τῆς
898 1965 1004 2016 τῶν
1038 1965 1172 2016 ὅλων
1208 1965 1505 2028 οὐσιώσεώς
1541 1985 1597 2019 τε
1626 1969 1716 2020 καὶ

123 2053 557 2121 διακοσμήσεως
608 2053 1005 2121 γεγεννημένον
1045 2054 1338 2122 ὁμολογεῖν.
1371 2056 1432 2106 Εἰ
1477 2055 1582 2125 γὰρ
1624 2054 1714 2110 οὖν

127 2144 222 2193 καὶ
250 2142 373 2194 ἄλλο
395 2160 458 2194 τι
487 2143 746 2212 ἄρρητον
773 2143 865 2193 καὶ
889 2143 1260 2211 ἀκατάληπτον
1283 2147 1410 2213 ἡμῖν
1440 2147 1497 2198 ὲν
1521 2149 1583 2215 τῇ
1610 2147 1714 2198 τῶν

126 2234 262 2284 ὅλων
295 2233 704 2285 ἀπολέλειπται
731 2231 907 2300 φύσει,
937 2233 1098 2302 μυρία
1127 2234 1182 2285 δὲ
1210 2233 1276 2285 τά
1303 2234 1537 2298 τοιαῦτα,
1561 2238 1714 2288 ὁποῖα

128 2324 222 2374 καὶ
247 2321 315 2372 τὰ
343 2325 466 2386 τοῖς
501 2322 819 2388 Θεοφιλέσιν
863 2323 1238 2390 ἐπηγγελμένα
1282 2326 1550 2392 τυγχάνει,
1585 2343 1603 2375 ι
1650 2327 1712 2378 "A

126 2411 401 2481 ὀφθαλμὸς
431 2414 544 2466 οὐκ
568 2409 707 2476 εἶδε,
740 2414 833 2464 καὶ
851 2409 941 2476 οὖς
973 2415 1069 2465 οὐκ
1093 2415 1306 2482 ἤκουσε,
1337 2415 1426 2465 καὶ
1462 2416 1550 2467 ἐπὶ
1581 2433 1712 2485 καρ-

130 2501 245 2553 δίαν
270 2501 715 2572 ἀνθρώπουζιιῦκ
738 2502 924 2572 ἀνέϐη,
965 2522 981 2552 ι
1015 2503 1152 2554 κατὰ
1176 2504 1265 2555 τὸν
1293 2503 1431 2573 ἱερὸν
1467 2505 1713 2557 Ἀπόστο-

131 2591 250 2642 λον·
303 2593 439 2644 πολύ
492 2592 772 2662 πρότερον
819 2592 1000 2660 πάσης
1046 2593 1250 2654 ἐννοίας
1301 2593 1572 2653 ἐπέκεινα,
1613 2595 1710 2663 ἄρ-

135 2681 270 2749 ρητα
316 2682 410 2733 καὶ
457 2681 914 2749 ἀκατονόμαστα,
958 2680 1280 2749 ἀνεπινόητα
1323 2697 1381 2732 τε
1428 2682 1519 2734 καὶ
1564 2683 1711 2734 ἀνεν-

135 2768 341 2837 θὺμητα
371 2769 602 2836 γένοιτο
633 2769 702 2821 ἂν
726 2768 794 2820 τὰ
817 2769 942 2839 περὶ
978 2769 1074 2838 τῆς
1104 2769 1322 2838 πρώτης
1351 2769 1441 2820 τοῦ
1483 2771 1711 2837 Μονογε-

138 2859 257 2920 νοῦς
302 2861 390 2912 τοῦ
431 2859 582 2912 Θεοῦ
623 2859 906 2926 γενέσεως,
936 2859 1058 2911 ἄλλο
1109 2859 1269 2928 μηδὲν
1299 2859 1452 2911 πλέον
1483 2860 1708 2927 ἑχόντων

142 2947 292 3016 ἡμῶν
314 2951 442 3020 περὶ
471 2947 650 3000 αὑτοῦ
677 2948 855 3014 λέγειν
875 2965 930 3000 τε
969 2949 1061 3000 καὶ
1079 2952 1216 3001 νοεῖν
1241 2948 1272 3017 ἡ
1293 2965 1306 2979 ο
1351 2966 1368 2998 ι
1395 2949 1500 3018 Τὴν
1521 2949 1707 3015 γενεὰν

147 3037 302 3090 αὐτοῦ
325 3041 406 3102 τίς
436 3041 805 3109 διηγήσεται;
847 3058 864 3089 ι
901 3040 960 3091 Εἰ
995 3038 1051 3090 δέ
1080 3055 1162 3099 τις
1192 3037 1376 3090 τούτου
1410 3039 1706 3108 περαιτέρω

148 3129 328 3197 χωρῶν
351 3130 536 3200 τόλμῃ
554 3128 857 3199 προαχθείη
883 3131 949 3181 τὰ
985 3129 1156 3196 πάντη
1189 3129 1509 3198 άπερινόητα
1528 3131 1701 3200 ὁρατι-

156 3223 263 3279 κοῖς
291 3222 377 3272 καὶ
409 3222 757 3288 σωματικοῖς
779 3219 1139 3288 παραϐάλλειν
1175 3218 1540 3288 ὑποδείγμασι,
1569 3219 1704 3288 τάχα

156 3309 218 3362 ἂν
248 3311 379 3363 εἴποι
401 3312 504 3378 τῆς
533 3309 631 3363 τοῦ
670 3309 882 3378 Πατρδς
920 3310 1206 3378 ἀγεννήτου
1246 3308 1451 3377 φύσεως
1487 3310 1578 3362 καὶ
1608 3310 1704 3378 τῆς

158 3401 519 3471 ἀνεκφράστου
550 3400 765 3463 οὐσίας,
800 3401 946 3453 ὥσπε
955 3418 986 3470 ρ
1013 3401 1235 3453 εὐωδίαν
1275 3400 1393 3452 τινὰ
1421 3401 1511 3452 καὶ
1535 3401 1704 3467 φωτὸς

159 3492 322 3561 αὐτὴν
341 3494 425 3545 τὸν
475 3494 612 3546 Υίδν
644 3493 704 3557 ἐξ
738 3493 978 3562 ἀπείρων
1019 3492 1246 3554 αἰώνων,
1285 3492 1477 3561 μᾶλλον
1515 3491 1568 3542 δὲ
1600 3490 1703 3561 πρὸ

161 3582 360 3634 πάντων
405 3583 622 3636 αἰώνων
683 3582 1002 3648 ὑποστῆναι,
1039 3575 1322 3651 γενόμενόν
1365 3598 1421 3633 τε
1451 3584 1698 3641 συνεῖθαι,

167 3670 253 3720 at
293 3673 677 3743 συγγενόμενον
730 3671 818 3723 ἀεὶ
871 3671 948 3740 τῷ
994 3672 1166 3741 Πατρὶ
1221 3672 1296 3731 ὡς
1343 3671 1417 3739 τῷ
1460 3670 1611 3739 μύρῳ
1642 3668 1701 3721 τὸ

161 3759 367 3821 εὐῶδες,
401 3763 491 3814 καὶ
519 3761 601 3830 τῷ
641 3760 784 3828 φωτὶ
841 3759 938 3830 τὴν
977 3759 1166 3830 αὐγὴν,
1200 3758 1312 3810 ἀλλ’
1349 3759 1408 3809 οὐ
1444 3761 1552 3820 τοῖς
1574 3759 1702 3810 ὑπο-

161 3848 396 3915 δείγμασι
425 3851 564 3903 κατά
615 3849 798 3902 πάντα.
821 3849 1015 3917 τρόπον
1045 3848 1260 3916 ὁμοίως,
1301 3847 1574 3916 ὡσπεροῦν
1600 3845 1696 3916 ἤδη

165 3939 407 4007 πρότερον
455 3941 695 4011 εἴρηται.
755 3939 834 3990 Τὰ
884 3939 980 4007 μὲν
1025 3937 1131 4006 γὰρ
1162 3938 1338 4006 ἄψυχα
1379 3935 1598 4005 σώματα
1639 3937 1698 3987 τὸ

165 4028 485 4098 συμϐεϐηκὸς
517 4035 574 4081 ὲν
611 4027 865 4095 ποιότησι
902 4026 1190 4095 κέκτηνται
1211 4042 1223 4054 ·
1261 4027 1294 4094 ἦ
1319 4043 1374 4078 τε
1397 4025 1503 4094 γάρ
1525 4025 1659 4094 αὐγὴ
1679 4062 1693 4086 ,

165 4115 423 4184 σύμφυτος
447 4117 580 4172 οὖσα
623 4122 692 4188 τῇ
745 4117 838 4170 τοῦ
887 4117 1057 4185 φωτὸς
1099 4115 1272 4183 φύσει,
1306 4115 1395 4167 καὶ
1433 4113 1697 4175 οὐσιωδῶς

167 4209 558 4279 συνυπάρχουσα
611 4207 692 4277 τῷ
722 4206 882 4274 φωτὶ,
921 4208 1018 4258 οὐκ
1049 4207 1114 4258 ἂν
1144 4205 1351 4257 δύναιτο
1405 4203 1556 4264 ἐκτὸς
1599 4205 1695 4271 ὑφ-

163 4299 368 4351 εστάναι
393 4301 481 4353 τοῦ
504 4303 563 4354 ὲν
665 4301 815 4351 ἐστιν
835 4317 847 4328 ·
883 4299 912 4348 ὁ
939 4297 994 4348 δέ
1016 4313 1080 4363 γε
1110 4295 1200 4348 τοῦ
1224 4293 1353 4346 Θεοῦ
1385 4293 1551 4360 Λόγος
1573 4292 1691 4346 καθ’

167 4385 344 4439 ἑαυτὸν
365 4389 614 4443 οὐσίωταί
644 4405 704 4440 τε
733 4386 827 4439 καὶ
860 4385 1147 4453 ὑφέστηκε,
1168 4383 1256 4435 καὶ
1275 4382 1369 4434 οὑκ
1397 4381 1693 4449 ἁγεννήτως

1813 1981 2108 2040 opportune
2140 1989 2328 2029 rursus
2372 1977 2499 2029 illud
2537 1978 2764 2046 proferet
2801 1997 2814 2032 :
2859 1998 2876 2029 ι
2930 1979 3334 2036 Generationem

1811 2061 1927 2127 ejus
1967 2063 2087 2129 quis
2128 2065 2440 2117 euarrabit?
2470 2067 2513 2096 ⁸³
2549 2087 2566 2116 ι
2608 2065 2876 2134 Siquidem
2920 2071 2972 2120 in
3012 2073 3334 2124 contrariam

1811 2150 1956 2204 abire
1981 2161 2203 2218 partem,
2238 2161 2288 2204 et
2313 2152 2625 2220 simpliciter
2657 2157 2734 2209 sic
2761 2159 3058 2219 enuntiare,
3083 2173 3146 2212 ex
3172 2161 3336 2212 nihilo

1809 2239 2041 2306 genitum
2071 2254 2189 2293 esse
2217 2238 2405 2293 Filium
2434 2243 2614 2296 eadem
2642 2246 2843 2297 ratione
2863 2262 2964 2313 qua
2994 2248 3193 2314 reliqua
3216 2263 3336 2315 qua:

1810 2323 1948 2376 facta
1981 2333 2125 2388 sunt,
2164 2342 2267 2378 non
2301 2328 2502 2395 absque
2538 2330 2778 2396 periculo
2806 2332 2874 2384 sit
2904 2351 2915 2384 :
2950 2333 3049 2391 alia
3082 2342 3163 2386 est
3191 2335 3332 2388 enim

1808 2411 1926 2466 Filii
1972 2416 2258 2482 generatio,
2292 2424 2344 2469 et
2393 2419 2497 2471 alia
2538 2434 2631 2487 per
2655 2417 2842 2472 Filium
2889 2422 3111 2475 aliarum
3156 2438 3332 2478 rerum

1807 2505 2022 2558 creatio.
2051 2506 2226 2570 Quare
2252 2522 2372 2561 cum
2401 2509 2577 2562 divina
2624 2509 2894 2579 Scriptura
2928 2512 3084 2566 modo
3120 2514 3330 2582 quidem

1806 2593 2212 2662 primogenitum
2263 2597 2436 2651 omnis
2480 2609 2734 2654 creatum
2762 2600 2950 2654 Filium
2981 2605 3226 2671 appellet,
3265 2622 3332 2661 ex

1805 2679 1974 2748 ipsius
1999 2697 2223 2750 persona
2253 2685 2331 2737 sic
2371 2686 2554 2740 dicens
2588 2705 2599 2739 :
2640 2705 2659 2736 ι
2701 2687 2958 2745 Dominus
3006 2694 3205 2746 creavit
3247 2710 3333 2748 me

1805 2768 2010 2820 initiqu
2045 2771 2245 2824 viarum
2276 2787 2512 2835 suarum,
2554 2794 2573 2826 ι
2611 2776 2768 2830 modo
2812 2787 2986 2833 autem
3033 2783 3328 2849 genituram

1803 2855 1977 2911 Patris
2016 2859 2187 2920 dicat,
2220 2861 2308 2913 ubi
2355 2863 2466 2916 ait:
2508 2882 2525 2912 ι
2568 2863 2631 2916 Et
2664 2874 2789 2919 ante
2832 2883 3018 2923 omnes
3050 2871 3214 2924 colles
3252 2872 3332 2940 gi—

1803 2947 1912 3012 gnit
1944 2962 2044 3010 me,
2086 2967 2105 2998 ι
2140 2949 2274 3003 hanc
2305 2951 2426 3004 item
2450 2968 2546 3008 nos
2569 2957 2716 3024 sequi
2748 2957 3068 3026 sanijudicii
3098 2963 3186 3026 sit,
3207 2977 3331 3016 con-

1803 3035 2043 3104 iiterique
2070 3047 2192 3093 ante
2221 3043 2396 3095 omnia
2424 3045 2616 3098 sarcula
2646 3062 2762 3101 esse
2792 3046 3020 3103 Verbum
3059 3051 3149 3106 Dei
3177 3067 3331 3106 crea-

1804 3125 1935 3178 toris
1966 3126 2359 3193 administrum,
2387 3147 2608 3200 esseque
2641 3150 2746 3188 una
2779 3151 2898 3190 cum
2928 3136 3104 3204 Patre,
3138 3152 3191 3194 et
3216 3142 3332 3194 uni-

1804 3227 1923 3263 cum
1945 3228 2064 3268 esse
2093 3218 2305 3270 maximi
2337 3220 2424 3272 Dei
2449 3219 2659 3287 Filium,
2687 3223 2776 3290 qui
2810 3222 2954 3278 Patri
2976 3227 3063 3280 det
3086 3242 3325 3297 operam,

1801 3300 2022 3368 ejusque
2054 3305 2123 3356 sit
2151 3305 2349 3367 socius,
2393 3307 2518 3361 dum
2565 3312 2745 3364 omnia
2771 3327 2888 3378 quae
2923 3324 3068 3377 sunt,
3106 3317 3232 3372 facit
3268 3330 3325 3373 ut

1802 3391 1927 3456 sint,
1951 3394 2236 3462 eademque
2255 3395 2505 3465 disponit.
2540 3398 2743 3454 Etenim
2772 3403 2817 3456 si
2849 3404 2972 3457 item
3001 3408 3144 3460 aliud
3166 3411 3326 3476 quid-

1800 3483 1961 3549 piam,
1994 3484 2134 3551 quod
2155 3500 2324 3554 neque
2346 3488 2471 3550 dici,
2506 3504 2677 3557 neque
2705 3495 3078 3560 comprehendi
3103 3512 3132 3549 a
3166 3501 3322 3554 nobis

1800 3571 1988 3636 possit,
2036 3573 2090 3625 in
2131 3583 2319 3627 natura
2358 3577 2591 3630 universi
2640 3582 2894 3634 remansit
2947 3585 3094 3651 (sunt
3142 3595 3320 3642 autem

1799 3657 2203 3712 innumerabilia
2240 3660 2649 3730 hujuscemodi),
2683 3667 2838 3733 quale
2885 3669 3066 3737 utique
3097 3672 3323 3728 habetur

1797 3747 1935 3814 quod
1969 3746 2058 3800 Dei
2083 3749 2266 3803 amicis
2283 3752 2602 3817 promissum
2633 3762 2734 3815 est,
2760 3773 2778 3804 ι
2803 3754 2952 3820 Quod
2987 3760 3175 3813 oculus
3207 3777 3311 3816 non

1795 3837 1945 3899 vidit,
1988 3853 2084 3892 nec
2110 3840 2254 3893 auris
2285 3841 2504 3905 audivit,
2533 3859 2632 3897 nec
2664 3844 2717 3896 in
2743 3860 2836 3899 cor
2861 3847 3095 3904 hominis
3124 3866 3318 3906 ascen-

1795 3925 1890 3990 dit,
1936 3944 1954 3976 ι
1983 3934 2038 3978 ιιι
2069 3935 2286 3982 sanctus
2314 3931 2388 3981 ait
2413 3929 2699 4008 Apostolus
2730 3934 2768 3997 ¹,
2797 3935 2963 3989 multo
2984 3937 3130 4005 prius
3157 3954 3316 4008 supra

1793 4030 2002 4068 onmem
2035 4018 2408 4085 cogitationem
2446 4007 2687 4075 ferantur
2715 4038 2778 4076 ac
2810 4040 2982 4094 neque
3010 4027 3114 4081 dici
3145 4007 3318 4098 neque

1793 4104 2143 4168 denominari,
2175 4123 2344 4176 neque
2367 4111 2608 4180 intelligi,
2634 4128 2731 4168 nec
2756 4116 2933 4168 animo
2961 4117 3166 4186 concipi
3194 4134 3319 4188 pos-

1793 4191 1917 4250 sint,
1955 4207 2072 4261 quae
2107 4194 2173 4247 ad
2208 4197 2432 4264 primam
2469 4201 2610 4254 unici
2648 4200 2737 4256 Dei
2769 4202 2887 4256 Filii
2921 4209 3314 4274 generationem

1790 4279 2071 4365 pertinent.
2099 4281 2170 4337 De
2192 4299 2298 4352 quo
2325 4300 2453 4341 sane
2475 4289 2608 4342 nihil
2642 4290 2899 4348 habemus
2915 4296 3143 4363 amplius
3172 4297 3316 4365 quod

1790 4364 2030 4422 dicamus
2056 4378 2148 4423 aut
2181 4373 2472 4442 cogitemus
2494 4392 2650 4444 quam
2675 4378 2834 4434 iliud:
2864 4400 2882 4431 ι
2907 4364 3313 4440 Generationem

165 4481 474 4549 συνυπάρχει
499 4480 578 4549 τῷ
606 4478 804 4548 Πατρὶ,
833 4477 946 4530 ἀλλ’
972 4477 1046 4538 ὡς
1081 4473 1362 4546 μονογενὴς
1385 4472 1510 4535 Υἱὸς
1539 4473 1690 4541 μόνος

1802 4455 1905 4523 ejus
1922 4457 2078 4525 215
2097 4461 2218 4527 quis
2236 4464 2542 4517 enarrahit?
2563 4485 2581 4516 ι
2604 4465 2753 4531 Quod
2771 4468 2814 4521 si
2835 4470 2956 4538 quis
2971 4471 3071 4525 hoc
3093 4473 3315 4528 ulterius

162 4565 265 4635 πρὸ
289 4571 483 4621 πάντων
509 4568 613 4621 τῶν
629 4565 843 4619 αἰώνων
870 4566 933 4616 ὲκ
947 4563 1036 4617 τοῦ
1056 4563 1260 4632 Πατρός
1289 4561 1686 4631 γεγεννημένος·

162 4654 194 4719 ῆ
219 4671 277 4705 τε
303 4658 497 4720 εὐωδία,
520 4656 768 4726 ἀπορροή
785 4671 869 4716 τις
900 4648 1031 4705 οὖσα
1059 4650 1334 4720 σωματικὴ
1365 4649 1456 4700 τοῦ
1476 4650 1690 4700 ὑποκει-

165 4742 335 4809 μένου,
367 4749 479 4800 καθ’
508 4748 710 4817 ἑαυτὴν
741 4744 899 4804 ἐκτὸς
925 4741 1017 4793 τοῦ
1041 4738 1250 4810 πρώτου
1271 4739 1438 4791 αίτίου
1468 4739 1528 4790 τὸ
1555 4737 1689 4806 πλη-

164 4831 334 4893 σιάζον
362 4837 659 4907 πληροῦσα,
699 4833 855 4886 οὐδὲν
894 4826 1053 4901 ἦττον
1097 4827 1371 4896 σωματικὴ
1428 4823 1558 4879 οὖσα
1599 4826 1690 4878 καὶ

161 4922 293 4992 αὐτὴ
313 4931 572 4998 τυγχάνει.
600 4927 677 4978 Οὐ
707 4923 879 4990 ταύτῃ
895 4917 987 4972 οὖν
1007 4922 1136 4988 ἡμῖν
1163 4918 1472 4986 νοηθήσεται
1503 4918 1594 4968 καὶ
1624 4916 1689 4967 τὰ

161 5013 281 5080 περὶ
323 5018 415 5086 τῆς
470 5016 701 5086 πρώτης
768 5008 1072 5069 οὑσιώσεως
1123 5005 1215 5057 τοῦ
1239 5005 1476 5071 Σωτῆρος
1515 5002 1685 5072 ἡμῶν.

156 5098 283 5149 οὐδὲ
312 5106 409 5175 γάρ
439 5105 500 5168 ἐξ
546 5102 744 5162 οὐσίας
775 5099 873 5167 τῆς
905 5095 1195 5162 άγεννήτου
1224 5090 1358 5142 κατά
1380 5107 1431 5141 τι
1459 5089 1620 5150 πάθος
1655 5089 1686 5157 ἢ

147 5183 391 5252 διαίρεσιν
415 5190 775 5261 οὑσιωμένος,
811 5186 930 5238 οὐδὲ
961 5201 1022 5251 γε
1058 5182 1300 5250 ἀνάρχως
1335 5178 1688 5247 συνυφὲστηκε

132 5269 196 5333 τῷ
217 5271 405 5354 Πατρί
422 5301 436 5314 ·
467 5283 597 5335 ἐπεὶ
622 5282 652 5330 ό
686 5279 787 5346 μὲν
817 5273 1130 5340 ἀγέννητοςν
1165 5270 1192 5318 ὁ
1222 5267 1275 5318 δὲ
1299 5265 1541 5333 γεννητὸς
1559 5281 1572 5293 ⁶
1599 5266 1690 5316 καὶ

119 5356 280 5418 ὁμὲν..
304 5373 514 5444 Πατὴρ,
564 5374 596 5423 ὁ
634 5367 694 5419 δὲ
729 5364 878 5424 Υἱός.
934 5357 1308 5444 Προῦπάρχειν
1340 5356 1411 5444 δὲ*
1433 5356 1524 5406 καὶ
1557 5371 1688 5425 προ-

102 5441 412 5524 ξξρεακτάναι
440 5441 684 5524 ’Πατέρα
711 5450 846 5502 Υἰοῦ
863 5487 878 5510 ,
907 5450 1011 5507 πᾶς
1040 5443 1285 5496 ὁστισοῦν
1303 5441 1682 5512 ὁμολογήσειεν.

91 5521 289 5601 ἳῗῖχὴ
320 5553 379 5601 ειν
412 5521 739 5612 ταύτῃ-καὶ
763 5534 927 5587 εἰκὼν
958 5531 1113 5595 Θεοῦ,
1146 5531 1392 5600 ἀρρήτως
1421 5529 1568 5582 πάλιν
1597 5533 1683 5584 καὶ

218 5709 262 5741 ’⁸
293 5715 358 5780 ita.
393 5734 521 5783 vm,
556 5716 613 5768 8.
708 5711 726 5741 ί
758 5703 928 5758 lCor.
949 5715 1004 5761 ιι,
1035 5697 1087 5750 9.

1788 4548 2133 4615 progrediens
2180 4566 2244 4604 eo
2297 4554 2622 4620 provehatur
2647 4557 2904 4621 audaciae,
2935 4566 2994 4612 ut
3023 4577 3142 4629 qua:
3167 4563 3314 4614 nulla

1789 4650 2012 4704 prorsus
2041 4638 2390 4708 intelligentia
2411 4647 2788 4713 comprehendi
2818 4656 3063 4714 possunt,
3093 4665 3155 4703 ea
3183 4652 3342 4705 visi-o

1787 4726 1984 4780 bilibus
2031 4735 2084 4780 et
2135 4731 2410 4798 corporeis
2454 4735 2710 4802 exemplis
2753 4736 3034 4798 assimilet,
3086 4737 3310 4792 forsitan

1787 4816 1948 4880 dicat,
1984 4817 2199 4886 ingeniti
2236 4819 2409 4876 Patris
2448 4832 2650 4878 naturae
2697 4832 2856 4893 atque
2914 4824 3198 4880 ineﬂ‘abilis
3223 4842 3312 4880 es-

1787 4908 1987 4970 sentiae,
2011 4909 2164 4976 quasi
2191 4909 2534 4979 fragrantiam
2553 4913 2860 4982 quamdam,
2882 4927 2944 4966 ac
2977 4913 3115 4968 lucis
3135 4917 3314 4984 splen-

1786 4997 1986 5058 dorem,
2021 4998 2193 5066 ipsum
2228 4999 2416 5054 Filium
2443 5019 2508 5057 ex
2532 5003 2755 5056 inﬁnitis
2785 5001 3018 5063 saeculis,
3052 5017 3116 5056 ac
3139 5006 3317 5071 potius

1787 5093 1910 5138 ante
1936 5087 2114 5138 omnia
2144 5089 2340 5140 saecula
2373 5091 2678 5155 exstitisse;
2711 5089 2950 5154 dumque
2983 5091 3196 5144 exsistit
3245 5093 3321 5144 si-

1786 5177 1894 5228 mul
1925 5191 2062 5239 esse,
2105 5192 2278 5245 neque
2303 5177 2512 5233 Patrem
2551 5192 2794 5247 unquam
2829 5176 3152 5245 relinquere,
3185 5183 3324 5234 sicut

1785 5281 1882 5320 nec
1911 5274 2236 5334 unguentum
2293 5267 2464 5322 bonus
2498 5269 2666 5331 odor,
2702 5280 2809 5318 nec
2858 5265 3030 5318 lucem
3076 5269 3329 5333 splendor

1785 5359 2068 5426 relinquit;
2098 5373 2278 5412 verum
2296 5360 2533 5428 exempla
2563 5360 2680 5412 haec
2716 5371 2832 5410 non
2859 5355 3170 5409 omnimodo
3199 5357 3335 5408 inte-

1783 5463 1930 5516 gram
1955 5457 2207 5517 praestant
2235 5449 2660 5512 similitudinem,
2696 5448 2805 5502 sed
2825 5445 3092 5517 quomodo
3119 5445 3229 5511 jam
3247 5460 3343 5496 an-

1785 5543 1868 5592 tea
1895 5537 2094 5591 dictum
2126 5545 2203 5591 est
2229 5553 2247 5590 ;
2285 5551 2407 5590 nam
2432 5552 2663 5608 corpora
2704 5536 3018 5590 inanimata
3045 5531 3228 5599 ipsum
3259 5541 3354 5580 ae-
