3862 6348
732 380 834 434 355

1352 380 1618 434 EUSEBII
1653 336 2122 435 CAESARIENSIS
2161 376 2307 431 OPP.
2343 375 2538 432 PARS.
2580 378 2643 432 Il.
2681 407 2748 417 —
2779 377 3207 434 APOLOGETICA.

729 496 914 550 cidens
945 493 996 546 in
1012 494 1362 560 qualitatibus
1392 497 1651 564 retinent;
1684 497 1933 566 splendor
1959 497 2254 557 enim,cum

2074 510 2122 557 η,
2139 510 2258 548 cum
2288 497 2334 550 Α
2360 493 2767 558 ἀνεπιλογίστως
2803 495 2948 562 ἡμῖν,
2977 493 3135 556 ζῶντος
3155 487 3259 541 Θεοῦ
3279 483 3432 550 ζῶσά
3449 507 3524 554 τις,
3543 493 3599 543 καί

734 588 899 654 ipsam
924 585 1060 636 lucis
1085 595 1328 638 naturam
1363 587 1665 650 comitetur,
1699 604 1799 642 nec
1826 590 1990 657 ipsam
2022 601 2255 654 unquam

731 677 865 728 lucis
893 677 1178 728 essentiam
1235 678 1520 743 relinquat,
1551 686 1700 730 extra
1727 679 1792 730 ad
1832 679 2026 745 ipsum,
2069 676 2120 727 in
2151 691 2256 743 quo

727 775 827 826 est,
852 773 995 818 stare
1047 781 1152 817 non
1199 775 1371 834 potest
1401 785 1412 817 :
1448 776 1499 818 at
1543 782 1665 820 vero
1693 768 1866 834 ipsum
1901 766 1992 818 Dei
2027 763 2276 817 Verbum’

726 868 821 919 per
849 853 1080 921 seipsum
1112 861 1164 904 et
1211 855 1498 906 essentiam
1531 857 1735 908 obtinet
1763 863 1815 908 et
1859 855 2127 916 consistit,
2159 870 2257 907 nec

725 943 928 1011 absque
951 943 1200 1012 gignendi
1242 945 1449 996 ratione
1478 961 1598 997 cum
1645 945 1803 999 Patre
1832 947 2042 999 exsistit
2073 946 2254 1010 simul,

724 1032 818 1087 sed
848 1043 1097 1101 tanquam
1143 1033 1332 1086 unicus
1367 1031 1554 1097 Filius,
1586 1035 1677 1102 qui
1713 1037 1859 1090 solus
1906 1044 2029 1089 ante
2074 1038 2256 1090 omnia

723 1122 918 1175 saecula
949 1137 1012 1175 ex
1041 1121 1195 1175 Patre
1219 1123 1288 1176 sit
1317 1123 1526 1191 genitus
1554 1142 1568 1176 :
1601 1123 1773 1176 bonus
1805 1123 1928 1176 item
1961 1124 2112 1187 odor,
2130 1138 2255 1176 cum

722 1212 953 1279 subjecti
977 1211 1221 1280 corporis
1257 1213 1523 1266 emanatio
1553 1213 1796 1282 quaedam
1841 1214 1929 1277 sit,
1963 1213 2078 1282 ipsa
2121 1227 2254 1282 quo-

721 1319 825 1373 que
855 1318 1133 1372 corporea,
1167 1317 1338 1372 neque
1365 1303 1590 1357 seorsim
1643 1319 1674 1356 a
1729 1305 1897 1372 prima
1944 1317 2108 1358 causa
2161 1320 2254 1374 per

721 1393 954 1459 seipsum
974 1393 1184 1460 impleat
1210 1392 1282 1455 id,
1309 1392 1450 1461 quod
1476 1393 1577 1461 ipsi
1607 1393 1906 1461 proximum
1929 1403 2032 1460 est,
2058 1395 2255 1448 nihilo-

721 1483 900 1536 minus
933 1482 1093 1536 etiam
1125 1483 1238 1551 ipse
1275 1499 1304 1534 a
1337 1490 1529 1536 natura
1565 1497 1824 1552 corporea
1878 1499 1986 1537 non
2029 1484 2248 1538 recedit.

719 1573 834 1627 Non
864 1575 941 1628 sic
972 1575 1132 1643 igitur
1160 1589 1190 1626 a
1223 1575 1376 1628 nobis
1403 1590 1464 1628 ea
1506 1591 1624 1644 qua:
1661 1577 1724 1628 ad
1756 1578 1980 1644 primam
2010 1574 2252 1630 Salvato-

719 1663 795 1717 ris
845 1664 1014 1717 nostri
1076 1665 1511 1734 prepagationem
1559 1665 1855 1733 pertinent,
1908 1664 2249 1734 intelligenda

718 1761 880 1818 sunt;
921 1769 1094 1822 neque
1110 1756 1252 1808 enim
1283 1771 1346 1809 ex
1379 1763 1572 1808 natura
1597 1755 1715 1823 ejus
1735 1756 1825 1824 qui
1855 1755 2120 1824 ingenitus
2143 1762 2246 1819 est,

2359 584 2522 652 αὐτὴν
2573 585 2851 652 ὑφεστῶσα
2908 585 3082 647 ἀΰλως,
3121 583 3195 634 καὶ
3223 575 3507 662 ἀσωμάιτως,
3549 603 3597 636 κα

2360 675 2595 726 ἐναντίου
2631 677 2824 738 παντὸς
2873 676 3084 744 ἀμιγῶς,
3111 673 3197 725 ἀλλ’
3219 672 3294 736 οὐχ
3319 669 3416 721 οἶαι
3441 689 3502 733 τις
3538 675 3600 724 ττάῖ

2359 768 2486 836 παρ’
2520 768 2645 834 ἡμῖν
2697 768 2875 829 εἰκὼν,
2913 766 3078 834 ἓτερον
3102 764 3176 833 μὲν
3199 762 3350 830 ἔχουσα
3366 761 3440 811 τὸ
3459 764 3551 812 κατ’
3590 781 3600 813 ‹

2361 855 2726 923 ὑποκείμενον,
2753 857 2937 923 ἕτερον
2970 855 3023 906 δὲ
3049 850 3226 912 τὸεῖδος,
3255 848 3474 901 ἀλλ’ὅῦιον
3497 851 3597 902 αύτδ

2359 943 2451 1006 ὢν,
2486 945 2576 996 καὶ
2634 945 2914 1014 αύτοουσία
2945 944 3022 1013 τῷ
3051 942 3185 1011 Πατρὶ
3216 938 3596 1006 ἀφομοιῡύμενος.

2357 1032 2412 1083 δὲ
2463 1034 2552 1085 καὶ
2603 1033 2946 1102 ξωτικωτὰτη
2994 1032 3076 1084 τοῦ
3115 1028 3279 1098 Πατρδς
3327 1025 3510 1079 εὐωδία
3537 1044 3600 1079 ’ω’

2358 1123 2601 1191 ἀρρήτως
2632 1122 2758 1190 ἡμῖν
2809 1119 2967 1172 πάλιν
3001 1120 3080 1170 καὶ
3125 1111 3514 1178 ἀνεπιλογίσπεως·
3555 1113 3600 1163 ιτ

2357 1211 2527 1262 πάντα
2557 1211 2653 1261 ὅσα
2676 1210 2788 1261 ἐστὶ
2812 1209 2938 1278 περὶ
2977 1207 3116 1259 αὑτὸν
3138 1202 3297 1270 ἀληθῆ,
3318 1201 3516 1269 ἄρῥητα
3538 1199 3591 1252 ἂν

2357 1293 2580 1365 θρὼπων
2597 1298 2816 1364 φωναῖς,
2847 1295 2940 1346 καὶ
2967 1294 3202 1361 λογισμοῖς
3222 1287 3400 1358 θνητῶν
3441 1289 3599 1340 ἁνεπιλ

2356 1382 2492 1435 κατά
2516 1383 2604 1436 τὸν
2636 1382 2830 1453 ἀκριϐῆ
2864 1383 3034 1450 λόγον.
3078 1379 3206 1433 Ἀλλά
3238 1377 3333 1446 γὰρ
3361 1376 3442 1438 ὡς
3469 1377 3584 1446 ἡμῖν

2355 1473 2520 1540 φίλον,
2566 1472 2783 1524 τοιῶσδε
2841 1473 2933 1524 καὶ
2961 1472 3028 1524 τά
3070 1471 3196 1537 λόγια
3227 1465 3472 1519 παιδεύει.
3507 1468 3600 1518 Ἥ(

2354 1563 2581 1634 Χριστοῦ
2614 1564 2833 1616 εὐωδίαν
2865 1563 3024 1624 αὐτὸς
3051 1563 3228 1624 ἑαυτὸν,
3251 1559 3339 1612 καὶ
3355 1557 3481 1621 τοὺς
3511 1561 3599 1613 αύτ

2353 1653 2604 1723 πλησίους
2665 1655 2693 1704 6
2742 1654 2880 1724 ἱερὸς
2920 1651 3207 1714 Ἀπόστολος
3237 1651 3492 1720 προσεῖπε
3517 1651 3594 1706 διὰ

2353 1744 2580 1813 Χριστοῦ
2644 1744 2946 1814 πνεύματος
2989 1743 3227 1813 μετοχήν;
3280 1739 3444 1810 μύρον
3467 1758 3524 1792 τε
3566 1744 3600 1794 ἐς

717 1841 994 1910 partiendo
1016 1843 1320 1910 aliquidaut
1336 1842 1621 1897 dividendo
1649 1823 1893 1896 naturam
1915 1823 1998 1898 est
2018 1853 2206 1899 nactus
2232 1863 2242 1899 :

2066 1853 2206 1899 actus
2232 1863 2248 1899 ς
2278 1823 2324 1883 Β
2351 1835 2378 1886 6
2403 1835 2641 1904 οὐράνιος
2670 1833 2914 1903 Νυμφίος
2959 1835 3015 1884 ὲν
3052 1836 3145 1894 τοῖς
3182 1833 3440 1901 ’ᾼσμασιν
3472 1831 3591 1899 dum

716 1946 887 1998 neque
917 1947 1044 1985 vero
1073 1933 1275 2000 absque
1313 1932 1579 2000 principio
1628 1947 1750 1984 cum
1781 1931 1938 1986 Patre
1971 1932 2129 1985 simul
2165 1948 2252 1987 ex-

714 2021 873 2084 stitit,
903 2022 1120 2091 quando
1151 2023 1239 2076 ille
1266 2023 1480 2090 quidem
1509 2023 1801 2091 ingenitus,
1837 2022 1923 2076 hic
1956 2037 2080 2076 vero
2102 2023 2251 2090 geni-

714 2120 802 2166 tus
831 2119 933 2173 est,
974 2120 1027 2164 et
1059 2111 1146 2164 ille
1197 2110 1374 2175 Pater,
1409 2111 1496 2164 hic
1544 2110 1709 2165 Filius
1744 2130 1757 2164 :
1787 2119 1840 2163 at
1869 2126 1994 2164 vero
2034 2110 2248 2166 Patrem

713 2200 991 2264 exsistere,
1029 2205 1082 2253 et
1110 2209 1354 2253 naturam
1405 2216 1556 2254 suam
1606 2201 1850 2256 obtinere
1883 2217 1987 2255 non
2031 2219 2060 2254 a
2091 2201 2262 2282 Filio,

714 2295 1084 2361 unusquisque
1115 2291 1270 2346 facile
1299 2293 1658 2355 conﬁtebitur,
1689 2293 1873 2346 eadem
1901 2307 2060 2360 porro
2086 2294 2250 2346 ratio-

715 2395 783 2434 ne
811 2380 984 2449 imago
1012 2380 1102 2434 Dei
1127 2381 1246 2443 erit,
1273 2381 1344 2433 ita
1381 2381 1616 2450 quidem,
1641 2390 1697 2434 ut
1731 2398 1918 2436 rursus
1957 2385 2118 2438 nullis
2155 2399 2248 2438 ne-

711 2485 814 2540 que
854 2471 1052 2534 verbis,
1085 2486 1257 2540 neque
1297 2471 1616 2536 rationibus,
1673 2475 1940 2541 quomodo
1974 2475 2064 2534 sit.
2101 2489 2248 2528 com-

713 2559 1039 2628 prehendere
1074 2561 1341 2628 possimus
1363 2600 1377 2624 ,
1405 2561 1600 2630 quippe
1643 2576 1764 2614 cum
1802 2563 2026 2616 viventis
2052 2561 2144 2615 Dei
2164 2564 2246 2616 vi-

713 2663 840 2702 vens
875 2649 988 2716 ipsa
1013 2649 1083 2702 sit
1112 2657 1164 2703 et
1203 2665 1296 2717 per
1317 2651 1547 2718 seipsam
1580 2650 1904 2714 consistens,
1935 2652 2050 2705 sine
2077 2661 2245 2705 mate-

712 2737 810 2798 ria,
843 2737 960 2792 sine
991 2753 1236 2806 corpore,
1271 2739 1404 2791 nihil
1440 2754 1662 2807 prorsus
1709 2739 1912 2793 habens
1958 2739 2243 2793 admistum

711 2828 996 2893 contrarii;
1024 2844 1196 2897 neque
1232 2844 1358 2883 vero
1399 2829 1700 2897 cujusmodi
1745 2830 1850 2882 ulla
1887 2831 1953 2883 sit
1983 2829 2121 2899 apud
2144 2846 2243 2885 nos

711 2915 906 2986 imago,
942 2934 1061 2987 quae
1093 2927 1146 2974 et
1195 2919 1336 2972 aliud
1382 2919 1630 2972 essentiae
1679 2920 1976 2987 subjectum
2027 2920 2239 2985 habeat,

710 3014 762 3058 et
800 3007 958 3059 aliam
990 3008 1240 3076 speciem,
1266 3007 1360 3060 sed
1384 3023 1502 3075 quae
1538 3016 1650 3060 tota
1681 3007 1795 3076 ipsa
1823 3009 1889 3060 sil
1920 3007 2146 3075 species,
2187 3016 2240 3061 et

710 3109 825 3163 ipsa
869 3097 1123 3161 essentia,
1180 3097 1580 3152 similitudinem
1633 3098 1868 3151 referens
1919 3096 2115 3152 Patris.
2147 3096 2237 3152 Sic

709 3191 888 3238 autem
923 3185 1099 3242 Patris
1129 3201 1343 3255 quoque
1365 3185 1659 3255 fragrantia
1679 3187 1802 3249 erit,
1838 3203 1955 3256 qua:
1981 3187 2236 3244 eﬂicacis-

709 3272 897 3326 simam
935 3274 1220 3343 largienda:
1247 3275 1370 3328 vitae
1409 3274 1517 3326 vim
1550 3273 1762 3340 habeat,
1785 3275 1878 3329 sed
1924 3276 1996 3328 ita
2048 3292 2237 3333 rursus

709 3375 879 3428 neque
905 3361 1011 3415 dici
1049 3377 1080 3416 α
1113 3363 1290 3428 nobis,
1315 3377 1487 3430 neque
1523 3363 1821 3416 rationibus
1837 3364 2012 3433 colligi
2029 3365 2232 3432 possit:

709 3449 969 3519 siquidem
997 3453 1178 3506 omnia
1211 3467 1542 3522 quaecunque
1570 3452 1635 3506 de
1664 3453 1756 3506 illo
1793 3468 1916 3508 vera
1943 3453 2237 3516 sunt,inef-

706 3537 885 3593 [abilia
918 3552 1043 3596 sunt
1072 3544 1346 3596 hominum
1378 3543 1632 3605 vocibus,
1667 3550 1720 3596 et
1755 3543 2059 3596 mortalium
2085 3543 2230 3611 cogi-

707 3631 1020 3694 tationibus,
1062 3634 1359 3688 secundum
1393 3633 1712 3704 exquisitam
1741 3635 2002 3688 rationem
2032 3633 2236 3703 incOgi-

707 3723 905 3775 tabilia.
939 3724 1098 3792 216
1127 3723 1231 3778 Sed
1276 3726 1418 3778 enim
1455 3739 1669 3794 quoquo
1713 3723 1873 3777 modo
1916 3723 2100 3777 audire
2135 3737 2234 3777 nos

707 3817 872 3878 juvat,
909 3811 1089 3864 itidem
1144 3826 1296 3865 sacra
1335 3829 1434 3868 nos
1487 3813 1735 3868 erudiunt
1765 3814 2002 3867 oracula.
2041 3813 2234 3867 Annon

707 3898 903 3951 Christi
932 3898 1127 3950 bonum
1149 3899 1364 3954 odorem
1402 3903 1515 3976 ipse
1553 3903 1810 3970 seipsum,
1832 3913 1881 3956 et
1920 3903 2003 3957 sui
2035 3903 2234 3958 similes

707 3995 924 4041 sanctus
947 3989 1232 4055 Apostolus
1248 3992 1289 4053 ⁸,
1319 4001 1599 4060 propterea
1619 3989 1758 4060 quod
1786 3989 2017 4060 Spiritus
2033 3992 2229 4047 Christi

707 4077 970 4147 particeps
991 4086 1153 4141 esset,
1183 4083 1507 4150 appellavit?
1535 4082 1720 4137 Nonne
1757 4089 2085 4151 unguentum
2107 4097 2232 4136 eva-

706 4175 920 4222 cuatum
955 4168 1069 4235 ipse
1117 4170 1352 4225 caelestis
1383 4171 1622 4240 Sponsus
1659 4173 1713 4224 in
1754 4171 2027 4225 Canticis’
2057 4171 2230 4227 dictus

705 4265 805 4321 est,
830 4259 1033 4312 idcirco
1077 4258 1219 4324 quod
1263 4274 1382 4313 cum
1425 4263 1567 4315 illam
1608 4261 1777 4329 ipsius
1807 4261 2226 4326 evacuationem,

704 4363 826 4402 cum
870 4346 1122 4400 omnibus
1151 4353 1261 4400 tam
1306 4349 1620 4426 visibilibus
1647 4361 1805 4416 quam
1847 4347 2225 4413 invisibilibus,

704 4445 810 4490 tam
843 4435 1117 4505 corporeis
1158 4451 1320 4504 quam
1370 4437 1716 4506 incorporeis,
1750 4444 1858 4489 tam
1879 4437 2228 4492 rationalibus
2258 4461 2303 4515 ο

703 4539 861 4595 quam
911 4524 1084 4578 brutis
1111 4525 1606 4586 communicavertt,
1657 4532 1770 4578 tum
1819 4541 1883 4582 ea
1933 4529 2224 4582 secundum

703 4614 1097 4683 proportionem
1121 4612 1279 4682 digna
1299 4613 1481 4666 eﬂ'ecta
1505 4621 1650 4673 sunt,
1679 4629 1796 4682 qua:
1821 4614 1874 4668 in
1905 4623 2106 4684 partem
2140 4632 2227 4671 ac-

701 4706 1023 4773 ciperentur,
1088 4711 1142 4757 ct
1195 4705 1358 4758 divini
1412 4704 1571 4759 Verbi
1628 4704 1944 4761 liberalitate
1999 4706 2224 4776 quadam

703 4793 1046 4849 fruerentur?
1068 4793 1239 4863 Hujus
1261 4795 1475 4864 quidem
1507 4795 1673 4849 divini
1694 4795 1902 4851 atllatus
1932 4799 2227 4867 susceptio-

703 4899 844 4950 nem,
875 4887 940 4940 iis
965 4886 1054 4954 qui
1089 4885 1375 4941 rationales
1416 4901 1604 4941 sensus
1651 4886 1942 4944 diminutos
1985 4903 2091 4942 non
2132 4890 2227 4942 ha-

703 4972 848 5032 bent,
885 4978 1166 5032 universus
1219 4977 1455 5045 impertit
1496 4977 1747 5042 mundus,
1782 4995 1950 5050 usque
2000 4981 2131 5034 adeo
2169 4988 2228 5033 ut

705 5076 821 5127 qua:
855 5073 1062 5119 terrena
1105 5077 1156 5121 et
1193 5070 1518 5137 corruptioui
1563 5068 1790 5122 obnoxia
1829 5079 1952 5124 sunt
1979 5084 2224 5138 corpora,

704 5151 877 5202 omnis
910 5155 1140 5207 materia:
1166 5166 1435 5224 expertem
1474 5158 1948 5228 incorruptamque
1978 5158 2222 5227 fragran-

705 5238 832 5288 tiam
865 5237 1155 5304 redoleant,
1187 5245 1311 5297 dum
1344 5248 1558 5316 quidem
1593 5264 1840 5318 superne,
1867 5251 2038 5304 instar
2063 5249 2223 5304 fontis

706 5334 885 5377 malm
916 5325 1054 5380 Deus
1083 5330 1334 5398 universi,
1361 5340 1451 5404 qui
1484 5354 1606 5392 cum
1650 5340 1789 5393 unici
1815 5339 1973 5394 Verbi
2021 5339 2103 5392 sui
2153 5341 2223 5392 sit

705 5413 883 5478 Pater,
908 5416 1044 5468 idem
1076 5417 1144 5469 sit
1174 5418 1400 5484 primum
1424 5441 1481 5479 re
1508 5443 1632 5480 vera
1674 5430 1892 5495 bonum,
1925 5429 2066 5499 quod
2097 5429 2222 5483 boni

705 5505 950 5574 gignendi
975 5506 1079 5558 vim
1102 5507 1311 5574 habeat,
1342 5513 1572 5584 dumque
1589 5524 1886 5590 genituram
1921 5522 2146 5589 obtinet,
2169 5529 2223 5576 et

775 5685 794 5712 ²
827 5680 866 5733 ιι
887 5682 1007 5735 Cor.
1045 5697 1102 5735 tt.
1140 5684 1223 5738 15.
1294 5682 1485 5739 'Cant.
1517 5699 1554 5753 ι,
1585 5687 1635 5741 2.

2349 1925 2436 1976 Διὸ
2454 1924 2551 1992 τῆς
2587 1923 2744 1976 αὑτοῦ
2773 1923 3104 1984 ὲκκενώσεως
3150 1920 3212 1973 τὰ
3249 1921 3432 1982 πάντα,
3471 1922 3592 1989 ορατ

2347 2014 2566 2083 ἀόρατα,
2621 2013 2840 2084 σώματά
2894 2031 2951 2066 τε
3000 2013 3085 2066 καὶ
3122 2011 3394 2082 ἁσῑίλματα,
3436 2009 3590 2078 λογικ

2347 2105 2530 2172 ἄλογα,
2569 2105 2917 2175 μετασχόντα,
2946 2104 3204 2170 ἀναλόγως
3229 2102 3560 2170 κατηξίωται

2346 2196 2555 2265 καὶτῆς
2575 2195 2666 2247 τοῦ
2706 2194 2846 2246 θείου
2882 2195 3051 2261 Λόγου
3101 2192 3388 2263 μετείληφε
3420 2210 3592 2245 κοινωπ

2343 2302 2440 2354 της
2457 2302 2519 2353 γε
2551 2285 2646 2353 τῆς
2676 2283 2854 2336 ἐνθέου
2889 2283 3053 2352 πνοῆς
3069 2279 3160 2352 τὴν
3175 2282 3463 2352 ἀντίληψιν
3489 2286 3596 2344 τοῖς

2345 2375 2445 2438 κάς
2495 2376 2764 2445 αἰσθήσεις
2801 2374 2877 2444 μὴ
2926 2375 3340 2445 πεπηρωμένοις
3376 2377 3404 2427 6
3457 2374 3596 2444 σύμτ

2342 2465 2468 2518 δωσι
2518 2466 2733 2534 κόσμος,
2791 2467 2866 2528 ὡς
2905 2465 2971 2517 τὰ
3030 2467 3094 2534 τῇ
3127 2464 3292 2532 φύσει
3339 2464 3524 2535 γεώδη
3559 2483 3598 2517 κ

2343 2557 2562 2625 σώματα
2603 2557 2696 2626 τῆς
2742 2557 2902 2608 ἁΰλου
2933 2557 3024 2608 καὶ
3052 2555 3338 2625 ἀκηράτου
3380 2557 3600 2609 εύωδίαι

2342 2647 2668 2716 πηγάζοντος
2699 2648 2793 2716 μὲν
2833 2647 3035 2700 ἄνωθεν
3072 2647 3165 2698 τοῦ
3199 2648 3316 2699 τῶν
3349 2649 3495 2702 ὅλων
3522 2648 3599 2701 Gs

2343 2735 2653 2804 μονογενοῦς
2678 2734 2840 2788 αὐτοῦ
2871 2736 3041 2801 Λόγου
3080 2735 3279 2806 Πατὴρ
3325 2736 3437 2799 ὢν,
3492 2739 3599 2789 αὺτ

2341 2823 2548 2892 πρῶτον
2583 2823 2671 2874 καὶ
2714 2822 2898 2892 κύριον
2934 2823 3026 2874 καὶ
3076 2823 3242 2890 μόνον
3274 2824 3520 2894 ἀληθῶς
3558 2828 3598 2878 ἁ

2341 2915 2430 2966 θοῦ
2465 2915 2776 2984 γεννητικὸν
2801 2954 2815 2978 ,
2860 2914 3288 2985 δευτερεύοντος
3346 2917 3438 2979 δὲ,
3489 2921 3599 2970 καὶ

2338 3003 2553 3074 πρώτης
2584 3004 2674 3056 καὶ
2727 3002 3033 3072 ἡγουμένης
3061 3004 3268 3067 οὐσίας
3311 3007 3599 3076 ἐπικορτΰ

2341 3093 2488 3156 Υἱοῦ,
2533 3094 2590 3156 ὃς
2635 3094 2724 3146 καὶ
2753 3094 2910 3163 μόνος
2945 3093 3047 3163 τῆς
3081 3096 3397 3166 πατρικῆς
3436 3099 3600 3151 ούσίε

2335 3185 2464 3252 ἡμῖν
2521 3182 2800 3252 ἀνείρηται
2847 3181 3169 3234 δουλεύουσι
3224 3182 3427 3254 λογίῳ
3487 3203 3598 3239 παι

2337 3271 2516 3336 αὐτοῦ,
2543 3273 2621 3324 ὅτι
2653 3271 2737 3341 δὴ,
2779 3290 2796 3321 t
2831 3271 3017 3340 Ἀτμίς
3047 3274 3175 3323 ἐστι
3218 3272 3335 3342 τῆς
3362 3274 3479 3327 τοῦ
3513 3276 3598 3328 Ba

2335 3363 2426 3415 ml.
2457 3361 2716 3432 ἀπόῤῥοια
2747 3362 2840 3430 τῆς
2888 3360 2982 3414 τοῦ
3020 3362 3557 3436 Παντοκράτωρος

2334 3453 2447 3523 νὴς,
2487 3452 2577 3504 καὶ
2623 3451 2956 3521 ἀπαύγασμα
3009 3453 3209 3520 φωτὸς
3267 3455 3486 3509 ἀϊδίου
3513 3497 3530 3522 ,

2333 3541 2656 3612 ἀκηλίδωτον
2698 3543 2795 3611 τῆς
2826 3541 2917 3593 τοῦ
2955 3541 3102 3594 Θεοῦ
3143 3546 3525 3614 ὲνεργεῖας,
3561 3566 3596 3601 κ

2334 3631 2660 3699 ἀγαθότητος
2705 3629 2888 3683 αὐτοῦ.
2933 3649 2957 3706 »ν
2986 3629 3154 3701 Πλὴν
3235 3633 3417 3687 ἀλλὰ
3457 3637 3586 3690 ταῦ

2333 3721 2426 3772 καὶ
2457 3719 2614 3784 θέλοι,
2632 3720 2798 3790 ταύτῃ
2828 3720 3066 3773 τιθέσθω
3094 3740 3107 3750 ο
3141 3725 3306 3792 ἡμῖν
3357 3725 3434 3778 δὲ
3468 3729 3594 3794 ἐξα

2332 3809 2506 3862 ἐκεῖνο
2534 3811 2625 3862 καὶ
2671 3811 2887 3874 εὐσεϐὲς
2923 3807 3094 3874 αὖθις
3140 3814 3594 3888 ὲποιναλοιμϐς

2331 3891 2391 3949 οῦ
2430 3901 2520 3951 καὶ
2538 3901 2637 3968 τὴν
2669 3900 2816 3953 λύσιν
2862 3901 3238 3972 ἐπιθήσομεν
3297 3910 3454 3971 τοῖς
3522 3911 3594 3976 ἐξ

2331 3985 2482 4046 λάκις
2517 3987 2613 4058 ἤδη
2664 3989 3015 4051 ὲπειπόντες·
3061 4009 3083 4040 ι
3131 3992 3278 4062 Τὴν
3337 3999 3589 4063 γενεὰς

2331 4078 2625 4144 ηγήσεται;
2658 4077 3003 4144 »Ἀνὲφικτος
3043 4078 3182 4149 γὰρ
3237 4080 3342 4145 ὡς
3381 4085 3588 4157 ἀληε).

2330 4165 2562 4235 θρώποις
2579 4167 2733 4235 μόνον
2755 4209 2770 4232 ,
2803 4167 2936 4219 ἀλλά
2965 4169 3070 4220 καὶ
3094 4175 3251 4235 ταῖς
3301 4177 3556 4247 πάσης

2328 4253 2635 4324 δυνάμεσιν,
2669 4259 2701 4325 ὴ
2733 4257 2826 4309 τοῦ
2863 4259 3262 4325 Μονογενοῦς
3297 4266 3434 4319 τοῦ
3490 4269 3584 4322 Θε

2329 4361 2488 4410 νεσις,
2521 4347 2796 4416 ὼσπεροῦν
2828 4349 2919 4400 καὶ
2948 4350 3141 4414 αὐτὸς
3174 4353 3213 4403 ὁ
3251 4355 3532 4430 Σωτὴρ
3572 4379 3584 4412 τ

2329 4436 2451 4497 τοὺς
2477 4437 2705 4498 οἰκείους
2738 4437 2984 4507 μαθητὰς
3028 4441 3219 4494 αὐτὰ
3270 4444 3369 4516 δὴ
3418 4451 3578 4503 ταῢι

2333 4541 2352 4606 ι
2383 4522 2565 4586 Οὐδεὶς
2601 4523 2762 4590 ἔγνω,
2799 4543 2816 4574 ι
2845 4526 3003 4594 φησι,
3031 4547 3054 4577 ι
3095 4527 3222 4580 τὸν
3270 4532 3582 4606 Πατέρα

2325 4605 2368 4678 ᾧ
2415 4612 2506 4664 καὶ
2545 4611 2811 4679 ἐπιλέγει·
2841 4633 2858 4664 ι
2905 4617 3023 4667 Καὶ
3061 4618 3311 4683 οὐδεὶς
3367 4605 3580 4691 ἕγνιω

2326 4704 2353 4753 6
2382 4702 2587 4771 Πατήρ.
2613 4721 2632 4751 ι
2675 4703 2978 4769 Ἀγνώστου
3005 4708 3251 4762 τοίνυν
3293 4714 3563 4784 ὁμοίω

2326 4791 2535 4860 Πατρός
2567 4790 2658 4842 καὶ
2716 4793 2814 4862 τῆς
2846 4797 2976 4866 περὶ
3004 4797 3132 4849 τοῦ
3187 4799 3395 4855 Υἱοῢ
3445 4805 3575 4860 Bac

2327 4879 2461 4949 πλὴν
2493 4880 2674 4942 αὐτοῖς
2691 4885 3129 4957 τυγχανούσης,
3171 4889 3285 4954 ὡς
3340 4894 3434 4949 ὲν
3492 4898 3574 4949 ἀπ

2328 4969 2739 5038 παρατεθείσαις
2783 4974 2879 5026 τοῦ
2929 4978 3422 5050 Σολομῶντος
3509 4989 3573 5042 λ-

2324 5060 2608 5152 ἀκουστέον
2667 5062 2970 5152 λεγούσης·
3011 5089 3032 5120 ‹
3063 5071 3242 5139 Πρὸ
3282 5077 3436 5130 τοῦ
3499 5081 3572 5152 δι

2325 5147 2728 5223 πλασθῆναιτὴν
2747 5155 2873 5224 γῆν,
2895 5158 3010 5228 πρὸ
3035 5161 3118 5213 δὲ
3164 5165 3517 5222 πάντων

2328 5239 2537 5293 Ἔτιδὲ
2584 5259 2717 5314 φησι
2774 5254 3221 5321 συμπαρεῖναι
3307 5258 3436 5330 τῷ
3500 5263 3560 5314 IT

2324 5334 2814 5399 κατασκευάζοντι·
2849 5358 2867 5391 ι
2908 5341 3158 5398 Ἦνίκα
3196 5349 3404 5416 γοῦν
3427 5357 3544 5426 ἡτ

2325 5423 2698 5496 συμπαρήμην
2753 5429 2926 5500 αὐτῷ.
2978 5451 3002 5483 ι
3066 5435 3240 5490 Καὶ
3307 5441 3406 5494 τὸ
3465 5423 3538 5497 *ἐκ

2322 5523 2423 5561 νων
2470 5509 2637 5568 ἀΐδιον
2681 5519 2780 5592 τῆς
2809 5523 2919 5594 ⁸σὺν
2959 5523 3213 5599 Πατρὶ
3283 5529 3530 5607 διαμι
