3862 6310
135 372 211 429 557
954 372 1587 437 DEMONSTRATIDNtS
1620 371 2064 434 EVANGELICIE
2095 374 2224 434 LIB.
2261 376 2329 433 ν.
3119 383 3222 438 358

134 487 343 575 ἐπιλέγει*
391 506 410 539 t
465 491 642 562 Ἦμην
704 499 836 567 παρ’
895 499 1039 569 αὐτῷ
1095 499 1426 571 ἁρμόζουσα·
1489 497 1596 567 ἐγὼ
1632 552 1653 575 Δ

1694 500 1847 569 quasi
1891 513 1921 552 a
1966 498 2139 568 primo
2175 504 2228 551 et
2265 496 2502 565 ingenito
2546 495 2703 553 Patre
2734 482 2992 557 suﬁicitur
3030 502 3219 575 Filius,

130 580 236 648 ἤμην
378 581 728 653 προσέχαιρε·
776 586 894 640 καθ’
947 590 1155 660 ἡμέραν
1210 591 1266 643 δὲ
1330 588 1596 661 προσώπῳ
1620 572 1655 607 ⁸

1700 588 1790 658 qui
1822 587 1979 641 etiam
2013 585 2159 637 solus
2200 589 2434 651 paternae
2469 584 2713 637 essentiae
2762 590 3050 656 fragrantia
3075 572 3221 660 quae;

132 667 249 720 αὐτοῦ
284 671 636 740 προσέχαιρον.
686 693 705 725 ι
748 678 861 730 Καὶ
907 678 1172 743 ἀϐύσσους
1204 680 1259 731 δὲ
1292 680 1383 731 καὶ
1420 678 1596 748 πηγὰς

1699 672 1821 725 dam
1862 672 2037 725 dictus
2075 676 2156 724 est
2191 683 2221 721 a
2250 668 2423 732 nobis,
2474 670 2567 738 qui
2610 674 2826 726 oraculo
2877 676 3220 745 obsequimur

130 760 308 819 ὑδάτων,
338 758 426 828 ὄρη
458 775 513 812 τε
538 762 628 813 καὶ
659 762 881 832 βουνοὺς
899 807 914 827 ,
942 769 1036 820 καὶ
1062 769 1160 821 ὅσα
1190 769 1317 821 ἄλλα
1343 768 1479 820 κατὰ
1510 769 1597 821 τὸν

1699 761 1859 814 talem
1890 761 1955 814 de
1980 761 2071 812 illo
2094 760 2392 812 doctrinam
2427 761 2655 813 tradenti
2692 778 2705 814 :
2743 780 2760 811 ‹
2799 760 2976 831 Vapor
3011 776 3112 828 est,
3137 769 3219 821 in-

130 848 244 899 τόπον
280 850 451 909 κοινοῖς
493 850 730 919 ῥήμασιν
765 849 847 917 οἷς
876 851 1285 925 ἐπωνόμασται,
1310 858 1424 926 ἤτοι
1468 858 1598 928 περὶ

1698 850 1832 919 quit,
1862 849 2075 903 virtutis
2096 848 2208 911 Dei,
2238 856 2292 901 et
2326 851 2591 902 emanatio
2611 850 2792 918 gloria:
2824 851 3216 920 Omnipoteutis

125 938 194 1005 τῆς
248 936 328 989 τοῦ
378 937 567 1007 κόσμου
629 944 973 1007 συστάσεως,
1039 950 1102 999 ὲκ
1142 947 1334 1017 μέρους
1393 948 1451 999 τὸ
1492 950 1595 1001 πᾶν

1698 945 1927 1005 sincera,
1947 949 1998 995 et
2027 942 2274 1011 splendor
2303 942 2437 996 lucis
2459 950 2690 1005 aeternae,
2722 950 2773 997 et
2807 947 3077 1011 speculum
3100 949 3215 1004 sine

123 1021 347 1087 δηλοῦντος
388 1024 691 1091 ἀκουστέον,
738 1029 772 1100 ἢ
824 1032 1215 1102 τροπικώτερον
1270 1035 1591 1105 ὲκΑηπτέον,

1697 1032 1903 1084 macula
1949 1030 2040 1085 Dei
2078 1031 2321 1086 eliicacie
2345 1070 2362 1096 ,
2392 1039 2445 1087 et
2485 1032 2659 1100 imago
2687 1032 3087 1101 bonitatis-ejus
3109 1036 3149 1090 ‘.
3185 1056 3204 1089 ι

120 1111 254 1164 ταῦτα
282 1114 617 1185 μεταφέροντα
654 1118 723 1171 τὰ
765 1124 1127 1192 σημαινόμενα
1165 1125 1253 1176 ἐπὶ
1286 1125 1475 1192 νοητὰς
1501 1126 1592 1177 οὐ-

1696 1118 2072 1175 Verumtamen
2117 1122 2230 1175 haec
2270 1136 2376 1192 quo
2418 1122 2535 1176 loco
2573 1123 2692 1190 quis
2723 1122 2870 1186 velit,
2923 1123 2995 1175 ibi
3034 1125 3214 1193 utique

121 1199 213 1260 σίας
249 1200 323 1251 καὶ
360 1199 494 1263 Θείας
536 1202 827 1274 δυνάμεις,
872 1201 947 1261 ὧν
998 1210 1210 1263 πάντων
1259 1212 1594 1282 πρωτότοκος

1695 1218 1891 1278 ponat:
1922 1210 2079 1262 nobis
2109 1217 2285 1263 autem
2317 1208 2451 1263 satis
2478 1224 2743 1279 superque
2766 1212 2856 1274 sit,
2877 1226 3061 1265 verum
3085 1211 3214 1268 illud

120 1289 244 1355 Σοφία
265 1290 342 1342 καὶ
367 1292 641 1364 μονογενὴς
668 1297 765 1348 καὶ
794 1299 1127 1369 πρωτόγονος
1153 1299 1245 1352 τοῦ
1277 1299 1408 1352 Θεοῦ
1464 1318 1593 1371 προ-

1695 1314 1758 1353 ac
1793 1301 1937 1368 pium
1957 1315 2144 1354 rursus
2171 1299 2392 1354 verbum
2421 1307 2683 1368 repetere,
2716 1315 2823 1369 quo
2844 1302 3003 1355 etiam
3026 1317 3214 1357 eorum

121 1378 276 1445 ῡπέοτη
298 1379 466 1446 Λόγος,
484 1383 662 1436 ὅντινα
676 1386 914 1456 Χριστὸν
929 1390 1083 1458 ἡμεῖς
1110 1390 1591 1459 προσαγορεύομεν,

1694 1389 1758 1443 de
1770 1389 1966 1458 quibus
1987 1390 2265 1459 quaesitum
2292 1388 2468 1452 fuerit,
2486 1388 2820 1445 dillicultates
2837 1390 3213 1458 dissolvemus,

118 1468 350 1538 διδασκάλῳ
393 1471 813 1544 μαθητευόμενοι
868 1478 946 1548 τῷ
1001 1478 1300 1548 Ἀποστόλῳ
1349 1479 1587 1547 λέγοντιο

1693 1479 1867 1547 ipsum
1892 1480 2107 1547 inquam
2143 1478 2296 1541 illud,
2321 1479 2463 1547 quod
2504 1486 2659 1532 antea
2700 1481 2892 1548 saepius
2931 1480 3075 1536 ellati
3124 1497 3217 1537 su-

122 1558 336 1628 «Σριστὸς
362 1560 484 1614 Θεοῦ
505 1563 755 1633 δύναμις,
773 1567 870 1621 καὶ
893 1566 1026 1620 Θεοῦ
1058 1569 1235 1637 σοφία.
1275 1588 1294 1621 ι
1324 1570 1592 1640 Κέκληται

1694 1583 1857 1623 mus:
1892 1586 1913 1617 ‹
1957 1567 2363 1622 Generationem
2393 1569 2510 1638 ejus
2553 1569 2676 1638 quis
2717 1571 3030 1624 enarrabit?
3067 1591 3087 1624 ι
3138 1572 3219 1631 Ro

117 1648 157 1700 δὲ
200 1647 389 1702 ἐνταῦθα
430 1650 501 1720 τῷ
538 1653 638 1721 τῆς
681 1655 884 1723 Σοφίας
928 1658 1149 1720 είκότως
1207 1659 1589 1728 προσρήματι,

1692 1672 1816 1711 vera
1844 1657 1985 1711 enim
2037 1672 2142 1711 non
2196 1657 2367 1711 solum
2396 1672 2425 1710 a
2463 1658 2624 1714 nullis
2667 1659 2999 1724 hominibus,
3024 1661 3117 1715 sed
3148 1675 3217 1719 ne

119 1738 170 1799 ὡς
192 1738 264 1790 τοῦ
297 1740 438 1808 μόνου
470 1742 632 1810 σοφοῦ
663 1744 881 1816 Πατρὸς
909 1746 1005 1808 τὰς
1037 1746 1335 1814 πανσόφους
1360 1746 1450 1799 κα)⁸
1476 1748 1592 1798 ὲπι-

1692 1749 1759 1802 ab
1789 1747 1913 1802 ullis
1964 1747 2175 1816 quidem
2224 1748 2600 1816 potestatibus,
2641 1763 2760 1817 quae.
2812 1750 2949 1802 ultra
3000 1765 3213 1807 omnem

122 1828 374 1895 στημονικάς
394 1829 494 1881 τῶν
512 1831 646 1884 ὅλων
678 1833 916 1905 θεωρίας
942 1852 1068 1889 τε...
1092 1837 1291 1889 Λείπει
1311 1835 1519 1889 τᾶλλα.

1693 1843 1931 1889 naturam
1959 1836 2245 1897 evaserint,
2278 1836 2423 1888 unici
2461 1834 2552 1889 Dei
2580 1835 2702 1889 Filii
2740 1838 3012 1906 generatio
3043 1845 3218 1906 potest

120 1920 443 1986 comprehendi,
470 1938 599 1977 sane
640 1940 757 1979 non
788 1928 950 1981 aliter
982 1942 1142 1995 quam
1182 1929 1297 1997 ipse
1335 1928 1576 1983 Salvator
1603 1943 1665 1984 ac
1690 1927 1950 1982 Dominus
2006 1936 2208 1991 noster,
2258 1927 2406 1982 hisce
2464 1929 2595 1997 ipsis
2642 1930 2804 1985 rebus
2834 1946 2961 1987 suos
2996 1931 3215 1987 initians

120 2011 343 2080 discipulos
401 2033 414 2067 :
468 2033 487 2065 I
536 2015 731 2081 Nemo,
793 2020 991 2089 inquit,
1067 2022 1216 2075 novit
1274 2020 1482 2075 Patrem
1528 2021 1632 2075 nisi
1687 2020 1854 2075 Filius
1898 2022 1963 2085 ⁸;
2015 2038 2034 2072 ι
2087 2030 2138 2073 et
2219 2019 2459 2088 adjungit
2509 2022 2752 2089 protinus
2795 2039 2809 2075 :
2860 2040 2878 2073 ι
2936 2020 3002 2075 Et
3059 2035 3218 2077 nemo

121 2105 225 2155 novit
246 2104 430 2173 Filium,
452 2109 556 2164 nisi
586 2109 758 2165 Pater
786 2113 827 2167 ⁸.
860 2131 879 2164 ι
906 2112 1040 2166 Cum
1063 2128 1192 2183 ergo
1218 2113 1480 2183 theologia
1508 2114 1574 2168 de
1600 2113 1755 2167 Patre
1804 2120 1856 2167 et
1895 2111 2031 2166 Filio
2057 2126 2203 2181 aeque
2238 2113 2519 2179 omnibus,
2561 2124 2752 2182 prater
2781 2128 2919 2169 unos
2947 2115 3113 2183 ipsos,
3131 2114 3220 2167 in-

122 2198 276 2265 cognita
299 2200 377 2259 sit.
394 2204 542 2270 quasi
576 2204 629 2257 in
650 2206 876 2259 arcanis
893 2205 947 2259 in
971 2206 1079 2262 illis
1106 2206 1410 2261 Salomonis
1429 2206 1605 2261 verbis
1633 2221 1750 2275 quae
1785 2204 2030 2274 superius
2056 2206 2423 2274 apposuimus,
2454 2204 2775 2274 Sapientiam
2796 2207 2980 2260 audire
3006 2213 3217 2275 oportet

122 2286 670 2364 dieentemuAntequam
682 2306 903 2352 montes
920 2298 1034 2353 suis
1052 2299 1270 2354 sedibus
1285 2299 1624 2353 ﬁrmarentur
1649 2309 1701 2353 et
1713 2297 2088 2352 inl'ormaretur
2103 2306 2320 2360 terra,et
2346 2305 2468 2352 ante
2485 2313 2669 2353 omnes
2694 2298 2875 2363 colles,
2891 2299 3057 2368 gignit
3071 2312 3173 2353 me.
3187 2316 3210 2352 ι

122 2378 233 2450 217
263 2383 335 2436 Ait
365 2397 635 2455 praeterea,
690 2406 755 2445 se
787 2405 898 2443 una
937 2406 1059 2444 cum
1093 2389 1250 2446 Patre
1282 2390 1464 2458 fuisse,
1513 2407 1634 2445 cum
1671 2391 1862 2445 caelum
1893 2391 2183 2445 instrueret
2227 2410 2240 2444 :
2274 2412 2292 2440 ‹
2327 2390 2571 2456 Quando,
2618 2391 2808 2459 inquit,
2844 2389 3064 2458 parabat
3101 2403 3215 2442 etn-

121 2469 215 2534 lﬂm.
247 2490 334 2529 una
368 2493 481 2532 cum
530 2496 597 2534 eo
624 2481 872 2535 aderam.
908 2500 927 2533 ι
963 2481 1163 2536 Deinde
1191 2489 1441 2536 aeternam
1476 2482 1543 2536 ab
1578 2480 1801 2536 inﬁnitis
1856 2480 2066 2536 saeculis
2097 2496 2218 2535 cum
2262 2479 2421 2535 Patre
2450 2480 2776 2534 mansionem
2807 2478 3091 2549 signiﬁcat,
3118 2477 3212 2530 ubi

122 2562 330 2636 adiungit:
364 2588 381 2621 ι
424 2571 581 2625 Eram
613 2588 739 2626 cum
798 2574 891 2627 illo
932 2589 1281 2644 componens,
1316 2590 1412 2645 ego
1440 2589 1585 2629 eram
1617 2574 1755 2644 apud
1803 2590 1959 2643 quam
1990 2575 2271 2644 gaudebat,
2301 2575 2539 2644 quotidie
2567 2589 2693 2628 vero
2713 2573 2928 2628 laetabar
2969 2573 3024 2626 in
3052 2572 3214 2626 'vultu

120 2655 254 2720 ejus.»
288 2655 435 2714 Porro
463 2669 641 2716 autem
680 2662 919 2732 abyssos
945 2672 999 2718 et
1026 2662 1198 2718 fontes
1223 2678 1504 2733 aquarum,
1554 2672 1607 2718 et
1643 2671 1851 2718 montes
1898 2671 1952 2718 et
1989 2664 2175 2729 colles,
2233 2671 2285 2718 et
2325 2664 2429 2717 alia
2469 2678 2800 2733 quaecunque
2844 2661 3216 2718 communibus
3248 2662 3253 2683 ⁴

120 2745 247 2799 verbis
267 2748 351 2803 hoc
388 2752 438 2804 in
464 2753 584 2806 loco
621 2753 980 2807 denominata
1019 2761 1164 2816 sunt,
1217 2759 1308 2806 aut
1335 2752 1399 2807 de
1426 2753 1611 2807 mundi
1648 2755 2045 2823 constitutione,
2080 2755 2152 2808 ita
2199 2754 2443 2824 accipere
2470 2762 2696 2823 Oportet,
2726 2760 2839 2807 uta
2868 2762 3015 2824 parte
3042 2761 3215 2809 totum

120 2837 400 2910 intelligatur,
450 2856 540 2899 aut
584 2846 695 2899 alio
734 2861 940 2915 genere
991 2845 1171 2914 ﬁgurae
1216 2846 1575 2914 interpretari,
1641 2845 2011 2900 transferendo
2056 2846 2353 2915 signiﬁcata
2385 2861 2567 2900 eorum
2615 2845 2681 2898 ad
2722 2845 3081 2914 intelligibiles
3127 2861 3217 2900 es-

122 2932 281 2995 sentias,
318 2946 707 3007 potestatesque
760 2938 974 2992 divinas
1019 2953 1034 2988 :
1075 2953 1210 3008 quas
1250 2953 1434 2992 omnes
1476 2948 1597 2993 ortu
1651 2954 1749 2993 suo
1793 2940 2058 2993 antecedit
2100 2939 2391 3007 Sapientia,
2444 2939 2743 3008 quibusque
2785 2938 3030 2992 omnibus
3077 2938 3215 2991 anti-

119 3021 231 3085 quius
266 3027 445 3081 exstitit
495 3029 740 3091 unicum,
786 3028 1069 3097 primoque
1126 3028 1361 3098 genitum
1408 3027 1502 3083 Dei
1550 3028 1803 3093 Verbum,
1843 3046 1998 3099 quem
2038 3046 2135 3084 nos
2180 3030 2450 3084 Christum
2504 3031 2769 3099 appellare
2810 3028 3207 3091 consuevimus,

121 3112 246 3165 edocti
279 3128 306 3167 a
339 3120 582 3185 magistro
606 3119 876 3188 Apostolo
939 3119 1186 3173 dicente:
1219 3135 1238 3168 ι
1272 3116 1515 3172 Christus
1555 3117 1646 3173 Dei
1678 3120 1847 3174 virtus
1897 3127 1951 3174 et
2004 3118 2097 3172 Dei
2149 3119 2468 3188 sapientia".
2512 3137 2531 3169 ι
2567 3116 2672 3171 Sed
2721 3117 2808 3170 hic
2857 3116 3208 3186 appellatione

122 3200 336 3273 Sapientia:
366 3212 547 3267 merito
580 3220 818 3267 vocatus
841 3219 925 3266 est
951 3210 1121 3282 [sicut
1172 3212 1339 3266 solius
1364 3212 1620 3283 sapientis
1650 3212 1844 3280 Patris,
1881 3213 2303 3283 sapientissimas
2356 3220 2409 3266 et
2454 3211 2687 3266 scientiae
2718 3217 2964 3278 parentes
2996 3210 3210 3264 univer-

122 3308 251 3348 sorum
269 3301 828 3372 contemplationes]...
857 3300 1073 3370 Reliqua
1102 3300 1302 3356 desunt.

549 3389 950 3443 ΚΕΦΑΛΑΙΟΝ
998 3389 1073 3442 B’.
1612 3397 1657 3452 Β

1612 3397 1657 3452 Β
2114 3392 2121 3401 ε
2284 3381 2506 3437 CAPUT
2547 3382 2609 3436 ιι.

610 3480 630 3549 (
646 3478 1024 3550 Ἀκέφαλοκ)

2226 3472 2369 3543 (Sine
2398 3472 2689 3540 principio.)

174 3560 238 3615 Ἕν
269 3565 317 3620 δὲ
347 3567 415 3638 τῷ
451 3567 689 3639 δευτέρῳ
742 3568 1001 3638 σκήπτρῳ
1043 3566 1300 3637 βασιλικῷ
1334 3568 1502 3637 τιμᾷ·
1532 3570 1590 3619 ὲν

1752 3558 1811 3614 In
1841 3561 2076 3615 secundo
2101 3568 2297 3624 autem,
2328 3561 2524 3630 sceptri
2556 3562 2748 3630 regalis
2772 3563 2972 3618 honore
3003 3563 3203 3620 donat:

118 3646 231 3719 δὲτῷ
254 3656 420 3725 τρίτῳ,
444 3657 538 3726 τὴν
573 3657 697 3708 κατ’
730 3654 928 3724 ἀρετὴν
961 3654 1105 3724 αὐτῷ
1147 3654 1415 3707 τελείωσιν
1453 3670 1590 3724 μαρ-

1687 3648 1742 3702 in
1768 3650 1926 3703 tertio
1947 3664 2071 3704 vero
2100 3650 2347 3718 perfecta:
2377 3649 2587 3704 virtutis
2606 3650 2679 3703 illi
2702 3651 2791 3704 dat
2810 3652 3169 3707 testimonium
3188 3696 3207 3723 ,

116 3744 249 3809 τυρεί·
277 3738 355 3796 εἶτ’
382 3747 469 3797 ἐπὶ
496 3746 709 3808 τούτοις
740 3745 899 3796 αὑτὸν
927 3745 989 3813 δὴ
1020 3744 1202 3797 τοῦτον
1231 3744 1320 3795 τὸν
1344 3743 1469 3796 Θεὸν
1501 3745 1591 3796 κού⁸

1687 3744 1868 3806 postea
1907 3739 2079 3807 ipsum
2116 3738 2258 3791 hunc
2289 3753 2449 3807 super
2478 3739 2544 3793 iis
2573 3745 2627 3792 et
2654 3738 2818 3793 Deum
2848 3748 2901 3794 et
2946 3755 3143 3810 regem,
3175 3756 3206 3796 ο

118 3825 280 3891 βασιλέα
299 3836 557 3904 κεχρξσθαι
588 3835 731 3906 πρὸς
763 3834 856 3885 τοῦ
888 3834 1155 3888 ἁνωτάτου
1181 3832 1413 3885 διδάσκει
1436 3830 1588 3894 Θεοῦ,

1687 3841 1936 3895 supremo
1991 3827 2098 3881 Deo
2154 3835 2374 3881 unctum
2424 3844 2542 3883 esse
2586 3828 2761 3895 docet,
2796 3837 2848 3884 et
2895 3844 2957 3884 ea
3000 3832 3206 3885 ratione

117 3918 330 3994 καὶταύτῃ
359 3940 416 3992 γε
445 3926 683 3995 Χριστὸν
715 3923 1008 3991 γεγονέναι.
1044 3923 1107 3974 Τί
1132 3923 1236 3994 γὰρ
1268 3921 1331 3975 ἂν
1358 3922 1449 3973 καὶ
1475 3922 1590 3972 6m-

1686 3914 1955 3971 Christum
1978 3918 2245 3973 exstitisse
2279 3935 2292 3970 :
2322 3918 2449 3987 quid
2474 3918 2614 3972 enim
2644 3918 2787 3971 aliud
2818 3919 3075 3987 quispiam
3108 3934 3207 3972 no-

119 4006 286 4067 μὰσαιτό
306 4029 380 4074 τις
412 4014 500 4065 τὸν
539 4014 617 4082 μὴ
645 4011 742 4063 ὑπ’
773 4009 1065 4080 ἀνθρώπων
1089 4011 1204 4080 μὲν,
1237 4011 1325 4062 ὑπ’
1355 4008 1511 4061 αὑτοῦ
1536 4009 1590 4061 δὲ

1686 4004 1849 4057 minet
1899 4019 2041 4067 eum,
2074 4006 2164 4074 qui
2215 4020 2323 4059 non
2380 4006 2447 4059 ab
2494 4006 2819 4068 hominibus,
2850 4006 2942 4061 sed
2983 4007 3050 4061 ab
3090 4007 3205 4075 ipso

115 4095 178 4145 τοῦ
200 4098 272 4150 ἐπὶ
300 4103 496 4155 πάντων
535 4102 674 4154 Θεοῦ
713 4102 1095 4171 κεχρισμένον;
1130 4100 1220 4152 ἐπὶ
1260 4099 1428 4168 τούτῳ
1463 4098 1588 4166 γοῦν

1686 4105 1933 4160 supremo
1975 4090 2081 4146 Deo
2119 4093 2189 4147 sit
2238 4092 2473 4146 unctus?
2516 4091 2581 4146 de
2623 4092 2726 4145 hoc
2765 4093 2925 4161 igitur
2962 4089 3037 4142 ait
3095 4107 3109 4140 :
3160 4091 3203 4146 0

114 4199 252 4250 φησιν’
278 4208 294 4239 ι
324 4187 387 4243 Ὦ
406 4192 503 4244 Θεὲ
526 4192 690 4262 (πρὸς
718 4190 807 4242 τὸν
834 4190 1116 4260 χρισθέντα
1144 4187 1585 4257 ἀποτεινόμενος),

1685 4177 1845 4243 Deus,
1874 4179 1939 4232 ad
1971 4195 2091 4234 eum
2143 4180 2233 4249 qui
2272 4188 2465 4233 unctus
2494 4188 2575 4235 est
2612 4194 2906 4235 sermonem
2946 4178 3200 4246 dirigens,

115 4272 334 4347 ἠγάπησας
374 4280 739 4349 δικαιοσύνην,
791 4279 882 4331 καὶ
924 4279 1186 4348 ἐμίσησας
1228 4278 1466 4329 ἀδικίανο
1504 4275 1589 4328 διὰ

1687 4264 1945 4319 «dilexisti
1960 4264 2239 4334 justitiam,
2260 4274 2313 4322 et
2359 4268 2517 4322 odisti
2546 4269 2872 4337 iniquitatem
2906 4285 2918 4319 :
2958 4272 3201 4334 propter-

112 4360 222 4415 τοῦτο
241 4368 333 4438 γὰρ
353 4370 530 4439 ἔχρισε
558 4386 621 4421 σε
709 4368 838 4430 Θεὸς
863 4368 891 4418 ό
916 4367 1047 4429 Θεὸς
1079 4384 1191 4419 σου.
1228 4385 1246 4416 ι
1297 4366 1435 4417 Ὠσεὶ
1473 4364 1587 4416 ἐλε-

1682 4371 1744 4409 ca
1777 4359 1917 4410 enim
1951 4356 2102 4410 unxit
2163 4366 2215 4411 te
2266 4356 2426 4420 Deus,
2458 4356 2595 4410 Deus
2627 4364 2749 4409 tuus
2763 4355 2803 4409 ⁸.
2840 4347 2862 4406 ἱ
2894 4352 2961 4407 Ut
2986 4354 3029 4408 si
3060 4353 3205 4406 dice-

112 4460 199 4509 ἴεν·
226 4452 272 4505 '0
303 4457 385 4507 ἐπὶ
425 4459 645 4510 πάντων
676 4455 807 4518 Θεὸς
860 4455 1039 4525 ἔχρισε
1069 4470 1126 4505 σε
1148 4454 1319 4506 ἔλαιον
1342 4451 1588 4519 ἀγαλλιά-

1682 4451 1793 4509 ret,
1824 4443 1962 4499 Deus
2002 4444 2158 4499 Pater
2202 4446 2350 4498 unxit
2393 4455 2444 4500 te
2495 4446 2613 4500 oleo
2669 4445 3054 4509 exsultatiouis,
3095 4460 3202 4513 prae

112 4553 209 4601 σεως
234 4546 363 4615 παρὰ
386 4549 507 4610 τοὺς
535 4547 798 4616 μετόχους
828 4561 919 4597 σου
939 4561 951 4575 ⁸
991 4544 1126 4596 ὥστε
1151 4543 1266 4594 οὐδὲ
1297 4542 1467 4593 κοινὸν
1496 4541 1587 4593 καὶ

1683 4535 2026 4604 participibus
2054 4536 2161 4589 tuis
2194 4553 2207 4588 :
2237 4534 2307 4587 ita
2343 4550 2513 4604 neque
2534 4550 2815 4589 commune
2846 4543 2898 4588 et
2928 4541 3194 4586 terrenum

110 4626 259 4691 γεῶδες
290 4634 345 4684 τὸ
380 4635 706 4705 δηλούμενον
743 4633 897 4685 τοῦτο
923 4633 1125 4701 χρίσμα
1150 4626 1214 4700 ἦν
1236 4669 1247 4691 ,
1275 4629 1387 4681 οὐδὲ
1412 4629 1587 4698 ὅμοιον
1617 4693 1635 4705 ι

1682 4631 1764 4677 est
1790 4623 1890 4675 hoc
1909 4622 1975 4676 de
2009 4637 2113 4690 quo
2138 4623 2309 4693 agitur
2339 4635 2684 4692 unguentum,
2716 4637 2887 4691 neque
2930 4621 3004 4673 illi
3032 4620 3204 4673 simile

110 4714 165 4781 τῷ
182 4721 301 4788 παρὰ
316 4693 490 4777 Μωσεῖ
508 4693 834 4791 νενομοθετη
843 4693 984 4790 uel;
1012 4693 1103 4771 καὶ
1123 4693 1357 4788 φθαρτῆς
1378 4693 1586 4787 ὲξνῦλης
1612 4693 1635 4750 ί

1686 4710 1827 4781 quod
1856 4710 1992 4779 apud
2022 4710 2252 4780 Moysem
2283 4713 2396 4780 lege
2420 4713 2681 4767 sancitum
2709 4719 2811 4775 est,
2844 4718 2897 4764 et
2926 4725 2990 4763 ex
3016 4723 3204 4762 corru-

113 4814 545 4882 κατεσκευασμένῳ,
569 4807 614 4879 ᾧ
640 4811 789 4878 φίλον
808 4806 876 4879 ἦν
902 4812 1026 4870 τοὺς
1046 4807 1299 4868 παλαιοὺς
1332 4807 1587 4877 Ἐϐραίων

1687 4800 1854 4869 ptioni
1873 4799 2100 4852 obnoxia
2124 4801 2340 4854 materia
2363 4811 2746 4869 comparatum,
2764 4816 2868 4870 quo
2892 4814 3021 4853 sane
3039 4799 3203 4852 moris

114 4895 243 4965 ἱερέας
276 4904 356 4955 καὶ
386 4904 635 4974 βασιλέας
686 4902 946 4972 χρίεσθαι.
975 4896 1161 4952 Ἔνθεν
1206 4900 1331 4967 ἡμῖν
1372 4899 1586 4960 εἰκότως

1687 4895 1859 4948 fuerat
1885 4901 2087 4947 veteres
2101 4891 2348 4947 Hebraeos
2381 4901 2434 4945 et
2468 4893 2769 4946 sacerdotes
2796 4899 2849 4944 et
2871 4904 3021 4957 reges
3043 4890 3203 4941 inun-

117 4986 181 5034 καὶ
198 4987 301 5051 Θεὸς
316 4993 439 5060 ὁμοῦ
461 4994 555 5045 καὶ
587 4991 818 5059 Χριστὸς
840 4990 1192 5059 ἀνηγόρευται
1211 5024 1226 5047 ,
1268 4985 1409 5037 ὡσὰν
1434 4987 1587 5054 μόνος
1626 5048 1630 5053 .

1687 4999 1811 5053 gere
1844 5001 1856 5035 :
1890 4982 2012 5035 inde
2058 4982 2212 5035 nobis
2256 4983 2463 5045 merito,
2494 4989 2547 5034 et
2590 4979 2728 5033 Deus
2774 4978 2931 5032 simul
2965 4983 3016 5030 et
3047 4975 3204 5030 Chri-

123 5073 173 5142 μὴ
199 5077 249 5128 δι’
277 5082 578 5153 ἀνθρώπων,
614 5081 735 5151 μηδ’
758 5080 816 5144 ἐξ
840 5078 1133 5153 ἀνθρώπων
1151 5114 1165 5137 ,
1192 5075 1323 5145 πρὸς
1347 5074 1503 5126 αὑτοῦ
1533 5076 1589 5128 δὲ

1688 5082 1803 5128 stus
1838 5071 2131 5140 appellatus
2161 5078 2262 5131 est,
2292 5080 2540 5138 tanquam
2580 5070 2624 5123 is
2651 5069 2738 5137 qui
2769 5068 2932 5128 solus,
2965 5083 3070 5120 non
3109 5082 3203 5137 per

121 5163 184 5213 τώ
200 5168 285 5219 τῶν
301 5172 419 5223 ὅλων
449 5170 684 5240 Ποιητοῦ
709 5170 804 5238 τῆς
832 5168 1008 5219 ἐνθέου
1031 5167 1199 5236 χαρᾶς
1226 5164 1319 5214 καὶ
1343 5163 1587 5230 ἀγαλλιά-

1686 5161 1947 5222 homines,
2005 5174 2175 5227 neque
2221 5159 2287 5211 ab
2335 5158 2657 5218 hominibus,
2689 5155 2755 5209 ab
2793 5156 2906 5223 ipso
2935 5170 3060 5209 vero
3086 5158 3204 5208 uni-

130 5262 219 5315 ταας
240 5258 481 5329 ἀσωμάτῳ
502 5261 598 5312 καὶ
621 5259 911 5324 θεοπρεπεί
941 5254 1191 5324 χρίσματι
1210 5250 1549 5318 κεχρισμένος
1566 5266 1581 5281 ·

1684 5250 1824 5303 versi
1856 5247 2086 5302 Auctore
2128 5247 2320 5300 divinae
2353 5246 2545 5299 laetitia:
2594 5252 2753 5312 atque
2807 5243 3199 5305 exsultationis,

130 5336 262 5413 διόπερ
290 5349 493 5411 ἐνδίκως
519 5348 681 5418 μόνος
703 5343 920 5413 ἀγαθῶς
946 5344 1036 5395 καὶ
1064 5340 1267 5409 κυρίως
1295 5338 1437 5408 παρὰ
1462 5339 1584 5401 τοὺς

1683 5345 1996 5408 incorporeo
2021 5346 2074 5392 et
2105 5336 2194 5391 Dei
2218 5338 2495 5404 majestate
2516 5335 2674 5403 digno
2699 5341 2967 5404 unguento
2999 5333 3070 5386 sit
3095 5349 3198 5384 un-

133 5424 471 5504 θαυμαζομένους
493 5432 659 5488 αὐτοῦ
694 5430 948 5502 μετόχους
972 5426 1198 5498 Χριστὸς
1226 5422 1289 5475 ἂν
1306 5423 1588 5494 ἀναγορευ-

1697 5441 1806 5485 etus
1847 5447 1861 5482 :
1901 5434 2223 5496 quapropter
2254 5427 2398 5493 juste
2439 5425 2604 5486 solus,
2636 5425 2751 5478 sine
2794 5421 2992 5476 malitia
3032 5421 3222 5491 solus,

140 5513 233 5587 θαη-
255 5528 306 5576 υἱ
332 5526 529 5595 μέτοχοι
553 5525 610 5578 δὲ
625 5518 800 5575 αὑτοῦ
820 5518 953 5580 τινες
974 5518 1037 5570 ἂν
1063 5512 1193 5576 εἷεν,
1208 5511 1243 5580 ἢ
1260 5510 1416 5565 οἱοῖοί
1437 5530 1493 5565 τε
1507 5514 1591 5566 λέ-

1689 5518 1823 5571 bene
1850 5521 1902 5570 et
1930 5515 2089 5583 218
2118 5513 2350 5582 proprie,
2375 5528 2483 5583 prae
2500 5512 2567 5567 iis
2600 5512 2690 5580 qui
2719 5512 2885 5581 ipsius
2915 5510 3197 5578 pulticipca

190 5669 324 5745 ‘Sap.
358 5695 444 5749 vn,
472 5676 656 5732 25-26.
689 5675 713 5707 ⁵
748 5670 934 5725 Matth.
961 5687 1031 5736 xl,
1063 5670 1152 5723 ‘27.
1257 5669 1275 5699 '
1303 5668 1426 5722 ibid.
1456 5740 1461 5747 .
1541 5674 1561 5704 "
1594 5673 1615 5727 l
1674 5674 1796 5729 Cor.
1830 5688 1868 5742 ι,
1895 5671 1999 5753 24..
2024 5732 2029 5737 ι
2058 5670 2079 5700 ⁸
2107 5667 2246 5722 Psal.
2280 5684 2426 5735 mv,
2460 5670 2512 5723 8.
