3862 6314
739 347 841 402 559

1357 332 1619 389 EUSEBII
1650 330 2118 391 CESARIENS-IS
2148 327 2296 384 OPP.
2330 323 2523 378 PARS.
2556 321 2622 377 Π.
2662 352 2732 362 —
2769 320 3198 376 APOLOGETICA.

728 455 1091 512 nominantur,
1137 446 1385 502 Christus
1427 447 1738 516 appelletur.
1791 445 2087 513 Participes
2135 458 2253 498 vero

2026 459 2087 498 es
2135 458 2263 498 vero
2292 450 2334 503 Α
2362 457 2478 508 γειν
2502 456 2516 469 ο
2550 457 2569 490 ι
2598 438 2832 506 Μέτοχοι
2858 436 2962 507 γὰρ
2982 438 3215 506 γεγόναμεν
3233 436 3420 507 Χριστοῦ;
3445 459 3457 491 ι
3482 444 3551 513 περι

724 551 840 616 ejus
861 543 1074 613 quinam
1101 553 1282 607 quaeso
1315 538 1445 599 sint,
1467 536 1574 590 nisi
1599 537 1638 589 ii
1668 537 1759 606 qui
1790 537 1970 590 dicere
1991 539 2216 604 possunt
2242 549 2259 588 :

736 655 754 687 ι
793 630 1084 698 Participes
1100 628 1240 681 enim
1274 625 1399 679 facti
1419 641 1604 680 sumus
1630 625 1831 680 Christi
1850 625 1906 678 "I
1933 643 1952 676 ι
1974 623 2048 676 De
2070 622 2263 691 quibus

725 726 924 779 dictum
957 726 1041 774 est
1073 735 1085 768 :
1127 737 1145 768 ‹
1191 715 1365 769 Nolite
1398 724 1614 784 tangere
1652 715 1884 768 christos
1909 727 2078 775 meos,
2116 719 2170 765 et
2209 712 2265 764 in

726 812 1000 882 prophetis
1047 808 1182 863 meis
1229 807 1394 861 nolite
1442 806 1807 876 malignari".
1857 825 1875 856 ι
1921 805 2049 858 Item
2104 802 2266 870 igitur

728 915 850 954 cum
887 899 943 952 in
987 897 1070 952 his
1123 897 1278 965 plane
1313 894 1560 948 Christus
1587 893 1910 961 apparuerit,
1934 899 1986 945 et
2013 891 2262 950 dilectus.

729 995 784 1044 et
813 987 974 1051 Deus,
1001 993 1055 1040 et
1100 1002 1215 1048 rex,
1245 991 1456 1052 tempus
1478 983 1544 1036 de
1572 983 1661 1035 illo
1689 991 1747 1035 ut
1781 995 2105 1050 quaeramus,
2131 993 2267 1047 quo-

729 1078 908 1140 modo,
939 1076 1152 1145 quitam
1175 1073 1393 1144 grandis
1427 1071 1514 1133 sit,
1547 1071 1791 1125 inimicos
1811 1070 2005 1123 habere
2032 1069 2262 1131 dicatur,

731 1175 785 1220 et
809 1179 1070 1235 quosnam
1104 1163 1258 1224 istos,
1287 1169 1338 1214 et
1367 1167 1582 1228 propter
1609 1174 1764 1226 quam
1800 1172 2039 1215 causam.
2076 1156 2266 1210 adver-

733 1273 825 1313 sus
856 1269 991 1325 quos
1035 1267 1160 1308 suas
1207 1252 1449 1320 sagittas,
1477 1265 1739 1318 suumque
1768 1249 2000 1318 gladium
2033 1249 2265 1308 exacuit,

731 1354 785 1401 et
814 1360 920 1415 quo
949 1352 1103 1414 pacto
1145 1342 1308 1396 nullis
1348 1343 1512 1395 armis
1559 1341 1821 1393 instructa
1850 1340 1986 1403 acie,
2018 1340 2109 1394 sed
2145 1354 2269 1407 pro-

731 1446 850 1506 pter
881 1441 1156 1489 veritatem
1187 1441 1238 1486 et
1281 1432 1740 1484 mansuetudinem
1770 1439 1824 1483 et
1866 1429 2154 1498 justitiam,
2187 1429 2264 1481 in-

732 1525 1090 1582 numerabiles
1119 1525 1221 1578 sibi
1255 1523 1354 1590 ipsi
1386 1523 1656 1592 subegerit
1686 1523 1932 1591 populos.
1969 1521 2068 1586 Qui
2101 1522 2270 1588 igitur

734 1618 849 1672 haec
893 1616 1200 1685 diligentius
1229 1615 1437 1683 quaerit,
1467 1615 1609 1667 hunc
1637 1620 1849 1681 oportet
1879 1627 1944 1665 ea
1976 1612 2270 1666 transferre

732 1708 800 1761 ad
831 1706 1157 1760 Salvatorem
1183 1721 1244 1760 ac
1271 1706 1551 1758 Dominum
1580 1712 1821 1757 nostrum
1841 1701 2042 1762 Jesum,
2067 1703 2157 1770 qui
2182 1709 2262 1755 est

735 1794 982 1849 Christus
1007 1792 1120 1856 Dei,
1150 1802 1202 1846 et
1235 1793 1301 1845 ad
1357 1806 1418 1845 ea
1465 1805 1739 1844 recurrere
1780 1805 1904 1858 qua:
1931 1789 1996 1843 de
2029 1790 2172 1843 illius
2202 1790 2267 1842 ad
2299 1773 2339 1826 Β

737 1883 980 1936 homines
1033 1880 1260 1934 adventu
1304 1895 1334 1932 a
1365 1879 1521 1933 nobis
1550 1879 1784 1946 exposita
1819 1886 1944 1932 sunt
1974 1897 1988 1931 :
2026 1879 2113 1931 ubi
2145 1893 2266 1930 cum

739 1973 1038 2027 hostilesiet
1066 1971 1236 2023 visum
1280 1978 1524 2023 nostrum
1553 1967 1862 2036 elfugientes
1885 1967 2268 2037 ﬂagitiosorum

737 2075 802 2112 ac
832 2060 1112 2112 noxiorum
1147 2059 1442 2112 daemonum
1479 2071 1868 2126 pravorumque
1896 2067 2054 2124 atque
2095 2059 2268 2127 impu-

736 2164 917 2204 rorum
935 2149 1216 2217 spirituum
1247 2155 1537 2216 potestates
1552 2146 1679 2200 dare
1705 2155 1852 2215 terga
1877 2148 2128 2217 coegerit,
2150 2164 2273 2216 per-

738 2256 896 2310 quam
945 2237 1356 2292 innumerahiles
1398 2239 1500 2292 sibi
1534 2239 1634 2307 ipsi
1666 2253 1730 2292 ex
1763 2238 2011 2292 omnibus
2044 2238 2273 2291 nationi-

736 2331 837 2384 bus
860 2331 1082 2399 populos
1101 2327 1428 2397 comparavit
1481 2347 1494 2382 :
1543 2343 1700 2396 quem
1725 2329 1846 2382 inde
1875 2329 2034 2381 etiam
2083 2343 2270 2381 verum

739 2418 832 2473 Dei
862 2417 1132 2473 Christum
1168 2418 1436 2486 appellare
1465 2419 1769 2482 conveniat,
1806 2419 2001 2486 quippe
2029 2416 2120 2485 qui
2164 2434 2272 2470 non

739 2509 1008 2563 communi
1047 2509 1185 2570 oleo,
1231 2515 1289 2561 ut
1342 2508 1505 2576 prisci
1534 2513 1943 2568 consueverant,
1969 2507 2040 2560 sit
2081 2514 2272 2562 unctus

739 2596 934 2662 (neque
963 2595 1123 2648 etiam
1157 2596 1258 2649 tale
1295 2596 1581 2666 quidquam
1619 2595 1684 2649 de
1713 2596 1802 2647 illo
1833 2597 2102 2648 memoria:
2151 2611 2274 2664 pro-

737 2685 906 2737 ditum
954 2684 1078 2754 est),
1141 2684 1230 2736 sed
1275 2685 1631 2753 priestantiori
1693 2685 1923 2752 quodam
1990 2683 2274 2754 divinaque

737 2781 1030 2841 mgnento,
1060 2788 1121 2826 ex
1148 2789 1253 2841 quo
1282 2775 1462 2841 utique
1487 2775 1644 2827 etiam
1686 2789 1781 2843 per
1810 2769 2134 2837 Isaiam,'sic
2161 2777 2269 2829 ait:

743 2879 762 2912 ι
797 2861 1027 2931 Spiritus
1073 2860 1282 2915 Domini
1332 2877 1491 2932 super
1533 2879 1637 2925 me,
1687 2872 1903 2933 propter
1936 2865 2076 2934 quod
2122 2865 2275 2918 unxit

737 2953 910 3004 me“.
946 2970 963 3001 ι
998 2950 1262 3015 Quocirca
1310 2951 1448 3004 inter
1502 2966 1688 3006 omnes
1735 2953 2107 3021 potissimum,
2157 2954 2276 3023 qui-

738 3057 948 3111 cunque
987 3057 1228 3132 unquam
1273 3040 1412 3132 apud
1464 3040 1712 3096 Hebraeos
1763 3043 2094 3132 corporalius
2123 3042 2270 3096 uncti
2297 3077 2339 3132 ϐ

739 3139 885 3193 sunt,
922 3129 1068 3183 solus
1101 3129 1154 3180 in
1185 3135 1298 3181 toto
1333 3127 1462 3180 orbe
1503 3134 1768 3180 terrarum
1815 3127 1956 3196 apud
1991 3128 2272 3181 universos

739 3219 938 3274 Christi
988 3217 1202 3270 nomine
1248 3217 1570 3279 celebratur,
1619 3225 1673 3270 et
1720 3215 2151 3270 Christianorum
2206 3216 2274 3269 ab

741 3305 859 3375 ipso
902 3305 1126 3360 deducta
1176 3305 1549 3374 appellatione,
1579 3312 1745 3358 totam
1797 3321 1914 3374 quae
1965 3306 2274 3360 habitantur

738 3401 936 3446 terram
982 3393 1217 3462 implevit
1254 3411 1266 3445 :
1297 3393 1688 3461 quodammodo
1754 3403 1931 3449 autem
1983 3394 2133 3448 illum
2175 3409 2276 3448 nn-

741 3489 884 3538 ctum
914 3497 1033 3537 esse
1060 3482 1322 3544 dicamus,
1355 3490 1408 3536 et
1451 3483 1577 3551 quid
1611 3484 1713 3538 hoc
1743 3483 1814 3537 sit
1846 3492 2196 3553 unguentum,
2222 3493 2276 3538 et

741 3573 990 3644 quisnam
1063 3572 1334 3625 unctionis
1389 3572 1601 3634 modus,
1664 3571 1897 3645 abunde.
1949 3572 2080 3627 satis
2138 3574 2275 3626 libro

742 3665 918 3732 priore
969 3661 1335 3716 tractavimus.
1376 3661 1541 3715 Porro
1599 3663 1651 3717 in
1704 3662 1864 3731 hujus
1914 3663 2071 3717 labiis
2118 3670 2276 3730 atque

743 3752 986 3806 doctrina
1016 3758 1162 3802 tanta
1195 3749 1363 3803 effusa
1392 3761 1475 3804 est
1504 3751 1698 3820 gratia,
1734 3760 1793 3804 ut
1835 3752 1981 3805 brevi
2016 3759 2271 3820 tempore,

743 3855 805 3892 ea
837 3855 954 3907 qua:
986 3839 1052 3891 ab
1085 3839 1201 3906 ipso
1225 3839 1540 3892 denuntiata
1565 3849 1667 3904 est,
1700 3841 2052 3895 sanctimonia
2081 3850 2133 3895 et
2165 3843 2275 3910 pic-

743 3936 870 3989 tate,
895 3942 1105 3980 onmem
1131 3928 1302 3981 locum
1333 3931 1652 3998 impleverit.
1683 3929 1867 3999 Itaque
1895 3931 2004 3998 jam
2037 3943 2178 3982 nunc
2220 3931 2273 3983 in

743 4016 992 4070 omnibus
1040 4017 1280 4085 gentibus
1317 4018 1456 4087 apud
1500 4035 1593 4074 eos
1637 4021 1729 4088 qui
1770 4021 2064 4074 doctrinam
2106 4020 2272 4086 ipsius

745 4103 1035 4172 accipiunt,
1067 4105 1407 4170 comprobata
1457 4107 1576 4174 ejus
1628 4108 1934 4177 prophetiae,
1973 4123 2089 4175 quae
2134 4123 2275 4160 nunc

745 4194 801 4246 in
864 4193 1110 4246 manibus
1178 4201 1292 4256 est,
1380 4196 1601 4250 veritate
1637 4236 1651 4261 ,
1730 4204 1783 4250 et
1857 4197 1997 4266 regis
2062 4204 2114 4249 et
2181 4195 2274 4250 Dei

746 4279 967 4347 gloriam
1033 4278 1254 4346 adeptus
1298 4288 1400 4345 est,
1454 4289 1508 4334 et
1579 4283 1718 4352 apud
1784 4297 1939 4336 omne
2001 4282 2273 4336 hominum

2359 527 2570 598 εἴρηται
2592 542 2605 555 ⁸
2636 544 2653 576 ι
2690 526 2783 595 Μὴ
2818 523 3043 577 ἆτττεσθε
3061 523 3136 576 τῶν
3154 525 3314 594 χριστῶν
3333 529 3501 594 μουμου.
3516 532 3550 581 lx

2360 616 2660 686 προφήταις
2692 630 2793 684 μου
2832 611 2905 682 μὴ
2928 611 3235 682 πονηρεύεσθε.
3259 632 3271 662 ι
3292 614 3368 665 Καὶ
3389 615 3432 681 δὴ
3451 632 3552 685 πεφην

2359 705 2446 758 διὰ
2464 704 2663 758 τούτων
2689 703 2872 771 σαφῶς
2900 700 2988 754 τοῦ
3011 700 3187 771 Χριστοῦ
3213 702 3436 772 ἀγαπητοῦ,
3458 706 3546 756 καὶ(

2362 796 2452 848 καὶ
2481 793 2739 864 βασιλέως
2765 831 2779 854 ,
2809 790 2925 861 ὥρα
2967 807 3023 841 σε
3055 790 3203 860 ζητεῖν,
3230 793 3250 843 ὁ
3274 791 3494 860 τηλικοῦτος
3511 795 3550 844 πί

2362 888 2520 958 θροὺς
2550 885 2689 955 ἔχειν
2718 885 2962 952 λέγεται,
2993 883 3072 934 καὶ
3092 881 3218 945 τίνας,
3235 883 3302 936 καὶ
3314 883 3361 934 δι’
3375 884 3422 953 ἡν
3436 885 3543 935 αἰτίας

2361 973 2435 1031 ὧν
2466 977 2534 1029 τὰ
2565 976 2752 1029 ἑαυτοῦ
2783 975 2936 1045 βέλη,
2963 972 3048 1026 καὶ
3074 975 3149 1043 τὴν
3172 974 3314 1027 ἑαυτοῦ
3337 975 3552 1044 ῥομφαίαν

2364 1085 2522 1132 σατο,
2570 1069 2713 1128 ὅπως
2743 1083 2805 1118 τε
2850 1066 2911 1118 ού
2963 1065 3025 1116 δι’
3054 1063 3269 1133 ὁπλιτικῆς
3302 1064 3546 1133 παρατάξεως

2362 1158 2539 1210 ἕνεκεν
2576 1155 2827 1224 ἀληθείας
2853 1154 2947 1206 καὶ¹
2978 1153 3226 1223 πραότητος
3261 1152 3331 1203 καὶ
3358 1150 3552 1203 Maiori»

2367 1249 2512 1319 ρίους
2530 1247 2835 1316 ὑπηγάγετο
2850 1244 3023 1313 ἐαυτῷ
3035 1243 3178 1308 λαούς.
3197 1242 3425 1306 Ζητοῦντας
3442 1243 3520 1314 γὰρ
3537 1245 3548 1294 ξ

2364 1337 2533 1391 ταῦτα
2552 1377 2566 1400 ,
2595 1337 2768 1399 καλῶς
2803 1335 2867 1388 ἂν
2897 1336 3007 1404 ἔχοι
3035 1335 3297 1404 μεταφέρειν
3323 1333 3429 1386 αὑτὰ
3454 1334 3550 1385 ὶπὶλ

2365 1429 2502 1498 τῆρα
2522 1428 2617 1480 καὶ
2639 1427 2837 1496 Κύριον
2868 1425 3019 1495 ἡμῶν
3039 1424 3208 1494 Ἰησοῦν
3228 1424 3302 1475 τὸν
3325 1423 3502 1492 Χριστὸν
3526 1441 3546 1474 τ

2367 1517 2723 1588 ἀνατρέχοντα
2745 1515 2837 1568 ἐπὶ
2864 1515 2932 1566 τὰ
2959 1513 3292 1584 διεξωδευμὲνα
3317 1513 3420 1583 περὶ
3431 1513 3509 1581 τῆς
3523 1515 3546 1564 ε’

2369 1624 2500 1669 πους
2525 1606 2686 1659 αὑτοῦ
2710 1606 2963 1675 παρόδου,
2987 1605 3090 1658 καθ’
3115 1607 3168 1674 ἦν
3187 1604 3269 1666 τὰς
3287 1603 3449 1674 ἐχθρὰς
3465 1602 3538 1655 καὶ

2371 1697 2621 1767 δυνάμεις
2662 1696 2767 1748 τῶν
2813 1695 3085 1765 μοχθηρῶν
3112 1699 3195 1748 καὶ
3223 1693 3508 1763 λυμαντιιιῑυν
3540 1694 3548 1739 ἱ

2367 1788 2471 1839 τῶν
2503 1804 2560 1838 τε
2599 1784 2845 1856 πονηρῶν
2884 1786 2976 1838 καὶ
3000 1783 3283 1853 ἀκαθάρτων
3312 1783 3544 1851 πνευμάτο

2368 1878 2628 1945 σάμενος,
2673 1874 2896 1945 μυρίους
2936 1875 3079 1936 ὅσους
3128 1871 3286 1940 ἑαυτῷ
3319 1871 3460 1934 λαοὺς
3499 1868 3548 1932 ἐξ

2366 1968 2469 2020 τῶν
2494 1967 2659 2019 ἐθνῶν
2693 1966 3071 2035 συνεστήσατο·
3097 1964 3150 2016 ὃν
3172 1964 3252 2015 καὶ
3278 1961 3478 2034 Χριστὸν
3497 1962 3543 2013 ἀλ

2369 2058 2486 2126 ήκοι
2518 2057 2581 2110 ἂν
2612 2055 2704 2108 τοῦ
2730 2055 2862 2107 Θεοῦ
2891 2054 3121 2106 ὲνθεῦθεν
3144 2051 3540 2124 ἀναγορεύεινφὺ

2369 2146 2528 2215 ἐλαίῳ
2555 2146 2660 2199 τῶν
2688 2145 2857 2198 πάλαι.
2908 2144 3138 2214 συνήθως
3160 2144 3419 2213 χρισθέντα
3458 2142 3546 2212 (οἶν

2373 2236 2539 2306 ρεῖταί
2575 2253 2624 2288 τι
2676 2237 2802 2306 περὶ
2842 2235 3001 2287 αὑτοῦ
3037 2235 3302 2304 τοιοῦτονδ,
3323 2234 3541 2304 κρείττον

2371 2327 2475 2395 θέῳ
2530 2325 2808 2396 χρίσματι,
2847 2326 2973 2396 παρ’
3021 2325 3049 2378 ὃ
3104 2326 3164 2395 δὴ
3209 2325 3295 2378 καὶ
3339 2325 3417 2377 διὰ
3462 2326 3548 2376 Ἢσ

2375 2433 2393 2464 ι
2435 2415 2654 2484 Πνεῦμα
2685 2415 2889 2484 Κυρίου
2918 2415 3000 2466 ἐπ’
3045 2415 3141 2484 ἐμὲ
3168 2455 3183 2478 ,
3210 2411 3268 2468 οἶδ
3309 2415 3499 2466 εἵνεκεν
3529 2414 3544 2463 ί

2373 2505 2530 2556 Ὅθεν
2547 2506 2636 2557 καὶ
2662 2505 2858 2575 μᾶλλον
2887 2505 3138 2558 ἁπάντων
3156 2506 3258 2559 τῶν
3276 2504 3484 2557 πώποτε
3503 2523 3548 2555 πε

2372 2593 2816 2664 σωματικάπερον
2843 2594 3176 2664 χρισθέντων
3208 2595 3361 2665 μόνος
3390 2593 3488 2646 ἀνά
3518 2612 3542 2644 τ

2371 2686 2639 2755 κουμένην
2666 2685 2903 2755 Χριστὸς
2932 2685 3084 2755 παρά
3111 2688 3223 2748 τοῖς
3261 2687 3391 2738 πᾶσι
3423 2683 3550 2754 βεϐόε

2371 2774 2428 2838 ἐξ
2473 2774 2632 2827 αὑτοῦ
2676 2774 3021 2844 Χριστιανῶν
3077 2776 3448 2847 προσηγορίας
3498 2773 3544 2826 τί

2371 2864 2598 2934 ἔπλησεν
2614 2865 2962 2934 οἰκουμένην.
2985 2867 3181 2927 "Ome;
3198 2865 3253 2916 δέ
3272 2881 3448 2934 φαμεν
3477 2865 3554 2915 αὺσ

2371 2955 2462 3008 καὶ
2488 2954 2537 3006 τί
2559 2953 2619 3005 τὸ
2639 2953 2868 3024 χρίσμα,
2909 2957 3008 3007 καὶ
3032 2955 3120 3018 τίς
3153 2957 3182 3007 ὁ
3215 2957 3314 3025 τῆς
3345 2955 3544 3025 χρίσεω

2371 3044 2583 3112 τάρκως
2609 3045 2664 3094 ἐν
2686 3041 2763 3110 τῷ
2794 3043 2903 3112 πρὸ
2928 3044 3132 3096 τούτου
3167 3045 3546 3115 συγγράμματ

2370 3131 2564 3183 Τούτου
2609 3129 2665 3182 δὲ
2698 3133 2754 3185 ἐν
2791 3134 2908 3195 τοῖς
2951 3133 3172 3203 χείλεσι
3207 3135 3305 3186 καὶ
3352 3136 3409 3185 ὲν
3449 3136 3521 3203 τῇ

2372 3219 2540 3288 σαύτη
2563 3218 2834 3290 κατεχύθη
2865 3223 3044 3293 χάρις
3064 3263 3080 3287 ,
3121 3225 3204 3285 ὡς
3232 3225 3292 3276 ὲν
3327 3223 3502 3291 ὀλίγῳ
3529 3240 3559 3274 τι

2370 3309 2565 3380 πλῆσαι
2608 3310 2704 3378 τῆς
2749 3309 2889 3380 πρὸς
2941 3313 3121 3365 αὑτοῦ
3175 3313 3554 3381 καταγγελθεί

2370 3397 2506 3451 ὥστε
2522 3398 2619 3468 ἤδη
2640 3399 2696 3450 ἐν
2719 3400 2890 3451 πᾶσιν
2919 3399 3147 3464 ἔθνεσι,
3181 3403 3351 3474 παρὰ
3380 3405 3500 3464 τοῖς
3548 3419 3562 3435 θ

2371 3489 2532 3544 αὐτοῦ
2574 3488 2844 3559 μετιοῦσιν
2868 3529 2887 3551 ,
2922 3492 3274 3555 ἀκολούθως
3311 3496 3385 3563 τῇ
3426 3492 3557 3562 μετὲ

2370 3581 2506 3650 τείᾳ,
2533 3579 2625 3632 καὶ
2647 3579 2920 3648 βασιλέως
2940 3583 3053 3634 καὶ
3073 3582 3232 3634 Θεοῦ
3251 3583 3431 3649 δόξαν
3461 3601 3569 3654 περ

2373 3669 2519 3740 παρά
2532 3670 2690 3722 πᾶσιν
2705 3668 3044 3739 ἀνθρώποις
3061 3671 3112 3725 Χ
3123 3674 3330 3742 ριστὸν
3355 3674 3562 3742 ἁναγοί

2371 3759 2450 3810 λοι
2475 3757 2530 3810 δὲ
2555 3760 2646 3810 καὶ
2667 3759 2716 3809 οί
2737 3757 2968 3828 ἐχθροὶ,
2991 3763 3066 3814 οὺ
3109 3763 3296 3832 μόνον
3317 3765 3376 3816 οἱ
3395 3766 3541 3835 ττριν
3567 3788 3569 3793 τ

2371 3849 2502 3902 ἀλλὰ
2537 3850 2629 3900 καὶ
2665 3850 2712 3900 οἱ
2753 3850 2841 3901 ἀεὶ
2898 3855 3505 3925 προσπολεμοῦντες
3559 3875 3570 3905 τ

2372 3938 2478 3990 εἴτε
2511 3940 2566 3989 ἐν
2600 3936 2960 4008 ἀνθρώποις,
3007 3944 3146 3996 εἴτε
3183 3939 3302 3999 xui
3350 3947 3422 3999 ὲν
3462 3947 3579 4017 top

2371 4027 2459 4089 οὒς
2484 4026 2694 4097 ἀοράτῳ
2726 4028 2818 4079 καὶ
2857 4031 3178 4105 λεληθυίᾳ
3217 4037 3497 4106 δυνάμει
3534 4057 3572 4089 τε

2371 4116 2429 4180 ἐξ
2454 4117 2701 4169 ἁπάντων
2725 4117 2834 4172 τῶν
2867 4121 3089 4176 ὲθνῶν
3143 4129 3505 4193 παντοίους
3556 4131 3582 4182 ἒ

2371 4205 2600 4274 χειρίους
2656 4209 3014 4278 πεποίηται.
3095 4215 3203 4267 Τὰ
3271 4217 3342 4269 δὲ
3421 4219 3577 4288 ἑξῆς

2378 4314 2396 4345 ι
2431 4295 2666 4366 Σμύρνα,
2697 4296 2792 4349 καὶ
2818 4303 3120 4374 στακτὴ,
3160 4307 3290 4360 καλ.
3321 4311 3584 4363 massica.

747 4383 916 4437 genus
947 4367 1192 4422 Christus
1221 4371 1533 4438 appellatur.
1563 4370 1698 4424 Sunt
1719 4377 1893 4424 autem
1915 4371 2031 4439 ejus
2064 4387 2272 4440 quoque

2058 4387 2274 4472 quoque
2305 4391 2346 4445 ι)
2375 4401 2487 4447 σου,
2528 4404 2545 4436 ι
2579 4386 2647 4438 τά
2689 4403 2746 4437 τε
2791 4390 2908 4442 ἐπὶ
2962 4395 3271 4460 τούτοις,
3311 4399 3412 4463 ὡς
3455 4418 3581 4475 περ

749 4459 951 4512 inimici
1002 4458 1287 4524 manifesti,
1331 4474 1437 4512 non
1463 4461 1619 4514 modo
1645 4460 1736 4528 qui
1767 4461 1916 4528 prius
1935 4462 2271 4524 exstiterant,

748 4549 843 4603 sed
891 4549 1049 4602 etiam
1087 4549 1178 4615 qui
1236 4562 1444 4616 semper
1492 4549 1660 4618 ipsius
1707 4551 1872 4604 verbo
1905 4552 2274 4614 adversantur,

746 4638 908 4707 219
943 4639 1055 4692 sive
1090 4639 1164 4690 illi
1203 4641 1258 4693 in
1291 4639 1630 4706 hominibus,
1666 4640 1778 4694 sive
1807 4641 1860 4694 in
1890 4641 2267 4711 eﬂ'ugientibus

747 4732 921 4785 visura
961 4739 1200 4785 nostrum
1239 4730 1592 4800 potestatibus
1631 4731 1774 4795 sint,
1807 4748 1943 4801 quos
1972 4734 2059 4787 ille
2087 4733 2273 4786 invisi-

749 4823 843 4876 bili
873 4823 1187 4891 occultaque
1221 4823 1416 4878 virtute
1446 4838 1512 4877 ex
1544 4824 1794 4878 omnibus
1831 4827 2080 4895 gentibus
2121 4824 2265 4878 aufe-

752 4923 874 4962 rens
911 4919 963 4964 et
1000 4911 1349 4974 subvertens,
1388 4911 1562 4966 omnis
1627 4915 1839 4981 generis
1904 4915 2128 4985 populos
2166 4913 2270 4968 sibi

753 4995 854 5061 ipsi
883 5001 1245 5055 auscultantes
1273 5001 1467 5056 eﬂ‘ecit.
1503 5001 1632 5067 Qua:
1659 5019 1785 5058 vero
1826 5005 1881 5058 in
1909 5005 2093 5058 eodem
2124 5003 2267 5072 psal-

753 5096 841 5133 mo
880 5099 1264 5152 sequunturu
1293 5090 1538 5163 Myrrha,
1590 5102 1646 5148 et
1695 5102 1878 5165 gutta,
1926 5105 1979 5150 et
2022 5093 2193 5148 cassia
2241 5108 2272 5146 a

753 5215 1086 5273 vestimentis
1148 5226 1254 5280 tuis
1285 5229 1348 5292 η,
1378 5249 1396 5280 ι
1421 5239 1474 5286 et
1525 5240 1716 5288 caetera
1751 5232 2036 5299 deinceps,
2077 5245 2195 5297 qua:
2232 5229 2484 5283 dicuntur

753 5316 900 5356 mum
932 5301 1217 5369 reliquerit,
1245 5321 1464 5375 quaeque
1488 5321 1540 5363 et
1567 5311 1797 5374 Christo,
1831 5319 1883 5362 et
1907 5308 2036 5376 regi,
2061 5315 2114 5359 et
2139 5305 2245 5359 Deo
2273 5305 2338 5358 de
2365 5321 2472 5374 quo
2498 5310 2530 5364 d

2375 4491 2510 4543 μενα
2537 4477 2627 4527 καὶ
2655 4476 2966 4551 θυγατρὸς
3007 4485 3134 4539 τὸν
3176 4491 3516 4563 πατρῷον
3565 4512 3596 4547 c

2373 4565 2464 4616 καὶ
2494 4563 2569 4634 τῷ
2598 4566 3070 4636 προδηλωθέντι
3113 4579 3444 4651 Χριστῷ,
3492 4587 3596 4637 κοτ’

2370 4653 2784 4723 νυμφευθείσης,
2827 4659 3117 4733 Κύριον
3155 4685 3246 4722 τε.
3303 4673 3526 4728 αὒτὶδν
3591 4699 3604 4727 ι

2368 4743 2463 4835 τὴν
2493 4741 2551 4835 εξ
2575 4744 2739 4797 ἐθνῶν
2780 4748 3274 4827 Ἐκκλησίαν,
3315 4764 3454 4835 τὴν
3499 4785 3600 4818 πα

2370 4833 2470 4929 κῆν
2493 4833 2990 4930 ἀποστραφεῖεταν
3032 4849 3335 4924 πλάνην
3351 4896 3373 4920 ,
3400 4833 3616 4930 aechm

2373 4919 2461 4970 τοῦ
2489 4919 2652 5018 ’θείου
2671 4922 2876 5018 μλόγου
2949 4919 3326 5012 κοινωνίᾲ
3377 4919 3612 5018 καθαέ

2375 5012 2502 5112 ροντ’
2546 5011 2610 5112 ἂν
2636 5014 2732 5084 τῆς
2772 5011 3356 5105 προσηκοὺσής
3397 5011 3616 5112 τιοτίγξ

2374 5103 2681 5172 ἑρμηνείας.
3021 5135 3042 5146 ο

2537 5233 2837 5330 9.9””?
2895 5248 3193 5330 resina
3245 5266 3329 5311 et
3385 5260 3605 5330 mia.

2537 5319 2700 5366 ictum
2735 5327 2881 5383 est,
2934 5326 3450 5399 desponsata
3517 5319 3616 5404 si'l

756 5394 981 5464 appellet
1011 5411 1024 5446 :
1059 5393 1124 5447 ad
1155 5409 1270 5507 eajm
1294 5414 1420 5507 quae
1446 5402 1786 5507 degentibus
1806 5405 2022 5507 collecta
2059 5409 2141 5455 est
2175 5399 2485 5462 Ecclesiam.
2524 5421 2554 5460 a
2585 5410 2758 5476 patrio
2809 5393 3484 5507 dmmoinicoqinla
3517 5393 3616 5499 ῖξῖ

759 5499 1068 5604 gatamque;
1106 5502 1167 5541 ac
1203 5488 1365 5543 divini
1397 5495 1541 5547 verbi
1585 5496 2059 5552 communicatione
2107 5507 2397 5548 connexam
2443 5505 2498 5552 et
2524 5504 2949 5572 compositam
3027 5488 3364 5584 refert;
3381 5488 3609 5604 “p1”;

764 5595 1031 5604 _---_._.-
1074 5587 1209 5604 -.-μ
1247 5582 1344 5604 -21.:
1380 5583 1537 5604 2-.-“
1610 5598 1622 5604 -
1666 5593 1696 5604 _.
1985 5600 1995 5604 ,
2067 5586 2090 5604 ,.
2137 5603 2143 5604 ί
2185 5588 2197 5600 .
2243 5597 2255 5604 _

761 5580 1211 5640 accommodatam
1246 5582 1344 5637 sibi
1379 5583 1856 5654 interpretationem
1883 5600 2036 5646 nacta
2065 5586 2278 5642 fuerint.

829 5678 854 5713 ⁸
885 5674 1040 5731 Hebr.
1073 5690 1154 5740 ιιι,
1184 5675 1268 5731 Η.
1344 5678 1386 5710 ⁸⁸
1413 5676 1550 5735 Psal.
1582 5699 1688 5756 civ,
1717 5689 1803 5743 {5.
1878 5690 1917 5722 ¹¹
1947 5686 2048 5743 lsa.
2072 5701 2181 5749 ut,
2217 5685 2268 5740 l.
2343 5685 2354 5717 ¹

1344 5678 1386 5710 ⁸⁸
1413 5676 1550 5735 Psal.
1582 5699 1688 5756 civ,
1717 5689 1803 5743 {5.
1878 5690 1917 5722 ¹¹
1947 5686 2048 5743 lsa.
2072 5701 2181 5749 ut,
2217 5685 2268 5740 l.
2343 5685 2384 5717 ¹¹
2418 5684 2558 5746 Psal.
2586 5705 2727 5755 xuv,
2768 5693 2855 5750 9.
