3862 6350
199 447 272 509 τοι

204 653 278 719 ,Ως
300 659 327 704 ὁ
351 649 506 714 αυτὸς
532 645 830 719 προφήτης
846 643 957 719 καὶΔ
968 644 1141 719 ἐνκρθν
1161 639 1371 719 ψαλμῷ
1380 636 1502 718 ⁸δύο
1530 642 1634 719 Κυς

242 706 654 788 piam;
691 706 957 788 διίὸᾷζογεῖ
980 727 995 741 ⁸
1027 706 1134 788 ἔστι
1168 706 1516 788 τὸτί-αιςρῶηον
1540 706 1635 784 καὶ

244 775 483 841 Mart;
519 775 657 835 om
673 818 688 843 ,
728 775 1033 850 δεύτερον,
1082 779 1153 831 ὃν
1199 776 1375 850 αὐτὸς
1392 844 1403 850 Δ
1426 775 1633 850 ἑαυτοῦ

244 854 530 933 (paramus:
555 851 786 929 μύριαν.
817 843 925 933 Καὶ
970 848 1048 912 ὡς
1086 847 1351 927 γενέσθαι
1375 843 1498 933 «ὑπὸἱ
1532 843 1635 933 τοῦ

249 911 364 976 Θεοῦ
388 911 482 987 apd
514 918 613 985 τῆς
638 911 741 969 τοῦ
773 919 998 987 κόσμου
1026 911 1372 987 συστάσεως
1405 911 1499 987 καί
1532 912 1637 961 αὐ-

250 992 330 1054 τὸς
359 978 444 1041 rei
467 978 727 1054 δεύτερον
764 978 980 1054 Κύρὶον
1002 979 1144 1054 οἵδε,
1178 981 1273 1033 καί
1299 980 1377 1054 ὡς
1400 978 1633 1054 ultimor-

248 1043 332 1110 τοῦ
345 1056 531 1121 Πατρός
546 1043 713 1120 lapsa.
726 1052 823 1121 καὶ
839 1043 917 1115 ὦς
937 1043 1260 1121 (r15erng
1268 1046 1480 1121 203331.74
1493 1043 1637 1121 θεάν.

251 1142 342 1179 των
358 1113 489 1185 Θεοῦ,
505 1113 663 1189 δμὸια
683 1119 823 1187 ἡμῖν
837 1113 965 1185 περὶ
984 1113 1093 1170 τοῦ
1104 1114 1350 1183 Χριστοῦ
1364 1113 1632 1177 δοξάζων.

252 1251 270 1285 ι
291 1229 421 1284 Εἶπεν
439 1232 465 1282 ὁ
488 1229 678 1299 Κύριος
706 1226 783 1295 τῷ
811 1226 994 1296 Κυρίῳ
1025 1242 1124 1295 μου
1143 1241 1156 1254 ·
1181 1224 1354 1277 Κάθου
1369 1225 1432 1276 ἐκ
1457 1221 1636 1286 δεξιῶν

194 1338 288 1391 μου,
311 1320 395 1381 ἕως
423 1318 479 1371 ἂν
502 1317 574 1369 θῶ
593 1318 714 1378 τοὺς
734 1314 955 1385 ἐχθρούς
992 1330 1082 1365 σου
1115 1312 1388 1365 ὑποπόδιον
1409 1311 1511 1364 τῶν
1539 1327 1635 1363 πο-

193 1412 269 1464 δῶν
291 1425 380 1461 σου.
412 1406 609 1460 Ῥάὸδον
647 1405 927 1474 δυνάμεως
954 1400 1291 1466 ἐξαποστελεί
1321 1416 1401 1452 σοι
1440 1398 1637 1468 Κύριος

190 1500 240 1551 ἐκ
266 1497 390 1557 Σιὼν,
421 1497 504 1548 καὶ
543 1492 982 1562 κατακυριεύσεις
1024 1493 1081 1544 ἐν
1126 1490 1270 1559 μέσῳ
1305 1488 1409 1541 τῶν
1435 1486 1636 1557 ἐχθρῶν

188 1602 271 1639 σον.
293 1584 419 1638 Μετὰ
452 1583 537 1636 σοῦ
565 1584 597 1652 ἡ
621 1583 761 1653 ἀρχὴ
796 1583 857 1633 ἐν
885 1580 1064 1651 ἡμέρᾳ
1100 1580 1198 1648 τῆς
1230 1577 1499 1647 δυνάμεως
1523 1592 1633 1639 σου,

188 1677 231 1728 ἐν
247 1677 337 1736 ταῖς
355 1672 667 1742 λαμπρότησι
692 1670 801 1723 τῶν
825 1670 989 1737 ἁγίων
1017 1684 1128 1721 σου.
1170 1668 1260 1719 Ἐκ
1281 1665 1505 1736 γαστρὸς
1534 1663 1636 1734 πρὸ

193 1763 432 1832 Ἑωσφόρου
456 1759 745 1829 γεγέννηκά
765 1775 849 1812 σε.
882 1758 1079 1827 Ὠμοσε
1100 1756 1315 1826 Κύριος,
1344 1755 1435 1807 καὶ
1454 1755 1511 1807 ού
1541 1770 1634 1823 με-

994 433 1615 496 DEMONSTRATIONIS
1643 428 2080 488 EVANGELICE
2115 428 2240 482 LIB.
2280 427 2342 483 γ.

633 556 1012 612 ΚΕΦΑΛΑΙΟΝ
1050 555 1126 609 I".
1659 560 1707 613 Α

3132 429 3232 484 569

2307 541 2529 598 CAPUT
2578 540 2665 596 111.

1738 639 1886 705 Quod
1924 639 2056 692 idem
2085 637 2340 703 Propheta
2362 634 2516 705 etiam
2539 634 2591 686 in
2611 649 2698 686 crx
2720 635 2914 705 psalmo
2951 635 3026 688 bis
3060 635 3237 691 Domi-

1804 722 1925 760 num
1960 702 2213 759 evidenter
2249 704 2522 769 conﬁtetur
2547 716 2566 753 :
2603 702 2756 754 semel
2778 740 2793 760 ,
2831 717 2943 756 cum
2966 706 3028 757 de
3060 721 3120 759 eo
3156 706 3236 758 lo-

1801 778 1974 846 quitur
1990 775 2076 843 qui
2100 782 2149 826 et
2174 773 2308 825 Deus
2333 780 2382 824 et
2414 771 2587 846 Patet;
2617 778 2724 846 est;
2754 769 2934 846 iterum
2965 774 3160 846 estinde
3178 790 3237 828 eo

1835 860 1946 897 uem
1974 837 2079 909 ipse
2097 857 2245 894 suum
2271 837 2836 909 nuncupatqDominum.
2865 838 2932 891 Et
2957 842 3085 909 quod
3106 842 3239 895 hunc

1835 861 1946 897 uem
1974 861 2079 909 tpse
2097 861 2245 894 suum
2271 861 2527 905 nuncupat
2544 861 2836 891 nummum.
2865 861 2932 891 nt
2957 861 3085 909 quoa
3106 861 3239 895 nunc

1802 861 2077 965 ἲοηιίηιιηι
2103 910 2209 977 ipse
2219 922 2410 978 quoque
2430 907 3049 978 novitgenitum_esseante
3062 910 3241 963 mundi

1804 973 2239 1038 constitutionem,
2254 984 2305 1028 et
2329 973 2464 1043 quod
2500 973 2745 1027 (etet-num
2788 973 2961 1028 Patris
3004 979 3241 1030 sacerdo-

1808 1058 1924 1109 tem,
1952 1055 2002 1100 et
2042 1047 2264 1112 supremi
2314 1043 2409 1095 Dei
2444 1058 2804 1114 consessorem,
2837 1043 3054 1096 similem
3070 1046 3242 1114 utique

1804 1108 2082 1185 opinionem
2094 1108 2144 1167 in
2156 1114 2248 1167 hoc
2262 1120 2449 1166 nostra:
2459 1112 2579 1179 fidei
2588 1110 2648 1164 de
2658 1108 2860 1166 Christo
2872 1127 2978 1180 pra:
2989 1128 3042 1165 se
3052 1108 3239 1181 ferens.

1815 1242 1833 1275 ‹
1857 1224 1999 1278 Dixit
2032 1222 2285 1278 Dominus
2320 1220 2545 1275 Domino
2577 1235 2728 1286 meo,
2783 1221 2919 1277 Sede
2960 1236 2992 1275 a
3040 1222 3242 1280 dextris

1738 1315 1871 1369 meis
1898 1352 1912 1377 ,
1954 1313 2123 1368 donec
2160 1327 2350 1382 ponam
2386 1311 2632 1365 inimicos
2668 1318 2785 1365 tuos
2808 1310 3109 1385 .scabellum
3147 1326 3244 1381 pe-

1737 1399 1860 1454 dum
1900 1408 2136 1454 tuorum.
2187 1397 2406 1467 Virgam
2442 1397 2654 1452 virtutis
2685 1398 2887 1452 emittet
2918 1398 3017 1452 tibi
3063 1398 3244 1453 Domi-

1736 1505 1838 1543 nus
1864 1504 1929 1543 ex
1961 1487 2089 1542 Siun
2115 1527 2130 1551 ,
2157 1494 2210 1542 et
2236 1485 2595 1541 dominaberis
2618 1486 2672 1539 in
2700 1485 2878 1540 medio
2904 1486 3245 1543 inimicorum

1738 1587 1968 1632 tuorum.
2005 1577 2202 1632 Tecum
2234 1574 2549 1645 principium
2581 1574 2636 1627 in
2665 1572 2751 1630 die
2775 1576 2989 1631 virtutis
3019 1583 3152 1644 tute,
3187 1578 3244 1633 in

1742 1668 2111 1738 splendoribus
2157 1675 2466 1722 sanctorum
2526 1674 2756 1720 tuorum.
2800 1665 2876 1721 Ex
2922 1676 3073 1724 utero
3122 1679 3244 1725 ante

1736 1758 2037 1812 Luciferum
2074 1759 2231 1827 genui
2268 1765 2341 1813 te.
2396 1754 2602 1811 Juravit
2632 1753 2885 1811 Dominus
2908 1765 2959 1812 et
2992 1773 3099 1813 non
3130 1773 3245 1828 ρω-

183 1849 534 1919 τιμεληθήσεται
555 1864 568 1877 ·
616 1848 687 1901 Σὺ
731 1846 914 1916 ἱερεὺς
943 1846 1021 1905 είς
1064 1843 1153 1895 τὸν
1195 1843 1360 1895 αἰῶνα
1386 1841 1519 1894 κατὰ
1540 1842 1634 1910 τὴν

1749 1848 1923 1903 nitebit
1957 1862 2076 1902 eum
2111 1866 2124 1902 :
2172 1846 2251 1902 Tu
2319 1862 2377 1902 es
2420 1845 2670 1901 sacerdos
2709 1846 2764 1900 in
2819 1853 3107 1911 aeternum,
3159 1864 3246 1905 se-

182 1937 290 2001 τάξιν
311 1935 622 2005 Μελχισεδέκ.
655 1934 866 2005 Κύριος
898 1936 960 1985 ἐκ
986 1931 1168 1995 δεξιῶν
1195 1947 1305 1982 σου.
1342 1949 1360 1981 ι
1391 1929 1490 1981 Τὸν
1529 1931 1636 1981 Σω-

1749 1936 1969 1990 cundum
2026 1936 2264 1990 ordinem
2294 1934 2657 1991 Melchisedec.
2706 1934 2958 1992 Dominus
2987 1951 3017 1990 a
3044 1937 3246 1993 dextris

182 2027 282 2094 τῆρα
299 2028 375 2078 καὶ
402 2027 588 2095 Κύριον
626 2025 814 2096 ἡμῶν,
841 2022 930 2076 τὸν
970 2021 1299 2093 πρωτότοκον
1323 2019 1494 2089 πάσης
1521 2020 1635 2070 κτί-

182 2114 409 2178 σεωςΘεοῦ
438 2114 616 2182 Λόγον,
648 2115 745 2184 τὴν
784 2113 886 2183 πρὸ
932 2111 1122 2173 αἰῶνος
1169 2108 1371 2178 σοφίαν,
1403 2108 1496 2177 τὴν
1544 2109 1639 2178 ἀρ-

183 2204 252 2270 χὴν
267 2204 352 2256 τῶν
371 2204 489 2257 ὁδῶν
516 2204 606 2257 τοῦ
627 2203 761 2257 Θεοῦ
778 2241 791 2264 ,
820 2201 880 2254 τὸ
906 2200 1234 2271 πρωτότοκον
1255 2199 1344 2252 καὶ
1366 2198 1637 2268 μονογενὲς

181 2290 439 2362 τοῦΠατρὸς
463 2291 719 2362 γέννημα,
767 2289 860 2341 τὸν
882 2290 948 2358 τῇ
990 2287 1080 2340 τοῦ
1127 2284 1357 2358 Χριστοῦ
1400 2283 1637 2353 τιμώμε-

182 2395 244 2431 νον
265 2380 573 2449 προσηγορίᾳ,
596 2379 689 2432 καὶ
709 2380 739 2431 ό
772 2375 958 2446 παρὼν
987 2375 1192 2445 ψαλμὸς
1215 2374 1410 2445 Κύριον
1435 2374 1638 2426 ἀποκα-

181 2468 252 2531 λεῖ,
272 2468 491 2522 διδάσκων
520 2468 677 2523 αὐτὸν
725 2462 872 2518 εἶναι
906 2464 1184 2536 σύνθρονον
1223 2464 1355 2533 ὁμοῦ
1388 2461 1479 2516 καὶ
1516 2461 1639 2513 Υἱὸν

180 2556 245 2609 τοῦ
268 2558 340 2610 ἐπὶ
362 2557 556 2610 πάντων
594 2556 729 2609 Θεοῦ
765 2572 829 2607 τε
855 2541 944 2608 καὶ
973 2554 1175 2627 Κυρίου
1202 2551 1307 2604 τῶν
1335 2551 1487 2615 δλων,
1514 2549 1641 2603 αἰώ-

180 2645 259 2699 νιόν
276 2663 322 2699 τε
357 2646 437 2699 τοῦ
460 2646 662 2715 Πατρὸς
700 2644 875 2715 ἱερέα.
900 2642 1115 2714 Πρῶτον
1139 2640 1200 2709 δὴ
1222 2635 1312 2692 οὖν
1338 2638 1637 2708 ἐπίστησον,

178 2731 231 2794 ὡς
246 2732 322 2802 ἤδη
348 2733 484 2785 τοῦτο
502 2731 747 2802 δεύτερον
785 2730 1022 2800 γέννημα
1044 2726 1175 2780 Θεοῦ
1200 2726 1637 2796 προσηγόρευται,

180 2821 245 2873 καὶ
264 2823 359 2874 ἐπεὶ
392 2822 513 2875 Θεοῦ
548 2838 609 2889 γε
649 2821 923 2891 πνεύματι
952 2818 1020 2871 τὰ
1051 2818 1144 2886 τῆς
1172 2815 1492 2887 προφητείας
1516 2817 1640 2884 ἡμῖν

176 2910 362 2979 εἰρῆσθαι
396 2911 753 2973 πεπίστευται,
794 2910 893 2979 ὅρα
936 2908 984 2958 εί
1031 2905 1103 2975 μὴ
1129 2904 1253 2957 αὐτὸ
1277 2904 1340 2972 δὴ
1367 2902 1426 2955 τὸ
1469 2905 1523 2955 ἐν
1566 2901 1641 2971 τῷ

180 3002 365 3072 προφήτῃ
422 2999 634 3071 Πνεῦμα
682 3000 865 3068 ἅγιον,
917 2994 1105 3051 ἑαυτοῦ
1166 2994 1361 3063 Κύριον
1406 2991 1642 3062 δεύτερον

176 3091 273 3154 μετά
295 3093 371 3143 τὸν
390 3091 487 3144 τῶν
511 3091 646 3144 ὅλων
668 3086 1013 3157 ἀναγορεύειθ
1048 3103 1067 3135 ι
1089 3079 1233 3134 Eine
1264 3100 1283 3132 ι
1315 3079 1439 3149 γὰρ,
1463 3079 1641 3150 φησιν,

1738 2024 1845 2078 tuis
1879 2023 1941 2077 ¹³.
1967 2042 1985 2074 ι
2012 2021 2335 2077 Salvatorem
2361 2037 2425 2078 ac
2452 2022 2734 2077 Dominum
2760 2032 3000 2079 nostrum
3021 2062 3036 2089 ,
3065 2025 3243 2095 ipsum

1744 2114 2150 2182 primogenitum
2175 2114 2349 2168 omnis
2372 2122 2625 2170 creature:
2647 2114 2737 2169 Dei
2756 2114 2981 2169 Verbum
3000 2151 3016 2178 ,
3046 2115 3248 2184 sapien-

1740 2203 1868 2255 tiam
1911 2215 2029 2270 quaa
2068 2209 2151 2256 est
2191 2212 2314 2256 ante
2372 2216 2578 2266 aevum,
2617 2202 2826 2255 initium
2868 2202 3072 2255 viarum
3116 2201 3243 2265 Dei,

1738 2289 2145 2359 primogenitum
2166 2297 2218 2345 et
2236 2290 2449 2344 unicum
2471 2290 2644 2347 Patris
2668 2306 2885 2361 germen
2901 2329 2916 2354 ,
2940 2291 3097 2359 220
3120 2305 3243 2351 eum

1739 2379 1830 2448 qui
1863 2377 2059 2433 Christi
2089 2379 2438 2448 appellatione
2480 2379 2791 2444 honoratur,
2831 2394 3062 2448 praesens
3102 2393 3239 2447 quo-

1739 2482 1842 2538 que
1867 2469 2103 2537 psalmus
2143 2467 2424 2522 Dominum
2461 2476 2645 2535 vocat,
2683 2468 2945 2537 docetque
2978 2482 3098 2522 eum
3128 2481 3248 2522 esse

1739 2571 2104 2613 consessorem
2136 2557 2296 2611 simul
2321 2564 2376 2611 et
2403 2555 2597 2611 Filium
2633 2558 2864 2628 supremi
2893 2556 3016 2623 Dei,
3044 2571 3247 2611 rerum-

1740 2662 1841 2716 que
1870 2647 2107 2700 omnium
2145 2646 2384 2711 Domini,
2416 2657 2774 2716 aeternumque
2801 2645 2973 2701 Patris
3003 2646 3250 2701 sacerdo—

1740 2745 1869 2792 tem.
1923 2736 2160 2790 Primum
2207 2752 2334 2807 ergo
2384 2738 2462 2792 sic
2512 2738 2745 2801 habeto,
2801 2736 3248 2807 quemadmodum

1741 2825 2019 2895 progenies
2053 2826 2141 2879 illa
2183 2825 2415 2879 secunda
2461 2824 2554 2880 Dei
2582 2825 2851 2880 nominata
2879 2831 2995 2890 est,
3032 2833 3085 2879 et
3117 2840 3253 2895 quo-

1740 2914 1884 2968 niam
1924 2914 2102 2969 divino
2144 2929 2355 2983 quoque
2395 2914 2585 2983 spiritu
2627 2914 2719 2968 illa
2761 2913 3049 2983 prophetiae
3089 2914 3250 2969 verba

1745 3004 1866 3059 ﬁdei
1902 3013 2098 3059 nostra:
2123 3005 2405 3058 commissa
2435 3011 2586 3071 sunt;
2623 3004 2742 3059 vide
2769 3019 2895 3057 num
2927 3012 2980 3058 et
3008 3004 3096 3058 ille
3130 3002 3253 3071 Spi-

1743 3094 1879 3148 ritus
1908 3104 2120 3148 sanctus
2153 3095 2206 3147 in
2230 3093 2487 3163 propheta
2505 3132 2519 3156 ,
2545 3093 2738 3149 suimet
2764 3093 2934 3163 ipsius
2968 3092 3248 3148 Dominum

179 3179 231 3229 οὸ
254 3178 420 3249 Κύριος
444 3180 517 3250 τῷ
545 3180 739 3251 Κυρίῳ
773 3193 874 3247 μου
900 3192 913 3205 ’
944 3173 1125 3228 Κάθου
1149 3173 1211 3224 ἐκ
1241 3170 1423 3234 δεξιῶν
1459 3186 1576 3241 μου.
1617 3187 1636 3221 ι

1749 3185 2031 3240 secundum
2058 3191 2176 3253 post
2203 3198 2322 3237 eum
2346 3182 2437 3251 qui
2458 3181 2711 3237 Dominus
2761 3191 2845 3237 est
2886 3186 3253 3238 universorum

172 3264 243 3315 Τὸν
279 3265 465 3336 πρῶτον
520 3266 745 3339 Κύριον,
796 3262 939 3316 ὠσὰν
984 3260 1208 3315 καθόλου
1252 3258 1355 3310 τῶν
1402 3257 1646 3311 ἁπάντων

173 3354 401 3425 Δεστιύτην,
452 3357 686 3428 Ἑϐραῖοι
724 3352 1091 3422 ἀνεκφωνήτῳ
1132 3349 1418 3418 προσρήσει
1461 3350 1525 3416 τῇ
1565 3344 1651 3398 διὰ

167 3442 243 3496 τῶν
255 3447 496 3517 τεσσάρων
517 3447 805 3515 στοιχείων
832 3441 1172 3512 ἀνηγόρευονο
1218 3439 1309 3490 τὸν
1329 3438 1382 3489 δέ
1409 3436 1649 3505 δεύτερον

168 3533 299 3586 οὐκέθ’
333 3538 533 3607 ὁμοίως,
576 3537 728 3600 ἰδίως
761 3535 809 3587 δ’
838 3532 995 3586 αὐτὸν
1021 3529 1221 3601 Κύριον
1250 3525 1534 3597 ὠνόμαζον.
1564 3527 1654 3577 El-

164 3621 294 3687 κότως
311 3622 390 3679 οὖν
415 3629 441 3680 ό
470 3627 666 3696 Σωτὴρ
701 3625 805 3678 καὶ
840 3621 1039 3692 Κύριος
1077 3618 1230 3689 ἡμῶν
1261 3616 1415 3677 αὐτὸς
1456 3613 1653 3682 Ἰησοῦς

164 3709 387 3783 ὸΧριπδς
411 3716 499 3770 τοῦ
528 3714 692 3777 Θεοῦ,
728 3710 986 3782 ἐρόμενός
1018 3724 1146 3761 ποτε
1173 3708 1294 3768 τοὺς
1315 3704 1649 3775 Φαρισαίους,

164 3802 362 3874 «Τίὐμῖν
384 3806 501 3878 περὶ
530 3805 627 3859 τοῦ
656 3799 899 3873 Χριστοῦ
926 3799 1103 3862 δοκεῖς
1132 3796 1273 3858 τίνος
1309 3794 1450 3846 ἐστὶν
1476 3793 1648 3857 υἱός;›

161 3894 381 3956 εἰπόντων,
406 3894 497 3946 τοῦ
527 3893 719 3954 Δαϐὶδ,
758 3888 1016 3955 ἐπιλέγει,
1053 3902 1072 3935 ι
1107 3884 1229 3947 Πῶς
1278 3878 1368 3934 οὖν
1410 3881 1569 3932 Δαὸὶδ
1598 3881 1654 3932 ἐν
1691 3947 1701 3957 .

161 3980 372 4051 πνεύματι
390 3983 588 4056 Κύριον
609 3980 785 4034 αὐτὸν
810 3975 979 4037 καλεῖ,
1012 3973 1203 4040 λέγων,
1229 3968 1389 4023 Εἶπεν
1413 3971 1440 4020 ό
1462 3967 1655 4037 Κύριος

158 4069 214 4136 τῷ
246 4072 407 4142 Κυρίῳ
452 4090 551 4143 μου
576 4089 590 4102 ο
633 4070 826 4123 Κάθου
861 4069 924 4118 ἐκ
954 4064 1136 4130 δεξιῶν
1164 4077 1297 4132 μους
1328 4079 1345 4110 ι
1388 4059 1656 4128 μονονουχὶ

157 4158 417 4228 ἑρμηνεύων
444 4163 544 4232 τὴν
573 4160 752 4224 λέξιν,
788 4158 863 4218 ὡς
895 4156 956 4208 οὐ
982 4154 1137 4222 μόνον
1161 4151 1252 4204 τοῦ
1280 4148 1437 4201 Δαὸὶδ
1462 4146 1656 4216 Κύριον

156 4248 277 4300 αὑτὸν
303 4251 758 4321 ἁναγορεύουσαν,
794 4244 926 4297 ἀλλὰ
952 4241 1058 4312 γὰρ
1090 4242 1184 4294 καὶ
1225 4237 1316 4290 τοῦ
1345 4239 1400 4289 ἐν
1431 4236 1506 4305 τῷ
1532 4252 1658 4304 προ-

1744 3283 1912 3328 vocet.
1950 3292 1967 3323 ι
1997 3271 2141 3327 Dixit
2169 3291 2187 3325 ι
2231 3273 2371 3327 enim
2392 3311 2407 3336 ,
2439 3272 2642 3340 inquit,
2683 3290 2700 3320 σ
2731 3270 2986 3326 Dominus
3033 3271 3255 3326 Domino

1746 3377 1887 3425 meo,
1921 3362 2055 3417 Sede
2084 3378 2113 3415 a
2137 3362 2360 3416 dextris.
2398 3381 2416 3411 ι
2446 3360 2613 3414 Sicuti
2643 3375 2818 3413 rerum
2850 3359 3006 3414 etiam
3044 3361 3256 3415 univer-

1747 3450 1845 3504 sim
1886 3451 2120 3503 omnium
2158 3450 2455 3513 Dominum,
2481 3447 2682 3503 Hebraei
2725 3447 3065 3502 inenarrabili
3102 3456 3156 3502 et
3192 3464 3258 3502 ex

1748 3544 1979 3606 quatuor
2008 3537 2282 3591 elementis
2313 3535 2604 3604 composita
2632 3535 2865 3589 dictione
2899 3543 3255 3601 vocaverunt;

1749 3640 1846 3680 nec
1889 3624 1997 3693 jam
2045 3626 2267 3694 amplius
2316 3640 2435 3678 eum
2481 3625 2641 3678 simili
2682 3625 2890 3677 ratione
2928 3622 3257 3687 secundum,

1752 3715 1843 3768 sed
1874 3714 2084 3784 proprie
2111 3713 2391 3767 Dominum
2421 3714 2839 3783 appellaverunt.
2878 3711 3064 3767 Merito
3091 3711 3254 3780 igitur

1754 3801 1993 3856 Salvator
2039 3816 2099 3855 ac
2139 3800 2394 3856 Dominus
2443 3812 2626 3856 noster
2662 3802 2773 3870 ipse
2797 3800 2951 3856 Jesus
2982 3801 3073 3870 qui
3101 3800 3255 3855 Chri-

1752 3898 1866 3946 stus
1919 3898 2002 3945 est
2054 3889 2180 3953 Dei,
2231 3890 2562 3962 interrogans
2614 3889 2893 3960 aliquando
2938 3888 3255 3953 Pharisaeos,

1758 3999 1777 4031 ι
1807 3979 1947 4044 Quid
2004 3980 2156 4034 vobis
2212 3981 2420 4035 videtur
2471 3982 2534 4036 de
2578 3982 2829 4037 Christo?
2868 3979 3021 4050 cujus
3063 3993 3144 4035 est
3195 3982 3261 4035 li-

1752 4071 1857 4125 lius
1894 4070 1981 4122 ’δῖ’
2014 4089 2033 4121 ι
2079 4085 2198 4124 cum
2255 4072 2692 4141 respondissent,
2745 4070 2996 4136 Davidis,
3062 4071 3263 4137 subdit,

1764 4178 1781 4210 ι
1814 4156 2092 4223 Quomodo
2133 4158 2295 4229 igitur
2322 4159 2487 4214 David
2515 4159 2568 4214 in
2598 4160 2789 4230 spiritu
2829 4158 3109 4214 Dominum
3142 4173 3264 4214 etim

1767 4255 1953 4310 vocat,
1985 4246 2187 4309 dicens,
2230 4248 2371 4301 Dixit
2407 4246 2661 4303 Dominus
2689 4246 2909 4301 Domino
2939 4262 3057 4301 meo
3085 4264 3099 4299 :
3132 4244 3267 4301 Sede

156 4336 264 4407 φήνῃ
301 4340 615 4410 πνεύματος.
665 4338 735 4389 Εἰ
775 4335 832 4386 δὲ
886 4334 946 4385 τὸ
990 4329 1201 4398 πνεῦμα
1240 4327 1298 4378 τὸ
1338 4323 1656 4397 προφητικὸν

1761 4351 1790 4389 a
1831 4336 2034 4390 dextris
2076 4338 2208 4391 meis
2240 4338 2324 4389 "‘t
2349 4356 2367 4389 ι
2392 4335 2769 4406 propemodum
2793 4336 3148 4404 interpretans
3186 4335 3267 4388 di-

152 4424 291 4489 (τοῦτο
308 4428 367 4499 δὴ
408 4431 542 4498 ἡμῖν
572 4425 722 4479 εἶναι
758 4423 1105 4477 πεπίστευται
1145 4417 1202 4470 τὸ
1248 4417 1393 4484 ἆγιον
1424 4412 1656 4482 Πνεῦμα)

1760 4443 1993 4497 ctionem
2019 4480 2033 4504 ,
2081 4454 2200 4510 qua:
2243 4451 2349 4491 non
2392 4434 2548 4488 modo
2587 4431 2836 4495 Davidis,
2875 4446 3059 4487 verum
3099 4432 3264 4485 etiam

151 4515 353 4585 ὁμολογεῖ
377 4519 562 4571 τοῦτον
592 4513 742 4570 εἶναι
783 4514 999 4583 Κύριον,
1021 4510 1079 4563 ὃν
1110 4507 1384 4577 σύνθρονον
1413 4499 1545 4557 εἶναι
1566 4502 1656 4556 τοῦ

151 4605 181 4612 ._
270 4610 278 4612 _
410 4611 413 4612 ν
458 4611 465 4612 κ
497 4610 503 4612 _
775 4606 785 4612 .
858 4605 871 4612 -
953 4604 965 4612 ι
1050 4601 1065 4612 ι
1095 4601 1106 4612 Ι
1175 4592 1184 4604 ⁸
1273 4597 1309 4612 οε
1326 4598 1342 4612 κ
1367 4597 1377 4612 1
1485 4595 1499 4612 \
1540 4596 1553 4612 ε

1759 4541 1979 4612 spiritus
2010 4499 2065 4592 in
2099 4499 2383 4605 -pr0pheta
2399 4529 2705 4586 exsistentis
2724 4567 2739 4593 ,
2780 4527 3062 4582 Dominum
3091 4528 3272 4595 appel-

150 4605 319 4676 Πατρὸς
339 4610 669 4670 ἐκδιδάσκει,
700 4606 796 4659 καὶ
820 4605 918 4657 οὐκ
943 4592 1236 4664 ἀπολύτώς,
1262 4597 1391 4650 ἀλλὰ
1419 4595 1508 4649 καὶ
1535 4596 1659 4647 ἐαυ-

150 4693 222 4745 τοῦ
244 4698 447 4769 Κύριον,
474 4698 625 4751 κατὰ
674 4695 812 4748 πολὺ
848 4693 1007 4745 πλέον
1057 4689 1149 4742 καὶ
1193 4686 1383 4757 μᾶλλον
1421 4682 1558 4736 τοῦτ’
1596 4681 1661 4735 ἂν

150 4782 311 4838 εἴποιεν
324 4790 377 4839 αἱ
392 4788 532 4857 μετὰ
547 4787 613 4839 τὺ
633 4786 795 4852 ᾶγιον
819 4780 1039 4850 Πνεῦμα
1054 4777 1261 4844 λογικαὶ
1274 4774 1539 4844 δυνάμεις,
1556 4772 1589 4841 ἦ
1603 4787 1662 4823 τε

155 4868 370 4938 σύμπασα
393 4874 653 4945 ὁρωμένη
681 4887 747 4921 τε
775 4870 829 4921 ἐν
868 4866 1099 4936 σώμασι,
1143 4863 1233 4917 καὶ
1271 4863 1325 4915 ἐν
1365 4862 1662 4931 ἀσωμάτοις

152 4957 322 5014 ἑστῶσα
350 4962 714 5033 δημιουργία,
732 4953 797 5028 ἧς
832 4958 1044 5024 ἁπάσης
1059 4954 1275 5013 εἰκότως
1297 4953 1359 5003 ἂν
1431 4949 1663 5005 καταδει-

158 5043 277 5118 χθείη
300 5052 491 5123 Κύριος
517 5052 549 5101 ὁ
573 5052 747 5119 μόνος
774 5047 866 5100 τοῦ
888 5042 1096 5114 Πατρδς
1123 5041 1413 5108 σύνθρονος,
1430 5038 1491 5091 δι’
1512 5033 1571 5090 οὗ
1595 5037 1663 5090 τὰ

156 5122 397 5207 σύμπαντα
428 5141 678 5210 ἐγένετο,
703 5139 785 5190 ὅτι
815 5136 898 5205 δὴ,
915 5131 1054 5186 κατὰ
1080 5128 1168 5185 τὸν
1201 5128 1484 5197 θαυμάσιον
1531 5122 1664 5175 ἀπό-

164 5230 326 5289 στολου,
355 5248 374 5280 ι
426 5234 484 5283 ἐν
540 5226 698 5296 αὐτῷ
755 5223 970 5291 ἐκτίσθη
1007 5219 1075 5271 τὰ
1123 5218 1309 5277 πάντα,
1335 5217 1401 5268 τὰ
1454 5219 1510 5268 ἐν
1558 5217 1663 5276 τοῖς

160 5314 362 5384 οὐρανοῖς
380 5320 469 5372 καὶ
488 5318 559 5371 τὰ
585 5318 686 5370 ἐπὶ
706 5316 803 5383 τῆς
822 5315 944 5382 γῆς,
966 5310 1075 5361 εἴτε
1100 5306 1262 5377 ὁρατὰ
1284 5305 1388 5356 εἴτε
1412 5305 1626 5375 ἀόρατα.
1640 5320 1659 5353 ι

165 5400 301 5456 κύων
326 5408 450 5473 γοῦν
490 5408 644 5468 είκὸς
677 5404 840 5456 αὐτὸν
879 5400 978 5468 τῆς
1012 5395 1105 5449 τοῦ
1146 5394 1346 5462 Πατρδς
1374 5390 1667 5462 ὁμοιώσεως

168 5486 277 5559 ιῙειν
300 5496 357 5549 τὸ
396 5497 586 5569 κῦρος,
620 5494 777 5547 ὼσὰν
809 5491 904 5545 καὶ
942 5488 1102 5559 μόνον
1150 5483 1417 5552 σύνθρονον
1441 5482 1530 5535 τοῦ
1562 5485 1670 5536 Πα·

170 5580 264 5644 τρδς
284 5568 746 5655 ἀναδεδέιγμένον.
788 5577 1062 5648 Πρόδηλον
1099 5568 1208 5633 οῦν,
1237 5572 1314 5622 ὅτι
1358 5570 1526 5624 οὐδενὶ
1570 5573 1673 5624 τῶν

173 5672 397 5742 τενντιτῶν
423 5672 723 5745 θέμις.τῶ
753 5665 943 5737 δεξιῶν
977 5661 1158 5728 λαχεῖν
1186 5658 1281 5727 τῆς
1321 5675 1676 5728 παντοκρατο-

1759 4642 1854 4694 lat.
1910 4636 1967 4690 Si
2009 4650 2138 4689 vero
2182 4634 2429 4703 spiritum
2473 4629 2621 4682 illum
2671 4626 3073 4697 propheticum,
3118 4624 3267 4678 illum

1762 4749 1935 4807 certe,
1964 4738 2056 4809 qui
2084 4736 2185 4790 ﬁde
2210 4743 2401 4789 nostra
2418 4732 2652 4787 creditus
2706 4737 2789 4783 est
2836 4727 3091 4797 Spiritum
3140 4740 3268 4780 san-

1762 4853 1939 4906 ctum,
1979 4837 2166 4894 annuit
2205 4852 2325 4892 esse
2359 4834 2667 4896 Dominum,
2710 4844 2866 4899 quem
2903 4841 3269 4883 consessorem

1761 4943 1935 4999 Patris
1962 4954 2081 4995 esse
2108 4936 2400 5007 proﬁtetur,
2430 4947 2529 4987 nec
2554 4928 2827 4991 absolute,
2863 4941 3043 4982 verum
3075 4925 3157 4980 sui
3188 4924 3270 4993 ip-

1765 5047 1876 5103 sius
1912 5040 2193 5096 Dominum
2224 5035 2515 5091 secundum
2545 5033 2599 5087 id
2629 5030 2766 5100 quod
2811 5036 2871 5082 ut
2903 5028 3190 5097 plurimum
3217 5033 3273 5081 et
3340 5071 3345 5077 .

1765 5147 1932 5217 magis
1974 5144 2210 5198 dicerent
2246 5136 2533 5192 rationales
2560 5133 2839 5187 facultates
2870 5140 2992 5200 post
3020 5130 3277 5201 Spiritum

1768 5261 2009 5310 sanctum
2031 5289 2046 5314 ,
2094 5257 2254 5316 atque
2288 5258 2443 5299 omne
2479 5241 2747 5311 opiﬁcium
2789 5240 3110 5307 aspectabile
3154 5253 3278 5294 cor.

1766 5351 1941 5424 porcis
1986 5355 2039 5403 et
2086 5343 2417 5415 incorporeis
2457 5347 2740 5403 constans,
2785 5341 2939 5409 cujus
2966 5342 3131 5396 totius
3156 5341 3277 5409 jure

1768 5455 1957 5509 merito
1984 5451 2444 5506 demonstraretur
2462 5442 2715 5497 Dominus
2755 5450 2895 5497 unus
2938 5441 3115 5499 Patris
3151 5457 3278 5497 cou-

1768 5568 1965 5615 sessor,
1995 5566 2089 5621 per
2114 5562 2269 5618 quem
2300 5552 2490 5599 cuncta
2519 5543 2656 5597 facta
2683 5547 2845 5606 sunt;
2875 5543 3000 5610 quia
3028 5542 3277 5595 nimirum

1772 5655 2059 5712 secundum
2086 5648 2451 5705 admirabilem
2479 5642 2809 5715 Apostolum,
2832 5659 2853 5692 ι
2871 5642 2926 5696 in
2954 5642 3076 5711 ipso
3104 5645 3281 5696 creata

228 5761 401 5818 "Psal.
428 5780 537 5819 clx.
568 5765 689 5817 1-5.
774 5760 822 5790 ιδ
852 5751 1209 5814 Matth..xxn,
1233 5750 1316 5805 42.
1392 5751 1432 5782 ³⁸
1463 5751 1592 5806 ibid.
1620 5750 1806 5817 £3.44.

447 5854 728 5916 Panos.
770 5845 893 5906 Gn.
937 5837 1147 5901 XXII.

2943 5821 3019 5881 12
