3862 6338
965 371 1071 427 563

1588 366 1850 422 EUSEBII
1884 367 2350 424 CIESARIENSlS
2382 370 2527 426 OPP.
2565 370 2743 427 PARS
2780 368 2844 427 η.
2882 401 2952 411 ——
2986 370 3436 429 APOLOGETICA.

867 482 872 493 ’
952 495 1076 540 sunt
1130 494 1334 543 omnia,
1377 490 1482 534 tam
1530 496 1646 549 quae
1688 488 1812 535 sunt
1850 480 1905 533 in
1943 481 2125 543 cmlis,
2158 496 2315 550 quam
2345 500 2392 553 qi

1943 481 2125 543 cmlis,
2158 496 2315 550 quam
2345 500 2462 553 quae
2489 494 2532 549 Α
2563 486 2721 555 ρικῆς
2768 485 2941 556 ἀρχῆς
2965 502 3024 538 τε
3068 488 3158 540 καὶ
3190 485 3435 557 βασιλείας

948 583 1071 628 sunt
1099 586 1254 639 supra
1287 579 1477 624 terram
1498 610 1513 633 ,
1550 574 1660 625 sive
1691 570 1941 635 visibilia,
1962 570 2075 625 sive
2106 571 2414 628 invisibilia.
2440 593 2459 625 ι

948 663 1177 729 Equum
1202 659 1358 727 igitur
1383 669 1485 720 est,
1512 661 1682 713 solum
1703 674 1821 713 eum
1845 671 2078 726 paternae
2103 662 2464 718 similitudinis

948 754 1138 807 habere
1156 750 1444 804 dominium
1464 790 1479 813 ,
1502 751 1639 824 sicut
1659 758 1711 804 et
1730 752 1899 805 solum
1922 766 2041 806 esse
2058 751 2229 809 Patris
2248 769 2465 809 conses-

943 856 1114 898 sorem
1150 840 1474 908 declaratum
1520 848 1619 894 est.
1651 839 1801 894 Patet
1834 840 1993 910 igitur
2026 842 2157 895 nulli
2195 851 2467 899 creatura-

943 946 1060 983 rum
1087 930 1165 984 fas
1184 943 1303 982 csse
1323 928 1500 982 sortiri
1521 930 1789 982 dexteram
1811 929 2185 997 omnipotentis
2200 931 2466 1001 principa-

943 1029 1028 1074 tus
1063 1027 1115 1073 et
1143 1018 1386 1087 imperii,
1420 1019 1526 1072 nisi
1554 1019 1603 1073 ci
1633 1020 1725 1072 uni
1755 1019 1854 1073 soli
1887 1035 2043 1089 quem
2076 1035 2141 1075 ex
2173 1024 2463 1091 praemissis

941 1109 1085 1163 varie
1115 1115 1166 1163 et
1194 1106 1488 1177 theologice
1517 1108 2019 1164 demonstravimus.
2051 1111 2205 1180 221
2239 1112 2463 1168 Attende

941 1199 1118 1269 igitur,
1152 1197 1595 1267 quemadmodum
1640 1198 1727 1252 hic
1766 1215 1933 1253 unum
1975 1209 2028 1256 et
2075 1201 2319 1257 eumdem
2366 1220 2462 1259 su-

940 1303 1152 1357 premus
1189 1296 1241 1341 et
1279 1288 1455 1350 omnia
1504 1288 1604 1342 sub
1650 1303 1709 1342 se
1752 1289 1953 1345 habens
1994 1290 2281 1356 Dominus,
2328 1308 2462 1348 voce

940 1377 1031 1430 illa
1092 1377 1291 1441 donat,
1337 1395 1355 1427 ι
1395 1375 1531 1431 Sede
1589 1392 1619 1430 a
1685 1377 1885 1431 dextris
1948 1380 2115 1447 meis;
2156 1399 2175 1432 ι
2215 1388 2268 1436 οι
2328 1381 2457 1449 illa,

944 1486 963 1517 ι
1000 1475 1119 1520 ante
1139 1464 1439 1519 Luciferum
1468 1467 1625 1536 genui
1667 1475 1736 1522 te.
1771 1486 1789 1518 ι
1823 1466 2024 1523 Deinde
2064 1485 2185 1524 cum
2234 1470 2460 1541 jurisju-

937 1556 1085 1610 ranali
1121 1555 1545 1623 confirmatione,
1591 1556 1966 1613 inconcussum
2008 1567 2167 1629 atque
2211 1562 2460 1617 immuta-

940 1648 1093 1700 bilem
1134 1647 1187 1699 in
1242 1647 1505 1699 inﬁnitum
1560 1662 1731 1701 aevum
1781 1651 2117 1717 permansuri
2170 1654 2458 1708 sacerdotii

936 1739 1189 1792 honorem
1233 1738 1282 1791 ei
1342 1737 1566 1807 largitur
1597 1755 1610 1791 :
1640 1755 1659 1788 ι
1691 1737 1896 1794 Juravit
1923 1739 2209 1803 Dominus,
2251 1752 2304 1797 et
2347 1760 2455 1799 non

2560 574 2637 643 τῷ
2678 573 2764 626 διὰ
2816 574 2922 625 τῶν
2970 575 3320 644 προκειμένων
3369 589 3435 624 πο

2573 663 2888 733 Ἐπίστησον
2918 658 3030 725 οὖν,
3057 663 3131 726 ὠς
3160 664 3284 733 πρὸς
3320 663 3412 713 ’ἑνα

2561 752 2704 803 τάτω
2740 751 2833 804 καὶ
2874 751 2965 804 ἐπὶ
3002 751 3211 804 πάντων
3239 751 3427 818 ’Κύριος

2560 838 2745 905 δεξιῶν
2772 856 2892 909 μου,
2924 858 2942 890 ›
2967 840 3210 910 δωρεῖται
3241 838 3427 908 φωνὴν,

2560 928 2723 998 φόρου
2775 930 3065 999 γενέννηκά
3112 946 3189 981 σε.
3231 947 3248 980 ι
3299 927 3426 981 Μεθ’

2561 1031 2714 1079 σεως,
2738 1016 2978 1070 ἄσειστον
3011 1016 3105 1069 καὶ
3140 1015 3436 1087 ἀπαράϐατ(

2558 1105 2634 1166 εἰς
2664 1105 2882 1175 ἄπειρον
2907 1105 3075 1159 αἰῶνα
3106 1104 3349 1176 διαρκοῦς
3381 1105 3436 1173 ἱει

2563 1213 2583 1246 ι
2618 1196 2813 1265 Ὠμοσε
2834 1195 3051 1267 Κύριος,
3080 1196 3170 1249 καὶ
3194 1197 3252 1248 οὐ
3274 1212 3436 1267 μεταρ

2558 1287 2634 1347 εἰς
2655 1286 2837 1338 αἰῶνα.
2865 1305 2883 1337 ι
2900 1286 2994 1348 Τίς
3024 1286 3068 1339 δ’
3095 1286 3160 1339 ἂν
3187 1288 3436 1339 ὲπινοοῖτε

2556 1376 2689 1429 ἀλλὰ
2715 1378 2830 1429 οὐδὲ
2860 1376 2961 1446 τῆς
2990 1376 3277 1446 ἀγγελικῆς
3308 1376 3436 1445 φύσε

2555 1467 2892 1537 γεννημένος,
2926 1467 3004 1529 εἰς
3034 1465 3202 1519 αἰῶνα
3237 1465 3292 1518 δὲ
3337 1468 3436 1536 ἰερι

2556 1556 2780 1629 πρόσθεν
2808 1555 3001 1609 εἰπών’
3038 1574 3058 1607 ι
3099 1554 3298 1626 Κύριος
3326 1555 3436 1608 ἐκτι

2554 1645 2645 1698 τοῦ
2675 1648 2752 1708 εἰς
2780 1646 2912 1717 ἔργα
2938 1644 3124 1700 αὑτοῦ.
3159 1645 3270 1715 Πρὸ
3299 1645 3394 1698 τοῦ

2555 1738 2611 1788 ὲν
2654 1737 2791 1807 ἀρχῇ
2829 1736 2933 1806 πρὸ
2969 1735 3063 1788 τοῦ
3106 1736 3204 1807 ὅρη
3247 1736 3436 1806 ἔδρασε

936 1829 1214 1898 paenitebit
1242 1843 1397 1883 eum:
1431 1827 1512 1881 Tu
1547 1843 1607 1883 es
1654 1829 1903 1885 sacerdos
1946 1831 2000 1884 in
2029 1841 2303 1887 aeternum.
2338 1855 2356 1887 ι
2387 1838 2453 1889 At

1946 1831 2000 1884 in
2029 1841 2303 1887 aeternum.
2338 1855 2356 1887 ι
2387 1838 2453 1889 At
2485 1830 2524 1883 Β
2554 1826 2750 1896 βουνῶν
2793 1831 2952 1900 γεννᾷ
2992 1846 3079 1900 με.
3120 1848 3138 1879 ι
3170 1829 3278 1881 Καὶ
3327 1829 3435 1898 πρό

926 1920 1071 1973 enim
1123 1919 1245 1989 quis
1300 1918 1389 1972 hic
1435 1919 1648 1973 tandem
1702 1919 2059 1990 intelligatur?
2107 1939 2296 1993 nempe
2345 1941 2453 1980 non

928 2010 1014 2062 vir
1040 2008 1280 2064 mortalis
1306 2008 1447 2063 ullus
1464 2048 1480 2066 .
1510 2023 1572 2062 ac
1599 2023 1666 2062 ne
1712 2012 1965 2079 angelica:
1991 2012 2204 2082 quidem
2249 2023 2453 2072 naturae

930 2100 1229 2171 quispiam,
1264 2099 1357 2170 qui
1397 2115 1427 2153 a
1468 2099 1576 2155 Deo
1605 2102 1819 2171 quidem
1872 2104 1942 2158 sit
1981 2103 2182 2171 factus,
2218 2107 2271 2160 in
2299 2113 2453 2163 aeter-

933 2207 1061 2245 num
1111 2205 1238 2246 vero
1313 2190 1564 2246 sacerdos
1607 2193 1966 2259 constitutus,
2012 2195 2105 2250 sed
2157 2198 2303 2253 solus
2365 2200 2452 2256 ille

928 2278 1020 2351 qui
1052 2280 1106 2334 in
1138 2281 1206 2335 iis
1229 2319 1244 2343 ,
1277 2295 1395 2350 qua:
1435 2288 1591 2335 antea
1643 2282 1922 2339 citavimus
1969 2286 2229 2351 oraculis,
2276 2288 2446 2343 dixit:

933 2369 1193 2425 «Creavit
1241 2384 1326 2424 me
1382 2369 1591 2423 initium
1646 2370 1850 2424 viarum
1910 2386 2128 2426 suarum
2182 2374 2237 2428 in
2287 2390 2449 2444 opera

927 2475 1044 2514 sua.
1101 2457 1239 2512 Ante
1296 2459 1547 2512 saeculum
1601 2455 1842 2512 fundavit
1897 2476 2018 2525 me,
2072 2463 2127 2516 in
2184 2464 2446 2533 principio

926 2557 1208 2617 antequam
1265 2556 1471 2603 montes
1523 2549 1908 2613 stabilirentur,
1972 2556 2025 2603 et
2077 2559 2200 2606 ante
2259 2567 2445 2608 omnes

925 2640 1088 2693 colles
1119 2638 1286 2708 gignit
1313 2655 1395 2692 me
1428 2639 1490 2692 “.
1522 2660 1540 2692 ›
1571 2638 1774 2694 Adhibe
1802 2654 1928 2695 vero
1955 2641 2191 2695 animum
2222 2643 2445 2713 diligen-

927 2740 1027 2793 tcr,
1071 2735 1123 2782 et
1159 2730 1531 2800 cogitationem
1573 2730 1821 2795 intende,
1862 2738 1976 2785 tum
2019 2732 2083 2787 ad
2130 2743 2442 2802 praesentem

924 2817 1222 2886 psalmum,
1253 2826 1367 2871 tum
1396 2818 1463 2872 ad
1503 2833 1595 2875 eas
1657 2834 1775 2889 quae
1809 2825 1963 2872 antea
2022 2820 2274 2888 expositae
2318 2827 2443 2875 sunt

927 2920 1103 2961 voces.
1128 2905 1185 2960 In
1207 2906 1309 2961 hoc
1332 2910 1471 2963 enim
1495 2909 1762 2981 ingenitus
1790 2906 1932 2961 Deus
1959 2922 2078 2961 eum
2106 2907 2197 2975 qui
2230 2908 2297 2962 ab
2324 2909 2442 2977 ipso

918 3002 1030 3060 est,
1060 3003 1112 3050 et
1152 3005 1335 3053 noster
1378 2999 1635 3053 Dominus
1686 3006 1806 3060 est,
1865 2996 2056 3051 sedere
2099 3011 2277 3051 secum
2333 3013 2439 3051 una

2551 1914 2689 1978 νοῦν,
2718 1917 3006 1986 ἐπιστήσας
3034 1917 3111 1987 τῷ
3140 1934 3200 1969 τε
3230 1918 3436 1987 παρόντ

2549 2004 2624 2073 τῷ
2652 2006 2750 2076 πρὸ
2787 2006 2969 2059 τούτου
3006 2007 3426 2077 παρατεθείσαις

2548 2094 2715 2164 τούτῳ
2745 2096 2773 2148 ὁ
2803 2096 3056 2150 ἀνωτάτω
3087 2096 3218 2160 Θεὸς
3251 2096 3436 2168 σύνθρ‹

2546 2184 2699 2254 ἡμῶν
2724 2186 2942 2257 Κύριον,
2975 2185 3163 2240 ἑαυτοῦ
3195 2187 3429 2257 καθίστη

2545 2273 2724 2338 δεξιῶν
2756 2293 2887 2346 μου·
2924 2296 2941 2327 ι
2974 2277 3029 2328 ὲν
3076 2276 3134 2328 δὲ
3175 2276 3251 2346 τῷ
3296 2274 3407 2348 πρὸ

2545 2364 2712 2418 αἰῶνα
2742 2367 2932 2429 αἰῶνος
2965 2368 3253 2441 διαμένειν,
3286 2372 3316 2424 ὁ
3347 2372 3436 2440 λό’,

2545 2453 2699 2507 αὐτὸν
2732 2454 3066 2526 ἀναγορεύων
3096 2459 3163 2512 δι’
3202 2453 3276 2512 ὧν
3310 2475 3435 2531 φησι

2542 2542 2689 2605 Θεὸς,
2718 2546 2795 2606 εἰς
2826 2546 2913 2597 τὸν
2942 2547 3111 2600 αἰῶνα
3141 2548 3232 2601 τοῦ
3266 2549 3436 2602 αἰῶνο

2545 2632 2679 2700 μετὰ
2708 2634 2907 2701 χεῖρας,
2947 2651 2965 2684 ι
3009 2633 3247 2701 Ῥἀὸδον,
3284 2656 3304 2689 ι
3339 2656 3436 2709 φης

2542 2719 2710 2771 στελεῖ
2740 2737 2817 2772 σοι
2844 2722 3040 2791 Κύριος
3066 2727 3130 2777 ἐκ
3158 2725 3328 2779 Σιών·
3374 2748 3392 2779 ι
3426 2732 3436 2781 ἑ

2539 2808 2820 2879 εὐθύτητος
2848 2813 2880 2881 ἡ
2911 2812 3100 2881 ῥάϐδος
3126 2817 3228 2886 τῆς
3263 2817 3431 2887 βασιλ

2541 2898 2635 2967 μὲν
2681 2898 2864 2969 παρών
2902 2918 3063 2971 φησι·
3100 2922 3119 2955 ι
3159 2906 3352 2961 Κάθου
3405 2912 3433 2963 ὲ

2538 2986 2611 3039 θῶ
2639 2988 2763 3051 τοὺς
2800 2989 3022 3060 ἐχθρούς
3060 3010 3154 3045 σου
3194 2995 3436 3053 ὑποπόδι

915 3085 1095 3154 jubet,
1145 3085 1367 3143 dicens:
1396 3106 1418 3138 ‹
1447 3086 1582 3144 Sede
1623 3102 1653 3141 a
1695 3086 1900 3141 dextris
1932 3085 2081 3139 meis.
2116 3103 2133 3136 ι
2164 3084 2222 3140 1η
2273 3087 2438 3141 altero

1932 3085 2081 3139 meis.
2116 3103 2133 3136 ι
2164 3084 2222 3140 1η
2273 3087 2438 3141 altero
2483 3154 2492 3156 _
2537 3079 2974 3148 κατακυριεύσας
3016 3083 3075 3133 ὲν
3127 3084 3283 3156 μέσῳ
3329 3090 3435 3144 τῶι

920 3190 1073 3238 vero,
1103 3191 1260 3245 quem
1303 3185 1426 3231 ante
1456 3176 1597 3230 hunc
1626 3176 1795 3246 ipsum
1837 3175 2183 3245 exposuimus
2203 3214 2217 3238 ,
2254 3175 2433 3230 sedem

1910 3175 2217 3245 posuimus,
2254 3175 2433 3230 sedem
2462 3154 2503 3210 (ἶ
2535 3166 2790 3236 πρόσθεν’
2827 3187 2846 3218 ι
2876 3170 2954 3221 Τὰ
2988 3170 3111 3244 βέλη
3146 3187 3242 3227 σου
3277 3177 3435 3247 ὴκον⁴

917 3266 970 3317 in
999 3267 1247 3319 sacculum
1278 3267 1456 3322 saeculi
1499 3281 1745 3330 manere,
1786 3266 2062 3320 oraculum
2109 3264 2431 3330 allirmabab,

915 3355 1081 3409 Deum
1114 3356 1325 3411 interim
1359 3357 1508 3411 illum
1538 3357 1811 3426 appellans
1841 3357 1896 3411 in
1942 3356 2049 3411 illis
2092 3356 2301 3420 verbis,
2343 3357 2433 3410 ubi

912 3444 1028 3499 ait:
1069 3463 1087 3495 ι
1126 3444 1290 3501 Sedes
1334 3452 1427 3499 tua
1478 3445 1618 3501 Deus
1666 3446 1720 3500 in
1771 3447 2023 3501 saeculum
2080 3445 2261 3499 saaculi
2306 3445 2370 3501 ⁸⁷.
2408 3465 2427 3497 ι

912 3532 1121 3590 Rursus
1168 3535 1221 3588 in
1277 3551 1342 3590 eo
1392 3536 1482 3606 qui
1535 3551 1679 3590 nunc
1734 3536 1872 3591 inter
1923 3551 2110 3590 manus
2163 3542 2430 3600 versatur,

914 3624 1196 3693 «virgam,
1250 3625 1459 3692 inquit,
1499 3626 1714 3681 virtutis
1762 3627 1965 3681 emittet
2017 3626 2110 3680 tibi
2174 3624 2430 3680 Dominus

906 3728 975 3769 ex
1007 3713 1131 3766 Sion
1164 3713 1226 3777 ⁸⁸,
1267 3732 1285 3763 ι
1321 3715 1376 3768 in
1424 3715 1515 3768 illo
1559 3722 1734 3769 autem
1759 3756 1774 3781 ,
1825 3735 1844 3767 ι
1879 3718 2028 3786 virga
2074 3714 2383 3770 directionis
2408 3752 2426 3779 ,

903 3802 1055 3870 virga
1107 3802 1257 3870 regni
1314 3805 1389 3856 tui
1420 3804 1481 3857 ¹⁹.
1517 3822 1536 3854 ι
1570 3803 1635 3857 Et
1680 3821 1870 3861 rursus
1915 3804 2001 3859 hic
2047 3805 2260 3874 quidem
2310 3804 2424 3857 ait:

910 3890 1100 3944 «Sede
1148 3906 1177 3943 a
1230 3890 1430 3947 dextris
1484 3894 1656 3953 meis.
1705 3894 1873 3950 donec
1930 3909 2122 3964 ponam
2180 3894 2426 3948 inimicos

907 3988 1029 4034 tuos
1080 3980 1366 4041 scabellum
1411 3983 1602 4052 pedum
1653 3990 1904 4048 tuorum,
1957 3993 2011 4039 et
2064 3983 2424 4039 dominaberis

2531 3256 2615 3325 δίᾳ
2635 3256 2738 3309 τῶν
2766 3258 2971 3330 ἐχθρῶν
3012 3262 3105 3314 τοῦ
3136 3262 3436 3333 βασιλέως.

2530 3345 2634 3398 τῶν
2667 3347 2871 3418 ἐχθρῶν
2893 3349 2983 3402 τοῦ
3026 3351 3372 3425 δηλουμένου
3420 3364 3436 3414 ἐ

2530 3436 2623 3499 Τίς
2642 3436 2773 3507 δῆτα
2791 3434 2902 3504 οὖν,
2926 3440 3222 3513 ὀφθαλμοῖς
3243 3448 3400 3517 ὁρῶν
3428 3453 3436 3502 ἐ

2529 3525 2584 3579 ἐν
2599 3544 2656 3580 τε
2674 3526 2882 3599 κώμαις
2900 3529 2991 3583 καὶ
3009 3529 3236 3603 χώραις,
3256 3538 3390 3591 καθ’
3416 3542 3436 3594 ξ

2528 3615 2785 3680 ἀνθούσας
2828 3617 2926 3682 τὰς
2968 3620 3061 3673 τοῦ
3101 3623 3373 3697 Σωτῆρος
3428 3647 3436 3659 ·

2524 3721 2584 3757 τε
2619 3706 2751 3777 πρὸς
2790 3708 2951 3761 αὐτοῦ
2994 3716 3436 3783 κυριευομένους

2527 3794 2702 3867 πλήθη
2719 3796 2823 3851 τῶν
2843 3799 2990 3870 αὐτῷ
3016 3801 3436 3875 καθωσιωμένιι

2523 3887 2805 3956 ὁρωμένων
2838 3907 2897 3943 τε
2926 3891 2983 3943 ὲν
3021 3892 3369 3964 ἀνθρώποις,
3404 3905 3436 3954 ἁ

2522 3974 2747 4044 ἐχθρῶν,
2777 3979 2870 4030 καὶ
2917 3980 3189 4051 πολεμίων
3221 3985 3331 4057 τῆς
3366 4007 3436 4044 το

907 4068 963 4123 in
994 4067 1169 4123 medio
1199 4068 1537 4124 inimicorum
1582 4080 1792 4126 tuorum
1823 4073 1889 4126 ”.
1918 4090 1937 4122 ι
1962 4070 2054 4127 llle
2089 4086 2218 4125 vero
2237 4112 2253 4136 ,
2289 4090 2308 4123 ι
2335 4086 2424 4126 sa-

1918 4090 1937 4122 ,
1962 4070 2054 4127 me
2089 4086 2218 4125 vero
2237 4112 2253 4136 ,
2289 4090 2308 4123 ι
2335 4086 2424 4126 sa-
2520 4064 2876 4135 κυκλούμενα,
2905 4070 3003 4123 οὐκ
3027 4071 3092 4125 ἂν
3118 4073 3435 4146 θαυμάσειε

902 4158 1048 4228 gittze
1095 4164 1198 4211 tua:
1247 4165 1441 4223 acutae,
1492 4167 1735 4229 potentes
1778 4162 1835 4216 in
1878 4160 2041 4216 corde
2084 4161 2418 4215 inimicorum

1887 4160 2041 4216 corde
2084 4161 2418 4215 inimicorum
2518 4155 2595 4218 εἰς
2644 4157 2929 4227 πρόσωπον
2960 4162 3412 4237 ἀναφωνηθέντα

903 4246 1064 4315 regis.
1091 4265 1110 4298 ι
1136 4245 1272 4315 Ergo
1301 4246 1459 4301 etiam
1489 4263 1550 4302 ea
1579 4264 1695 4318 qua:
1721 4249 1788 4302 ad
1815 4248 1951 4317 ejus,
1969 4248 2034 4302 de
2059 4263 2164 4316 quo
2191 4248 2417 4317 agimus,

1910 4264 1951 4313 s,
1969 4248 2034 4302 de
2059 4263 2164 4316 quo
2191 4248 2417 4317 agimus,
2523 4261 2543 4295 ‹
2580 4246 2948 4320 Κατακυρίευε
2994 4254 3052 4306 ὲν
3112 4256 3272 4328 μέσῳ
3331 4264 3435 4316 τῶς

901 4337 1148 4392 inimicos
1188 4337 1482 4405 pertinent,
1529 4337 1585 4390 in
1622 4346 1850 4407 utroque
1888 4338 1988 4392 sibi
2034 4339 2148 4406 ipsa
2191 4351 2419 4392 consen-

1910 4338 1988 4390 .ibi
2034 4339 2148 4406 ipsa
2191 4351 2419 4392 consen-
2516 4337 2806 4411 ἐπειδήπερ
2846 4343 2904 4395 ὲν
2943 4345 3020 4416 τῷ
3060 4348 3307 4418 πρόσθεν
3365 4374 3435 4410 κε

897 4423 1062 4479 tiunt.
1088 4422 1217 4488 Quis
1244 4438 1369 4492 ergo
1398 4425 1553 4477 modo
1583 4426 1697 4479 suis
1721 4424 1893 4479 oculis
1934 4439 2159 4480 cernens
2199 4425 2254 4478 in
2305 4440 2414 4480 me-

1934 4439 2159 4518 cernens
2199 4425 2254 4478 in
2305 4440 2414 4518 m‘e-
2445 4464 2488 4518 Β
2515 4426 2876 4518 ἀγαλλιάσεως
2907 4437 3057 4506 παρὰ
3086 4441 3217 4504 τοὺς
3255 4447 3435 4518 μετά).

888 4512 1003 4568 diis
1031 4512 1253 4566 urbibus
1275 4551 1290 4573 ,
1323 4511 1376 4566 in
1410 4512 1544 4568 vicis
1579 4528 1642 4568 ac
1680 4512 2017 4584 regionibus,
2047 4515 2102 4568 in
2135 4521 2248 4569 toto
2285 4515 2413 4571 orbe

1910 4530 2017 4610 ius,
2047 4515 2102 4568 in
2135 4521 2248 4569 toto
2285 4515 2415 4610 orbe
2445 4511 2478 4518 ⁷
2517 4520 2655 4571 κεῖον
2685 4515 2751 4591 ἦν
2784 4525 2914 4594 παρ’
2952 4526 3225 4597 Ἑϐραίοις
3253 4511 3323 4587 τὸ
3353 4511 3435 4610 χρ

897 4601 1143 4658 ﬂorentes
1194 4600 1482 4658 Salvatoris
1530 4603 1698 4657 nostri
1747 4602 2017 4660 Ecclesias
2045 4646 2060 4671 ,
2111 4612 2165 4660 et
2217 4621 2311 4661 eos
2357 4606 2412 4660 in

1910 4604 2017 4660 sias
2045 4646 2060 4671 ,
2111 4612 2317 4700 e-tueos.
2357 4606 2412 4660 in
2515 4610 2697 4700 χεῖρας
2744 4612 2842 4683 ήδη
2900 4614 3222 4691 λευκότερον
3301 4600 3435 4700 ιε’ρέ

894 4690 1091 4760 quibus
1137 4689 1440 4745 dominatur
1484 4692 1742 4760 populos,
1771 4700 1824 4747 et
1853 4693 2226 4750 innumerabili
2269 4695 2413 4749 viro-

1910 4695 2226 4750 numerabili
2269 4695 2413 4749 viro-
2516 4696 2729 4752 πλείονα
2777 4705 3049 4773 προτιθεὶς
3097 4689 3231 4783 περὶ
3288 4689 3435 4776 αὖτε

895 4794 1013 4833 rum
1041 4779 1377 4834 multitudine
1404 4778 1629 4834 refertos
1672 4789 1997 4846 conventus,
2045 4784 2137 4853 qui
2171 4783 2245 4837 illi
2283 4797 2414 4838 con-

1910 4798 1997 4846 us,
2045 4784 2137 4853 qui
2171 4783 2245 4837 illi
2283 4797 2414 4838 con-
2516 4786 2671 4856 μόνον
2701 4790 2859 4844 αὐτὸν
2892 4798 3043 4868 παρὰ
3078 4778 3210 4866 τοὺς
3256 4809 3435 4867 man

884 4868 1088 4921 Isocrati
1117 4877 1269 4931 sunt,
1300 4869 1499 4937 quique
1524 4870 1757 4942 undique
1784 4878 1898 4925 tum
1937 4872 2006 4927 ab
2048 4872 2114 4927 iis
2143 4872 2235 4942 qui
2270 4871 2409 4925 inter

1937 4872 2006 4955 ab
2048 4872 2114 4927 iis
2143 4872 2235 4942 qui
2270 4871 2411 4963 inter
2512 4875 2784 4941 παιδεύει.
2829 4883 2964 4957 ὅπερ
3022 4890 3256 4963 οὐδεμιᾷ
3323 4901 3435 4955 ἀνθ

895 4951 1133 5011 homines
1182 4966 1492 5021 cernuntur,
1542 4968 1650 5012 tum
1700 4960 1766 5015 ab
1816 4952 2187 5031 eﬂ'ugientibus
2235 4961 2408 5016 visum

1910 4952 2187 5055 Igientibus
2235 4961 2408 5055 visum
2513 4964 2855 5036 ἐφαρμόζειν.
2906 4950 3064 5032 Κατὰ
3108 4950 3241 5054 τείιιν⁸
3269 4950 3435 5055 cast:

893 5049 1132 5137 nostrum
1153 5083 1167 5106 ,
1209 5054 1261 5099 et
1299 5047 1522 5101 occultis
1570 5047 1800 5111 inimicis
1829 5057 1989 5119 atque
2017 5051 2258 5105 hostibus
2289 5048 2406 5116 ejus

1910 5067 1989 5119 [ue
2017 5051 2258 5105 hostibus
2289 5048 2406 5116 ejus
2511 5069 2670 5123 φησιν
2707 5058 2883 5125 αὑτὸν,
2915 5067 3051 5137 πρὸς
3099 5047 3435 5136 ἀντιδιαστε

887 5123 1146 5184 doctrina:
1178 5149 1294 5200 quae
1326 5150 1354 5186 a
1394 5135 1609 5191 Christo
1642 5138 1834 5192 tradita
1865 5147 1948 5194 est
1969 5180 1983 5202 ,
2021 5138 2400 5201 circumsessi,

896 5226 999 5235 ..-η
1032 5214 1195 5235 ,λμεη
1238 5229 1247 5235 .
1795 5228 1806 5235 .
2109 5227 2123 5235 .
2226 5227 2238 5235 .
2322 5226 2334 5235 .

1910 5147 1983 5202 st,
2021 5138 2400 5235 circumsessi,
2510 5143 2645 5235 σεως
2667 5123 2900 5217 διάταξιν
2942 5123 3155 5229 ἱερέως,

894 5226 1005 5264 non
1032 5214 1321 5271 admiretur
1345 5238 1578 5288 praesens
1626 5228 1935 5292 oraculum,
1985 5227 2126 5296 quod
2175 5227 2241 5279 ad
2287 5226 2408 5295 ejus

1673 5228 1901 5282 raculum
1920 5268 1935 5292 ,
1985 5227 2126 5296 quod
2175 5227 2241 5279 ad
2287 5226 2408 5295 ejus
2490 5233 2612 5286 τῶν
2638 5237 2695 5303 ἐξ
2719 5214 2924 5297 ἐκείνου
2943 5264 2956 5277 ·
2992 5214 3067 5303 ῶν
3093 5214 3198 5307 εἶξα

894 5313 1174 5367 personam
1202 5309 1529 5363 enuntiatum
1558 5321 1668 5377 est,
1698 5324 1751 5369 et
1778 5315 1845 5371 de
1886 5330 1992 5384 quo
2034 5315 2122 5369 hic
2167 5315 2400 5377 canitur,

892 5387 1023 5442 illud
1072 5389 1292 5458 utique:
1326 5410 1349 5441 4
1389 5393 1668 5455 Dominare
1721 5406 1776 5460 in
1832 5406 2012 5461 medio
2061 5405 2401 5461 inimicorum

890 5480 1146 5533 tuorum}
1174 5499 1193 5531 ι
1222 5479 1418 5537 Deinde
1446 5491 1702 5554 quoniam
1738 5497 1794 5552 in
1829 5514 1893 5555 eo
1937 5501 2030 5569 qui
2076 5500 2397 5563 antecessit,

893 5570 1083 5591 ,πώ-μ
1120 5578 1194 5591 η,
1529 5586 1539 5591 _
1898 5590 1909 5591 κ
2048 5590 2051 5591 γ
2288 5589 2296 5591 μ

1937 5501 2051 5591 qui
2076 5500 2397 5591 antecessit,
2502 5518 2584 5565 τις
2613 5507 2705 5560 καὶ
2742 5479 3003 5580 εἰκονικὸς

883 5570 1088 5623 dictum
1115 5578 1198 5625 est
1227 5572 1373 5626 illum
1419 5586 1635 5633 unctum
1681 5599 1801 5641 esse
1827 5590 1983 5659 222
2010 5590 2127 5645 oleo
2151 5589 2388 5645 exsulta-

1910 5591 1983 5659 ι2
2010 5590 2127 5645 oleo
2151 5589 2388 5645 exsulta—
2496 5591 2683 5663 θνητὸς
2712 5599 2788 5654 ὢν
2813 5605 2912 5657 οὐκ
2950 5570 3031 5670 εἰς

957 5679 1000 5712 ⁸⁸
1034 5678 1191 5737 Prov.
1228 5700 1342 5747 vm,
1376 5686 1557 5743 23-25.
1633 5695 1673 5725 ¹⁷
1710 5696 1848 5761 Psal,
1874 5721 2016 5771 κων,
2050 5706 2099 5762 7.
2172 5705 2215 5737 ¹⁸
2247 5703 2382 5760 Psal.
2417 5721 2482 5760 cn

1910 5721 2016 5771 LIV,
2050 5706 2099 5762 7.
2172 5705 2215 5737 “
2247 5703 2382 5760 Psal.
2417 5721 2524 5774 cu,
2548 5710 2601 5765 2.
2693 5717 2734 5749 ¹⁹
2768 5716 2910 5776 Psal.
2941 5737 3083 5794 xuv,
3130 5678 3193 5784 7.⁷
3302 5738 3356 5769 ιο
3395 5739 3435 5794 Ρ

3205 5273 3312 5311 στο

2517 5278 2606 5286 ---ν
2638 5278 2695 5303 υ,
2719 5278 2924 5297 "unum
2992 5278 3067 5303 ων
3094 5278 3348 5323 εκοιστος
3406 5283 3436 5336 μ

2508 5321 2727 5398 ὕστερόν
2753 5348 2882 5387 ποτε
2906 5336 2973 5389 δι’
2991 5340 3314 5413 ἀνθρώπων
3339 5354 3436 5406 ἁλι

2508 5428 2684 5477 μενος.
2722 5420 2797 5483 ὡς
2844 5424 2901 5475 ἐν
2945 5426 3135 5492 τύποις
3165 5437 3370 5495 εἰπεῖν
3410 5464 3436 5498 a

2693 5717 2734 5749 ¹⁹
2768 5716 2910 5776 Psal.
2941 5737 3083 5794 xuv,
3130 5728 3183 5784 7.
