3862 6370
163 457 251 514 τιθὶ

1093 437 1729 512 ΒΕΜΟΝδΤΒΑΤΙΟΝΙΒ
1764 450 2203 508 ΕἾΛΝΟΕΙΛΟΒ
2241 453 2367 509 LIB.
2406 456 2469 509 ν.

3276 466 3377 524 566

178 567 271 620 Καὶ
294 548 440 621 παρὰ
514 551 628 619 μὲν
678 554 772 625 τῷ
812 560 1093 617 Ἰουδαίων
1134 566 1266 634 μόνῳ
1311 558 1495 632 ἱερᾶτο
1530 552 1667 627 λαῷ,
1700 558 1762 610 οὐ

1864 560 2020 615 tionis
2049 577 2153 631 pra:
2184 563 2532 633 participibus
2561 565 2701 633 tuis,
2727 572 2780 622 et
2807 571 3135 626 sacerdotum
3168 572 3220 626 id
3263 586 3379 628 erat

194 657 282 725 μην
308 644 389 706 καλ
414 640 580 711 παρά
613 646 742 708 τοῖς
780 647 977 714 ἄλλοις
1022 652 1237 706 ἔθνεσιν.
1276 650 1425 704 Ἀλλὰ.
1476 643 1594 697 οὐδὲ
1646 649 1760 717 μεθ’

208 734 507 812 δρωμοσίας
529 732 680 787 Θεοῦ
720 738 826 789 ὲπὶ
858 740 964 811 τὴν
997 741 1318 812 λειτουργίαν
1341 735 1555 811 παρῄει,
1585 738 1762 808 κρίσει

211 830 261 883 δὲ
284 824 559 895 ἀνθρώπων
586 826 949 897 τιμώμενοςο
997 832 1072 895 ὡς
1121 834 1211 886 καί
1242 849 1365 885 ποτε
1394 830 1467 899 μὴ
1504 826 1649 892 ἀξιον
1678 831 1763 882 εύ-

222 914 457 987 ρίσκεσθαι
501 916 565 967 ὲν
611 917 816 981 αὐτοῖς
857 922 960 991 τῆς
1009 922 1100 974 τοῦ
1137 921 1267 973 Θεοῦ
1310 917 1612 992 θεραπείας,
1657 914 1763 981 οἷος

210 1006 595 1076 ἀναγέγραπται
624 1009 657 1059 6
691 1008 877 1062 Ἠλεί.
924 1012 1044 1063 Ἔτι
1090 1011 1220 1081 πρὸς
1246 1010 1447 1073 τούτοις
1476 1009 1505 1061 6
1540 1007 1763 1073 παλαιὸς

198 1102 400 1159 ἐκεῖνος
428 1097 629 1167 ἱερεὺς,
663 1098 697 1149 6
726 1100 879 1152 κατὰ
919 1101 1017 1170 τὴν
1046 1100 1278 1163 Μωσέως
1296 1099 1544 1163 διάταξιν,
1585 1100 1646 1151 ὲκ
1672 1099 1764 1169 μό-

193 1211 286 1262 νης
311 1188 624 1259 ἐξεκρίνετο
655 1189 844 1260 φυλῆς
882 1192 981 1261 τῆς
1022 1191 1168 1244 Λευῖ·
1219 1191 1320 1244 ἔδει
1356 1191 1412 1244 δὲ
1448 1190 1505 1254 ἐξ
1534 1191 1762 1254 ἅπαντος

209 1283 300 1334 καὶ
317 1278 383 1332 τὸ
401 1280 549 1346 γένος
570 1281 639 1332 ὲκ
665 1281 773 1350 τῆς
792 1280 888 1333 τοῦ
915 1280 1117 1353 Ἀαρὼν
1131 1281 1369 1352 διαδοχῆς
1389 1281 1542 1334 αὐτὸν
1559 1282 1757 1350 φέρειν,

217 1368 405 1437 θύμασί
442 1388 501 1423 τε
547 1370 713 1434 ζώων
757 1372 970 1439 ἀλόγων
1013 1373 1102 1425 καὶ
1134 1373 1341 1441 αἵμασι,
1382 1375 1655 1441 σωματικῇ
1698 1388 1760 1439 γε

201 1460 417 1530 λατρεία
449 1461 792 1529 θεραπεύειν
823 1463 885 1514 τὸ
913 1462 1070 1514 θεῖον.
1116 1463 1172 1515 '0
1199 1463 1254 1514 δὲ
1287 1462 1607 1531 Μελχισεδὲκ
1633 1463 1762 1515 ὠνο-

188 1549 499 1620 μασμένος,
530 1550 563 1601 6
592 1549 1072 1619 μεταλαμϐάνεται
1097 1553 1174 1612 εἰς
1198 1550 1294 1619 τὴν
1326 1551 1540 1605 Ἐλλάδα
1565 1552 1757 1622 φωνὴν,

185 1639 450 1710 βασιλεὺς
479 1637 863 1707 δικαιοσύνης,
897 1639 1082 1692 ἔπειτα
1117 1639 1360 1708 βασιλεὺς
1390 1640 1592 1711 Σαλήμ,
1620 1641 1648 1692 6
1671 1641 1761 1694 καὶ

183 1728 309 1782 αὐτὸ
352 1725 420 1778 ἂν
468 1726 560 1796 εἴη
619 1726 879 1795 βασιλεὺς
920 1730 1168 1800 εἰρήνης,
1220 1732 1459 1801 ἀπάτωρ,
1516 1732 1756 1804 ἀμήτωρ,

191 1814 655 1885 ἀγενεαλόγητος,
685 1818 788 1870 οὐκ
825 1817 960 1887 ἔχων
988 1820 1123 1872 κατὰ
1153 1820 1247 1891 τὴν
1281 1823 1511 1891 ἱστορίαν
1536 1822 1634 1875 οὐκ
1663 1824 1760 1894 ἀρ-

206 1882 305 1974 Ῑῆν
328 1882 579 1977 ἡμερῶλδν
614 1908 682 1959 οὐ
726 1882 886 1978 (tot);
913 1909 1080 1974 τέλος,
1108 1882 1219 1963 an;
1246 1911 1360 1964 οὐδὲ
1391 1882 1562 1965 κοινόν
1590 1930 1639 1965 τι
1667 1882 1761 1982 (p.6—
1790 1882 1832 1937 Β

196 2012 311 2065 ρων
362 1997 497 2065 πρὸς
555 1996 657 2048 τὸν
704 1996 804 2067 τῆς
844 1996 939 2049 τοῦ
974 1998 1174 2068 Ἀαρὼν
1217 2000 1504 2070 ἰερωσύνης
1547 2001 1757 2068 τρόπον.

186 2083 323 2136 Οὔτε
367 2085 483 2155 γὰρ
531 2085 633 2138 ὑπ’
677 2085 976 2157 ἀνθρώπων
1009 2088 1204 2158 ᾕρητο,
1244 2089 1341 2141 οὐκ
1379 2089 1537 2159 ἐλαίῳ
1577 2106 1763 2142 σκευα-

184 2173 287 2242 στῷ
319 2175 649 2246 κεχριστο,
689 2177 751 2229 ού
786 2175 860 2246 (l)
884 2177 1036 2244 γένος
1079 2173 1146 2247 ἦν
1189 2177 1295 2229 τῶν
1330 2178 1458 2247 μηδὲ
1501 2179 1764 2246 φανέντων

181 2279 263 2316 πω
280 2279 295 2291 ·
357 2266 461 2318 καὶ
523 2264 596 2318 τὸ
647 2265 866 2318 πάντων
911 2281 974 2332 γε
1016 2264 1460 2337 παραδοξότατον,
1511 2267 1590 2318 ὅτι
1638 2267 1764 2336 μηδὲ

177 2351 272 2422 τὴν
338 2355 538 2425 σάρκα
602 2353 999 2423 περιτέτμητο,
1051 2354 1144 2406 καὶ
1194 2353 1341 2423 ὅμως
1384 2352 1471 2404 τὸν
1528 2351 1767 2422 Ἀϐραὰμ

177 2443 406 2511 εὐλογεί
429 2483 446 2507 ,
506 2444 676 2497 ὡσὰν
745 2444 879 2497 πολὺ
943 2441 1199 2513 κρείττων
1262 2441 1421 2494 αὑτοῦ
1472 2441 1762 2510 τυγχάνων.

190 2531 363 2585 Ἀλλὰ
425 2533 562 2586 οὐδὲ
620 2531 836 2594 θυσίαις
889 2531 980 2584 καὶ
1031 2530 1273 2592 σπονδαῖς
1318 2529 1393 2600 τῷ
1440 2528 1639 2599 ὑψίστῳ
1694 2531 1768 2581 ἰε-

178 2623 304 2688 ρᾶτο
352 2623 503 2693 Θεῷ,
545 2623 680 2675 οὐδὲ
730 2621 835 2691 μὴν
886 2620 1036 2693 παρὰ
1081 2619 1158 2690 τῷ
1200 2622 1257 2672 έν
1298 2619 1634 2690 Ἰερουσαλὴμ
1660 2620 1767 2691 ναῷ

172 2711 265 2780 τὴν
295 2711 685 2783 λειτουργίαν
727 2711 984 2774 ὲξετέλει’
1035 2711 1151 2774 πῶς
1192 2709 1299 2781 γὰρ
1340 2709 1414 2780 τῷ
1460 2710 1588 2781 μηδὲ
1628 2711 1766 2774 livet;

171 2800 434 2865 Εἰκότως
446 2798 573 2866 οὖν,
598 2802 729 2854 ἐπεὶ
764 2802 855 2854 καὶ
867 2800 945 2870 τῷ
962 2800 1208 2871 ἡμετέρῳ
1226 2800 1430 2871 Σωτῆρι
1443 2800 1519 2870 τῷ
1536 2801 1767 2872 Χριστῷ,

169 2891 341 2944 οὐδὲν
377 2893 487 2962 μὲν
528 2891 617 2961 τῷ
658 2890 868 2962 Ἀαρὼν
908 2890 1142 2960 ἐμφερὲς
1171 2890 1358 2962 ἔμελλε
1390 2893 1765 2963 συμϐήσεσθαι,

175 2982 317 3036 οὕτε
384 2984 506 3055 γὰρ
568 2983 649 3054 μὴ
697 2982 774 3035 ὢν
818 2983 1115 3054 πρότερον,
1164 2983 1383 3055 ὕστερόν
1427 2983 1556 3037 ποθ’
1599 2985 1769 3054 ἱερεὺς

176 3074 617 3138 ἁναδέδεικται,
677 3073 775 3125 καὶ
830 3073 1005 3142 ἱερεὺς
1049 3075 1108 3126 ού
1159 3074 1464 3144 γενόμενος,
1505 3073 1635 3127 ἀλλὰ
1676 3073 1767 3127 ῶν.

1859 650 2127 717 proprium
2157 651 2298 719 apud
2328 651 2576 706 Hehmos
2608 662 2667 707 ut
2698 667 3060 725 ungerentur:
3097 662 3290 717 merito
3322 664 3376 716 in

1860 746 1924 792 eo
1952 755 2106 809 quem
2139 757 2281 795 nunc
2314 750 2643 806 tractamus,
2689 744 2801 814 jam
2844 747 3042 804 clarius
3081 761 3135 806 et
3178 755 3377 809 certius

1860 828 2008 880 illum
2040 838 2320 884 consecrat
2347 833 2677 887 sacerdotem
2701 872 2717 898 ,
2750 835 2901 903 plura
2927 837 3083 891 etiam
3124 840 3189 895 de
3232 843 3378 899 illius

1859 919 2099 973 doctrina
2131 936 2466 989 proponens,
2510 938 2604 991 per
2640 938 2798 993 quam
2844 927 3016 992 ipsum
3057 931 3227 984 solum
3270 947 3380 1003 pre

1859 1010 2161 1065 hominibus
2187 1014 2279 1081 qui
2309 1029 2543 1083 unquam
2573 1023 2665 1068 aut
2696 1015 2896 1069 fuerint
2921 1027 3012 1071 aut
3040 1018 3203 1073 futuri
3235 1024 3378 1094 sint,

1858 1108 2112 1152 aeternum
2141 1101 2471 1155 sacerdotem
2512 1116 2632 1155 esse
2671 1101 3037 1168 demonstrat,
3080 1108 3222 1175 quod
3251 1124 3379 1166 sane

1859 1202 2120 1257 nusquam
2159 1195 2219 1241 ut
2262 1189 2357 1242 ulli
2404 1198 2607 1245 naturae
2650 1191 2882 1248 hominis
2926 1196 3378 1266 accommodetur,

1858 1276 1972 1330 ﬁeri
2029 1280 2242 1346 poterit.
2281 1278 2582 1334 Secundum
2620 1282 2858 1336 ordinem
2905 1284 3252 1341 Melchisedec
3295 1304 3384 1343 sa.

1857 1369 2123 1425 cerdotem
2184 1373 2440 1445 constitui
2494 1373 2640 1426 illum
2692 1375 2798 1434 ait,
2851 1383 2910 1427 ut
2957 1377 3025 1429 ab
3067 1392 3132 1430 eo
3176 1378 3384 1434 diﬂ‘erat

1862 1458 1952 1525 qui
1983 1459 2272 1512 secundum
2309 1458 2471 1514 Mosis
2502 1461 2935 1515 constitutionem
2968 1471 3083 1517 erat
3111 1468 3378 1530 sacerdos,

1856 1547 1947 1615 qui
1980 1548 2190 1615 quidem
2225 1557 2316 1601 aut
2354 1549 2528 1602 Aaron
2574 1551 2644 1602 sit
2691 1548 3063 1617 accipiendus.
3109 1564 3203 1607 aut
3245 1555 3383 1611 alius

1855 1639 2119 1707 quispiam
2151 1654 2212 1692 ex
2244 1639 2310 1692 iis
2352 1639 2442 1706 qui
2498 1638 2565 1692 ab
2597 1639 2688 1692 illo
2726 1640 2937 1693 oriundi
2970 1642 3079 1696 sint
3106 1662 3119 1696 :
3154 1659 3381 1712 quorum

1856 1727 2078 1795 quisque
2105 1741 2224 1780 cum
2255 1727 2403 1795 prius
2429 1727 2682 1781 sacerdos
2724 1742 2829 1782 non
2871 1739 3050 1793 esset,
3107 1736 3377 1800 posterius

1858 1815 2141 1886 aliquando
2183 1830 2275 1884 per
2320 1816 2563 1870 homines
2613 1827 2883 1886 unguento
2936 1822 3166 1890 quodam
3211 1828 3382 1878 artili—

1858 1906 2003 1962 ciose
2039 1906 2280 1962 confecto
2313 1908 2627 1976 ungebatur,
2668 1916 2721 1961 et
2764 1909 2842 1962 sic
2887 1909 3112 1978 ﬁgurate
3138 1951 3152 1976 ,
3202 1921 3258 1965 ut
3307 1914 3383 1968 ita

1858 1997 2030 2050 dicam
2050 2035 2067 2060 ,
2094 2005 2148 2051 et
2180 2013 2273 2066 per
2299 1999 2448 2066 signa
2479 1997 2717 2065 qumd‘am
2739 2037 2753 2058 ,
2788 1998 3135 2056 adumbratus
3164 2003 3381 2071 quidam

1859 2092 1912 2141 et
1939 2084 2287 2155 imaginarius
2312 2085 2559 2140 Christus
2586 2084 2909 2141 eiliciebatur
2938 2107 2950 2142 :
2985 2101 3235 2158 praeterea
3261 2097 3381 2144 tan-

1860 2189 2017 2242 quam
2049 2174 2095 2227 is
2124 2174 2215 2243 qui
2264 2174 2504 2230 mortalis
2541 2184 2714 2239 esset,
2756 2176 2896 2230 haud
2935 2178 3009 2231 ita
3055 2180 3221 2233 multo
3262 2192 3383 2249 post

1863 2262 2218 2316 sacerdotium
2271 2263 2589 2333 deponebat.
2645 2264 2793 2318 Adde
2839 2266 2981 2334 quod
3030 2269 3171 2336 apud
3214 2284 3381 2323 unum

1861 2347 2163 2406 Judaaorum
2214 2354 2466 2423 populum
2525 2353 2821 2407 sacerdotio
2875 2354 3215 2425 fungebatur,
3274 2374 3382 2412 non

1862 2449 2041 2497 autem
2081 2443 2219 2512 apud
2246 2445 2379 2498 alias
2411 2445 2536 2499 item
2570 2446 2838 2499 nationes.
2878 2444 3060 2513 Neque
3098 2462 3225 2502 vero
3258 2463 3383 2501 cum

1858 2532 2213 2603 jurejurando
2241 2534 2368 2599 Dei,
2400 2535 2467 2589 ad
2496 2534 2656 2589 talem
2705 2534 3028 2588 iunctionem
3067 2538 3382 2601 accedebat,

1866 2621 1959 2676 sed
1986 2621 2190 2690 judicio
2234 2622 2507 2678 hominum
2538 2622 2755 2677 electus.
2788 2620 2967 2690 Itaque
3004 2638 3383 2694 nonnunquam

1865 2709 2021 2766 etiam
2064 2712 2256 2781 aliquis
2301 2728 2366 2767 ex
2405 2712 2511 2768 illis
2552 2714 2799 2769 inventus
2835 2722 2917 2768 est
2957 2714 3048 2766 tali
3089 2714 3387 2770 ministerio

1865 2815 1975 2854 non
2001 2800 2226 2871 dignus,
2266 2803 2441 2872 qualis
2473 2801 2588 2856 Heli
2630 2802 2786 2871 plane
2828 2802 3131 2872 descriptus
3171 2814 3272 2858 est.
3307 2806 3388 2860 Ad

1866 2892 2009 2956 haec,
2052 2900 2206 2947 vetus
2254 2893 2342 2948 ille
2389 2893 2678 2956 sacerdos,
2721 2894 2813 2962 qui
2863 2907 2893 2947 a
2936 2892 3079 2949 Mose
3108 2894 3388 2950 institutus

1868 2982 2067 3047 fuerat,
2094 2999 2159 3037 ex
2190 2983 2303 3039 sola
2329 2983 2473 3037 tribu
2503 2982 2627 3037 Levi
2660 2984 2779 3055 eligi
2811 2992 3016 3053 poterat
3041 3003 3053 3038 :
3096 2993 3148 3040 et
3173 2994 3391 3054 Oporten

1871 3073 1964 3128 hat
2008 3074 2226 3127 omnino
2254 3074 2400 3126 illum
2445 3087 2614 3137 genus
2657 3088 2868 3142 quoque
2906 3074 3115 3128 trahere
3158 3073 3225 3127 de
3261 3087 3386 3128 suc-

179 3165 545 3235 Προσεκτέον
585 3164 701 3235 γὰρ
744 3164 1017 3235 ἐπιμελῶς
1047 3165 1151 3236 τῷ·
1199 3187 1217 3219 ι
1253 3168 1322 3220 Σὺ
1354 3168 1525 3239 ἱερεὺς
1569 3171 1646 3230 εἰς
1682 3169 1766 3221 τὸν

1870 3163 2113 3217 cessione
2166 3162 2335 3231 ipsius
2386 3161 2563 3215 Aaron
2590 3200 2604 3224 ,
2660 3161 3043 3231 sacriﬁciisque
3106 3162 3386 3215 brutorum

188 3255 391 3308 αἰῶνα.
437 3274 459 3307 ι
500 3255 580 3308 οὐ
617 3253 733 3325 γὰρ
763 3253 884 3325 ἔσῃ,
909 3255 1058 3326 φησί,
1094 3255 1165 3327 μὴ
1203 3257 1276 3309 ὢν
1312 3256 1505 3311 πάλαι·
1532 3257 1642 3311 ἀλλ’
1663 3258 1769 3312 οὐδ’

195 3340 482 3414 ἦσθα’μὲν
504 3345 683 3399 πάλαι
703 3384 720 3409 ,
742 3343 839 3399 νῦν
868 3345 925 3398 δὲ
950 3344 1029 3399 οὗ·
1048 3345 1182 3399 ἀλλὰ
1203 3346 1347 3416 παρὰ
1367 3345 1459 3400 τοῦ
1486 3349 1767 3419 φήσαντος,

222 3450 245 3484 ι
293 3434 436 3502 Ἐγώ
455 3438 572 3508 εἰμι
596 3438 628 3490 6
656 3434 756 3499 ὣν,
801 3454 820 3486 ι
861 3436 924 3489 σὺ
952 3431 1034 3500 εἰ,
1061 3438 1152 3490 καὶ
1184 3437 1359 3507 ἱερεὺς
1382 3439 1460 3500 εἰς
1488 3438 1576 3490 τὸν
1602 3438 1770 3492 αἰῶνα

216 3526 501 3595 διαμένεις.
552 3527 712 3581 Ἐπεὶ
742 3521 838 3580 οὖν
860 3526 982 3580 οὔτε
1013 3529 1118 3581 ἀπὸ
1143 3529 1330 3599 χρόνου
1355 3532 1453 3599 τῆς
1483 3529 1771 3601 ἱερωσύνης

219 3612 341 3683 ἀπή
351 3614 516 3683 ρξατο,
548 3616 680 3671 οὔτε
713 3619 781 3671 ἐκ
805 3617 978 3686 φυλῆς
1005 3618 1305 3688 ἱερωμένων
1334 3620 1363 3671 6
1388 3619 1632 3688 Χριστὸς,
1654 3619 1771 3672 οὐδὲ

216 3701 311 3754 διὰ
349 3707 636 3762 σκευαστοῦ
680 3707 778 3760 καὶ
810 3707 1116 3776 σωματικοῦ
1141 3707 1316 3761 ελαίου
1346 3708 1622 3778 κέχριστο,
1654 3708 1770 3761 οὐδὲ

214 3792 379 3858 τέλος
400 3796 534 3862 ἕξειν
564 3797 766 3868 ἔμελλε
797 3798 896 3868 τῆς
929 3797 1251 3868 ἰερωσύνης,
1288 3797 1406 3851 οὐδὲ
1433 3798 1606 3867 μόνοις
1644 3801 1768 3851 Ἰου-

211 3883 409 3949 δαίοις,
434 3887 567 3940 ἀλλὰ
584 3886 683 3941 καὶ
700 3889 868 3940 πᾶσιν
887 3886 1059 3940 ἔθνεσι
1092 3888 1512 3958 καταστήσεσθαι
1534 3904 1547 3919 ·
1573 3888 1770 3943 τούτων

213 3970 386 4026 ἓνεκα
416 3976 633 4031 πάντων
658 3976 888 4040 είκότως
907 3976 1064 4029 αὐτὸν
1085 3971 1181 4046 τῆς
1207 3976 1303 4046 μὲν
1329 3975 1467 4029 κατὰ
1492 3976 1580 4028 τὸν
1605 3975 1770 4031 τύπον

230 4062 444 4133 ⁹Δαρὼν
479 4066 825 4138 λειτουργίας
864 4065 1215 4130 ἀπαλλάττει,
1249 4066 1387 4119 κατὰ
1414 4066 1510 4137 τὴν
1538 4065 1685 4132 τάξιν
1715 4066 1770 4119 δὲ

214 4150 552 4221 Μελχισεδὲκ
587 4157 744 4227 ἱερέα
790 4156 953 4225 φησὶν
989 4155 1222 4208 ἔσεσθαι.
1262 4155 1370 4207 Καὶ
1399 4155 1458 4208 τό
1491 4172 1551 4223 γε
1578 4155 1769 4208 ἀποτέ-

216 4238 407 4311 λεσμα
439 4245 529 4299 τοῦ
581 4246 836 4317 χρησμοῦ
884 4245 1179 4316 θαυμάσιον
1222 4244 1525 4314 συνορῶντι,
1561 4245 1705 4308 ὅπως
1744 4247 1772 4297 6

215 4329 422 4406 Σωτὴρ
438 4336 586 4406 ἡμῶν
619 4334 828 4405 Ἰησοῦς
845 4338 874 4389 6
893 4335 1118 4406 Χριστὸς
1139 4334 1230 4388 τοῦ
1256 4335 1409 4399 Θεοῦ,
1424 4337 1498 4405 τῷ
1519 4336 1608 4388 τοῦ
1636 4336 1773 4389 Μελ-

217 4420 445 4487 χισεᾶκ
461 4425 640 4495 τρόπῳ
663 4426 733 4478 τὰ
759 4424 856 4494 τῆς
884 4426 941 4476 ὲν
965 4422 1265 4494 ἀνθρώποις
1293 4424 1592 4494 ἱερουργίας
1611 4424 1771 4476 εἰσέτι

218 4510 329 4560 καὶ
350 4511 440 4564 νῦν
465 4513 548 4567 διὰ
575 4515 682 4567 τῶν
711 4512 879 4566 αὐτοῦ
911 4513 1253 4586 θεραπευτῶν
1283 4512 1529 4566 ἐπιτελεῖ.
1566 4514 1771 4583 Ὥσπερ

223 4598 349 4669 γὰρ
372 4603 579 4669 ἐκεῖνος,
613 4606 795 4675 ἱερεὺς
819 4602 987 4657 ἐθνῶν
1006 4603 1299 4672 τυγχάνων,
1333 4602 1561 4673 οὐδαμοῦ
1591 4604 1771 4672 φαίνε-

223 4702 327 4740 ται
368 4691 563 4757 θυσίαις
597 4696 937 4764 σωματικαῖς
970 4686 1331 4763 κεχρημένος,
1366 4692 1490 4762 οῐνῳ
1526 4692 1581 4744 δὲ
1629 4693 1770 4763 μόνῳ

226 4778 334 4830 Διὶ
367 4782 500 4854 ἄρτῳ
519 4786 606 4838 τὸν
650 4784 900 4856 Ἀϐραὰμ
927 4785 1177 4853 εύλογῶν,
1201 4784 1289 4836 τὸν
1314 4783 1473 4836 αὑτὸν
1495 4782 1557 4853 δὴ
1578 4784 1769 4854 τρόπον

226 4867 446 4936 πρῶτος
475 4874 569 4943 μὲν
600 4874 767 4936 αὐτὸς
788 4875 817 4926 6
840 4874 1031 4944 Σωτὴρ
1057 4874 1147 4926 καὶ
1167 4872 1364 4942 Κύριος
1392 4870 1559 4939 ἡμῶν,
1587 4872 1769 4926 ἔπειτα

225 4955 281 5004 οε
330 4956 387 5023 ἐξ
417 4963 571 5016 αὐτοῦ
607 4964 810 5025 πάντες
847 4964 1008 5033 ἱερεῖς
1051 4962 1152 5015 ἀνὰ
1189 4961 1363 5013 πάντα
1412 4958 1478 5010 τὰ
1512 4960 1633 5030 ἔθνη
1676 4962 1771 5032 τὴν

228 5054 591 5123 πνευματικὴν
613 5049 989 5112 ἐπιτελοῦντες
1009 5050 1142 5102 κατὰ
1161 5050 1284 5110 τοὺς
1303 5044 1773 5116 ἐκκλησιαστικοὺς

222 5122 456 5202 θεσμοὺς
489 5122 824 5212 ἱερουργίαν,
851 5138 979 5207 οῐνῳ
1009 5139 1099 5192 καὶ
1124 5139 1268 5208 ἄρτῳ
1291 5172 1307 5195 9
1342 5131 1433 5183 τοῦ
1449 5149 1504 5184 τε
1532 5133 1773 5204 σώματος

358 5226 389 5279 ὗ
418 5230 626 5284 καὶτοῦ
655 5226 933 5297 σωτηρίου
969 5226 1184 5295 αἵματος
1215 5221 1530 5275 αἰνίττονται
1566 5223 1637 5276 τὰ
1677 5243 1773 5294 μυ-

205 5301 434 5386 fmina,
458 5319 551 5372 τοῦ
576 5315 925 5386 Μελχισεδὲκ
951 5313 1110 5366 ταῦτα
1133 5308 1402 5375 πνεύματι
1431 5306 1549 5378 θείῳ
1575 5327 1773 5380 προτε-

199 5383 579 5481 θεωῼηκότος,
614 5383 860 5461 καίντῶν
896 5402 1174 5470 μελλόντων
1214 5398 1338 5456 ταῖς
1369 5396 1527 5449 εἰκόσι
1568 5417 1773 5470 προκε-

171 5482 273 5572 δῖε-3
298 5500 475 5572 μένου
494 5540 511 5563 ,
538 5500 619 5560 ὡς
642 5498 677 5564 ἡ
700 5491 956 5550 Μωσέως
996 5489 1163 5558 Γραφὴ
1191 5486 1472 5572 μαρτνρεϊ,
1510 5486 1772 5553 λέγουσα·

167 5570 183 5600 '
208 5558 370 5649 Ὧι
398 5558 750 5660 mimae-ex
786 5577 1036 5648 βασιλεὺς
1062 5575 1231 5643 Σαλὴμ
1259 5569 1541 5641 ἐξήνεγκεν
1563 5578 1774 5649 ἄρτους

195 5666 313 5767 :\
335 5709 510 5767 Exod.
537 5718 627 5767 ιη,
664 5693 763 5752 ﬂ.

173 5750 237 5847 Ω
280 5750 797 5876 ηυᾷῖλέἔεὴοῦἳ
826 5779 990 5834 Enn.

1870 3251 2175 3304 animalium
2219 3257 2272 3304 et
2310 3250 2622 3313 cruoribus,
2667 3252 3038 3319 corporalique
3073 3251 3388 3307 adoratione

1869 3341 1946 3396 rei
1975 3341 2167 3395 divinae
2198 3340 2479 3396 inservire.
2509 3340 2578 3393 At
2604 3354 2764 3403 vero,
2809 3340 2900 3409 qui
2931 3339 3278 3396 Melchisedec
3303 3349 3389 3397 est

1867 3430 2202 3493 nominatus,
2233 3428 2374 3499 quod
2404 3444 2596 3483 nomen
2619 3418 2683 3481 'in
2716 3437 2950 3483 nostram
2985 3430 3213 3498 linguam
3256 3445 3388 3484 con-

1866 3535 2085 3575 versum
2108 3558 2123 3583 ,
2161 3533 2336 3589 regem
2374 3517 2593 3586 iustitiae
2624 3516 2920 3587 signiﬁcat,
2962 3525 3015 3572 et
3051 3519 3141 3588 qui
3170 3519 3269 3572 fuit
3294 3533 3390 3573 rex

1870 3609 2043 3663 Salem
2064 3646 2079 3671 ,
2111 3605 2252 3676 quod
2282 3605 2455 3674 ipsum
2483 3605 2607 3659 item
2635 3605 2733 3667 sit,
2780 3619 2871 3660 rex
2910 3605 3091 3674 pacis,
3137 3605 3253 3661 sine
3294 3622 3387 3676 pa.

1867 3705 1981 3763 tre,
2020 3698 2135 3751 sine
2175 3703 2374 3759 matre,
2416 3694 2533 3749 sine
2574 3694 2785 3763 generis
2824 3695 2990 3761 serie,
3032 3709 3138 3748 non
3184 3694 3389 3751 habens

1868 3789 1924 3843 in
1966 3787 2228 3850 historia,
2285 3800 2455 3855 neque
2498 3784 2711 3839 initium
2756 3784 2998 3847 dierum,
3051 3799 3224 3855 neque
3268 3786 3391 3840 vitae

1869 3878 2058 3941 ﬁnem,
2090 3892 2152 3930 ac
2193 3891 2260 3930 ne
2294 3874 2533 3930 referens
2577 3874 2791 3943 quidem
2834 3889 2955 3929 cum
2996 3873 3175 3928 Aaron
3207 3888 3390 3929 sacer-

1867 3967 1999 4022 dotii
2040 3966 2148 4020 ritu
2176 3979 2461 4019 commune
2489 3961 2779 4033 quidquam
2812 3963 3102 4017 invenitur.
3133 3961 3265 4016 Nam
3296 3977 3386 4018 ne-

1868 4071 1972 4127 que
2001 4056 2068 4111 ab
2093 4053 2403 4109 hominibus
2429 4053 2630 4107 eleCtus
2660 4050 2833 4105 fuerat
2852 4088 2868 4115 ,
2898 4065 3072 4120 neque
3100 4050 3219 4104 oleo
3241 4064 3389 4104 com-

1868 4145 2043 4216 posito
2070 4149 2261 4198 unctus
2280 4182 2295 4205 ,
2324 4156 2495 4210 neque
2519 4139 2585 4193 de
2613 4154 2805 4210 genere
2825 4138 3037 4194 illorum
3062 4138 3238 4193 editus
3256 4180 3270 4204 ,
3297 4141 3389 4208 qui

1869 4235 2104 4290 nondum
2124 4234 2442 4288 exstiterant
2459 4249 2471 4285 :
2490 4238 2543 4285 et
2561 4224 2713 4299 quod
2719 4229 2953 4284 omnium
2973 4227 3202 4283 maxime
3227 4228 3394 4283 admi-

1868 4323 2037 4378 rabile
2062 4330 2174 4388 est,
2204 4336 2271 4375 ne
2297 4333 2518 4388 corpore
2548 4316 2760 4388 quidem
2789 4324 2904 4372 erat
2930 4318 3311 4382 circumcisus,
3340 4325 3393 4370 et

1870 4420 2048 4468 tamen
2072 4412 2176 4481 ipsi
2197 4409 2463 4464 Abraham
2491 4406 2788 4471 benedicit,
2822 4414 3074 4475 tanquam
3104 4407 3152 4460 is
3177 4406 3268 4475 qui
3300 4406 3391 4459 illo

1801 4487 1845 4542 D
1873 4504 1944 4556 sit
1973 4505 2125 4570 longe
2149 4496 2504 4568 praestantior.
2548 4494 2699 4549 Adde
2729 4494 2870 4564 quod
2911 4508 3084 4563 neque
3112 4493 3392 4547 sacriﬁciis

1870 4606 2044 4660 neque
2070 4588 2410 4644 libationibus
2431 4624 2447 4651 ,
2492 4584 2752 4640 altissimo
2774 4585 2882 4640 Deo
2918 4585 3256 4654 operabatur,
3295 4598 3391 4636 ne-

1875 4695 1979 4752 que
1999 4694 2127 4734 vero
2152 4680 2204 4732 in
2231 4679 2429 4747 templo
2449 4678 2590 4748 quod
2617 4674 2999 4744 Hierosolymis
3024 4679 3168 4727 esset
3187 4711 3201 4735 ,
3233 4686 3389 4725 suum

1872 4785 2069 4827 munus
2094 4768 2308 4822 obibat:
2337 4768 2425 4836 qui
2451 4768 2594 4822 enim
2618 4767 2673 4819 in
2697 4780 2781 4829 eo,
2812 4764 2955 4832 quod
2982 4760 3216 4816 nondum
3242 4759 3394 4814 erat?

1872 4861 2027 4931 223
2058 4858 2123 4911 Et
2152 4856 2342 4911 merito
2389 4870 2548 4918 sane,
2583 4853 2798 4924 quando
2825 4868 2893 4906 ne
2941 4858 3123 4904 nostro
3174 4848 3392 4917 quidem

1873 4948 2136 5007 Salvatori
2184 4947 2396 5001 Christo
2417 4984 2432 5008 ,
2463 4953 2777 5000 eventurum
2810 4941 3097 5011 quidquam
3132 4946 3249 4992 erat
3290 4940 3392 5008 ipsi
3498 5016 3501 5019 _

1869 5042 2046 5096 Aaron
2096 5036 2287 5092 simile.
2331 5033 2461 5086 Nam
2502 5048 2675 5101 neque
2704 5030 2797 5100 qui
2842 5028 2991 5097 prius
3017 5043 3125 5081 non
3181 5026 3391 5091 fuisset,

1872 5128 2136 5203 posterius
2162 5133 2244 5181 est
2277 5122 2563 5193 aliquando
2586 5119 2840 5176 sacerdos
2855 5117 3159 5205 declaratus
3183 5134 3198 5181 ;
3222 5133 3395 5186 neque
3430 5129 3441 5205 ς

1872 5222 1919 5276 is
1964 5219 2054 5289 qui
2075 5215 2364 5271 exstitisset
2414 5211 2698 5275 sacerdos,
2728 5206 2822 5262 sed
2855 5207 3075 5276 quiest.
3104 5203 3396 5274 Diligenter
3434 5242 3444 5268 ,

1875 5311 2018 5368 enim
2048 5305 2427 5363 attendendum
2455 5310 2536 5357 est
2583 5301 2713 5354 illud
2746 5317 2760 5352 :
2811 5315 2829 5349 ι
2860 5295 2939 5353 'l‘u
2961 5311 3020 5352 es
3055 5296 3308 5350 sacerdos
3342 5296 3396 5352 in

1876 5409 2150 5456 aeternum.
2179 5416 2198 5448 ι
2229 5394 2346 5449 Non
2374 5392 2536 5454 enim,
2571 5393 2699 5456 eris,
2724 5390 2819 5456 ait,
2845 5389 2936 5458 qui
2970 5387 3099 5441 olim
3122 5399 3231 5438 non
3275 5384 3394 5437 fue—

1878 5494 1975 5555 ris,
1998 5505 2061 5544 ac
2089 5504 2155 5543 ne
2182 5485 2328 5540 fuisti
2357 5482 2569 5552 quidem
2599 5489 2774 5544 antea,
2803 5493 2946 5534 nunc
2977 5485 3154 5530 autem
3178 5487 3284 5526 non
3317 5487 3399 5531 es,

1882 5582 1974 5638 sed
2002 5581 2067 5635 ab
2090 5593 2152 5634 eo
2178 5577 2269 5646 qui
2292 5574 2445 5637 dixit,
2482 5590 2500 5623 ι
2535 5571 2643 5642 Ego
2673 5586 2789 5628 sum
2819 5570 2909 5639 qui
2939 5565 3145 5628 sum“,
3180 5581 3199 5613 ο
3231 5570 3291 5614 ιιι
3319 5574 3405 5629 (ξε,
