3862 6330
894 445 998 503 507
1506 433 1769 490 EUSEBII
1805 425 2272 487 CAESARI‘ENSIS
2307 425 2454 480 OPP.
2494 422 2669 478 PARS
2705 420 2767 476 11.
2802 449 2872 463 -—
2906 413 3419 474 APOLOGETICA.

892 568 947 614 et
974 553 1221 612 sacerdos
1251 552 1305 605 in
1336 560 1589 605 aeternum
1622 561 1922 618 permanes.
1947 544 2210 610 Quoniam
2247 539 2409 611 igitur

1910 586 1922 599 .
1947 544 2210 610 Quoniam
2247 539 2409 611 igitur
2438 549 2482 604 Α
2509 542 2601 594 καὶ
2631 535 2787 591 οἶνον.
2820 533 2928 590 Ἦν
2964 536 3020 588 δὲ
3055 533 3242 606 ἱερεὺς
3274 530 3372 582 τοῦ
3405 527 3429 580 ε

894 662 1063 717 neque
1088 659 1115 696 a
1138 652 1396 712 tempore,
1424 637 1711 697 sacerdotii
1743 636 1953 690 initium
1980 633 2206 702 accepit,
2240 645 2412 700 neque

1904 651 1953 688 m
1980 633 2206 702 accepit,
2240 645 2412 700 neque
2512 629 2763 698 εὐλόγησε
2785 627 2872 680 τὸν
2910 625 3176 697 Ἀϐραάμ.
3209 639 3230 674 ι
3270 620 3429 674 Εἰκότ

892 710 1127 795 (le-tribu
1183 710 1519 786 sacerdotum
1574 733 1792 780 exortus
1820 730 1903 778 est
1924 722 2192 783 Christus,
2243 716 2416 790 neque

1924 722 2192 783 Christus,
2243 716 2416 790 neque
2512 717 2865 790 παραλήψεως
2900 715 3042 785 μόνῳ
3075 712 3155 783 τῷ
3200 710 3429 780 δηλουμε

892 827 1180 885 artiﬁciose
1202 823 1464 877 instructo
1498 817 1872 886 corporalique
1898 815 2016 868 oleo
2040 815 2316 875 inunetus,
2348 825 2417 864 ne

1898 815 2016 868 oleo
2040 815 2316 875 inunctus,
2348 825 2417 864 tte
2513 808 2661 870 Θεὸς,
2679 806 2769 860 καὶ
2795 808 2854 859 οὑ
2874 803 3413 876 μεταμεληθήσεται·

890 923 1053 975 ﬁnem
1083 915 1296 985 quidem
1330 912 1479 965 illum
1504 909 1797 964 sacerdotii
1824 916 1907 962 est
1939 907 2415 972 babiturus,neque

1904 945 1907 956 .
1939 907 2418 972 babiturus,neque
2515 899 2592 959 εἰς
2611 897 2698 950 τὸν
2726 894 2911 958 αἰῶνα,
2934 892 3070 949 κατὰ
3105 892 3208 962 τὴν
3231 888 3429 953 τάξινί

893 1012 1019 1065 item
1039 980 1168 1061 solis
1210 992 1431 1062 Iudaeis,
1466 998 1560 1054 sed
1583 998 1835 1052 omnibus
1870 996 2123 1067 gentibus
2160 993 2418 1048 constitu~

1905 996 2123 1050 entibus
2160 993 2422 1048 constitu~
2518 1004 2605 1041 σον
2638 987 2693 1039 δὲ
2725 980 2810 1038 οἶα
2835 986 2927 1038 καὶ
2955 984 3079 1054 περὶ
3101 980 3278 1034 τῶνδε
3305 982 3335 1031 ό
3380 980 3429 1031 Ἀ

893 1098 1086 1155 endus.
1146 1094 1368 1164 Propter
1402 1094 1513 1145 haec
1565 1091 1744 1143 omnia
1764 1128 1779 1153 ,
1810 1088 2002 1142 merito
2027 1087 2177 1139 illum
2204 1099 2234 1137 a
2264 1082 2418 1137 mini-

1876 1088 2002 1142 arito
2027 1087 2177 1139 illum
2204 1099 2234 1137 a
2264 1082 2422 1137 rnini-
2516 1070 2560 1143 ᾧ
2582 1116 2596 1138 ,
2642 1076 3015 1145 περισσότερον
3061 1071 3401 1142 βουλόμενος

890 1191 1059 1246 sterio
1083 1187 1261 1240 Aaron
1309 1185 1518 1246 liberat,
1543 1181 1684 1251 quod
1731 1180 1953 1249 ﬁguram
1985 1178 2224 1248 gerebat,
2253 1182 2306 1228 et
2338 1189 2424 1227 se»

895 1279 1129 1336 cundum
1159 1275 1398 1329 ordinem
1425 1270 1774 1327 Melchisedec
1806 1266 2137 1324 sacerdotem
2184 1266 2421 1318 futurum

896 1369 1137 1423 aﬁirmat.
1170 1363 1235 1417 Et
1273 1378 1403 1417 sane
1443 1360 1643 1414 oraculi
1671 1359 1846 1414 exitus
1896 1355 2225 1411 admirabilis
2252 1353 2300 1408 ei
2331 1352 2423 1422 qui

897 1455 1282 1523 contempletur
1331 1448 1775 1521 quemadmodum
1831 1445 2072 1499 Salvator
2124 1451 2306 1498 noster
2336 1442 2424 1496 εἰει

896 1561 1012 1609 sus,
1046 1546 1137 1614 qui
1160 1554 1241 1598 est
1266 1525 1511 1595 Christus
1545 1538 1659 1602 Dei,
1682 1537 1852 1606 ipsius
1910 1534 2259 1588 Melchisedec
2289 1533 2418 1593 ritu,

896 1652 964 1692 ea
992 1651 1109 1707 qua:
1129 1635 1196 1689 ad
1223 1631 1578 1689 sacerdotium
1600 1630 1652 1682 in
1674 1627 1977 1681 hominibus
2001 1624 2287 1693 gerendum
2306 1638 2428 1693 spe-

899 1733 1065 1789 ctant,
1096 1740 1192 1793 per
1218 1736 1346 1778 suos
1399 1721 1674 1777 ministros
1725 1716 1981 1786 perﬁciat.
2014 1712 2143 1767 Nam
2172 1712 2427 1781 quemad-

901 1815 1116 1868 modum
1146 1813 1234 1867 ille
1273 1815 1367 1880 qui
1420 1808 1671 1865 sacerdos
1698 1806 1933 1876 gentium
1962 1811 2107 1865 erat,
2162 1815 2425 1870 nusquam

2519 1168 2861 1236 κληρονόμοις
2891 1165 2989 1233 τῆς
3015 1161 3297 1232 βασιλείας
3323 1160 3387 1211 τὺ
3416 1162 3430 1210 ε

2516 1256 2715 1327 αὐτοῦ,
2748 1255 3090 1324 ἐμεσίτευσεν
3131 1252 3325 1321 ὅρκῳ,
3380 1248 3430 1300 ἵν

2520 1344 2881 1416 ἀμεταθέτων,
2914 1345 2969 1396 ἐν
3001 1338 3081 1404 οἷς
3115 1339 3394 1395 ἀδύνατον
3427 1358 3430 1375 ~

2522 1438 2623 1506 ρὰν
2649 1434 2981 1505 παράκλησιν
3013 1432 3231 1500 ἔχωμεν
3264 1429 3318 1481 οἱ
3355 1443 3430 1497 πρ

2524 1543 2612 1579 σαι
2633 1525 2731 1595 τῆς
2763 1520 3117 1592 προκειμένης
3146 1516 3394 1578 ἐλπίδος.

2529 1637 2547 1667 ι
2587 1616 2694 1668 Καὶ
2725 1614 2773 1666 οἱ
2808 1613 2903 1681 μὲν
2936 1609 3178 1671 πλείονές
3214 1610 3327 1658 είσι
3362 1623 3427 1672 γε

2526 1704 2733 1770 θανάτῳ
2754 1698 3049 1753 κωλύεσθαι
3091 1692 3430 1762 παραμένειε

2525 1793 2717 1853 αὐτὸν,
2763 1788 3101 1859 ἀπαράϐατον
3146 1786 3266 1854 ἔχει
3320 1783 3424 1852 τὴν

897 1904 1110 1960 videtur
1166 1900 1450 1956 sacriﬁciis
1502 1895 1868 1966 corporalibus
1912 1892 2148 1952 functus,
2178 1892 2271 1945 sed
2304 1891 2422 1944 vino

1912 1892 2148 1952 functus,
2178 1892 2271 1945 sed
2304 1891 2428 1944 vino
2458 1879 2498 1932 Β
2528 1883 2714 1946 σώζειν
2751 1882 2826 1942 εἰς
2850 1880 2908 1931 τὸ
2934 1877 3193 1937 παντελὲς
3227 1875 3429 1927 δύνατα

901 1996 1016 2049 solo
1043 2001 1095 2047 et
1135 2006 1287 2061 pane,
1315 1989 1442 2042 dum
1462 1988 1565 2056 ipsi
1591 1985 1860 2039 Abraham
1884 1981 2173 2045 benedicit,
2208 1982 2281 2033 ita
2304 1996 2431 2035 sane

899 2085 1107 2156 primus
1136 2084 1250 2151 ipse
1276 2078 1521 2133 Salvator
1549 2092 1613 2130 ac
1654 2075 1910 2130 Dominus
1963 2083 2144 2126 noster
2171 2109 2186 2135 ,
2239 2070 2433 2124 deinde

895 2176 994 2245 qui
1028 2175 1096 2229 ab
1134 2173 1250 2243 ipso
1300 2168 1524 2239 profecti
1558 2177 1704 2229 sunt,
1755 2165 2057 2220 sacerdotes
2087 2163 2140 2217 in
2184 2162 2432 2216 omnibus

898 2262 1172 2334 gentibus,
1228 2257 1507 2329 spirituale
1538 2254 1832 2310 secundum
1890 2252 2282 2307 ecclesiasticas
2310 2265 2435 2305 saa-

906 2355 1112 2408 ctiones
1161 2346 1449 2403 sacerdotii
1489 2360 1684 2398 munus
1722 2344 2000 2402 obeuntes,
2029 2341 2155 2394 vino
2185 2354 2248 2391 ac
2278 2353 2431 2409 pane,

902 2448 961 2494 et
984 2438 1226 2507 corporis
1256 2435 1402 2488 illius
1427 2442 1479 2486 et
1503 2431 1754 2485 salutaris
1781 2428 2060 2497 sanguinis
2076 2426 2327 2495 mysteria
2346 2440 2433 2479 re-

908 2532 1253 2601 praesentant,
1300 2538 1422 2601 qua;
1444 2535 1572 2576 sane
1602 2518 1857 2589 mysteria
1913 2515 2261 2569 Melchisedec
2289 2524 2437 2569 tanto

908 2598 1034 2673 ante
1064 2615 1251 2685 spiritu
1282 2598 1460 2665 divino
1490 2614 1829 2677 cognoverat,
1858 2614 1911 2660 et
1939 2620 2113 2658 rerum
2139 2604 2434 2657 futurarum

910 2704 1228 2775 imaginibus
1250 2716 1380 2754 usus
1406 2699 1597 2758 fuerat,
1620 2697 1759 2766 sicut
1783 2693 1941 2747 etiam
1967 2692 2130 2747 Mosis
2151 2690 2432 2758 Scriptura

911 2792 1246 2852 testiﬁcatur,
1275 2787 1366 2841 ubi
1400 2786 1473 2838 ait
1509 2804 1521 2838 :
1563 2801 1580 2833 ι
1622 2782 1684 2834 Ει
1710 2779 2059 2834 Melchisedee
2097 2793 2191 2832 rex
2237 2776 2438 2839 Salem,

912 2880 1135 2952 protulit
1163 2891 1349 2945 panes.
1376 2880 1430 2928 et
1476 2871 1679 2925 vinum.
1707 2867 1834 2921 Erat
1864 2875 2039 2920 autem
2069 2863 2319 2920 sacerdos
2350 2862 2438 2917 Dei
2472 2910 2477 2916 .

915 2966 1184 3030 altissimi,
1218 2972 1270 3019 et
1318 2959 1591 3017 benedixit
1615 2957 1880 3012 Abraham
1904 2957 1970 3007 ³⁸.
2015 2974 2032 3005 ι
2068 2953 2256 3008 Merito
2281 2953 2442 3022 igitur

913 3064 971 3113 et
1002 3070 1123 3110 cum
1146 3048 1501 3122 jurisjurandi
1536 3047 1831 3116 adjectione
1853 3084 1868 3108 ,
1902 3045 1995 3098 uni
2041 3044 2089 3098 ei
2120 3043 2186 3098 de
2212 3058 2318 3111 quo
2353 3042 2442 3095 hic

2512 1973 2593 2024 δι’
2618 1969 2778 2022 αὑτοῦ
2811 1968 2886 2038 τῷ
2918 1966 3063 2035 Θεῷ,
3112 1964 3360 2017 πάντοτε
3398 1964 3430 2025 ζ

2530 2058 2665 2128 ὑπὲρ
2696 2055 2890 2108 αὐτῶν.
2926 2053 3178 2114 Τοιοῦτος
3204 2051 3319 2120 γὰρ
3354 2051 3430 2118 ἡμ

2535 2150 2656 2220 ρεὺς
2674 2186 2687 2210 ,
2727 2148 2867 2208 ὅσιος
2885 2185 2898 2208 ,
2932 2143 3135 2205 ἄκακος
3155 2181 3170 2204 ,
3223 2141 3430 2210 ἀμίαντ

2531 2237 2633 2291 τῶν
2666 2233 3013 2307 ἁμαρτωλῶν,
3046 2233 3144 2285 καὶ
3173 2230 3430 2300 ὑψηλότει

2535 2344 2709 2398 μενος.
2753 2348 2771 2378 ι
2820 2325 2928 2378 Καὶ
2978 2322 3223 2390 ἐπιλέγει
3260 2337 3275 2351 ·
3340 2339 3358 2370 ι
3396 2320 3430 2370 ις

2533 2415 2862 2488 εἰρημένοις,
2912 2410 3150 2464 τοιοῦτον
3197 2408 3401 2479 ἔχομεν

2536 2508 2592 2557 ἐν
2630 2504 2776 2573 δεξιᾷ
2828 2502 2925 2571 τῆς
2966 2497 3352 2571 μεγαλοσύνης
3400 2498 3425 2547 ὲ

2533 2593 2854 2664 λειτουργὸς,
2883 2592 2976 2644 καὶ
3006 2591 3105 2661 τῆς
3138 2587 3353 2657 σκηνῆς
3380 2585 3430 2637 "ri

2533 2685 2562 2735 ὁ
2587 2683 2802 2753 Κύριος,
2822 2679 3264 2750 οὑκ’ἇ.νθρωπος.
3306 2696 3325 2728 ι
3357 2676 3430 2727 Ta

2548 2773 2603 2823 '0
2622 2770 2675 2821 δὲ
2702 2768 2906 2837 ψαλμὸς
2927 2766 3157 2829 ὑποῦὰς,
3188 2766 3285 2818 καὶ
3312 2764 3374 2815 τὸ
3400 2780 3430 2813 τι

2535 2856 2627 2912 τοῦ
2659 2856 3126 2926 προφητευομένου
3159 2856 3335 2925 δηλοῖ,
3359 2852 3430 2904 λέ-

2537 2949 2594 2999 ὲν
2626 2943 2726 3013 ὁδῷ
2755 2944 2954 3006 πίεται,
2984 2942 3072 2995 διὰ
3101 2943 3265 2995 τοῦτο
3287 2939 3430 3009 ὐψώε

2539 3038 2627 3103 ρον
2647 3033 2701 3085 δὲ
2726 3032 2813 3084 τὸν
2835 3032 3018 3102 καιρὸν
3040 3031 3151 3082 τῶν
3171 3046 3430 3100 πειρασμι

916 3151 1123 3216 agimus
1147 3116 1568 3211 vtalia'promissa
1598 3142 1723 3191 sunt
1752 3154 1764 3189 :
1799 3153 1818 3185 ι
1846 3132 2072 3197 Juravit,
2105 3132 2313 3202 inquit,
2344 3129 2441 3184 Do-

1904 3134 2072 3197 lravit,
2105 3132 2313 3202 inquit,
2344 3129 2444 3184 Do-
2468 3192 2506 3216 η
2541 3123 2657 3192 μὸς.
2687 3120 2927 3189 λέγων-ι
2954 3120 3278 3190 Χειμάρρου
3304 3116 3429 3186 διῆλ¹

918 3192 1122 3216 -υ------
1304 3192 1389 3211 ,η
2060 3192 2069 3197 ,
2178 3192 2194 3202 ,
2300 3192 2308 3194 ,

918 3237 1095 3291 minus
1114 3232 1288 3309 .Deus,
1318 3237 1502 3285 etnon
1534 3225 1809 3296 paenitebit
1830 3239 1952 3278 eum
1978 3243 1991 3278 :
2019 3233 2075 3279 ιιι
2103 3237 2161 3277 es
2191 3221 2440 3276 sacerdos

1902 3240 1952 3278 m
1978 3243 1991 3278 ε
2019 3192 2075 3279 tu
2103 3237 2161 3277 es
2178 3192 2440 3276 'sacerdos
2467 3192 2509 3248 δ
2538 3211 2744 3309 δὶἧλθεν
2763 3214 2795 3282 ἡ
2817 3210 2962 3280 ψυχὴ
2995 3212 3157 3280 ἡμῶν
3183 3211 3244 3262 τὸ
3282 3208 3427 3278 ὕδωρ

918 3343 976 3382 ιιι
1022 3333 1279 3380 aeternum
1336 3317 1629 3374 secundum
1697 3314 1937 3369 ordinem
1998 3310 2371 3367 Melchisedec.
2416 3329 2434 3359 ι

917 3412 1055 3468 Audi
1097 3424 1223 3465 vero
1248 3406 1425 3477 qualia
1456 3405 1564 3460 sint
1588 3418 1706 3473 quae
1754 3403 1819 3456 de
1863 3399 2051 3454 iisdem
2088 3399 2248 3452 rebus
2282 3400 2443 3452 etiam

917 3503 1207 3573 Apostolus
1236 3496 1379 3551 dicat
1407 3512 1421 3548 :
1451 3513 1469 3545 ι
1496 3493 1555 3547 In
1586 3507 1691 3561 quo
1715 3489 2071 3545 abundantius
2093 3489 2275 3543 volens
2303 3486 2444 3541 Deus

921 3588 1205 3646 ostendere
1226 3583 1527 3639 barredibus
1552 3579 1700 3650 regni
1723 3576 2204 3632 immutabilitatem
2235 3575 2445 3628 consilii

924 3680 1029 3742 sui,
1053 3674 1371 3746 interposuit
1417 3669 1795 3741 jusjurandum
1823 3706 1836 3729 ,
1868 3674 1921 3720 ut
1952 3680 2044 3735 per
2075 3665 2208 3719 duas
2234 3680 2317 3718 res
2342 3667 2444 3716 im-

925 3769 1209 3825 mutabiles
1237 3767 1292 3819 in
1319 3763 1515 3833 quibus
1538 3758 1867 3828 impossibile
1899 3766 1981 3810 est
2009 3754 2223 3809 mentiri
2259 3753 2444 3817 Deum,

926 3857 1087 3930 224
1123 3854 1474 3910 fortissimum
1521 3849 1771 3905 solatium
1831 3846 2154 3907 habeamus,
2202 3844 2294 3912 qui
2321 3857 2451 3896 con-

827 3959 859 4024 "
926 3948 1159 4014 fugimus
1186 3942 1254 3996 ad
1289 3939 1633 3995 obtinendam
1680 3935 2009 4007 propositam
2042 3947 2189 4003 spem
2220 3932 2264 3962 ’³
2293 3972 2309 3997 ,
2347 3950 2365 3983 ι
2398 3939 2451 3985 et

843 4022 858 4081 ξ’
930 4033 1169 4102 adjungit
1198 4050 1210 4084 :
1253 4049 1271 4080 ι
1297 4028 1359 4083 Et
1395 4028 1485 4082 alii
1514 4027 1726 4097 quidem
1758 4026 1938 4094 plures
1968 4022 2095 4076 lacti
2118 4029 2243 4076 sunt
2269 4034 2452 4076 sacer-

836 4172 842 4178 .
929 4126 1102 4186 dotes,
1135 4121 1337 4176 idcirco
1363 4119 1503 4188 quod
1533 4127 1701 4171 morte
1734 4116 2146 4185 prohiberentur
2172 4126 2452 4181 permane-

840 4204 843 4213 ’
930 4230 989 4269 re
1014 4231 1028 4268 :
1069 4212 1156 4265 hic
1190 4217 1387 4271 autem,
1417 4222 1482 4262 eo
1503 4206 1644 4275 quod
1674 4207 1788 4275 ipse
1810 4210 2041 4266 maneat,
2072 4201 2452 4270 sempiternum

930 4302 1089 4356 habet
1117 4295 1490 4354 sacerdotium.
1519 4293 1592 4347 Ex
1618 4308 1725 4363 quo
1753 4292 1914 4346 etiam
1951 4303 2162 4345 servare
2193 4290 2246 4343 in
2270 4302 2457 4357 perpe-

934 4398 1083 4443 tuum
1113 4392 1287 4457 potest
1336 4383 1648 4438 accedentes
1678 4397 1772 4450 per
1808 4381 1981 4450 ipsum
2015 4378 2082 4432 ad
2108 4379 2292 4441 Deum,
2325 4392 2462 4431 sem-

2537 3300 2614 3371 τῷ
2635 3299 3096 3370 χειμάῥρῳτοίνυν
3132 3298 3342 3357 πίεται,
3376 3311 3430 3363 φτ

2539 3393 2646 3456 ότι,
2673 3390 2701 3442 ὃ
2733 3390 2971 3461 ᾐνίττετο
3000 3389 3140 3458 πρὸς
3196 3388 3275 3457 τῷ
3309 3403 3430 3456 καιρ

2547 3504 2565 3536 ι
2591 3484 2787 3553 Πάτερ,
2813 3482 2861 3533 εἰ
2883 3480 3127 3544 δυνατὸν,
3153 3477 3427 3547 παρελθὲτ

2543 3573 2723 3643 ἐμοῦ.»
2748 3572 2856 3625 Καὶ
2880 3570 3040 3624 πάλιν
3064 3571 3188 3623 «Et
3227 3572 3302 3640 μὴ
3331 3568 3430 3619 δυν.

2545 3664 2672 3725 θεῖν,
2695 3662 2785 3715 ὲὰν
2808 3660 2881 3731 μὴ
2896 3660 3026 3713 αὐτὸ
3051 3660 3184 3724 πίω,
3209 3658 3430 3729 γενηθή’

2544 3770 2604 3805 το
2630 3752 2692 3822 δὴ
2714 3748 2805 3805 οὖν
2831 3749 3033 3802 ἐκπιὼν
3055 3749 3118 3801 τὸ
3162 3752 3425 3819 ποτήριον

2548 3841 2683 3896 κατὰ
2702 3841 2789 3893 τὸν
2822 3838 3159 3905 Ἀπόστολον,
3191 3838 3313 3891 ἐπεὶ
3341 3838 3430 3906 γὰι

2548 3931 2718 4000 Πατρὶ
2739 3929 2897 3999 μέχρι
2917 3928 3163 3993 θανάτου,
3198 3926 3430 3981 θανάτου

2548 4020 2729 4089 φησὶν,
2757 4037 2775 4068 ι
2800 4017 3150 4087 ὑπερύψωσεν
3186 4017 3348 4071 αὐτὸν
3375 4016 3403 4066 ό

2550 4107 2654 4160 τῶν
2673 4104 2875 4176 νεκρῶν
2893 4144 2908 4169 ,
2930 4107 3024 4158 καὶ
3042 4104 3281 4169 καθίσας
3306 4103 3430 4163 αὐτὸ

2554 4195 2661 4248 ἀνω
2692 4193 2866 4263 πάσης
2891 4193 3062 4264 ἀρχῆς
3086 4231 3102 4256 ν
3136 4194 3241 4247 καὶ
3275 4191 3430 4256 ὲξουσ

2553 4284 2891 4356 κυριότητος,
2938 4285 3039 4334 καῖ
3067 4284 3275 4346 παντὸς
3308 4280 3430 4348 όνόμ

2557 4374 2709 4444 μόνον
2742 4375 2798 4425 ὲν
2824 4371 2902 4442 τῷ
2937 4371 3091 4426 αἰῶνι
3129 4373 3334 4442 τούτῳ,
3364 4368 3430 4422 ἀλ

935 4492 1030 4550 per
1051 4478 1231 4532 vivens
1284 4474 1350 4528 ad
1401 4471 1835 4527 intercedendum
1860 4484 1955 4539 pro
1984 4469 2107 4524 illis.
2139 4467 2282 4523 Talis
2313 4467 2453 4522 enim

1882 4484 1955 4523 πο
1984 4469 2107 4524 illis.
2139 4467 2282 4523 Talis
2313 4467 2453 4522 enim
2485 4501 2528 4555 Β
2555 4464 2663 4516 Καὶ
2684 4462 2853 4515 πάντα
2871 4461 3121 4527 ὑπέταξε,
3149 4462 3366 4533 rep-quiti,
3390 4477 3407 4509 ι

936 4548 1155 4622 decebat
1184 4580 1285 4620 nos
1340 4561 1601 4633 pontifex,
1655 4568 1895 4623 sanctus,
1946 4559 2234 4622 innocens,
2269 4557 2456 4626 impol-

1946 4559 2199 4616 innocene
2219 4598 2234 4622 ,
2269 4557 2456 4626 impol-
2485 4548 2520 4555 ⁷
2555 4552 2692 4603 κατὰ
2713 4551 2808 4621 τὴν
2834 4551 2966 4621 πρὸς
2993 4552 3152 4604 ἀυτὸν
3173 4548 3429 4619 ἐπαγγελί

936 4660 1103 4722 lutus,
1149 4662 1458 4724 segregatus
1489 4667 1519 4705 a
1547 4649 1955 4721 peccatoribus,
1986 4656 2039 4702 et
2069 4647 2330 4703 excelsior
2355 4659 2459 4699 cm-

936 4747 1005 4801 lis
1029 4745 1207 4799 factus
1230 4745 1295 4798 ".
1334 4760 1352 4793 ι
1386 4739 1584 4795 Deinde
1606 4739 1846 4809 adjungit
1880 4758 1894 4793 :
1926 4757 1945 4789 ι
1974 4738 2145 4808 Caput
2160 4744 2334 4790 autem
2366 4749 2459 4788 su-

938 4851 1030 4903 per
1058 4835 1125 4889 iis
1146 4850 1262 4903 qua:
1287 4831 1431 4885 dicta
1477 4836 1618 4887 sunt.
1654 4828 1834 4883 Talem
1861 4829 2116 4885 habemus
2138 4827 2458 4898 pontiﬁcem,

942 4924 1031 4991 qui
1063 4924 1209 4978 sedet
1256 4923 1312 4975 in
1342 4921 1562 4976 dextera
1601 4920 1906 4990 maiestatis
1937 4921 1992 4974 in
2031 4920 2276 4982 excelsis,
2331 4929 2459 4971 san-

942 5020 1148 5067 ctorum
1201 5012 1462 5078 minister,
1519 5018 1573 5067 et
1632 5012 1961 5065 tabernaculi
1997 5012 2129 5076 veri,
2168 5008 2309 5080 quod
2346 5006 2459 5060 ﬁxit

946 5099 1104 5161 Deus,
1149 5109 1201 5155 et
1231 5116 1335 5154 non
1362 5102 1521 5156 homo
1567 5102 1632 5155 ”.
1671 5119 1691 5153 ›
1740 5100 1862 5155 Haec
1892 5100 2105 5171 quidem
2155 5098 2456 5168 Apostolus.

946 5184 1188 5240 Psalmus
1215 5204 1360 5253 vero,
1396 5191 1618 5247 inferius
1667 5205 2011 5261 progressus,
2044 5191 2202 5245 etiam
2240 5203 2301 5241 ea
2344 5199 2461 5255 qua:

2554 4638 2862 4710 παρίστησι,
2884 4636 3076 4704 λέγων’
3101 4658 3119 4690 ι
3142 4639 3329 4694 Κάθου
3363 4637 3426 4688 ὲκ

2554 4732 2674 4791 τοὺς
2704 4727 2926 4799 ἐχθρούς
2947 4743 3039 4780 σου
3076 4729 3365 4784 ὑποπόδιον
3386 4725 3430 4776 τε

2559 4818 2701 4891 ρίευε
2726 4819 2781 4869 ὲν
2817 4816 2963 4887 μέσῳ
2984 4817 3091 4871 τῶν
3124 4818 3335 4891 ἐχθρῶν
3364 4831 3429 4867 σοι

2559 4908 2636 4960 ἔτι
2659 4906 2751 4960 νῦν
2773 4907 2805 4976 ή
2824 4904 2917 4959 τοῦ
2937 4906 3190 4978 Σωτῆρος
3207 4907 3359 4979 ἡμῶν
3377 4903 3430 4955 δύ

2558 4996 2674 5058 λὶας
2695 4993 2855 5046 αὐτοῦ
2882 4993 3057 5062 λόγος,
3085 4998 3142 5048 ὲν
3166 4997 3349 5066 μέσοις
3373 5009 3430 5043 το

2562 5083 2745 5148 αὑτοῦ,
2773 5084 2864 5137 καὶ
2915 5084 3022 5137 τῶν
3075 5082 3430 5139 πεπιστευκότ

2565 5176 2961 5246 κατακυριεύει.

947 5287 1205 5345 Passuri“
1225 5283 1338 5327 erat
1368 5279 1434 5343 is,
1482 5281 1548 5336 de
1570 5297 1676 5352 quo
1732 5282 2080 5343 vaticinatur,
2108 5286 2287 5348 aperte
2323 5271 2607 5345 signiﬁcat,
2637 5267 2824 5321 dicens
2852 5287 2866 5321 :
2897 5286 2915 5318 ι
2949 5266 3027 5322 De
3061 5275 3303 5323 torrente
3352 5264 3407 5317 in

949 5360 1200 5415 exaltabit
1222 5370 1377 5429 caput
1406 5368 1473 5421 ".
1514 5389 1532 5419 ι
1563 5370 1873 5427 Torrentem
1895 5385 2076 5441 porro,
2107 5368 2460 5423 tentationum
2499 5370 2707 5429 tempus
2728 5358 3131 5427 intelligendum
3167 5361 3305 5413 alius
3349 5354 3430 5410 ind

958 5468 977 5500 ι
1021 5446 1328 5502 Torrentem
1371 5461 1706 5521 pertransivit
1755 5464 1930 5516 anima
1962 5468 2163 5516 nostra.
2212 5454 2458 5509 Forsitan
2494 5450 2811 5520 pertransiit
2858 5452 3039 5505 anima
3067 5460 3250 5508 nostra
3267 5461 3430 5520 aquam

1020 5620 1064 5650 ¹¹
1091 5617 1221 5700 Gen.
1257 5626 1572 5689 x1v,l8-l9.
1653 5634 1695 5667 ³³
1720 5632 1879 5689 Hebr.
1918 5650 1989 5700 vt,
2018 5635 2099 5688 18.
2173 5629 2217 5662 ³⁵
2251 5627 2408 5682 llebr.
2449 5638 2539 5685 vn.

1918 5650 1989 5700 γι,
2018 5635 2099 5688 18.
2173 5629 2217 5662 ³⁵
2251 5627 2408 5682 llebr.
2449 5638 2539 5685 vn,
2566 5622 2755 5691 25-26.
2830 5626 2875 5657 η
2900 5625 3062 5684 Hebr.
3097 5642 3213 5695 νηί,
3251 5623 3359 5695 με,
3385 5622 3426 5655 ιι

951 5703 1135 5753 eunt,
1164 5692 1216 5743 5.
