3862 6324
141 439 232 492 ιιι

1116 421 1741 487 DEMONSTRATIONIS
1775 424 2221 482 EVANGELICJE'
2254 425 2380 479 LIB.
2416 424 2493 478 V.

3263 421 3364 478 3'10

163 552 214 605 ιι,
237 543 501 604 jar-rente
530 535 710 605 igitur
745 539 930 605 bibet,
977 545 1181 616 inquit,
1229 551 1444 604 calicem
1479 542 1742 610 videlicet,
1783 561 1938 616 quem
1976 546 2088 614 ipse
2116 543 2216 598 sub
2252 542 2424 610 ipsum
2459 540 2722 611 passionis
2785 547 2992 608 tempus
3027 535 3362 607 signiﬁcavit,

179 640 399 693 «manu:
438 646 462 679 ι
492 625 691 692 Pater,
728 632 781 686 si
814 636 1089 702 possibile
1114 648 1218 702 est,
1241 649 1472 696 transeat
1498 639 1747 693 calixiste
1782 653 1812 690 a
1842 654 1925 693 me
1950 638 2015 687 ".
2047 655 2065 686 ι
2101 634 2164 688 Et
2204 649 2392 688 rursus
2423 652 2434 685 :
2483 652 2498 684 :
2535 632 2592 686 Si
2651 646 2755 684 non
2818 631 3066 698 possibile
3091 637 3174 682 est
3212 627 3359 680 illum

200 722 434 782 transire,
465 723 579 778 nisi
611 723 777 779 illum
826 728 1054 795 bibam,
1088 733 1178 785 [lat
1203 733 1447 788 voluntas
1478 740 1568 785 tua
1610 731 1675 782 ".
1723 748 1741 780 ι
1778 729 1910 783 Cum
1968 727 2128 796 igitur
2177 726 2317 780 hunc
2369 726 2590 779 calicem
2643 723 2885 784 bibisset,
2947 729 3057 774 tum
3108 720 3358 774 exaltavit

203 820 368 882 caput.
398 811 462 865 Et
490 813 639 868 sicut
673 815 756 869 ait
791 817 1110 887 Apostolus,
1139 823 1387 891 quoniam
1424 841 1442 873 ι
1479 823 1647 875 factus
1697 827 1780 874 est
1812 818 2062 872 obediens
2111 815 2255 869 Patri
2304 829 2470 884 usque
2513 815 2578 866 ad
2643 821 2882 874 mortem,
2921 817 3137 864 mortem
3183 816 3357 863 autem

209 905 399 964 crucis,
445 925 464 956 ι
493 905 731 968 idcirco,
765 908 971 978 inquit,
1017 929 1034 960 ι
1070 913 1346 987 εχοιιονίι.
1375 913 1521 965 illum
1581 911 1718 965 Deus
1758 910 1824 972 ³⁸,

1866 909 2129 964 suscitans
2158 907 2302 960 illum
2325 923 2357 960 a
2387 906 2626 968 mortuis,
2657 913 2708 958 et
2748 904 2930 958 sedere
2973 903 3118 956 illum
3147 902 3270 956 fecit
3304 903 3359 956 in

205 995 419 1048 dextera
452 1010 569 1054 sua.
619 1011 799 1064 supra
830 1013 1047 1052 omnem
1078 1000 1462 1067 principatum,
1519 1006 1572 1051 et
1635 1003 1968 1065 potestatem,
2031 1003 2083 1050 et
2114 996 2382 1057 virtutem,
2438 1001 2490 1048 et
2538 994 2970 1056 dominationem,
3002 1000 3054 1047 et
3081 1006 3235 1044 omne
3262 1006 3360 1046 no-

207 1101 330 1140 men
357 1087 489 1156 quod
513 1086 839 1140 nominetur
868 1104 980 1142 non
1005 1091 1177 1145 solum
1203 1091 1257 1142 in
1288 1090 1387 1143 hoc
1411 1089 1624 1153 saeculo,
1645 1087 1736 1142 sed
1773 1087 1930 1141 etiam
1953 1087 2004 1139 in
2027 1085 2224 1140 futuro.
2259 1086 2320 1138 Et
2355 1088 2532 1140 omnia
2581 1084 2825 1152 subjecit,
2884 1081 3072 1151 inquit,
3112 1082 3211 1136 sub
3260 1098 3354 1150 pe~

203 1179 358 1231 dibus
385 1179 499 1244 ejus
520 1177 591 1239 “,
629 1195 648 1228 ι
691 1180 996 1232 secundum
1029 1195 1167 1244 eam,
1194 1195 1310 1248 quas
1333 1179 1399 1233 ad
1422 1181 1594 1248 ipsum
1616 1178 1752 1231 facta
1790 1184 1891 1239 est,
1941 1177 2363 1246 promissionem,
2403 1191 2560 1245 quam
2602 1176 2655 1228 in
2699 1174 2901 1242 pSalmo
2957 1171 3218 1233 declarat,
3274 1170 3358 1224 di-

201 1283 364 1323 cens:
408 1288 424 1317 ι
463 1267 613 1323 Sede
658 1270 929 1324 adextris
987 1272 1142 1334 meis,
1203 1270 1370 1325 donec
1419 1285 1609 1339 ponam
1672 1269 1914 1324 inimicos
1962 1277 2082 1322 tuos
2144 1269 2431 1322 scabellum
2473 1267 2661 1336 pedum
2703 1272 2931 1318 tuorum.
2991 1258 3352 1315 Dominarein

202 1357 373 1411 medio
415 1358 778 1412 inimicorum
842 1368 1076 1412 tuorum.
1118 1379 1136 1411 ι
1167 1359 1387 1415 Constat
1435 1373 1560 1413 vero
1623 1358 1948 1427 planissime,
1978 1357 2416 1426 quemadmodum
2451 1357 2605 1409 hodie
2628 1369 2838 1424 quoque
2863 1351 3153 1405 Salvatoris
3187 1351 3359 1404 nostri

200 1447 386 1512 virtus,
415 1461 480 1500 ac
511 1448 792 1502 doctrina:
820 1448 966 1503 illius
1001 1449 1240 1512 verbum,
1274 1450 1328 1502 in
1356 1448 1530 1502 medio
1581 1449 1914 1501 inimicorum
1967 1457 2020 1501 et
2072 1447 2304 1500 hostium
2369 1459 2604 1506 suorum,
2660 1443 2906 1496 erunibus
2957 1440 3274 1510 quicumque
3302 1437 3356 1490 in

196 1541 366 1610 ipsum
391 1538 658 1604 credunt,
690 1541 1023 1594 dominatur.

731 1691 1120 1745 ΚΕΦΑΛΑΙΟΝ
1163 1695 1200 1743 Δ
1219 1731 1232 1744 .

203 1790 440 1890 Ὠςςκαί
490 1823 778 1887 Ἡσαΐας,
833 1821 1149 1890 προφητῶν
1195 1822 1498 1890 μέγιστος,
1548 1822 1746 1888 σαφῶς

261 1887 380 1944 οἵδε
420 1893 584 1945 Θεὸν
633 1893 705 1943 ὲν
735 1887 1072 1954 estnam,
1116 1887 1302 1958 λέγωρ
1356 1891 1559 1958 ὁμοίως
1608 1887 1746 1956 ἡμῖν

261 1959 582 2023 δοξάζουσι
613 1959 850 2026 Πατέρα
879 1963 948 2012 ἐν
977 1959 1102 2024 Υιῷ,
1137 1960 1231 2012 καὶ
1271 1960 1402 2012 Υἱὸν
1431 1959 1498 2010 ἐν
1517 1959 1742 2025 Πατέρι.

267 2147 286 2180 ι
326 2130 459 2199 Ἐγὼ
518 2131 739 2200 Κύριος
783 2129 1013 2199 ἐποίησα
1043 2131 1163 2199 γῆν,
1214 2129 1305 2182 καὶ
1353 2128 1626 2198 ἄνθρωπον
1660 2131 1744 2182 ἐπ’

195 2219 369 2288 αὐτῆς
397 2219 512 2286 ἐγὼ
538 2223 610 2288 τῇ
647 2218 790 2288 χειρί
816 2236 916 2287 μου
947 2218 1245 2287 ὲστερέωσα
1267 2218 1354 2271 τὸν
1378 2219 1613 2289 οὐρανὸν,
1639 2218 1747 2287 ἐγὼ

197 2309 322 2360 πᾶσι
348 2312 452 2369 τοῖς
483 2309 722 2378 ἄστροις
749 2307 1113 2377 ἐνετειλάμην,
1145 2307 1251 2374 ἐγὼ
1275 2309 1464 2377 ἧγειρα
1496 2309 1582 2362 τὸν
1611 2310 1746 2378 μετὰ

177 2396 523 2467 δικαιοσύνης
550 2396 800 2465 βασιλέα,
824 2396 917 2448 καὶ
944 2397 1108 2448 πᾶσαι
1134 2398 1186 2448 αἱ
1211 2395 1316 2447 ὁδοὶ
1344 2397 1500 2448 αὑτοῦ
1523 2397 1737 2450 εὐθεῖαι.

168 2481 334 2550 Οὗτος
365 2487 739 2556 οἰκοδομήσει
772 2485 870 2554 τὴν
904 2486 1052 2537 πόλιν
1080 2503 1200 2554 μου,
1225 2485 1316 2536 καὶ
1341 2485 1435 2555 τὴν
1476 2487 1742 2554 αἰχμαλω-

165 2577 277 2628 σίαν
308 2578 406 2631 τοῦ
435 2577 580 2631 λαοῦ
616 2575 956 2646 ἐπιστρέψει,
981 2576 1039 2626 ού
1069 2575 1202 2645 μετὰ
1220 2574 1442 2646 λύτρων,
1467 2577 1581 2627 οὐδὲ
1608 2576 1740 2645 μετὰ

160 2665 371 2736 δώρων,
400 2663 533 2719 εἶπε
553 2665 766 2735 Κύριος
785 2663 1059 2718 Σαϐαὼθ.»
1089 2665 1233 2728 Τέως
1267 2665 1363 2732 μὲν
1391 2664 1553 2717 ταῦτα
1582 2669 1608 2719 6
1634 2666 1739 2718 τῶν

160 2756 290 2808 ὅλων
324 2756 571 2826 ποιητὴς
599 2754 758 2816 Θεὸς,
785 2755 910 2824 περί
942 2771 1084 2816 τινος
1109 2752 1363 2821 βασιλέως
1383 2754 1472 2806 καὶ
1498 2754 1737 2824 Σωτῆρος

164 2845 458 2911 μέλλοντος
505 2845 818 2912 οἰκοδομεῖν
857 2841 919 2895 τὸ
953 2842 1052 2910 τῆς
1101 2841 1373 2902 εὐσεϐείας
1415 2840 1734 2910 πολίτευμα,

163 2931 554 3001 λυτρώσασθαι
599 2930 704 2998 τὴν
744 2928 1117 2997 ὲπισυμὸᾶσαν
1159 2927 1456 2997 ἀνθρώποις
1501 2928 1601 2979 ὑπὸ
1643 2929 1736 2998 τῆς

1773 1693 1819 1747 Α

2427 1678 2646 1734 CAPUT
2679 1677 2763 1731 1V.

1842 1813 1997 1880 225
2023 1811 2168 1876 Quod
2213 1813 2366 1865 etiam
2415 1811 2620 1875 Isaias,
2661 1813 3022 1880 prophetarum
3063 1813 3356 1873 maximus,

1909 1879 2059 1948 plane
2093 1883 2229 1934 novit
2279 1881 2439 1932 Deum
2486 1899 2594 1934 esse
2645 1879 2698 1934 in
2741 1879 2866 1948 Deg.
2918 1881 3064 1948 idque
3088 1880 3354 1948 Haﬁirmat,

1913 1945 2042 2000 sicut
2081 1951 2237 2002 etiam
2271 1965 2360 2001 nos
2387 1949 2473 2016 qui
2500 1949 2708 2003 Patrem
2736 1951 2786 2002 iu
2818 1945 3046 2013 Filio,'et
3079 1945 3271 2000 Filiam
3302 1949 3355 1999 in

1911 2017 2068 2068 Patre
2090 2018 2455 2086 gloriﬁcamus.

1916 2143 1934 2174 ι
1966 2124 2071 2194 Ego
2105 2124 2362 2181 Dominus
2392 2126 2490 2180 feci
2535 2133 2754 2190 terram,
2803 2131 2854 2178 et
2898 2125 3162 2178 hominem
3197 2138 3353 2192 super

1838 2227 1900 2266 ea
1927 2229 1941 2277 ;
1972 2229 2067 2282 ego
2099 2231 2256 2268 manu
2301 2230 2416 2269 mea
2458 2214 2780 2269 consolidavi
2811 2215 3023 2277 cmlum,
3055 2228 3152 2282 ego
3180 2213 3352 2265 omni-

1839 2301 1939 2355 bus
1978 2305 2136 2358 astris
2179 2304 2445 2366 mandavi,
2478 2319 2575 2372 ego
2627 2304 2879 2358 suscitavi
2909 2317 3085 2370 regem
3118 2317 3237 2354 cum
3263 2292 3352 2370 ju-

1839 2391 2004 2455 stitia,
2051 2400 2103 2447 et
2135 2407 2318 2446 omnes
2349 2395 2446 2446 vite
2482 2394 2600 2462 ejus
2627 2401 2802 2446 rectae.
2845 2390 2941 2445 Hic
2977 2391 3254 2445 aediﬁcavit
3282 2391 3353 2443 ci-

1835 2482 2048 2535 vitatem
2097 2497 2288 2544 meam,
2339 2489 2392 2536 et
2437 2483 2792 2552 captivitatem
2833 2482 3014 2552 populi
3056 2487 3347 2543 convertet,

1835 2587 1940 2624 non
1980 2572 2170 2638 pretio,
2201 2587 2370 2641 neque
2419 2573 2745 2638 muneribus,
2781 2572 2914 2626 dixit
2960 2572 3216 2629 Dominus
3254 2569 3351 2628 Sa-

1835 2660 1993 2714 baoth
2019 2661 2084 2716 ”.
2117 2681 2134 2710 »
2174 2661 2388 2714 Interim
2429 2662 2640 2730 quidem
2683 2662 2794 2716 haec
2833 2663 3068 2718 universi
3107 2664 3351 2718 conditor

1834 2747 1993 2811 Deus,
2046 2749 2111 2803 de
2149 2749 2377 2818 quodam
2415 2765 2535 2821 rege
2572 2765 2632 2803 ac
2669 2750 2960 2815 Salvatore,
2991 2754 3079 2820 qui
3117 2751 3348 2806 aediﬁca-

1833 2845 1986 2892 turus
2010 2839 2079 2894 sit
2107 2840 2482 2908 rempublicam
2511 2841 2742 2910 pietatis,
2775 2851 2828 2896 et
2855 2842 3210 2896 conditionem
3242 2855 3347 2910 qua

1832 2927 2072 2982 homines
2123 2944 2152 2984 a
2208 2928 2497 2986 dazmcnico
2532 2947 2710 2986 errore
2769 2932 2960 2999 captivi
3001 2933 3344 2994 tenebantur,

168 2997 490 3090 δαιέιονικῆς
536 2997 756 3089 πλάνης
803 3017 1188 3086 αἰχμαλωσίαν,
1215 3016 1302 3068 διὰ
1343 3016 1432 3068 τοῦ
1466 2997 1731 3088 προφήτου

1835 3016 2210 3083 dissoluturus,
2245 3035 2338 3090 per
2362 3022 2667 3090 prophetam
2702 2997 3004 3090 respondet.
3038 3021 3093 3075 in
3127 3023 3196 3076 iis
3221 3036 3346 3076 vero

173 3111 453 3174 θεσπίζειο
515 3109 650 3178 ἑξῆς
695 3108 754 3160 δὲ
797 3107 1001 3169 τούτοις
1049 3106 1106 3159 τὸ
1151 3104 1474 3176 προφητικὸν
1528 3107 1734 3177 πνεῦμα

180 3200 268 3270 τὴν
309 3201 595 3269 ὑποταγὴν
644 3198 757 3250 τῶν
790 3197 1092 3263 ἀλλοφύλων
1137 3195 1302 3248 ἐθνῶν
1339 3197 1640 3259 αἰνίττεται,
1669 3197 1734 3265 ἢν

186 3289 609 3358 ὒποταγήσονται
630 3287 710 3356 τῷ
732 3286 1202 3357 προφητευομένῳ,
1222 3286 1313 3338 καὶ
1338 3286 1410 3348 ὠς
1435 3289 1732 3358 προσκυνή-

201 3395 372 3430 σουσιν
411 3378 558 3446 αύτῷ
609 3371 704 3430 οἷα
741 3375 860 3444 Θεῷ
907 3378 954 3428 οἱ
1002 3375 1475 3445 ὑποταγησόμενοι,
1528 3377 1616 3428 καὶ
1661 3379 1733 3440 ὡς

206 3468 565 3538 προσεύξονται
605 3469 668 3519 ὲν
701 3465 872 3535 αὐτῷ,
908 3465 995 3518 διὰ
1035 3467 1094 3518 τὸ
1129 3465 1346 3536 μείζονα
1387 3470 1647 3520 κατοικεῖν
1677 3471 1732 3520 ὲν

205 3555 342 3624 αὐτῷ
363 3556 503 3616 Θεὸν,
539 3557 636 3607 τὸν
684 3553 946 3607 ἀνωτάτω
986 3554 1178 3624 δηλαδὴ
1214 3554 1444 3624 Πατέρα,
1478 3555 1567 3606 καὶ
1605 3555 1732 3607 Θεὸν

206 3642 307 3692 τῶν
343 3629 484 3695 ὅλων,
535 3643 620 3695 Τὰ
674 3641 733 3694 δὲ
779 3641 878 3710 τῆς
923 3638 1112 3704 λέξεως
1142 3641 1308 3704 οὕτως
1353 3642 1490 3710 ἔχει’
1529 3661 1546 3692 ι
1583 3642 1731 3694 Οὕτω

206 3731 346 3798 λέγει
382 3735 574 3805 Κύριος
597 3751 613 3764 ο
668 3731 983 3784 Ἐκοπὶασεν
1025 3732 1325 3798 Αἴγυπτος,
1373 3734 1464 3784 καὶ
1501 3734 1731 3803 ἐμπορία

207 3822 483 3886 Αἰθιόπων,
529 3824 627 3876 καὶ
684 3825 736 3874 οἱ
779 3821 1014 3890 Σαδαεὶμ
1063 3821 1250 3890 ἄνδρες
1297 3820 1480 3889 ὑψηλοὶ
1529 3822 1619 3872 ἐπὶ
1671 3823 1728 3872 σὲ

207 3911 544 3982 διαϐήσονται,
573 3913 670 3966 καὶ
706 3912 790 3963 σοὶ
825 3910 1030 3962 ἔσονται
1073 3910 1262 3973 δοῦλοι,
1309 3911 1400 3962 καὶ
1430 3911 1598 3962 ὀπίσω
1638 3912 1725 3963 σοῦ

208 4001 597 4070 όκολουθήσουσι
619 4042 634 4066 ,
666 3997 936 4068 δεδεμένοι
970 3999 1300 4068 χειροπέδαις
1319 4037 1332 4061 ,
1376 3999 1466 4050 καὶ
1495 4016 1727 4070 προσκυ-

207 4089 408 4157 νήσουσι
446 4092 574 4152 νέοι,
627 4089 725 4141 καὶ
770 4089 826 4139 ἐν
879 4087 958 4138 σοὶ
1000 4087 1394 4156 προσεύξονται,
1441 4089 1518 4141 ὅτι
1557 4093 1612 4142 ὲν
1648 4093 1727 4142 σοὶ

208 4178 234 4228 6
255 4177 377 4242 Θεὸς
406 4183 532 4243 ἐστι,
567 4181 663 4232 καὶ
692 4177 792 4229 οὑκ
829 4176 939 4228 ἐστι
964 4177 1091 4239 Θεὸς
1114 4176 1264 4246 ,πλὴν
1297 4177 1408 4229 σού.
1454 4181 1523 4231 Σὺ
1553 4181 1656 4249 γὰρ
1680 4176 1730 4232 εἷ

209 4266 359 4332 Θεὸς,
399 4270 485 4321 καὶ
522 4270 622 4321 οὐκ
669 4267 910 4336 ⁴ᾔδειμεν,
957 4265 1087 4328 Θεὸς
1128 4266 1218 4318 τοῦ
1271 4268 1478 4336 Ἰσραὴλ
1520 4269 1721 4338 Σωτήρ.
1752 4303 1793 4358 C

208 4355 636 4427 Δὶηυνθῄσονται
680 4358 774 4408 καὶ
812 4356 1228 4426 ἐντραπήσονται
1263 4355 1455 4418 πάντες
1499 4359 1546 4408 οἱ
1579 4358 1720 4409 ἀντι-

217 4445 431 4513 κείμενοι
457 4449 619 4517 αὐτῷ,
657 4446 753 4498 καὶ
778 4443 1126 4514 πορεύσονται
1153 4445 1207 4495 ἐν
1240 4445 1509 4514 αἰσχύνῃ.»
1545 4445 1724 4500 Ταῦτα

217 4532 313 4596 μὲν
342 4535 370 4603 ή
398 4537 707 4607 προφητεία.
745 4534 855 4602 Οὐχ
897 4531 1130 4600 ἡγοῦμαι
1168 4532 1224 4583 δὲ
1261 4533 1592 4602 ἀντωπήσειν
1633 4533 1720 4584 δύ-

211 4621 386 4677 νασθαί
420 4643 558 4688 τινα,
589 4625 692 4677 κᾶν
741 4622 942 4692 σφόδρα
1047 4620 1327 4689 ἀγνώμων,
1369 4621 1445 4690 τῷ
1480 4623 1721 4692 προδήλῳ

208 4709 298 4760 καὶ
339 4718 480 4781 σαφεῖ
519 4715 616 4782 τῆς
662 4711 878 4775 λέξεως,
919 4709 1158 4778 ἐναργῶς
1202 4709 1364 4772 οὕτως
1412 4711 1720 4778 εἰσαγούσης

204 4797 329 4848 Θεὸν
359 4804 442 4856 τοῦ
475 4804 684 4874 Ἰσραὴλ
709 4802 960 4870 Σωτῆρα,
980 4801 1071 4852 καὶ
1113 4799 1290 4866 ἕτερον
1317 4799 1373 4850 ὲν
1399 4799 1540 4868 αὐτῷ
1569 4800 1715 4852 Θεόν’

202 4885 650 4962 (Προσκυνήσουσί
709 4909 824 4954 σοι,
858 4910 878 4942 ι
937 4891 1116 4959 φησιν,
1164 4908 1182 4940 ι
1207 4890 1254 4940 οἱ
1294 4888 1498 4953 δίκαιοι,
1533 4891 1624 4943 καὶ
1662 4893 1720 4944 ὲν

192 4972 267 5022 σοὶ
310 4984 680 5052 προσεύξονται
705 5020 720 5044 ,
754 4983 837 5033 ὅτι
877 4982 934 5032 ὲν
966 4980 1044 5030 σοὶ
1087 4981 1114 5030 ὁ
1144 4978 1271 5040 Θεός
1303 4979 1443 5040 ἐστι,
1492 4981 1581 5031 καὶ
1622 4981 1719 5032 οὑκ

174 5059 285 5110 ἔστι
351 5073 471 5135 Θεὸς
517 5073 654 5142 πλὴν
697 5057 814 5123 σοῦο
880 5071 944 5122 σὺ
996 5069 1098 5139 γὰρ
1145 5065 1196 5120 εἴ
1233 5069 1262 5119 6
1299 5067 1444 5129 Θεὸς,
1493 5071 1582 5122 καὶ
1620 5073 1717 5124 οὐκ

164 5146 419 5230 ᾔδειμεν,
451 5163 580 5224 Θεὸς
619 5160 716 5212 τοῦ
759 5157 972 5228 Ἰσραὴλ
1017 5156 1222 5225 Σωτήρ.
1253 5174 1272 5205 ι
1322 5155 1393 5206 Τὸ
1437 5155 1520 5220 δὲ,
1570 5176 1588 5206 ‹
1621 5160 1717 5212 οὐκ

149 5231 252 5319 ἕξει
299 5269 412 5319 μεν,
442 5271 459 5302 ι
492 5254 556 5303 ἐκ
587 5247 886 5319 προσώπου
910 5246 1014 5296 τῶν
1045 5247 1170 5314 πρὶν
1203 5242 1360 5296 αὑτὸν
1390 5245 1462 5313 μὴ
1485 5246 1715 5313 ἐπεγνωο

387 5337 533 5408 παρά
585 5315 775 5404 μονοις
828 5333 938 5391 τοῖς
993 5330 1378 5398 Ἐϐδομήκοντα
1423 5332 1714 5399 εἰρημένον,

150 5400 371 5484 ξ’τλῇως
389 5400 497 5498 six-2
519 5400 930 5492 sbv'EGPa'ixov,
950 5420 976 5471 ὃ
1001 5417 1306 5489 μεταλαϐὼν
1326 5417 1353 5466 6
1381 5419 1473 5486 μὲν
1499 5423 1711 5486 Ἀκύλας

194 5506 342 5567 ’ἣτξλί-
374 5540 389 5571 ι
431 5518 566 5579 θεὸς
612 5517 729 5583 ἄρα
787 5508 1002 5576 ἰσχυρὸς
1043 5507 1541 5575 ἀποκρυπτόμενος,
1590 5511 1714 5576 Θεὸς

251 5691 464 5772 "nauli.
499 5705 765 5776 xxvr,,39

1834 3125 1949 3178 qua:
1973 3120 2287 3180 sequuntur,
2328 3121 2663 3166 externarum
2701 3127 2911 3182 quoque
2941 3113 3214 3166 nationum
3251 3113 3346 3165 ob-

1833 3198 2093 3265 sequium,
2143 3213 2248 3266 quo
2285 3199 2335 3252 ei
2398 3207 2520 3253 sunt
2574 3200 2903 3254 obsecuturze
2944 3202 3033 3269 qui
3092 3209 3344 3256 venturus

1830 3288 2063 3348 canitur,
2120 3289 2459 3356 propheticus
2517 3288 2780 3359 signiﬁcat
2827 3291 3044 3359 Spiritus
3085 3311 3098 3345 :
3140 3307 3344 3346 necnon

1829 3376 2270 3442 quemadmodum
2293 3378 2436 3430 illum
2460 3387 2711 3447 tanquam
2742 3379 2905 3434 Deum
2933 3381 3223 3434 adorabunt
3247 3383 3342 3444 illi,

1829 3466 1918 3532 qui
1951 3466 2021 3517 ita
2056 3464 2119 3516 ad
2153 3466 2463 3533 obsequium
2493 3469 2754 3533 venerint,
2782 3476 2834 3523 et
2862 3469 3003 3538 quod
3035 3470 3192 3524 Deum
3225 3485 3345 3522 ora-

1828 3551 1960 3604 bunt
2003 3551 2056 3604 in
2098 3552 2548 3620 ipsozpropterea
2589 3556 2730 3624 quod
2779 3557 2833 3609 in
2887 3571 2950 3610 eo
2987 3557 3098 3624 ipse
3145 3555 3357 3609 habitet.

1828 3641 1965 3696 Deus
2001 3658 2298 3710 supremus,
2327 3645 2567 3698 videlicet
2596 3645 2769 3709 Pater,
2805 3645 3143 3713 universique
3181 3644 3339 3700 Deus.

1827 3729 1998 3783 Locus
2025 3739 2197 3784 autem
2217 3733 2293 3786 sic
2307 3748 2362 3786 se
2384 3732 2537 3786 habet
2559 3733 2623 3786 ad
2642 3735 2854 3788 verbum
2879 3753 2892 3788 :
2918 3753 2936 3784 ι
2961 3733 3047 3786 Sic
3079 3733 3205 3786 dicit
3236 3734 3340 3786 Do.

1825 3820 2001 3874 minus
2045 3841 2057 3874 :
2103 3821 2384 3876 Laboravit
2412 3822 2688 3892 Egyptus,
2719 3833 2770 3877 et
2817 3823 3103 3894 negotiatio
3133 3822 3341 3877 Ethio-

1825 3924 1972 3977 pum,
2017 3919 2068 3965 et
2115 3911 2322 3966 Sabaim
2367 3914 2467 3968 viri
2496 3913 2688 3968 excelsi
2730 3913 2795 3966 ad
2827 3921 2877 3967 te
2921 3913 3243 3974 transibunt,
3287 3922 3340 3968 et

1825 3999 1900 4051 tui
1929 4007 2084 4052 erunt
2109 4001 2268 4064 servi,
2301 4008 2352 4054 et
2395 4015 2422 4053 a
2452 4009 2596 4069 tergo
2627 4008 2677 4054 te
2716 4009 3004 4070 sequentur
3031 4001 3193 4054 vincti
3226 4016 3340 4053 ma-

1824 4087 1980 4152 nicis,
2017 4097 2069 4141 et
2096 4087 2390 4143 adorabunt
2416 4090 2658 4159 juvenes,
2689 4099 2740 4146 et
2772 4091 2822 4144 in
2845 4099 2898 4145 te
2926 4093 3151 4146 orabunt
3173 4110 3184 4145 :
3205 4107 3341 4161 quo-

1824 4175 1965 4228 niam
1989 4177 2042 4229 in
2074 4186 2123 4230 te
2154 4176 2290 4231 Deus
2321 4187 2420 4241 est,
2451 4186 2502 4233 et
2534 4195 2638 4232 non
2673 4187 2755 4233 est
2785 4179 2924 4234 Deus
2956 4190 3142 4249 praeter
3171 4189 3254 4234 te:
3278 4187 3334 4232 tu

1824 4265 1962 4316 enim
1988 4279 2046 4318 es
2084 4263 2242 4327 Deus,
2273 4275 2322 4319 et
2355 4283 2460 4320 non
2495 4283 2830 4330 noveramus,
2868 4268 3006 4323 Deus
3033 4269 3190 4323 Israel
3222 4269 3337 4322 Sal-

1825 4359 1991 4404 vator.
2027 4351 2352 4408 Erubescent
2397 4363 2448 4409 et
2489 4356 2880 4411 confundentur
2907 4373 3089 4414 omnes
3117 4359 3206 4428 qui
3241 4358 3334 4412 ad-

1821 4448 2100 4494 versantur
2120 4443 2188 4505 ei,
2220 4451 2271 4496 et
2302 4445 2644 4499 ambulabunt
2681 4447 2733 4500 in
2766 4448 2966 4516 pudore
2989 4448 3052 4501 ³³.
3094 4467 3111 4499 ι
3145 4447 3334 4502 [lacte-

1819 4545 1920 4583 nus
1958 4531 2068 4598 ipsa
2116 4533 2414 4600 prophetia.
2453 4535 2732 4600 Cancrum,
2773 4537 3076 4606 neutiquam
3109 4539 3334 4592 arbitror

1818 4620 2116 4687 quempiam
2145 4630 2327 4674 contra
2356 4623 2428 4680 id.
2457 4625 2596 4692 quod
2629 4631 2735 4678 tam
2767 4633 2946 4694 aperte
2973 4633 3024 4679 et
3057 4625 3332 4694 perspicue

1817 4708 2045 4769 dicatur,
2073 4711 2153 4763 vel
2181 4712 2364 4765 oculos
2392 4712 2739 4776 directurum,
2775 4713 3018 4782 quamvis
3048 4711 3330 4764 admodum

1817 4797 1886 4850 sit
1932 4797 2190 4865 ingratus,
2238 4801 2326 4857 ubi
2370 4802 2443 4853 ita
2476 4802 2747 4856 evidenter
2785 4810 2836 4856 et
2864 4803 3018 4870 plane
3063 4801 3330 4854 inducitur

1816 4885 1956 4940 Deus
2006 4885 2167 4942 Israel
2213 4886 2474 4954 Salvator,
2521 4898 2573 4944 et
2628 4893 2682 4944 in
2738 4892 2828 4944 illo
2874 4891 3046 4944 Deus:
3081 4909 3098 4942 ι
3134 4891 3328 4943 Adora-

1815 4976 1946 5029 bunt
1985 4983 2054 5037 te,
2093 4975 2284 5044 inquit,
2322 4979 2475 5045 justi,
2522 4981 2657 5032 etin
2702 4987 2752 5033 te
2783 4979 3027 5039 orabunt,
3079 4981 3328 5048 quoniam

1797 5067 1868 5130 _in
1899 5076 1951 5121 te
1976 5075 2056 5120 est
2089 5066 2247 5130 Deus,
2275 5077 2328 5121 et
2354 5084 2460 5122 non
2484 5077 2566 5124 est
2594 5067 2734 5123 Deus
2765 5082 2953 5137 praeter
2982 5075 3032 5122 te
3063 5088 3074 5122 :
3103 5078 3156 5122 tu
3187 5071 3327 5123 enim

1814 5174 1872 5212 es
1909 5157 2080 5218 Deus,
2129 5167 2180 5212 et
2219 5158 2602 5218 nesciebamus,
2651 5157 2788 5212 Deus
2818 5157 2980 5212 Israel
3013 5156 3272 5212 Salvator.
3305 5176 3320 5211 ι

1813 5247 1976 5300 Porro
2023 5246 2187 5310 illud,
2241 5264 2260 5296 ι
2290 5247 2688 5311 nesciebamus,
2721 5266 2738 5297 ι
2781 5248 2920 5315 quod
2979 5263 3044 5302 ex
3099 5263 3326 5316 persona

1813 5353 1994 5393 eorum
2028 5337 2120 5406 qui
2147 5337 2294 5406 prius
2339 5338 2485 5391 illum
2513 5354 2619 5392 non
2642 5348 2988 5407 agnoverunt,
3009 5340 3168 5408 226
3188 5339 3324 5408 apud

1813 5427 1955 5481 solos
1986 5425 2122 5478 LXX
2153 5426 2351 5479 dictum
2384 5433 2488 5491 est,
2538 5427 2592 5481 in
2634 5427 2891 5484 Hebraico
2936 5431 3089 5482 aliter
3131 5429 3322 5494 habet;

1813 5517 1952 5585 quod
1984 5531 2111 5572 sane
2139 5517 2325 5584 Aquila
2358 5526 2693 5584 convertens,
2734 5521 2812 5574 sic
2839 5521 2912 5573 ait
2941 5538 2953 5572 :
2985 5538 3003 5570 ι
3033 5519 3169 5573 Deus
3197 5531 3322 5586 ergo

874 5703 920 5732 υ
942 5702 1040 5754 ibid
1081 5701 1163 5753 ﬂ.
1217 5700 1261 5730 ”
1279 5697 1504 5771 Philipp.
1536 5719 1593 5768 It,
1624 5708 1730 5762 8-9.

1826 5709 2039 5778 ‘Ephes.
2062 5725 2098 5772 l,
2129 5710 2307 5772 20,21.
2347 5713 2519 5782 ."lsa.
2548 5729 2662 5776 XLV,
2688 5714 2764 5774 l2,
2785 5715 2862 5769 l5.
2937 5715 3118 5767 "ibid.
3142 5707 3318 5764 u-ts.
