3862 6340
826 417 920 473 δτι

1437 406 1698 464 EUSEBII
1746 407 2216 462 CASSARIENSIS
2248 402 2614 473 OPPKPARS
2651 401 2714 454 ll.
2753 430 2820 440 -—
2857 395 3370 458 APOLOGETICL,

826 533 980 588 fortis
999 528 1262 588 occultus,
1294 526 1431 582 Deus
1458 527 1620 582 Israel
1649 529 1738 598 qui
1761 530 1936 583 salvos
1960 527 2103 580 facit.
2130 544 2148 576 ι
2175 525 2350 578 Theo-

1906 544 1936 581 is
1960 527 2103 580 facit.
2130 544 2148 576 ι
2175 525 2350 578 Τὴεοι
2375 527 2420 582 Α
2459 521 2665 592 Ἰσραὴλ
2699 519 2879 582 σώζων
2897 537 2908 548 ·
2935 539 2952 569 ›
2993 521 3020 570 ὁ
3046 519 3102 573 δὲ
3128 514 3431 568 Θεοδοτίωκ

827 626 1004 679 dotion
1050 634 1212 673 vero:
1253 637 1270 670 ε
1300 618 1584 688 Pr0pterca
1619 621 1771 673 fortis
1825 619 2170 673 absconditus
2213 616 2352 670 Deus

826 725 1061 767 servans.
1093 726 1112 758 ι
1151 706 1253 760 Ubi
1288 723 1417 761 sane
1455 707 1609 762 valde
1637 709 1951 763 mirabiliter
1980 705 2352 761 absconditum

829 805 989 856 Deum
1023 800 1295 853 Christum
1342 800 1580 852 nominat
1611 818 1622 851 :
1656 814 1861 852 necnon
1887 813 2101 852 causam
2142 810 2354 864 quoque

829 894 1131 963 planissime
1164 893 1340 953 docet,
1373 901 1589 960 propter
1610 907 1766 959 quam
1800 906 1963 944 unum
1998 891 2193 957 ipsum,
2221 903 2354 956 qua-

827 997 982 1040 tenus
1013 984 1151 1038 inter
1181 999 1242 1037 ea
1274 998 1392 1051 quae
1433 983 1609 1050 genita
1639 991 1783 1048 sunt,
1831 983 2156 1044 nominatur,
2190 979 2354 1032 Deum

828 1084 1000 1136 vocat,
1033 1076 1100 1128 ob
1119 1074 1292 1128 Patris
1313 1075 1558 1128 videlicet
1580 1075 1632 1127 in
1654 1074 1768 1143 ipso
1797 1073 2178 1126 habitationem
2205 1088 2216 1121 :
2249 1087 2266 1119 ι
2297 1069 2354 1121 In

827 1170 943 1236 ipso
975 1167 1140 1230 enim,
1172 1185 1190 1216 ›
1223 1174 1280 1218 ut
1305 1166 1518 1219 divinus
1561 1165 1715 1219 docet
1742 1164 2027 1234 Apostolus
2053 1164 2118 1225 ³⁵,
2158 1180 2175 1210 ι
2211 1175 2358 1214 com-

829 1257 1032 1324 placuit
1061 1271 1271 1309 omnem
1301 1255 1684 1324 plenitudinem
1711 1253 2006 1308 divinitatis
2035 1253 2296 1306 habitare.
2334 1269 2352 1300 ι

830 1345 940 1398 Hoc
969 1345 1142 1414 ipsum
1179 1344 1340 1398 verba
1385 1345 1499 1413 ipsa
1545 1343 1837 1408 declarant,
1885 1359 2003 1412 qua:
2035 1342 2114 1396 sic
2162 1355 2219 1394 se
2264 1340 2359 1392 ha-

830 1435 994 1485 bent:
1031 1450 1048 1482 ι
1078 1432 1338 1497 Quoniam
1372 1433 1426 1484 in
1468 1438 1521 1485 te
1553 1431 1692 1486 Deus
1737 1440 1841 1494 est,
1881 1441 1933 1486 et
1974 1446 2080 1484 non
2105 1437 2188 1484 est
2217 1428 2358 1482 Deus

828 1530 1019 1589 praeter
1051 1529 1122 1574 te.
1159 1539 1175 1571 ι
1207 1519 1311 1572 Pro
1343 1520 1433 1572 illo
1457 1534 1583 1573 vero
1625 1520 1768 1588 quod
1813 1527 1914 1580 est,
1953 1537 1970 1568 ι
2009 1525 2196 1586 praeter
2221 1524 2294 1580 te,
2335 1535 2352 1566 ι

828 1610 1180 1672 Theodotion,
1222 1628 1239 1660 ι
1272 1618 1461 1678 printer
1499 1610 1673 1678 ipsum
1706 1629 1723 1659 ι
1758 1609 2135 1676 interpretatus
2167 1613 2266 1668 est,
2301 1613 2359 1658 ut

830 1703 932 1754 hoc
951 1700 1108 1754 modo
1133 1702 1289 1754 verba
1316 1715 1375 1754 se
1400 1700 1627 1753 habeant
1659 1719 1672 1752 :
1699 1717 1718 1749 ι
1746 1698 1859 1752 Non
1889 1707 1972 1752 est
2004 1697 2144 1751 Deus
2170 1702 2360 1764 praeter

830 1793 1027 1860 ipsum,
1063 1809 1082 1841 ι
1134 1805 1258 1843 eum
1308 1789 1559 1844 videlicet
1610 1804 1641 1846 a
1689 1805 1795 1858 quo
1828 1804 1906 1854 es,
1958 1803 2051 1856 per
2098 1800 2254 1854 quem
2299 1791 2356 1836 tu

828 1895 1040 1950 quoque
1080 1879 1133 1932 id
1173 1878 1357 1944 habes,
1400 1886 1458 1932 ut
1493 1877 1661 1933 Filius
1691 1877 1788 1933 sis.
1833 1875 1938 1930 Sed
1965 1875 2153 1944 Aquila
2179 1877 2253 1926 ita
2282 1872 2356 1925 in-

829 1978 1152 2040 terpretatus
1178 1978 1259 2024 est
1290 1987 1305 2023 :
1347 1987 1365 2020 (
1402 1968 1784 2024 Verumtamen
1818 1968 1870 2022 in
1901 1976 1951 2021 te
1980 1965 2154 2029 fortis,
2179 1972 2356 2018 etnon

830 2069 913 2116 est
957 2061 1185 2135 amplius
1211 2059 1353 2129 apud
1399 2067 1472 2114 te.
1520 2058 1659 2114 Deus
1713 2073 1840 2127 ergo
1888 2057 2041 2111 fortis
2071 2063 2123 2110 et
2162 2055 2354 2116 latens,

830 2152 972 2206 Deus
1014 2152 1190 2205 salvos
1221 2149 1442 2204 faciens.
1474 2168 1492 2200 ι
1531 2148 1882 2220 Symmachus
1906 2161 2033 2201 vero
2061 2146 2208 2200 solus
2241 2144 2354 2198 sic:

835 2258 853 2292 ι
895 2241 947 2294 In
971 2251 1020 2294 te
1048 2241 1206 2303 Deus,
1230 2247 1282 2294 et
1311 2255 1416 2293 non
1439 2247 1520 2299 est
1545 2240 1795 2308 amplius,
1814 2254 1987 2309 neque
2010 2237 2159 2291 adest
2181 2234 2356 2288 Deus:

830 2345 954 2383 vere
1009 2338 1064 2382 tn
1107 2329 1248 2384 Deus
1294 2327 1667 2394 absconditus,
1691 2328 1830 2381 Deus
1859 2327 2022 2382 Israel
2065 2338 2304 2378 servans.
2335 2340 2352 2372 i

833 2416 932 2471 Ubi
967 2417 1109 2486 quod
1139 2418 1276 2470 Deus
1314 2417 1383 2470 sit
1432 2414 1679 2470 Christus
1724 2413 1834 2478 Dei,
1873 2413 2034 2467 verba
2062 2413 2174 2480 ipsa
2207 2411 2360 2478 plane

833 2509 1122 2561 declarant.
1172 2526 1190 2557 ι
1219 2507 1350 2559 Nam
1389 2515 1667 2575 propterea
1697 2504 1836 2573 quod
1861 2504 1912 2556 in
1953 2512 2022 2564 te,
2056 2501 2248 2570 inquit,
2280 2505 2362 2553 est

837 2599 997 2660 Deus,
1030 2605 1086 2650 tu
1140 2612 1267 2650 sane
1305 2595 1444 2649 Deus
1478 2595 1629 2648 fortis
1674 2601 1726 2644 et
1770 2592 2138 2646 absconditus.
2170 2609 2188 2639 ι
2223 2589 2361 2656 Ergo

835 2702 899 2740 ex
929 2687 1031 2748 bis,
1067 2685 1206 2738 Deus
1234 2698 1373 2736 unus
1413 2687 1532 2747 erit,
1565 2683 1652 2750 qui
1690 2681 1849 2748 hujus
1884 2677 2252 2747 appellationis
2279 2682 2361 2728 est

836 2773 1115 2827 Dominus.
1161 2771 1328 2824 Filius
1360 2779 1536 2824 autem
1567 2770 1818 2839 quoniam
1849 2767 2005 2820 Pater
2043 2767 2090 2820 ei
2125 2765 2361 2834 seipsum

838 2861 1216 2922 communicat,
1269 2859 1336 2913 de
1390 2858 1875 2912 communicatione
1927 2855 2168 2908 veritatis
2219 2854 2362 2906 illius

837 2954 1149 3021 dignitatem
1180 2949 1403 3022 accepit,
1446 2949 1641 3017 quippe
1691 2949 1781 3016 qui
1808 2961 1977 3015 neque
1998 2960 2026 2997 a
2065 2945 2247 3012 seipso
2271 2943 2358 3006 sit,

838 3055 1010 3116 neque
1037 3042 1104 3094 ab
1129 3057 1211 3104 eo,
1237 3040 1326 3109 qui
1348 3041 1520 3108 ipsum
1545 3038 1747 3107 genuit,
1775 3035 1933 3089 Patre
1953 3033 2249 3097 deseratur,
2271 3032 2363 3086 sed

837 3134 939 3189 hoc
967 3133 1141 3200 ipsum
1177 3139 1369 3193 totum,
1403 3128 1545 3198 quod
1575 3136 1675 3191 est,
1713 3127 1853 3202 quod
1891 3125 2040 3187 vivit,
2071 3123 2209 3193 quod
2239 3122 2366 3177 sub-
2391 3150 2432 3208 α

838 3220 1002 3284 sistit,
1048 3220 1113 3272 ab
1151 3234 1215 3273 eo
1263 3233 1292 3270 a
1323 3233 1429 3289 quo
1458 3223 1539 3271 est
1570 3215 1746 3277 Patre,
1781 3214 2035 3276 obtineat,
2065 3213 2156 3282 qui
2194 3226 2365 3289 neque

840 3308 1050 3361 Patrem
1083 3307 1302 3370 deserit,
1343 3286 1398 3360 et
1441 3307 1506 3360 ab
1549 3305 1640 3359 illo
1667 3304 1920 3374 gignitur,
1950 3310 2002 3356 et
2034 3311 2144 3354 tum
2186 3310 2243 3354 ut
2273 3286 2363 3364 Sit,

839 3408 952 3451 tum
985 3406 1045 3450 nt
1072 3397 1241 3452 Filius
1268 3396 1358 3461 sit,
1392 3411 1499 3450 non
1525 3410 1555 3448 a
1579 3395 1778 3464 seipso,
1819 3393 1909 3446 sed
1939 3407 1968 3444 a
1997 3391 2154 3445 Patre
2185 3391 2364 3448 habet.

841 3491 1123 3557 Quocirca,
1157 3490 1361 3543 honore
1399 3490 1540 3542 hunc
1586 3501 1796 3563 quoque
1844 3494 1900 3537 ut
1920 3483 2085 3538 Deum
2121 3484 2367 3554 prosequi

839 3583 1015 3636 edocti
1054 3598 1260 3640 sumus.
1301 3579 1766 3650 quemadmodum,
1814 3592 1931 3647 qua:
1961 3590 2104 3629 nunc
2136 3583 2368 3628 tractan-

839 3682 949 3738 tur,
991 3671 1280 3741 prophetia:
1323 3671 1618 3724 declarant.
1652 3667 1721 3721 Ut
1769 3666 1910 3721 enim
1955 3665 2183 3732 alicujus
2229 3664 2370 3734 regis

843 3764 1019 3830 imago
1049 3762 1387 3815 veneratione
1430 3759 1563 3812 allici
1593 3759 1756 3822 solet,
1784 3765 2001 3826 propter
2035 3756 2181 3809 illum
2217 3755 2368 3822 cujus

843 3854 1167 3911 lineamenta.
1202 3863 1456 3918 expressa
1504 3857 1558 3903 et
1603 3847 2004 3903 similitudinem
2049 3844 2152 3898 fert
2194 3845 2372 3912 (cante-

843 3959 985 4004 rum,
1020 3941 1263 4010 quamvis
1294 3947 1346 3994 et
1386 3939 1562 4008 imago
1604 3937 1765 4005 regis,
1811 3944 1862 3990 et
1896 3935 2010 4004 ipse
2040 3950 2133 3988 rex
2170 3934 2371 3988 honore

843 4029 1124 4094 adiciatur,
1159 4043 1298 4081 unus
1328 4036 1504 4082 tamen
1535 4027 1635 4081 erit
1665 4027 1753 4094 qui
1779 4026 2089 4086 honoretur,
2114 4037 2222 4077 non
2242 4023 2367 4081 duo.

843 4118 961 4171 Non
992 4119 1132 4172 enim
1171 4118 1277 4172 duo
1307 4133 1483 4187 reges,
1517 4134 1679 4180 unus,
1722 4118 1927 4187 primus
1957 4123 2010 4171 et
2039 4131 2199 4171 verus
2239 4133 2252 4169 :
2295 4115 2372 4167 al-

845 4217 942 4266 ter,
983 4210 1073 4278 qui
1122 4209 1236 4284 ipsa
1266 4209 1498 4276 imagine
1531 4210 1600 4264 sit
1651 4225 1956 4278 expressus,
2005 4207 2098 4263 sed
2141 4222 2279 4261 unus
2317 4207 2371 4260 in

845 4307 1073 4368 utroque
1101 4313 1204 4352 non
1232 4298 1390 4353 modo
1422 4299 1756 4368 intelligitur,
1783 4313 1968 4352 verum
2010 4297 2169 4350 etiam
2200 4296 2373 4350 nomi-

846 4395 1006 4440 natur
1034 4395 1191 4452 atque
1224 4384 1556 4454 honoratur),
1587 4387 1665 4438 sic
1709 4399 1839 4438 sane
1895 4385 2199 4454 unigenitus
2241 4399 2373 4454 quo-

2454 613 2542 680 ρὸς
2585 613 2840 681 κρυφαῖος
2882 608 3011 670 Θεὸς
3069 606 3282 669 σώζων.
3320 622 3340 654 ι
3419 602 3432 656 Ι

2452 703 2708 769 κρυφαῖον
2739 698 2866 750 Θεὸν
2893 697 2983 749 τὸν
3011 695 3249 765 Χριστὸν
3276 694 3432 761 ὀνομσ

2451 792 2526 852 δὲ,
2559 790 2621 842 δι’
2653 790 2718 858 ἢν
2746 789 2873 841 Θεὸν
2899 787 3059 839 αὑτὸν
3091 786 3257 854 μόνον
3290 784 3375 844 ὡς
3410 785 3432 834 ἐ

2454 880 2664 949 πρῶτον
2709 880 2800 930 καὶ
2837 877 3126 945 ἀγέννητον
3156 873 3432 926 ἀποκαλεῖ

2453 969 2547 1037 τὴν
2593 967 2683 1018 τοῦ
2739 965 2940 1035 Πατρός
2986 967 3042 1018 ἐν
3091 963 3248 1033 αὑτῴ
3297 979 3432 1015 κατι

2455 1058 2610 1128 γάρ,›
2655 1055 2789 1108 κατὰ
2819 1056 2906 1106 τὸν
2939 1055 3078 1106 θεῖον
3113 1051 3430 1106 ἀπόστολον

2457 1147 2722 1217 πλήρωμα
2765 1145 2860 1211 τῆς
2902 1144 3154 1212 θεότητος
3203 1141 3432 1194 κατοικὶ

2459 1235 2730 1302 φάσκουσα
2768 1232 2994 1302 ὴλέξις·
3069 1251 3088 1282 ‹
3127 1233 3253 1284 Ὅτι
3299 1233 3365 1284 ὲν
3422 1247 3432 1280 ς

2457 1327 2554 1377 οὑκ
2599 1323 2708 1376 ἔστι
2751 1323 2877 1386 Θεὸς
2925 1321 3062 1392 πλὴν
3108 1321 3230 1374 σοῦ,
3268 1340 3286 1370 ›
3375 1321 3432 1371 ’Δ

2459 1414 2571 1478 σοῦ,
2600 1434 2616 1465 ι
2667 1434 2684 1464 ι
2709 1414 2840 1483 πλὴν
2871 1413 3056 1478 αὑτοῦ,
3075 1431 3093 1463 ι
3127 1414 3156 1464 ὁ
3186 1411 3431 1463 Θεοδοτὸ

2464 1523 2481 1554 ι
2515 1504 2624 1555 Οὑκ
2668 1502 2780 1557 ἐστι
2811 1502 2940 1564 Θεὸς
2985 1501 3123 1570 πλὴν
3173 1499 3350 1552 αὑτοῦ
3376 1541 3391 1564 ,

2457 1591 2607 1654 Θεοῦ,
2651 1592 2713 1644 δι’
2752 1591 2808 1643 ὃν
2851 1592 2942 1643 καὶ
2985 1592 3047 1642 σὺ
3097 1590 3408 1660 τυγχάνεις

2455 1681 2544 1732 τὸν
2581 1680 2803 1733 Ἀκύλαν
2850 1679 3019 1742 οὓτως
3065 1679 3215 1749 ἔχει·
3293 1698 3314 1730 ‹
3357 1679 3432 1730 Ili

2458 1773 2547 1826 καὶ
2596 1773 2693 1824 οὑκ
2737 1771 2877 1823 ἔστιν
2921 1770 2998 1823 ἔτι
3060 1769 3216 1841 παρά
3266 1770 3381 1822 σοι.

2456 1862 2548 1914 καὶ
2593 1858 3081 1929 ἀποκρυπτόμενος,
3130 1858 3266 1921 Θεὸς
3320 1856 3432 1921 σώζ

2455 1951 2742 2020 Σύμμαχον
2780 1950 2952 2020 μόνον’
2995 1967 3013 2000 ι
3059 1948 3148 2001 Ἐν
3188 1949 3276 2000 σοὶ
3312 1948 3431 2000 Θεὸ

2455 2042 2559 2094 οὐδ’
2604 2042 2833 2110 ὑπάρχει
2866 2041 3027 2104 Θεόςο
3072 2039 3243 2101 ὅντως
3290 2040 3366 2092 σὺ
3419 2043 3432 2086 1

2470 2131 2677 2201 Ἰσραὴλ
2723 2129 2921 2194 σώζων.
2949 2149 2966 2180 ι
3030 2131 3105 2181 Δι’
3143 2123 3218 2182 ὧν
3259 2130 3326 2181 τὸ
3384 2131 3432 2182 α’

2456 2221 2544 2273 τὸν
2574 2221 2800 2292 Χριστὸν
2843 2221 2934 2273 τοῦ
2961 2219 3117 2286 Θεοῦ,
3162 2219 3368 2288 σαφῶς
3414 2223 3432 2274 ἐ

2465 2329 2482 2360 ι
2506 2310 2652 2361 Ἐπεὶ
2699 2310 2804 2379 γὰρ
2837 2310 2893 2361 ὲν
2923 2309 3024 2370 σοὶ,
3062 2326 3080 2358 ι
3121 2309 3310 2377 φησὶν,
3391 2326 3411 2357 ι

2461 2401 2523 2452 σὺ
2549 2400 2676 2461 Θεὸς
2702 2399 2913 2468 ἰσχυρὸς
2940 2399 3032 2450 καὶ
3062 2401 3357 2468 κρυφαῖος.
3401 2417 3420 2449 ›

2458 2493 2486 2542 ὁ
2521 2492 2618 2560 μὲν
2669 2489 2868 2559 ἀληθὴς
2913 2489 3007 2541 καὶ
3048 2489 3210 2557 μόνος
3253 2488 3427 2553 Θεὸς,

2459 2580 2658 2648 κυρίως
2700 2578 2975 2647 τυγχάνων
3017 2579 3116 2647 τῆς
3160 2598 3430 2652 προσηγο

2463 2667 2713 2738 μετουσίᾳ
2749 2666 2840 2718 τοῦ
2887 2667 3116 2736 ἀληθοῦς
3157 2670 3259 2738 τῆς
3301 2687 3432 2724 κοιν

2460 2758 2532 2810 ὢν
2561 2758 2675 2811 καθ’
2704 2758 2908 2821 ἑαυτὸν,
2932 2758 3054 2812 οὑτε
3087 2761 3344 2828 ὑφεστὼς
3382 2764 3432 2816 δέ

2461 2849 2617 2901 αὑτὸν
2638 2849 2874 2919 Πατρὸς,
2915 2849 3025 2900 οὒτ’
3053 2851 3180 2903 ἄνευ
3209 2852 3308 2905 τοῦ
3347 2855 3432 2906 Πο

2461 2937 2572 2990 ἀλλ’
2603 2939 2720 2990 ὅλον
2760 2938 2888 2990 αὑτὸ
2931 2939 3086 2992 τοῦτο
3132 2939 3210 2992 ὥν
3247 2959 3310 2993 τε
3358 2961 3432 2996 κα

2463 3027 2547 3080 διὰ
2585 3027 2671 3079 τὸν
2710 3027 2766 3079 ὲν
2806 3027 2952 3096 αὑτῷ
2991 3029 3240 3099 Πατέρα,
3294 3043 3432 3086 συνρ

2465 3116 2522 3182 ἐξ
2562 3114 2741 3178 αὑτοῦ,
2784 3117 2876 3169 καὶ
2914 3116 2980 3168 δι’
3019 3118 3180 3171 αὑτὸν
3214 3119 3432 3174 θεοποι‹

2466 3204 2597 3274 ὁμοῦ
2630 3206 2722 3257 καὶ
2762 3205 2821 3256 τὸ
2842 3204 2970 3269 Θεὸς
3010 3204 3149 3259 εἶναι
3180 3210 3283 3261 οὑκ
3322 3213 3392 3277 ἐξ

2467 3294 2672 3364 Πατρὸς
2702 3295 2963 3363 ἐσχηκώς.
2999 3298 3090 3349 Διὸ
3117 3297 3181 3370 δὴ
3220 3301 3372 3369 μετὰ
3405 3322 3432 3355 τ

2468 3385 2624 3437 αὑτὸν
2654 3384 2727 3448 ώς
2757 3385 2885 3438 Θεὸν
2927 3387 3306 3460 ἐδιδάχθημεν,
3343 3393 3432 3448 διὰ

2468 3475 2661 3528 κοῦντα
2688 3475 2836 3540 Θεὸν,
2869 3477 3152 3550 ώσπεροῦν
3189 3482 3248 3534 αἱ
3296 3487 3432 3552 μετέ

2469 3569 2802 3636 προφητεῖαι.
2847 3567 2934 3631 Ὠς
2959 3567 3067 3640 γὰρ
3099 3569 3165 3622 ἂν
3197 3575 3432 3643 τιμηθεε

2467 3653 2584 3717 τὸν,
2627 3648 2685 3706 οὑ
2722 3655 2846 3716 τοὺς
2887 3658 3239 3727 χαρακτῆρας
3283 3663 3390 3715 καὶ

2471 3744 2794 3814 (τιμωμένης
2828 3745 2883 3796 δὲ
2913 3749 3010 3816 τῆς
3035 3749 3263 3814 εἰκόνος,
3302 3757 3408 3808 καὶ

2470 3828 2547 3896 εἷς
2578 3833 2639 3886 ἂν
2669 3837 2696 3887 ό
2721 3834 3021 3905 τιμώμενος
3047 3839 3141 3890 καὶ
3173 3841 3232 3893 οὑ
3263 3841 3363 3895 δύο
3387 3886 3402 3897 .

2469 3925 2496 3975 ὃ
2519 3941 2575 3975 τε
2603 3923 2812 3993 πρῶτος
2838 3926 2927 3978 καὶ
2948 3927 3171 3998 ἀληθὴς,
3206 3933 3304 3985 καὶ
3339 3937 3370 3987 ὁ
3403 3939 3432 3988 ὲ

2470 4014 2731 4083 πωμένος,
2756 4011 2832 4078 εἷς
2851 4017 2895 4069 δ’
2911 4020 2938 4068 ὁ
2961 4020 3076 4070 κατ’
3099 4021 3432 4094 ἀμφοτέρων

2471 4104 2603 4157 ἀλλὰ
2620 4106 2712 4157 καὶ
2732 4106 3121 4176 ὀνομαζόμενος
3141 4111 3236 4162 καὶ
3255 4116 3432 4187 τιμώε

2471 4196 2499 4246 ὁ
2520 4195 2803 4265 μονογενὴς
2819 4193 2964 4259 Υἱὸς,
2993 4197 3154 4252 εἰκὼν
3178 4198 3253 4255 ὢν
3290 4206 3427 4273 μόνο

2471 4300 2582 4348 του,
2618 4285 2836 4349 εἰκότως
2867 4286 2952 4339 διὰ
2992 4288 3114 4351 τὸν,
3150 4281 3212 4340 οῦ
3263 4295 3430 4364 φέρει

2473 4374 2827 4443 ἀνηγόρευται
2861 4375 2954 4428 τοῦ
2981 4378 3212 4447 ἀοράτου
3242 4382 3410 4449 Θεοῦ,

845 4491 950 4544 que
997 4473 1182 4538 Filius,
1235 4489 1358 4526 cum
1411 4475 1557 4528 solus
1599 4474 1669 4528 sit
1710 4474 1882 4543 imago
1929 4473 2022 4527 Dei
2067 4474 2370 4541 invisibilis,

1929 4473 2022 4527 Dei
2067 4474 2372 4541 invisibilis,
2403 4465 2448 4519 D
2477 4462 2632 4514 αὐτοῦ
2659 4462 2750 4514 τοῦ
2778 4464 3015 4533 Πατρός·
3045 4465 3187 4520 οὓτω
3223 4487 3431 4540 πεφυκι

845 4567 1003 4636 227
1029 4565 1218 4618 merito
1248 4571 1463 4632 propter
1493 4578 1612 4618 eum
1637 4601 1652 4625 ,
1698 4562 1852 4628 cujus
1907 4561 2008 4616 fert
2067 4563 2376 4618 similitudi—

847 4669 1003 4718 nem,
1046 4659 1100 4706 et
1150 4653 1324 4720 imago
1363 4652 1658 4720 appellatur
1699 4651 1790 4705 Dei
1840 4650 2160 4716 invisibilis,
2211 4661 2265 4707 et
2309 4653 2377 4706 ah

849 4745 965 4812 ipso
1027 4743 1184 4797 Patre
1231 4741 1454 4797 efﬁcitur
1485 4760 1497 4794 :
1533 4743 1727 4810 quippe
1785 4741 1873 4810 qui
1922 4743 2013 4796 tali
2061 4743 2255 4798 existat
2325 4749 2377 4796 et

847 4839 1040 4884 natura
1073 4839 1124 4884 et
1151 4831 1403 4892 essentia,
1427 4829 1654 4898 indeque
1683 4844 1744 4882 ex
1769 4844 1874 4896 quo
1897 4832 2125 4898 primum
2150 4831 2372 4894 exstitit,

849 4931 957 4969 non
1010 4916 1412 4985 acquisititiam,
1471 4914 1562 4970 sed
1611 4915 1906 4968 naturalem
1963 4914 2133 4969 Patris
2182 4914 2372 4982 imagi-

852 5021 972 5057 nem
1009 5007 1222 5061 referat.
1274 5007 1449 5072 Quare
1503 5005 1641 5060 idem
1686 5013 1877 5058 natura
1931 5005 2092 5068 Deus,
2145 5013 2198 5058 et
2238 5005 2376 5058 idem

853 5093 1154 5159 unigenitus
1197 5094 1362 5149 Filius
1389 5092 1614 5158 exsistit,
1659 5107 1767 5146 non
1820 5099 1994 5148 autem
2056 5101 2114 5146 ut
2145 5093 2250 5155 illi,
2285 5092 2378 5159 qui

853 5180 1186 5234 extrinsecus
1216 5191 1579 5247 assumuntur,
1618 5182 1919 5251 adoptatus,
1948 5182 2145 5251 quique
2183 5179 2379 5232 adven-

854 5269 1028 5321 titium
1062 5267 1252 5318 divinae
1283 5271 1648 5336 appellationis
1700 5273 1954 5327 honorem
1986 5270 2277 5340 possident.
2310 5267 2378 5320 At

854 5358 996 5411 enim
1023 5355 1121 5408 ctsi
1153 5361 1341 5406 natura
1371 5359 1671 5426 unigenitus
1700 5361 1887 5428 Filius,
1929 5361 2171 5428 Deusque
2200 5364 2381 5410 noster

856 5447 1177 5505 celebratur,
1198 5461 1302 5497 non
1330 5453 1505 5508 tamen
1543 5464 1571 5500 a
1601 5451 1776 5519 seipso
1813 5454 1986 5516 Deus,
2028 5450 2121 5505 sed
2158 5463 2224 5503 ex
2274 5446 2380 5500 Deo

855 5533 1014 5597 Patre
1046 5532 1348 5601 unigenitus
1378 5533 1566 5601 Filius,
1595 5546 1647 5591 et
1671 5538 1868 5596 idcirco
1899 5542 2057 5598 Deus.
2083 5537 2380 5605 Totumque

918 5705 963 5745 "
991 5704 1194 5765 Coloss.
1231 5718 1266 5766 t,
1289 5703 1381 5757 ‘19.

2476 4551 2565 4604 θεν
2605 4569 2661 4604 τε
2708 4553 2814 4604 ἀπὸ
2864 4552 3086 4624 πρώτης
3124 4557 3422 4630 ὑπάρξεως

2477 4639 2758 4708 ὲπὶκτητον
2790 4639 2886 4708 τὴν
2929 4642 3110 4695 εἰκόνα
3156 4645 3249 4697 τοῦ
3298 4650 3432 4724 Πατγ

2476 4729 2567 4781 καὶ
2599 4729 2753 4796 φύσει
2800 4728 2929 4790 Θεὸς
2976 4731 3112 4802 ὁμοῦ
3167 4735 3260 4787 καὶ
3298 4756 3432 4807 μονο

2476 4818 2641 4886 χάνει,
2679 4817 2796 4885 οὐχὶ
2842 4816 2898 4868 δὲ
2949 4821 3149 4888 ὁμοίως
3196 4827 3308 4888 τοῖς
3368 4829 3431 4893 ἕξ

2476 4906 2902 4976 ἐπισυμϐεϐηκός
2934 4927 2993 4962 τε
3041 4912 3102 4965 τὸ
3143 4915 3362 4986 ἀξίωμα
3416 4939 3432 4972 1

2475 4996 2697 5066 ηγορίας
2717 4997 2983 5067 ἐπέχουσι.
3013 5003 3157 5074 Πλὴν
3186 5009 3234 5058 εἰ
3269 5011 3366 5062 καὶ
3398 5031 3432 5080 φ

2454 5089 2570 5140 mai.
2611 5087 2736 5150 Θεὸς
2779 5089 2934 5159 ἡμῶν
2982 5093 3377 5166 ἀνευφημείται
3401 5143 3415 5165 ,

2477 5173 2624 5237 Θεὸς,
2651 5177 2861 5247 πρῶτος
2898 5180 2955 5234 δὲ
2985 5181 3078 5234 τοῦ
3115 5183 3248 5238 Θεοῦ
3303 5206 3432 5257 μονο

2478 5267 2630 5317 τοῦτο
2660 5267 2802 5330 Θεός.
2840 5272 2950 5324 Καὶ
2977 5274 3093 5330 ὅλον
3123 5294 3185 5344 γε
3219 5278 3380 5333 τοῦτο
3405 5302 3432 5335 α

2479 5355 2634 5406 αὑτὸν
2691 5355 2826 5411 εἶναι
2871 5361 3003 5416 Θεὸν
3024 5405 3039 5429 ,
3091 5365 3152 5418 τὸ
3193 5369 3351 5438 μόνον
3399 5372 3432 5427 ε’

2480 5443 2632 5507 Υἱὸν,
2667 5448 2759 5499 καὶ
2811 5447 3071 5525 μονογενῆ
3112 5461 3431 5528 χρηματίζει

2432 5598 2440 5614 ὁ
2483 5533 2670 5598 σώζειν
2695 5538 2785 5592 τοῦ
2812 5543 2972 5611 μόνου
2996 5547 3128 5601 Θεοῦ
3151 5548 3249 5622 τὴν
3277 5551 3432 5626 ἔμψυς
