3862 6322
169 417 292 472 ὒῖἴν

1155 399 1784 466 DEMONSTRATIONIS
1821 396 2258 460 EVANGELICAE‘.
2298 398 2420 451 LIB.
2469 397 2531 452 ν.

3295 395 3395 448 574

188 517 404 578 εἰχᾶυπ
433 510 582 564 κατά
618 510 812 566 πάντα»
846 516 930 586 τῷ
956 519 1137 592 Πατρὶ
1174 516 1622 592 παρωμοιωμένην
1643 553 1656 577 ,
1697 515 1776 567 καί

1889 514 1989 566 hoc
2016 523 2140 565 sane
2176 523 2336 562 causa
2378 508 2518 570 erit,
2569 519 2663 557 cur
2705 505 2814 572 ipse
2843 519 3050 574 quoque
3092 503 3162 558 sit
3215 501 3392 567 Deus,

199 613 294 678 *τῆς
343 601 592 670 θεάτητός
640 618 706 654 τε
741 605 925 676 αὐτῆς
970 608 1069 678 τὴν
1105 613 1352 680 ὁμοίωσιν
1384 603 1784 676 ἐπιφερομένην.

214 696 402 765 mea)
417 691 720 762 τοιγαροῦν
754 695 858 748 καλ⁸
883 697 1068 760 αὑτὸν,
1095 699 1238 751 ὼσὰν
1267 699 1418 769 μόνον
1443 695 1564 748 Υίὸν
1591 693 1680 745 καὶ
1699 694 1790 762 μό-

235 805 320 838 νον
353 783 532 836 εἰκόνα
580 782 716 834 ὂντα
773 785 874 837 τοῦ
925 786 1096 851 Θεοῦ,
1129 789 1221 840 καὶ
1248 788 1345 856 τῆς
1371 785 1653 854 ἀγεννήτου
1701 783 1789 836 καὶ

241 876 466 944 ἀνάρχου
511 871 606 924 τοῦ
639 872 870 944 Πατρὸς
910 875 1097 939 οὐσίας
1136 875 1231 938 τὰς
1281 876 1524 943 δυνάμεις
1556 872 1690 926 κατὰ
1731 871 1789 924 τὸ

167 1011 180 1018 -
240 965 578 1032 ’παράδειγμα
609 961 714 1031 τῆς
746 962 1066 1032 ὁμοιώσεως
1095 963 1559 1034 περιϐεϐλημένον,
1596 963 1697 1014 ὑπό
1731 979 1788 1014 τε

155 1112 164 1120 ι
239 1052 342 1105 τοῦ
365 1054 572 1105 πάντων
615 1053 1023 1119 τεχνικωτάτου
1067 1054 1158 1105 καὶ
1195 1054 1647 1121 πανεπιστήμονος
1685 1052 1789 1114 ζω-

243 1141 445 1212 γράφου
472 1156 531 1191 τε
579 1139 682 1191 καὶ
714 1140 984 1203 ζωοποιοῦ
1013 1142 1219 1212 Πατρὸς
1250 1143 1326 1203 εἰς
1364 1141 1422 1193 τὸ
1466 1140 1542 1192 ἔτι
1575 1141 1789 1210 ἀκριϐὲς

232 1233 337 1300 τῆς
356 1229 683 1300 όμοιὼσεως
705 1232 1161 1302 ἀπειργασμένον,
1189 1232 1316 1284 Θεὸν
1347 1232 1562 1295 εἰκότως
1583 1234 1630 1283 οἱ
1661 1232 1789 1284 θεῖοι

228 1319 626 1390 ἀναγορεύουσι
667 1321 842 1388 λόγοι,
868 1321 944 1383 ὡς
984 1323 1076 1373 καί
1103 1319 1300 1390 ταύτης
1331 1321 1462 1390 μετά
1492 1321 1596 1375 τῶν
1622 1321 1788 1374 ἀλλων

229 1411 380 1480 παρὰ
408 1410 504 1462 τοῦ
540 1411 768 1480 Πατρὸς
801 1409 1097 1480 ἠξιωμένον
1130 1411 1506 1481 προσηγορίας,
1539 1411 1788 1481 εἰληφότα

225 1517 311 1563 τε,
333 1500 444 1553 ἀλλ’
466 1501 577 1553 ούκ
609 1501 910 1570 ἰδιόκτητον
952 1500 1116 1570 αὐτὴν
1145 1501 1424 1570 ἐσχηκότα.
1462 1502 1516 1552 Ὀ
1556 1501 1650 1570 μὲν
1682 1501 1787 1572 γὰρ

225 1590 453 1650 δίδωσιν,
487 1592 519 1642 ό
549 1590 610 1642 δὲ
642 1589 942 1659 λαμϐάνει·
969 1587 1105 1641 ὥστε
1136 1590 1331 1659 κυρίως
1361 1590 1450 1642 καί
1470 1588 1563 1641 ἕνα
1589 1593 1786 1644 ἐκεῖνον

221 1679 364 1736 εἶναι
391 1683 552 1746 Θεὸν,
608 1682 707 1734 καὶ
743 1680 900 1750 μόνον
935 1679 1030 1749 μὲν
1058 1680 1148 1731 καὶ
1188 1678 1341 1746 φύσει
1385 1678 1540 1741 ὅντα,
1582 1680 1673 1731 καὶ
1713 1681 1784 1748 μὴ

223 1772 358 1840 παρ’
389 1770 588 1840 ἐτέρου
627 1767 865 1828 λαϐόντα
887 1783 898 1796 ’
938 1767 1025 1819 τὸν
1056 1766 1112 1818 δὲ
1141 1767 1245 1818 τῶν
1281 1766 1586 1836 δευτερείων
1626 1767 1783 1834 ἠξιῶ-

219 1856 372 1918 σθαι,
406 1859 503 1910 καὶ
545 1856 613 1908 τὸ
665 1855 798 1908 Θεὸν
842 1849 976 1907 εἶναι
1004 1852 1227 1905 λαϐόντα
1271 1853 1415 1922 παρὰ
1453 1853 1543 1904 τοῦ
1580 1855 1784 1923 Πατρὸς

222 1945 388 2015 ἔχειν,
424 1945 586 1997 ὼσάν
631 1945 820 1997 εἰκόνα
848 1943 941 1995 τοῦ
966 1942 1120 2008 Θεοῦ,
1156 1945 1281 2013 μιᾶς
1306 1944 1389 1995 ἐπ’
1424 1945 1619 2013 ἀμφοῖν
1644 1943 1782 1996 κατὰ

215 2034 289 2086 τὸ
331 2035 693 2105 παράδειγμα
724 2034 824 2102 τῆς
858 2031 1102 2100 θεότητος
1132 2031 1534 2100 ἐπινοουμένης,
1568 2031 1681 2093 ἑνός
1721 2049 1780 2083 τε

232 2121 373 2186 δντος
403 2123 546 2176 Θεοῦ
578 2122 678 2175 τοῦ
721 2121 842 2174 καθ’
871 2121 1056 2173 ἐαυτὸν
1086 2119 1328 2189 ἀνάρχως
1355 2120 1446 2171 καὶ
1485 2121 1781 2190 ἀγεννήτως

233 2210 390 2274 ιντος,
411 2213 501 2265 διὰ
526 2213 589 2265 δὲ
607 2211 707 2264 τοῦ
735 2209 884 2274 Υἰοῦ,
917 2209 1061 2262 ὡσάν
1085 2209 1150 2261 δι’
1166 2209 1420 2279 ἐσόπτρου
1449 2209 1539 2262 καὶ
1560 2209 1777 2272 εἰκόνος,

229 2300 729 2373 ἐπιθεωρουμένου.
766 2299 934 2352 Τοῦτό
955 2317 1032 2352 τοι
1067 2299 1160 2351 καὶ
1189 2298 1247 2350 τὸ
1275 2298 1626 2367 πνευματικὸν
1656 2316 1779 2350 παι-

203 2390 352 2445 δεύει
400 2395 623 2461 λόγιον,
661 2393 764 2444 οὐκ
800 2391 972 2454 ἄλλως
998 2391 1198 2460 φάσκον
1230 2389 1356 2442 Θεὸν
1384 2387 1516 2442 εἶναι
1553 2407 1779 2460 προσκυ-

201 2483 363 2549 νητὸν
385 2485 486 2535 τὸν
515 2482 875 2552 δηλούμενον,
906 2480 1017 2532 ἀλλ’
1045 2480 1079 2550 ἢ
1105 2479 1190 2532 διὰ
1209 2479 1296 2533 τὸν
1319 2478 1616 2532 ἐνοικοῦντα
1637 2479 1779 2550 αὐτῷ

203 2573 454 2644 Πατέρα·
492 2593 509 2624 ι
544 2574 638 2625 Ἐν
682 2574 768 2624 σοί
808 2590 826 2622 ι
865 2571 993 2640 γὰρ,
1029 2571 1179 2640 φησί,
1215 2587 1234 2620 ι
1269 2569 1669 2639 προσεύξονταν
1698 2571 1776 2624 ότι

188 2664 253 2717 ’ἐν
299 2668 388 2717 σοὶ
414 2668 445 2717 ό
479 2665 626 2732 Θεός
670 2665 807 2715 ἐστι.
840 2682 858 2714 ›
878 2663 988 2714 Καὶ
1023 2661 1085 2714 σὺ
1109 2660 1164 2713 δὲ
1189 2660 1363 2722 αὐτὸς,
1394 2660 1520 2723 Θεὸς
1550 2660 1642 2724 ὣν,
1669 2661 1776 2713 Σω-

195 2753 305 2822 τὴρ
339 2754 438 2806 τοῦ
495 2751 730 2822 Ἰσραὴλ
773 2751 1088 2820 τυγχάνεις·
1126 2752 1217 2804 καὶ
1257 2750 1340 2802 διά
1371 2750 1522 2803 τοῦτο
1569 2750 1778 2820 ἰσχυρὸς

190 2845 296 2896 καὶ
334 2847 621 2915 κρυφαῖος
656 2841 795 2904 Θεὸς
835 2837 901 2893 εῐ·
932 2860 950 2892 ι
978 2842 1098 2893 ἐπεὶ
1132 2843 1188 2893 ἐν
1218 2841 1297 2893 σοὶ
1323 2841 1350 2891 ό
1379 2841 1527 2903 Θεὸς,
1563 2842 1652 2892 κειιί¹
1682 2843 1778 2894 οὐκ

202 2933 355 2986 ἔστιν
394 2935 482 2985 ἑτι
517 2933 668 3002 πλὴν
716 2931 904 2984 αὐτοῦ.
943 2951 960 2982 ι
1008 2931 1149 2983 Ἀντί
1174 2930 1230 2982 δὲ
1271 2929 1395 2994 τοῦ,
1439 2948 1456 2981 ι
1497 2929 1776 2982 ἐκοπίασεν

205 3023 530 3089 Αἴγυπτος,
575 3040 594 3072 ι
643 3020 708 3071 τὸ
758 3019 1068 3089 Ἐϐραῖκὸν,
1127 3019 1218 3070 καὶ
1265 3020 1312 3070 οί
1359 3017 1530 3070 λοιποὶ
1585 3019 1777 3080 πάντες

214 3113 579 3181 ὲρμηνευταὶ,
631 3129 650 3160 ι
677 3109 848 3171 κόπος
880 3108 1167 3175 Αἰγύπτου,
1193 3127 1211 3158 ι
1244 3107 1589 3160 ἐκδεδώκασιν
1608 3147 1622 3170 ,
1649 3108 1712 3160 ἵν’

211 3202 278 3257 τὸ
307 3202 609 3271 λεγόμενον
651 3199 920 3251 τοιοῦτονο
952 3218 970 3249 ι
990 3199 1076 3250 Σοί
1110 3199 1554 3268 προσκυνήσουσι,
1584 3199 1674 3249 καί
1696 3199 1776 3249 σοὶ

226 3293 432 3345 ἥσονται
462 3292 648 3344 δοῦλοι
672 3331 687 3354 ,
727 3292 756 3343 ὁ
786 3290 950 3352 κόπος
992 3289 1259 3356 Αἰγύπτου
1279 3327 1294 3352 ,
1325 3289 1414 3341 καί
1459 3291 1492 3358 ἠ
1549 3288 1778 3359 ἐμπορία

239 3382 512 3446 Αἰθιόπων,
545 3381 646 3433 καὶ
672 3382 722 3431 οἱ
759 3378 1030 3448 Σεϐωείμ·
1061 3397 1079 3429 ι
1112 3378 1178 3430 δι’
1198 3370 1270 3432 ὧν
1300 3377 1574 3448 βάρϐαρα,
1607 3373 1774 3446 οἶμαι,

243 3469 334 3520 καὶ
359 3470 537 3539 ἆσημά
571 3485 700 3521 τινα
726 3467 852 3538 ἔθνη
879 3465 1157 3537 δηλοῦσθαι
1176 3505 1191 3529 ,
1219 3467 1309 3517 καί
1349 3466 1518 3517 πάντα
1548 3466 1644 3527 ὅσα
1679 3464 1774 3539 ’ήδη

243 3557 396 3611 πάλαι
437 3561 710 3629 πρότερον
755 3559 822 3626 τῇ
874 3556 1150 3625 δαιμονικῇ
1192 3553 1489 3622 τετρύχωτο
1534 3534 1777 3605 δεισιδαι-

247 3649 409 3725 μανίᾳ.
449 3648 673 3717 Ἐπειδὴ
713 3646 823 3716 γὰρ
863 3644 1140 3712 Αἰγύπτιοι
1183 3642 1393 3695 ἐδόκουν
1434 3643 1642 3698 πάντων
1671 3639 1776 3692 τῶν

247 3736 400 3790 ἐθνῶν
424 3735 970 3807 δεισιδαιμονέστατοι
999 3732 1279 3802 τυγχάνειν
1299 3770 1314 3794 ,
1343 3729 1540 3800 πρῶτοί
1562 3746 1618 3780 τε
1646 3745 1774 3781 κατ-

245 3824 397 3894 άρξαι
443 3831 539 3897 τῆς
584 3824 976 3891 εἰδωλολάτρου
1007 3822 1230 3892 πλάνης,
1277 3820 1493 3881 εἰκότως
1537 3817 1774 3886 πρώτους

247 3917 426 3979 αὐτοὺς
469 3916 687 3986 τίθησιν
743 3911 1240 3982 ὑποταγησομένους
1283 3908 1359 3978 τῷ
1404 3907 1643 3978 Χριστιζν
1683 3908 1774 3959 καὶ

241 4004 316 4056 δι’
344 4005 504 4057 αὐτῶν
552 4005 650 4057 καὶ
703 4003 773 4055 τὰ
829 4003 952 4072 περί
1001 4001 1107 4053 τῶν
1148 3998 1344 4052 λοιπῶν
1388 3996 1773 4066 είδωλολατρῶν

249 4093 440 4162 φανερὰ
468 4093 793 4144 καθιστᾶσα.
827 4089 932 4141 Καὶ
961 4087 1132 4140 ταῦτα
1177 4085 1518 4154 πεπλήρωται
1561 4085 1651 4136 ἐπὶ
1679 4084 1769 4136 τοῦ

250 4178 476 4251 Σωτῆρος
505 4183 598 4234 καὶ
621 4179 831 4249 Κυρίου
853 4179 1026 4248 ήμῶν,
1046 4175 1123 4247 τῷ
1146 4177 1201 4228 ὲν
1231 4177 1388 4228 πᾶσιν
1412 4173 1581 4225 ἔθνεσι
1613 4189 1773 4243 προσ-

249 4270 503 4322 κυνεῖσθαι
534 4271 628 4322 καὶ
666 4267 935 4320 δουλεύειν
964 4263 1108 4334 αὐτῷ
1146 4263 1309 4332 μυρία
1335 4261 1504 4331 πλήθη
1529 4260 1634 4313 τῶν
1671 4259 1771 4312 ἀνά

251 4353 348 4422 τὴν
373 4359 679 4428 οἰκουμένην
732 4353 922 4407 ἐθνῶν.
975 4353 1230 4412 Αἰθίοπας
1276 4349 1331 4400 δὲ
1369 4350 1458 4402 καὶ
1501 4348 1767 4418 Σεϐωείμ,

1886 600 2026 672 quod
2050 600 2192 655 solus
2223 599 2292 653 sit
2317 605 2506 651 natura
2530 594 2621 648 Dei
2650 592 2845 658 Filius,
2876 603 2929 646 et
2966 593 3271 662 unigenitus
3303 606 3396 660 ap-

1887 691 2124 760 pelletur,
2155 697 2206 742 et
2233 687 2373 756 quod
2401 697 2774 754 usquequaque
2794 691 3068 735 conservet
3096 682 3214 750 ejus
3233 720 3248 744 ,
3302 681 3394 750 qui

1888 779 2032 832 solus
2059 783 2138 830 est
2160 774 2319 836 Deus,
2355 773 2634 825 animatam
2659 774 2712 821 et
2745 767 2916 819 vivam
2941 773 2992 820 et
3016 767 3396 836 intelligentem

1887 864 2184 934 imaginem,
2208 869 2260 916 et
2280 862 2334 914 in
2359 858 2603 912 omnibus
2625 854 2724 924 ipsi
2749 852 2893 905 Patri
2924 853 3265 906 assimilatam
3285 891 3300 915 ,
3341 856 3395 905 et

1885 971 2000 1010 eam
2029 969 2145 1023 quae
2175 951 2266 1007 Dei
2312 950 2478 1020 ipsius
2521 944 2830 1002 substantiae
2860 941 3254 996 similitudinem
3286 953 3396 1010 pro:

1887 1061 1944 1100 se
1973 1045 2124 1098 ferat.
2144 1042 2252 1095 Hac
2272 1055 2394 1109 ergo
2422 1039 2486 1092 de
2510 1049 2669 1091 causa
2695 1035 2866 1102 ipsum
2895 1045 3121 1100 quoque,
3143 1037 3394 1095 tanquam

1886 1150 2005 1190 eum
2032 1135 2123 1203 qui
2155 1133 2297 1188 solus
2328 1129 2513 1190 Filius,
2545 1138 2595 1181 et
2619 1126 2764 1180 solus
2793 1122 2886 1176 Dei
2918 1121 3090 1189 imago
3111 1119 3202 1182 sit,
3231 1125 3284 1172 et
3307 1119 3392 1172 in-

1886 1224 2045 1294 geniti
2077 1237 2138 1275 ac
2170 1219 2424 1290 principio
2453 1217 2682 1270 carentis
2709 1213 2882 1266 Patris
2919 1209 3162 1265 essentia:
3181 1246 3197 1272 ,
3225 1209 3394 1261 virtu-

1884 1322 1963 1369 tes
1987 1312 2275 1368 secundum
2303 1309 2598 1376 exemplum
2629 1300 3029 1358 assimilationis
3060 1298 3311 1362 indutus,
3343 1305 3396 1350 et

1885 1405 1949 1458 ab
1999 1403 2270 1457 hominum
2312 1396 2754 1453 artiﬁciosissimo
2787 1399 2839 1447 et
2883 1389 3238 1445 scientissimo
3276 1387 3397 1440 vitae

1883 1494 2215 1563 designatore
2254 1499 2307 1545 et
2335 1496 2547 1543 auctore
2576 1485 2762 1546 Patre,
2816 1479 2881 1533 ad
2927 1475 3181 1532 amussim
3227 1481 3279 1527 et
3329 1473 3397 1525 ad

1883 1593 2078 1638 certam
2126 1579 2546 1649 exquisitamque
2598 1570 3034 1627 assimilationem
3087 1580 3395 1635 expressus,

1884 1673 2044 1728 Deum
2068 1671 2254 1726 merito
2283 1669 2462 1723 divina
2482 1665 2742 1735 appellant
2766 1659 2979 1715 oracula
3001 1696 3017 1721 ,
3055 1664 3114 1721 ut
3143 1670 3246 1709 una
3273 1669 3398 1708 cum

1883 1763 2087 1818 caeteris
2115 1761 2180 1814 ad
2204 1759 2340 1813 hanc
2375 1772 2582 1826 quoque
2611 1748 2977 1822 appellationis
3009 1746 3338 1816 dignitatem,
3365 1757 3397 1794 a

1813 1845 1853 1898 Β
1882 1855 2034 1908 Patre
2063 1859 2340 1922 provectus
2380 1850 2468 1910 sit,
2489 1859 2711 1914 eamque
2749 1839 3011 1909 acceperit
3033 1876 3048 1901 ,
3088 1851 3193 1890 non
3223 1844 3397 1888 autem

1877 1960 1942 1999 ex
1970 1941 2185 2012 proprio
2213 1941 2335 2007 jure
2364 1934 2733 2006 possidendam
2761 1929 3024 1984 habuerit.
3049 1925 3288 1994 Namque
3310 1923 3398 1975 ille

1877 2031 2086 2101 quidem
2120 2029 2228 2094 dat,
2258 2028 2344 2080 hic
2367 2041 2494 2078 vero
2524 2022 2744 2092 accipit;
2777 2021 2955 2089 itaque
2987 2031 3085 2072 suo
3113 2014 3232 2084 jure
3254 2027 3396 2065 unus

1879 2119 1965 2172 ille
1986 2123 2067 2171 est
2087 2115 2243 2176 Deus,
2261 2113 2352 2182 qui
2381 2127 2486 2165 non
2515 2110 2581 2163 ab
2603 2108 2766 2161 altero
2797 2104 3016 2173 accepit.
3044 2101 3140 2154 llic
3169 2106 3344 2152 autem
3365 2111 3395 2148 a

1876 2199 2032 2254 Patre
2046 2200 2202 2252 habet
2226 2205 2283 2250 ut
2302 2195 2441 2250 Deus
2461 2195 2548 2258 sit,
2567 2202 2816 2260 tanquam
2841 2189 2932 2244 Dei
2957 2191 3129 2256 imago
3154 2207 3167 2240 :
3193 2191 3392 2254 utpote,

1877 2305 1996 2344 cum
2023 2304 2126 2342 una
2153 2290 2205 2342 in
2238 2286 2513 2346 ambobus,
2541 2283 2690 2353 juxta
2706 2280 3020 2348 exemplum,
3048 2273 3396 2329 divinitusin-

1876 2380 2163 2448 telligatur,
2181 2384 2232 2431 et
2244 2390 2382 2429 unus
2399 2375 2467 2429 sit
2478 2373 2638 2436 Deus,
2652 2371 2739 2440 qui
2757 2384 2849 2439 per
2867 2369 3096 2436 seipsum
3117 2366 3230 2419 sine
3245 2363 3393 2432 prin-

1876 2468 2035 2537 cipio,
2050 2475 2103 2522 et
2137 2467 2250 2522 sine
2275 2465 2609 2535 generatione
2626 2463 2816 2517 existat
2843 2479 2855 2513 :
2887 2456 3390 2528 perFiliumautem,

1876 2567 2122 2629 tanquam
2135 2556 2502 2628 perspeculum
2516 2562 2567 2608 et
2582 2551 2882 2620 imaginem,
2896 2547 3276 2602 consideretur.
3286 2543 3394 2596 i-loc

1875 2657 1977 2712 est,
2005 2649 2225 2712 scilicet,
2260 2644 2398 2714 quod
2427 2641 2702 2713 spirituale
2729 2639 2882 2692 docet
2920 2636 3220 2697 oraculum,
3251 2632 3391 2701 quod

1875 2751 1980 2792 non
2009 2737 2138 2790 alias
2159 2735 2286 2788 dicit
2311 2748 2452 2796 eum,
2481 2731 2546 2784 de
2575 2745 2680 2798 quo
2707 2741 2881 2782 sermo
2914 2734 2994 2778 est
3015 2764 3029 2787 ,
3081 2723 3244 2776 Deum
3271 2736 3392 2774 esse

1876 2828 2200 2882 adorandum
2223 2864 2237 2888 ,
2277 2829 2489 2893 propter
2515 2821 2894 2874 inbabitantem
2925 2817 2976 2868 in
3009 2817 3122 2884 ipso
3155 2812 3385 2865 Patrem.

1881 2937 1899 2970 ‹
1922 2917 1978 2970 ln
2006 2924 2056 2971 te
2080 2934 2098 2966 ι
2119 2915 2278 2977 enim,
2304 2912 2522 2980 inquit,c
2546 2909 2772 2963 orabunt
2795 2925 2807 2960 :
2832 2905 3080 2974 quoniam
3097 2903 3148 2955 in
3169 2909 3220 2954 te
3254 2900 3391 2953 Deus

1875 3016 1972 3062 est.
2014 3025 2032 3056 ι
2069 3003 2171 3059 Sed
2202 3013 2258 3056 tu
2289 3015 2499 3070 quoque
2527 2999 2640 3068 ipse
2667 3011 2790 3051 cum
2820 2994 2959 3049 Deus
2986 2993 3059 3048 sis
3081 3033 3095 3058 ,
3151 2991 3391 3044 Salvator

1875 3095 2035 3150 lsrael
2060 3093 2296 3149 exsistis.
2345 3089 2576 3144 Proinde
2610 3087 2762 3141 fortis
2799 3093 2851 3139 et
2881 3081 3224 3139 absconditus
3251 3078 3392 3133 Deus

1875 3200 1932 3239 es
1959 3202 1972 3238 :
2009 3201 2028 3233 ‹
2063 3182 2312 3251 quoniam
2351 3179 2404 3233 in
2432 3185 2484 3232 te
2509 3176 2666 3240 Deus,
2690 3183 2742 3230 et
2769 3189 2876 3228 non
2901 3180 2980 3226 est
3001 3169 3226 3238 amplius
3258 3181 3393 3235 prab-

1875 3282 1954 3328 tcr
1987 3275 2179 3341 ipsum.
2218 3289 2236 3321 ι
2269 3269 2427 3338 228
2452 3268 2556 3322 Pro
2584 3283 2646 3321 eo
2673 3279 2798 3320 vero
2823 3263 2964 3332 quod
2989 3269 3089 3320 est,
3125 3276 3143 3308 ι
3179 3257 3393 3310 labora-

1874 3362 1948 3414 vit
1977 3360 2255 3430 Egyptus,
2297 3377 2314 3409 ι
2354 3356 2664 3410 chraicum
2699 3351 2879 3414 habet,
2914 3360 2966 3403 et
2992 3347 3182 3416 reliqui
3203 3359 3390 3399 omnes

1876 3452 2188 3518 interpretes
2215 3446 2592 3506 reddiderunt,
2644 3460 2661 3491 ι
2699 3441 2850 3493 labor
2873 3438 3081 3507 [Egypti
3104 3475 3119 3500 ,
3173 3455 3191 3486 ι
3244 3441 3299 3486 ut
3338 3431 3390 3485 id

1875 3543 2014 3610 quod
2043 3539 2235 3593 dicitur
2264 3537 2366 3590 tale
2393 3536 2461 3590 sit
2488 3553 2501 3588 :
2538 3551 2556 3582 ι
2595 3531 2669 3584 Te
2693 3530 3006 3590 adorabunt,
3044 3534 3096 3579 ct
3130 3525 3202 3577 tui
3233 3530 3389 3578 erunt

1876 3630 2033 3692 servi,
2061 3629 2211 3682 labor
2242 3625 2450 3694 Egypti
2473 3661 2488 3686 ,
2534 3629 2586 3676 et
2624 3618 2910 3690 negotiatio
2949 3615 3288 3682 Ethiopum,
3335 3618 3388 3663 et

1875 3720 2086 3774 Seboim
2115 3738 2127 3772 :
2167 3737 2184 3770 ι
2222 3717 2414 3785 quibus
2446 3712 2620 3768 verbis
2649 3711 2902 3765 barbaras
2951 3720 3048 3776 ego
3077 3705 3304 3757 arbitror
3335 3709 3388 3755 et

1873 3811 2080 3880 ignotas
2140 3806 2396 3876 quasdam
2465 3804 2707 3857 nationes
2753 3797 3074 3868 signiﬁcari,
3118 3801 3170 3849 et
3206 3807 3388 3847 omnes

1871 3912 2216 3970 quaecumque
2237 3904 2389 3950 antea
2414 3893 2676 3964 quondam
2705 3889 2989 3944 daemonica
3012 3885 3386 3954 superstitione

1871 3989 2217 4045 vexabantur.
2247 3984 2379 4038 Nam
2406 3990 2681 4052 propterea
2704 3977 2844 4048 quod
2876 3975 3106 4045 IEgyptii
3137 3973 3235 4026 visi
3260 3978 3406 4027 sunt:

1870 4079 2102 4133 omnium
2131 4076 2409 4130 nationum
2448 4067 2958 4140 superstitiosissimi
3005 4079 3151 4127 esse,
3195 4062 3383 4137 primi-

1870 4184 1972 4238 que
1994 4167 2184 4229 errori,
2210 4181 2313 4234 quo
2350 4163 2632 4218 simulacra
2655 4159 2986 4220 colerentur,
3031 4161 3210 4222 portas
3261 4165 3384 4219 ape-

1868 4260 2079 4313 ruisse:
2114 4257 2302 4310 merito
2348 4268 2438 4308 eos
2479 4253 2678 4320 primos
2708 4248 2970 4307 collocat,
3021 4243 3110 4311 qui
3169 4240 3384 4293 Christo

1871 4350 1976 4404 sint
2009 4345 2322 4414 subiiciendi
2351 4363 2363 4397 :
2406 4341 2594 4396 deinde
2623 4355 2718 4409 per
2747 4353 2839 4392 eos
2863 4375 2879 4399 ,
2910 4349 3028 4405 qua:
3051 4331 3116 4385 ad
3149 4330 3384 4396 reliquos

254 4445 371 4506 τοὺς
403 4447 622 4500 ἐνταῦθα
653 4444 1045 4516 προσκυνήσειν
1073 4440 1149 4509 τῷ
1200 4438 1413 4510 Χριστῷ
1447 4455 1770 4507 προφητευό-

1876 4437 2276 4492 simulacrorum
2308 4433 2537 4486 cultores
2569 4429 2862 4499 pertinent,
2905 4433 2963 4479 ut
3017 4430 3194 4490 aperta
3239 4418 3384 4478 sint,

260 4531 448 4600 μένους,
477 4537 566 4588 καί
608 4535 696 4587 διὰ
723 4533 814 4585 τοῦ
856 4537 930 4596 οαξ
965 4526 1175 4598 ψαλμοῦ
1206 4526 1436 4596 ἡγοῦμαι
1472 4525 1775 4596 δηλοῦσθαι,

249 4617 399 4677 δι’ὦν
435 4628 666 4698 εἴρηται·
700 4643 719 4674 ι
762 4621 1015 4675 Ἐνὼπιον
1046 4617 1206 4671 αὑτοῦ
1242 4615 1654 4687 προσπεσοῦνται
1684 4616 1774 4667 Αἰ-

251 4707 439 4780 θίοπες,
475 4718 567 4770 καὶ
593 4713 830 4785 βασιλεῖς
867 4708 1129 4781 Ἀράϐων,
1159 4707 1250 4759 καί
1273 4706 1414 4758 Σαϐὰ
1441 4706 1582 4775 δῶρα
1609 4721 1769 4774 προσ·-

243 4799 447 4862 ἀξουσι·
481 4809 571 4859 καὶ
623 4803 1085 4876 προσκυνήσουσιν
1119 4797 1282 4865 αὐτῷ.
1323 4815 1342 4848 ι
1378 4795 1537 4865 Δῆλον
1577 4797 1638 4847 ἐκ
1674 4797 1767 4864 τῆς

237 4898 610 4967 συμφράσεως,
635 4899 730 4963 ὅτιΔ
749 4894 831 4965 τῷ
859 4895 914 4944 ἐν
936 4889 1156 4951 ἐκείνοις
1179 4889 1620 4957 προφητευομὲνῳ
1640 4887 1768 4956 Χρι-

232 4984 351 5054 στῷ
381 4988 858 5060 προσκυνήσουσιν.

1873 4526 2049 4581 cﬂicit.
2082 4527 2146 4578 Et
2176 4525 2286 4577 haec
2313 4523 2523 4592 quidem
2555 4521 2608 4573 in
2645 4519 2914 4573 Salvatore
2946 4529 3006 4568 ac
3035 4512 3259 4564 Domino
3286 4521 3384 4560 no-

1875 4625 1986 4672 stro
2008 4621 2366 4682 exspectatum
2389 4613 2589 4665 exitum
2622 4617 2774 4663 nacta
2808 4613 2949 4660 sunt.
2981 4601 3098 4656 Jam
3131 4599 3271 4652 enim
3299 4594 3384 4646 in-

1875 4700 2248 4763 numerabiles,
2278 4713 2373 4768 per
2402 4699 2581 4752 orbem
2622 4704 2906 4757 terrarum,
2943 4691 3216 4745 nationum
3256 4697 3385 4736 con~

1870 4805 2088 4858 ventus,
2125 4795 2177 4846 in
2207 4794 2451 4846 omnibus
2482 4791 2725 4860 gentibus
2757 4789 2904 4840 illum
2946 4783 3164 4835 adorant
3204 4775 3387 4840 illique

1871 4884 2124 4944 serviunt.
2155 4879 2433 4949 Aithiopas
2483 4894 2608 4932 vero
2648 4893 2710 4930 ac
2749 4875 2958 4929 Seboim
2989 4885 3080 4924 eos
3104 4907 3119 4930 ,
3166 4865 3256 4934 qui
3297 4863 3384 4915 hic

1872 4971 2140 5030 adoraturi
2169 4968 2438 5023 Christum
2472 4973 2734 5020 canuntur
2753 5002 2767 5026 ,
2803 4977 2925 5016 mn
2950 4970 3158 5026 quoque
3180 4951 3383 5024 psalmo

218 5043 518 5142 signilicari
561 5043 717 5146 pulo,
760 5074 852 5127 ubi
896 5073 1099 5127 dictum
1127 5077 1212 5126 est
1246 5087 1259 5122 :
1305 5085 1324 5119 ι
1361 5067 1549 5120 Coram
1595 5067 1685 5120 illo
1729 5065 2002 5136 procident
2038 5061 2340 5130 Ethiopes,
2391 5067 2443 5112 et
2477 5073 2625 5127 reges
2668 5055 2930 5114 Arabum,
2969 5057 3021 5104 et
3058 5047 3197 5100 Saba
3245 5043 3383 5096 dona

192 5151 492 5244 .‘Qduoent
522 5186 534 5220 :
569 5176 626 5220 et
654 5164 964 5217 adorabunt
990 5177 1109 5216 eum
1140 5161 1206 5211 ³⁸.
1245 5176 1264 5208 ι
1296 5155 1513 5210 Constat
1533 5171 1656 5209 vero
1694 5171 1760 5210 ex
1807 5156 1924 5225 ipso
1962 5160 2231 5217 contextu,
2261 5149 2530 5204 Christum
2570 5161 2688 5202 esse
2733 5145 3051 5199 adoraturos
3088 5151 3208 5194 eum
3231 5175 3245 5199 ,
3291 5131 3385 5202 qni

181 5247 262 5293 "1
318 5255 419 5310 illis
456 5271 698 5326 quoque,
735 5262 797 5306 ut
825 5260 1084 5305 venturus
1115 5246 1327 5304 canitur
1353 5259 1384 5298 a
1408 5244 1692 5313 prophetis.

309 5523 497 5594 ".Psal.
527 5547 687 5592 Lxxr,
719 5527 792 5578 10
