3862 6326
853 369 951 424 575

1440 479 1660 536 CAPUT
1704 481 1763 537 V.

850 593 901 657 Α
936 594 1131 658 psalmo
1161 591 1326 646 xxxii.
1362 622 1432 632 —-
1469 592 1620 658 Quod
1670 594 1759 648 Dei
1796 594 2012 648 Verbum
2065 612 2213 649 suam
2268 595 2363 649 lia-

919 662 1037 733 beris
1066 667 1339 733 essentiam
1382 661 1769 733 jussurPatris,
1804 663 1970 733 David
2004 680 2141 733 (eque
2172 680 2361 733 nemo:

917 730 1160 800 opiﬁcem
1186 730 1415 800 universi
1438 732 1612 800 novit;
1642 743 1691 784 et
1731 732 1864 800 quod
1913 730 2068 786 idem'
2099 732 2195 785 Dei
2241 731 2363 785 Ver-

917 796 1068 859 bum,
1110 798 1239 852 idem
1271 798 1510 865 propheta
1542 799 1610 851 ad
1647 796 1906 853 hominum
1952 801 2201 853 medelam
2256 816 2364 853 esse

918 867 1128 939 missum
1152 883 1183 918 a
1207 868 1361 919 Patre
1388 868 1691 939 testiﬁcatur
1714 885 1732 929 ;
1758 878 1806 922 et
1833 869 1966 939 quod
1994 869 2128 921 brevi
2147 878 2364 939 tempore

922 935 1207 989 universam
1235 943 1424 988 terram
1452 952 1547 989 sua
1580 936 1813 991 doctrina
1843 935 2177 1005 impleturum
2203 938 2360 993 canit.

926 1187 946 1219 ι
983 1167 1157 1223 Verbo
1210 1168 1415 1223 Domini
1460 1172 1580 1226 coeli
1624 1171 1816 1226 firmati
1848 1181 2010 1235 sunt,
2040 1182 2111 1228 .et
2172 1175 2363 1244 spiritu

854 1261 965 1315 oris
990 1258 1103 1326 eius
1131 1258 1303 1313 omnis
1333 1261 1500 1314 virtus
1527 1276 1729 1315 eorum.
1757 1280 1776 1314 ι
1808 1261 1864 1315 In
1897 1264 2097 1331 psalmo
2117 1279 2244 1318 vero
2278 1280 2363 1319 ενι

855 1350 936 1402 sic
986 1348 1185 1402 dictum
1215 1356 1337 1401 est:
1372 1365 1390 1396 ι
1427 1348 1566 1403 Misit
1596 1347 1824 1403 Verbum
1874 1366 2030 1405 suum
2057 1358 2110 1406 et
2158 1355 2367 1408 sanavit

852 1453 975 1500 eos,
1017 1445 1070 1491 et
1100 1436 1291 1505 eripuit
1317 1452 1409 1492 eos
1457 1439 1524 1493 de
1571 1439 1964 1498 interitionibus
2007 1458 2214 1500 eorum.
2248 1465 2267 1497 ι
2302 1445 2366 1499 Et

852 1541 1042 1584 rursus
1066 1539 1235 1580 cxtvu
1267 1544 1279 1579 :
1315 1545 1334 1580 ι
1379 1525 1478 1592 Qui
1519 1529 1713 1583 emittit
1757 1531 2021 1601 eloquium
2066 1548 2220 1588 suum
2254 1542 2365 1590 ter-

853 1630 959 1679 rae,
999 1614 1250 1669 velociter
1281 1617 1449 1670 currit
1506 1633 1680 1673 sermo
1723 1619 1858 1688 ejus.
1902 1639 1921 1673 ι
1978 1623 2045 1675 At
2098 1624 2238 1678 enim
2275 1626 2361 1689 ei,

854 1703 945 1772 qui
977 1718 1118 1757 nunc
1147 1704 1202 1757 in
1237 1705 1482 1760 manibus
1525 1716 1625 1770 est,
1658 1709 1860 1776 psalmo
1890 1710 2104 1775 dicenti,
2138 1729 2156 1763 ί
2192 1711 2366 1769 Verbo

1489 367 1747 424 EUSEBII
1782 370 2240 429 CESARIENSIS
2261 373 2406 429 OPP.
2435 372 2610 433 PARS
2643 372 2707 427 lt.
2739 402 2807 412 —
2841 372 3366 430 APOLOGETICA.

2384 506 2436 561 Δ
2969 485 3401 541 ΚΕΦΑΛΑΙυΝ

2465 597 2707 664 rupae
2736 599 2850 661 λβι.
2893 629 2960 646 φ.-
2998 598 3090 663 Ὠς
3141 598 3321 652 Θεοῦ
3374 602 3444 651 A4

2525 664 2900 727 ἐπικέλευςιν
2951 667 3056 720 τοῦ
3100 666 3393 733 Πατρός,

2527 733 2879 804 δημιουργὸν
2910 733 3024 804 τῶν
3046 735 3361 787 ἁπάντων
3393 737 3431 787 ὁ

2528 804 2709 855 αὐτὸν
2731 803 2832 856 τοῦ
2866 803 3009 857 Θεοῦ
3040 804 3251 870 Λόγον
3293 806 3330 856 ό
3378 808 3444 855 ai

2530 872 2800 938 θεραπείᾳ
2843 872 2962 924 τῶν
2991 871 3351 938 ἀνθρώπων
3398 872 3444 923 ἐι

2527 939 3114 1008 εστάλθαιμαρτυρεῐ·
3139 939 3256 1008 καὶ
3283 939 3378 1004 ὡς
3403 940 3443 992 ὲ

2527 1008 2845 1075 σύμπασαν
2868 1007 2980 1076 γῆν
3006 1007 3391 1076 πληρώσειν
3430 1026 3444 1059 1

2528 1026 2845 1075 συμπασαν
2943 1026 2957 1059 ι

2528 1077 2662 1141 λίας
2688 1026 2957 1135 θεσπίῇῗ.

2536 1204 2553 1236 σ
2582 1184 2671 1255 Τῷ
2707 1186 2860 1256 Λόγῳ
2885 1187 3086 1257 Κυρίου
3128 1188 3187 1239 οἱ
3218 1188 3287 1240 οὑ
3299 1204 3444 1257 pavo

2462 1274 2538 1346 τῷ
2575 1274 2833 1344 πνεύματι
2876 1275 2966 1328 τοῦ
3002 1275 3296 1345 στόματος
3351 1278 3444 1329 αὑυ

2463 1362 2655 1416 αὐτῶν.
2688 1382 2705 1414 ι
2734 1363 2839 1415 Καὶ
2870 1365 2926 1415 ὲν
2962 1370 3048 1433 pg’
3073 1364 3136 1415 δὲ
3166 1364 3397 1435 ᾥαλμῷ
3421 1382 3444 1416 ε

2462 1453 2550 1506 τὸν
2583 1453 2749 1520 Λόγον
2775 1451 2956 1516 αὑτοῦ,
2990 1453 3084 1506 καὶ
3138 1454 3355 1505 ἰάσατο
3394 1471 3444 1508 at

2463 1544 2653 1605 αὐτοὺς
2701 1543 2763 1594 ἐκ
2799 1542 2903 1594 τῶν
2944 1542 3273 1613 διαφθορῶν
3325 1545 3441 1597 αὑτ

2466 1630 2613 1701 Ρμξ’”
2654 1649 2672 1682 ι
2708 1631 2764 1683 '0
2792 1631 3132 1685 ἀποστέλλων
3158 1633 3227 1684 τὸ
3257 1632 3444 1701 λόγιοι

2462 1722 2652 1790 τάχους
2703 1721 2977 1791 δραμεῖται
3020 1725 3048 1775 6
3115 1721 3294 1790 λόγος
3348 1724 3444 1776 αὑπ

852 1790 1063 1847 Domini
1116 1792 1236 1846 cceli
1288 1792 1480 1848 ﬁrmati
1532 1805 1694 1861 sunt,
1746 1818 1764 1849 ι
1818 1802 2102 1855 concordat
2152 1818 2363 1859 sacrum

1920 1802 2102 1855 cordat
2152 1818 2363 1859 sacrum
2391 1820 2434 1874 Β
2463 1809 2598 1880 μετὰ
2628 1790 2815 1881 χεῖρας
2857 1810 3067 1880 ψαλμῷ,
3122 1811 3442 1879 φάσκοντι,

850 1880 1267 1955 229'Iquoque
1316 1881 1682 1953 Evangelium,
1735 1888 1905 1956 palam
1950 1888 2178 1944 dicens:
2235 1908 2255 1942 ι
2306 1891 2365 1946 1n

855 1970 1114 2040 principio
1135 1977 1248 2024 erat
1271 1969 1522 2035 Verbum,
1547 1982 1600 2027 et
1619 1974 1848 2030 Verbum
1877 1987 1989 2032 erat
2015 1979 2156 2048 apud
2176 1978 2361 2044 Deum,

852 2066 906 2116 et
928 2056 1065 2111 Deus
1092 2066 1206 2114 erat
1234 2058 1485 2115 Verbum.
1535 2061 1647 2116 Hoc
1695 2073 1812 2119 erat
1852 2066 1906 2120 in
1934 2067 2196 2139 principio
2223 2069 2365 2139 apud

855 2144 1041 2212 Deum,
1075 2149 1254 2203 omnia
1283 2165 1380 2218 per
1407 2150 1581 2220 ipsum
1630 2151 1768 2209 facta
1798 2165 1943 2222 sunt,
1984 2165 2037 2213 et
2083 2159 2199 2214 sine
2248 2161 2364 2230 ipso

852 2237 1050 2291 factum
1070 2247 1151 2293 est
1168 2238 1301 2294 nihil
1320 2240 1384 2296 ³⁸.
1415 2259 1435 2294 ι
1468 2241 1607 2298 Sane
1632 2246 1819 2299 merito
1840 2246 2176 2319 Evangelium
2200 2249 2365 2306 Deum

854 2326 1001 2385 illum
1032 2328 1267 2382 nominat
1305 2348 1320 2384 :
1363 2332 1574 2399 quando
1615 2335 1771 2388 etiam
1814 2351 1909 2405 per
1947 2353 2007 2392 ea
2050 2355 2165 2408 qua:
2216 2342 2364 2410 prius

854 2415 996 2470 dicta
1028 2427 1171 2480 sunt,
1201 2417 1339 2472 idem
1370 2419 1490 2484 hoc,
1526 2422 1667 2490 quod
1696 2439 1837 2477 nunc
1872 2434 1928 2478 ut
1959 2426 2094 2481 Deus
2128 2430 2363 2483 celebra-

853 2512 944 2558 tur
968 2504 1218 2568 Verbum,
1249 2515 1300 2560 et
1325 2509 1602 2577 sapientia.
1632 2518 1684 2565 et
1715 2528 1927 2582 germen
1958 2514 2068 2575 Dei,
2095 2528 2147 2569 et
2177 2516 2364 2572 Sacer-

853 2591 973 2654 dos,
1019 2601 1071 2646 et
1120 2593 1385 2657 Christus,
1438 2600 1490 2647 et
1540 2594 1672 2659 Rex,
1715 2605 1766 2651 et
1815 2596 2090 2659 Dominus,
2128 2608 2180 2654 et
2225 2600 2362 2654 Deus

853 2680 1027 2749 imago
1055 2681 1167 2744 Dei,
1199 2685 1516 2753 appellatum
1546 2693 1648 2740 est.
1690 2685 1877 2749 Porro,
1911 2695 1970 2740 ut
2010 2690 2098 2756 qui
2146 2696 2198 2743 et
2227 2691 2363 2758 alius

853 2769 925 2822 sit
952 2784 1107 2837 quam
1138 2770 1314 2835 Pater,
1340 2780 1392 2826 et
1424 2773 1659 2841 ejusdem
1690 2775 1998 2830 administer
2026 2777 2205 2841 fuerit,
2232 2779 2363 2834 adeo

856 2863 913 2909 ut
934 2856 1087 2923 jussu
1119 2858 1261 2913 illius
1294 2861 1408 2928 ipse
1456 2862 1633 2914 omnia
1664 2862 1981 2925 condiderit,
2032 2864 2084 2917 in
2114 2868 2362 2932 presenti

853 2944 1100 3014 deinceps
1130 2944 1340 3000 Psalmo
1371 2945 1610 3016 adjungit
1651 2966 1665 3002 :
1705 2966 1724 2999 ι
1778 2946 2003 3013 Timeat,
2036 2949 2226 3018 inquit,
2256 2950 2366 3005 Do-

853 3033 1056 3088 minum
1103 3036 1275 3090 omnis
1309 3045 1449 3090 terra
1483 3055 1495 3089 Ξ
1546 3038 1612 3090 ab
1643 3052 1707 3091 ϐο
1732 3046 1907 3091 autem
1934 3047 2365 3093 commoveantur

2462 1900 2575 1970 ρίου
2618 1901 2665 1951 οί
2707 1900 2917 1970 οὐρανοὶ
2951 1898 3427 1970 ἐστερεώθησαν,

2461 1988 2798 2056 Εὑαγγέλιον,
2831 1987 3127 2059 διαρρήδην
3157 1988 3333 2056 λέγον
3361 2006 3374 2019 ⁸
3418 2009 3438 2040 ι

2459 2093 2572 2145 γος,
2599 2077 2689 2129 καὶ
2717 2078 2744 2129 6
2774 2076 2939 2142 Λόγος
2967 2071 3033 2145 ἦν
3077 2075 3232 2145 πρὸς
3279 2077 3380 2129 τὸν
3422 2078 3444 2130 ε

2460 2167 2646 2234 Λόγος.
2676 2159 2837 2227 Οὗτος
2869 2161 2935 2235 ἦν
2964 2167 3019 2217 ὲν
3055 2165 3212 2235 ἀρχῇ
3249 2167 3398 2236 πρὸς
3439 2187 3444 2201 α

2460 2253 2620 2311 αὑτοῦ
2663 2254 2888 2321 ἐγένετο,
2930 2255 3022 2306 καὶ
3069 2256 3256 2325 χωρὶς
3288 2257 3444 2309 αὑτοὶ

2459 2345 2587 2399 Θεὸν
2615 2345 2832 2407 εἰκότως
2866 2345 2926 2396 τὸ
2949 2345 3305 2412 Εὑαγγέλιον
3340 2349 3443 2411 ὀνογ

2459 2434 2563 2488 τῶν
2592 2433 2817 2505 πρόσθεν
2847 2434 3005 2495 αὐτὸς
3038 2427 3206 2497 οὗτος
3233 2437 3263 2488 6
3297 2437 3398 2489 νῦν
3419 2439 3444 2490 θ

2460 2523 2550 2575 καὶ
2577 2523 2750 2591 σοφία,
2784 2523 2876 2575 καὶ
2918 2523 3176 2594 γέννημα
3206 2526 3373 2590 Θεοῦ,
3401 2546 3444 2580 κ.

2461 2612 2599 2673 στος,
2631 2614 2721 2664 καὶ
2748 2612 3012 2681 βασιλεὺς,
3052 2617 3156 2667 καὶ
3185 2616 3423 2687 Κύριος,

2459 2701 2781 2769 ἀνηγόρευτο
2802 2699 2893 2753 τοῦ
2918 2701 3083 2755 Θεοῦ.
3113 2707 3232 2757 Καὶ
3261 2708 3348 2759 ὃτι
3378 2725 3443 2775 γε

2457 2786 2602 2854 τρὸς,
2632 2786 2894 2856 ὑπουργὸς
2928 2783 2995 2856 ἦν
3035 2792 3239 2854 αὑτοῦ,
3288 2794 3434 2847 ὥστε

2432 2870 2696 2943 ’μείζονος
2736 2875 2891 2927 αὑτὸν
2920 2877 3316 2950 δημιουργεῖν,
3354 2885 3444 2952 ἐξῆ

2460 2964 2690 3031 ἐπιλέγει
2736 2964 2975 3035 ψαλμὸν·
3041 2988 3060 3018 ι
3098 2971 3407 3043 Φοϐηθήτω

2462 3053 2559 3122 γῆ·
2586 3054 2675 3105 ὑπ’
2700 3054 2858 3105 αὑτοῦ
2885 3055 2939 3107 δὲ
2963 3059 3404 3132 σαλευῦήτωσαν
3433 3083 3444 3116 τ

851 3139 1037 3181 omnes
1064 3125 1421 3181 inhabitantes
1447 3126 1649 3181 orbem.
1704 3128 1963 3193 Quoniam
1996 3128 2109 3196 ipse
2135 3129 2289 3190 dixit,
2314 3139 2366 3185 et

1918 3143 1963 3180 m
1996 3128 2109 3196 ipse
2135 3129 2289 3190 dixit.
2314 3139 2366 3185 αι
2391 3129 2435 3190 C
2462 3160 2551 3206 τες
2578 3143 2907 3213 οἰκουμένην.
2936 3146 3068 3200 ’Ότι
3115 3125 3282 3216 αὑτὸς
3331 3152 3443 3207 εἷπε

852 3214 990 3268 facta
1038 3224 1190 3276 sunt;
1253 3216 1368 3284 ipse
1413 3217 1700 3280 mandavit,
1753 3224 1806 3272 et
1846 3226 2021 3273 creata
2067 3229 2190 3273 sunt
2232 3221 2295 3271 ³⁷.
2339 3239 2357 3272 ι

851 3305 1074 3365 Constat
1100 3305 1240 3361 enim
1279 3305 1419 3375 quod
1448 3306 1539 3375 qui
1572 3307 1717 3368 dicit,
1752 3308 1816 3361 ad
1848 3308 2069 3361 alterum
2112 3308 2240 3362 dicit
2269 3326 2283 3362 :
2313 3317 2366 3363 et

850 3394 943 3461 qui
990 3392 1223 3458 mandat,
1260 3394 1411 3447 alteri
1444 3401 1633 3462 printer
1685 3408 1742 3448 se
1790 3394 2024 3448 mandat.
2082 3392 2366 3464 Perspicue

851 3494 977 3532 vero
1004 3488 1123 3547 post
1163 3479 1332 3548 ipsam
1363 3477 1651 3534 Salvatoris
1681 3480 1852 3536 nostri
1898 3483 2139 3541 humanm
2166 3489 2365 3536 naturas

850 3569 1291 3634 assumptionem,
1332 3577 1624 3627 conventus
1653 3585 1719 3624 ex
1752 3569 1896 3623 omni
1928 3577 2088 3634 terra,
2134 3570 2235 3624 hoc
2260 3578 2361 3635 est,

851 3673 916 3711 cx
942 3646 1208 3720 omnibus,
1252 3674 1369 3729 qua:
1399 3667 1596 3713 terram
1641 3661 1899 3725 incolunt,
1932 3661 2255 3724 nationibus,
2283 3662 2365 3716 in-

850 3748 1228 3810 numerabiles,
1259 3764 1363 3803 non
1396 3750 1575 3803 itidem
1616 3758 1675 3804 ut
1719 3758 1873 3805 antea
1907 3753 2042 3807 ullos
2074 3753 2361 3817 daemones,

855 3835 948 3889 sed
974 3837 1147 3905 ipsum
1182 3838 1462 3892 Dominum
1498 3838 1679 3894 Iesum
1727 3841 2037 3908 timuerunt,
2084 3851 2138 3898 et
2181 3858 2364 3899 omnes

854 3925 1150 3981 habitantes
1199 3928 1381 3981 orbem
1432 3932 1682 3984 commoti
1726 3941 1873 3995 sunt,
1907 3932 1962 3985 in
2011 3933 2128 4003 ipso
2166 3933 2364 3988 Christi

852 4015 1085 4079 nomine,
1127 4017 1264 4069 sicut
1291 4032 1523 4085 praesens
1550 4021 1821 4074 oraculum
1850 4021 1994 4075 canit
2030 4040 2043 4075 :
2081 4040 2099 4072 ι
2136 4021 2362 4086 Timeat,

847 4096 1043 4172 inquit,
1076 4103 1353 4158 Dominum
1387 4109 1558 4162 omnis
1600 4118 1760 4173 terra,
1795 4111 1862 4164 ab
1912 4125 1976 4165 eo
2021 4119 2195 4166 autem
2227 4127 2368 4166 com-

853 4199 1165 4247 moveantur
1189 4208 1372 4249 omnes
1404 4197 1758 4253 inhabitantes
1785 4200 1985 4254 orbem.
2038 4219 2056 4249 ι
2099 4200 2364 4258 Hactenus

852 4298 971 4350 quae
1006 4282 1072 4335 de
1112 4297 1151 4335 ιι
1189 4289 1241 4336 et
1271 4298 1375 4336 xxx
1404 4286 1607 4352 psalmo
1630 4298 1846 4357 accepta
1879 4299 2025 4344 sunt.
2057 4289 2365 4347 Consimilia

851 4385 979 4424 vero
1007 4370 1089 4425 his
1129 4379 1182 4424 et
1209 4387 1442 4430 consona
1489 4376 1541 4428 in
1571 4379 1776 4444 psalmo
1807 4393 2019 4447 quoque
2056 4396 2252 4434 oxtvm
2283 4382 2364 4437 in-

2460 3232 2617 3293 αὑτὸς
2646 3234 2958 3296 ἐνετείλατο,
2995 3238 3091 3289 καὶ
3139 3241 3443 3312 ὲκτίσθησα

2458 3321 2531 3384 ὡς
2571 3323 2599 3373 6
2620 3321 2806 3389 λέγων,
2841 3324 3014 3395 ἑτέρῳ
3038 3327 3191 3395 λέγει
3210 3347 3224 3361 ’
3255 3332 3353 3384 καὶ
3382 3334 3410 3384 6
3436 3335 3444 3383 ἐ

2460 3414 2587 3483 παρ’
2616 3411 2799 3466 ἑαυτὸν
2835 3412 3166 3470 ἐντέλλεται.
3198 3421 3396 3488 Σαφῶς
3418 3422 3444 3474 6

2464 3519 2551 3575 ρος
2576 3501 2730 3571 ἡμῶν
2762 3496 3200 3576 ὲνανθρωπήσει,
3235 3512 3407 3581 μυρία
3434 3531 3444 3562 τ

2459 3592 2579 3662 γῆς,
2611 3592 2750 3644 τοῦτ’
2783 3591 2923 3645 ἔστιν
2957 3595 3019 3659 ἐξ
3039 3599 3298 3653 ἁπάντων
3324 3602 3432 3654 τῶν

2461 3682 2636 3735 οὐκέτι
2664 3683 2738 3745 ὡς
2759 3682 2816 3735 τὸ
2842 3684 2972 3757 πρὶν
2999 3688 3127 3751 τοὺς
3153 3688 3434 3760 δαίμονας,

2460 3768 2548 3827 τὸν
2588 3769 2784 3843 Κύριον
2827 3773 3070 3847 Ἰησοῢνο
3108 3779 3312 3842 πάντες
3340 3798 3401 3833 τε

2463 3862 2775 3932 οἰκουμένην
2813 3862 3188 3938 ὲσαλεύθησαν
3237 3870 3330 3923 ἐπὶ
3383 3871 3444 3941 τιξ

2469 3950 2960 4023 ματι,ἀκολούθως
2986 3954 3064 4025 τῷ
3103 3957 3199 4011 νῦν
3244 3960 3444 4026 φάσκοι,

2464 4038 2606 4108 θήτω
2634 4038 2721 4089 τὸν
2753 4039 2959 4109 Κύριον
2990 4045 3142 4098 πᾶσα
3172 4047 3205 4116 ἡ
3242 4049 3335 4116 γῆ,
3365 4050 3441 4102 ὑπ

2459 4144 2632 4180 τωσαν
2678 4128 2872 4191 πάντες
2928 4134 2985 4184 οἱ
3035 4137 3413 4201 κατοικοῦντες

2461 4217 2639 4275 Ταῦτα
2671 4218 2765 4291 μὲν
2790 4213 2878 4270 οὖν
2901 4220 2976 4273 ἐκ
3004 4223 3096 4275 τοῦ
3143 4224 3187 4294 β’
3218 4227 3312 4279 καὶ
3334 4227 3377 4280 λ’
3409 4228 3444 4296 ιζν

2459 4305 2662 4369 τούτοις
2687 4306 2863 4377 εὕροις
2900 4307 2978 4362 ἂν
3012 4314 3106 4366 καὶ
3151 4316 3209 4365 ἐν
3255 4323 3382 4386 ρμη¹
3424 4318 3444 4386 z,‘

2461 4394 2520 4447 οὑ
2545 4393 2611 4447 τὰ
2654 4395 2777 4464 περὶ
2797 4394 2899 4463 γῆν
2934 4400 3092 4468 μόνα,
3127 4402 3261 4463 ἀλλὰ
3304 4405 3394 4459 καὶ
3417 4423 3444 4457 τ

850 4460 1049 4522 venies,
1092 4462 1182 4528 qui
1220 4461 1373 4515 docet
1403 4477 1511 4516 non
1553 4441 1616 4517 ea
1668 4464 1848 4530 modo,
1895 4482 2012 4534 quae
2053 4468 2120 4523 ad
2166 4477 2360 4524 terram

1932 4441 1947 4447 _
2465 4441 2515 4447 ,-
2661 4441 2776 4464 ---Γ
2808 4441 2893 4463 ,-,,
2934 4441 3092 4468 rum,
3127 4441 3261 4463 ην...
3304 4441 3394 4459 ην..
3427 4441 3443 4457 ι.

1918 4482 2012 4534 Illa?
2053 4468 2120 4523 ad
2166 4477 2360 4524 terram
2392 4441 2435 4495 Β
2465 4482 2755 4553 συλλήϐδην
2785 4486 3004 4545 ἃπασαν
3039 4491 3138 4561 τὴν
3175 4494 3369 4557 κτίσιν,
3404 4512 3443 4546 κι

849 4550 1129 4613 duntaxat,
1162 4550 1253 4605 sed
1283 4550 1443 4606 etiam
1470 4567 1532 4606 ea
1579 4569 1697 4622 quae
1723 4554 1788 4608 ad
1817 4557 2031 4621 coelum,
2058 4564 2111 4612 et
2137 4559 2364 4616 breviter

848 4624 916 4690 ad
943 4637 1241 4691 universam
1273 4644 1571 4694 creaturam
1603 4640 1884 4708 pertinent,
1936 4643 2051 4712 ipso
2098 4642 2206 4698 Deo
2237 4645 2360 4698 uni-

849 4728 990 4782 versi
1040 4727 1260 4795 jubente
1286 4727 1574 4785 exstitisse.
1610 4727 1749 4783 Dicit
1786 4730 1948 4800 igitur
1993 4752 2004 4786 :
2055 4752 2074 4784 ι
2126 4733 2363 4788 Laudate

849 4817 1128 4872 Dominum
1155 4818 1222 4873 de
1246 4818 1417 4883 ccelis,
1445 4820 1657 4875 laudate
1684 4837 1805 4875 eum
1844 4822 1898 4876 in
1928 4825 2175 4881 excelsis.
2224 4825 2363 4881 Lau-

847 4905 968 4960 date
992 4923 1134 4972 eum,
1164 4925 1352 4965 omnes
1376 4911 1547 4981 angeli
1577 4911 1726 4980 ejus;
1749 4913 1960 4970 laudate
1988 4931 2132 4982 eum,
2175 4931 2360 4972 omnes

848 4993 1071 5051 virtutes
1096 4998 1232 5066 ejus.
1292 5000 1528 5056 Laudate
1556 5018 1696 5067 eum,
1733 5004 1812 5058 sol
1849 5011 1906 5060 et
1956 5006 2102 5073 luna,
2147 5007 2363 5064 laudate

849 5092 991 5144 eum,
1034 5097 1216 5140 omnes
1244 5089 1409 5143 stellae
1448 5098 1499 5143 et
1528 5089 1706 5145 lumen
1738 5107 1752 5145 ε
1785 5093 2038 5162 quoniam
2070 5096 2184 5164 ipse
2207 5095 2358 5159 dixit,

852 5175 905 5221 et
941 5166 1075 5221 facta
1108 5183 1261 5237 sunt;
1296 5177 1409 5245 ipse
1437 5178 1727 5249 mandavit,
1766 5190 1821 5238 et
1860 5194 2038 5238 creata
2078 5191 2203 5238 sunt
2231 5184 2296 5238 ³⁸.
2333 5202 2352 5234 ι

852 5254 1004 5320 Quod
1061 5258 1106 5310 si
1150 5259 1262 5326 ipse
1303 5265 1591 5332 mandavit,
1640 5272 1906 5341 quisnam,
1933 5288 2133 5343 quasso,
2189 5287 2361 5342 usque

852 5345 987 5402 adeo
1014 5358 1256 5414 magnus,
1290 5355 1347 5403 ut
1386 5357 1688 5413 mandatum
1747 5363 1812 5419 de
1856 5364 2018 5419 tantis
2062 5363 2224 5418 rebus
2250 5378 2364 5416 sus-

2462 4569 2567 4622 τῶν
2606 4571 2739 4623 ὅλων
2778 4571 2913 4626 Θεοῦ
2960 4579 3259 4645 γεγονέναι.
3310 4580 3444 4647 Λέγε

2461 4658 2550 4710 τὸν
2581 4657 2778 4727 Κύριον
2824 4661 2889 4713 ὲκ
2927 4663 3034 4715 τῶν
3077 4666 3337 4737 οὐρανῶν,
3384 4670 3441 4719 αἰ

2463 4748 2716 4817 ὑψίστοις.
2739 4748 2945 4804 Αἰνεῖτε
2974 4754 3135 4809 αὑτὸν
3155 4755 3351 4818 πάντες
3371 4757 3443 4823 ἄγη

2462 4839 2618 4894 αὑτὸν
2648 4840 2814 4893 πᾶσαι
2854 4844 2911 4894 αἱ
2940 4842 3191 4914 δυνάμεις
3227 4846 3403 4898 αὑτοῦ.
3434 4880 3444 4897 .

2464 4926 2555 4980 καὶ
2586 4925 2797 4997 σελήνη,
2844 4931 3046 4984 αἱνείτε
3089 4932 3250 4986 αὑτὸν
3292 4931 3444 4985 πάντα

2464 5014 2602 5083 φῶς·
2651 5016 2730 5076 ὃτι
2771 5016 2934 5082 αὐτὸς
2973 5015 3125 5084 εἷπε,
3176 5021 3267 5073 καὶ
3311 5022 3444 5089 ὲγενι

2462 5104 2717 5169 ετείλατο,
2750 5108 2842 5159 καὶ
2861 5108 3200 5179 ἐκτίσθησαν.
3233 5129 3252 5163 ι
3276 5110 3337 5162 Εἰ
3367 5108 3443 5178 γάγ

2463 5193 2555 5246 καὶ
2601 5194 2682 5256 τίς
2728 5190 2795 5264 ἦν
2832 5196 3110 5260 τοσοῦτος,
3158 5198 3233 5260 ὡς
3282 5197 3375 5266 τὴν
3430 5214 3444 5248 1

2457 5298 2563 5334 των
2590 5283 2800 5354 ἐντολὴν
2847 5285 3220 5352 ὑποδέξασθαι,
3258 5285 3289 5355 ἢ
3320 5286 3348 5336 6
3392 5301 3444 5335 το

2458 5369 2708 5435 ποικίλως
2735 5371 2821 5425 διὰ
2850 5374 2949 5442 τῆς
2993 5374 3268 5444 παρούσης
3304 5374 3433 5442 ἡμῖν

851 5430 1049 5529 ciperet
1067 5470 1081 5493 ,
1130 5443 1321 5503 praeter
1349 5436 1440 5529 Dei
1491 5440 1758 5503 Verbum?
1786 5455 1928 5522 quod
1966 5453 2109 5508 varie
2140 5455 2195 5508 in
2222 5467 2356 5523 prai-

1918 5455 1928 5508 l
1966 5453 2109 5508 varie
2140 5455 2195 5508 in
2222 5467 2356 5523 prai-
2457 5430 2731 5525 γούμενος,
2778 5461 2870 5514 καὶ
2906 5430 3085 5529 λόγος.
3108 5430 3262 5519 Θεούν
3286 5430 3443 5528 π’ροσα

850 5524 988 5586 senti
1034 5538 1215 5592 opere,
1244 5539 1273 5578 a
1306 5527 1482 5594 nobis,
1507 5537 1758 5601 tanquam
1785 5540 1924 5600 Deus
1961 5543 2274 5607 celebratur,
2303 5550 2357 5597 et

1918 5561 1924 5597 ι
1961 5543 2274 5607 celebratur,
2303 5550 2357 5597 et
2454 5524 2580 5608 τως,
2604 5524 2684 5601 ὅτι
2724 5547 2787 5622 δὴ
2812 5551 2931 5613 τοὺς
2953 5524 3065 5604 τῶν
3098 5524 3342 5604 enavsz
3369 5547 3443 5616 δη]

949 5675 993 5713 ³⁸
1022 5676 1173 5735 toan.
1202 5694 1239 5749 ι,
1270 5680 1377 5743 1,2.
1490 5685 1530 5716 ⁸⁷
1550 5682 1687 5743 Psal.
1716 5705 1882 5765 xxxii,
1913 5697 2025 5756 8-9.
2100 5698 2144 5731 ³⁸
2167 5695 2311 5754 Psal.
2338 5712 2471 5752 cuv

1202 5694 1239 5749 ι,
1270 5680 1377 5743 1,2.
1490 5685 1530 5716 ³⁷
1550 5682 1687 5743 Psal.
1716 5705 1882 5765 xuii,
1913 5697 2025 5756 8-9.
2100 5698 2144 5731 ³⁸
2167 5695 2311 5754 1³8³1.
2338 5711 2557 5767 CLXVI".
2590 5699 2698 5757 1-5-
