3862 6378
1150 447 1375 504 ΒΕΜΟΝ
1383 445 1463 502 ST
1470 445 1783 503 RATIONIS

1885 445 2257 506 νΑΝςΕιιελε
2296 446 2423 506 LIB.
2462 448 2525 504 ν.
3291 456 3393 512 378

130 532 713 656 ωηιί
744 537 1073 656 ξιξαντξκ
1081 563 1267 656 ράτωρ
1293 567 1349 618 ὲν
1384 561 1527 633 αὐτῷ
1564 562 1789 617 καταδέ-

1886 564 2121 620 Verbum
2149 562 2240 619 Dei
2265 566 2582 634 appellatur,
2612 568 2802 622 merito
2831 568 2958 625 illud
2989 570 3223 641 quidem,
3270 587 3391 641 pro-

151 621 384 736 ξξξξριἶ
412 621 568 736 xii"?
600 631 722 736 ξω)-
754 635 935 736 τάιξξι
969 645 1050 736 τὰ
1082 621 1380 720 ’σύμπαντα
1409 621 1606 706 διέπειν
1647 650 1789 721 αὑτῷ

1885 663 2062 726 pterea
2088 655 2228 725 quod
2260 656 2500 710 omnium
2525 671 2704 711 rerum
2750 621 3062 717 artiﬁciosae
3090 621 3248 731 atqu’e
3270 621 3395 718 reiii-

179 717 1044 832 ὕξχυδεξνῗνλπίξραδοῦςο
1219 742 1323 811 γάρ
1360 738 1450 795 οὖν
1492 759 1572 805 τις
1599 717 1789 796 ὑπολῷ

1885 761 2040 802 caces
2069 746 2323 810 rationes,
2352 746 2687 816 omnipotens
2737 747 2792 801 in
2836 749 3007 818 ipsum
3054 752 3342 820 conjeccrit
3374 769 3391 807 :

195 836 277 887 τι,
298 813 390 889 τε)
412 812 569 909 παρὰ
599 816 937 909 ἀνθρώποις
982 828 1056 881 ἐκ
1088 831 1364 886 συλλαϐῶν
1397 833 1700 897 συνεστῶτι,
1730 832 1789 887 ἐκ

1886 840 2044 909 230
2100 837 2292 909 quippe
2328 838 2421 908 qui
2456 812 2664 893 ratione
2707 812 2873 908 atque
2914 840 3099 896 ordine
3145 812 3393 898 universa

223 933 281 967 τε
311 905 581 977 δνομάτων
612 908 715 962 καὶ
743 910 1030 982 ῥημάτων
1053 922 1409 991 συγκειμένῳ,
1430 920 1669 992 ὲνάρθρῳ
1701 923 1789 974 καὶ

2006 905 2063 982 et
2089 905 2446 997 dispensanda
2470 935 2523 982 et
2551 905 2891 997 gubernanda
2908 929 3203 985 tradiderit.
3226 932 3394 987 Nemo

234 999 536 1073 emptu]:
555 998 705 1071 λόγῳ
725 1002 825 1056 τὸν
866 1005 970 1059 τοῦ
997 1007 1138 1061 Θεοῦ
1170 1012 1456 1080 παρόμοιον
1478 1010 1752 1079 τυγχάνειν
1772 1027 1788 1045 η

1885 1017 2048 1087 igitur
2076 1024 2223 1087 putet
2252 1017 2516 1078 humanae,
2560 1030 2679 1085 quae
2707 1030 2769 1069 ex
2803 1017 3021 1086 syllabis
3066 1027 3396 1083 constat,oet

247 1091 337 1145 δτι
361 1092 416 1163 δὴ
445 1093 473 1144 6
505 1092 621 1163 παρ’
661 1094 802 1163 ἡμῖν
834 1095 1006 1164 λόγος
1033 1100 1092 1151 ὲν
1131 1103 1329 1168 φωναῖς
1365 1100 1456 1157 καὶ
1491 1099 1789 1164 συλλαϐαῖς,

1885 1125 1951 1164 ex
1983 1108 2288 1163 nominibus
2312 1117 2364 1162 et
2379 1108 2557 1162 verbis
2579 1109 2935 1176 componitur,
2967 1108 3277 1173 articulatae,
3314 1119 3395 1164 at-

244 1184 357 1235 καὶ
382 1185 474 1245 τοίς
492 1183 576 1235 διά
603 1183 812 1239 τούτων
842 1191 1263 1261 σημαινομένοις
1295 1190 1544 1260 κέκτηται
1581 1190 1677 1259 τὴν
1707 1191 1789 1242 οὐ-

1886 1212 1988 1268 que
2017 1196 2327 1251 enuntiabili
2358 1195 2737 1261 orationi,'Dei
2772 1197 2993 1251 verbum
3024 1195 3197 1251 simile
3227 1214 3345 1254 esse
3376 1218 3391 1254 :

247 1270 392 1334 σίαν,
421 1272 506 1326 διὰ
535 1272 784 1345 γλώττης
812 1279 916 1330 καὶ
964 1279 1255 1350 ἀρτηριῶν,
1296 1279 1566 1350 φάρυγγός
1603 1296 1661 1331 τε
1700 1279 1789 1337 καὶ

1886 1288 2135 1358 quoniam
2167 1294 2348 1343 nostra
2380 1287 2491 1341 hate
2518 1287 2690 1340 oratio
2734 1287 2790 1341 in
2833 1286 3052 1341 vocibus
3079 1293 3131 1341 et
3159 1287 3395 1357 syllabis,

242 1362 502 1432 στόματος
537 1366 956 1436 προφερόμενος
983 1385 998 1399 ·
1035 1372 1065 1421 6
1104 1370 1160 1423 δὲ
1198 1373 1297 1441 τῆς
1327 1371 1496 1424 ἀϊδίου
1524 1371 1615 1424 καὶ
1648 1372 1789 1424 ἀσω-

1886 1386 1939 1432 et
1970 1377 2034 1432 iis
2054 1392 2171 1446 quae
2198 1392 2294 1446 per
2323 1377 2433 1432 haec
2459 1376 2848 1446 signiﬁcantur,
2876 1374 3126 1445 quicquid
3149 1376 3263 1445 ipsa
3293 1384 3395 1440 est,

239 1450 412 1519 μάτου
449 1452 689 1522 φύσεως,
732 1456 915 1528 πάντη
958 1458 1096 1511 κατὰ
1139 1460 1309 1513 πάντα
1345 1458 1435 1512 τοῦ
1484 1461 1603 1514 καθ’
1648 1463 1789 1532 ἡμᾶς

1886 1466 2087 1521 obtinet
2115 1484 2129 1521 :
2159 1474 2362 1535 utpote,
2414 1482 2533 1536 qua:
2572 1481 2666 1535 per
2694 1465 2948 1533 linguam,
2990 1471 3044 1519 et
3071 1466 3315 1530 arterias,
3344 1474 3400 1521 et

226 1543 714 1614 παρηλλαγμένος,
749 1547 904 1603 οὐδὲν
930 1548 1257 1618 ἀνθρώπειον
1283 1551 1516 1617 ἐπάγοντ’
1543 1551 1626 1613 ἂν,
1659 1552 1789 1622 μόνῃ

1888 1555 2086 1622 fauces,
2124 1566 2175 1611 et
2213 1571 2295 1619 os,
2337 1556 2642 1625 proferatur
2676 1573 2690 1609 :
2721 1556 3060 1625 sempiternae
3082 1571 3211 1610 vero
3240 1563 3400 1626 atque

216 1634 569 1704 κεχρημένος
595 1639 667 1706 τῇ
691 1637 794 1707 τῆς
820 1641 1173 1709 προσρήσεως
1190 1640 1466 1710 ὁμωνυμίᾳ
1482 1657 1495 1670 ’
1520 1642 1635 1692 ἐπεὶ
1658 1642 1790 1710 μήτε

207 1722 410 1791 φωνὴν
456 1720 560 1792 τὴν
603 1722 676 1774 δι’
714 1724 880 1793 ἀέρος
917 1725 1186 1795 κρούσεως
1231 1726 1604 1795 ὑφισταμένην,
1659 1728 1790 1796 μήτε

202 1811 468 1881 ῥήματα,
492 1815 644 1884 μήτε
674 1815 972 1879 συλλαϐάς,
1000 1818 1131 1887 μήτε
1158 1816 1414 1887 γλῶτταν,
1444 1820 1575 1887 μήτε
1603 1820 1787 1888 στόμα,

194 1904 360 1971 μήτε
405 1904 548 1968 ὅλως
589 1922 649 1957 τι
688 1906 804 1958 τῶν
841 1907 1185 1977 ἀνθρωπείων
1226 1909 1317 1960 καὶ
1346 1908 1546 1979 θνητῶν
1578 1910 1666 1963 ἐπὶ
1698 1911 1788 1964 τοῦ

186 1993 317 2045 τῶν
365 1994 514 2047 ὅλων
560 1994 712 2048 Θεοῦ
764 1995 1158 2068 παραληπτέον.
1192 1998 1377 2066 Ψυχῆς
1416 1998 1519 2069 γὰρ
1557 1998 1620 2051 ἂν
1653 2000 1735 2068 εἴη
1761 2003 1789 2053 6

181 2081 371 2151 λόγος
404 2080 589 2147 οὗτος,
620 2086 652 2137 6
676 2085 933 2155 οὐδαμῶς
958 2081 1066 2148 οἷός
1100 2103 1157 2138 τε
1187 2086 1303 2143 καθ’
1335 2088 1515 2140 ἑαυτὸν
1541 2089 1657 2157 δίχα
1687 2090 1788 2157 ψυ-

178 2176 300 2243 χῆς
332 2170 510 2238 εἶναι,
541 2174 579 2245 ἢ
624 2175 951 2242 ὑποστῆναι.
984 2176 1193 2228 Τοιόσδε
1220 2177 1325 2248 γὰρ
1345 2180 1372 2229 6
1399 2179 1454 2228 ὲν
1495 2178 1789 2248 ἀνθρώποις

177 2262 398 2331 λόγος,
432 2264 581 2327 ἰδίως
617 2264 725 2333 μὲν
769 2264 1017 2327 άνοὺσιος
1039 2264 1113 2317 ὢν
1142 2266 1232 2318 καὶ
1270 2266 1645 2331 ἀνυπόστατος,
1673 2268 1786 2321 ὅλον

176 2352 244 2405 δὲ
272 2353 436 2405 αὐτὸ
462 2352 694 2421 κίνησίς
739 2369 800 2404 τε
841 2353 934 2410 καὶ
965 2353 1208 2422 ἐνέργεια
1234 2353 1463 2416 διανοίας
1494 2357 1782 2425 τυγχάνων.

194 2440 398 2493 Ἀλλὰ
425 2441 538 2512 γὰρ
570 2442 635 2494 οὑ
673 2444 775 2493 καὶ
802 2443 832 2493 6
861 2441 951 2494 τοῦ
979 2441 1110 2495 Θεοῦ
1134 2442 1385 2506 τοιοῦτος,
1414 2444 1545 2512 ἔχων
1589 2445 1643 2496 δὲ
1668 2445 1785 2498 καθ’

188 2530 418 2583 ἑαυτὸν
460 2532 681 2583 οἰκείαν
732 2531 1026 2584 ὑπόστασιν
1085 2532 1220 2585 πάνυ
1265 2532 1408 2585 θείαν
1454 2535 1544 2586 καὶ
1583 2535 1787 2604 νοερὰν,

199 2619 381 2681 ἰδίως
418 2618 512 2688 μὲν
538 2619 896 2689 ὑφεστῶσαν,
928 2620 1068 2682 ἰδίως
1094 2620 1138 2673 δ’
1164 2617 1229 2674 αὖ
1269 2621 1423 2674 πάλιν
1452 2624 1787 2693 ἐνεργοῦσαν,

205 2710 401 2763 ᾰῦλόν
427 2727 485 2762 τε
515 2706 691 2763 οὖσαν
734 2711 833 2762 καὶ
875 2710 1185 2780 ἀσώματον,
1221 2712 1312 2764 καὶ
1353 2712 1490 2765 κατὰ
1527 2714 1698 2766 πάντα
1723 2717 1786 2785 τῇ

208 2799 323 2850 τοῦ
380 2798 591 2867 πρώτου
644 2799 746 2853 καὶ
795 2800 1086 2870 άγεννήτου
1136 2801 1226 2854 καὶ
1279 2802 1433 2870 μόνου
1470 2802 1599 2855 Θεοῦ
1638 2804 1790 2872 φύσει

216 2891 739 2961 παρωμοιωμὲνην,
787 2890 913 2953 τοὺς
954 2891 1060 2943 τῶν
1105 2891 1369 2963 γεννητῶν
1415 2893 1657 2948 ἁπάντων
1701 2896 1789 2948 λό-

222 2994 409 3043 γους,
447 2982 537 3033 καὶ
579 2979 680 3044 τὰς
706 2981 819 3033 τῶν
847 2981 1134 3052 δρωμένων
1164 2983 1475 3052 ἀσωμάτους
1498 3002 1553 3037 τε
1583 2988 1672 3038 καὶ
1704 2988 1789 3040 άο-

1889 2983 1983 3036 scd
2012 2996 2107 3050 per
2138 2981 2372 3049 seipsum
2403 2980 2606 3033 habens
2630 2979 2896 3048 propriam
2919 2978 3290 3040 substantiam,
3309 2993 3402 3031 us-

229 3067 442 3135 βάτους
470 3069 610 3132 ἰδέας
640 3071 700 3121 ὲν
726 3070 866 3139 αὑτῇ
892 3071 1172 3143 φέρουσαν.
1192 3071 1279 3123 Διὸ
1298 3072 1387 3124 καὶ
1404 3073 1586 3140 σοφίαν
1606 3075 1789 3146 αὐτὴν,

1887 3086 2200 3142 quequaque
2230 3071 2461 3123 divinam
2496 3076 2653 3138 atque
2687 3068 3083 3137 intelligentem,
3129 3082 3246 3136 qua:
3291 3068 3401 3136 pri-

231 3157 340 3207 m‘t
382 3156 509 3209 Θεὸν
543 3157 716 3224 Λόγον
761 3158 814 3209 οί
858 3156 987 3210 θεῖοι
1019 3159 1250 3228 χρησμοὶ
1294 3162 1788 3231 προσαγορεύουσιν.

1885 3166 2047 3217 vatim
2087 3160 2297 3230 quidem
2341 3158 2614 3222 subsistit,
2660 3157 3007 3227 privatimque
3049 3155 3186 3210 idem
3222 3155 3398 3217 ellicit,

199 3265 206 3270 ·
235 3247 511 3318 quidquid
542 3249 727 3312 elIicit,
759 3263 950 3302 verum
977 3251 1214 3303 materiae
1244 3253 1416 3305 omnis
1443 3261 1525 3308 est
1566 3272 1776 3325 expers,
1812 3266 1866 3312 et
1892 3259 2227 3324 incorporea,
2255 3260 2308 3306 et
2344 3250 2488 3304 omni
2544 3250 2748 3303 ratione
2777 3248 2932 3318 primi
2968 3255 3022 3302 et
3049 3247 3288 3318 ingeniti,
3340 3252 3394 3301 et

242 3338 430 3394 solius
456 3340 545 3396 Dei
590 3347 804 3394 natura:
835 3337 1153 3402 assimilata,
1193 3356 1376 3396 earum
1427 3346 1663 3400 omnium
1728 3363 1907 3402 rerum
1964 3362 2083 3416 quae
2121 3344 2272 3397 facta:
2339 3348 2482 3403 sunt,
2521 3340 2773 3398 rationes,
2808 3346 2862 3390 et
2911 3352 3093 3390 earum
3140 3352 3256 3405 qua:
3288 3336 3389 3390 sub

245 3427 437 3482 visum
460 3431 677 3494 cadunt,
711 3430 1061 3499 incorporeas
1088 3437 1141 3483 et
1164 3431 1459 3488 invisibiles
1486 3439 1710 3504 species,
1762 3438 1817 3493 in
1853 3438 2027 3507 seipsa
2093 3435 2285 3489 ferens.
2329 3430 2503 3496 Quare
2535 3430 2678 3483 illam
2723 3435 2778 3483 et
2819 3426 3141 3496 Sapientiam
3197 3434 3250 3480 et
3302 3424 3395 3479 Dei

1886 1647 2209 1716 incorporea:
2234 1654 2435 1700 natura:
2459 1644 2692 1700 Verbum
2720 1647 2863 1699 omni
2909 1646 3126 1699 omnino
3167 1646 3394 1708 ratione,

1885 1753 2002 1806 quae
2032 1753 2061 1790 a
2092 1737 2248 1791 nobis
2278 1736 2505 1806 proferri
2540 1736 2713 1791 solent
2747 1736 2905 1789 verba
2939 1743 3395 1806 praetergressum,

1885 1828 2017 1881 nihil
2045 1828 2288 1880 humanae
2308 1827 2529 1880 rationis
2553 1841 2659 1904 prae
2685 1841 2742 1880 se
2774 1825 2927 1892 ferat,
2958 1826 3049 1880 sed
3078 1828 3245 1880 solam
3276 1840 3399 1880 cum

1889 1918 2122 1971 humano
2166 1917 2330 1971 verbo
2381 1930 2717 1970 communem
2769 1915 3171 1982 appellationem
3220 1915 3397 1984 possi—

1889 2004 2010 2058 deat
2049 2023 2061 2058 :
2093 2006 2302 2073 quando
2327 2019 2501 2072 neque
2526 2018 2733 2066 vocem,
2783 2017 2902 2071 quae
2938 2017 3001 2056 ex
3053 2003 3190 2056 aeris
3240 2003 3396 2071 pulsu

1890 2100 2118 2154 constet,
2145 2107 2316 2160 neque
2341 2093 2601 2147 dictiones
2632 2092 2788 2156 ullas,
2817 2106 2988 2159 neque
3024 2091 3273 2161 syllabas,
3304 2105 3400 2144 ne-

1890 2196 1992 2249 que
2022 2181 2276 2249 linguam,
2312 2195 2484 2249 neque
2513 2195 2596 2243 os,
2641 2195 2813 2248 neque
2859 2180 3076 2233 omnino
3128 2177 3400 2247 quidpiam

1889 2267 2105 2321 humani
2153 2267 2264 2321 sive
2302 2266 2562 2331 mortalis,
2601 2266 2658 2320 in
2704 2266 2812 2320 Deo
2854 2265 3089 2320 universi
3138 2266 3397 2333 accipere,

1888 2357 2000 2411 sive
2027 2357 2338 2424 intelligere,
2367 2354 2447 2409 fas
2474 2362 2576 2410 est.
2607 2354 2665 2408 ld
2692 2355 2833 2408 enim
2860 2355 3076 2409 verbum
3109 2357 3297 2408 animae
3316 2369 3401 2408 es-

1887 2452 1989 2509 set,
2021 2444 2160 2513 quod
2200 2444 2349 2497 nullo
2375 2442 2532 2496 modo
2560 2456 2656 2512 per
2694 2442 2930 2511 seipsum
2957 2441 3025 2494 ab
3052 2441 3225 2494 anima
3254 2456 3403 2495 seor-

1852 2568 1859 2573 -
1889 2547 2005 2587 sum
2033 2537 2213 2600 posset
2239 2544 2377 2593 esse,
2419 2537 2511 2582 aut
2537 2530 2849 2583 consistere.
2880 2527 3007 2582 Tale
3044 2529 3185 2582 enim
3215 2528 3404 2582 huma-

1886 2638 2014 2676 num
2067 2627 2149 2676 est
2190 2621 2429 2684 verbum,
2472 2618 2613 2688 quod
2662 2619 2905 2688 privatim
2937 2619 3148 2688 quidem
3176 2619 3398 2685 nullam,

1887 2727 2059 2780 neque
2099 2710 2406 2771 essentiam,
2460 2722 2630 2777 neque
2672 2708 3020 2762 substantiam
3070 2707 3246 2769 habet,
3307 2705 3399 2762 sed

1888 2810 2055 2855 totum
2087 2801 2254 2854 libera
2287 2798 2525 2868 quaedam
2556 2797 2720 2851 motio
2751 2805 2853 2860 est,
2902 2804 2955 2852 et
3004 2796 3278 2852 ellicientia
3305 2802 3398 2851 co-‘

1886 2892 2180 2964 gitationis.
2236 2889 2518 2952 Caeterum,
2551 2888 2723 2958 ipsum
2753 2886 2846 2941 Dei
2874 2886 3105 2941 Verbum
3135 2902 3242 2940 non
3273 2888 3398 2953 tale,

1819 1881 1860 1934 Β

251 3517 514 3586 Verbum
541 3522 725 3577 divina
758 3522 979 3576 oracula
1003 3523 1288 3590 appellant.

777 3612 1166 3666 ΚΕΦΑΛΑΙΟΝ
1198 3617 1286 3680 (τ’.

2422 3572 2433 3585 ’
2470 3605 2692 3661 CAPUT
2730 3604 2816 3658 v1.

264 3687 376 3770 Ὠς
405 3699 489 3751 καὶ
532 3699 776 3770 ᾙσαΐας
812 3699 922 3770 δύο
965 3700 1220 3770 μυρίους
1265 3703 1473 3769 ὁμοίως
1509 3705 1586 3770 τῷ
1624 3707 1789 3761 Δαὸὶδ

1891 3700 2038 3770 Quod
2071 3700 2241 3770 Isaias
2275 3697 2511 3750 similiter
2536 3705 2593 3748 ut
2617 3694 2799 3770 David,
2826 3692 2975 3755 duos,
2996 3690 3204 3770 Patrem
3230 3702 3277 3770 et

334 3766 617 3845 declare-3?,
655 3769 757 3821 καὶ
802 3769 909 3821 τὸν
953 3767 1223 3835 δεύτερον
1264 3766 1613 3900 domodong
1646 3774 1792 3830 εἶναι

338 3846 454 3886 των
479 3835 651 3900 ὅλων,
681 3835 998 3900 ὠσπεροῦν
1028 3840 1122 3890 καί
1164 3840 1326 3891 αὐτοὶ
1359 3840 1502 3900 δοξά
1530 3858 1685 3900 ομεν.

338 3835 454 3886 τῶν
479 3835 651 3900 ὅλων,
681 3835 998 3903 ὠσπεροῦν
1028 3840 1122 3890 καί
1164 3835 1685 3911 αὑτοῖδοξᾶζομεν.

333 3937 359 3970 ε
403 3926 584 3979 ’Δκουὲ
634 3945 763 3998 μου,
805 3925 996 3978 Ἰακὼὸ
1014 3928 1105 3980 καὶ
1138 3929 1368 3999 Ἰσραὴλ,
1386 3929 1442 3983 ὃν
1478 3931 1583 3999 ἐγὼ
1625 3934 1787 3989 καλῶ.

261 4001 423 4078 Ἐγώ
443 4017 548 4085 εἰμι
580 4016 814 4085 πρῶτος,
847 4016 940 4068 καὶ
966 4016 1072 4083 ἐγώ
1104 4019 1215 4085 είμι
1244 4018 1321 4080 είς
1360 4019 1448 4071 τὸν
1486 4021 1670 4085 αἰῶνα,
1701 4023 1792 4075 καὶ

245 4090 280 4181 ᾖ
320 4102 451 4171 χείρ
491 4121 584 4171 μου
626 4101 954 4173 ἐθεμελίωσε
984 4103 1080 4173 τὴν
1122 4104 1243 4173 γῆν,
1295 4106 1385 4157 καὶ
1422 4109 1454 4177 ή
1500 4108 1644 4172 δεξιά
1691 4128 1791 4181 μου

241 4179 549 4261 ἔπτερέωσε
579 4195 677 4255 ,τὸν
715 4193 960 4265 οὐρανόν.
1020 4194 1242 4247 Καλέσω
1291 4197 1501 4261 αὑτοὺς,
1547 4201 1639 4253 καὶ
1671 4179 1793 4273 στή-

245 4280 451 4333 σῢνται
491 4284 619 4353 ἅμα,
650 4284 746 4336 καὶ
786 4283 1200 4353 συναχθήσονται
1239 4284 1453 4350 πάντες,
1499 4288 1590 4341 καὶ
1631 4290 1792 4342 ἀκού-

243 4374 467 4437 σονται,
498 4375 573 4437 τίς
602 4376 783 4437 αὑτοῖς
810 4373 1091 4444 ἀνήγγειλε
1122 4375 1308 4429 ταῦτα.
1342 4377 1540 4449 Κύριος
1572 4381 1792 4447 ἀγαπῶν

244 4463 354 4517 σε.
393 4462 586 4532 ἐποίησε
626 4465 686 4517 τὸ
727 4464 938 4534 θέλημά
980 4482 1070 4516 σου
1102 4466 1194 4517 ὲπῖ
1218 4467 1520 4532 Βαϐυλῶνα,
1547 4472 1638 4523 τοῦ
1667 4467 1792 4542 ἆραι

247 4546 486 4615 σπέρμα
509 4551 796 4604 Χαλδαίων.
845 4552 983 4620 Ἐγὼ
1009 4551 1256 4622 ἐλάλησα,
1286 4557 1375 4607 καὶ
1414 4555 1520 4622 ἐγὼ
1544 4558 1789 4614 ἐκάλεσα.

1955 3772 2082 3823 lium
2114 3769 2402 3836 conﬁtetur,
2438 3774 2487 3836 et
2517 3780 2693 3836 eorum
2732 3763 2952 3815 alterum
2983 3762 3205 3836 universi
3235 3760 3399 3830 Opi/i-

1961 3855 2087 3901 cem,
2117 3831 2542 3906 quemadmodum
2567 3834 2667 3901 ipsi
2699 3846 2892 3901 quoque
2921 3831 3195 3883 credimus.

1960 3948 1979 3980 ι
2022 3929 2158 3983 Audi
2206 3943 2309 3990 me,
2357 3924 2539 3987 Jacob,
2591 3930 2643 3978 et
2688 3922 2853 3977 Israel
2894 3935 3051 3990 quem
3098 3936 3198 3989 ego
3241 3934 3393 3975 voco.

1887 4018 1997 4088 Ego
2044 4032 2160 4072 sum
2212 4017 2436 4085 primus,
2489 4020 2542 4067 et
2589 4027 2686 4082 ego
2740 4027 2857 4065 sum
2911 4011 2966 4064 in
3018 4017 3293 4072 mtcrnum,
3347 4015 3403 4064 et

1888 4125 2080 4165 manus
2146 4123 2263 4162 mea
2320 4104 2562 4159 fundavit
2616 4112 2848 4167 terram,
2921 4099 3073 4170 231
3146 4106 3200 4153 et
3269 4098 3400 4154 dex-

1888 4206 2002 4254 tera
2056 4212 2171 4252 mea
2232 4193 2582 4251 consolidavit
2640 4193 2826 4247 cmlos.
2886 4187 3102 4243 Vocabo
3165 4203 3295 4254 eos,
3349 4198 3403 4244 et

1888 4290 2102 4344 stabunt
2144 4287 2320 4349 simul,
2351 4292 2403 4339 et
2447 4282 2907 4353 congregabuntur
2952 4294 3170 4343 omnes,
3210 4284 3263 4331 ct
3304 4292 3402 4330 au-

1888 4379 2052 4442 dient,
2094 4378 2213 4447 quis
2248 4376 2324 4430 eis
2358 4373 2693 4427 annuntiavit
2740 4372 2871 4424 haec.
2904 4369 3161 4422 Dominus
3198 4368 3289 4437 qui
3321 4367 3404 4420 di-

1887 4466 1999 4535 ligit
2026 4471 2108 4532 te,
2147 4462 2271 4517 fecit
2290 4462 2609 4515 voluntatem
2637 4466 2781 4512 tuam
2817 4457 2870 4510 in
2899 4456 3193 4526 Babylone,
3222 4463 3278 4507 ut
3302 4455 3402 4506 tol-

1888 4555 2017 4608 leret
2043 4568 2220 4607 semen
2250 4550 2635 4604 Chaldaeorum.
2672 4549 2782 4618 Ego
2807 4548 3020 4601 locutus
3053 4561 3193 4606 sum,
3216 4552 3268 4599 et
3305 4559 3402 4613 ego

250 4622 509 4704 Ἦγαγον
538 4642 711 4705 αὑτὸν,
746 4643 839 4695 καὶ
868 4641 1118 4694 εὑὼδωσα
1153 4642 1245 4712 τὴν
1272 4644 1385 4698 ὁδὸν
1412 4646 1589 4699 αὑτοῦ.
1624 4649 1789 4718 Προσ-

1888 4644 2069 4697 vocavi
2098 4658 2115 4706 ;
2141 4643 2265 4695 duxi
2298 4657 2416 4695 eum
2438 4681 2452 4703 ,
2501 4649 2553 4695 et
2585 4639 2754 4693 direxi
2803 4638 2941 4691 viam
2970 4636 3125 4704 ejus:
3159 4634 3402 4688 adducite

250 4722 503 4807 αἷάγετε
526 4729 652 4798 πρὸς
691 4730 780 4798 μὲ,
815 4730 908 4781 καὶ
944 4728 1205 4781 ἀκούσατε
1231 4730 1414 4784 ταῦτα.
1445 4735 1554 4787 Οὐκ
1582 4735 1673 4787 ἀπ’
1697 4737 1789 4807 ἁρ-

1888 4733 1954 4791 ad
1983 4748 2086 4797 me,
2114 4740 2168 4787 et
2196 4734 2370 4786 audite
2403 4732 2532 4786 haec.
2558 4731 2674 4786 Non
2705 4731 2772 4783 ab
2805 4729 2955 4782 initio
2993 4730 3047 4781 in
3089 4727 3295 4781 occulto
3323 4725 3401 4777 lo-

249 4801 388 4898 ιιῗις
406 4816 455 4868 ὲν
487 4822 655 4889 κρυφῇ
682 4818 970 4889 λελάληκα.
1013 4820 1201 4876 Ἠνίκα
1230 4821 1454 4887 ἐγένετο,
1493 4825 1606 4877 ἐκεῖ
1626 4801 1787 4898 ἥμην.

1888 4831 2041 4879 cutus
2080 4836 2216 4875 sum.
2247 4820 2468 4886 Quando
2497 4820 2670 4883 ﬁebat,
2701 4817 2809 4870 illic
2841 4831 2984 4870 eram
3014 4834 3027 4867 :
3061 4822 3113 4867 et
3137 4827 3277 4866 nunc
3296 4811 3401 4865 Do-

247 4881 397 4989 Ffzt
414 4903 495 4960 νῦν
511 4881 701 4989 male;
722 4881 926 4977 Rapta;
952 4908 1254 4962 ἀπέσταλκέ
1269 4881 1363 4978 ’με,
1383 4881 1474 4964 atat
1500 4914 1557 4966 τὸ
1582 4881 1789 4984 atat;

1889 4914 2066 4967 minus
2096 4909 2349 4965 Dominus
2375 4910 2522 4964 misit
2547 4923 2649 4970 me,
2671 4914 2724 4961 et
2747 4906 2963 4974 spiritus
2988 4904 3104 4970 ejus
3130 4904 3191 4954 ⁸³.
3221 4920 3240 4954 ι
3260 4902 3402 4956 Con-

245 4981 457 5047 asnog.
489 5013 507 5046 ,
539 4982 673 5068 *ορξι
725 4998 791 5066 δὴ
842 4998 935 5050 καὶ
988 4997 1082 5050 νῦν
1130 4998 1249 5050 τίνα
1294 4999 1484 5067 τρόπον
1524 5004 1552 5055 6
1595 4981 1786 5073 φήσάς,

1892 5001 2085 5064 sidera,
2109 5014 2307 5069 quaeso,
2336 4999 2443 5062 hic,
2468 5012 2697 5069 quonam
2728 4994 2884 5048 modo
2903 4993 2992 5061 qui
3020 4990 3153 5047 dixit
3179 5006 3194 5043 :
3234 5007 3253 5041 ι
3290 4989 3399 5060 Ego

242 5076 272 5159 ξ
368 5082 482 5151 Ἐγὼ
502 5088 609 5157 εἶμι
638 5089 666 5140 6
697 5088 932 5158 πρῶτος,
964 5089 1056 5141 καὶ
1088 5087 1197 5154 ἐγώ
1224 5091 1332 5156 εἰμι
1359 5091 1433 5152 είς
1475 5093 1562 5147 τὸν
1602 5095 1785 5157 αἰῶνα.

1892 5108 2007 5148 sum
2035 5091 2256 5159 primus,
2279 5096 2331 5142 et
2355 5103 2452 5156 ego
2500 5102 2618 5141 sum
2648 5086 2699 5138 in
2728 5090 3003 5143 aeternum,
3053 5080 3145 5149 qui
3201 5087 3398 5134 terrain

231 5146 323 5260 ξι
361 5146 441 5242 τὴν
462 5146 669 5247 γῆνκαὶ
696 5146 784 5230 τόν
808 5146 1030 5246 οὐρανὸν
1058 5146 1466 5243 συστησάμενος,
1507 5199 1524 5231 ι
1555 5146 1788 5254 ἐναργῶς

1890 5192 1943 5239 et
1967 5146 2156 5236 caelum
2176 5176 2541 5239 condidit,iita
2568 5177 2720 5245 plane
2744 5188 2799 5225 se
2819 5172 3036 5225 missum
3061 5185 3181 5225 esse
3205 5169 3401 5225 fatetur

220 5245 439 5342 ῗΞιτως
479 5245 803 5318 ἀπεστάλθαι
854 5245 1105 5334 όμολογεῖ
1160 5263 1263 5314 ὑπὸ
1310 5264 1508 5332 Κυρίου
1568 5245 1785 5342 Κυρίου,

1890 5287 1919 5325 a
1952 5270 2174 5323 Domino
2206 5266 2447 5320 Domino.
2498 5263 2588 5317 Sic
2614 5264 2754 5319 enim
2781 5259 2989 5314 Patrem
3015 5259 3288 5314 consuevit
3314 5258 3399 5314 bis

210 5327 412 5432 ἓῗιτω
438 5354 518 5406 τὸν
542 5354 757 5424 Πατέρα
803 5327 1043 5423 συνήθως
1075 5352 1156 5413 δὶς
1195 5327 1410 5427 Κύριον-
1438 5327 1789 5429 ἀναγορεύωνί

1887 5358 2167 5412 Dominum
2188 5354 2468 5425 appellare.
2498 5350 2676 5420 Itaque
2690 5349 2854 5403 habes
2875 5347 2977 5400 hoc
3007 5362 3216 5416 quoque
3243 5347 3399 5401 indu-

210 5418 356 5520 ξῖις
377 5440 431 5493 ἂν
453 5442 587 5513 ἔχοις
630 5418 726 5497 καὶ
772 5418 972 5512 ταύτην
1000 5418 1391 5509 ἀναμφίλεέιτον
1426 5444 1515 5496 τοῦ
1541 5418 1789 5520 ζητουμέί

1888 5448 2132 5508 bitatum,
2157 5418 2313 5498 de'eo
2343 5441 2409 5495 de
2437 5455 2542 5509 quo
2568 5418 2842 5509 quaeritur,
2870 5436 3228 5491 testimonium
3280 5433 3397 5488 Pri-

196 5500 363 5607 :‘u
385 5500 827 5602 τὴνῧμα-ρτυρίαν.
861 5500 1080 5599 Πρῶτον
1215 5525 1367 5579 αὑτὸν
1405 5528 1479 5592 ὼς
1523 5500 1789 5607 ἐνιγεννη-

1886 5550 2031 5590 mum
2061 5548 2183 5588 vero
2209 5532 2352 5585 illum
2381 5530 2468 5582 hic
2501 5528 2630 5583 dicit
2663 5543 2781 5584 esse
2812 5528 3067 5597 propheta
3094 5566 3109 5591 ,
3141 5540 3293 5594 quem
3338 5523 3395 5578 in

200 5592 377 5684 Nc
649 5592 791 5673 eivat
818 5592 983 5685 λέγει,
1009 5618 1105 5686 τὴν
1136 5614 1360 5683 ἄναρχον
1390 5620 1482 5672 καὶ
1512 5592 1789 5695 ἀγέννητον

1888 5626 1953 5681 iis
1980 5640 2095 5696 qua:
2121 5623 2293 5693 genita
2323 5627 2446 5677 sunt
2483 5622 2566 5690 pic
2608 5621 2733 5675 colit
2758 5638 2771 5673 :
2806 5592 2929 5673 nam
2956 5632 3073 5687 qua
3112 5592 3226 5674 sine
3247 5612 3395 5683 prin-

1010 5732 1035 5761 ρ

340 5751 484 5810 ⁸³15³.
519 5767 709 5809 xtvm.
754 5745 941 5801 12-16.
