3738 6302
820 339 922 398 διο
1488 331 1748 387 EUSEBII
1785 324 2248 389 CESARIENSIS
2267 333 2412 389 OPP.
2447 333 2622 389 PARS
2656 335 2722 390 ll.
2758 363 2826 382 αη-
2859 296 3296 389 APOLOGETK

822 451 959 521 cipio
983 455 1081 512 est,
1105 463 1325 517 quaeque
1347 448 1523 518 genita
1559 465 1664 502 non
1687 458 1790 513 est,
1819 451 2075 513 essentia,
2099 465 2213 504 eam
2255 458 2298 504 at

1821 451 2075 513 essentia,
2099 465 2213 504 eam
2255 458 2334 504 atv
2359 453 2408 509 Α
2431 454 2523 506 καὶ
2548 455 2644 523 τὴν
2670 454 2802 524 ὑπὲρ
2827 453 2886 504 τὸ
2918 452 3137 521 πρῶτον
3168 451 3297 502 οὖσι

823 541 1004 596 tribuit
1034 537 1199 590 Patri.
1233 537 1466 591 Primum
1497 539 1637 592 enim
1697 539 1750 590 in
1780 539 1960 607 aliquo
2006 539 2205 608 majore
2243 555 2299 593 nt

1823 539 1960 607 liquo
2006 539 2205 608 majore
2243 555 2342 593 nu-
2445 543 2517 595 Τὸ
2556 543 2761 612 γάρτοι
2802 540 3008 612 πρῶτον
3039 535 3299 608 ἀριθμοῦ

823 645 970 685 mero
1019 627 1301 691 antecedit,
1335 636 1388 680 et
1423 628 1624 681 honore
1672 635 1830 697 atque
1877 628 2063 683 ordine
2116 643 2299 697 praepm

1823 647 1830 680 :
1877 628 2063 683 ordine
2116 629 2349 697 praeponi
2445 634 2538 685 καὶ
2565 633 2708 695 τάξει
2737 628 3180 701 προτεταγμένον
3207 643 3221 654 ·
3268 627 3299 675 ὅ

825 717 1164 786 soletzquod
1217 716 1425 783 quidem
1477 717 1783 784 neutiquam
1835 715 1978 770 Patri
2017 718 2300 776 conveniat

1835 715 1978 770 Patri
2017 718 2300 776 conveniat.
2327 736 2340 770 :
2444 723 2569 792 ’πρὸς
2595 722 2874 791 άρμόσειεν
2897 737 2910 748 ·
2941 719 3000 770 οὐ
3050 716 3173 784 γὰρ
3205 715 3277 781 δὴ

825 822 932 861 non
973 806 1112 860 enim
1160 819 1343 858 eorum
1387 819 1506 873 quae
1541 806 1716 874 genita
1749 813 1872 858 sunt
1917 807 2120 874 primus
2154 813 2301 870 estsi

1829 813 1872 857 it
1917 807 2120 874 primus
2154 813 2234 861 est
2263 821 2354 870 su-
2446 811 2656 863 πάντων
2683 809 2830 870 Θεὸς,
2860 808 2980 859 ἐπεὶ
3017 805 3149 874 μηδ’
3199 805 3305 871 ἀρ)

825 911 1040 967 premus
1069 893 1233 960 Deus,
1269 893 1518 962 quoniam
1552 910 1618 948 ne
1639 895 1952 964 principium
1981 895 2190 964 quidem
2212 895 2301 948 illil

1831 896 1952 948 tium
1981 895 2190 964 quidem
2212 895 2352 949 illius
2447 901 2692 952 ἐπέκεινα
2722 899 2762 949 δ’
2789 899 2854 950 ἂν
2885 897 2967 965 εἴη
2997 894 3094 946 καὶ
3127 893 3307 944 ἀνωτ‹

828 986 992 1038 ullum
1025 983 1310 1052 excogitari
1346 989 1538 1050 potest,
1578 983 1670 1036 sed
1699 991 1780 1037 est
1815 985 1952 1038 ultra
1982 985 2233 1052 primum,
2260 993 2304 1036 ul

1832 985 1952 1036 rltra
1982 985 2233 1052 primum,
2260 991 2349 1036 ut-
2448 985 2604 1050 αὐτὸς
2634 987 2724 1038 καὶ
2752 986 2811 1037 τὸ
2843 983 3055 1051 πρῶτον
3109 979 3308 1047 γεννή⁴

827 1079 949 1140 pote
1000 1070 1090 1138 qui
1147 1070 1374 1137 primum
1418 1070 1529 1137 ipse
1574 1070 1844 1138 genuerit,
1885 1078 2042 1138 atque
2098 1078 2155 1122 ut
2189 1084 2303 1123 esse

1835 1111 1844 1135 ,
1885 1078 2042 1138 atque
2098 1078 2155 1122 ut
2189 1079 2348 1135 esset,
2451 1075 2606 1143 μόνου
2649 1073 2740 1126 τοῦ
2784 1071 2927 1124 θείου
2956 1070 3137 1135 Λόγου
3179 1065 3311 1116 πάν

829 1159 1010 1214 fecerit
1051 1177 1063 1220 ;
1101 1158 1522 1228 quandoquidem
1569 1159 1738 1212 solum
1793 1159 2032 1212 divinum
2079 1157 2305 1215 Verbum

1837 1159 2032 1212 ivinum
2079 1157 2310 1215 Verbum
2333 1196 2349 1221 .
2448 1163 2878 1234 χρηματίζοντος.
2913 1157 3278 1229 Ζητουμὲνου
3309 1181 3313 1197 ε

830 1252 1064 1306 omnium
1095 1266 1277 1305 eorum
1301 1266 1418 1319 quae
1445 1250 1622 1320 genita
1647 1259 1789 1316 sunt,
1813 1251 2037 1320 primum
2063 1249 2182 1318 jure
2213 1265 2306 1302 nui

1839 1251 2037 1303 irimum
2063 1249 2182 1318 jure
2213 1265 2352 1302 nun~
2451 1249 2590 1315 εἷπε,
2618 1251 2707 1304 καὶ
2750 1249 3084 1319 ἐγενήθησαν
3107 1263 3120 1276 ⁸
3171 1244 3315 1297 αὐτὸ

831 1355 1074 1414 cupatur.
1111 1345 1239 1398 Cum
1267 1360 1394 1412 ergo
1421 1352 1744 1413 quaereretur
1791 1344 1846 1396 in
1875 1343 1986 1406 illo,
2018 1362 2036 1394 (
2075 1341 2190 1411 Ipse
2215 1342 2305 1395 dix

1841 1343 1986 1406 iillo,
2018 1362 2036 1394 ι
2075 1341 2190 1411 lpse
2215 1342 2351 1395 dixit
2453 1343 2670 1412 σθησαν,
2720 1361 2737 1392 ι
2785 1342 2889 1394 τίνι
2936 1339 3033 1409 τὴν
3081 1335 3198 1390 τῶν
3255 1350 3317 1401 γε

831 1445 883 1489 et
917 1433 1055 1490 facta
1102 1441 1244 1496 sunt,
1279 1434 1392 1502 ipse
1435 1432 1703 1486 mandavit
1742 1440 1794 1486 et
1845 1439 2020 1487 creata
2061 1441 2185 1488 sunt
2215 1433 2284 1498 ⁸ο,

1845 1439 2020 1487 creata
2061 1441 2185 1488 sunt
2215 1433 2284 1498 ⁸ο,
2328 1450 2347 1484 ι
2457 1432 2752 1504 μιουργίαν,
2778 1430 2870 1483 νῦν
2897 1428 3082 1498 σαφῶς
3111 1423 3317 1479 άποδὲἐ

835 1523 1042 1581 cuinam
1084 1522 1429 1582 creandarum
1463 1535 1640 1574 rerum
1690 1520 2018 1575 mandaverit
2062 1521 2311 1589 Opiﬁciun

1843 1521 2018 1575 laverit
2062 1521 2352 1589 opiﬁcium,
2458 1539 2477 1572 ι
2523 1521 2584 1572 Ἦ
2614 1521 2732 1590 χείρ
2768 1537 2864 1589 μου
2893 1515 3234 1587 ἐθεμελίωσε
3273 1530 3319 1564 τί

833 1627 976 1665 nunc
1009 1611 1285 1679 perspicue
1315 1611 1729 1665 demonstratum
1771 1617 1885 1674 est,
1933 1609 2073 1678 quod
2113 1610 2309 1664 videlict

1845 1625 1885 1674 ;,
1933 1609 2073 1678 quod
2113 1610 2358 1664 videlicet
2455 1611 2744 1682 ὲστερέωσε
2773 1610 2862 1662 τὸν
2892 1607 3158 1679 οὐρανόν·
3203 1623 3224 1656 ι
3278 1603 3321 1655 ὃι

835 1703 882 1755 ei
914 1701 1001 1774 qui
1033 1701 1166 1760 dixit
1205 1721 1218 1755 :
1269 1720 1289 1754 ι
1326 1700 1510 1756 Manus
1571 1715 1688 1754 mea
1741 1699 1981 1753 fundavit
2029 1709 2224 1753 terram
2250 1739 2264 1762 ,
2304 1719 2311 1748 ι

1847 1700 1981 1753 davit
2029 1709 2224 1753 terram
2250 1739 2264 1762 ,
2304 1707 2358 1752 et
2391 1765 2430 1774 _
2457 1718 2544 1764 νος
2568 1699 2893 1761 ἀπεστάλθαι
2933 1698 3195 1768 ὁμολογεῖ
3243 1694 3323 1746 λέ·

837 1765 1017 1858 dextra
1050 1805 1166 1856 mea
1195 1790 1540 1848 consolidavit
1569 1790 1758 1843 cmlum
1788 1809 1804 1840 ι
1825 1789 1916 1858 qui
1950 1789 2107 1843 etiam
2138 1803 2196 1843 se
2215 1786 2313 1841 aP:

1825 1789 1916 1858 qui
1950 1789 2107 1843 etiam
2138 1786 2359 1843 seaPa-
2389 1765 2435 1832 Β
2463 1806 2572 1860 ριος
2609 1787 2907 1841 ἀπέσταλκε
2944 1765 3030 1855 με,
3073 1783 3176 1836 καὶ
3217 1782 3284 1834 τὸ

838 1890 920 1938 tre
947 1881 1167 1936 missum
1205 1895 1325 1934 esse
1357 1878 1634 1932 conﬁtetur
1664 1877 1754 1932 ubi
1783 1878 1912 1930 ait:
1948 1894 1967 1927 ι
2002 1875 2154 1929 Nunc
2182 1874 2308 1928 Dom

1851 1887 1912 1930 rt:
1948 1894 1967 1927 ι
2002 1875 2154 1929 Nunc
2182 1874 2361 1928 Domi-
2459 1880 2523 1939 ἂν
2554 1882 2581 1933 ὁ
2627 1879 2754 1940 Θεὸς
2802 1877 2969 1944 Λόγος
3011 1874 3110 1928 καὶ
3156 1871 3327 1925 ταῦτε

838 1985 940 2034 nus
979 1969 1229 2022 Dominus
1263 1967 1404 2021 misit
1434 1982 1537 2030 me,
1563 1973 1615 2020 et
1644 1966 1863 2036 spiritus
1897 1965 2033 2032 ejus.
2072 1983 2090 2015 ι
2126 1961 2239 2014 Erit
2267 1976 2314 2014 al

1853 1982 1863 2020 ι
1897 1965 2033 2032 ejus.
2072 1983 2090 2015 ι
2126 1961 2239 2014 Erit
2267 1976 2362 2014 au-
2459 1970 2614 2038 Λόγῳ
2650 1967 2851 2036 Κυρίου
2886 1967 2933 2017 oi
2964 1963 3192 2034 οὐρανοὶ
3228 1963 3329 2014 ὲστ

840 2067 944 2116 tem
975 2058 1111 2112 Deus
1147 2056 1369 2110 Verbum
1410 2056 1498 2123 qui
1541 2055 1653 2109 hinc
1700 2055 1862 2116 dicat,
1893 2072 1912 2104 ι
1949 2052 2160 2123 quando
2189 2050 2316 2106 νωι

1854 2095 1862 2116 ›
1893 2072 1912 2104 ⁸
1949 2052 2160 2123 quando
2189 2050 2362 2106 Verbo
2461 2058 2566 2116 ἀπὸ
2589 2057 2679 2108 τοῦ
2705 2053 2912 2124 ψαλμοῦ
2947 2051 3285 2122 παράθεσιν.

841 2145 1049 2211 Domini
1078 2145 1197 2198 caeli
1232 2144 1423 2197 ﬁrmati
1451 2149 1594 2207 sunt,
1623 2161 1642 2194 ι
1661 2157 1726 2196 οι
1753 2158 1814 2197 eo
1842 2142 2038 2196 Psalmi
2065 2141 2180 2194 loco
2203 2153 2317 2208 quer

1850 2142 2038 2196 Psalmi
2065 2141 2180 2194 lOCO
2203 2153 2359 2208 quem
2463 2148 2490 2200 ὁ
2522 2144 2613 2198 τοῦ
2646 2144 2776 2197 Θεοῦ
2806 2143 2973 2210 Λόγος
3014 2143 3081 2210 τῇ
3127 2140 3326 2205 Κύριο

843 2251 1003 2313 supra
1043 2235 1423 2304 apposuimus:
1465 2233 1557 2289 sed
1587 2235 1727 2288 enim
1774 2247 1893 2286 cum
1941 2233 2113 2300 ipsum
2147 2245 2319 2300 quoqu

1859 2247 1893 2284 n
1941 2233 2113 2300 ipsum
2147 2244 2357 2300 quoque
2467 2235 2574 2305 ρίᾳ,
2607 2235 2750 2302 ὅμως
2777 2232 2864 2283 τὸν
2889 2229 3149 2282 ἀνωτάτω
3178 2227 3283 2279 καὶ⁸
3313 2244 3335 2278 >

842 2322 936 2387 Dei
969 2322 1199 2377 Verbum
1219 2360 1234 2385 ,
1273 2321 1480 2381 Domini
1503 2322 1847 2390 appellatione
1878 2330 1932 2374 ut
1961 2319 2099 2373 Deus
2123 2319 2318 2374 celebrt

1878 2330 1932 2374 ut
1961 2319 2099 2373 Deus
2123 2319 2361 2374 celebre-
2465 2324 2557 2374 καὶ
2591 2321 2790 2391 Κύριον
2819 2316 2876 2372 εὖ
2911 2317 3054 2389 μάλα
3083 2315 3337 2377 εὐσεϐῶς

843 2420 953 2476 tur,
985 2422 1160 2466 tamen
1203 2413 1375 2480 ipsum
1417 2418 1619 2480 patrem
1645 2410 1922 2463 Dominum
1943 2448 1958 2472 ,
1992 2409 2218 2461 maxima
2246 2423 2319 2461 Cll!

1862 2425 1922 2461 im
1943 2448 1958 2472 ,
1992 2409 2218 2461 maxima
2246 2422 2366 2461 cum
2465 2412 2632 2473 καλεῖ,
2649 2411 2723 2479 τῷ
2748 2409 2981 2478 διαφόρῳ
3005 2406 3338 2478 χρώμενοςέ

843 2504 1138 2559 reverentia
1167 2516 1229 2553 ac
1265 2502 1457 2569 pietate
1487 2500 1571 2554 bis
1602 2499 1882 2552 Dominum
1911 2499 2173 2567 appellat,
2221 2505 2280 2554 ut
2311 2497 2319 2550 i

1863 2515 1882 2551 ι
1911 2499 2173 2567 appellat,
2221 2505 2280 2554 ut
2311 2497 2366 2550 in
2466 2499 2557 2551 νῦν
2584 2518 2601 2550 ι
2621 2499 2909 2567 γὰρ,φησὶ,
2949 2515 2966 2546 ι
2989 2495 3200 2564 Κύριος
3224 2493 3339 2563 Κύε

846 2607 910 2654 βο
946 2590 1247 2644 diversitate
1268 2588 1498 2643 nominis
1527 2594 1724 2641 utatur.
1763 2605 1781 2636 ι
1816 2584 1968 2639 Nunc
2001 2603 2018 2634 ι
2053 2585 2228 2648 enim,
2276 2584 2322 2636 in

1866 2601 1968 2639 unc
2001 2603 2018 2634 ι
2053 2585 2228 2648 enim,
2276 2584 2363 2636 in»
2469 2587 2530 2639 ἁν
2560 2587 2757 2656 κυρίως
2789 2587 2938 2646 ὄντος
2967 2584 3059 2636 τοῦ
3096 2585 3196 2635 ἐπὶ
3231 2583 3341 2635 πάι

844 2680 984 2750 quit,
1019 2696 1038 2728 ‹
1069 2677 1322 2730 Dominus
1353 2676 1628 2742 LDominus
1650 2675 1803 2742 ;misit
1831 2689 1914 2728 me
1935 2713 1950 2738 ,
1990 2692 2008 2725 ι
2041 2681 2222 2742 utpote
2247 2688 2320 2727 cu:

1867 2689 1914 2728 ie
1935 2713 1950 2738 ,
1990 2692 2008 2725 ι
2041 2681 2222 2742 utpote
2247 2687 2369 2727 cum
2467 2673 2673 2741 ἀληθῶς
2703 2672 2902 2741 Κυρίου
2947 2670 3115 2723 αὐτοῦ
3148 2686 3214 2722 τε
3245 2669 3343 2722 τοῦ

848 2765 1006 2824 Pater
1029 2774 1080 2820 et
1100 2766 1236 2820 Deus
1263 2767 1350 2828 sit,
1381 2773 1432 2820 et
1464 2775 1566 2818 tam
1596 2765 1680 2819 sui
1714 2763 1971 2832 unigeniti
2009 2760 2185 2825 Verbi,
2210 2775 2324 2830 qua:

1874 2763 1971 2816 niti
2009 2760 2185 2825 Verbi,
2210 2775 2369 2830 quam
2467 2779 2583 2831 γου,
2616 2761 2836 2813 καὶτῶν
2870 2762 2986 2829 μετ’
3012 2760 3180 2813 αὐτὸν
3211 2776 3345 2827 γενν

844 2871 1032 2913 eorum
1054 2857 1308 2916 omnium,
1331 2855 1485 2923 232
1508 2870 1623 2923 qua:
1646 2855 1734 2907 illo
1759 2853 2022 2922 posterius
2051 2850 2188 2906 facta
2218 2867 2318 2904 sun

1870 2853 2022 2906 .erius
2051 2850 2188 2906 facta
2218 2859 2365 2918 sunt,
2461 2852 2727 2923 ’δευτέρως
2756 2851 2852 2921 τὴν
2883 2851 3076 2919 κυρίαν
3112 2851 3212 2902 καὶ
3246 2850 3346 2901 δεσ

849 2953 1073 3006 quorum
1103 2953 1220 2991 cum
1248 2948 1554 3008 potestatem
1583 2955 1644 2994 ac
1665 2940 1952 2993 dominium
1976 2953 2006 2991 a
2028 2937 2182 2993 Patre
2202 2938 2325 3008 ipsu:

1873 2954 1952 2991 um
1976 2953 2006 2991 a
2028 2937 2182 2993 Patre
2202 2938 2372 3008 ipsum
2469 2943 2593 3013 τρδς
2627 2943 2655 2993 ὁ
2686 2939 2775 2993 τοῦ
2813 2939 2946 2992 Θεοῦ
2990 2940 3165 3005 Λόγος
3218 2941 3349 2992 ἀναέ

848 3026 944 3082 Dei
971 3027 1198 3081 Verbum
1240 3030 1538 3096 acceperit,
1592 3038 1842 3100 tanquam
1880 3029 1948 3091 is,
1974 3031 2148 3099 quiet
2199 3031 2324 3099 legit

1880 3029 1948 3091 is.
1974 3031 2065 3099 qui
2095 3040 2148 3084 et
2199 3029 2374 3099 legiti-
2408 3093 2440 3100 _
2476 3032 2596 3094 Υἱὸς
2619 3031 2708 3082 καὶ
2747 3030 3056 3099 μονογενὴς,
3092 3028 3351 3098 δεύτερος

850 3132 992 3182 mus,
1021 3125 1072 3171 et
1101 3118 1290 3172 unicus
1316 3117 1480 3173 Filius
1509 3121 1598 3184 sit,
1633 3122 1819 3176 merito
1850 3122 2006 3175 etiam
2031 3122 2143 3190 ipse
2176 3121 2242 3174 ab
2282 3120 2326 3174 ii:

1869 3093 2007 3175 :tiani
2031 3122 2143 3190 ipse
2176 3093 2369 3185 abviis,
2399 3093 2442 3151 ϐ
2472 3093 2701 3183 εὐσεϐῶς
2726 3093 3048 3190 imperitior.
3086 3093 3345 3194 Κύριος..

848 3205 944 3273 qui
974 3212 1026 3258 et
1058 3205 1140 3274 pie
1170 3213 1222 3259 et
1255 3206 1499 3277 religiose
1521 3208 1694 3262 colere
1721 3208 1886 3264 Deum
1911 3209 2114 3275 volunt,
2144 3209 2374 3280 appellu-

852 3294 999 3348 bitur
1027 3294 1304 3350 Dominus.

1435 3407 1656 3463 CAPUT
1696 3407 1803 3462 Vll.

2978 3405 3353 3460 ΚΕΦΑΛΑΙΟ]

853 3519 898 3571 Α
938 3517 1136 3572 Genesi.
1167 3547 1234 3556 —
1263 3516 1410 3580 Quod
1437 3519 1590 3572 etiam
1632 3521 1888 3573 maximus
1935 3520 2026 3574 Dei
2061 3537 2233 3575 servus
2264 3521 2329 3574 Με

1877 3537 1888 3573 ς
1935 3520 2026 3574 Dei
2061 3537 2233 3575 servus
2264 3521 2379 3574 Μο-
2486 3518 2623 3573 Ἀπὸ
2655 3517 2763 3584 τῆς
2802 3517 3122 3581 Γενέσεως.
3153 3549 3226 3557 -
3264 3518 3353 3583 Ὡς

926 3604 1034 3659 εει,
1101 3588 1155 3640 in
1223 3586 1398 3659 mundi
1441 3588 1813 3659 fabricatione,
1881 3591 2110 3659 cognovit
2162 3592 2373 3647 Patrem

1881 3591 2110 3659 cognovit
2162 3592 2373 3647 Patrem
2546 3587 2690 3659 Θεοῦ
2727 3584 2988 3659 θεράπων
3012 3585 3277 3659 -Μωεζῆς-
3301 3588 3353 3639 ἐι

927 3655 1186 3721 Deumque
1228 3653 1468 3717 universi,
1501 3674 1614 3709 cum
1642 3658 1806 3710 altero
1827 3653 2280 3714 cominunicantem
2313 3659 2374 3712 de

1876 3653 2280 3714 vminunicantem
2313 3659 2374 3712 de
2543 3655 2767 3721 Πατέρα
2793 3654 3072 3718 καὶρεὸν
3092 3653 3216 3705 τῶν
3241 3654 3352 3707 ὅλα

929 3723 1144 3793 hominis
1164 3724 1397 3793 cpi/icio,
1439 3725 1530 3776 hoc
1568 3741 1720 3793 porro
1748 3727 1975 3780 divinum
2017 3744 2123 3782 esse
2165 3727 2378 3784 Verbum

1877 3743 1975 3779 tum
2017 3744 2123 3782 esse
2165 3727 2378 3784 Verbum
2539 3740 2720 3792 μενον
2759 3723 2858 3793 ἐπὶ
2889 3721 2962 3788 τῇ
3004 3721 3109 3774 τοῦ
3156 3724 3353 3793 ἀνθηρά

933 3802 1050 3843 ante
1085 3791 1372 3843 didicimus.
1569 3790 1577 3793 ⁷

2541 3790 2700 3846 θεῖον
2747 3790 2814 3842 δὲ
2861 3793 3053 3859 Λόγον
3106 3790 3332 3845 τοῦτον

2539 3878 2672 3930 μεν.

937 3983 954 4014 ι
993 3963 1057 4017 Et
1083 3965 1217 4018 dixit
1246 3965 1382 4022 Deus
1407 3967 1990 4023 :Faciamushominem
2014 3967 2080 4020 ad
2099 3967 2377 4038 imaginem

1877 3983 1990 4023 nem
2014 3967 2080 4020 ad
2099 3967 2377 4038 imaginem
2550 3990 2570 4022 ι
2608 3971 2716 4024 Καὶ
2760 3965 2910 4022 εἶπεν
2939 3971 2966 4020 ὁ
3014 3969 3182 4032 Θεὸς·
3236 3973 3353 4024 Ποιι

859 4071 926 4109 ac
958 4055 1351 4109 similitudinem
1368 4058 1681 4122 nostram“,
1714 4078 1732 4110 ι
1767 4067 1820 4110 et
1849 4073 2036 4112 rursus
2069 4075 2081 4109 :
2111 4076 2129 4107 ι
2153 4057 2216 4110 Et
2241 4058 2327 4111 dix

1879 4073 2036 4112 ursus
2069 4075 2081 4109 :
2111 4076 2129 4107 ι
2153 4057 2216 4110 Ει
2241 4058 2376 4111 dixit
2479 4060 2932 4130 είκόναήμετέραν
2957 4061 3049 4112 καὶ
3075 4060 3193 4112 καθ’
3219 4062 3353 4130 ὁμοί

860 4143 1025 4210 Deus,
1051 4159 1156 4198 non
1192 4153 1272 4198 est
1299 4145 1496 4198 bonum
1523 4161 1640 4201 esse
1670 4145 1935 4199 hominem
1979 4145 2148 4198 solum
2169 4184 2184 4206 ,
2219 4143 2336 4198 faci:

1877 4161 1935 4197 1m
1979 4145 2184 4206 solum,
2219 4143 2382 4198 facia-
2479 4143 2624 4200 εἶπεν
2665 4149 2693 4198 ὁ
2728 4147 2892 4209 Θεός·
2932 4148 3005 4199 Οὐ
3059 4148 3221 4201 καλὸν
3283 4147 3353 4204 eis

863 4249 983 4288 mus
1013 4233 1086 4286 illi
1113 4233 1427 4302 adjutorium
1446 4234 1734 4288 secundum
1760 4235 1929 4302 ipsum
1950 4232 2127 4287 ⁸³.»Αο
2151 4248 2216 4287 ne
2235 4233 2339 4302 quis

1855 4250 1929 4286 1m
1950 4232 2127 4287 ⁸³.»Αο
2151 4248 2216 4287 ne
2235 4233 2375 4302 quis-
2479 4255 2586 4300 νον,
2617 4237 2921 4306 ποιήσωμεν
2951 4235 3098 4306 αὐτῷ
3142 4236 3331 4306 βοηθὸν

865 4324 1004 4392 piam
1036 4323 1330 4391 suspicetur
1356 4323 1467 4376 haec
1496 4323 1561 4376 ad
1596 4323 1826 4392 Angelos
1865 4323 2005 4376 dicta
2047 4321 2230 4387 fuisse,
2262 4336 2341 4375 cor

1876 4323 2005 4376 dicta
2047 4321 2230 4387 fuisse,
2262 4336 2382 4375 con—
2480 4342 2542 4393 γε
2571 4325 2640 4394 μή
2684 4341 2765 4386 τις
2797 4324 2929 4394 πρὸς
2978 4324 3237 4392 ἀγγέλους
3278 4344 3349 4380 τα

861 4411 1013 4464 tinuo
1039 4410 1272 4464 declarat
1295 4425 1416 4464 eum
1440 4409 1524 4463 cui
1550 4411 1865 4479 imperatum
1890 4411 1978 4474 sit,
2003 4426 2110 4464 non
2140 4427 2260 4466 esse
2289 4427 2337 4464 al

1890 4411 1978 4474 sit,
2003 4426 2110 4464 non
2140 4427 2260 4466 esse
2289 4427 2382 4464 an-
2409 4403 2454 4458 Ῑ)
2481 4413 2810 4483 παραχρῆμα
2856 4412 3004 4482 δηλοῖ
3047 4414 3137 4468 τὸν
3184 4417 3353 4469 κεκελλ

864 4501 1036 4570 gelum
1069 4500 1193 4561 Dei,
1236 4500 1416 4554 dicens
1452 4519 1464 4553 :
1505 4519 1522 4548 ι
1551 4499 1613 4551 Et
1643 4499 1767 4553 fecit
1795 4501 1933 4556 Deus
1972 4501 2260 4556 hominem.
2314 4515 2340 4553 a

1877 4517 1933 4556 us
1972 4501 2260 4556 hominem.
2314 4500 2381 4555 ad
2476 4503 2602 4555 ὄντα
2633 4501 2785 4565 Θεοῦ,
2817 4502 3006 4569 λέγων’
3036 4523 3054 4554 ι
3076 4505 3183 4556 Καὶ
3206 4507 3353 4577 ὲποίτ

863 4591 1141 4661 imaginem
1166 4589 1255 4644 Dei
1284 4590 1404 4645 fecit
1430 4590 1594 4643 illum.
1625 4591 1672 4621 “
1710 4609 1729 4642 ι

2479 4609 2574 4649 πον
2599 4609 2613 4624 ο
2657 4591 2771 4645 κατ’
2801 4591 2981 4644 εἰκόνα
3009 4593 3143 4646 Θεοῦ
3166 4597 3353 4668 ὲποῐησ

1414 4703 1634 4758 CAPUT
1671 4701 1804 4757 Vill.
2989 4708 3354 4766 ΚΕΦΑΛΑΙΟῘ

864 4808 1166 4884 Ab_eadem.
1210 4842 1277 4850 —
1307 4812 1483 4884 Quod
1521 4811 1716 4884 quidem
1751 4810 1916 4884 Moses
1971 4813 2340 4884 bisqplanissim

1877 4828 1916 4866 is
1971 4813 2382 4884 bisqplanissime
2496 4812 2624 4884 Ἀπρ
2651 4811 2756 4878 τῆς
2780 4813 2986 4882 αὐτῆς.
3008 4847 3076 4854 -
3116 4819 3205 4884 Ὡς
3232 4825 3263 4873 o'
3305 4841 3353 4875 ας

936 4877 1228 4998 Domdintum,
1270 4877 1377 4934 sine
1409 4877 1542 4935 ullis'
1581 4881 1851 4935 involucris
1877 4920 1891 4944 ,
1942 4877 2212 4952 theologice
2244 4897 2380 4933 com-

935 4960 1044 4996 men
1087 4965 1117 4999 a
1146 4989 1158 5001 .

1877 4920 1891 4944 ,
1942 4877 2212 4952 theologica
2244 4897 2380 4933 com-
2551 4877 2810 4948 φέστατα
2853 4877 3111 4951 Κὺρίους
3157 4877 3353 4947 ἆνεπικ

945 5050 962 5080 ι
1001 5030 1088 5086 Sol
1115 5045 1263 5092 ortus
1287 5047 1367 5095 est
1395 5055 1552 5110 super
1585 5049 1777 5096 terram
1803 5083 1818 5108 ,
1859 5051 1912 5096 et
1960 5041 2056 5096 Lot
2112 5043 2380 5112 ingressus

1877 5051 1912 5096 τι
1960 5041 2056 5096 [οι
2112 5043 2380 5112 ingressus
2557 5051 2578 5084 ι
2616 5033 2672 5086 '0
2708 5033 2854 5104 ἥλιος
2885 5036 3153 5094 ἀνέτειλεν
3180 5045 3267 5098 ἐπὶ
3295 5047 3353 5112 τε(

867 5124 952 5170 est
978 5119 1030 5170 in
1058 5121 1242 5190 Segor,
1267 5136 1318 5180 et
1349 5105 1478 5198 pluii
1523 5131 1778 5188 Dominus
1803 5105 1967 5204 super
2002 5105 2227 5187 Sodoma
2272 5131 2343 5186 sui

1877 5150 1967 5204 per
2002 5105 2227 5187 Sodoma
2272 5131 2382 5186 sul—
2484 5123 2572 5177 θεν
2615 5125 2691 5187 εἰς
2713 5124 2924 5196 Σηγὼρ,
2959 5128 3052 5180 καὶ
3075 5130 3256 5202 ἔϐρεξε
3293 5105 3353 5190 Ki

868 5205 957 5260 fur
981 5213 1032 5298 et
1079 5209 1257 5298 ignem
1281 5229 1310 5266 a
1349 5217 1570 5275 Domino
1603 5222 1666 5278 “.
1707 5243 1726 5276 ι
1761 5223 1922 5279 Plane
1974 5223 2057 5278 bis
2100 5221 2344 5274 Dominur

1877 5240 1922 5278 ie
1974 5223 2057 5278 bis
2100 5221 2380 5274 Dominum
2483 5215 2574 5276 καὶ
2594 5215 2702 5286 πῦρ
2725 5216 2872 5286 παρὰ
2893 5219 3119 5289 Κυρίου.
3154 5243 3172 5275 ›
3208 5227 3353 5298 Σαφᾶ

868 5290 1130 5391 nominat,
1155 5300 1208 5346 et
1244 5295 1366 5352 huic
1397 5303 1550 5358 docet
1577 5309 1642 5362 ab
1675 5311 1764 5366 illo
1792 5311 2097 5368 mandatum
2130 5325 2277 5372 esse,
2323 5324 2344 5361 ι

1873 5311 2097 5367 indatum
2130 5325 2277 5372 esse,
2323 5315 2382 5361 ut
2481 5307 2538 5359 ὃν
2565 5309 2656 5360 καὶ
2689 5309 2924 5364 διδάσκει
2953 5313 3103 5383 παρὰ
3146 5318 3235 5370 τοῦ
3267 5290 3349 5391 με(

871 5380 1271 5478 impiosﬁdebito
1302 5391 1561 5460 supplicio
1603 5398 1792 5456 alliciat
1825 5423 1837 5458 :
1880 5401 2070 5458 etenim
2105 5400 2224 5453 licet
2273 5412 2347 5450 no.

1880 5401 2070 5458 etenim
2105 5400 2224 5453 licet
2273 5412 2379 5451 non
2485 5397 2620 5450 κατὰ
2645 5399 2750 5450 τῶν
2796 5401 3005 5454 ἀσεϐῶν
3049 5380 3344 5478 ποιήσαέθα

871 5472 1037 5538 semel
1069 5471 1344 5532 Dominum
1371 5490 1550 5550 aperte
1579 5485 1846 5559 dicamus,
1879 5509 1986 5549 non
2012 5500 2188 5545 tamen
2219 5489 2347 5545 simil

1879 5509 1986 5549 non
2012 5500 2188 5545 tamen
2219 5489 2378 5545 simili
2483 5490 2530 5540 εί
2553 5489 2644 5540 καὶ
2668 5489 2758 5543 δύο
2783 5493 3017 5563 Κυρίους
3042 5471 3353 5561 imiimi-51

938 5625 982 5666 4⁸
1009 5623 1147 5680 Ρωι.
1173 5640 1336 5700 nm,
1373 5636 1423 5695 9.
1499 5639 1538 5671 "
1569 5637 1698 5694 Gen.
1732 5655 1769 5708 ι,
1797 5645 1883 5700 26.
1957 5646 1998 5677 δ’
2027 5644 2157 5700 Gen.
2188 5658 2247 5710 ιι»
2278 5642 2343 5696 18

1877 5688 1883 5700 .
1957 5646 1998 5677 δ’
2027 5644 2157 5700 Gen.
2188 5658 2247 5710 ιι,
2278 5642 2343 5696 18
2438 5637 2482 5672 ⁸³
2509 5636 2638 5694 Gen.
2671 5656 2708 5706 ι,
2744 5642 2830 5696 27.
2894 5646 2937 5676 “
2969 5647 3105 5705 Gen.
3139 5669 3247 5726 xix,
3275 5661 3353 5732 25,
