3738 6324
887 363 993 419 385

886 494 1029 542 esse,
1068 492 1425 542 oonsentanee
1453 487 1556 544 dici
1586 508 1693 548 non
1723 497 1988 556 arbitror:
2010 519 2118 559 non
2148 509 2289 562 enim
2319 526 2414 566 cu-

883 569 1103 639 juslibet
1141 573 1256 634 sit;
1277 575 1518 643 judicare
1563 589 1762 638 terram
1810 591 2141 652 universam.
2171 597 2274 654 Sed
2315 618 2412 659 nec

889 659 1110 728 angelus
1136 664 1350 731 quidem
1373 676 1454 722 est
1482 672 1809 742 nominatus,
1839 695 1996 748 quem
2022 690 2265 755 superior
2280 694 2414 746 scri-

891 758 1046 818 ptura
1073 752 1357 820 signiﬁcat,
1390 773 1573 814 verum
1603 765 1739 820 alius
1771 770 2035 840 quispiam
2065 752 2250 849 angelo
2278 798 2414 850 prte-

886 841 1134 904 stantior,
1165 841 1305 898 Deus
1335 847 1518 916 utique
1547 867 1609 908 ac
1630 852 1908 926 Dominus,
1939 865 2031 932 qui
2053 841 2172 921 cum
2202 841 2412 930 duobus

885 929 1091 997 angelis
1146 932 1198 984 in
1257 933 1426 989 forma
1480 938 1750 1009 hominis,
1803 949 1872 1002 ad
1936 929 2098 1022 supra
2157 960 2408 1028 scriptam

882 1032 1141 1086 quercum
1189 1029 1270 1075 est
1309 1025 1474 1082 visus.
1512 1027 1776 1089 Prwterea
1825 1054 1892 1093 ne
1936 1041 2148 1098 Patrem
2194 1025 2408 1117 quidem

886 1105 1051 1160 Deum
1077 1108 1221 1164 hunc
1262 1111 1428 1170 fuisse
1459 1123 1754 1186 putandum
1780 1135 1882 1192 est,
1909 1132 2000 1200 qui
2039 1105 2408 1204 hujuscemodi

882 1199 1059 1254 verbis
1089 1201 1392 1262 indicatur:
1425 1209 1603 1268 dicere
1625 1218 1789 1282 enim,
1836 1222 1889 1277 id
1926 1199 2124 1280 mutari
2150 1232 2290 1298 quod
2320 1233 2404 1286 di-

881 1286 1064 1340 vinum
1100 1299 1202 1355 est,
1226 1300 1279 1346 et
1311 1294 1524 1365 figurari
1547 1301 1602 1354 in
1633 1306 1864 1373 Speciem
1897 1325 1957 1365 ac
1982 1313 2203 1369 formam
2236 1319 2406 1373 homi-

880 1375 985 1440 nis,
1012 1381 1318 1450 neutiquam
1354 1387 1497 1455 pium
1533 1400 1634 1446 est.
1666 1393 1921 1466 Superest
1949 1402 2112 1471 igitur
2146 1416 2203 1460 ut
2233 1409 2402 1463 conli-

880 1471 1089 1519 teamur
1120 1470 1266 1526 illum
1305 1475 1471 1534 fuisse
1498 1481 1587 1538 Dei
1622 1484 1873 1553 Verbum,
1909 1470 2051 1564 quod
2091 1511 2122 1549 a
2164 1501 2320 1555 nobis
2348 1504 2404 1556 in

879 1553 946 1608 iis
975 1572 1094 1624 quae
1126 1565 1352 1620 antehac
1400 1573 1598 1641 scripta
1639 1577 1825 1645 habes,
1863 1581 1956 1638 Dei
2003 1590 2218 1644 nomine
2259 1594 2403 1647 celeo

878 1642 1087 1699 bratum
1119 1658 1200 1704 est
1230 1671 1242 1705 :
1273 1671 1377 1724 qua
1412 1659 1477 1714 de
1507 1677 1666 1720 causa
1697 1642 1854 1724 hodie
1881 1688 2090 1742 quoque
2123 1692 2152 1730 a
2184 1680 2396 1747 vicinis,

873 1739 930 1782 et
957 1732 1010 1785 in
1053 1741 1295 1803 proximo
1336 1745 1724 1819 habitantibus,
1756 1732 1913 1825 quasi
1941 1732 2153 1820 divinus
2182 1768 2394 1834 colitur,

1550 369 1813 430 EUSEBII
1850 379 2309 443 CESARIENSIS
2340 389 2486 447 OPP.
2525 393 2697 450 PARS
2735 395 2795 451 ll.
2834 429 2898 440 -—
2933 401 3270 460 APOLOGE

2440 529 2486 584 Α
2509 517 2625 570 οὐδὲ
2657 517 2762 588 γὰρ
2800 520 2890 572 τοῦ
2929 523 3209 592 τυχόντος
3253 529 3270 578 Ξ

2510 604 2630 673 γῆν.
2677 606 2808 659 Ἀλλ’
2849 609 2952 660 οὐδ’
2997 610 3251 677 ἄγγελος

2511 696 2764 764 κρείττων
2808 699 2862 750 δέ
2901 717 2985 761 τις
3023 701 3270 767 ἀγγέλοι

2509 785 2957 861 ἀναγεγραμμὲνῃ
2986 789 3123 860 δρυῒ
3153 808 3269 860 μετ.

2509 874 2718 945 θρώπου
2753 881 2985 948 σχήματι
3025 881 3270 950 ὁραθείς

2507 967 2718 1018 πάντων
2757 968 2886 1020 Θεὸν
2915 971 3182 1039 ἡγητέον
3224 971 3270 1024 δι

2507 1053 2709 1108 ϐάλλειν
2749 1058 2854 1125 γὰρ
2887 1059 3057 1127 φάναι
3110 1061 3188 1113 τὸ
3230 1063 3270 1114 θτ

2504 1143 2687 1212 ἀνδρὸς
2718 1141 2850 1208 εἶδος
2902 1150 2997 1200 καὶ
3048 1154 3270 1220 μορφὴν

2504 1231 2658 1283 αὑτὸν
2687 1231 2820 1284 εἶναι
2849 1234 2937 1286 τὸν
2955 1236 3060 1287 τοῦ
3099 1236 3250 1289 Θεοῦ

2501 1320 2771 1391 τεθεολογη
2780 1323 2949 1391 μένον,
2984 1324 3270 1395 όμολογεῖι

2505 1410 2569 1479 ρὰ
2598 1414 2706 1472 τοῖς
2736 1413 3154 1484 πλησιοχώροις,
3201 1419 3270 1468 ὡς

2498 1498 2603 1551 τῶν
2651 1501 2829 1553 αὐτόθι
2873 1503 2948 1571 τῷ
2996 1503 3260 1574 Ἀϐραὰμ

2498 1589 2586 1640 καὶ
2607 1588 2878 1660 θεωρεῖταί
2911 1609 2973 1659 γε
3007 1594 3094 1655 εἰς
3127 1593 3270 1664 δεῦρι

2496 1679 2542 1728 οἱ
2572 1678 2674 1748 γὰρ
2707 1679 2781 1748 τῷ
2816 1680 3065 1751 Ἀϐραὰμ
3101 1683 3270 1747 ἐπιξευ

2496 1768 2745 1836 κείμενοι,
2779 1768 2867 1820 δύο
2909 1771 3008 1838 μὲν
3054 1773 3270 1841 ἑκατὲρι

873 1831 1036 1892 atque
1058 1828 1372 1888 observatur
1411 1839 1457 1894 is
1500 1841 1671 1909 locus,
1700 1847 1920 1904 honoris
1954 1852 2169 1908 illorum
2227 1863 2349 1922 grati

1793 1850 1920 1904 lOl'lS
1954 1852 2169 1908 illorum
2227 1828 2394 1922 gratia
2425 1861 2466 1914 Β
2495 1828 2766 1925 ὑπέρέχων
2794 1861 2857 1926 τῇ
2886 1828 3036 1928 ’έιμῇ-
3066 1862 3166 1929 Εἵη
3197 1863 3269 1913 δ’‹

871 1911 964 1978 qui
986 1911 1210 1971 Abrahae
1239 1920 1290 1973 in
1321 1923 1413 1979 illo
1441 1929 1539 1982 visi
1567 1943 1692 1985 sunt
1719 1929 1736 2001 ξ
1762 1944 1920 2005 atque
1943 1940 2098 1993 etiam
2128 1959 2270 1997 nunc
2295 1946 2396 1998 ibi-

871 1998 992 2052 dem
1018 2018 1333 2070 permanens
1371 2018 1706 2075 terebinthus
1731 2028 2062 2095 conspicitur
2095 2047 2109 2083 :
2138 2033 2228 2100 qui
2251 2034 2392 2088 enim

870 2087 941 2141 ab
971 2089 1236 2150 Abraham
1273 2100 1503 2169 hospitio
1527 2112 1759 2179 suscepti
1791 2087 1936 2177 sunt,
1974 2116 2031 2170 u't
2056 2087 2213 2173 habet
2244 2120 2390 2179 Scri-

870 2183 1045 2242 ptura,
1098 2187 1465 2244 recumbentes
1503 2204 1654 2249 erant
1702 2200 1807 2254 duo
1854 2203 2066 2272 quidem
2118 2210 2386 2280 utrinque,

870 2267 1077 2323 medius
1115 2282 1290 2329 autem
1340 2283 1704 2350 excellentior,
1749 2297 1802 2344 et
1830 2294 1918 2360 qui
1967 2297 2198 2365 reliquos
2244 2309 2391 2355 ante-

866 2356 987 2412 iret.
1031 2361 1128 2416 Hic
1167 2382 1291 2420 vero
1341 2371 1409 2423 sit
1452 2374 1606 2440 plane
1641 2377 1708 2440 is,
1743 2379 1807 2434 de
1846 2356 1953 2450 quo
1980 2356 2230 2450 dixi-mus,
2273 2390 2387 2457 ipse

869 2446 1052 2515 utique
1094 2450 1350 2510 Dominus
1395 2473 1456 2511 ac
1498 2460 1742 2516 Salvator
1781 2478 1983 2535 noster,
2017 2489 2172 2541 quem
2222 2477 2381 2530 etiam

2501 1960 2608 2011 ριος
2637 1946 2808 2007 αὐτὸς,
2842 1949 2869 1998 ὁ
2890 1949 3157 2019 ἡμέτερος
3183 1951 3268 2001 Σω

2497 2033 2724 2096 σέϐουσι,
2752 2035 2818 2086 τὰ
2843 2036 2956 2088 θεῖα
2985 2039 3145 2105 λόγια
3172 2057 3270 2090 πισ

2491 2122 2599 2185 τὸς,
2634 2125 2688 2190 ἐξ
2718 2127 2915 2180 ἐκείνου
2960 2129 3029 2181 τὰ
3059 2130 3156 2199 τῆς
3189 2131 3270 2183 ei):

2493 2211 2734 2282 θρώπους
2779 2218 3264 2288 καταϐαλλόμενος,

2491 2319 2549 2353 τε
2597 2305 2687 2356 καὶ
2716 2307 2913 2374 σχῆμα,
2945 2310 3024 2377 τῷ
3054 2310 3270 2378 θεοφιλε

2489 2407 2570 2451 τις
2592 2390 2693 2460 εἴη,
2712 2395 2866 2446 αὑτὸν
2892 2397 3139 2466 ἐξέφηνε,
3155 2398 3270 2450 καὶι

2486 2479 2650 2532 εδὶδου
2678 2482 2894 2555 γνώμην

866 2539 1162 2605 pertinaces
1197 2552 1250 2598 et
1280 2547 1556 2615 increduli,
1607 2555 1783 2610 divina
1825 2563 2472 2644 oracula.conlirmantes,
2501 2583 2822 2628 venerantur
2853 2595 2867 2629 :
2903 2578 2991 2632 hic
3025 2581 3140 2648 ipse
3179 2583 3270 2652 igit

2049 2631 2071 2644 _
2974 2631 2979 2632 ,
3027 2631 3137 2648 τ--
3179 2631 3269 2652 τ--

863 2631 1010 2686 ciens
1051 2634 1117 2687 ad
1166 2637 1407 2695 homines
1471 2647 1694 2710 semina,
1744 2651 2028 2707 humanam
2074 2659 2299 2725 speciem
2345 2676 2407 2714 ac
2447 2664 2666 2730 ﬁguram
2716 2666 2956 2735 indutus,
3009 2671 3104 2727 Dei
3167 2676 3270 2728 ami

863 2718 1087 2778 Abraha:
1109 2727 1342 2796 seipsum
1364 2733 1607 2800 quisnam
1627 2749 1788 2804 esset,
1817 2745 2066 2810 ostendit,
2089 2718 2366 2818 Datrisque
2391 2754 2473 2807 sui
2506 2756 2722 2810 tradidit
2750 2763 3095 2820 sententiam.

1362 2846 1518 2915 235
1547 2848 1770 2905 CAPUT
1809 2854 1876 2908 x.

860 2944 1407 3034 Ab’ea‘dem.—Qulod
1445 2956 1578 3010 idem
1607 2964 1852 3034 propheta
1891 2968 1942 3019 in
1976 2968 2160 3034 Jacob,
2211 2991 2380 3028 mam-

931 3014 1112 3083 [cuius
1157 3014 1516 3097 eum'de_quo
1555 3014 1747 3094 aditur,
1773 3014 1992 3088 vindicat
2042 3014 2314 3095 Don'n'num
2357 3061 2380 3097 :»

925 3104 1070 3156 quem
1115 3103 1238 3143 sane
1281 3101 1330 3143 et
1374 3091 1537 3148 Deum
1583 3091 1630 3150 et
1678 3091 1912 3170 angelum
1951 3091 2378 3173 supremumHDe-i

925 3167 1072 3210 vocat
1079 3200 1092 3213 .

930 3285 948 3317 ‹
981 3267 1044 3322 Et
1074 3271 1344 3338 profectus
1366 3281 1446 3328 est
1478 3276 1530 3330 in
1566 3274 1826 3346 Charran,
1849 3289 1902 3337 et
1922 3285 2065 3338 venit
2093 3287 2144 3340 in
2174 3287 2372 3354 locum,

853 3365 905 3411 et
923 3358 1171 3414 dormivit
1200 3363 1308 3445 illic
1340 3381 1355 3420 :
1386 3367 1652 3423 occiderat
1676 3373 1814 3426 enim
1837 3375 1937 3428 sol.
1971 3375 2034 3428 Et
2060 3380 2260 3448 accepit
2292 3382 2374 3434 la-

851 3447 1022 3515 pides,
1047 3459 1101 3503 et
1130 3455 1308 3520 posuit
1329 3457 1430 3510 sub
1460 3460 1628 3528 capite
1656 3477 1776 3528 suo,
1808 3474 1860 3518 et
1889 3466 2142 3520 dormivit
2168 3447 2223 3523 in
2255 3471 2371 3526 loco

850 3536 963 3601 illo,
986 3547 1040 3593 et
1069 3543 1352 3598 somniavit
1377 3565 1388 3600 :
1417 3557 1468 3601 et
1499 3564 1624 3605 ecce
1651 3555 1794 3606 scala
1826 3562 1980 3610 terra;
2009 3557 2189 3621 inﬁxa,
2217 3561 2369 3628 cujus

849 3634 1010 3694 caput
1036 3631 1374 3696 perveniebat
1403 3651 1572 3705 usque
1613 3638 1678 3692 ad
1723 3641 1938 3706 cadum,
1973 3654 2022 3699 et
2057 3647 2229 3715 angeli
2275 3647 2368 3702 Dei

851 3717 1207 3772 ascendebant
1236 3736 1330 3788 per
1386 3739 1522 3780 eam.
1558 3727 1623 3780 Et
1665 3728 1918 3786 Dominus
1949 3734 2270 3790 innitebatur
2295 3739 2365 3803 ei,

847 3810 901 3854 et
932 3802 1064 3856 dixit
1092 3824 1105 3858 :
1137 3807 1246 3876 Ego
1291 3809 1546 3868 Dominus
1585 3815 1724 3872 Deus
1753 3819 2016 3874 Abraham
2068 3825 2232 3892 patris
2264 3802 2363 3893 tui,

847 3897 900 3942 et
922 3889 1060 3945 Deus
1083 3891 1250 3957 Isaac,
1283 3913 1348 3953 ne
1379 3901 1568 3958 timeas
1602 3923 1615 3958 :
1668 3913 1812 3961 terra
1856 3910 1908 3962 in
1938 3928 2043 3980 qua
2071 3921 2124 3967 tu
2162 3914 2362 3972 dormis

847 3978 902 4031 in
934 3979 1068 4048 ipsa,
1104 3983 1196 4037 tibi
1225 3985 1362 4041 dabo
1387 4006 1524 4056 eam,
1567 4001 1620 4048 et
1648 3997 1834 4051 semini
1865 3978 1974 4054 tuo.
2033 4001 2097 4055 Et
2138 4005 2240 4058 erit
2269 4020 2357 4060 se-

845 4084 966 4123 men
993 4079 1140 4126 tuum
1173 4076 1311 4130 sicut
1338 4094 1497 4136 arena
1530 4087 1717 4151 maris,
1747 4097 1798 4144 et
1820 4090 2127 4147 dilatabitur
2159 4097 2223 4149 ad
2248 4113 2361 4151 ma-

844 4173 921 4222 re,
944 4167 996 4214 et
1041 4160 1327 4230 Orientem,
1366 4178 1419 4223 et
1451 4172 1516 4225 ad
1551 4175 1788 4242 boream,
1811 4186 1864 4233 et
1901 4181 2146 4236 africum.
2177 4183 2241 4237 Et
2269 4187 2362 4240 be-

844 4249 1153 4306 nedicentur
1180 4255 1232 4308 in
1263 4264 1313 4310 te
1354 4273 1540 4318 omnes
1568 4266 1740 4322 tribus
1767 4276 1944 4334 terrae,
1983 4278 2037 4326 et
2068 4273 2124 4325 in
2158 4275 2358 4329 semine

842 4346 954 4395 tuo.
997 4339 1061 4394 Et
1086 4356 1212 4398 ecce
1235 4360 1333 4415 ego
1360 4363 1478 4404 sum
1507 4361 1706 4419 tecum,
1731 4359 2036 4416 custodiens
2064 4368 2115 4416 te
2135 4362 2187 4415 in
2210 4365 2355 4418 omni

843 4429 950 4492 via,
984 4445 1320 4503 quacumque
1363 4439 1466 4493 iter
1500 4441 1710 4509 feceris,
1745 4457 1798 4501 et
1843 4461 2152 4507 convertam
2202 4462 2255 4510 te
2299 4457 2355 4510 in

840 4524 1036 4572 terram
1080 4521 1217 4576 hanc
1251 4541 1265 4577 :
1300 4529 1550 4594 quoniam
1580 4547 1687 4588 non
1735 4543 1787 4590 te
1818 4540 2132 4610 relinquam,
2185 4544 2354 4600 donec

838 4604 1024 4662 faciam
1054 4612 1230 4665 omnia
1253 4630 1599 4688 quaecumque
1625 4622 1834 4682 loeutus
1872 4604 1988 4684 sum
2025 4634 2142 4689 tibi.
2176 4635 2239 4688 Et
2259 4654 2354 4692 ex-

837 4704 1110 4763 perrectus
1137 4709 1219 4755 est
1259 4703 1426 4761 Jacob
1464 4723 1494 4762 a
1523 4725 1732 4778 somno,
1764 4725 1816 4770 et
1846 4720 1921 4773 ait
1948 4740 1959 4774 :
1993 4722 2250 4782 Dominus
2270 4736 2354 4782 est

835 4786 890 4840 in
939 4788 1056 4842 loco
1102 4790 1221 4855 hoc,
1252 4809 1350 4864 ego
1396 4809 1570 4854 autem
1600 4805 1923 4863 nesciebam.
1957 4811 2022 4867 Et
2069 4816 2265 4880 timuit,
2299 4826 2352 4872 et

834 4875 908 4928 ait
943 4895 957 4930 :
992 4877 1160 4942 Quam
1188 4885 1446 4942 terribilis
1490 4897 1572 4945 est
1625 4893 1773 4950 locus
1818 4898 1937 4954 hic!
1985 4919 2092 4960 non
2138 4915 2219 4961 est
2248 4875 2350 4962 hoc

835 4962 1128 5056 aliud,_nisi
1157 4971 1346 5030 domus
1391 4976 1502 5041 Dei,
1537 4987 1590 5036 et
1634 4983 1745 5040 haac
1777 5000 1930 5056 porta
1959 4995 2101 5050 caeli.
2133 4995 2195 5049 Et
2225 5013 2346 5051 sur-

834 5051 981 5149 rexit.
1003 5050 1166 5110 Jacob
1193 5076 1366 5128 mane,
1401 5073 1454 5120 et
1502 5073 1709 5142 accepit
1739 5050 1988 5146 lapidem,
2031 5099 2186 5151 quem
2221 5101 2346 5154 Sup-

834 5138 1010 5237 posu'it
1036 5146 1193 5237 cap-itii
1225 5165 1341 5215 suo,
1370 5163 1422 5209 et
1443 5162 1610 5214 erexit
1632 5138 1914 5237 illum-pre
1938 5138 2109 5236 titulo,
2147 5182 2198 5228 et
2220 5138 2344 5228 eiii:-

1655 5218 1658 5219 ,
1820 5218 1909 5237 ι.--
1939 5218 2109 5236 ν--ν--νῑ
2148 5218 2198 5228 ν-
2221 5218 2321 5228 νε-ν·

832 5218 1182 5316 ditol‘epmiin
1212 5248 1475 5294 summum
1505 5247 1668 5315 illius,
1705 5262 1757 5307 et
1781 5259 1987 5312 vocavit
2027 5259 2190 5315 Jacob
2246 5277 2343 5316 no-

832 5323 953 5365 men
975 5312 1078 5366 loci
1109 5315 1266 5381 illius,
1293 5324 1508 5387 domum
1535 5338 1627 5396 Dei
1648 5346 1712 5400 δι.
1753 5366 1771 5399 ι
1809 5347 1961 5413 Eum,
1991 5352 2080 5420 qui
2103 5352 2202 5406 hoc
2225 5355 2342 5409 loco

828 5403 944 5461 tam,
973 5403 1150 5457 multis
1178 5410 1352 5466 verbis
1393 5429 1677 5489 respondet
1721 5403 2119 5508 Dominum:ﬁet
2153 5441 2336 5512 Deum,

917 5550 958 5579 "
991 5550 1122 5608 Gen.
1149 5573 1316 5622 xxvu,
1353 5563 1528 5625 10-19.

893 5681 968 5755 (t)
1001 5685 1262 5762 lnterpres
1289 5693 1493 5770 legebat
1523 5711 1840 5789 ἀγνώμονες,

3006 2879 3270 2932 ΚΕΦΑΛΑ

2491 2981 2644 3057 Ἃπύ-
2659 2981 2766 3057 ζῇς
2807 2986 3028 3057 αὐτῆς.
3058 3021 3123 3033 ο-
3162 2993 3247 3057 Ὡς

2543 3049 2646 3101 τοῦ
2685 3052 2892 3126 Ἰακὼϐ,
2921 3049 3270 3126 οῆἀεοέστεροφ

2544 3134 2650 3199 νοῦς
2677 3121 2912 3199 ξύριογ,
2935 3121 3025 3199 ,ὃν
3141 3121 3233 3181 καὶ
3265 3146 3270 3174 ι

2399 3185 2440 3240 C
2539 3189 2708 3239 καλεῖ
2725 3185 2827 3242 τοῦ
2853 3191 2949 3243 ἐπὶ
2985 3185 3215 3249 πάιίτων
3239 3201 3270 3250 6

2551 3313 2570 3346 ι
2591 3296 2698 3348 Kal.
2717 3299 2992 3374 ἐπορεύθη
3018 3306 3092 3367 εἰς
3122 3307 3269 3376 Χαρῤ

2476 3386 2565 3437 καὶ
2599 3388 2859 3458 ἐκοιμήθη
2885 3392 3038 3446 ὲκεϊο
3067 3394 3148 3446 ἔδυ
3185 3396 3270 3466 γὰρ

2473 3476 2576 3528 τῶν
2599 3475 2778 3538 λίθων,
2805 3480 2898 3532 καὶ
2929 3482 3092 3552 ἔθηκε
3117 3486 3242 3555 πρὸς

2476 3565 2615 3636 μὴθη
2647 3567 2706 3620 ἐν
2730 3568 2805 3638 τῷ
2832 3570 2982 3641 τόπῳ
3013 3574 3207 3644 ἐκείνῳ,
3237 3593 3268 3627 κ

2471 3657 2667 3727 κλίμαξ
2694 3661 3051 3736 ἐστηριγμένη
3093 3669 3166 3731 εἰς
3193 3668 3270 3736 rip

2473 3751 2664 3800 ικνεῖτο
2696 3753 2774 3813 εἰς
2804 3751 2893 3805 τὸν
2919 3756 3147 3826 οὐρανὸν,
3173 3758 3255 3810 καὶ

2471 3834 2697 3903 έϐαινον,
2720 3841 2812 3892 καὶ
2838 3846 3139 3899 κατέϐαινον
3163 3847 3241 3898 ἐπ’
3267 3873 3270 3894 ι

2467 3927 2745 3996 εστήρικτο
2790 3933 2875 3982 ἐπ’
2923 3935 3106 4005 αὐτῆς,
3146 3936 3228 3988 καὶ
3262 3955 3270 3986 ι

2465 4013 2592 4078 Θεὸς
2628 4018 2869 4089 Ἀϐραὰμ
2910 4026 3000 4078 τοῦ
3028 4027 3210 4096 πατρός
3241 4043 3269 4076 σ

2467 4100 2538 4170 μὴ
2569 4103 2763 4170 φοϐοὖο
2797 4108 2828 4176 ὴ
2857 4110 2933 4180 γῆ
2965 4114 3044 4179 ἐφ’
3075 4113 3134 4181 ἣν
3169 4113 3226 4164 σὺ
3257 4131 3270 4164 >

2461 4192 2612 4246 δώσω
2643 4196 2804 4267 αὐτὴν
2823 4240 2837 4263 ,
2869 4204 2966 4256 καὶ
3001 4204 3071 4273 τῷ
3106 4205 3264 4275 σπέρμ

2463 4281 2676 4352 σπέρμα
2698 4301 2788 4338 σου
2811 4288 2884 4351 ὡς
2920 4295 2948 4361 ὴ
2982 4292 3141 4362 ἄμμος
3168 4293 3253 4361 τῆς

2461 4369 2675 4440 θήσεται
2700 4376 2790 4428 ἐπὶ
2819 4377 3074 4434 θάλασσαν
3100 4384 3179 4434 καὶ
3204 4384 3270 4434 ἀνι

2458 4459 2549 4512 καὶ
2570 4460 2705 4516 λίϐα.
2732 4467 2840 4519 Καὶ
2874 4473 3270 4541 ὲνευλογηθήσοντ

2453 4547 2539 4601 λαὶ
2569 4552 2664 4621 τῆς
2699 4554 2801 4623 γῆς
2822 4595 2836 4618 ,
2867 4562 2953 4613 καὶ
2977 4563 3026 4613 ἐν
3050 4562 3117 4630 τῷ
3141 4562 3270 4630 σπέρι

2450 4641 2562 4708 εἰμι
2605 4643 2738 4711 μετὰ
2763 4648 2855 4699 σοῦ
2875 4689 2892 4714 ,
2917 4651 3244 4718 διαφυλάσσων

2446 4728 2510 4781 ἂν
2543 4734 2825 4805 πορευθῇς,
2848 4742 2933 4792 καὶ
2953 4742 3233 4812 ἀποστρέψω
3253 4757 3270 4792 c

2448 4818 2526 4871 ὅτι
2570 4822 2628 4872 οὐ
2672 4826 2742 4894 μή
2795 4843 2856 4879 σε
2897 4831 3249 4898 ἐγκαταλείπω,

2448 4908 2616 4961 πάντα
2651 4912 2749 4966 ὅσα
2789 4915 3005 4990 ὲλάλησά
3037 4938 3124 4974 σοι.
3155 4921 3247 4973 Καὶ

2443 4997 2536 5050 τοῦ
2565 4998 2728 5055 ὕπνου
2770 5009 2922 5063 αὐτοῦ
2945 5051 2957 5074 ,
2993 5013 3072 5064 καὶ
3097 5007 3248 5072 εἶπεν,

2444 5087 2518 5157 τῷ
2543 5089 2687 5162 τόπῳ
2724 5097 2919 5171 τούτῳ,
2951 5101 3043 5169 ἐγὼ
3076 5101 3124 5153 δὲ
3161 5100 3242 5152 οὐκ

2444 5179 2536 5230 καὶ
2591 5177 2772 5237 εἶπεν·
2823 5190 2902 5253 Ὠς
2956 5191 3147 5260 φοϐερὸς
3179 5191 3202 5240 ό
3231 5201 3270 5238 τί

2438 5269 2590 5322 τοῦτο
2617 5275 2728 5328 ἀλλ’
2759 5280 2790 5350 ἢ
2820 5279 2945 5345 οἶκος
2971 5281 3100 5344 Θεοῦ,
3127 5281 3203 5332 καὶ
3229 5278 3270 5329 αἶ

2437 5358 2546 5413 νοῦ.
2577 5363 2684 5416 Καὶ
2715 5368 2898 5440 ἀνέστη
2936 5369 3096 5424 ’ἰακὼῦ
3122 5369 3172 5420 τδ
3204 5384 3270 5437 πρ*

2441 5447 2558 5516 θον,
2584 5452 2642 5506 ὃν
2681 5457 2903 5532 ὑπέθηκε
2937 5461 3049 5537 πρὸς
3071 5457 3270 5527 κεφαλῆς
