  <div class='ocr_page' id='page_1' title='image "/cluster/home/n/w/nwhite01/storage/ocr_20150623/22 (Eusebius; pt. 4)/nyp.33433081862355/206.png"; bbox 0 0 3738 6316; ppageno 0'>
   <div class='ocr_carea' id='block_1_1' title="bbox 38 376 3316 487">
    <p class='ocr_par' dir='ltr' id='par_1_1' title="bbox 38 376 3316 487">
     <span class='ocr_line' id='line_1_1' title="bbox 38 376 3316 487; baseline 0.004 -37"><span class='ocrx_word' id='word_1_1' title='bbox 38 437 108 487; x_wconf 46' lang='grc' dir='ltr'>,δῇ</span> <span class='ocrx_word' id='word_1_2' title='bbox 1046 391 1678 456; x_wconf 74' lang='lat' dir='ltr'><strong>DEMONSTRATIONIS</strong></span> <span class='ocrx_word' id='word_1_3' title='bbox 1713 399 2159 455; x_wconf 65' lang='lat' dir='ltr'><strong>annosum</strong></span> <span class='ocrx_word' id='word_1_4' title='bbox 2200 399 2328 455; x_wconf 84' lang='lat' dir='ltr'><strong>LIB.</strong></span> <span class='ocrx_word' id='word_1_5' title='bbox 2369 401 2435 456; x_wconf 87' lang='lat' dir='ltr'><strong>v.</strong></span> <span class='ocrx_word' id='word_1_6' title='bbox 2481 376 2500 390; x_wconf 75' lang='grc'><strong>“</strong></span> <span class='ocrx_word' id='word_1_7' title='bbox 3211 408 3316 468; x_wconf 75' lang='lat' dir='ltr'><strong>ssc</strong></span> 
     </span>
    </p>
   </div>
   <div class='ocr_carea' id='block_1_2' title="bbox 62 499 1692 593">
    <p class='ocr_par' dir='ltr' id='par_1_2' title="bbox 62 499 1692 593">
     <span class='ocr_line' id='line_1_2' title="bbox 62 499 1692 593; baseline 0 -22"><span class='ocrx_word' id='word_1_8' title='bbox 62 543 164 593; x_wconf 48' lang='grc' dir='ltr'>Μ,</span> <span class='ocrx_word' id='word_1_9' title='bbox 243 499 519 593; x_wconf 22' lang='grc' dir='ltr'>δῖὴληνλ,</span> <span class='ocrx_word' id='word_1_10' title='bbox 559 506 668 557; x_wconf 67' lang='grc' dir='ltr'><strong>καὶ</strong></span> <span class='ocrx_word' id='word_1_11' title='bbox 713 509 964 583; x_wconf 71' lang='grc' dir='ltr'>ἐπέχεεν</span> <span class='ocrx_word' id='word_1_12' title='bbox 997 516 1169 570; x_wconf 77' lang='grc' dir='ltr'>ἔλαιον</span> <span class='ocrx_word' id='word_1_13' title='bbox 1197 520 1288 570; x_wconf 71' lang='grc' dir='ltr'><strong>ἐπὶ</strong></span> <span class='ocrx_word' id='word_1_14' title='bbox 1321 517 1382 569; x_wconf 88' lang='grc' dir='ltr'><strong>τὸ</strong></span> <span class='ocrx_word' id='word_1_15' title='bbox 1407 513 1570 586; x_wconf 78' lang='grc' dir='ltr'>ἄκρον</span> <span class='ocrx_word' id='word_1_16' title='bbox 1597 517 1692 570; x_wconf 80' lang='grc' dir='ltr'><strong>αὺ-</strong></span> 
     </span>
    </p>
   </div>
   <div class='ocr_carea' id='block_1_3' title="bbox 1798 499 3312 593">
    <p class='ocr_par' dir='ltr' id='par_1_3' title="bbox 1798 515 3312 592">
     <span class='ocr_line' id='line_1_3' title="bbox 1798 515 3312 592; baseline -0.002 -21"><span class='ocrx_word' id='word_1_17' title='bbox 1798 518 2032 589; x_wconf 82' lang='lat' dir='ltr'><strong>angelum</strong></span> <span class='ocrx_word' id='word_1_18' title='bbox 2079 531 2290 585; x_wconf 90' lang='lat' dir='ltr'><strong>quoque</strong></span> <span class='ocrx_word' id='word_1_19' title='bbox 2344 515 2437 570; x_wconf 85' lang='lat' dir='ltr'><strong>Dei</strong></span> <span class='ocrx_word' id='word_1_20' title='bbox 2487 517 2740 588; x_wconf 82' lang='lat' dir='ltr'><strong>deinceps</strong></span> <span class='ocrx_word' id='word_1_21' title='bbox 2792 536 3109 592; x_wconf 80' lang='lat' dir='ltr'><strong>progressus</strong></span> <span class='ocrx_word' id='word_1_22' title='bbox 3164 523 3312 579; x_wconf 63' lang='lat' dir='ltr'><strong>inve.</strong></span> 
     </span>
    </p>
   </div>
   <div class='ocr_carea' id='block_1_4' title="bbox 72 589 1692 683">
    <p class='ocr_par' dir='ltr' id='par_1_4' title="bbox 72 589 1690 683">
     <span class='ocr_line' id='line_1_4' title="bbox 72 589 1690 683; baseline 0.011 -42"><span class='ocrx_word' id='word_1_23' title='bbox 185 589 347 672; x_wconf 57' lang='grc' dir='ltr'><strong>,ισῖι</strong></span> <span class='ocrx_word' id='word_1_24' title='bbox 375 590 619 644; x_wconf 70' lang='grc' dir='ltr'>ἐκάλεσε</span> <span class='ocrx_word' id='word_1_25' title='bbox 661 597 882 652; x_wconf 72' lang='grc' dir='ltr'>Ἰακὼϐ</span> <span class='ocrx_word' id='word_1_26' title='bbox 914 604 978 655; x_wconf 92' lang='grc' dir='ltr'><strong>τὸ</strong></span> <span class='ocrx_word' id='word_1_27' title='bbox 1010 605 1177 674; x_wconf 74' lang='grc' dir='ltr'>ὄνομα</span> <span class='ocrx_word' id='word_1_28' title='bbox 1221 605 1310 658; x_wconf 78' lang='grc' dir='ltr'>τοῦ</span> <span class='ocrx_word' id='word_1_29' title='bbox 1338 605 1497 656; x_wconf 83' lang='grc' dir='ltr'>τόπου</span> <span class='ocrx_word' id='word_1_30' title='bbox 1548 606 1690 658; x_wconf 76' lang='grc' dir='ltr'>ὲκεί-</span> 
     </span>
    </p>
   </div>
   <div class='ocr_carea' id='block_1_5' title="bbox 1798 589 3308 683">
    <p class='ocr_par' dir='ltr' id='par_1_5' title="bbox 1798 589 3308 677">
     <span class='ocr_line' id='line_1_5' title="bbox 1798 589 3308 677; baseline 0.004 -15"><span class='ocrx_word' id='word_1_31' title='bbox 1798 610 1903 662; x_wconf 88' lang='lat' dir='ltr'><strong>nies</strong></span> <span class='ocrx_word' id='word_1_32' title='bbox 1933 627 1946 662; x_wconf 91' lang='lat'><strong>:</strong></span> <span class='ocrx_word' id='word_1_33' title='bbox 1994 607 2082 660; x_wconf 89' lang='lat' dir='ltr'><strong>ubi</strong></span> <span class='ocrx_word' id='word_1_34' title='bbox 2126 607 2191 660; x_wconf 90' lang='lat' dir='ltr'><strong>ad</strong></span> <span class='ocrx_word' id='word_1_35' title='bbox 2225 605 2475 660; x_wconf 79' lang='lat' dir='ltr'><strong>mulieres</strong></span> <span class='ocrx_word' id='word_1_36' title='bbox 2501 609 2574 660; x_wconf 93' lang='lat' dir='ltr'><strong>ait</strong></span> <span class='ocrx_word' id='word_1_37' title='bbox 2602 609 2716 677; x_wconf 89' lang='lat' dir='ltr'><strong>ipse</strong></span> <span class='ocrx_word' id='word_1_38' title='bbox 2743 589 2915 665; x_wconf 77' lang='lat' dir='ltr'><strong>Iacob</strong></span> <span class='ocrx_word' id='word_1_39' title='bbox 2944 633 2956 666; x_wconf 87' lang='lat'>:</span> <span class='ocrx_word' id='word_1_40' title='bbox 3019 634 3037 664; x_wconf 71' lang='grc' dir='ltr'><strong>ε</strong></span> <span class='ocrx_word' id='word_1_41' title='bbox 3081 613 3143 668; x_wconf 84' lang='lat' dir='ltr'><strong>Et</strong></span> <span class='ocrx_word' id='word_1_42' title='bbox 3171 617 3308 669; x_wconf 84' lang='lat' dir='ltr'><strong>dixit</strong></span> 
     </span>
    </p>
   </div>
   <div class='ocr_carea' id='block_1_6' title="bbox 94 675 1692 772">
    <p class='ocr_par' dir='ltr' id='par_1_6' title="bbox 94 675 1691 770">
     <span class='ocr_line' id='line_1_6' title="bbox 94 675 1691 770; baseline 0.008 -33"><span class='ocrx_word' id='word_1_43' title='bbox 94 675 274 770; x_wconf 38' lang='grc' dir='ltr'>,ὧὶᾶ</span> <span class='ocrx_word' id='word_1_44' title='bbox 287 701 384 746; x_wconf 69' lang='grc' dir='ltr'><strong>κος</strong></span> <span class='ocrx_word' id='word_1_45' title='bbox 418 684 587 738; x_wconf 70' lang='grc' dir='ltr'>Θεοῦ.</span> <span class='ocrx_word' id='word_1_46' title='bbox 626 707 648 738; x_wconf 71' lang='grc' dir='ltr'><strong>ι</strong></span> <span class='ocrx_word' id='word_1_47' title='bbox 684 690 906 746; x_wconf 81' lang='grc' dir='ltr'>Τοῦτον</span> <span class='ocrx_word' id='word_1_48' title='bbox 934 696 1028 747; x_wconf 83' lang='grc' dir='ltr'><strong>τὸν</strong></span> <span class='ocrx_word' id='word_1_49' title='bbox 1073 697 1296 750; x_wconf 79' lang='grc' dir='ltr'>ἐνταῦθα</span> <span class='ocrx_word' id='word_1_50' title='bbox 1325 695 1411 749; x_wconf 82' lang='grc' dir='ltr'>διὰ</span> <span class='ocrx_word' id='word_1_51' title='bbox 1435 696 1691 749; x_wconf 83' lang='grc' dir='ltr'><strong>τοσούτων</strong></span> 
     </span>
    </p>
   </div>
   <div class='ocr_carea' id='block_1_7' title="bbox 1798 675 3310 772">
    <p class='ocr_par' dir='ltr' id='par_1_7' title="bbox 1798 675 3310 772">
     <span class='ocr_line' id='line_1_7' title="bbox 1798 675 3310 772; baseline 0.006 -22"><span class='ocrx_word' id='word_1_52' title='bbox 1798 697 1918 750; x_wconf 87' lang='lat' dir='ltr'><strong>mihi</strong></span> <span class='ocrx_word' id='word_1_53' title='bbox 1967 696 2182 765; x_wconf 79' lang='lat' dir='ltr'><strong>angelus</strong></span> <span class='ocrx_word' id='word_1_54' title='bbox 2227 695 2320 749; x_wconf 89' lang='lat' dir='ltr'><strong>Dei</strong></span> <span class='ocrx_word' id='word_1_55' title='bbox 2367 695 2420 748; x_wconf 92' lang='lat' dir='ltr'><strong>in</strong></span> <span class='ocrx_word' id='word_1_56' title='bbox 2466 675 2690 761; x_wconf 77' lang='lat' dir='ltr'><strong>somnis,</strong></span> <span class='ocrx_word' id='word_1_57' title='bbox 2746 698 2936 754; x_wconf 88' lang='lat' dir='ltr'><strong>Iacob.</strong></span> <span class='ocrx_word' id='word_1_58' title='bbox 2977 703 3086 772; x_wconf 83' lang='lat' dir='ltr'><strong>Ego</strong></span> <span class='ocrx_word' id='word_1_59' title='bbox 3132 713 3310 759; x_wconf 88' lang='lat' dir='ltr'><strong>autem</strong></span> 
     </span>
    </p>
   </div>
   <div class='ocr_carea' id='block_1_8' title="bbox 101 777 1692 863">
    <p class='ocr_par' dir='ltr' id='par_1_8' title="bbox 101 777 1690 863">
     <span class='ocr_line' id='line_1_8' title="bbox 101 777 1690 863; baseline 0.009 -39"><span class='ocrx_word' id='word_1_60' title='bbox 101 777 512 863; x_wconf 37' lang='grc' dir='ltr'><strong>,ιρτὶμειιτὶζοντα</strong></span> <span class='ocrx_word' id='word_1_61' title='bbox 562 779 789 849; x_wconf 83' lang='grc' dir='ltr'><strong>Κύριον</strong></span> <span class='ocrx_word' id='word_1_62' title='bbox 843 785 941 836; x_wconf 75' lang='grc' dir='ltr'>καὶ</span> <span class='ocrx_word' id='word_1_63' title='bbox 986 786 1135 850; x_wconf 88' lang='grc' dir='ltr'>Θεὸν,</span> <span class='ocrx_word' id='word_1_64' title='bbox 1181 787 1399 855; x_wconf 83' lang='grc' dir='ltr'>ἄγγελον</span> <span class='ocrx_word' id='word_1_65' title='bbox 1427 785 1515 838; x_wconf 77' lang='grc' dir='ltr'>τοῦ</span> <span class='ocrx_word' id='word_1_66' title='bbox 1561 787 1690 838; x_wconf 83' lang='grc' dir='ltr'>Θεοῦ</span> 
     </span>
    </p>
   </div>
   <div class='ocr_carea' id='block_1_9' title="bbox 1798 777 3308 863">
    <p class='ocr_par' dir='ltr' id='par_1_9' title="bbox 1798 784 3308 863">
     <span class='ocr_line' id='line_1_9' title="bbox 1798 784 3308 863; baseline 0.005 -23"><span class='ocrx_word' id='word_1_67' title='bbox 1798 787 1896 840; x_wconf 80' lang='lat' dir='ltr'><strong>dixi</strong></span> <span class='ocrx_word' id='word_1_68' title='bbox 1929 802 1941 840; x_wconf 88' lang='lat'><strong>:</strong></span> <span class='ocrx_word' id='word_1_69' title='bbox 1973 786 2108 851; x_wconf 87' lang='lat' dir='ltr'><strong>Quid</strong></span> <span class='ocrx_word' id='word_1_70' title='bbox 2147 793 2230 840; x_wconf 84' lang='lat' dir='ltr'><strong>est</strong></span> <span class='ocrx_word' id='word_1_71' title='bbox 2256 785 2340 838; x_wconf 59' lang='lat'><strong>5&#39;?</strong></span> <span class='ocrx_word' id='word_1_72' title='bbox 2370 804 2388 837; x_wconf 71' lang='grc' dir='ltr'><strong>ι</strong></span> <span class='ocrx_word' id='word_1_73' title='bbox 2422 784 2486 838; x_wconf 87' lang='lat' dir='ltr'><strong>Et</strong></span> <span class='ocrx_word' id='word_1_74' title='bbox 2511 785 2762 856; x_wconf 87' lang='lat' dir='ltr'><strong>deinceps</strong></span> <span class='ocrx_word' id='word_1_75' title='bbox 2793 807 2805 841; x_wconf 92' lang='lat'><strong>:</strong></span> <span class='ocrx_word' id='word_1_76' title='bbox 2843 808 2860 839; x_wconf 79' lang='grc' dir='ltr'><strong>ι</strong></span> <span class='ocrx_word' id='word_1_77' title='bbox 2895 789 3033 858; x_wconf 84' lang='lat' dir='ltr'><strong>Vidi,</strong></span> <span class='ocrx_word' id='word_1_78' title='bbox 3073 812 3093 844; x_wconf 83' lang='grc'><strong>›</strong></span> <span class='ocrx_word' id='word_1_79' title='bbox 3117 795 3308 863; x_wconf 88' lang='lat' dir='ltr'><strong>inquit,</strong></span> 
     </span>
    </p>
   </div>
   <div class='ocr_carea' id='block_1_10' title="bbox 118 868 1692 953">
    <p class='ocr_par' dir='ltr' id='par_1_10' title="bbox 118 868 1692 950">
     <span class='ocr_line' id='line_1_10' title="bbox 118 868 1692 950; baseline 0.002 -26"><span class='ocrx_word' id='word_1_80' title='bbox 118 882 316 950; x_wconf 45' lang='lat' dir='ltr'><strong>1:96am;</strong></span> <span class='ocrx_word' id='word_1_81' title='bbox 360 868 481 938; x_wconf 71' lang='grc' dir='ltr'>ἑξῆς</span> <span class='ocrx_word' id='word_1_82' title='bbox 515 869 790 938; x_wconf 78' lang='grc' dir='ltr'><strong>εὑρήσεις</strong></span> <span class='ocrx_word' id='word_1_83' title='bbox 819 912 832 934; x_wconf 90' lang='grc'><strong>,</strong></span> <span class='ocrx_word' id='word_1_84' title='bbox 871 875 930 926; x_wconf 80' lang='grc' dir='ltr'><strong>ἐν</strong></span> <span class='ocrx_word' id='word_1_85' title='bbox 963 869 1043 938; x_wconf 73' lang='grc' dir='ltr'>οἷς</span> <span class='ocrx_word' id='word_1_86' title='bbox 1070 893 1197 945; x_wconf 79' lang='grc' dir='ltr'>φησι</span> <span class='ocrx_word' id='word_1_87' title='bbox 1232 877 1364 945; x_wconf 81' lang='grc' dir='ltr'>πρὸς</span> <span class='ocrx_word' id='word_1_88' title='bbox 1393 875 1487 937; x_wconf 81' lang='grc' dir='ltr'><strong>τὰς</strong></span> <span class='ocrx_word' id='word_1_89' title='bbox 1516 881 1692 943; x_wconf 86' lang='grc' dir='ltr'>γυναῖ-</span> 
     </span>
    </p>
   </div>
   <div class='ocr_carea' id='block_1_11' title="bbox 1798 868 3313 953">
    <p class='ocr_par' dir='ltr' id='par_1_11' title="bbox 1798 875 3313 953">
     <span class='ocr_line' id='line_1_11' title="bbox 1798 875 3313 953; baseline 0.007 -25"><span class='ocrx_word' id='word_1_90' title='bbox 1798 877 1947 946; x_wconf 76' lang='lat'><strong>236</strong></span> <span class='ocrx_word' id='word_1_91' title='bbox 1981 895 1999 925; x_wconf 76' lang='grc' dir='ltr'><strong>ι</strong></span> <span class='ocrx_word' id='word_1_92' title='bbox 2029 875 2204 928; x_wconf 88' lang='lat' dir='ltr'><strong>omnia</strong></span> <span class='ocrx_word' id='word_1_93' title='bbox 2248 889 2595 944; x_wconf 64' lang='lat' dir='ltr'><strong>quaecumque</strong></span> <span class='ocrx_word' id='word_1_94' title='bbox 2631 875 2810 931; x_wconf 87' lang='lat' dir='ltr'><strong>Laban</strong></span> <span class='ocrx_word' id='word_1_95' title='bbox 2867 879 2962 933; x_wconf 86' lang='lat' dir='ltr'><strong>tibi</strong></span> <span class='ocrx_word' id='word_1_96' title='bbox 2995 881 3136 937; x_wconf 89' lang='lat' dir='ltr'><strong>facit.</strong></span> <span class='ocrx_word' id='word_1_97' title='bbox 3198 884 3313 953; x_wconf 86' lang='lat' dir='ltr'><strong>Ego</strong></span> 
     </span>
    </p>
   </div>
   <div class='ocr_carea' id='block_1_12' title="bbox 117 958 1692 1034">
    <p class='ocr_par' dir='ltr' id='par_1_12' title="bbox 117 958 1690 1034">
     <span class='ocr_line' id='line_1_12' title="bbox 117 958 1690 1034; baseline 0.006 -23"><span class='ocrx_word' id='word_1_98' title='bbox 117 987 202 1031; x_wconf 58' lang='lat' dir='ltr'><strong>mg</strong></span> <span class='ocrx_word' id='word_1_99' title='bbox 239 959 420 1021; x_wconf 63' lang='grc' dir='ltr'>αὐτὸς</span> <span class='ocrx_word' id='word_1_100' title='bbox 469 958 707 1011; x_wconf 75' lang='grc' dir='ltr'>Ἰακώϐο</span> <span class='ocrx_word' id='word_1_101' title='bbox 743 980 762 1012; x_wconf 75' lang='grc' dir='ltr'><strong>ι</strong></span> <span class='ocrx_word' id='word_1_102' title='bbox 795 964 911 1015; x_wconf 81' lang='grc' dir='ltr'><strong>Καὶ</strong></span> <span class='ocrx_word' id='word_1_103' title='bbox 961 961 1082 1016; x_wconf 76' lang='grc' dir='ltr'>εἶπέ</span> <span class='ocrx_word' id='word_1_104' title='bbox 1129 983 1214 1034; x_wconf 83' lang='grc' dir='ltr'><strong>μοι</strong></span> <span class='ocrx_word' id='word_1_105' title='bbox 1263 967 1291 1016; x_wconf 98' lang='lat'><strong>6</strong></span> <span class='ocrx_word' id='word_1_106' title='bbox 1339 965 1560 1032; x_wconf 87' lang='grc' dir='ltr'>ἄγγελος</span> <span class='ocrx_word' id='word_1_107' title='bbox 1603 967 1690 1020; x_wconf 78' lang='grc' dir='ltr'>τοῦ</span> 
     </span>
    </p>
   </div>
   <div class='ocr_carea' id='block_1_13' title="bbox 1798 958 3306 1034">
    <p class='ocr_par' dir='ltr' id='par_1_13' title="bbox 1798 964 3306 1034">
     <span class='ocr_line' id='line_1_13' title="bbox 1798 964 3306 1034; baseline 0.005 -16"><span class='ocrx_word' id='word_1_108' title='bbox 1798 967 1951 1029; x_wconf 90' lang='lat' dir='ltr'><strong>Deus,</strong></span> <span class='ocrx_word' id='word_1_109' title='bbox 1997 967 2086 1034; x_wconf 92' lang='lat' dir='ltr'><strong>qui</strong></span> <span class='ocrx_word' id='word_1_110' title='bbox 2128 965 2347 1034; x_wconf 89' lang='lat' dir='ltr'><strong>apparui</strong></span> <span class='ocrx_word' id='word_1_111' title='bbox 2391 964 2486 1018; x_wconf 91' lang='lat' dir='ltr'><strong>tibi</strong></span> <span class='ocrx_word' id='word_1_112' title='bbox 2517 965 2572 1018; x_wconf 92' lang='lat' dir='ltr'><strong>in</strong></span> <span class='ocrx_word' id='word_1_113' title='bbox 2606 965 2743 1028; x_wconf 90' lang='lat' dir='ltr'><strong>loco,</strong></span> <span class='ocrx_word' id='word_1_114' title='bbox 2789 968 2878 1021; x_wconf 90' lang='lat' dir='ltr'><strong>ubi</strong></span> <span class='ocrx_word' id='word_1_115' title='bbox 2927 971 3125 1024; x_wconf 85' lang='lat' dir='ltr'><strong>unxisti</strong></span> <span class='ocrx_word' id='word_1_116' title='bbox 3175 973 3306 1026; x_wconf 88' lang='lat' dir='ltr'><strong>mihi</strong></span> 
     </span>
    </p>
   </div>
   <div class='ocr_carea' id='block_1_14' title="bbox 127 1051 1692 1130">
    <p class='ocr_par' dir='ltr' id='par_1_14' title="bbox 127 1051 1688 1122">
     <span class='ocr_line' id='line_1_14' title="bbox 127 1051 1688 1122; baseline -0.003 -12"><span class='ocrx_word' id='word_1_117' title='bbox 127 1059 247 1110; x_wconf 80' lang='grc' dir='ltr'><strong>Θεοῦ</strong></span> <span class='ocrx_word' id='word_1_118' title='bbox 267 1053 403 1106; x_wconf 69' lang='grc' dir='ltr'>καθ’</span> <span class='ocrx_word' id='word_1_119' title='bbox 435 1051 599 1102; x_wconf 73' lang='grc' dir='ltr'>ὕπνον</span> <span class='ocrx_word' id='word_1_120' title='bbox 621 1067 633 1080; x_wconf 91' lang='grc'><strong>·</strong></span> <span class='ocrx_word' id='word_1_121' title='bbox 691 1053 912 1106; x_wconf 80' lang='grc' dir='ltr'>Ἰακὼϐ.</span> <span class='ocrx_word' id='word_1_122' title='bbox 983 1054 1117 1122; x_wconf 85' lang='grc' dir='ltr'>Ἐγὼ</span> <span class='ocrx_word' id='word_1_123' title='bbox 1139 1056 1193 1107; x_wconf 85' lang='grc' dir='ltr'>δὲ</span> <span class='ocrx_word' id='word_1_124' title='bbox 1218 1051 1364 1107; x_wconf 78' lang='grc' dir='ltr'>εἶπα·</span> <span class='ocrx_word' id='word_1_125' title='bbox 1411 1056 1473 1106; x_wconf 83' lang='grc' dir='ltr'><strong>Τί</strong></span> <span class='ocrx_word' id='word_1_126' title='bbox 1503 1057 1613 1106; x_wconf 79' lang='grc' dir='ltr'>ἐστι</span> <span class='ocrx_word' id='word_1_127' title='bbox 1633 1072 1646 1120; x_wconf 90' lang='grc'>;</span> <span class='ocrx_word' id='word_1_128' title='bbox 1670 1075 1688 1106; x_wconf 71' lang='grc' dir='ltr'><strong>ι</strong></span> 
     </span>
    </p>
   </div>
   <div class='ocr_carea' id='block_1_15' title="bbox 1798 1051 3306 1130">
    <p class='ocr_par' dir='ltr' id='par_1_15' title="bbox 1798 1055 3306 1130">
     <span class='ocr_line' id='line_1_15' title="bbox 1798 1055 3306 1130; baseline 0.004 -22"><span class='ocrx_word' id='word_1_129' title='bbox 1798 1057 2021 1118; x_wconf 83' lang='lat' dir='ltr'><strong>titulum,</strong></span> <span class='ocrx_word' id='word_1_130' title='bbox 2053 1061 2106 1109; x_wconf 89' lang='lat' dir='ltr'><strong>et</strong></span> <span class='ocrx_word' id='word_1_131' title='bbox 2127 1055 2318 1108; x_wconf 78' lang='lat' dir='ltr'><strong>vovisti</strong></span> <span class='ocrx_word' id='word_1_132' title='bbox 2356 1055 2485 1109; x_wconf 87' lang='lat' dir='ltr'><strong>mihi</strong></span> <span class='ocrx_word' id='word_1_133' title='bbox 2513 1064 2692 1110; x_wconf 84' lang='lat' dir='ltr'><strong>votum</strong></span> <span class='ocrx_word' id='word_1_134' title='bbox 2716 1057 2779 1110; x_wconf 81' lang='grc'><strong>⁵³.</strong></span> <span class='ocrx_word' id='word_1_135' title='bbox 2822 1077 2842 1109; x_wconf 76' lang='grc' dir='ltr'><strong>ι</strong></span> <span class='ocrx_word' id='word_1_136' title='bbox 2874 1057 3012 1128; x_wconf 80' lang='lat' dir='ltr'><strong>Ergo</strong></span> <span class='ocrx_word' id='word_1_137' title='bbox 3037 1061 3125 1128; x_wconf 90' lang='lat' dir='ltr'><strong>qui</strong></span> <span class='ocrx_word' id='word_1_138' title='bbox 3149 1076 3306 1130; x_wconf 82' lang='lat' dir='ltr'><strong>supra</strong></span> 
     </span>
    </p>
   </div>
   <div class='ocr_carea' id='block_1_16' title="bbox 127 1143 1692 1216">
    <p class='ocr_par' dir='ltr' id='par_1_16' title="bbox 127 1143 1692 1215">
     <span class='ocr_line' id='line_1_16' title="bbox 127 1143 1692 1215; baseline -0.001 -15"><span class='ocrx_word' id='word_1_139' title='bbox 127 1147 232 1200; x_wconf 73' lang='grc' dir='ltr'>Καὶ</span> <span class='ocrx_word' id='word_1_140' title='bbox 263 1144 398 1212; x_wconf 78' lang='grc' dir='ltr'>ἑξῆς</span> <span class='ocrx_word' id='word_1_141' title='bbox 416 1159 428 1170; x_wconf 88' lang='grc'><strong>·</strong></span> <span class='ocrx_word' id='word_1_142' title='bbox 449 1162 466 1192; x_wconf 76' lang='grc' dir='ltr'><strong>ι</strong></span> <span class='ocrx_word' id='word_1_143' title='bbox 503 1143 790 1214; x_wconf 82' lang='grc' dir='ltr'><strong>Ἑώρακα,</strong></span> <span class='ocrx_word' id='word_1_144' title='bbox 827 1164 844 1195; x_wconf 72' lang='grc' dir='ltr'><strong>ι</strong></span> <span class='ocrx_word' id='word_1_145' title='bbox 871 1147 1020 1215; x_wconf 73' lang='grc' dir='ltr'>φησὶ,</span> <span class='ocrx_word' id='word_1_146' title='bbox 1047 1165 1064 1196; x_wconf 73' lang='grc' dir='ltr'><strong>ι</strong></span> <span class='ocrx_word' id='word_1_147' title='bbox 1089 1147 1260 1198; x_wconf 83' lang='grc' dir='ltr'>πάντα</span> <span class='ocrx_word' id='word_1_148' title='bbox 1287 1149 1382 1199; x_wconf 83' lang='grc' dir='ltr'><strong>ὅσα</strong></span> <span class='ocrx_word' id='word_1_149' title='bbox 1413 1147 1589 1198; x_wconf 84' lang='grc' dir='ltr'>Λάϐαν</span> <span class='ocrx_word' id='word_1_150' title='bbox 1615 1149 1692 1199; x_wconf 66' lang='grc' dir='ltr'><strong>σο)¹</strong></span> 
     </span>
    </p>
   </div>
   <div class='ocr_carea' id='block_1_17' title="bbox 1798 1143 3304 1216">
    <p class='ocr_par' dir='ltr' id='par_1_17' title="bbox 1798 1143 3304 1216">
     <span class='ocr_line' id='line_1_17' title="bbox 1798 1143 3304 1216; baseline 0.002 -16"><span class='ocrx_word' id='word_1_151' title='bbox 1798 1147 2014 1206; x_wconf 75' lang='lat' dir='ltr'><strong>dixerat,</strong></span> <span class='ocrx_word' id='word_1_152' title='bbox 2055 1163 2072 1195; x_wconf 80' lang='grc' dir='ltr'><strong>ι</strong></span> <span class='ocrx_word' id='word_1_153' title='bbox 2120 1144 2229 1213; x_wconf 82' lang='lat' dir='ltr'><strong>Ego</strong></span> <span class='ocrx_word' id='word_1_154' title='bbox 2252 1143 2504 1198; x_wconf 89' lang='lat' dir='ltr'><strong>Dominus</strong></span> <span class='ocrx_word' id='word_1_155' title='bbox 2536 1144 2674 1200; x_wconf 86' lang='lat' dir='ltr'><strong>Deus</strong></span> <span class='ocrx_word' id='word_1_156' title='bbox 2711 1147 2978 1200; x_wconf 82' lang='lat' dir='ltr'><strong>Abraham</strong></span> <span class='ocrx_word' id='word_1_157' title='bbox 3004 1149 3172 1216; x_wconf 85' lang='lat' dir='ltr'><strong>patris</strong></span> <span class='ocrx_word' id='word_1_158' title='bbox 3203 1151 3304 1213; x_wconf 91' lang='lat' dir='ltr'><strong>tui,</strong></span> 
     </span>
    </p>
   </div>
   <div class='ocr_carea' id='block_1_18' title="bbox 124 1229 1692 1304">
    <p class='ocr_par' dir='ltr' id='par_1_18' title="bbox 124 1229 1692 1304">
     <span class='ocr_line' id='line_1_18' title="bbox 124 1229 1692 1304; baseline -0.001 -18"><span class='ocrx_word' id='word_1_159' title='bbox 124 1236 273 1286; x_wconf 71' lang='lat' dir='ltr'><strong>mei.</strong></span> <span class='ocrx_word' id='word_1_160' title='bbox 336 1229 468 1298; x_wconf 87' lang='grc' dir='ltr'>Ἐγὼ</span> <span class='ocrx_word' id='word_1_161' title='bbox 495 1232 526 1282; x_wconf 88' lang='lat'><strong>6</strong></span> <span class='ocrx_word' id='word_1_162' title='bbox 549 1231 689 1294; x_wconf 84' lang='grc' dir='ltr'><strong>Θεὸς</strong></span> <span class='ocrx_word' id='word_1_163' title='bbox 722 1234 752 1283; x_wconf 88' lang='grc' dir='ltr'>ὁ</span> <span class='ocrx_word' id='word_1_164' title='bbox 779 1233 965 1300; x_wconf 76' lang='grc' dir='ltr'>ὀφθείς</span> <span class='ocrx_word' id='word_1_165' title='bbox 1002 1250 1080 1286; x_wconf 90' lang='grc' dir='ltr'><strong>σοι</strong></span> <span class='ocrx_word' id='word_1_166' title='bbox 1107 1235 1163 1286; x_wconf 85' lang='grc' dir='ltr'>ἐν</span> <span class='ocrx_word' id='word_1_167' title='bbox 1190 1235 1356 1304; x_wconf 83' lang='grc' dir='ltr'><strong>τόπῳ,</strong></span> <span class='ocrx_word' id='word_1_168' title='bbox 1382 1229 1441 1286; x_wconf 81' lang='grc' dir='ltr'>οὗ</span> <span class='ocrx_word' id='word_1_169' title='bbox 1471 1234 1692 1304; x_wconf 71' lang='grc' dir='ltr'>ἤλειψας</span> 
     </span>
    </p>
   </div>
   <div class='ocr_carea' id='block_1_19' title="bbox 1798 1229 3308 1304">
    <p class='ocr_par' dir='ltr' id='par_1_19' title="bbox 1798 1233 3308 1301">
     <span class='ocr_line' id='line_1_19' title="bbox 1798 1233 3308 1301; baseline 0.003 -11"><span class='ocrx_word' id='word_1_170' title='bbox 1798 1247 1841 1290; x_wconf 85' lang='lat' dir='ltr'><strong>et</strong></span> <span class='ocrx_word' id='word_1_171' title='bbox 1871 1235 2006 1289; x_wconf 89' lang='lat' dir='ltr'><strong>Deus</strong></span> <span class='ocrx_word' id='word_1_172' title='bbox 2035 1233 2201 1297; x_wconf 85' lang='lat' dir='ltr'><strong>Isaac,</strong></span> <span class='ocrx_word' id='word_1_173' title='bbox 2235 1254 2254 1286; x_wconf 72' lang='grc' dir='ltr'><strong>ι</strong></span> <span class='ocrx_word' id='word_1_174' title='bbox 2280 1236 2364 1287; x_wconf 91' lang='lat' dir='ltr'><strong>cui</strong></span> <span class='ocrx_word' id='word_1_175' title='bbox 2399 1243 2451 1288; x_wconf 89' lang='lat' dir='ltr'><strong>et</strong></span> <span class='ocrx_word' id='word_1_176' title='bbox 2492 1235 2705 1289; x_wconf 87' lang='lat' dir='ltr'><strong>titulum</strong></span> <span class='ocrx_word' id='word_1_177' title='bbox 2756 1237 2924 1291; x_wconf 84' lang='lat' dir='ltr'><strong>erexit</strong></span> <span class='ocrx_word' id='word_1_178' title='bbox 2959 1237 3050 1292; x_wconf 93' lang='lat' dir='ltr'><strong>Dei</strong></span> <span class='ocrx_word' id='word_1_179' title='bbox 3083 1240 3308 1301; x_wconf 82' lang='lat' dir='ltr'><strong>amicus,</strong></span> 
     </span>
    </p>
   </div>
   <div class='ocr_carea' id='block_1_20' title="bbox 121 1319 1692 1397">
    <p class='ocr_par' dir='ltr' id='par_1_20' title="bbox 121 1319 1692 1393">
     <span class='ocr_line' id='line_1_20' title="bbox 121 1319 1692 1393; baseline -0.001 -18"><span class='ocrx_word' id='word_1_180' title='bbox 121 1339 206 1391; x_wconf 77' lang='grc' dir='ltr'>μοι</span> <span class='ocrx_word' id='word_1_181' title='bbox 240 1323 377 1373; x_wconf 77' lang='grc' dir='ltr'>ἐκεῖ</span> <span class='ocrx_word' id='word_1_182' title='bbox 408 1320 611 1388; x_wconf 80' lang='grc' dir='ltr'>στήλην</span> <span class='ocrx_word' id='word_1_183' title='bbox 640 1359 655 1382; x_wconf 88' lang='grc'><strong>,</strong></span> <span class='ocrx_word' id='word_1_184' title='bbox 708 1322 804 1372; x_wconf 71' lang='grc' dir='ltr'><strong>καὶ</strong></span> <span class='ocrx_word' id='word_1_185' title='bbox 849 1320 995 1390; x_wconf 69' lang='grc' dir='ltr'>ηὔξω</span> <span class='ocrx_word' id='word_1_186' title='bbox 1038 1339 1122 1392; x_wconf 83' lang='grc' dir='ltr'><strong>μοι</strong></span> <span class='ocrx_word' id='word_1_187' title='bbox 1156 1324 1333 1392; x_wconf 81' lang='grc' dir='ltr'>εὐχήν.</span> <span class='ocrx_word' id='word_1_188' title='bbox 1371 1324 1518 1393; x_wconf 68' lang='grc' dir='ltr'><strong>»Ἆρ’</strong></span> <span class='ocrx_word' id='word_1_189' title='bbox 1541 1319 1629 1376; x_wconf 83' lang='grc' dir='ltr'><strong>οὖν</strong></span> <span class='ocrx_word' id='word_1_190' title='bbox 1667 1325 1692 1374; x_wconf 98' lang='lat'><strong>6</strong></span> 
     </span>
    </p>
   </div>
   <div class='ocr_carea' id='block_1_21' title="bbox 1798 1319 3310 1397">
    <p class='ocr_par' dir='ltr' id='par_1_21' title="bbox 1798 1324 3310 1397">
     <span class='ocr_line' id='line_1_21' title="bbox 1798 1324 3310 1397; baseline 0.003 -19"><span class='ocrx_word' id='word_1_191' title='bbox 1798 1326 1928 1380; x_wconf 88' lang='lat' dir='ltr'><strong>Deus</strong></span> <span class='ocrx_word' id='word_1_192' title='bbox 1955 1325 2165 1394; x_wconf 87' lang='lat' dir='ltr'><strong>quidem</strong></span> <span class='ocrx_word' id='word_1_193' title='bbox 2198 1333 2311 1378; x_wconf 87' lang='lat' dir='ltr'><strong>erat</strong></span> <span class='ocrx_word' id='word_1_194' title='bbox 2351 1333 2403 1378; x_wconf 91' lang='lat' dir='ltr'><strong>et</strong></span> <span class='ocrx_word' id='word_1_195' title='bbox 2453 1324 2709 1380; x_wconf 89' lang='lat' dir='ltr'><strong>Dominus</strong></span> <span class='ocrx_word' id='word_1_196' title='bbox 2752 1328 2876 1397; x_wconf 84' lang='lat' dir='ltr'><strong>(ipsi</strong></span> <span class='ocrx_word' id='word_1_197' title='bbox 2925 1328 3066 1381; x_wconf 88' lang='lat' dir='ltr'><strong>enim</strong></span> <span class='ocrx_word' id='word_1_198' title='bbox 3111 1329 3310 1383; x_wconf 87' lang='lat' dir='ltr'><strong>dicenti</strong></span> 
     </span>
    </p>
   </div>
   <div class='ocr_carea' id='block_1_22' title="bbox 109 1409 1692 1484">
    <p class='ocr_par' dir='ltr' id='par_1_22' title="bbox 109 1409 1692 1482">
     <span class='ocr_line' id='line_1_22' title="bbox 109 1409 1692 1482; baseline 0 -19"><span class='ocrx_word' id='word_1_199' title='bbox 109 1413 382 1479; x_wconf 79' lang='grc' dir='ltr'><strong>ἀνωτέρω</strong></span> <span class='ocrx_word' id='word_1_200' title='bbox 409 1410 616 1478; x_wconf 79' lang='grc' dir='ltr'>φήσας,</span> <span class='ocrx_word' id='word_1_201' title='bbox 659 1427 678 1459; x_wconf 69' lang='grc' dir='ltr'><strong>ι</strong></span> <span class='ocrx_word' id='word_1_202' title='bbox 723 1409 865 1476; x_wconf 85' lang='grc' dir='ltr'>Ἐγὼ</span> <span class='ocrx_word' id='word_1_203' title='bbox 896 1411 1094 1480; x_wconf 85' lang='grc' dir='ltr'>Κύριος</span> <span class='ocrx_word' id='word_1_204' title='bbox 1125 1414 1153 1463; x_wconf 94' lang='lat'><strong>6</strong></span> <span class='ocrx_word' id='word_1_205' title='bbox 1181 1413 1307 1474; x_wconf 88' lang='grc' dir='ltr'>Θεὸς</span> <span class='ocrx_word' id='word_1_206' title='bbox 1338 1413 1580 1482; x_wconf 77' lang='grc' dir='ltr'>Ἀϐραὰμ</span> <span class='ocrx_word' id='word_1_207' title='bbox 1601 1411 1692 1464; x_wconf 82' lang='grc' dir='ltr'>τοῦ</span> 
     </span>
    </p>
   </div>
   <div class='ocr_carea' id='block_1_23' title="bbox 1798 1409 3312 1484">
    <p class='ocr_par' dir='ltr' id='par_1_23' title="bbox 1798 1414 3312 1484">
     <span class='ocr_line' id='line_1_23' title="bbox 1798 1414 3312 1484; baseline 0.002 -17"><span class='ocrx_word' id='word_1_208' title='bbox 1798 1414 2153 1484; x_wconf 84' lang='lat' dir='ltr'><strong>credendum),</strong></span> <span class='ocrx_word' id='word_1_209' title='bbox 2186 1429 2293 1466; x_wconf 91' lang='lat' dir='ltr'><strong>non</strong></span> <span class='ocrx_word' id='word_1_210' title='bbox 2325 1421 2498 1468; x_wconf 90' lang='lat' dir='ltr'><strong>tamen</strong></span> <span class='ocrx_word' id='word_1_211' title='bbox 2531 1415 2575 1469; x_wconf 92' lang='lat' dir='ltr'><strong>is</strong></span> <span class='ocrx_word' id='word_1_212' title='bbox 2605 1417 2694 1483; x_wconf 86' lang='lat' dir='ltr'><strong>qui</strong></span> <span class='ocrx_word' id='word_1_213' title='bbox 2720 1415 2876 1468; x_wconf 85' lang='lat' dir='ltr'><strong>Pater</strong></span> <span class='ocrx_word' id='word_1_214' title='bbox 2896 1424 2995 1478; x_wconf 90' lang='lat' dir='ltr'><strong>est,</strong></span> <span class='ocrx_word' id='word_1_215' title='bbox 3023 1425 3076 1470; x_wconf 89' lang='lat' dir='ltr'><strong>et</strong></span> <span class='ocrx_word' id='word_1_216' title='bbox 3109 1431 3136 1470; x_wconf 89' lang='lat' dir='ltr'><strong>a</strong></span> <span class='ocrx_word' id='word_1_217' title='bbox 3165 1419 3312 1471; x_wconf 91' lang='lat' dir='ltr'><strong>nullo</strong></span> 
     </span>
    </p>
   </div>
   <div class='ocr_carea' id='block_1_24' title="bbox 107 1495 1692 1572">
    <p class='ocr_par' dir='ltr' id='par_1_24' title="bbox 107 1495 1692 1572">
     <span class='ocr_line' id='line_1_24' title="bbox 107 1495 1692 1572; baseline 0 -18"><span class='ocrx_word' id='word_1_218' title='bbox 107 1501 334 1572; x_wconf 76' lang='grc' dir='ltr'>πατρός</span> <span class='ocrx_word' id='word_1_219' title='bbox 353 1515 465 1560; x_wconf 85' lang='grc' dir='ltr'>σου,</span> <span class='ocrx_word' id='word_1_220' title='bbox 483 1499 582 1550; x_wconf 71' lang='grc' dir='ltr'>καὶ</span> <span class='ocrx_word' id='word_1_221' title='bbox 611 1501 642 1549; x_wconf 88' lang='lat'><strong>6</strong></span> <span class='ocrx_word' id='word_1_222' title='bbox 671 1499 805 1562; x_wconf 85' lang='grc' dir='ltr'>Θεὸς</span> <span class='ocrx_word' id='word_1_223' title='bbox 821 1501 1050 1566; x_wconf 81' lang='grc' dir='ltr'>Ἰσαὰκ,›</span> <span class='ocrx_word' id='word_1_224' title='bbox 1077 1495 1118 1568; x_wconf 83' lang='grc' dir='ltr'>ᾧ</span> <span class='ocrx_word' id='word_1_225' title='bbox 1143 1503 1233 1553; x_wconf 76' lang='grc' dir='ltr'><strong>καὶ</strong></span> <span class='ocrx_word' id='word_1_226' title='bbox 1256 1503 1449 1571; x_wconf 78' lang='grc' dir='ltr'><strong>στήλην</strong></span> <span class='ocrx_word' id='word_1_227' title='bbox 1478 1502 1692 1572; x_wconf 84' lang='grc' dir='ltr'>ἀνέστη-</span> 
     </span>
    </p>
   </div>
   <div class='ocr_carea' id='block_1_25' title="bbox 1798 1495 3313 1572">
    <p class='ocr_par' dir='ltr' id='par_1_25' title="bbox 1798 1503 3313 1572">
     <span class='ocr_line' id='line_1_25' title="bbox 1798 1503 3313 1572; baseline 0.001 -14"><span class='ocrx_word' id='word_1_228' title='bbox 1798 1511 1888 1569; x_wconf 77' lang='lat' dir='ltr'><strong>est,</strong></span> <span class='ocrx_word' id='word_1_229' title='bbox 1925 1503 2016 1558; x_wconf 89' lang='lat' dir='ltr'><strong>sed</strong></span> <span class='ocrx_word' id='word_1_230' title='bbox 2045 1503 2134 1572; x_wconf 92' lang='lat' dir='ltr'><strong>qui</strong></span> <span class='ocrx_word' id='word_1_231' title='bbox 2161 1517 2242 1566; x_wconf 86' lang='lat' dir='ltr'><strong>ea,</strong></span> <span class='ocrx_word' id='word_1_232' title='bbox 2283 1518 2399 1572; x_wconf 74' lang='lat' dir='ltr'><strong>quae</strong></span> <span class='ocrx_word' id='word_1_233' title='bbox 2425 1503 2488 1557; x_wconf 89' lang='lat' dir='ltr'><strong>ad</strong></span> <span class='ocrx_word' id='word_1_234' title='bbox 2519 1503 2726 1558; x_wconf 84' lang='lat' dir='ltr'><strong>Patrem</strong></span> <span class='ocrx_word' id='word_1_235' title='bbox 2759 1505 3043 1572; x_wconf 86' lang='lat' dir='ltr'><strong>pertinent,</strong></span> <span class='ocrx_word' id='word_1_236' title='bbox 3081 1506 3313 1560; x_wconf 87' lang='lat' dir='ltr'><strong>homini-</strong></span> 
     </span>
    </p>
   </div>
   <div class='ocr_carea' id='block_1_26' title="bbox 105 1586 1692 1663">
    <p class='ocr_par' dir='ltr' id='par_1_26' title="bbox 105 1586 1692 1663">
     <span class='ocr_line' id='line_1_26' title="bbox 105 1586 1692 1663; baseline 0 -19"><span class='ocrx_word' id='word_1_237' title='bbox 105 1609 192 1644; x_wconf 89' lang='grc' dir='ltr'><strong>σεν</strong></span> <span class='ocrx_word' id='word_1_238' title='bbox 217 1594 246 1643; x_wconf 90' lang='lat'><strong>6</strong></span> <span class='ocrx_word' id='word_1_239' title='bbox 274 1588 569 1658; x_wconf 73' lang='grc' dir='ltr'>θεοφιλὴς,</span> <span class='ocrx_word' id='word_1_240' title='bbox 615 1588 755 1651; x_wconf 87' lang='grc' dir='ltr'>Θεὸς</span> <span class='ocrx_word' id='word_1_241' title='bbox 793 1590 890 1659; x_wconf 82' lang='grc' dir='ltr'><strong>μὲν</strong></span> <span class='ocrx_word' id='word_1_242' title='bbox 918 1586 984 1658; x_wconf 79' lang='grc' dir='ltr'>ἦν</span> <span class='ocrx_word' id='word_1_243' title='bbox 1021 1592 1112 1642; x_wconf 72' lang='grc' dir='ltr'><strong>καὶ</strong></span> <span class='ocrx_word' id='word_1_244' title='bbox 1154 1590 1350 1660; x_wconf 84' lang='grc' dir='ltr'>Κύριος</span> <span class='ocrx_word' id='word_1_245' title='bbox 1401 1591 1564 1660; x_wconf 75' lang='grc' dir='ltr'>(αὐτῷ</span> <span class='ocrx_word' id='word_1_246' title='bbox 1590 1593 1692 1663; x_wconf 86' lang='grc' dir='ltr'><strong>γὰρ</strong></span> 
     </span>
    </p>
   </div>
   <div class='ocr_carea' id='block_1_27' title="bbox 1798 1586 3301 1663">
    <p class='ocr_par' dir='ltr' id='par_1_27' title="bbox 1798 1591 3301 1658">
     <span class='ocr_line' id='line_1_27' title="bbox 1798 1591 3301 1658; baseline 0.002 -12"><span class='ocrx_word' id='word_1_247' title='bbox 1798 1594 1889 1647; x_wconf 86' lang='lat' dir='ltr'><strong>bus</strong></span> <span class='ocrx_word' id='word_1_248' title='bbox 1930 1591 2298 1646; x_wconf 79' lang='lat' dir='ltr'><strong>subministrat</strong></span> <span class='ocrx_word' id='word_1_249' title='bbox 2337 1601 2389 1646; x_wconf 88' lang='lat' dir='ltr'><strong>et</strong></span> <span class='ocrx_word' id='word_1_250' title='bbox 2431 1593 2658 1646; x_wconf 86' lang='lat' dir='ltr'><strong>nuntiat.</strong></span> <span class='ocrx_word' id='word_1_251' title='bbox 2711 1593 2973 1658; x_wconf 84' lang='lat' dir='ltr'><strong>Quocirca</strong></span> <span class='ocrx_word' id='word_1_252' title='bbox 3017 1594 3177 1648; x_wconf 87' lang='lat' dir='ltr'><strong>etiam</strong></span> <span class='ocrx_word' id='word_1_253' title='bbox 3208 1609 3301 1648; x_wconf 88' lang='lat' dir='ltr'><strong>an-</strong></span> 
     </span>
    </p>
   </div>
   <div class='ocr_carea' id='block_1_28' title="bbox 107 1675 1692 1744">
    <p class='ocr_par' dir='ltr' id='par_1_28' title="bbox 107 1675 1692 1744">
     <span class='ocr_line' id='line_1_28' title="bbox 107 1675 1692 1744; baseline -0.002 -15"><span class='ocrx_word' id='word_1_254' title='bbox 107 1680 341 1744; x_wconf 81' lang='grc' dir='ltr'>λέγοντι</span> <span class='ocrx_word' id='word_1_255' title='bbox 383 1675 760 1743; x_wconf 77' lang='grc' dir='ltr'><strong>πιστευτέον),</strong></span> <span class='ocrx_word' id='word_1_256' title='bbox 811 1677 871 1726; x_wconf 81' lang='grc' dir='ltr'><strong>οὐ</strong></span> <span class='ocrx_word' id='word_1_257' title='bbox 913 1675 1014 1744; x_wconf 81' lang='grc' dir='ltr'><strong>μὴν</strong></span> <span class='ocrx_word' id='word_1_258' title='bbox 1043 1676 1070 1726; x_wconf 88' lang='grc' dir='ltr'>ὁ</span> <span class='ocrx_word' id='word_1_259' title='bbox 1117 1676 1204 1727; x_wconf 74' lang='grc' dir='ltr'>ἐπὶ</span> <span class='ocrx_word' id='word_1_260' title='bbox 1247 1675 1489 1732; x_wconf 81' lang='grc' dir='ltr'>πάντων,</span> <span class='ocrx_word' id='word_1_261' title='bbox 1526 1675 1634 1727; x_wconf 82' lang='grc' dir='ltr'>ἀλλ’</span> <span class='ocrx_word' id='word_1_262' title='bbox 1665 1677 1692 1726; x_wconf 91' lang='grc' dir='ltr'>ὁ</span> 
     </span>
    </p>
   </div>
   <div class='ocr_carea' id='block_1_29' title="bbox 108 1762 1690 1833">
    <p class='ocr_par' dir='ltr' id='par_1_29' title="bbox 108 1762 1690 1833">
     <span class='ocr_line' id='line_1_29' title="bbox 108 1762 1690 1833; baseline -0.002 -16"><span class='ocrx_word' id='word_1_263' title='bbox 108 1764 341 1816; x_wconf 66' lang='grc' dir='ltr'>ἐκείνου</span> <span class='ocrx_word' id='word_1_264' title='bbox 359 1762 644 1832; x_wconf 85' lang='grc' dir='ltr'>δεύτερος,</span> <span class='ocrx_word' id='word_1_265' title='bbox 675 1762 744 1814; x_wconf 74' lang='grc' dir='ltr'>τὰ</span> <span class='ocrx_word' id='word_1_266' title='bbox 775 1762 869 1814; x_wconf 76' lang='grc' dir='ltr'>τοῦ</span> <span class='ocrx_word' id='word_1_267' title='bbox 905 1763 1110 1832; x_wconf 84' lang='grc' dir='ltr'>Πατρὸς</span> <span class='ocrx_word' id='word_1_268' title='bbox 1139 1767 1215 1825; x_wconf 75' lang='grc' dir='ltr'><strong>εἰς</strong></span> <span class='ocrx_word' id='word_1_269' title='bbox 1245 1763 1555 1833; x_wconf 82' lang='grc' dir='ltr'>ἀνθρώπους</span> <span class='ocrx_word' id='word_1_270' title='bbox 1577 1764 1690 1815; x_wconf 85' lang='grc' dir='ltr'>δια-</span> 
     </span>
    </p>
   </div>
   <div class='ocr_carea' id='block_1_30' title="bbox 1789 1681 3424 1760">
    <p class='ocr_par' dir='ltr' id='par_1_30' title="bbox 1789 1681 3424 1760">
     <span class='ocr_line' id='line_1_30' title="bbox 1789 1681 3424 1760; baseline 0.002 -25"><span class='ocrx_word' id='word_1_271' title='bbox 1789 1683 1962 1752; x_wconf 89' lang='lat' dir='ltr'><strong>gelum</strong></span> <span class='ocrx_word' id='word_1_272' title='bbox 2014 1681 2190 1750; x_wconf 89' lang='lat' dir='ltr'><strong>ipsum</strong></span> <span class='ocrx_word' id='word_1_273' title='bbox 2240 1683 2293 1735; x_wconf 89' lang='lat' dir='ltr'><strong>in</strong></span> <span class='ocrx_word' id='word_1_274' title='bbox 2346 1682 2591 1750; x_wconf 72' lang='lat' dir='ltr'><strong>praesenti</strong></span> <span class='ocrx_word' id='word_1_275' title='bbox 2647 1691 2801 1736; x_wconf 86' lang='lat' dir='ltr'><strong>vocat</strong></span> <span class='ocrx_word' id='word_1_276' title='bbox 2860 1683 3022 1737; x_wconf 90' lang='lat' dir='ltr'><strong>Iacob</strong></span> <span class='ocrx_word' id='word_1_277' title='bbox 3075 1684 3164 1738; x_wconf 87' lang='lat' dir='ltr'><strong>ubi</strong></span> <span class='ocrx_word' id='word_1_278' title='bbox 3212 1685 3307 1746; x_wconf 85' lang='lat' dir='ltr'><strong>ait,</strong></span> <span class='ocrx_word' id='word_1_279' title='bbox 3416 1717 3424 1760; x_wconf 34' lang='grc' dir='ltr'><strong>ἱ</strong></span> 
     </span>
    </p>
   </div>
   <div class='ocr_carea' id='block_1_31' title="bbox 1795 1767 3427 1848">
    <p class='ocr_par' dir='ltr' id='par_1_31' title="bbox 1795 1767 3427 1848">
     <span class='ocr_line' id='line_1_31' title="bbox 1795 1767 3427 1848; baseline 0.004 -27"><span class='ocrx_word' id='word_1_280' title='bbox 1795 1790 1812 1821; x_wconf 74' lang='grc' dir='ltr'><strong>ι</strong></span> <span class='ocrx_word' id='word_1_281' title='bbox 1849 1771 1988 1824; x_wconf 84' lang='lat' dir='ltr'><strong>Dixit</strong></span> <span class='ocrx_word' id='word_1_282' title='bbox 2016 1770 2145 1823; x_wconf 90' lang='lat' dir='ltr'><strong>mihi</strong></span> <span class='ocrx_word' id='word_1_283' title='bbox 2175 1772 2392 1840; x_wconf 75' lang='lat' dir='ltr'><strong>angelus</strong></span> <span class='ocrx_word' id='word_1_284' title='bbox 2422 1771 2512 1824; x_wconf 88' lang='lat' dir='ltr'><strong>Dei</strong></span> <span class='ocrx_word' id='word_1_285' title='bbox 2537 1771 2592 1824; x_wconf 89' lang='lat' dir='ltr'><strong>in</strong></span> <span class='ocrx_word' id='word_1_286' title='bbox 2615 1772 2816 1826; x_wconf 83' lang='lat' dir='ltr'><strong>somnis</strong></span> <span class='ocrx_word' id='word_1_287' title='bbox 2835 1773 2993 1825; x_wconf 90' lang='lat' dir='ltr'><strong>verba</strong></span> <span class='ocrx_word' id='word_1_288' title='bbox 3027 1772 3174 1826; x_wconf 63' lang='lat' dir='ltr'><strong>haec:</strong></span> <span class='ocrx_word' id='word_1_289' title='bbox 3201 1772 3313 1842; x_wconf 84' lang='lat' dir='ltr'><strong>Ego</strong></span> 
     </span>
    </p>
   </div>
   <div class='ocr_carea' id='block_1_32' title="bbox 112 1849 1692 1928">
    <p class='ocr_par' dir='ltr' id='par_1_32' title="bbox 112 1850 1692 1921">
     <span class='ocr_line' id='line_1_32' title="bbox 112 1850 1692 1921; baseline 0 -17"><span class='ocrx_word' id='word_1_290' title='bbox 112 1854 274 1906; x_wconf 77' lang='grc' dir='ltr'>κονού</span> <span class='ocrx_word' id='word_1_291' title='bbox 287 1867 454 1921; x_wconf 83' lang='grc' dir='ltr'>μενος</span> <span class='ocrx_word' id='word_1_292' title='bbox 485 1853 584 1902; x_wconf 69' lang='grc' dir='ltr'><strong>καὶ</strong></span> <span class='ocrx_word' id='word_1_293' title='bbox 607 1850 959 1918; x_wconf 78' lang='grc' dir='ltr'><strong>διαγγέλλων.</strong></span> <span class='ocrx_word' id='word_1_294' title='bbox 997 1853 1084 1903; x_wconf 85' lang='grc' dir='ltr'>Διὸ</span> <span class='ocrx_word' id='word_1_295' title='bbox 1112 1851 1199 1904; x_wconf 78' lang='grc' dir='ltr'>καὶ</span> <span class='ocrx_word' id='word_1_296' title='bbox 1228 1851 1448 1918; x_wconf 78' lang='grc' dir='ltr'>ἄγγελον</span> <span class='ocrx_word' id='word_1_297' title='bbox 1481 1851 1636 1903; x_wconf 81' lang='grc' dir='ltr'>αὑτὸν</span> <span class='ocrx_word' id='word_1_298' title='bbox 1668 1855 1692 1904; x_wconf 91' lang='lat'><strong>6</strong></span> 
     </span>
    </p>
   </div>
   <div class='ocr_carea' id='block_1_33' title="bbox 1798 1849 3424 1928">
    <p class='ocr_par' dir='ltr' id='par_1_33' title="bbox 1798 1849 3424 1928">
     <span class='ocr_line' id='line_1_33' title="bbox 1798 1849 3424 1928; baseline 0.002 -18"><span class='ocrx_word' id='word_1_299' title='bbox 1798 1871 1907 1910; x_wconf 84' lang='lat' dir='ltr'><strong>sum</strong></span> <span class='ocrx_word' id='word_1_300' title='bbox 1937 1856 2095 1920; x_wconf 89' lang='lat' dir='ltr'><strong>Deus,</strong></span> <span class='ocrx_word' id='word_1_301' title='bbox 2126 1857 2216 1925; x_wconf 90' lang='lat' dir='ltr'><strong>qui</strong></span> <span class='ocrx_word' id='word_1_302' title='bbox 2240 1857 2459 1926; x_wconf 90' lang='lat' dir='ltr'><strong>apparui</strong></span> <span class='ocrx_word' id='word_1_303' title='bbox 2479 1858 2572 1911; x_wconf 89' lang='lat' dir='ltr'><strong>tibi</strong></span> <span class='ocrx_word' id='word_1_304' title='bbox 2597 1859 2650 1911; x_wconf 90' lang='lat' dir='ltr'><strong>in</strong></span> <span class='ocrx_word' id='word_1_305' title='bbox 2679 1859 2817 1912; x_wconf 92' lang='lat' dir='ltr'><strong>loco.</strong></span> <span class='ocrx_word' id='word_1_306' title='bbox 2857 1879 2875 1910; x_wconf 68' lang='grc' dir='ltr'><strong>ι</strong></span> <span class='ocrx_word' id='word_1_307' title='bbox 2920 1859 3056 1928; x_wconf 81' lang='lat' dir='ltr'><strong>Ergo</strong></span> <span class='ocrx_word' id='word_1_308' title='bbox 3081 1861 3219 1914; x_wconf 90' lang='lat' dir='ltr'><strong>idem</strong></span> <span class='ocrx_word' id='word_1_309' title='bbox 3257 1870 3312 1914; x_wconf 89' lang='lat' dir='ltr'><strong>et</strong></span> <span class='ocrx_word' id='word_1_310' title='bbox 3397 1849 3424 1918; x_wconf 64' lang='grc' dir='ltr'><strong>,ῖ</strong></span> 
     </span>
    </p>
   </div>
   <div class='ocr_carea' id='block_1_34' title="bbox 128 1937 1689 2010">
    <p class='ocr_par' dir='ltr' id='par_1_34' title="bbox 128 1937 1689 2010">
     <span class='ocr_line' id='line_1_34' title="bbox 128 1937 1689 2010; baseline -0.001 -17"><span class='ocrx_word' id='word_1_311' title='bbox 128 1940 342 1993; x_wconf 75' lang='grc' dir='ltr'>Ἰακὼϐ</span> <span class='ocrx_word' id='word_1_312' title='bbox 369 1940 459 1991; x_wconf 71' lang='grc' dir='ltr'>ἐπὶ</span> <span class='ocrx_word' id='word_1_313' title='bbox 477 1939 574 1992; x_wconf 77' lang='grc' dir='ltr'>τοῦ</span> <span class='ocrx_word' id='word_1_314' title='bbox 604 1941 870 2010; x_wconf 84' lang='grc' dir='ltr'>παρόντος</span> <span class='ocrx_word' id='word_1_315' title='bbox 898 1940 1078 1992; x_wconf 85' lang='grc' dir='ltr'>καλεῖ·</span> <span class='ocrx_word' id='word_1_316' title='bbox 1109 1961 1126 1991; x_wconf 79' lang='grc' dir='ltr'><strong>ι</strong></span> <span class='ocrx_word' id='word_1_317' title='bbox 1151 1937 1281 1992; x_wconf 66' lang='lat' dir='ltr'><strong>Eine</strong></span> <span class='ocrx_word' id='word_1_318' title='bbox 1305 1957 1390 2010; x_wconf 87' lang='grc' dir='ltr'><strong>μοι</strong></span> <span class='ocrx_word' id='word_1_319' title='bbox 1415 1944 1442 1992; x_wconf 93' lang='lat'><strong>6</strong></span> <span class='ocrx_word' id='word_1_320' title='bbox 1469 1941 1689 2007; x_wconf 82' lang='grc' dir='ltr'>ἄγγελος</span> 
     </span>
    </p>
   </div>
   <div class='ocr_carea' id='block_1_35' title="bbox 121 2029 1691 2098">
    <p class='ocr_par' dir='ltr' id='par_1_35' title="bbox 121 2029 1691 2098">
     <span class='ocr_line' id='line_1_35' title="bbox 121 2029 1691 2098; baseline -0.001 -16"><span class='ocrx_word' id='word_1_321' title='bbox 121 2033 218 2084; x_wconf 72' lang='grc' dir='ltr'>τοῦ</span> <span class='ocrx_word' id='word_1_322' title='bbox 264 2030 409 2084; x_wconf 75' lang='grc' dir='ltr'>Θεοῦ</span> <span class='ocrx_word' id='word_1_323' title='bbox 466 2032 696 2098; x_wconf 80' lang='grc' dir='ltr'><strong>φάσκων</strong></span> <span class='ocrx_word' id='word_1_324' title='bbox 747 2029 866 2081; x_wconf 81' lang='grc' dir='ltr'>καθ’</span> <span class='ocrx_word' id='word_1_325' title='bbox 901 2030 1088 2082; x_wconf 79' lang='grc' dir='ltr'>ὕπνον·</span> <span class='ocrx_word' id='word_1_326' title='bbox 1126 2030 1259 2098; x_wconf 85' lang='grc' dir='ltr'><strong>Ἑγώ</strong></span> <span class='ocrx_word' id='word_1_327' title='bbox 1307 2032 1416 2098; x_wconf 81' lang='grc' dir='ltr'>εἰμι</span> <span class='ocrx_word' id='word_1_328' title='bbox 1447 2029 1474 2079; x_wconf 89' lang='grc' dir='ltr'><strong>ὁ</strong></span> <span class='ocrx_word' id='word_1_329' title='bbox 1504 2029 1630 2091; x_wconf 85' lang='grc' dir='ltr'>Θεὸς</span> <span class='ocrx_word' id='word_1_330' title='bbox 1664 2031 1691 2081; x_wconf 92' lang='grc' dir='ltr'>ὀ</span> 
     </span>
    </p>
   </div>
   <div class='ocr_carea' id='block_1_36' title="bbox 126 2119 1691 2189">
    <p class='ocr_par' dir='ltr' id='par_1_36' title="bbox 126 2119 1691 2189">
     <span class='ocr_line' id='line_1_36' title="bbox 126 2119 1691 2189; baseline -0.001 -18"><span class='ocrx_word' id='word_1_331' title='bbox 126 2121 326 2188; x_wconf 58' lang='grc' dir='ltr'><strong>ὀφθείς</strong></span> <span class='ocrx_word' id='word_1_332' title='bbox 361 2138 440 2173; x_wconf 89' lang='grc' dir='ltr'><strong>σοι</strong></span> <span class='ocrx_word' id='word_1_333' title='bbox 477 2122 535 2172; x_wconf 79' lang='grc' dir='ltr'>ὲν</span> <span class='ocrx_word' id='word_1_334' title='bbox 573 2120 655 2189; x_wconf 84' lang='grc' dir='ltr'>τῷ</span> <span class='ocrx_word' id='word_1_335' title='bbox 698 2121 866 2188; x_wconf 85' lang='grc' dir='ltr'>τόπῳ.</span> <span class='ocrx_word' id='word_1_336' title='bbox 900 2139 918 2168; x_wconf 74' lang='grc' dir='ltr'><strong>ι</strong></span> <span class='ocrx_word' id='word_1_337' title='bbox 956 2119 1157 2172; x_wconf 74' lang='grc' dir='ltr'>Οὐκοῦν</span> <span class='ocrx_word' id='word_1_338' title='bbox 1201 2122 1228 2173; x_wconf 91' lang='lat'><strong>6</strong></span> <span class='ocrx_word' id='word_1_339' title='bbox 1272 2120 1428 2181; x_wconf 80' lang='grc' dir='ltr'>αὐτὸς</span> <span class='ocrx_word' id='word_1_340' title='bbox 1470 2121 1691 2187; x_wconf 84' lang='grc' dir='ltr'>ἄγγελος</span> 
     </span>
    </p>
   </div>
   <div class='ocr_carea' id='block_1_37' title="bbox 132 2208 1693 2280">
    <p class='ocr_par' dir='ltr' id='par_1_37' title="bbox 132 2208 1693 2280">
     <span class='ocr_line' id='line_1_37' title="bbox 132 2208 1693 2280; baseline 0 -19"><span class='ocrx_word' id='word_1_341' title='bbox 132 2210 350 2280; x_wconf 72' lang='grc' dir='ltr'>Κυρίου</span> <span class='ocrx_word' id='word_1_342' title='bbox 368 2211 457 2262; x_wconf 59' lang='grc' dir='ltr'><strong>καὶ⁵</strong></span> <span class='ocrx_word' id='word_1_343' title='bbox 481 2208 617 2271; x_wconf 85' lang='grc' dir='ltr'>Θεὸς</span> <span class='ocrx_word' id='word_1_344' title='bbox 650 2211 744 2262; x_wconf 73' lang='grc' dir='ltr'><strong>καὶ</strong></span> <span class='ocrx_word' id='word_1_345' title='bbox 788 2210 1008 2280; x_wconf 85' lang='grc' dir='ltr'>Κύριος,</span> <span class='ocrx_word' id='word_1_346' title='bbox 1041 2210 1223 2278; x_wconf 72' lang='grc' dir='ltr'>σαφῶς</span> <span class='ocrx_word' id='word_1_347' title='bbox 1248 2210 1331 2262; x_wconf 86' lang='grc' dir='ltr'><strong>διὰ</strong></span> <span class='ocrx_word' id='word_1_348' title='bbox 1380 2208 1573 2262; x_wconf 86' lang='grc' dir='ltr'>τούτων</span> <span class='ocrx_word' id='word_1_349' title='bbox 1605 2210 1693 2261; x_wconf 83' lang='grc' dir='ltr'>ἁν-</span> 
     </span>
    </p>
   </div>
   <div class='ocr_carea' id='block_1_38' title="bbox 133 2298 1692 2370">
    <p class='ocr_par' dir='ltr' id='par_1_38' title="bbox 133 2298 1692 2370">
     <span class='ocr_line' id='line_1_38' title="bbox 133 2298 1692 2370; baseline -0.001 -18"><span class='ocrx_word' id='word_1_350' title='bbox 133 2301 453 2369; x_wconf 79' lang='grc' dir='ltr'>ηγόρευται.</span> <span class='ocrx_word' id='word_1_351' title='bbox 496 2300 611 2353; x_wconf 78' lang='grc' dir='ltr'>Καὶ</span> <span class='ocrx_word' id='word_1_352' title='bbox 649 2302 709 2352; x_wconf 80' lang='grc' dir='ltr'>ὲν</span> <span class='ocrx_word' id='word_1_353' title='bbox 753 2301 947 2369; x_wconf 63' lang='grc' dir='ltr'>Ἡσαΐᾳ</span> <span class='ocrx_word' id='word_1_354' title='bbox 973 2300 1027 2352; x_wconf 85' lang='grc' dir='ltr'>δὲ</span> <span class='ocrx_word' id='word_1_355' title='bbox 1049 2300 1126 2368; x_wconf 81' lang='grc' dir='ltr'>τῷ</span> <span class='ocrx_word' id='word_1_356' title='bbox 1164 2302 1426 2370; x_wconf 75' lang='grc' dir='ltr'><strong>προφήτῃ,</strong></span> <span class='ocrx_word' id='word_1_357' title='bbox 1461 2298 1692 2368; x_wconf 83' lang='grc' dir='ltr'>μεγάλης</span> 
     </span>
    </p>
   </div>
   <div class='ocr_carea' id='block_1_39' title="bbox 1791 1934 3409 2024">
    <p class='ocr_par' dir='ltr' id='par_1_39' title="bbox 1791 1934 3409 2024">
     <span class='ocr_line' id='line_1_39' title="bbox 1791 1934 3409 2024; baseline 0.003 -27"><span class='ocrx_word' id='word_1_358' title='bbox 1791 1946 2010 2014; x_wconf 82' lang='lat' dir='ltr'><strong>angelus</strong></span> <span class='ocrx_word' id='word_1_359' title='bbox 2038 1943 2268 2008; x_wconf 89' lang='lat' dir='ltr'><strong>Domini,</strong></span> <span class='ocrx_word' id='word_1_360' title='bbox 2292 1952 2346 1999; x_wconf 90' lang='lat' dir='ltr'><strong>et</strong></span> <span class='ocrx_word' id='word_1_361' title='bbox 2373 1945 2533 2009; x_wconf 90' lang='lat' dir='ltr'><strong>Deus,</strong></span> <span class='ocrx_word' id='word_1_362' title='bbox 2561 1955 2612 2001; x_wconf 89' lang='lat' dir='ltr'><strong>et</strong></span> <span class='ocrx_word' id='word_1_363' title='bbox 2652 1946 2928 2011; x_wconf 88' lang='lat' dir='ltr'><strong>Dominus,</strong></span> <span class='ocrx_word' id='word_1_364' title='bbox 2959 1949 3113 2018; x_wconf 81' lang='lat' dir='ltr'><strong>plane</strong></span> <span class='ocrx_word' id='word_1_365' title='bbox 3142 1950 3194 2002; x_wconf 93' lang='lat' dir='ltr'><strong>in</strong></span> <span class='ocrx_word' id='word_1_366' title='bbox 3225 1948 3313 2002; x_wconf 85' lang='lat' dir='ltr'><strong>his</strong></span> 
     </span>
    </p>
   </div>
   <div class='ocr_carea' id='block_1_40' title="bbox 1791 2032 3402 2106">
    <p class='ocr_par' dir='ltr' id='par_1_40' title="bbox 1791 2032 3402 2106">
     <span class='ocr_line' id='line_1_40' title="bbox 1791 2032 3402 2106; baseline 0.007 -22"><span class='ocrx_word' id='word_1_367' title='bbox 1791 2034 2082 2102; x_wconf 87' lang='lat' dir='ltr'><strong>appellatus</strong></span> <span class='ocrx_word' id='word_1_368' title='bbox 2128 2041 2228 2088; x_wconf 90' lang='lat' dir='ltr'><strong>est.</strong></span> <span class='ocrx_word' id='word_1_369' title='bbox 2263 2032 2330 2087; x_wconf 86' lang='lat' dir='ltr'><strong>Et</strong></span> <span class='ocrx_word' id='word_1_370' title='bbox 2375 2036 2514 2103; x_wconf 90' lang='lat' dir='ltr'><strong>apud</strong></span> <span class='ocrx_word' id='word_1_371' title='bbox 2544 2034 2733 2090; x_wconf 91' lang='lat' dir='ltr'><strong>lsaiam</strong></span> <span class='ocrx_word' id='word_1_372' title='bbox 2768 2038 3079 2105; x_wconf 88' lang='lat' dir='ltr'><strong>prophetam</strong></span> <span class='ocrx_word' id='word_1_373' title='bbox 3132 2037 3309 2106; x_wconf 81' lang='lat' dir='ltr'><strong>magni</strong></span> <span class='ocrx_word' id='word_1_374' title='bbox 3374 2040 3402 2097; x_wconf 62' lang='grc' dir='ltr'><em>ἕξ</em></span> 
     </span>
    </p>
   </div>
   <div class='ocr_carea' id='block_1_41' title="bbox 1793 2209 3309 2278">
    <p class='ocr_par' dir='ltr' id='par_1_41' title="bbox 1793 2209 3309 2278">
     <span class='ocr_line' id='line_1_41' title="bbox 1793 2209 3309 2278; baseline 0.003 -14"><span class='ocrx_word' id='word_1_375' title='bbox 1793 2219 1846 2264; x_wconf 91' lang='lat' dir='ltr'><strong>et</strong></span> <span class='ocrx_word' id='word_1_376' title='bbox 1871 2217 2185 2278; x_wconf 89' lang='lat' dir='ltr'><strong>potestatem</strong></span> <span class='ocrx_word' id='word_1_377' title='bbox 2228 2209 2433 2265; x_wconf 86' lang='lat' dir='ltr'><strong>habens</strong></span> <span class='ocrx_word' id='word_1_378' title='bbox 2480 2213 2805 2277; x_wconf 86' lang='lat' dir='ltr'><strong>nominatur,</strong></span> <span class='ocrx_word' id='word_1_379' title='bbox 2847 2214 2936 2267; x_wconf 87' lang='lat' dir='ltr'><strong>ubi</strong></span> <span class='ocrx_word' id='word_1_380' title='bbox 2972 2221 3122 2267; x_wconf 89' lang='lat' dir='ltr'><strong>ortus</strong></span> <span class='ocrx_word' id='word_1_381' title='bbox 3163 2214 3309 2268; x_wconf 89' lang='lat' dir='ltr'><strong>illius</strong></span> 
     </span>
    </p>
   </div>
   <div class='ocr_carea' id='block_1_42' title="bbox 1796 2299 3314 2373">
    <p class='ocr_par' dir='ltr' id='par_1_42' title="bbox 1796 2299 3314 2373">
     <span class='ocr_line' id='line_1_42' title="bbox 1796 2299 3314 2373; baseline 0.004 -22"><span class='ocrx_word' id='word_1_382' title='bbox 1796 2299 1936 2352; x_wconf 84' lang='lat' dir='ltr'><strong>inter</strong></span> <span class='ocrx_word' id='word_1_383' title='bbox 1981 2299 2224 2354; x_wconf 88' lang='lat' dir='ltr'><strong>homines</strong></span> <span class='ocrx_word' id='word_1_384' title='bbox 2270 2301 2501 2366; x_wconf 88' lang='lat' dir='ltr'><strong>canitur,</strong></span> <span class='ocrx_word' id='word_1_385' title='bbox 2527 2302 2805 2366; x_wconf 90' lang='lat' dir='ltr'><strong>adicente,</strong></span> <span class='ocrx_word' id='word_1_386' title='bbox 2886 2303 3024 2371; x_wconf 87' lang='lat' dir='ltr'><strong>quod</strong></span> <span class='ocrx_word' id='word_1_387' title='bbox 3064 2321 3081 2352; x_wconf 75' lang='grc' dir='ltr'><strong>ι</strong></span> <span class='ocrx_word' id='word_1_388' title='bbox 3116 2319 3314 2373; x_wconf 85' lang='lat' dir='ltr'><strong>pueru-</strong></span> 
     </span>
    </p>
   </div>
   <div class='ocr_carea' id='block_1_43' title="bbox 1790 2121 3506 2200">
    <p class='ocr_par' dir='ltr' id='par_1_43' title="bbox 1790 2121 3506 2200">
     <span class='ocr_line' id='line_1_43' title="bbox 1790 2121 3506 2200; baseline 0.003 -26"><span class='ocrx_word' id='word_1_389' title='bbox 1790 2122 2000 2174; x_wconf 90' lang='lat' dir='ltr'><strong>consilii</strong></span> <span class='ocrx_word' id='word_1_390' title='bbox 2029 2121 2268 2188; x_wconf 80' lang='lat' dir='ltr'><strong>angelus,</strong></span> <span class='ocrx_word' id='word_1_391' title='bbox 2303 2121 2621 2191; x_wconf 88' lang='lat' dir='ltr'><strong>interimque</strong></span> <span class='ocrx_word' id='word_1_392' title='bbox 2648 2131 2700 2177; x_wconf 90' lang='lat' dir='ltr'><strong>et</strong></span> <span class='ocrx_word' id='word_1_393' title='bbox 2743 2123 2901 2186; x_wconf 87' lang='lat' dir='ltr'><strong>Deus,</strong></span> <span class='ocrx_word' id='word_1_394' title='bbox 2938 2132 2990 2178; x_wconf 87' lang='lat' dir='ltr'><strong>et</strong></span> <span class='ocrx_word' id='word_1_395' title='bbox 3038 2125 3310 2193; x_wconf 81' lang='lat' dir='ltr'><strong>princeps,</strong></span> <span class='ocrx_word' id='word_1_396' title='bbox 3390 2123 3395 2128; x_wconf 67' lang='grc'><em>⁷</em></span> <span class='ocrx_word' id='word_1_397' title='bbox 3498 2190 3506 2200; x_wconf 38' lang='grc'><strong><em>⁸</em></strong></span> 
     </span>
    </p>
   </div>
   <div class='ocr_carea' id='block_1_44' title="bbox 141 2388 1691 2459">
    <p class='ocr_par' dir='ltr' id='par_1_44' title="bbox 141 2388 1691 2459">
     <span class='ocr_line' id='line_1_44' title="bbox 141 2388 1691 2459; baseline -0.001 -19"><span class='ocrx_word' id='word_1_398' title='bbox 141 2390 344 2459; x_wconf 72' lang='grc' dir='ltr'>βουλῆς</span> <span class='ocrx_word' id='word_1_399' title='bbox 383 2391 640 2459; x_wconf 75' lang='grc' dir='ltr'>ἄγγελος,</span> <span class='ocrx_word' id='word_1_400' title='bbox 685 2389 822 2459; x_wconf 80' lang='grc' dir='ltr'>ὁμοῦ</span> <span class='ocrx_word' id='word_1_401' title='bbox 861 2389 917 2441; x_wconf 84' lang='grc' dir='ltr'><strong>δὲ</strong></span> <span class='ocrx_word' id='word_1_402' title='bbox 960 2390 1052 2442; x_wconf 71' lang='grc' dir='ltr'>καὶ</span> <span class='ocrx_word' id='word_1_403' title='bbox 1094 2389 1223 2451; x_wconf 85' lang='grc' dir='ltr'>Θεὸς</span> <span class='ocrx_word' id='word_1_404' title='bbox 1255 2389 1346 2440; x_wconf 74' lang='grc' dir='ltr'><strong>καὶ</strong></span> <span class='ocrx_word' id='word_1_405' title='bbox 1393 2388 1570 2458; x_wconf 80' lang='grc' dir='ltr'>ἄρχων</span> <span class='ocrx_word' id='word_1_406' title='bbox 1601 2389 1691 2440; x_wconf 77' lang='grc' dir='ltr'>καὶ</span> 
     </span>
    </p>
   </div>
   <div class='ocr_carea' id='block_1_45' title="bbox 140 2474 1691 2551">
    <p class='ocr_par' dir='ltr' id='par_1_45' title="bbox 140 2474 1691 2551">
     <span class='ocr_line' id='line_1_45' title="bbox 140 2474 1691 2551; baseline 0 -23"><span class='ocrx_word' id='word_1_407' title='bbox 140 2478 487 2551; x_wconf 72' lang='grc' dir='ltr'>ὲξουσιαστὴς</span> <span class='ocrx_word' id='word_1_408' title='bbox 503 2479 989 2550; x_wconf 74' lang='grc' dir='ltr'>προσαγορεύεται,</span> <span class='ocrx_word' id='word_1_409' title='bbox 1007 2481 1064 2531; x_wconf 84' lang='grc' dir='ltr'>ὲν</span> <span class='ocrx_word' id='word_1_410' title='bbox 1089 2474 1169 2541; x_wconf 77' lang='grc' dir='ltr'>οἷς</span> <span class='ocrx_word' id='word_1_411' title='bbox 1186 2478 1278 2547; x_wconf 81' lang='grc' dir='ltr'>τὴν</span> <span class='ocrx_word' id='word_1_412' title='bbox 1297 2479 1373 2539; x_wconf 75' lang='grc' dir='ltr'><strong>εἰς</strong></span> <span class='ocrx_word' id='word_1_413' title='bbox 1387 2476 1691 2547; x_wconf 81' lang='grc' dir='ltr'>ἀνθρώπους</span> 
     </span>
    </p>
   </div>
   <div class='ocr_carea' id='block_1_46' title="bbox 142 2565 1690 2637">
    <p class='ocr_par' dir='ltr' id='par_1_46' title="bbox 142 2565 1690 2637">
     <span class='ocr_line' id='line_1_46' title="bbox 142 2565 1690 2637; baseline -0.003 -17"><span class='ocrx_word' id='word_1_414' title='bbox 142 2568 313 2622; x_wconf 67' lang='grc' dir='ltr'>αὑτοῦ</span> <span class='ocrx_word' id='word_1_415' title='bbox 344 2571 542 2637; x_wconf 77' lang='grc' dir='ltr'>γένεσιν</span> <span class='ocrx_word' id='word_1_416' title='bbox 572 2569 843 2632; x_wconf 80' lang='grc' dir='ltr'>θεσπίζει,</span> <span class='ocrx_word' id='word_1_417' title='bbox 877 2569 1076 2635; x_wconf 76' lang='grc' dir='ltr'>λέγων’</span> <span class='ocrx_word' id='word_1_418' title='bbox 1115 2585 1132 2617; x_wconf 75' lang='grc' dir='ltr'><strong>ι</strong></span> <span class='ocrx_word' id='word_1_419' title='bbox 1166 2568 1282 2619; x_wconf 88' lang='grc' dir='ltr'>Ὅτι</span> <span class='ocrx_word' id='word_1_420' title='bbox 1311 2565 1514 2618; x_wconf 77' lang='grc' dir='ltr'>παιδίον</span> <span class='ocrx_word' id='word_1_421' title='bbox 1543 2568 1690 2631; x_wconf 78' lang='grc' dir='ltr'>ἐγεν-</span> 
     </span>
    </p>
   </div>
   <div class='ocr_carea' id='block_1_47' title="bbox 1793 2389 3310 2461">
    <p class='ocr_par' dir='ltr' id='par_1_47' title="bbox 1793 2389 3310 2461">
     <span class='ocr_line' id='line_1_47' title="bbox 1793 2389 3310 2461; baseline 0.005 -21"><span class='ocrx_word' id='word_1_422' title='bbox 1793 2389 1878 2443; x_wconf 88' lang='lat' dir='ltr'><strong>lus</strong></span> <span class='ocrx_word' id='word_1_423' title='bbox 1908 2397 2064 2442; x_wconf 90' lang='lat' dir='ltr'><strong>natus</strong></span> <span class='ocrx_word' id='word_1_424' title='bbox 2093 2399 2175 2442; x_wconf 89' lang='lat' dir='ltr'><strong>est</strong></span> <span class='ocrx_word' id='word_1_425' title='bbox 2204 2391 2378 2452; x_wconf 86' lang='lat' dir='ltr'><strong>nobis,</strong></span> <span class='ocrx_word' id='word_1_426' title='bbox 2412 2397 2464 2444; x_wconf 86' lang='lat' dir='ltr'><strong>et</strong></span> <span class='ocrx_word' id='word_1_427' title='bbox 2501 2389 2638 2443; x_wconf 83' lang='lat' dir='ltr'><strong>ﬁlius</strong></span> <span class='ocrx_word' id='word_1_428' title='bbox 2672 2391 2827 2445; x_wconf 90' lang='lat' dir='ltr'><strong>datus</strong></span> <span class='ocrx_word' id='word_1_429' title='bbox 2849 2401 2930 2446; x_wconf 91' lang='lat' dir='ltr'><strong>est</strong></span> <span class='ocrx_word' id='word_1_430' title='bbox 2957 2391 3132 2454; x_wconf 88' lang='lat' dir='ltr'><strong>nobis,</strong></span> <span class='ocrx_word' id='word_1_431' title='bbox 3155 2393 3310 2461; x_wconf 84' lang='lat' dir='ltr'><strong>cujus</strong></span> 
     </span>
    </p>
   </div>
   <div class='ocr_carea' id='block_1_48' title="bbox 1792 2476 3310 2547">
    <p class='ocr_par' dir='ltr' id='par_1_48' title="bbox 1792 2476 3310 2547">
     <span class='ocr_line' id='line_1_48' title="bbox 1792 2476 3310 2547; baseline 0.006 -21"><span class='ocrx_word' id='word_1_432' title='bbox 1792 2476 2120 2545; x_wconf 88' lang='lat' dir='ltr'><strong>principatus</strong></span> <span class='ocrx_word' id='word_1_433' title='bbox 2141 2491 2300 2545; x_wconf 86' lang='lat' dir='ltr'><strong>super</strong></span> <span class='ocrx_word' id='word_1_434' title='bbox 2328 2478 2606 2532; x_wconf 87' lang='lat' dir='ltr'><strong>humerum</strong></span> <span class='ocrx_word' id='word_1_435' title='bbox 2640 2480 2776 2547; x_wconf 85' lang='lat' dir='ltr'><strong>ejus,</strong></span> <span class='ocrx_word' id='word_1_436' title='bbox 2803 2488 2857 2534; x_wconf 84' lang='lat' dir='ltr'><strong>et</strong></span> <span class='ocrx_word' id='word_1_437' title='bbox 2879 2490 3098 2534; x_wconf 87' lang='lat' dir='ltr'><strong>vocatur</strong></span> <span class='ocrx_word' id='word_1_438' title='bbox 3117 2496 3310 2535; x_wconf 84' lang='lat' dir='ltr'><strong>nomen</strong></span> 
     </span>
    </p>
   </div>
   <div class='ocr_carea' id='block_1_49' title="bbox 1794 2565 3310 2638">
    <p class='ocr_par' dir='ltr' id='par_1_49' title="bbox 1794 2565 3310 2638">
     <span class='ocr_line' id='line_1_49' title="bbox 1794 2565 3310 2638; baseline 0.001 -20"><span class='ocrx_word' id='word_1_439' title='bbox 1794 2566 1910 2633; x_wconf 76' lang='lat' dir='ltr'><strong>ejus</strong></span> <span class='ocrx_word' id='word_1_440' title='bbox 1942 2565 2115 2634; x_wconf 80' lang='lat' dir='ltr'><strong>magni</strong></span> <span class='ocrx_word' id='word_1_441' title='bbox 2146 2566 2358 2620; x_wconf 89' lang='lat' dir='ltr'><strong>consilii</strong></span> <span class='ocrx_word' id='word_1_442' title='bbox 2387 2569 2627 2636; x_wconf 86' lang='lat' dir='ltr'><strong>angelus.</strong></span> <span class='ocrx_word' id='word_1_443' title='bbox 2685 2569 2930 2637; x_wconf 87' lang='lat' dir='ltr'><strong>princeps</strong></span> <span class='ocrx_word' id='word_1_444' title='bbox 2972 2570 3138 2638; x_wconf 85' lang='lat' dir='ltr'><strong>pacis,</strong></span> <span class='ocrx_word' id='word_1_445' title='bbox 3168 2567 3310 2621; x_wconf 83' lang='lat' dir='ltr'><strong>Deus</strong></span> 
     </span>
    </p>
   </div>
   <div class='ocr_carea' id='block_1_50' title="bbox 140 2650 1692 2728">
    <p class='ocr_par' dir='ltr' id='par_1_50' title="bbox 140 2650 1691 2728">
     <span class='ocr_line' id='line_1_50' title="bbox 140 2650 1691 2728; baseline -0.001 -22"><span class='ocrx_word' id='word_1_446' title='bbox 140 2655 281 2725; x_wconf 71' lang='grc' dir='ltr'>νήθη</span> <span class='ocrx_word' id='word_1_447' title='bbox 316 2660 454 2728; x_wconf 70' lang='grc' dir='ltr'>ἡμῖν,</span> <span class='ocrx_word' id='word_1_448' title='bbox 484 2660 580 2712; x_wconf 75' lang='grc' dir='ltr'>καὶ</span> <span class='ocrx_word' id='word_1_449' title='bbox 623 2658 740 2721; x_wconf 84' lang='grc' dir='ltr'>υἱὸς</span> <span class='ocrx_word' id='word_1_450' title='bbox 765 2657 922 2725; x_wconf 81' lang='grc' dir='ltr'><strong>ἐδόθη</strong></span> <span class='ocrx_word' id='word_1_451' title='bbox 966 2659 1094 2726; x_wconf 81' lang='grc' dir='ltr'>ἡμῖν</span> <span class='ocrx_word' id='word_1_452' title='bbox 1117 2697 1131 2721; x_wconf 90' lang='grc'><strong>,</strong></span> <span class='ocrx_word' id='word_1_453' title='bbox 1171 2650 1228 2708; x_wconf 70' lang='grc' dir='ltr'>οὗ</span> <span class='ocrx_word' id='word_1_454' title='bbox 1257 2655 1290 2724; x_wconf 74' lang='grc' dir='ltr'><strong>ἡ</strong></span> <span class='ocrx_word' id='word_1_455' title='bbox 1319 2655 1455 2724; x_wconf 79' lang='grc' dir='ltr'><strong>ἀρχὴ</strong></span> <span class='ocrx_word' id='word_1_456' title='bbox 1486 2655 1576 2706; x_wconf 76' lang='grc' dir='ltr'>ἐπὶ</span> <span class='ocrx_word' id='word_1_457' title='bbox 1600 2653 1691 2706; x_wconf 82' lang='grc' dir='ltr'>τοῦ</span> 
     </span>
    </p>
   </div>
   <div class='ocr_carea' id='block_1_51' title="bbox 1798 2650 3233 2728">
    <p class='ocr_par' dir='ltr' id='par_1_51' title="bbox 1798 2653 3233 2723">
     <span class='ocr_line' id='line_1_51' title="bbox 1798 2653 3233 2723; baseline 0.004 -18"><span class='ocrx_word' id='word_1_458' title='bbox 1798 2653 1969 2719; x_wconf 87' lang='lat' dir='ltr'><strong>fortis,</strong></span> <span class='ocrx_word' id='word_1_459' title='bbox 1993 2655 2282 2721; x_wconf 85' lang='lat' dir='ltr'><strong>potentiam</strong></span> <span class='ocrx_word' id='word_1_460' title='bbox 2307 2655 2530 2718; x_wconf 84' lang='lat' dir='ltr'><strong>habens,</strong></span> <span class='ocrx_word' id='word_1_461' title='bbox 2558 2666 2704 2723; x_wconf 86' lang='lat' dir='ltr'><strong>pater</strong></span> <span class='ocrx_word' id='word_1_462' title='bbox 2734 2657 2897 2711; x_wconf 85' lang='lat' dir='ltr'><strong>futuri</strong></span> <span class='ocrx_word' id='word_1_463' title='bbox 2921 2659 3087 2713; x_wconf 86' lang='lat' dir='ltr'><strong>seculi</strong></span> <span class='ocrx_word' id='word_1_464' title='bbox 3107 2658 3172 2712; x_wconf 78' lang='lat'><strong>“.</strong></span> <span class='ocrx_word' id='word_1_465' title='bbox 3211 2675 3233 2711; x_wconf 73' lang='grc' dir='ltr'><strong>ι</strong></span> 
     </span>
    </p>
   </div>
   <div class='ocr_carea' id='block_1_52' title="bbox 141 2745 3312 2822">
    <p class='ocr_par' dir='ltr' id='par_1_52' title="bbox 141 2745 3312 2822">
     <span class='ocr_line' id='line_1_52' title="bbox 141 2745 3312 2822; baseline 0.003 -25"><span class='ocrx_word' id='word_1_466' title='bbox 141 2745 298 2812; x_wconf 78' lang='grc' dir='ltr'>ὤμου</span> <span class='ocrx_word' id='word_1_467' title='bbox 335 2751 516 2814; x_wconf 74' lang='grc' dir='ltr'>αὑτοῦ,</span> <span class='ocrx_word' id='word_1_468' title='bbox 568 2752 664 2804; x_wconf 72' lang='grc' dir='ltr'><strong>καὶ</strong></span> <span class='ocrx_word' id='word_1_469' title='bbox 697 2750 941 2802; x_wconf 83' lang='grc' dir='ltr'>καλεῖται</span> <span class='ocrx_word' id='word_1_470' title='bbox 981 2747 1038 2801; x_wconf 86' lang='grc' dir='ltr'><strong>τὸ</strong></span> <span class='ocrx_word' id='word_1_471' title='bbox 1074 2748 1238 2818; x_wconf 78' lang='grc' dir='ltr'>ὄνομα</span> <span class='ocrx_word' id='word_1_472' title='bbox 1267 2748 1422 2800; x_wconf 81' lang='grc' dir='ltr'>αὑτοῦ</span> <span class='ocrx_word' id='word_1_473' title='bbox 1459 2747 1690 2818; x_wconf 82' lang='grc' dir='ltr'><strong>μεγάλης</strong></span> <span class='ocrx_word' id='word_1_474' title='bbox 1727 2745 1914 2815; x_wconf 81' lang='grc' dir='ltr'>βουλῆς</span> <span class='ocrx_word' id='word_1_475' title='bbox 1974 2747 2214 2813; x_wconf 79' lang='grc' dir='ltr'>ἄγγελος,</span> <span class='ocrx_word' id='word_1_476' title='bbox 2249 2747 2426 2816; x_wconf 76' lang='grc' dir='ltr'>ἄρχων</span> <span class='ocrx_word' id='word_1_477' title='bbox 2483 2749 2716 2819; x_wconf 78' lang='grc' dir='ltr'>εἰρήνης,</span> <span class='ocrx_word' id='word_1_478' title='bbox 2745 2750 2872 2813; x_wconf 84' lang='grc' dir='ltr'>Θεὸς</span> <span class='ocrx_word' id='word_1_479' title='bbox 2905 2751 3133 2822; x_wconf 79' lang='grc' dir='ltr'>ἰσχυρὸς,</span> <span class='ocrx_word' id='word_1_480' title='bbox 3163 2751 3312 2817; x_wconf 67' lang='grc' dir='ltr'>ἔξου-</span> 
     </span>
    </p>
   </div>
   <div class='ocr_carea' id='block_1_53' title="bbox 143 2842 1348 2915">
    <p class='ocr_par' dir='ltr' id='par_1_53' title="bbox 143 2842 1348 2915">
     <span class='ocr_line' id='line_1_53' title="bbox 143 2842 1348 2915; baseline -0.021 2"><span class='ocrx_word' id='word_1_481' title='bbox 143 2845 372 2914; x_wconf 61' lang='grc' dir='ltr'><strong>σιαπὴς</strong></span> <span class='ocrx_word' id='word_1_482' title='bbox 390 2885 405 2908; x_wconf 73' lang='grc' dir='ltr'><strong>ν</strong></span> <span class='ocrx_word' id='word_1_483' title='bbox 436 2845 613 2915; x_wconf 81' lang='grc' dir='ltr'>πατὴρ</span> <span class='ocrx_word' id='word_1_484' title='bbox 637 2843 735 2896; x_wconf 76' lang='grc' dir='ltr'>τοῦ</span> <span class='ocrx_word' id='word_1_485' title='bbox 770 2843 1051 2912; x_wconf 79' lang='grc' dir='ltr'>μέλλοντος</span> <span class='ocrx_word' id='word_1_486' title='bbox 1076 2842 1281 2903; x_wconf 73' lang='grc' dir='ltr'>αἰῶνος.</span> <span class='ocrx_word' id='word_1_487' title='bbox 1331 2860 1348 2892; x_wconf 74' lang='grc' dir='ltr'><strong>ι</strong></span> 
     </span>
    </p>
   </div>
   <div class='ocr_carea' id='block_1_54' title="bbox 665 2950 1692 3010">
    <p class='ocr_par' dir='ltr' id='par_1_54' title="bbox 665 2957 1193 3010">
     <span class='ocr_line' id='line_1_54' title="bbox 665 2957 1193 3010; baseline -0.006 0"><span class='ocrx_word' id='word_1_488' title='bbox 665 2957 1058 3010; x_wconf 82' lang='grc' dir='ltr'><strong>ΚΕΦΑΛΑΙΟΝ</strong></span> <span class='ocrx_word' id='word_1_489' title='bbox 1095 2959 1193 3008; x_wconf 81' lang='grc' dir='ltr'><strong>ΙΑ’.</strong></span> 
     </span>
    </p>
   </div>
   <div class='ocr_carea' id='block_1_55' title="bbox 1798 2950 2732 3010">
    <p class='ocr_par' dir='ltr' id='par_1_55' title="bbox 2373 2950 2732 3004">
     <span class='ocr_line' id='line_1_55' title="bbox 2373 2950 2732 3004; baseline -0.006 0"><span class='ocrx_word' id='word_1_490' title='bbox 2373 2950 2595 3004; x_wconf 73' lang='lat' dir='ltr'><strong>CAPUT</strong></span> <span class='ocrx_word' id='word_1_491' title='bbox 2644 2951 2732 3004; x_wconf 80' lang='lat' dir='ltr'><strong>XI.</strong></span> 
     </span>
    </p>
   </div>
   <div class='ocr_carea' id='block_1_56' title="bbox 149 3055 1692 3133">
    <p class='ocr_par' dir='ltr' id='par_1_56' title="bbox 149 3065 1691 3133">
     <span class='ocr_line' id='line_1_56' title="bbox 149 3065 1691 3133; baseline -0.002 -13"><span class='ocrx_word' id='word_1_492' title='bbox 149 3069 240 3132; x_wconf 81' lang='grc' dir='ltr'>Ὡς</span> <span class='ocrx_word' id='word_1_493' title='bbox 274 3074 380 3126; x_wconf 79' lang='grc' dir='ltr'><strong>καὶ</strong></span> <span class='ocrx_word' id='word_1_494' title='bbox 418 3071 616 3126; x_wconf 80' lang='grc' dir='ltr'>Ἰακὼϐ</span> <span class='ocrx_word' id='word_1_495' title='bbox 652 3068 760 3121; x_wconf 80' lang='grc' dir='ltr'>τὸν</span> <span class='ocrx_word' id='word_1_496' title='bbox 809 3065 1260 3133; x_wconf 80' lang='grc' dir='ltr'>προδηλωθέντα</span> <span class='ocrx_word' id='word_1_497' title='bbox 1289 3065 1385 3118; x_wconf 77' lang='grc' dir='ltr'>καὶ</span> <span class='ocrx_word' id='word_1_498' title='bbox 1424 3065 1568 3118; x_wconf 80' lang='grc' dir='ltr'>Θεὸν</span> <span class='ocrx_word' id='word_1_499' title='bbox 1595 3065 1691 3118; x_wconf 80' lang='grc' dir='ltr'>καὶ</span> 
     </span>
    </p>
   </div>
   <div class='ocr_carea' id='block_1_57' title="bbox 1798 3055 3312 3133">
    <p class='ocr_par' dir='ltr' id='par_1_57' title="bbox 1798 3055 3312 3133">
     <span class='ocr_line' id='line_1_57' title="bbox 1798 3055 3312 3133; baseline 0.005 -21"><span class='ocrx_word' id='word_1_500' title='bbox 1798 3060 1944 3126; x_wconf 86' lang='lat' dir='ltr'><strong>Quod</strong></span> <span class='ocrx_word' id='word_1_501' title='bbox 1961 3061 2129 3133; x_wconf 72' lang='lat' dir='ltr'><strong>etiam</strong></span> <span class='ocrx_word' id='word_1_502' title='bbox 2149 3058 2312 3133; x_wconf 67' lang='lat' dir='ltr'><strong>Iacob</strong></span> <span class='ocrx_word' id='word_1_503' title='bbox 2337 3055 2471 3133; x_wconf 70' lang='lat' dir='ltr'><strong>curn,</strong></span> <span class='ocrx_word' id='word_1_504' title='bbox 2511 3061 2572 3112; x_wconf 87' lang='lat' dir='ltr'><strong>de</strong></span> <span class='ocrx_word' id='word_1_505' title='bbox 2613 3077 2710 3130; x_wconf 86' lang='lat' dir='ltr'><strong>quo</strong></span> <span class='ocrx_word' id='word_1_506' title='bbox 2743 3063 2972 3129; x_wconf 76' lang='lat' dir='ltr'><strong>proxime</strong></span> <span class='ocrx_word' id='word_1_507' title='bbox 2998 3061 3192 3116; x_wconf 81' lang='lat' dir='ltr'><strong>dictum</strong></span> <span class='ocrx_word' id='word_1_508' title='bbox 3211 3076 3312 3128; x_wconf 79' lang='lat' dir='ltr'><strong>est,</strong></span> 
     </span>
    </p>
   </div>
   <div class='ocr_carea' id='block_1_58' title="bbox 201 3129 1692 3208">
    <p class='ocr_par' dir='ltr' id='par_1_58' title="bbox 201 3129 1692 3208">
     <span class='ocr_line' id='line_1_58' title="bbox 201 3129 1692 3208; baseline -0.003 -18"><span class='ocrx_word' id='word_1_509' title='bbox 201 3129 444 3207; x_wconf 70' lang='grc' dir='ltr'>Κύριον,</span> <span class='ocrx_word' id='word_1_510' title='bbox 469 3141 567 3193; x_wconf 81' lang='grc' dir='ltr'>καὶ</span> <span class='ocrx_word' id='word_1_511' title='bbox 590 3139 667 3204; x_wconf 83' lang='grc' dir='ltr'><strong>δὴ</strong></span> <span class='ocrx_word' id='word_1_512' title='bbox 697 3135 796 3208; x_wconf 68' lang='grc' dir='ltr'>καζ</span> <span class='ocrx_word' id='word_1_513' title='bbox 824 3129 1098 3208; x_wconf 72' lang='grc' dir='ltr'>ἆγγελρν,</span> <span class='ocrx_word' id='word_1_514' title='bbox 1124 3135 1329 3208; x_wconf 58' lang='grc' dir='ltr'>ὁμοίως</span> <span class='ocrx_word' id='word_1_515' title='bbox 1361 3133 1437 3208; x_wconf 61' lang='grc' dir='ltr'>τῷ</span> <span class='ocrx_word' id='word_1_516' title='bbox 1470 3135 1692 3208; x_wconf 66' lang='grc' dir='ltr'>Ἀϐραὰμ</span> 
     </span>
    </p>
   </div>
   <div class='ocr_carea' id='block_1_59' title="bbox 1798 3129 3315 3208">
    <p class='ocr_par' dir='ltr' id='par_1_59' title="bbox 1869 3129 3315 3208">
     <span class='ocr_line' id='line_1_59' title="bbox 1869 3129 3315 3208; baseline 0.006 -29"><span class='ocrx_word' id='word_1_517' title='bbox 1869 3139 1916 3208; x_wconf 55' lang='lat' dir='ltr'><strong>et</strong></span> <span class='ocrx_word' id='word_1_518' title='bbox 1947 3131 2105 3208; x_wconf 58' lang='lat' dir='ltr'><strong>Deam}</strong></span> <span class='ocrx_word' id='word_1_519' title='bbox 2134 3139 2180 3180; x_wconf 86' lang='lat' dir='ltr'><strong>et</strong></span> <span class='ocrx_word' id='word_1_520' title='bbox 2209 3129 2504 3208; x_wconf 65' lang='lat' dir='ltr'><strong>Dominum,</strong></span> <span class='ocrx_word' id='word_1_521' title='bbox 2527 3139 2774 3208; x_wconf 63' lang='lat' dir='ltr'><strong>praeterea</strong></span> <span class='ocrx_word' id='word_1_522' title='bbox 2797 3133 3028 3208; x_wconf 67' lang='lat' dir='ltr'><strong>angelum</strong></span> <span class='ocrx_word' id='word_1_523' title='bbox 3050 3133 3315 3208; x_wconf 68' lang='lat' dir='ltr'><strong>similiter,</strong></span> 
     </span>
    </p>
   </div>
   <div class='ocr_carea' id='block_1_60' title="bbox 198 3197 1692 3278">
    <p class='ocr_par' dir='ltr' id='par_1_60' title="bbox 198 3197 1692 3278">
     <span class='ocr_line' id='line_1_60' title="bbox 198 3197 1692 3278; baseline -0.002 -22"><span class='ocrx_word' id='word_1_524' title='bbox 198 3197 939 3278; x_wconf 51' lang='grc' dir='ltr'><strong>ξι-’ἀνθξρώπουρχήμάέι</strong></span> <span class='ocrx_word' id='word_1_525' title='bbox 984 3197 1179 3269; x_wconf 72' lang='grc' dir='ltr'>θεωρεῖ</span> <span class='ocrx_word' id='word_1_526' title='bbox 1216 3201 1312 3254; x_wconf 82' lang='grc' dir='ltr'>διὰ</span> <span class='ocrx_word' id='word_1_527' title='bbox 1366 3201 1474 3269; x_wconf 80' lang='grc' dir='ltr'>τῆς</span> <span class='ocrx_word' id='word_1_528' title='bbox 1512 3197 1692 3267; x_wconf 50' lang='grc' dir='ltr'>οὕτως</span> 
     </span>
    </p>
   </div>
   <div class='ocr_carea' id='block_1_61' title="bbox 1798 3197 3316 3278">
    <p class='ocr_par' dir='ltr' id='par_1_61' title="bbox 1863 3197 3316 3278">
     <span class='ocr_line' id='line_1_61' title="bbox 1863 3197 3316 3278; baseline 0.007 -31"><span class='ocrx_word' id='word_1_529' title='bbox 1863 3201 1919 3278; x_wconf 49' lang='grc' dir='ltr'><strong>ρ</strong></span> <span class='ocrx_word' id='word_1_530' title='bbox 1940 3197 2196 3276; x_wconf 79' lang='lat' dir='ltr'><strong>Abraham</strong></span> <span class='ocrx_word' id='word_1_531' title='bbox 2233 3197 2724 3278; x_wconf 38' lang='lat' dir='ltr'><strong>iri/tomir‘zisforma</strong></span> <span class='ocrx_word' id='word_1_532' title='bbox 2755 3197 3142 3266; x_wconf 75' lang='lat' dir='ltr'><strong>contemplatur,</strong></span> <span class='ocrx_word' id='word_1_533' title='bbox 3176 3204 3229 3256; x_wconf 87' lang='lat' dir='ltr'><strong>in</strong></span> <span class='ocrx_word' id='word_1_534' title='bbox 3251 3220 3316 3257; x_wconf 84' lang='lat' dir='ltr'><strong>ea</strong></span> 
     </span>
    </p>
   </div>
   <div class='ocr_carea' id='block_1_62' title="bbox 197 3266 1692 3345">
    <p class='ocr_par' dir='ltr' id='par_1_62' title="bbox 197 3266 1678 3345">
     <span class='ocr_line' id='line_1_62' title="bbox 197 3266 1678 3345; baseline -0.003 -15"><span class='ocrx_word' id='word_1_535' title='bbox 197 3266 470 3345; x_wconf 48' lang='grc' dir='ltr'><strong>(ἐχούσης⁵</strong></span> <span class='ocrx_word' id='word_1_536' title='bbox 495 3266 814 3342; x_wconf 40' lang='lat' dir='ltr'><strong>tempta-(EI</strong></span> <span class='ocrx_word' id='word_1_537' title='bbox 1086 3266 1100 3269; x_wconf 56' lang='grc'>⁷</span> <span class='ocrx_word' id='word_1_538' title='bbox 1426 3266 1433 3269; x_wconf 39' lang='grc'><em>“</em></span> <span class='ocrx_word' id='word_1_539' title='bbox 1671 3266 1678 3267; x_wconf 22' lang='grc' dir='ltr'>ί</span> 
     </span>
    </p>
   </div>
   <div class='ocr_carea' id='block_1_63' title="bbox 1798 3266 2630 3345">
    <p class='ocr_par' dir='ltr' id='par_1_63' title="bbox 1860 3266 2630 3334">
     <span class='ocr_line' id='line_1_63' title="bbox 1860 3266 2630 3334; baseline 0.004 -18"><span class='ocrx_word' id='word_1_540' title='bbox 1860 3266 2079 3318; x_wconf 78' lang='lat' dir='ltr'><strong>historia</strong></span> <span class='ocrx_word' id='word_1_541' title='bbox 2104 3281 2215 3334; x_wconf 68' lang='lat' dir='ltr'><strong>quae</strong></span> <span class='ocrx_word' id='word_1_542' title='bbox 2247 3266 2320 3316; x_wconf 76' lang='lat' dir='ltr'><strong>sic</strong></span> <span class='ocrx_word' id='word_1_543' title='bbox 2365 3281 2418 3317; x_wconf 74' lang='lat' dir='ltr'><strong>ac</strong></span> <span class='ocrx_word' id='word_1_544' title='bbox 2455 3266 2630 3320; x_wconf 79' lang='lat' dir='ltr'><strong>habet.</strong></span> 
     </span>
    </p>
   </div>
   <div class='ocr_carea' id='block_1_64' title="bbox 1865 3375 3308 3446">
    <p class='ocr_par' dir='ltr' id='par_1_64' title="bbox 1865 3375 3308 3446">
     <span class='ocr_line' id='line_1_64' title="bbox 1865 3375 3308 3446; baseline 0.005 -18"><span class='ocrx_word' id='word_1_545' title='bbox 1865 3395 1882 3428; x_wconf 79' lang='grc' dir='ltr'><strong>ι</strong></span> <span class='ocrx_word' id='word_1_546' title='bbox 1917 3376 2150 3445; x_wconf 83' lang='lat' dir='ltr'><strong>Surgens</strong></span> <span class='ocrx_word' id='word_1_547' title='bbox 2184 3383 2358 3428; x_wconf 87' lang='lat' dir='ltr'><strong>autem</strong></span> <span class='ocrx_word' id='word_1_548' title='bbox 2390 3383 2543 3429; x_wconf 91' lang='lat' dir='ltr'><strong>nocte</strong></span> <span class='ocrx_word' id='word_1_549' title='bbox 2569 3375 2676 3436; x_wconf 91' lang='lat' dir='ltr'><strong>illa,</strong></span> <span class='ocrx_word' id='word_1_550' title='bbox 2703 3377 2904 3444; x_wconf 86' lang='lat' dir='ltr'><strong>accepit</strong></span> <span class='ocrx_word' id='word_1_551' title='bbox 2931 3377 3065 3433; x_wconf 88' lang='lat' dir='ltr'><strong>duas</strong></span> <span class='ocrx_word' id='word_1_552' title='bbox 3088 3394 3308 3446; x_wconf 78' lang='lat' dir='ltr'><strong>uxores,</strong></span> 
     </span>
    </p>
   </div>
   <div class='ocr_carea' id='block_1_65' title="bbox 1792 3463 3317 3532">
    <p class='ocr_par' dir='ltr' id='par_1_65' title="bbox 1792 3463 3317 3532">
     <span class='ocr_line' id='line_1_65' title="bbox 1792 3463 3317 3532; baseline 0.005 -15"><span class='ocrx_word' id='word_1_553' title='bbox 1792 3480 1853 3519; x_wconf 92' lang='lat' dir='ltr'><strong>ac</strong></span> <span class='ocrx_word' id='word_1_554' title='bbox 1895 3466 2027 3519; x_wconf 90' lang='lat' dir='ltr'><strong>duas</strong></span> <span class='ocrx_word' id='word_1_555' title='bbox 2072 3465 2321 3526; x_wconf 87' lang='lat' dir='ltr'><strong>famulas,</strong></span> <span class='ocrx_word' id='word_1_556' title='bbox 2369 3472 2422 3518; x_wconf 88' lang='lat' dir='ltr'><strong>et</strong></span> <span class='ocrx_word' id='word_1_557' title='bbox 2466 3463 2710 3517; x_wconf 86' lang='lat' dir='ltr'><strong>undecim</strong></span> <span class='ocrx_word' id='word_1_558' title='bbox 2760 3465 3011 3532; x_wconf 89' lang='lat' dir='ltr'><strong>puerulos</strong></span> <span class='ocrx_word' id='word_1_559' title='bbox 3062 3481 3212 3529; x_wconf 87' lang='lat' dir='ltr'><strong>suos.</strong></span> <span class='ocrx_word' id='word_1_560' title='bbox 3257 3477 3317 3524; x_wconf 78' lang='lat' dir='ltr'><strong>et</strong></span> 
     </span>
    </p>
   </div>
   <div class='ocr_carea' id='block_1_66' title="bbox 1791 3553 3312 3621">
    <p class='ocr_par' dir='ltr' id='par_1_66' title="bbox 1791 3553 3312 3621">
     <span class='ocr_line' id='line_1_66' title="bbox 1791 3553 3312 3621; baseline 0.001 -12"><span class='ocrx_word' id='word_1_561' title='bbox 1791 3557 2036 3610; x_wconf 86' lang='lat' dir='ltr'><strong>transivit</strong></span> <span class='ocrx_word' id='word_1_562' title='bbox 2077 3556 2268 3608; x_wconf 87' lang='lat' dir='ltr'><strong>vadum</strong></span> <span class='ocrx_word' id='word_1_563' title='bbox 2318 3553 2505 3617; x_wconf 85' lang='lat' dir='ltr'><strong>Iacob,</strong></span> <span class='ocrx_word' id='word_1_564' title='bbox 2536 3560 2589 3608; x_wconf 86' lang='lat' dir='ltr'><strong>et</strong></span> <span class='ocrx_word' id='word_1_565' title='bbox 2621 3557 2825 3621; x_wconf 88' lang='lat' dir='ltr'><strong>accepit</strong></span> <span class='ocrx_word' id='word_1_566' title='bbox 2855 3569 2967 3618; x_wconf 90' lang='lat' dir='ltr'><strong>eos,</strong></span> <span class='ocrx_word' id='word_1_567' title='bbox 3003 3563 3056 3608; x_wconf 92' lang='lat' dir='ltr'><strong>et</strong></span> <span class='ocrx_word' id='word_1_568' title='bbox 3077 3559 3312 3611; x_wconf 83' lang='lat' dir='ltr'><strong>traduxit</strong></span> 
     </span>
    </p>
   </div>
   <div class='ocr_carea' id='block_1_67' title="bbox 1792 3640 3308 3712">
    <p class='ocr_par' dir='ltr' id='par_1_67' title="bbox 1792 3640 3308 3712">
     <span class='ocr_line' id='line_1_67' title="bbox 1792 3640 3308 3712; baseline 0 -11"><span class='ocrx_word' id='word_1_569' title='bbox 1792 3645 1968 3701; x_wconf 88' lang='lat' dir='ltr'><strong>omnia</strong></span> <span class='ocrx_word' id='word_1_570' title='bbox 2018 3659 2134 3698; x_wconf 91' lang='lat' dir='ltr'><strong>sua.</strong></span> <span class='ocrx_word' id='word_1_571' title='bbox 2200 3643 2264 3695; x_wconf 89' lang='lat' dir='ltr'><strong>Et</strong></span> <span class='ocrx_word' id='word_1_572' title='bbox 2331 3643 2551 3698; x_wconf 87' lang='lat' dir='ltr'><strong>relictus</strong></span> <span class='ocrx_word' id='word_1_573' title='bbox 2609 3651 2692 3697; x_wconf 90' lang='lat' dir='ltr'><strong>est</strong></span> <span class='ocrx_word' id='word_1_574' title='bbox 2743 3644 2856 3712; x_wconf 86' lang='lat' dir='ltr'><strong>ipse</strong></span> <span class='ocrx_word' id='word_1_575' title='bbox 2911 3640 3076 3698; x_wconf 87' lang='lat' dir='ltr'><strong>Iacob</strong></span> <span class='ocrx_word' id='word_1_576' title='bbox 3125 3647 3308 3712; x_wconf 76' lang='lat' dir='ltr'><strong>solus,</strong></span> 
     </span>
    </p>
   </div>
   <div class='ocr_carea' id='block_1_68' title="bbox 1791 3732 3313 3800">
    <p class='ocr_par' dir='ltr' id='par_1_68' title="bbox 1791 3732 3313 3800">
     <span class='ocr_line' id='line_1_68' title="bbox 1791 3732 3313 3800; baseline 0.001 -12"><span class='ocrx_word' id='word_1_577' title='bbox 1791 3742 1843 3789; x_wconf 89' lang='lat' dir='ltr'><strong>et</strong></span> <span class='ocrx_word' id='word_1_578' title='bbox 1866 3733 2166 3787; x_wconf 86' lang='lat' dir='ltr'><strong>luctabatur</strong></span> <span class='ocrx_word' id='word_1_579' title='bbox 2188 3748 2308 3786; x_wconf 90' lang='lat' dir='ltr'><strong>cum</strong></span> <span class='ocrx_word' id='word_1_580' title='bbox 2343 3747 2407 3786; x_wconf 90' lang='lat' dir='ltr'><strong>eo</strong></span> <span class='ocrx_word' id='word_1_581' title='bbox 2435 3733 2591 3786; x_wconf 88' lang='lat' dir='ltr'><strong>homo</strong></span> <span class='ocrx_word' id='word_1_582' title='bbox 2615 3747 2787 3800; x_wconf 90' lang='lat' dir='ltr'><strong>usque</strong></span> <span class='ocrx_word' id='word_1_583' title='bbox 2816 3747 2988 3785; x_wconf 87' lang='lat' dir='ltr'><strong>mane.</strong></span> <span class='ocrx_word' id='word_1_584' title='bbox 3039 3732 3184 3788; x_wconf 77' lang='lat' dir='ltr'><strong>Vidit</strong></span> <span class='ocrx_word' id='word_1_585' title='bbox 3215 3751 3313 3790; x_wconf 88' lang='lat' dir='ltr'><strong>au-</strong></span> 
     </span>
    </p>
   </div>
   <div class='ocr_carea' id='block_1_69' title="bbox 1793 3824 3316 3894">
    <p class='ocr_par' dir='ltr' id='par_1_69' title="bbox 1793 3824 3316 3894">
     <span class='ocr_line' id='line_1_69' title="bbox 1793 3824 3316 3894; baseline 0.001 -15"><span class='ocrx_word' id='word_1_586' title='bbox 1793 3835 1894 3879; x_wconf 88' lang='lat' dir='ltr'><strong>tem</strong></span> <span class='ocrx_word' id='word_1_587' title='bbox 1917 3825 2057 3893; x_wconf 81' lang='lat' dir='ltr'><strong>quod</strong></span> <span class='ocrx_word' id='word_1_588' title='bbox 2079 3840 2186 3877; x_wconf 92' lang='lat' dir='ltr'><strong>non</strong></span> <span class='ocrx_word' id='word_1_589' title='bbox 2207 3831 2385 3892; x_wconf 84' lang='lat' dir='ltr'><strong>posset</strong></span> <span class='ocrx_word' id='word_1_590' title='bbox 2407 3824 2854 3887; x_wconf 85' lang='lat' dir='ltr'><strong>adversus‘illum,</strong></span> <span class='ocrx_word' id='word_1_591' title='bbox 2874 3831 2926 3878; x_wconf 80' lang='lat' dir='ltr'><strong>et</strong></span> <span class='ocrx_word' id='word_1_592' title='bbox 2949 3825 3121 3894; x_wconf 87' lang='lat' dir='ltr'><strong>attigit</strong></span> <span class='ocrx_word' id='word_1_593' title='bbox 3140 3826 3316 3880; x_wconf 86' lang='lat' dir='ltr'><strong>latitu-</strong></span> 
     </span>
    </p>
   </div>
   <div class='ocr_carea' id='block_1_70' title="bbox 1793 3913 3311 3982">
    <p class='ocr_par' dir='ltr' id='par_1_70' title="bbox 1793 3913 3311 3982">
     <span class='ocr_line' id='line_1_70' title="bbox 1793 3913 3311 3982; baseline 0.005 -17"><span class='ocrx_word' id='word_1_594' title='bbox 1793 3915 1966 3968; x_wconf 88' lang='lat' dir='ltr'><strong>dinem</strong></span> <span class='ocrx_word' id='word_1_595' title='bbox 1988 3913 2202 3968; x_wconf 83' lang='lat' dir='ltr'><strong>femoris</strong></span> <span class='ocrx_word' id='word_1_596' title='bbox 2214 3915 2349 3982; x_wconf 86' lang='lat' dir='ltr'><strong>ejus,</strong></span> <span class='ocrx_word' id='word_1_597' title='bbox 2367 3921 2420 3967; x_wconf 89' lang='lat' dir='ltr'><strong>et</strong></span> <span class='ocrx_word' id='word_1_598' title='bbox 2443 3914 2641 3982; x_wconf 89' lang='lat' dir='ltr'><strong>torpuit</strong></span> <span class='ocrx_word' id='word_1_599' title='bbox 2657 3915 2881 3969; x_wconf 89' lang='lat' dir='ltr'><strong>latitudo</strong></span> <span class='ocrx_word' id='word_1_600' title='bbox 2899 3915 3114 3970; x_wconf 78' lang='lat' dir='ltr'><strong>femoris</strong></span> <span class='ocrx_word' id='word_1_601' title='bbox 3126 3915 3311 3982; x_wconf 79' lang='lat' dir='ltr'><strong>Iacob,</strong></span> 
     </span>
    </p>
   </div>
   <div class='ocr_carea' id='block_1_71' title="bbox 1793 4001 3316 4060">
    <p class='ocr_par' dir='ltr' id='par_1_71' title="bbox 1793 4001 3316 4060">
     <span class='ocr_line' id='line_1_71' title="bbox 1793 4001 3316 4060; baseline 0.003 -4"><span class='ocrx_word' id='word_1_602' title='bbox 1793 4002 1916 4056; x_wconf 89' lang='lat' dir='ltr'><strong>dum</strong></span> <span class='ocrx_word' id='word_1_603' title='bbox 1947 4003 2238 4055; x_wconf 89' lang='lat' dir='ltr'><strong>luctaretur</strong></span> <span class='ocrx_word' id='word_1_604' title='bbox 2263 4002 2351 4054; x_wconf 91' lang='lat' dir='ltr'><strong>hic</strong></span> <span class='ocrx_word' id='word_1_605' title='bbox 2380 4017 2499 4056; x_wconf 93' lang='lat' dir='ltr'><strong>cum</strong></span> <span class='ocrx_word' id='word_1_606' title='bbox 2531 4002 2640 4056; x_wconf 93' lang='lat' dir='ltr'><strong>illo.</strong></span> <span class='ocrx_word' id='word_1_607' title='bbox 2678 4001 2741 4053; x_wconf 89' lang='lat' dir='ltr'><strong>Et</strong></span> <span class='ocrx_word' id='word_1_608' title='bbox 2767 4004 2900 4056; x_wconf 80' lang='lat' dir='ltr'><strong>dixit</strong></span> <span class='ocrx_word' id='word_1_609' title='bbox 2947 4005 2995 4059; x_wconf 90' lang='lat' dir='ltr'><strong>ei</strong></span> <span class='ocrx_word' id='word_1_610' title='bbox 3040 4023 3052 4059; x_wconf 90' lang='lat'><strong>:</strong></span> <span class='ocrx_word' id='word_1_611' title='bbox 3101 4003 3316 4060; x_wconf 76' lang='lat' dir='ltr'><strong>Dimitte</strong></span> 
     </span>
    </p>
   </div>
   <div class='ocr_carea' id='block_1_72' title="bbox 1794 4089 3315 4154">
    <p class='ocr_par' dir='ltr' id='par_1_72' title="bbox 1794 4089 3315 4154">
     <span class='ocr_line' id='line_1_72' title="bbox 1794 4089 3315 4154; baseline 0.004 -11"><span class='ocrx_word' id='word_1_612' title='bbox 1794 4106 1896 4154; x_wconf 90' lang='lat' dir='ltr'><strong>me,</strong></span> <span class='ocrx_word' id='word_1_613' title='bbox 1928 4090 2168 4144; x_wconf 85' lang='lat' dir='ltr'><strong>ascendit</strong></span> <span class='ocrx_word' id='word_1_614' title='bbox 2195 4091 2335 4144; x_wconf 91' lang='lat' dir='ltr'><strong>enim</strong></span> <span class='ocrx_word' id='word_1_615' title='bbox 2369 4105 2582 4146; x_wconf 89' lang='lat' dir='ltr'><strong>aurora.</strong></span> <span class='ocrx_word' id='word_1_616' title='bbox 2623 4089 2722 4145; x_wconf 85' lang='lat' dir='ltr'><strong>Hic</strong></span> <span class='ocrx_word' id='word_1_617' title='bbox 2752 4107 2878 4147; x_wconf 82' lang='lat' dir='ltr'><strong>vero</strong></span> <span class='ocrx_word' id='word_1_618' title='bbox 2905 4093 3040 4146; x_wconf 81' lang='lat' dir='ltr'><strong>dixit</strong></span> <span class='ocrx_word' id='word_1_619' title='bbox 3069 4113 3082 4149; x_wconf 87' lang='lat'><strong>:</strong></span> <span class='ocrx_word' id='word_1_620' title='bbox 3113 4093 3230 4148; x_wconf 86' lang='lat' dir='ltr'><strong>Non</strong></span> <span class='ocrx_word' id='word_1_621' title='bbox 3259 4102 3315 4149; x_wconf 78' lang='lat' dir='ltr'><strong>te</strong></span> 
     </span>
    </p>
   </div>
   <div class='ocr_carea' id='block_1_73' title="bbox 1794 4181 3308 4246">
    <p class='ocr_par' dir='ltr' id='par_1_73' title="bbox 1794 4181 3308 4246">
     <span class='ocr_line' id='line_1_73' title="bbox 1794 4181 3308 4246; baseline 0.003 -10"><span class='ocrx_word' id='word_1_622' title='bbox 1794 4183 2071 4246; x_wconf 88' lang='lat' dir='ltr'><strong>dimittam,</strong></span> <span class='ocrx_word' id='word_1_623' title='bbox 2113 4182 2216 4235; x_wconf 89' lang='lat' dir='ltr'><strong>nisi</strong></span> <span class='ocrx_word' id='word_1_624' title='bbox 2257 4181 2388 4234; x_wconf 89' lang='lat' dir='ltr'><strong>mihi</strong></span> <span class='ocrx_word' id='word_1_625' title='bbox 2431 4182 2784 4238; x_wconf 83' lang='lat' dir='ltr'><strong>benedixeris.</strong></span> <span class='ocrx_word' id='word_1_626' title='bbox 2828 4183 2971 4237; x_wconf 90' lang='lat' dir='ltr'><strong>Dixit</strong></span> <span class='ocrx_word' id='word_1_627' title='bbox 2999 4194 3174 4239; x_wconf 89' lang='lat' dir='ltr'><strong>autem</strong></span> <span class='ocrx_word' id='word_1_628' title='bbox 3207 4185 3256 4240; x_wconf 86' lang='lat' dir='ltr'><strong>ei</strong></span> <span class='ocrx_word' id='word_1_629' title='bbox 3295 4204 3308 4219; x_wconf 84' lang='lat'><strong>-</strong></span> 
     </span>
    </p>
   </div>
   <div class='ocr_carea' id='block_1_74' title="bbox 198 3381 1695 3455">
    <p class='ocr_par' dir='ltr' id='par_1_74' title="bbox 198 3381 1695 3455">
     <span class='ocr_line' id='line_1_74' title="bbox 198 3381 1695 3455; baseline 0.002 -23"><span class='ocrx_word' id='word_1_630' title='bbox 198 3402 217 3432; x_wconf 70' lang='grc' dir='ltr'><strong>ι</strong></span> <span class='ocrx_word' id='word_1_631' title='bbox 269 3387 540 3451; x_wconf 75' lang='grc' dir='ltr'>Ἀναστὰς</span> <span class='ocrx_word' id='word_1_632' title='bbox 583 3388 641 3441; x_wconf 82' lang='grc' dir='ltr'>δὲ</span> <span class='ocrx_word' id='word_1_633' title='bbox 688 3385 788 3455; x_wconf 72' lang='grc' dir='ltr'>τὴν</span> <span class='ocrx_word' id='word_1_634' title='bbox 828 3383 998 3436; x_wconf 80' lang='grc' dir='ltr'>νύκτα</span> <span class='ocrx_word' id='word_1_635' title='bbox 1041 3383 1271 3452; x_wconf 74' lang='grc' dir='ltr'>ἐκείνην,</span> <span class='ocrx_word' id='word_1_636' title='bbox 1305 3381 1459 3434; x_wconf 75' lang='grc' dir='ltr'>ἔλαϐε</span> <span class='ocrx_word' id='word_1_637' title='bbox 1486 3381 1581 3442; x_wconf 84' lang='grc' dir='ltr'>τὰς</span> <span class='ocrx_word' id='word_1_638' title='bbox 1605 3382 1695 3435; x_wconf 91' lang='grc' dir='ltr'><strong>δύο</strong></span> 
     </span>
    </p>
   </div>
   <div class='ocr_carea' id='block_1_75' title="bbox 120 3472 1696 3544">
    <p class='ocr_par' dir='ltr' id='par_1_75' title="bbox 120 3472 1696 3544">
     <span class='ocr_line' id='line_1_75' title="bbox 120 3472 1696 3544; baseline -0.003 -14"><span class='ocrx_word' id='word_1_639' title='bbox 120 3479 421 3544; x_wconf 65' lang='grc' dir='ltr'>γυναῖκας,</span> <span class='ocrx_word' id='word_1_640' title='bbox 445 3480 538 3533; x_wconf 74' lang='grc' dir='ltr'><strong>καὶ</strong></span> <span class='ocrx_word' id='word_1_641' title='bbox 564 3478 666 3539; x_wconf 82' lang='grc' dir='ltr'>τὰς</span> <span class='ocrx_word' id='word_1_642' title='bbox 692 3475 786 3527; x_wconf 89' lang='grc' dir='ltr'><strong>δύο</strong></span> <span class='ocrx_word' id='word_1_643' title='bbox 814 3474 1118 3535; x_wconf 80' lang='grc' dir='ltr'>παιδίσκας,</span> <span class='ocrx_word' id='word_1_644' title='bbox 1147 3473 1238 3524; x_wconf 76' lang='grc' dir='ltr'><strong>καὶ</strong></span> <span class='ocrx_word' id='word_1_645' title='bbox 1265 3473 1330 3526; x_wconf 72' lang='grc' dir='ltr'>τὰ</span> <span class='ocrx_word' id='word_1_646' title='bbox 1356 3472 1541 3524; x_wconf 72' lang='grc' dir='ltr'>ἕνδεκα</span> <span class='ocrx_word' id='word_1_647' title='bbox 1574 3489 1696 3526; x_wconf 90' lang='grc' dir='ltr'>παι-</span> 
     </span>
    </p>
   </div>
   <div class='ocr_carea' id='block_1_76' title="bbox 118 3561 1696 3634">
    <p class='ocr_par' dir='ltr' id='par_1_76' title="bbox 118 3561 1696 3634">
     <span class='ocr_line' id='line_1_76' title="bbox 118 3561 1696 3634; baseline -0.004 -14"><span class='ocrx_word' id='word_1_648' title='bbox 118 3561 202 3614; x_wconf 77' lang='grc' dir='ltr'><strong>δία</strong></span> <span class='ocrx_word' id='word_1_649' title='bbox 259 3571 435 3622; x_wconf 70' lang='grc' dir='ltr'>αὑτοῦ</span> <span class='ocrx_word' id='word_1_650' title='bbox 456 3607 470 3634; x_wconf 91' lang='grc'><strong>,</strong></span> <span class='ocrx_word' id='word_1_651' title='bbox 506 3570 605 3620; x_wconf 77' lang='grc' dir='ltr'>καὶ</span> <span class='ocrx_word' id='word_1_652' title='bbox 637 3564 794 3634; x_wconf 84' lang='grc' dir='ltr'>διέϐη</span> <span class='ocrx_word' id='word_1_653' title='bbox 820 3564 915 3632; x_wconf 81' lang='grc' dir='ltr'><strong>τὴν</strong></span> <span class='ocrx_word' id='word_1_654' title='bbox 946 3563 1186 3615; x_wconf 82' lang='grc' dir='ltr'>διάϐασιν</span> <span class='ocrx_word' id='word_1_655' title='bbox 1223 3561 1318 3631; x_wconf 80' lang='grc' dir='ltr'><strong>τὴν</strong></span> <span class='ocrx_word' id='word_1_656' title='bbox 1354 3561 1540 3613; x_wconf 87' lang='grc' dir='ltr'>Ἰακώϐ</span> <span class='ocrx_word' id='word_1_657' title='bbox 1563 3578 1576 3590; x_wconf 88' lang='grc'><strong>·</strong></span> <span class='ocrx_word' id='word_1_658' title='bbox 1607 3564 1696 3614; x_wconf 75' lang='grc' dir='ltr'><strong>καὶ</strong></span> 
     </span>
    </p>
   </div>
   <div class='ocr_carea' id='block_1_77' title="bbox 67 3651 1690 3720">
    <p class='ocr_par' dir='ltr' id='par_1_77' title="bbox 67 3651 1690 3720">
     <span class='ocr_line' id='line_1_77' title="bbox 67 3651 1690 3720; baseline -0.007 -6"><span class='ocrx_word' id='word_1_659' title='bbox 67 3696 75 3706; x_wconf 67' lang='grc' dir='ltr'>υ</span> <span class='ocrx_word' id='word_1_660' title='bbox 120 3653 336 3713; x_wconf 69' lang='grc' dir='ltr'>ἶλιδεν</span> <span class='ocrx_word' id='word_1_661' title='bbox 393 3662 620 3720; x_wconf 75' lang='grc' dir='ltr'>αὐτοὺς,</span> <span class='ocrx_word' id='word_1_662' title='bbox 674 3656 771 3708; x_wconf 70' lang='grc' dir='ltr'>καὶ</span> <span class='ocrx_word' id='word_1_663' title='bbox 817 3653 1082 3705; x_wconf 81' lang='grc' dir='ltr'>διεϐίϐασε</span> <span class='ocrx_word' id='word_1_664' title='bbox 1154 3651 1325 3704; x_wconf 80' lang='grc' dir='ltr'>πάντα</span> <span class='ocrx_word' id='word_1_665' title='bbox 1376 3651 1440 3704; x_wconf 70' lang='grc' dir='ltr'><strong>τὰ</strong></span> <span class='ocrx_word' id='word_1_666' title='bbox 1488 3651 1690 3703; x_wconf 78' lang='grc' dir='ltr'>ἑαυτοῦ.</span> 
     </span>
    </p>
   </div>
   <div class='ocr_carea' id='block_1_78' title="bbox 129 3740 1694 3818">
    <p class='ocr_par' dir='ltr' id='par_1_78' title="bbox 129 3740 1694 3818">
     <span class='ocr_line' id='line_1_78' title="bbox 129 3740 1694 3818; baseline -0.004 -20"><span class='ocrx_word' id='word_1_667' title='bbox 129 3742 478 3818; x_wconf 65' lang='grc' dir='ltr'>’Υπελεξφθη</span> <span class='ocrx_word' id='word_1_668' title='bbox 500 3749 558 3801; x_wconf 85' lang='grc' dir='ltr'>δὲ</span> <span class='ocrx_word' id='word_1_669' title='bbox 593 3745 791 3799; x_wconf 92' lang='grc' dir='ltr'>Ἰακὼϐ</span> <span class='ocrx_word' id='word_1_670' title='bbox 821 3744 995 3814; x_wconf 80' lang='grc' dir='ltr'>μόνος,</span> <span class='ocrx_word' id='word_1_671' title='bbox 1027 3744 1116 3801; x_wconf 70' lang='grc' dir='ltr'><strong>καὶ</strong></span> <span class='ocrx_word' id='word_1_672' title='bbox 1143 3741 1365 3794; x_wconf 84' lang='grc' dir='ltr'>ὲπάλαιε</span> <span class='ocrx_word' id='word_1_673' title='bbox 1398 3743 1510 3809; x_wconf 82' lang='grc' dir='ltr'>μετ’</span> <span class='ocrx_word' id='word_1_674' title='bbox 1537 3740 1694 3792; x_wconf 79' lang='grc' dir='ltr'>αὐτοῦ</span> 
     </span>
    </p>
   </div>
   <div class='ocr_carea' id='block_1_79' title="bbox 121 3828 1697 3906">
    <p class='ocr_par' dir='ltr' id='par_1_79' title="bbox 121 3828 1697 3906">
     <span class='ocr_line' id='line_1_79' title="bbox 121 3828 1697 3906; baseline -0.001 -27"><span class='ocrx_word' id='word_1_675' title='bbox 121 3828 423 3900; x_wconf 61' lang='grc' dir='ltr'>ἄνθρωπος</span> <span class='ocrx_word' id='word_1_676' title='bbox 457 3839 563 3900; x_wconf 82' lang='grc' dir='ltr'>ἓως</span> <span class='ocrx_word' id='word_1_677' title='bbox 607 3836 776 3906; x_wconf 75' lang='grc' dir='ltr'>πρωῒ.</span> <span class='ocrx_word' id='word_1_678' title='bbox 812 3830 932 3885; x_wconf 85' lang='grc' dir='ltr'>Εἷδε</span> <span class='ocrx_word' id='word_1_679' title='bbox 982 3833 1065 3897; x_wconf 76' lang='grc' dir='ltr'><strong>δὲ,</strong></span> <span class='ocrx_word' id='word_1_680' title='bbox 1107 3833 1184 3883; x_wconf 81' lang='grc' dir='ltr'><strong>ὅτι</strong></span> <span class='ocrx_word' id='word_1_681' title='bbox 1222 3831 1280 3882; x_wconf 84' lang='grc' dir='ltr'><strong>ού</strong></span> <span class='ocrx_word' id='word_1_682' title='bbox 1314 3830 1523 3881; x_wconf 85' lang='grc' dir='ltr'>δύναται</span> <span class='ocrx_word' id='word_1_683' title='bbox 1568 3830 1697 3898; x_wconf 88' lang='grc' dir='ltr'>πρὸς</span> 
     </span>
    </p>
   </div>
   <div class='ocr_carea' id='block_1_80' title="bbox 124 3919 1696 3997">
    <p class='ocr_par' dir='ltr' id='par_1_80' title="bbox 124 3919 1696 3997">
     <span class='ocr_line' id='line_1_80' title="bbox 124 3919 1696 3997; baseline -0.001 -26"><span class='ocrx_word' id='word_1_684' title='bbox 124 3923 334 3991; x_wconf 55' lang='grc' dir='ltr'>αὑτὸν,</span> <span class='ocrx_word' id='word_1_685' title='bbox 370 3931 460 3981; x_wconf 76' lang='grc' dir='ltr'>καὶ</span> <span class='ocrx_word' id='word_1_686' title='bbox 484 3927 665 3997; x_wconf 74' lang='grc' dir='ltr'>ἥψατο</span> <span class='ocrx_word' id='word_1_687' title='bbox 695 3924 791 3978; x_wconf 77' lang='grc' dir='ltr'>τοῦ</span> <span class='ocrx_word' id='word_1_688' title='bbox 821 3924 1050 3982; x_wconf 84' lang='grc' dir='ltr'>πλάτους</span> <span class='ocrx_word' id='word_1_689' title='bbox 1081 3921 1168 3972; x_wconf 82' lang='grc' dir='ltr'>τοῦ</span> <span class='ocrx_word' id='word_1_690' title='bbox 1201 3919 1370 3990; x_wconf 77' lang='grc' dir='ltr'>μηροῦ</span> <span class='ocrx_word' id='word_1_691' title='bbox 1398 3919 1577 3981; x_wconf 74' lang='grc' dir='ltr'>αὐτοῦ,</span> <span class='ocrx_word' id='word_1_692' title='bbox 1607 3920 1696 3970; x_wconf 77' lang='grc' dir='ltr'>καὶ</span> 
     </span>
    </p>
   </div>
   <div class='ocr_carea' id='block_1_81' title="bbox 128 4006 1697 4089">
    <p class='ocr_par' dir='ltr' id='par_1_81' title="bbox 128 4006 1697 4089">
     <span class='ocr_line' id='line_1_81' title="bbox 128 4006 1697 4089; baseline -0.003 -27"><span class='ocrx_word' id='word_1_693' title='bbox 128 4014 414 4089; x_wconf 59' lang='grc' dir='ltr'>ὲνάρσιησε</span> <span class='ocrx_word' id='word_1_694' title='bbox 435 4018 493 4070; x_wconf 84' lang='grc' dir='ltr'><strong>τὸ</strong></span> <span class='ocrx_word' id='word_1_695' title='bbox 516 4018 722 4077; x_wconf 80' lang='grc' dir='ltr'>πλάτος</span> <span class='ocrx_word' id='word_1_696' title='bbox 745 4014 838 4065; x_wconf 82' lang='grc' dir='ltr'>τοῦ</span> <span class='ocrx_word' id='word_1_697' title='bbox 861 4011 1030 4082; x_wconf 81' lang='grc' dir='ltr'>μηροῦ</span> <span class='ocrx_word' id='word_1_698' title='bbox 1058 4009 1266 4070; x_wconf 87' lang='grc' dir='ltr'>Ἰακὼϐ,</span> <span class='ocrx_word' id='word_1_699' title='bbox 1285 4010 1342 4059; x_wconf 81' lang='grc' dir='ltr'>ὲν</span> <span class='ocrx_word' id='word_1_700' title='bbox 1365 4006 1439 4075; x_wconf 79' lang='grc' dir='ltr'><strong>τῷ</strong></span> <span class='ocrx_word' id='word_1_701' title='bbox 1460 4007 1697 4060; x_wconf 83' lang='grc' dir='ltr'>παλαίειν</span> 
     </span>
    </p>
   </div>
   <div class='ocr_carea' id='block_1_82' title="bbox 133 4097 1696 4176">
    <p class='ocr_par' dir='ltr' id='par_1_82' title="bbox 133 4097 1696 4176">
     <span class='ocr_line' id='line_1_82' title="bbox 133 4097 1696 4176; baseline -0.001 -25"><span class='ocrx_word' id='word_1_702' title='bbox 133 4102 320 4158; x_wconf 61' lang='grc' dir='ltr'>αὑτὸν</span> <span class='ocrx_word' id='word_1_703' title='bbox 363 4110 471 4176; x_wconf 85' lang='grc' dir='ltr'>μετ’</span> <span class='ocrx_word' id='word_1_704' title='bbox 512 4105 702 4159; x_wconf 74' lang='grc' dir='ltr'>αὑτοῦ.</span> <span class='ocrx_word' id='word_1_705' title='bbox 767 4103 877 4154; x_wconf 74' lang='grc' dir='ltr'><strong>Καὶ</strong></span> <span class='ocrx_word' id='word_1_706' title='bbox 923 4097 1072 4153; x_wconf 77' lang='grc' dir='ltr'>εἶπεν</span> <span class='ocrx_word' id='word_1_707' title='bbox 1119 4097 1299 4166; x_wconf 79' lang='grc' dir='ltr'>αὐτῷ·</span> <span class='ocrx_word' id='word_1_708' title='bbox 1372 4097 1696 4150; x_wconf 80' lang='grc' dir='ltr'>Ἀπόστειλόν</span> 
     </span>
    </p>
   </div>
   <div class='ocr_carea' id='block_1_83' title="bbox 140 4184 1696 4266">
    <p class='ocr_par' dir='ltr' id='par_1_83' title="bbox 140 4184 1696 4266">
     <span class='ocr_line' id='line_1_83' title="bbox 140 4184 1696 4266; baseline -0.008 -17"><span class='ocrx_word' id='word_1_709' title='bbox 140 4207 235 4254; x_wconf 82' lang='grc' dir='ltr'><strong>με·</strong></span> <span class='ocrx_word' id='word_1_710' title='bbox 319 4198 469 4266; x_wconf 81' lang='grc' dir='ltr'>ἀνέϐη</span> <span class='ocrx_word' id='word_1_711' title='bbox 501 4196 610 4265; x_wconf 80' lang='grc' dir='ltr'>γὰρ</span> <span class='ocrx_word' id='word_1_712' title='bbox 654 4196 684 4247; x_wconf 92' lang='lat'><strong>6</strong></span> <span class='ocrx_word' id='word_1_713' title='bbox 723 4192 936 4262; x_wconf 79' lang='grc' dir='ltr'>ὖρθρος.</span> <span class='ocrx_word' id='word_1_714' title='bbox 995 4191 1052 4241; x_wconf 88' lang='lat'><strong>&#39;0</strong></span> <span class='ocrx_word' id='word_1_715' title='bbox 1099 4189 1153 4240; x_wconf 83' lang='grc' dir='ltr'>δὲ</span> <span class='ocrx_word' id='word_1_716' title='bbox 1206 4184 1385 4239; x_wconf 76' lang='grc' dir='ltr'>εἶπεν·</span> <span class='ocrx_word' id='word_1_717' title='bbox 1433 4187 1503 4238; x_wconf 82' lang='grc' dir='ltr'><strong>Οὐ</strong></span> <span class='ocrx_word' id='word_1_718' title='bbox 1539 4188 1610 4256; x_wconf 85' lang='grc' dir='ltr'><strong>μή</strong></span> <span class='ocrx_word' id='word_1_719' title='bbox 1640 4203 1696 4238; x_wconf 87' lang='grc' dir='ltr'><strong>σε</strong></span> 
     </span>
    </p>
   </div>
   <div class='ocr_carea' id='block_1_84' title="bbox 134 4271 1692 4353">
    <p class='ocr_par' dir='ltr' id='par_1_84' title="bbox 134 4272 1692 4353">
     <span class='ocr_line' id='line_1_84' title="bbox 134 4272 1692 4353; baseline -0.008 -16"><span class='ocrx_word' id='word_1_720' title='bbox 134 4279 478 4351; x_wconf 59' lang='grc' dir='ltr'>ἀποστείλω,</span> <span class='ocrx_word' id='word_1_721' title='bbox 515 4287 610 4338; x_wconf 77' lang='grc' dir='ltr'><strong>ἐὰν</strong></span> <span class='ocrx_word' id='word_1_722' title='bbox 669 4284 745 4353; x_wconf 81' lang='grc' dir='ltr'><strong>μή</strong></span> <span class='ocrx_word' id='word_1_723' title='bbox 806 4297 871 4350; x_wconf 87' lang='grc' dir='ltr'><strong>με</strong></span> <span class='ocrx_word' id='word_1_724' title='bbox 917 4279 1226 4346; x_wconf 77' lang='grc' dir='ltr'>εὐλογήσῃς.</span> <span class='ocrx_word' id='word_1_725' title='bbox 1274 4272 1404 4327; x_wconf 80' lang='grc' dir='ltr'>Εἷπε</span> <span class='ocrx_word' id='word_1_726' title='bbox 1446 4276 1490 4328; x_wconf 76' lang='grc' dir='ltr'>δ’</span> <span class='ocrx_word' id='word_1_727' title='bbox 1519 4275 1692 4344; x_wconf 80' lang='grc' dir='ltr'>αὐτῷ·</span> 
     </span>
    </p>
   </div>
   <div class='ocr_carea' id='block_1_85' title="bbox 1798 4271 3317 4353">
    <p class='ocr_par' dir='ltr' id='par_1_85' title="bbox 1798 4271 3317 4337">
     <span class='ocr_line' id='line_1_85' title="bbox 1798 4271 3317 4337; baseline 0.004 -12"><span class='ocrx_word' id='word_1_728' title='bbox 1798 4271 1943 4337; x_wconf 87' lang='lat' dir='ltr'><strong>Quod</strong></span> <span class='ocrx_word' id='word_1_729' title='bbox 1976 4280 2056 4325; x_wconf 89' lang='lat' dir='ltr'><strong>est</strong></span> <span class='ocrx_word' id='word_1_730' title='bbox 2084 4285 2277 4326; x_wconf 88' lang='lat' dir='ltr'><strong>nomen</strong></span> <span class='ocrx_word' id='word_1_731' title='bbox 2306 4273 2496 4325; x_wconf 86' lang='lat' dir='ltr'><strong>tuum?</strong></span> <span class='ocrx_word' id='word_1_732' title='bbox 2524 4273 2590 4325; x_wconf 82' lang='lat' dir='ltr'><strong>At</strong></span> <span class='ocrx_word' id='word_1_733' title='bbox 2619 4273 2706 4327; x_wconf 91' lang='lat' dir='ltr'><strong>hic</strong></span> <span class='ocrx_word' id='word_1_734' title='bbox 2737 4274 2872 4328; x_wconf 92' lang='lat' dir='ltr'><strong>dixit</strong></span> <span class='ocrx_word' id='word_1_735' title='bbox 2900 4276 2949 4328; x_wconf 92' lang='lat' dir='ltr'><strong>ei</strong></span> <span class='ocrx_word' id='word_1_736' title='bbox 2982 4292 2996 4328; x_wconf 92' lang='lat'><strong>:</strong></span> <span class='ocrx_word' id='word_1_737' title='bbox 3039 4272 3220 4329; x_wconf 89' lang='lat' dir='ltr'><strong>Iacob.</strong></span> <span class='ocrx_word' id='word_1_738' title='bbox 3248 4273 3317 4331; x_wconf 79' lang='lat' dir='ltr'><strong>Et</strong></span> 
     </span>
    </p>
   </div>
   <div class='ocr_carea' id='block_1_86' title="bbox 131 4359 1692 4442">
    <p class='ocr_par' dir='ltr' id='par_1_86' title="bbox 131 4359 1692 4442">
     <span class='ocr_line' id='line_1_86' title="bbox 131 4359 1692 4442; baseline 0.001 -30"><span class='ocrx_word' id='word_1_739' title='bbox 131 4360 192 4412; x_wconf 77' lang='grc' dir='ltr'><strong>ΤΕ</strong></span> <span class='ocrx_word' id='word_1_740' title='bbox 263 4374 340 4425; x_wconf 57' lang='grc' dir='ltr'>τὸ</span> <span class='ocrx_word' id='word_1_741' title='bbox 401 4373 564 4442; x_wconf 78' lang='grc' dir='ltr'>δνομά</span> <span class='ocrx_word' id='word_1_742' title='bbox 634 4386 760 4433; x_wconf 73' lang='lat' dir='ltr'><strong>ceu;</strong></span> <span class='ocrx_word' id='word_1_743' title='bbox 820 4366 874 4418; x_wconf 90' lang='grc' dir='ltr'>Ὁ</span> <span class='ocrx_word' id='word_1_744' title='bbox 923 4366 977 4417; x_wconf 84' lang='grc' dir='ltr'>δὲ</span> <span class='ocrx_word' id='word_1_745' title='bbox 1047 4359 1227 4414; x_wconf 65' lang='grc' dir='ltr'>εἶπεν*</span> <span class='ocrx_word' id='word_1_746' title='bbox 1296 4360 1500 4415; x_wconf 86' lang='grc' dir='ltr'>Ἰακώϐ.</span> <span class='ocrx_word' id='word_1_747' title='bbox 1569 4359 1692 4414; x_wconf 82' lang='grc' dir='ltr'>Εἷπε</span> 
     </span>
    </p>
   </div>
   <div class='ocr_carea' id='block_1_87' title="bbox 1798 4359 3312 4442">
    <p class='ocr_par' dir='ltr' id='par_1_87' title="bbox 1798 4360 3312 4431">
     <span class='ocr_line' id='line_1_87' title="bbox 1798 4360 3312 4431; baseline 0.004 -16"><span class='ocrx_word' id='word_1_748' title='bbox 1798 4362 1926 4415; x_wconf 78' lang='lat' dir='ltr'><strong>dixit</strong></span> <span class='ocrx_word' id='word_1_749' title='bbox 1948 4361 1995 4415; x_wconf 90' lang='lat' dir='ltr'><strong>ei</strong></span> <span class='ocrx_word' id='word_1_750' title='bbox 2020 4379 2033 4415; x_wconf 89' lang='lat'><strong>:</strong></span> <span class='ocrx_word' id='word_1_751' title='bbox 2060 4360 2178 4414; x_wconf 85' lang='lat' dir='ltr'><strong>Non</strong></span> <span class='ocrx_word' id='word_1_752' title='bbox 2201 4363 2427 4431; x_wconf 88' lang='lat' dir='ltr'><strong>amplius</strong></span> <span class='ocrx_word' id='word_1_753' title='bbox 2441 4361 2606 4418; x_wconf 89' lang='lat' dir='ltr'><strong>Iacob</strong></span> <span class='ocrx_word' id='word_1_754' title='bbox 2626 4365 2900 4419; x_wconf 88' lang='lat' dir='ltr'><strong>vocabitur</strong></span> <span class='ocrx_word' id='word_1_755' title='bbox 2924 4379 3116 4419; x_wconf 90' lang='lat' dir='ltr'><strong>nomen</strong></span> <span class='ocrx_word' id='word_1_756' title='bbox 3143 4375 3312 4422; x_wconf 89' lang='lat' dir='ltr'><strong>tuum.</strong></span> 
     </span>
    </p>
   </div>
   <div class='ocr_carea' id='block_1_88' title="bbox 130 4447 1692 4524">
    <p class='ocr_par' dir='ltr' id='par_1_88' title="bbox 130 4448 1687 4524">
     <span class='ocr_line' id='line_1_88' title="bbox 130 4448 1687 4524; baseline -0.008 -9"><span class='ocrx_word' id='word_1_757' title='bbox 130 4448 169 4501; x_wconf 72' lang='grc' dir='ltr'>δ’</span> <span class='ocrx_word' id='word_1_758' title='bbox 217 4463 406 4524; x_wconf 58' lang='grc' dir='ltr'>αὐτῷ·</span> <span class='ocrx_word' id='word_1_759' title='bbox 454 4463 649 4516; x_wconf 73' lang='grc' dir='ltr'>υύκέτι</span> <span class='ocrx_word' id='word_1_760' title='bbox 699 4455 891 4512; x_wconf 89' lang='grc' dir='ltr'>Ἰακὼϐ</span> <span class='ocrx_word' id='word_1_761' title='bbox 921 4454 1240 4524; x_wconf 81' lang='grc' dir='ltr'>κληθήσεται</span> <span class='ocrx_word' id='word_1_762' title='bbox 1290 4453 1348 4504; x_wconf 88' lang='grc' dir='ltr'><strong>τὸ</strong></span> <span class='ocrx_word' id='word_1_763' title='bbox 1371 4452 1536 4522; x_wconf 73' lang='grc' dir='ltr'>ὄνομά</span> <span class='ocrx_word' id='word_1_764' title='bbox 1567 4469 1687 4512; x_wconf 86' lang='grc' dir='ltr'>σου,</span> 
     </span>
    </p>
   </div>
   <div class='ocr_carea' id='block_1_89' title="bbox 1798 4447 3312 4524">
    <p class='ocr_par' dir='ltr' id='par_1_89' title="bbox 1798 4447 3312 4522">
     <span class='ocr_line' id='line_1_89' title="bbox 1798 4447 3312 4522; baseline 0.005 -21"><span class='ocrx_word' id='word_1_765' title='bbox 1798 4449 1946 4518; x_wconf 79' lang='lat'><strong>237</strong></span> <span class='ocrx_word' id='word_1_766' title='bbox 1975 4449 2064 4502; x_wconf 77' lang='lat' dir='ltr'><strong>sed</strong></span> <span class='ocrx_word' id='word_1_767' title='bbox 2089 4447 2251 4503; x_wconf 86' lang='lat' dir='ltr'><strong>Israel</strong></span> <span class='ocrx_word' id='word_1_768' title='bbox 2284 4450 2384 4504; x_wconf 88' lang='lat' dir='ltr'><strong>erit</strong></span> <span class='ocrx_word' id='word_1_769' title='bbox 2412 4466 2604 4505; x_wconf 89' lang='lat' dir='ltr'><strong>nomen</strong></span> <span class='ocrx_word' id='word_1_770' title='bbox 2631 4458 2780 4505; x_wconf 90' lang='lat' dir='ltr'><strong>tuum</strong></span> <span class='ocrx_word' id='word_1_771' title='bbox 2827 4469 2840 4505; x_wconf 92' lang='lat'><strong>:</strong></span> <span class='ocrx_word' id='word_1_772' title='bbox 2874 4454 3123 4522; x_wconf 87' lang='lat' dir='ltr'><strong>quoniam</strong></span> <span class='ocrx_word' id='word_1_773' title='bbox 3169 4454 3312 4508; x_wconf 80' lang='lat' dir='ltr'><strong>inva-</strong></span> 
     </span>
    </p>
   </div>
   <div class='ocr_carea' id='block_1_90' title="bbox 131 4518 1692 4623">
    <p class='ocr_par' dir='ltr' id='par_1_90' title="bbox 131 4518 1690 4623">
     <span class='ocr_line' id='line_1_90' title="bbox 131 4518 1690 4623; baseline 0 -29"><span class='ocrx_word' id='word_1_774' title='bbox 131 4541 242 4594; x_wconf 69' lang='grc' dir='ltr'><strong>ὰλΥ</strong></span> <span class='ocrx_word' id='word_1_775' title='bbox 309 4518 503 4623; x_wconf 56' lang='grc' dir='ltr'>Ἰσραὴλ</span> <span class='ocrx_word' id='word_1_776' title='bbox 529 4553 681 4605; x_wconf 75' lang='grc' dir='ltr'>ἔσται</span> <span class='ocrx_word' id='word_1_777' title='bbox 706 4549 767 4602; x_wconf 81' lang='grc' dir='ltr'><strong>τὸ</strong></span> <span class='ocrx_word' id='word_1_778' title='bbox 795 4547 964 4616; x_wconf 76' lang='grc' dir='ltr'>ὄνομά</span> <span class='ocrx_word' id='word_1_779' title='bbox 997 4518 1089 4596; x_wconf 75' lang='grc' dir='ltr'><strong>σου</strong></span> <span class='ocrx_word' id='word_1_780' title='bbox 1111 4561 1124 4574; x_wconf 79' lang='grc' dir='ltr'><strong>ο</strong></span> <span class='ocrx_word' id='word_1_781' title='bbox 1153 4545 1230 4596; x_wconf 85' lang='grc' dir='ltr'>ὃτι</span> <span class='ocrx_word' id='word_1_782' title='bbox 1253 4518 1528 4611; x_wconf 79' lang='grc' dir='ltr'>ἐνισχυσας</span> <span class='ocrx_word' id='word_1_783' title='bbox 1559 4542 1690 4611; x_wconf 84' lang='grc' dir='ltr'>μετὰ</span> 
     </span>
    </p>
   </div>
   <div class='ocr_carea' id='block_1_91' title="bbox 1798 4518 3311 4623">
    <p class='ocr_par' dir='ltr' id='par_1_91' title="bbox 1798 4539 3311 4612">
     <span class='ocr_line' id='line_1_91' title="bbox 1798 4539 3311 4612; baseline 0.003 -21"><span class='ocrx_word' id='word_1_784' title='bbox 1798 4539 1937 4593; x_wconf 87' lang='lat' dir='ltr'><strong>luisti</strong></span> <span class='ocrx_word' id='word_1_785' title='bbox 1961 4553 2080 4592; x_wconf 92' lang='lat' dir='ltr'><strong>cum</strong></span> <span class='ocrx_word' id='word_1_786' title='bbox 2130 4539 2257 4605; x_wconf 91' lang='lat' dir='ltr'><strong>Deo,</strong></span> <span class='ocrx_word' id='word_1_787' title='bbox 2289 4542 2450 4594; x_wconf 90' lang='lat' dir='ltr'><strong>etiam</strong></span> <span class='ocrx_word' id='word_1_788' title='bbox 2481 4557 2601 4594; x_wconf 89' lang='lat' dir='ltr'><strong>cum</strong></span> <span class='ocrx_word' id='word_1_789' title='bbox 2629 4542 2937 4597; x_wconf 87' lang='lat' dir='ltr'><strong>hominibus</strong></span> <span class='ocrx_word' id='word_1_790' title='bbox 2972 4550 3158 4612; x_wconf 84' lang='lat' dir='ltr'><strong>potens</strong></span> <span class='ocrx_word' id='word_1_791' title='bbox 3183 4543 3311 4596; x_wconf 88' lang='lat' dir='ltr'><strong>eris.</strong></span> 
     </span>
    </p>
   </div>
   <div class='ocr_carea' id='block_1_92' title="bbox 133 4627 1692 4714">
    <p class='ocr_par' dir='ltr' id='par_1_92' title="bbox 133 4629 1692 4714">
     <span class='ocr_line' id='line_1_92' title="bbox 133 4629 1692 4714; baseline 0.001 -32"><span class='ocrx_word' id='word_1_792' title='bbox 133 4629 318 4703; x_wconf 64' lang='grc' dir='ltr'>Θεοῦ,</span> <span class='ocrx_word' id='word_1_793' title='bbox 347 4645 430 4696; x_wconf 74' lang='grc' dir='ltr'>καὶ</span> <span class='ocrx_word' id='word_1_794' title='bbox 461 4644 572 4714; x_wconf 82' lang='grc' dir='ltr'>μετ’</span> <span class='ocrx_word' id='word_1_795' title='bbox 607 4635 906 4709; x_wconf 82' lang='grc' dir='ltr'>ἀνθρώπων</span> <span class='ocrx_word' id='word_1_796' title='bbox 936 4633 1153 4696; x_wconf 88' lang='grc' dir='ltr'>δυνατὸς</span> <span class='ocrx_word' id='word_1_797' title='bbox 1197 4633 1309 4702; x_wconf 78' lang='grc' dir='ltr'><strong>ἔσῃ.</strong></span> <span class='ocrx_word' id='word_1_798' title='bbox 1355 4632 1621 4703; x_wconf 84' lang='grc' dir='ltr'>Ἦρὼτησε</span> <span class='ocrx_word' id='word_1_799' title='bbox 1640 4632 1692 4684; x_wconf 85' lang='grc' dir='ltr'>δὲ</span> 
     </span>
    </p>
   </div>
   <div class='ocr_carea' id='block_1_93' title="bbox 1798 4627 3313 4714">
    <p class='ocr_par' dir='ltr' id='par_1_93' title="bbox 1798 4627 3313 4694">
     <span class='ocr_line' id='line_1_93' title="bbox 1798 4627 3313 4694; baseline 0.001 -12"><span class='ocrx_word' id='word_1_800' title='bbox 1798 4627 2146 4694; x_wconf 80' lang='lat' dir='ltr'><strong>Interrogavit</strong></span> <span class='ocrx_word' id='word_1_801' title='bbox 2165 4643 2292 4680; x_wconf 88' lang='lat' dir='ltr'><strong>vero</strong></span> <span class='ocrx_word' id='word_1_802' title='bbox 2319 4628 2484 4684; x_wconf 91' lang='lat' dir='ltr'><strong>Iacob</strong></span> <span class='ocrx_word' id='word_1_803' title='bbox 2507 4639 2559 4684; x_wconf 87' lang='lat' dir='ltr'><strong>et</strong></span> <span class='ocrx_word' id='word_1_804' title='bbox 2587 4631 2660 4684; x_wconf 91' lang='lat' dir='ltr'><strong>ait</strong></span> <span class='ocrx_word' id='word_1_805' title='bbox 2685 4649 2698 4684; x_wconf 84' lang='lat'><strong>:</strong></span> <span class='ocrx_word' id='word_1_806' title='bbox 2735 4631 2912 4685; x_wconf 86' lang='lat' dir='ltr'><strong>Indica</strong></span> <span class='ocrx_word' id='word_1_807' title='bbox 2959 4631 3088 4684; x_wconf 88' lang='lat' dir='ltr'><strong>mihi</strong></span> <span class='ocrx_word' id='word_1_808' title='bbox 3119 4646 3313 4685; x_wconf 87' lang='lat' dir='ltr'><strong>nomen</strong></span> 
     </span>
    </p>
   </div>
   <div class='ocr_carea' id='block_1_94' title="bbox 144 4717 1692 4796">
    <p class='ocr_par' dir='ltr' id='par_1_94' title="bbox 144 4717 1690 4796">
     <span class='ocr_line' id='line_1_94' title="bbox 144 4717 1690 4796; baseline -0.005 -14"><span class='ocrx_word' id='word_1_809' title='bbox 144 4717 381 4796; x_wconf 50' lang='grc' dir='ltr'>Ἰακὼϐ,</span> <span class='ocrx_word' id='word_1_810' title='bbox 410 4734 498 4785; x_wconf 72' lang='grc' dir='ltr'>καὶ</span> <span class='ocrx_word' id='word_1_811' title='bbox 528 4729 680 4784; x_wconf 76' lang='grc' dir='ltr'>εἶπεν</span> <span class='ocrx_word' id='word_1_812' title='bbox 700 4747 712 4760; x_wconf 72' lang='grc'><strong><em>⁸</em></strong></span> <span class='ocrx_word' id='word_1_813' title='bbox 763 4725 1100 4794; x_wconf 77' lang='grc' dir='ltr'>Ἀνάγγειλόν</span> <span class='ocrx_word' id='word_1_814' title='bbox 1147 4740 1231 4792; x_wconf 85' lang='grc' dir='ltr'><strong>μοι</strong></span> <span class='ocrx_word' id='word_1_815' title='bbox 1263 4723 1322 4774; x_wconf 87' lang='grc' dir='ltr'><strong>τὸ</strong></span> <span class='ocrx_word' id='word_1_816' title='bbox 1359 4722 1524 4790; x_wconf 79' lang='grc' dir='ltr'>ὄνομά</span> <span class='ocrx_word' id='word_1_817' title='bbox 1582 4739 1690 4774; x_wconf 92' lang='grc' dir='ltr'>σου.</span> 
     </span>
    </p>
   </div>
   <div class='ocr_carea' id='block_1_95' title="bbox 1798 4717 3314 4796">
    <p class='ocr_par' dir='ltr' id='par_1_95' title="bbox 1798 4717 3314 4790">
     <span class='ocr_line' id='line_1_95' title="bbox 1798 4717 3314 4790; baseline -0.001 -17"><span class='ocrx_word' id='word_1_818' title='bbox 1798 4728 1967 4773; x_wconf 88' lang='lat' dir='ltr'><strong>tuum.</strong></span> <span class='ocrx_word' id='word_1_819' title='bbox 2017 4717 2082 4769; x_wconf 83' lang='lat' dir='ltr'><strong>Et</strong></span> <span class='ocrx_word' id='word_1_820' title='bbox 2121 4718 2194 4770; x_wconf 91' lang='lat' dir='ltr'><strong>ait</strong></span> <span class='ocrx_word' id='word_1_821' title='bbox 2233 4737 2246 4772; x_wconf 92' lang='lat'><strong>:</strong></span> <span class='ocrx_word' id='word_1_822' title='bbox 2284 4718 2420 4783; x_wconf 86' lang='lat' dir='ltr'><strong>Quid</strong></span> <span class='ocrx_word' id='word_1_823' title='bbox 2464 4721 2537 4773; x_wconf 88' lang='lat' dir='ltr'><strong>ila</strong></span> <span class='ocrx_word' id='word_1_824' title='bbox 2565 4721 2758 4790; x_wconf 66' lang='lat' dir='ltr'><strong>quaeris</strong></span> <span class='ocrx_word' id='word_1_825' title='bbox 2787 4736 2975 4774; x_wconf 91' lang='lat' dir='ltr'><strong>nomen</strong></span> <span class='ocrx_word' id='word_1_826' title='bbox 3005 4720 3219 4772; x_wconf 85' lang='lat' dir='ltr'><strong>meum?</strong></span> <span class='ocrx_word' id='word_1_827' title='bbox 3249 4719 3314 4772; x_wconf 85' lang='lat' dir='ltr'><strong>Et</strong></span> 
     </span>
    </p>
   </div>
   <div class='ocr_carea' id='block_1_96' title="bbox 133 4808 1693 4883">
    <p class='ocr_par' dir='ltr' id='par_1_96' title="bbox 133 4808 1693 4883">
     <span class='ocr_line' id='line_1_96' title="bbox 133 4808 1693 4883; baseline -0.003 -14"><span class='ocrx_word' id='word_1_828' title='bbox 133 4808 244 4860; x_wconf 62' lang='grc' dir='ltr'><strong>Καὶ</strong></span> <span class='ocrx_word' id='word_1_829' title='bbox 307 4818 468 4874; x_wconf 77' lang='grc' dir='ltr'><strong>εἶπεν⁶</strong></span> <span class='ocrx_word' id='word_1_830' title='bbox 506 4824 622 4875; x_wconf 87' lang='grc' dir='ltr'>Ἵνα</span> <span class='ocrx_word' id='word_1_831' title='bbox 672 4821 725 4871; x_wconf 80' lang='grc' dir='ltr'>τί</span> <span class='ocrx_word' id='word_1_832' title='bbox 777 4817 938 4870; x_wconf 81' lang='grc' dir='ltr'>τοῦτο</span> <span class='ocrx_word' id='word_1_833' title='bbox 988 4815 1212 4883; x_wconf 76' lang='grc' dir='ltr'>ἐρωτᾷς,</span> <span class='ocrx_word' id='word_1_834' title='bbox 1246 4814 1304 4866; x_wconf 90' lang='grc' dir='ltr'><strong>τὸ</strong></span> <span class='ocrx_word' id='word_1_835' title='bbox 1351 4813 1514 4882; x_wconf 74' lang='grc' dir='ltr'>ὄνομα</span> <span class='ocrx_word' id='word_1_836' title='bbox 1564 4831 1693 4882; x_wconf 83' lang='grc' dir='ltr'>μου;</span> 
     </span>
    </p>
   </div>
   <div class='ocr_carea' id='block_1_97' title="bbox 132 4895 1696 4982">
    <p class='ocr_par' dir='ltr' id='par_1_97' title="bbox 132 4895 1696 4982">
     <span class='ocr_line' id='line_1_97' title="bbox 132 4895 1696 4982; baseline -0.004 -20"><span class='ocrx_word' id='word_1_837' title='bbox 132 4895 262 4952; x_wconf 46' lang='grc' dir='ltr'><strong>Κπὶ</strong></span> <span class='ocrx_word' id='word_1_838' title='bbox 317 4912 590 4982; x_wconf 74' lang='grc' dir='ltr'>εὐλόγησεν</span> <span class='ocrx_word' id='word_1_839' title='bbox 645 4910 806 4962; x_wconf 86' lang='grc' dir='ltr'>αὐτὸν</span> <span class='ocrx_word' id='word_1_840' title='bbox 865 4909 999 4968; x_wconf 75' lang='grc' dir='ltr'>ἐκεῖ,</span> <span class='ocrx_word' id='word_1_841' title='bbox 1034 4905 1124 4956; x_wconf 74' lang='grc' dir='ltr'><strong>καὶ</strong></span> <span class='ocrx_word' id='word_1_842' title='bbox 1171 4903 1384 4956; x_wconf 79' lang='grc' dir='ltr'>ἐκάλεσε</span> <span class='ocrx_word' id='word_1_843' title='bbox 1432 4903 1491 4954; x_wconf 90' lang='grc' dir='ltr'><strong>τὸ</strong></span> <span class='ocrx_word' id='word_1_844' title='bbox 1532 4903 1696 4972; x_wconf 74' lang='grc' dir='ltr'>ὄνομα</span> 
     </span>
    </p>
   </div>
   <div class='ocr_carea' id='block_1_98' title="bbox 127 4980 1694 5058">
    <p class='ocr_par' dir='ltr' id='par_1_98' title="bbox 127 4980 1694 5058">
     <span class='ocr_line' id='line_1_98' title="bbox 127 4980 1694 5058; baseline 0.009 -12"><span class='ocrx_word' id='word_1_845' title='bbox 127 4980 206 5031; x_wconf 66' lang='grc' dir='ltr'><strong>ταῦ</strong></span> <span class='ocrx_word' id='word_1_846' title='bbox 255 4999 421 5052; x_wconf 67' lang='grc' dir='ltr'>τόπου</span> <span class='ocrx_word' id='word_1_847' title='bbox 441 4980 644 5052; x_wconf 72' lang='grc' dir='ltr'>ἐκείνου</span> <span class='ocrx_word' id='word_1_848' title='bbox 673 4995 887 5057; x_wconf 86' lang='grc' dir='ltr'>Ἰακὼϐ,</span> <span class='ocrx_word' id='word_1_849' title='bbox 906 4990 1082 5056; x_wconf 84' lang='grc' dir='ltr'>Εἶδος</span> <span class='ocrx_word' id='word_1_850' title='bbox 1102 4991 1262 5043; x_wconf 77' lang='grc' dir='ltr'>Θεοῦι</span> <span class='ocrx_word' id='word_1_851' title='bbox 1283 4986 1428 5042; x_wconf 68' lang='grc' dir='ltr'>Εἶδον</span> <span class='ocrx_word' id='word_1_852' title='bbox 1447 4988 1552 5058; x_wconf 80' lang='grc' dir='ltr'>γὰρ</span> <span class='ocrx_word' id='word_1_853' title='bbox 1568 4989 1694 5041; x_wconf 76' lang='grc' dir='ltr'>Θεὸν</span> 
     </span>
    </p>
   </div>
   <div class='ocr_carea' id='block_1_99' title="bbox 123 5071 1692 5158">
    <p class='ocr_par' dir='ltr' id='par_1_99' title="bbox 123 5071 1688 5158">
     <span class='ocr_line' id='line_1_99' title="bbox 123 5071 1688 5158; baseline -0.029 1"><span class='ocrx_word' id='word_1_854' title='bbox 480 5089 613 5158; x_wconf 84' lang='grc' dir='ltr'>πρὸς</span> <span class='ocrx_word' id='word_1_855' title='bbox 660 5085 970 5155; x_wconf 84' lang='grc' dir='ltr'>πρόσωπον,</span> <span class='ocrx_word' id='word_1_856' title='bbox 1003 5081 1097 5132; x_wconf 70' lang='grc' dir='ltr'><strong>καὶ</strong></span> <span class='ocrx_word' id='word_1_857' title='bbox 1127 5077 1298 5146; x_wconf 77' lang='grc' dir='ltr'>ἐσώθη</span> <span class='ocrx_word' id='word_1_858' title='bbox 1333 5079 1364 5147; x_wconf 83' lang='grc' dir='ltr'><strong>ή</strong></span> <span class='ocrx_word' id='word_1_859' title='bbox 1397 5077 1536 5146; x_wconf 76' lang='grc' dir='ltr'>ψυχή</span> <span class='ocrx_word' id='word_1_860' title='bbox 1572 5094 1688 5146; x_wconf 61' lang='grc' dir='ltr'>μου,</span> 
     </span>
    </p>
   </div>
   <div class='ocr_carea' id='block_1_100' title="bbox 1798 5071 3315 5158">
    <p class='ocr_par' dir='ltr' id='par_1_100' title="bbox 1798 5073 3315 5140">
     <span class='ocr_line' id='line_1_100' title="bbox 1798 5073 3315 5140; baseline -0.001 -10"><span class='ocrx_word' id='word_1_861' title='bbox 1798 5083 1968 5130; x_wconf 90' lang='lat' dir='ltr'><strong>autem</strong></span> <span class='ocrx_word' id='word_1_862' title='bbox 2008 5073 2083 5126; x_wconf 92' lang='lat' dir='ltr'><strong>illi</strong></span> <span class='ocrx_word' id='word_1_863' title='bbox 2111 5073 2212 5138; x_wconf 90' lang='lat' dir='ltr'><strong>sol,</strong></span> <span class='ocrx_word' id='word_1_864' title='bbox 2243 5087 2364 5126; x_wconf 90' lang='lat' dir='ltr'><strong>cum</strong></span> <span class='ocrx_word' id='word_1_865' title='bbox 2413 5075 2693 5129; x_wconf 84' lang='lat' dir='ltr'><strong>transisset</strong></span> <span class='ocrx_word' id='word_1_866' title='bbox 2741 5073 2942 5140; x_wconf 84' lang='lat' dir='ltr'><strong>species</strong></span> <span class='ocrx_word' id='word_1_867' title='bbox 2977 5073 3066 5124; x_wconf 90' lang='lat' dir='ltr'><strong>Dei</strong></span> <span class='ocrx_word' id='word_1_868' title='bbox 3095 5073 3162 5129; x_wconf 82' lang='grc'><strong>⁸⁸.</strong></span> <span class='ocrx_word' id='word_1_869' title='bbox 3200 5092 3220 5126; x_wconf 75' lang='grc' dir='ltr'><strong>ι</strong></span> <span class='ocrx_word' id='word_1_870' title='bbox 3249 5073 3315 5128; x_wconf 88' lang='lat' dir='ltr'><strong>Et</strong></span> 
     </span>
    </p>
   </div>
   <div class='ocr_carea' id='block_1_101' title="bbox 131 5153 1692 5245">
    <p class='ocr_par' dir='ltr' id='par_1_101' title="bbox 131 5153 1692 5245">
     <span class='ocr_line' id='line_1_101' title="bbox 131 5153 1692 5245; baseline -0.008 -15"><span class='ocrx_word' id='word_1_871' title='bbox 131 5153 254 5245; x_wconf 62' lang='grc' dir='ltr'><strong>Ἀς-</strong></span> <span class='ocrx_word' id='word_1_872' title='bbox 277 5176 420 5230; x_wconf 71' lang='grc' dir='ltr'>ἐτειλε</span> <span class='ocrx_word' id='word_1_873' title='bbox 451 5179 503 5231; x_wconf 79' lang='grc' dir='ltr'>δὲ</span> <span class='ocrx_word' id='word_1_874' title='bbox 525 5153 683 5245; x_wconf 71' lang='grc' dir='ltr'>αὐτῷ</span> <span class='ocrx_word' id='word_1_875' title='bbox 708 5153 755 5226; x_wconf 19' lang='lat' dir='ltr'>V6</span> <span class='ocrx_word' id='word_1_876' title='bbox 791 5174 962 5241; x_wconf 71' lang='grc' dir='ltr'>ἥλιος,</span> <span class='ocrx_word' id='word_1_877' title='bbox 995 5169 1152 5238; x_wconf 77' lang='grc' dir='ltr'>ἡνίκα</span> <span class='ocrx_word' id='word_1_878' title='bbox 1197 5166 1433 5233; x_wconf 80' lang='grc' dir='ltr'>παρῆλθε</span> <span class='ocrx_word' id='word_1_879' title='bbox 1459 5166 1518 5216; x_wconf 87' lang='grc' dir='ltr'><strong>τὸ</strong></span> <span class='ocrx_word' id='word_1_880' title='bbox 1561 5163 1692 5229; x_wconf 76' lang='grc' dir='ltr'>εἶδος</span> 
     </span>
    </p>
   </div>
   <div class='ocr_carea' id='block_1_102' title="bbox 1798 5153 3314 5245">
    <p class='ocr_par' dir='ltr' id='par_1_102' title="bbox 1798 5158 3314 5230">
     <span class='ocr_line' id='line_1_102' title="bbox 1798 5158 3314 5230; baseline 0 -14"><span class='ocrx_word' id='word_1_881' title='bbox 1798 5163 1925 5217; x_wconf 81' lang='lat' dir='ltr'><strong>Mosi</strong></span> <span class='ocrx_word' id='word_1_882' title='bbox 1943 5161 2150 5230; x_wconf 91' lang='lat' dir='ltr'><strong>quidem</strong></span> <span class='ocrx_word' id='word_1_883' title='bbox 2164 5162 2360 5215; x_wconf 87' lang='lat' dir='ltr'><strong>dictum</strong></span> <span class='ocrx_word' id='word_1_884' title='bbox 2375 5170 2456 5215; x_wconf 88' lang='lat' dir='ltr'><strong>est</strong></span> <span class='ocrx_word' id='word_1_885' title='bbox 2469 5180 2481 5214; x_wconf 91' lang='lat'>:</span> <span class='ocrx_word' id='word_1_886' title='bbox 2493 5181 2511 5212; x_wconf 76' lang='grc' dir='ltr'><strong>ι</strong></span> <span class='ocrx_word' id='word_1_887' title='bbox 2531 5161 2716 5214; x_wconf 82' lang='lat' dir='ltr'><strong>Nullus</strong></span> <span class='ocrx_word' id='word_1_888' title='bbox 2731 5161 2928 5214; x_wconf 79' lang='lat' dir='ltr'><strong>videbit</strong></span> <span class='ocrx_word' id='word_1_889' title='bbox 2943 5158 3129 5214; x_wconf 90' lang='lat' dir='ltr'><strong>faciem</strong></span> <span class='ocrx_word' id='word_1_890' title='bbox 3145 5175 3314 5216; x_wconf 81' lang='lat' dir='ltr'><strong>meam</strong></span> 
     </span>
    </p>
   </div>
   <div class='ocr_carea' id='block_1_103' title="bbox 110 5242 1692 5336">
    <p class='ocr_par' dir='ltr' id='par_1_103' title="bbox 110 5242 1692 5336">
     <span class='ocr_line' id='line_1_103' title="bbox 110 5242 1692 5336; baseline -0.009 -16"><span class='ocrx_word' id='word_1_891' title='bbox 110 5242 204 5336; x_wconf 38' lang='lat'><strong>7&#39;3</strong></span> <span class='ocrx_word' id='word_1_892' title='bbox 284 5267 418 5320; x_wconf 74' lang='grc' dir='ltr'>Θεοῦ.</span> <span class='ocrx_word' id='word_1_893' title='bbox 463 5288 482 5320; x_wconf 70' lang='grc' dir='ltr'><strong>ι</strong></span> <span class='ocrx_word' id='word_1_894' title='bbox 509 5266 601 5336; x_wconf 81' lang='grc' dir='ltr'>Τῷ</span> <span class='ocrx_word' id='word_1_895' title='bbox 638 5242 736 5335; x_wconf 55' lang='grc' dir='ltr'>μὲν</span> <span class='ocrx_word' id='word_1_896' title='bbox 786 5263 974 5316; x_wconf 83' lang='grc' dir='ltr'>Μωσεῖ</span> <span class='ocrx_word' id='word_1_897' title='bbox 1005 5259 1214 5326; x_wconf 72' lang='grc' dir='ltr'><strong>εἴρητο⁹</strong></span> <span class='ocrx_word' id='word_1_898' title='bbox 1250 5274 1266 5304; x_wconf 77' lang='grc' dir='ltr'><strong>ι</strong></span> <span class='ocrx_word' id='word_1_899' title='bbox 1298 5254 1476 5316; x_wconf 74' lang='grc' dir='ltr'>Οὐδεὶς</span> <span class='ocrx_word' id='word_1_900' title='bbox 1517 5254 1692 5322; x_wconf 76' lang='grc' dir='ltr'>δψεται</span> 
     </span>
    </p>
   </div>
   <div class='ocr_carea' id='block_1_104' title="bbox 1798 5242 3319 5336">
    <p class='ocr_par' dir='ltr' id='par_1_104' title="bbox 1798 5247 3319 5308">
     <span class='ocr_line' id='line_1_104' title="bbox 1798 5247 3319 5308; baseline -0.004 0"><span class='ocrx_word' id='word_1_901' title='bbox 1798 5261 1848 5308; x_wconf 84' lang='lat' dir='ltr'><strong>et</strong></span> <span class='ocrx_word' id='word_1_902' title='bbox 1878 5254 2018 5305; x_wconf 86' lang='lat' dir='ltr'><strong>vivet</strong></span> <span class='ocrx_word' id='word_1_903' title='bbox 2040 5250 2118 5304; x_wconf 81' lang='lat'><strong>“:</strong></span> <span class='ocrx_word' id='word_1_904' title='bbox 2151 5269 2168 5300; x_wconf 75' lang='grc' dir='ltr'><strong>ι</strong></span> <span class='ocrx_word' id='word_1_905' title='bbox 2203 5250 2290 5303; x_wconf 89' lang='lat' dir='ltr'><strong>hic</strong></span> <span class='ocrx_word' id='word_1_906' title='bbox 2315 5259 2488 5303; x_wconf 88' lang='lat' dir='ltr'><strong>autem</strong></span> <span class='ocrx_word' id='word_1_907' title='bbox 2506 5248 2668 5304; x_wconf 88' lang='lat' dir='ltr'><strong>Iacob</strong></span> <span class='ocrx_word' id='word_1_908' title='bbox 2698 5249 2830 5303; x_wconf 85' lang='lat' dir='ltr'><strong>vidit</strong></span> <span class='ocrx_word' id='word_1_909' title='bbox 2859 5247 3023 5302; x_wconf 86' lang='lat' dir='ltr'><strong>Deum</strong></span> <span class='ocrx_word' id='word_1_910' title='bbox 3051 5263 3161 5302; x_wconf 90' lang='lat' dir='ltr'><strong>non</strong></span> <span class='ocrx_word' id='word_1_911' title='bbox 3190 5249 3319 5303; x_wconf 87' lang='lat' dir='ltr'><strong>sim-</strong></span> 
     </span>
    </p>
   </div>
   <div class='ocr_carea' id='block_1_105' title="bbox 106 5327 1692 5427">
    <p class='ocr_par' dir='ltr' id='par_1_105' title="bbox 106 5327 1692 5427">
     <span class='ocr_line' id='line_1_105' title="bbox 106 5327 1692 5427; baseline -0.008 -18"><span class='ocrx_word' id='word_1_912' title='bbox 106 5327 514 5427; x_wconf 44' lang='grc' dir='ltr'><strong>τῨἚιρὸσωπόν</strong></span> <span class='ocrx_word' id='word_1_913' title='bbox 553 5327 658 5426; x_wconf 58' lang='lat' dir='ltr'>p.06</span> <span class='ocrx_word' id='word_1_914' title='bbox 693 5353 789 5406; x_wconf 74' lang='grc' dir='ltr'><strong>καὶ</strong></span> <span class='ocrx_word' id='word_1_915' title='bbox 827 5350 1069 5418; x_wconf 60' lang='lat' dir='ltr'><strong>cnes-car</strong></span> <span class='ocrx_word' id='word_1_916' title='bbox 1102 5362 1122 5395; x_wconf 70' lang='grc' dir='ltr'><strong>ι</strong></span> <span class='ocrx_word' id='word_1_917' title='bbox 1153 5345 1211 5394; x_wconf 79' lang='grc' dir='ltr'>ὲν</span> <span class='ocrx_word' id='word_1_918' title='bbox 1232 5343 1429 5404; x_wconf 86' lang='grc' dir='ltr'>τούτοις</span> <span class='ocrx_word' id='word_1_919' title='bbox 1452 5342 1506 5394; x_wconf 87' lang='grc' dir='ltr'>δὲ</span> <span class='ocrx_word' id='word_1_920' title='bbox 1536 5344 1563 5394; x_wconf 90' lang='grc' dir='ltr'><strong>ὁ</strong></span> <span class='ocrx_word' id='word_1_921' title='bbox 1605 5345 1692 5397; x_wconf 84' lang='grc' dir='ltr'><strong>Ἰα-</strong></span> 
     </span>
    </p>
   </div>
   <div class='ocr_carea' id='block_1_106' title="bbox 1798 5327 3319 5427">
    <p class='ocr_par' dir='ltr' id='par_1_106' title="bbox 1798 5340 3319 5415">
     <span class='ocr_line' id='line_1_106' title="bbox 1798 5340 3319 5415; baseline -0.002 -19"><span class='ocrx_word' id='word_1_922' title='bbox 1798 5343 2026 5415; x_wconf 89' lang='lat' dir='ltr'><strong>pliciter,</strong></span> <span class='ocrx_word' id='word_1_923' title='bbox 2060 5342 2152 5395; x_wconf 88' lang='lat' dir='ltr'><strong>sed</strong></span> <span class='ocrx_word' id='word_1_924' title='bbox 2190 5340 2325 5395; x_wconf 89' lang='lat' dir='ltr'><strong>facie</strong></span> <span class='ocrx_word' id='word_1_925' title='bbox 2352 5340 2420 5394; x_wconf 91' lang='lat' dir='ltr'><strong>ad</strong></span> <span class='ocrx_word' id='word_1_926' title='bbox 2449 5341 2638 5396; x_wconf 87' lang='lat' dir='ltr'><strong>faciem</strong></span> <span class='ocrx_word' id='word_1_927' title='bbox 2681 5360 2695 5391; x_wconf 87' lang='lat'><strong>:</strong></span> <span class='ocrx_word' id='word_1_928' title='bbox 2726 5349 2779 5394; x_wconf 89' lang='lat' dir='ltr'><strong>et</strong></span> <span class='ocrx_word' id='word_1_929' title='bbox 2811 5355 2937 5394; x_wconf 86' lang='lat' dir='ltr'><strong>cum</strong></span> <span class='ocrx_word' id='word_1_930' title='bbox 2963 5347 3207 5393; x_wconf 85' lang='lat' dir='ltr'><strong>servatus</strong></span> <span class='ocrx_word' id='word_1_931' title='bbox 3230 5355 3319 5393; x_wconf 78' lang='lat' dir='ltr'><strong>es—</strong></span> 
     </span>
    </p>
   </div>
   <div class='ocr_carea' id='block_1_107' title="bbox 92 5412 1692 5510">
    <p class='ocr_par' dir='ltr' id='par_1_107' title="bbox 92 5412 1692 5510">
     <span class='ocr_line' id='line_1_107' title="bbox 92 5412 1692 5510; baseline -0.007 -13"><span class='ocrx_word' id='word_1_932' title='bbox 92 5412 413 5502; x_wconf 39' lang='grc' dir='ltr'><strong>χώ’Ἧιεῖδε</strong></span> <span class='ocrx_word' id='word_1_933' title='bbox 460 5412 595 5500; x_wconf 59' lang='grc' dir='ltr'>Θεὸν</span> <span class='ocrx_word' id='word_1_934' title='bbox 647 5443 752 5510; x_wconf 78' lang='grc' dir='ltr'>οὐχ</span> <span class='ocrx_word' id='word_1_935' title='bbox 803 5412 1014 5499; x_wconf 77' lang='grc' dir='ltr'>ἁπλῶς,</span> <span class='ocrx_word' id='word_1_936' title='bbox 1067 5431 1196 5486; x_wconf 81' lang='grc' dir='ltr'>ἀλλὰ</span> <span class='ocrx_word' id='word_1_937' title='bbox 1247 5432 1519 5500; x_wconf 82' lang='grc' dir='ltr'>πρόσωπον</span> <span class='ocrx_word' id='word_1_938' title='bbox 1569 5434 1692 5503; x_wconf 84' lang='grc' dir='ltr'>πρὸς</span> 
     </span>
    </p>
   </div>
   <div class='ocr_carea' id='block_1_108' title="bbox 1798 5412 3325 5510">
    <p class='ocr_par' dir='ltr' id='par_1_108' title="bbox 1798 5412 3325 5510">
     <span class='ocr_line' id='line_1_108' title="bbox 1798 5412 3325 5510; baseline -0.008 -21"><span class='ocrx_word' id='word_1_939' title='bbox 1798 5412 1902 5496; x_wconf 75' lang='lat' dir='ltr'><strong>set,</strong></span> <span class='ocrx_word' id='word_1_940' title='bbox 1929 5448 2034 5486; x_wconf 88' lang='lat' dir='ltr'><strong>non</strong></span> <span class='ocrx_word' id='word_1_941' title='bbox 2067 5445 2308 5499; x_wconf 91' lang='lat' dir='ltr'><strong>corpore,</strong></span> <span class='ocrx_word' id='word_1_942' title='bbox 2336 5429 2427 5484; x_wconf 89' lang='lat' dir='ltr'><strong>sed</strong></span> <span class='ocrx_word' id='word_1_943' title='bbox 2445 5431 2644 5493; x_wconf 90' lang='lat' dir='ltr'><strong>animo,</strong></span> <span class='ocrx_word' id='word_1_944' title='bbox 2673 5431 2736 5484; x_wconf 91' lang='lat' dir='ltr'><strong>ad</strong></span> <span class='ocrx_word' id='word_1_945' title='bbox 2764 5429 3144 5500; x_wconf 72' lang='lat' dir='ltr'><strong>appellationis</strong></span> <span class='ocrx_word' id='word_1_946' title='bbox 3162 5425 3325 5510; x_wconf 78' lang='lat' dir='ltr'><strong>lsrael</strong></span> 
     </span>
    </p>
   </div>
   <div class='ocr_carea' id='block_1_109' title="bbox 81 5510 1701 5593">
    <p class='ocr_par' dir='ltr' id='par_1_109' title="bbox 81 5510 1701 5593">
     <span class='ocr_line' id='line_1_109' title="bbox 81 5510 1701 5593; baseline -0.019 5"><span class='ocrx_word' id='word_1_947' title='bbox 81 5510 456 5593; x_wconf 42' lang='grc' dir='ltr'><strong>ςφχόσωτυονο</strong></span> <span class='ocrx_word' id='word_1_948' title='bbox 493 5536 590 5590; x_wconf 79' lang='grc' dir='ltr'><strong>καὶ</strong></span> <span class='ocrx_word' id='word_1_949' title='bbox 617 5530 817 5589; x_wconf 78' lang='grc' dir='ltr'>σωθείς</span> <span class='ocrx_word' id='word_1_950' title='bbox 849 5542 912 5592; x_wconf 89' lang='grc' dir='ltr'><strong>γε</strong></span> <span class='ocrx_word' id='word_1_951' title='bbox 935 5525 996 5577; x_wconf 81' lang='grc' dir='ltr'><strong>οὐ</strong></span> <span class='ocrx_word' id='word_1_952' title='bbox 1028 5524 1087 5576; x_wconf 83' lang='grc' dir='ltr'><strong>τὸ</strong></span> <span class='ocrx_word' id='word_1_953' title='bbox 1119 5521 1290 5590; x_wconf 83' lang='grc' dir='ltr'>σῶμα,</span> <span class='ocrx_word' id='word_1_954' title='bbox 1323 5520 1450 5572; x_wconf 71' lang='grc' dir='ltr'>ἀλλὰ</span> <span class='ocrx_word' id='word_1_955' title='bbox 1476 5520 1569 5591; x_wconf 78' lang='grc' dir='ltr'><strong>τὴν</strong></span> <span class='ocrx_word' id='word_1_956' title='bbox 1595 5521 1701 5591; x_wconf 55' lang='lat' dir='ltr'><strong>diu.</strong></span> 
     </span>
    </p>
   </div>
   <div class='ocr_carea' id='block_1_110' title="bbox 1801 4805 3311 4870">
    <p class='ocr_par' dir='ltr' id='par_1_110' title="bbox 1801 4805 3311 4870">
     <span class='ocr_line' id='line_1_110' title="bbox 1801 4805 3311 4870; baseline 0.001 -10"><span class='ocrx_word' id='word_1_957' title='bbox 1801 4805 2070 4860; x_wconf 82' lang='lat' dir='ltr'><strong>benedixit</strong></span> <span class='ocrx_word' id='word_1_958' title='bbox 2100 4806 2149 4858; x_wconf 91' lang='lat' dir='ltr'><strong>ei</strong></span> <span class='ocrx_word' id='word_1_959' title='bbox 2188 4805 2242 4857; x_wconf 92' lang='lat' dir='ltr'><strong>in</strong></span> <span class='ocrx_word' id='word_1_960' title='bbox 2283 4807 2374 4859; x_wconf 89' lang='lat' dir='ltr'><strong>illo</strong></span> <span class='ocrx_word' id='word_1_961' title='bbox 2416 4808 2553 4870; x_wconf 91' lang='lat' dir='ltr'><strong>loco,</strong></span> <span class='ocrx_word' id='word_1_962' title='bbox 2596 4816 2648 4861; x_wconf 90' lang='lat' dir='ltr'><strong>et</strong></span> <span class='ocrx_word' id='word_1_963' title='bbox 2692 4809 2897 4862; x_wconf 77' lang='lat' dir='ltr'><strong>vocavit</strong></span> <span class='ocrx_word' id='word_1_964' title='bbox 2932 4805 3094 4860; x_wconf 89' lang='lat' dir='ltr'><strong>Iacob</strong></span> <span class='ocrx_word' id='word_1_965' title='bbox 3119 4823 3311 4862; x_wconf 79' lang='lat' dir='ltr'><strong>nomen</strong></span> 
     </span>
    </p>
   </div>
   <div class='ocr_carea' id='block_1_111' title="bbox 1799 4892 3314 4964">
    <p class='ocr_par' dir='ltr' id='par_1_111' title="bbox 1799 4892 3314 4964">
     <span class='ocr_line' id='line_1_111' title="bbox 1799 4892 3314 4964; baseline 0.001 -15"><span class='ocrx_word' id='word_1_966' title='bbox 1799 4895 1903 4949; x_wconf 92' lang='lat' dir='ltr'><strong>loci</strong></span> <span class='ocrx_word' id='word_1_967' title='bbox 1941 4894 2106 4956; x_wconf 88' lang='lat' dir='ltr'><strong>illius,</strong></span> <span class='ocrx_word' id='word_1_968' title='bbox 2139 4892 2368 4960; x_wconf 82' lang='lat' dir='ltr'><strong>Speciem</strong></span> <span class='ocrx_word' id='word_1_969' title='bbox 2410 4895 2526 4949; x_wconf 86' lang='lat' dir='ltr'><strong>Dei.</strong></span> <span class='ocrx_word' id='word_1_970' title='bbox 2557 4896 2756 4964; x_wconf 80' lang='lat' dir='ltr'><strong>Aspexi</strong></span> <span class='ocrx_word' id='word_1_971' title='bbox 2785 4896 2924 4949; x_wconf 92' lang='lat' dir='ltr'><strong>enim</strong></span> <span class='ocrx_word' id='word_1_972' title='bbox 2971 4893 3136 4946; x_wconf 88' lang='lat' dir='ltr'><strong>Deum</strong></span> <span class='ocrx_word' id='word_1_973' title='bbox 3177 4895 3314 4952; x_wconf 87' lang='lat' dir='ltr'><strong>facie</strong></span> 
     </span>
    </p>
   </div>
   <div class='ocr_carea' id='block_1_112' title="bbox 1798 4981 3314 5040">
    <p class='ocr_par' dir='ltr' id='par_1_112' title="bbox 1798 4981 3314 5040">
     <span class='ocr_line' id='line_1_112' title="bbox 1798 4981 3314 5040; baseline 0.001 -2"><span class='ocrx_word' id='word_1_974' title='bbox 1798 4984 1866 5038; x_wconf 89' lang='lat' dir='ltr'><strong>ad</strong></span> <span class='ocrx_word' id='word_1_975' title='bbox 1897 4982 2086 5036; x_wconf 86' lang='lat' dir='ltr'><strong>faciem</strong></span> <span class='ocrx_word' id='word_1_976' title='bbox 2123 5001 2136 5035; x_wconf 91' lang='lat'>:</span> <span class='ocrx_word' id='word_1_977' title='bbox 2178 4990 2230 5036; x_wconf 91' lang='lat' dir='ltr'><strong>et</strong></span> <span class='ocrx_word' id='word_1_978' title='bbox 2257 4991 2465 5036; x_wconf 83' lang='lat' dir='ltr'><strong>servata</strong></span> <span class='ocrx_word' id='word_1_979' title='bbox 2513 4993 2594 5038; x_wconf 89' lang='lat' dir='ltr'><strong>est</strong></span> <span class='ocrx_word' id='word_1_980' title='bbox 2633 4985 2807 5036; x_wconf 91' lang='lat' dir='ltr'><strong>anima</strong></span> <span class='ocrx_word' id='word_1_981' title='bbox 2855 4997 2991 5036; x_wconf 89' lang='lat' dir='ltr'><strong>mea.</strong></span> <span class='ocrx_word' id='word_1_982' title='bbox 3043 4981 3206 5038; x_wconf 87' lang='lat' dir='ltr'><strong>Ortus</strong></span> <span class='ocrx_word' id='word_1_983' title='bbox 3232 4996 3314 5040; x_wconf 87' lang='lat' dir='ltr'><strong>est</strong></span> 
     </span>
    </p>
   </div>
   <div class='ocr_carea' id='block_1_113' title="bbox 870 5663 1692 5736">
    <p class='ocr_par' dir='ltr' id='par_1_113' title="bbox 870 5671 1684 5736">
     <span class='ocr_line' id='line_1_113' title="bbox 870 5671 1684 5736; baseline 0.027 -29"><span class='ocrx_word' id='word_1_984' title='bbox 870 5675 914 5707; x_wconf 73' lang='grc' dir='ltr'><strong>ω</strong></span> <span class='ocrx_word' id='word_1_985' title='bbox 945 5673 1072 5726; x_wconf 67' lang='lat' dir='ltr'><strong>ibid.</strong></span> <span class='ocrx_word' id='word_1_986' title='bbox 1111 5671 1188 5736; x_wconf 71' lang='grc'><strong>12,</strong></span> <span class='ocrx_word' id='word_1_987' title='bbox 1218 5673 1304 5728; x_wconf 77' lang='grc'><strong>15.</strong></span> <span class='ocrx_word' id='word_1_988' title='bbox 1333 5671 1374 5703; x_wconf 73' lang='grc'><strong>³⁸</strong></span> <span class='ocrx_word' id='word_1_989' title='bbox 1402 5671 1497 5726; x_wconf 89' lang='lat' dir='ltr'><strong>lsa.</strong></span> <span class='ocrx_word' id='word_1_990' title='bbox 1521 5685 1593 5736; x_wconf 77' lang='lat' dir='ltr'><strong>Ix,</strong></span> <span class='ocrx_word' id='word_1_991' title='bbox 1631 5673 1684 5729; x_wconf 88' lang='lat'>6.</span> 
     </span>
    </p>
   </div>
   <div class='ocr_carea' id='block_1_114' title="bbox 1798 5663 3065 5736">
    <p class='ocr_par' dir='ltr' id='par_1_114' title="bbox 1798 5663 3065 5734">
     <span class='ocr_line' id='line_1_114' title="bbox 1798 5663 3065 5734; baseline -0.009 -5"><span class='ocrx_word' id='word_1_992' title='bbox 1798 5678 1800 5703; x_wconf 65' lang='grc' dir='ltr'><strong>ί</strong></span> <span class='ocrx_word' id='word_1_993' title='bbox 1832 5672 1959 5728; x_wconf 87' lang='lat' dir='ltr'><strong>Gen.</strong></span> <span class='ocrx_word' id='word_1_994' title='bbox 1994 5684 2162 5734; x_wconf 73' lang='lat' dir='ltr'><strong>xxxii,</strong></span> <span class='ocrx_word' id='word_1_995' title='bbox 2196 5667 2386 5726; x_wconf 71' lang='lat'><strong>22-31.</strong></span> <span class='ocrx_word' id='word_1_996' title='bbox 2490 5673 2534 5706; x_wconf 82' lang='grc'><strong>⁵⁸</strong></span> <span class='ocrx_word' id='word_1_997' title='bbox 2560 5670 2727 5726; x_wconf 87' lang='lat' dir='ltr'><strong>Exod.</strong></span> <span class='ocrx_word' id='word_1_998' title='bbox 2762 5680 2954 5730; x_wconf 75' lang='lat' dir='ltr'><strong>xxx“,</strong></span> <span class='ocrx_word' id='word_1_999' title='bbox 2977 5663 3065 5718; x_wconf 71' lang='lat'><strong>20.</strong></span> 
     </span>
    </p>
   </div>
   <div class='ocr_carea' id='block_1_115' title="bbox 260 5675 769 5748">
    <p class='ocr_par' dir='ltr' id='par_1_115' title="bbox 260 5675 769 5748">
     <span class='ocr_line' id='line_1_115' title="bbox 260 5675 769 5748; baseline -0.018 -2"><span class='ocrx_word' id='word_1_1000' title='bbox 260 5675 294 5712; x_wconf 77' lang='grc'><strong>⁸⁹</strong></span> <span class='ocrx_word' id='word_1_1001' title='bbox 317 5692 445 5748; x_wconf 84' lang='lat' dir='ltr'><strong>Gen.</strong></span> <span class='ocrx_word' id='word_1_1002' title='bbox 481 5699 643 5748; x_wconf 75' lang='lat' dir='ltr'><strong>xxxx,</strong></span> <span class='ocrx_word' id='word_1_1003' title='bbox 680 5679 769 5732; x_wconf 81' lang='lat' dir='ltr'><strong>H-</strong></span> 
     </span>
    </p>
   </div>
   <div class='ocr_carea' id='block_1_116' title="bbox 1802 5507 3420 5590">
    <p class='ocr_par' dir='ltr' id='par_1_116' title="bbox 1802 5507 3420 5590">
     <span class='ocr_line' id='line_1_116' title="bbox 1802 5507 3420 5590; baseline -0.009 -13"><span class='ocrx_word' id='word_1_1004' title='bbox 1802 5520 2113 5590; x_wconf 85' lang='lat' dir='ltr'><strong>dignitatem</strong></span> <span class='ocrx_word' id='word_1_1005' title='bbox 2145 5525 2448 5585; x_wconf 90' lang='lat' dir='ltr'><strong>assumptus</strong></span> <span class='ocrx_word' id='word_1_1006' title='bbox 2473 5526 2574 5582; x_wconf 90' lang='lat' dir='ltr'><strong>est,</strong></span> <span class='ocrx_word' id='word_1_1007' title='bbox 2608 5532 2724 5588; x_wconf 69' lang='lat' dir='ltr'><strong>quae</strong></span> <span class='ocrx_word' id='word_1_1008' title='bbox 2745 5531 2877 5571; x_wconf 88' lang='lat' dir='ltr'><strong>sane</strong></span> <span class='ocrx_word' id='word_1_1009' title='bbox 2909 5512 3196 5583; x_wconf 84' lang='lat' dir='ltr'><strong>appellatio</strong></span> <span class='ocrx_word' id='word_1_1010' title='bbox 3217 5507 3333 5564; x_wconf 65' lang='lat' dir='ltr'><strong>ani-</strong></span> <span class='ocrx_word' id='word_1_1011' title='bbox 3411 5515 3420 5524; x_wconf 85' lang='lat'><strong>&#39;</strong></span> 
     </span>
    </p>
   </div>
  </div>
