3738 6318
877 381 982 440 587

1511 375 1779 431 'EUSEBII
1813 376 2276 430 CESARIENSIS
2312 375 2458 430 OPP.
2479 372 2656 427 PARS
2692 371 2865 424 l|.'-—
2898 362 3334 422 APOLOGE'

882 506 1084 549 marum
1119 488 1450 558 cognominis
1473 495 1592 542 est:
1627 487 1889 555 siquidem
1922 487 2096 555 ipsum
2127 485 2290 540 Israel
2312 502 2358 539 ne

1857 501 1889 539 n
1922 487 2096 555 ipsum
2127 485 2290 540 Israel
2312 501 2406 539 no-
2433 507 2480 560 Α
2507 481 2623 552 χὴν,
2655 481 2750 550 τῆς
2798 481 2886 533 ἐπὶ
2914 481 3002 531 τὸν
3053 475 3333 545 Ἰσραῆ

883 597 1024 642 men,
1088 580 1132 632 si
1189 578 1578 646 interpreteris,
1626 577 1872 630 videntem
1915 576 2078 629 Deum
2124 577 2404 645 signiﬁcat.

883 669 996 722 Non
1028 667 1189 735 igitur
1210 674 1413 734 patrem
1439 665 1603 719 Deum
1625 663 1776 725 vidit,
1797 664 1890 718 sed
1915 663 2079 717 Deum
2102 663 2285 727 filium,
2313 681 2408 718 cu-

879 759 968 827 jus
996 757 1156 811 etiam
1188 755 1457 809 curiosius
1491 756 1898 823 appellationem
1931 755 2187 822 quaerenti
2219 754 2404 818 Jacob,

882 848 1117 903 nondum
1152 855 1268 901 crat
1303 845 1611 900 enuntiandi
1657 854 1864 912 tempus
1913 862 1926 898 :
1975 845 2116 912 quod
2143 845 2188 898 si
2223 859 2407 913 quem-

882 938 1023 1007 piam
1053 951 1117 991 ex
1164 937 1389 1006 angelis,
1420 944 1512 988 aut
1556 950 1622 988 ex
1666 936 1751 1000 iis,
1785 935 1875 1003 qui
1912 936 2104 988 coelum
2145 935 2406 1000 incolunt,

882 1028 1080 1082 divinis
1108 1027 1406 1096 Spiritibus,
1438 1041 1559 1080 eum
1595 1029 1686 1096 qui
1723 1026 1924 1080 sanctis
1976 1027 2191 1078 oracula
2247 1027 2408 1080 mini-

884 1119 1089 1172 strabat
1139 1117 1332 1186 aliquis
1370 1117 1672 1185 suspicetur
1718 1131 1857 1178 esse,
1903 1117 2057 1183 plane
2094 1115 2356 1183 decipitur
2391 1134 2404 1170 :

884 1206 986 1260 hoc
1014 1221 1076 1260 ex
1109 1207 1222 1274 ipso
1256 1209 1532 1275 probatur,
1564 1205 1703 1274 quod
1731 1205 1816 1257 hic
1863 1205 1976 1272 ipse
2001 1204 2065 1259 de
2095 1219 2201 1273 quo
2237 1205 2410 1274 loqui-

885 1311 1027 1359 mur,
1075 1306 1127 1350 et
1160 1296 1367 1349 Domini
1401 1304 1453 1350 et
1501 1295 1595 1350 Dei
1627 1295 1980 1364 appellatione
2023 1307 2361 1364 nuncupatur
2391 1315 2405 1349 :

885 1385 1082 1438 etenim
1113 1389 1166 1438 et
1197 1384 1357 1438 Deum
1390 1385 1562 1452 ipsum
1610 1384 1789 1438 divina
1821 1384 2098 1452 Scriptura
2130 1384 2288 1452 plane
2315 1397 2410 1436 vo-

887 1475 1038 1538 citat,
1074 1480 1126 1528 et
1155 1473 1436 1528 Dominum
1464 1475 1586 1528 item
1620 1475 1866 1543 appellat,
1903 1474 2019 1541 ejus
2052 1474 2282 1528 nominis
2313 1474 2412 1528 ho-

885 1573 1070 1612 norem
1097 1560 1173 1612 illi
1214 1560 1475 1625 tribuens,
1521 1561 1661 1630 quod
1703 1562 1841 1630 apud
1892 1560 2140 1615 Hebrazos
2181 1569 2412 1630 quatuor

889 1650 1082 1705 litteris
1107 1659 1344 1715 notatur,
1370 1652 1512 1721 quod
1555 1667 1684 1706 sane
1717 1652 1770 1705 in
1806 1667 1910 1706 una
1950 1651 2201 1705 ineﬂabili
2253 1659 2412 1721 atque

890 1740 944 1792 in
998 1741 1369 1794 inenuntiabili
1424 1741 1514 1796 Dei
1573 1742 1922 1812 appellatione
1969 1757 2200 1811 ponere,
2260 1743 2413 1812 pueri

2512 570 2750 642 ρωνύμου
2802 567 2981 638 ψυχῶν
3024 581 3334 636 προσηγ

2507 662 2728 727 ὁρῶντα
2756 659 2898 711 Θεὸν
2923 657 2980 709 τὸ
3011 654 3324 725 Ἰσραὴλ

2509 752 2598 804 ἐπὶ
2625 750 2834 802 πάντων
2865 748 2992 800 Θεὸν
3019 748 3103 798 ἐώ
3117 761 3256 816 ραο
3307 744 3334 794 (Ξ

2509 857 2655 902 πτος,
2677 841 2767 891 καὶ
2794 836 3038 908 οὐδαμῶς
3072 837 3171 889 ἂν
3210 836 3334 895 εἰς

2510 947 2604 999 σης
2641 928 2713 982 ὢν
2758 928 3013 980 ἀνωτάτω
3047 925 3328 985 οὐσίας

2509 1018 2897 1091 πραγμονοῦντι
2928 1016 3146 1086 καιρός
3200 1031 3334 1065 πω

2507 1109 2600 1180 τὴν
2633 1107 3011 1178 προσηγορίαν.
3034 1107 3110 1157 Εἰ
3160 1103 3249 1156 δὲ
3289 1103 3334 1155 d

2511 1199 2663 1270 ρανὸν
2687 1198 2838 1250 θείων
2859 1197 3270 1265 πνευμάτων,
3301 1211 3334 1244 τ

2507 1289 2898 1359 διακονούμενον
2925 1287 3241 1339 ὑπολάϐοι
3291 1303 3334 1336 τ

2507 1380 2660 1434 τοῦτο
2692 1381 2786 1450 μὲν
2808 1379 2913 1432 ἀπὸ
2943 1378 3037 1430 τοῦ
3075 1376 3334 1446 κυριο)

2508 1470 2595 1522 τὸν
2625 1468 2939 1538 δηλούμενον
2959 1483 2972 1495 '
3010 1467 3116 1518 καὶ⁹
3161 1464 3325 1532 γὰρ

2511 1559 2583 1628 φὴ
2615 1558 2899 1629 διαρῤήδην
2932 1554 3333 1626 ἀναγορεύει.

2509 1649 2594 1702 διὰ
2640 1648 2745 1700 τῶν
2787 1648 3066 1717 τεσσάρων
3103 1645 3292 1714 παρ’

2515 1736 2728 1808 μειώσει
2753 1736 2980 1806 τιμῶσα,
3017 1736 3089 1804 ἣν
3115 1735 3249 1787 ἐπὶ
3301 1749 3334 1802 ρ

889 1826 1229 1882 Hebraeorum
1257 1838 1651 1884 consueverunt
1681 1849 1693 1883 :
1729 1831 1981 1899 probatur
2019 1831 2178 1884 etiam
2229 1846 2290 1884 ex
2325 1847 2365 1885 ες

1857 1837 1981 1883 tatur
2019 1831 2178 1884 etiam
2229 1846 2290 1884 ex
2325 1846 2409 1894 eo,
2442 1834 2485 1889 B
2513 1827 2743 1896 ἀρρήτου
2778 1824 3162 1894 προσηγορίας
3207 1822 3333 1889 τῆς

888 1918 1031 1987 quod
1067 1919 1389 1989 ubicumque
1420 1918 1694 1989 Scriptura
1725 1921 1938 1989 angelos
1986 1921 2250 1990 appellare
2277 1921 2408 1984 vult,

888 2017 1067 2078 aperte
1084 2010 1182 2064 hoc
1204 2011 1348 2075 facit,
1375 2012 1693 2081 angelosque
1722 2012 1970 2066 distincte
1997 2011 2279 2080 significat.
2299 2011 2411 2065 Sic-

892 2107 950 2152 ut
1004 2113 1096 2154 eos
1136 2099 1228 2167 qui
1277 2100 1330 2152 in
1381 2099 1628 2153 Sodomis
1669 2107 1842 2162 erant,
1875 2115 1996 2153 cum
2027 2099 2172 2168 impii
2211 2108 2408 2163 essent,

889 2191 937 2244 is
964 2191 1054 2258 qui
1083 2190 1309 2243 Abrahae
1340 2190 1686 2259 responderat
1714 2189 1855 2245 Deus
1894 2205 1956 2245 ac
2002 2190 2278 2253 Dominus,
2311 2205 2410 2245 suo

888 2279 1117 2332 adventu
1157 2279 1462 2347 neutiquam
1512 2279 1703 2348 dignos
1743 2277 1918 2342 eﬂicit,
1967 2277 2411 2346 quemadmodum

891 2385 1078 2424 rursus
1124 2369 1252 2422 dicit
1286 2367 1561 2438 Scriptura
1600 2368 1779 2422 divina
1812 2386 1826 2422 :
1867 2385 1884 2416 ι
1920 2366 2173 2422 Dominus
2200 2368 2410 2433 quidem

890 2460 1041 2522 abiit,
1076 2468 1356 2529 postquam
1385 2459 1544 2512 desiit
1592 2459 1736 2526 loqui
1791 2472 1911 2511 cum
1957 2457 2244 2510 Abraham.
2298 2455 2412 2510 Duo

890 2564 1018 2602 vero
1045 2549 1214 2617 angeli
1272 2547 1502 2602 Sodoma
1535 2547 1778 2599 abierunt
1822 2543 2030 2613 vesperi
2087 2545 2153 2596 ⁸⁷.
2207 2562 2225 2594 ι
2281 2541 2412 2597 ltem

892 2639 995 2708 ipsi
1016 2637 1181 2691 Jacob
1211 2656 1228 2688 ι
1266 2638 1476 2690 obviam
1514 2642 1770 2690 venerunt
1798 2635 1970 2703 angeli
2020 2632 2133 2686 Dei.
2183 2632 2247 2684 Et
2290 2648 2411 2686 cum

891 2725 1113 2778 vidisset
1155 2724 1307 2786 dixit,
1339 2723 1526 2776 Castra
1553 2720 1646 2774 Dei
1677 2720 1809 2782 haec,
1863 2727 1917 2772 et
1960 2719 2167 2772 vocavit
2218 2733 2413 2772 nome‘i

894 2816 996 2869 loci
1042 2813 1207 2877 illius,
1257 2812 1447 2865 Castra
1472 2811 1536 2863 ⁵⁸.
1577 2829 1595 2862 ι
1628 2807 1716 2862 Sic
1745 2823 1874 2862 sane
1905 2807 1994 2860 Dei
2023 2807 2227 2861 amicus
2254 2807 2414 2861 visio-

892 2921 988 2960 nes
1017 2904 1351 2958 discernebat
1378 2921 1389 2955 :
1424 2899 1647 2970 proinde
1673 2915 1816 2953 nunc
1846 2898 2061 2968 quidem
2086 2913 2277 2952 nomen
2310 2898 2413 2952 loci

892 2995 1077 3049 Castra
1109 2993 1359 3061 appellat,
1389 3007 1452 3044 ex
1482 3006 1544 3044 eo
1573 2989 1716 3060 quod
1747 2990 1855 3044 illic
1882 2989 2192 3060 angelorum
2237 2998 2412 3044 castra

893 3085 1100 3141 viderit.
1132 3084 1234 3138 Ubi
1265 3091 1439 3137 autem
1477 3097 1599 3136 cum
1648 3080 1763 3149 ipso
1815 3079 1922 3134 Deo
1971 3079 2224 3150 loquitur,
2259 3087 2434 3134 vocat‘

893 3191 1086 3230 nomen
1112 3174 1235 3238 loci,
1270 3173 1506 3241 Speciem
1533 3171 1645 3238 Dei,
1694 3171 1777 3225 his
1802 3172 1979 3225 verbis
2016 3190 2028 3224 :
2069 3189 2087 3222 ι
2123 3170 2244 3224 Vidi
2273 3173 2411 3225 mim

897 3269 1060 3320 Deum
1093 3265 1228 3319 facie
1250 3265 1316 3318 ad
1350 3263 1557 3319 faciem.
1591 3283 1608 3313 ι
1643 3263 1781 3328 Quin
1807 3271 1859 3316 et
1886 3261 2016 3316 Mosi
2065 3264 2277 3331 quoties
2325 3277 2418 3332 ap-

897 3364 1046 3425 paret
1061 3356 1300 3424 angelus,
1329 3354 1620 3422 hocipsum
1634 3353 1810 3406 divina
1839 3350 2113 3421 Scriptura
2136 3352 2414 3422 significat,

894 3449 1082 3504 dicens
1132 3465 1144 3500 :
1182 3445 1342 3515 238
1368 3462 1386 3495 ι
1415 3444 1673 3513 Apparuit
1713 3457 1838 3497 vero
1865 3442 1941 3495 illi
1967 3443 2184 3512 angelus
2211 3443 2416 3497 Domini

897 3538 953 3591 in
976 3535 1184 3590 ﬂamma
1214 3536 1350 3605 ignis
1378 3534 1496 3588 rubi
1515 3534 1582 3587 ".
1621 3552 1640 3584 ι
1667 3532 1886 3598 Quoties
1917 3547 2042 3588 vero
2070 3535 2116 3587 is
2140 3534 2228 3602 qui
2250 3534 2339 3601 jus
2365 3540 2419 3588 et

897 3633 1213 3698 potestatem
1243 3625 1422 3688 habet,
1455 3625 1570 3692 ipse
1601 3623 1788 3693 utique
1838 3623 2174 3677 oraculorum
2224 3631 2278 3677 et
2332 3638 2418 3678 re-

901 3730 1219 3787 sponsorum
1246 3721 1455 3776 auetor,
1484 3714 1559 3767 ita
1598 3714 1700 3767 hoc
1726 3713 1944 3783 planum
1974 3712 2122 3774 facit,
2165 3721 2222 3766 ut
2270 3712 2418 3766 illum

899 3815 955 3861 et
975 3807 1252 3861 Dominum
1280 3812 1332 3858 et
1359 3804 1545 3867 Deum,
1577 3817 1837 3872 nusquam
1882 3817 2009 3857 vero
2051 3803 2292 3872 angelum
2323 3818 2421 3856 no-

901 3894 1088 3948 minet.
1135 3892 1306 3946 Simili
1338 3893 1545 3947 ratione
1594 3893 1753 3946 etiam
1787 3891 1844 3944 in
1875 3891 2008 3945 mari
2051 3890 2232 3946 Rubro
2264 3893 2420 3960 plane

901 3983 1146 4052 angelum
1175 3981 1561 4050 Dominumque
1576 3981 1872 4050 distinguit,
1896 3979 1986 4034 ubi
2015 3981 2089 4033 ait
2121 3999 2133 4033 :
2171 3999 2189 4031 ι
2230 3978 2420 4034 Sustu-

905 4073 1069 4140 litque
1097 4084 1155 4124 se
1186 4069 1403 4136 angelus
1430 4066 1524 4122 Dei
1549 4068 1639 4137 qui
1669 4065 1971 4120 ambulabat
2000 4072 2124 4119 ante
2151 4074 2328 4120 castra
2357 4065 2418 4118 li-

903 4165 1099 4217 liorum
1128 4159 1314 4220 Israel,
1358 4167 1410 4211 et
1441 4158 1571 4211 abiit
1616 4165 1735 4226 post
1763 4171 1874 4211 eos.
1906 4154 2133 4210 Sustulit
2162 4163 2335 4209 autem
2363 4171 2421 4208 se

903 4253 1063 4308 etiam
1095 4251 1344 4304 columna
1372 4248 1528 4303 nubis
1556 4263 1586 4301 a
1619 4248 1755 4301 facie
1785 4261 1970 4301 eorum
1995 4246 2059 4299 ⁸ο.
2103 4265 2122 4297 ι
2157 4244 2421 4310 Quemad-

904 4341 1122 4396 modum
1169 4339 1224 4392 in
1255 4338 1617 4407 superioribus
1658 4336 1914 4390 Dominus
1970 4333 2139 4388 forma
2189 4335 2419 4390 hominis

903 4429 1231 4500 respondens
1273 4426 1506 4494 antiquis
1555 4426 1857 4488 inducitur,
1908 4426 1986 4478 sic
2023 4426 2124 4479 hoc
2167 4426 2284 4480 loco
2326 4441 2420 4494 per
2449 4465 2497 4522 Β

903 4521 1136 4576 nubem:
1168 4519 1344 4587 itaque
1373 4517 1622 4584 deinceps
1649 4515 1810 4568 verba
1856 4514 1934 4569 sic
1962 4515 2156 4569 habent
2190 4535 2202 4570 :
2250 4533 2268 4565 ι
2321 4515 2421 4568 Fa-

905 4619 1053 4666 ctum
1080 4617 1162 4664 est
1186 4615 1361 4662 autem
1386 4609 1440 4660 in
1463 4607 1640 4675 vigilia
1669 4605 1951 4670 matutina,
1983 4613 2036 4660 et
2063 4606 2295 4674 respexit
2318 4604 2423 4659 Do-

907 4701 1086 4755 minus
1116 4700 1171 4752 in
1207 4703 1383 4752 castra
1411 4695 1778 4765 [Egyptiorum
1807 4694 1862 4747 in
1893 4695 2141 4748 columna
2164 4695 2340 4759 nubis,
2371 4702 2424 4748 et

908 4805 1001 4858 per
1050 4795 1216 4844 totam
1250 4785 1447 4840 deserti
1493 4784 1760 4853 regionem
1811 4783 1866 4836 in
1915 4785 2161 4838 columna
2205 4799 2296 4853 per
2324 4798 2426 4837 nu-

908 4881 1028 4934 bern
1057 4881 1124 4944 “,
1157 4897 1176 4929 ι
1217 4877 1356 4930 Deus
1391 4874 1523 4930 Mosi
1561 4874 1867 4944 respondet.
1896 4873 2061 4931 Plane
2104 4876 2264 4945 igitur
2293 4891 2425 4944 quo-

909 4969 1008 5022 ties
1030 4969 1201 5037 angeli
1230 4975 1475 5021 naturam
1504 4965 1675 5019 oratio
1723 4964 2022 5035 signiﬁcare
2072 4967 2206 5030 vult,
2252 4981 2424 5034 neque

913 5053 1095 5115 Deum.
1136 5051 1308 5125 neque
1356 5054 1658 5120 Dominum,
1690 5056 1782 5110 sed
1809 5056 2008 5127 absque
2043 5058 2149 5111 ulla
2180 5055 2422 5110 obscuri-

915 5146 1020 5191 tate
1063 5144 1302 5210 angelum
1337 5143 1617 5198 nominat:
1661 5143 1869 5212 quoties
1909 5159 2034 5198 vero
2067 5143 2344 5197 Dominum
2371 5146 2424 5192 et

920 5229 1102 5290 Deum,
1130 5246 1249 5282 eum
1277 5234 1367 5301 qui
1404 5244 1626 5306 apparet
1655 5236 1920 5305 intelligit,
1975 5235 2059 5287 his
2091 5231 2219 5300 ipsis
2250 5229 2426 5297 palam

918 5317 1085 5370 utitur
1139 5318 1516 5380 locutionibus.
1574 5327 1727 5391 Quod
1762 5340 1888 5381 vero
1919 5323 2196 5376 Dominum
2235 5317 2427 5371 Deum-

917 5421 1022 5480 que
1051 5421 1152 5460 non
1180 5422 1298 5460 eum
1335 5411 1591 5481 signiticet
1611 5417 1700 5484 qui
1729 5425 1878 5486 pater
1901 5422 2001 5478 est,
2032 5413 2158 5480 ipsa:
2190 5408 2430 5476 Scriptu-

1011 5655 1053 5686 "
1086 5652 1214 5709 Gen.
1249 5672 1398 5722 xvm,
1431 5661 1522 5730 33;
1562 5673 1672 5726 tux,
1706 5661 1753 5714 l.

1857 5661 1900 5695 ιε
1929 5657 2059 5715 Gen.
2102 5668 2268 5717 χχιιι,
2301 5649 2349 5714 Ι,
2386 5646 2439 5702 ‘2.
2516 5644 2558 5680 ⁸⁸
2596 5644 2761 5702 Exod.
2799 5666 2881 5718 ιιι,
2911 5651 2966 5705 2.

2509 1915 2595 1977 δες
2631 1913 2885 1983 Ἑϐραίων
2910 1911 3144 1963 εἰώθασι
3173 1928 3192 1940 ·
3231 1910 3334 1961 τοί

2512 2006 2690 2074 σαφῶς
2721 2003 2987 2074 διορίζειν,
3021 2004 3118 2055 ὅτε
3174 2002 3264 2071 δὴ

2509 2096 2682 2164 λόγος,
2715 2095 2896 2165 ὥσπερ
2927 2094 3055 2155 τοὺς
3087 2095 3156 2146 ἐν
3203 2091 3334 2143 Σοδ

2509 2186 2584 2256 τῷ
2618 2186 2858 2255 Ἀϐραὰμ
2880 2181 3279 2254 χρηματίζων
3312 2182 3334 2233 ε

2511 2278 2802 2347 παρουσίας
2836 2276 3087 2346 οὐδαμῶς
3117 2275 3322 2339 ἀξιοῖ,

2509 2385 2619 2436 γει·
2660 2369 2756 2420 «Ὀ
2798 2368 2895 2437 μὲν
2935 2368 3153 2436 Κύριος
3197 2366 3334 2432 ἀπῗ

2509 2457 2584 2527 τῷ
2617 2457 2890 2528 Ἀϐραάμ’
2933 2458 2984 2509 οἱ
3027 2457 3088 2508 δὲ
3123 2457 3240 2508 δύο
3281 2455 3334 2508 ἄ·

2510 2545 2758 2614 ἑσπέρας.
2774 2563 2791 2592 ι
2808 2544 2914 2595 Καὶ
2925 2543 3001 2612 τῷ
3016 2543 3242 2597 Ἰακὼὸ
3264 2543 3334 2596 δὲ

2510 2631 2617 2682 Καὶ
2651 2629 2770 2681 ἰδὼν
2831 2626 2971 2691 εἶπε,
3019 2631 3334 2700 Παρεμϐοζ

2510 2719 2628 2771 λεσε
2650 2719 2710 2772 τὸ
2735 2719 2902 2787 ὄνομα
2928 2718 3020 2771 τοῦ
3040 2719 3334 2773 τόπουέὲκ

2509 2810 2566 2863 δὲ
2590 2811 2620 2863 ό
2645 2807 2889 2877 θεοφιλὴς
2913 2803 2970 2860 εὖ
2992 2808 3258 2880 διέκρινε
3286 2829 3334 2862 τι

2510 2898 2567 2951 τὸ
2597 2897 2761 2968 ὄνομα
2790 2898 2882 2949 τοῦ
2915 2898 3081 2949 τόπου
3109 2916 3334 2968 παρεμ

2511 2987 2805 3056 ἀγγελικᾶω
2835 3004 2909 3039 πα
2918 3005 2974 3057 ρε
2982 2988 3216 3057 μϐολῶν
3257 2989 3334 3040 θέ‹

2511 3078 2699 3150 ομιλεῖ,
2725 3078 2875 3131 καλεῖ
2889 3079 2948 3130 τὸ
2967 3079 3141 3149 ὄνομα.
3165 3079 3275 3133 τοῦ
3304 3098 3334 3132 τ

2520 3190 2537 3221 ι
2568 3166 2715 3223 Εἶδον
2745 3169 2850 3242 γὰρ
2879 3170 3008 3222 Θεὸν
3038 3172 3332 3240 πρόσωπο

2515 3261 2604 3314 καὶ
2641 3260 2717 3329 τῷ
2752 3261 2956 3323 Μωσεῖ,
2997 3262 3070 3314 ὅτ’
3097 3263 3333 3332 ἄγγελοι

2515 3353 2603 3403 καὶ
2631 3351 2662 3420 ἡ
2683 3350 2799 3402 θεία
2826 3350 3012 3421 Γραφὴ
3037 3354 3334 3423 σημαίνει,

2513 3441 2662 3509 γελος
2704 3441 2904 3510 Κυρίου
2944 3442 3090 3511 αὐτῷ
3139 3448 3205 3498 ἐν
3246 3446 3334 3513 φλι

2514 3531 2600 3583 τὸν
2627 3530 2900 3601 αὐθέντην,
2932 3533 3088 3585 αὐτὸν
3117 3535 3192 3605 δὴ
3219 3535 3319 3587 τὸν

2516 3621 2608 3673 καὶ
2638 3619 2854 3691 Κύριον,
2895 3621 3027 3673 ἀλλὰ
3071 3623 3269 3676 οὐκέτι
3316 3627 3334 3677 ἐ

2517 3711 2608 3762 καὶ
2652 3710 2742 3762 ἐπὶ
2789 3711 2883 3780 τῆς
2920 3710 3193 3782 Ἐρυθρᾶς
3223 3713 3330 3765 θαλ

2515 3800 2734 3867 ἄγγελον
2757 3801 2846 3852 καὶ
2877 3801 2966 3852 τὸν
3001 3802 3233 3871 Κύριον,
3269 3803 3334 3855 δι’

2517 3890 2736 3956 ἄγγελος
2763 3890 2854 3941 τοῦ
2886 3890 3018 3942 Θευῦ
3048 3894 3074 3944 ὁ
3103 3909 3333 3965 προπορ

2515 3980 2620 4031 τῶν
2650 3979 2777 4031 υἱῶν
2808 3981 3038 4052 Ἰσραὴλ,
3075 3985 3173 4036 καὶ
3207 3986 3334 4054 tm;

2516 4070 2639 4122 τῶν.
2658 4071 2841 4140 Ἑξῆρε
2867 4071 2920 4124 δὲ
2953 4075 3043 4124 καὶ
3069 4075 3095 4124 ὁ
3125 4075 3326 4138 στῦλος

2518 4175 2617 4209 που
2653 4159 2846 4210 αὐτῶν.
2878 4160 3106 4230 »Ὥσπερ
3140 4163 3198 4216 δὲ
3222 4165 3315 4214 ἐπὶ

2517 4265 2616 4299 που
2646 4249 2875 4318 σχήματι
2901 4252 3008 4312 τοῖς
3037 4251 3285 4315 παλαιοῖς
3317 4256 3334 4305 ἐ

2517 4337 2695 4406 ἦκται,
2738 4337 2874 4389 οὕτω
2901 4341 2991 4391 καὶ
3019 4341 3246 4396 ἐνταῦθα
3284 4343 3330 4394 δι

2518 4427 2643 4494 γοῦν
2687 4426 2840 4496 ἐξῆςο
2874 4447 2891 4478 ι
2915 4431 3168 4502 Ἐγενήθη
3210 4434 3265 4486 δὲ
3309 4435 3333 4483 ὲ

2521 4518 2611 4569 καὶ
2656 4517 2912 4585 ὲπέόλεῲε
2961 4519 3154 4588 Κύριος
3190 4525 3267 4584 εἰς
3300 4541 3327 4573 τ

2521 4609 2757 4674 γυπτίων
2789 4610 2843 4659 ὲν
2869 4609 3039 4679 στόλῳ
3080 4615 3244 4685 πυρὸς
3282 4631 3334 4665 κο

2521 4698 2620 4765 τῆς
2649 4699 2848 4767 ἐρήμου
2892 4700 2948 4752 ἐν
2979 4702 3142 4774 στύλῳ
3183 4707 3276 4775 τῆς
3305 4723 3330 4755 ν

2526 4791 2607 4840 σεῖ
2630 4787 2992 4856 χρηματίζων.
3029 4792 3280 4864 Ἀκριὸῶς
3314 4797 3334 4846 ὅ

2528 4897 2608 4931 σιν
2632 4881 2659 4930 ὁ
2682 4879 2833 4946 λόγος
2855 4881 3044 4950 δηλοῦν
3069 4884 3316 4953 βούλεται,

2527 4986 2656 5040 ριον,
2682 4970 2794 5022 ἀλλ’
2826 4973 3250 5040 ἁνεπικαλύπτως
3291 4977 3334 5028 ἂι

2526 5061 2720 5130 Κύριον
2746 5063 2837 5115 καὶ
2867 5063 2995 5117 Θεὸν
3017 5064 3113 5119 οἶδε
3148 5070 3231 5122 τὸν
3250 5071 3330 5119 ἐπι

2525 5153 2641 5212 ταῖς
2671 5151 2852 5220 σαφῶς
2874 5156 3116 5228 κέχρηται
3143 5162 3249 5221 ταῖς
3275 5173 3334 5225 πρ

2525 5241 2652 5294 Θεὸν
2675 5243 2755 5295 ὅτι
2784 5245 2856 5316 μὴ
2883 5246 2972 5298 τὸν
2996 5250 3146 5302 αἴτιον
3165 5250 3312 5320 δηλοῖ,

2528 5330 2673 5396 θείας
2701 5335 2921 5405 Γραφῆς
2963 5340 3014 5389 αἱ
3052 5338 3216 5402 λέξεις,
3246 5337 3334 5404 dii

2527 5421 2616 5474 τὸν
2638 5425 2727 5477 ἐπὶ
2743 5426 2835 5478 τοῦ
2864 5427 3050 5480 Ἰακὼϐ
3068 5429 3238 5498 Κύριον
3261 5428 3334 5480 καί

3067 5650 3105 5682 ⁸⁸
3126 5647 3266 5704 Exod.
3295 5659 3334 5697 XI
