3738 6304
105 358 190 415 339
974 372 1600 462 DEMUNSTMTIONIS
1637 366 2072 429 EVANGELICA‘.
2112 368 2246 429 LIB.
2289 374 2352 430 v.
2405 364 2420 377 ‘
3145 389 3246 446 390

106 474 329 528 Λείπεταί
351 493 434 539 τις
475 479 588 546 ἄρα
626 481 708 534 ὢν
742 485 802 537 ὲν
830 487 941 550 τοῖς
984 485 1101 543 οὖσι
1131 490 1259 554 Θεὸς
1304 492 1403 554 καὶ,
1439 491 1596 561 Κύριε

1701 543 1704 549 ,
1728 505 1801 545 rae
1830 489 2022 545 divinae
2052 486 2351 547 locutiones
2378 492 2433 546 in
2465 493 2825 562 superioribus
2850 500 3245 558 evidentissima

107 566 216 664 μετὰ
253 565 338 618 τὸν
371 567 731 636 ωμϐασιλέα
778 576 870 627 καὶ
907 576 1038 630 Θεὸν
1066 580 1170 633 τῶν
1192 581 1350 633 ὃλων’
1374 580 1456 650 εἴη
1483 581 1526 633 δ’

1714 581 2015 642 ostendunt,
2062 578 2151 632 ubi
2198 583 2440 651 angelum
2490 581 2582 637 Dei
2625 588 2883 654 appellant
2931 607 3072 658 eum,
3119 594 3214 664 qui

105 649 226 717 οὗτος
253 658 280 708 6
307 656 409 725 πρὸ
434 657 654 714 αίώνων
682 665 786 718 τοῦ
812 667 943 719 Θεοῦ
975 669 1160 737 Λόγος,
1198 673 1225 722 6
1251 649 1502 740 κρείττων

1721 686 1842 725 cum
1869 671 1934 724 de
1959 668 2122 723 Jacob
2154 685 2332 725 sermo
2358 680 2520 736 esset,
2566 671 2822 732 Dominus
2861 690 2913 734 et
2966 682 3107 739 Deus
3136 649 3240 739 'est

104 743 274 812 ῆπᾶσα
297 743 557 817 ἀγγελικὴ
584 747 781 817 φύσις,
813 754 978 823 μείων
1011 757 1067 808 δὲ
1094 755 1127 826 ἢ
1157 757 1292 810 κατὰ
1325 755 1384 809 τὸ
1415 757 1596 827 πρῶτα

1731 762 2056 815 nominatus.
2093 759 2348 830 Superest
2372 763 2534 833 igitur
2563 772 2621 818 ut
2649 780 2965 835 quaeramus,
2989 774 3235 841 quisnam

107 836 266 887 αἴτιον.
1733 852 1824 917 sit,
1858 854 1911 906 in
1944 853 2009 906 iis
2032 868 2147 922 quae
2172 864 2313 917 sunt,
2349 852 2488 909 Deus
2528 865 2578 910 et
2614 855 2888 923 Dominus,
2933 836 3120 929 praeter
3142 877 3238 932 pa-

1734 950 1864 999 trem
1886 945 2140 1007 omnium,
2163 950 2215 998 et
2237 961 2411 1012 regem
2423 944 2693 1016 Deumque
2708 950 2942 1007 universi
2968 971 2982 1007 :
3009 955 3110 1008 erit
3131 970 3231 1010 au-

98 1024 185 1070 tem
209 1018 293 1071 hic
319 1017 545 1076 Verbum
576 1022 679 1079 Dei
705 1029 859 1097 quod
883 1036 966 1083 est
1002 1038 1125 1085 ante
1156 1032 1371 1095 sarcula,
1405 1033 1648 1103 superior
1678 1038 1891 1107 quidem
1914 1038 2055 1091 omni
2077 1038 2312 1108 angelica
2340 1044 2547 1103 natura,
2573 1039 2844 1109 profectus
2885 1051 3057 1098 autem
3079 1045 3146 1098 ab
3169 1061 3234 1100 eo

96 1111 170 1180 qui
192 1121 330 1182 pater
358 1124 457 1173 est.

573 1188 987 1245 ΚΕΦΑΛΑΙΟΝ
1023 1195 1119 1248 IB'.

104 1266 181 1336 Ὠς
199 1266 349 1337 αὖθις
376 1273 473 1328 ἐπὶ
515 1277 628 1366 τρξὶ
658 1279 869 1334 Ἰακὼϐ
886 1282 1155 1366 δεύτερον
1194 1285 1338 1338 Θεὸν
1364 1289 1565 1355 σαφῶς
1591 1313 1596 1337 ι

1725 1300 1873 1366 Quod
1909 1317 2086 1355 rursus
2130 1302 2183 1354 in

529 1348 727 1414 λόγος
752 1348 1141 1417 παρίστησιν.

152 1444 170 1478 ι
187 1422 300 1480 Eine
322 1429 376 1482 δὲ
408 1432 437 1483 6
458 1434 596 1497 Θεὸς
630 1436 857 1491 Ἰακώϐ·
890 1440 1150 1504 Ἀναστὰς
1175 1442 1398 1513 ἀνάϐηθι
1434 1445 1513 1505 εἰς
1532 1441 1620 1495 τὸν

94 1517 223 1569 τόπον
254 1519 463 1590 Βαιθὴλ,
497 1526 596 1578 καὶ
628 1526 779 1581 οἴκει
813 1531 944 1593 ἐκεῖ,
979 1532 1069 1583 καὶ
1100 1530 1315 1600 ποίησον
1337 1532 1620 1602 θυσιαστή-

2291 1211 2511 1267 CAPUT
2547 1211 2660 1267 XII.

2229 1299 2392 1381 Jaepb
2442 1303 2664 1381 genitum
2703 1302 2893 1370 Deum,
2937 1308 3089 1373 plane
3120 1313 3232 1381 ipsa

2213 1372 2378 1423 oratio
2404 1385 2509 1437 pra:
2543 1388 2596 1424 se
2629 1373 2745 1440 fert.

1794 1471 1813 1503 c
1849 1451 1989 1507 Dixit
2018 1460 2195 1508 autem
2216 1453 2356 1510 Deus
2384 1456 2450 1509 ad
2480 1455 2644 1512 Jacob
2678 1477 2691 1512 :
2724 1457 2890 1530 Surge
2919 1470 2972 1516 et
3002 1468 3232 1523 ascende

240 1542 463 1616 ,υσξξυξὶλν
497 1542 596 1616 ἕως
628 1542 779 1616 of?“
813 1542 944 1593 εκεῖ,
979 1542 1069 1583 καὶ
1100 1542 1315 1600 ποίησον
1337 1542 1620 1602 θυσιαστή·
1718 1542 1772 1595 in
1798 1544 1970 1597 locum
1998 1542 2198 1610 Bethel,
2228 1550 2281 1599 et
2318 1545 2496 1599 habita
2523 1546 2652 1611 illic,
2696 1549 2860 1603 et'l‘ac
2918 1553 3082 1609 altare
3126 1555 3235 1612 Deo

98 1618 185 1704 ριον
205 1607 270 1673 τῷ
300 1607 436 1675 Θεῷ,
462 1609 548 1680 τῷ
572 1611 811 1679 ὀφθέντι
844 1632 923 1668 σοι
954 1617 1009 1668 ὲν
1034 1617 1110 1686 τῷ
1135 1618 1535 1689 ἀποδιδράσκειν
1565 1636 1596 1671 σ

1718 1630 1809 1699 qui
1836 1632 1931 1684 tibi
1962 1607 2225 1700 apparuit,
2249 1647 2370 1689 cum
2408 1607 2672 1704 fugeresa
2711 1636 2845 1692 facie
2884 1638 3022 1694 Esau
3048 1607 3232 1700 fratris

96 1693 176 1797 ἀπὸ
201 1696 491 1797 *προσώπου
577 1702 767 1756 Ἠσαῦ
831 1706 925 1759 τοῦ
969 1706 1187 1773 ἀδελφοῦ
1237 1725 1346 1760 σου.
1399 1705 1528 1760 Eius
1564 1709 1596 1762 δ

1718 1693 1812 1773 tui.
1848 1719 1912 1771 Et
1938 1693 2073 1774 diait
2094 1719 2257 1775 Jacob
2280 1693 2618 1786 domuivsuse,
2646 1733 2699 1777 et
2715 1726 2959 1782 omnibus
2988 1731 3078 1797 qui
3106 1745 3228 1786 cum
3274 1706 3277 1715 Α

107 1781 259 1834 Ἰακὼϐ
303 1786 375 1854 τῷ
420 1788 556 1858 οἴκῳ
609 1792 791 1844 αὐτοῦ
842 1795 935 1846 καὶ
977 1797 1105 1847 πᾶσι
1136 1799 1244 1859 τοῖς
1277 1796 1392 1867 μεθ’
1422 1798 1580 1849 αὐτοῦ

1716 1808 1831 1877 ipso
1856 1817 2009 1863 erant
2039 1827 2053 1863 :
2078 1810 2268 1864 Tollite
2290 1810 2418 1866 deos
2457 1781 2659 1867 alienos
2680 1814 2745 1867 de
2765 1781 3231 1885 mediovestri,—et

98 1874 257 1943 Ἄρατε
280 1877 407 1940 ,τοὺς
440 1877 601 1944 Θεοὺς
646 1883 784 1946 τοὺς
821 1885 1122 1956 ἀλλοτρίους
1163 1887 1226 1938 ὲκ
1256 1886 1413 1954 μέσου
1442 1887 1609 1958 ὑμῶν,

94 1961 162 2011 καὶ
183 1960 547 2033 καθαρίσασθε,
581 1967 681 2020 καὶ
713 1968 981 2035 ἀλλάξατε
1006 1970 1102 2033 τὰς
1124 1973 1311 2034 στολὰς
1332 1973 1359 2024 ὑ
1368 1973 1498 2042 μῶν,
1519 1976 1612 2026 καὶ

92 2051 361 2116 ἀναστάντες
403 2056 705 2129 ἀναδῶμεν
763 2062 843 2123 εἰς
891 2061 1450 2133 Βαιθήλ·ποιήσωμεν
1498 2065 1611 2116 ἐκεῖ

95 2141 414 2215 θυσιαστήριον
443 2144 520 2216 τῷ
549 2149 784 2221 Κυρίῳ,
814 2150 1167 2203 ἐπακούσαντί
1209 2168 1306 2222 μου
1351 2154 1406 2205 ὲν
1437 2154 1611 2224 ἡμέρᾳ

96 2232 296 2303 θλίψεως,
321 2236 377 2299 ὃς
404 2232 470 2308 ἦν
510 2242 634 2309 μετ’
666 2240 836 2309 ἐμοῦ,
871 2241 960 2292 καὶ¹
990 2240 1156 2293 ἔσωσέ
1188 2259 1251 2311 με
1277 2243 1332 2294 ὲν
1358 2245 1419 2312 τῇ
1445 2242 1546 2311 ὁδῷ

101 2324 364 2394 ἐπορεύθην.
390 2347 409 2379 ι
429 2327 703 2382 Ἐνταῦθα
739 2331 767 2382 6
794 2327 923 2392 Θεὸς
945 2330 1103 2392 αὐτὸς
1127 2331 1154 2381 ὁ
1175 2330 1280 2382 τῶν
1303 2331 1453 2394 ὅλων,
1474 2333 1501 2383 6
1525 2332 1611 2400 μόο

99 2414 437 2485 νοςάγέννητος
470 2418 567 2470 καὶ
598 2418 875 2471 ἀνωτάτω
906 2420 1137 2482 πάντων,
1153 2420 1250 2472 οὐκ
1267 2419 1462 2488 ὀφθεὶς,
1477 2419 1610 2475 ἀλλά

96 2502 174 2572 γὰρ
199 2505 414 2573 ἀοράτως
449 2508 817 2577 χρηματίσας
840 2507 916 2578 τῷ
947 2508 1155 2573 Ἰακὼϐ,
1187 2510 1405 2580 δυνάμει
1430 2527 1488 2563 τε
1519 2511 1608 2581 ἀρ-

100 2593 207 2663 ρήτῳ
228 2595 370 2649 αὐτὸν
395 2598 768 2669 ἀνακινήσας,
802 2599 930 2668 περὶ
962 2598 1144 2669 ἑτέρου
1176 2601 1354 2669 σαφῶς
1383 2603 1605 2653 ποιεῖται

96 2683 164 2735 τὸν
185 2683 335 2752 λόγον.
361 2683 493 2739 Eine
516 2686 653 2755 γοῦν
680 2690 716 2741 ὁ
749 2686 880 2750 Θεὸς
907 2686 1053 2756 αὑτῷ
1072 2704 1085 2717 ο
1122 2706 1141 2738 ι
1171 2689 1393 2757 Ποίησον
1425 2688 1606 2742 θυσια-

97 2771 264 2845 στήριον
286 2775 356 2845 τῷ
383 2775 500 2844 Θεῷ
527 2775 608 2846 τῷ
634 2775 864 2844 ὀφθέντι
900 2793 1001 2831 σοι.
1028 2777 1146 2839 »Τίς
1164 2778 1208 2830 δ’
1226 2774 1291 2849 ἦν
1312 2780 1340 2831 6
1368 2793 1604 2848 προγραο

96 2859 185 2922 (θεὶς
223 2854 379 2928 ὦφθαι
426 2862 601 2932 αὐτῷ,
638 2863 853 2934 ἀρτίως
885 2865 1314 2934 παρεστήσαμεν,
1352 2864 1440 2917 τὸν
1474 2865 1602 2917 Θεὸν

95 2948 223 3014 Λόγον
243 2945 366 3002 εἶναι
385 2951 813 3014 ἀποδείξαντες.

555 3061 964 3117 ΚΕΦΑΛΑΙΟΝ
987 3062 1084 3115 ΙΓ.

104 3170 200 3225 Ἀπὸ
216 3172 309 3241 τῆς
350 3175 614 3239 Ἔξόδου.
640 3204 726 3217 --—
760 3174 851 3238 Ὠς
876 3176 908 3225 ό
938 3172 1033 3225 ἐπὶ
1053 3170 1287 3241 πάντων
1309 3172 1598 3241 Θεὸς,ᾼαύ-

144 3241 224 3311 ζὸς
252 3238 328 3295 ὢν
355 3248 386 3297 ό
423 3238 496 3296 δι’
545 3241 821 3311 ἀγγέλου
865 3241 943 3304 τῷ
985 3238 1593 3311 Μωᾳεῖ-χρηματιζῳν.

144 3305 297 3378 ὦφθαι
335 3312 452 3377 τοῖς
487 3305 823 3378 παὲῥάσιν,
859 3308 1053 3362 οὐκέτι
1086 3307 1157 3360 δι’
1183 3305 1451 3376 ἀγγέλου,
1502 3309 1598 3362 διὰ

144 3377 196 3430 δὲ
212 3379 304 3433 τοῦ
322 3381 449 3435 Υἱοῦ
463 3377 774 3434 διδάσκει.

147 3507 161 3534 ο
179 3489 269 3541 Kal
289 3491 482 3560 Μωσῆς
517 3486 589 3560 ἦν
610 3487 920 3556 ποιμαίνων
949 3486 1016 3539 τά
1038 3484 1280 3552 πρόϐατα
1294 3483 1487 3555 Ἰωθὼρ
1503 3484 1595 3538 τοῦ

90 3579 285 3650 γαμϐροῦ
310 3580 467 3634 αὐτοῦ
487 3596 501 3612 ⁸
538 3580 639 3633 καὶ
692 3574 854 3648 ἦλθεν
878 3578 955 3639 εις
978 3576 1037 3628 τὸ
1059 3575 1181 3646 ὅρος
1203 3574 1263 3626 τὸ
1290 3576 1347 3626 ὲν
1376 3575 1592 3644 Χωρήϐ.

94 3667 229 3739 ὀφθη
249 3670 298 3723 δὲ
327 3669 468 3740 αὑτῷ
516 3668 764 3737 ἄγγελος
799 3666 1000 3736 Κυρίου
1026 3667 1082 3717 ὲν
1104 3663 1235 3733 πυρὶ
1268 3662 1457 3732 φλογὸς
1501 3663 1595 3732 βά-

88 3773 177 3812 του.
208 3778 226 3811 ι
256 3760 353 3813 Καὶ
380 3760 501 3830 μεθ’
534 3760 742 3828 ἕτερα·
786 3774 805 3807 ι
840 3756 925 3817 Ὠς
953 3754 1008 3808 δὲ
1049 3749 1203 3817 εἶδεν,
1231 3753 1310 3804 ὅτι
1342 3753 1594 3822 προσάγει

92 3845 205 3909 ἰδεῖν,
243 3850 483 3903 ἐκάλεσεν
538 3848 712 3901 αὐτὸν
746 3848 810 3898 ὲκ
859 3843 1020 3914 μέσου
1069 3842 1169 3910 τῆς
1199 3840 1356 3910 βάτου
1392 3840 1557 3907 λέγων
1577 3857 1590 3871 ο

88 3933 237 4006 Muci,
270 3940 454 4010 Μωσῆ,
491 3939 571 4009 μὴ
618 3934 849 4005 ὲγγίσῃς
894 3925 1012 3986 ὧδε.
1045 3930 1213 3983 Λῦσαι
1244 3928 1304 3981 τὸ
1352 3929 1593 3999 ὑπόδημα

90 4023 223 4075 mea»
260 4044 375 4080 σου·
401 4031 430 4082 ὁ
463 4028 580 4097 γὰρ
608 4025 777 4086 τόπος
801 4025 857 4075 ὲν
888 4014 932 4088 ᾧ
961 4023 1023 4074 σὺ
1054 4020 1303 4089 ἕστηκας,
1351 4019 1420 4088 γῆ
1468 4019 1593 4086 ἁγία

87 4110 192 4166 ἐστί.
224 4133 241 4165 ι
263 4116 364 4170 Kal
389 4119 508 4188 μετ’
539 4116 708 4182 ὀλίγα
729 4129 743 4143 ο
779 4130 799 4164 ι
830 4113 938 4165 Kal
965 4108 1081 4163 εἷπε
1114 4109 1310 4179 Κύριος
1335 4108 1466 4179 πρὸς
1496 4110 1591 4162 αὺ-

86 4199 180 4249 τάν⁸
225 4203 351 4271 Ἐγώ
396 4206 514 4274 ειμι
559 4205 589 4255 6
670 4199 766 4253 ὢν.
815 4218 833 4250 ι
883 4199 991 4251 Kal
1043 4193 1227 4259 αὖθις”
1272 4213 1291 4246 ι
1343 4196 1590 4264 Ἐλάλησε

86 4287 247 4359 Κύριος
286 4292 419 4358 πρὸς
452 4290 695 4358 Μωσῆν,
740 4288 834 4341 καὶ
878 4282 995 4340 εἷπε
1043 4286 1176 4355 πρὸς
1212 4283 1398 4337 αὐτόν’
1457 4282 1591 4351 Ἐγὼ

85 4377 245 4449 Κύριος
262 4381 442 4451 ὤφθην
461 4380 609 4450 πρὸς
642 4375 907 4449 Ἀϐραὰμ,
932 4375 1022 4428 καὶ⁵
1046 4374 1242 4435 Ἰσαάκ,
1271 4372 1360 4427 καὶ
1386 4372 1587 4436 Ἰακὼϐ,

85 4465 187 4530 Θεὸς
201 4469 267 4522 ὢν
284 4471 475 4534 αὐτῶν,
501 4469 602 4522 καὶ
624 4465 688 4519 τὸ
709 4466 877 4536 ὄνομά
896 4482 995 4535 μου
1016 4464 1111 4517 οὐκ
1128 4464 1366 4534 ἐδήλωσα
1393 4464 1587 4525 αὐτοῖς,

84 4558 155 4607 ul
172 4558 352 4628 ἔστησα
380 4561 478 4629 τὴν
510 4557 782 4626 διαθήκην
816 4570 917 4624 μου
952 4554 1082 4623 πρὸς
1102 4551 1309 4614 αὐτούς.
1342 4570 1360 4602 ι
1392 4552 1593 4621 Ὠσπερ

85 4644 264 4698 ἐπὶτῶν
292 4651 347 4700 ὲν
378 4645 696 4717 ἀνθρώποις
734 4643 1041 4716 προφητῶν,
1080 4642 1314 4704 Ἡσαΐου,
1357 4641 1484 4711 φέρε
1517 4642 1592 4692 εί-

85 4738 195 4797 τεῖν,
217 4738 299 4789 καὶ
352 4737 648 4807 Ἰερεμίου,
684 4736 779 4788 zeal
813 4734 919 4786 τῶν
949 4731 1357 4803 παραπλησίων,
1393 4729 1590 4801 ἄνθρω⁴

87 4835 163 4883 πας
190 4825 274 4892 μὲν
302 4822 367 4894 ἦν
395 4827 459 4878 τὸ
509 4823 811 4895 ὁρώμενον,
844 4822 971 4883 Θεὸς
1009 4822 1064 4873 δὲ
1105 4823 1133 4873 6
1166 4819 1251 4873 διὰ
1286 4819 1376 4872 τοῦ
1408 4834 1587 4887 φαινο-

91 4909 235 4975 μένου.
271 4912 410 4968 ὼσάν
464 4912 533 4965 δι’
582 4912 813 4982 ὀργάνου
871 4909 1129 4973 θεσπίζων
1153 4925 1166 4938 ·
1208 4908 1298 4960 καὶ
1336 4906 1451 4959 τοτὲ
1489 4907 1584 4977 μὲν

90 4995 279 5067 Χριστοῦ
335 5004 662 5073 πρόσωπον,
731 4998 853 5053 τοτὲ
914 4999 968 5051 δὲ
1025 4997 1331 5067 Πνεύματος
1397 4996 1545 5064 ἁγίου
1565 5034 1581 5059 ,

94 5088 185 5140 τοτὲ
218 5090 267 5144 δὲ
305 5092 393 5146 τοῦ
448 5092 548 5146 ἐπὶ
609 5090 820 5144 πάντων
871 5084 1001 5140 Θεοῦ
1050 5082 1138 5157 ἦν,
1190 5084 1276 5137 διά
1328 5082 1418 5137 τοῦ
1456 5101 1584 5154 προ-

97 5176 227 5242 φήτου
265 5180 630 5250 χρηματίζονο
690 5176 834 5230 οὕτω
890 5174 951 5247 δὴ
987 5176 1078 5229 καὶ
1122 5172 1214 5226 νῦν
1255 5170 1582 5242 εἰσαγομένῳ

101 5262 158 5332 τῷ
185 5267 349 5322 Μωσεῖ
387 5273 415 5324 ὁ
471 5268 735 5323 ἀνωτάτω
795 5265 887 5319 καὶ
936 5266 1028 5318 ἐπὶ
1078 5264 1288 5317 πάντων
1324 5261 1452 5323 Θεὸς
1497 5260 1583 5339 διά

104 5351 168 5402 τοῦ
211 5358 446 5422 οανέντος
500 5357 738 5425 ἀγγέλου
805 5355 872 5408 τὰ
930 5352 1255 5425 προκείμενα
1314 5348 1578 5413 Θεσπίζει·

110 5430 161 5488 ὃν
189 5444 370 5509 γένοιτο
408 5446 473 5499 ἂν
501 5447 531 5498 6
576 5442 704 5506 νοῦς
746 5443 973 5495 τοιόσδε·
1018 5439 1108 5493 Σοὶ
1144 5438 1256 5506 μὲν,
1287 5431 1331 5489 ὧ
1380 5439 1582 5509 προφῆ-

110 5540 170 5588 ταν
206 5531 331 5586 ὦσάν
378 5530 718 5602 εἰσαγομένῳ
760 5530 851 5582 καὶ
898 5531 1049 5599 μηδὲν
1092 5525 1246 5579 πλέον
1299 5525 1581 5594 ἀγγελικῆς

183 5648 219 5679 ⁸³
240 5647 354 5705 Gen.
389 5667 547 5715 xxxv,
576 5646 700 5702 1-5.

1714 1898 2029 1967 purgamini,
2060 1906 2113 1953 et
2133 1907 2332 1953 mutate
2353 1900 2563 1955 habitus
2592 1910 2816 1968 vestros,
2838 1913 2891 1958 et
2920 1921 3224 1976 surgamus,

1714 1988 2169 2057 ascendamusque
2198 1990 2253 2042 in
2280 1988 2465 2043 Bethel
2499 2009 2513 2043 :
2547 1997 2600 2044 et
2623 1991 2878 2050 faciamus
2916 1996 3076 2065 239
3118 1999 3227 2053 illic

1713 2077 1877 2130 altare
1907 2077 2150 2140 Domino,
2179 2078 2269 2147 qui
2300 2079 2568 2133 exaudivit
2601 2095 2685 2135 me
2711 2080 2764 2134 in
2805 2082 2890 2137 die
2928 2086 3229 2140 tribulatio-

1711 2166 1815 2227 nis,
1839 2167 1929 2236 qui
1957 2166 2057 2220 fuit
2083 2182 2310 2230 mecum,
2335 2175 2388 2222 et
2416 2169 2646 2222 servavit
2669 2185 2772 2232 me,
2803 2171 2856 2225 in
2881 2173 2964 2226 via
2986 2190 3090 2243 qua
3110 2190 3228 2244 pro-

1712 2255 1880 2311 fectus
1907 2272 2023 2310 sum
2048 2256 2113 2310 ".
2152 2275 2170 2308 ι
2200 2255 2312 2311 Hoc
2342 2257 2461 2311 loco
2512 2256 2654 2312 Deus
2698 2260 2810 2328 ipse
2853 2262 3104 2329 universi,
3132 2266 3225 2334 qui

1712 2345 1877 2405 solus,
1913 2361 2082 2416 neque
2111 2345 2305 2411 lactus,
2350 2363 2521 2417 neque
2550 2350 2779 2418 genitus,
2835 2357 2887 2405 et
2944 2366 3225 2422 supremus

1709 2435 1947 2488 omnium
1979 2445 2079 2499 est,
2119 2451 2227 2491 non
2254 2438 2420 2503 visus,
2470 2439 2563 2494 sed
2600 2440 2942 2495 invisibiliter
2972 2442 3107 2497 dans
3140 2458 3225 2499 re-

1707 2538 1900 2592 sponsa
1928 2525 2029 2593 ipsi
2049 2524 2236 2589 Jacob,
2268 2534 2322 2581 et
2349 2528 2547 2583 virtute
2573 2529 2823 2583 ineﬂ‘abili
2850 2530 3081 2599 seipsum
3107 2548 3224 2588 mo-

1706 2628 1854 2679 vens,
1880 2614 1945 2668 de
1981 2615 2085 2669 alio
2120 2616 2276 2670 verba
2308 2616 2434 2671 facit
2462 2619 2788 2686 planissime.
2824 2619 2964 2673 Dixit
2990 2637 3118 2691 ergo
3144 2623 3221 2679 illi

1705 2703 1844 2759 Deus
1876 2723 1888 2757 :
1932 2723 1951 2756 ι
1987 2703 2094 2760 Fac
2126 2707 2292 2762 altare
2320 2707 2429 2762 Deo
2467 2710 2558 2777 qui
2586 2711 2835 2779 apparuit
2859 2711 2972 2766 tibi.
3030 2732 3049 2764 ι
3091 2712 3222 2779 Quis

1705 2800 1880 2847 autem
1912 2793 1999 2848 hie
2027 2795 2118 2857 sit,
2144 2797 2234 2865 qui
2259 2798 2492 2865 scriptus
2519 2809 2600 2852 est
2636 2814 2798 2868 supra
2840 2800 2916 2854 illi
2947 2803 3224 2870 apparuis-

1704 2895 1782 2943 se,
1810 2882 1966 2950 paulo
1996 2891 2121 2939 ante
2143 2884 2507 2953 exposuimus,
2540 2885 2630 2940 ubi
2653 2884 2816 2940 Deum
2843 2885 3074 2941 Verbum
3101 2903 3222 2944 esse

1690 2969 2203 3027 demonstravimus.

2260 3062 2481 3117 CAPUT
2517 3061 2652 3118 XIII.

1692 3167 2006 3246 Ab_E.jcodo.
2038 3203 2106 3212 —
2132 3171 2277 3246 Quod
2326 3174 2461 3226 Deus
2492 3173 2669 3246 Pater,
2699 3192 2812 3227 cum
2846 3173 2981 3229 ΙΙοεὶ
3011 3193 3219 3246 respou-

1759 3236 1917 3318 derit.
1934 3255 2022 3306 per
2064 3241 2294 3308 angelum
2357 3258 2408 3294 se
2452 3243 2728 3359 (lintribus.
2754 3236 3218 3312 apparuisse,'non

1759 3306 1979 3359 amnltus
2010 3322 2097 3359 per
2124 3312 2374 3359 anaelum.
2398 3325 2452 3359 se
2505 3325 2593 3359 per
2618 3308 2813 3359 Filium
2831 3313 2992 3359 docet-

1759 3306 1979 3372 amplius
2008 3322 2097 3375 per
2124 3306 2374 3378 angelum,
2398 3306 2484 3362 sed
2504 3325 2593 3376 per
2618 3306 2992 3368 Filium'docet.

1765 3496 1784 3529 ε
1828 3478 1893 3531 Et
1919 3478 2091 3535 Moses
2115 3490 2229 3535 erat
2256 3496 2482 3550 pascens
2506 3497 2631 3536 oves
2653 3482 2840 3559 Jothor
2877 3486 3043 3539 soceri
3084 3484 3169 3540 sui
3193 3504 3211 3542 :

1688 3572 1743 3621 et
1768 3567 1911 3625 venit
1932 3569 1997 3623 ad
2033 3578 2263 3623 montem
2293 3568 2384 3623 Dei
2423 3571 2477 3624 in
2514 3570 2738 3627 Choreb.
2768 3572 2833 3624 Et
2888 3574 3130 3641 apparuit
3162 3574 3213 3628 ei

1691 3658 1908 3727 angelus
1934 3656 2140 3713 Domini
2169 3658 2224 3711 in
2266 3656 2476 3711 ﬂamma
2505 3657 2642 3728 ignis
2688 3660 2808 3713 rubi
2837 3660 2900 3712 ⁸³.
2945 3679 2965 3712 ι
2997 3660 3063 3714 Et
3091 3667 3215 3730 post

1691 3746 1830 3800 alia:
1866 3764 1885 3797 ι
1922 3744 1987 3799 Et
2014 3756 2071 3800 ut
2112 3746 2245 3799 vidit
2290 3746 2430 3816 quod
2460 3747 2732 3802 accederet
2777 3749 2843 3801 ad
2889 3749 3167 3804 videndum
3192 3787 3209 3815 ,

1688 3836 1896 3889 vocavit
1928 3835 2075 3888 illum
2104 3834 2172 3888 de
2203 3835 2376 3889 medio
2422 3835 2540 3889 rubi
2594 3835 2781 3892 dicens
2811 3854 2825 3891 :
2858 3837 3030 3894 Moses
3052 3876 3068 3901 ,
3099 3837 3213 3894 Mo-

1690 3940 1808 3988 ses,
1856 3939 1924 3978 ne
1954 3923 2172 3993 propius
2219 3924 2327 3979 huc
2356 3927 2664 3980 accesseris.
2698 3924 2853 3982 Solve
2882 3928 3210 3983 calceamen-

1689 4019 1798 4065 tum
1828 4010 2016 4080 pedum
2046 4018 2260 4064 tuorum
2291 4030 2304 4065 :
2342 4012 2491 4067 locus
2516 4013 2654 4067 enim
2680 4012 2734 4066 in
2762 4029 2868 4082 quo
2893 4022 3024 4079 stas,
3067 4022 3208 4069 terra

1689 4106 1871 4152 sancta
1899 4105 1981 4153 est
2001 4097 2168 4151 “.DEI
2193 4105 2315 4168 post
2345 4114 2534 4169 pauca,
2568 4118 2586 4152 ι
2622 4111 2675 4155 et
2704 4100 2837 4155 dixit
2863 4102 3116 4157 Dominus
3139 4105 3209 4158 ad

1687 4186 1833 4239 illum
1860 4204 1874 4240 :
1928 4185 2037 4255 Ego
2091 4202 2207 4241 sum
2236 4188 2325 4256 qui
2344 4203 2461 4242 sum
2481 4190 2546 4243 ⁸⁸.
2577 4188 2677 4242 »Ει
2703 4205 2889 4246 rursus
2910 4190 2954 4224 “
2984 4210 2999 4247 :
3043 4211 3063 4243 ι
3101 4191 3204 4246 Lo-
3274 4256 3277 4259 ν

1687 4282 1840 4330 cutus
1867 4285 1947 4329 est
1975 4275 2225 4331 Dominus
2257 4277 2323 4330 ad
2367 4277 2562 4333 Mosem
2596 4297 2608 4333 :
2636 4278 2702 4332 Et
2742 4280 2874 4335 dixit
2919 4280 2985 4336 ad
3017 4282 3202 4337 illum:

1688 4365 1797 4434 Ego
1825 4364 2078 4422 Dominus
2106 4367 2253 4422 visus
2300 4382 2419 4421 sum
2465 4368 2532 4422 ab
2558 4367 2849 4434 Abraham,
2881 4377 2934 4426 et
2958 4370 3121 4433 Isaae,
3151 4378 3207 4424 et

1685 4453 1869 4516 Iacob,
1899 4471 2018 4509 eum
2050 4471 2233 4511 eorum
2270 4458 2369 4511 sim
2407 4456 2564 4524 Deus,
2591 4466 2643 4513 et
2672 4473 2866 4515 nomen
2889 4475 3062 4515 meum
3096 4476 3205 4516 non

1686 4544 1914 4598 indicavi
1979 4545 2104 4611 illis,
2164 4552 2217 4600 et
2258 4547 2509 4600 constitui
2536 4555 2905 4602 testamentum
2931 4564 3109 4602 meum
3135 4549 3203 4601 ad

1684 4634 1822 4688 illos.
1854 4652 1872 4683 ι
1895 4632 2348 4698 Quemadmodum
2371 4636 2510 4704 apud
2529 4637 2813 4705 prophetas
2828 4638 2882 4691 in
2899 4637 3202 4692 hominibus

1682 4730 1978 4785 versantes,
2000 4723 2144 4776 verbi
2178 4723 2370 4791 gratia,
2418 4724 2606 4777 Isaiam
2644 4731 2697 4778 et
2720 4721 3022 4787 Jeremiam,
3053 4734 3106 4777 et
3124 4724 3200 4777 si-

1682 4812 1854 4875 miles,
1880 4811 2036 4864 homo
2055 4811 2267 4880 quidem
2307 4820 2441 4875 erat,
2469 4814 2522 4867 id
2554 4814 2696 4883 quod
2724 4813 3031 4874 videbatur,
3062 4813 3198 4868 Deus

1686 4909 1863 4954 autem
1891 4898 1981 4967 qui
2006 4914 2098 4967 per
2123 4899 2177 4953 id
2209 4901 2349 4968 quod
2379 4902 2683 4970 apparebat,
2711 4909 2958 4969 tanquam
2993 4916 3087 4969 per
3114 4902 3200 4957 in-

1684 4994 2037 5046 strumentum
2065 4988 2380 5055 loquebatur
2405 5005 2421 5053 ;
2451 4998 2503 5043 et
2537 4988 2692 5043 modo
2721 4988 2917 5042 Christi
2950 5003 3194 5057 persona,

1683 5078 1841 5133 modo
1867 5076 2037 5133 sancti
2065 5073 2313 5146 Spiritus,
2347 5077 2502 5129 modo
2537 5077 2768 5145 supremi
2795 5075 2888 5129 Dei
2910 5084 3045 5143 erat,
3080 5094 3197 5148 quae

1682 5180 1776 5235 per
1802 5164 2112 5234 prophetam
2144 5177 2396 5234 responsa
2449 5164 2641 5230 dabat;
2691 5164 2770 5219 sic
2809 5166 2991 5235 utique
3036 5169 3195 5223 etiam

1680 5270 1823 5310 nunc
1854 5253 2004 5315 Mosi,
2035 5254 2123 5324 qui
2171 5253 2560 5317 introducitur,
2607 5268 2887 5324 supremus
2934 5263 2987 5310 et
3016 5258 3194 5311 omnia

1682 5346 1782 5400 sub
1812 5359 1871 5399 se
1895 5344 2096 5399 habens
2123 5341 2282 5407 Deus,
2305 5358 2397 5412 per
2420 5357 2539 5396 eum
2568 5345 2659 5412 qui
2688 5353 2904 5415 apparet
2927 5348 3192 5414 angelum,

1679 5449 1743 5489 ea
1807 5448 1927 5503 quae
1983 5434 2250 5503 proposita
2311 5439 2482 5494 sunt,
2551 5433 2712 5486 canit.
2787 5432 3020 5498 Quorum
3081 5433 3195 5486 haec
3307 5436 3319 5450 '

1681 5524 1839 5596 ξω
1864 5525 2122 5579 sententia
2155 5523 2224 5579 sit
2252 5537 2381 5577 sane
2406 5539 2419 5575 :
2449 5520 2566 5576 'l‘ibi
2596 5522 2830 5590 quidem,
2856 5537 2889 5577 ο
2918 5521 3193 5591 propheta,

807 5646 851 5676 ⁸³
878 5643 1030 5700 Exod.
1064 5660 1145 5706 ιιι,
1178 5643 1224 5695 Ι.
1309 5642 1353 5674 ⁸⁸
1387 5643 1513 5698 ibid.
1542 5642 1594 5706 6,

1746 5646 1790 5677 ⁸⁸
1820 5643 1946 5698 ibid.
1977 5642 2059 5696 ιι.
2133 5642 2178 5674 ⁸⁸
2206 5640 2373 5695 Exod.
2411 5655 2483 5705 vr,
2514 5639 2629 5693 2-6.
