3738 6270
911 374 1007 429 591
1545 368 1801 428 EUSEBII
1838 367 2302 427 CIESARIENSIS
2339 365 2484 420 OPP.
2525 363 2700 418 PARS
2736 362 2796 417 ll.
2837 394 2901 403 —
2935 362 3348 418 APOLOGE'J

912 497 1157 556 tanquam
1185 468 1231 538 ei
1253 482 1344 553 qui
1369 483 1541 539 adhuc
1566 484 1823 549 eruditur,
1856 494 1908 540 et
1935 484 2024 554 qui
2058 484 2191 538 nihil
2219 482 2388 538 vision

1871 494 1908 540 at
1935 484 2024 554 qui
2058 484 2191 538 nihil
2219 482 2424 538 visione
2451 487 2496 540 Δ
2521 480 2779 542 ὀπτασίας
2818 477 3112 549 χωροῦντι,
3155 477 3347 537 τέως

911 575 1145 647 angelica
1170 574 1397 644 amplius
1418 575 1576 644 capit,
1605 576 1817 629 interim
1850 577 2095 646 angelum
2133 590 2307 629 meum
2339 590 2387 628 ei

1871 577 2095 646 mgelum
2133 590 2307 629 meum
2339 590 2431 628 ex-
2528 568 2691 640 λήθην
2711 568 2954 638 ὀφθῆναι,
2983 564 3261 637 ἐμαυτοῦ
3315 582 3347 616 τ

912 667 1081 723 hiberi
1106 667 1387 723 videndum
1406 667 1583 733 volui;
1614 667 1707 722 sed
1728 684 1899 722 meum
1923 684 2116 722 nomen
2138 668 2233 720 tibi
2260 667 2388 722 solui

1863 685 1899 721 τι
1923 684 2116 722 nomen
2138 668 2233 720 tibi
2260 667 2431 722 solum
2527 661 2613 721 νὲς
2640 658 2951 729 καθίστημι,
2984 657 3339 718 διδάσκων,

910 764 1093 812 notum
1120 754 1277 819 facio,
1306 755 1430 810 dum
1457 755 1621 811 doceo
1645 767 1719 820 te,
1744 773 1826 811 me
1851 773 1971 812 eum
2001 771 2120 811 esse
2145 756 2235 826 qui
2274 771 2386 811 sum

1871 773 1971 811 :um
2001 771 2120 811 esse
2145 756 2235 826 qui
2274 771 2391 811 sum
2413 796 2427 819 ,
2527 750 2585 802 τὸ
2609 748 2775 819 ὄνομά
2805 747 2903 817 μού
2953 749 3077 799 ἐστι
3103 744 3347 814 Κύρια

907 858 960 902 et
987 863 1179 903 nomen
1209 863 1383 901 meum
1412 862 1530 901 esse
1578 847 1879 904 Dominum.
1928 847 2057 901 Tuis
2092 864 2218 903 vero
2266 856 2383 917 patr

1871 890 1879 904 .
1928 847 2057 901 Tuis
2092 864 2218 903 vero
2266 847 2432 917 patri-
2527 838 2679 891 τοῦτο
2710 834 2864 908 μόνον
2892 835 3171 905 ἐδήλωσα,
3213 834 3347 886 ἀλ)

907 938 1008 991 bus
1040 952 1147 990 non
1175 936 1278 991 hoc
1306 937 1477 990 solum
1509 936 1775 1002 iudicavi,
1823 936 1916 992 sed
1961 937 2119 991 etiam
2172 938 2275 992 hoc
2314 939 2383 1006 ips

1871 936 1916 991 :d
1961 937 2119 991 etiam
2172 938 2275 992 hoc
2314 939 2432 1006 ipso
2529 926 2733 996 σάμην’
2764 924 2948 995 ὤφθην
2987 923 3106 994 γὰρ
3139 921 3347 975 αὐτοὶ

907 1027 1134 1095 amplius
1163 1026 1382 1095 largitus
1412 1042 1528 1080 sum
1552 1046 1564 1080 :
1595 1042 1716 1080 nam
1746 1028 1812 1081 ab
1839 1028 1944 1083 illis
1965 1043 2082 1082 sum
2103 1029 2270 1083 visus.
2299 1028 2379 1094 Qu

1839 1028 1944 1083 illis
1965 1043 2082 1082 sum
2103 1029 2270 1083 visus.
2299 1028 2431 1094 Quis
2535 1033 2617 1069 σιν
2662 1016 2860 1083 ὀφθεὶς,
2914 1015 3009 1066 καὶ
3061 1014 3150 1066 δτι
3196 1013 3305 1083 μὴ

908 1131 1031 1171 vero
1059 1118 1129 1171 sit
1156 1117 1245 1186 qui
1273 1117 1512 1185 patribus
1541 1117 1690 1172 visus
1729 1117 1832 1180 sit,
1873 1124 1926 1184 et
1961 1119 2102 1186 quod
2145 1133 2251 1173 non
2280 1127 2384 1188 pate

1873 1124 1926 1184 et
1961 1119 2102 1186 quod
2145 1133 2251 1173 non
2280 1127 2432 1188 pater
2529 1105 2913 1167 αποδέδεικται,
2942 1102 3109 1173 ἡνίκα
3139 1101 3267 1153 τὸν
3312 1099 3347 1152 ε

906 1207 1069 1272 Deus,
1092 1214 1247 1261 antea
1282 1207 1699 1261 demonstratum
1729 1214 1830 1272 est,
1858 1206 1948 1260 ubi
1981 1207 2146 1261 Deum
2173 1218 2226 1262 et
2257 1206 2382 1261 Dom

1866 1206 1948 1260 ubi
1981 1207 2146 1261 Deum
2173 1218 2226 1262 et
2257 1206 2432 1262 Domi-
2526 1198 2656 1251 Θεοῦ
2698 1194 3005 1266 ’ὠνομάσθαι
3058 1192 3342 1246 ὲπεδείκ

906 1314 1033 1352 num
1063 1297 1305 1367 angelum
1329 1296 1420 1351 Dei
1444 1298 1771 1351 nominatum
1790 1312 1908 1351 esse
1927 1296 2376 1352 demonstravimu

1867 1313 1908 1350 se
1927 1296 2426 1354 demonstravimus.
2527 1288 2773 1342 ἐπέκεινα
2817 1286 2922 1338 τῶν
2982 1284 3147 1346 ὅλων,
3194 1283 3343 1336 αὐτ

905 1389 1186 1450 Caeterum,
1209 1401 1439 1455 quonam
1461 1387 1617 1442 modo
1635 1387 1743 1451 hic,
1764 1388 1851 1440 ille
1875 1387 1965 1455 qui
1990 1395 2138 1455 pater
2163 1388 2234 1442 sit
2265 1387 2374 1443 Deu

1875 1387 1965 1455 qui
1990 1395 2138 1455 pater
2163 1388 2234 1442 sit
2265 1387 2426 1453 Deus,
2526 1378 2671 1442 Θεὸς,
2718 1372 2890 1445 ὦφθαί
2940 1392 3075 1445 φησι
3122 1377 3276 1437 τοῖς
3342 1394 3347 1407 ‘

905 1487 958 1532 et
980 1477 1156 1532 omnia
1184 1477 1284 1533 sub
1311 1492 1370 1532 se
1394 1477 1604 1540 habeat,
1634 1477 1775 1530 dicat
1804 1492 1860 1532 se
1898 1491 1930 1530 a
1960 1477 2199 1546 patribus
2219 1477 2381 1534 visum

1898 1491 1930 1530 a
1960 1477 2199 1546 patribus
2219 1477 2391 1534 visum
2410 1517 2425 1542 ,
2525 1469 2757 1531 εἰκότως.
2789 1466 2983 1535 Λυθείη
3004 1464 3050 1517 δ’
3077 1464 3151 1516 ἂν
3182 1465 3270 1516 τὸ
3306 1464 3347 1527 ς

905 1569 1092 1624 merito
1122 1568 1313 1637 aliquis
1354 1574 1573 1637 quierat.
1600 1566 1962 1637 Explicabitur
2006 1582 2165 1636 porro
2218 1568 2270 1622 id
2296 1608 2311 1633 ,
2362 1570 2381 1622 c

1863 1570 1962 1621 itur
2006 1582 2165 1636 porro
2218 1568 2311 1633 id,
2362 1568 2429 1623 de
2525 1558 2669 1621 θείας
2721 1557 2935 1627 Γραφῆς
2986 1555 3339 1624 ἐπιστήσαι

905 1671 1010 1726 quo
1031 1655 1318 1725 quaeritur,
1360 1655 1407 1709 si
1432 1655 1623 1709 divinae
1652 1653 1941 1723 Scriptura:
1989 1654 2314 1723 diligentiam
2345 1670 2381 1709 a‘

1847 1669 1941 1709 ira:
1989 1654 2314 1723 diligentiam
2345 1664 2428 1709 at-
2537 1647 2918 1718 Ἐὀδομήκοντα
2951 1644 3069 1707 τοῦ,
3107 1662 3128 1695 ι
3170 1644 3323 1696 Καὶ

904 1746 1202 1800 tendamus.
1229 1743 1360 1799 Nam
1397 1760 1517 1799 cum
1568 1746 1705 1815 apud
1740 1744 2081 1814 Septuaginta
2105 1747 2180 1799 ita
2225 1746 2380 1800 dictu:

1871 1745 2081 1813 uaginta
2105 1747 2180 1799 ita
2225 1746 2425 1800 dictum
2456 1804 2495 1815 _
2534 1737 2729 1802 Ἰσαὰκ,
2759 1738 2861 1790 καὶ
2884 1734 3096 1798 Ἰακὼϐ,
3124 1734 3303 1797 Θεὸς
3341 1758 3347 1784 ‹

906 1840 1009 1892 sit:
1050 1856 1069 1889 ι
1108 1837 1173 1890 Et
1193 1836 1338 1891 visus
1366 1850 1483 1890 sum
1512 1836 1578 1890 ab
1600 1804 1895 1903 .Abraha-m,
1922 1804 1974 1891 ei
2007 1835 2187 1899 Isaac,
2235 1846 2287 1890 et
2333 1836 2382 1890 .la

1829 1853 1895 1903 ω⁸
1922 1804 1974 1891 ei
2007 1835 2187 1899 Isaac,
2235 1846 2287 1890 et
2333 1836 2423 1890 Ja-
2456 1804 2497 1858 Β
2526 1828 2715 1897 φησί’(
2750 1827 2857 1879 Καὶ
2876 1824 3092 1895 ὼράθην
3123 1824 3305 1894 πρὸς

905 1929 1025 1994 cob,
1055 1943 1175 1982 cum
1196 1942 1380 1982 eorum
1411 1927 1513 1982 sim
1546 1926 1718 1991 Deus,
1773 1945 1792 1979 ι
1846 1927 2035 1996 Aquila
2082 1927 2293 1996 quidem
2347 1927 2381 1982 si

1871 1927 2035 1996 lquila
2082 1927 2293 1996 quidem
2347 1927 2426 1983 sic
2521 1918 2765 1988 καὶπρὸς
2793 1916 2976 1970 Ἰακὼὸ
3005 1919 3062 1968 ὲν
3088 1915 3239 1985 Θεῷ
3279 1917 3347 1968 ἱκ

905 2018 1021 2069 ait:
1059 2035 1077 2066 ι
1115 2012 1179 2068 Et
1206 2015 1354 2069 visus
1411 2028 1530 2068 sum
1590 2015 1659 2068 ab
1723 2014 2026 2082 Abraham,
2077 2023 2130 2070 et
2161 2016 2228 2070 ab
2255 2014 2381 2069 lsaal

1871 2016 1989 2069 ham
2009 2055 2026 2082 ,
2077 2023 2130 2070 et
2161 2016 2228 2070 ab
2255 2014 2421 2080 Isaac,
2525 2009 2745 2079 ίστησιν,
2772 2009 2851 2061 ὅτι
2879 2008 2950 2078 μὴ
2979 2006 3155 2070 αὐτὸς
3180 2009 3216 2059 ὁ
3250 2009 3347 2060 ἐπ’

902 2112 957 2158 et
984 2105 1050 2157 ab
1076 2100 1240 2157 Jacob
1271 2102 1327 2156 in
1371 2101 1479 2157 Deo
1521 2102 1653 2157 satis
1690 2103 1890 2165 multo,
1954 2121 1972 2156 ι
2010 2103 2204 2172 quibus
2249 2104 2375 2158 verb

1874 2141 1890 2165 ,
1954 2121 1972 2156 ι
2010 2103 2204 2172 quibus
2249 2104 2425 2158 verbis
2519 2098 2585 2150 δι’
2613 2097 2798 2150 ἑαυτοῦ
2824 2096 2995 2166 ὤφθη.
3034 2095 3195 2148 Ἀλλ’
3240 2098 3347 2149 οὐδ

904 2194 1211 2263 planissime
1242 2193 1461 2255 indicat,
1491 2207 1598 2246 non
1625 2192 1797 2261 ipsum
1826 2192 1975 2246 illum
2005 2193 2095 2262 qui
2130 2191 2288 2247 Pater
2320 2208 2377 2247 es

1871 2194 1975 2246 lum
2005 2193 2095 2262 qui
2130 2191 2288 2247 Pater
2320 2200 2421 2258 est,
2521 2189 2746 2252 καὶτοῖς
2777 2188 3031 2258 πατράσι,
3061 2187 3139 2239 δι’
3180 2189 3347 2256 ἁγγέ

903 2299 997 2352 per
1017 2284 1249 2352 seipsum
1278 2280 1607 2351 apparuisse.
1639 2279 1819 2350 Neque
1847 2296 1974 2336 vero
2003 2284 2141 2336 sicut
2172 2281 2324 2346 Mosi,
2352 2284 2379 2337 il

1869 2296 1974 2336 vero
2003 2284 2141 2336 sicut
2172 2281 2324 2346 Mosi,
2352 2284 2425 2337 ita
2520 2281 2631 2334 ἀλλ’
2659 2283 2714 2333 ὲν
2742 2278 2857 2348 Θεῷ
2883 2276 3048 2347 ἱκανῷ
3076 2295 3208 2349 χρη
3218 2297 3345 2349 ματ

903 2374 1062 2427 etiam
1089 2372 1326 2442 patribus
1363 2386 1455 2440 per
1484 2370 1750 2440 angelum,
1785 2378 1877 2424 aut
1931 2386 2027 2440 per
2055 2371 2246 2425 rubum
2269 2410 2284 2434 ,
2333 2387 2379 2424 at

1871 2387 1877 2423 ι
1931 2386 2027 2440 per
2055 2371 2246 2425 rubum
2269 2410 2284 2434 ,
2333 2380 2425 2425 aut
2521 2371 2730 2439 Πατέρα
2755 2371 2845 2422 καὶ
2891 2371 3001 2431 τοῖς
3030 2370 3347 2440 πατράσιν

904 2463 1098 2531 ignem,
1131 2460 1225 2516 sed
1265 2461 1318 2514 in
1345 2460 1451 2515 Deo
1480 2460 1612 2515 satis
1642 2460 1809 2514 multo
1856 2460 2072 2514 oracula
2106 2461 2380 2528 praebuisse

1860 2460 2072 2514 oracula
2106 2461 2419 2528 praebuisse.
2523 2461 2674 2529 μένον
2699 2461 2756 2512 ὲν
2782 2456 3140 2525 Εὑαγγελίοις
3176 2461 3336 2530 πρὸς

903 2549 1077 2616 Quare
1099 2549 1258 2604 etiam
1299 2549 1537 2616 patribus
1582 2563 1675 2617 per
1721 2548 1911 2601 Filium
1952 2550 2099 2604 visus
2123 2557 2206 2604 est
2245 2549 2379 2603 Patei

1871 2564 1911 2601 αι
1952 2550 2099 2604 visus
2123 2557 2206 2604 est
2245 2549 2421 2615 Pater,
2519 2550 2723 2618 ἑώρακε
2765 2549 2851 2601 τὸν
2887 2547 3140 2618 Πατέρα·
3176 2568 3198 2600 ι
3236 2552 3304 2602 ὲν
3340 2572 3347 2603 ‹

903 2636 1345 2707 quemadmodum
1383 2634 1437 2688 in
1466 2635 1764 2704 Evangeliis
1792 2636 1863 2690 ab
1887 2637 2003 2706 ipso
2029 2637 2229 2692 dictum
2260 2637 2379 2692 habt

1887 2637 2003 2706 ipso
2029 2637 2229 2692 dictum
2260 2637 2422 2692 habe-
2517 2639 2608 2693 τοῦ
2661 2640 2866 2711 Πατρὸς
2921 2638 3347 2694 ἀπεκαλύπτετ

903 2734 991 2777 tur
1017 2724 1058 2754 ⁸⁷
1094 2742 1108 2776 :
1141 2740 1160 2773 ι
1196 2723 1296 2787 Qui
1337 2723 1465 2777 vidit
1517 2738 1627 2785 me,
1679 2722 1809 2776 vidit
1855 2722 2106 2778 Patrem:
2157 2742 2176 2775 ›
2215 2725 2266 2778 in
2307 2726 2379 2794 ips

1871 2722 2106 2778 Patrem:
2157 2742 2176 2775 ›
2215 2725 2266 2778 in
2307 2726 2421 2794 ipso
2519 2726 2805 2797 ἀνθρώπων
2844 2725 3119 2796 σωτήριος
3151 2730 3347 2799 ἀπεφε

902 2812 1044 2867 enim
1062 2820 1117 2867 et
1144 2826 1237 2880 per
1263 2812 1432 2880 ipsum
1471 2810 1646 2865 Patris
1680 2810 1909 2879 cognitio
1950 2811 2287 2880 prodebatur.
2319 2813 2378 2867 Se

1877 2826 1909 2865 0
1950 2811 2287 2880 prodebatur.
2319 2813 2421 2869 Sed
2518 2815 2847 2886 ἀνθρωπείας
2888 2817 3115 2887 μορφῆς
3158 2820 3347 2890 ἐωρᾶτ

903 2916 1022 2955 cum
1074 2900 1375 2955 hominibus
1415 2900 1664 2954 salutaris
1699 2910 2004 2968 appareret,
2067 2908 2178 2954 tum
2209 2917 2300 2972 per
2329 2903 2379 2957 til

1871 2910 2004 2964 aret,
2067 2908 2178 2954 tum
2209 2917 2300 2972 per
2329 2903 2418 2958 lilii
2519 2906 2823 2977 ἀνθρώπους
2853 2907 3017 2958 αὐτοῦ
3051 2909 3347 2980 ἐσομένην

903 2991 1186 3045 humanam
1220 2988 1441 3044 formam
1470 2989 1745 3044 videbatur
1792 3004 1823 3042 a
1856 2988 1947 3044 Dei
1996 2992 2214 3054 amicis,
2265 2999 2379 3063 atqu

1871 2988 1947 3044 Dei
1996 2992 2214 3054 amicis,
2265 2999 2421 3063 atque
2518 2994 2678 3047 οὖσαν
2712 2994 2769 3060 ἐξ
2812 2993 3020 3047 ἐκείνου
3071 3003 3347 3071 πρωρῤα

903 3083 1042 3137 inter
1069 3082 1308 3136 homines
1338 3079 1568 3133 futuram
1630 3078 1797 3147 ipsius
1856 3079 2078 3134 salutem
2104 3123 2118 3146 ,
2175 3083 2379 3136 omnibu

1871 3079 2078 3134 salutem
2104 3123 2118 3146 ,
2175 3083 2421 3138 omnibus
2449 3109 2489 3166 ε
2520 3081 2724 3136 ἀσεϐῶν
2752 3081 3009 3153 τιμωρὸς,
3041 3087 3147 3139 καὶ
3181 3090 3347 3142 κολα(

903 3175 1236 3239 ιπειξεεηιοω.
1269 3182 1334 3222 ex
1379 3166 1469 3221 illo
1501 3165 1651 3234 quasi
1678 3164 1888 3218 arrham
1920 3172 1971 3220 et
1992 3166 2178 3237 pignus
2209 3169 2379 3223 exhibt

1871 3172 1971 3220 tet
1992 3166 2178 3237 pignus
2209 3169 2420 3224 exhibe-
2466 3164 2475 3166 ⁷
2521 3173 2607 3225 λεν
2641 3170 2869 3233 ἔσεσθαι,
2908 3173 3106 3227 οὐκέτι
3153 3178 3220 3229 ὲν
3273 3178 3347 3231 Θε

904 3260 1011 3314 bat.
1053 3257 1184 3313 Cum
1236 3270 1362 3311 vero
1401 3256 1683 3325 impiorum
1732 3255 1910 3318 ultor,
1968 3263 2020 3310 et
2050 3255 2380 3327 Egyptioruu

1871 3272 1910 3318 ’,
1968 3263 2020 3310 et
2050 3255 2418 3327 Egyptiorum
2517 3265 2737 3333 διακόνῳ
2783 3264 2881 3333 τῆς
2931 3269 3223 3339 τιμωρίας
3255 3273 3347 3323 καὶ

901 3349 1185 3420 castigator
1214 3347 1423 3402 futurus
1448 3356 1607 3412 esset,
1658 3361 1764 3400 non
1795 3346 2022 3415 amplius
2052 3348 2106 3401 in
2136 3346 2242 3411 Deo
2291 3358 2377 3402 sat

1867 3346 2022 3415 tplius
2052 3348 2106 3401 in
2136 3346 2242 3411 Deo
2291 3351 2420 3405 satis
2518 3357 2634 3408 ὅσον
2655 3354 2801 3406 οὔπω
2832 3353 3145 3427 μελλούσης
3167 3360 3343 3413 αὐτοὺ

903 3441 1101 3504 multo,
1141 3439 1233 3493 sed
1262 3439 1317 3491 in
1344 3437 1528 3507 angelo
1559 3436 1800 3505 supplicii
1850 3436 2112 3499 ministro,
2135 3444 2188 3490 et
2218 3438 2270 3491 in
2301 3455 2379 3507 spe

1871 3436 2112 3499 ninistro,
2135 3444 2188 3490 et
2218 3438 2270 3491 in
2301 3455 2421 3507 spe-
2520 3443 2712 3506 θὼδους
2744 3442 2872 3512 ὕλης
2890 3445 3217 3500 κατεσθίειν
3250 3450 3347 3516 φλε

903 3528 983 3585 cie
1006 3530 1164 3599 ignis,
1192 3535 1244 3582 et
1292 3526 1543 3592 ﬂammae,
1594 3542 1710 3596 quae
1752 3525 1859 3580 cito
1886 3526 2057 3580 instar
2083 3529 2308 3597 agresns
2357 3546 2379 3582 a

1886 3526 2057 3580 instar
2083 3529 2308 3597 agrestis
2357 3544 2421 3583 ac
2521 3532 2641 3585 σθαι
2655 3530 2742 3583 οὖν
2763 3532 3000 3601 φασιτὴν
3026 3535 3131 3603 μὲν
3144 3535 3336 3604 βάτον,

904 3620 1179 3674 senticosa:
1212 3618 1445 3673 materia:
1473 3618 1593 3672 illos
1635 3623 1749 3671 erat
1789 3617 2106 3670 devoratura
2130 3654 2145 3680 ,
2197 3632 2380 3687 appar:

1871 3623 2106 3670 voratura
2130 3654 2145 3680 ,
2197 3632 2422 3687 appare—
2521 3624 2611 3676 καὶ
2628 3622 2803 3692 ἀπηνῆ
2819 3622 2909 3675 καὶ
2924 3624 3216 3695 ἀνήμερον
3238 3645 3347 3698 μοχ

903 3711 1011 3764 bat.
1044 3709 1238 3762 Dicunt
1284 3708 1446 3778 igitur
1489 3722 1583 3777 per
1632 3707 1824 3760 rubum
1868 3707 2079 3775 quidem
2132 3707 2379 3777 signiﬁca]

1871 3707 2079 3775 quidem
2132 3707 2419 3777 signiﬁcari
2520 3711 2771 3789 λωὸῶσαν
2789 3711 2980 3772 αὐτοὺς
3031 3717 3291 3785 τιμωρὸν
3316 3734 3347 3769 κ

904 3800 1271 3870 Egyptiorum
1306 3804 1565 3868 agrestem
1603 3806 1657 3853 et
1681 3799 1935 3854 immitem
1961 3807 2016 3854 et
2048 3799 2213 3854 feram
2246 3806 2579 3871 pravitatem,
2609 3820 2702 3875 per
2730 3806 2903 3874 ignem
2952 3821 3095 3860 vero
3148 3809 3263 3863 vim
3320 3812 3348 3863 il

903 3893 1180 3961 stigantem
1207 3905 1322 3959 quae
1348 3890 1467 3943 illos
1502 3889 1713 3944 invasit.
3188 3878 3198 3887 ’

1358 3982 1512 4053 241
1546 3980 1770 4037 CAPUT
1804 3980 1940 4035 xw.

1868 3980 1940 4035 [ν.
3034 3988 3344 4042 ΚΕΦΑΛΑῘ

904 4072 1051 4140 Quod
1106 4071 1526 4144 quemadmodum
1564 4071 1795 4144 patribus
1846 4072 2072 4144 humano
2112 4074 2380 4144 [ormagsi

1869 4088 2072 4144 mmano
2112 4074 2415 4144 [ormagsic
2520 4077 2616 4141 Ὠς
2642 4073 2897 4140 καθάπερ
2925 4075 3056 4140 τοῖς
3099 4078 3345 4144 statde

972 4144 1023 4213 in
1048 4138 1209 4210 specie
1233 4139 1378 4213 nubis
1411 4138 1604 4209 Moysi,
1633 4148 1681 4193 et
1702 4148 1882 4192 cuncto
1911 4138 2260 4208 populo‘Deus
2292 4138 2415 4198 Ver-

1871 4155 1882 4190 ›
1911 4138 2260 4208 ροριιίοᾞειιε
2292 4138 2415 4198 Ver-
2574 4138 2730 4212 βιατι,
2754 4138 2938 4213 οὕτως
2970 4138 3043 4196 ἐνί
3071 4138 3233 4198 εἷδεί
3255 4164 3347 4213 reg

971 4211 1086 4262 bum
1109 4212 1369 4276 apparuit.

2577 4211 2655 4277 τῷ
2683 4211 2805 4275 λαῷ
2832 4214 2863 4264 ό
2893 4212 3041 4278 Θεὸς
3073 4216 3268 4282 Λόγος
3299 4211 3347 4282 es

966 4322 1135 4375 «Dixit
1162 4328 1335 4375 autem
1355 4319 1612 4375 Dominus
1639 4318 1703 4372 ad
1730 4318 1959 4374 Mosem:
1991 4320 2126 4376 Ecce
2145 4338 2242 4393 ego
2262 4326 2414 4378 venio

1871 4335 1959 4372 ωε
1991 4320 2126 4376 Ecce
2145 4338 2242 4393 ego
2262 4326 2414 4378 venio
2585 4341 2604 4373 ί
2642 4317 2775 4373 Εἷπε
2812 4318 2869 4372 δὲ
2906 4322 3115 4393 Κύριος
3161 4323 3298 4393 πρὸς
3337 4326 3347 4377 l

899 4412 963 4465 ad
994 4420 1048 4465 te
1075 4411 1131 4464 in
1161 4412 1407 4464 columna
1440 4409 1623 4470 nubis,
1662 4414 1720 4461 ut
1748 4408 1930 4461 audiat
1961 4411 2187 4479 populus
2217 4427 2299 4467 me
2333 4413 2375 4466 lo

1839 4408 1930 4461 liat
1961 4411 2187 4479 populus
2217 4427 2299 4467 me
2333 4413 2411 4466 lo-
2439 4422 2483 4476 ι)
2509 4410 2721 4478 γίνομαι
2772 4408 2903 4476 πρὸς
2947 4409 3008 4461 σὲ
3042 4411 3099 4463 ὲν
3139 4409 3315 4480 στύλῳ

896 4512 1140 4573 quentem
1166 4500 1231 4553 ad
1263 4507 1332 4563 te,
1369 4508 1425 4556 et
1447 4499 1544 4554 tibi
1569 4498 1787 4553 credant
1810 4497 1883 4564 ⁸⁸;
1920 4516 1939 4549 ι
1964 4507 2017 4553 et
2042 4515 2159 4569 quae
2182 4516 2372 4570 sequuti

1871 4516 1883 4564 ;
1920 4516 1939 4549 ³
1964 4507 2017 4553 ει
2042 4515 2159 4569 Quae
2182 4516 2412 4570 sequun-
2503 4495 2627 4560 λαὸς
2649 4495 2928 4558 λαλοῦντός
2956 4516 3057 4567 μου
3083 4500 3220 4571 πρὸς
3236 4500 3314 4562 σὲ,
3342 4519 3347 4553 ε

895 4600 984 4646 tur
1015 4610 1028 4646 :
1058 4609 1075 4642 ι
1111 4589 1249 4644 Deus
1277 4598 1453 4645 autem
1482 4587 1823 4642 antecedebat
1850 4602 1943 4642 eos
1968 4587 2053 4643 die
2086 4590 2140 4642 in
2167 4590 2371 4644 column

1857 4602 1943 4642 eos
1968 4587 2053 4643 die
2086 4590 2140 4642 in
2167 4590 2411 4644 columna
2505 4585 2627 4652 ἑξῆς
2649 4601 2662 4614 ’
2712 4603 2729 4635 ι
2767 4585 2823 4637 '0
2861 4584 2916 4636 δὲ
2959 4586 3093 4651 Θεὸς
3155 4591 3333 4659 ἡγεῖτο

894 4681 1052 4736 nubis
1078 4681 1131 4734 in
1148 4679 1258 4748 via,
1281 4687 1443 4734 noctu
1466 4691 1593 4731 vero
1613 4674 1670 4729 in
1693 4676 1939 4729 columna
1970 4676 2107 4746 ignis
2130 4685 2189 4731 ut
2215 4678 2370 4732 lucere

1865 4690 1939 4729 ina
1970 4676 2107 4746 ignis
2130 4685 2189 4731 ut
2215 4678 2412 4732 luceret
2506 4670 2674 4739 στύλῳ
2696 4670 2938 4740 νεφέλης,
2970 4675 3134 4739 δεῖξαι
3161 4678 3341 4738 αὐτοῖς

894 4773 971 4829 eis
990 4773 1055 4827 ".
1084 4790 1102 4823 ι
1125 4770 1187 4824 Et
1213 4785 1431 4826 rursus:
1458 4787 1477 4819 ‹
1504 4766 1786 4823 Descendit
1805 4765 2063 4821 Dominus
2092 4768 2145 4820 in
2168 4767 2370 4820 column

1862 4768 2063 4821 ominus
2092 4768 2145 4820 in
2168 4767 2410 4820 columna
2503 4761 2558 4810 ὲν
2601 4759 2771 4829 στόλῳ
2814 4761 3015 4831 πυρὸς,
3058 4763 3152 4817 τοῦ
3188 4764 3338 4834 φαίνε

892 4862 1049 4916 nubis
1074 4861 1141 4914 τυ.
1171 4879 1189 4912 ι
1220 4859 1284 4913 Et
1304 4875 1527 4914 rursus:
1565 4877 1584 4909 ί
1610 4857 1741 4912 Cum
1767 4866 1942 4912 autem
1969 4860 2243 4929 ingressus
2267 4871 2368 4910 esse

1869 4873 1942 4912 em
1969 4860 2243 4929 ingressus
2267 4865 2406 4910 esset
2514 4867 2532 4897 ί
2574 4848 2787 4918 Κατὲδη
2827 4851 3031 4921 Κύριος
3071 4855 3129 4905 ἐν
3178 4853 3345 4923 στόλῳ

892 4943 1064 5002 Moses
1090 4948 1145 5000 in
1170 4947 1596 5010 tabernaculum,
1627 4944 1902 5000 descendit
1938 4948 2185 5000 columna
2226 4943 2368 4998 nubis

1870 4946 1902 4998 ίι
1938 4948 2185 5000 columna
2226 4943 2402 5007 nubis,
2514 4953 2532 4985 t
2574 4934 2758 4989 Ἦνίκα
2787 4938 2831 4990 δ’
2872 4939 2939 4992 ἂν
2965 4941 3174 5011 εἰσῆλθε
3215 4943 3346 4994 Μωσ

893 5042 945 5085 et
967 5037 1113 5088 stetit
1135 5038 1190 5089 in
1213 5035 1415 5090 foribus
1444 5034 1775 5090 tabernaculi
1803 5073 1818 5100 ,
1860 5043 1912 5091 et
1939 5036 2256 5105 loquebatur
2282 5047 2369 5086 cur

1871 5043 1912 5091 et
1939 5036 2256 5105 loquebatur
2282 5047 2401 5086 cum
2507 5022 2709 5088 έδαινεγ
2754 5029 2781 5079 ὁ
2826 5028 3015 5093 στῦλος
3056 5031 3154 5098 τῆς
3189 5029 3347 5105 νεφέλλ

896 5116 1058 5184 Mose,
1092 5129 1144 5174 et
1181 5126 1426 5178 cernebat
1461 5123 1636 5179 omnis
1660 5126 1887 5194 populus
1916 5102 2215 5180 columnam
2245 5121 2370 5175 nubi

1871 5140 1887 5179 ς
1916 5102 2215 5180 columnam
2245 5121 2403 5175 nubis
2507 5112 2670 5184 θύρας
2694 5116 2790 5185 τῆς
2822 5119 3044 5189 σκηνῆς,
3092 5121 3182 5173 καὶ
3217 5102 3347 5171 έλάλι

894 5212 1123 5259 stantem
1147 5208 1202 5260 in
1240 5209 1445 5270 foribus
1485 5214 1842 5281 tabernaculi,
1878 5222 1932 5268 et
1970 5220 2197 5270 stantem
2225 5210 2367 5265 omni

1878 5222 1932 5268 et
1970 5220 2197 5270 stantem
2225 5210 2399 5265 omnis
2495 5206 2601 5268 πᾶς
2635 5208 2663 5258 ὁ
2685 5206 2809 5270 λαὸς
2841 5209 2932 5262 τὸν
2961 5211 3145 5263 στῦλον
3180 5209 3277 5276 τῆς
3307 5225 3347 5259 νε

893 5294 1120 5363 papulus
1160 5294 1533 5365 adoraverunt,
1578 5305 1948 5375 unusquisque
1996 5318 2028 5357 ι
2069 5300 2273 5355 foribus
2314 5312 2369 5353 su

1871 5316 1948 5374 [ue
1996 5318 2028 5357 ι
2069 5300 2273 5355 foribus
2314 5298 2400 5353 sui
2497 5295 2671 5366 θυρῶν
2708 5297 2807 5367 τῆς
2848 5302 3072 5371 σκηνῆςθ
3124 5300 3213 5352 καὶ
3237 5299 3347 5351 στάκ

892 5382 1219 5435 tabernaculi
1243 5384 1306 5435 ἰ.
1347 5403 1365 5435 ι
1399 5386 1631 5457 Populus
1673 5394 1890 5464 quidem
1919 5390 2168 5447 cernebat
2197 5387 2368 5441 colum

1871 5408 1890 5447 ι
1919 5390 2168 5447 cernebat
2197 5387 2401 5441 colum-
2500 5386 2783 5457 εκύνησαν,
2806 5388 3027 5451 ἕκαστος
3046 5389 3148 5442 ἀπὸ
3165 5389 3258 5457 τῆς
3281 5387 3347 5453 θός

894 5487 1015 5528 nam
1057 5472 1213 5527 nubis
1254 5475 1356 5529 hoc
1385 5479 1523 5544 loco,
1562 5496 1686 5536 cum
1711 5483 1856 5542 Mose
1898 5498 2026 5541 vero
2063 5478 2370 5551 loquebatur

1898 5498 2026 5541 vero
2063 5478 2397 5551 loquebalur.
2509 5477 2564 5532 '0
2590 5481 2684 5548 μὲν
2721 5476 2812 5535 οὖν
2839 5481 2961 5542 λαὸς
2989 5479 3126 5548 ἐώρα
3164 5477 3249 5529 τὸν
3278 5476 3347 5528 στί

959 5585 1002 5616 ⁸⁷
1028 5584 1179 5638 Joan.
1209 5601 1317 5651 xw,
1348 5591 1399 5646 9.
1473 5594 1517 5628 ⁸⁸
1545 5593 1711 5648 Exod.
1731 5611 1844 5664 xu,
1897 5600 1951 5654 9.
2022 5597 2066 5628 °’
2098 5592 2262 5648 Exod.
2292 5595 2435 5657 mu,‘

1897 5600 1951 5654 9.
2022 5597 2066 5628 °’
2098 5592 2262 5648 Exod.
2292 5605 2410 5657 mu,
2432 5589 2523 5650 2i.
2604 5593 2651 5626 "
2685 5592 2844 5651 Num.
2877 5609 2972 5660 xu,
3004 5592 3053 5646 5.
3127 5592 3169 5622 “
3199 5589 3347 5642 Exod.

961 5676 1036 5749 (ί)
1079 5676 1463 5751 “Veratrum.
1495 5687 1654 5746 Forte
1680 5686 2009 5756 ἐπεφαίνετο.
2048 5686 2198 5742 Eutr.
