3738 6328
117 376 190 428 393

1079 349 1706 407 DEMONSTRATIONIS
1741 343 2182 403 EVANGELICE
2220 302 2450 401 ιιΒξν.

3238 349 3342 403 σοι

148 479 249 529 ,εις
278 448 488 511 ἓλᾶλει-
517 454 632 522 Τίς
664 460 716 513 δ’
749 463 950 520 ἐλάλει
971 506 985 531 ,
1014 469 1048 540 ἢ
1085 469 1318 540 δηλονότι
1344 473 1372 522 6
1409 467 1591 531 στῦλος
1624 469 1720 539 τῆς

1835 464 1951 531 luis
1978 477 2131 534 porro
2171 461 2531 531 loquebatur?
2562 461 2809 515 columna
2859 463 3019 518 nubis
3070 462 3340 526 videlicet,

163 561 362 627 νεφέλης,
389 545 421 598 δ
442 546 734 620 πρότερον
767 556 895 616 τοῖς
920 558 1190 627 πατράσιν
1213 560 1269 611 ὲν
1302 556 1580 627 ἀνθρώπου
1619 573 1719 626 φα-

172 648 254 708 νεὶς
275 637 537 713 σχήματα
573 639 1095 711 Προαποδέδεικται
1125 649 1200 711 δὲ,
1225 650 1305 701 ὅτι
1333 648 1403 718 μὴ
1431 649 1458 700 6
1482 648 1570 700 ἐπὶ
1593 647 1724 699 πρὶν⁶

184 749 265 786 των
285 726 396 790 Θεὸς
427 720 592 791 οὗτος
625 726 724 801 ἦν,
759 732 960 804 ἕτερος
984 735 1061 802 δὲ,
1098 736 1154 788 ὃν
1181 736 1313 788 Θεοῦ
1350 735 1514 803 Λόγον
1552 735 1723 806 ὑπάρ-

179 837 315 890 χοντα
337 817 572 887 Χριστὸν
622 821 801 889 ἡμεῖς
845 824 1349 894 προσαγορεύομεν·
1393 823 1452 886 ὃς
1478 825 1570 875 καὶ
1605 825 1722 876 τότε

183 910 260 962 τοῦ
294 907 512 978 πλήθους
543 908 747 962 ἕνεκεν
780 913 977 965 Μωσεῖ
1010 929 1068 964 τε
1126 912 1269 982 αὐτῷ
1296 914 1386 965 καὶ
1411 912 1487 981 τῷ
1519 912 1630 981 λαῷ
1668 915 1724 966 έν

177 1000 334 1069 στύλῳ
359 997 591 1066 νεφέλης
621 998 953 1069 ὲθεωρεῖτο,
978 999 1065 1052 διὰ
1088 1000 1148 1052 τὸ
1184 1001 1256 1070 μὴ
1298 1004 1490 1071 χωρεῖν
1532 1001 1725 1065 αὐτοὺς

175 1087 350 1158 ὁμοίως
378 1089 495 1148 τοῖς
549 1088 845 1157 πατράσιν
882 1090 940 1139 ὲν
985 1087 1266 1156 ἀνθρώπου
1318 1090 1548 1158 σχήματι
1596 1090 1724 1160 ὁρᾷν

168 1178 336 1231 αὐτόν.
356 1176 597 1230 Τελείων
647 1177 765 1247 γάρ
788 1195 843 1230 τι
882 1175 950 1249 ἦν
975 1179 1036 1231 τὸ
1074 1181 1305 1250 προορᾷν
1336 1178 1586 1232 δύνασθαι
1626 1179 1725 1249 τὴν

174 1266 442 1336 μέλλουσαν
496 1265 732 1318 ἔσεσθαί
794 1284 927 1319 ποτε
981 1269 1061 1330 εἰς
1108 1267 1423 1338 ἀνθρώπους
1472 1268 1724 1338 ένσαρκον

165 1358 467 1426 ἐπιφάνειαν
501 1356 704 1419 αὑτοῦ,
744 1359 833 1425 ἢν,
869 1358 989 1410 ἐπεὶ
1036 1358 1166 1428 μηδὲ
1195 1359 1313 1411 τότε
1361 1354 1467 1421 οἷός
1501 1375 1558 1410 τε
1598 1354 1664 1428 ἦν
1697 1360 1725 1411 6

167 1447 268 1507 πᾶς
291 1444 408 1506 λαὸς
444 1449 681 1515 χωρεῖν,
712 1448 941 1508 είκὸτως
966 1447 1084 1499 τοτὲ
1112 1448 1204 1516 μὲν
1234 1450 1412 1509 αὐτοῖς
1433 1446 1520 1499 διὰ
1534 1446 1723 1516 πυρὸς,

161 1531 322 1599 φόϐου
340 1531 499 1601 χάριν
529 1533 632 1584 καὶ
670 1533 1099 1602 καταπλήξεως,
1132 1534 1249 1586 τοτὲ
1275 1534 1329 1586 δὲ
1367 1534 1454 1586 διὰ
1481 1534 1722 1603 νεφέλης,

162 1620 308 1674 ῶσὰν
327 1623 787 1691 ἑπεσκιασμένως
835 1625 930 1676 καὶ
971 1624 1386 1694 κεκαλυμμένους
1432 1624 1726 1694 νομοθετῶν

160 1711 363 1775 αὐτοὺς,
390 1712 595 1783 ὁρῷτο,
618 1713 830 1783 ὁμοίως
861 1714 917 1766 δὲ
981 1714 1071 1767 καὶ
1099 1713 1175 1783 τῷ
1214 1717 1398 1769 Μωσεῖ
1421 1714 1485 1767 δι’
1513 1715 1722 1777 αὐτούς.

686 1999 1090 2052 ΚΕΦΑΛΑΙΟΝ
1126 2000 1224 2052 IE'.

162 2113 293 2166 ὀτι
320 2110 467 2180 μηδὲ
510 2109 813 2180 (intimi;
866 2111 1048 2180 9:15ch
1068 2106 1145 2179 ἦν
1174 2109 1329 2180 ήμτῷ
1364 2111 1558 2165 Μωσεῐ
1585 2131 1725 2180 χρη-

223 2175 573 2305 μλιὲἷιζουσα,
601 2175 906 2247 ’κρείττωίν
964 2177 1030 2231 δέ
1072 2175 1161 2244 τις
1204 2175 1287 2249 ἦν
1311 2179 1348 2247 ἢ
1397 2183 1523 2233 κατ’
1566 2175 1729 2251 ἅγγε-

169 2449 267 2501 μου
301 2432 394 2502 πρὸ
425 2430 735 2502 προσώπου
778 2444 901 2499 μου,
945 2430 1030 2482 ἵνα
1065 2429 1270 2501 φυλάξῃ
1303 2446 1360 2482 σε
1407 2431 1464 2482 ὲν
1490 2434 1555 2501 τῇ
1607 2431 1728 2500 ὁδῷ,

166 2521 313 2583 ὅπως
330 2520 604 2591 εἰσαγάγῃ
622 2536 683 2572 σε
706 2521 789 2581 είς
807 2518 904 2588 τὴν
930 2519 1052 2588 γῆν,
1069 2518 1134 2587 ῆν
1157 2519 1423 2588 ἡτοίμασά
1445 2536 1542 2572 σοι.
1561 2520 1733 2590 Πρόσ-

170 2627 257 2679 qs
296 2610 430 2681 αύτῷ
463 2611 562 2663 καὶ
608 2610 863 2662 είσάκουε
912 2608 1107 2671 αὐτοῦ,
1139 2609 1231 2661 καὶ
1267 2609 1340 2679 μὴ
1383 2609 1592 2662 ἀπείθει
1639 2612 1733 2663 αύ-

172 2700 246 2768 τῷ
268 2716 282 2728 ’
315 2700 366 2750 ού
406 2697 521 2767 γὰρ
560 2697 638 2768 μὴ
672 2697 1058 2766 ὕποστείληταί
1088 2713 1173 2749 σε·
1206 2696 1266 2750 τὸ
1302 2697 1407 2768 γὰρ
1436 2698 1602 2768 ὄνομά
1632 2717 1730 2770 μου

179 2785 326 2837 ἔστιν
354 2787 433 2837 ἐπ’
468 2784 645 2855 αὐτῷ.
687 2801 707 2835 ι
754 2785 863 2836 Καὶ
907 2784 965 2835 ὲν
1012 2783 1180 2853 ἑτέρῳ
1224 2783 1401 2853 τόπῳ·
1448 2804 1465 2836 ι
1502 2782 1635 2839 Εἶπε
1674 2787 1732 2839 δὲ

179 2873 372 2944 Κύριος
419 2875 560 2945 πρὸς
621 2873 857 2942 Μωσῆνο
899 2872 1139 2936 Βάδισον,
1186 2874 1281 2926 καὶ
1338 2873 1594 2945 ὁδήγησον
1642 2876 1733 2929 τὸν

180 2961 310 3015 λαὸν
338 2966 408 3026 είς
429 2965 521 3015 τὸν
549 2963 719 3015 τόπον
743 2963 801 3014 ὃν
826 2961 1024 3032 εἴρηκά
1050 2979 1130 3014 σοι
1149 2978 1162 2991 ·
1200 2961 1304 3016 ἰδοὺ
1330 2963 1358 3014 6
1380 2962 1604 3031 ἄγγελός
1634 2981 1734 3034 μου

184 3051 569 3122 προπορεύεται
609 3051 718 3122 πρὸ
737 3049 1026 3120 προσώπου
1055 3068 1166 3104 σου.
1196 3070 1215 3103 ι
1244 3052 1352 3105 Καὶ
1376 3053 1559 3107 πάλιν⁹
1585 3072 1604 3105 ι
1626 3054 1735 3107 Καὶ

185 3136 303 3195 sine
338 3141 531 3213 Κύριος
595 3140 736 3210 πρὸς
776 3140 983 3208 Μωσῆν
1007 3157 1020 3170 ·
1062 3141 1332 3211 Πορεύου,
1374 3142 1467 3195 καὶ
1507 3142 1734 3213 ἀνάϐηθι

191 3230 429 3285 ἐντεῦθεν
479 3231 542 3283 σὺ
577 3232 675 3283 καὶ
719 3231 748 3282 6
785 3229 939 3291 λαός·
979 3248 998 3280 ι
1032 3230 1125 3281 καὶ
1167 3229 1234 3283 τὰ
1256 3230 1399 3300 ἑξῆς
1437 3233 1582 3286 «Καὶ
1617 3249 1736 3286 συν-

192 3320 457 3373 αποστελῶ
504 3320 631 3389 πρδκ
663 3318 956 3388 προσώπου
1003 3334 1095 3370 σου
1144 3319 1232 3371 τὸν
1283 3319 1508 3388 ἄγγελόν
1548 3337 1668 3391 μου.
1707 3340 1727 3374 ι

188 3403 356 3463 Abeat
392 3412 468 3463 ὅτι
519 3410 594 3480 μὴ
635 3408 891 3477 ἀγγέλου,
929 3407 1090 3477 μόνου
1115 3407 1173 3460 δὲ
1219 3407 1350 3461 Θεοῦ
1395 3410 1627 3477 γένοιντο
1672 3410 1737 3465 ἂν

191 3500 382 3563 φωναὶ,
405 3500 559 3551 παντί
587 3515 668 3567 τῳ
699 3497 980 3568 πρόδηλον.
1005 3496 1138 3550 Θεοῦ
1165 3497 1221 3551 δὲ
1246 3497 1418 3560 τίνος,
1452 3498 1486 3568 ἢ
1505 3498 1596 3552 τοῦ
1626 3501 1738 3564 τοῖς

192 3589 544 3657 προπάτορσιν
592 3587 945 3659 έωραμένου;
996 3587 1055 3639 ὃν
1106 3588 1327 3655 ἄγγελον
1370 3588 1500 3641 Θεοῦ
1554 3590 1738 3657 σαφῶς

193 3681 473 3745 προσεῖπεν
499 3684 528 3734 ὁ
558 3678 771 3733 Ἰακώϐ.
800 3671 967 3741 Οὗτος
997 3678 1054 3731 δὲ
1084 3674 1152 3749 ἦν
1170 3681 1299 3748 ἡμῖν
1324 3680 1352 3732 6
1382 3678 1513 3732 Θεοῦ
1548 3679 1735 3747 Λόγος,

194 3763 347 3817 ώσὰν
375 3769 459 3821 καὶ
485 3768 616 3823 Θεοῦ
648 3770 781 3830 παῖς
801 3767 893 3820 καὶ
907 3767 1087 3830 αὐτὸς,
1103 3766 1253 3831 Θεὸς,
1273 3768 1364 3820 καὶ
1390 3768 1587 3838 Κύριος
1609 3767 1740 3820 ὠνο-

198 3859 484 3926 μασμένος-

689 3947 1082 4002 ΚΕΦΔΛΑΙΟΝ
1120 3949 1235 4013 ις’.

207 4031 312 4099 Ὠς
341 4038 371 4089 ὁ
389 4038 559 4104 αὐτὸς
587 4040 806 4106 Κύριος
833 4037 966 4105 περὶ
989 4036 1191 4106 ἑτέρου
1220 4035 1485 4091 διδάσκει
1501 4037 1735 4105 Κυρίου.

634 4107 780 4161 Ἀπὸ
814 4106 921 4160 τοῦ
960 4105 1312 4172 Δεκαλότου.

281 4211 305 4242 ς
347 4194 466 4263 Ἐγώ
491 4199 600 4267 είμι
627 4196 833 4267 Κύριος
854 4198 883 4248 6
916 4195 1048 4258 Θεός
1078 4211 1193 4256 σου,
1221 4196 1249 4245 6
1273 4194 1548 4263 ἐξαγαγών
1576 4213 1634 4248 σε
1675 4198 1741 4251 ἐκ

206 4280 319 4349 τῆς
340 4286 583 4355 Αἰγύπτου
606 4327 621 4352 ,
675 4289 735 4354 ἐξ
766 4289 916 4341 οἴκου
962 4285 1215 4348 δουλείας.
1244 4285 1354 4338 Οὐκ
1405 4284 1612 4338 ἔσονταί
1660 4301 1739 4340 σοι

203 4368 329 4423 θεοὶ
352 4374 502 4448 ἕτεροι
518 4379 651 4450 πλὴν
676 4377 831 4448 ἐμοῦ,
859 4396 877 4427 ι
906 4375 1083 4429 καὶτὰ
1103 4374 1248 4445 έξῆς·
1279 4394 1297 4426 ι
1332 4375 1469 4443 Ἐγὼ
1494 4376 1600 4444 γάρ
1627 4375 1739 4445 είμι

236 2362 255 2393 ι
285 2339 409 2396 Eine
447 2344 697 2414 Κύριος
739 2340 869 2393 Ἰδοὺ
923 2337 1032 2406 ἐγὼ
1062 2339 1369 2393 ἀποστέλλω
1392 2340 1480 2394 τὸν
1507 2342 1745 2410 ἄγγελόν,

1822 570 1943 609 cum
1978 554 2112 609 idem
2157 550 2297 608 Deus
2326 563 2481 606 antea
2527 551 2766 619 patribus
2802 552 2856 604 in
2896 552 3129 606 hominis
3170 551 3342 605 forma

1822 644 2171 714 apparuisset.
2229 641 2402 711 Supra
2450 655 2576 694 vero
2618 639 2728 708 jam
2769 640 3187 695 demonstratum
3236 648 3342 703 est,

1823 734 1965 804 quod
1993 748 2096 786 non
2133 731 2289 785 Pater
2312 731 2448 784 Deus
2467 730 2554 782 hic
2574 738 2737 793 esset,
2764 730 2843 784 sic
2864 732 3019 794 alter,
3040 746 3196 800 quem
3218 745 3343 790 nos.

1822 839 1942 877 cum
1986 822 2077 876 Dei
2120 822 2191 875 sit
2230 819 2487 884 Verbum,
2520 819 2789 873 Christqu
2831 833 3220 889 nuncupamus,
3249 819 3343 891 qui

1822 917 1950 964 tunc
1971 919 2186 978 propter
2209 909 2599 963 multitudinem
2626 909 2918 977 vulgarem,
2974 916 3028 962 et
3058 909 3158 977 ipsi
3186 909 3342 972 Mosi,

1821 1007 1873 1053 et
1909 1000 2102 1068 populo
2132 999 2184 1053 in
2223 999 2471 1052 columna
2500 997 2659 1051 nubis
2691 997 3028 1060 cernebatur,
3064 1007 3345 1067 prepterea

1823 1088 1962 1156 quod
2008 1104 2114 1140 non
2152 1088 2332 1141 itidem
2364 1098 2422 1140 ut
2448 1096 2647 1157 patres,
2685 1086 2867 1150 videre
2899 1086 3046 1139 illum
3092 1088 3144 1140 in
3176 1088 3345 1143 forma

1823 1177 2075 1237 hominis.
2108 1175 2281 1229 idonei
2302 1184 2501 1230 essent.
2534 1174 2898 1230 Perfectorum
2921 1175 3061 1229 enim
3084 1175 3183 1230 hoc
3206 1186 3344 1241 erat,

1823 1282 1981 1336 posse
2011 1268 2154 1320 illius
2187 1266 2471 1320 adventum
2499 1267 2799 1335 providere,
2828 1267 2917 1336 qui
2947 1267 3073 1320 olim
3097 1268 3148 1319 in
3175 1268 3345 1321 Inomi-

1822 1356 1980 1410 nibus
2031 1370 2253 1424 corpore
2308 1356 2541 1408 humano
2601 1367 2895 1424 assumpto,
2944 1355 3155 1411 futurus
3205 1364 3344 1418 erat,

1824 1461 1981 1515 quem
2016 1460 2166 1508 sane,
2203 1460 2325 1497 cum
2356 1460 2421 1499 ne
2450 1455 2581 1497 tunc
2608 1445 2821 1513 quidem
2856 1444 3137 1499 universus
3177 1461 3347 1515 popu-

1823 1536 1905 1589 lus
1923 1543 2099 1605 posset
2123 1549 2332 1603 capere,
2359 1535 2549 1588 merito
2566 1535 2698 1587 alias
2715 1533 2928 1604 quidem
2949 1535 3028 1589 eis
3045 1551 3138 1605 per
3153 1538 3350 1606 ignem,

1823 1624 2053 1679 terrendi
2098 1623 2484 1692 cohibendique
2536 1638 2722 1683 causa,
2783 1623 2915 1676 alias
2957 1638 3051 1692 per
3122 1625 3345 1690 nubem,

1823 1717 1975 1784 quasi
2021 1714 2335 1769 adumbrate
2382 1722 2542 1782 atque
2576 1713 2812 1767 involute
2855 1713 2988 1767 dans
3031 1714 3137 1769 illis
3183 1715 3349 1785 leges,

1750 1799 1791 1853 Β
1819 1805 2153 1866 cernebatur,
2173 1802 2465 1872 eademque
2500 1804 2703 1856 ratione
2743 1801 2874 1856 Mosi
2894 1817 3104 1871 quoque
3135 1812 3353 1874 propter

1824 1894 1964 1948 illos.

2425 1999 2649 2053 CAPUT
2677 1999 2767 2053 XV

1824 2111 1980 2182 242
2025 2110 2174 2175 Quod
2204 2111 2445 2180 angelica'
2476 2128 2590 2182 non
2619 2112 2795 2182 fuerit,
2816 2120 3027 2175 natura,
3060 2127 3175 2180 quae
3215 2109 3354 2182 Mosi

1890 2179 2047 2231 dabat
2093 2179 2363 2247 responsa,
2396 2180 2485 2249 sed
2523 2179 2858 2248 praestantior
2892 2195 3045 2249 quam
3074 2179 3136 2232 ιιι
3169 2179 3236 2232 ad
3265 2197 3356 2233 an-

1887 2250 2055 2317 gelum
2084 2249 2264 2316 rcferri
2291 2248 2473 2315 possit.

1892 2356 1909 2387 ι
1935 2336 2077 2391 Dixit
2104 2336 2391 2391 Dominus:
2431 2336 2568 2392 Ecce
2587 2352 2687 2406 ego
2721 2339 2874 2392 mitto
2905 2339 3150 2409 angelum
3176 2352 3356 2394 meum

1829 2435 1952 2481 ante
1979 2426 2168 2481 faciem
2213 2434 2380 2490 tuam,
2413 2434 2470 2479 ut
2498 2427 2763 2482 custodiat
2803 2429 2926 2483 tein
2962 2431 3068 2493 via,
3096 2438 3155 2483 ut
3181 2428 3355 2483 intro-

1827 2513 1988 2568 dueat
2016 2526 2066 2570 te
2097 2516 2150 2568 in
2180 2523 2402 2577 terram.
2434 2531 2592 2585 quam
2614 2517 2792 2585 paravi
2810 2518 2906 2572 tibi
2930 2535 2944 2582 ;
2968 2518 3192 2573 observa
3209 2534 3355 2586 eum,

1827 2610 1880 2657 et
1908 2602 2030 2656 audi
2060 2619 2203 2665 eum,
2232 2619 2329 2659 nec
2357 2604 2432 2659 sis
2452 2605 2708 2660 adversus
2730 2605 2879 2659 illum
2898 2616 3182 2661 contumax
3210 2626 3224 2673 ;
3250 2624 3359 2664 non

1829 2692 1969 2745 enim
1994 2693 2223 2747 dimittet
2255 2703 2336 2760 te;
2367 2710 2561 2749 nomen
2582 2696 2723 2750 enim
2746 2711 2920 2750 meum
2941 2705 3025 2751 est
3052 2697 3106 2751 in
3131 2698 3222 2752 illo
3237 2700 3301 2751 τ’.
3332 2719 3352 2750 ι

1832 2781 1897 2835 Et
1926 2783 1981 2836 in
2006 2783 2114 2837 alio
2131 2784 2248 2839 loco
2277 2803 2291 2838 :
2316 2804 2334 2835 ι
2358 2784 2502 2839 Dixit
2537 2794 2711 2840 autem
2734 2785 2989 2841 Dominus
3034 2789 3099 2842 ad
3127 2788 3356 2844 Mosem:

1832 2869 2002 2934 Vade,
2032 2877 2085 2924 et
2111 2871 2218 2925 dux
2249 2880 2367 2926 esto
2384 2872 2546 2940 hujus
2574 2874 2757 2942 populi
2784 2874 2851 2926 ad
2875 2875 3049 2927 locum
3073 2888 3230 2942 quem
3250 2873 3361 2929 dixi

1831 2959 1947 3025 tibi;
1972 2974 2097 3015 ecce
2133 2961 2353 3030 angelus
2375 2979 2523 3017 meus
2540 2964 2806 3018 antecedit
2832 2964 2963 3018 te".
2994 2982 3013 3015 ι
3040 2963 3105 3016 Ει
3127 2979 3315 3020 rursus
3345 2984 3358 3020 :

1838 3065 1858 3098 ι
1880 3047 1947 3100 Et
1961 3049 2097 3103 dixit
2119 3048 2377 3106 Dominus
2410 3052 2476 3106 ad
2510 3052 2706 3108 Mosem
2725 3072 2737 3107 :
2757 3053 2878 3118 Abi,
2907 3061 2960 3108 et
2980 3053 3210 3109 ascende
3236 3054 3360 3108 hinc

1831 3139 1889 3187 tu
1929 3141 1984 3188 et
2013 3136 2263 3205 populus,
2305 3158 2323 3189 ι
2347 3147 2399 3192 et
2437 3148 2628 3194 emtera
2657 3159 2670 3195 :
2696 3140 2804 3194 «Et
2842 3157 2949 3196 una
2989 3141 3193 3196 mittam
3239 3151 3364 3198 ante

1831 3220 2020 3277 faciem
2050 3232 2196 3279 tuam
2235 3227 2482 3296 angelum
2541 3243 2716 3283 meum
2745 3230 2845 3283 νδ..
2895 3229 2988 3285 Hae
3022 3246 3150 3287 sane
3180 3248 3360 3297 voces,

1830 3312 1972 3382 quod
2010 3328 2117 3369 non
2157 3316 2329 3385 angeli
2360 3317 2454 3371 sed
2488 3319 2654 3372 solius
2688 3317 2782 3374 Dei
2811 3320 2942 3382 sint,
2974 3323 3261 3393 unicuique
3283 3325 3367 3378 [³-

1831 3403 1933 3457 cile
1953 3411 2202 3459 constare
2228 3404 2425 3475 potest.
2453 3406 2623 3475 Cujus
2650 3422 2810 3476 porro
2834 3407 2948 3474 Dei,
2976 3410 3075 3464 nisi
3109 3412 3228 3480 ejus
3269 3420 3363 3482 qut

1830 3482 2023 3561 pri'scis
2044 3494 2290 3562 patribus
2319 3495 2388 3549 sit
2409 3495 2772 3566 visus?quem
2800 3499 3046 3567 angelum
3076 3498 3168 3554 Dei
3203 3502 3362 3570 plane

1833 3582 2120 3651 appellavit
2162 3580 2349 3638 Iacob.
2398 3584 2512 3639 Hoc
2553 3593 2733 3640 autem
2782 3587 2940 3643 nobis
2992 3587 3082 3641 Dei
3125 3586 3360 3665 Verbum

1833 3671 1953 3737 ΐι..ι,
1984 3680 2168 3744 utpote
2195 3689 2316 3729 cum
2350 3684 2402 3730 et
2435 3675 2526 3731 Dei
2559 3675 2747 3742 Filius,
2768 3688 2820 3734 et
2847 3677 3005 3745 Deus,
3028 3690 3080 3734 et
3107 3679 3365 3740 Dominus

1834 3762 1948 3832 ipse
1981 3765 2051 3818 sit
2076 3764 2404 3819 nominatus.

2417 3943 2642 3999 CAPUT
2675 3944 2810 4001 XVI.

1837 4031 1987 4098 Quod
2014 4031 2147 4086 idem
2164 4033 2414 4089 Dominus
2438 4037 2501 4089 de
2526 4037 2629 4089 alio
2647 4036 2813 4101 docet,
2830 4038 3022 4093 scilicet
3042 4038 3205 4097 Filio.
3230 4070 3299 4083 —
3319 4042 3364 4097 Δ

2278 4102 2449 4157 decem
2484 4107 2752 4176 praeceptis
2776 4108 2921 4176 legis.

1912 4207 1931 4240 ι
1956 4189 2065 4260 Ego
2096 4205 2213 4246 sum
2245 4191 2500 4249 Dominus
2541 4194 2681 4251 Deus
2720 4208 2862 4261 tuus,
2894 4196 2985 4266 qui
3020 4196 3180 4251 eduxi
3216 4209 3267 4253 te
3291 4199 3360 4255 de

1837 4286 1977 4335 terra
1996 4279 2229 4351 Egypti,
2250 4281 2315 4337 de
2344 4282 2504 4337 domo
2532 4286 2825 4339 servitutis.
2854 4284 2970 4339 Non
2991 4295 3148 4341 erunt
3165 4287 3261 4341 tibi
3290 4286 3366 4340 dii

1840 4370 1931 4424 alii
1961 4378 2153 4440 praeter
2180 4387 2284 4435 me,
2308 4391 2326 4423 ι
2361 4380 2415 4427 et
2443 4382 2655 4430 cetera.
2695 4393 2713 4425 ι
2739 4374 2848 4446 Ego
2869 4377 3011 4432 enim
3041 4392 3158 4433 sum
3184 4374 3367 4431 Domi-

208 4457 451 4529 Κύριοςό
492 4467 616 4530 Θεός
647 4484 760 4531 σου,
794 4465 926 4529 Θεὸς
963 4465 1223 4537 ζηλωτής.
1255 4484 1273 4516 ι
1322 4466 1428 4517 Καὶ
1472 4464 1736 4534 ἐπιλέγει·

1841 4474 1943 4512 nus
1969 4460 2107 4514 Deus
2135 4467 2256 4514 tuus
2275 4462 2667 4527 aemulator",»
2701 4471 2754 4518 et
2783 4464 3056 4535 adjungit:
3089 4483 3109 4516 ι
3130 4463 3247 4519 Non
3278 4480 3371 4519 su-

212 4560 236 4593 ι
261 4547 344 4598 υύ
366 4548 486 4625 λήψῃ
511 4555 571 4608 τὸ
589 4556 757 4625 ὄνομα
777 4554 982 4624 Κυρίου
1009 4553 1102 4607 τοῦ
1124 4553 1256 4606 Θεοῦ
1284 4571 1375 4606 σου
1399 4554 1488 4607 ἐπὶ
1509 4553 1737 4625 ματαίῳ.

211 4633 294 4686 θῦ
316 4637 409 4709 γὰρ
430 4645 497 4717 μὴ
527 4646 797 4719 καθαρίσῃ
829 4644 1031 4715 Κύριος
1054 4643 1145 4696 τὺν
1183 4643 1514 4715 λαμϐάνοντα
1538 4643 1598 4696 τὸ
1627 4643 1740 4696 δνο-

216 4736 304 4787 μα
341 4728 476 4785 αὑτοῦ
509 4734 599 4787 ἐπὶ
638 4732 869 4802 ματαίῳ.
895 4751 915 4783 ι
952 4730 1240 4785 Κάνταῦθα
1286 4731 1440 4794 αὐτὸς
1477 4733 1505 4783 6
1544 4730 1740 4802 Κύριος

218 4811 529 4889 περὶὲτέρου
562 4820 769 4892 Κυρίου
799 4819 869 4872 τὰ
910 4817 1241 4889 προκείμενα
1265 4818 1519 4870 διδάσκει.
1559 4815 1741 4869 Εἰπὼν

218 4896 377 4963 γοῦν,
401 4924 418 4955 ι
453 4908 584 4975 Ἐγώ
617 4910 732 4978 εἰμι
765 4906 971 4977 Κύριος
1014 4908 1042 4957 6
1091 4904 1221 4967 Θεός
1267 4921 1380 4969 σου,
1422 4925 1439 4955 ι
1475 4905 1738 4973 ἐπιλέγειο

228 4986 347 5069 ξοΰ
364 4990 488 5069 λήψῃ
506 4998 566 5049 τὸ
582 4998 752 5067 δνομα
777 4996 986 5065 Κυρίου
1015 4994 1106 5046 τοῦ
1139 4994 1269 5046 Θεοῦ
1302 5007 1420 5047 σου·
1448 5014 1465 5045 ι
1493 4995 1618 5065 περὶ
1648 4992 1742 5048 τοῦ

221 5065 415 5145 Πατρδς
658 5065 754 5139 καὶ
782 5082 919 5135 Θεοῦ
948 5081 1056 5133 τῶν
1075 5081 1206 5133 ὅλων
1225 5083 1252 5131 ὁ
1272 5081 1513 5152 δεύτερος
1547 5083 1746 5153 Κύριος

221 5154 312 5206 τὸν
334 5162 612 5243 θεράποντα
653 5170 1053 5244 μυσταγωγῶν.
1083 5169 1272 5239 Εῦροις
1299 5171 1343 5222 δ’
1378 5171 1442 5223 ἂν
1479 5173 1571 5224 καὶ
1615 5173 1745 5226 ἄλλα

213 5249 372 5312 μυρία
395 5265 456 5317 δι’
479 5265 606 5335 ὅλης
627 5265 732 5333 τῆς
773 5264 926 5332 ἱερᾶς
957 5261 1194 5332 Γραφῆςν
1229 5260 1608 5329 παραπλησίως
1625 5263 1746 5316 “‘5‘

205 5341 317 5427 ξας
344 5351 762 5427 ἐξενηνεγμένα,
801 5352 872 5402 δι’
900 5346 977 5402 ὧν
1015 5351 1044 5400 6
1086 5348 1241 5410 Θεὸς,
1284 5350 1358 5411 ὡς
1399 5349 1523 5421 περὶ
1566 5351 1746 5421 ἑτέρου

200 5412 347 5510 θῗθδ.
378 5412 666 5505 καίαύτλς
701 5412 999 5507 ὁῨΚύριος,
1042 5437 1115 5498 ὡς
1149 5439 1272 5505 περὶ
1310 5412 1490 5508 ἐτέρου
1527 5412 1745 5510 Κυρίου,

185 5500 305 5573 πὺῗ
336 5534 622 5606 χρησμοὺς
643 5500 924 5581 έποιεῖτο.

1839 4561 1954 4600 mes
1977 4560 2170 4602 nomen
2207 4547 2420 4604 Domini
2445 4551 2536 4605 Dei
2573 4551 2713 4606 tuiin
2757 4567 2951 4606 vanum
2972 4554 3040 4609 ".
3081 4553 3194 4607 Nec
3227 4553 3369 4607 enim

1840 4634 2055 4688 habebit
2080 4636 2344 4691 insontem
2366 4636 2623 4694 Dominus
2646 4655 2765 4694 eum
2790 4640 2881 4709 qui
2905 4640 3253 4708 assumpserit
3277 4653 3373 4692 no-

1841 4737 1960 4777 men
1977 4722 2183 4779 Domini
2197 4727 2279 4781 sui
2293 4726 2508 4783 frustra.
2522 4747 2541 4780 ι
2563 4727 2675 4782 Hoc
2685 4730 2843 4783 etiam
2857 4729 2975 4782 loco
2990 4729 3102 4796 ipse
3115 4726 3372 4782 Dominus

1840 4827 1903 4867 ea
1941 4828 2059 4882 quae
2086 4818 2325 4884 exposita
2352 4826 2478 4872 sunt
2509 4820 2574 4873 de
2611 4819 2715 4872 alio
2730 4818 2905 4873 docet.
2939 4816 3210 4886 Siquidem
3243 4830 3368 4894 cum

1841 4902 2034 4957 (ﬁxerit
2054 4941 2069 4966 ,
2090 4921 2108 4953 ι
2133 4903 2243 4973 Ego
2271 4921 2389 4960 sum
2411 4908 2664 4962 Dominus
2711 4907 2847 4961 Deus
2868 4915 3014 4972 tuus,
3043 4926 3062 4958 ι
3092 4906 3331 4976 adiungit
3355 4924 3372 4963 :

1846 5009 1867 5043 ι
1890 4991 2003 5045 Non
2045 5008 2226 5047 sumes
2254 5010 2449 5050 nomen
2475 4997 2684 5052 Domini
2712 4997 2803 5054 Dei
2818 4997 2894 5050 tui
2916 5012 2928 5047 :
2960 5015 2979 5049 ι
3002 4995 3159 5069 243
3179 4997 3376 5067 quippe

1841 5096 1961 5136 cum
1974 5081 2037 5136 de
2062 5080 2294 5138 Patretet
2314 5083 2421 5139 Deo
2442 5087 2696 5151 universi,
2721 5088 2766 5141 is
2781 5087 2868 5157 qui
2899 5087 2965 5141 ab
2984 5088 3074 5141 illo
3097 5098 3178 5143 est
3199 5087 3378 5143 Domi-

1842 5187 1966 5235 nus,
1997 5187 2151 5225 suum
2174 5174 2386 5228 servum
2412 5178 2580 5231 sacris
2606 5176 2799 5230 initiet.
2814 5175 2931 5230 Alia
2944 5185 3196 5247 praeterea
3214 5178 3372 5231 innu-

1845 5262 2122 5315 merabilia
2165 5264 2404 5319 invenies
2437 5280 2530 5333 per
2568 5272 2733 5320 totam
2768 5266 3101 5337 Scripturam
3141 5283 3372 5331 sacram,

1846 5362 1963 5416 quae
2003 5350 2188 5405 eadem
2233 5353 2436 5406 ratione
2464 5369 2570 5422 qua
2614 5355 2726 5410 haec
2769 5358 3045 5412 enuntiata
3088 5366 3235 5423 sunt,
3285 5355 3376 5411 ubi

1843 5436 2001 5493 Pater
2038 5448 2291 5509 tanquam
2340 5442 2405 5495 de
2431 5443 2533 5498 alia
2562 5461 2812 5515 persona,
2861 5456 2914 5502 et
2962 5448 3078 5517 ipse
3121 5448 3376 5504 Dominus

1846 5535 2098 5597 tanquam
2121 5528 2187 5584 de
2230 5531 2335 5585 alio
2380 5536 2631 5603 quodam,
2666 5538 2883 5591 oracula
2912 5538 3186 5593 reddebat.

230 5646 285 5697 ’³
325 5687 488 5743 Exod.
520 5696 691 5741 χχιιι,
728 5672 935 5735 20,2l.
1008 5672 1053 5701 ⁷³
1087 5673 1223 5727 Exod
1280 5692 1450 5741 xxxii,
1482 5678 1566 5732 54.
1637 5680 1682 5711 τι
1716 5678 1736 5732 ε

1835 5680 1878 5735 d.
1911 5696 2097 5748 χχχιιι,
2132 5683 2252 5751 1,2.
2327 5686 2565 5745 “Exod.
2607 5689 2832 5755 xx,2-5.
2904 5690 2950 5722 ⁷⁸
2990 5689 3120 5743 ibid.
3163 5650 3208 5745 ..

482 5778 786 5836 ΡΑτιιοι..
827 5764 945 5822 (in.
986 5763 1171 5826 XXll.

3032 5778 3105 5838 13
