3738 6314
747 362 842 416 395

1290 465 1502 523 CAPU'I
1545 459 1705 514 XVII.

746 590 893 658 Quod
925 605 967 641 is
999 600 1177 638 rursus
1201 580 1468 638 Dominus,
1516 574 1601 644 qui
1630 567 1774 658 Mosi.
1810 578 2056 658 respousa
2085 555 2264 658 da‘bat:

801 661 959 712 alium
1003 672 1033 707 a
1073 669 1168 721 quo
1196 658 1309 721 erat
1343 627 1642 721 agnos-oens,
1675 627 2106 700 Patrem’utique,
2137 627 2270 677 hunc

813 732 977 795 ipsum
1009 715 1158 775 suum
1184 720 1345 772 Deum
1369 715 1604 769 vocabat.

819 859 836 891 ι
863 839 925 891 Et
955 836 1087 891 dixit
1110 832 1368 885 Dominus
1406 827 1471 880 ad
1500 825 1734 893 Moysem
1762 840 1774 874 :
1799 818 1865 870 Et
1903 816 2005 868 hoc
2033 811 2128 864 tibi
2163 823 2275 862 ver-

748 935 893 992 bum,
929 927 1072 998 quod
1096 921 1298 982 dixisti,
1327 918 1539 972 faciam.
1577 909 1832 966 Invenisti
1866 906 2007 960 enim
2045 899 2272 971 gratiam

747 1035 924 1076 coram
942 994 1046 1078 me,
1065 1025 1115 1069 et
1131 1012 1253 1067 novi
1267 1019 1318 1064 te
1331 1017 1522 1078 prater
1532 1019 1740 1059 omnes.
1755 1021 1772 1051 ι
1796 999 1860 1052 Et
1884 997 2017 1051 dixit
2035 994 2241 1064 Moyses
2260 1008 2273 1043 :

753 1129 771 1162 ‹
791 1107 1021 1164 Ostende
1040 1104 1168 1158 mihi
1182 1110 1326 1156 tuam
1345 1099 1588 1167 gloriam.
1605 1114 1622 1144 ι
1639 1093 1704 1146 Ει
1719 1091 1912 1145 dixitzi
1935 1086 2042 1155 Ego
2064 1081 2278 1136 anteibo

750 1201 893 1270 prior
934 1205 986 1250 te
1018 1194 1186 1264 gloria
1221 1205 1360 1253 mea,
1393 1194 1446 1242 et
1467 1186 1669 1240 vocabo
1705 1183 1757 1235 in
1789 1178 2005 1233 nomine
2029 1188 2144 1228 meo
2172 1171 2277 1224 Do-

749 1288 951 1342 minum
987 1296 1164 1338 coram
1194 1289 1265 1341 te,
1297 1285 1350 1331 et
1389 1273 1687 1329 miserabor
1717 1268 2087 1337 cujuscunque
2116 1260 2280 1312 mise-

749 1391 891 1438 reor,
938 1381 991 1427 et
1035 1372 1271 1424 clemens
1317 1380 1410 1420 ero
1450 1377 1573 1431 erga
1608 1369 1981 1429 quemcunque
2019 1366 2136 1406 sum
2170 1349 2278 1402 cle-

749 1464 980 1520 mens".
1009 1481 1025 1512 ι
1050 1459 1112 1512 Et
1138 1469 1258 1528 post
1287 1456 1391 1510 alia
1429 1452 1691 1520 adjungit,
1718 1457 1877 1516 atque
1902 1445 1974 1496 ait
1998 1463 2010 1496 :
2036 1460 2054 1491 ι
2093 1439 2156 1492 Et
2195 1439 2282 1492 de-

751 1554 960 1610 scendit
984 1547 1306 1604 Dominusin
1331 1545 1488 1605 nube,
1516 1548 1568 1596 et
1586 1539 1788 1593 adstitit
1814 1536 1862 1590 ci
1891 1535 2017 1589 illic.
2044 1539 2097 1586 et
2122 1543 2280 1584 voca-

750 1644 825 1696 vit
866 1643 921 1693 in
987 1637 1202 1692 nomine
1245 1630 1486 1685 Domini:
1537 1634 1589 1680 et
1625 1623 1872 1678 transivit
1919 1618 2176 1671 Dominus
2227 1614 2283 1665 in

752 1732 964 1787 nomine
1011 1728 1201 1797 ipsius,
1235 1730 1288 1778 et
1327 1720 1569 1775 vocavit:
1593 1715 1836 1776 Domine,
1864 1709 2109 1768 Domine,
2147 1703 2283 1757 Deus
2313 1753 2355 1806 Β

752 1823 985 1878 clemens
1010 1826 1062 1871 et
1095 1813 1423 1872 misericors,
1453 1803 1794 1875 longanimis,
1829 1809 1882 1854 et
1911 1798 2088 1850 multae
2131 1794 2284 1846 mise-

751 1909 997 1969 rationis,
1041 1911 1094 1958 et
1137 1915 1320 1965 verax,
1361 1904 1414 1950 et
1457 1893 1721 1964 justitiam
1782 1900 2024 1946 servans,
2078 1881 2282 1934 iaciens

752 1994 1176 2056 misericordiam
1224 1993 1278 2044 in
1340 1985 1526 2045 millia,
1575 1980 1824 2035 auferens
1878 1973 2190 2043 iniquitates
2229 1977 2282 2023 et

755 2086 1064 2159 injustitias,
1089 2088 1140 2135 et
1158 2083 1374 2149 peccata
1408 2089 1421 2125 :
1451 2080 1503 2127 et
1547 2068 1859 2140 purgatione
1881 2079 1988 2117 non
2035 2058 2284 2130 purgabit

756 2145 933 2230 reum:
968 2145 1228 2229 inducens
1261 2169 1476 2235 peccata
1508 2166 1720 2229 patrum
1765 2155 1819 2207 in
1850 2145 2008 2214 ﬁlios,
2054 2160 2106 2202 et
2146 2147 2284 2200 ﬁlios

756 2263 1006 2324 ﬁliorum,
1041 2261 1094 2312 in
1133 2258 1345 2332 tertiam
1406 2261 1459 2308 et
1487 2259 1733 2322 quartam
1762 2237 2157 2316 generationem
2186 2258 2198 2291 :
2231 2245 2284 2291 et

755 2368 876 2407 cum
907 2352 1212 2406 festinasset
1268 2345 1462 2409 Moses,
1507 2347 1760 2396 curvatus
1792 2337 1847 2390 in
1880 2338 2074 2389 te'rram
2095 2331 2285 2384 adora-

755 2443 828 2495 vit
844 2443 906 2492 ⁷⁸.
934 2461 952 2492 ι
983 2435 1444 2506 Contemplamini,
1467 2444 1667 2502 quasso,
1693 2440 1921 2496 quonam
1945 2422 2102 2476 modo
2126 2421 2283 2473 etiam

756 2547 900 2586 nunc
952 2532 1067 2599 ipse
1109 2528 1384 2589 Dominus,
1434 2524 1524 2592 qui
1581 2524 1636 2574 in
1694 2518 1834 2572 nube
1882 2510 2179 2572 descendit,
2232 2518 2286 2561 et

757 2623 890 2677 Mosi
945 2619 1151 2674 adstitit
1193 2619 1247 2670 in
1292 2615 1505 2668 nomine
1543 2610 1772 2670 Domini,
1813 2604 2078 2659 vocaverit
2122 2602 2282 2652 alium

759 2721 950 2781 prater
981 2711 1237 2777 seipsum,
1271 2706 1364 2774 qui
1399 2704 1587 2758 solitus
1617 2700 1687 2754 sit
1722 2713 1788 2752 ex
1821 2691 2284 2761 conduplicatione

757 2777 839 2854 bis
868 2798 1126 2850 Dominus
1171 2791 1446 2862 appellari,
1482 2798 1734 2855 tanquam
1776 2798 1918 2845 eum,
1965 2795 1995 2833 a
2027 2793 2132 2848 quo
2171 2777 2284 2845 ipse

759 2892 848 2952 sit,
885 2887 1209 2954 reliquorum
1239 2881 1474 2934 omnium
1501 2877 1590 2945 jus
1612 2880 2037 2944 potestatemque
2059 2870 2281 2929 habens,

762 2978 851 3032 Dei
879 2974 1096 3029 nomine
1123 2970 1439 3028 celebretur,
1457 2978 1614 3018 suum
1646 2961 1829 3029 utique
1851 2957 2060 3010 Patrem
2083 2973 2097 3020 ;
2123 2962 2282 3022 atque

1411 344 1672 403 EUSEBII
1713 329 2174 396 CASSARIENSIS
2211 325 2358 380 OPP.
2400 321 2590 375 PARS.
2630 318 2692 374 ll.
2732 348 2798 357 —-
2836 309 3380 372 APOLOGETIC:

2888 425 3370 481 ΚΕΦΑΛΑΙΟΝ

2383 546 2477 609 Ὧς
2499 544 2678 607 αὐτὸς
2701 539 2872 606 αὖθις
2903 545 2932 594 ό
2955 539 3029 603 τῷ
3054 607 3062 609 ξ
3094 532 3380 589 Μωσεῖ

2439 607 2638 680 ἕτερον
2680 613 2896 678 Κύριον
2908 678 2920 680 _
2934 607 3323 680 κρείζτρνςι

2441 675 2802 752 τιγίνώσκωτὲ,
2829 678 3042 731 τοῦτον
3078 675 3380 738 ἀληθιν

2455 813 2472 846 ι
2521 794 2628 846 Καὶ
2690 786 2807 842 εἷπε
2867 789 3088 857 Κύριος
3143 783 3327 854 πρὸς

2379 904 2459 940 σοι
2509 884 2597 937 τὸν
2647 883 2821 950 λόγον,
2865 879 2922 931 ὃν
2975 878 3307 948 εἴρηκας,
3359 888 3380 922 1

2376 978 2532 1048 χάριν
2557 973 2781 1028 ἐνώπιόν
2817 987 2940 1040 μου,
2973 970 3094 1020 καὶ
3123 963 3281 1019 οἷ’δά
3323 980 3380 1014 σε

2377 1065 2493 1120 εἷπε
2524 1065 2742 1133 Μωσῆς·
2773 1081 2790 1112 ‹
2819 1059 2997 1122 Δεῖξόν
3039 1075 3164 1127 μοι
3238 1056 3371 1123 τὴν

2380 1153 2527 1209 εἶπεν
2546 1171 2558 1184 ·
2591 1173 2609 1204 ι
2652 1151 2790 1219 Ἐγὼ
2821 1147 3347 1220 προπορεύσομαι

2384 1263 2504 1317 μου,
2526 1246 2618 1297 καὶ
2641 1243 2849 1296 καλέσω
2872 1243 2928 1293 ἐν
2953 1237 3232 1306 ὀνόματί
3266 1252 3380 1304 μοι

2381 1340 2472 1391 καὶ
2499 1338 2699 1406 ὲλεήσω
2761 1334 2818 1386 ὃν
2869 1332 2934 1386 ἂν
2975 1328 3167 1391 ἐλεῶ,
3225 1326 3349 1380 καὶ

2382 1429 2597 1499 κτείρω.
2635 1445 2652 1476 ι
2685 1425 2791 1476 Καὶ
2851 1423 2968 1492 μεθ’
3012 1420 3229 1488 ἕτερα
3290 1418 3380 1467 ὲπ

2383 1521 2578 1590 κατέϐη
2592 1517 2790 1588 Κύριος
2805 1517 2861 1567 ἐν
2880 1513 3128 1584 νεφέλῃ,
3157 1511 3279 1562 καὶ
3303 1526 3380 1560 πο

2383 1613 2634 1681 ἐλάλησεν
2667 1612 2722 1661 ὲν
2767 1606 2986 1674 ὀνόματι
3044 1601 3314 1670 Κυρίου
3347 1616 3363 1628 ⁸

2384 1707 2439 1757 ὲν
2484 1702 2700 1770 ὀνόματι
2736 1695 2922 1759 αὑτοῦ,
2967 1693 3080 1746 καὶ
3137 1690 3380 1743 ἐκάλεε

2383 1794 2510 1854 Θεὸς
2546 1789 2834 1858 οἰκτίρμων
2893 1785 2985 1838 καὶ
3020 1783 3362 1851 ἐλεήμων,

2381 1883 2615 1943 λυὲλεος,
2660 1878 2752 1930 καὶ
2790 1873 3050 1943 ἀληθινὸς
3077 1911 3095 1935 ,
3157 1873 3275 1924 καὶ
3335 1870 3373 1922 δ

2381 1971 2543 2024 ποιῶν
2570 1968 2713 2030 ἔλεος
2741 1967 2818 2027 εἰς
2857 1963 3150 2033 χιλιάδας,
3181 1962 3380 2030 ἀφαιε

2380 2061 2521 2122 κίας,
2553 2059 2646 2111 καὶ
2676 2055 2976 2125 ἁμαρτίας·
3011 2051 3129 2104 καὶ
3171 2050 3380 2121 καθαρ

2382 2153 2580 2220 ἔνοχον,
2628 2148 2852 2214 ἀπάγων
2896 2143 3218 2213 ἁμαρτίας
3271 2159 3380 2193 παι

2381 2242 2545 2295 τέκνα
2569 2239 2789 2299 τέκνων,
2827 2236 2917 2287 ἐπὶ
2946 2234 3173 2304 τρίτην
3202 2233 3314 2285 καὶ
3355 2250 3380 2284 τ

2384 2331 2619 2392 σπεύσας
2662 2324 2894 2395 Μωσῆς,
2946 2325 3156 2394 κύψας
3202 2323 3316 2375 ἐπὶ
3367 2341 3380 2356 ¹

2384 2437 2491 2474 σεν.
2529 2438 2548 2469 ι
2579 2419 2716 2487 Ὅρα
2749 2415 2811 2484 δὴ
2836 2414 2956 2466 τινα
2985 2413 3229 2484 τρόπον
3262 2413 3371 2464 καὶ

2387 2509 2620 2570 καταϐὰς
2643 2506 2896 2558 ἐκάλεσεν
2940 2504 3006 2555 ὲν
3073 2504 3335 2573 νεφέλῃ,
3377 2523 3380 2532 ι

2385 2598 2513 2659 στὰς
2544 2598 2601 2647 ὲν
2659 2593 2877 2662 ὀνόματι
2927 2590 3197 2660 Κυρίου,
3239 2590 3380 2657 ἓτερ

2383 2687 2524 2756 ήθως
2552 2682 2691 2736 κατὰ
2730 2679 3121 2734 ἀναδίπλωσιν
3152 2679 3249 2742 δὶς
3301 2681 3380 2731 Κι

2384 2774 2527 2826 ὼσὰν
2569 2773 2660 2824 καὶ
2693 2768 2882 2822 ἑαυτοῦ
2913 2771 3020 2822 καὶ
3050 2769 3178 2822 τῶν
3211 2769 3380 2822 λοιπί

2385 2863 2810 2932 θεολογούμενον,
2841 2860 2931 2913 τὸν
2975 2861 3204 2914 ἑαυτοῦ
3259 2863 3380 2914 llas

2385 2955 2586 3018 τούτοις
2623 2954 2682 3006 ού
2727 2952 2968 3021 Μωσῆς,
3011 2953 3101 3015 ὡς
3153 2953 3229 3005 ἂν
3282 2954 3380 3006 Om

759 3070 882 3120 utin
905 3065 989 3117 his
1019 3076 1126 3114 non
1176 3058 1370 3119 Moses,
1406 3055 1544 3109 sicut
1569 3051 1791 3106 forsitan
1815 3046 2077 3116 quispiam
2107 3057 2235 3110 susp

1903 3046 2077 3115 .Spiam
2107 3043 2283 3110 suspi-
2309 3057 2353 3115 (ζ
2387 3046 2544 3109 αὐτὸς
2575 3047 2602 3098 ό
2649 3043 2848 3114 Κύριος
2894 3042 3106 3111 ἕτερον
3155 3043 3379 3112 Κύριον

759 3167 930 3218 cetur,
971 3153 1065 3208 sed
1112 3154 1228 3222 ipse
1272 3147 1528 3202 Dominus
1556 3144 1718 3197 alium
1755 3154 1912 3195 suum
1941 3137 2153 3190 Patrem
2186 3149 2283 3188 vo-

760 3259 880 3304 cat:
910 3255 1032 3307 ante
1075 3244 1216 3298 enim
1255 3242 1300 3295 is
1355 3239 1446 3308 qui
1487 3235 1616 3290 Mosi
1649 3231 1942 3302 respOndit,
1991 3231 2095 3282 ait:
2133 3246 2151 3278 ι
2177 3226 2286 3296 Ego

758 3339 999 3394 transibo
1025 3335 1173 3405 prior
1203 3340 1256 3386 te
1303 3330 1471 3400 gloria
1509 3342 1646 3390 mea,
1673 3332 1725 3379 et
1746 3322 1948 3376 vocabo
1978 3321 2031 3373 in
2071 3319 2286 3373 nomine

761 3429 989 3484 Domini.
1020 3447 1037 3478 υ
1075 3423 1172 3478 Ubi
1203 3424 1364 3491 igitur
1394 3420 1495 3473 boc
1531 3417 1685 3474 dixit,
1735 3413 2009 3480 Scriptura
2038 3411 2286 3478 deinceps

762 3523 930 3576 instar
940 3515 1260 3571 narrationis
1272 3512 1508 3582 adjungit
1527 3505 1706 3576 :2“
1723 3523 1739 3554 ι
1751 3505 1814 3557 Et
1826 3501 2096 3557 descendit
2109 3499 2289 3553 Domi-

762 3628 865 3666 nus
892 3612 946 3664 in
975 3609 1134 3670 nube,
1159 3612 1212 3660 et
1239 3603 1446 3658 adstitit
1467 3602 1514 3656 ei
1539 3602 1667 3662 illic,
1692 3606 1744 3652 et
1764 3596 1973 3651 vocavit
1999 3595 2051 3647 in
2075 3592 2287 3646 nomine

763 3700 1024 3753 Domini.»
1075 3696 1240 3765 Igitur
1276 3695 1391 3762 ipse
1418 3691 1674 3744 Dominus
1700 3689 1824 3742 dum
1854 3695 1958 3748 est,
1994 3683 2132 3753 quod
2166 3696 2289 3750 pro-

762 3789 999 3847 miserat,
1035 3790 1403 3853 prasstaturus,
1434 3777 1730 3839 descendit,
1755 3783 1808 3829 et
1839 3771 2287 3843 quemadmodum

760 3877 921 3929 verba
954 3875 1066 3941 ipsa
1087 3871 1406 3940 signiﬁcant,
1431 3867 1768 3938 progreditur
1797 3873 1919 3918 ante
1965 3861 2152 3915 faciem
2179 3860 2290 3913 Mo-

763 3966 860 4019 sis.
890 3962 1004 4030 lpse
1044 3968 1220 4013 autem
1258 3959 1514 4011 Dominus
1558 3964 1710 4009 vocat
1749 3953 1965 4006 dicens:
2025 3968 2043 3999 ‹
2068 3948 2289 4000 Domine

763 4049 924 4108 Deus,
963 4046 1198 4100 clemens
1223 4053 1276 4098 et
1301 4045 1624 4104 misericors,
1660 4062 1677 4093 ι
1715 4049 1768 4094 et
1797 4054 1916 4108 quae
1947 4044 2283 4106 sequuntur:

763 4138 958 4207 quibus
991 4135 1168 4189 verbis
1213 4136 1368 4203 plane
1408 4136 1521 4201 ipse
1551 4133 1806 4187 Dominus
1846 4145 2000 4184 suum
2055 4143 2288 4191 servum,

764 4236 818 4281 et
847 4227 1081 4294 seipsum
1108 4223 1356 4292 quisnam
1393 4231 1552 4284 esset,
1584 4230 1636 4276 et
1664 4219 1882 4289 ingeniti
1910 4217 2117 4271 Domini
2151 4216 2287 4268 noti-

765 4315 914 4375 tiam,
947 4311 1101 4380 quasi
1148 4311 1316 4364 sacris
1349 4309 1568 4362 initians
1611 4308 1783 4361 docet.
1825 4305 1935 4359 Hoc
1967 4320 2090 4360 vero
2115 4305 2287 4372 ipsum

2390 3131 2713 3205 παραλαϐὼν
2757 3131 2914 3193 αὐτὸς
2941 3132 2978 3182 ὁ
3013 3132 3380 3202 χρηματίζει)

2396 3241 2414 3274 ι
2436 3220 2574 3289 Ἐγὼ
2600 3217 3013 3288 παρελεύσομαι
3047 3221 3348 3291 πρότερός

2389 3312 2526 3364 λέσω
2569 3313 2625 3362 ὲν
2667 3308 2886 3376 ὀνόματι
2919 3309 3182 3378 Κυρίου.
3231 3329 3252 3361 ι
3306 3311 3380 3362 Tc

2390 3404 2513 3484 ἑξῆς
2537 3401 2769 3468 ἐπιλέγει
2802 3400 3066 3471 ήΓραφὴ
3099 3402 3380 3471 διηγημω

2390 3495 2590 3564 Κύριος
2639 3494 2696 3546 ὲν
2742 3490 2964 3560 νεφέλῃ,
3025 3493 3130 3544 καὶ
3189 3493 3380 3562 παρέσ

2391 3584 2642 3637 ἐκάλεσεν
2683 3582 2738 3632 ὲν
2783 3578 3013 3648 ὀνόματι
3059 3583 3311 3653 Κυρίου.
3351 3602 3370 3632 ι

2396 3691 2504 3745 ριος
2523 3672 2618 3742 τὴν
2644 3670 2932 3739 ὑπόσχεσιν
2965 3670 3074 3741 τὴν
3101 3673 3282 3724 αὑτοῦ
3309 3673 3380 3724 πλ

2391 3763 2574 3833 ὥσπερ
2601 3764 2628 3814 ό
2658 3761 2810 3828 λόγος
2857 3759 3024 3829 φησὶ,
3073 3761 3305 3830 πρόεισι
3343 3779 3380 3811 π

2392 3852 2499 3904 Καὶ
2525 3849 2682 3912 αὐτὸς
2711 3847 2774 3918 δὴ
2802 3849 2830 3900 ό
2853 3848 3070 3919 Κύριος
3103 3847 3272 3901 καλεῖ
3294 3847 3380 3914 λέη

2392 3940 2682 4009 οἰκτίρμων
2729 3938 2822 3990 καὶ
2855 3937 3140 4008 ἐλεήμων,
3206 3957 3226 3987 ι
3277 3937 3376 3989 καὶ

2393 4031 2592 4100 Κύριος
2618 4029 2706 4080 τὸν
2745 4026 3082 4097 Θεράποντα,
3115 4028 3322 4080 ἑαυτόν
3357 4044 3380 4078 τ

2393 4121 2485 4174 τοῦ
2512 4121 2811 4190 κρείττονος
2857 4119 3078 4190 Κυρίου
3137 4119 3350 4187 γνῶσιν

2393 4212 2449 4265 δέ
2492 4226 2572 4263 σοι
2613 4212 2980 4281 παραστήσει,
3015 4209 3176 4273 ἔνθα,
3231 4222 3380 4279 προσ

2394 4301 2540 4365 λαοῦ,
2597 4299 2704 4352 τῶν
2769 4301 3162 4371 προκειμένων
3215 4297 3314 4351 τοῦ

764 4404 862 4458 tibi
895 4400 1201 4470 planissime
1233 4397 1615 4452 demonstrabit
1644 4399 1755 4464 ipse
1780 4395 2004 4466 Moyses,
2023 4394 2112 4448 ubi
2137 4408 2240 4448 ora}

1903 4411 2004 4460 ses,
2023 4394 2112 4448 ubi
2137 4408 2298 4448 orans
2329 4381 2372 4435 Ῑ)
2401 4391 2609 4461 φωνῶν,
2633 4390 2724 4442 τὸν
2745 4389 2952 4459 Κύριον
2985 4391 3169 4442 ταῦτα
3197 4392 3379 4458 εἰρηκε

767 4505 863 4562 pro
892 4487 1105 4557 populo,
1144 4500 1303 4554 supra
1342 4485 1609 4552 expositas
1645 4482 1851 4536 Domini
1888 4497 2045 4536 voces
2065 4495 2300 4535 comme-

769 4587 973 4632 morat:
1004 4576 1113 4629 illic
1141 4577 1284 4630 enim
1316 4574 1598 4642 intelliges,
1623 4571 1905 4624 Dominum
1930 4572 2042 4625 haec
2069 4571 2296 4634 dixisse,

768 4683 874 4723 non
897 4669 1068 4737 ipsum
1099 4665 1353 4737 Moysem,
1373 4680 1492 4718 cum
1524 4664 1684 4717 dicit:
1710 4682 1727 4714 ‹
1749 4663 1814 4715 Ει
1846 4678 1989 4716 nunc
2018 4663 2302 4718 extollatur

769 4775 960 4812 manus
986 4766 1100 4819 tua,
1120 4756 1360 4818 Domine,
1385 4755 1826 4824 quemadmodum
1849 4754 2051 4820 dixisti,
2081 4755 2299 4809 dicens:

769 4848 1026 4902 Dominus
1071 4846 1416 4917 longanimis,
1460 4855 1512 4900 et
1559 4846 1737 4898 multae
1801 4846 2200 4908 misericordia,
2250 4850 2302 4898 et

772 4952 953 5002 verax,
973 4936 1548 5005 anferensiniquitates
1573 4943 1625 4989 et
1655 4935 1946 5003 injustitias
1976 4943 2028 4990 et
2056 4941 2295 5004 peccata,

775 5033 828 5077 et
878 5029 1189 5095 purgatione
1224 5041 1332 5081 non
1366 5027 1612 5096 purgabit
1650 5041 1818 5091 reum,
1843 5027 1936 5094 qui
1971 5026 2150 5080 reddis
2180 5040 2302 5093 pec-

778 5117 898 5163 cata
921 5121 1128 5178 patrum
1163 5116 1216 5168 in
1246 5116 1399 5180 ﬁlios,
1441 5131 1611 5186 usque
1640 5115 1692 5168 in
1735 5117 1944 5168 tertiam
1979 5123 2032 5170 et
2058 5123 2302 5184 quartam

779 5199 1191 5298 generationem.
1219 5221 1236 5252 ›
1286 5203 1521 5260 Observa
1564 5213 1741 5259 autem
1787 5218 2018 5273 quonam
2057 5203 2216 5256 modo
2249 5202 2301 5254 in

783 5286 865 5384 bis
893 5285 1006 5384 ipse
1037 5285 1289 5384 Dominus
1314 5292 1399 5384 ubi
1425 5295 1633 5353 Patrem
1658 5295 2033 5365 longanimem,
2053 5301 2105 5346 et
2127 5293 2304 5344 multas

784 5373 1161 5427 misericordia:
1191 5377 1493 5450 appellavit,
1525 5396 1637 5441 tum
1672 5385 1931 5456 adjungit,
1979 5383 2152 5452 ipsum
2184 5395 2303 5434 esse

783 5477 1046 5527 veracem,
1087 5465 1226 5531 quod
1270 5481 1398 5523 sane
1444 5488 1565 5531 cum
1608 5495 1673 5534 eo
1711 5475 2023 5536 concordat,
2068 5473 2209 5544 quod
2248 5470 2302 5525 in

880 5619 921 5649 ττ
951 5615 1115 5670 Exod.
1147 5631 1332 5681 xxxm,
1359 5622 1539 5690 17-19.

1630 5635 1674 5667 "
1707 5631 1875 5687 Exod.
1910 5643 2098 5691 xxxiv,
2138 5625 2189 5684 1.
2225 5622 2340 5680 5ο8.

2396 4485 2452 4535 ὲν
2479 4478 2559 4544 οἷς
2581 4497 2742 4550 φησι·
2784 4498 2802 4529 ι
2837 4479 2953 4532 Καὶ
2983 4480 3086 4532 νῦν
3113 4479 3380 4547 comesa.

2395 4572 2454 4624 ὃν
2493 4573 2688 4642 τρόπον
2733 4566 2890 4631 εἴπας
2945 4569 3167 4637 λέγων’
3229 4567 3378 4637 Κύρι

2398 4662 2696 4724 πολυέλεος,
2726 4659 2819 4711 καὶ
2845 4657 3132 4729 ἀληθινὸς,
3165 4657 3380 4727 ἀφαιριῐ

2397 4751 2538 4813 χίας,
2573 4748 2664 4801 καὶ
2693 4746 3002 4816 ἁμαρτίας·
3039 4748 3136 4800 καὶ
3160 4745 3380 4814 καθαρκ

2397 4841 2594 4909 ἔνοχον,
2630 4836 2912 4900 ἀποδιδοὺς
2948 4837 3235 4909 ἁμαρτίας
3279 4849 3380 4885 παπ

2403 4932 2494 4984 ἐπὶ
2519 4930 2705 4999 τρίτην
2733 4928 2827 4980 καὶ
2853 4929 3128 4999 τετάρτην
3154 4925 3368 4994 γενεάν.

2402 5022 2597 5094 τρόπον
2639 5021 2696 5072 ὲν
2742 5019 2951 5083 τούτοις
2981 5019 3146 5081 αὐτὸς
3186 5017 3216 5067 ὁ
3254 5014 3376 5082 Κύρ

2406 5109 2670 5180 κρόθυμον
2704 5108 2798 5162 καὶ
2826 5108 3120 5160 πολυέλεον
3153 5099 3380 5157 ὲπειπὼη

2405 5199 2563 5251 αὐτὸν
2621 5200 2712 5252 καὶ
2774 5198 3028 5270 ἀληθινὸν
3055 5237 3071 5261 ,
3126 5192 3380 5263 συμφὼνι

2407 5288 2686 5357 γνώσκωσὶ
2755 5307 2813 5343 σε
2884 5291 2974 5343 τὸν
3053 5287 3211 5358 μόνον
3285 5280 3380 5347 ἀλη

2407 5381 2749 5448 Εὑαγγελίοις
2791 5383 2877 5449 ὑφ’
2907 5381 3026 5440 ἑνὸς
3069 5376 3164 5430 καὶ
3207 5371 3300 5425 τοῦ
3334 5387 3380 5420 αι

2408 5471 2692 5542 εἰρημένῳ.
2732 5473 2905 5527 Μόνον
2949 5469 3080 5538 γοῦν
3128 5460 3378 5534 ἀληθινὸν
