3738 6292
778 349 873 402 595

1321 453 1533 510 CAPU'I
1577 449 1736 504 XVII.

776 576 922 644 Quod
954 592 997 627 is
1029 587 1208 625 rursus
1231 568 1500 626 Dominus,
1547 563 1632 632 qui
1662 557 1799 644 Mosi
1841 569 2086 635 respousa
2115 545 2294 644 da‘bat,

831 647 990 698 alium
1033 659 1064 694 α
1103 656 1198 708 quo
1228 646 1339 708 erat
1373 618 1672 708 agnoscens,
1705 618 2136 691 Patrem'utique,
2167 618 2299 668 hunc

843 718 1007 782 ipsum
1038 703 1187 762 suum
1213 707 1376 759 Deum
1399 703 1634 757 vocabat.

849 846 866 876 ‹
891 826 954 877 Et
985 823 1116 878 dixit
1140 819 1398 873 Dominus
1436 815 1501 868 ad
1532 813 1764 882 Moysem
1792 829 1804 864 :
1829 808 1894 860 Et
1933 807 2034 859 hoc
2063 802 2157 855 tibi
2192 814 2305 853 ver-

777 921 922 978 bum,
958 913 1101 984 quod
1125 910 1328 971 dixisti,
1357 906 1570 960 faciam.
1609 899 1862 955 Invenisti
1895 896 2036 950 enim
2074 891 2301 962 gratiam

775 1022 953 1062 coram
971 1019 1075 1065 me,
1094 1012 1144 1056 et
1160 999 1282 1055 novi
1296 1007 1347 1052 te
1360 1005 1551 1066 pra:ter
1562 1008 1770 1048 omnes.
1785 1009 1801 1041 ι
1826 989 1890 1042 Ει
1913 988 2046 1041 dixit
2065 985 2302 1054 Moyses:

782 1116 799 1148 ι
820 1093 1050 1151 Ostende
1069 1091 1196 1144 mihi
1210 1097 1355 1143 tuam
1374 1087 1618 1155 gloriam.
1635 1102 1652 1134 ι
1670 1083 1734 1134 Ει
1749 1081 1883 1135 dixit
1899 1098 1910 1132 :
1925 1099 1941 1130 ‹
1963 1077 2071 1146 Ego
2093 1073 2306 1128 anteibo

778 1187 921 1256 prior
963 1192 1014 1237 te
1046 1181 1214 1251 gloria
1249 1193 1389 1241 mea,
1422 1183 1475 1230 et
1496 1175 1698 1228 vocabo
1734 1173 1786 1224 in
1818 1168 2033 1223 nomine
2057 1179 2173 1218 meo
2200 1163 2305 1216 Do-

776 1274 979 1328 minum
1015 1284 1193 1325 coram
1222 1277 1294 1328 te,
1326 1273 1378 1319 et
1417 1261 1716 1318 miserabor
1745 1258 2116 1327 cujuscunque
2144 1252 2307 1305 mise-

777 1377 919 1424 reor,
965 1368 1018 1414 et
1063 1358 1298 1411 clemens
1345 1369 1438 1408 ero
1478 1366 1602 1420 erga
1636 1360 2009 1418 quemcunque
2047 1357 2164 1397 sum
2197 1341 2306 1394 cle-

777 1466 928 1506 mens
943 1451 1006 1503 "'.
1036 1468 1052 1499 ι
1078 1445 1139 1499 Et
1167 1456 1286 1516 post
1315 1444 1420 1497 alia
1457 1441 1720 1509 adjungit,
1747 1447 1905 1505 atque
1931 1436 2003 1487 ait
2026 1454 2038 1487 :
2064 1453 2081 1482 ι
2121 1431 2184 1484 Et
2222 1430 2310 1483 de-

778 1541 987 1596 scendit
1010 1535 1334 1590 Dominusin
1358 1533 1516 1594 nube,
1544 1537 1596 1585 et
1614 1529 1816 1582 adstitit
1842 1526 1890 1580 ei
1920 1525 2044 1579 illic.
2072 1530 2124 1576 et
2150 1535 2306 1574 voca-

776 1631 852 1683 vit
893 1629 948 1680 in
1015 1625 1230 1678 nomine
1273 1619 1513 1674 Domini:
1564 1625 1616 1669 et
1653 1612 1900 1667 transivit
1947 1608 2204 1661 Dominus
2254 1605 2309 1657 in

778 1719 991 1773 nomine
1039 1716 1228 1785 ipsius,
1262 1718 1315 1767 et
1355 1709 1596 1764 vocavit:
1620 1704 1864 1765 Domine,
1892 1699 2136 1759 Domine,
2174 1694 2309 1748 Deus
2339 1743 2380 1797 Β

777 1810 1012 1864 clemens
1036 1814 1088 1859 et
1121 1801 1449 1861 misericors,
1479 1792 1821 1864 longanimis,
1857 1799 1909 1843 et
1938 1789 2114 1840 multa:
2157 1785 2310 1836 mise-

776 1895 1023 1956 rationis,
1067 1899 1120 1945 et
1164 1903 1346 1953 verax,
1387 1893 1440 1939 et
1482 1882 1747 1952 justitiam
1807 1890 2050 1936 servans,
2105 1871 2308 1924 faciens

778 1981 1201 2042 misericordiam
1250 1980 1304 2032 in
1366 1974 1551 2035 millia,
1601 1969 1850 2024 auferens
1905 1963 2217 2032 iniquitates
2255 1968 2308 2014 et

779 2073 1089 2145 injustitias,
1114 2075 1166 2122 et
1184 2071 1399 2136 peccata
1433 2077 1446 2112 :
1476 2069 1528 2116 et
1572 2057 1885 2128 purgatione
1907 2069 2014 2107 non
2062 2049 2310 2121 purgabit

781 2135 957 2216 reum:
993 2135 1252 2215 inducens
1286 2157 1502 2223 peccata
1533 2154 1744 2217 patrum
1789 2145 1845 2196 in
1875 2135 2034 2204 ﬁlios,
2080 2151 2132 2193 et
2173 2137 2308 2191 ﬁlios

780 2250 1031 2311 ﬁliorum,
1065 2248 1119 2300 in
1159 2245 1370 2318 tertiam
1430 2249 1484 2296 et
1512 2247 1757 2310 quartam
1787 2227 2182 2305 generationem
2211 2249 2223 2282 :
2255 2236 2308 2282 et

779 2355 899 2394 cum
931 2339 1237 2393 festinasset
1293 2334 1486 2397 Moses,
1531 2336 1784 2384 curvatus
1817 2327 1872 2380 in
1905 2328 2099 2379 te'rram
2120 2322 2309 2375 adora-

779 2429 852 2482 vit
867 2429 930 2479 ⁷⁸.
958 2447 975 2478 ι
1007 2423 1468 2494 Contemplamini,
1491 2434 1692 2491 quaeso,
1717 2430 1945 2485 quonam
1970 2413 2126 2466 modo
2151 2411 2307 2464 etiam

779 2533 923 2572 nunc
975 2519 1090 2586 ipse
1133 2515 1407 2578 Dominus,
1458 2513 1548 2581 qui
1605 2513 1660 2564 in
1718 2509 1858 2562 nube
1906 2501 2204 2563 descendit,
2256 2509 2309 2552 et

780 2609 913 2663 Mosi
968 2607 1174 2660 adstitit
1216 2607 1270 2658 in
1315 2604 1528 2656 nomine
1567 2599 1795 2660 Domini,
1836 2595 2102 2650 vocaverit
2146 2593 2306 2643 alium

781 2708 973 2767 praeter
1004 2699 1260 2765 seipsum,
1294 2694 1386 2762 qui
1422 2693 1610 2746 solitus
1640 2689 1710 2743 sit
1746 2703 1810 2742 ex
1844 2682 2308 2751 conduplicatione

780 2789 862 2840 bis
891 2785 1149 2836 Dominus
1193 2779 1469 2850 appellari,
1505 2787 1758 2844 tanquam
1799 2788 1942 2835 eum,
1988 2786 2018 2823 a
2050 2784 2156 2838 quo
2194 2768 2307 2836 ipse

781 2878 870 2938 sit,
907 2873 1231 2940 reliquorum
1261 2869 1496 2922 omnium
1524 2866 1612 2934 jus
1635 2870 2060 2934 potestatemque
2083 2860 2304 2920 habens,

784 2965 872 3018 Dei
901 2961 1118 3015 nomine
1145 2958 1462 3017 celebretur,
1480 2967 1636 3007 suum
1668 2951 1852 3018 utique
1873 2947 2083 3001 Patrem
2106 2963 2120 3011 ;
2145 2953 2304 3013 atque

1442 333 1703 392 EUSEBII
1745 319 2205 386 CAESARIENSIS
2242 317 2388 372 OPP.
2430 313 2620 366 PARS.
2662 311 2723 367 11.
2763 341 2829 351 —-
2866 303 3372 366 APOLOGETK

2917 421 3372 475 ΚΕΦΛΛΑΙΟῙ

2413 537 2507 602 Ὠς
2529 536 2707 600 αὐτὸς
2731 533 2901 599 αὖθις
2931 538 2961 586 d
2984 533 3061 597 τῷ
3130 534 3372 583 Μωσε

2469 607 2668 672 ἕτερον
2709 607 2924 671 Κύριον
2963 601 3364 672 κρείττων-ᾳ

2471 671 2830 744 γιγνώσκων,
2858 672 3074 724 τοῦτον
3111 671 3364 732 ἀληθι

2484 806 2502 838 ι
2551 786 2658 839 Καὶ
2719 779 2836 836 εἶπε
2895 783 3116 850 Κύριος
3173 778 3362 848 πρὸς

2409 896 2488 932 σοι
2539 877 2626 930 τὸν
2675 875 2849 943 λόγον,
2892 873 2950 924 ὃν
3003 873 3334 941 εἴρηκας,

2405 971 2560 1040 χάριν
2585 967 2809 1021 ἐνώπιόν
2845 981 2968 1034 μου,
3001 962 3118 1014 καὶ
3146 956 3309 1012 οἶδά
3352 974 3372 1008 ς

2405 1057 2522 1112 εἷπε
2553 1058 2770 1127 Μωσῆς
2801 1075 2818 1105 ι
2846 1053 3025 1116 Δεῖξόν
3071 1068 3198 1121 μοι
3273 1050 3366 1117 τὴ

2408 1146 2586 1201 εἶπεν·
2619 1165 2637 1198 ι
2681 1144 2817 1213 Ἐγὼ
2848 1141 3372 1214 προπορεύσομαι

2411 1256 2532 1309 μου,
2554 1239 2646 1290 καὶ
2669 1236 2876 1289 καλέσω
2899 1237 2956 1287 ὲν
2981 1234 3081 1285 ὀνό
3091 1231 3269 1301 μοιτί
3304 1248 3372 1299 μ‹

2408 1333 2499 1384 καὶ
2527 1331 2726 1399 ὲλεήσω
2788 1327 2846 1379 ὃν
2896 1326 2962 1379 ἂν
3002 1323 3202 1386 ἐλεῶ,
3261 1322 3372 1374 acati

2409 1422 2623 1492 κτείρω.
2662 1437 2679 1469 ι
2712 1417 2818 1469 Καὶ
2878 1416 2995 1484 μεθ’
3042 1414 3264 1482 ἕτερα
3326 1413 3372 1462 ὲ·

2409 1514 2605 1582 κατέϐη
2619 1510 2816 1580 Κύριος
2833 1511 2888 1560 ὲν
2907 1507 3159 1578 νεφέλῃ,
3189 1505 3314 1557 καὶ
3337 1523 3372 1555 11

2409 1605 2660 1674 ἐλάλησεν
2693 1604 2749 1654 ὲν
2793 1599 3013 1668 ὀνόματι
3074 1595 3348 1664 Κυρίου

2410 1698 2465 1748 ὲν
2509 1694 2726 1762 ὀνόματι
2762 1689 2948 1752 αὑτοῦ,
2993 1687 3110 1739 καὶ
3167 1685 3372 1737 ὲκάλε

2408 1785 2536 1846 θεὸς
2572 1782 2860 1850 οἰκτίρμων
2919 1779 3010 1831 καὶ
3048 1777 3368 1845 ἐλεήμων

2406 1875 2641 1934 λυέλεος,
2685 1871 2779 1922 καὶ
2816 1867 3078 1936 ἀληθινὸς
3105 1905 3123 1928 ,
3187 1867 3306 1918 καὶ
3366 1890 3372 1912 ε

2405 1963 2568 2015 ποιῶν
2595 1961 2739 2023 ἕλεος
2766 1959 2843 2020 εἰς
2883 1957 3178 2025 χιλιάδας,
3211 1956 3372 2024 ἀφαι

2405 2053 2546 2114 κίας,
2577 2051 2670 2104 καὶ
2701 2047 3002 2118 ἁμαρτίας’
3038 2045 3157 2097 καὶ
3201 2045 3372 2098 καθα

2406 2144 2604 2212 ἔνοχον,
2653 2141 2876 2206 ἀπάγων
2921 2136 3246 2206 ἁμαρτίας
3301 2153 3372 2187 πε

2405 2235 2569 2286 τέκνα
2592 2232 2814 2292 τέκνων,
2852 2229 2942 2280 ἐπὶ
2971 2227 3200 2297 τρίτην
3230 2227 3343 2279 καὶ

2408 2323 2642 2384 σπεύσας
2686 2317 2919 2388 Μωσῆς,
2971 2317 3182 2387 κύψας
3230 2318 3344 2369 ἐπὶ

2408 2429 2515 2466 σεν.
2553 2431 2571 2461 ι
2602 2411 2740 2480 Ὅρα
2772 2408 2834 2478 δὴ
2860 2407 2982 2460 τινα
3008 2406 3256 2477 τρόπον
3289 2424 3372 2458 κα

2411 2501 2643 2562 καταϐὰς
2665 2499 2919 2552 ἐκάλεσεν
2965 2497 3028 2548 ὲν
3096 2497 3362 2567 νεφέλῃ,

2407 2590 2536 2651 στὰς
2567 2590 2624 2639 ὲν
2682 2586 2900 2655 ὀνόματι
2951 2583 3222 2654 Κυρίου,
3264 2584 3371 2635 ἓτε

2405 2679 2548 2748 ήοως
2575 2675 2714 2728 κατὰ
2753 2672 3143 2727 άναδίπλωσιν
3174 2673 3273 2736 δὶς
3327 2676 3372 2725 κ

2406 2766 2550 2819 ὠσὰν
2592 2766 2682 2816 καὶ
2716 2761 2904 2815 ἑαυτοῦ
2935 2765 3038 2815 καὶ
3070 2763 3201 2816 τῶν
3233 2763 3372 2816 λοιπ

2407 2855 2832 2925 θεολογούμενον,
2864 2853 2954 2906 τὸν
2996 2855 3225 2907 ἑαυτοῦ
3283 2857 3372 2908 Πα

2408 2947 2608 3009 τούτοις
2645 2947 2704 2997 οὐ
2751 2945 2989 3014 Μωσῆς,
3029 2947 3119 3009 ὡς
3171 2947 3249 2999 ἂν
3303 2949 3372 3000 ὑτ

781 3055 904 3107 utin
927 3052 1011 3103 his
1040 3064 1148 3102 non
1199 3046 1392 3107 Moses,
1428 3043 1566 3097 sicut
1591 3040 1814 3095 forsitan
1837 3037 2099 3106 quispiam
2129 3048 2257 3101 susp

1895 3037 2099 3105 tispiam
2129 3034 2306 3101 suspi-
2331 3048 2374 3106 (ζ
2409 3038 2566 3100 αὐτὸς
2597 3040 2625 3090 ό
2672 3035 2870 3106 Κύριος
2915 3035 3122 3104 ἕτερον
3173 3037 3371 3105 Κύριο

781 3153 952 3205 cetur,
993 3140 1085 3195 sed
1133 3141 1250 3209 ipse
1294 3135 1550 3190 Dominus
1579 3133 1740 3185 alium
1777 3144 1934 3184 suum
1963 3127 2174 3180 Patrem
2208 3140 2305 3178 vo-

781 3244 902 3289 cat:
931 3241 1053 3288 ante
1095 3231 1237 3285 enim
1276 3229 1322 3282 is
1377 3227 1467 3296 qui
1509 3224 1637 3278 Mosi
1671 3219 1964 3291 respondit,
2013 3221 2116 3273 ait:
2154 3237 2172 3269 ‹
2198 3217 2307 3287 Ego

779 3325 1020 3380 transibo
1046 3321 1194 3392 prior
1225 3327 1277 3373 te
1324 3318 1492 3387 gloria
1530 3330 1667 3378 mea,
1695 3321 1746 3368 et
1768 3312 1969 3366 vocabo
1998 3311 2052 3364 in
2093 3311 2306 3364 nomine

781 3415 1009 3470 Domini.
1040 3433 1058 3465 ι
1095 3410 1192 3465 Ubi
1223 3411 1384 3478 igitur
1416 3408 1516 3460 hoc
1552 3406 1706 3464 dixit,
1756 3402 2029 3470 Scriptura
2059 3401 2306 3469 deinceps

782 3509 951 3560 instar
961 3503 1281 3558 narrationis
1292 3500 1528 3569 adjungit
1547 3494 1726 3566 :2“
1743 3513 1759 3544 ι
1771 3494 1835 3546 Et
1846 3492 2116 3547 descendit
2129 3490 2308 3543 Domi-

783 3614 884 3652 nus
912 3598 966 3651 in
996 3595 1154 3657 nube,
1178 3599 1231 3647 et
1259 3591 1466 3646 adstitit
1487 3590 1535 3644 ei
1560 3590 1687 3650 illic,
1712 3595 1764 3641 et
1785 3586 1993 3640 vocavit
2019 3585 2071 3637 in
2095 3583 2306 3636 nomine

783 3687 1043 3739 Domini.»
1095 3683 1259 3752 Igitur
1296 3682 1410 3749 ipse
1438 3679 1694 3732 Dominus
1720 3678 1844 3730 dum
1874 3685 1977 3738 est,
2013 3673 2152 3743 quod
2185 3687 2308 3740 pro-

782 3775 1018 3834 miserat,
1053 3778 1422 3840 praastaturus,
1453 3766 1749 3829 descendit,
1774 3772 1827 3818 et
1859 3761 2306 3832 quemadmodum

779 3863 940 3915 verba
973 3862 1086 3928 ipsa
1106 3859 1425 3927 signiﬁcant,
1449 3856 1788 3926 progreditur
1816 3863 1938 3907 ante
1984 3851 2171 3904 faciem
2198 3851 2309 3904 Mo-

782 3952 880 4004 sis.
908 3948 1023 4017 Ipse
1063 3955 1238 4000 autem
1277 3947 1532 3998 Dominus
1576 3953 1729 3997 vocat
1768 3943 1984 3995 dicens:
2043 3958 2061 3989 ι
2086 3938 2308 3990 Domine

782 4034 943 4094 Deus,
982 4033 1215 4087 clemens
1241 4041 1293 4086 et
1318 4033 1643 4092 misericors,
1679 4051 1696 4081 ι
1734 4038 1787 4083 et
1817 4044 1934 4098 qua:
1966 4035 2301 4096 sequuntur:

782 4125 976 4193 quibus
1010 4122 1186 4176 verbis
1230 4123 1385 4190 plane
1426 4123 1538 4188 ipse
1569 4121 1824 4175 Dominus
1864 4135 2018 4173 suum
2073 4133 2305 4182 servum,

782 4221 836 4266 et
865 4213 1098 4280 seipsum
1126 4210 1372 4279 quisnam
1410 4219 1570 4272 esset,
1602 4218 1654 4264 et
1682 4209 1901 4278 ingeniti
1929 4207 2135 4260 Domini
2169 4207 2304 4258 noti-

784 4300 932 4362 tiam,
965 4298 1118 4367 quasi
1165 4299 1333 4351 sacris
1367 4297 1585 4349 initians
1627 4297 1801 4350 docet.
1843 4294 1953 4348 Hoc
1985 4310 2108 4349 vero
2133 4296 2304 4362 ipsum

2411 3123 2734 3196 παραλαϐὼν
2779 3124 2935 3186 αὐτὸς
2964 3125 2993 3176 ὁ
3029 3126 3372 3196 χρηματίζι

2417 3233 2435 3264 ι
2457 3212 2595 3280 Ἐγὼ
2622 3209 3027 3281 παρελεύσομαι
3062 3215 3367 3284 πρότερός

2409 3303 2546 3356 λέσω
2590 3304 2647 3354 ὲν
2688 3300 2906 3369 ὀνόματι
2938 3302 3196 3372 Κυρίου.
3246 3322 3266 3354 ι
3323 3305 3371 3356 Τ

2411 3395 2534 3465 ἑξῆς
2557 3393 2790 3460 ἐπιλέγει
2822 3395 2854 3462 ἡ
2877 3393 3080 3463 Γραφὴ
3112 3394 3290 3464 διηγη
3302 3412 3372 3464 μα

2410 3487 2610 3555 Κύριος
2659 3486 2716 3538 ὲν
2763 3482 2981 3552 νεφέλῃ,
3041 3485 3147 3536 καὶ
3207 3487 3364 3555 παρέ

2410 3575 2662 3628 ἐκάλεσεν
2703 3574 2758 3624 ὲν
2803 3571 3031 3640 ὀνόματι
3078 3576 3331 3646 Κυρίου.

2415 3681 2524 3736 ριος
2542 3664 2638 3733 τὴν
2663 3663 2950 3731 ὑπόσχεσιν
2982 3662 3092 3733 τὴν
3119 3666 3301 3717 αὑτοῦ
3329 3684 3372 3717 π

2409 3754 2593 3824 ὥσπερ
2619 3755 2646 3805 ὁ
2676 3753 2828 3820 λόγος
2876 3751 3041 3821 φησὶ,
3091 3754 3324 3823 πρόεισι
3363 3773 3372 3787 ν

2410 3843 2517 3895 Καὶ
2543 3841 2700 3904 αὐτὸς
2729 3840 2792 3910 δὴ
2821 3842 2848 3892 ὁ
2871 3840 3088 3911 Κύριος
3120 3841 3290 3894 καλεῖ
3313 3841 3372 3892 λέ

2411 3932 2700 4001 οἰκτίρμων
2747 3930 2840 3982 καὶ
2873 3930 3158 4000 ἐλεήμων,
3225 3950 3244 3981 ι
3295 3948 3371 3983 κα

2411 4022 2610 4092 Κύριος
2635 4021 2723 4072 τὸν
2763 4018 3099 4090 θεράποντα,
3132 4021 3338 4074 ἑαυτόν

2411 4112 2502 4165 τοῦ
2530 4112 2828 4181 κρείττονος
2875 4111 3094 4182 Κυρίου
3152 4113 3366 4180 γνῶσιν

2410 4203 2466 4256 δέ
2509 4219 2588 4255 σοι
2630 4204 2996 4273 παραστήσει,
3031 4203 3191 4266 ἔνθα,
3246 4220 3372 4272 προς

2411 4292 2556 4356 λαοῦ,
2613 4291 2720 4343 τῶν
2785 4294 3176 4363 προκειμένων
3230 4291 3328 4344 τοῦ

782 4389 879 4443 tibi
913 4386 1218 4456 planissime
1249 4387 1632 4439 demonstrabit
1661 4387 1773 4452 ipse
1797 4383 2021 4455 Moyses,
2041 4383 2129 4438 ubi
2155 4398 2258 4437 ora]

1895 4399 2021 4453 yses,
2041 4383 2129 4438 ubi
2155 4398 2316 4437 orans
2345 4371 2389 4424 D
2417 4382 2624 4452 φωνῶν,
2650 4381 2740 4434 τὸν
2761 4381 2966 4450 Κύριον
3000 4383 3184 4435 ταῦτα
3211 4385 3371 4452 εἰρηκ

783 4491 881 4547 pro
909 4473 1122 4543 populo,
1161 4487 1319 4541 supra
1358 4473 1626 4540 expositas
1661 4471 1868 4524 Domini
1905 4487 2062 4525 voces
2083 4485 2317 4524 comme-

787 4573 990 4617 morat:
1021 4563 1130 4616 illic
1158 4564 1300 4616 enim
1332 4561 1614 4630 intelliges,
1639 4559 1922 4613 Dominum
1947 4561 2059 4615 haac
2086 4560 2312 4623 dixisse,

785 4668 892 4708 non
914 4655 1085 4723 ipsum
1115 4652 1368 4723 Moysem,
1389 4668 1508 4705 cum
1539 4652 1700 4706 dicit:
1726 4671 1744 4702 ‹
1765 4651 1830 4704 Et
1863 4667 2006 4705 nunc
2035 4653 2318 4706 extollatur

786 4760 977 4798 manus
1003 4752 1116 4806 tua,
1136 4743 1376 4804 Domine,
1399 4743 1842 4812 quemadmodum
1865 4743 2066 4808 dixisti,
2097 4745 2315 4798 dicens:

787 4833 1042 4888 Dominus
1087 4833 1431 4903 longanimis,
1475 4843 1527 4887 et
1575 4834 1752 4886 multae
1817 4835 2215 4897 misericordiae,
2265 4839 2318 4887 et

789 4937 969 4988 verax,
989 4923 1562 4992 auferensiniquitates
1588 4930 1639 4976 et
1669 4923 1962 4990 injustitias
1991 4931 2043 4978 et
2071 4931 2310 4992 peccata,

790 5020 844 5063 et
894 5015 1204 5082 purgatione
1239 5028 1346 5067 non
1381 5015 1626 5083 purgabit
1664 5029 1834 5079 reum,
1859 5015 1951 5082 qui
1986 5015 2164 5068 reddis
2194 5029 2316 5081 pec-

793 5104 914 5150 cata
936 5107 1144 5164 patrum
1177 5102 1231 5154 in
1261 5102 1414 5166 ﬁlios,
1455 5117 1624 5172 usque
1653 5102 1706 5156 in
1749 5105 1958 5156 tertiam
1993 5112 2046 5158 et
2072 5111 2315 5172 quartam

793 5185 1205 5252 generationem.
1233 5208 1250 5239 ι
1300 5189 1535 5246 Observa
1577 5201 1755 5246 autem
1801 5206 2031 5260 quonam
2071 5191 2229 5244 modo
2263 5191 2314 5242 in

796 5273 880 5371 his
908 5272 1021 5370 ipse
1051 5271 1303 5371 Dominus
1328 5279 1412 5371 ubi
1438 5281 1646 5339 Patrem
1672 5284 2046 5353 longanimem,
2066 5290 2118 5335 et
2140 5282 2317 5334 multae

798 5360 1175 5413 misericordia:
1205 5364 1506 5436 appellavit,
1538 5382 1650 5426 tum
1685 5373 1944 5443 adjungit,
1991 5372 2164 5441 ipsum
2197 5385 2315 5423 esse

893 5605 936 5635 ττ
964 5601 1128 5656 Exod.
1161 5618 1345 5666 xxxut,
1373 5608 1551 5674 17-19.

1643 5619 1687 5652 "
1721 5618 1887 5673 Exod.
1922 5632 2110 5680 ηυγ,
2149 5614 2201 5672 1.
2236 5611 2352 5669 ὅδε.

2413 4475 2468 4525 ὲν
2495 4469 2574 4534 οἷς
2597 4489 2758 4541 φησιο
2800 4489 2818 4521 ι
2854 4471 2967 4523 Καὶ
2997 4472 3101 4524 νῦν
3126 4472 3372 4540 ὑψωθῆτε

2412 4563 2469 4614 ὃν
2509 4563 2704 4632 τρόπον
2749 4557 2905 4624 εἶπας
2958 4561 3180 4629 λέγων’
3242 4560 3367 4630 Κύρ

2413 4652 2711 4714 πολυέλεος,
2741 4651 2834 4702 καὶ
2861 4649 3144 4720 ἀληθινὸς,
3177 4652 3372 4720 ἀφαιρι

2413 4741 2553 4803 κίας,
2588 4739 2679 4792 καὶ
2709 4738 3015 4807 ἁμαρτίας
3051 4741 3147 4792 καὶ
3172 4739 3372 4808 καθαρι

2413 4831 2609 4899 ἔνοχον,
2645 4828 2924 4891 ἀποδιδοὺς
2961 4830 3245 4901 ἁμαρτίας
3289 4843 3366 4878 πα

2419 4921 2508 4973 ἐπὶ
2534 4920 2719 4988 τρίτην
2748 4919 2842 4970 καὶ
2867 4919 3139 4990 τετάρτην
3164 4918 3372 4986 γενεάν.

2416 5010 2612 5082 τρόπον
2653 5009 2710 5060 ὲν
2756 5009 2963 5073 τούτοις
2993 5011 3156 5072 αὐτὸς
3196 5009 3226 5060 ὁ
3263 5007 3372 5076 Κύρ

2420 5098 2685 5168 κρόθυμον
2718 5098 2812 5152 καὶ
2840 5099 3130 5152 πολυέλεον
3162 5093 3372 5150 ὲπειπὼ

2419 5189 2577 5240 αὑτὸν
2635 5190 2726 5242 κα)⁸
2787 5189 3039 5260 ἀληθινὸν
3066 5229 3081 5253 ,
3136 5185 3372 5256 σύμφωνα

2420 5277 2700 5346 γνώσκωσί
2768 5297 2826 5332 σε
2898 5282 2987 5334 τὸν
3065 5279 3220 5349 μόνον
3293 5275 3372 5327 ὰλπ

2420 5371 2762 5438 Εὐαγγελίοις
2803 5373 2890 5440 ὑφ’
2920 5372 3037 5432 ἐνὸς
3079 5368 3174 5422 καὶ
3215 5365 3308 5418 τοῦ
3341 5381 3372 5414 α

2419 5461 2705 5532 εῐρημένῳ.
2745 5465 2918 5519 Μόνον
2965 5461 3094 5530 γοῦν
3141 5454 3372 5527 ὰληθινδκ
