  <div class='ocr_page' id='page_1' title='image "/cluster/home/n/w/nwhite01/storage/ocr_20150623/22 (Eusebius; pt. 4)/nyp.33433081862355/215.png"; bbox 0 0 3738 6312; ppageno 0'>
   <div class='ocr_carea' id='block_1_1' title="bbox 720 408 823 461">
    <p class='ocr_par' dir='ltr' id='par_1_1' title="bbox 720 408 823 461">
     <span class='ocr_line' id='line_1_1' title="bbox 720 408 823 461; baseline -0.058 1"><span class='ocrx_word' id='word_1_1' title='bbox 720 408 823 461; x_wconf 52' lang='grc' dir='ltr'><strong>’59η</strong></span> 
     </span>
    </p>
   </div>
   <div class='ocr_carea' id='block_1_2' title="bbox 724 711 979 760">
    <p class='ocr_par' dir='ltr' id='par_1_2' title="bbox 724 711 979 760">
     <span class='ocr_line' id='line_1_2' title="bbox 724 711 979 760; baseline -0.027 -4"><span class='ocrx_word' id='word_1_2' title='bbox 724 711 938 756; x_wconf 78' lang='lat' dir='ltr'><strong>tuorum</strong></span> <span class='ocrx_word' id='word_1_3' title='bbox 963 735 979 760; x_wconf 91' lang='lat'><strong>,</strong></span> 
     </span>
    </p>
   </div>
   <div class='ocr_carea' id='block_1_3' title="bbox 728 764 2259 844">
    <p class='ocr_par' dir='ltr' id='par_1_3' title="bbox 728 764 2259 844">
     <span class='ocr_line' id='line_1_3' title="bbox 728 764 2259 844; baseline -0.018 1"><span class='ocrx_word' id='word_1_4' title='bbox 728 797 911 844; x_wconf 88' lang='lat' dir='ltr'><strong>sancta</strong></span> <span class='ocrx_word' id='word_1_5' title='bbox 959 792 1042 839; x_wconf 89' lang='lat' dir='ltr'><strong>est</strong></span> <span class='ocrx_word' id='word_1_6' title='bbox 1060 783 1125 835; x_wconf 78' lang='grc'><strong>⁸⁸.</strong></span> <span class='ocrx_word' id='word_1_7' title='bbox 1163 801 1181 833; x_wconf 74' lang='grc' dir='ltr'><strong>ι</strong></span> <span class='ocrx_word' id='word_1_8' title='bbox 1219 779 1370 833; x_wconf 88' lang='lat' dir='ltr'><strong>Unus</strong></span> <span class='ocrx_word' id='word_1_9' title='bbox 1407 790 1533 844; x_wconf 89' lang='lat' dir='ltr'><strong>ergo</strong></span> <span class='ocrx_word' id='word_1_10' title='bbox 1584 787 1742 840; x_wconf 80' lang='lat' dir='ltr'><strong>atque</strong></span> <span class='ocrx_word' id='word_1_11' title='bbox 1774 771 1911 823; x_wconf 90' lang='lat' dir='ltr'><strong>idem</strong></span> <span class='ocrx_word' id='word_1_12' title='bbox 1959 768 2058 820; x_wconf 80' lang='lat' dir='ltr'><strong>fuit</strong></span> <span class='ocrx_word' id='word_1_13' title='bbox 2102 764 2259 825; x_wconf 89' lang='lat' dir='ltr'><strong>Deus,</strong></span> 
     </span>
    </p>
   </div>
   <div class='ocr_carea' id='block_1_4' title="bbox 728 852 2264 945">
    <p class='ocr_par' dir='ltr' id='par_1_4' title="bbox 728 852 2264 945">
     <span class='ocr_line' id='line_1_4' title="bbox 728 852 2264 945; baseline -0.015 -17"><span class='ocrx_word' id='word_1_14' title='bbox 728 877 817 945; x_wconf 88' lang='lat' dir='ltr'><strong>qui</strong></span> <span class='ocrx_word' id='word_1_15' title='bbox 867 871 1126 927; x_wconf 90' lang='lat' dir='ltr'><strong>ambobus</strong></span> <span class='ocrx_word' id='word_1_16' title='bbox 1174 864 1486 935; x_wconf 74' lang='lat' dir='ltr'><strong>respondit,</strong></span> <span class='ocrx_word' id='word_1_17' title='bbox 1540 857 1987 930; x_wconf 77' lang='lat' dir='ltr'><strong>quemadmodum</strong></span> <span class='ocrx_word' id='word_1_18' title='bbox 2035 869 2099 907; x_wconf 76' lang='lat' dir='ltr'><strong>ex</strong></span> <span class='ocrx_word' id='word_1_19' title='bbox 2147 852 2264 921; x_wconf 85' lang='lat' dir='ltr'><strong>ipso</strong></span> 
     </span>
    </p>
   </div>
   <div class='ocr_carea' id='block_1_5' title="bbox 724 940 2263 1030">
    <p class='ocr_par' dir='ltr' id='par_1_5' title="bbox 724 940 2263 1030">
     <span class='ocr_line' id='line_1_5' title="bbox 724 940 2263 1030; baseline -0.016 -16"><span class='ocrx_word' id='word_1_20' title='bbox 724 940 994 1030; x_wconf 68' lang='lat' dir='ltr'><strong>praecepto</strong></span> <span class='ocrx_word' id='word_1_21' title='bbox 1021 960 1252 1008; x_wconf 85' lang='lat' dir='ltr'><strong>constat.</strong></span> <span class='ocrx_word' id='word_1_22' title='bbox 1281 950 1382 1004; x_wconf 89' lang='lat' dir='ltr'><strong>Sed</strong></span> <span class='ocrx_word' id='word_1_23' title='bbox 1416 963 1558 1002; x_wconf 86' lang='lat' dir='ltr'><strong>nunc</strong></span> <span class='ocrx_word' id='word_1_24' title='bbox 1589 946 1805 1016; x_wconf 89' lang='lat' dir='ltr'><strong>quidem</strong></span> <span class='ocrx_word' id='word_1_25' title='bbox 1847 958 1941 1011; x_wconf 86' lang='lat' dir='ltr'><strong>per</strong></span> <span class='ocrx_word' id='word_1_26' title='bbox 1974 940 2263 1011; x_wconf 81' lang='lat' dir='ltr'><strong>principem</strong></span> 
     </span>
    </p>
   </div>
   <div class='ocr_carea' id='block_1_6' title="bbox 732 1035 2263 1119">
    <p class='ocr_par' dir='ltr' id='par_1_6' title="bbox 732 1035 2263 1119">
     <span class='ocr_line' id='line_1_6' title="bbox 732 1035 2263 1119; baseline -0.015 -15"><span class='ocrx_word' id='word_1_27' title='bbox 732 1053 1112 1119; x_wconf 73' lang='lat' dir='ltr'><strong>imperatorum</strong></span> <span class='ocrx_word' id='word_1_28' title='bbox 1157 1042 1425 1096; x_wconf 82' lang='lat' dir='ltr'><strong>exercitus</strong></span> <span class='ocrx_word' id='word_1_29' title='bbox 1473 1038 1625 1107; x_wconf 85' lang='lat' dir='ltr'><strong>ejus:</strong></span> <span class='ocrx_word' id='word_1_30' title='bbox 1655 1035 1787 1089; x_wconf 82' lang='lat' dir='ltr'><strong>Mosi</strong></span> <span class='ocrx_word' id='word_1_31' title='bbox 1830 1048 1958 1087; x_wconf 89' lang='lat' dir='ltr'><strong>vero</strong></span> <span class='ocrx_word' id='word_1_32' title='bbox 2008 1047 2102 1100; x_wconf 89' lang='lat' dir='ltr'><strong>per</strong></span> <span class='ocrx_word' id='word_1_33' title='bbox 2143 1045 2263 1084; x_wconf 88' lang='lat' dir='ltr'><strong>eum</strong></span> 
     </span>
    </p>
   </div>
   <div class='ocr_carea' id='block_1_7' title="bbox 734 1118 2270 1209">
    <p class='ocr_par' dir='ltr' id='par_1_7' title="bbox 734 1118 2270 1209">
     <span class='ocr_line' id='line_1_7' title="bbox 734 1118 2270 1209; baseline -0.016 -15"><span class='ocrx_word' id='word_1_34' title='bbox 734 1118 974 1209; x_wconf 83' lang='lat' dir='ltr'><strong>angelum</strong></span> <span class='ocrx_word' id='word_1_35' title='bbox 1007 1135 1097 1203; x_wconf 86' lang='lat' dir='ltr'><strong>qui</strong></span> <span class='ocrx_word' id='word_1_36' title='bbox 1125 1134 1274 1187; x_wconf 83' lang='lat' dir='ltr'><strong>visus</strong></span> <span class='ocrx_word' id='word_1_37' title='bbox 1322 1130 1514 1192; x_wconf 83' lang='lat' dir='ltr'><strong>fuerat,</strong></span> <span class='ocrx_word' id='word_1_38' title='bbox 1547 1118 1820 1179; x_wconf 85' lang='lat' dir='ltr'><strong>oraculum</strong></span> <span class='ocrx_word' id='word_1_39' title='bbox 1851 1123 2082 1177; x_wconf 61' lang='lat' dir='ltr'><strong>exhibet.</strong></span> <span class='ocrx_word' id='word_1_40' title='bbox 2130 1119 2270 1172; x_wconf 81' lang='lat' dir='ltr'><strong>Mili-</strong></span> 
     </span>
    </p>
   </div>
   <div class='ocr_carea' id='block_1_8' title="bbox 735 1208 2269 1283">
    <p class='ocr_par' dir='ltr' id='par_1_8' title="bbox 735 1208 2269 1283">
     <span class='ocr_line' id='line_1_8' title="bbox 735 1208 2269 1283; baseline -0.014 -2"><span class='ocrx_word' id='word_1_41' title='bbox 735 1231 821 1283; x_wconf 66' lang='lat' dir='ltr'><strong>tiae</strong></span> <span class='ocrx_word' id='word_1_42' title='bbox 846 1239 974 1280; x_wconf 78' lang='lat' dir='ltr'><strong>vero</strong></span> <span class='ocrx_word' id='word_1_43' title='bbox 1012 1223 1204 1277; x_wconf 68' lang='lat' dir='ltr'><strong>coelum</strong></span> <span class='ocrx_word' id='word_1_44' title='bbox 1239 1220 1341 1273; x_wconf 90' lang='lat' dir='ltr'><strong>sub</strong></span> <span class='ocrx_word' id='word_1_45' title='bbox 1386 1234 1442 1272; x_wconf 92' lang='lat' dir='ltr'><strong>se</strong></span> <span class='ocrx_word' id='word_1_46' title='bbox 1471 1215 1732 1275; x_wconf 80' lang='lat' dir='ltr'><strong>habentis,</strong></span> <span class='ocrx_word' id='word_1_47' title='bbox 1771 1219 1822 1265; x_wconf 89' lang='lat' dir='ltr'><strong>et</strong></span> <span class='ocrx_word' id='word_1_48' title='bbox 1857 1210 2125 1264; x_wconf 86' lang='lat' dir='ltr'><strong>exercitus</strong></span> <span class='ocrx_word' id='word_1_49' title='bbox 2152 1208 2269 1275; x_wconf 89' lang='lat' dir='ltr'><strong>ipso</strong></span> 
     </span>
    </p>
   </div>
   <div class='ocr_carea' id='block_1_9' title="bbox 730 1297 2272 1381">
    <p class='ocr_par' dir='ltr' id='par_1_9' title="bbox 730 1297 2272 1381">
     <span class='ocr_line' id='line_1_9' title="bbox 730 1297 2272 1381; baseline -0.016 -8"><span class='ocrx_word' id='word_1_50' title='bbox 730 1317 934 1373; x_wconf 84' lang='lat' dir='ltr'><strong>mundo</strong></span> <span class='ocrx_word' id='word_1_51' title='bbox 978 1311 1291 1381; x_wconf 85' lang='lat' dir='ltr'><strong>superioris,</strong></span> <span class='ocrx_word' id='word_1_52' title='bbox 1315 1317 1368 1362; x_wconf 89' lang='lat' dir='ltr'><strong>et</strong></span> <span class='ocrx_word' id='word_1_53' title='bbox 1399 1306 1683 1375; x_wconf 71' lang='lat' dir='ltr'><strong>spirituum</strong></span> <span class='ocrx_word' id='word_1_54' title='bbox 1729 1300 2099 1361; x_wconf 86' lang='lat' dir='ltr'><strong>invisibilium,</strong></span> <span class='ocrx_word' id='word_1_55' title='bbox 2134 1297 2272 1350; x_wconf 87' lang='lat' dir='ltr'><strong>divi-</strong></span> 
     </span>
    </p>
   </div>
   <div class='ocr_carea' id='block_1_10' title="bbox 730 1387 2269 1475">
    <p class='ocr_par' dir='ltr' id='par_1_10' title="bbox 730 1387 2269 1475">
     <span class='ocr_line' id='line_1_10' title="bbox 730 1387 2269 1475; baseline -0.016 -11"><span class='ocrx_word' id='word_1_56' title='bbox 730 1421 1035 1475; x_wconf 75' lang='lat' dir='ltr'><strong>norumque</strong></span> <span class='ocrx_word' id='word_1_57' title='bbox 1077 1403 1384 1471; x_wconf 84' lang='lat' dir='ltr'><strong>angelorum</strong></span> <span class='ocrx_word' id='word_1_58' title='bbox 1433 1406 1594 1465; x_wconf 90' lang='lat' dir='ltr'><strong>atque</strong></span> <span class='ocrx_word' id='word_1_59' title='bbox 1654 1392 2094 1461; x_wconf 86' lang='lat' dir='ltr'><strong>archangelorum</strong></span> <span class='ocrx_word' id='word_1_60' title='bbox 2136 1387 2269 1456; x_wconf 82' lang='lat' dir='ltr'><strong>regi,</strong></span> 
     </span>
    </p>
   </div>
   <div class='ocr_carea' id='block_1_11' title="bbox 736 1476 2273 1569">
    <p class='ocr_par' dir='ltr' id='par_1_11' title="bbox 736 1476 2273 1569">
     <span class='ocr_line' id='line_1_11' title="bbox 736 1476 2273 1569; baseline -0.016 -17"><span class='ocrx_word' id='word_1_61' title='bbox 736 1498 1076 1569; x_wconf 80' lang='lat' dir='ltr'><strong>perfectoque</strong></span> <span class='ocrx_word' id='word_1_62' title='bbox 1100 1489 1331 1546; x_wconf 86' lang='lat' dir='ltr'><strong>universi</strong></span> <span class='ocrx_word' id='word_1_63' title='bbox 1364 1487 1471 1541; x_wconf 90' lang='lat' dir='ltr'><strong>Deo</strong></span> <span class='ocrx_word' id='word_1_64' title='bbox 1499 1482 1898 1539; x_wconf 77' lang='lat' dir='ltr'><strong>inservientium</strong></span> <span class='ocrx_word' id='word_1_65' title='bbox 1930 1477 2109 1545; x_wconf 82' lang='lat' dir='ltr'><strong>(sicuti</strong></span> <span class='ocrx_word' id='word_1_66' title='bbox 2133 1476 2273 1544; x_wconf 83' lang='lat' dir='ltr'><strong>apud</strong></span> 
     </span>
    </p>
   </div>
   <div class='ocr_carea' id='block_1_12' title="bbox 738 1566 2275 1642">
    <p class='ocr_par' dir='ltr' id='par_1_12' title="bbox 738 1566 2275 1642">
     <span class='ocr_line' id='line_1_12' title="bbox 738 1566 2275 1642; baseline -0.016 0"><span class='ocrx_word' id='word_1_67' title='bbox 738 1566 1006 1642; x_wconf 74' lang='lat' dir='ltr'><strong>Danielem</strong></span> <span class='ocrx_word' id='word_1_68' title='bbox 1054 1583 1253 1636; x_wconf 89' lang='lat' dir='ltr'><strong>dictum</strong></span> <span class='ocrx_word' id='word_1_69' title='bbox 1301 1584 1424 1633; x_wconf 88' lang='lat' dir='ltr'><strong>est:</strong></span> <span class='ocrx_word' id='word_1_70' title='bbox 1456 1594 1473 1625; x_wconf 84' lang='grc'><em>‹</em></span> <span class='ocrx_word' id='word_1_71' title='bbox 1504 1574 1645 1627; x_wconf 84' lang='lat' dir='ltr'><strong>Mille</strong></span> <span class='ocrx_word' id='word_1_72' title='bbox 1682 1571 1847 1625; x_wconf 88' lang='lat' dir='ltr'><strong>millia</strong></span> <span class='ocrx_word' id='word_1_73' title='bbox 1898 1566 2275 1622; x_wconf 83' lang='lat' dir='ltr'><strong>ministrabant</strong></span> 
     </span>
    </p>
   </div>
   <div class='ocr_carea' id='block_1_13' title="bbox 730 1655 2266 1740">
    <p class='ocr_par' dir='ltr' id='par_1_13' title="bbox 730 1655 2266 1740">
     <span class='ocr_line' id='line_1_13' title="bbox 730 1655 2266 1740; baseline -0.018 -8"><span class='ocrx_word' id='word_1_74' title='bbox 730 1677 811 1740; x_wconf 76' lang='lat' dir='ltr'><strong>ei,</strong></span> <span class='ocrx_word' id='word_1_75' title='bbox 842 1681 895 1729; x_wconf 91' lang='lat' dir='ltr'><strong>et</strong></span> <span class='ocrx_word' id='word_1_76' title='bbox 922 1672 1124 1727; x_wconf 86' lang='lat' dir='ltr'><strong>centies</strong></span> <span class='ocrx_word' id='word_1_77' title='bbox 1155 1669 1297 1722; x_wconf 92' lang='lat' dir='ltr'><strong>mille</strong></span> <span class='ocrx_word' id='word_1_78' title='bbox 1316 1666 1481 1720; x_wconf 90' lang='lat' dir='ltr'><strong>millia</strong></span> <span class='ocrx_word' id='word_1_79' title='bbox 1500 1662 2011 1717; x_wconf 84' lang='lat' dir='ltr'><strong>assistebantcoram</strong></span> <span class='ocrx_word' id='word_1_80' title='bbox 2036 1672 2100 1711; x_wconf 90' lang='lat' dir='ltr'><strong>eo</strong></span> <span class='ocrx_word' id='word_1_81' title='bbox 2119 1655 2162 1686; x_wconf 80' lang='grc'><strong>⁸⁷</strong></span> <span class='ocrx_word' id='word_1_82' title='bbox 2184 1659 2222 1723; x_wconf 84' lang='grc'><strong>);</strong></span> <span class='ocrx_word' id='word_1_83' title='bbox 2249 1673 2266 1704; x_wconf 73' lang='grc' dir='ltr'><strong>ι</strong></span> 
     </span>
    </p>
   </div>
   <div class='ocr_carea' id='block_1_14' title="bbox 730 1744 2274 1827">
    <p class='ocr_par' dir='ltr' id='par_1_14' title="bbox 730 1744 2274 1827">
     <span class='ocr_line' id='line_1_14' title="bbox 730 1744 2274 1827; baseline -0.015 -8"><span class='ocrx_word' id='word_1_84' title='bbox 730 1763 1002 1822; x_wconf 62' lang='lat' dir='ltr'><strong>«omnium,</strong></span> <span class='ocrx_word' id='word_1_85' title='bbox 1044 1761 1282 1827; x_wconf 84' lang='lat' dir='ltr'><strong>inquam,</strong></span> <span class='ocrx_word' id='word_1_86' title='bbox 1325 1755 1511 1808; x_wconf 86' lang='lat' dir='ltr'><strong>talium</strong></span> <span class='ocrx_word' id='word_1_87' title='bbox 1555 1764 1857 1819; x_wconf 87' lang='lat' dir='ltr'><strong>supremus,</strong></span> <span class='ocrx_word' id='word_1_88' title='bbox 1897 1747 2018 1816; x_wconf 89' lang='lat' dir='ltr'><strong>quis</strong></span> <span class='ocrx_word' id='word_1_89' title='bbox 2060 1744 2274 1798; x_wconf 86' lang='lat' dir='ltr'><strong>tandem</strong></span> 
     </span>
    </p>
   </div>
   <div class='ocr_carea' id='block_1_15' title="bbox 1370 361 3343 442">
    <p class='ocr_par' dir='ltr' id='par_1_15' title="bbox 1370 361 3343 442">
     <span class='ocr_line' id='line_1_15' title="bbox 1370 361 3343 442; baseline -0.014 -2"><span class='ocrx_word' id='word_1_90' title='bbox 1370 387 1629 442; x_wconf 83' lang='lat' dir='ltr'><strong>EUSEBII</strong></span> <span class='ocrx_word' id='word_1_91' title='bbox 1658 382 2125 441; x_wconf 66' lang='lat' dir='ltr'><strong>CESARIENSIS</strong></span> <span class='ocrx_word' id='word_1_92' title='bbox 2163 382 2308 434; x_wconf 65' lang='grc' dir='ltr'><strong>(ΠΨ.</strong></span> <span class='ocrx_word' id='word_1_93' title='bbox 2349 376 2527 431; x_wconf 79' lang='lat' dir='ltr'><strong>PARS</strong></span> <span class='ocrx_word' id='word_1_94' title='bbox 2556 373 2622 430; x_wconf 87' lang='grc' dir='ltr'><strong>ιι.</strong></span> <span class='ocrx_word' id='word_1_95' title='bbox 2660 404 2727 415; x_wconf 92' lang='lat'><strong>—-</strong></span> <span class='ocrx_word' id='word_1_96' title='bbox 2756 361 3343 425; x_wconf 79' lang='lat' dir='ltr'><strong>APOLOGETICA.</strong></span> 
     </span>
    </p>
   </div>
   <div class='ocr_carea' id='block_1_16' title="bbox 726 471 2202 576">
    <p class='ocr_par' dir='ltr' id='par_1_16' title="bbox 726 497 2202 574">
     <span class='ocr_line' id='line_1_16' title="bbox 726 497 2202 574; baseline -0.019 0"><span class='ocrx_word' id='word_1_97' title='bbox 726 534 828 574; x_wconf 89' lang='lat' dir='ltr'><strong>nus</strong></span> <span class='ocrx_word' id='word_1_98' title='bbox 859 516 924 570; x_wconf 84' lang='lat' dir='ltr'><strong>de</strong></span> <span class='ocrx_word' id='word_1_99' title='bbox 950 509 1123 567; x_wconf 70' lang='lat' dir='ltr'><strong>nredio</strong></span> <span class='ocrx_word' id='word_1_100' title='bbox 1151 503 1292 562; x_wconf 86' lang='lat' dir='ltr'><strong>rubi.</strong></span> <span class='ocrx_word' id='word_1_101' title='bbox 1326 502 1546 556; x_wconf 87' lang='lat' dir='ltr'><strong>dicens:</strong></span> <span class='ocrx_word' id='word_1_102' title='bbox 1582 499 1775 563; x_wconf 78' lang='lat' dir='ltr'><strong>Moses,</strong></span> <span class='ocrx_word' id='word_1_103' title='bbox 1808 497 2005 560; x_wconf 73' lang='lat' dir='ltr'><strong>Moses,</strong></span> <span class='ocrx_word' id='word_1_104' title='bbox 2039 511 2107 550; x_wconf 85' lang='lat' dir='ltr'><strong>ne</strong></span> <span class='ocrx_word' id='word_1_105' title='bbox 2131 511 2202 564; x_wconf 65' lang='lat' dir='ltr'><strong>pri</strong></span> 
     </span>
    </p>
   </div>
   <div class='ocr_carea' id='block_1_17' title="bbox 1901 471 3377 576">
    <p class='ocr_par' dir='ltr' id='par_1_17' title="bbox 1901 471 3377 576">
     <span class='ocr_line' id='line_1_17' title="bbox 1901 471 3377 576; baseline -0.022 -24"><span class='ocrx_word' id='word_1_106' title='bbox 1901 512 2005 560; x_wconf 85' lang='lat' dir='ltr'><strong>ses,</strong></span> <span class='ocrx_word' id='word_1_107' title='bbox 2039 511 2107 550; x_wconf 83' lang='lat' dir='ltr'><strong>ne</strong></span> <span class='ocrx_word' id='word_1_108' title='bbox 2131 511 2252 564; x_wconf 88' lang='lat' dir='ltr'><strong>pro-</strong></span> <span class='ocrx_word' id='word_1_109' title='bbox 2284 522 2326 576; x_wconf 67' lang='grc' dir='ltr'>Α</span> <span class='ocrx_word' id='word_1_110' title='bbox 2353 492 2600 545; x_wconf 78' lang='grc' dir='ltr'><strong>ἐκάλεσεν</strong></span> <span class='ocrx_word' id='word_1_111' title='bbox 2623 485 2777 541; x_wconf 80' lang='grc' dir='ltr'><strong>αὑτὸν</strong></span> <span class='ocrx_word' id='word_1_112' title='bbox 2804 486 2831 536; x_wconf 84' lang='grc' dir='ltr'>ὁ</span> <span class='ocrx_word' id='word_1_113' title='bbox 2857 481 3056 551; x_wconf 81' lang='grc' dir='ltr'><strong>Κύριος</strong></span> <span class='ocrx_word' id='word_1_114' title='bbox 3094 479 3193 528; x_wconf 82' lang='grc' dir='ltr'><strong>ὲκ</strong></span> <span class='ocrx_word' id='word_1_115' title='bbox 3238 471 3377 573; x_wconf 53' lang='lat' dir='ltr'><strong>pf:</strong></span> 
     </span>
    </p>
   </div>
   <div class='ocr_carea' id='block_1_18' title="bbox 727 555 2203 680">
    <p class='ocr_par' dir='ltr' id='par_1_18' title="bbox 727 555 2199 680">
     <span class='ocr_line' id='line_1_18' title="bbox 727 555 2146 574; baseline -0.011 0"><span class='ocrx_word' id='word_1_116' title='bbox 727 555 828 574; x_wconf 69' lang='grc' dir='ltr'><strong>...ιο</strong></span> <span class='ocrx_word' id='word_1_117' title='bbox 860 555 924 570; x_wconf 77' lang='grc' dir='ltr'><strong>υ..</strong></span> <span class='ocrx_word' id='word_1_118' title='bbox 950 555 1120 567; x_wconf 62' lang='grc' dir='ltr'><strong>...ω-.-</strong></span> <span class='ocrx_word' id='word_1_119' title='bbox 1280 555 1291 562; x_wconf 78' lang='grc'>.</span> <span class='ocrx_word' id='word_1_120' title='bbox 1339 555 1342 556; x_wconf 44' lang='grc' dir='ltr'><strong>ν</strong></span> <span class='ocrx_word' id='word_1_121' title='bbox 1764 555 1774 563; x_wconf 84' lang='grc'><strong>,</strong></span> <span class='ocrx_word' id='word_1_122' title='bbox 1994 555 2003 560; x_wconf 77' lang='grc'><strong>,</strong></span> <span class='ocrx_word' id='word_1_123' title='bbox 2131 555 2146 564; x_wconf 91' lang='grc'><strong>,</strong></span> 
     </span>
     <span class='ocr_line' id='line_1_19' title="bbox 727 587 2199 680; baseline -0.016 -17"><span class='ocrx_word' id='word_1_124' title='bbox 727 613 845 680; x_wconf 90' lang='lat' dir='ltr'><strong>pius</strong></span> <span class='ocrx_word' id='word_1_125' title='bbox 882 600 1177 658; x_wconf 85' lang='lat' dir='ltr'><strong>accesseris</strong></span> <span class='ocrx_word' id='word_1_126' title='bbox 1235 596 1341 650; x_wconf 90' lang='lat' dir='ltr'><strong>huc</strong></span> <span class='ocrx_word' id='word_1_127' title='bbox 1369 615 1382 650; x_wconf 90' lang='lat'><strong>:</strong></span> <span class='ocrx_word' id='word_1_128' title='bbox 1409 595 1556 650; x_wconf 88' lang='lat' dir='ltr'><strong>solve</strong></span> <span class='ocrx_word' id='word_1_129' title='bbox 1601 593 2018 646; x_wconf 86' lang='lat' dir='ltr'><strong>ealceamentu-m</strong></span> <span class='ocrx_word' id='word_1_130' title='bbox 2065 587 2199 654; x_wconf 90' lang='lat' dir='ltr'><strong>pedu</strong></span> 
     </span>
    </p>
   </div>
   <div class='ocr_carea' id='block_1_19' title="bbox 1868 555 3344 680">
    <p class='ocr_par' dir='ltr' id='par_1_19' title="bbox 1871 555 3344 654">
     <span class='ocr_line' id='line_1_20' title="bbox 1871 555 3344 654; baseline -0.022 -11"><span class='ocrx_word' id='word_1_131' title='bbox 1871 555 2018 643; x_wconf 65' lang='grc' dir='ltr'><strong>ειιιηέ]</strong></span> <span class='ocrx_word' id='word_1_132' title='bbox 2065 555 2326 654; x_wconf 53' lang='lat' dir='ltr'><strong>pedum&quot;.</strong></span> <span class='ocrx_word' id='word_1_133' title='bbox 2361 579 2551 648; x_wconf 81' lang='grc' dir='ltr'><strong>Μωσῆ,</strong></span> <span class='ocrx_word' id='word_1_134' title='bbox 2586 576 2775 644; x_wconf 80' lang='grc' dir='ltr'><strong>Μωσῆ,</strong></span> <span class='ocrx_word' id='word_1_135' title='bbox 2816 568 3189 642; x_wconf 56' lang='grc' dir='ltr'><strong>μὴλὲγγίσῃς</strong></span> <span class='ocrx_word' id='word_1_136' title='bbox 3278 555 3344 611; x_wconf 84' lang='grc' dir='ltr'><strong>ὦ</strong></span> 
     </span>
    </p>
   </div>
   <div class='ocr_carea' id='block_1_20' title="bbox 1047 649 2523 751">
    <p class='ocr_par' dir='ltr' id='par_1_20' title="bbox 1047 669 2523 751">
     <span class='ocr_line' id='line_1_21' title="bbox 1047 669 2523 751; baseline -0.018 -6"><span class='ocrx_word' id='word_1_137' title='bbox 1047 693 1196 746; x_wconf 89' lang='lat' dir='ltr'><strong>locus</strong></span> <span class='ocrx_word' id='word_1_138' title='bbox 1277 687 1418 742; x_wconf 89' lang='lat' dir='ltr'><strong>enim</strong></span> <span class='ocrx_word' id='word_1_139' title='bbox 1500 684 1552 738; x_wconf 88' lang='lat' dir='ltr'><strong>in</strong></span> <span class='ocrx_word' id='word_1_140' title='bbox 1624 697 1730 751; x_wconf 90' lang='lat' dir='ltr'><strong>quo</strong></span> <span class='ocrx_word' id='word_1_141' title='bbox 1789 688 1846 733; x_wconf 93' lang='lat' dir='ltr'><strong>tu</strong></span> <span class='ocrx_word' id='word_1_142' title='bbox 1908 686 2061 738; x_wconf 85' lang='lat' dir='ltr'><strong>stas,</strong></span> <span class='ocrx_word' id='word_1_143' title='bbox 2120 684 2260 729; x_wconf 85' lang='lat' dir='ltr'><strong>terra</strong></span> <span class='ocrx_word' id='word_1_144' title='bbox 2357 669 2463 722; x_wconf 83' lang='grc' dir='ltr'><strong>τῶν</strong></span> <span class='ocrx_word' id='word_1_145' title='bbox 2506 687 2523 720; x_wconf 69' lang='lat'><strong>1</strong></span> 
     </span>
    </p>
   </div>
   <div class='ocr_carea' id='block_1_21' title="bbox 1901 649 3377 751">
    <p class='ocr_par' dir='ltr' id='par_1_21' title="bbox 1908 649 3377 738">
     <span class='ocr_line' id='line_1_22' title="bbox 1908 649 3377 738; baseline -0.022 -6"><span class='ocrx_word' id='word_1_146' title='bbox 1908 686 2019 732; x_wconf 84' lang='lat' dir='ltr'><strong>stas</strong></span> <span class='ocrx_word' id='word_1_147' title='bbox 2046 649 2077 738; x_wconf 44' lang='lat'><strong>,-</strong></span> <span class='ocrx_word' id='word_1_148' title='bbox 2120 684 2260 729; x_wconf 80' lang='lat' dir='ltr'><strong>terra</strong></span> <span class='ocrx_word' id='word_1_149' title='bbox 2357 669 2463 722; x_wconf 82' lang='grc' dir='ltr'><strong>τῶν</strong></span> <span class='ocrx_word' id='word_1_150' title='bbox 2506 667 2677 720; x_wconf 80' lang='grc' dir='ltr'><strong>ποδῶν</strong></span> <span class='ocrx_word' id='word_1_151' title='bbox 2714 679 2836 716; x_wconf 56' lang='lat' dir='ltr'><strong>corr</strong></span> <span class='ocrx_word' id='word_1_152' title='bbox 2866 662 2894 713; x_wconf 91' lang='grc' dir='ltr'><strong>ό</strong></span> <span class='ocrx_word' id='word_1_153' title='bbox 2920 659 3027 728; x_wconf 73' lang='grc' dir='ltr'><strong>γὰρ</strong></span> <span class='ocrx_word' id='word_1_154' title='bbox 3066 658 3315 711; x_wconf 81' lang='grc' dir='ltr'>τόπος</span> <span class='ocrx_word' id='word_1_155' title='bbox 3368 649 3377 698; x_wconf 76' lang='lat' dir='ltr'><strong>l</strong></span> 
     </span>
    </p>
   </div>
   <div class='ocr_carea' id='block_1_22' title="bbox 2359 736 3378 825">
    <p class='ocr_par' dir='ltr' id='par_1_22' title="bbox 2359 736 3378 825">
     <span class='ocr_line' id='line_1_23' title="bbox 2359 736 3378 825; baseline -0.022 -13"><span class='ocrx_word' id='word_1_156' title='bbox 2359 758 2517 812; x_wconf 80' lang='grc' dir='ltr'><strong>αὑτοῦ</strong></span> <span class='ocrx_word' id='word_1_157' title='bbox 2551 757 2619 825; x_wconf 80' lang='grc' dir='ltr'><strong>γῆ</strong></span> <span class='ocrx_word' id='word_1_158' title='bbox 2659 752 2787 821; x_wconf 81' lang='grc' dir='ltr'><strong>ἁγία</strong></span> <span class='ocrx_word' id='word_1_159' title='bbox 2828 748 2990 801; x_wconf 79' lang='grc' dir='ltr'><strong>ἐστίν.</strong></span> <span class='ocrx_word' id='word_1_160' title='bbox 3019 765 3036 797; x_wconf 74' lang='grc' dir='ltr'><strong>ι</strong></span> <span class='ocrx_word' id='word_1_161' title='bbox 3076 736 3217 803; x_wconf 75' lang='grc' dir='ltr'><strong>Εἷς</strong></span> <span class='ocrx_word' id='word_1_162' title='bbox 3256 739 3378 809; x_wconf 79' lang='grc' dir='ltr'><strong>ἄρι</strong></span> 
     </span>
    </p>
   </div>
   <div class='ocr_carea' id='block_1_23' title="bbox 3351 557 3378 608">
    <p class='ocr_par' dir='ltr' id='par_1_23' title="bbox 3351 557 3378 608">
     <span class='ocr_line' id='line_1_24' title="bbox 3351 557 3378 608; baseline 0 0"><span class='ocrx_word' id='word_1_163' title='bbox 3351 557 3378 608; x_wconf 79' lang='grc' dir='ltr'><strong>ε</strong></span> 
     </span>
    </p>
   </div>
   <div class='ocr_carea' id='block_1_24' title="bbox 2362 830 3319 918">
    <p class='ocr_par' dir='ltr' id='par_1_24' title="bbox 2362 830 3319 918">
     <span class='ocr_line' id='line_1_25' title="bbox 2362 830 3319 918; baseline -0.025 -16"><span class='ocrx_word' id='word_1_164' title='bbox 2362 846 2678 918; x_wconf 76' lang='grc' dir='ltr'><strong>ἀμφοτέροις</strong></span> <span class='ocrx_word' id='word_1_165' title='bbox 2709 837 3046 912; x_wconf 79' lang='grc' dir='ltr'><strong>χρηματίσας</strong></span> <span class='ocrx_word' id='word_1_166' title='bbox 3088 830 3319 890; x_wconf 78' lang='grc' dir='ltr'><strong>Θεὸς,</strong></span> 
     </span>
    </p>
   </div>
   <div class='ocr_carea' id='block_1_25' title="bbox 2367 919 3378 1008">
    <p class='ocr_par' dir='ltr' id='par_1_25' title="bbox 2367 919 3378 1008">
     <span class='ocr_line' id='line_1_26' title="bbox 2367 919 3378 1008; baseline -0.026 -17"><span class='ocrx_word' id='word_1_167' title='bbox 2367 954 2526 1008; x_wconf 81' lang='grc' dir='ltr'><strong>ματος</strong></span> <span class='ocrx_word' id='word_1_168' title='bbox 2561 934 2842 987; x_wconf 80' lang='grc' dir='ltr'><strong>δείκνυται.</strong></span> <span class='ocrx_word' id='word_1_169' title='bbox 2891 924 3050 978; x_wconf 77' lang='grc' dir='ltr'><strong>Ἀλλὰ</strong></span> <span class='ocrx_word' id='word_1_170' title='bbox 3135 919 3274 971; x_wconf 78' lang='grc' dir='ltr'><strong>νῦν</strong></span> <span class='ocrx_word' id='word_1_171' title='bbox 3333 933 3378 985; x_wconf 82' lang='grc' dir='ltr'><strong>μ</strong></span> 
     </span>
    </p>
   </div>
   <div class='ocr_carea' id='block_1_26' title="bbox 2363 1008 3378 1099">
    <p class='ocr_par' dir='ltr' id='par_1_26' title="bbox 2363 1008 3378 1099">
     <span class='ocr_line' id='line_1_27' title="bbox 2363 1008 3378 1099; baseline -0.024 -19"><span class='ocrx_word' id='word_1_172' title='bbox 2363 1032 2523 1099; x_wconf 72' lang='grc' dir='ltr'><strong>τήγω</strong></span> <span class='ocrx_word' id='word_1_173' title='bbox 2550 1025 2647 1092; x_wconf 78' lang='grc' dir='ltr'><strong>τῆς</strong></span> <span class='ocrx_word' id='word_1_174' title='bbox 2675 1020 2949 1088; x_wconf 83' lang='grc' dir='ltr'><strong>δυνάμεως</strong></span> <span class='ocrx_word' id='word_1_175' title='bbox 2981 1010 3220 1070; x_wconf 73' lang='grc' dir='ltr'><strong>αὑτοῦ,</strong></span> <span class='ocrx_word' id='word_1_176' title='bbox 3254 1008 3378 1059; x_wconf 72' lang='lat' dir='ltr'><strong>Nlo</strong></span> 
     </span>
    </p>
   </div>
   <div class='ocr_carea' id='block_1_27' title="bbox 2364 1094 3378 1181">
    <p class='ocr_par' dir='ltr' id='par_1_27' title="bbox 2364 1094 3378 1181">
     <span class='ocr_line' id='line_1_28' title="bbox 2364 1094 3378 1181; baseline -0.025 -11"><span class='ocrx_word' id='word_1_177' title='bbox 2364 1094 2452 1177; x_wconf 77' lang='grc' dir='ltr'><strong>τός</strong></span> <span class='ocrx_word' id='word_1_178' title='bbox 2480 1112 2702 1181; x_wconf 78' lang='grc' dir='ltr'><strong>ἀγγέλου</strong></span> <span class='ocrx_word' id='word_1_179' title='bbox 2727 1104 2988 1168; x_wconf 74' lang='grc' dir='ltr'><strong>Θεσπίζει.</strong></span> <span class='ocrx_word' id='word_1_180' title='bbox 3008 1094 3378 1169; x_wconf 57' lang='grc' dir='ltr'><strong>Στρατιῶκ</strong></span> 
     </span>
    </p>
   </div>
   <div class='ocr_carea' id='block_1_28' title="bbox 2366 1187 3378 1273">
    <p class='ocr_par' dir='ltr' id='par_1_28' title="bbox 2366 1187 3378 1273">
     <span class='ocr_line' id='line_1_29' title="bbox 2366 1187 3378 1273; baseline -0.024 -14"><span class='ocrx_word' id='word_1_181' title='bbox 2366 1206 2641 1273; x_wconf 83' lang='grc' dir='ltr'><strong>δυνάμεων</strong></span> <span class='ocrx_word' id='word_1_182' title='bbox 2697 1191 3088 1264; x_wconf 81' lang='grc' dir='ltr'><strong>ὑπερκοσμίων</strong></span> <span class='ocrx_word' id='word_1_183' title='bbox 3157 1187 3294 1239; x_wconf 75' lang='grc' dir='ltr'><strong>καὶ</strong></span> <span class='ocrx_word' id='word_1_184' title='bbox 3369 1202 3378 1217; x_wconf 90' lang='grc'>·</span> 
     </span>
    </p>
   </div>
   <div class='ocr_carea' id='block_1_29' title="bbox 2370 1278 3372 1363">
    <p class='ocr_par' dir='ltr' id='par_1_29' title="bbox 2370 1278 3372 1363">
     <span class='ocr_line' id='line_1_30' title="bbox 2370 1278 3372 1363; baseline -0.027 -13"><span class='ocrx_word' id='word_1_185' title='bbox 2370 1294 2610 1363; x_wconf 82' lang='grc' dir='ltr'><strong>ἀγγέλων</strong></span> <span class='ocrx_word' id='word_1_186' title='bbox 2645 1306 2701 1341; x_wconf 89' lang='grc' dir='ltr'><strong>τε</strong></span> <span class='ocrx_word' id='word_1_187' title='bbox 2749 1285 2906 1338; x_wconf 85' lang='grc' dir='ltr'>θείων</span> <span class='ocrx_word' id='word_1_188' title='bbox 2950 1280 3043 1333; x_wconf 72' lang='grc' dir='ltr'><strong>καὶ</strong></span> <span class='ocrx_word' id='word_1_189' title='bbox 3115 1278 3372 1346; x_wconf 82' lang='grc' dir='ltr'><strong>ἀρχαγ</strong></span> 
     </span>
    </p>
   </div>
   <div class='ocr_carea' id='block_1_30' title="bbox 2370 1369 3378 1447">
    <p class='ocr_par' dir='ltr' id='par_1_30' title="bbox 2370 1369 3378 1447">
     <span class='ocr_line' id='line_1_31' title="bbox 2370 1369 3378 1447; baseline -0.025 -8"><span class='ocrx_word' id='word_1_190' title='bbox 2370 1385 2462 1439; x_wconf 74' lang='grc' dir='ltr'><strong>καὶ</strong></span> <span class='ocrx_word' id='word_1_191' title='bbox 2517 1376 2841 1447; x_wconf 77' lang='grc' dir='ltr'><strong>πανηγεμόνι</strong></span> <span class='ocrx_word' id='word_1_192' title='bbox 2871 1370 2987 1439; x_wconf 80' lang='grc' dir='ltr'><strong>Θεῷ</strong></span> <span class='ocrx_word' id='word_1_193' title='bbox 3012 1369 3081 1420; x_wconf 84' lang='grc' dir='ltr'><strong>λε</strong></span> <span class='ocrx_word' id='word_1_194' title='bbox 3092 1383 3246 1419; x_wconf 80' lang='grc' dir='ltr'><strong>ιτου</strong></span> <span class='ocrx_word' id='word_1_195' title='bbox 3259 1381 3378 1434; x_wconf 73' lang='grc' dir='ltr'><strong>ργε</strong></span> 
     </span>
    </p>
   </div>
   <div class='ocr_carea' id='block_1_31' title="bbox 2375 1453 3370 1545">
    <p class='ocr_par' dir='ltr' id='par_1_31' title="bbox 2375 1453 3370 1545">
     <span class='ocr_line' id='line_1_32' title="bbox 2375 1453 3370 1545; baseline -0.026 -17"><span class='ocrx_word' id='word_1_196' title='bbox 2375 1475 2529 1545; x_wconf 86' lang='grc' dir='ltr'><strong>μένον</strong></span> <span class='ocrx_word' id='word_1_197' title='bbox 2569 1468 2714 1538; x_wconf 80' lang='grc' dir='ltr'><strong>παρὰ</strong></span> <span class='ocrx_word' id='word_1_198' title='bbox 2738 1464 2813 1534; x_wconf 75' lang='grc' dir='ltr'><strong>τῷ</strong></span> <span class='ocrx_word' id='word_1_199' title='bbox 2840 1459 3033 1529; x_wconf 85' lang='grc' dir='ltr'><strong>Δανιήλ</strong></span> <span class='ocrx_word' id='word_1_200' title='bbox 3060 1476 3079 1489; x_wconf 72' lang='grc' dir='ltr'><strong>ο</strong></span> <span class='ocrx_word' id='word_1_201' title='bbox 3142 1474 3167 1505; x_wconf 72' lang='grc' dir='ltr'><strong>α</strong></span> <span class='ocrx_word' id='word_1_202' title='bbox 3228 1453 3370 1506; x_wconf 80' lang='grc' dir='ltr'>Χίλ</span> 
     </span>
    </p>
   </div>
   <div class='ocr_carea' id='block_1_32' title="bbox 2372 1544 3378 1634">
    <p class='ocr_par' dir='ltr' id='par_1_32' title="bbox 2372 1544 3378 1634">
     <span class='ocr_line' id='line_1_33' title="bbox 2372 1544 3378 1634; baseline -0.023 -16"><span class='ocrx_word' id='word_1_203' title='bbox 2372 1582 2499 1634; x_wconf 88' lang='grc' dir='ltr'><strong>γουν</strong></span> <span class='ocrx_word' id='word_1_204' title='bbox 2525 1559 2669 1628; x_wconf 74' lang='grc' dir='ltr'><strong>αὐτῷ</strong></span> <span class='ocrx_word' id='word_1_205' title='bbox 2688 1598 2702 1620; x_wconf 88' lang='grc'><strong>,</strong></span> <span class='ocrx_word' id='word_1_206' title='bbox 2730 1555 2822 1608; x_wconf 70' lang='grc' dir='ltr'><strong>καὶ</strong></span> <span class='ocrx_word' id='word_1_207' title='bbox 2855 1552 3043 1623; x_wconf 82' lang='grc' dir='ltr'><strong>μύριαι</strong></span> <span class='ocrx_word' id='word_1_208' title='bbox 3087 1544 3378 1617; x_wconf 81' lang='grc' dir='ltr'><strong>μυριάδε</strong></span> 
     </span>
    </p>
   </div>
   <div class='ocr_carea' id='block_1_33' title="bbox 2382 1636 3378 1725">
    <p class='ocr_par' dir='ltr' id='par_1_33' title="bbox 2382 1636 3378 1725">
     <span class='ocr_line' id='line_1_34' title="bbox 2382 1636 3378 1725; baseline -0.025 -17"><span class='ocrx_word' id='word_1_209' title='bbox 2382 1651 2612 1725; x_wconf 80' lang='grc' dir='ltr'><strong>πρόσθεν</strong></span> <span class='ocrx_word' id='word_1_210' title='bbox 2629 1646 2785 1702; x_wconf 72' lang='grc' dir='ltr'><strong>αὑτοῦ</strong></span> <span class='ocrx_word' id='word_1_211' title='bbox 2804 1645 2845 1713; x_wconf 77' lang='grc' dir='ltr'><strong>)ο</strong></span> <span class='ocrx_word' id='word_1_212' title='bbox 2878 1661 2896 1693; x_wconf 71' lang='grc' dir='ltr'><strong>ι</strong></span> <span class='ocrx_word' id='word_1_213' title='bbox 2927 1644 2955 1693; x_wconf 90' lang='grc' dir='ltr'><strong>ό</strong></span> <span class='ocrx_word' id='word_1_214' title='bbox 2986 1638 3265 1690; x_wconf 81' lang='grc' dir='ltr'><strong>πάντων</strong></span> <span class='ocrx_word' id='word_1_215' title='bbox 3300 1636 3378 1686; x_wconf 57' lang='grc' dir='ltr'><strong>ἀν</strong></span> 
     </span>
    </p>
   </div>
   <div class='ocr_carea' id='block_1_34' title="bbox 2377 1724 3377 1814">
    <p class='ocr_par' dir='ltr' id='par_1_34' title="bbox 2377 1724 3377 1814">
     <span class='ocr_line' id='line_1_35' title="bbox 2377 1724 3377 1814; baseline -0.026 -16"><span class='ocrx_word' id='word_1_216' title='bbox 2377 1724 2557 1814; x_wconf 74' lang='grc' dir='ltr'><strong>ἕτερος</strong></span> <span class='ocrx_word' id='word_1_217' title='bbox 2590 1739 2679 1793; x_wconf 75' lang='grc' dir='ltr'><strong>τοῦ</strong></span> <span class='ocrx_word' id='word_1_218' title='bbox 2708 1736 2839 1789; x_wconf 84' lang='grc' dir='ltr'>Θεοῦ</span> <span class='ocrx_word' id='word_1_219' title='bbox 2877 1731 3087 1797; x_wconf 80' lang='grc' dir='ltr'><strong>Λόγου,</strong></span> <span class='ocrx_word' id='word_1_220' title='bbox 3126 1725 3254 1778; x_wconf 66' lang='grc' dir='ltr'><strong>καὶ</strong></span> <span class='ocrx_word' id='word_1_221' title='bbox 3290 1724 3377 1791; x_wconf 79' lang='grc' dir='ltr'><strong>τῆ</strong></span> 
     </span>
    </p>
   </div>
   <div class='ocr_carea' id='block_1_35' title="bbox 741 1815 2217 1916">
    <p class='ocr_par' dir='ltr' id='par_1_35' title="bbox 741 1815 2217 1916">
     <span class='ocr_line' id='line_1_36' title="bbox 741 1815 2217 1916; baseline -0.017 -8"><span class='ocrx_word' id='word_1_222' title='bbox 741 1854 812 1908; x_wconf 84' lang='lat' dir='ltr'><strong>sit</strong></span> <span class='ocrx_word' id='word_1_223' title='bbox 846 1851 1002 1911; x_wconf 89' lang='lat' dir='ltr'><strong>alius,</strong></span> <span class='ocrx_word' id='word_1_224' title='bbox 1042 1815 1206 1916; x_wconf 75' lang='lat' dir='ltr'><strong>quam</strong></span> <span class='ocrx_word' id='word_1_225' title='bbox 1253 1815 1347 1897; x_wconf 85' lang='lat' dir='ltr'><strong>Dei</strong></span> <span class='ocrx_word' id='word_1_226' title='bbox 1377 1815 1638 1900; x_wconf 67' lang='lat' dir='ltr'><strong>Verbum,</strong></span> <span class='ocrx_word' id='word_1_227' title='bbox 1687 1845 1740 1891; x_wconf 91' lang='lat' dir='ltr'><strong>et</strong></span> <span class='ocrx_word' id='word_1_228' title='bbox 1769 1815 2121 1905; x_wconf 84' lang='lat' dir='ltr'><strong>primogenita</strong></span> <span class='ocrx_word' id='word_1_229' title='bbox 2173 1830 2217 1884; x_wconf 74' lang='lat' dir='ltr'><strong>S;</strong></span> 
     </span>
    </p>
   </div>
   <div class='ocr_carea' id='block_1_36' title="bbox 1901 1815 3377 1916">
    <p class='ocr_par' dir='ltr' id='par_1_36' title="bbox 1907 1815 3377 1900">
     <span class='ocr_line' id='line_1_37' title="bbox 1907 1815 3377 1900; baseline -0.022 -4"><span class='ocrx_word' id='word_1_230' title='bbox 1907 1815 2121 1900; x_wconf 68' lang='lat' dir='ltr'><strong>egenila</strong></span> <span class='ocrx_word' id='word_1_231' title='bbox 2173 1830 2271 1884; x_wconf 74' lang='lat' dir='ltr'><strong>Sa-</strong></span> <span class='ocrx_word' id='word_1_232' title='bbox 2302 1839 2343 1895; x_wconf 78' lang='grc' dir='ltr'><strong><em>Β</em></strong></span> <span class='ocrx_word' id='word_1_233' title='bbox 2369 1834 2460 1888; x_wconf 81' lang='grc' dir='ltr'><strong>τοῦ</strong></span> <span class='ocrx_word' id='word_1_234' title='bbox 2486 1849 2542 1884; x_wconf 85' lang='grc' dir='ltr'><strong>τε</strong></span> <span class='ocrx_word' id='word_1_235' title='bbox 2574 1828 2752 1881; x_wconf 78' lang='grc' dir='ltr'><strong>ἐνθέου</strong></span> <span class='ocrx_word' id='word_1_236' title='bbox 2783 1824 3144 1891; x_wconf 78' lang='grc' dir='ltr'><strong>γεννήματος</strong></span> <span class='ocrx_word' id='word_1_237' title='bbox 3176 1832 3197 1881; x_wconf 86' lang='lat'><strong>;</strong></span> <span class='ocrx_word' id='word_1_238' title='bbox 3282 1815 3377 1866; x_wconf 58' lang='lat' dir='ltr'><strong>Ei;</strong></span> 
     </span>
    </p>
   </div>
   <div class='ocr_carea' id='block_1_37' title="bbox 741 1920 2274 2010">
    <p class='ocr_par' dir='ltr' id='par_1_37' title="bbox 741 1920 2274 2010">
     <span class='ocr_line' id='line_1_38' title="bbox 741 1920 2274 2010; baseline -0.014 -16"><span class='ocrx_word' id='word_1_239' title='bbox 741 1938 965 2010; x_wconf 83' lang='lat' dir='ltr'><strong>piem-ia.</strong></span> <span class='ocrx_word' id='word_1_240' title='bbox 1013 1943 1065 1990; x_wconf 90' lang='lat' dir='ltr'><strong>et</strong></span> <span class='ocrx_word' id='word_1_241' title='bbox 1109 1931 1322 1986; x_wconf 89' lang='lat' dir='ltr'><strong>soboles</strong></span> <span class='ocrx_word' id='word_1_242' title='bbox 1365 1926 1585 1982; x_wconf 85' lang='lat' dir='ltr'><strong>divina?</strong></span> <span class='ocrx_word' id='word_1_243' title='bbox 1635 1924 1821 1978; x_wconf 84' lang='lat' dir='ltr'><strong>Merito</strong></span> <span class='ocrx_word' id='word_1_244' title='bbox 1862 1936 1988 1991; x_wconf 88' lang='lat' dir='ltr'><strong>ergo</strong></span> <span class='ocrx_word' id='word_1_245' title='bbox 2025 1920 2274 1989; x_wconf 85' lang='lat' dir='ltr'><strong>princeps</strong></span> 
     </span>
    </p>
   </div>
   <div class='ocr_carea' id='block_1_38' title="bbox 743 2008 2277 2099">
    <p class='ocr_par' dir='ltr' id='par_1_38' title="bbox 743 2008 2277 2099">
     <span class='ocr_line' id='line_1_39' title="bbox 743 2008 2277 2099; baseline -0.014 -15"><span class='ocrx_word' id='word_1_246' title='bbox 743 2031 1122 2099; x_wconf 85' lang='lat' dir='ltr'><strong>imperatorum</strong></span> <span class='ocrx_word' id='word_1_247' title='bbox 1167 2020 1437 2076; x_wconf 81' lang='lat' dir='ltr'><strong>exercitus</strong></span> <span class='ocrx_word' id='word_1_248' title='bbox 1478 2015 1684 2070; x_wconf 87' lang='lat' dir='ltr'><strong>Domini</strong></span> <span class='ocrx_word' id='word_1_249' title='bbox 1728 2012 1913 2066; x_wconf 90' lang='lat' dir='ltr'><strong>hocin</strong></span> <span class='ocrx_word' id='word_1_250' title='bbox 1955 2012 2072 2064; x_wconf 89' lang='lat' dir='ltr'><strong>loco</strong></span> <span class='ocrx_word' id='word_1_251' title='bbox 2103 2008 2277 2062; x_wconf 85' lang='lat' dir='ltr'><strong>dictus</strong></span> 
     </span>
    </p>
   </div>
   <div class='ocr_carea' id='block_1_39' title="bbox 745 2099 2278 2188">
    <p class='ocr_par' dir='ltr' id='par_1_39' title="bbox 745 2099 2278 2188">
     <span class='ocr_line' id='line_1_40' title="bbox 745 2099 2278 2188; baseline -0.018 -12"><span class='ocrx_word' id='word_1_252' title='bbox 745 2127 848 2187; x_wconf 86' lang='lat' dir='ltr'><strong>est,</strong></span> <span class='ocrx_word' id='word_1_253' title='bbox 877 2125 1058 2188; x_wconf 87' lang='lat' dir='ltr'><strong>utpote</strong></span> <span class='ocrx_word' id='word_1_254' title='bbox 1083 2115 1176 2185; x_wconf 89' lang='lat' dir='ltr'><strong>qui</strong></span> <span class='ocrx_word' id='word_1_255' title='bbox 1203 2111 1354 2176; x_wconf 88' lang='lat' dir='ltr'><strong>alibi,</strong></span> <span class='ocrx_word' id='word_1_256' title='bbox 1403 2118 1452 2163; x_wconf 88' lang='lat' dir='ltr'><strong>et</strong></span> <span class='ocrx_word' id='word_1_257' title='bbox 1478 2105 1663 2176; x_wconf 84' lang='lat' dir='ltr'><strong>&#39;magni</strong></span> <span class='ocrx_word' id='word_1_258' title='bbox 1702 2101 1915 2156; x_wconf 87' lang='lat' dir='ltr'><strong>consilii</strong></span> <span class='ocrx_word' id='word_1_259' title='bbox 1942 2099 2184 2169; x_wconf 81' lang='lat' dir='ltr'><strong>angelus,</strong></span> <span class='ocrx_word' id='word_1_260' title='bbox 2225 2105 2278 2150; x_wconf 90' lang='lat' dir='ltr'><strong>et</strong></span> 
     </span>
    </p>
   </div>
   <div class='ocr_carea' id='block_1_40' title="bbox 745 2189 2279 2266">
    <p class='ocr_par' dir='ltr' id='par_1_40' title="bbox 745 2189 2279 2266">
     <span class='ocr_line' id='line_1_41' title="bbox 745 2189 2279 2266; baseline -0.018 0"><span class='ocrx_word' id='word_1_261' title='bbox 745 2222 1030 2266; x_wconf 86' lang='lat' dir='ltr'><strong>consessor</strong></span> <span class='ocrx_word' id='word_1_262' title='bbox 1060 2204 1269 2262; x_wconf 84' lang='lat' dir='ltr'><strong>Patris.</strong></span> <span class='ocrx_word' id='word_1_263' title='bbox 1299 2208 1352 2256; x_wconf 87' lang='lat' dir='ltr'><strong>et</strong></span> <span class='ocrx_word' id='word_1_264' title='bbox 1396 2208 1628 2253; x_wconf 62' lang='lat' dir='ltr'><strong>aeternus</strong></span> <span class='ocrx_word' id='word_1_265' title='bbox 1669 2208 1733 2247; x_wconf 88' lang='lat' dir='ltr'><strong>ac</strong></span> <span class='ocrx_word' id='word_1_266' title='bbox 1775 2206 1998 2261; x_wconf 84' lang='lat' dir='ltr'><strong>magnus</strong></span> <span class='ocrx_word' id='word_1_267' title='bbox 2031 2189 2279 2243; x_wconf 88' lang='lat' dir='ltr'><strong>sacerdos</strong></span> 
     </span>
    </p>
   </div>
   <div class='ocr_carea' id='block_1_41' title="bbox 745 2284 2278 2365">
    <p class='ocr_par' dir='ltr' id='par_1_41' title="bbox 745 2284 2278 2365">
     <span class='ocr_line' id='line_1_42' title="bbox 745 2284 2278 2365; baseline -0.02 -6"><span class='ocrx_word' id='word_1_268' title='bbox 745 2317 886 2365; x_wconf 88' lang='lat' dir='ltr'><strong>esse,</strong></span> <span class='ocrx_word' id='word_1_269' title='bbox 920 2300 989 2354; x_wconf 89' lang='lat' dir='ltr'><strong>sit</strong></span> <span class='ocrx_word' id='word_1_270' title='bbox 1014 2297 1433 2352; x_wconf 88' lang='lat' dir='ltr'><strong>demonstratus.</strong></span> <span class='ocrx_word' id='word_1_271' title='bbox 1466 2288 1572 2342; x_wconf 85' lang='lat' dir='ltr'><strong>Sed</strong></span> <span class='ocrx_word' id='word_1_272' title='bbox 1607 2284 1734 2339; x_wconf 90' lang='lat' dir='ltr'><strong>illud</strong></span> <span class='ocrx_word' id='word_1_273' title='bbox 1772 2295 1984 2351; x_wconf 90' lang='lat' dir='ltr'><strong>quoque</strong></span> <span class='ocrx_word' id='word_1_274' title='bbox 2006 2287 2278 2333; x_wconf 90' lang='lat' dir='ltr'><strong>ostensum</strong></span> 
     </span>
    </p>
   </div>
   <div class='ocr_carea' id='block_1_42' title="bbox 746 2368 2281 2461">
    <p class='ocr_par' dir='ltr' id='par_1_42' title="bbox 746 2368 2281 2461">
     <span class='ocr_line' id='line_1_43' title="bbox 746 2368 2281 2461; baseline -0.021 -11"><span class='ocrx_word' id='word_1_275' title='bbox 746 2399 851 2456; x_wconf 77' lang='lat' dir='ltr'><strong>est,</strong></span> <span class='ocrx_word' id='word_1_276' title='bbox 893 2389 1035 2461; x_wconf 87' lang='lat' dir='ltr'><strong>quod</strong></span> <span class='ocrx_word' id='word_1_277' title='bbox 1072 2387 1212 2441; x_wconf 91' lang='lat' dir='ltr'><strong>idem</strong></span> <span class='ocrx_word' id='word_1_278' title='bbox 1252 2392 1306 2435; x_wconf 77' lang='lat' dir='ltr'><strong>et</strong></span> <span class='ocrx_word' id='word_1_279' title='bbox 1341 2379 1617 2440; x_wconf 90' lang='lat' dir='ltr'><strong>Dominus,</strong></span> <span class='ocrx_word' id='word_1_280' title='bbox 1652 2381 1708 2428; x_wconf 90' lang='lat' dir='ltr'><strong>et</strong></span> <span class='ocrx_word' id='word_1_281' title='bbox 1738 2372 1901 2431; x_wconf 82' lang='lat' dir='ltr'><strong>Deus,</strong></span> <span class='ocrx_word' id='word_1_282' title='bbox 1942 2378 1995 2423; x_wconf 89' lang='lat' dir='ltr'><strong>et</strong></span> <span class='ocrx_word' id='word_1_283' title='bbox 2035 2368 2281 2421; x_wconf 88' lang='lat' dir='ltr'><strong>Christus</strong></span> 
     </span>
    </p>
   </div>
   <div class='ocr_carea' id='block_1_43' title="bbox 748 2454 2284 2549">
    <p class='ocr_par' dir='ltr' id='par_1_43' title="bbox 748 2454 2284 2549">
     <span class='ocr_line' id='line_1_44' title="bbox 748 2454 2284 2549; baseline -0.02 -12"><span class='ocrx_word' id='word_1_284' title='bbox 748 2454 843 2542; x_wconf 70' lang='lat' dir='ltr'><strong>sit,</strong></span> <span class='ocrx_word' id='word_1_285' title='bbox 869 2454 958 2549; x_wconf 78' lang='lat' dir='ltr'><strong>qui</strong></span> <span class='ocrx_word' id='word_1_286' title='bbox 990 2494 1020 2532; x_wconf 85' lang='lat' dir='ltr'><strong>a</strong></span> <span class='ocrx_word' id='word_1_287' title='bbox 1038 2477 1195 2529; x_wconf 86' lang='lat' dir='ltr'><strong>Patre</strong></span> <span class='ocrx_word' id='word_1_288' title='bbox 1216 2474 1335 2527; x_wconf 84' lang='lat' dir='ltr'><strong>oleo</strong></span> <span class='ocrx_word' id='word_1_289' title='bbox 1354 2463 1727 2524; x_wconf 83' lang='lat' dir='ltr'><strong>exsultationis</strong></span> <span class='ocrx_word' id='word_1_290' title='bbox 1761 2469 1843 2516; x_wconf 90' lang='lat' dir='ltr'><strong>cst</strong></span> <span class='ocrx_word' id='word_1_291' title='bbox 1872 2466 2082 2513; x_wconf 90' lang='lat' dir='ltr'><strong>unctus.</strong></span> <span class='ocrx_word' id='word_1_292' title='bbox 2115 2454 2284 2509; x_wconf 84' lang='lat' dir='ltr'><strong>Abra-</strong></span> 
     </span>
    </p>
   </div>
   <div class='ocr_carea' id='block_1_44' title="bbox 750 2543 2280 2638">
    <p class='ocr_par' dir='ltr' id='par_1_44' title="bbox 750 2543 2280 2638">
     <span class='ocr_line' id='line_1_45' title="bbox 750 2543 2280 2638; baseline -0.02 -13"><span class='ocrx_word' id='word_1_293' title='bbox 750 2573 832 2625; x_wconf 68' lang='lat' dir='ltr'><strong>hae</strong></span> <span class='ocrx_word' id='word_1_294' title='bbox 863 2569 1022 2638; x_wconf 84' lang='lat' dir='ltr'><strong>igitur</strong></span> <span class='ocrx_word' id='word_1_295' title='bbox 1063 2563 1201 2634; x_wconf 87' lang='lat' dir='ltr'><strong>apud</strong></span> <span class='ocrx_word' id='word_1_296' title='bbox 1251 2572 1506 2629; x_wconf 84' lang='lat' dir='ltr'><strong>quercum</strong></span> <span class='ocrx_word' id='word_1_297' title='bbox 1553 2555 1702 2629; x_wconf 85' lang='lat' dir='ltr'><strong>visus</strong></span> <span class='ocrx_word' id='word_1_298' title='bbox 1732 2551 1789 2603; x_wconf 91' lang='lat' dir='ltr'><strong>in</strong></span> <span class='ocrx_word' id='word_1_299' title='bbox 1831 2546 2064 2601; x_wconf 90' lang='lat' dir='ltr'><strong>hominis</strong></span> <span class='ocrx_word' id='word_1_300' title='bbox 2108 2543 2280 2597; x_wconf 80' lang='lat' dir='ltr'><strong>forma</strong></span> 
     </span>
    </p>
   </div>
   <div class='ocr_carea' id='block_1_45' title="bbox 751 2634 2280 2730">
    <p class='ocr_par' dir='ltr' id='par_1_45' title="bbox 751 2634 2280 2730">
     <span class='ocr_line' id='line_1_46' title="bbox 751 2634 2280 2730; baseline -0.021 -15"><span class='ocrx_word' id='word_1_301' title='bbox 751 2634 952 2730; x_wconf 71' lang='lat' dir='ltr'><strong>quieta,</strong></span> <span class='ocrx_word' id='word_1_302' title='bbox 986 2656 1277 2722; x_wconf 89' lang='lat' dir='ltr'><strong>habituque</strong></span> <span class='ocrx_word' id='word_1_303' title='bbox 1308 2647 1552 2719; x_wconf 84' lang='lat' dir='ltr'><strong>pacilico,</strong></span> <span class='ocrx_word' id='word_1_304' title='bbox 1593 2642 1830 2710; x_wconf 89' lang='lat' dir='ltr'><strong>seipsum</strong></span> <span class='ocrx_word' id='word_1_305' title='bbox 1874 2634 2127 2692; x_wconf 80' lang='lat' dir='ltr'><strong>ostendit.</strong></span> <span class='ocrx_word' id='word_1_306' title='bbox 2160 2646 2280 2685; x_wconf 92' lang='lat' dir='ltr'><strong>cum</strong></span> 
     </span>
    </p>
   </div>
   <div class='ocr_carea' id='block_1_46' title="bbox 754 2721 2282 2812">
    <p class='ocr_par' dir='ltr' id='par_1_46' title="bbox 754 2721 2282 2812">
     <span class='ocr_line' id='line_1_47' title="bbox 754 2721 2282 2812; baseline -0.02 -7"><span class='ocrx_word' id='word_1_307' title='bbox 754 2766 815 2805; x_wconf 81' lang='lat' dir='ltr'><strong>ex</strong></span> <span class='ocrx_word' id='word_1_308' title='bbox 847 2749 938 2801; x_wconf 91' lang='lat' dir='ltr'><strong>illo</strong></span> <span class='ocrx_word' id='word_1_309' title='bbox 967 2759 1136 2812; x_wconf 89' lang='lat' dir='ltr'><strong>usque</strong></span> <span class='ocrx_word' id='word_1_310' title='bbox 1164 2751 1401 2808; x_wconf 89' lang='lat' dir='ltr'><strong>tempore</strong></span> <span class='ocrx_word' id='word_1_311' title='bbox 1441 2736 1730 2790; x_wconf 86' lang='lat' dir='ltr'><strong>salutarem</strong></span> <span class='ocrx_word' id='word_1_312' title='bbox 1759 2742 1914 2783; x_wconf 86' lang='lat' dir='ltr'><strong>suum</strong></span> <span class='ocrx_word' id='word_1_313' title='bbox 1948 2725 2012 2777; x_wconf 89' lang='lat' dir='ltr'><strong>ad</strong></span> <span class='ocrx_word' id='word_1_314' title='bbox 2042 2721 2282 2776; x_wconf 86' lang='lat' dir='ltr'><strong>homines</strong></span> 
     </span>
    </p>
   </div>
   <div class='ocr_carea' id='block_1_47' title="bbox 754 2816 2282 2893">
    <p class='ocr_par' dir='ltr' id='par_1_47' title="bbox 754 2816 2282 2893">
     <span class='ocr_line' id='line_1_48' title="bbox 754 2816 2282 2893; baseline -0.02 -1"><span class='ocrx_word' id='word_1_315' title='bbox 754 2838 1038 2892; x_wconf 83' lang='lat' dir='ltr'><strong>adventum</strong></span> <span class='ocrx_word' id='word_1_316' title='bbox 1095 2830 1450 2886; x_wconf 78' lang='lat' dir='ltr'><strong>exordiretur.</strong></span> <span class='ocrx_word' id='word_1_317' title='bbox 1496 2824 1602 2893; x_wconf 85' lang='lat' dir='ltr'><strong>Ipsi</strong></span> <span class='ocrx_word' id='word_1_318' title='bbox 1645 2835 1771 2875; x_wconf 90' lang='lat' dir='ltr'><strong>vero</strong></span> <span class='ocrx_word' id='word_1_319' title='bbox 1816 2816 1982 2872; x_wconf 83' lang='lat' dir='ltr'><strong>Jacob</strong></span> <span class='ocrx_word' id='word_1_320' title='bbox 2033 2822 2282 2881; x_wconf 88' lang='lat' dir='ltr'><strong>tanquam</strong></span> 
     </span>
    </p>
   </div>
   <div class='ocr_carea' id='block_1_48' title="bbox 757 2905 2284 2982">
    <p class='ocr_par' dir='ltr' id='par_1_48' title="bbox 757 2905 2284 2982">
     <span class='ocr_line' id='line_1_49' title="bbox 757 2905 2284 2982; baseline -0.019 -1"><span class='ocrx_word' id='word_1_321' title='bbox 757 2921 1172 2982; x_wconf 73' lang='lat' dir='ltr'><strong>exercitahundo</strong></span> <span class='ocrx_word' id='word_1_322' title='bbox 1196 2934 1257 2972; x_wconf 90' lang='lat' dir='ltr'><strong>ac</strong></span> <span class='ocrx_word' id='word_1_323' title='bbox 1290 2914 1566 2975; x_wconf 85' lang='lat' dir='ltr'><strong>certatori,</strong></span> <span class='ocrx_word' id='word_1_324' title='bbox 1595 2912 1687 2981; x_wconf 92' lang='lat' dir='ltr'><strong>qui</strong></span> <span class='ocrx_word' id='word_1_325' title='bbox 1710 2910 1970 2965; x_wconf 87' lang='lat' dir='ltr'><strong>adversus</strong></span> <span class='ocrx_word' id='word_1_326' title='bbox 2002 2905 2205 2963; x_wconf 80' lang='lat' dir='ltr'><strong>hostes,</strong></span> <span class='ocrx_word' id='word_1_327' title='bbox 2233 2907 2284 2954; x_wconf 90' lang='lat' dir='ltr'><strong>et</strong></span> 
     </span>
    </p>
   </div>
   <div class='ocr_carea' id='block_1_49' title="bbox 759 2988 2284 3077">
    <p class='ocr_par' dir='ltr' id='par_1_49' title="bbox 759 2988 2284 3077">
     <span class='ocr_line' id='line_1_50' title="bbox 759 2988 2284 3077; baseline -0.019 -8"><span class='ocrx_word' id='word_1_328' title='bbox 759 3016 1078 3069; x_wconf 86' lang='lat' dir='ltr'><strong>luctaturus,</strong></span> <span class='ocrx_word' id='word_1_329' title='bbox 1115 3018 1168 3064; x_wconf 91' lang='lat' dir='ltr'><strong>et</strong></span> <span class='ocrx_word' id='word_1_330' title='bbox 1198 3006 1537 3077; x_wconf 66' lang='lat' dir='ltr'><strong>praeliaturus</strong></span> <span class='ocrx_word' id='word_1_331' title='bbox 1564 3010 1725 3061; x_wconf 86' lang='lat' dir='ltr'><strong>esset,</strong></span> <span class='ocrx_word' id='word_1_332' title='bbox 1755 2997 1918 3051; x_wconf 89' lang='lat' dir='ltr'><strong>veluti</strong></span> <span class='ocrx_word' id='word_1_333' title='bbox 1957 2995 2135 3047; x_wconf 87' lang='lat' dir='ltr'><strong>homo.</strong></span> <span class='ocrx_word' id='word_1_334' title='bbox 2182 2988 2284 3043; x_wconf 89' lang='lat' dir='ltr'><strong>Sed</strong></span> 
     </span>
    </p>
   </div>
   <div class='ocr_carea' id='block_1_50' title="bbox 760 3080 2288 3171">
    <p class='ocr_par' dir='ltr' id='par_1_50' title="bbox 760 3080 2288 3171">
     <span class='ocr_line' id='line_1_51' title="bbox 760 3080 2288 3171; baseline -0.019 -11"><span class='ocrx_word' id='word_1_335' title='bbox 760 3105 957 3160; x_wconf 68' lang='lat' dir='ltr'><strong>Mosen]</strong></span> <span class='ocrx_word' id='word_1_336' title='bbox 990 3110 1042 3157; x_wconf 92' lang='lat' dir='ltr'><strong>et</strong></span> <span class='ocrx_word' id='word_1_337' title='bbox 1073 3101 1323 3171; x_wconf 86' lang='lat' dir='ltr'><strong>populum</strong></span> <span class='ocrx_word' id='word_1_338' title='bbox 1361 3098 1415 3150; x_wconf 92' lang='lat' dir='ltr'><strong>in</strong></span> <span class='ocrx_word' id='word_1_339' title='bbox 1445 3094 1622 3164; x_wconf 88' lang='lat' dir='ltr'><strong>specie</strong></span> <span class='ocrx_word' id='word_1_340' title='bbox 1650 3088 1810 3144; x_wconf 88' lang='lat' dir='ltr'><strong>nubis</strong></span> <span class='ocrx_word' id='word_1_341' title='bbox 1835 3095 1993 3155; x_wconf 87' lang='lat' dir='ltr'><strong>atque</strong></span> <span class='ocrx_word' id='word_1_342' title='bbox 2018 3083 2154 3152; x_wconf 84' lang='lat' dir='ltr'><strong>ignis</strong></span> <span class='ocrx_word' id='word_1_343' title='bbox 2189 3080 2288 3134; x_wconf 86' lang='lat' dir='ltr'><strong>du-</strong></span> 
     </span>
    </p>
   </div>
   <div class='ocr_carea' id='block_1_51' title="bbox 2380 1908 3372 1996">
    <p class='ocr_par' dir='ltr' id='par_1_51' title="bbox 2380 1908 3372 1996">
     <span class='ocr_line' id='line_1_52' title="bbox 2380 1908 3372 1996; baseline -0.025 -16"><span class='ocrx_word' id='word_1_344' title='bbox 2380 1924 2679 1996; x_wconf 81' lang='grc' dir='ltr'><strong>στράτηγος</strong></span> <span class='ocrx_word' id='word_1_345' title='bbox 2711 1917 2986 1984; x_wconf 79' lang='grc' dir='ltr'><strong>δυνάμεως</strong></span> <span class='ocrx_word' id='word_1_346' title='bbox 3015 1908 3283 1979; x_wconf 76' lang='grc' dir='ltr'><strong>Κυρίου</strong></span> <span class='ocrx_word' id='word_1_347' title='bbox 3339 1908 3372 1956; x_wconf 81' lang='grc' dir='ltr'><strong>ὲ</strong></span> 
     </span>
    </p>
   </div>
   <div class='ocr_carea' id='block_1_52' title="bbox 2378 1998 3378 2086">
    <p class='ocr_par' dir='ltr' id='par_1_52' title="bbox 2378 1998 3378 2086">
     <span class='ocr_line' id='line_1_53' title="bbox 2378 1998 3378 2086; baseline -0.021 -18"><span class='ocrx_word' id='word_1_348' title='bbox 2378 2031 2565 2086; x_wconf 83' lang='grc' dir='ltr'><strong>ρηται,</strong></span> <span class='ocrx_word' id='word_1_349' title='bbox 2600 2011 2674 2072; x_wconf 81' lang='grc' dir='ltr'><strong>ὡς</strong></span> <span class='ocrx_word' id='word_1_350' title='bbox 2706 2008 2798 2061; x_wconf 68' lang='grc' dir='ltr'><strong>καὶ</strong></span> <span class='ocrx_word' id='word_1_351' title='bbox 2829 2002 3083 2074; x_wconf 76' lang='grc' dir='ltr'><strong>μεγάλης</strong></span> <span class='ocrx_word' id='word_1_352' title='bbox 3123 1998 3378 2068; x_wconf 72' lang='grc' dir='ltr'><strong>βουλῆς</strong></span> 
     </span>
    </p>
   </div>
   <div class='ocr_carea' id='block_1_53' title="bbox 2377 2086 3378 2171">
    <p class='ocr_par' dir='ltr' id='par_1_53' title="bbox 2377 2086 3378 2171">
     <span class='ocr_line' id='line_1_54' title="bbox 2377 2086 3378 2171; baseline -0.021 -13"><span class='ocrx_word' id='word_1_353' title='bbox 2377 2104 2470 2158; x_wconf 71' lang='grc' dir='ltr'><strong>καὶ</strong></span> <span class='ocrx_word' id='word_1_354' title='bbox 2502 2100 2780 2171; x_wconf 84' lang='grc' dir='ltr'><strong>σύνθρονος</strong></span> <span class='ocrx_word' id='word_1_355' title='bbox 2815 2092 2908 2146; x_wconf 79' lang='grc' dir='ltr'><strong>τοῦ</strong></span> <span class='ocrx_word' id='word_1_356' title='bbox 2942 2088 3219 2160; x_wconf 78' lang='grc' dir='ltr'><strong>Πατρὺς,</strong></span> <span class='ocrx_word' id='word_1_357' title='bbox 3256 2086 3378 2140; x_wconf 65' lang='lat' dir='ltr'><strong>uidi</strong></span> 
     </span>
    </p>
   </div>
   <div class='ocr_carea' id='block_1_54' title="bbox 2377 2179 3378 2265">
    <p class='ocr_par' dir='ltr' id='par_1_54' title="bbox 2377 2179 3378 2265">
     <span class='ocr_line' id='line_1_55' title="bbox 2377 2179 3378 2265; baseline -0.019 -18"><span class='ocrx_word' id='word_1_358' title='bbox 2377 2192 2604 2265; x_wconf 80' lang='grc' dir='ltr'><strong>χιερεύς.</strong></span> <span class='ocrx_word' id='word_1_359' title='bbox 2637 2185 3034 2241; x_wconf 76' lang='grc' dir='ltr'><strong>Ἀποδέδεικται</strong></span> <span class='ocrx_word' id='word_1_360' title='bbox 3076 2179 3176 2244; x_wconf 79' lang='grc' dir='ltr'><strong>δὲ,</strong></span> <span class='ocrx_word' id='word_1_361' title='bbox 3204 2180 3309 2231; x_wconf 82' lang='grc' dir='ltr'><strong>ὅτι</strong></span> <span class='ocrx_word' id='word_1_362' title='bbox 3353 2194 3378 2229; x_wconf 68' lang='grc' dir='ltr'><strong>ν</strong></span> 
     </span>
    </p>
   </div>
   <div class='ocr_carea' id='block_1_55' title="bbox 2379 2269 3377 2347">
    <p class='ocr_par' dir='ltr' id='par_1_55' title="bbox 2379 2269 3377 2347">
     <span class='ocr_line' id='line_1_56' title="bbox 2379 2269 3377 2347; baseline -0.019 -9"><span class='ocrx_word' id='word_1_363' title='bbox 2379 2284 2535 2346; x_wconf 73' lang='grc' dir='ltr'><strong>αὐτὸς</strong></span> <span class='ocrx_word' id='word_1_364' title='bbox 2559 2322 2573 2345; x_wconf 91' lang='grc'><strong>,</strong></span> <span class='ocrx_word' id='word_1_365' title='bbox 2603 2280 2696 2333; x_wconf 78' lang='grc' dir='ltr'><strong>καὶ</strong></span> <span class='ocrx_word' id='word_1_366' title='bbox 2724 2275 2956 2347; x_wconf 76' lang='grc' dir='ltr'><strong>Χριστὸς</strong></span> <span class='ocrx_word' id='word_1_367' title='bbox 2988 2271 3112 2324; x_wconf 78' lang='grc' dir='ltr'><strong>ὑπὸ</strong></span> <span class='ocrx_word' id='word_1_368' title='bbox 3144 2269 3262 2323; x_wconf 74' lang='grc' dir='ltr'><strong>τοῦ</strong></span> <span class='ocrx_word' id='word_1_369' title='bbox 3316 2270 3377 2320; x_wconf 76' lang='lat' dir='ltr'><strong>II</strong></span> 
     </span>
    </p>
   </div>
   <div class='ocr_carea' id='block_1_56' title="bbox 2382 2356 3378 2441">
    <p class='ocr_par' dir='ltr' id='par_1_56' title="bbox 2382 2356 3378 2441">
     <span class='ocr_line' id='line_1_57' title="bbox 2382 2356 3378 2441; baseline -0.018 -12"><span class='ocrx_word' id='word_1_370' title='bbox 2382 2392 2515 2437; x_wconf 83' lang='grc' dir='ltr'><strong>σεως</strong></span> <span class='ocrx_word' id='word_1_371' title='bbox 2557 2366 2923 2441; x_wconf 80' lang='grc' dir='ltr'><strong>κεχρισμένος.</strong></span> <span class='ocrx_word' id='word_1_372' title='bbox 2963 2361 3063 2432; x_wconf 80' lang='grc' dir='ltr'>Τῷ</span> <span class='ocrx_word' id='word_1_373' title='bbox 3130 2362 3252 2432; x_wconf 81' lang='grc' dir='ltr'><strong>μὲν</strong></span> <span class='ocrx_word' id='word_1_374' title='bbox 3312 2356 3378 2412; x_wconf 66' lang='grc' dir='ltr'><strong>οὗ</strong></span> 
     </span>
    </p>
   </div>
   <div class='ocr_carea' id='block_1_57' title="bbox 2379 2450 3378 2534">
    <p class='ocr_par' dir='ltr' id='par_1_57' title="bbox 2379 2450 3378 2534">
     <span class='ocr_line' id='line_1_58' title="bbox 2379 2450 3378 2534; baseline -0.015 -18"><span class='ocrx_word' id='word_1_375' title='bbox 2379 2463 2496 2534; x_wconf 74' lang='grc' dir='ltr'><strong>δρυῒ</strong></span> <span class='ocrx_word' id='word_1_376' title='bbox 2521 2460 2701 2530; x_wconf 76' lang='grc' dir='ltr'><strong>φανεὶς</strong></span> <span class='ocrx_word' id='word_1_377' title='bbox 2726 2459 2782 2510; x_wconf 86' lang='grc' dir='ltr'><strong>ἐν</strong></span> <span class='ocrx_word' id='word_1_378' title='bbox 2811 2451 3116 2523; x_wconf 80' lang='grc' dir='ltr'><strong>ἀνθρώπου</strong></span> <span class='ocrx_word' id='word_1_379' title='bbox 3155 2450 3313 2503; x_wconf 81' lang='grc' dir='ltr'><strong>εἴδει</strong></span> <span class='ocrx_word' id='word_1_380' title='bbox 3353 2467 3378 2516; x_wconf 61' lang='grc' dir='ltr'><strong>γ</strong></span> 
     </span>
    </p>
   </div>
   <div class='ocr_carea' id='block_1_58' title="bbox 2382 2538 3378 2622">
    <p class='ocr_par' dir='ltr' id='par_1_58' title="bbox 2382 2538 3378 2622">
     <span class='ocr_line' id='line_1_59' title="bbox 2382 2538 3378 2622; baseline -0.014 -18"><span class='ocrx_word' id='word_1_381' title='bbox 2382 2554 2633 2622; x_wconf 83' lang='grc' dir='ltr'><strong>σχήματι,</strong></span> <span class='ocrx_word' id='word_1_382' title='bbox 2667 2545 2851 2599; x_wconf 80' lang='grc' dir='ltr'><strong>ἑαυτὸν</strong></span> <span class='ocrx_word' id='word_1_383' title='bbox 2866 2542 3284 2603; x_wconf 78' lang='grc' dir='ltr'><strong>ὑποδείκνυσι,</strong></span> <span class='ocrx_word' id='word_1_384' title='bbox 3301 2538 3378 2607; x_wconf 79' lang='grc' dir='ltr'><strong>τὴ</strong></span> 
     </span>
    </p>
   </div>
   <div class='ocr_carea' id='block_1_59' title="bbox 2382 2629 3378 2702">
    <p class='ocr_par' dir='ltr' id='par_1_59' title="bbox 2382 2629 3378 2702">
     <span class='ocr_line' id='line_1_60' title="bbox 2382 2629 3378 2702; baseline -0.012 -9"><span class='ocrx_word' id='word_1_385' title='bbox 2382 2657 2511 2702; x_wconf 85' lang='grc' dir='ltr'><strong>πους</strong></span> <span class='ocrx_word' id='word_1_386' title='bbox 2545 2635 2702 2690; x_wconf 76' lang='grc' dir='ltr'><strong>αὑτοῦ</strong></span> <span class='ocrx_word' id='word_1_387' title='bbox 2748 2630 3058 2702; x_wconf 82' lang='grc' dir='ltr'><strong>παρουσίαν</strong></span> <span class='ocrx_word' id='word_1_388' title='bbox 3103 2629 3176 2695; x_wconf 77' lang='grc' dir='ltr'>ἐξ</span> <span class='ocrx_word' id='word_1_389' title='bbox 3216 2629 3378 2682; x_wconf 68' lang='grc' dir='ltr'><strong>ἐκείι</strong></span> 
     </span>
    </p>
   </div>
   <div class='ocr_carea' id='block_1_60' title="bbox 2380 2718 3378 2797">
    <p class='ocr_par' dir='ltr' id='par_1_60' title="bbox 2380 2718 3378 2797">
     <span class='ocr_line' id='line_1_61' title="bbox 2380 2718 3378 2797; baseline -0.012 -16"><span class='ocrx_word' id='word_1_390' title='bbox 2380 2727 2456 2797; x_wconf 84' lang='grc' dir='ltr'><strong>τῷ</strong></span> <span class='ocrx_word' id='word_1_391' title='bbox 2480 2727 2535 2779; x_wconf 78' lang='grc' dir='ltr'><strong>δὲ</strong></span> <span class='ocrx_word' id='word_1_392' title='bbox 2565 2721 2770 2784; x_wconf 75' lang='grc' dir='ltr'><strong>Ἰακὼϐ,</strong></span> <span class='ocrx_word' id='word_1_393' title='bbox 2793 2720 2867 2783; x_wconf 85' lang='grc' dir='ltr'><strong>ὡς</strong></span> <span class='ocrx_word' id='word_1_394' title='bbox 2887 2720 3121 2788; x_wconf 80' lang='grc' dir='ltr'><strong>ἀσκητῇ</strong></span> <span class='ocrx_word' id='word_1_395' title='bbox 3162 2719 3276 2771; x_wconf 68' lang='grc' dir='ltr'><strong>καὶ</strong></span> <span class='ocrx_word' id='word_1_396' title='bbox 3311 2718 3378 2784; x_wconf 62' lang='grc' dir='ltr'><strong>ἀγ</strong></span> 
     </span>
    </p>
   </div>
   <div class='ocr_carea' id='block_1_61' title="bbox 2383 2805 3378 2886">
    <p class='ocr_par' dir='ltr' id='par_1_61' title="bbox 2383 2805 3378 2886">
     <span class='ocr_line' id='line_1_62' title="bbox 2383 2805 3378 2886; baseline -0.011 -17"><span class='ocrx_word' id='word_1_397' title='bbox 2383 2816 2601 2886; x_wconf 69' lang='grc' dir='ltr'><strong>ἐχθροὺς</strong></span> <span class='ocrx_word' id='word_1_398' title='bbox 2641 2810 2733 2864; x_wconf 70' lang='grc' dir='ltr'><strong>καὶ</strong></span> <span class='ocrx_word' id='word_1_399' title='bbox 2782 2805 3171 2876; x_wconf 77' lang='grc' dir='ltr'><strong>ἀγωνίζεσθαι</strong></span> <span class='ocrx_word' id='word_1_400' title='bbox 3230 2806 3378 2877; x_wconf 57' lang='lat' dir='ltr'><strong>pm</strong></span> 
     </span>
    </p>
   </div>
   <div class='ocr_carea' id='block_1_62' title="bbox 2384 2891 3377 2977">
    <p class='ocr_par' dir='ltr' id='par_1_62' title="bbox 2384 2891 3377 2977">
     <span class='ocr_line' id='line_1_63' title="bbox 2384 2891 3377 2977; baseline -0.012 -21"><span class='ocrx_word' id='word_1_401' title='bbox 2384 2904 2569 2977; x_wconf 69' lang='lat' dir='ltr'><strong>Mmssi’</strong></span> <span class='ocrx_word' id='word_1_402' title='bbox 2599 2900 2653 2950; x_wconf 80' lang='grc' dir='ltr'><strong>δὲ</strong></span> <span class='ocrx_word' id='word_1_403' title='bbox 2710 2897 2801 2950; x_wconf 68' lang='grc' dir='ltr'><strong>καὶ</strong></span> <span class='ocrx_word' id='word_1_404' title='bbox 2842 2894 2921 2963; x_wconf 83' lang='grc' dir='ltr'><strong>τῷ</strong></span> <span class='ocrx_word' id='word_1_405' title='bbox 2948 2891 3078 2960; x_wconf 85' lang='grc' dir='ltr'>λαῷ</span> <span class='ocrx_word' id='word_1_406' title='bbox 3126 2896 3195 2945; x_wconf 77' lang='grc' dir='ltr'><strong>ὲν</strong></span> <span class='ocrx_word' id='word_1_407' title='bbox 3243 2894 3377 2946; x_wconf 62' lang='grc' dir='ltr'><strong>εἴδει</strong></span> 
     </span>
    </p>
   </div>
   <div class='ocr_carea' id='block_1_63' title="bbox 2385 2980 3365 3059">
    <p class='ocr_par' dir='ltr' id='par_1_63' title="bbox 2385 2980 3365 3059">
     <span class='ocr_line' id='line_1_64' title="bbox 2385 2980 3365 3059; baseline -0.013 -13"><span class='ocrx_word' id='word_1_408' title='bbox 2385 2991 2692 3059; x_wconf 81' lang='grc' dir='ltr'><strong>καθηγεῖτο,</strong></span> <span class='ocrx_word' id='word_1_409' title='bbox 2754 2980 2981 3053; x_wconf 74' lang='grc' dir='ltr'><strong>φοϐερὸν</strong></span> <span class='ocrx_word' id='word_1_410' title='bbox 3038 2981 3201 3051; x_wconf 77' lang='grc' dir='ltr'><strong>ὁμοῦ</strong></span> <span class='ocrx_word' id='word_1_411' title='bbox 3256 2982 3365 3035; x_wconf 77' lang='grc' dir='ltr'><strong>καὶ</strong></span> 
     </span>
    </p>
   </div>
   <div class='ocr_carea' id='block_1_64' title="bbox 2387 3069 3373 3152">
    <p class='ocr_par' dir='ltr' id='par_1_64' title="bbox 2387 3069 3373 3152">
     <span class='ocr_line' id='line_1_65' title="bbox 2387 3069 3373 3152; baseline -0.013 -16"><span class='ocrx_word' id='word_1_412' title='bbox 2387 3082 2520 3152; x_wconf 85' lang='grc' dir='ltr'><strong>έχων</strong></span> <span class='ocrx_word' id='word_1_413' title='bbox 2550 3073 2920 3131; x_wconf 75' lang='grc' dir='ltr'><strong>ὲαυτόν.Ἑπεὶ</strong></span> <span class='ocrx_word' id='word_1_414' title='bbox 2947 3071 3007 3124; x_wconf 81' lang='grc' dir='ltr'><strong>δὲ</strong></span> <span class='ocrx_word' id='word_1_415' title='bbox 3041 3074 3074 3124; x_wconf 87' lang='grc' dir='ltr'>ὁ</span> <span class='ocrx_word' id='word_1_416' title='bbox 3104 3069 3215 3123; x_wconf 77' lang='grc' dir='ltr'><strong>τοῦ</strong></span> <span class='ocrx_word' id='word_1_417' title='bbox 3254 3072 3373 3125; x_wconf 86' lang='grc' dir='ltr'><strong>Μω</strong></span> 
     </span>
    </p>
   </div>
   <div class='ocr_carea' id='block_1_65' title="bbox 758 3150 2234 3257">
    <p class='ocr_par' dir='ltr' id='par_1_65' title="bbox 758 3150 2233 3257">
     <span class='ocr_line' id='line_1_66' title="bbox 758 3150 2233 3257; baseline -0.019 -6"><span class='ocrx_word' id='word_1_418' title='bbox 758 3196 936 3257; x_wconf 71' lang='lat' dir='ltr'><strong>cebat,</strong></span> <span class='ocrx_word' id='word_1_419' title='bbox 990 3150 1276 3248; x_wconf 40' lang='lat' dir='ltr'><strong>tertiibrilem</strong></span> <span class='ocrx_word' id='word_1_420' title='bbox 1326 3150 1537 3241; x_wconf 69' lang='lat' dir='ltr'><strong>interim</strong></span> <span class='ocrx_word' id='word_1_421' title='bbox 1585 3190 1743 3250; x_wconf 88' lang='lat' dir='ltr'><strong>atque</strong></span> <span class='ocrx_word' id='word_1_422' title='bbox 1793 3150 2163 3229; x_wconf 74' lang='lat' dir='ltr'><strong>adumbratum</strong></span> <span class='ocrx_word' id='word_1_423' title='bbox 2206 3186 2233 3224; x_wconf 90' lang='lat' dir='ltr'><strong>s</strong></span> 
     </span>
    </p>
   </div>
   <div class='ocr_carea' id='block_1_66' title="bbox 1900 3150 3376 3257">
    <p class='ocr_par' dir='ltr' id='par_1_66' title="bbox 1900 3150 3369 3236">
     <span class='ocr_line' id='line_1_67' title="bbox 1900 3150 3369 3236; baseline -0.011 -8"><span class='ocrx_word' id='word_1_424' title='bbox 1900 3150 2163 3228; x_wconf 73' lang='lat' dir='ltr'><strong>mbratum</strong></span> <span class='ocrx_word' id='word_1_425' title='bbox 2206 3185 2292 3224; x_wconf 81' lang='lat' dir='ltr'><strong>se-</strong></span> <span class='ocrx_word' id='word_1_426' title='bbox 2318 3150 2358 3206; x_wconf 62' lang='grc' dir='ltr'><strong>(ἶ</strong></span> <span class='ocrx_word' id='word_1_427' title='bbox 2392 3150 2663 3236; x_wconf 61' lang='grc' dir='ltr'><strong>τιολεμίοις</strong></span> <span class='ocrx_word' id='word_1_428' title='bbox 2706 3160 2893 3231; x_wconf 79' lang='grc' dir='ltr'><strong>ἔμελλε</strong></span> <span class='ocrx_word' id='word_1_429' title='bbox 2935 3159 3369 3229; x_wconf 77' lang='grc' dir='ltr'><strong>παρατάττεσο</strong></span> 
     </span>
    </p>
   </div>
   <div class='ocr_carea' id='block_1_67' title="bbox 754 3251 2230 3356">
    <p class='ocr_par' dir='ltr' id='par_1_67' title="bbox 754 3256 2227 3356">
     <span class='ocr_line' id='line_1_68' title="bbox 754 3256 2227 3356; baseline -0.022 -14"><span class='ocrx_word' id='word_1_430' title='bbox 754 3287 938 3356; x_wconf 72' lang='lat' dir='ltr'><strong>ipsum</strong></span> <span class='ocrx_word' id='word_1_431' title='bbox 967 3280 1276 3336; x_wconf 73' lang='lat' dir='ltr'><strong>ostendens.</strong></span> <span class='ocrx_word' id='word_1_432' title='bbox 1312 3277 1379 3330; x_wconf 81' lang='lat' dir='ltr'><strong>At</strong></span> <span class='ocrx_word' id='word_1_433' title='bbox 1408 3273 1660 3344; x_wconf 86' lang='lat' dir='ltr'><strong>quoniam</strong></span> <span class='ocrx_word' id='word_1_434' title='bbox 1692 3266 1856 3320; x_wconf 79' lang='lat' dir='ltr'><strong>Mosis</strong></span> <span class='ocrx_word' id='word_1_435' title='bbox 1893 3274 2175 3318; x_wconf 85' lang='lat' dir='ltr'><strong>successor</strong></span> <span class='ocrx_word' id='word_1_436' title='bbox 2199 3256 2227 3311; x_wconf 71' lang='grc' dir='ltr'><strong>,Ι</strong></span> 
     </span>
    </p>
   </div>
   <div class='ocr_carea' id='block_1_68' title="bbox 1901 3251 3377 3356">
    <p class='ocr_par' dir='ltr' id='par_1_68' title="bbox 1901 3251 3377 3323">
     <span class='ocr_line' id='line_1_69' title="bbox 1901 3251 3377 3323; baseline -0.012 -5"><span class='ocrx_word' id='word_1_437' title='bbox 1901 3274 2175 3318; x_wconf 83' lang='lat' dir='ltr'><strong>successor</strong></span> <span class='ocrx_word' id='word_1_438' title='bbox 2199 3256 2292 3311; x_wconf 80' lang='lat' dir='ltr'><strong>Je—</strong></span> <span class='ocrx_word' id='word_1_439' title='bbox 2394 3257 2671 3311; x_wconf 83' lang='grc' dir='ltr'><strong>λαιστίνων</strong></span> <span class='ocrx_word' id='word_1_440' title='bbox 2692 3254 2793 3323; x_wconf 79' lang='grc' dir='ltr'><strong>γῆς</strong></span> <span class='ocrx_word' id='word_1_441' title='bbox 2819 3251 3180 3321; x_wconf 82' lang='grc' dir='ltr'><strong>οἰκήτορσιν,</strong></span> <span class='ocrx_word' id='word_1_442' title='bbox 3212 3251 3377 3303; x_wconf 70' lang='grc' dir='ltr'><strong>ἀλλος</strong></span> 
     </span>
    </p>
   </div>
   <div class='ocr_carea' id='block_1_69' title="bbox 764 3337 2240 3435">
    <p class='ocr_par' dir='ltr' id='par_1_69' title="bbox 764 3349 2240 3435">
     <span class='ocr_line' id='line_1_70' title="bbox 764 3349 2240 3435; baseline -0.021 -4"><span class='ocrx_word' id='word_1_443' title='bbox 764 3388 877 3435; x_wconf 86' lang='lat' dir='ltr'><strong>sus,</strong></span> <span class='ocrx_word' id='word_1_444' title='bbox 922 3379 1110 3426; x_wconf 89' lang='lat' dir='ltr'><strong>contra</strong></span> <span class='ocrx_word' id='word_1_445' title='bbox 1141 3370 1323 3423; x_wconf 86' lang='lat' dir='ltr'><strong>hostes</strong></span> <span class='ocrx_word' id='word_1_446' title='bbox 1352 3366 1486 3420; x_wconf 69' lang='lat' dir='ltr'><strong>‘erat</strong></span> <span class='ocrx_word' id='word_1_447' title='bbox 1528 3357 1899 3417; x_wconf 86' lang='lat' dir='ltr'><strong>instruendus,</strong></span> <span class='ocrx_word' id='word_1_448' title='bbox 1945 3353 2037 3421; x_wconf 92' lang='lat' dir='ltr'><strong>qni</strong></span> <span class='ocrx_word' id='word_1_449' title='bbox 2066 3349 2240 3404; x_wconf 85' lang='lat' dir='ltr'><strong>anteh:</strong></span> 
     </span>
    </p>
   </div>
   <div class='ocr_carea' id='block_1_70' title="bbox 1901 3337 3377 3435">
    <p class='ocr_par' dir='ltr' id='par_1_70' title="bbox 1945 3337 3377 3421">
     <span class='ocr_line' id='line_1_71' title="bbox 1945 3337 3377 3421; baseline -0.01 -16"><span class='ocrx_word' id='word_1_450' title='bbox 1945 3353 2037 3421; x_wconf 88' lang='lat' dir='ltr'><strong>qni</strong></span> <span class='ocrx_word' id='word_1_451' title='bbox 2066 3349 2293 3404; x_wconf 84' lang='lat' dir='ltr'><strong>antehac</strong></span> <span class='ocrx_word' id='word_1_452' title='bbox 2397 3345 2703 3405; x_wconf 71' lang='grc' dir='ltr'><strong>δεστάτοις,</strong></span> <span class='ocrx_word' id='word_1_453' title='bbox 2733 3339 2957 3401; x_wconf 72' lang='grc' dir='ltr'><strong>εἰκότως</strong></span> <span class='ocrx_word' id='word_1_454' title='bbox 3007 3337 3171 3409; x_wconf 78' lang='grc' dir='ltr'><strong>μετὰ</strong></span> <span class='ocrx_word' id='word_1_455' title='bbox 3222 3340 3377 3410; x_wconf 70' lang='grc' dir='ltr'><strong>ῥομᾳ</strong></span> 
     </span>
    </p>
   </div>
   <div class='ocr_carea' id='block_1_71' title="bbox 765 3427 2241 3522">
    <p class='ocr_par' dir='ltr' id='par_1_71' title="bbox 765 3439 2241 3522">
     <span class='ocr_line' id='line_1_72' title="bbox 765 3439 2241 3522; baseline -0.018 -4"><span class='ocrx_word' id='word_1_456' title='bbox 765 3471 961 3517; x_wconf 84' lang='lat' dir='ltr'><strong>terram</strong></span> <span class='ocrx_word' id='word_1_457' title='bbox 1011 3458 1346 3513; x_wconf 68' lang='lat' dir='ltr'><strong>Palaestinam</strong></span> <span class='ocrx_word' id='word_1_458' title='bbox 1406 3452 1761 3522; x_wconf 80' lang='lat' dir='ltr'><strong>incoluerant,</strong></span> <span class='ocrx_word' id='word_1_459' title='bbox 1803 3454 2053 3500; x_wconf 77' lang='lat' dir='ltr'><strong>externas</strong></span> <span class='ocrx_word' id='word_1_460' title='bbox 2109 3439 2241 3508; x_wconf 76' lang='lat' dir='ltr'><strong>utiqi</strong></span> 
     </span>
    </p>
   </div>
   <div class='ocr_carea' id='block_1_72' title="bbox 1901 3427 3377 3522">
    <p class='ocr_par' dir='ltr' id='par_1_72' title="bbox 1901 3427 3377 3508">
     <span class='ocr_line' id='line_1_73' title="bbox 1901 3427 3377 3508; baseline -0.019 -11"><span class='ocrx_word' id='word_1_461' title='bbox 1901 3458 2053 3498; x_wconf 86' lang='lat' dir='ltr'><strong>ernas</strong></span> <span class='ocrx_word' id='word_1_462' title='bbox 2109 3439 2295 3508; x_wconf 81' lang='lat' dir='ltr'><strong>utique</strong></span> <span class='ocrx_word' id='word_1_463' title='bbox 2396 3435 2534 3491; x_wconf 79' lang='grc' dir='ltr'><strong>κατὰ</strong></span> <span class='ocrx_word' id='word_1_464' title='bbox 2561 3431 2664 3486; x_wconf 83' lang='grc' dir='ltr'><strong>τῶν</strong></span> <span class='ocrx_word' id='word_1_465' title='bbox 2693 3428 2962 3499; x_wconf 81' lang='grc' dir='ltr'><strong>πολεμίων</strong></span> <span class='ocrx_word' id='word_1_466' title='bbox 2991 3427 3377 3500; x_wconf 71' lang='grc' dir='ltr'><strong>ὴκονημένης</strong></span> 
     </span>
    </p>
   </div>
   <div class='ocr_carea' id='block_1_73' title="bbox 760 3518 2236 3620">
    <p class='ocr_par' dir='ltr' id='par_1_73' title="bbox 760 3528 2236 3620">
     <span class='ocr_line' id='line_1_74' title="bbox 760 3528 2236 3620; baseline -0.018 -13"><span class='ocrx_word' id='word_1_467' title='bbox 760 3551 1102 3620; x_wconf 74' lang='lat' dir='ltr'><strong>maximeque</strong></span> <span class='ocrx_word' id='word_1_468' title='bbox 1145 3548 1337 3617; x_wconf 87' lang='lat' dir='ltr'><strong>impias</strong></span> <span class='ocrx_word' id='word_1_469' title='bbox 1382 3544 1660 3604; x_wconf 86' lang='lat' dir='ltr'><strong>nationes,</strong></span> <span class='ocrx_word' id='word_1_470' title='bbox 1706 3534 1898 3591; x_wconf 88' lang='lat' dir='ltr'><strong>merito</strong></span> <span class='ocrx_word' id='word_1_471' title='bbox 1952 3547 2074 3587; x_wconf 91' lang='lat' dir='ltr'><strong>cum</strong></span> <span class='ocrx_word' id='word_1_472' title='bbox 2117 3528 2236 3600; x_wconf 89' lang='lat' dir='ltr'><strong>glad</strong></span> 
     </span>
    </p>
   </div>
   <div class='ocr_carea' id='block_1_74' title="bbox 1901 3518 3377 3620">
    <p class='ocr_par' dir='ltr' id='par_1_74' title="bbox 1952 3518 3377 3600">
     <span class='ocr_line' id='line_1_75' title="bbox 1952 3518 3377 3600; baseline -0.014 -13"><span class='ocrx_word' id='word_1_473' title='bbox 1952 3547 2074 3587; x_wconf 91' lang='lat' dir='ltr'><strong>cum</strong></span> <span class='ocrx_word' id='word_1_474' title='bbox 2117 3528 2294 3600; x_wconf 89' lang='lat' dir='ltr'><strong>gladio</strong></span> <span class='ocrx_word' id='word_1_475' title='bbox 2396 3526 2514 3596; x_wconf 79' lang='grc' dir='ltr'><strong>ουχὶ</strong></span> <span class='ocrx_word' id='word_1_476' title='bbox 2553 3522 2640 3577; x_wconf 84' lang='grc' dir='ltr'><strong>διὰ</strong></span> <span class='ocrx_word' id='word_1_477' title='bbox 2675 3521 2775 3590; x_wconf 80' lang='grc' dir='ltr'><strong>τῆς</strong></span> <span class='ocrx_word' id='word_1_478' title='bbox 2800 3519 2974 3588; x_wconf 75' lang='grc' dir='ltr'><strong>ὅψεως</strong></span> <span class='ocrx_word' id='word_1_479' title='bbox 3000 3518 3377 3582; x_wconf 67' lang='grc' dir='ltr'><strong>ἀποδεικνὺς,</strong></span> 
     </span>
    </p>
   </div>
   <div class='ocr_carea' id='block_1_75' title="bbox 767 3619 2298 3712">
    <p class='ocr_par' dir='ltr' id='par_1_75' title="bbox 767 3619 2298 3712">
     <span class='ocr_line' id='line_1_76' title="bbox 767 3619 2298 3712; baseline -0.017 -15"><span class='ocrx_word' id='word_1_480' title='bbox 767 3643 958 3712; x_wconf 68' lang='lat' dir='ltr'><strong>vagina</strong></span> <span class='ocrx_word' id='word_1_481' title='bbox 984 3619 1168 3702; x_wconf 78' lang='lat' dir='ltr'><strong>exuto,</strong></span> <span class='ocrx_word' id='word_1_482' title='bbox 1209 3645 1262 3692; x_wconf 88' lang='lat' dir='ltr'><strong>et</strong></span> <span class='ocrx_word' id='word_1_483' title='bbox 1290 3644 1476 3691; x_wconf 86' lang='lat' dir='ltr'><strong>contra</strong></span> <span class='ocrx_word' id='word_1_484' title='bbox 1504 3634 1688 3687; x_wconf 89' lang='lat' dir='ltr'><strong>hostes</strong></span> <span class='ocrx_word' id='word_1_485' title='bbox 1730 3638 1953 3680; x_wconf 85' lang='lat' dir='ltr'><strong>acumen</strong></span> <span class='ocrx_word' id='word_1_486' title='bbox 1987 3635 2096 3692; x_wconf 70' lang='lat' dir='ltr'><strong>prae</strong></span> <span class='ocrx_word' id='word_1_487' title='bbox 2126 3635 2185 3675; x_wconf 87' lang='lat' dir='ltr'><strong>se</strong></span> <span class='ocrx_word' id='word_1_488' title='bbox 2220 3619 2298 3673; x_wconf 83' lang='lat' dir='ltr'><strong>l&#39;e-</strong></span> 
     </span>
    </p>
   </div>
   <div class='ocr_carea' id='block_1_76' title="bbox 770 3707 2301 3793">
    <p class='ocr_par' dir='ltr' id='par_1_76' title="bbox 770 3707 2301 3793">
     <span class='ocr_line' id='line_1_77' title="bbox 770 3707 2301 3793; baseline -0.018 -7"><span class='ocrx_word' id='word_1_489' title='bbox 770 3707 919 3786; x_wconf 74' lang='lat' dir='ltr'><strong>rente</strong></span> <span class='ocrx_word' id='word_1_490' title='bbox 938 3730 1357 3787; x_wconf 83' lang='lat' dir='ltr'><strong>demonstratur,</strong></span> <span class='ocrx_word' id='word_1_491' title='bbox 1385 3725 1478 3777; x_wconf 91' lang='lat' dir='ltr'><strong>tali</strong></span> <span class='ocrx_word' id='word_1_492' title='bbox 1498 3719 1881 3793; x_wconf 87' lang='lat' dir='ltr'><strong>propemodum</strong></span> <span class='ocrx_word' id='word_1_493' title='bbox 1908 3714 2113 3770; x_wconf 80' lang='lat' dir='ltr'><strong>visione</strong></span> <span class='ocrx_word' id='word_1_494' title='bbox 2132 3707 2301 3777; x_wconf 81' lang='lat' dir='ltr'><strong>signi-</strong></span> 
     </span>
    </p>
   </div>
   <div class='ocr_carea' id='block_1_77' title="bbox 2398 3607 3378 3689">
    <p class='ocr_par' dir='ltr' id='par_1_77' title="bbox 2398 3607 3378 3689">
     <span class='ocr_line' id='line_1_78' title="bbox 2398 3607 3378 3689; baseline -0.013 -19"><span class='ocrx_word' id='word_1_495' title='bbox 2398 3613 2651 3689; x_wconf 77' lang='grc' dir='ltr'><strong>ῥομφαίᾳ,</strong></span> <span class='ocrx_word' id='word_1_496' title='bbox 2673 3609 2836 3679; x_wconf 51' lang='lat' dir='ltr'><strong>evasi,»</strong></span> <span class='ocrx_word' id='word_1_497' title='bbox 2850 3607 3110 3678; x_wconf 81' lang='grc' dir='ltr'><strong>δυνάμει,</strong></span> <span class='ocrx_word' id='word_1_498' title='bbox 3143 3608 3283 3670; x_wconf 82' lang='grc' dir='ltr'><strong>τοὺς</strong></span> <span class='ocrx_word' id='word_1_499' title='bbox 3307 3608 3378 3658; x_wconf 69' lang='lat' dir='ltr'><strong>da</strong></span> 
     </span>
    </p>
   </div>
   <div class='ocr_carea' id='block_1_78' title="bbox 2402 3695 3378 3767">
    <p class='ocr_par' dir='ltr' id='par_1_78' title="bbox 2402 3695 3378 3767">
     <span class='ocr_line' id='line_1_79' title="bbox 2402 3695 3378 3767; baseline -0.012 -10"><span class='ocrx_word' id='word_1_500' title='bbox 2402 3706 2508 3767; x_wconf 75' lang='grc' dir='ltr'><strong>τοῖς</strong></span> <span class='ocrx_word' id='word_1_501' title='bbox 2567 3698 2781 3759; x_wconf 77' lang='grc' dir='ltr'><strong>οἰκείοις</strong></span> <span class='ocrx_word' id='word_1_502' title='bbox 2845 3695 3378 3766; x_wconf 84' lang='grc' dir='ltr'><strong>συστρατευόμενος</strong></span> 
     </span>
    </p>
   </div>
   <div class='ocr_carea' id='block_1_79' title="bbox 770 3783 2246 3887">
    <p class='ocr_par' dir='ltr' id='par_1_79' title="bbox 770 3783 2246 3887">
     <span class='ocr_line' id='line_1_80' title="bbox 770 3783 2246 3887; baseline -0.014 -13"><span class='ocrx_word' id='word_1_503' title='bbox 770 3821 959 3885; x_wconf 71' lang='lat' dir='ltr'><strong>ﬁcans,</strong></span> <span class='ocrx_word' id='word_1_504' title='bbox 978 3783 1563 3887; x_wconf 73' lang='lat' dir='ltr'><strong>quemadmodumipse</strong></span> <span class='ocrx_word' id='word_1_505' title='bbox 1582 3783 1762 3866; x_wconf 80' lang='lat' dir='ltr'><strong>divina</strong></span> <span class='ocrx_word' id='word_1_506' title='bbox 1777 3809 1995 3870; x_wconf 90' lang='lat' dir='ltr'><strong>virtute,</strong></span> <span class='ocrx_word' id='word_1_507' title='bbox 2008 3799 2162 3871; x_wconf 63' lang='grc'><strong>247</strong></span> <span class='ocrx_word' id='word_1_508' title='bbox 2183 3804 2246 3850; x_wconf 73' lang='grc' dir='ltr'><strong>ιω</strong></span> 
     </span>
    </p>
   </div>
   <div class='ocr_carea' id='block_1_80' title="bbox 1901 3783 3377 3887">
    <p class='ocr_par' dir='ltr' id='par_1_80' title="bbox 1901 3783 3377 3871">
     <span class='ocr_line' id='line_1_81' title="bbox 1901 3783 3377 3871; baseline -0.017 -15"><span class='ocrx_word' id='word_1_509' title='bbox 1901 3799 2162 3871; x_wconf 60' lang='grc' dir='ltr'><strong>ιιε,247</strong></span> <span class='ocrx_word' id='word_1_510' title='bbox 2183 3804 2303 3850; x_wconf 86' lang='lat' dir='ltr'><strong>tan-</strong></span> <span class='ocrx_word' id='word_1_511' title='bbox 2404 3808 2509 3854; x_wconf 87' lang='grc' dir='ltr'><strong>νος.</strong></span> <span class='ocrx_word' id='word_1_512' title='bbox 2575 3787 2665 3842; x_wconf 83' lang='grc' dir='ltr'><strong>Διὸ</strong></span> <span class='ocrx_word' id='word_1_513' title='bbox 2710 3784 2849 3838; x_wconf 82' lang='grc' dir='ltr'><strong>κατὰ</strong></span> <span class='ocrx_word' id='word_1_514' title='bbox 2892 3783 3095 3853; x_wconf 81' lang='grc' dir='ltr'><strong>καιρὸν</strong></span> <span class='ocrx_word' id='word_1_515' title='bbox 3173 3783 3278 3835; x_wconf 65' lang='lat' dir='ltr'><strong>xui.</strong></span> <span class='ocrx_word' id='word_1_516' title='bbox 3321 3783 3377 3851; x_wconf 77' lang='grc' dir='ltr'><strong>ἀε</strong></span> 
     </span>
    </p>
   </div>
   <div class='ocr_carea' id='block_1_81' title="bbox 770 3886 2302 3979">
    <p class='ocr_par' dir='ltr' id='par_1_81' title="bbox 770 3886 2302 3979">
     <span class='ocr_line' id='line_1_82' title="bbox 770 3886 2302 3979; baseline -0.016 -17"><span class='ocrx_word' id='word_1_517' title='bbox 770 3923 931 3979; x_wconf 74' lang='lat' dir='ltr'><strong>quam</strong></span> <span class='ocrx_word' id='word_1_518' title='bbox 961 3886 1212 3960; x_wconf 80' lang='lat' dir='ltr'><strong>invisibili</strong></span> <span class='ocrx_word' id='word_1_519' title='bbox 1241 3902 1436 3973; x_wconf 84' lang='lat' dir='ltr'><strong>gladio,</strong></span> <span class='ocrx_word' id='word_1_520' title='bbox 1467 3917 1588 3957; x_wconf 91' lang='lat' dir='ltr'><strong>cum</strong></span> <span class='ocrx_word' id='word_1_521' title='bbox 1629 3900 1742 3957; x_wconf 86' lang='lat' dir='ltr'><strong>suis</strong></span> <span class='ocrx_word' id='word_1_522' title='bbox 1764 3896 1977 3951; x_wconf 90' lang='lat' dir='ltr'><strong>interim</strong></span> <span class='ocrx_word' id='word_1_523' title='bbox 2008 3888 2167 3946; x_wconf 89' lang='lat' dir='ltr'><strong>simul</strong></span> <span class='ocrx_word' id='word_1_524' title='bbox 2200 3886 2302 3939; x_wconf 91' lang='lat' dir='ltr'><strong>mi-</strong></span> 
     </span>
    </p>
   </div>
   <div class='ocr_carea' id='block_1_82' title="bbox 2405 3874 2998 3946">
    <p class='ocr_par' dir='ltr' id='par_1_82' title="bbox 2405 3874 2998 3946">
     <span class='ocr_line' id='line_1_83' title="bbox 2405 3874 2998 3946; baseline -0.022 -11"><span class='ocrx_word' id='word_1_525' title='bbox 2405 3880 2591 3934; x_wconf 79' lang='grc' dir='ltr'><strong>έαυτδν</strong></span> <span class='ocrx_word' id='word_1_526' title='bbox 2617 3874 2998 3946; x_wconf 81' lang='grc' dir='ltr'><strong>ἀνηγόρευσεν.</strong></span> 
     </span>
    </p>
   </div>
   <div class='ocr_carea' id='block_1_83' title="bbox 774 3956 3378 4065">
    <p class='ocr_par' dir='ltr' id='par_1_83' title="bbox 774 3956 3378 4065">
     <span class='ocr_line' id='line_1_84' title="bbox 774 3956 1645 3979; baseline -0.006 -9"><span class='ocrx_word' id='word_1_527' title='bbox 774 3956 931 3979; x_wconf 60' lang='grc' dir='ltr'><strong><em>τι--η-</em></strong></span> <span class='ocrx_word' id='word_1_528' title='bbox 1242 3956 1271 3973; x_wconf 74' lang='grc' dir='ltr'><strong>υ</strong></span> <span class='ocrx_word' id='word_1_529' title='bbox 1396 3956 1435 3966; x_wconf 41' lang='grc' dir='ltr'><strong>ν.</strong></span> <span class='ocrx_word' id='word_1_530' title='bbox 1642 3956 1645 3957; x_wconf 40' lang='grc' dir='ltr'><strong>ν</strong></span> 
     </span>
     <span class='ocr_line' id='line_1_85' title="bbox 774 3956 3378 4065; baseline -0.014 -16"><span class='ocrx_word' id='word_1_531' title='bbox 774 3997 955 4058; x_wconf 85' lang='lat' dir='ltr'><strong>litans,</strong></span> <span class='ocrx_word' id='word_1_532' title='bbox 980 3994 1166 4061; x_wconf 86' lang='lat' dir='ltr'><strong>eisque</strong></span> <span class='ocrx_word' id='word_1_533' title='bbox 1189 4005 1342 4065; x_wconf 82' lang='lat' dir='ltr'><strong>Opem</strong></span> <span class='ocrx_word' id='word_1_534' title='bbox 1374 3989 1590 4045; x_wconf 87' lang='lat' dir='ltr'><strong>assidue</strong></span> <span class='ocrx_word' id='word_1_535' title='bbox 1616 3988 1815 4048; x_wconf 79' lang='lat' dir='ltr'><strong>ferens,</strong></span> <span class='ocrx_word' id='word_1_536' title='bbox 1845 3991 1961 4038; x_wconf 88' lang='lat' dir='ltr'><strong>erat</strong></span> <span class='ocrx_word' id='word_1_537' title='bbox 1993 3977 2186 4046; x_wconf 91' lang='lat' dir='ltr'><strong>impios</strong></span> <span class='ocrx_word' id='word_1_538' title='bbox 2220 3974 2451 4028; x_wconf 90' lang='lat' dir='ltr'><strong>ulturus.</strong></span> <span class='ocrx_word' id='word_1_539' title='bbox 2484 3956 2659 4034; x_wconf 82' lang='lat' dir='ltr'><strong>Quare</strong></span> <span class='ocrx_word' id='word_1_540' title='bbox 2685 3965 2845 4019; x_wconf 88' lang='lat' dir='ltr'><strong>etiam</strong></span> <span class='ocrx_word' id='word_1_541' title='bbox 2889 3967 3220 4031; x_wconf 86' lang='lat' dir='ltr'><strong>opportune</strong></span> <span class='ocrx_word' id='word_1_542' title='bbox 3281 3960 3378 4030; x_wconf 76' lang='lat' dir='ltr'><strong>sei]</strong></span> 
     </span>
    </p>
   </div>
   <div class='ocr_carea' id='block_1_84' title="bbox 777 4077 1646 4155">
    <p class='ocr_par' dir='ltr' id='par_1_84' title="bbox 777 4077 1646 4155">
     <span class='ocr_line' id='line_1_86' title="bbox 777 4077 1646 4155; baseline -0.012 -17"><span class='ocrx_word' id='word_1_543' title='bbox 777 4093 1078 4155; x_wconf 86' lang='lat' dir='ltr'><strong>peratorum</strong></span> <span class='ocrx_word' id='word_1_544' title='bbox 1110 4079 1318 4133; x_wconf 86' lang='lat' dir='ltr'><strong>Domini</strong></span> <span class='ocrx_word' id='word_1_545' title='bbox 1348 4077 1646 4148; x_wconf 84' lang='lat' dir='ltr'><strong>appellavit.</strong></span> 
     </span>
    </p>
   </div>
   <div class='ocr_carea' id='block_1_85' title="bbox 1360 4183 1731 4241">
    <p class='ocr_par' dir='ltr' id='par_1_85' title="bbox 1360 4183 1731 4241">
     <span class='ocr_line' id='line_1_87' title="bbox 1360 4183 1731 4241; baseline -0.013 -1"><span class='ocrx_word' id='word_1_546' title='bbox 1360 4185 1583 4241; x_wconf 80' lang='lat' dir='ltr'>CAPUT</span> <span class='ocrx_word' id='word_1_547' title='bbox 1615 4183 1731 4237; x_wconf 77' lang='lat' dir='ltr'><strong>XX.</strong></span> 
     </span>
    </p>
   </div>
   <div class='ocr_carea' id='block_1_86' title="bbox 783 4259 2311 4345">
    <p class='ocr_par' dir='ltr' id='par_1_86' title="bbox 783 4259 2311 4345">
     <span class='ocr_line' id='line_1_88' title="bbox 783 4259 2311 4345; baseline -0.018 -7"><span class='ocrx_word' id='word_1_548' title='bbox 783 4284 856 4339; x_wconf 79' lang='lat' dir='ltr'><strong>Ab</strong></span> <span class='ocrx_word' id='word_1_549' title='bbox 883 4283 1000 4338; x_wconf 78' lang='lat' dir='ltr'><strong>Job.</strong></span> <span class='ocrx_word' id='word_1_550' title='bbox 1034 4312 1103 4323; x_wconf 90' lang='lat'><strong>—</strong></span> <span class='ocrx_word' id='word_1_551' title='bbox 1128 4277 1275 4345; x_wconf 85' lang='lat' dir='ltr'><strong>Quod</strong></span> <span class='ocrx_word' id='word_1_552' title='bbox 1300 4277 1536 4330; x_wconf 78' lang='lat' dir='ltr'><strong>similiter</strong></span> <span class='ocrx_word' id='word_1_553' title='bbox 1581 4274 1680 4342; x_wconf 80' lang='lat' dir='ltr'><strong>ipsi</strong></span> <span class='ocrx_word' id='word_1_554' title='bbox 1716 4271 1852 4345; x_wconf 45' lang='lat' dir='ltr'><strong>doli,</strong></span> <span class='ocrx_word' id='word_1_555' title='bbox 1881 4259 2311 4345; x_wconf 50' lang='lat' dir='ltr'><strong>quemadmodum</strong></span> 
     </span>
    </p>
   </div>
   <div class='ocr_carea' id='block_1_87' title="bbox 846 4335 2310 4422">
    <p class='ocr_par' dir='ltr' id='par_1_87' title="bbox 846 4335 2310 4422">
     <span class='ocr_line' id='line_1_89' title="bbox 846 4335 2310 4422; baseline -0.018 -15"><span class='ocrx_word' id='word_1_556' title='bbox 846 4335 1101 4422; x_wconf 65' lang='lat' dir='ltr'><strong>putribus,</strong></span> <span class='ocrx_word' id='word_1_557' title='bbox 1133 4335 1252 4413; x_wconf 56' lang='lat' dir='ltr'><strong>ipse</strong></span> <span class='ocrx_word' id='word_1_558' title='bbox 1293 4345 1475 4422; x_wconf 74' lang='lat' dir='ltr'><strong>0pi[_cx</strong></span> <span class='ocrx_word' id='word_1_559' title='bbox 1514 4335 1733 4422; x_wconf 60' lang='lat' dir='ltr'><strong>uniuersi</strong></span> <span class='ocrx_word' id='word_1_560' title='bbox 1790 4335 1922 4422; x_wconf 62' lang='lat' dir='ltr'><strong>Deus</strong></span> <span class='ocrx_word' id='word_1_561' title='bbox 1973 4335 2217 4393; x_wconf 84' lang='lat' dir='ltr'><strong>Verbum,</strong></span> <span class='ocrx_word' id='word_1_562' title='bbox 2261 4336 2310 4381; x_wconf 81' lang='lat' dir='ltr'><strong>et</strong></span> 
     </span>
    </p>
   </div>
   <div class='ocr_carea' id='block_1_88' title="bbox 851 4406 2003 4490">
    <p class='ocr_par' dir='ltr' id='par_1_88' title="bbox 851 4406 2003 4490">
     <span class='ocr_line' id='line_1_90' title="bbox 851 4406 2003 4490; baseline -0.017 -14"><span class='ocrx_word' id='word_1_563' title='bbox 851 4406 1193 4490; x_wconf 61' lang='lat' dir='ltr'><strong>respondisse,</strong></span> <span class='ocrx_word' id='word_1_564' title='bbox 1217 4425 1264 4469; x_wconf 81' lang='lat' dir='ltr'><strong>et</strong></span> <span class='ocrx_word' id='word_1_565' title='bbox 1292 4406 1455 4468; x_wconf 62' lang='lat' dir='ltr'><strong>oculis</strong></span> <span class='ocrx_word' id='word_1_566' title='bbox 1490 4415 1626 4466; x_wconf 73' lang='lat' dir='ltr'><strong>risus</strong></span> <span class='ocrx_word' id='word_1_567' title='bbox 1657 4424 1764 4463; x_wconf 79' lang='lat' dir='ltr'><strong>esse</strong></span> <span class='ocrx_word' id='word_1_568' title='bbox 1792 4406 2003 4459; x_wconf 82' lang='lat' dir='ltr'><strong>dicitur.</strong></span> 
     </span>
    </p>
   </div>
   <div class='ocr_carea' id='block_1_89' title="bbox 2927 4156 3353 4209">
    <p class='ocr_par' dir='ltr' id='par_1_89' title="bbox 2927 4156 3353 4209">
     <span class='ocr_line' id='line_1_91' title="bbox 2927 4156 3353 4209; baseline -0.005 0"><span class='ocrx_word' id='word_1_569' title='bbox 2927 4156 3247 4209; x_wconf 72' lang='grc' dir='ltr'><strong>ΚΕΦΑΛᾹῘ</strong></span> <span class='ocrx_word' id='word_1_570' title='bbox 3255 4156 3353 4207; x_wconf 86' lang='grc' dir='ltr'><strong>ΟΝ</strong></span> 
     </span>
    </p>
   </div>
   <div class='ocr_carea' id='block_1_90' title="bbox 2422 4243 3378 4312">
    <p class='ocr_par' dir='ltr' id='par_1_90' title="bbox 2422 4243 3378 4312">
     <span class='ocr_line' id='line_1_92' title="bbox 2422 4243 3378 4312; baseline -0.013 -5"><span class='ocrx_word' id='word_1_571' title='bbox 2422 4250 2562 4307; x_wconf 82' lang='grc' dir='ltr'><strong>Ἀπὸ</strong></span> <span class='ocrx_word' id='word_1_572' title='bbox 2588 4249 2693 4303; x_wconf 86' lang='grc' dir='ltr'><strong>τοῦ</strong></span> <span class='ocrx_word' id='word_1_573' title='bbox 2744 4245 2877 4300; x_wconf 79' lang='grc' dir='ltr'><strong>Ἰώό.</strong></span> <span class='ocrx_word' id='word_1_574' title='bbox 2911 4274 2986 4285; x_wconf 87' lang='lat'><strong>—-</strong></span> <span class='ocrx_word' id='word_1_575' title='bbox 3025 4246 3127 4310; x_wconf 86' lang='grc' dir='ltr'><strong>Ὡς</strong></span> <span class='ocrx_word' id='word_1_576' title='bbox 3162 4243 3378 4312; x_wconf 79' lang='grc' dir='ltr'><strong>ὁμοίως</strong></span> 
     </span>
    </p>
   </div>
   <div class='ocr_carea' id='block_1_91' title="bbox 2477 4312 3377 4385">
    <p class='ocr_par' dir='ltr' id='par_1_91' title="bbox 2477 4312 3377 4385">
     <span class='ocr_line' id='line_1_93' title="bbox 2477 4312 3377 4385; baseline -0.013 -11"><span class='ocrx_word' id='word_1_577' title='bbox 2477 4321 2556 4385; x_wconf 86' lang='grc' dir='ltr'><strong>τῷ</strong></span> <span class='ocrx_word' id='word_1_578' title='bbox 2595 4318 2727 4378; x_wconf 76' lang='grc' dir='ltr'><strong>Ἰὼϐ,</strong></span> <span class='ocrx_word' id='word_1_579' title='bbox 2777 4312 2960 4385; x_wconf 75' lang='grc' dir='ltr'><strong>αὐτὸς</strong></span> <span class='ocrx_word' id='word_1_580' title='bbox 3008 4315 3044 4366; x_wconf 83' lang='grc' dir='ltr'><strong>ό</strong></span> <span class='ocrx_word' id='word_1_581' title='bbox 3100 4317 3377 4385; x_wconf 53' lang='grc' dir='ltr'><strong>Δημίοιζρε</strong></span> 
     </span>
    </p>
   </div>
   <div class='ocr_carea' id='block_1_92' title="bbox 2479 4380 3377 4456">
    <p class='ocr_par' dir='ltr' id='par_1_92' title="bbox 2479 4380 3377 4456">
     <span class='ocr_line' id='line_1_94' title="bbox 2479 4380 3377 4456; baseline -0.013 -13"><span class='ocrx_word' id='word_1_582' title='bbox 2479 4380 2685 4456; x_wconf 59' lang='lat' dir='ltr'><strong>Abrae,</strong></span> <span class='ocrx_word' id='word_1_583' title='bbox 2721 4380 2942 4451; x_wconf 76' lang='grc' dir='ltr'><strong>ἐχρησέ</strong></span> <span class='ocrx_word' id='word_1_584' title='bbox 2977 4399 3044 4435; x_wconf 84' lang='grc' dir='ltr'><strong>τε</strong></span> <span class='ocrx_word' id='word_1_585' title='bbox 3078 4380 3377 4448; x_wconf 69' lang='grc' dir='ltr'><strong>καῑόφθα</strong></span> 
     </span>
    </p>
   </div>
   <div class='ocr_carea' id='block_1_93' title="bbox 2485 4473 2664 4526">
    <p class='ocr_par' dir='ltr' id='par_1_93' title="bbox 2485 4473 2664 4526">
     <span class='ocr_line' id='line_1_95' title="bbox 2485 4473 2664 4526; baseline -0.028 -15"><span class='ocrx_word' id='word_1_586' title='bbox 2485 4473 2664 4526; x_wconf 79' lang='grc' dir='ltr'><strong>τεται.</strong></span> 
     </span>
    </p>
   </div>
   <div class='ocr_carea' id='block_1_94' title="bbox 855 4558 2331 4655">
    <p class='ocr_par' dir='ltr' id='par_1_94' title="bbox 855 4575 2314 4655">
     <span class='ocr_line' id='line_1_96' title="bbox 855 4575 2314 4655; baseline -0.018 -2"><span class='ocrx_word' id='word_1_587' title='bbox 855 4619 874 4655; x_wconf 69' lang='grc' dir='ltr'><strong>ι</strong></span> <span class='ocrx_word' id='word_1_588' title='bbox 900 4598 1040 4652; x_wconf 78' lang='lat' dir='ltr'><strong>Dixit</strong></span> <span class='ocrx_word' id='word_1_589' title='bbox 1067 4602 1242 4649; x_wconf 82' lang='lat' dir='ltr'><strong>autem</strong></span> <span class='ocrx_word' id='word_1_590' title='bbox 1267 4590 1520 4645; x_wconf 87' lang='lat' dir='ltr'><strong>Dominus</strong></span> <span class='ocrx_word' id='word_1_591' title='bbox 1545 4587 1611 4641; x_wconf 88' lang='lat' dir='ltr'><strong>ad</strong></span> <span class='ocrx_word' id='word_1_592' title='bbox 1635 4584 1737 4639; x_wconf 82' lang='lat' dir='ltr'><strong>Job</strong></span> <span class='ocrx_word' id='word_1_593' title='bbox 1759 4583 1824 4637; x_wconf 87' lang='lat' dir='ltr'><strong>de</strong></span> <span class='ocrx_word' id='word_1_594' title='bbox 1849 4581 2060 4634; x_wconf 89' lang='lat' dir='ltr'><strong>turbine</strong></span> <span class='ocrx_word' id='word_1_595' title='bbox 2082 4585 2135 4632; x_wconf 88' lang='lat' dir='ltr'><strong>et</strong></span> <span class='ocrx_word' id='word_1_596' title='bbox 2160 4575 2314 4630; x_wconf 90' lang='lat' dir='ltr'><strong>nubi-</strong></span> 
     </span>
    </p>
   </div>
   <div class='ocr_carea' id='block_1_95' title="bbox 1878 4558 3354 4655">
    <p class='ocr_par' dir='ltr' id='par_1_95' title="bbox 1878 4558 3354 4633">
     <span class='ocr_line' id='line_1_97' title="bbox 1878 4558 3354 4633; baseline -0.016 1"><span class='ocrx_word' id='word_1_597' title='bbox 1878 4581 2060 4633; x_wconf 88' lang='lat' dir='ltr'><strong>urbine</strong></span> <span class='ocrx_word' id='word_1_598' title='bbox 2082 4585 2135 4632; x_wconf 88' lang='lat' dir='ltr'><strong>et</strong></span> <span class='ocrx_word' id='word_1_599' title='bbox 2160 4575 2314 4630; x_wconf 89' lang='lat' dir='ltr'><strong>nubi-</strong></span> <span class='ocrx_word' id='word_1_600' title='bbox 2351 4570 2397 4624; x_wconf 85' lang='grc' dir='ltr'><strong>ῐ)</strong></span> <span class='ocrx_word' id='word_1_601' title='bbox 2494 4587 2513 4622; x_wconf 76' lang='grc' dir='ltr'><strong>σ</strong></span> <span class='ocrx_word' id='word_1_602' title='bbox 2544 4563 2676 4620; x_wconf 80' lang='grc' dir='ltr'><strong>Εῖπε</strong></span> <span class='ocrx_word' id='word_1_603' title='bbox 2704 4564 2761 4618; x_wconf 78' lang='grc' dir='ltr'><strong>δὲ</strong></span> <span class='ocrx_word' id='word_1_604' title='bbox 2779 4560 2983 4630; x_wconf 81' lang='grc' dir='ltr'><strong>Κύριος</strong></span> <span class='ocrx_word' id='word_1_605' title='bbox 3004 4560 3086 4631; x_wconf 82' lang='grc' dir='ltr'><strong>τῷ</strong></span> <span class='ocrx_word' id='word_1_606' title='bbox 3118 4559 3245 4613; x_wconf 77' lang='grc' dir='ltr'><strong>’Ῑὼδ</strong></span> <span class='ocrx_word' id='word_1_607' title='bbox 3266 4558 3354 4612; x_wconf 84' lang='grc' dir='ltr'><strong>διὰ</strong></span> 
     </span>
    </p>
   </div>
   <div class='ocr_carea' id='block_1_96' title="bbox 781 4648 2257 4749">
    <p class='ocr_par' dir='ltr' id='par_1_96' title="bbox 781 4648 2257 4749">
     <span class='ocr_line' id='line_1_98' title="bbox 781 4648 2257 4749; baseline -0.021 -1"><span class='ocrx_word' id='word_1_608' title='bbox 781 4648 884 4748; x_wconf 78' lang='lat' dir='ltr'><strong>bus</strong></span> <span class='ocrx_word' id='word_1_609' title='bbox 1076 4648 1207 4741; x_wconf 84' lang='lat' dir='ltr'><strong>eras</strong></span> <span class='ocrx_word' id='word_1_610' title='bbox 1224 4683 1349 4737; x_wconf 90' lang='lat' dir='ltr'><strong>dum</strong></span> <span class='ocrx_word' id='word_1_611' title='bbox 1363 4695 1461 4749; x_wconf 89' lang='lat' dir='ltr'><strong>ego</strong></span> <span class='ocrx_word' id='word_1_612' title='bbox 1479 4676 1754 4731; x_wconf 74' lang='lat' dir='ltr'><strong>fundarem</strong></span> <span class='ocrx_word' id='word_1_613' title='bbox 1773 4681 1967 4726; x_wconf 89' lang='lat' dir='ltr'><strong>terram</strong></span> <span class='ocrx_word' id='word_1_614' title='bbox 1992 4670 2015 4722; x_wconf 88' lang='lat'><strong>?</strong></span> <span class='ocrx_word' id='word_1_615' title='bbox 2036 4667 2257 4735; x_wconf 82' lang='lat' dir='ltr'><strong>Respom</strong></span> 
     </span>
    </p>
   </div>
   <div class='ocr_carea' id='block_1_97' title="bbox 1901 4648 3377 4749">
    <p class='ocr_par' dir='ltr' id='par_1_97' title="bbox 1901 4648 3377 4749">
     <span class='ocr_line' id='line_1_99' title="bbox 1901 4648 3377 4749; baseline -0.016 -26"><span class='ocrx_word' id='word_1_616' title='bbox 1901 4686 1967 4722; x_wconf 86' lang='lat' dir='ltr'><strong>nn</strong></span> <span class='ocrx_word' id='word_1_617' title='bbox 1992 4670 2015 4722; x_wconf 88' lang='lat'><strong>?</strong></span> <span class='ocrx_word' id='word_1_618' title='bbox 2036 4664 2316 4735; x_wconf 82' lang='lat' dir='ltr'><strong>Responde</strong></span> <span class='ocrx_word' id='word_1_619' title='bbox 2419 4658 2529 4713; x_wconf 79' lang='grc' dir='ltr'><strong>Ποῦ</strong></span> <span class='ocrx_word' id='word_1_620' title='bbox 2563 4653 2629 4728; x_wconf 78' lang='grc' dir='ltr'><strong>ἧς</strong></span> <span class='ocrx_word' id='word_1_621' title='bbox 2667 4650 2834 4749; x_wconf 63' lang='grc' dir='ltr'><strong>έντῷ</strong></span> <span class='ocrx_word' id='word_1_622' title='bbox 2858 4650 3149 4721; x_wconf 73' lang='grc' dir='ltr'><strong>θεμελιδῧν</strong></span> <span class='ocrx_word' id='word_1_623' title='bbox 3211 4667 3282 4719; x_wconf 85' lang='grc' dir='ltr'><strong>με</strong></span> <span class='ocrx_word' id='word_1_624' title='bbox 3315 4648 3377 4717; x_wconf 78' lang='grc' dir='ltr'><strong>τὴ</strong></span> 
     </span>
    </p>
   </div>
   <div class='ocr_carea' id='block_1_98' title="bbox 788 4736 2264 4849">
    <p class='ocr_par' dir='ltr' id='par_1_98' title="bbox 788 4760 2264 4849">
     <span class='ocr_line' id='line_1_100' title="bbox 788 4760 2264 4849; baseline -0.021 -13"><span class='ocrx_word' id='word_1_625' title='bbox 788 4782 892 4849; x_wconf 76' lang='lat' dir='ltr'><strong>iam</strong></span> <span class='ocrx_word' id='word_1_626' title='bbox 921 4778 1074 4843; x_wconf 88' lang='lat' dir='ltr'><strong>mihi,</strong></span> <span class='ocrx_word' id='word_1_627' title='bbox 1098 4783 1277 4830; x_wconf 88' lang='lat' dir='ltr'><strong>utrum</strong></span> <span class='ocrx_word' id='word_1_628' title='bbox 1300 4768 1513 4826; x_wconf 90' lang='lat' dir='ltr'><strong>noveris</strong></span> <span class='ocrx_word' id='word_1_629' title='bbox 1543 4765 1892 4824; x_wconf 88' lang='lat' dir='ltr'><strong>intellectum,</strong></span> <span class='ocrx_word' id='word_1_630' title='bbox 1933 4760 2054 4830; x_wconf 89' lang='lat' dir='ltr'><strong>quis</strong></span> <span class='ocrx_word' id='word_1_631' title='bbox 2079 4771 2264 4828; x_wconf 76' lang='lat' dir='ltr'><strong>posuei</strong></span> 
     </span>
    </p>
   </div>
   <div class='ocr_carea' id='block_1_99' title="bbox 1901 4736 3377 4849">
    <p class='ocr_par' dir='ltr' id='par_1_99' title="bbox 1933 4736 3377 4849">
     <span class='ocr_line' id='line_1_101' title="bbox 1933 4736 3377 4830; baseline -0.019 -16"><span class='ocrx_word' id='word_1_632' title='bbox 1933 4760 2054 4830; x_wconf 84' lang='lat' dir='ltr'><strong>quis</strong></span> <span class='ocrx_word' id='word_1_633' title='bbox 2079 4755 2318 4828; x_wconf 85' lang='lat' dir='ltr'><strong>posuerit</strong></span> <span class='ocrx_word' id='word_1_634' title='bbox 2420 4750 2486 4821; x_wconf 85' lang='grc' dir='ltr'><strong>δή</strong></span> <span class='ocrx_word' id='word_1_635' title='bbox 2521 4764 2605 4817; x_wconf 83' lang='grc' dir='ltr'><strong>μοι</strong></span> <span class='ocrx_word' id='word_1_636' title='bbox 2637 4738 2685 4797; x_wconf 75' lang='grc' dir='ltr'><strong>εί</strong></span> <span class='ocrx_word' id='word_1_637' title='bbox 2709 4743 2998 4795; x_wconf 76' lang='grc' dir='ltr'><strong>ἐπίστασαι</strong></span> <span class='ocrx_word' id='word_1_638' title='bbox 3042 4739 3282 4799; x_wconf 79' lang='grc' dir='ltr'><strong>σύνεσιν,</strong></span> <span class='ocrx_word' id='word_1_639' title='bbox 3313 4736 3377 4790; x_wconf 52' lang='lat' dir='ltr'><strong>vi;</strong></span> 
     </span>
     <span class='ocr_line' id='line_1_102' title="bbox 2190 4826 3376 4849; baseline -0.015 14"><span class='ocrx_word' id='word_1_640' title='bbox 2190 4847 2199 4849; x_wconf 68' lang='lat'><strong><em>~</em></strong></span> <span class='ocrx_word' id='word_1_641' title='bbox 2455 4837 2480 4849; x_wconf 86' lang='lat'><em>~</em></span> <span class='ocrx_word' id='word_1_642' title='bbox 2593 4836 2605 4849; x_wconf 74' lang='grc' dir='ltr'><strong>ι</strong></span> <span class='ocrx_word' id='word_1_643' title='bbox 2651 4829 2713 4849; x_wconf 60' lang='grc' dir='ltr'><strong>θα</strong></span> <span class='ocrx_word' id='word_1_644' title='bbox 2886 4831 2966 4849; x_wconf 48' lang='grc' dir='ltr'><strong>ηε</strong></span> <span class='ocrx_word' id='word_1_645' title='bbox 3031 4826 3231 4849; x_wconf 31' lang='lat' dir='ltr'><strong>var-eg“</strong></span> <span class='ocrx_word' id='word_1_646' title='bbox 3276 4826 3376 4849; x_wconf 25' lang='grc' dir='ltr'><strong>κοίη</strong></span> 
     </span>
    </p>
   </div>
   <div class='ocr_carea' id='block_1_100' title="bbox 2422 4826 3377 4907">
    <p class='ocr_par' dir='ltr' id='par_1_100' title="bbox 2422 4826 3377 4907">
     <span class='ocr_line' id='line_1_103' title="bbox 2422 4826 3377 4907; baseline -0.013 -18"><span class='ocrx_word' id='word_1_647' title='bbox 2422 4837 2536 4907; x_wconf 82' lang='grc' dir='ltr'><strong>τῆς,</strong></span> <span class='ocrx_word' id='word_1_648' title='bbox 2560 4836 2608 4886; x_wconf 78' lang='grc' dir='ltr'><strong>εἰ</strong></span> <span class='ocrx_word' id='word_1_649' title='bbox 2635 4829 2796 4894; x_wconf 68' lang='grc' dir='ltr'><strong>οἶδας,</strong></span> <span class='ocrx_word' id='word_1_650' title='bbox 2824 4849 2843 4881; x_wconf 71' lang='grc' dir='ltr'><strong>ι</strong></span> <span class='ocrx_word' id='word_1_651' title='bbox 2880 4831 2977 4884; x_wconf 72' lang='lat' dir='ltr'><strong>xal.</strong></span> <span class='ocrx_word' id='word_1_652' title='bbox 2989 4830 3060 4884; x_wconf 83' lang='grc' dir='ltr'><strong>τὰ</strong></span> <span class='ocrx_word' id='word_1_653' title='bbox 3083 4826 3233 4899; x_wconf 77' lang='grc' dir='ltr'><strong>ἐξῆςο</strong></span> <span class='ocrx_word' id='word_1_654' title='bbox 3266 4848 3285 4879; x_wconf 72' lang='grc' dir='ltr'><strong>ι</strong></span> <span class='ocrx_word' id='word_1_655' title='bbox 3309 4826 3377 4877; x_wconf 88' lang='grc' dir='ltr'><strong><em>Ὃ</em></strong></span> 
     </span>
    </p>
   </div>
   <div class='ocr_carea' id='block_1_101' title="bbox 790 4847 2318 4935">
    <p class='ocr_par' dir='ltr' id='par_1_101' title="bbox 790 4847 2318 4935">
     <span class='ocr_line' id='line_1_104' title="bbox 790 4847 2318 4935; baseline -0.016 -12"><span class='ocrx_word' id='word_1_656' title='bbox 790 4847 1068 4925; x_wconf 80' lang='lat' dir='ltr'><strong>mensuras</strong></span> <span class='ocrx_word' id='word_1_657' title='bbox 1094 4866 1211 4935; x_wconf 81' lang='lat' dir='ltr'><strong>ejus</strong></span> <span class='ocrx_word' id='word_1_658' title='bbox 1232 4863 1279 4919; x_wconf 90' lang='lat' dir='ltr'><strong>si</strong></span> <span class='ocrx_word' id='word_1_659' title='bbox 1309 4859 1452 4916; x_wconf 90' lang='lat' dir='ltr'><strong>nosti</strong></span> <span class='ocrx_word' id='word_1_660' title='bbox 1480 4857 1545 4920; x_wconf 82' lang='grc'><strong>⁸⁸,</strong></span> <span class='ocrx_word' id='word_1_661' title='bbox 1577 4875 1594 4907; x_wconf 72' lang='grc' dir='ltr'><strong>ι</strong></span> <span class='ocrx_word' id='word_1_662' title='bbox 1621 4860 1674 4909; x_wconf 87' lang='lat' dir='ltr'><strong>et</strong></span> <span class='ocrx_word' id='word_1_663' title='bbox 1700 4860 1890 4908; x_wconf 63' lang='lat' dir='ltr'><strong>caetera</strong></span> <span class='ocrx_word' id='word_1_664' title='bbox 1922 4871 1934 4906; x_wconf 88' lang='lat'><strong>:</strong></span> <span class='ocrx_word' id='word_1_665' title='bbox 1962 4870 1981 4901; x_wconf 73' lang='grc' dir='ltr'><strong>ι</strong></span> <span class='ocrx_word' id='word_1_666' title='bbox 2018 4851 2150 4905; x_wconf 89' lang='lat' dir='ltr'><strong>Cum</strong></span> <span class='ocrx_word' id='word_1_667' title='bbox 2182 4847 2318 4899; x_wconf 78' lang='lat' dir='ltr'><strong>facta</strong></span> 
     </span>
    </p>
   </div>
   <div class='ocr_carea' id='block_1_102' title="bbox 793 4944 2321 5025">
    <p class='ocr_par' dir='ltr' id='par_1_102' title="bbox 793 4944 2321 5025">
     <span class='ocr_line' id='line_1_105' title="bbox 793 4944 2321 5025; baseline -0.017 -13"><span class='ocrx_word' id='word_1_668' title='bbox 793 4963 935 5018; x_wconf 82' lang='lat' dir='ltr'><strong>sunt,</strong></span> <span class='ocrx_word' id='word_1_669' title='bbox 995 4954 1191 5025; x_wconf 89' lang='lat' dir='ltr'><strong>inquit,</strong></span> <span class='ocrx_word' id='word_1_670' title='bbox 1224 4960 1390 5014; x_wconf 86' lang='lat' dir='ltr'><strong>astra,</strong></span> <span class='ocrx_word' id='word_1_671' title='bbox 1442 4944 1794 5000; x_wconf 86' lang='lat' dir='ltr'><strong>laudaverunt</strong></span> <span class='ocrx_word' id='word_1_672' title='bbox 1848 4956 1934 4995; x_wconf 91' lang='lat' dir='ltr'><strong>me</strong></span> <span class='ocrx_word' id='word_1_673' title='bbox 1973 4953 2102 4994; x_wconf 87' lang='lat' dir='ltr'><strong>voce</strong></span> <span class='ocrx_word' id='word_1_674' title='bbox 2127 4947 2321 5004; x_wconf 86' lang='lat' dir='ltr'><strong>magna</strong></span> 
     </span>
    </p>
   </div>
   <div class='ocr_carea' id='block_1_103' title="bbox 795 5024 2316 5114">
    <p class='ocr_par' dir='ltr' id='par_1_103' title="bbox 795 5024 2316 5114">
     <span class='ocr_line' id='line_1_106' title="bbox 795 5024 2316 5114; baseline -0.016 -17"><span class='ocrx_word' id='word_1_675' title='bbox 795 5058 976 5098; x_wconf 85' lang='lat' dir='ltr'><strong>omnes</strong></span> <span class='ocrx_word' id='word_1_676' title='bbox 1002 5045 1176 5114; x_wconf 86' lang='lat' dir='ltr'><strong>angeli</strong></span> <span class='ocrx_word' id='word_1_677' title='bbox 1207 5042 1332 5097; x_wconf 90' lang='lat' dir='ltr'><strong>mei.</strong></span> <span class='ocrx_word' id='word_1_678' title='bbox 1355 5035 1608 5094; x_wconf 79' lang='lat' dir='ltr'><strong>Obstruxi</strong></span> <span class='ocrx_word' id='word_1_679' title='bbox 1636 5039 1813 5086; x_wconf 88' lang='lat' dir='ltr'><strong>autem</strong></span> <span class='ocrx_word' id='word_1_680' title='bbox 1841 5045 1987 5083; x_wconf 90' lang='lat' dir='ltr'><strong>mare</strong></span> <span class='ocrx_word' id='word_1_681' title='bbox 2005 5029 2174 5097; x_wconf 88' lang='lat' dir='ltr'><strong>portis</strong></span> <span class='ocrx_word' id='word_1_682' title='bbox 2193 5024 2237 5054; x_wconf 73' lang='grc' dir='ltr'><strong>δ’</strong></span> <span class='ocrx_word' id='word_1_683' title='bbox 2259 5039 2274 5087; x_wconf 86' lang='grc'>;</span> <span class='ocrx_word' id='word_1_684' title='bbox 2298 5040 2316 5072; x_wconf 75' lang='grc' dir='ltr'><strong>ι</strong></span> 
     </span>
    </p>
   </div>
   <div class='ocr_carea' id='block_1_104' title="bbox 796 5112 2323 5200">
    <p class='ocr_par' dir='ltr' id='par_1_104' title="bbox 796 5112 2323 5200">
     <span class='ocr_line' id='line_1_107' title="bbox 796 5112 2323 5200; baseline -0.015 -14"><span class='ocrx_word' id='word_1_685' title='bbox 796 5149 857 5186; x_wconf 86' lang='lat' dir='ltr'><strong>ac</strong></span> <span class='ocrx_word' id='word_1_686' title='bbox 879 5112 1131 5199; x_wconf 82' lang='lat' dir='ltr'><strong>deinceps</strong></span> <span class='ocrx_word' id='word_1_687' title='bbox 1160 5131 1302 5200; x_wconf 86' lang='lat' dir='ltr'><strong>quod</strong></span> <span class='ocrx_word' id='word_1_688' title='bbox 1334 5128 1575 5196; x_wconf 88' lang='lat' dir='ltr'><strong>sequitur</strong></span> <span class='ocrx_word' id='word_1_689' title='bbox 1601 5144 1614 5179; x_wconf 91' lang='lat'><strong>:</strong></span> <span class='ocrx_word' id='word_1_690' title='bbox 1652 5142 1670 5174; x_wconf 78' lang='grc' dir='ltr'><strong>ι</strong></span> <span class='ocrx_word' id='word_1_691' title='bbox 1694 5121 1830 5175; x_wconf 87' lang='lat' dir='ltr'><strong>Num</strong></span> <span class='ocrx_word' id='word_1_692' title='bbox 1857 5135 1976 5176; x_wconf 89' lang='lat' dir='ltr'><strong>eras</strong></span> <span class='ocrx_word' id='word_1_693' title='bbox 2009 5128 2064 5172; x_wconf 89' lang='lat' dir='ltr'><strong>tu</strong></span> <span class='ocrx_word' id='word_1_694' title='bbox 2109 5112 2323 5185; x_wconf 89' lang='lat' dir='ltr'><strong>quando</strong></span> 
     </span>
    </p>
   </div>
   <div class='ocr_carea' id='block_1_105' title="bbox 796 5202 2326 5275">
    <p class='ocr_par' dir='ltr' id='par_1_105' title="bbox 796 5202 2326 5275">
     <span class='ocr_line' id='line_1_108' title="bbox 796 5202 2326 5275; baseline -0.01 -1"><span class='ocrx_word' id='word_1_695' title='bbox 796 5218 1049 5275; x_wconf 84' lang='lat' dir='ltr'><strong>constitui</strong></span> <span class='ocrx_word' id='word_1_696' title='bbox 1079 5220 1256 5272; x_wconf 89' lang='lat' dir='ltr'><strong>lumen</strong></span> <span class='ocrx_word' id='word_1_697' title='bbox 1271 5216 1624 5271; x_wconf 85' lang='lat' dir='ltr'><strong>matutinum?</strong></span> <span class='ocrx_word' id='word_1_698' title='bbox 1651 5212 1864 5268; x_wconf 78' lang='lat' dir='ltr'><strong>Lucifer</strong></span> <span class='ocrx_word' id='word_1_699' title='bbox 1883 5217 2062 5264; x_wconf 86' lang='lat' dir='ltr'><strong>autem</strong></span> <span class='ocrx_word' id='word_1_700' title='bbox 2084 5202 2326 5272; x_wconf 71' lang='lat' dir='ltr'><strong>despexit</strong></span> 
     </span>
    </p>
   </div>
   <div class='ocr_carea' id='block_1_106' title="bbox 799 5274 2275 5363">
    <p class='ocr_par' dir='ltr' id='par_1_106' title="bbox 799 5300 2275 5363">
     <span class='ocr_line' id='line_1_109' title="bbox 799 5300 2275 5363; baseline -0.009 -1"><span class='ocrx_word' id='word_1_701' title='bbox 799 5321 955 5362; x_wconf 84' lang='lat' dir='ltr'><strong>suum</strong></span> <span class='ocrx_word' id='word_1_702' title='bbox 984 5304 1225 5359; x_wconf 88' lang='lat' dir='ltr'><strong>ordinem</strong></span> <span class='ocrx_word' id='word_1_703' title='bbox 1251 5306 1331 5355; x_wconf 67' lang='grc' dir='ltr'><strong>ὀἳ</strong></span> <span class='ocrx_word' id='word_1_704' title='bbox 1366 5324 1383 5355; x_wconf 76' lang='grc' dir='ltr'><strong>ι</strong></span> <span class='ocrx_word' id='word_1_705' title='bbox 1416 5305 1480 5357; x_wconf 87' lang='grc' dir='ltr'><strong>Ει</strong></span> <span class='ocrx_word' id='word_1_706' title='bbox 1507 5320 1729 5359; x_wconf 84' lang='lat' dir='ltr'><strong>rursus:</strong></span> <span class='ocrx_word' id='word_1_707' title='bbox 1761 5321 1779 5353; x_wconf 85' lang='grc'>‹</span> <span class='ocrx_word' id='word_1_708' title='bbox 1814 5300 1952 5354; x_wconf 73' lang='lat' dir='ltr'><strong>Num</strong></span> <span class='ocrx_word' id='word_1_709' title='bbox 1986 5306 2067 5363; x_wconf 90' lang='lat' dir='ltr'><strong>tu,</strong></span> <span class='ocrx_word' id='word_1_710' title='bbox 2108 5303 2275 5362; x_wconf 59' lang='lat' dir='ltr'><strong>accep</strong></span> 
     </span>
    </p>
   </div>
   <div class='ocr_carea' id='block_1_107' title="bbox 1892 5274 3368 5363">
    <p class='ocr_par' dir='ltr' id='par_1_107' title="bbox 1892 5274 3368 5363">
     <span class='ocr_line' id='line_1_110' title="bbox 1892 5274 3368 5363; baseline -0.02 -9"><span class='ocrx_word' id='word_1_711' title='bbox 1892 5316 1952 5354; x_wconf 63' lang='lat' dir='ltr'><strong>im</strong></span> <span class='ocrx_word' id='word_1_712' title='bbox 1986 5306 2067 5363; x_wconf 90' lang='lat' dir='ltr'><strong>tu,</strong></span> <span class='ocrx_word' id='word_1_713' title='bbox 2108 5299 2327 5362; x_wconf 79' lang='lat' dir='ltr'><strong>accepto</strong></span> <span class='ocrx_word' id='word_1_714' title='bbox 2424 5283 2599 5335; x_wconf 74' lang='grc' dir='ltr'><strong>λαϐὼν</strong></span> <span class='ocrx_word' id='word_1_715' title='bbox 2631 5283 2733 5353; x_wconf 80' lang='grc' dir='ltr'><strong>γῆς</strong></span> <span class='ocrx_word' id='word_1_716' title='bbox 2767 5274 2933 5353; x_wconf 75' lang='grc' dir='ltr'><strong>πηλὸύ</strong></span> <span class='ocrx_word' id='word_1_717' title='bbox 2974 5280 3209 5339; x_wconf 79' lang='grc' dir='ltr'><strong>ἔπλασας</strong></span> <span class='ocrx_word' id='word_1_718' title='bbox 3237 5274 3368 5338; x_wconf 81' lang='grc' dir='ltr'><strong>ζῶον</strong></span> 
     </span>
    </p>
   </div>
   <div class='ocr_carea' id='block_1_108' title="bbox 799 5363 2275 5459">
    <p class='ocr_par' dir='ltr' id='par_1_108' title="bbox 799 5369 2275 5459">
     <span class='ocr_line' id='line_1_111' title="bbox 799 5369 2275 5459; baseline -0.01 -9"><span class='ocrx_word' id='word_1_719' title='bbox 799 5406 954 5452; x_wconf 67' lang='grc' dir='ltr'><strong>ιρι-τω</strong></span> <span class='ocrx_word' id='word_1_720' title='bbox 985 5394 1119 5455; x_wconf 90' lang='lat' dir='ltr'><strong>luto,</strong></span> <span class='ocrx_word' id='word_1_721' title='bbox 1174 5391 1346 5446; x_wconf 73' lang='lat' dir='ltr'><strong>fecisti</strong></span> <span class='ocrx_word' id='word_1_722' title='bbox 1382 5395 1607 5447; x_wconf 85' lang='lat' dir='ltr'><strong>animal?</strong></span> <span class='ocrx_word' id='word_1_723' title='bbox 1639 5402 1692 5448; x_wconf 90' lang='lat' dir='ltr'><strong>et</strong></span> <span class='ocrx_word' id='word_1_724' title='bbox 1722 5393 1789 5447; x_wconf 88' lang='lat' dir='ltr'><strong>ad</strong></span> <span class='ocrx_word' id='word_1_725' title='bbox 1839 5387 2164 5459; x_wconf 82' lang='lat' dir='ltr'><strong>loquendum</strong></span> <span class='ocrx_word' id='word_1_726' title='bbox 2193 5369 2275 5438; x_wconf 64' lang='grc' dir='ltr'><strong>’ἰὼ</strong></span> 
     </span>
    </p>
   </div>
   <div class='ocr_carea' id='block_1_109' title="bbox 1896 5363 3372 5459">
    <p class='ocr_par' dir='ltr' id='par_1_109' title="bbox 1896 5363 3372 5459">
     <span class='ocr_line' id='line_1_112' title="bbox 1896 5363 3372 5459; baseline -0.02 -13"><span class='ocrx_word' id='word_1_727' title='bbox 1896 5387 2164 5459; x_wconf 81' lang='lat' dir='ltr'><strong>quendum</strong></span> <span class='ocrx_word' id='word_1_728' title='bbox 2193 5369 2327 5438; x_wconf 29' lang='lat' dir='ltr'><strong>’ido-</strong></span> <span class='ocrx_word' id='word_1_729' title='bbox 2430 5376 2548 5428; x_wconf 79' lang='grc' dir='ltr'><strong>ἔθου</strong></span> <span class='ocrx_word' id='word_1_730' title='bbox 2570 5374 2662 5427; x_wconf 71' lang='grc' dir='ltr'><strong>ἐπὶ</strong></span> <span class='ocrx_word' id='word_1_731' title='bbox 2690 5375 2786 5444; x_wconf 83' lang='grc' dir='ltr'><strong>τῆς</strong></span> <span class='ocrx_word' id='word_1_732' title='bbox 2824 5374 2957 5443; x_wconf 82' lang='grc' dir='ltr'><strong>γῆς;</strong></span> <span class='ocrx_word' id='word_1_733' title='bbox 2993 5369 3206 5437; x_wconf 81' lang='grc' dir='ltr'><strong>ἀφεῖλες</strong></span> <span class='ocrx_word' id='word_1_734' title='bbox 3242 5364 3296 5416; x_wconf 78' lang='grc' dir='ltr'><strong>δὲ</strong></span> <span class='ocrx_word' id='word_1_735' title='bbox 3339 5363 3372 5414; x_wconf 85' lang='grc' dir='ltr'>ἁ</span> 
     </span>
    </p>
   </div>
   <div class='ocr_carea' id='block_1_110' title="bbox 800 5451 2276 5550">
    <p class='ocr_par' dir='ltr' id='par_1_110' title="bbox 800 5451 2276 5550">
     <span class='ocr_line' id='line_1_113' title="bbox 800 5451 2276 5550; baseline -0.012 -6"><span class='ocrx_word' id='word_1_736' title='bbox 800 5499 958 5542; x_wconf 79' lang='lat' dir='ltr'><strong>neum</strong></span> <span class='ocrx_word' id='word_1_737' title='bbox 982 5483 1156 5550; x_wconf 81' lang='lat' dir='ltr'><strong>ipsum</strong></span> <span class='ocrx_word' id='word_1_738' title='bbox 1207 5480 1430 5549; x_wconf 85' lang='lat' dir='ltr'><strong>posuisti</strong></span> <span class='ocrx_word' id='word_1_739' title='bbox 1473 5482 1526 5535; x_wconf 89' lang='lat' dir='ltr'><strong>in</strong></span> <span class='ocrx_word' id='word_1_740' title='bbox 1553 5484 1731 5537; x_wconf 84' lang='lat' dir='ltr'><strong>terra?</strong></span> <span class='ocrx_word' id='word_1_741' title='bbox 1780 5451 2047 5537; x_wconf 78' lang='lat' dir='ltr'><strong>abstulisti</strong></span> <span class='ocrx_word' id='word_1_742' title='bbox 2091 5491 2217 5532; x_wconf 88' lang='lat' dir='ltr'><strong>vero</strong></span> <span class='ocrx_word' id='word_1_743' title='bbox 2263 5489 2276 5527; x_wconf 75' lang='grc' dir='ltr'><strong>ε</strong></span> 
     </span>
    </p>
   </div>
   <div class='ocr_carea' id='block_1_111' title="bbox 1901 5451 3377 5550">
    <p class='ocr_par' dir='ltr' id='par_1_111' title="bbox 1904 5451 3377 5536">
     <span class='ocr_line' id='line_1_114' title="bbox 1904 5451 3377 5536; baseline -0.022 -2"><span class='ocrx_word' id='word_1_744' title='bbox 1904 5451 2047 5536; x_wconf 75' lang='lat' dir='ltr'><strong>ulisti</strong></span> <span class='ocrx_word' id='word_1_745' title='bbox 2091 5491 2217 5532; x_wconf 82' lang='lat' dir='ltr'><strong>vero</strong></span> <span class='ocrx_word' id='word_1_746' title='bbox 2263 5473 2329 5527; x_wconf 86' lang='lat' dir='ltr'><strong>ab</strong></span> <span class='ocrx_word' id='word_1_747' title='bbox 2435 5464 2684 5536; x_wconf 78' lang='grc' dir='ltr'><strong>βραχίονα</strong></span> <span class='ocrx_word' id='word_1_748' title='bbox 2725 5463 2767 5515; x_wconf 70' lang='grc' dir='ltr'><strong>δ’</strong></span> <span class='ocrx_word' id='word_1_749' title='bbox 2808 5460 3160 5533; x_wconf 80' lang='grc' dir='ltr'><strong>ὑπερηφάνων</strong></span> <span class='ocrx_word' id='word_1_750' title='bbox 3194 5451 3377 5519; x_wconf 83' lang='grc' dir='ltr'><strong>συνέτρ</strong></span> 
     </span>
    </p>
   </div>
   <div class='ocr_carea' id='block_1_112' title="bbox 801 5546 2277 5644">
    <p class='ocr_par' dir='ltr' id='par_1_112' title="bbox 801 5570 2277 5644">
     <span class='ocr_line' id='line_1_115' title="bbox 801 5570 2277 5644; baseline -0.011 -12"><span class='ocrx_word' id='word_1_751' title='bbox 801 5574 981 5644; x_wconf 84' lang='lat' dir='ltr'><strong>impiis</strong></span> <span class='ocrx_word' id='word_1_752' title='bbox 1016 5570 1242 5624; x_wconf 83' lang='lat' dir='ltr'><strong>lumen?</strong></span> <span class='ocrx_word' id='word_1_753' title='bbox 1280 5570 1553 5626; x_wconf 87' lang='lat' dir='ltr'><strong>brachium</strong></span> <span class='ocrx_word' id='word_1_754' title='bbox 1590 5581 1765 5625; x_wconf 89' lang='lat' dir='ltr'><strong>autem</strong></span> <span class='ocrx_word' id='word_1_755' title='bbox 1813 5571 2163 5642; x_wconf 87' lang='lat' dir='ltr'><strong>superborum</strong></span> <span class='ocrx_word' id='word_1_756' title='bbox 2200 5579 2277 5619; x_wconf 70' lang='lat' dir='ltr'><strong>eo:</strong></span> 
     </span>
    </p>
   </div>
   <div class='ocr_carea' id='block_1_113' title="bbox 1864 5546 3340 5644">
    <p class='ocr_par' dir='ltr' id='par_1_113' title="bbox 1864 5546 3340 5642">
     <span class='ocr_line' id='line_1_116' title="bbox 1864 5546 3340 5642; baseline -0.022 -17"><span class='ocrx_word' id='word_1_757' title='bbox 1864 5571 2163 5642; x_wconf 86' lang='lat' dir='ltr'><strong>Iperborum</strong></span> <span class='ocrx_word' id='word_1_758' title='bbox 2200 5579 2332 5619; x_wconf 73' lang='lat' dir='ltr'><strong>eon—</strong></span> <span class='ocrx_word' id='word_1_759' title='bbox 2434 5558 2610 5627; x_wconf 77' lang='grc' dir='ltr'><strong>πηγὴν</strong></span> <span class='ocrx_word' id='word_1_760' title='bbox 2638 5555 2936 5625; x_wconf 78' lang='grc' dir='ltr'><strong>Θαλάσσης,</strong></span> <span class='ocrx_word' id='word_1_761' title='bbox 2973 5554 3028 5605; x_wconf 76' lang='grc' dir='ltr'><strong>ὲν</strong></span> <span class='ocrx_word' id='word_1_762' title='bbox 3063 5549 3118 5600; x_wconf 77' lang='grc' dir='ltr'><strong>δὲ</strong></span> <span class='ocrx_word' id='word_1_763' title='bbox 3147 5546 3340 5615; x_wconf 73' lang='grc' dir='ltr'><strong>ἴχνεσιν</strong></span> 
     </span>
    </p>
   </div>
   <div class='ocr_carea' id='block_1_114' title="bbox 2424 4921 3378 4993">
    <p class='ocr_par' dir='ltr' id='par_1_114' title="bbox 2424 4921 3378 4993">
     <span class='ocr_line' id='line_1_117' title="bbox 2424 4921 3378 4993; baseline -0.006 -14"><span class='ocrx_word' id='word_1_764' title='bbox 2424 4927 2527 4987; x_wconf 69' lang='lat' dir='ltr'><strong>civ,</strong></span> <span class='ocrx_word' id='word_1_765' title='bbox 2562 4943 2580 4975; x_wconf 87' lang='grc'><strong><em>‹</em></strong></span> <span class='ocrx_word' id='word_1_766' title='bbox 2615 4924 2807 4993; x_wconf 79' lang='grc' dir='ltr'><strong>ἄστρα,</strong></span> <span class='ocrx_word' id='word_1_767' title='bbox 2841 4921 3043 4992; x_wconf 72' lang='grc' dir='ltr'><strong>ᾔνεσαν</strong></span> <span class='ocrx_word' id='word_1_768' title='bbox 3076 4940 3142 4993; x_wconf 87' lang='grc' dir='ltr'><strong>με</strong></span> <span class='ocrx_word' id='word_1_769' title='bbox 3169 4923 3320 4990; x_wconf 86' lang='grc' dir='ltr'><strong>φωνῇ</strong></span> <span class='ocrx_word' id='word_1_770' title='bbox 3357 4936 3378 4987; x_wconf 66' lang='grc' dir='ltr'><strong>ιι</strong></span> 
     </span>
    </p>
   </div>
   <div class='ocr_carea' id='block_1_115' title="bbox 2419 5013 3378 5085">
    <p class='ocr_par' dir='ltr' id='par_1_115' title="bbox 2419 5013 3378 5085">
     <span class='ocr_line' id='line_1_118' title="bbox 2419 5013 3378 5085; baseline -0.007 -17"><span class='ocrx_word' id='word_1_771' title='bbox 2419 5017 2498 5068; x_wconf 82' lang='grc' dir='ltr'><strong>λοί</strong></span> <span class='ocrx_word' id='word_1_772' title='bbox 2536 5032 2654 5085; x_wconf 91' lang='grc' dir='ltr'><strong>μου.</strong></span> <span class='ocrx_word' id='word_1_773' title='bbox 2689 5014 2939 5084; x_wconf 79' lang='grc' dir='ltr'><strong>Ἔφραξα</strong></span> <span class='ocrx_word' id='word_1_774' title='bbox 2973 5014 3032 5066; x_wconf 83' lang='grc' dir='ltr'><strong>δὲ</strong></span> <span class='ocrx_word' id='word_1_775' title='bbox 3061 5013 3339 5066; x_wconf 77' lang='grc' dir='ltr'><strong>θάλασσαν</strong></span> <span class='ocrx_word' id='word_1_776' title='bbox 3373 5027 3378 5040; x_wconf 71' lang='grc' dir='ltr'><strong>ι</strong></span> 
     </span>
    </p>
   </div>
   <div class='ocr_carea' id='block_1_116' title="bbox 2427 5100 3377 5173">
    <p class='ocr_par' dir='ltr' id='par_1_116' title="bbox 2427 5100 3377 5173">
     <span class='ocr_line' id='line_1_119' title="bbox 2427 5100 3377 5173; baseline 0.002 -16"><span class='ocrx_word' id='word_1_777' title='bbox 2427 5124 2444 5156; x_wconf 80' lang='grc' dir='ltr'><strong>ι</strong></span> <span class='ocrx_word' id='word_1_778' title='bbox 2479 5102 2551 5157; x_wconf 85' lang='grc' dir='ltr'>Ἦ</span> <span class='ocrx_word' id='word_1_779' title='bbox 2584 5106 2674 5157; x_wconf 66' lang='grc' dir='ltr'>ἐπὶ</span> <span class='ocrx_word' id='word_1_780' title='bbox 2701 5103 2790 5156; x_wconf 78' lang='grc' dir='ltr'><strong>σοῦ</strong></span> <span class='ocrx_word' id='word_1_781' title='bbox 2826 5105 3124 5173; x_wconf 78' lang='grc' dir='ltr'><strong>συντέταχα</strong></span> <span class='ocrx_word' id='word_1_782' title='bbox 3154 5100 3352 5169; x_wconf 80' lang='grc' dir='ltr'><strong>φέγγος</strong></span> <span class='ocrx_word' id='word_1_783' title='bbox 3376 5120 3377 5125; x_wconf 85' lang='lat'>‘</span> 
     </span>
    </p>
   </div>
   <div class='ocr_carea' id='block_1_117' title="bbox 2422 5189 3357 5264">
    <p class='ocr_par' dir='ltr' id='par_1_117' title="bbox 2422 5189 3357 5264">
     <span class='ocr_line' id='line_1_120' title="bbox 2422 5189 3357 5264; baseline -0.012 -17"><span class='ocrx_word' id='word_1_784' title='bbox 2422 5195 2477 5248; x_wconf 80' lang='grc' dir='ltr'><strong>δὲ</strong></span> <span class='ocrx_word' id='word_1_785' title='bbox 2514 5194 2689 5246; x_wconf 80' lang='grc' dir='ltr'><strong>ἐπεῖδε</strong></span> <span class='ocrx_word' id='word_1_786' title='bbox 2733 5194 2829 5264; x_wconf 82' lang='grc' dir='ltr'><strong>τὴν</strong></span> <span class='ocrx_word' id='word_1_787' title='bbox 2874 5192 3070 5246; x_wconf 78' lang='grc' dir='ltr'><strong>ἑαυτοῦ</strong></span> <span class='ocrx_word' id='word_1_788' title='bbox 3116 5189 3293 5253; x_wconf 80' lang='grc' dir='ltr'><strong>τάξιν;</strong></span> <span class='ocrx_word' id='word_1_789' title='bbox 3339 5204 3357 5235; x_wconf 75' lang='grc' dir='ltr'><strong>ι</strong></span> 
     </span>
    </p>
   </div>
   <div class='ocr_carea' id='block_1_118' title="bbox 871 5691 2347 5788">
    <p class='ocr_par' dir='ltr' id='par_1_118' title="bbox 871 5719 2347 5788">
     <span class='ocr_line' id='line_1_121' title="bbox 871 5719 2347 5788; baseline -0.009 -5"><span class='ocrx_word' id='word_1_790' title='bbox 871 5729 919 5762; x_wconf 82' lang='grc'><strong><em>⁸⁸</em></strong></span> <span class='ocrx_word' id='word_1_791' title='bbox 947 5724 1114 5782; x_wconf 76' lang='lat' dir='ltr'><strong>Exod.</strong></span> <span class='ocrx_word' id='word_1_792' title='bbox 1157 5739 1238 5787; x_wconf 84' lang='grc' dir='ltr'><strong>ιιι.</strong></span> <span class='ocrx_word' id='word_1_793' title='bbox 1260 5724 1312 5788; x_wconf 71' lang='grc'><strong>4,</strong></span> <span class='ocrx_word' id='word_1_794' title='bbox 1337 5724 1387 5781; x_wconf 83' lang='grc'><strong>5.</strong></span> <span class='ocrx_word' id='word_1_795' title='bbox 1461 5726 1503 5759; x_wconf 83' lang='grc'><strong>⁸⁷</strong></span> <span class='ocrx_word' id='word_1_796' title='bbox 1535 5726 1666 5781; x_wconf 87' lang='lat' dir='ltr'><strong>Dan.</strong></span> <span class='ocrx_word' id='word_1_797' title='bbox 1691 5738 1785 5785; x_wconf 81' lang='lat' dir='ltr'><strong>vn,</strong></span> <span class='ocrx_word' id='word_1_798' title='bbox 1824 5723 1907 5778; x_wconf 81' lang='grc'><strong>10.</strong></span> <span class='ocrx_word' id='word_1_799' title='bbox 1985 5723 2029 5755; x_wconf 80' lang='grc'><strong>⁸⁸</strong></span> <span class='ocrx_word' id='word_1_800' title='bbox 2064 5719 2182 5775; x_wconf 85' lang='lat' dir='ltr'><strong>Job.</strong></span> <span class='ocrx_word' id='word_1_801' title='bbox 2212 5730 2347 5771; x_wconf 79' lang='lat' dir='ltr'><strong>xxxv</strong></span> 
     </span>
    </p>
   </div>
   <div class='ocr_carea' id='block_1_119' title="bbox 1901 5691 3377 5788">
    <p class='ocr_par' dir='ltr' id='par_1_119' title="bbox 1901 5691 3377 5778">
     <span class='ocr_line' id='line_1_122' title="bbox 1901 5691 3377 5778; baseline -0.022 0"><span class='ocrx_word' id='word_1_802' title='bbox 1901 5764 1907 5778; x_wconf 91' lang='lat'><strong>.</strong></span> <span class='ocrx_word' id='word_1_803' title='bbox 1985 5723 2029 5755; x_wconf 81' lang='grc'>⁸⁸</span> <span class='ocrx_word' id='word_1_804' title='bbox 2064 5719 2182 5775; x_wconf 84' lang='lat' dir='ltr'><strong>Job.</strong></span> <span class='ocrx_word' id='word_1_805' title='bbox 2212 5729 2436 5773; x_wconf 78' lang='lat' dir='ltr'><strong>xxxvm.</strong></span> <span class='ocrx_word' id='word_1_806' title='bbox 2472 5713 2522 5775; x_wconf 77' lang='lat' dir='ltr'><strong>l.</strong></span> <span class='ocrx_word' id='word_1_807' title='bbox 2550 5711 2636 5767; x_wconf 66' lang='lat'><strong>43.</strong></span> <span class='ocrx_word' id='word_1_808' title='bbox 2714 5712 2757 5744; x_wconf 82' lang='lat'><strong>&quot;</strong></span> <span class='ocrx_word' id='word_1_809' title='bbox 2789 5711 2918 5768; x_wconf 87' lang='lat' dir='ltr'><strong>ibid.</strong></span> <span class='ocrx_word' id='word_1_810' title='bbox 2956 5706 3007 5761; x_wconf 79' lang='lat'><strong>7.</strong></span> <span class='ocrx_word' id='word_1_811' title='bbox 3077 5702 3122 5734; x_wconf 86' lang='lat'><strong>&#39;°</strong></span> <span class='ocrx_word' id='word_1_812' title='bbox 3170 5695 3295 5754; x_wconf 91' lang='lat' dir='ltr'><strong>ibid.</strong></span> <span class='ocrx_word' id='word_1_813' title='bbox 3334 5691 3377 5747; x_wconf 73' lang='lat' dir='ltr'><strong>li</strong></span> 
     </span>
    </p>
   </div>
  </div>
