3738 6288
110 387 184 447 illi
1063 373 1689 437 DEIONSTRATIONIS
1724 374 1728 428 1

1831 369 2161 429 lNGELlCE
2198 367 2324 423 LIB.
2357 367 2428 423 ν.
3244 357 3343 415 ιθθ

126 501 234 560 m3
264 474 598 545 ἀνδίτανται
622 482 691 538 δέ
722 503 821 542 σοι
849 491 1006 562 φόϐῳ
1030 493 1188 547 πύλαι
1211 493 1463 557 θανάτου;
1488 487 1718 560 πυλωροὶ

1831 484 2044 540 ιιοὶνὶςιίἳ
2071 481 2261 537 venisti
2290 487 2464 533 autem
2495 477 2558 531 ad
2594 476 2788 531 fontem
2830 474 2993 531 maris
3022 512 3036 536 ,
3073 482 3119 529 et
3147 470 3199 523 in
3244 485 3336 525 vc-

123 556 339 649 Bévllt'm
393 567 617 635 mm:
671 590 744 629 σε
804 556 1085 650 ἔπτηξανς
1124 600 1143 631 ι
1176 581 1283 634 Καὶ
1327 580 1417 632 ἐπὶ
1452 556 1592 631 τέλει
1630 556 1724 629 τοῦ

1831 573 1993 642 szigiis
2024 569 2198 640 abyssi
2253 562 3082 631 deambulasli?aperiunturque
3127 556 3222 610 tibi
3266 556 3337 608 ti-

122 646 318 741 ,τρι-ὼς
340 662 613 733 χρησμοῦ
644 646 1021 738 ἀποκρίνεται
1046 668 1164 723 Ἰὼϐ
1194 669 1269 739 τῷ
1298 669 1498 739 Κυρίῳ,
1529 668 1720 735 λέγων·

1831 678 1969 718 more
1989 669 2151 730 portae
2175 656 2401 715 mortis?
2427 654 2754 722 ctjanitores
2769 652 3057 707 inferorum
3099 646 3341 703 videntes

129 732 459 823 ξνλκουσον
486 750 555 821 δή
594 769 737 822 μου,
769 732 976 827 Κύριε,
1008 758 1092 810 ἵνα
1117 732 1265 824 κάγῶ
1290 732 1517 826 λαλησω.
1564 732 1725 823 Ἑρω-

1831 759 1874 807 te
1902 749 2066 805 territi
2101 755 2226 801 sunt
2255 745 2297 777 θί
2320 747 2344 796 ?
2372 762 2390 794 ι
2426 742 2625 797 Deinde
2678 742 2729 795 in
2787 739 2888 794 line
2915 739 3076 794 totius
3111 732 3339 798 oraculi,

157 860 295 922 «ὑέτω
342 842 400 896 δέ
467 859 557 907 σε,
612 846 683 898 σὺ
734 846 800 898 δέ
957 846 1178 911 δίδαξον.
1219 824 1415 915 Ἀκοὴν
1453 845 1547 914 μὲν
1594 843 1726 905 ὠτὸς

1831 840 2102 911 respondet
2125 835 2223 891 Job
2249 833 2490 895 Domino,
2522 832 2703 885 dicens
2727 846 2739 881 :
2772 847 2791 880 ι
2814 827 2948 883 Audi
2977 828 3083 895 jam
3109 841 3211 892 me,
3238 824 3342 876 Do-

181 917 346 1008 ﬂicoubv
376 950 469 986 σου
493 934 558 986 τὸ
583 934 887 1005 πρότερον,
925 936 1017 989 νῦν
1056 936 1111 991 δὲ
1135 938 1162 989 ὁ
1184 934 1449 1003 ὀφθαλμός
1487 951 1583 1004 μου
1627 932 1726 985 ἐώ-

1831 931 1984 994 mine,
2012 935 2068 981 ut
2097 927 2256 981 etiam
2285 940 2382 991 ego
2414 923 2620 989 loquar,
2653 926 2705 972 et
2736 917 3068 985 interrogabo
3100 924 3171 981 te,
3203 921 3263 979 οι,
3282 920 3350 969 ωε·

183 1004 298 1098 ρακέ
327 1041 403 1076 σε.
435 1023 526 1078 Διὸ
556 1004 836 1092 ὲφαύλισα
865 1026 1114 1095 ἐμαυτὸν,
1139 1025 1231 1077 καὶ
1258 1024 1451 1093 ὲτάκην
1470 1042 1482 1054 ·
1512 1024 1721 1093 ἥγημαι

1831 1035 1908 1075 me
1939 1019 2147 1074 doceto.
2189 1013 2387 1068 Auditu
2429 1010 2640 1081 quidem
2683 1007 2828 1062 auris
2875 1006 3050 1059 audivi
3079 1012 3129 1058 te
3171 1004 3339 1074 prius,

177 1094 229 1166 δὲ
261 1110 489 1182 ἐμαυτὸν
518 1110 629 1180 γῆν
680 1113 781 1165 καὶ
827 1094 1035 1165 σποδόν.
1079 1130 1097 1162 ι
1126 1112 1244 1163 Ὅτι
1273 1111 1368 1180 μὲν
1398 1106 1487 1163 οὖν
1530 1107 1726 1179 Κυρίου

1831 1125 1964 1165 nunc
1993 1116 2165 1161 autem
2219 1103 2406 1158 oculus
2449 1114 2600 1153 meus
2629 1098 2760 1151 vidit
2789 1105 2859 1151 te.
2893 1094 3151 1161 Quocirca
3186 1094 3351 1148 vilem

178 1204 262 1257 τοῦ
290 1179 637 1274 Δημιουργοῦ
666 1204 1023 1272 τυγχάνουσιν
1067 1204 1120 1254 αἱ
1160 1179 1500 1270 προκείμεναι
1539 1199 1727 1269 φωναὶ,

1831 1197 1985 1252 habui
2034 1194 2314 1262 meipsum,
2378 1196 2432 1243 et
2483 1186 2800 1256 liquefactus
2852 1200 2995 1247 sum,
3058 1189 3113 1237 et
3167 1179 3351 1252 putavi

175 1294 265 1346 ούκ
291 1271 482 1346 ἐκ
502 1271 892 1362 *προτεθέντων
927 1291 1100 1360 μόνον,
1129 1290 1261 1343 ἀλλὰ
1303 1290 1393 1343 καὶ
1429 1290 1491 1341 ὲκ
1522 1289 1624 1340 τῶν
1651 1304 1728 1339 σοι

1831 1286 2084 1355 meipsum
2115 1290 2309 1336 terram
2356 1286 2408 1333 et
2448 1278 2678 1332 cinerem
2697 1277 2763 1329 η.
2797 1292 2816 1326 ι
2853 1271 3060 1327 Domini
3083 1271 3240 1341 igitur
3261 1284 3343 1323 re-

176 1379 502 1451 φαινομένων
540 1377 840 1445 διαγνῶναι
885 1377 1086 1447 ῥᾴδιον·
1125 1377 1204 1428 ὅτι
1251 1376 1306 1430 δὲ
1349 1375 1427 1438 τὸ,
1479 1393 1497 1426 ι
1535 1371 1728 1433 Ἥλθες

1831 1390 1943 1429 rum
1977 1371 2192 1442 Opiﬁcis
2230 1368 2502 1439 expositas
2553 1365 2710 1419 modo
2742 1379 2862 1419 esse
2909 1377 3087 1427 voces,
3112 1375 3218 1414 non
3258 1374 3344 1414 so-

174 1447 257 1523 έπὶ
279 1447 464 1539 πηγὴν
503 1468 811 1535 θαλάσσης,
857 1467 914 1519 ὲν
957 1466 1013 1518 δὲ
1057 1466 1253 1534 ἴχνεσιν
1302 1463 1532 1518 ἀϐύσσου
1585 1479 1728 1533 περι-

1831 1466 1936 1519 lum
1960 1479 2025 1518 ex
2053 1462 2140 1523 iis,
2169 1475 2285 1530 qua:
2311 1456 2584 1526 proposita
2615 1462 2760 1516 sunt,
2785 1467 2966 1509 verum
2989 1451 3144 1504 etiam
3170 1463 3232 1502 ex
3259 1447 3344 1509 iis,

171 1538 476 1628 επάτησαςς
514 1576 535 1607 ι
562 1556 661 1610 καὶ
687 1556 771 1617 τὸ,
805 1574 824 1605 ι
857 1553 1173 1621 Ἀνοίγονται
1208 1553 1263 1605 δέ
1284 1569 1364 1605 σοι
1390 1552 1536 1620 φόϐῳ
1575 1550 1728 1603 πύλαι

1831 1569 1944 1624 quae
1987 1553 2081 1607 tibi
2116 1551 2217 1621 ipsi
2269 1549 2571 1609 videantur,
2618 1546 2929 1614 dignoscere
2960 1541 3112 1595 facile
3131 1546 3212 1593 est
3238 1576 3252 1590 .
3287 1538 3351 1591 il-

172 1647 411 1711 θανάτου;
444 1645 699 1717 πυλωροὶ
734 1644 791 1696 δὲ
829 1644 951 1713 ᾇδου
986 1645 1176 1706 ἰδόντες
1202 1660 1258 1696 σε
1287 1642 1542 1711 ἔπτηξανς
1584 1658 1603 1691 ι
1637 1639 1728 1709 τὴν

1831 1647 1916 1700 lud
1940 1660 2063 1700 vero
2087 1683 2102 1708 ,
2137 1661 2156 1693 ι
2182 1639 2385 1695 Venisti
2414 1638 2480 1693 ad
2508 1637 2704 1690 fontem
2732 1633 2914 1695 maris,
2946 1639 2999 1687 et
3028 1632 3082 1686 in
3113 1628 3347 1698 vestigiis

174 1739 250 1801 εἰς
278 1736 408 1806 ᾇδου
441 1734 680 1787 κάθοδον
706 1733 802 1786 τοῦ
835 1735 1079 1803 Σωτῆρος
1126 1733 1276 1802 ἡμῶν
1308 1731 1564 1794 θεσπίζει,
1597 1730 1728 1783 κατὰ

1831 1735 2011 1805 abyssi
2066 1728 2452 1786 deambulasti?
2484 1746 2502 1779 ι
2550 1733 2602 1780 et
2638 1721 2790 1784 illud,
2826 1739 2844 1771 ι
2872 1720 3194 1790 Aperiunlur
3227 1732 3348 1771 vero

173 1825 257 1878 τὸν
300 1825 668 1894 προσήκοντα
711 1822 898 1892 καιρὸν
942 1821 1308 1890 ἀποδείξομεν·
1349 1819 1591 1873 τοσοῦτον
1637 1819 1727 1871 νῦν

1831 1826 1917 1879 tibi
1946 1825 2135 1878 timore
2161 1829 2326 1891 portae
2354 1818 2539 1872 mortis
2561 1855 2575 1879 ,
2637 1823 2691 1869 et
2743 1814 3003 1883 janitores
3059 1809 3347 1864 inferorum

170 1914 667 1984 ἐπισημηνάμενοι,
706 1912 784 1974 ὡς
827 1911 1019 1981 μᾶλλον
1052 1910 1128 1979 τῷ
1157 1910 1270 1979 Θεῴ
1306 1909 1457 1978 Λόγῳ
1482 1911 1621 1979 ἥπερ
1648 1907 1724 1978 τῷ

170 2004 281 2074 Θεῷ
292 2004 401 2057 τῶν
424 2002 572 2055 ὅλων
592 2002 663 2054 τὰ
688 2000 828 2055 κατὰ
846 2001 934 2054 τὸν
949 2001 1107 2053 τόπον
1127 1997 1426 2052 ἀνατιθέναι
1446 1998 1715 2068 προσήκει.

183 2093 236 2147 '0
248 2091 374 2159 γοῦν
389 2091 544 2154 Ἰὼϐ,
564 2089 718 2157 ἑξῆς,
739 2088 937 2156 ὁμοίως
951 2089 1061 2150 τοῖς
1082 2087 1343 2156 πατράσιν
1358 2086 1512 2138 αὐτὸν
1530 2085 1592 2155 δὴ
1605 2083 1724 2137 τοῦ-

172 2200 258 2235 τον
277 2182 363 2234 τὸν
390 2184 451 2233 ἐν
481 2181 686 2250 ἀρχαῖς
714 2178 800 2230 διά
831 2176 1082 2239 λαίλαπος
1121 2178 1212 2230 καὶ
1261 2175 1429 2244 νεφῶν
1469 2174 1725 2245 χρηματί-

174 2268 318 2331 ζοντα
341 2267 501 2336 αύτῷ
532 2266 762 2336 Κύριον,
783 2264 1006 2334 αιτοψίᾳ
1033 2263 1419 2334 τεθεωρηκέναι
1449 2265 1719 2333 μαρτυρεῖ,

174 2357 350 2423 λέγων’
380 2376 401 2406 ι
433 2356 712 2407 ’Ἄκουσον
754 2352 811 2405 δέ
845 2349 1166 2421 μου,Κύριε,
1203 2351 1288 2402 ἵνα
1318 2347 1467 2417 κάγὼ
1492 2349 1719 2418 λαλήσω.

185 2445 468 2515 Ἐρωτήσω
499 2443 561 2495 δέ
597 2458 681 2505 σε,
719 2442 782 2494 σὺ
814 2439 872 2492 δέ
903 2456 965 2509 με
995 2439 1216 2502 δίδαξον.
1258 2439 1444 2507 Ἀκοὴν
1473 2437 1567 2509 μὲν
1593 2438 1725 2500 ὠτὸς

174 2534 353 2602 ἧκουόν
382 2550 483 2585 σου
524 2530 905 2600 τᾲπρότερον,
929 2528 1020 2582 νῦν
1055 2529 1109 2580 δὲ
1149 2529 1176 2580 ὁ
1206 2527 1469 2596 ὀφθαλμός
1504 2544 1598 2596 μου
1625 2525 1723 2578 ἐώ-

181 2622 302 2691 ςηκέ
323 2639 403 2675 σε.
440 2621 540 2673 Διὸ
574 2619 839 2688 ὲφαύλισα
871 2617 1121 2688 ἐμαυτὸν,
1146 2618 1238 2670 καὶ
1270 2616 1489 2684 ὲτάκηνο
1517 2616 1724 2684 ἥγημαι

176 2712 231 2764 δὲ
256 2711 486 2781 ἐμαυτὸν
519 2710 626 2779 γῆν
659 2709 753 2761 καὶ
786 2708 993 2761 σποδόν.
1033 2725 1051 2758 ι
1082 2705 1204 2769 Πῶς
1227 2706 1269 2758 δ’
1292 2704 1459 2759 ἂντδν
1476 2704 1726 2758 ἀνωτάτω

176 2799 316 2863 Θεὸν,
342 2800 436 2853 τὸν
457 2799 574 2852 τῶν
598 2799 737 2851 ὅλων
762 2798 1032 2858 ἐπέκεινα,
1056 2796 1151 2866 τὴν
1175 2796 1431 2864 ἄτρεπτον
1457 2795 1547 2846 καὶ
1573 2792 1726 2860 ἀγέν-

178 2907 320 2961 νητον
343 2891 564 2951 οὐσίαν,
597 2888 778 2957 σάρκα
803 2886 1089 2957 περιϐεϐλη
1099 2886 1228 2955 μένη
1251 2883 1391 2954 ψυχὴ
1419 2885 1510 2936 καὶ
1534 2881 1725 2951 ὀφθαλ-

184 2981 272 3050 μοὶ
298 2981 508 3050 θνητῶν
542 2979 859 3041 ἐθεάσαντο,
894 2979 941 3030 εί
982 2978 1053 3047 μὴ
1096 2979 1200 3047 ἄρα
1243 2976 1422 3045 σαφῶς
1461 2974 1729 3030 κάνταῦθα

182 3070 534 3124 ὑποϐαίνοντα
574 3068 671 3122 τοῦ
714 3068 912 3121 οἰκείου
958 3068 1214 3137 μεγέθους
1250 3067 1337 3119 τὸν
1376 3067 1503 3119 Θεὸν
1539 3066 1723 3133 Λόγον,

183 3159 242 3212 ὃν
265 3161 521 3231 διαφόρως
544 3158 938 3226 άποδείκνυμεν
960 3134 1183 3226 Κύριον,
1215 3155 1452 3225 εἴποιμεν
1496 3156 1560 3208 ἂν
1590 3173 1725 3226 παρ-
1751 3134 1791 3191 C

190 3250 457 3310 ίστασθαι,
494 3248 574 3310 ὡς
609 3247 728 3300 ἐστι
766 3248 858 3298 καὶ
883 3244 942 3308 ἐξ
983 3244 1155 3296 αὐτῶν
1199 3243 1304 3296 τῶν
1341 3241 1591 3312 χρησμῶν
1624 3259 1723 3311 μα-

190 3339 315 3401 θεῖν,
340 3341 405 3393 δι’
440 3332 516 3391 ὧν
557 3334 717 3400 αὖθις
745 3338 774 3387 ό
807 3334 1005 3405 Κύριος
1036 3335 1169 3403 πρὸς
1207 3335 1294 3386 τὸν
1337 3332 1452 3386 Ἰὼϐ
1488 3334 1556 3386 τὰ
1603 3334 1727 3402 περὶ

190 3425 285 3478 τοῦ
324 3426 558 3479 διαϐόλου
609 3424 686 3487 ὡς
739 3423 865 3493 περ).
908 3422 1189 3493 δράκοντος
1238 3420 1382 3474 διιὼν
1428 3420 1725 3490 ἐπεχείρεις

202 3531 223 3565 ι
254 3516 323 3567 Οὐ
359 3514 596 3576 δέδοικας
642 3514 725 3565 ὅτι
754 3509 1069 3580 ἡτοίμασταί
1110 3526 1235 3577 μοις
1272 3527 1290 3558 ι
1319 3508 1584 3577 Δράκοντα
1624 3506 1730 3576 γὰρ

197 3602 506 3671 ἡτοιμάσθαι
530 3602 671 3669 ποίῳ
689 3598 874 3669 Κυρίῳ
895 3598 1153 3669 προσήκει
1175 3595 1428 3665 νομίζειν,
1458 3594 1489 3662 ἢ
1515 3594 1588 3662 τῷ
1617 3593 1731 3663 Θεῷ

200 3693 349 3761 Λόγῳ
369 3693 456 3745 καὶ
493 3691 706 3760 Σωτῆρι
744 3688 929 3759 ἡμῶν,
958 3686 1014 3749 ὃς
1043 3685 1131 3737 τὸν
1173 3684 1398 3755 ἄρχοντα
1430 3684 1518 3735 τοῦ
1547 3682 1733 3744 αἰῶνος

204 3780 401 3844 τούτου,
432 3780 592 3834 πάλαι
624 3778 885 3848 πρότερον
913 3772 1288 3844 πολιορκοῦντα
1313 3771 1373 3823 τὸ
1397 3770 1500 3825 τῶν
1535 3769 1735 3841 ἀνθρώ-

204 3887 319 3923 πων
346 3872 505 3938 γένος,
536 3868 774 3929 καθεῖλε,
803 3867 965 3927 λύσας
1008 3865 1102 3928 τὰς
1140 3864 1328 3924 ὠδῖνας
1355 3860 1444 3914 τοῦ
1482 3862 1730 3915 θανάτοιν

205 3958 236 4010 ὃ
255 3960 346 4012 καὶ
367 3961 515 4024 αὐτὸς
541 3960 837 4028 παρίστησι
869 3957 1041 4025 φήσας
1059 3995 1073 4018 ,
1103 3974 1121 4005 ι
1158 3950 1353 4014 Ἶὶλθες
1372 3952 1414 4004 δ’
1444 3953 1534 4004 ἐπὶ
1560 3951 1735 4021 πηγὴν

209 4048 494 4121 θαλάσσης;
525 4055 581 4103 ὲν
604 4051 660 4103 δὲ
687 4051 882 4119 ἴχνεσιν
904 4047 1132 4100 ἀϐύσσου
1150 4046 1571 4116 περιεπάτησας;
1601 4043 1737 4096 ἀνοία

209 4152 385 4202 γονται
409 4139 461 4191 δέ
490 4156 568 4191 σοι
600 4137 749 4207 φόϐῳ
781 4135 942 4187 πύλαι
975 4135 1197 4187 θανάτου
1220 4149 1235 4196 ;
1262 4131 1491 4202 πυλωροὶ
1529 4131 1585 4183 δὲ
1614 4130 1736 4200 ᾅδου

217 4226 399 4290 ἰδόντες
440 4244 496 4280 σε
542 4227 818 4297 ἔπτηξαν;
860 4243 878 4276 ι
905 4223 1087 4277 Ταῦτα
1136 4222 1190 4274 δὲ
1222 4221 1439 4283 εἰκότως
1485 4220 1617 4292 πρὸς
1651 4220 1738 4275 τὸν

225 4315 342 4366 Ἰὼϐ
370 4317 675 4387 χρηματίζει
714 4314 850 4384 μετὰ
872 4313 962 4365 τὸν
993 4312 1162 4382 μέγαν
1192 4309 1506 4378 πειρασμὸν,
1557 4308 1614 4360 ὃν
1641 4309 1740 4360 ὑπ-

1823 1914 2062 1968 videntes
2083 1921 2134 1965 te
2161 1910 2331 1964 territi
2354 1906 2525 1962 sunt?
2561 1923 2580 1957 ι
2617 1902 2911 1958 Salvatoris
2943 1902 3109 1956 nostri
3125 1898 3348 1953 descen-

1825 2019 1942 2058 sum
1997 2002 2064 2056 ad
2117 1999 2318 2055 inferos
2375 1995 2696 2067 signiﬁcare,
2729 2009 2827 2047 suo
2878 1998 3112 2058 tempore
3134 1988 3351 2041 demon-

1825 2094 2132 2154 strabimus,
2166 2091 2212 2145 si
2231 2089 2386 2143 modo
2417 2089 2517 2142 hoc
2538 2087 2655 2140 loco
2685 2084 2733 2137 id
2760 2097 2920 2136 unum
2953 2078 3309 2135 notaverimus
3334 2096 3346 2130 :

1825 2182 1932 2237 Deo
1962 2181 2134 2237 Verbo
2161 2179 2329 2247 magis
2355 2192 2510 2246 quam
2548 2174 2656 2228 Deo
2676 2171 2842 2237 Patri,
2863 2186 2980 2239 qua:
3008 2167 3074 2222 ad
3110 2168 3248 2220 hunc
3275 2166 3352 2218 lo-

1824 2284 1944 2323 cum
1969 2268 2249 2337 pertinent,
2274 2281 2389 2318 esse
2408 2261 2704 2316 tribuenda.
2725 2258 2885 2330 248
2910 2256 3013 2311 Job
3036 2257 3215 2326 igitur,
3247 2256 3352 2308 sic-

1826 2367 1885 2413 ut
1930 2359 2089 2412 etiam
2129 2355 2317 2423 reliqui
2362 2361 2561 2422 patres,
2619 2351 2790 2419 ipsum
2847 2348 2989 2402 hunc
3016 2348 3083 2400 ab
3110 2344 3259 2398 initio
3289 2343 3353 2397 de

1827 2452 2032 2506 turbine
2074 2457 2127 2503 et
2166 2447 2394 2502 nubibus
2440 2445 2848 2513 respondentem
2903 2440 3004 2495 sibi
3048 2438 3349 2501 Dominum,

1826 2555 2004 2595 coram
2023 2552 2081 2594 se
2114 2538 2361 2592 intuitum
2394 2550 2511 2590 esse
2541 2535 2879 2596 testificatur,
2912 2529 3138 2582 dicens:
3175 2545 3193 2578 ι
3215 2527 3353 2581 Audi

1824 2644 1951 2684 vero
1972 2644 2074 2692 me,
2108 2628 2345 2689 Domine,
2405 2633 2462 2677 ut
2496 2625 2654 2678 etiam
2684 2638 2782 2695 ego
2815 2622 3022 2692 loquar,
3050 2628 3104 2675 et
3126 2617 3354 2674 interro-

1826 2718 1962 2788 gabo
2002 2724 2075 2782 te,
2113 2723 2165 2770 et
2217 2724 2275 2769 tu
2316 2730 2400 2771 me
2450 2714 2640 2769 doceto
2673 2729 2685 2765 :
2718 2712 2904 2767 auditu
2947 2710 3160 2780 quidem
3207 2709 3354 2763 auris

1827 2806 2004 2861 audivi
2036 2814 2085 2860 te
2121 2806 2288 2875 prius,
2318 2820 2463 2860 nunc
2505 2813 2681 2857 autem
2709 2802 2899 2857 oculus
2933 2814 3083 2854 meus
3112 2797 3244 2851 vidit
3281 2805 3351 2851 te.

1828 2894 2086 2961 Quocirca
2107 2895 2264 2948 vilem
2292 2894 2453 2947 habui
2482 2895 2764 2962 meipsum,
2794 2899 2846 2946 et
2881 2888 3196 2960 liquefactus
3215 2901 3353 2947 sum,

1826 2993 1881 3039 et
1907 2983 2086 3052 putavi
2116 2982 2379 3051 meipsum
2412 2990 2611 3037 terram
2637 2988 2690 3034 et
2718 2980 2972 3034 cinerem.
2994 2997 3013 3030 ι
3055 2975 3157 3043 Qui
3179 2987 3355 3029 autem

1830 3073 1944 3126 ﬁeri
1971 3078 2165 3141 potest,
2227 3080 2282 3126 ut
2328 3087 2634 3141 supremum
2676 3070 2864 3133 Deum,
2896 3078 2948 3124 et
2988 3083 3109 3122 eum
3149 3066 3242 3135 qui
3271 3073 3356 3119 est

1824 3160 1961 3213 ultra
1988 3158 2186 3223 omnia,
2220 3159 2599 3214 immutabilem
2634 3159 2819 3227 utique
2860 3164 2912 3211 et
2949 3156 3240 3225 ingenitam
3267 3169 3354 3209 es-

1823 3249 2067 3311 sentiam,
2099 3248 2274 3301 anima
2292 3248 2472 3302 induta
2499 3262 2740 3318 corpore.
2763 3254 2816 3300 et
2857 3247 2998 3300 oculi
3039 3245 3336 3298 mortalium

1823 3335 2000 3389 intuiti
2017 3336 2144 3399 sint,
2172 3336 2275 3389 nisi
2304 3336 2460 3405 plane
2505 3337 2605 3389 hoc
2658 3336 2818 3390 etiam
2848 3335 2986 3396 loco,
3033 3332 3212 3402 egredi
3273 3331 3340 3387 de

1824 3425 2035 3494 propria
2088 3425 2452 3495 magnitudine
2494 3424 2585 3479 Dei
2612 3423 2864 3489 Verbum,
2896 3424 3070 3492 ipsum
3116 3422 3206 3491 qui
3256 3421 3360 3476 Do-

1826 3514 2001 3568 minus
2044 3529 2164 3568 esse
2194 3552 2210 3577 ,
2262 3514 2423 3569 variis
2479 3513 2878 3568 demonstratur
2931 3511 3122 3574 modis,
3182 3525 3350 3580 eoque

1827 3603 1984 3657 modo
2007 3603 2258 3657 exhibere
2297 3617 2354 3656 se
2402 3603 2685 3657 videndum
2739 3602 3065 3665 dixerimus,
3100 3604 3355 3670 quemad-
3421 3640 3425 3645 ι

1828 3692 2041 3747 modum
2070 3692 2193 3747 licet
2228 3692 2309 3746 vel
2355 3707 2419 3746 ex
2462 3692 2591 3761 ipsis
2637 3692 2870 3746 oraculis
2901 3690 3124 3756 discere,
3158 3692 3210 3744 in
3236 3692 3357 3760 qui~

1830 3783 1930 3837 bus
1956 3797 2145 3837 rursus
2170 3782 2282 3852 ipse
2302 3781 2561 3836 Dominus
2590 3782 2653 3836 ad
2707 3780 2807 3835 .lob
2827 3796 2891 3836 ea
2933 3796 3050 3850 qua:
3076 3781 3140 3835 ad
3168 3781 3356 3836 diabo-

1831 3871 1940 3925 lum
1986 3871 2268 3941 pertinent,
2328 3878 2581 3941 tanquam
2620 3871 2685 3925 de
2725 3870 2957 3925 dracone
2986 3885 3242 3924 enarrans
3278 3871 3355 3923 in-

1832 3959 2029 4025 stabat,
2085 3957 2237 4011 iNon
2270 3958 2424 4012 times
2479 3958 2726 4027 quoniam
2784 3970 2997 4027 paratus
3018 3966 3100 4013 est
3126 3958 3297 4010 mihi?
3332 3976 3353 4011 ο

1832 4045 1929 4101 Cui
1948 4047 2086 4101 enim
2119 4046 2361 4108 Domino.
2387 4047 2670 4101 draconem
2691 4055 2930 4116 paratum
2957 4063 3074 4102 esse
3112 4048 3356 4100 arbitrari

1833 4138 2101 4201 convenit,
2133 4138 2234 4191 nisi
2263 4137 2369 4191 Deo
2396 4135 2571 4192 Verbo
2605 4146 2657 4192 et
2686 4136 2943 4192 Salvatori
2971 4146 3172 4201 nostro,
3202 4152 3357 4207 quem

1832 4227 2120 4297 principem
2151 4228 2307 4296 hujus
2338 4227 2513 4282 saeculi
2551 4229 2864 4297 jampridem
2890 4245 3056 4298 genus
3085 4228 3356 4282 hominum

1834 4318 2236 4385 depopulantem
2270 4319 2506 4382 sustulit,
2547 4319 2821 4374 dissolutis
2849 4319 3036 4373 mortis
3059 4317 3354 4380 doloribus,

216 4401 403 4471 ἔμεινε,
432 4406 520 4458 καὶ
555 4405 757 4474 ἀγῶνα,
788 4403 1046 4456 διδάσκων
1080 4399 1255 4463 αὐτὸν,
1275 4400 1351 4451 ὅτι
1385 4399 1519 4467 ὑπὲρ
1545 4397 1728 4467 μέρους

1835 4400 1975 4496 qugd
2021 4404 2232 4471 quidem
2290 4404 2485 4473 ipsum,
2545 4405 2658 4473 ipse
2698 4421 2907 4475 quoque
2953 4406 3095 4459 dicat
3151 4405 3356 4467 dicens,

217 4492 508 4560 ἠγώνισται,
547 4495 638 4548 τοῦ
675 4491 917 4565 μείζονος
958 4491 1048 4543 καὶ
1095 4488 1468 4560 κραταιοτέρου
1506 4488 1732 4557 πολέμου

221 4582 318 4632 καὶ
342 4584 525 4650 ἀγῶνος
543 4583 686 4653 αὐτῷ
715 4582 793 4652 τῷ
823 4580 1010 4652 Κυρίῳ
1049 4578 1454 4648 πεφυλαγμένου
1482 4578 1620 4630 κατὰ
1647 4578 1735 4631 τὸν

222 4671 393 4739 καιρὸν
414 4674 501 4743 τῆς
532 4676 609 4737 εἰς
640 4673 731 4725 τὸν
759 4672 983 4724 θάνατον
1010 4669 1173 4723 αὐτοῦ
1199 4667 1511 4738 παρουσίας.

1844 4507 1862 4540 ι
1898 4489 2099 4544 Venisti
2153 4508 2279 4547 vero
2335 4494 2399 4547 ad
2457 4493 2654 4547 fontem
2720 4496 2904 4557 maris,
2950 4504 3001 4548 et
3047 4495 3098 4548 in
3126 4493 3360 4558 vestigiis

1837 4580 2013 4649 abyssi
2054 4581 2437 4638 deambulasti?
2474 4586 2783 4654 aperiuntur
2832 4595 3008 4639 autem
3050 4584 3144 4637 tibi
3173 4584 3360 4637 timore

1834 4680 1999 4738 portae
2029 4672 2257 4726 mortis?
2284 4681 2337 4726 et
2383 4674 2638 4742 janitores
2694 4672 2983 4727 inferorum
3030 4672 3268 4726 videntes
3309 4678 3360 4725 te

229 4762 381 4815 territi
410 4766 564 4817 sunt?
595 4782 612 4814 ι
644 4762 770 4816 Hzec
820 4775 953 4815 sane
1004 4758 1215 4821 meriti;
1232 4758 1297 4811 ad
1345 4757 1445 4811 Job
1471 4757 1723 4825 loquitur,
1763 4764 1882 4826 post
1942 4773 2188 4827 magnam
2237 4764 2604 4824 tentationem,
2635 4768 2858 4830 postque
2882 4773 3129 4829 magnum
3187 4768 3357 4812 certa-

225 4866 339 4905 men
362 4857 489 4926 quod
517 4856 793 4914 sustinuit.
828 4853 1031 4907 docens
1063 4865 1205 4916 eum,
1250 4849 1392 4920 quod
1436 4865 1531 4919 pro
1577 4860 1726 4919 parte
1761 4851 2061 4917 certaverit,
2095 4867 2215 4907 cum
2279 4853 2492 4909 interim
2529 4853 2702 4921 majus
2731 4851 3023 4916 fortiusque
3055 4848 3250 4909 bellum
3304 4858 3359 4905 et

224 4948 468 5002 certamen
521 4948 620 5017 ipsi
646 4945 877 5000 Domino
900 4947 1220 5003 reservetur,
1249 4940 1351 4994 sub
1396 4948 1606 5007 tempus
1648 4939 1733 4992 sui
1769 4939 1832 4993 ad
1868 4947 2090 4994 mortem
2117 4941 2398 4996 adventus.

698 5057 1096 5114 ΚΕΦΑΛΑΙΟΝ
1122 5059 1249 5110 KA'.

216 5138 358 5204 Ἅπὸ
398 5151 497 5206 τοῦ
543 5156 595 5217 ιιι
640 5148 911 5218 ψαλμοῦ.
949 5175 1017 5185 --
1052 5143 1165 5218 -ᾯς
1193 5144 1300 5218 δύο
1345 5148 1593 5218 Κυρίους
1639 5147 1735 5201 καί

507 5224 539 5273 ό
565 5208 973 5287 ’προκεῗμενος
1019 5208 1139 5264 οἵδε
1174 5214 1426 5280 ψαλμός.

250 5309 273 5341 ι
339 5308 446 5361 ὀτι
495 5310 578 5369 σὺ,
629 5305 825 5375 Κύριε,
856 5301 1011 5361 ἐλπίς
1047 5316 1165 5367 μου,
1206 5300 1292 5351 τὸν
1325 5299 1577 5368 ’Ύψιστον
1620 5302 1738 5355 ἔθου

166 5394 500 5466 ᾳδπφυγήν
527 5412 642 5448 σου.
668 5394 746 5445 Οὐ
784 5387 1199 5459 προσελεύσεται
1221 5385 1350 5453 προς
1375 5389 1432 5440 σὲ
1462 5390 1618 5454 κακά,
1648 5392 1740 5445 καὶ

150 5464 384 5553 μάἢτιξ
413 5488 508 5540 οὐκ
531 5485 709 5553 ὲγγεεῖ
737 5479 817 5548 τῷ
841 5473 1152 5546 σκηνώματι
1184 5491 1273 5527 σου
1293 5491 1305 5504 ο
1335 5476 1412 5529 ὄτι
1443 5482 1549 5540 τοῖς
1578 5480 1738 5548 ἀγγέ-

185 5606 217 5635 α

290 5637 425 5692 ιιυι)
484 5647 722 5692 unm.
784 5625 975 5682 12-17.
1051 5627 1093 5655 ’³
1131 5622 1228 5677 Job
1282 5626 1547 5689 χυμόν-ϐ.
1642 5614 1655 5623 ’

2395 5057 2616 5113 CAPUT
2649 5057 2786 5112 XXI.

1837 5144 1879 5197 Α
1907 5159 1972 5198 xc
1994 5145 2213 5204 psalmo.
2234 5146 2612 5211 ——Quodduas
2649 5162 2895 5213 personas
2940 5146 3097 5200 etiam
3127 5146 3359 5214 proposi-

2279 5223 2361 5266 tus
2391 5215 2620 5283 agnoscit
2646 5214 2899 5282 psalmus.

1910 5321 1928 5353 ι
1959 5302 2217 5368 Quoniam
2269 5310 2343 5365 tu,
2392 5302 2631 5367 Domine,
2677 5319 2800 5373 spes
2844 5317 2980 5368 mea,
3023 5301 3359 5357 Altissimum

1835 5389 2059 5458 posuisti
2092 5389 2349 5458 refugium
2379 5399 2524 5445 tuum
2557 5408 2571 5445 ι
2606 5405 2710 5445 non
2745 5388 2995 5445 accedent
3021 5386 3084 5440 ad
3118 5393 3170 5440 te
3198 5384 3357 5448 mala.

1835 5489 1887 5536 et
1914 5479 2171 5551 ﬂagellum
2202 5494 2308 5533 non
2361 5481 2804 5552 appropinquabit
2850 5476 3192 5534 tabernaculo
3219 5481 3356 5527 tuo:
