3738 6302
743 5607 757 5650 Ι

799 385 900 438 605

1448 374 1707 427 EUSEBll
1745 371 2210 429 CA'JSARIENSIS
2238 370 2381 426 OPP.
2420 368 2595 422 PARS
2625 367 2688 423 ll.
2722 397 2790 408 —
2811 363 3334 421 APOLOGETICA.

799 493 1044 572 quoniam
1076 489 1275 558 angelis
1299 487 1411 542 suis
1441 487 1708 540 mandavit
1739 487 1803 540 de
1838 494 1908 548 te,
1941 485 2101 555 249
2127 484 2178 536 in
2209 498 2275 536 m:

1859 501 1908 548 e,
1941 485 2101 555 249
2127 484 2178 536 in
2209 498 2312 536 ma-
2351 491 2391 544 Α
2422 480 2529 542 λοις
2569 478 2729 532 αὐτοῦ
2764 478 3044 531 ἐντελεῖται
3089 475 3233 546 περὶ
3282 490 3333 524 σι

802 585 956 644 uibus
998 581 1181 632 tollent
1231 587 1302 639 te.
1357 595 1422 632 ne
1469 579 1681 646 quando
1711 577 1950 631 oﬂ‘cndas
1995 578 2058 630 ad
2094 577 2320 643 lapidem

801 673 980 746 pedem
1009 678 1192 737 tuum:
1231 683 1390 743 super
1423 667 1660 736 aspidem
1687 675 1738 720 et
1773 668 2013 740 regulum
2041 666 2319 730 ascendes,

799 770 848 819 et
877 759 1215 826 conculcabis
1249 759 1454 819 leonem
1511 767 1562 820 et
1606 757 1891 817 draconem
1922 757 1986 809 ⁸³.
2010 776 2028 808 ι
2069 756 2163 810 His
2194 772 2322 811 sane

799 853 964 916 utitur
1023 849 1240 906 vocibus
1301 847 1564 911 diabolus,
1620 848 1673 899 in
1720 846 2010 900 tentatione
2065 846 2323 900 adversus

799 939 1126 994 Salvatorcm
1168 944 1428 999 nostrum.
1461 937 1832 1012 Coutemplare
1868 936 1956 1000 hic
1986 936 2165 1005 igitur,
2191 953 2324 1006 quo-

798 1043 916 1094 nam
947 1027 1101 1079 modo
1136 1027 1370 1094 psalmus
1403 1026 1468 1077 ad
1495 1025 1666 1094 ipsum
1697 1025 1976 1083 Dominum
1998 1027 2103 1080 ait:
2135 1044 2154 1076 ι
2177 1026 2322 1092 Quo-

798 1117 936 1182 uiam
965 1125 1039 1183 tu,
1080 1114 1322 1179 Domine,
1371 1130 1492 1183 spes
1529 1130 1666 1178 mea,
1723 1115 2056 1169 Altissimum
2096 1098 2322 1184 posuisti

800 1203 1056 1278 refugium
1086 1211 1256 1271 tuum,
1291 1209 1370 1256 Tu
1408 1187 1562 1258 enim
1607 1205 1739 1278 ipse,
1786 1206 1976 1273 inquit,
2011 1221 2129 1259 mea
2176 1222 2320 1274 spes,

797 1307 828 1352 ο
854 1283 1093 1362 Domine,
1131 1293 1276 1352 illum
1308 1309 1336 1354 a
1365 1309 1469 1363 quo
1490 1295 1602 1362 ipse
1630 1311 1708 1359 es,
1739 1295 1907 1349 Deum
1948 1297 2122 1365 ipsum
2170 1298 2321 1350 altis-

800 1381 988 1436 simum
1047 1389 1099 1440 et
1140 1395 1445 1449 supremum
1495 1390 1544 1435 et
1582 1391 1730 1436 tuum
1779 1382 2010 1447 Patrem,
2059 1383 2321 1452 refugium

800 1471 1051 1551 posuisti,
1082 1480 1299 1540 propter
1341 1472 1481 1541 quod
1513 1487 1618 1525 non
1659 1473 1912 1526 accedent
1962 1472 2028 1525 ad
2073 1481 2126 1527 te
2161 1475 2319 1538 mala,

800 1563 858 1627 ad
884 1569 955 1623 te,
988 1563 1222 1629 inquam,
1250 1578 1425 1616 meum
1472 1561 1774 1626 Dominum,
1823 1570 1876 1616 et
1914 1563 2176 1632 flagellum
2217 1580 2321 1618 non

799 1652 1242 1736 appropinquabit
1269 1655 1614 1717 tabernaculo
1641 1663 1751 1722 tuo.
1783 1674 1801 1705 ι
1828 1652 1961 1707 Nam
1991 1655 2092 1708 etsi
2132 1654 2322 1708 nefarii

799 1742 1038 1808 homines
1089 1743 1422 1811 conabuntur
1461 1754 1509 1798 te
1547 1745 1812 1804 hominem
1865 1745 2061 1799 factum
2102 1743 2322 1814 ﬂagellis

2429 586 2485 621 σε
2505 612 2518 632 ,
2551 571 2622 640 μή
2649 585 2776 620 ποτε
2802 568 3145 639 προσκόπτῃς
3178 562 3334 633 πρὸς

2425 659 2622 712 ἀσπίδα
2650 659 2741 711 καὶ
2776 657 3078 727 βασιλίσκον
3111 653 3334 721 ὲπιϐήσ

2425 747 2608 799 λέοντα
2627 746 2718 798 κα)⁸
2737 745 3017 815 δράκοντα.
3046 761 3065 792 ›
3095 739 3333 792 Ταύται

2424 836 2515 889 τοῦ
2547 837 2696 905 Σωτῆ
2704 853 2789 906 ρος
2805 835 2959 905 ἡμῶν
2992 848 3207 901 πειρασ
3218 829 3317 900 μῷ

2428 927 2562 997 Ὅρα
2593 926 2655 995 δὴ
2687 921 2777 978 οὖν
2805 925 2924 977 τίνα
2941 923 3150 994 τρόπον
3197 923 3232 974 ὁ
3286 921 3332 989 ψ

2426 1016 2621 1085 Κύριόν
2678 1032 2869 1085 φησιν’
2914 1033 2932 1064 ‹
2981 1015 3104 1065 ’Ότι
3150 1013 3227 1064 σὺ
3258 1051 3275 1074 ,
3315 1013 3334 1062 1

2429 1108 2679 1176 Ὕψιστον
2701 1106 2820 1158 ἔθου
2853 1104 3178 1172 καταφυγήν
3225 1118 3334 1152 σου

2427 1192 2528 1256 σὶν,
2557 1192 2588 1260 ἡ
2614 1191 2716 1260 ὲμὴ
2744 1190 2914 1255 ἐλπὶς,
2943 1185 2988 1242 ὧ
3009 1189 3216 1258 Κύριε,
3278 1205 3334 1257 με

2426 1281 2582 1333 αὐτὸν
2608 1281 2695 1332 τὸν
2725 1279 2939 1348 ὕψιστον
2978 1280 3069 1332 καὶ
3097 1279 3203 1330 ἐπὶ
3247 1277 3334 1329 πά

2425 1371 2572 1441 τέρα.
2605 1372 2916 1440 καταφυγὴν
2941 1369 3090 1421 ἔθου·
3121 1369 3197 1420 δι’
3227 1369 3294 1422 ὃν
3330 1392 3334 1411 α

2427 1457 2558 1526 πρὸς
2587 1457 2674 1516 σὲ.
2703 1455 2835 1526 πρὸς
2869 1457 2926 1507 σὲ
2971 1455 3061 1511 τὸν
3100 1457 3129 1506 ὲ
3139 1455 3252 1524 μὸν
3292 1456 3334 1506 Κ

2426 1547 2594 1613 ὲγγιεῖ
2621 1545 2696 1614 τῷ
2728 1545 3036 1614 σκηνώματί
3061 1561 3183 1597 σου.
3227 1563 3248 1594 ι
3277 1546 3334 1596 Κ

2427 1635 2805 1704 ἐπιχειρήσωσι
2860 1632 3334 1703 ὲνανθρωπήσανιι

2426 1723 2502 1792 τῷ
2535 1724 2740 1792 Θανάτῳ
2771 1723 3117 1793 παραδιδόναι
3135 1762 3151 1786 ,
3183 1723 3311 1774 ἀλλ’

798 1834 1020 1897 caedere,
1050 1835 1152 1904 etsi
1190 1837 1347 1890 morti
1371 1836 1602 1905 tradere,
1655 1836 1961 1916 neutiquam
2014 1811 2195 1889 tamen
2220 1835 2274 1890 ll:

1856 1851 1961 1888 iam
2014 1811 2195 1889 tamen
2220 1835 2317 1890 lla-
2351 1829 2392 1881 Β
2423 1813 2532 1878 στιξ
2551 1812 2624 1881 τῷ
2645 1812 2720 1916 εξῷ
2741 1814 3051 1916 προσεγγιεῖ
3072 1811 3328 1916 σκηνιιῇμ

798 1923 1011 2008 gellum,
1047 1924 1188 2006 quod
1233 1940 1263 1993 a
1289 1925 1396 1979 Deo
1422 1937 1523 1990 est,
1552 1935 1646 1991 tuo
1687 1927 2126 1996 appropinquabit
2146 1928 2320 1981 taber-

798 1997 1132 2083 naculo,hoc
1148 2021 1247 2076 est,
1283 2024 1373 2070 tuo
1401 2016 1634 2085 corpori,
1684 2031 1791 2084 quo
1841 2016 2085 2070 videlicet
2108 2027 2323 2084 propter

798 2115 897 2174 nos
927 2102 1086 2165 homo
1117 2102 1312 2169 factus,
1353 2103 1572 2159 indutus
1619 2122 1696 2160 es.
1724 2106 1804 2160 Ad
1835 2105 2078 2160 eumdem
2103 2087 2318 2159 modum

796 2191 1225 2256 accommodabis
1290 2193 1358 2255 ei,
1391 2209 1509 2262 qua:
1565 2195 1617 2248 in
1675 2202 1787 2250 toto
1814 2196 2018 2264 psalmo
2050 2195 2319 2257 dicuntur,

796 2294 913 2348 qua:
935 2295 1064 2334 sane
1096 2296 1196 2335 nos
1228 2296 1438 2352 quoque
1457 2299 1555 2339 suo
1594 2293 1830 2362 tempore
1864 2283 2240 2363 disquiremus,
2272 2291 2324 2347 et

795 2370 1290 2454 contemplabimur,

1341 2479 1566 2543 CAPUT
1611 2480 1770 2547 xxu.

793 2565 869 2634 Δί)
899 2565 1218 2637 ρεαδ-υς
1239 2568 1344 2622 Deo
1384 2569 1543 2624 Verbo
1559 2580 1605 2630 et
1635 2569 1813 2632 Patre.
1843 2572 1973 2624 sicut
1999 2571 2059 2633 de
2081 2571 2317 2624 Domino.

864 2740 882 2770 ε
911 2721 1028 2776 Non
1077 2723 1436 2800 derelinquam
1490 2732 1548 2778 ut
1593 2725 1792 2780 deleam
1834 2725 2019 2788 Jacob,
2068 2728 2320 2796 quoniam

795 2807 936 2875 Deus
957 2827 1054 2880 ego
1087 2827 1226 2878 sum,
1251 2821 1303 2866 et
1324 2829 1429 2867 non
1462 2813 1622 2866 homo
1665 2815 1718 2867 in
1772 2822 1824 2868 te
1863 2824 2102 2880 sanctus,
2133 2823 2185 2871 et
2213 2831 2321 2870 non

792 2901 1064 2970 ingrediar
1113 2901 1170 2954 in
1227 2902 1499 2955 civitatem
1556 2917 1568 2952 ι

793 2991 913 3044 labo
947 2991 1012 3042 ".
1043 3010 1062 3043 ι
1085 2989 1180 3044 Hic
1204 2997 1255 3045 et
1301 3007 1396 3060 per
1427 2993 1528 3044 alia
1573 2991 1655 3046 his
1682 2993 1894 3057 similia,
1917 2992 2055 3048 Deus
2087 2992 2319 3049 Verbum

793 3077 953 3134 homo
968 3077 1160 3142 factus,
1193 3079 1258 3132 ad
1289 3095 1381 3134 eos
1411 3079 1558 3142 dicit,
1592 3081 1682 3149 qui
1712 3082 1880 3134 virum
1909 3083 2118 3150 quidem
2145 3084 2318 3152 ipsum

1631 2909 1749 2971 post
1798 2902 2078 2956 Dominum
2132 2906 2322 2958 ambu-

2421 1899 2449 1950 ὃ
2492 1898 2723 1968 δηλονότι
2776 1899 2838 1950 δι’
2894 1901 3041 1969 ἡμᾶς
3082 1899 3334 1970 ὲνανϐριι

2422 1988 2636 2050 Τούτοις
2667 1988 2965 2050 ἀκολούθως
2997 1989 3334 2058 ζεφαρμόσειι

2419 2072 2628 2143 ψαλμοῦ
2653 2075 2947 2145 δηλούμενα
2964 2116 2978 2141 ,
3012 2075 3048 2128 ἃ
3078 2077 3182 2130 καὶ
3199 2078 3334 2130 αύτε

2423 2164 2513 2234 ρὸν
2550 2165 3004 2251 ὲπιθεωρήσομεν,

2914 2475 3333 2528 ΚΕΦΑΔΑΙΟΝ

2434 2561 2572 2614 Ἀπὸ
2606 2563 2710 2616 τοῦ
2748 2560 3192 2630 Ὸσηέ.-Περὶ
3247 2566 3334 2617 τοί

2787 2631 3020 2698 Πατρός
3033 2671 3048 2694 ,
3081 2633 3167 2697 ὡς
3205 2636 3334 2699 περὶ

2494 2739 2511 2769 ι
2537 2719 2610 2772 (λὺ
2637 2719 2708 2790 μὴ
2724 2720 3106 2789 ἐγκαταλείψω
3131 2723 3231 2775 τοῦ
3257 2725 3334 2789 eg:

2419 2809 2498 2860 ὃτι
2533 2807 2662 2872 Θεὸς
2689 2807 2795 2875 ἐγώ
2829 2812 2971 2877 εἰμι,
3012 2811 3114 2864 καὶ
3142 2813 3245 2865 οὐκ
3277 2815 3334 2866 ἄν

2419 2899 2508 2951 καὶ
2540 2899 2637 2950 οὐκ
2673 2898 3056 2969 εἰσελεύσομαι
3089 2904 3173 2965 είς
3206 2905 3332 2956 πόλι

2422 2985 2692 3057 ρεύσομαι.
2729 3005 2746 3036 ι
2815 2988 3088 3044 Ἐνταῦθα
3117 2993 3214 3044 καὶ
3252 2994 3334 3046 διὰ

2419 3076 2829 3146 ὲνανθρωπήσας
2901 3080 3050 3148 πρὸς
3093 3084 3226 3145 τοὺς
3267 3085 3332 3136 ἅν

795 3177 1059 3232 sanctum,
1085 3183 1190 3223 non
1219 3177 1394 3223 autem
1419 3169 1584 3222 Deum
1613 3185 1731 3224 esse
1761 3169 2111 3225 confitentur:
2134 3192 2151 3222 ι
2178 3173 2271 3226 Dei

1857 3169 2111 3225 meum“
2134 3192 2151 3222 ι
2178 3173 2317 3228 Deus
2343 3155 2383 3210 C
2416 3165 2528 3216 ἀλλ’
2552 3166 2611 3216 ού
2639 3164 2766 3217 Θεὸν
2819 3161 2958 3219 εἶναι
3018 3170 3333 3239 όμολογοῦνι

791 3273 890 3328 ego
948 3275 1088 3322 sum,
1139 3261 1328 3330 inquit,
1379 3267 1432 3316 et
1475 3276 1582 3315 non
1635 3261 1791 3316 homo
1821 3261 1872 3314 in
1913 3269 1964 3315 te
1993 3271 2249 3317 sanctus:
2291 3283 2310 3326 ι

791 3347 981 3402 deinde
1002 3349 1091 3412 ubi
1123 3348 1286 3403 Deum
1326 3351 1556 3418 seipsum
1583 3350 1735 3412 dixit,
1761 3349 2037 3404 Dominum
2065 3367 2126 3405 ac
2152 3351 2315 3406 Deum

791 3445 846 3500 et
877 3437 1087 3504 Patrem
1125 3455 1279 3494 suum
1303 3440 1524 3503 indicat,
1559 3441 1849 3516 adjungens
1880 3459 1892 3495 :
1925 3459 1944 3492 ι
1970 3443 2099 3496 Post
2133 3441 2315 3496 Domi-

791 3543 918 3604 num
950 3525 1268 3583 ambulabo:
1313 3549 1331 3584 ι
1367 3530 1494 3583 illud
1519 3536 1693 3584 autem
1724 3545 1736 3580 :
1775 3549 1792 3581 ι
1821 3529 1938 3584 Non
1969 3531 2235 3602 ingrediar
2261 3533 2315 3587 in

793 3621 1087 3694 civitatem,
1119 3638 1138 3670 ι
1165 3619 1478 3690 abnegantis
1510 3635 1637 3674 sane
1670 3620 1828 3675 fuerit
1848 3637 2204 3686 communem,
2255 3640 2317 3679 ac

792 3708 1100 3780 popularem
1145 3707 1418 3760 hominum
1467 3709 1868 3778 rempublicam,
1923 3725 1952 3762 a
2008 3727 2112 3780 qua
2155 3713 2313 3766 etiam

793 3790 920 3848 suos
947 3795 1238 3862 discipulos
1284 3804 1549 3858 avertens,
1593 3798 1702 3850 ait:
1751 3815 1768 3848 ‹
1802 3797 1858 3852 In
1891 3799 2029 3852 viam
2080 3803 2312 3869 gentium

792 3898 860 3954 ne
887 3882 1146 3943 abieritis,
1176 3887 1229 3934 et
1259 3882 1313 3935 in
1357 3884 1622 3948 civitatem
1655 3884 2108 3956 samaritanorum
2133 3904 2200 3959 ne
2228 3889 2313 3944 in-

791 3978 873 4045 tra
881 3970 1060 4041 veritis
1087 3971 1149 4023 ".
1180 3989 1199 4034 ρ

1233 4082 1391 4153 250
1421 4083 1642 4140 CAPUT
1686 4085 1869 4142 xxm.

789 4188 868 4262 ᾼί)
901 4189 1077 4264 Amos.
1109 4219 1177 4231 —
1209 4191 1286 4264 De
1310 4191 1575 4264 Saluatore
1595 4205 1790 4262 nostro,
1823 4198 1956 4251 sicut
1985 4199 2047 4250 de
2073 4198 2307 4264 Domino,

862 4267 908 4338 et
940 4257 1002 4310 de
1029 4257 1208 4338 Patre,
1242 4261 1371 4313 sicut
1401 4263 1462 4314 de
1491 4262 1595 4316 Deo
1623 4281 1642 4316 :
1671 4277 1720 4318 et
1765 4257 1827 4318 de
1856 4266 2158 4320 Judworum
2193 4257 2313 4337 gen;

859 4336 925 4378 ηε
953 4336 1226 4381 eversione.

2414 3255 2544 3324 φησὶ
2569 3295 2582 3316 ,
2635 3257 2725 3308 καὶ
2775 3257 2874 3309 οὐκ
2913 3259 3212 3331 ἄνθρωπος
3246 3266 3304 3317 ὲν

2413 3343 2571 3395 αὑτὸν
2612 3344 2775 3396 εἰπὼν
2799 3384 2813 3406 ,
2858 3344 2951 3398 τὸν
2991 3351 3086 3401 ἐπὶ
3121 3355 3334 3406 πάντων

2415 3431 2634 3500 Πατέρα
2679 3431 2838 3484 αὑτοῦ
2877 3434 3072 3502 δηλοῖ,
3127 3441 3334 3509 ἐπιλέγι

2415 3518 2757 3588 πορεύσομαι.
2782 3539 2799 3569 ι
2829 3521 2900 3572 Τὸ
2921 3523 3005 3587 δὲ,
3042 3543 3060 3575 ι
3095 3527 3212 3579 Ούκ
3246 3531 3333 3580 εἰσ

2413 3609 2737 3679 ἀρνουμένου
2759 3607 2824 3660 ἂν
2856 3609 2946 3680 εἴη
2977 3613 3080 3682 τὴν
3106 3616 3294 3686 κοινὴν
3326 3635 3334 3668 :

2413 3696 2675 3748 πολιτείαν
2698 3713 2710 3725 ·
2754 3693 2821 3767 ἦς
2856 3701 2957 3750 καὶ
2991 3703 3120 3765 τοὺς
3161 3705 3324 3768 ἰδίους

2415 3784 2593 3854 φησίν·
2649 3803 2667 3836 ι
2701 3785 2793 3847 Et;
2814 3785 2936 3838 ὁδὸν
2963 3789 3136 3844 ἐθνῶν
3167 3793 3242 3865 μὴ
3272 3796 3334 3856 ἀτ

2414 3875 2755 3954 Σαμαρειτῶν
2787 3875 2860 3946 μὴ
2893 3879 3202 3952 εἰσέλθητε.
3244 3902 3265 3935 ι

2910 4096 3310 4152 ΚΕΦΑΛΑΙΟΝ

2423 4198 2560 4260 Ἀπὸ
2584 4199 2687 4252 τοῦ
2719 4201 2925 4268 Ἀμώς,
2944 4234 3016 4245 —
3043 4208 3182 4274 Περὶ
3231 4209 3334 4260 τοῦ

2478 4269 2605 4320 περὶ
2634 4271 2874 4320 Kvolov.
2911 4274 3130 4320 καὶτοῦ
3163 4281 3334 4320 "arm

2478 4272 2605 4335 περὶ
2634 4272 2874 4336 Κυρίου,
2911 4272 3130 4330 καὶτοῦ
3158 4281 3334 4343 Πατρ‹

2478 4335 2584 4402 τῆς
2614 4337 2715 4389 τοῦ
2728 4339 3022 4405 Ἰουδαίων
3040 4344 3256 4409 ἔθνους
3295 4364 3334 4397 κι

865 4432 884 4464 ι
921 4414 1095 4484 Everti
1120 4432 1235 4480 vos,
1288 4418 1426 4472 sicut
1477 4421 1667 4491 evertit
1692 4421 1831 4477 Deus
1861 4421 2088 4478 Sodoma
2121 4432 2174 4480 et
2213 4425 2312 4480 Go-

1861 4421 2088 4478 Sodoma
2121 4432 2174 4480 et
2213 4425 2312 4480 ϐο·
2340 4455 2385 4512 D
2483 4445 2501 4476 ι
2527 4427 2875 4504 Κατέστρεψα
2893 4433 3058 4510 ὑμᾶς,
3085 4433 3267 4496 καθὼς
3294 4453 3332 4486 κη

787 4505 1003 4571 morrha
1028 4525 1041 4559 :
1075 4513 1128 4562 et
1145 4505 1264 4582 facti
1293 4510 1424 4568 estis
1454 4512 1604 4584 quasi
1636 4513 1798 4583 torris
1829 4524 2041 4582 ereptus
2065 4531 2129 4570 ex
2163 4517 2304 4586 igne.

785 4591 849 4669 Et
870 4608 937 4647 ne
967 4594 1042 4648 sic
1066 4597 1276 4663 quidem
1307 4601 1549 4670 conversi
1581 4602 1710 4669 estis
1737 4601 1800 4654 ad
1846 4618 1950 4673 me,
1985 4604 2113 4672 dicit
2132 4604 2311 4658 Domi-

784 4697 885 4737 nus
900 4682 966 4736 ".
996 4703 1014 4735 ι
1051 4682 1220 4738 Etiam
1248 4686 1346 4741 hoc
1371 4687 1486 4743 loco
1511 4690 1623 4756 ipse
1645 4688 1914 4754 Dominus,
1944 4675 2102 4748 Deum
2127 4711 2310 4764 quem-

781 4771 902 4822 dam
936 4771 1009 4838 ait
1064 4771 1414 4849 Sodomorum
1456 4778 1747 4840 eversionis
1805 4789 2074 4854 auctorem
2116 4773 2300 4848 fuisse,

783 4871 905 4910 cum
934 4860 1071 4916 alius
1095 4862 1162 4915 sit
1213 4864 1326 4934 ipse
1375 4863 1542 4920 Filius
1567 4883 1725 4936 quam
1764 4869 1810 4935 is
1852 4869 1917 4924 de
1945 4887 2050 4940 quo
2080 4873 2191 4942 ipse
2219 4875 2301 4928 lo-

781 4947 980 5012 quitur.
999 4948 1165 5014 Porro
1193 4954 1246 5007 in
1270 4955 1384 5023 ipsa
1409 4956 1762 5027 Sodomorum
1784 4949 2057 5017 eversione
2084 4952 2188 5018 duo
2211 4979 2303 5032 ap-

782 5043 990 5120 parent,
1020 5043 1232 5107 quando
1256 5046 1390 5113 pluit
1409 5046 1663 5102 Dominus
1696 5051 1868 5120 ignem
1905 5067 1933 5105 a
1964 5052 2186 5108 Domino
2211 5070 2302 5108 su-

782 5133 888 5210 per;
905 5118 1132 5192 Sodoma
1169 5137 1222 5188 et
1257 5131 1570 5191 Gomorrha.
1620 5118 1838 5205 Qualem
1890 5140 2070 5210 igitur,
2106 5143 2298 5210 inquit.

784 5206 1011 5300 ﬁodoma
1043 5212 1113 5264 ob
1136 5222 1313 5283 turpes
1335 5231 1494 5291 atque
1521 5229 1780 5286 absurdas
1808 5206 2128 5300 impietates,
2149 5206 2302 5286 ever-

784 5296 1260 5395 sionemnperpessa
1300 5321 1422 5362 sunt
1440 5318 1615 5376 ;'talia
1639 5336 1736 5380 vos
1763 5296 1974 5395 quoque
2007 5302 2296 5395 patiemini.

786 5398 844 5437 ³ο
878 5398 944 5437 ne
965 5385 1043 5438 δίο
1074 5391 1285 5454 (Ιυίάθω
1338 5407 1580 5458 conversi
1633 5412 1764 5467 estis
1779 5385 1857 5468 ad
1884 5385 1986 5467 me.
2009 5385 2301 5467 consuevit

783 5481 952 5544 ξλυιθτη
985 5470 1281 5544 Scriptura.
1311 5491 1518 5556 tempus
1539 5485 1772 5554 futurum
1793 5502 1944 5571 quasi
1978 5478 2298 5571 praeteritum

2411 4516 2544 4594 δομα
2581 4517 2672 4568 καὶ
2701 4517 2954 4597 Γόμορρα
2972 4560 2988 4584 ,
3021 4523 3116 4582 καὶ
3143 4525 3332 4591 ὲγὲνεσ

2415 4605 2604 4674 σμένος
2632 4607 2694 4667 ὲκ
2718 4607 2910 4675 πυρόςτ
2947 4611 3058 4678 Καὶ
3098 4612 3203 4668 οὐδ’
3235 4613 3326 4665 οὔτ

2417 4710 2481 4762 με
2501 4732 2515 4755 ,
2539 4694 2682 4761 λέγει
2707 4693 2930 4764 Κύριος,
2973 4717 2992 4750 ι
3031 4702 3324 4768 Κάνταῦθα

2413 4783 2531 4834 τινά
2551 4800 2676 4852 φησι
2701 4785 2797 4859 τὴν
2823 4788 2920 4838 ἐπὶ
2933 4789 3179 4859 Σοδόμων
3199 4809 3334 4854 κατα

2405 4873 2582 4944 ἕτερος
2612 4863 2686 4925 ὧν
2723 4875 2924 4948 δηλαδὴ
2961 4866 3229 4950 τοῦπρὸς
3273 4883 3334 4933 αύ

2405 4963 2460 5013 ὲν
2491 4965 2551 5032 τῇ
2603 4964 2691 5016 ἐπὶ
2717 4965 2964 5036 Σοδόμων
2997 4971 3054 5022 δὲ
3085 4990 3334 5042 καταστρς

2408 5052 2666 5115 ίστανται,
2694 5055 2780 5106 ὅτε
2810 5057 3026 5128 ἔϐρεξεν
3048 5063 3076 5112 ό
3103 5061 3301 5128 Κύριος
3330 5084 3334 5095 ι

2404 5141 2606 5212 Σόδομα
2637 5145 2728 5201 καὶ
2751 5146 3019 5218 Γόμορρα.
3060 5150 3274 5202 Ὀποίαν
3301 5166 3330 5199 τ

2404 5231 2500 5292 τὰς
2531 5233 2788 5297 ἐκτύπους
2817 5236 3134 5306 δυσσεϐείας
3181 5237 3334 5304 ύπέμι

2405 5320 2602 5388 Σόδομα
2623 5361 2638 5383 ,
2675 5325 2894 5396 τοιαῦτα
2922 5329 3014 5379 καὶ
3045 5327 3198 5396 ὑμεῖς
3216 5365 3229 5386 ,
3257 5320 3300 5376 ὦ

2402 5409 2505 5461 οὐδ’
2541 5409 2708 5475 οὕτως
2757 5416 3116 5486 ἐπεστρέψατε
3173 5415 3305 5482 πρός

2402 5500 2585 5571 Ρραφῇ
2616 5501 2676 5554 τὸ
2700 5505 2890 5574 μέλλον
2929 5507 3002 5570 ὡς
3038 5503 3334 5578 παρεληλυθ

847 5641 891 5693 9³
925 5639 1064 5712 Ρξιιι.
1101 5651 1183 5708 xc.
1213 5637 1358 5706 9—15.
1423 5645 1464 5675 ”
1497 5644 1620 5717 Ose.
1652 5664 1726 5714 ut,
1757 5657 1810 5719 9,
1833 5657 1913 5710 l0.
1989 5657 2032 5687 ”
2058 5656 2240 5716 Matth.
2275 5671 2323 5719 li.

1497 5644 1620 5717 05¢.
1652 5664 1726 5714 lx.
1757 5657 1913 5719 9,10.
1989 5657 2032 5687 ’⁸
2058 5656 2240 5716 Matth.
2275 5671 2325 5719 χ,
2363 5653 2413 5716 5..
2488 5654 2532 5686 ⁵⁵
2558 5657 2721 5713 Amos
2752 5675 2842 5726 Iv,
2874 5661 2957 5725 il.
