3738 6296
110 416 240 480 toe’v

136 639 250 697 πρ
261 603 412 672 έψω,
434 599 746 671 μέλλοντος,
778 599 878 651 τοῦ
900 601 1298 670 παρῳχημένου
1338 592 1640 667 εἰρημένου,
1659 590 1748 644 τοῦ

149 680 550 766 κατέστρεψα·
612 690 737 743 ἀντὶ
769 689 830 740 δὲ
859 689 978 753 τοῦ,
1009 685 1488 760 ἐπιστραφήσεσθε,
1514 680 1628 742 τοῦ,
1658 683 1752 733 ἐπ-

157 816 252 851 επ
268 785 498 862 ρέψατε,
520 780 802 850 κειμένου.
820 779 1009 832 Ταῦτα
1034 780 1089 832 δὲ
1117 779 1248 848 πρὸς
1264 778 1322 830 τὸ
1336 775 1593 829 Ἰουδαίων
1607 776 1750 835 ἔθνος

172 875 556 937 ἀποτείνεται.
587 869 624 923 ἃ
655 870 752 924 καὶ
779 870 891 922 οὐδ’
919 869 1104 923 ἄλλοτε
1145 868 1176 936 ἢ
1220 867 1352 936 μετὰ
1375 866 1469 936 τὴν
1495 867 1632 920 κατὰ
1659 866 1747 918 τοῦ

173 966 446 1034 arripe;
472 963 628 1033 ἡμῶν
667 961 966 1030 ἐπιϐουλὴν
1003 961 1081 1022 εἰς
1118 958 1308 1020 αὐτοὺς
1345 953 1656 1026 ἐπληροῦτο.
1693 955 1749 1008 '0

181 1059 343 1124 γοῦν
373 1056 498 1126 ἱερὸς
529 1052 709 1106 αὐτῶν
746 1053 844 1104 καὶ
877 1051 940 1102 τὸ
972 1051 1099 1120 πρὶν
1124 1048 1271 1116 ἆγιος
1299 1048 1457 1109 τόπος
1494 1048 1571 1109 είς
1597 1045 1749 1098 τοῦτο

183 1147 293 1198 νῦν
335 1142 632 1214 περιῆλθεν,
666 1140 743 1202 ὡς
787 1138 930 1191 κατὰ
968 1138 1130 1207 μηδὲν
1164 1137 1259 1204 τῆς
1299 1135 1540 1204 Σοδόμων
1585 1150 1748 1186 κατα-

187 1235 440 1306 στροφῆς
461 1231 691 1286 ἀποδεῖν.
741 1229 890 1299 Πλὴν
927 1230 1104 1298 ὅμως,
1142 1226 1338 1295 καίπερ
1372 1223 1633 1276 ἀκόλουθα
1680 1225 1745 1292 τῇ

185 1326 495 1395 προῤῥήσει
530 1319 882 1382 πεπονθότες,
908 1318 1057 1371 οὔπω
1083 1318 1172 1370 καὶ
1209 1318 1284 1378 εἰς
1315 1315 1467 1385 δεῦρο
1491 1314 1586 1383 τὴν
1613 1312 1747 1383 πρὸς

179 1414 280 1466 τὸν
314 1412 538 1482 Χριστὸν
563 1410 655 1462 τοῦ
678 1408 838 1471 Θεοῦ,
872 1408 940 1460 δι’
964 1407 1020 1459 ὃν
1051 1405 1215 1460 ταῦτα
1243 1403 1560 1457 πεπόνθασιν
1581 1442 1594 1464 ,
1628 1404 1745 1454 ἐπι-

179 1501 440 1571 στροφὴν
476 1499 802 1566 ἐποιήσαντο
823 1514 841 1530 ο
874 1498 948 1559 ὡς
977 1495 1194 1556 εἰκότως
1226 1494 1317 1546 καὶ
1352 1491 1503 1544 τοῦτο
1527 1490 1613 1544 διὰ
1651 1491 1746 1561 τῆς

177 1591 242 1640 ἐν
294 1591 455 1660 χερσὶ
494 1588 847 1650 θεσπίζεσθαι
892 1585 1239 1654 προφητείας,
1265 1583 1516 1652 λεγούσης
1544 1598 1558 1613 ο
1599 1600 1616 1629 σ
1640 1580 1746 1634 Καὶ

177 1679 311 1729 οὐδ’
354 1679 508 1741 οὕτως
535 1675 910 1746 ἐπεστρέψατε
955 1673 1086 1744 πρός
1117 1690 1205 1743 με,
1227 1673 1370 1740 λέγει
1399 1671 1614 1741 Κύριος.
1653 1688 1672 1720 ›

691 1927 1085 1984 ΚΕΦΑΛΑΙΟΝ
1142 1927 1261 1978 KA'.

179 2041 351 2098 Ἀπὸ
397 2045 497 2098 τοῦ
552 2041 838 2097 Ἀὄδειοῦ.
876 2071 942 2080 —
981 2037 1116 2105 Περὶ
1173 2036 1288 2088 τῶν
1329 2035 1436 2105 δύο
1499 2035 1742 2105 Κυρίωον,

201 2114 460 2181 Πατρός
491 2113 586 2166 καὶ
625 2111 786 2171 Υιοῦ,
811 2108 910 2162 καὶ
935 2107 1042 2175 τῆς
1058 2103 1185 2158 ’τῶν
1210 2103 1396 2159 ἐθνῶν
1423 2103 1706 2168 κλήσεως.

239 2238 276 2270 ι
338 2221 551 2295 Ὀρασις
595 2222 863 2276 Ἀὁδειοῠ.
909 2219 1044 2273 Τάδε
1076 2217 1221 2284 λέγει
1254 2217 1448 2288 Κύριος
1491 2218 1556 2286 τῇ
1596 2215 1746 2267 Ἰδου-

391 2315 575 2384 ’Δκοὴν
595 2315 807 2384 ἤκουσα
843 2310 991 2381 παρὰ
1019 2309 1241 2379 Κυρίου,
1270 2307 1360 2359 καὶ
1391 2306 1640 2375 περιοχὴν
1671 2306 1748 2366 είς

159 2393 223 2443 τὰ
279 2399 421 2470 ἔθνη
450 2399 820 2463 ἐξαπέστειλε.
860 2417 878 2447 ι
915 2397 1115 2466 Κύριος
1153 2399 1180 2447 ό
1202 2394 1329 2456 Θεὸς
1357 2394 1519 2462 ἀκοὴν
1549 2394 1742 2462 ἤκουσε

156 2489 354 2552 παρὰ
401 2489 622 2559 Κυρίου.
671 2488 784 2541 Καὶ
823 2486 962 2557 αὕτη
989 2485 1044 2537 δὲ
1087 2480 1154 2553 ἦν
1181 2482 1305 2553 περ)⁸
1332 2483 1427 2551 τῆς
1451 2481 1554 2534 τῶν
1583 2479 1746 2534 ἐθνῶν

153 2568 280 2642 κλίλ
301 2595 455 2641 πως.

717 2683 1105 2736 ΚΕΦΛΛΔΙΟΝ
1143 2683 1266 2734 ΚΕ’.

158 2785 345 2875 Ἇξὸ
379 2795 927 2875 τοῦβαχᾳρίουης
957 2794 1047 2860 Ὠς
1147 2791 1297 2875 Θεὸς¹
1319 2791 1512 2875 Λόγος
1540 2788 1754 2875 Κιξριος

202 2858 352 2985 ἓν
389 2864 542 2985 ἱερὸς
590 2858 702 2918 τοῦ
758 2858 1033 2932 μείζονος
1072 2858 1435 2913 ἀπεστάλθαι
1480 2858 1747 2924 ὁμολογεῖ

322 2951 388 2985 vo
409 2950 499 2985 ου.

322 2950 499 3000 υριου.

203 3075 254 3108 ο
325 3063 448 3116 Τάδε
478 3063 626 3129 λέγει
658 3059 866 3131 Κύριος
912 3057 1314 3126 παντοκράτωρο
1352 3054 1550 3106 Ὀπίσω
1593 3053 1744 3122 δόξης

139 3143 494 3204 ἀπέσταλκέ
530 3169 600 3222 με
629 3151 727 3203 ἐπὶ
755 3149 824 3201 τὰ
856 3148 982 3217 ἔθνη
1027 3147 1092 3200 τὰ
1135 3135 1496 3198 σκυλεύσαντα
1526 3145 1682 3214 ὑμᾶς.
1720 3163 1738 3194 ι
1769 3174 1810 3228 C

138 3235 270 3292 Ei:
291 3249 317 3264 ‘
343 3247 579 3317 ἐπιφέρει
620 3244 763 3315 μετὰ
803 3242 1005 3315 βραχέα
1050 3240 1218 3307 λέγων
1239 3256 1251 3268 ’
1284 3257 1302 3290 ‹
1335 3239 1439 3291 Καὶ
1480 3235 1744 3304 γνώσεσθε

137 3329 203 3380 ὅτι
312 3337 497 3406 Κύριος
530 3333 929 3403 παντοκράτωρ
961 3329 1260 3384 ἀπέσταλκέ
1296 3345 1383 3398 με.
1421 3347 1439 3379 ι
1493 3328 1554 3379 Εἰ
1586 3326 1677 3378 καὶ
1717 3327 1744 3377 ὁ

137 3419 526 3478 ἁπιιεστὲλλων
551 3423 760 3494 Κύριός
793 3425 909 3474 ἐστι
963 3419 1366 3490 παντοκράτωρ,
1414 3418 1506 3470 καὶ
1553 3420 1580 3470 ό
1644 3417 1745 3468 ἀπ-

140 3522 260 3561 ιεῖ
299 3513 446 3566 axem
473 3514 644 3581 λέγων
672 3511 956 3573 ὡσαύτως,
989 3509 1078 3560 δύο
1102 3509 1225 3579 ἄρα.
1259 3505 1448 3574 Σαφῶς
1489 3505 1544 3557 δὲ
1588 3506 1616 3556 ὁ
1642 3506 1743 3556 ἁπ-

144 3604 554 3672 ετεαλμένος,
595 3623 614 3654 ι
661 3601 872 3671 Κύριος
927 3597 1310 3669 παντοκράτωρ
1341 3597 1431 3647 ἐπὶ
1478 3596 1546 3648 τὰ
1591 3595 1741 3666 ἔθνη,

148 3695 386 3756 san-21v,
409 3693 711 3746 ἀπέσταλκέ
742 3707 833 3759 με.
868 3707 886 3740 ι

707 3793 1101 3851 ΚΕΦΑΛΑΙΟΝ
1138 3793 1278 3858 κεῖν.

229 3906 542 3975 ‘Oat'ztdc,
577 3908 676 3962 καὶ
710 3905 846 3974 περὶ
881 3902 989 3971 τῆς
1020 3901 1135 3954 τῶν
1169 3898 1357 3954 ἐθνῶν
1381 3895 1670 3961 κλήσεως.

207 4019 516 4089 ’.Τέρπου
552 4018 646 4072 καὶ
669 4010 990 4084 εὐφραίνου,
1022 4011 1255 4080 θύγατερ
1286 4006 1440 4070 Σιὼν,
1473 4005 1605 4058 διότι
1637 4004 1742 4058 ἰδοὺ

142 4096 328 4161 ἐπὶ)
349 4108 578 4178 ἔρχομαι,
617 4107 715 4160 καὶ
761 4101 1162 4171 κατασκηνώσω
1190 4101 1247 4152 ἐν
1278 4097 1423 4167 μέσῳ
1463 4112 1573 4157 σου,
1601 4093 1744 4163 λέγει

139 4187 260 4239 Kh;
311 4215 429 4266 ριος.
460 4199 563 4252 Καὶ
592 4193 1020 4263 καταφεύξονται
1048 4191 1172 4259 ἔθνη
1203 4186 1367 4240 πολλὰ
1399 4185 1490 4238 ἐπὶ
1519 4185 1607 4236 τὸν
1631 4181 1743 4235 Κύ-

135 4289 334 4338 Ρινδιν
361 4289 413 4339 ἐν
434 4291 495 4357 τῇ
521 4287 700 4356 ἡμέρα
725 4283 936 4352 ἐκείνῃο
967 4281 1059 4333 καὶ
1083 4279 1290 4334 ἔσονται
1317 4273 1461 4342 αὐτῷ
1488 4274 1565 4334 εἰς
1597 4271 1740 4323 λαόνο

127 4363 311 4425 κίε
326 4377 704 4444 κατασκηνώσει)
723 4377 780 4426 ἐν
801 4373 948 4441 μέσῳ
977 4387 1088 4432 σου,
1116 4368 1208 4422 καὶ
1232 4365 1430 4435 γνώσῃ,
1454 4363 1534 4415 ὅτι
1549 4361 1745 4430 Κύριος

1108 373 1743 443 DEMONSTRATIONIS
1779 371 2222 434 EVANGELIC/E
2263 375 2386 430 LIB.
2419 375 2484 430 ν.

259 509 516 580 σιαρόντα
546 507 755 578 ὁμοίως
787 508 902 578 χρὴ
946 509 1110 572 νοεῖν,
1144 509 1270 561 ἀντὶ
1316 505 1410 578 μὲν
1431 499 1544 565 τοῦ,
1583 517 1724 554 καται

1849 515 2060 570 ponere.
2115 498 2289 562 Quare
2339 495 2620 565 praesentia
2681 509 2889 564 quoque
2932 493 3116 548 eadem
3168 490 3371 542 ratione

3268 369 3365 424 toti

1850 597 2056 657 oportet
2085 587 2342 654 accipere,
2372 591 2430 637 ut
2447 583 2691 636 videlicet
2719 597 2814 650 pro
2838 597 2920 646 eo,
2949 580 3091 649 quod
3112 585 3370 638 evertam,

1850 679 2012 733 futuri
2039 676 2290 746 temporis
2311 676 2508 728 dictum
2541 674 2630 735 sit,
2665 671 2853 734 everti,
2882 667 3154 740 praeteriti,
3184 675 3237 722 et
3274 683 3370 736 pro

1847 782 1931 830 eo,
1966 767 2104 834 quod
2121 773 2201 818 est
2229 760 2620 818 convertimini,
2649 758 2891 811 conversi
2915 760 3067 811 estis.
3096 757 3220 810 Haec
3245 769 3370 808 vero

1849 863 1972 910 sunt
1995 854 2058 908 ad
2081 851 2383 906 Iudaeorum
2406 859 2612 919 gentem
2639 847 2835 900 directe
2859 846 3082 914 prolata,
3112 860 3230 914 qum
3247 845 3369 913 qui-

1847 947 1965 1000 dem
1994 961 2100 999 non
2132 944 2284 1007 alias,
2325 955 2483 1010 quam
2532 945 2653 1008 post
2682 936 2850 990 factas
2890 937 3143 990 adversus
3195 935 3372 988 Salva-

1845 1042 2011 1089 torem
2037 1041 2280 1087 nostrum
2340 1028 2582 1091 insidias,
2635 1028 2690 1080 in
2746 1027 2891 1095 ipsos
2918 1025 3179 1093 completa
3224 1032 3367 1078 sunt.

1846 1122 2049 1176 Etenim
2075 1136 2226 1176 sacer
2257 1121 2494 1189 ipsorum
2533 1125 2584 1172 et
2615 1117 2764 1185 prius
2799 1123 3015 1169 sanctus
3042 1114 3190 1167 locus
3219 1114 3283 1166 ad
3319 1113 3370 1166 id

1848 1211 2092 1265 redactus
2115 1217 2217 1270 est,
2237 1218 2296 1262 ut
2318 1208 2462 1261 nulla
2490 1207 2541 1260 in
2584 1213 2733 1274 parte
2780 1220 2807 1256 a
2835 1204 3186 1258 Sodomorum
3221 1217 3372 1256 ever—

1845 1301 1993 1355 sione
2019 1298 2302 1367 discrepet.
2345 1296 2743 1356 Verumtamen,
2793 1295 2891 1348 etsi
2943 1307 3005 1347 ea
3048 1291 3190 1361 passi
3227 1302 3370 1352 sunt,

1844 1404 1962 1458 qua:
1992 1388 2047 1440 in
2080 1387 2336 1440 vaticinio
2391 1386 2492 1439 sibi
2528 1383 2778 1453 praedicta
2796 1392 2976 1451 aperte
3022 1381 3370 1451 perspiciunt,

1842 1477 2066 1530 necdum
2101 1475 2154 1527 in
2186 1475 2328 1527 hunc
2356 1488 2524 1542 usque
2541 1471 2678 1524 diem
2722 1469 2784 1523 ad
2811 1469 3082 1523 Christum
3109 1467 3222 1531 Dei,
3249 1484 3373 1537 pro-

1844 1576 1958 1636 pter
2013 1579 2168 1638 quem
2205 1565 2332 1617 talia
2387 1561 2671 1632 pertulere,
2724 1560 2930 1628 seipsos
2975 1566 3369 1612 converterunt.

1844 1655 2022 1725 Itaque
2042 1654 2232 1708 merito
2262 1654 2330 1707 ab
2358 1668 2442 1716 ea,
2478 1667 2596 1722 quae
2623 1667 2766 1704 nunc
2797 1650 2849 1704 in
2874 1650 3117 1702 manibus
3151 1656 3232 1702 est
3246 1663 3371 1716 pro-

1844 1743 2040 1812 phetia,
2074 1742 2124 1796 id
2153 1740 2406 1796 divinitus
2431 1740 2632 1794 dictum
2662 1746 2743 1790 est
2769 1755 2781 1789 :
2808 1754 2825 1785 ‹
2863 1736 2928 1789 Et
2960 1750 3026 1788 ue
3057 1734 3135 1788 sic
3157 1733 3370 1803 quidem

1779 1826 1818 1879 Β
1846 1831 2086 1886 conversi
2113 1830 2243 1886 estis
2269 1831 2335 1882 ad
2367 1844 2472 1892 me,
2505 1828 2636 1882 dicit
2671 1825 2948 1880 Dominus.
2977 1842 2993 1874 ι

2282 1939 2436 2008 251
2473 1937 2696 1992 CAPUT
2740 1935 2926 1989 xxxv.

1844 2051 1918 2104 Ab
1947 2050 2136 2103 Abdia.
2166 2079 2233 2089 —
2266 2049 2340 2102 De
2372 2047 2569 2100 duobus
2604 2047 2859 2106 Dominis,
2899 2045 3053 2096 Patre
3091 2043 3282 2096 scilicet
3325 2051 3373 2094 et

2211 2117 2373 2180 Filio,
2397 2126 2444 2170 et
2469 2117 2694 2184 gentium
2725 2115 3005 2167 vocatione.

1917 2247 1936 2278 ι
1969 2227 2115 2282 Visio
2139 2227 2342 2281 Abdita.
2365 2223 2489 2278 Haec
2511 2224 2639 2278 dicit
2662 2222 2918 2277 Dominus
2950 2221 3018 2275 ad
3044 2220 3324 2274 Idumaaam
3357 2237 3370 2272 :

1843 2317 2096 2371 Auditum
2136 2315 2313 2370 audivi
2359 2330 2388 2367 a
2425 2313 2669 2373 Domino,
2702 2319 2756 2366 et
2787 2311 3136 2364 munitionem
3187 2311 3242 2364 in
3274 2323 3371 2362 na-

1845 2408 2015 2462 tiones
2059 2396 2236 2462 emisit
2259 2406 2323 2457 ".
2365 2424 2384 2456 ι
2409 2403 2663 2458 Dominus
2707 2401 2846 2457 Deus
2893 2400 3131 2454 auditum
3171 2399 3375 2452 audivit

1844 2514 1874 2551 a
1916 2497 2160 2552 Domino.
2213 2495 2265 2551 Is
2308 2509 2436 2550 vero
2461 2493 2676 2549 auditus
2706 2493 2806 2546 fuit
2835 2493 2900 2547 de
2938 2491 3173 2562 gentium
3215 2503 3373 2546 voca-

1843 2585 2008 2640 tione.

2404 2693 2626 2748 CAPUT
2665 2690 2824 2744 XXV.

1845 2807 1886 2858 A
1913 2806 2191 2858 Zacharia.
2215 2834 2281 2843 —
2319 2801 2762 2870 Quemadmodum
2791 2801 2934 2870 Deus
2985 2799 3227 2870 Verbum,
3256 2813 3372 2852 cum

1968 2876 2036 2927 sit
2067 2869 2347 2927 Dominus
2381 2874 2595 2926 missum
2629 2889 2682 2925 se
2710 2888 2741 2923 a
2776 2869 2932 2922 Patre
2961 2869 3248 2921 conﬁtetur.

1919 3066 1936 3098 ι
1975 3046 2095 3100 Haec
2133 3047 2265 3100 dicit
2296 3045 2554 3100 Dominus
2577 3045 2914 3114 omnipotens
2947 3061 2959 3096 :
2993 3042 3120 3098 Post
3152 3042 3371 3110 gloriam

1843 3135 1987 3190 misit
2015 3151 2099 3190 me
2132 3136 2199 3189 ad
2236 3144 2440 3205 gentes,
2470 3150 2585 3203 quae
2617 3133 2931 3201 deprmdatze
2964 3143 3088 3187 sunt
3130 3146 3223 3185 vos
3243 3131 3310 3183 ⁸⁸.
3349 3148 3367 3180 ι

1844 3224 2042 3280 Deinde
2075 3219 2313 3294 adjungit
2351 3231 2472 3292 post
2519 3237 2686 3292 pauca
2722 3261 2736 3284 ,
2768 3221 2950 3275 dicens
2988 3240 3000 3274 ε
3043 3238 3060 3270 ι
3091 3220 3155 3272 Et
3176 3233 3373 3286 cogno-

1846 3317 2008 3368 acetis
2049 3314 2193 3384 quod
2239 3313 2492 3366 Dominus
2547 3311 2886 3378 omnipotens
2941 3311 3085 3364 misit
3129 3324 3212 3362 me
3237 3308 3304 3363 ".
3346 3325 3366 3360 ι

1843 3403 1992 3468 Quod
2021 3404 2066 3457 si
2097 3405 2142 3457 is
2176 3401 2434 3455 Dominus
2461 3401 2551 3469 qui
2583 3400 2764 3463 mittit,
2800 3399 3057 3452 Dominus
3093 3407 3172 3450 est
3198 3396 3372 3450 omni-

1842 3502 2050 3562 potens,
2093 3500 2146 3545 et
2191 3492 2281 3559 qui
2325 3491 2455 3545 dicit
2491 3505 2550 3543 se
2596 3489 2818 3542 missum
2865 3503 2984 3542 esse
3032 3487 3234 3548 itidem,
3265 3485 3372 3538 duo

1843 3583 2022 3652 igitur.
2071 3579 2341 3649 Siquidem
2385 3581 2539 3648 plane
2567 3578 2657 3647 qui
2685 3578 2882 3631 missus
2921 3583 3024 3638 est,
3062 3592 3080 3624 ι
3119 3573 3373 3628 Dominus

1842 3679 2199 3746 omnipotens,
2232 3675 2424 3745 inquit,
2455 3673 2520 3727 ad
2544 3683 2726 3743 gentes
2756 3671 2902 3726 misit
2932 3685 3036 3724 me.
3073 3687 3091 3720 ι

2384 3782 2608 3837 CAPUT
2647 3781 2832 3837 XXVI.

2077 3893 2242 3958 Idem,
2273 3893 2462 3946 iterum
2495 3890 2558 3944 de
2594 3891 2856 3944 vocatione
2882 3883 3126 3958 gentium.

1914 4026 1932 4059 ι
1970 4005 2152 4060 Gaude
2176 4011 2230 4058 et
2251 4004 2450 4066 laetare,
2479 4002 2584 4056 ﬁlia
2610 4001 2759 4065 Sion,
2785 4001 2910 4070 quia
2931 4016 3057 4056 ecce
3077 4015 3174 4070 ego
3194 4003 3368 4067 venio,

1840 4103 1894 4150 et
1923 4094 2172 4148 habitabo
2205 4093 2262 4147 in
2293 4092 2467 4146 medio
2499 4091 2599 4154 tui,
2629 4091 2757 4144 dicit
2788 4090 3065 4146 Dominus.
3084 4089 3149 4144 Et
3179 4091 3371 4144 contu-

1840 4185 1984 4254 gient
2009 4191 2192 4253 gentes
2221 4182 2400 4236 multa:
2419 4179 2484 4234 ad
2505 4179 2787 4235 Dominum
2811 4181 2864 4234 in
2896 4181 2980 4235 die
3005 4181 3114 4243 illa,
3135 4188 3188 4236 et
3214 4191 3371 4235 erunt

1843 4274 1916 4328 illi
1939 4274 1992 4326 in
2027 4273 2300 4342 papulum,
2332 4280 2384 4326 et
2407 4271 2658 4325 habitabo
2684 4271 2736 4324 in
2767 4270 2942 4324 medio
2975 4272 3072 4334 tui,
3093 4278 3147 4326 et
3173 4286 3372 4340 cogno-

1842 4380 1961 4420 sces
1989 4365 2129 4432 quod
2158 4363 2415 4416 Dominus
2438 4363 2775 4430 omnipotens
2806 4361 2950 4415 misit
2979 4376 3060 4414 me
3089 4361 3154 4417 ad
3185 4369 3236 4414 te
3271 4362 3311 4425 ί,
3347 4379 3364 4411 ι

123 4459 582 4546 ξς-Ἳοκράτωρ
603 4455 971 4525 ἐξαπέσταλκέ
995 4471 1060 4524 με
1091 4453 1223 4519 πρὸς
1251 4451 1308 4502 σέ
1327 4468 1341 4482 ⁸
1355 4470 1374 4500 ³
1411 4449 1500 4501 καὶ
1520 4448 1584 4500 τά
1599 4447 1720 4518 ἑξῆς

1849 4463 1944 4509 etc.
1985 4453 2188 4518 Quibus
2220 4460 2341 4521 post
2383 4451 2487 4504 alia
2527 4451 2768 4520 adjungit
2808 4468 2822 4504 :
2858 4469 2875 4500 ί
2912 4450 2976 4502 Et
3014 4452 3372 4505 corroborabo

121 4535 314 4609 οἷς
340 4550 612 4621 μεθ’ἐτερα
639 4547 909 4613 ἐπιλέγει·
939 4563 957 4593 ι
981 4543 1089 4594 Καὶ
1117 4540 1422 4610 κατισχύσω
1451 4537 1642 4599 αὐτοὺς
1680 4540 1724 4589 ἐκ

1849 4561 1936 4599 eos
1988 4545 2040 4596 in
2086 4543 2309 4598 Domino
2356 4541 2465 4595 Deo
2515 4542 2776 4610 ipsorum,
2810 4549 2861 4594 et
2911 4541 2965 4592 in
2997 4541 3213 4594 nomine
3253 4541 3370 4606 ejus

119 4623 398 4708 Κι-ρίῳ
415 4640 523 4708 Θεῷ
544 4638 736 4700 αὐτῶν,
757 4636 850 4688 καὶ
870 4636 926 4686 ἐν
945 4631 1022 4700 τῷ
1042 4632 1259 4700 ὀνόματι
1276 4627 1437 4680 αὑτοῦ
1459 4628 1742 4696 κοιυχήσον⁸

113 4727 333 4790 “‘9‘,
352 4727 481 4794 λέγει
506 4729 719 4798 Κύριος.
748 4746 767 4778 ι
802 4723 913 4776 Καὶ
932 4722 1100 4775 ταῦτα
1127 4723 1237 4782 τοῖς
1265 4717 1539 4788 προτέροις
1563 4717 1739 4786 ὅμοιαι

138 4800 410 4868 ipso?»
426 4817 644 4886 Χριστοῦ
669 4819 748 4877 είς
774 4813 871 4867 ἀνθ
880 4812 1088 4884 ρώπους
1116 4807 1406 4878 παρουσίαν
1425 4807 1518 4860 καὶ
1536 4807 1630 4874 τὴν
1649 4821 1740 4868 γε-

186 4896 431 4974 “V-équ
451 4907 550 4960 τῶν
575 4904 742 4958 ἐθνῶν
768 4905 1028 4970 σωτήριον
1057 4900 1122 4952 δι’
1150 4897 1308 4950 αὑτοῦ
1337 4896 1519 4964 κλῆσιν
1535 4897 1742 4962 ἀναφω-

209 4975 412 5064 νοῦντα.
431 5013 447 5046 ι
471 4994 604 5063 Ἐγὼ
622 4995 721 5064 μὲν
743 4989 836 5045 οὖν
847 4992 1002 5052 αὐτὸς
1023 4993 1050 5042 ὁ
1066 4988 1264 5057 Κύριος
1282 4984 1413 5052 ἥξω,
1436 4985 1610 5052 φησίν.
1627 4985 1747 5036 Ἐπὶ

199 5063 248 5162 fg
382 5091 474 5159 ἐμῇ
501 5088 770 5161 παρουσίᾳ
789 5084 969 5138 οὐκέθ’
992 5085 1020 5135 ὁ
1046 5082 1209 5135 πάλαι
1241 5076 1470 5145 Ἰσραὴλ,
1499 5077 1602 5128 ἀλλ’
1629 5078 1743 5133 οὐδὲ

190 5165 436 5249 fry-MV»,
464 5182 554 5233 ἐπὶ
583 5180 689 5249 γῆς
707 5178 881 5239 ἔθνος,
905 5176 1027 5245 ἔθνη
1054 5173 1111 5226 δὲ
1143 5168 1314 5221 πολλὰ
1331 5167 1742 5233 καταφεύξονται

301 5266 407 5322 τὸν
434 5237 717 5341 κρείττονα
760 5237 874 5319 καί
902 5237 1069 5333 μέγάν
1105 5258 1330 5341 Κόμων
1378 5254 1465 5304 τὸν
1513 5257 1641 5322 ἐμοῦ
1683 5275 1740 5310 τε

161 5335 378 5454 (“6:06,
408 5335 496 5411 καὶ
534 5357 646 5410 τῶν
686 5355 830 5407 ὅλων
861 5351 1007 5412 Θεὸν,
1041 5347 1124 5413 ἐφ’
1149 5344 1208 5396 ὃν
1246 5340 1314 5390 τὰ
1345 5341 1737 5408 καταφεύγοντα

187 5443 191 5448 τ
492 5449 504 5454 -
723 5442 773 5454 ι-
973 5439 984 5454 ν
1009 5453 1015 5454 ,
1042 5431 1248 5454 ,__-_!_-
1302 5427 1374 5454 ,9.-
1413 5430 1497 5454 ...Λ
1528 5447 1699 5454 ---_.-_

353 5407 896 5516 ⁵τοιτείιῑτιιγξ’τεύξεται
937 5407 1268 5504 εὐεργεσίας,
1301 5427 1374 5487 ὡς
1413 5430 1501 5482 καὶ
1528 5407 1735 5500 χρὴμα-

160 5509 324 5582 τιιιιιιι
379 5541 467 5594 καὶ
506 5509 765 5606 vagae“;
826 5527 950 5578 λαὸν
996 5521 1163 5583 Θεοῦ,
1213 5517 1522 5586 κατοικῆσαι
1570 5538 1625 5572 τε
1678 5525 1734 5574 ἐν

192 5649 266 5691 εὶ

329 5691 460 5746 Abd.
510 5705 566 5749 Ι,
618 5685 669 5736 I.

1840 4635 2228 4706 gloriabuntur,
2258 4633 2388 4690 dicit
2420 4632 2675 4686 Dominus
2705 4634 2743 4686 ’.
2779 4651 2799 4684 ι
2837 4630 2956 4684 Haec
2988 4645 3198 4699 quoque
3228 4633 3370 4697 prio-

1843 4726 1991 4778 ribus
2029 4723 2221 4776 similia
2252 4730 2399 4784 sunt,
2433 4737 2551 4789 quae
2573 4720 2770 4775 Christi
2803 4719 2867 4772 ad
2901 4719 3142 4772 homines
3171 4719 3369 4772 adven-

1844 4821 1976 4874 tum,
2035 4819 2088 4864 et
2142 4812 2429 4866 salutarem
2475 4809 2706 4864 futuram
2775 4808 3022 4877 gentibus
3072 4807 3228 4876 252
3277 4824 3370 4876 per

1844 4905 2014 4971 ipsum
2033 4901 2381 4961 vocationem,
2398 4900 2570 4968 palam
2591 4899 2867 4952 enuntiant
2887 4915 2928 4949 ε(
2959 4895 3068 4964 Ego
3085 4897 3370 4966 igituripse

1844 4990 2100 5045 Dominus
2139 4990 2370 5052 veniam,
2405 4990 2598 5058 inquit,
2638 4998 2691 5043 et
2735 4991 2788 5042 in
2839 5004 2958 5043 meo
2989 4989 3218 5043 adventu
3260 5006 3368 5044 non

1841 5080 2065 5150 amplius
2093 5081 2181 5134 ille
2225 5080 2478 5148 antiquus
2505 5079 2699 5142 Israel,
2733 5093 2794 5132 ac
2827 5095 2893 5132 ne
2926 5094 3029 5132 una
3058 5080 3270 5148 quidem
3313 5082 3367 5134 in

1839 5180 1982 5224 terra
2002 5184 2153 5232 gens,
2175 5167 2267 5221 sed
2289 5168 2668 5236 multaegentes
2684 5165 3012 5236 confugient,
3032 5166 3097 5219 ad
3109 5178 3366 5236 praestan-

1839 5260 2027 5312 tiorem
2057 5264 2110 5310 et
2146 5271 2394 5326 maguum
2435 5253 2714 5308 Dominum
2737 5295 2751 5319 ,
2782 5257 2872 5324 qui
2897 5265 2951 5309 et
2983 5271 3133 5310 meus
3172 5258 3363 5326 ipsius,

1843 5357 1893 5402 et
1933 5346 2164 5400 universi
2207 5353 2289 5399 est
2333 5344 2492 5406 Deus,
2541 5345 2608 5397 ad
2651 5359 2807 5413 quem
2861 5346 3228 5416 confugientes
3264 5363 3363 5400 na-

1843 5435 2019 5488 tiones.
2071 5439 2274 5484 tantum
2327 5439 2721 5499 consequentur
2768 5432 3122 5498 beneﬁcium,
3187 5441 3244 5486 ut
3305 5441 3360 5486 ct

1847 5524 2174 5593 appellentur
2201 5529 2254 5576 et
2281 5521 2388 5575 sint
2417 5523 2644 5590 pepulus
2674 5521 2788 5589 Dei,
2820 5534 2872 5578 et
2903 5523 3140 5578 habitent
3167 5522 3221 5580 in
3252 5536 3367 5578 mae

756 5679 804 5710 9°
838 5674 996 5726 Zach.
1029 5687 1086 5733 II,
1122 5671 1176 5722 8.
1251 5666 1296 5698 ”
1342 5667 1463 5722 ibid.
1499 5669 1544 5722 9.
1622 5673 1633 5701 '
1669 5674 1724 5731 ib

1856 5677 1940 5742 ιο,
1976 5675 2060 5728 II.
2136 5675 2154 5702 ε
2185 5671 2346 5728 Zach.
2383 5691 2432 5738 κ,
2462 5675 2544 5728 ιε.
