3738 6308
1191 354 1207 386 \

824 394 927 449 407

1508 380 1770 440 EUSEBll
1796 375 2256 436 CIESARIENSIS
2291 374 2435 430 OPP.
2472 372 2646 426 PARS
2684 372 2744 425 ll.
2784 402 2849 412 —
2883 369 3354 425 APOLOGETI

823 512 911 565 dio
955 505 1070 576 ejus
1095 521 1212 574 qua:
1253 514 1473 557 vocatur
1488 502 1593 556 lilia
1624 481 1785 554 Sion:
1806 518 1824 548 ι
1859 495 1969 565 (Sic
2012 494 2152 548 enim
2183 490 2271 545 Dci

1881 495 1969 549 Sic
2012 494 2152 548 enim
2183 490 2271 545 Dci
2303 490 2356 542 in
2393 499 2430 550 Α
2464 491 2607 559 μέσῳ
2647 489 2741 557 τῆς
2782 487 3131 576 καλουμένης
3192 484 3357 576 Ουγξ

826 602 962 650 terra
998 591 1288 645 Ecvlesiam
1315 628 1330 653 ,
1356 590 1508 660 quasi
1542 588 1699 641 filiam
1732 584 2010 654 quamdam
2041 582 2177 650 ejus,
2226 594 2344 648 qua:

824 685 873 734 in
921 681 1057 734 cmlo
1093 687 1194 741 est,
1229 694 1395 734 sacrae
1440 677 1650 731 Litterae
1678 689 1869 729 vocare
1909 671 2342 738 consueverunt.)

825 769 970 822 lianc
1001 768 1162 823 etiam
1194 768 1351 822 veluti
1393 768 1532 821 bono
1570 769 1756 819 nuntio
1782 764 2009 833 gaudere
2035 762 2183 831 jubet
2209 778 2345 815 ora-

823 859 1022 921 culum,
1052 858 1272 912 dicens:
1306 874 1324 906 t
1361 855 1542 910 Gaude
1571 863 1621 908 et
1667 857 1864 915 laetare,
1903 854 2005 906 tilia
2048 852 2196 913 Sion,
2219 868 2343 905 ecce

823 962 918 1015 ego
959 950 1140 1007 venio,
1185 956 1236 999 et
1268 945 1515 998 habitabo
1558 945 1610 996 in
1655 943 1826 996 medio
1856 942 1951 995 lui.
2012 962 2030 993 ι
2068 943 2123 995 In
2172 942 2345 994 medio

823 1037 962 1090 enim
993 1030 1433 1089 Ecclesize'Deum
1487 1032 1713 1086 Verbum
1760 1032 1997 1086 habitare
2032 1031 2339 1084 credimus:

824 1123 1267 1193 quemadmodum
1326 1123 1437 1189 ipse
1488 1122 1756 1190 pollicitus
1805 1129 1927 1182 est,
1986 1136 2105 1172 cum
2162 1119 2339 1171 dixit:

830 1230 847 1261 ι
890 1210 1027 1265 Ecce
1074 1226 1172 1279 ego
1209 1210 1478 1264 vobiscum
1528 1225 1644 1263 smn
1688 1225 1874 1263 omnes
1920 1209 2053 1271 dies,
2085 1223 2251 1275 usque
2278 1208 2343 1260 ad

825 1302 1329 1353 consummationem
1352 1298 1530 1351 smculi
1567 1299 1604 1362 ³,
1657 1319 1674 1350 ι
1710 1307 1755 1352 et
1784 1316 1796 1350 :
1823 1314 1841 1345 ι
1876 1294 1975 1350 Ubi
2006 1297 2109 1348 duo
2126 1303 2216 1347 aut
2239 1305 2346 1349 tres

825 1386 1127 1455 congregati
1152 1394 1276 1440 sunt
1304 1386 1356 1439 in
1379 1389 1592 1440 nomine
1624 1401 1762 1445 meo,
1800 1385 1906 1438 illic
1943 1400 2058 1438 sum
2093 1386 2144 1437 in
2171 1384 2345 1436 medio

825 1475 1081 1529 eorum‘.»
1100 1501 1145 1511 -
1166 1494 1182 1524 ι
1220 1476 1349 1528 Cum
1386 1486 1558 1530 autem
1596 1492 1712 1545 ego,
1734 1475 1902 1544 inquit
1929 1476 2039 1543 ipse
2068 1473 2342 1538 Dominus,

826 1577 1037 1627 venero,
1077 1571 1130 1617 et
1181 1564 1428 1617 habitabo
1476 1565 1527 1617 iu
1565 1565 1736 1618 medio
1774 1565 1876 1628 tui,
1906 1584 1924 1615 ι
1955 1562 2208 1630 majorem
2232 1569 2343 1614 tum

825 1653 1178 1721 cognitionem
1225 1653 1291 1708 de
1335 1652 1443 1706 Deo
1489 1654 1848 1722 omnipotente
1900 1653 2128 1720 accipies
2168 1669 2180 1704 :
2218 1650 2342 1702 dum

824 1756 920 1809 ego
957 1740 1210 1795 Dominus
1234 1756 1470 1801 causam,
1503 1757 1598 1794 cur
1629 1741 1693 1794 ad
1732 1740 1972 1793 homines
1996 1740 2192 1792 missus
2219 1738 2342 1801 sim,

2442 578 2537 648 τὴν
2571 578 2660 628 ἐπὶ
2689 577 2788 645 γῆς
2822 574 3168 642 Ἐκκλησίαν
3227 572 3356 624 τοῦ

2441 666 2643 737 γατέρα
2703 664 3066 732 τυγχάνουσαν
3131 661 3258 729 τῆς
3326 662 3358 711 ἐ

2449 754 2730 825 Γράμμασι
2760 751 3051 805 ἀποκαλεῖν
3106 749 3358 816 φίλον.)

2439 843 2705 912 γελίζεται
2738 842 2797 895 τὸ
2821 842 3027 909 φάσκον
3069 838 3291 905 λόγιον
3317 854 3337 868 ο

2441 934 2668 1003 θύγατερ
2700 932 2852 993 Σιὼν,
2878 932 3007 984 διότι
3047 928 3177 981 ἰδοὺ
3222 926 3358 997 ἔρχι

2441 1026 2499 1077 ἐν
2535 1024 2677 1093 μέσῳ
2711 1039 2823 1075 σου.
2857 1041 2874 1070 ι
2936 1022 3026 1072 Ἐν
3080 1018 3265 1089 μέσῳ
3321 1032 3358 1082 ’γ

2439 1110 2567 1162 θεὸν
2621 1109 2785 1176 Λόγον
2830 1105 3246 1175 κατασκηνοῦν
3313 1121 3358 1155 π

2441 1201 2532 1253 καὶ
2563 1199 2879 1269 ἐπήγγελται
2914 1201 3106 1267 φήσας
3136 1214 3153 1227 ο
3192 1216 3215 1246 ι
3271 1195 3358 1247 ’λδ

2442 1289 2613 1350 πάσας
2641 1289 2737 1349 τὰς
2769 1287 2977 1357 ἡμέρας
3008 1286 3132 1348 ἕως
3167 1285 3289 1353 τῆς
3332 1299 3358 1334 σ

2442 1380 2551 1429 ttat"
2583 1377 2779 1426 «Ὅπου
2811 1374 2955 1443 δύοῆ
2978 1376 3147 1444 τρεῖς
3174 1389 3358 1439 συνη-

2440 1466 2623 1533 ὅνομα,
2639 1466 2751 1516 ἐκεῖ
2765 1467 2874 1532 εἰμι
2892 1467 2945 1516 ὲν
2962 1465 3127 1532 μέσῳ
3149 1461 3358 1515 αὐτῶν

2442 1555 2599 1622 φησὶν
2628 1552 2782 1614 αὐτὸς
2812 1554 2838 1603 ὁ
2863 1550 3093 1621 Κύριος,
3123 1569 3143 1600 ι
3188 1549 3358 1601 ὲλθὼ

2444 1657 2555 1703 σου,
2580 1662 2596 1691 ι
2638 1640 2851 1711 μείζονα
2878 1641 2996 1692 τότε
3025 1639 3261 1706 γνῶσιν
3302 1656 3357 1689 πη

2440 1749 2593 1800 τορος
2639 1732 2903 1802 ἀναλήψῃ,
2933 1730 3074 1800 ἐμοῦ
3114 1729 3226 1782 τοῦ
3266 1732 3358 1782 Κε

827 1829 965 1885 Patri
1012 1831 1101 1898 qui
1139 1832 1281 1883 misit
1312 1847 1415 1894 me,
1436 1831 1716 1883 attribuant
1744 1849 1756 1882 :
1794 1849 1812 1880 ‹
1842 1830 2140 1898 Cognosces
2166 1834 2303 1882 auten

1884 1843 2140 1898 agnosces
2166 1834 2342 1882 autem
2374 1819 2414 1872 Β
2442 1820 2750 1892 ἀνθρώπους
2770 1822 3072 1890 ἀποστολῆς
3105 1819 3357 1873 ἀνατιθὲ

825 1918 965 1987 quod
1008 1909 1261 1971 Dominus
1298 1918 1634 1986 omnipotens
1676 1917 1820 1971 misit
1859 1930 1943 1969 me
1983 1915 2047 1968 ad
2092 1923 2160 1967 te.
2206 1932 2224 1964 ι
2268 1914 2345 1966 Ac

825 2004 1074 2071 deinceps
1103 2003 1156 2057 in
1189 2004 1329 2056 [tunc
1354 2018 1482 2057 sane
1507 2003 1719 2055 modum
1751 2003 1863 2071 ipse
1890 2002 2144 2056 Dominus
2173 2001 2337 2069 loqui-

826 2095 946 2141 tur:
976 2107 994 2139 ι
1029 2088 1091 2141 Et
1109 2090 1467 2143 corroborabo
1495 2103 1588 2143 eos
1621 2089 1673 2142 in
1702 2088 1924 2143 Domino
1953 2090 2056 2143 Deo
2081 2090 2340 2158 ipsorum,

825 2183 877 2229 et
906 2176 958 2229 in
989 2178 1203 2231 nomine
1235 2177 1403 2247 ipsius
1436 2179 1828 2248 gloriabuntur,
1851 2180 1978 2233 dicit
2007 2178 2282 2234 Dominus.
2319 2198 2338 2230 ι

827 2261 929 2318 Sed
957 2266 1050 2334 qui
1078 2266 1288 2321 tandem
1324 2274 1449 2322 sunt
1476 2268 1642 2336 quiin
1675 2266 1898 2322 Domino
1928 2267 2253 2337 gloriantur?

1355 2435 1577 2490 CAPUT
1603 2435 1808 2490 XXVII.

827 2543 975 2609 Quod
1008 2558 1187 2596 rursus
1220 2542 1464 2612 Dominus
1491 2544 1554 2612 de
1596 2543 1700 2595 alio
1738 2545 1979 2612 quodam,
2023 2553 2222 2598 constat
2246 2558 2342 2600 att-

1120 2620 1218 2662 tem
1241 2611 1374 2679 quod
1403 2612 1464 2664 de
1484 2611 1645 2664 Patre
1667 2611 1758 2664 suo
1793 2613 2037 2681 loquitur.

899 2738 917 2769 ι
936 2719 1000 2772 Et
1019 2721 1248 2774 ostendit
1269 2721 1395 2774 mihi
1420 2721 1672 2776 Dominus
1689 2719 1869 2777 Jesum
1893 2724 2216 2777 sacerdotem
2233 2738 2344 2778 ma-

2444 1927 2508 1980 με
2538 1912 2723 1981 Πατρί.
2756 1929 2773 1959 ι
2805 1910 2987 1982 Γνώσῃ
3012 1910 3097 1973 δὲ,
3132 1912 3227 1962 ὅτι
3267 1911 3358 1960 Κιὶ

2442 2000 2663 2052 ἐσταλκέ
2711 2016 2777 2068 με
2798 2000 2929 2070 πρὸς
2962 2000 3043 2051 σέ.
3079 2018 3099 2050 ι
3144 2000 3273 2051 Καὶ
3320 2002 3357 2050 ἐκ

2443 2088 2535 2140 καὶ
2558 2087 2688 2139 Θεοῦ
2727 2082 2826 2140 ὧδέ
2868 2106 2984 2150 πως
3032 2089 3215 2150 αὐτὸς
3254 2091 3286 2140 6
3316 2090 3358 2139 Κ

2450 2177 2751 2247 κατισχύσω
2787 2178 2979 2241 αὐτοὺς
3021 2181 3082 2231 ὲν
3107 2180 3328 2248 Κυρίῳ

2440 2266 2658 2335 ὀνόματι
2706 2266 2864 2319 αὑτοῦ
2906 2268 3335 2337 καυχήσονται,

2439 2354 2496 2408 δὲ
2522 2353 2586 2406 ἂν
2614 2349 2720 2406 εἶεν
2755 2356 2803 2406 οἱ
2831 2357 2888 2408 ἐν
2918 2354 2994 2423 τῷ
3020 2355 3228 2424 Κυρίῳ
3259 2372 3358 2409 κατ

2939 2446 3358 2497 ΚΕΦΑΛΑΙΟΝ

2452 2554 2546 2619 Ὠς
2569 2550 2739 2620 αὖθις
2770 2557 2983 2621 Κύριος
3016 2555 3158 2622 περὶ
3191 2556 3358 2622 ἐτέρ‹

2613 2622 2702 2674 ὅτι
2729 2625 2857 2690 περὶ
2886 2624 2990 2677 τοῦ
3017 2625 3267 2692 Πατρός
3302 2642 3358 2677 ας

2512 2732 2649 2784 «Καὶ
2675 2731 2842 2795 ἔδειξέ
2874 2750 2965 2802 μοι
2998 2732 3213 2803 Κύριος
3252 2735 3358 2804 ’1ης

825 2826 1008 2881 gnum,
1043 2821 1271 2867 stantem
1300 2821 1423 2867 ante
1452 2814 1640 2868 faciem
1671 2817 1842 2881 angeli
1873 2816 2114 2880 Domini,
2149 2824 2202 2872 et
2230 2818 2301 2872 di:

1873 2816 2114 2880 Domini,
2149 2824 2202 2872 et
2230 2818 2343 2872 dia—
2437 2835 2559 2887 γαν,
2593 2819 2800 2873 ἑστῶτα
2852 2822 2960 2892 πρὸ
3001 2821 3317 2892 προσώπου

825 2902 981 2955 bolus
1010 2903 1184 2956 stabat
1220 2919 1251 2957 a
1283 2904 1486 2959 dextris
1514 2906 1649 2972 ejus,
1688 2916 1744 2960 ut
1773 2908 2145 2962 adversaretur
2178 2910 2247 2962 ei.
2277 2908 2301 2961 l

1843 2916 2145 2962 versaretur
2178 2910 2247 2962 ei.
2277 2908 2341 2962 Et
2436 2911 2466 2962 6
2487 2909 2721 2972 διάϐολος
2752 2912 2988 2980 εἱστήκει
3017 2915 3084 2964 ὲκ
3114 2912 3319 2975 δεξιῶν

827 2989 959 3043 dixit
996 2989 1252 3046 Dominus
1280 2991 1346 3044 ad
1371 2990 1638 3045 diabolum
1672 3011 1683 3046 :
1717 2991 1959 3062 lncrepet
1988 2993 2244 3047 Dominus
2286 2993 2301 3046 i

1864 3001 1959 3062 :pet
1988 2993 2244 3047 Dominus
2286 2993 2340 3047 in
2438 2999 2599 3068 αὐτῷ.
2636 3000 2743 3051 Καὶ
2776 2995 2894 3051 εἷπε
2927 3000 3134 3071 Κύριος
3190 3002 3340 3073 πρὸς

826 3085 898 3138 te,
921 3077 1146 3138 diabole,
1174 3085 1229 3133 et
1267 3078 1502 3148 increpet
1548 3078 1802 3133 Dominus
1849 3078 1903 3131 in
1938 3087 2009 3142 te,
2053 3079 2144 3147 qui
2188 3078 2299 3148 eleg

1851 3078 1903 3131 in
1938 3087 2009 3142 te,
2053 3079 2144 3147 qui
2188 3078 2342 3170 elegit
2367 3114 2407 3170 ο
2443 3085 2605 3155 μήσαι
2633 3086 2829 3155 Κύριος
2866 3087 2923 3138 ὲν
2951 3088 3053 3152 σοι,
3077 3088 3327 3150 διάϐολε,

827 3167 982 3237 253
1027 3168 1318 3224 Jerusalem
1356 3172 1399 3225 ⁸.
1451 3190 1470 3222 ι
1521 3168 1728 3225 Rursus
1779 3169 1878 3223 hoc
1928 3169 2044 3222 loco
2091 3167 2303 3221 Dominu

1928 3169 2044 3222 loco
2091 3167 2342 3222 Dominus
2378 3167 2405 3170 ’ί
2442 3176 2498 3227 ὲν
2528 3175 2627 3235 σοὶ,
2655 3177 2683 3228 6
2714 3175 3068 3243 ἐκλεξάμενος
3097 3178 3202 3247 τὴν
3249 3180 3357 3250 Ἱερ

828 3260 990 3311 alium
1008 3259 1285 3328 quemdam
1316 3260 1717 3329 objurgaturum
1748 3260 1822 3313 ait
1851 3263 2020 3328 ipsum
2054 3258 2342 3319 diabolum,

830 3347 917 3400 ubi
957 3362 1086 3402 sane
1109 3363 1214 3403 non
1239 3349 1373 3418 ipse,
1397 3350 1488 3419 qui
1517 3349 1750 3418 loquitur
1777 3348 2055 3412 Dominus,
2084 3347 2343 3415 increpat,

827 3435 922 3489 sed
945 3437 1168 3490 alterum
1194 3448 1482 3494 memorat:
1512 3440 1707 3509 quibus
1731 3439 1907 3494 verbis
1930 3438 2084 3508 plane
2101 3445 2347 3493 constare

829 3525 1059 3579 arbitror
1079 3526 1580 3583 demonstrationem
1609 3529 1674 3583 de
1710 3529 1916 3583 duabus
1951 3530 2213 3595 personis,
2239 3541 2347 3580 uno

827 3610 1003 3677 Patre,
1029 3615 1194 3669 altero
1219 3630 1282 3669 eo
1300 3618 1391 3685 qui
1421 3633 1450 3668 a
1471 3616 1627 3671 Patre
1647 3618 1879 3670 omnium
1903 3631 2019 3684 qua:
2045 3614 2180 3669 facta
2201 3621 2344 3680 sunt,

830 3709 1141 3768 potestatem
1179 3717 1241 3756 ac
1278 3704 1690 3760 dominationem
1712 3706 1994 3774 acceperit.

1351 3879 1571 3934 CAPUT
1596 3855 1825 3936 XXVIII.

829 3992 872 4043 Α
900 3980 1183 4063 Παιαεὴὶᾳ.
1202 3993 1437 4063 -—_Quod
1459 3995 1694 4063 angelum
1724 3996 2034 4049 Testamenti
2061 3994 2345 4061 Christum,

928 4068 976 4110 et
1004 4059 1232 4112 eutndem
1260 4059 1544 4115 Dominum
1567 4065 1879 4131 omnipotens
1911 4065 2048 4119 Deus
2077 4075 2244 4120 vocat.

901 4263 921 4296 ι
955 4245 1091 4301 Ecce
1136 4260 1235 4315 ego
1265 4249 1413 4301 mitto
1454 4251 1696 4317 angelum
1742 4266 1938 4315 meum,
1968 4260 2019 4305 et
2064 4254 2351 4322 prospiciet

826 4337 966 4389 viam
999 4344 1121 4388 ante
1150 4335 1335 4389 faciem
1369 4352 1562 4403 meam,
1591 4348 1643 4394 et
1670 4347 1885 4409 repente
1915 4341 2087 4394 veniet
2125 4343 2190 4395 ad
2215 4349 2349 4394 tem-

2441 3262 2666 3316 ἐνταῦθα
2725 3265 2753 3315 6
2798 3265 2999 3334 Κύριος
3051 3266 3245 3337 ἕτερον
3294 3271 3358 3321 K'

2442 3354 2663 3423 διαὸόλῳ
2692 3356 2871 3422 φησιν,
2900 3356 2996 3425 οὐχ
3028 3358 3056 3408 6
3081 3359 3354 3427 προσδιαλ

2443 3443 2632 3514 τιμῶν,
2661 3444 2773 3499 ἀλλ’
2810 3445 2993 3513 ἑτέρου
3022 3448 3357 3518 μνημονεύω

2448 3551 2544 3604 μαι
2576 3534 2756 3603 σαφῶς
2792 3535 3155 3605 παρίστασθαι
3207 3540 3340 3608 περὶ

2445 3623 2651 3693 Πατρὸς
2691 3623 2783 3675 καὶ
2808 3624 2940 3675 Θεοῦ
2986 3625 3095 3677 τῶν
3129 3626 3292 3690 ὅλων,
3329 3647 3358 3681 κ

2445 3713 2577 3782 τέρα
2616 3712 2712 3782 τὴν
2743 3713 2883 3765 κατὰ
2930 3714 3146 3767 πάντων
3195 3718 3305 3770 τῶν
3334 3737 3358 3786 γ

2447 3799 2757 3852 δεσποτείαν
2789 3800 3116 3870 διειληφότος
3148 3804 3358 3869 ἀπόδειξ

2935 3911 3329 3967 ΚΕΦΑΛΑΙΟΝ

2459 4017 2598 4093 Ἀπῤ
2645 4018 2752 4093 {of}
2799 4021 3124 4093 Μαλαχίου.
3157 4053 3227 4063 -
3262 4027 3358 4093 Ὠς

2516 4087 2619 4137 τὸν
2648 4088 2922 4151 Χριστὸν,
2957 4087 3061 4142 τὸν
3093 4093 3279 4146 αὐτὸν
3305 4087 3358 4149 ὸίδ

2515 4154 2802 4221 τοκράτωρ
2831 4156 2974 4221 Θεὸς
2999 4159 3301 4216 ἀποκαλεῖ.

2521 4283 2539 4314 ι
2583 4263 2708 4317 Ἰδοὺ
2743 4265 3110 4330 ἐξαποστέλλω
3133 4271 3222 4324 τὸν
3252 4276 3358 4344 ἇγγ

2446 4355 2601 4422 ψεται
2631 4353 2748 4407 ὁδὸν
2781 4357 2885 4433 πρὸ
2911 4358 3192 4425 προσώπου
3221 4381 3342 4433 μου,

826 4426 973 4493 plum
1001 4423 1274 4491 Dominus,
1304 4441 1461 4494 quem
1501 4444 1596 4483 vos
1628 4430 1886 4497 quaeritis,
1917 4437 1969 4484 et
2000 4431 2219 4500 angelus
2246 4431 2302 4485 Τ‹

1877 4468 1886 4493 ,
1917 4431 2348 4526 et-augelus‘Te-
2378 4413 2419 4466 υ
2444 4413 2535 4497 τὸν
2566 4445 2690 4497 ναὸν
2718 4413 2936 4515 Κύριος,
2957 4413 3026 4500 ,ὃν
3049 4450 3198 4517 ὑμεῖς

826 4514 1093 4582 stamenti,
1111 4532 1265 4586 quem
1289 4533 1383 4572 vos
1410 4519 1586 4582 vultis,
1608 4533 1733 4573 ecce
1761 4520 1922 4585 venit,
1944 4520 2071 4575 dicit
2094 4520 2348 4576 Dominus

829 4607 1200 4675 omnipotens,
1249 4616 1302 4661 et
1361 4608 1482 4676 quis
1535 4609 1817 4663 sustinebit
1869 4611 2005 4665 diem
2076 4612 2348 4681 ingressus

828 4695 1018 4763 ejus“?
1047 4715 1067 4748 ι
1095 4696 1387 4751 Etiamluec
1403 4698 1665 4767 prioribus
1692 4700 1881 4754 similia
1907 4710 2048 4756 sunt.
2078 4702 2193 4773 Ipse
2207 4705 2346 4759 enim

830 4780 1082 4838 Dominus
1105 4782 1243 4838 Deus
1272 4785 1623 4853 omnipotens,
1652 4786 1929 4842 Dominum
1962 4800 2241 4845 venturum
2274 4794 2349 4846 ait

829 4867 883 4920 in
916 4872 1168 4939 templum
1200 4887 1379 4936 suum,
1407 4874 1616 4927 interim
1646 4874 1714 4929 de
1744 4877 1848 4930 alio
1880 4878 2100 4947 loquens
2133 4895 2146 4930 :
2184 4881 2350 4946 signi-

829 4954 953 5009 ﬁcat
981 4973 1140 5026 porro
1165 4961 1329 5016 Deum
1382 4962 1628 5025 Verbum,
1663 4980 1820 5034 quem
1863 4977 2045 5036 postea
2104 4971 2345 5039 angelum

829 5041 1150 5101 Testamenti
1184 5052 1447 5116 nominat,
1477 5069 1740 5123 quemque
1766 5056 1925 5110 etiam
1955 5060 2066 5126 ipse
2094 5057 2348 5112 Dominus

829 5137 1164 5204 omnipotens
1193 5142 1348 5197 docet
1386 5160 1445 5199 se
1474 5147 1684 5201 mittere
1705 5154 1829 5203 ante
1852 5147 2038 5202 faciem
2063 5163 2235 5211 suam,
2265 5147 2349 5202 di-

828 5239 995 5278 cens:
1023 5241 1042 5272 (
1069 5224 1204 5279 Ecce
1228 5243 1326 5295 ego
1357 5233 1507 5286 mitto
1528 5235 1770 5305 angelum
1805 5251 1980 5291 meum
2013 5248 2135 5289 ante
2159 5235 2344 5288 faciem

828 5330 1021 5370 meam.
1034 5314 1218 5384 »Διαοί
1236 5320 1474 5373 eumdem
1488 5323 1645 5391 hunc,
1664 5342 1818 5397 quem
1836 5345 1857 5378 ι
1875 5327 2112 5397 angelum
2128 5339 2299 5379 meum
2321 5342 2340 5375 ι

827 5405 1058 5466 vocavit,
1117 5419 1303 5461 rursus
1360 5408 1608 5479 deinceps
1650 5415 1929 5475 Dominum
1964 5416 2211 5487 appellat,
2250 5415 2342 5469 ubi

832 5493 1071 5562 adiungit
1102 5492 1266 5547 illud:
1302 5512 1321 5546 ι
1361 5496 1424 5549 Et
1448 5509 1664 5567 repente
1690 5518 1864 5565 νεωει
1888 5509 2142 5563 Dominus
2160 5515 2211 5561 ει
2247 5520 2342 5559 an.

2445 4530 2734 4599 Διαθήκης,
2764 4530 2821 4581 ὃν
2849 4531 3007 4600 ὑμεῖς
3041 4534 3232 4590 Θέλετε.
3275 4544 3358 4596 Ίδ(

2450 4636 2561 4690 ριος
2594 4621 3004 4691 παντοκράτωρ,
3039 4627 3126 4677 καὶ
3148 4627 3227 4691 τίς
3257 4632 3358 4686 ὑπο

2443 4705 2600 4759 αὑτοῦ
2619 4722 2633 4769 ;
2654 4724 2672 4755 ι
2692 4708 2887 4775 Ὅμοια
2908 4711 3003 4762 καὶ
3030 4712 3188 4768 ταῦτα
3204 4722 3310 4782 τοῖς
3332 4739 3358 4773 7i

2448 4796 2604 4858 αὐτὸς
2634 4798 2662 4848 6
2695 4796 2826 4860 Θεὸς
2854 4806 3231 4880 παντοκράτωρ
3260 4812 3349 4881 ἦξε

2444 4884 2605 4937 αὑτοῦ
2636 4885 2869 4956 Κύριον,
2900 4892 3030 4960 περὶ
3059 4896 3229 4969 ἐτέρου
3259 4901 3358 4970 λέγι

2443 4974 2573 5029 Θεὸν
2594 4976 2781 5043 Λόγον.
2806 4980 2961 5034 Μετὰ
2983 4984 3202 5041 τοῦτοδὲ
3230 4994 3317 5044 καὶ
3341 4996 3358 5047 ἐ

2443 5063 2691 5132 ὀνομάζει
2710 5102 2726 5129 ,
2769 5066 2829 5119 ὃν
2891 5071 2989 5122 καὶ
3018 5074 3165 5139 αὐτὸς
3193 5081 3218 5131 ὁ
3246 5096 3358 5134 mw

2443 5153 2787 5207 αποστέλλειν
2816 5157 2925 5227 πρὸ
2957 5163 3227 5232 προσώπου
3257 5171 3358 5224 ἑαυε

2453 5257 2474 5290 ‹
2513 5240 2641 5295 Ἰδοὺ
2676 5244 2786 5312 ἐγὼ
2807 5243 3168 5311 ἐξαποστέλλω
3194 5258 3358 5331 ἄγγελέ

2452 5346 2568 5398 μου.
2599 5349 2619 5382 ι
2646 5334 2748 5388 Τὸν
2774 5337 2940 5392 αὐτὸν
2972 5343 3032 5397 δὲ
3055 5347 3240 5415 τοῦτον,
3267 5354 3318 5407 ὃν
3342 5375 3358 5409 t

2445 5417 2683 5519 εκᾱλεσε,
2713 5424 2872 5479 πάλιν
2896 5428 3028 5502 ἑξῆς
3050 5437 3224 5512 Κύριον
3259 5445 3358 5519 ὀνοι

2443 5505 2560 5570 ἡξει
2590 5507 2809 5581 Κύριος,
2848 5535 2868 5567 ι
2903 5505 3178 5598 ἐπιλέγων,
3204 5554 3220 5586 ι
3244 5505 3358 5596 καὶ]

895 5656 917 5689 ³
945 5654 1130 5711 Matth.
1166 5668 1351 5716 nun,
1379 5651 1465 5709 30.
1542 5658 1563 5686 ⁵
1587 5656 1770 5718 Matth.
1797 5680 1945 5727 xvni,
1976 5664 2068 5719 ευ.
2142 5665 2160 5696 ⁸
2191 5660 2347 5716 Zach.

1758 5705 1770 5718 .
1797 5680 1945 5727 xvm,
1976 5664 2068 5719 ευ.
2142 5665 2160 5696 ⁸
2191 5660 2347 5716 Zach.
2384 5674 2465 5726 nl,
2495 5658 2540 5724 Ι,
2564 5660 2619 5716 2.
2697 5666 2717 5698 ⁸
2742 5664 2978 5732 Malach.
3015 5696 3096 5753 ut,
3124 5688 3234 5761 Ι,2.
