3738 6294
104 399 189 453 41³

999 415 1624 478 DEMONSTRATIONIS
1659 417 2095 482 EVANGELICIE
2129 424 2258 488 LIB.
2295 433 2380 492 Vl.

3143 450 3244 506 4M

103 509 212 563 Θεοῦ
233 509 465 620 δύναμαί,
492 515 542 568 ol
559 515 699 571 θεῖοι
723 524 1094 596 προηγόρευον
1120 528 1282 597 λόγοι.
1315 532 1376 583 Et
1404 537 1577 600 φανεῖε

1678 537 1970 600 ,universi,
2000 542 2052 590 et
2086 534 2176 594 Dei
2221 542 2473 603 Verbum.
2517 553 2569 600 et
2614 547 2703 603 Dei
2737 552 3002 620 virtutem,
3056 557 3237 612 divina

103 604 176 716 in:
195 600 277 707 τρῦ
306 603 564 673 παρόντος
588 608 657 661 ,αἱ
692 619 1356 689 προφητικαὶλμαρτυρίαι,
1389 622 1516 676 Θεὸν
1540 626 1577 676 εἰ

1714 629 1860 695 prius
1905 627 2238 697 appellabant
2279 600 2513 690 oracula.
2562 631 2617 690 Si

101 690 375 762 ἀνθρώπους
438 695 736 761 ἀφίξεσθαι
791 703 1052 772 μέλλοντα
1108 713 1578 779 προαναφωνοῦσαι
1597 753 1612 777 ,

101 782 227 834 παντί
247 799 316 875 trp
339 783 494 852 δῆλον
525 786 622 838 ἐπὶ
657 790 789 842 τίνα
831 793 934 864 χρὴ
966 796 1063 866 τὴν
1105 801 1374 870 ἀναφορὰν
1402 802 1493 854 τοῦ
1523 821 1614 875 ση-

101 871 373 962 μαινομένου
404 877 700 932 ποιεῖσθαιο
738 883 829 935 ὅτε
861 886 1089 954 μάλιστα
1122 889 1206 943 διὰ
1231 891 1335 942 τῶν
1364 871 1608 962 πρόσθεν,

34 969 46 984 ·
96 963 137 1011 ἐν
181 959 445 1029 ἀνθρώπου
490 969 678 1036 μορφῇ
733 971 834 1022 καὶ
880 975 1132 1043 σχήματι,
1165 980 1276 1039 τοῖς
1336 959 1474 1048 ἀμφὶ
1521 982 1610 1035 τὸν

104 1049 312 1119 Ἀϐραὰμ
346 1050 648 1118 θεοφιλὲσιν
683 1058 714 1108 ό
754 1058 890 1124 Θεὸς
910 1063 1076 1130 Λόγος
1098 1067 1181 1118 ἐπ’
1215 1068 1467 1136 ὀνόματος
1493 1072 1606 1122 Κυ-

92 1139 183 1207 ρίου
215 1142 295 1192 καὶ
323 1139 450 1193 Θεοῦ
508 1143 727 1214 πέφηνε
759 1148 865 1212 τὰς
916 1153 994 1213 είς
1019 1153 1330 1223 ἀνθρώπους
1351 1158 1608 1222 ὀπτασίας

90 1231 415 1319 πεποιημένος.
429 1233 566 1302 Φέρε
585 1231 683 1286 οὖν
703 1236 933 1308 ἴδωμεν,
949 1243 1092 1306 ὅπως
1113 1246 1237 1298 ποτὲ
1262 1247 1357 1314 μὲν
1387 1248 1602 1319 Κύριον,

91 1319 188 1370 ποτὲ
230 1319 280 1370 δὲ
321 1318 446 1371 Θεὸν
510 1322 940 1394 καταϐήσεσθαι
997 1330 1076 1397 είς
1121 1318 1482 1402 ἀνθρώπους,
1513 1339 1605 1390 καὶ

88 1407 210 1459 πάλιν
237 1408 586 1478 ἀναϐήσεσθαι
616 1414 885 1484 ἐναργῶς
927 1417 1066 1470 οὓτω
1127 1427 1498 1492 προαναφωνεῖ
1536 1427 1604 1479 τά

87 1497 184 1566 παρ’
207 1496 450 1567 Ἑϐραίοις
480 1498 662 1567 λόγια,
697 1505 807 1556 καὶ
832 1506 929 1570 τάς
955 1524 1016 1574 γε
1047 1510 1219 1573 αίτίας
1243 1512 1338 1582 τῆς
1361 1513 1598 1569 καθόδου.

86 1582 316 1651 Σημειώσῃ
345 1584 476 1648 δ’ὡς
495 1587 619 1639 τινὰ
649 1590 756 1657 μὲν
796 1592 1005 1662 εἴρηται
1029 1594 1093 1647 δι’
1120 1599 1462 1668 αἰνιγμάτων,
1484 1603 1601 1656 τινὰ

85 1671 485 1745 δὲφανεριίντερον.
516 1677 602 1728 Τὰ
639 1679 748 1747 μὲν
789 1677 882 1733 οὖν
903 1683 968 1734 δι’
1002 1685 1338 1756 ἐπικρύψεως
1370 1692 1598 1764 ἡγοῦμαι

85 1763 162 1813 τῶν
195 1766 248 1814 ὲκ
282 1768 573 1835 περιτομῆς
615 1769 797 1822 ἓνεκα.
823 1773 1237 1844 κεκαλυμμένως
1257 1779 1596 1838 ἀποδεδόσθαι

1711 719 2016 788 prophetica
2069 720 2232 776 etiam
2298 726 2601 779 testimonia
2655 727 2818 782 Deum
2876 734 2942 786 ad
2993 736 3236 795 homines

1711 806 1876 863 fuisse
1916 817 2221 876 venturum,
2269 814 2579 881 praedixisse
2629 820 3021 878 ostenderimus
3063 844 3077 880 :
3122 837 3234 882 tum

1711 895 1994 964 unicuique
2013 897 2225 966 planum
2261 903 2440 964 tuerit,
2471 904 2536 957 ad
2561 920 2714 973 quem
2745 909 2941 962 referre
2969 923 3230 980 oporteat,

1707 982 1757 1035 id
1774 983 1914 1051 quod
1927 983 2357 1052 signiﬁcavimus.
2373 1005 2492 1042 cum
2513 1004 2606 1058 per
2619 1005 2680 1044 ea
2697 992 2924 1046 maxime
2943 1010 3060 1062 quze
3077 1006 3232 1053 antea

1705 1070 1844 1129 dicta
1865 1079 2010 1134 sunt,
2036 1073 2536 1142 demonstravimus,
2562 1077 2724 1132 Deum
2761 1078 3011 1145 Verbum,
3041 1081 3229 1138 habitu

1704 1159 1916 1226 quidem
1952 1159 2224 1229 formaque
2252 1163 2503 1226 hominis,
2539 1167 2752 1222 nomine
2782 1182 2908 1222 vero
2936 1167 3143 1223 Domini
3166 1187 3230 1226 ac

1705 1246 1813 1310 Dei,
1837 1255 1892 1302 et
1919 1248 2020 1317 ipsi
2046 1249 2293 1314 Abrahm,
2333 1260 2384 1305 et
2411 1254 2618 1311 caeteris
2638 1253 2730 1312 Dei
2755 1257 2943 1313 amicis
2971 1259 3116 1325 viris,
3139 1260 3229 1320 qui

1699 1336 1922 1391 Abrahae
1961 1346 2275 1420 tempestate
2313 1341 2612 1409 ﬂoruerint,
2655 1345 2887 1413 seipsum
2941 1347 3227 1403 videndum

1698 1428 2002 1496 praebuisse.
2033 1429 2150 1484 .lam
2196 1445 2340 1484 nunc
2377 1431 2540 1500 igitur
2578 1441 2782 1502 tempus
2810 1442 2894 1488 est
2941 1442 3000 1487 ut
3042 1436 3225 1492 videa-

1697 1533 1816 1573 mus
1843 1535 1946 1590 qua
1989 1521 2214 1585 ratione,
2252 1537 2394 1575 nunc
2430 1522 2730 1586 Dominum,
2769 1540 2912 1580 nunc
2958 1525 3123 1580 Deum
3156 1529 3223 1582 ad

1696 1605 1935 1662 homines
1968 1608 2366 1673 descensurum,
2401 1620 2452 1664 et
2486 1626 2674 1665 rursus
2711 1626 3081 1678 ascensurum,
3116 1625 3222 1669 tam

1695 1697 1964 1752 evidenter
2014 1698 2352 1755 Hebrzeurum
2406 1703 2622 1755 oracula
2675 1704 2822 1772 prius
2873 1705 3223 1761 denuntiave—
3283 1772 3291 1778 _

1693 1786 1818 1849 rint,
1856 1795 1907 1842 et
1933 1801 2171 1856 quasnam
2202 1788 2426 1855 hujusce
2451 1790 2741 1845 descensus
2768 1807 2944 1846 causa!
2972 1792 3169 1847 fuerint
3201 1809 3216 1848 :

82 1853 146 1905 διὰ
193 1854 249 1907 τὰ
297 1855 661 1927 θεσπιζόμενα
721 1865 856 1914 κατ’
916 1865 1090 1917 αὐτῶν
1147 1868 1437 1939 σκυθρωπά
1461 1888 1474 1901 ο
1524 1873 1572 1925 δι

1688 1878 1897 1931 tametsi
1925 1853 2054 1933 illud
2087 1878 2183 1931 tibi
2205 1853 2494 1933 notandum
2524 1888 2628 1943 est,
2661 1881 2764 1934 alia
2787 1883 3000 1951 quidem
3029 1885 3221 1938 obscu-

85 1943 188 2013 ᾶπερ
207 1946 334 2008 εἰκὸς
361 1942 427 2016 ἦν
455 1949 549 2008 καὶ
601 1951 880 2016 ἀφανίσαι
925 1953 1116 2016 αὐτοὺς
1155 1957 1250 2026 τὴν
1283 1958 1515 2029 Γραφὴν,
1544 1963 1590 2014 εί

85 2036 129 2084 ἐκ
164 2033 238 2086 τοῦ
288 2037 593 2106 προφανοῦς
639 2039 744 2108 τὴν
815 2041 1044 2110 ἐσχάτην
1108 2045 1280 2097 αὐτῶν
1327 2048 1592 2118 ἀποϐολὴν

85 2125 332 2190 ἐσήμαινεν.
372 2127 528 2179 Οὕτω
567 2127 706 2195 γοῦν
768 2130 869 2182 καὶ
921 2133 1030 2193 τοῖς
1069 2135 1366 2203 προφήταις
1414 2137 1591 2201 αὐτοῖς

84 2211 391 2267 ἒπιδουλεῦσαι
410 2217 612 2278 αὐτοὺς
645 2218 880 2290 κατέχει
925 2220 1179 2286 λόγος,δι’
1206 2222 1297 2285 οὒς
1324 2225 1591 2278 ἐποιοῦντο

75 2303 169 2354 ¹κατ’
189 2305 340 2355 αὐτῶν
370 2305 649 2377 ἐλέγχους.
681 2308 754 2359 At
801 2308 858 2359 δὲ
916 2313 1103 2377 σαφεῖς
1148 2318 1460 2384 προφητεῖαι
1494 2317 1589 2385 τὴν

83 2392 159 2443 τῶν
197 2393 343 2447 ἐθνῶν
393 2396 589 2464 κλῆσιν
632 2397 948 2452 λευκότατα
977 2401 1300 2471 περιέχουσι,
1323 2405 1428 2456 τῶν
1466 2410 1582 2459 κατ’

83 2472 296 2534 εὐσέϐειαν
343 2485 562 2550 ἀγαθῶν
612 2485 718 2548 τὰς
748 2488 1080 2555 ἐπαγγελίας
1116 2491 1175 2543 οὐ
1204 2491 1278 2560 τῷ
1328 2494 1585 2548 Ἰουδαίων

84 2566 201 2629 ἑθνει,
225 2571 343 2623 πᾶσι
385 2573 439 2624 δὲ
478 2572 806 2644 ἀνθρώποις
844 2579 954 2638 τοῖς
980 2577 1100 2629 καθ’
1136 2579 1262 2647 ὅλης
1286 2581 1380 2650 τῆς
1411 2584 1584 2634 οἰκου-

84 2658 207 2726 μένης
257 2663 741 2730 καταγγέλλουσαι.
782 2658 879 2715 Ὧν
909 2664 1078 2729 οὔτως
1131 2668 1374 2737 ἐχόντων,
1399 2672 1584 2744 καιρὸς

82 2745 151 2814 ἤδη
177 2749 256 2799 καὶ
276 2750 372 2802 τῶν
408 2752 567 2804 θείων
595 2751 912 2806 ἐπακοῦσαι
945 2753 1155 2821 λογίων.

1692 1967 1824 2028 rius,
1859 1967 1960 2019 alia
2003 1974 2177 2021 autem
2203 1969 2437 2036 apertius
2469 1971 2610 2024 dicta
2651 1971 2896 2025 inveniri.
2922 1973 3094 2042 Atque
3121 1989 3218 2043 ego

1690 2056 1900 2123 quidem
1927 2057 2174 2122 arbitror,
2206 2059 2497 2113 occultiora
2527 2061 2616 2112 illa
2643 2071 2859 2130 propter
2880 2060 3110 2124 Iudaeos,
3144 2063 3216 2115 ita

1689 2145 1922 2202 involute
1954 2153 2112 2214 atque
2158 2146 2412 2215 implicite
2448 2149 2653 2202 reddita
2686 2165 2825 2211 esse,
2856 2151 2997 2219 quod
3027 2149 3216 2204 videli-

1687 2242 1772 2288 cet
1791 2235 1962 2289 tristia
1983 2235 2222 2304 quaedam
2250 2237 2303 2289 in
2337 2237 2442 2291 illis
2469 2246 2654 2293 contra
2691 2239 2838 2312 ipsos
2869 2249 3213 2302 canerentur.

1687 2325 1754 2376 ob
1784 2339 1901 2392 quae
1930 2325 2218 2380 verisimile
2251 2325 2370 2391 fuit,
2393 2329 2540 2395 ipsos
2562 2327 2854 2383 abolituros
2884 2329 3214 2397 perdituros-

1683 2427 1786 2480 que
1808 2411 1972 2467 fuisse
1991 2413 2342 2482 Scripturam,
2371 2415 2417 2469 si
2444 2423 2626 2484 aperte
2645 2427 2939 2472 extremum
2972 2418 3209 2486 ipsorum

1682 2499 1954 2557 interitum
2001 2502 2375 2572 signiﬁcasset.
2425 2502 2513 2560 Sic
2567 2519 2696 2566 sane
2731 2507 2890 2560 etiam
2933 2507 3209 2576 prophetis

1681 2588 1904 2648 infestos
1942 2591 2126 2657 fuisse,
2170 2595 2438 2652 memoriae
2481 2595 2750 2685 proditum
2783 2602 2886 2658 est,
2929 2604 3208 2665 propterea

1679 2679 1819 2746 quod
1849 2681 1915 2736 ab
1953 2681 2060 2736 illis
2092 2679 2784 2752 reprehenderenturCQum
2813 2700 2939 2738 vero
2967 2686 3205 2753 apertius

1680 2765 1969 2834 loquuntur
1996 2767 2306 2837 prophetiae,
2331 2770 2398 2822 ab
2422 2769 2488 2822 iis
2505 2770 2689 2837 utique
2712 2771 2946 2838 gentium
2974 2771 3204 2837 vocatio,

80 2838 202 2891 nullis
225 2839 445 2894 involuta
497 2842 963 2906 obscuritatibus,
997 2846 1299 2906 continetur
1324 2848 1369 2902 ἐ
1414 2850 1713 2921 eaedemque
1767 2856 2028 2910 bonorum
2059 2873 2177 2926 qua:
2216 2872 2244 2910 a
2273 2859 2469 2927 pietate
2516 2857 2928 2927 proficiscuntur
2978 2860 3207 2928 promis--

80 2927 233 2993 siones,
267 2945 367 2983 non
415 2933 509 2984 uni
552 2930 812 2986 Iudaicae
855 2933 1020 3002 genti,
1076 2936 1168 2990 sed
1215 2939 1466 2993 omnibus
1506 2957 1601 3009 per
1661 2952 1825 2998 totum
1876 2953 2143 3004 terrarum
2206 2949 2389 3003 orbem
2447 2949 2789 3014 hominibus,
2844 2927 3203 3005 denuntiant:

77 3036 164 3086 qua:
205 3037 312 3076 cum
357 3023 436 3078 sic
481 3039 542 3079 se
577 3039 678 3079 res
736 3023 995 3110 habe-ant,
1040 3026 1150 3094 jam
1195 3043 1337 3082 nunc
1364 3033 1578 3086 oracula
1610 3045 1822 3106 quoque
1839 3037 2016 3093 divina
2043 3039 2248 3103 audire,
2277 3048 2487 3110 tempus
2514 3041 2692 3095 fuerit.

541 3106 953 3190 ΚΕΦΑΛΑΙΟΝ
990 3141 1070 3193 A'.

79 3221 272 3289 Ψαλμοῦ
290 3225 371 3288 ις’.
391 3254 462 3266 -—
483 3227 637 3302 Θεοῦ
659 3229 753 3292 είς
770 3228 1112 3302 ᾀνθρῴπξους
1135 3232 1387 3302 ἀφίξεως
1399 3235 1578 3302 δήλω-

263 3308 371 3357 σις,
403 3297 499 3355 καὶ
525 3297 628 3348 ἐπὶ
674 3297 864 3363 ταύτῃ
891 3295 1105 3363 κλῆσις
1131 3295 1334 3355 ἐθνῶν.

125 3396 140 3427 ι
171 3380 262 3434 Καὶ
291 3381 495 3436 ἔκλινεν
543 3385 843 3452 οὐρανοὺς,
883 3385 975 3436 καί
1018 3387 1240 3456 κατέϐη,
1263 3391 1352 3443 καὶ
1379 3393 1576 3462 γνόφος

72 3466 147 3518 ὑπὸ
167 3473 272 3534 τοὺς
294 3475 449 3536 πόδας
485 3475 658 3528 αὐτοῦ
681 3492 696 3505 ·
730 3475 827 3526 καὶ
853 3475 1020 3546 ἐπέϐη
1050 3478 1142 3530 ἐπὶ
1175 3482 1450 3552 χερουϐὶμ,
1483 3486 1576 3543 καὶ

67 3558 316 3632 ἐπετάσθηο
375 3566 659 3636 ἐπετάσθη
720 3566 814 3618 ἐπὶ
862 3566 1144 3636 πτερύγων
1189 3571 1431 3641 ἀνέμων⁸
1483 3575 1574 3627 καὶ

70 3646 179 3699 ἔθετο
219 3653 392 3716 σκότος
443 3656 786 3725 ἀποκρυφὴν
839 3656 1035 3720 αὑτοῦ,
1085 3659 1265 3728 κύκλῳ
1323 3661 1482 3714 αὐτοῦ
1539 3664 1570 3732 ἡ

67 3737 195 3807 σκηνή
217 3741 386 3795 αὐτοῦ.
429 3761 448 3792 ι
492 3743 776 3813 Ἠγοῦμαι
809 3745 896 3798 διὰ
937 3749 1137 3802 τούτων
1175 3751 1422 3820 ἄντικρυς
1443 3750 1569 3803 Θεοῦ

65 3826 235 3912 κάθοδον
261 3833 548 3901 οὐρανόθεν
580 3836 971 3905 παρίστασθαι.
1007 3839 1286 3910 Προειπὼν
1309 3841 1414 3912 γὰρ
1445 3843 1571 3895 πολ-

62 3909 131 3976 λὰς
152 3915 417 3986 θεολογίας,
461 3923 722 3990 ἐπιλέγει
758 3924 826 3976 τὰ
865 3909 1170 3996 ἐκκείμενα.
1194 3929 1281 3998 Τῷ
1307 3930 1362 3982 δὲ
1387 3909 1569 3997 ’λέγειν

61 4000 210 4056 κλίνειν
227 4008 376 4061 αὐτὸν
403 4011 703 4080 οὐρανοὺς,
735 4012 825 4069 καὶ
867 4013 1292 4082 κατεληλυθέναι,
1323 4017 1570 4084 σημαίνει

61 4088 129 4156 τὴν
145 4093 414 4170 ὑποστολὴν
439 4102 542 4170 τῆς
558 4099 756 4152 ἐνθέου
789 4100 964 4169 δόξης,
995 4103 1061 4171 ἢν
1091 4105 1118 4155 ὁ
1144 4104 1280 4167 θεῖος
1313 4106 1565 4166 Ἀπόστο-

58 4178 120 4242 λσς
136 4191 374 4254 παριστὰς
399 4191 624 4258 ἐλεγενν
665 4209 685 4241 ι
721 4194 814 4253 ὐς
830 4194 888 4243 ἐν
921 4196 1099 4262 μορφῇ
1129 4193 1260 4245 Θεοῦ
1290 4195 1561 4265 ὑπάρχων,

57 4269 125 4339 οὐχ
149 4275 417 4347 ἁρπαγμὸν
473 4282 734 4350 ἡγήσατο
782 4282 841 4334 τὸ
869 4277 1004 4334 εἶναι
1033 4282 1122 4336 ἴσα
1149 4283 1283 4353 Θεῷ,
1317 4285 1428 4344 ἀλλ’
1461 4287 1561 4338 αὑ-

54 4358 118 4408 τὸν
131 4363 354 4430 ὲκένωσε,
381 4369 605 4445 μορφὴν
628 4368 812 4420 δούλου
840 4370 1035 4422 λαϐών.
1063 4391 1081 4420 ι
1107 4372 1211 4424 Καὶ
1223 4373 1300 4434 τὸ,
1325 4391 1343 4422 ι
1365 4374 1559 4445 Ἐπέϐη

2180 3155 2340 3224 25s
2365 3154 2587 3208 CAPUT
2618 3155 2660 3209 ι.

1675 3242 1715 3294 Α
1745 3244 1945 3311 psalmo
1985 3261 2112 3298 xvn.
2136 3274 2201 3283 —
2227 3245 2324 3296 Dei
2346 3244 2413 3294 ad
2436 3244 2660 3297 homines
2689 3244 2934 3298 adventus
2967 3247 3198 3301 ostendi-

2063 3323 2166 3370 tur.
2194 3314 2312 3364 item
2335 3314 2530 3365 vacatio
2557 3314 2803 3381 gentium.

1745 3417 1764 3447 ι
1792 3398 1857 3451 Et
1891 3400 2166 3454 inclinavit
2189 3402 2354 3455 coelos
2381 3411 2434 3456 et
2475 3401 2771 3464 descendit,
2806 3411 2858 3455 et
2893 3403 3064 3470 caligo
3096 3403 3198 3456 sub

1672 3487 1893 3555 pedibus
1921 3489 2035 3556 ejus
2059 3507 2072 3542 :
2104 3498 2155 3542 et
2184 3491 2421 3543 ascendit
2455 3505 2613 3558 super
2642 3491 2938 3554 cherubim,
2972 3498 3024 3544 et
3051 3493 3194 3544 vola-

1671 3577 1746 3631 vit
1776 3592 1788 3626 :
1826 3579 2020 3630 volavit
2045 3593 2204 3646 super
2233 3594 2434 3647 pennas
2470 3587 2749 3632 ventorum
2783 3597 2797 3632 :
2831 3589 2883 3632 et
2902 3579 3080 3647 posuit
3108 3586 3192 3632 te-

1671 3669 1860 3720 nebras
1885 3666 2158 3723 latibulum
2189 3683 2365 3730 suum,
2399 3669 2452 3720 in
2477 3668 2702 3721 circuitu
2730 3668 2846 3735 ejus
2873 3667 3191 3720 tabernacu-

1671 3758 1776 3808 lum
1806 3756 2002 3824 ejus".
2047 3776 2064 3806 ι
2113 3758 2355 3812 Arbitror
2402 3773 2467 3813 ex
2506 3757 2592 3812 his
2631 3757 2940 3826 planissime
2980 3756 3072 3810 Dei
3124 3757 3190 3810 de

1668 3845 1803 3898 coelo
1848 3845 2160 3898 descensum
2187 3844 2396 3899 ostendi
2428 3859 2441 3894 :
2487 3852 2767 3913 postquam
2797 3845 2936 3898 enim
2995 3844 3190 3898 multas

1669 3935 1960 4002 tltoologias
2010 3935 2326 4000 enuntiavit,
2367 3945 2476 3987 tum
2516 3950 2578 3990 ea
2626 3951 2746 4008 qua:
2789 3935 3029 4001 exposita
3063 3942 3186 3987 sunt

1664 4024 1921 4093 adjuugit.
1954 4023 2123 4078 Porro
2161 4026 2285 4078 dum
2327 4023 2459 4078 dicit
2492 4025 2779 4078 inclinasse
2812 4024 2960 4076 illum
2997 4023 3184 4085 cmlos,

1663 4119 1715 4164 et
1739 4112 1816 4165 sic
1839 4111 2200 4173 descendisse,
2239 4114 2655 4168 contractionem
2695 4111 2884 4165 divinae
2905 4111 3084 4179 gloria:
3113 4113 3184 4164 si-

1660 4201 1894 4269 gniﬁcat,
1908 4217 2064 4270 quam
2093 4202 2304 4256 divinus
2317 4202 2602 4270 Apostolus
2618 4203 2896 4259 declarans
2913 4201 3016 4254 ait:
3041 4219 3058 4250 ι
3083 4198 3182 4265 Qui

1661 4305 1782 4342 cum
1809 4291 1862 4344 in
1888 4291 2054 4345 forma
2083 4291 2173 4346 Dei
2190 4301 2352 4354 esset,
2375 4307 2480 4346 non
2511 4293 2748 4360 rapinam
2787 4291 3074 4344 arbitratus
3101 4296 3183 4343 est

1659 4393 1780 4433 esse
1806 4394 1864 4432 se
1887 4381 2140 4448 aequalem
2173 4381 2282 4435 Deo
2311 4396 2324 4432 :
2351 4382 2440 4435 sed
2473 4380 2705 4448 seipsum
2730 4379 3040 4440 exiuanivit,
3074 4376 3181 4430 for-

53 4445 176 4503 δὲὲπὶ
191 4459 459 4526 χεῳυὸὶμ,
482 4459 582 4512 καὶ
605 4459 900 4530 ἐπετάσθη,
930 4480 948 4511 ι
967 4461 1288 4520 αἰνίττεσθαί
1315 4479 1401 4530 μοι
1421 4463 1564 4515 δοκεῖ

1678 4485 1802 4522 nam
1838 4475 1974 4524 servi
2014 4472 2358 4541 accipiens”.
2392 4491 2409 4522 ι
2441 4470 2573 4528 lllud
2611 4476 2785 4526 autem
2817 4507 2831 4531 ,
2874 4486 2893 4517 ι
2928 4466 3181 4522 Ascendit

52 4537 122 4604 τῇ
141 4543 216 4593 ἐπὶ
240 4546 327 4597 τοῦ
353 4548 490 4599 Θεοῦ
514 4548 682 4610 δόξαν
708 4549 1164 4612 ἀποκατάστασιν,
1187 4552 1252 4621 ἦν
1275 4552 1558 4622 πεποίηται

52 4626 311 4696 meum;
366 4639 459 4688 καὶ
518 4637 702 4698 θείαις
755 4638 1010 4707 δυνάμεσι
1069 4639 1552 4711 δορυφορούμενος’

53 4712 73 4760 ὃ
97 4719 168 4766 καὶ
210 4721 329 4774 αὐτὸ
359 4723 664 4793 δηλοῦσθαί
692 4743 778 4794 μοι
806 4725 950 4778 δοκεῖ
970 4727 1051 4779 διὰ
1079 4727 1196 4779 τοῦ⁸
1218 4746 1236 4778 ι
1260 4729 1550 4799 Ἐπετάσθη

143 4810 399 4877 πτερύγων
439 4814 689 4883 ἀνέμων.
719 4833 736 4864 ι
773 4815 846 4867 Τὸ
879 4815 936 4866 δὲ
961 4816 1148 4878 σκότος
1172 4816 1435 4870 τεθεῖσθαι
1453 4820 1550 4890 τὴν

59 4886 320 4968 ἀηωιρυφὴν
347 4900 539 4962 αὑτοῦ,
582 4903 680 4956 καὶ
703 4903 895 4970 γνόφον
925 4904 1026 4955 ὑπὸ
1053 4905 1177 4964 τοὺς
1215 4904 1371 4968 πόδας
1395 4886 1555 4960 αὐτοῦ

59 4974 275 5046 λέγεσθαι,
323 4991 735 5058 παραστατικὸν
781 4991 847 5044 ἂν
907 4992 990 5060 εἴη
1029 4992 1129 5060 τῆς
1185 4994 1408 5060 κρυφίου
1464 4997 1555 5055 καὶ

65 5066 311 5141 ἀωρῥὴτου
359 5079 696 5147 οἰκονομίας,
739 5081 858 5132 καθ’
892 5082 956 5149 ἢν
993 5081 1166 5132 ταῦτα
1208 5083 1376 5134 πάντα
1411 5087 1553 5156 αὐτῷ

66 5153 256 5212 ἐτελεῖτο.
296 5181 313 5210 ι
347 5165 547 5234 Κύκλῳ
599 5167 656 5218 δὲ
678 5167 846 5226 αὐτοῦ
879 5170 912 5236 ὴ
969 5167 1136 5235 σκηνὴ
1170 5169 1351 5232 αὑτοῦ,
1387 5190 1406 5222 ι
1435 5177 1552 5229 τίνα

68 5236 262 5308 λέγεσθαι
310 5256 570 5324 προσήκει
609 5258 770 5316 νοεῖν,
806 5256 840 5323 ἢ
893 5256 989 5322 τὴν
1034 5254 1194 5319 ἁγίαν
1248 5256 1407 5308 αὑτοῦ
1463 5264 1553 5314 καὶ

77 5333 295 5422 τεθολικὴν
324 5344 660 5412 Ἐκκλησίαν,
691 5346 805 5400 εἴτε
827 5343 928 5412 τὴν
960 5343 1046 5394 ἐπὶ
1061 5342 1153 5408 τῆς
1171 5343 1284 5411 γῆς,
1317 5347 1428 5398 εἴτε
1459 5349 1554 5422 τὴν

78 5417 356 5494 ὶ¹ίτλῖδᾳιεηῖςς
397 5434 552 5502 Ἑξῆς
583 5433 639 5484 δὲ
667 5432 816 5490 κατὰ
843 5433 933 5484 τὸν
963 5431 1114 5484 αὑτὸν
1141 5432 1340 5504 ψαλμὸν
1376 5417 1552 5492 τελευ-

83 5508 348 5584 τώνόλόγος,
366 5524 496 5589 ὁμοῦ
523 5522 860 5591 παραίτησιν
881 5521 974 5576 τοῦ
999 5521 1245 5590 προτέρου
1276 5527 1432 5591 λαοῦ,
1463 5532 1547 5592 καὶ

137 5678 295 5740 "l’sal.
321 5706 435 5755 xvii,
472 5692 651 5746 10-12.
749 5689 792 5717 ’³
832 5687 1047 5750 philipp'
1077 5703 1131 5748 ”'
1159 5689 1208 5745 θ’

1663 4573 1824 4625 super
1842 4558 2136 4620 cherubim,
2168 4565 2222 4612 et.
2249 4558 2467 4620 volavit,
2503 4576 2519 4608 ι
2555 4556 2855 4624 signiﬁcare
2874 4555 3001 4608 mihi
3034 4553 3178 4606 vide-

1659 4653 1766 4707 tur,
1795 4645 1933 4714 quod
1973 4647 2153 4714 gloriae
2191 4647 2281 4701 Dei
2309 4654 2453 4700 esset
2494 4644 2876 4706 restituendus,
2919 4649 3077 4710 atque
3107 4641 3188 4693 in-

1658 4736 1810 4790 terim
1864 4735 2118 4804 angelicis
2169 4736 2470 4804 divinisque
2512 4734 2680 4802 copiis
2733 4730 3112 4799 constipandus
3158 4742 3174 4778 :

1654 4823 1794 4893 quod
1833 4824 1956 4876 item
1994 4824 2121 4876 mihi
2161 4823 2432 4877 declarare
2458 4822 2585 4880 illud
2622 4821 2830 4874 videtur
2868 4837 2881 4872 :
2913 4838 2932 4869 ‹
2971 4817 3175 4870 Volavit

1652 4930 1812 4982 super
1837 4927 2039 4982 pennas
2065 4921 2361 4967 ventorum.
2394 4933 2412 4964 ι
2443 4913 2594 4986 Quod
2617 4919 2790 4965 autem
2825 4909 3072 4962 tenebras
3100 4907 3172 4958 la-

1648 5004 1873 5058 tibulum
1919 5016 2074 5060 suum
2103 5003 2360 5069 posuerit.
2391 5014 2442 5056 et
2493 5002 2770 5070 caliginem
2815 5000 2914 5053 sub
2949 4998 3174 5067 pedibus

1648 5091 1764 5159 ejus
1796 5089 2004 5153 dixerit,
2028 5088 2278 5142 nimirum
2309 5089 2412 5141 hoc
2447 5090 2532 5150 sit,
2575 5087 2834 5140 occultam
2859 5093 2912 5137 et
2940 5083 3179 5138 ineffabi-

1648 5183 1750 5235 lem
1789 5179 2238 5247 dispensationem
2281 5177 2590 5238 indicantis,
2646 5173 2939 5229 secundum
2987 5189 3170 5242 quam,

1652 5271 1898 5324 universa
1943 5269 2054 5326 hate
2083 5269 2150 5322 ab
2183 5271 2300 5337 ipso
2344 5266 2576 5337 perfecta
2602 5272 2726 5318 sunt
2759 5280 2771 5314 :
2804 5263 2945 5331 quod
2995 5273 3170 5316 autem

1655 5378 1673 5415 ι
1711 5360 1767 5412 In
1797 5358 2022 5412 circuitu
2073 5357 2189 5426 ejus
2219 5356 2617 5412 tabernaculum
2650 5354 2766 5422 ejus
2797 5372 2815 5404 ι
2849 5353 3047 5406 dictum
3079 5353 3169 5414 sit,

1647 5449 1778 5502 nihil
1822 5463 1920 5517 ego
1967 5448 2108 5501 aliud
2158 5448 2376 5516 intelligi
2415 5452 2664 5515 oportere
2710 5443 2960 5504 arbitror,
3009 5458 3168 5510 quam

1648 5543 1885 5590 sanctam
1931 5536 2100 5604 ipsius
2128 5543 2180 5590 et
2211 5535 2529 5590 catholicam
2560 5531 2876 5596 Ecclesiam,
2909 5531 3020 5586 sive
3052 5546 3166 5584 eam
