3738 6304
916 415 1016 468 «£15

917 548 1034 603 quae
1059 532 1112 583 in
1135 526 1313 591 terris,
1346 514 1460 579 sive
1494 536 1611 575 eam
1643 532 1761 587 quae
1791 517 1845 569 in
1874 515 2013 569 cwlo
2036 518 2282 566 versatur
2315 506 2458 560 acci-
2483 509 2528 565 Α

923 627 1053 692 pias.
1086 618 1346 684 Deinceps
1364 628 1489 667 vero
1514 612 1567 664 in
1597 608 1783 663 eodem
1815 602 2140 674 psalmo‘ubi-
2152 598 2323 652 oratio
2351 606 2455 649 ter-

923 690 1173 772 minatur,
1196 708 1352 761 simul
1383 712 1435 759 et
1459 702 1794 770 rejectionem
1823 694 2016 765 prioris
2046 690 2245 761 populi,
2276 695 2330 742 et
2361 700 2457 739 vo-

922 805 1184 854 cationem
1213 797 1446 867 gentium
1478 785 1911 862 praedivinat,his
1933 782 2150 837 verbis:
2193 796 2211 828 ι
2248 774 2457 844 Eripies

926 911 1008 948 me
1037 894 1101 947 de
1144 884 1656 945 contradictionibus
1704 877 1909 948 populi,
1946 871 2244 927 constitues
2286 882 2370 920 me
2400 864 2456 916 in

928 995 1087 1058 caput
1114 984 1370 1054 gentium.
1402 975 1636 1042 Populus
1676 984 1832 1039 quem
1856 981 1962 1019 non
1986 959 2210 1031 cognovi
2240 953 2459 1011 servivit

933 1039 1021 1058 ,Ἴ
1115 1039 1144 1054 υ
1482 1039 1494 1042 _

931 1080 1081 1138 mihi,
1128 1078 1180 1128 in
1236 1068 1419 1123 auditu
1472 1063 1619 1118 auris
1661 1056 1897 1113 obcdivit
1943 1053 2072 1107 mihi
2110 1066 2123 1101 ε
2166 1047 2260 1100 ﬁlii
2300 1039 2459 1097 alieni

933 1170 1140 1228 mentiti
1190 1176 1314 1220 sunt
1356 1159 1509 1223 mihi,

1534 397 1793 456 EUSEBll
1815 388 2281 451 CESARIENSIS
2316 386 2464 441 OPP.
2504 381 2679 438 PARS
2708 379 2771 434 ll.
2807 406 2877 420 --
2907 369 3299 430 APOLOGETI

2550 503 2648 573 τὴν
2704 500 2891 569 κλῆσιν
2931 496 3041 548 τῶν
3086 489 3262 546 ἐθνῶν

2560 612 2577 645 ι
2621 590 2781 660 Ῥύσῃ
2803 604 2868 659 με
2889 585 2948 650 εξ
2966 578 3290 649 ἀντιλογιῶν

2556 680 2725 751 φαλὰς
2751 675 2936 729 ὲθνῶν.
2967 672 3105 733 Λαὸς
3136 670 3201 722 ὃν
3237 668 3299 720 οὺ

2556 770 2815 839 ἀλλότριοι
2846 759 3141 825 ἐψεύσαντό
3191 773 3302 827 μοι,

2559 876 2674 923 σαν,
2707 857 2795 910 καὶ
2821 852 3088 923 ὲχώλαναν
3128 846 3245 900 ἀπὸ
3270 862 3302 896 τ

2559 947 2615 1000 δὲ
2640 944 2821 1005 ὁποίας
2844 940 3081 1000 διανοίας
3113 936 3302 1006 ἔχεται

2564 1035 2654 1106 ρὸν
2678 1028 3113 1098 ἐξετασθήσεται.

1555 1156 1648 1209 lilii
1695 1150 1852 1205 alieni
1901 1143 2178 1201 inveterati
2212 1147 2358 1199 sunt,
2408 1140 2460 1188 et
2488 1128 2919 1185 claudicaverunt
2945 1136 2975 1174 a
3007 1117 3228 1175 semitis
3292 1130 3302 1168 ε

934 1281 1057 1321 nam
1113 1274 1271 1317 sensu
1299 1256 1606 1323 accipienda
1641 1250 1769 1310 sint,
1798 1258 1897 1298 suo
1925 1251 2161 1308 tempore
2187 1228 2561 1303 inquirendum
2599 1238 2627 1275 a
2651 1220 2803 1275 nobis
2831 1217 2953 1271 erit.

1435 1363 1595 1433 259
1631 1355 1851 1414 CAPUT
1892 1352 1956 1407 ιι.

941 1487 980 1541 Α
1015 1483 1211 1552 psalmo
1234 1494 1374 1552 apvt.
1406 1504 1475 1516 —
1502 1474 1756 1551 Ascensus
1783 1467 1876 1520 Dei
1905 1465 1990 1533 qui
2016 1463 2160 1531 prius
2191 1454 2466 1541 descende~

1010 1531 1091 1606 rat
1115 1566 1133 1603 :
1160 1566 1220 1603 ac
1241 1547 1473 1611 deinceps
1507 1541 1705 1595 vacatio
1745 1531 2045 1611 cunctamini
2073 1531 2322 1600 gentium,
2353 1539 2467 1594 qua:

1012 1603 1165 1671 initum
1187 1628 1235 1670 et
1265 1603 1431 1670 solani
1463 1611 1625 1667 Deum
1661 1614 1809 1660 erant
1837 1603 2138 1671 cogniturus.

1015 1727 1034 1761 ι
1068 1710 1260 1762 Om'nes
1284 1711 1489 1776 gentes,
1537 1698 1770 1769 plaudite
1800 1692 2070 1751 manibus,
2102 1686 2326 1757 jubilate
2360 1682 2469 1736 Deo

941 1799 992 1854 ir
1030 1812 1160 1851 voce
1183 1790 1575 1852 exsultationis,
1607 1785 1856 1856 QuOniam
1871 1779 2127 1833 Dominus
2152 1773 2466 1832 altissimus,

3091 1324 3302 1377 KEQA.

2573 1457 2814 1526 Ψαλμοῦ
2886 1463 2958 1522 ς’.
2989 1485 3061 1497 --
3091 1451 3302 1505 Ἀνάϐα

2639 1545 2756 1576 tor.
2773 1475 3216 1576 καῗέπίκλησις
3246 1520 3302 1571 ὲᾶ

2639 1520 2756 1591 τοξι,
2773 1520 2870 1579 καὶ
2887 1520 3216 1587 ἐπίκλησις
3246 1520 3302 1571 ἑά

2637 1597 2822 1665 μόνον
2846 1595 2989 1647 Θεὸν
3020 1592 3298 1658 ἐπιγνωσ

2644 1705 2662 1736 ‹
2691 1684 2868 1737 Πάντα
2894 1681 2964 1734 τὰ
2987 1680 3113 1749 ἔθνη
3148 1694 3302 1750 κροττ

2570 1774 2684 1844 Θεῷ
2714 1775 2770 1827 ὲν
2802 1775 2946 1842 φωνῇ
2977 1769 3302 1838 ἀγαλλιάσει

944 1885 1219 1948 terribilis,
1253 1898 1343 1936 rex
1376 1894 1599 1949 magnus
1642 1888 1800 1944 super
1843 1883 2053 1923 onmem
2084 1875 2301 1920 terram.
2330 1860 2420 1914 Sui

1843 1883 2053 1923 omnem
2084 1875 2301 1920 terram.
2330 1860 2472 1914 Sub-
2505 1857 2545 1910 Β
2565 1860 2744 1936 Ἑερὺς,
2778 1862 3021 1933 βασιλεὺς
3053 1859 3233 1929 μέγας
3271 1860 3295 1908 ὲ

945 1976 1069 2047 iecit
1102 1974 1323 2042 populos
1354 1970 1527 2031 nobis,
1555 1974 1606 2021 et
1623 1974 1808 2035 gentes
1835 1961 1934 2014 sub
1960 1957 2186 2028 pedibus
2220 1953 2420 2006 nostris
2454 1969 2468 2004 :

946 2042 1103 2134 elegit
1132 2061 1287 2115 nobis
1311 2057 1670 2111 licereditatem
1713 2051 1836 2112 sibi,
1865 2048 2094 2117 speciem
2124 2042 2289 2095 Jacob
2313 2053 2472 2108 quam

949 2132 1152 2207 dilexit.
1201 2147 1453 2203 Ascendit
1480 2146 1618 2199 Deus
1646 2147 1699 2197 in
1722 2142 1913 2210 iubilo,
1950 2136 2206 2191 Dominus
2248 2132 2303 2183 in
2349 2142 2477 2181 voce

951 2245 1112 2297 tubze.
1146 2241 1361 2295 Psallite
1417 2237 1525 2291 Deo
1570 2242 1778 2294 nostro,
1812 2230 2056 2300 psallite,
2113 2222 2325 2294 psallite
2365 2217 2477 2286 regi

954 2343 1158 2394 nostro,
1189 2331 1416 2401 psallite,
1453 2326 1701 2397 quoniam
1748 2337 1841 2375 rex
1884 2317 2060 2372 omnis
2115 2323 2271 2368 terra:
2318 2308 2477 2369 Deus,

953 2424 1163 2496 psallite
1213 2422 1518 2490 sapienter:
1580 2412 1821 2483 regnavit
1871 2409 2011 2462 Deus
2063 2419 2223 2472 super
2275 2406 2478 2469 gentes,

955 2514 1094 2567 Deus
1125 2510 1270 2564 sedet
1309 2523 1469 2577 super
1489 2504 1666 2558 sedem
1703 2510 1940 2554 sanctam
1990 2507 2163 2548 suam.
2210 2487 2484 2553 Principes

957 2600 1272 2671 populorum
1330 2575 1635 2661 congregati
1696 2593 1822 2642 sunt
1867 2600 1986 2639 cum
2033 2582 2140 2633 Deo
2175 2575 2479 2632 Abraham,

958 2686 1208 2758 quoniam
1251 2683 1417 2753 ipsius
1445 2681 1538 2733 Dei
1590 2679 1755 2731 fortes
1779 2694 1806 2729 a
1841 2684 1980 2727 terra
2007 2669 2348 2723 vehementer
2374 2661 2484 2714 ele-

2569 1956 2726 2018 λαοὺς
2748 1955 2876 2024 ἡμῖν
2894 1992 2907 2015 ,
2954 1951 3048 2004 καὶ
3076 1950 3210 2019 ἔθνη
3255 1950 3302 2000 fit

2575 2042 2697 2106 ξατο
2724 2044 2851 2111 ἡμῖν
2877 2040 2973 2109 τὴν
3001 2037 3302 2108 κληρονομι

2574 2131 2720 2196 κὼὸ,
2767 2132 2831 2201 ἢν
2882 2129 3193 2198 ἠγάπησεν.
3248 2128 3302 2176 Ἀ

2575 2221 2772 2291 Κύριος
2813 2222 2869 2271 ἐν
2901 2220 3050 2288 φωνῇ
3088 2215 3300 2282 σάλπιγ

2576 2312 2795 2381 ψὰλατε,
2829 2308 3033 2378 ψάλατε
3060 2306 3140 2376 τῷ
3173 2304 3301 2374 βασι

2578 2400 2700 2463 λεὺς
2724 2400 2897 2469 πάσης
2924 2398 3024 2467 τῆς
3053 2396 3163 2465 γῆς
3195 2398 3224 2446 ὁ
3252 2396 3296 2446 Θ

2579 2490 2765 2541 λευσεν
2786 2489 2813 2538 ὁ
2842 2487 2973 2550 Θεὸς
3000 2486 3094 2538 ἐπὶ
3132 2484 3203 2536 τὰ
3246 2483 3302 2535 ἒθ

2582 2595 2671 2630 νου
2706 2578 2855 2644 ἁγίου
2890 2575 3079 2629 αὑτοῦ.
3123 2577 3298 2645 Ἀρχο

2581 2664 2673 2718 τοῦ
2705 2666 2836 2718 Θεοῦ
2885 2664 3164 2734 Ἀϐραὰμ,
3196 2665 3302 2716 ὃτι⁴

958 2750 1066 2830 vati
1096 2781 1223 2829 sunt
1252 2750 1316 2827 ιδ.
1351 2792 1368 2822 ι
1404 2769 1541 2835 Quid
1564 2766 1775 2820 tandem
1805 2761 1946 2815 aliud
1978 2772 2085 2827 prae
2113 2770 2170 2810 se
2190 2752 2328 2806 ferre
2375 2767 2434 2803 vu

1825 2761 1946 2815 tliud
1978 2772 2085 2827 prae
2113 2770 2170 2810 se
2190 2752 2328 2806 ferre
2375 2750 2487 2803 vult
2586 2754 2786 2825 σφόδρα
2819 2752 3164 2824 ἐπήρθησαν.
3206 2772 3223 2803 ι
3263 2753 3301 2804 Κ

961 2867 1008 2920 is
1033 2864 1240 2918 Domini
1271 2877 1330 2915 ac
1367 2861 1457 2914 Dei
1500 2870 1777 2916 ascensus,
1827 2853 1916 2921 qui
1949 2850 2094 2903 hisce
2123 2842 2299 2898 verbis
2325 2856 2437 2909 expc

1827 2853 1916 2921 qui
1949 2850 2094 2903 hisce
2123 2842 2299 2898 verbis
2325 2854 2488 2909 expo-
2586 2860 2693 2897 νειν
2725 2846 2757 2913 ἡ
2795 2843 2879 2895 διὰ
2907 2843 3118 2895 τούτων
3155 2842 3301 2912 δηλοι

961 2959 1097 3009 situs
1116 2960 1217 3013 est,
1248 2965 1405 3020 quam
1443 2956 1598 3001 antea
1628 2942 1968 2999 descendisse
2020 2951 2140 2990 eum
2167 2973 2182 2997 ,
2224 2932 2314 3001 qui
2348 2947 2437 2984 nui

1824 2942 1968 2995 disse
2020 2951 2140 2990 eum
2167 2973 2182 2997 ,
2224 2932 2314 3001 qui
2348 2945 2490 2984 nunc
2586 2934 2720 2997 οδος,
2752 2934 2784 3003 ἦ
2816 2934 2914 3004 τὴν
2945 2934 3173 3004 πρὸτῆς
3202 2933 3297 2985 ἀνό

965 3041 1255 3098 ascendat?
1286 3047 1404 3110 post
1429 3053 1584 3108 quem
1618 3051 1747 3091 sane
1769 3045 2072 3091 ascensum,
2102 3026 2490 3095 protinusgen-

965 3135 1096 3188 tium
1123 3139 1436 3184 cunctarum
1483 3128 1691 3183 vocatio
1746 3123 1976 3184 canitur,
2007 3112 2394 3179 bilaritatisque
2428 3121 2490 3159 ac

968 3222 1163 3276 laetitia:
1193 3220 1364 3287 signa,
1395 3224 1518 3286 post
1547 3230 1663 3270 eam
1685 3228 1802 3282 qua:
1831 3212 2173 3277 exspectatur
2194 3200 2284 3254 Dei
2302 3195 2489 3267 cogni-

968 3313 1189 3372 tionem,
1223 3307 1529 3362 nationibus
1560 3302 1826 3357 universis
1872 3289 2201 3351 nuntiatur‘!
2256 3283 2496 3356 quando-

970 3400 1183 3472 quidem
1235 3396 1409 3463 ipsum
1434 3391 1715 3447 Dominum
1755 3386 2106 3442 altissimum,
2135 3389 2290 3446 quem
2324 3372 2495 3426 solum

974 3489 1137 3544 Deum
1167 3501 1229 3539 ac
1256 3498 1432 3552 regem
1460 3481 1720 3536 universae
1743 3486 1898 3531 terra:
1932 3475 2212 3530 confessus
2239 3482 2339 3534 est,
2370 3467 2499 3524 sub-

969 3581 1235 3645 iecturum
1278 3574 1435 3629 nobis
1486 3571 1711 3641 populos
1754 3568 1884 3621 dicit
1915 3585 1927 3617 :
1964 3566 2118 3619 nobis
2153 3569 2349 3623 autem,
2380 3558 2501 3627 qui-

974 3672 1076 3724 bus
1104 3668 1128 3720 ?
1154 3668 1236 3719 his
1262 3679 1410 3725 sane,
1439 3663 1530 3730 qui
1560 3660 1671 3713 hate
1701 3659 1815 3726 ipsa
1848 3655 2122 3710 vaticinati
2145 3659 2271 3706 sunt
2301 3669 2314 3703 :
2360 3646 2502 3717 quod

976 3759 1150 3828 ipsum
1202 3754 1414 3823 quidem
1436 3725 1544 3819 jam
1576 3725 1731 3802 nunc,
1749 3746 2068 3814 completum
2112 3744 2266 3811 plane
2309 3725 2502 3793 intueri

978 3850 1122 3907 licet,
1143 3842 1354 3914 quando
1379 3853 1579 3911 gentes.
1605 3851 1721 3907 qua:
1741 3837 1793 3888 in
1824 3835 2023 3889 Christi
2049 3833 2202 3886 (idem
2223 3835 2502 3913 venerunt,

982 3951 1168 3990 omnes
1211 3932 1443 3987 oraculis
1484 3930 1861 3998 prophetarum
1891 3925 2139 3981 .abdicta:
2196 3928 2338 3974 sunt.
2385 3896 2506 3972 [iace

980 4034 1159 4078 tamen
1183 4024 1387 4085 eadem,
1409 4022 1567 4075 etiam
1584 4036 1649 4075 ex
1673 4016 2031 4087 apostolorum
2074 4009 2366 4065 Salvatoris
2411 4022 2510 4061 no-

987 4114 1087 4169 stri
1123 4126 1349 4182 persona
1383 4111 1489 4164 dici
1517 4116 1765 4179 possunt,
1789 4106 1880 4174 qui
1910 4102 2120 4172 quidem
2153 4099 2205 4152 id
2232 4100 2307 4152 ita
2336 4113 2509 4152 enun-

988 4204 1123 4256 tient
1147 4219 1161 4255 :
1194 4218 1212 4249 ι
1234 4199 1404 4268 Elegit
1429 4199 1580 4252 nobis
1604 4196 1960 4251 haereditatem
1989 4203 2140 4244 suam
2172 4204 2186 4240 :
2216 4205 2235 4238 ι
2261 4192 2510 4239 cazterum

990 4306 1149 4362 quam
1176 4290 1388 4343 tandem
1439 4286 1795 4340 hareditatem
1828 4281 2068 4348 accipere
2118 4282 2362 4345 oportet,
2411 4272 2513 4328 nisi

987 4381 1318 4438 vocationem
1351 4377 1584 4446 gentium
1607 4369 2184 4435 universarum‘iquam
2218 4367 2332 4433 ipse
2359 4363 2516 4417 Chri-

2587 3025 2668 3076 λιν
2701 3026 2732 3094 ἡ
2755 3025 2860 3076 τῶν
2889 3024 3061 3077 ἐθνῶν
3085 3025 3302 3077 πάντων

2592 3116 2682 3167 καὶ
2715 3113 3057 3185 εὐφροσύνης
3098 3117 3301 3184 σημεῖα

2589 3208 2701 3266 τοῖς
2727 3204 2932 3256 ἔθνεσιν
2963 3204 3173 3257 ἅπασιν
3211 3204 3302 3254 sint

2592 3295 2620 3346 ὁ
2649 3293 2867 3359 ὕψιστος
2889 3331 2903 3355 ,
2934 3293 3100 3362 μόνος
3130 3293 3264 3355 Θεὸς
3297 3309 3302 3342 τ

2593 3381 2940 3449 ὁμολογηθεὶς
2960 3419 2975 3441 ,
3015 3381 3302 3446 ὑποτάξειν

2594 3473 2650 3525 δὲ
2681 3473 2818 3524 τίσιν
2867 3471 2899 3541 ἦ
2930 3472 3140 3542 δηλαδὴ
3193 3474 3302 3533 τοῖς

2597 3562 2738 3614 ἔστιν
2770 3562 3019 3631 ἐναργῶς
3053 3563 3180 3614 ἰδεῖν
3215 3579 3302 3613 πει

2598 3653 2826 3723 Χριστδν
2854 3654 3269 3706 πεπιστευκότα

2600 3743 2705 3796 τῶν
2736 3743 3122 3797 ὑποτέτακται.
3166 3743 3302 3810 Λέγο

2602 3833 2747 3886 ὠπου
2792 3833 2899 3885 τῶν
2945 3835 3272 3888 ἀποστόλων

2603 3925 2804 3978 εἴποιεν
2841 3925 2906 3978 ἂν
2938 3927 3032 3978 τά
3083 3945 3100 3976 ι
3143 3924 3302 3988 Ἐξελι

2606 4012 2815 4066 ἑαυτοῦ.
2849 4031 2866 4062 ι
2897 4012 3297 4085 κληρονομίαν

2606 4100 2792 4170 κλῆσιν
2814 4100 2920 4153 τῶν
2947 4102 3133 4155 ἐθνῶν
3166 4101 3302 4154 ἁπαν

2608 4188 2739 4242 Θεοῦ
2794 4194 3078 4261 παριστὰς
3137 4192 3302 4261 ἔφησε

2610 4279 2736 4342 Υἱός
2789 4297 2886 4348 μου
2929 4278 2986 4333 εἴ
3012 4284 3098 4343 σὺ,
3124 4282 3235 4348 ἐγὼ
3258 4298 3302 4331 σι

2612 4369 2736 4438 παρ’
2769 4368 2901 4437 ἐμοῦ
2925 4410 2939 4432 ,
2969 4373 3065 4425 καὶ
3088 4370 3244 4423 δώσω
3274 4387 3302 4421 σ

989 4484 1102 4530 stus
1142 4471 1233 4526 Dei
1262 4485 1381 4524 cum
1406 4466 1705 4537 signiﬁcare
1726 4463 1916 4525 vellet,
1948 4460 2022 4512 ita
2051 4457 2124 4510 ait
2155 4476 2168 4510 :
2203 4473 2221 4505 ι
2256 4454 2465 4507 Domint

1825 4472 1882 4514 et
1902 4502 1916 4525 ,
1948 4460 2022 4512 ita
2051 4457 2124 4510 ait
2155 4476 2168 4510 :
2203 4473 2221 4505 ι
2256 4454 2511 4507 Dominus
2542 4472 2586 4527 ι)
2611 4457 2699 4509 καὶ
2728 4458 2826 4527 τὴν
2853 4461 3186 4529 κατάσχεσίν
3221 4476 3301 4511 σοι

988 4564 1123 4618 dixit
1152 4562 1215 4615 ad
1241 4575 1342 4621 me,
1372 4556 1541 4609 Filius
1568 4568 1716 4607 meus
1742 4568 1799 4606 es
1831 4559 2026 4617 tu,ego
2055 4547 2212 4600 hodie
2235 4544 2392 4615 genui
2422 4550 2508 4607 te;

992 4653 1202 4725 postula
1230 4665 1259 4702 a
1287 4664 1391 4711 me,
1419 4655 1470 4701 et
1500 4646 1637 4699 dabo
1657 4643 1750 4696 tibi
1780 4648 1964 4710 gentes
1993 4637 2352 4691 htereditatem
2369 4644 2513 4688 tuam

992 4760 1046 4805 et
1071 4744 1463 4817 possessionem
1487 4746 1630 4790 tuam
1653 4734 1910 4789 terminos
1938 4738 2093 4784 terrm
2118 4730 2177 4780 ¹⁶.
2217 4748 2235 4781 ι
2263 4725 2390 4793 Quae
2417 4725 2516 4794 igi-

993 4813 1087 4890 tur
1106 4834 1221 4902 ipsa
1247 4845 1277 4883 a
1313 4827 1468 4880 Patre
1500 4825 1621 4878 data
1648 4829 1728 4875 est
1765 4817 2075 4877 luereditas,
2095 4818 2234 4870 hanc
2261 4813 2517 4882 apostolis

995 4928 1104 4981 suis
1145 4931 1302 4991 atque
1333 4914 1606 4987 prophetis
1654 4911 1816 4981 260
1861 4909 2112 4977 subjecit,
2145 4907 2269 4961 dum
2299 4904 2520 4973 quicun-

997 5028 1097 5080 que
1121 5010 1221 5079 ipsi
1239 5007 1464 5060 credunt
1492 5004 1680 5055 horum
1706 4999 1982 5070 praeceptis
2005 5013 2066 5050 ac.
2091 4996 2294 5066 legibus
2311 5000 2514 5061 parent,

1000 5097 1435 5165 quemadmodum
1449 5092 1688 5161 exposita
1706 5090 1952 5143 vaticinia
1978 5086 2331 5158 praescribunt
2364 5100 2377 5136 :
2409 5083 2519 5135 hac

1002 5200 1124 5236 vero
1143 5192 1356 5242 cuncta,
1386 5196 1507 5233 cum
1526 5180 1662 5234 Deus
1679 5177 1909 5232 Verbum
1931 5177 2031 5230 sub
2050 5175 2335 5229 adventum
2364 5184 2518 5225 suum

1003 5268 1068 5321 ad
1086 5268 1346 5326 homines,
1388 5268 1730 5335 compleverit
1754 5282 1816 5319 ac
1844 5264 2125 5335 perfecerit
2144 5302 2157 5323 ,
2190 5262 2257 5314 de
2277 5273 2384 5328 quo
2415 5256 2522 5310 Deo

1008 5355 1300 5424 Vcrbojam
1331 5353 1484 5421 plura
1508 5359 1874 5421 tractavimus,
1904 5363 2020 5408 tum
2051 5351 2292 5406 ascendit
2341 5349 2395 5401 in
2439 5347 2525 5414 ju-

1006 5447 1131 5510 bilo,
1160 5442 1301 5513 quod
1329 5442 1539 5510 quidem
1571 5461 1691 5499 cum
1726 5445 2014 5515 Apostolus
2068 5442 2523 5509 interpretaretur,

1007 5534 1079 5587 ila
1125 5534 1197 5585 ait
1226 5550 1239 5584 ε
1271 5547 1291 5581 ι
1327 5528 1477 5593 Quod
1526 5543 1703 5588 autem
1735 5534 2055 5594 ascenderit,
2105 5528 2233 5600 quid
2284 5535 2385 5589 est,
2426 5524 2528 5599 nisi

2607 4565 2704 4618 την
2736 4545 2825 4601 οὖν
2848 4549 2947 4618 τὴν
2983 4551 3090 4604 ὑπὸ
3128 4550 3222 4603 τοῦ
3268 4551 3302 4600 li

2611 4639 2796 4707 νομξαν
2816 4678 2829 4701 ,
2863 4640 3102 4707 ὑπέταξε
3132 4643 3245 4702 τοῖς
3283 4639 3302 4690 ἐ

2610 4742 2763 4789 ταις,
2796 4727 2871 4796 τῷ
2901 4733 3032 4795 τοὺς
3070 4733 3148 4792 εἷς
3194 4729 3302 4781 αὑτᾶ

2615 4816 2980 4887 ὑποτετάχθαι
3025 4821 3208 4887 λόγοις
3224 4858 3237 4881 ,
3291 4835 3302 4870 ι

2616 4904 2965 4977 θεσπίσμασι.
3021 4911 3133 4961 Καὶ
3175 4907 3302 4960 ταῦτ

2617 4997 2715 5067 τῆς
2741 4999 2819 5060 εἰς
2861 5000 3185 5072 ἀνθρώπους
3216 4999 3302 5049 αὑπ

2620 5101 2687 5136 πε
2696 5086 2746 5154 ρί
2782 5081 2843 5140 οὗ
2889 5088 3115 5141 πλεῖστα
3171 5089 3299 5155 ἡμῖν

2619 5173 2829 5244 λαγμῷ.
2862 5177 3034 5230 Τοῦτο
3074 5177 3130 5229 δὲ
3174 5177 3302 5244 ἑρμγ

2630 5279 2648 5311 ι
2681 5262 2753 5313 Τὸ
2766 5263 2822 5315 δὲ
2845 5265 3008 5335 ἀνέϐη
3027 5263 3079 5315 τί
3102 5264 3269 5321 ἐστιν,

2625 5352 2703 5412 εἰς
2750 5352 2818 5404 τὰ
2869 5354 3154 5407 κατώτατα
3198 5350 3299 5418 μέρ

2628 5439 2743 5491 ἐστι
2782 5443 2875 5495 καὶ
2898 5444 2926 5494 ὁ
2958 5441 3158 5501 ἀναϐὰς
3187 5439 3302 5499 om

2629 5525 2825 5600 λαγμῷ
2852 5531 2910 5585 δὲ
2952 5530 3111 5583 αὐτόν
3141 5543 3300 5597 φησιν

1075 5620 1116 5652 ¹⁸
1146 5620 1289 5675 Psal.
1326 5631 1455 5679 xvu,
1498 5618 1683 5676 44-46.
1756 5626 1797 5656 ιδ
1828 5623 1968 5680 Psal.
2020 5636 2164 5685 xm,
2194 5616 2341 5672 2-10.
2420 5615 2461 5646 ³⁸
2494 5611 2551 5668 Ps

1498 5618 1683 5676 44-46.
1756 5626 1797 5656 "
1828 5623 1968 5680 Psal.
2020 5636 2164 5685 xui,
2194 5616 2341 5672 2-10.
2420 5615 2461 5646 ³⁸
2494 5611 2636 5669 Psal.
2674 5632 2746 5680 ll,
2797 5621 2849 5685 7,
2887 5623 2953 5677 8-

1080 5715 1097 5772 <
1110 5713 1156 5770 ll
1181 5708 1524 5767 Desideratur
1554 5718 1600 5771 ὁ.
1640 5717 1796 5773 Enn.
