  <div class='ocr_page' id='page_1' title='image "/cluster/home/n/w/nwhite01/storage/ocr_20150623/22 (Eusebius; pt. 4)/nyp.33433081862355/224.png"; bbox 0 0 3738 6292; ppageno 0'>
   <div class='ocr_carea' id='block_1_1' title="bbox 132 411 2428 480">
    <p class='ocr_par' dir='ltr' id='par_1_1' title="bbox 132 411 2428 480">
     <span class='ocr_line' id='line_1_1' title="bbox 132 411 2428 480; baseline 0.003 -7"><span class='ocrx_word' id='word_1_1' title='bbox 132 416 219 473; x_wconf 68' lang='grc' dir='ltr'><strong>υτ</strong></span> <span class='ocrx_word' id='word_1_2' title='bbox 1031 418 1654 480; x_wconf 71' lang='lat' dir='ltr'><strong>DEMDNSTRATIONIS</strong></span> <span class='ocrx_word' id='word_1_3' title='bbox 1693 411 2135 478; x_wconf 59' lang='lat' dir='ltr'><strong>EVANGELICE</strong></span> <span class='ocrx_word' id='word_1_4' title='bbox 2172 417 2303 476; x_wconf 82' lang='lat' dir='ltr'><strong>LIB.</strong></span> <span class='ocrx_word' id='word_1_5' title='bbox 2345 424 2428 478; x_wconf 74' lang='lat' dir='ltr'><strong>Vl.</strong></span> 
     </span>
    </p>
   </div>
   <div class='ocr_carea' id='block_1_2' title="bbox 3148 427 3251 482">
    <p class='ocr_par' dir='ltr' id='par_1_2' title="bbox 3148 427 3251 482">
     <span class='ocr_line' id='line_1_2' title="bbox 3148 427 3251 482; baseline 0.019 -2"><span class='ocrx_word' id='word_1_6' title='bbox 3148 427 3251 482; x_wconf 71' lang='lat' dir='ltr'><strong>H8</strong></span> 
     </span>
    </p>
   </div>
   <div class='ocr_carea' id='block_1_3' title="bbox 133 506 1619 610">
    <p class='ocr_par' dir='ltr' id='par_1_3' title="bbox 133 506 1619 607">
     <span class='ocr_line' id='line_1_3' title="bbox 133 506 1619 607; baseline -0.001 -22"><span class='ocrx_word' id='word_1_7' title='bbox 133 532 207 585; x_wconf 74' lang='grc' dir='ltr'>τὸν</span> <span class='ocrx_word' id='word_1_8' title='bbox 243 528 496 598; x_wconf 65' lang='grc' dir='ltr'>θεολογίαν</span> <span class='ocrx_word' id='word_1_9' title='bbox 553 506 661 586; x_wconf 82' lang='grc' dir='ltr'><strong>τῶν</strong></span> <span class='ocrx_word' id='word_1_10' title='bbox 725 535 1157 607; x_wconf 74' lang='grc' dir='ltr'><strong>δορυφορούντων</strong></span> <span class='ocrx_word' id='word_1_11' title='bbox 1202 534 1358 588; x_wconf 77' lang='grc' dir='ltr'>αὐτὸν</span> <span class='ocrx_word' id='word_1_12' title='bbox 1419 532 1619 586; x_wconf 79' lang='grc' dir='ltr'><strong>ἀνιόντα</strong></span> 
     </span>
    </p>
   </div>
   <div class='ocr_carea' id='block_1_4' title="bbox 1723 506 3247 610">
    <p class='ocr_par' dir='ltr' id='par_1_4' title="bbox 1728 531 3247 610">
     <span class='ocr_line' id='line_1_4' title="bbox 1728 531 3247 610; baseline 0 -19"><span class='ocrx_word' id='word_1_13' title='bbox 1728 534 1865 605; x_wconf 88' lang='lat' dir='ltr'><strong>quod</strong></span> <span class='ocrx_word' id='word_1_14' title='bbox 1888 542 1942 589; x_wconf 89' lang='lat' dir='ltr'><strong>et</strong></span> <span class='ocrx_word' id='word_1_15' title='bbox 1963 531 2299 588; x_wconf 82' lang='lat' dir='ltr'><strong>descenderit</strong></span> <span class='ocrx_word' id='word_1_16' title='bbox 2328 536 2555 605; x_wconf 86' lang='lat' dir='ltr'><strong>primum</strong></span> <span class='ocrx_word' id='word_1_17' title='bbox 2578 536 2629 591; x_wconf 92' lang='lat' dir='ltr'><strong>in</strong></span> <span class='ocrx_word' id='word_1_18' title='bbox 2657 537 2864 594; x_wconf 87' lang='lat' dir='ltr'><strong>infimas</strong></span> <span class='ocrx_word' id='word_1_19' title='bbox 2909 549 3088 610; x_wconf 88' lang='lat' dir='ltr'><strong>partes</strong></span> <span class='ocrx_word' id='word_1_20' title='bbox 3135 549 3247 595; x_wconf 83' lang='lat' dir='ltr'><strong>ter-</strong></span> 
     </span>
    </p>
   </div>
   <div class='ocr_carea' id='block_1_5' title="bbox 131 620 1620 696">
    <p class='ocr_par' dir='ltr' id='par_1_5' title="bbox 131 620 1620 696">
     <span class='ocr_line' id='line_1_5' title="bbox 131 620 1620 696; baseline 0.003 -24"><span class='ocrx_word' id='word_1_21' title='bbox 131 620 354 687; x_wconf 75' lang='grc' dir='ltr'>ἁγγὲλων·</span> <span class='ocrx_word' id='word_1_22' title='bbox 378 621 425 673; x_wconf 78' lang='grc' dir='ltr'>οἶ</span> <span class='ocrx_word' id='word_1_23' title='bbox 443 624 535 674; x_wconf 72' lang='grc' dir='ltr'>καὶ</span> <span class='ocrx_word' id='word_1_24' title='bbox 571 623 779 692; x_wconf 71' lang='grc' dir='ltr'>ἔλεγον·</span> <span class='ocrx_word' id='word_1_25' title='bbox 810 644 828 674; x_wconf 75' lang='grc' dir='ltr'><strong>ι</strong></span> <span class='ocrx_word' id='word_1_26' title='bbox 844 627 1043 696; x_wconf 80' lang='grc' dir='ltr'>Ἀρατε</span> <span class='ocrx_word' id='word_1_27' title='bbox 1067 626 1254 691; x_wconf 87' lang='grc' dir='ltr'>πύλας,</span> <span class='ocrx_word' id='word_1_28' title='bbox 1280 628 1328 679; x_wconf 85' lang='grc' dir='ltr'>οἱ</span> <span class='ocrx_word' id='word_1_29' title='bbox 1348 627 1620 696; x_wconf 79' lang='grc' dir='ltr'>ἄρχοντες,</span> 
     </span>
    </p>
   </div>
   <div class='ocr_carea' id='block_1_6' title="bbox 134 710 1631 780">
    <p class='ocr_par' dir='ltr' id='par_1_6' title="bbox 134 710 1631 780">
     <span class='ocr_line' id='line_1_6' title="bbox 134 710 1631 780; baseline 0.001 -16"><span class='ocrx_word' id='word_1_30' title='bbox 134 710 272 780; x_wconf 66' lang='grc' dir='ltr'>ὖμῶν,</span> <span class='ocrx_word' id='word_1_31' title='bbox 287 710 371 761; x_wconf 78' lang='grc' dir='ltr'>καὶ</span> <span class='ocrx_word' id='word_1_32' title='bbox 385 710 674 780; x_wconf 73' lang='grc' dir='ltr'>ὲπᾶρθητε,</span> <span class='ocrx_word' id='word_1_33' title='bbox 696 712 858 766; x_wconf 98' lang='grc' dir='ltr'>πύλαι</span> <span class='ocrx_word' id='word_1_34' title='bbox 874 713 1098 779; x_wconf 83' lang='grc' dir='ltr'>αἰώνιοι,</span> <span class='ocrx_word' id='word_1_35' title='bbox 1123 717 1217 768; x_wconf 75' lang='grc' dir='ltr'>καὶ</span> <span class='ocrx_word' id='word_1_36' title='bbox 1238 714 1588 767; x_wconf 76' lang='grc' dir='ltr'><strong>εἰσελεύσεται</strong></span> <span class='ocrx_word' id='word_1_37' title='bbox 1602 715 1631 766; x_wconf 99' lang='lat'><strong>6</strong></span> 
     </span>
    </p>
   </div>
   <div class='ocr_carea' id='block_1_7' title="bbox 130 799 1628 873">
    <p class='ocr_par' dir='ltr' id='par_1_7' title="bbox 130 799 1628 873">
     <span class='ocr_line' id='line_1_7' title="bbox 130 799 1628 873; baseline 0.001 -20"><span class='ocrx_word' id='word_1_38' title='bbox 130 799 340 868; x_wconf 75' lang='grc' dir='ltr'>βασιλεὺς</span> <span class='ocrx_word' id='word_1_39' title='bbox 382 800 473 869; x_wconf 80' lang='grc' dir='ltr'><strong>τῆς</strong></span> <span class='ocrx_word' id='word_1_40' title='bbox 508 800 688 871; x_wconf 79' lang='grc' dir='ltr'>δόξης.</span> <span class='ocrx_word' id='word_1_41' title='bbox 739 823 757 854; x_wconf 73' lang='grc' dir='ltr'><strong>ι</strong></span> <span class='ocrx_word' id='word_1_42' title='bbox 790 805 975 873; x_wconf 78' lang='grc' dir='ltr'>Φωνὴν</span> <span class='ocrx_word' id='word_1_43' title='bbox 1019 805 1073 857; x_wconf 86' lang='grc' dir='ltr'>δὲ</span> <span class='ocrx_word' id='word_1_44' title='bbox 1107 805 1397 871; x_wconf 77' lang='grc' dir='ltr'><strong>σάλπιγγος</strong></span> <span class='ocrx_word' id='word_1_45' title='bbox 1426 804 1523 856; x_wconf 83' lang='grc' dir='ltr'>οὐκ</span> <span class='ocrx_word' id='word_1_46' title='bbox 1565 802 1628 855; x_wconf 83' lang='grc' dir='ltr'>ἂν</span> 
     </span>
    </p>
   </div>
   <div class='ocr_carea' id='block_1_8' title="bbox 130 889 1630 960">
    <p class='ocr_par' dir='ltr' id='par_1_8' title="bbox 130 889 1630 960">
     <span class='ocr_line' id='line_1_8' title="bbox 130 889 1630 960; baseline 0.003 -20"><span class='ocrx_word' id='word_1_47' title='bbox 130 889 346 959; x_wconf 66' lang='grc' dir='ltr'>σφαλείης</span> <span class='ocrx_word' id='word_1_48' title='bbox 372 890 428 941; x_wconf 86' lang='grc' dir='ltr'>τὸ</span> <span class='ocrx_word' id='word_1_49' title='bbox 452 892 715 960; x_wconf 72' lang='grc' dir='ltr'>κήρυγμα</span> <span class='ocrx_word' id='word_1_50' title='bbox 740 891 909 944; x_wconf 79' lang='grc' dir='ltr'>εἰπὼν</span> <span class='ocrx_word' id='word_1_51' title='bbox 937 893 999 945; x_wconf 88' lang='grc' dir='ltr'>τὸ</span> <span class='ocrx_word' id='word_1_52' title='bbox 1024 893 1387 960; x_wconf 83' lang='grc' dir='ltr'>εὐαγγελικὸν,</span> <span class='ocrx_word' id='word_1_53' title='bbox 1427 895 1504 956; x_wconf 82' lang='grc' dir='ltr'>εἰς</span> <span class='ocrx_word' id='word_1_54' title='bbox 1531 893 1630 945; x_wconf 81' lang='grc' dir='ltr'><strong>πᾶ-</strong></span> 
     </span>
    </p>
   </div>
   <div class='ocr_carea' id='block_1_9' title="bbox 126 980 1628 1052">
    <p class='ocr_par' dir='ltr' id='par_1_9' title="bbox 126 980 1628 1052">
     <span class='ocr_line' id='line_1_9' title="bbox 126 980 1628 1052; baseline 0 -19"><span class='ocrx_word' id='word_1_55' title='bbox 126 997 203 1033; x_wconf 80' lang='grc' dir='ltr'><strong>σαν</strong></span> <span class='ocrx_word' id='word_1_56' title='bbox 226 980 473 1048; x_wconf 75' lang='grc' dir='ltr'>ἐξηχῆσαν</span> <span class='ocrx_word' id='word_1_57' title='bbox 504 980 603 1049; x_wconf 86' lang='grc' dir='ltr'>τὴν</span> <span class='ocrx_word' id='word_1_58' title='bbox 636 983 982 1051; x_wconf 78' lang='grc' dir='ltr'>οἰκουμένην.</span> <span class='ocrx_word' id='word_1_59' title='bbox 1028 982 1227 1044; x_wconf 79' lang='grc' dir='ltr'>Παντὸς</span> <span class='ocrx_word' id='word_1_60' title='bbox 1259 981 1364 1051; x_wconf 77' lang='grc' dir='ltr'>γὰρ</span> <span class='ocrx_word' id='word_1_61' title='bbox 1406 982 1628 1052; x_wconf 78' lang='grc' dir='ltr'>ὀργάνου</span> 
     </span>
    </p>
   </div>
   <div class='ocr_carea' id='block_1_10' title="bbox 127 1068 1632 1141">
    <p class='ocr_par' dir='ltr' id='par_1_10' title="bbox 127 1068 1632 1141">
     <span class='ocr_line' id='line_1_10' title="bbox 127 1068 1632 1141; baseline 0.003 -22"><span class='ocrx_word' id='word_1_62' title='bbox 127 1069 343 1139; x_wconf 75' lang='grc' dir='ltr'><strong>μουσικοῦ</strong></span> <span class='ocrx_word' id='word_1_63' title='bbox 376 1068 892 1140; x_wconf 78' lang='grc' dir='ltr'>μεγαλοφωνοτέρας</span> <span class='ocrx_word' id='word_1_64' title='bbox 917 1070 1079 1141; x_wconf 76' lang='grc' dir='ltr'>οὕσης</span> <span class='ocrx_word' id='word_1_65' title='bbox 1102 1072 1198 1141; x_wconf 84' lang='grc' dir='ltr'>τῆς</span> <span class='ocrx_word' id='word_1_66' title='bbox 1226 1072 1533 1139; x_wconf 83' lang='grc' dir='ltr'><strong>σάλπιγγος,</strong></span> <span class='ocrx_word' id='word_1_67' title='bbox 1557 1074 1632 1124; x_wconf 81' lang='lat' dir='ltr'><strong>ol-</strong></span> 
     </span>
    </p>
   </div>
   <div class='ocr_carea' id='block_1_11' title="bbox 122 1158 1630 1232">
    <p class='ocr_par' dir='ltr' id='par_1_11' title="bbox 122 1158 1630 1232">
     <span class='ocr_line' id='line_1_11' title="bbox 122 1158 1630 1232; baseline 0.001 -21"><span class='ocrx_word' id='word_1_68' title='bbox 122 1160 257 1220; x_wconf 71' lang='lat' dir='ltr'><strong>xsho;</strong></span> <span class='ocrx_word' id='word_1_69' title='bbox 295 1158 643 1229; x_wconf 70' lang='grc' dir='ltr'><strong>παρείληπται</strong></span> <span class='ocrx_word' id='word_1_70' title='bbox 691 1161 757 1213; x_wconf 88' lang='grc' dir='ltr'>τὸ</span> <span class='ocrx_word' id='word_1_71' title='bbox 807 1162 1147 1230; x_wconf 85' lang='grc' dir='ltr'>παράδειγμα</span> <span class='ocrx_word' id='word_1_72' title='bbox 1188 1163 1266 1223; x_wconf 80' lang='grc' dir='ltr'><strong>είς</strong></span> <span class='ocrx_word' id='word_1_73' title='bbox 1299 1163 1630 1232; x_wconf 83' lang='grc' dir='ltr'>παράστασιν</span> 
     </span>
    </p>
   </div>
   <div class='ocr_carea' id='block_1_12' title="bbox 122 1246 1629 1320">
    <p class='ocr_par' dir='ltr' id='par_1_12' title="bbox 122 1246 1629 1320">
     <span class='ocr_line' id='line_1_12' title="bbox 122 1246 1629 1320; baseline 0.002 -21"><span class='ocrx_word' id='word_1_74' title='bbox 122 1246 195 1299; x_wconf 83' lang='grc' dir='ltr'><strong>τοῦ</strong></span> <span class='ocrx_word' id='word_1_75' title='bbox 215 1249 401 1299; x_wconf 75' lang='grc' dir='ltr'>πάντων</span> <span class='ocrx_word' id='word_1_76' title='bbox 422 1248 527 1315; x_wconf 75' lang='grc' dir='ltr'><strong>τῶν</strong></span> <span class='ocrx_word' id='word_1_77' title='bbox 558 1248 618 1313; x_wconf 74' lang='grc' dir='ltr'><strong>ἐξ</strong></span> <span class='ocrx_word' id='word_1_78' title='bbox 646 1249 849 1312; x_wconf 83' lang='grc' dir='ltr'>αἰῶνος</span> <span class='ocrx_word' id='word_1_79' title='bbox 876 1250 1257 1320; x_wconf 77' lang='grc' dir='ltr'>κραταιοτέραν</span> <span class='ocrx_word' id='word_1_80' title='bbox 1288 1251 1378 1303; x_wconf 74' lang='grc' dir='ltr'>καὶ</span> <span class='ocrx_word' id='word_1_81' title='bbox 1403 1250 1629 1316; x_wconf 85' lang='grc' dir='ltr'>μεγαλο-</span> 
     </span>
    </p>
   </div>
   <div class='ocr_carea' id='block_1_13' title="bbox 122 1336 1630 1408">
    <p class='ocr_par' dir='ltr' id='par_1_13' title="bbox 122 1336 1630 1408">
     <span class='ocr_line' id='line_1_13' title="bbox 122 1336 1630 1408; baseline 0.001 -20"><span class='ocrx_word' id='word_1_82' title='bbox 122 1336 380 1406; x_wconf 63' lang='grc' dir='ltr'>ςωωτέραν</span> <span class='ocrx_word' id='word_1_83' title='bbox 416 1336 513 1407; x_wconf 83' lang='grc' dir='ltr'>τὴν</span> <span class='ocrx_word' id='word_1_84' title='bbox 541 1338 675 1408; x_wconf 77' lang='grc' dir='ltr'>περὶ</span> <span class='ocrx_word' id='word_1_85' title='bbox 709 1337 807 1390; x_wconf 91' lang='grc' dir='ltr'><strong>τοῦ</strong></span> <span class='ocrx_word' id='word_1_86' title='bbox 860 1338 1090 1406; x_wconf 81' lang='grc' dir='ltr'>Χριστοῦ</span> <span class='ocrx_word' id='word_1_87' title='bbox 1132 1340 1292 1390; x_wconf 78' lang='grc' dir='ltr'>πᾶσιν</span> <span class='ocrx_word' id='word_1_88' title='bbox 1335 1338 1630 1408; x_wconf 79' lang='grc' dir='ltr'>ἀνθρώποις</span> 
     </span>
    </p>
   </div>
   <div class='ocr_carea' id='block_1_14' title="bbox 121 1423 1628 1499">
    <p class='ocr_par' dir='ltr' id='par_1_14' title="bbox 121 1423 1628 1499">
     <span class='ocr_line' id='line_1_14' title="bbox 121 1423 1628 1499; baseline 0.003 -23"><span class='ocrx_word' id='word_1_89' title='bbox 121 1425 432 1493; x_wconf 62' lang='grc' dir='ltr'>κατηγγέλθαι</span> <span class='ocrx_word' id='word_1_90' title='bbox 458 1425 839 1491; x_wconf 76' lang='grc' dir='ltr'><strong>διδασκαλίαν,</strong></span> <span class='ocrx_word' id='word_1_91' title='bbox 884 1428 949 1480; x_wconf 84' lang='grc' dir='ltr'>δι’</span> <span class='ocrx_word' id='word_1_92' title='bbox 972 1423 1039 1499; x_wconf 84' lang='grc' dir='ltr'><strong>ἦς</strong></span> <span class='ocrx_word' id='word_1_93' title='bbox 1075 1426 1259 1495; x_wconf 80' lang='grc' dir='ltr'>ὥσπερ</span> <span class='ocrx_word' id='word_1_94' title='bbox 1286 1428 1371 1480; x_wconf 75' lang='grc' dir='ltr'><strong>διὰ</strong></span> <span class='ocrx_word' id='word_1_95' title='bbox 1405 1428 1628 1495; x_wconf 85' lang='grc' dir='ltr'>σάλπιγ-</span> 
     </span>
    </p>
   </div>
   <div class='ocr_carea' id='block_1_15' title="bbox 119 1513 1629 1587">
    <p class='ocr_par' dir='ltr' id='par_1_15' title="bbox 119 1513 1629 1587">
     <span class='ocr_line' id='line_1_15' title="bbox 119 1513 1629 1587; baseline 0.003 -22"><span class='ocrx_word' id='word_1_96' title='bbox 119 1530 192 1581; x_wconf 66' lang='grc' dir='ltr'><strong>γος</strong></span> <span class='ocrx_word' id='word_1_97' title='bbox 226 1516 295 1577; x_wconf 83' lang='grc' dir='ltr'><strong>είς</strong></span> <span class='ocrx_word' id='word_1_98' title='bbox 321 1513 640 1577; x_wconf 78' lang='grc' dir='ltr'>ἐξάκουστον</span> <span class='ocrx_word' id='word_1_99' title='bbox 684 1517 908 1569; x_wconf 81' lang='grc' dir='ltr'>πάντων</span> <span class='ocrx_word' id='word_1_100' title='bbox 935 1516 1041 1568; x_wconf 90' lang='grc' dir='ltr'><strong>τῶν</strong></span> <span class='ocrx_word' id='word_1_101' title='bbox 1070 1516 1364 1586; x_wconf 80' lang='grc' dir='ltr'>ἀνθρώπων</span> <span class='ocrx_word' id='word_1_102' title='bbox 1408 1517 1500 1587; x_wconf 78' lang='grc' dir='ltr'>βοᾷ</span> <span class='ocrx_word' id='word_1_103' title='bbox 1538 1519 1629 1569; x_wconf 76' lang='grc' dir='ltr'>καὶ</span> 
     </span>
    </p>
   </div>
   <div class='ocr_carea' id='block_1_16' title="bbox 119 1604 1625 1675">
    <p class='ocr_par' dir='ltr' id='par_1_16' title="bbox 119 1604 1625 1675">
     <span class='ocr_line' id='line_1_16' title="bbox 119 1604 1625 1675; baseline 0.002 -21"><span class='ocrx_word' id='word_1_104' title='bbox 119 1605 310 1672; x_wconf 67' lang='grc' dir='ltr'>κέκραγε</span> <span class='ocrx_word' id='word_1_105' title='bbox 350 1604 406 1654; x_wconf 88' lang='grc' dir='ltr'>τὸ</span> <span class='ocrx_word' id='word_1_106' title='bbox 444 1604 674 1674; x_wconf 78' lang='grc' dir='ltr'>Πνεῦμα</span> <span class='ocrx_word' id='word_1_107' title='bbox 713 1605 778 1657; x_wconf 89' lang='grc' dir='ltr'>τὸ</span> <span class='ocrx_word' id='word_1_108' title='bbox 815 1606 965 1673; x_wconf 80' lang='grc' dir='ltr'>ἆγιον</span> <span class='ocrx_word' id='word_1_109' title='bbox 993 1605 1058 1657; x_wconf 72' lang='grc' dir='ltr'><strong>τὰ</strong></span> <span class='ocrx_word' id='word_1_110' title='bbox 1095 1605 1218 1673; x_wconf 74' lang='grc' dir='ltr'>ἑξῆς</span> <span class='ocrx_word' id='word_1_111' title='bbox 1263 1605 1353 1657; x_wconf 89' lang='grc' dir='ltr'><strong>τοῦ</strong></span> <span class='ocrx_word' id='word_1_112' title='bbox 1382 1605 1588 1675; x_wconf 62' lang='grc' dir='ltr'>ψαλμοῦ</span> <span class='ocrx_word' id='word_1_113' title='bbox 1611 1645 1625 1668; x_wconf 95' lang='grc'><strong>,</strong></span> 
     </span>
    </p>
   </div>
   <div class='ocr_carea' id='block_1_17' title="bbox 116 1685 1625 1763">
    <p class='ocr_par' dir='ltr' id='par_1_17' title="bbox 116 1685 1625 1763">
     <span class='ocr_line' id='line_1_17' title="bbox 116 1685 1625 1763; baseline 0 -18"><span class='ocrx_word' id='word_1_114' title='bbox 116 1691 164 1746; x_wconf 72' lang='grc' dir='ltr'>δι’</span> <span class='ocrx_word' id='word_1_115' title='bbox 199 1685 263 1743; x_wconf 82' lang='grc' dir='ltr'>ὧν</span> <span class='ocrx_word' id='word_1_116' title='bbox 307 1692 510 1762; x_wconf 76' lang='grc' dir='ltr'>εἴρηται</span> <span class='ocrx_word' id='word_1_117' title='bbox 531 1710 545 1722; x_wconf 89' lang='grc'><strong>·</strong></span> <span class='ocrx_word' id='word_1_118' title='bbox 584 1711 602 1742; x_wconf 73' lang='grc' dir='ltr'>ε</span> <span class='ocrx_word' id='word_1_119' title='bbox 638 1694 867 1746; x_wconf 76' lang='grc' dir='ltr'>Ψάλατε</span> <span class='ocrx_word' id='word_1_120' title='bbox 896 1693 971 1762; x_wconf 79' lang='grc' dir='ltr'>τῷ</span> <span class='ocrx_word' id='word_1_121' title='bbox 1015 1692 1130 1762; x_wconf 82' lang='grc' dir='ltr'>Θεῷ</span> <span class='ocrx_word' id='word_1_122' title='bbox 1156 1693 1338 1763; x_wconf 79' lang='grc' dir='ltr'>ἡμῶν,</span> <span class='ocrx_word' id='word_1_123' title='bbox 1386 1694 1587 1762; x_wconf 70' lang='grc' dir='ltr'>ψάλατε</span> <span class='ocrx_word' id='word_1_124' title='bbox 1609 1733 1625 1757; x_wconf 92' lang='grc'><strong>,</strong></span> 
     </span>
    </p>
   </div>
   <div class='ocr_carea' id='block_1_18' title="bbox 116 1780 1620 1851">
    <p class='ocr_par' dir='ltr' id='par_1_18' title="bbox 116 1780 1620 1851">
     <span class='ocr_line' id='line_1_18' title="bbox 116 1780 1620 1851; baseline 0.001 -18"><span class='ocrx_word' id='word_1_125' title='bbox 116 1781 277 1849; x_wconf 58' lang='grc' dir='ltr'>θάλατε</span> <span class='ocrx_word' id='word_1_126' title='bbox 316 1780 388 1849; x_wconf 83' lang='grc' dir='ltr'>τῷ</span> <span class='ocrx_word' id='word_1_127' title='bbox 435 1781 647 1851; x_wconf 80' lang='grc' dir='ltr'>βασιλεῖ</span> <span class='ocrx_word' id='word_1_128' title='bbox 698 1782 878 1851; x_wconf 78' lang='grc' dir='ltr'>ἡμῶν,</span> <span class='ocrx_word' id='word_1_129' title='bbox 927 1782 1127 1851; x_wconf 69' lang='grc' dir='ltr'>ψάλατε</span> <span class='ocrx_word' id='word_1_130' title='bbox 1163 1799 1176 1814; x_wconf 74' lang='grc' dir='ltr'><strong>ο</strong></span> <span class='ocrx_word' id='word_1_131' title='bbox 1224 1785 1302 1835; x_wconf 81' lang='grc' dir='ltr'>ὅτι</span> <span class='ocrx_word' id='word_1_132' title='bbox 1337 1783 1580 1851; x_wconf 77' lang='grc' dir='ltr'>βασιλεὺς</span> <span class='ocrx_word' id='word_1_133' title='bbox 1602 1802 1620 1834; x_wconf 69' lang='grc' dir='ltr'><strong>ι</strong></span> 
     </span>
    </p>
   </div>
   <div class='ocr_carea' id='block_1_19' title="bbox 1727 621 3249 699">
    <p class='ocr_par' dir='ltr' id='par_1_19' title="bbox 1727 621 3249 699">
     <span class='ocr_line' id='line_1_19' title="bbox 1727 621 3249 699; baseline 0.003 -21"><span class='ocrx_word' id='word_1_134' title='bbox 1727 639 1800 678; x_wconf 74' lang='lat' dir='ltr'><strong>rae</strong></span> <span class='ocrx_word' id='word_1_135' title='bbox 1826 625 1850 677; x_wconf 75' lang='lat' dir='ltr'><em>‘I</em></span> <span class='ocrx_word' id='word_1_136' title='bbox 1873 622 1962 693; x_wconf 87' lang='lat' dir='ltr'><strong>qui</strong></span> <span class='ocrx_word' id='word_1_137' title='bbox 2017 621 2315 686; x_wconf 85' lang='lat' dir='ltr'><strong>descendit,</strong></span> <span class='ocrx_word' id='word_1_138' title='bbox 2362 625 2476 694; x_wconf 88' lang='lat' dir='ltr'><strong>ipse</strong></span> <span class='ocrx_word' id='word_1_139' title='bbox 2513 633 2595 679; x_wconf 90' lang='lat' dir='ltr'><strong>est</strong></span> <span class='ocrx_word' id='word_1_140' title='bbox 2627 635 2678 679; x_wconf 88' lang='lat' dir='ltr'><strong>et</strong></span> <span class='ocrx_word' id='word_1_141' title='bbox 2700 627 2790 695; x_wconf 88' lang='lat' dir='ltr'><strong>qui</strong></span> <span class='ocrx_word' id='word_1_142' title='bbox 2822 630 3061 684; x_wconf 75' lang='lat' dir='ltr'><strong>ascendit</strong></span> <span class='ocrx_word' id='word_1_143' title='bbox 3086 645 3249 699; x_wconf 79' lang='lat' dir='ltr'><strong>supra</strong></span> 
     </span>
    </p>
   </div>
   <div class='ocr_carea' id='block_1_20' title="bbox 1726 712 3249 782">
    <p class='ocr_par' dir='ltr' id='par_1_20' title="bbox 1726 712 3249 782">
     <span class='ocr_line' id='line_1_20' title="bbox 1726 712 3249 782; baseline 0.001 -14"><span class='ocrx_word' id='word_1_144' title='bbox 1726 727 1909 768; x_wconf 87' lang='lat' dir='ltr'><strong>omnes</strong></span> <span class='ocrx_word' id='word_1_145' title='bbox 1941 712 2103 767; x_wconf 71' lang='lat' dir='ltr'><strong>caelos</strong></span> <span class='ocrx_word' id='word_1_146' title='bbox 2126 712 2166 742; x_wconf 83' lang='grc'><strong>¹⁷</strong></span> <span class='ocrx_word' id='word_1_147' title='bbox 2201 731 2214 766; x_wconf 94' lang='lat'>:</span> <span class='ocrx_word' id='word_1_148' title='bbox 2254 731 2273 764; x_wconf 74' lang='grc' dir='ltr'><strong>ι</strong></span> <span class='ocrx_word' id='word_1_149' title='bbox 2316 714 2369 768; x_wconf 91' lang='lat' dir='ltr'><strong>in</strong></span> <span class='ocrx_word' id='word_1_150' title='bbox 2396 714 2570 782; x_wconf 89' lang='lat' dir='ltr'><strong>jubilo</strong></span> <span class='ocrx_word' id='word_1_151' title='bbox 2594 725 2769 779; x_wconf 80' lang='lat' dir='ltr'><strong>autem</strong></span> <span class='ocrx_word' id='word_1_152' title='bbox 2802 717 2949 769; x_wconf 91' lang='lat' dir='ltr'><strong>illum</strong></span> <span class='ocrx_word' id='word_1_153' title='bbox 2973 719 3104 771; x_wconf 87' lang='lat' dir='ltr'><strong>dicit</strong></span> <span class='ocrx_word' id='word_1_154' title='bbox 3155 733 3249 770; x_wconf 86' lang='lat' dir='ltr'><strong>as-</strong></span> 
     </span>
    </p>
   </div>
   <div class='ocr_carea' id='block_1_21' title="bbox 1727 799 3245 871">
    <p class='ocr_par' dir='ltr' id='par_1_21' title="bbox 1727 799 3245 871">
     <span class='ocr_line' id='line_1_21' title="bbox 1727 799 3245 871; baseline 0.003 -18"><span class='ocrx_word' id='word_1_155' title='bbox 1727 800 1988 863; x_wconf 83' lang='lat' dir='ltr'><strong>cendisse,</strong></span> <span class='ocrx_word' id='word_1_156' title='bbox 2017 800 2086 853; x_wconf 93' lang='lat' dir='ltr'><strong>ob</strong></span> <span class='ocrx_word' id='word_1_157' title='bbox 2107 799 2317 854; x_wconf 89' lang='lat' dir='ltr'><strong>divinas</strong></span> <span class='ocrx_word' id='word_1_158' title='bbox 2370 810 2423 853; x_wconf 85' lang='lat' dir='ltr'><strong>et</strong></span> <span class='ocrx_word' id='word_1_159' title='bbox 2451 815 2635 855; x_wconf 88' lang='lat' dir='ltr'><strong>sacras</strong></span> <span class='ocrx_word' id='word_1_160' title='bbox 2683 816 2809 870; x_wconf 88' lang='lat' dir='ltr'><strong>erga</strong></span> <span class='ocrx_word' id='word_1_161' title='bbox 2864 804 3035 871; x_wconf 90' lang='lat' dir='ltr'><strong>ipsum</strong></span> <span class='ocrx_word' id='word_1_162' title='bbox 3063 818 3245 866; x_wconf 85' lang='lat' dir='ltr'><strong>voces,</strong></span> 
     </span>
    </p>
   </div>
   <div class='ocr_carea' id='block_1_22' title="bbox 1727 889 3243 959">
    <p class='ocr_par' dir='ltr' id='par_1_22' title="bbox 1727 889 3243 959">
     <span class='ocr_line' id='line_1_22' title="bbox 1727 889 3243 959; baseline 0.002 -17"><span class='ocrx_word' id='word_1_163' title='bbox 1727 890 1898 957; x_wconf 90' lang='lat' dir='ltr'><strong>ipsum</strong></span> <span class='ocrx_word' id='word_1_164' title='bbox 1946 889 2070 943; x_wconf 91' lang='lat' dir='ltr'><strong>dum</strong></span> <span class='ocrx_word' id='word_1_165' title='bbox 2104 891 2418 944; x_wconf 77' lang='lat' dir='ltr'><strong>ascenderet</strong></span> <span class='ocrx_word' id='word_1_166' title='bbox 2454 891 2873 958; x_wconf 85' lang='lat' dir='ltr'><strong>constipautium</strong></span> <span class='ocrx_word' id='word_1_167' title='bbox 2914 895 3243 959; x_wconf 84' lang='lat' dir='ltr'><strong>angelorum,</strong></span> 
     </span>
    </p>
   </div>
   <div class='ocr_carea' id='block_1_23' title="bbox 1727 969 3249 1049">
    <p class='ocr_par' dir='ltr' id='par_1_23' title="bbox 1727 969 3249 1049">
     <span class='ocr_line' id='line_1_23' title="bbox 1727 969 3249 1049; baseline 0.002 -18"><span class='ocrx_word' id='word_1_168' title='bbox 1727 969 1999 1047; x_wconf 83' lang='lat' dir='ltr'><strong>quietiam</strong></span> <span class='ocrx_word' id='word_1_169' title='bbox 2029 977 2159 1031; x_wconf 88' lang='lat' dir='ltr'><strong>illud</strong></span> <span class='ocrx_word' id='word_1_170' title='bbox 2188 979 2434 1032; x_wconf 78' lang='lat' dir='ltr'><strong>dicebant</strong></span> <span class='ocrx_word' id='word_1_171' title='bbox 2470 997 2482 1031; x_wconf 91' lang='lat'>:</span> <span class='ocrx_word' id='word_1_172' title='bbox 2521 997 2540 1028; x_wconf 76' lang='grc' dir='ltr'><strong>ι</strong></span> <span class='ocrx_word' id='word_1_173' title='bbox 2593 978 2784 1032; x_wconf 76' lang='lat' dir='ltr'><strong>Tollite</strong></span> <span class='ocrx_word' id='word_1_174' title='bbox 2830 987 3030 1047; x_wconf 90' lang='lat' dir='ltr'><strong>portas,</strong></span> <span class='ocrx_word' id='word_1_175' title='bbox 3054 983 3249 1049; x_wconf 84' lang='lat' dir='ltr'><strong>princi-</strong></span> 
     </span>
    </p>
   </div>
   <div class='ocr_carea' id='block_1_24' title="bbox 1728 1066 3248 1136">
    <p class='ocr_par' dir='ltr' id='par_1_24' title="bbox 1728 1066 3248 1136">
     <span class='ocr_line' id='line_1_24' title="bbox 1728 1066 3248 1136; baseline 0.003 -16"><span class='ocrx_word' id='word_1_176' title='bbox 1728 1082 1841 1135; x_wconf 88' lang='lat' dir='ltr'><strong>pes,</strong></span> <span class='ocrx_word' id='word_1_177' title='bbox 1874 1075 2097 1129; x_wconf 87' lang='lat' dir='ltr'><strong>vestras,</strong></span> <span class='ocrx_word' id='word_1_178' title='bbox 2132 1074 2183 1120; x_wconf 90' lang='lat' dir='ltr'><strong>et</strong></span> <span class='ocrx_word' id='word_1_179' title='bbox 2206 1066 2505 1130; x_wconf 76' lang='lat' dir='ltr'><strong>elevamiiii,</strong></span> <span class='ocrx_word' id='word_1_180' title='bbox 2538 1077 2703 1136; x_wconf 83' lang='lat' dir='ltr'><strong>portae</strong></span> <span class='ocrx_word' id='word_1_181' title='bbox 2728 1075 2957 1129; x_wconf 66' lang='grc' dir='ltr'>αξιοι-ηαξ,</span> <span class='ocrx_word' id='word_1_182' title='bbox 2983 1075 3035 1122; x_wconf 90' lang='lat' dir='ltr'><strong>et</strong></span> <span class='ocrx_word' id='word_1_183' title='bbox 3081 1071 3248 1124; x_wconf 88' lang='lat' dir='ltr'><strong>intro-</strong></span> 
     </span>
    </p>
   </div>
   <div class='ocr_carea' id='block_1_25' title="bbox 1734 1154 3250 1225">
    <p class='ocr_par' dir='ltr' id='par_1_25' title="bbox 1734 1154 3250 1225">
     <span class='ocr_line' id='line_1_25' title="bbox 1734 1154 3250 1225; baseline 0.002 -18"><span class='ocrx_word' id='word_1_184' title='bbox 1734 1155 1834 1208; x_wconf 89' lang='lat' dir='ltr'><strong>ibit</strong></span> <span class='ocrx_word' id='word_1_185' title='bbox 1864 1170 1957 1208; x_wconf 78' lang='lat' dir='ltr'><strong>rex</strong></span> <span class='ocrx_word' id='word_1_186' title='bbox 2000 1156 2180 1225; x_wconf 74' lang='lat' dir='ltr'><strong>gloriae</strong></span> <span class='ocrx_word' id='word_1_187' title='bbox 2212 1156 2305 1206; x_wconf 80' lang='grc'><strong>¹⁸.›</strong></span> <span class='ocrx_word' id='word_1_188' title='bbox 2340 1154 2532 1210; x_wconf 79' lang='lat' dir='ltr'><strong>Vocem</strong></span> <span class='ocrx_word' id='word_1_189' title='bbox 2563 1166 2736 1210; x_wconf 90' lang='lat' dir='ltr'><strong>autem</strong></span> <span class='ocrx_word' id='word_1_190' title='bbox 2767 1158 2905 1210; x_wconf 59' lang='lat' dir='ltr'><strong>tuba</strong></span> <span class='ocrx_word' id='word_1_191' title='bbox 2943 1173 3047 1210; x_wconf 90' lang='lat' dir='ltr'><strong>non</strong></span> <span class='ocrx_word' id='word_1_192' title='bbox 3075 1160 3250 1211; x_wconf 88' lang='lat' dir='ltr'><strong>admo-</strong></span> 
     </span>
    </p>
   </div>
   <div class='ocr_carea' id='block_1_26' title="bbox 1726 1244 3249 1314">
    <p class='ocr_par' dir='ltr' id='par_1_26' title="bbox 1726 1244 3249 1314">
     <span class='ocr_line' id='line_1_26' title="bbox 1726 1244 3249 1314; baseline 0.001 -16"><span class='ocrx_word' id='word_1_193' title='bbox 1726 1244 1850 1298; x_wconf 91' lang='lat' dir='ltr'><strong>dum</strong></span> <span class='ocrx_word' id='word_1_194' title='bbox 1879 1246 2241 1307; x_wconf 87' lang='lat' dir='ltr'><strong>aberraveris,</strong></span> <span class='ocrx_word' id='word_1_195' title='bbox 2291 1246 2336 1300; x_wconf 89' lang='lat' dir='ltr'><strong>si</strong></span> <span class='ocrx_word' id='word_1_196' title='bbox 2370 1247 2795 1314; x_wconf 57' lang='lat' dir='ltr'><strong>praedicationem</strong></span> <span class='ocrx_word' id='word_1_197' title='bbox 2843 1248 3042 1301; x_wconf 76' lang='lat' dir='ltr'><strong>dixeris</strong></span> <span class='ocrx_word' id='word_1_198' title='bbox 3095 1263 3249 1302; x_wconf 84' lang='lat' dir='ltr'><strong>evan-</strong></span> 
     </span>
    </p>
   </div>
   <div class='ocr_carea' id='block_1_27' title="bbox 1727 1336 3250 1404">
    <p class='ocr_par' dir='ltr' id='par_1_27' title="bbox 1727 1336 3250 1404">
     <span class='ocr_line' id='line_1_27' title="bbox 1727 1336 3250 1404; baseline 0.001 -16"><span class='ocrx_word' id='word_1_199' title='bbox 1727 1336 1966 1404; x_wconf 86' lang='lat' dir='ltr'><strong>gelicam,</strong></span> <span class='ocrx_word' id='word_1_200' title='bbox 2015 1350 2134 1404; x_wconf 80' lang='lat' dir='ltr'><strong>quae</strong></span> <span class='ocrx_word' id='word_1_201' title='bbox 2167 1337 2220 1388; x_wconf 93' lang='lat' dir='ltr'><strong>in</strong></span> <span class='ocrx_word' id='word_1_202' title='bbox 2245 1342 2413 1388; x_wconf 91' lang='lat' dir='ltr'><strong>totum</strong></span> <span class='ocrx_word' id='word_1_203' title='bbox 2448 1337 2698 1389; x_wconf 80' lang='lat' dir='ltr'><strong>exaudita</strong></span> <span class='ocrx_word' id='word_1_204' title='bbox 2742 1346 2822 1391; x_wconf 90' lang='lat' dir='ltr'><strong>est</strong></span> <span class='ocrx_word' id='word_1_205' title='bbox 2856 1346 3118 1390; x_wconf 86' lang='lat' dir='ltr'><strong>terrarum</strong></span> <span class='ocrx_word' id='word_1_206' title='bbox 3164 1352 3250 1391; x_wconf 86' lang='lat' dir='ltr'><strong>or-</strong></span> 
     </span>
    </p>
   </div>
   <div class='ocr_carea' id='block_1_28' title="bbox 1727 1422 3249 1477">
    <p class='ocr_par' dir='ltr' id='par_1_28' title="bbox 1727 1422 3249 1477">
     <span class='ocr_line' id='line_1_28' title="bbox 1727 1422 3249 1477; baseline -0.001 -2"><span class='ocrx_word' id='word_1_207' title='bbox 1727 1425 1841 1477; x_wconf 91' lang='lat' dir='ltr'><strong>bem</strong></span> <span class='ocrx_word' id='word_1_208' title='bbox 1869 1440 1883 1475; x_wconf 87' lang='lat'><strong>:</strong></span> <span class='ocrx_word' id='word_1_209' title='bbox 1921 1437 2038 1474; x_wconf 92' lang='lat' dir='ltr'><strong>cum</strong></span> <span class='ocrx_word' id='word_1_210' title='bbox 2067 1423 2207 1476; x_wconf 90' lang='lat' dir='ltr'><strong>enim</strong></span> <span class='ocrx_word' id='word_1_211' title='bbox 2238 1423 2363 1475; x_wconf 87' lang='lat' dir='ltr'><strong>tuba</strong></span> <span class='ocrx_word' id='word_1_212' title='bbox 2407 1424 2552 1475; x_wconf 89' lang='lat' dir='ltr'><strong>omni</strong></span> <span class='ocrx_word' id='word_1_213' title='bbox 2594 1423 2700 1475; x_wconf 92' lang='lat' dir='ltr'><strong>alio</strong></span> <span class='ocrx_word' id='word_1_214' title='bbox 2746 1422 3102 1476; x_wconf 89' lang='lat' dir='ltr'><strong>instrumento</strong></span> <span class='ocrx_word' id='word_1_215' title='bbox 3128 1436 3249 1475; x_wconf 90' lang='lat' dir='ltr'><strong>mu-</strong></span> 
     </span>
    </p>
   </div>
   <div class='ocr_carea' id='block_1_29' title="bbox 1726 1510 3240 1579">
    <p class='ocr_par' dir='ltr' id='par_1_29' title="bbox 1726 1510 3240 1579">
     <span class='ocr_line' id='line_1_29' title="bbox 1726 1510 3240 1579; baseline 0.001 -15"><span class='ocrx_word' id='word_1_216' title='bbox 1726 1511 1837 1565; x_wconf 87' lang='lat' dir='ltr'><strong>sico</strong></span> <span class='ocrx_word' id='word_1_217' title='bbox 1860 1511 2096 1564; x_wconf 89' lang='lat' dir='ltr'><strong>vocalior</strong></span> <span class='ocrx_word' id='word_1_218' title='bbox 2122 1511 2212 1571; x_wconf 90' lang='lat' dir='ltr'><strong>sit,</strong></span> <span class='ocrx_word' id='word_1_219' title='bbox 2239 1510 2370 1564; x_wconf 89' lang='lat' dir='ltr'><strong>satis</strong></span> <span class='ocrx_word' id='word_1_220' title='bbox 2387 1511 2782 1565; x_wconf 87' lang='lat' dir='ltr'><strong>accommodata</strong></span> <span class='ocrx_word' id='word_1_221' title='bbox 2795 1512 3240 1579; x_wconf 88' lang='lat' dir='ltr'><strong>convenientique</strong></span> 
     </span>
    </p>
   </div>
   <div class='ocr_carea' id='block_1_30' title="bbox 1723 1597 3245 1667">
    <p class='ocr_par' dir='ltr' id='par_1_30' title="bbox 1723 1597 3245 1667">
     <span class='ocr_line' id='line_1_30' title="bbox 1723 1597 3245 1667; baseline 0 -15"><span class='ocrx_word' id='word_1_222' title='bbox 1723 1598 1890 1667; x_wconf 84' lang='lat' dir='ltr'><strong>ﬁgura</strong></span> <span class='ocrx_word' id='word_1_223' title='bbox 1920 1598 2119 1650; x_wconf 90' lang='lat' dir='ltr'><strong>dictum</strong></span> <span class='ocrx_word' id='word_1_224' title='bbox 2150 1598 2308 1651; x_wconf 82' lang='lat' dir='ltr'><strong>fuerit</strong></span> <span class='ocrx_word' id='word_1_225' title='bbox 2337 1598 2486 1661; x_wconf 92' lang='lat' dir='ltr'><strong>illud,</strong></span> <span class='ocrx_word' id='word_1_226' title='bbox 2513 1598 2578 1651; x_wconf 91' lang='lat' dir='ltr'><strong>ad</strong></span> <span class='ocrx_word' id='word_1_227' title='bbox 2608 1598 3079 1651; x_wconf 87' lang='lat' dir='ltr'><strong>demonstrandum</strong></span> <span class='ocrx_word' id='word_1_228' title='bbox 3103 1597 3245 1667; x_wconf 89' lang='lat' dir='ltr'><strong>quod</strong></span> 
     </span>
    </p>
   </div>
   <div class='ocr_carea' id='block_1_31' title="bbox 1724 1687 3246 1756">
    <p class='ocr_par' dir='ltr' id='par_1_31' title="bbox 1724 1687 3246 1756">
     <span class='ocr_line' id='line_1_31' title="bbox 1724 1687 3246 1756; baseline 0.003 -16"><span class='ocrx_word' id='word_1_229' title='bbox 1724 1687 1972 1742; x_wconf 89' lang='lat' dir='ltr'><strong>omnibus</strong></span> <span class='ocrx_word' id='word_1_230' title='bbox 2006 1687 2127 1741; x_wconf 90' lang='lat' dir='ltr'><strong>aliis</strong></span> <span class='ocrx_word' id='word_1_231' title='bbox 2172 1702 2291 1756; x_wconf 69' lang='lat' dir='ltr'><strong>quae</strong></span> <span class='ocrx_word' id='word_1_232' title='bbox 2318 1702 2347 1739; x_wconf 95' lang='lat' dir='ltr'><strong>a</strong></span> <span class='ocrx_word' id='word_1_233' title='bbox 2391 1688 2604 1741; x_wconf 84' lang='lat' dir='ltr'><strong>condito</strong></span> <span class='ocrx_word' id='word_1_234' title='bbox 2650 1703 2761 1741; x_wconf 70' lang='lat' dir='ltr'><strong>mvo</strong></span> <span class='ocrx_word' id='word_1_235' title='bbox 2802 1689 3126 1751; x_wconf 78' lang='lat' dir='ltr'><strong>exstiterint,</strong></span> <span class='ocrx_word' id='word_1_236' title='bbox 3157 1705 3246 1744; x_wconf 84' lang='lat' dir='ltr'><strong>ro-</strong></span> 
     </span>
    </p>
   </div>
   <div class='ocr_carea' id='block_1_32' title="bbox 1727 1776 3243 1832">
    <p class='ocr_par' dir='ltr' id='par_1_32' title="bbox 1727 1776 3243 1832">
     <span class='ocr_line' id='line_1_32' title="bbox 1727 1776 3243 1832; baseline 0.001 -3"><span class='ocrx_word' id='word_1_237' title='bbox 1727 1776 1929 1830; x_wconf 87' lang='lat' dir='ltr'><strong>bustior</strong></span> <span class='ocrx_word' id='word_1_238' title='bbox 1956 1784 2009 1830; x_wconf 89' lang='lat' dir='ltr'><strong>et</strong></span> <span class='ocrx_word' id='word_1_239' title='bbox 2034 1777 2271 1830; x_wconf 89' lang='lat' dir='ltr'><strong>vocalior</strong></span> <span class='ocrx_word' id='word_1_240' title='bbox 2315 1776 2525 1830; x_wconf 89' lang='lat' dir='ltr'><strong>cunctis</strong></span> <span class='ocrx_word' id='word_1_241' title='bbox 2582 1777 2886 1829; x_wconf 82' lang='lat' dir='ltr'><strong>hominibus</strong></span> <span class='ocrx_word' id='word_1_242' title='bbox 2931 1778 3243 1832; x_wconf 68' lang='lat' dir='ltr'><strong>denuntiata</strong></span> 
     </span>
    </p>
   </div>
   <div class='ocr_carea' id='block_1_33' title="bbox 114 1860 1619 1941">
    <p class='ocr_par' dir='ltr' id='par_1_33' title="bbox 114 1869 1619 1941">
     <span class='ocr_line' id='line_1_33' title="bbox 114 1869 1619 1941; baseline 0.001 -19"><span class='ocrx_word' id='word_1_243' title='bbox 114 1869 256 1922; x_wconf 61' lang='grc' dir='ltr'>υΰκέτι</span> <span class='ocrx_word' id='word_1_244' title='bbox 299 1871 450 1940; x_wconf 84' lang='grc' dir='ltr'>μόνου</span> <span class='ocrx_word' id='word_1_245' title='bbox 502 1870 600 1922; x_wconf 89' lang='grc' dir='ltr'><strong>τοῦ</strong></span> <span class='ocrx_word' id='word_1_246' title='bbox 658 1870 936 1923; x_wconf 79' lang='grc' dir='ltr'>Ἰουδαίων</span> <span class='ocrx_word' id='word_1_247' title='bbox 977 1871 1176 1933; x_wconf 78' lang='grc' dir='ltr'>ἔθνους,</span> <span class='ocrx_word' id='word_1_248' title='bbox 1222 1871 1353 1924; x_wconf 83' lang='grc' dir='ltr'><strong>ἀλλὰ</strong></span> <span class='ocrx_word' id='word_1_249' title='bbox 1382 1888 1401 1922; x_wconf 78' lang='grc' dir='ltr'><strong>ι</strong></span> <span class='ocrx_word' id='word_1_250' title='bbox 1430 1872 1619 1941; x_wconf 80' lang='grc' dir='ltr'>πάσης.</span> 
     </span>
    </p>
   </div>
   <div class='ocr_carea' id='block_1_34' title="bbox 1723 1860 3246 1941">
    <p class='ocr_par' dir='ltr' id='par_1_34' title="bbox 1723 1865 3246 1936">
     <span class='ocr_line' id='line_1_34' title="bbox 1723 1865 3246 1936; baseline 0.001 -17"><span class='ocrx_word' id='word_1_251' title='bbox 1723 1865 2004 1919; x_wconf 87' lang='lat' dir='ltr'><strong>sitChristi</strong></span> <span class='ocrx_word' id='word_1_252' title='bbox 2033 1866 2295 1927; x_wconf 78' lang='lat' dir='ltr'><strong>doctrina,</strong></span> <span class='ocrx_word' id='word_1_253' title='bbox 2319 1881 2411 1933; x_wconf 88' lang='lat' dir='ltr'><strong>per</strong></span> <span class='ocrx_word' id='word_1_254' title='bbox 2435 1880 2592 1933; x_wconf 88' lang='lat' dir='ltr'><strong>quam</strong></span> <span class='ocrx_word' id='word_1_255' title='bbox 2615 1867 2773 1920; x_wconf 89' lang='lat' dir='ltr'><strong>veluti</strong></span> <span class='ocrx_word' id='word_1_256' title='bbox 2803 1883 2898 1936; x_wconf 88' lang='lat' dir='ltr'><strong>per</strong></span> <span class='ocrx_word' id='word_1_257' title='bbox 2925 1868 3126 1931; x_wconf 84' lang='lat' dir='ltr'><strong>tubam,</strong></span> <span class='ocrx_word' id='word_1_258' title='bbox 3156 1881 3246 1921; x_wconf 86' lang='lat' dir='ltr'><strong>us-</strong></span> 
     </span>
    </p>
   </div>
   <div class='ocr_carea' id='block_1_35' title="bbox 114 1958 1626 2030">
    <p class='ocr_par' dir='ltr' id='par_1_35' title="bbox 114 1958 1626 2030">
     <span class='ocr_line' id='line_1_35' title="bbox 114 1958 1626 2030; baseline 0.001 -20"><span class='ocrx_word' id='word_1_259' title='bbox 114 1959 230 2027; x_wconf 72' lang='grc' dir='ltr'>φησὶ,</span> <span class='ocrx_word' id='word_1_260' title='bbox 253 1960 339 2028; x_wconf 80' lang='grc' dir='ltr'><strong>τῆς</strong></span> <span class='ocrx_word' id='word_1_261' title='bbox 352 1960 449 2029; x_wconf 83' lang='grc' dir='ltr'>γῆς</span> <span class='ocrx_word' id='word_1_262' title='bbox 486 1961 515 2010; x_wconf 88' lang='lat'><strong>6</strong></span> <span class='ocrx_word' id='word_1_263' title='bbox 556 1958 719 2022; x_wconf 83' lang='grc' dir='ltr'>Θεός·</span> <span class='ocrx_word' id='word_1_264' title='bbox 741 1958 946 2026; x_wconf 81' lang='grc' dir='ltr'>ψάλατε</span> <span class='ocrx_word' id='word_1_265' title='bbox 980 1959 1228 2021; x_wconf 85' lang='grc' dir='ltr'>συνετῶς.</span> <span class='ocrx_word' id='word_1_266' title='bbox 1255 1978 1273 2009; x_wconf 77' lang='grc' dir='ltr'><strong>ι</strong></span> <span class='ocrx_word' id='word_1_267' title='bbox 1309 1960 1498 2012; x_wconf 81' lang='grc' dir='ltr'>Οὐκέτι</span> <span class='ocrx_word' id='word_1_268' title='bbox 1521 1960 1626 2030; x_wconf 81' lang='grc' dir='ltr'><strong>γὰρ</strong></span> 
     </span>
    </p>
   </div>
   <div class='ocr_carea' id='block_1_36' title="bbox 112 2047 1624 2119">
    <p class='ocr_par' dir='ltr' id='par_1_36' title="bbox 112 2047 1624 2119">
     <span class='ocr_line' id='line_1_36' title="bbox 112 2047 1624 2119; baseline 0.002 -20"><span class='ocrx_word' id='word_1_269' title='bbox 112 2049 148 2099; x_wconf 81' lang='grc' dir='ltr'>οἱ</span> <span class='ocrx_word' id='word_1_270' title='bbox 170 2047 276 2117; x_wconf 72' lang='grc' dir='ltr'>πρὶν</span> <span class='ocrx_word' id='word_1_271' title='bbox 296 2048 557 2117; x_wconf 85' lang='grc' dir='ltr'>δαίμονες,</span> <span class='ocrx_word' id='word_1_272' title='bbox 584 2050 747 2118; x_wconf 76' lang='grc' dir='ltr'>φησὶ,</span> <span class='ocrx_word' id='word_1_273' title='bbox 768 2048 887 2101; x_wconf 76' lang='grc' dir='ltr'>οὐδὲ</span> <span class='ocrx_word' id='word_1_274' title='bbox 909 2048 977 2100; x_wconf 82' lang='grc' dir='ltr'><strong>τὰ</strong></span> <span class='ocrx_word' id='word_1_275' title='bbox 999 2049 1244 2119; x_wconf 84' lang='grc' dir='ltr'>περίγεια</span> <span class='ocrx_word' id='word_1_276' title='bbox 1270 2049 1360 2100; x_wconf 69' lang='grc' dir='ltr'><strong>καὶ</strong></span> <span class='ocrx_word' id='word_1_277' title='bbox 1382 2048 1624 2119; x_wconf 78' lang='grc' dir='ltr'>ἀπατηλὰ</span> 
     </span>
    </p>
   </div>
   <div class='ocr_carea' id='block_1_37' title="bbox 113 2130 1624 2205">
    <p class='ocr_par' dir='ltr' id='par_1_37' title="bbox 113 2130 1624 2205">
     <span class='ocr_line' id='line_1_37' title="bbox 113 2130 1624 2205; baseline 0.001 -18"><span class='ocrx_word' id='word_1_278' title='bbox 113 2135 363 2205; x_wconf 79' lang='grc' dir='ltr'>πνεύματα,</span> <span class='ocrx_word' id='word_1_279' title='bbox 389 2137 499 2190; x_wconf 79' lang='grc' dir='ltr'>ἀλλ’</span> <span class='ocrx_word' id='word_1_280' title='bbox 526 2130 697 2199; x_wconf 76' lang='grc' dir='ltr'>αὐτὸς</span> <span class='ocrx_word' id='word_1_281' title='bbox 733 2156 752 2187; x_wconf 75' lang='grc' dir='ltr'><strong>ι</strong></span> <span class='ocrx_word' id='word_1_282' title='bbox 783 2139 812 2190; x_wconf 89' lang='lat'><strong>6</strong></span> <span class='ocrx_word' id='word_1_283' title='bbox 840 2137 968 2199; x_wconf 84' lang='grc' dir='ltr'>Θεὸς</span> <span class='ocrx_word' id='word_1_284' title='bbox 994 2136 1427 2190; x_wconf 77' lang='grc' dir='ltr'>ὲὸασίλευσενὲπὶ</span> <span class='ocrx_word' id='word_1_285' title='bbox 1455 2137 1624 2188; x_wconf 83' lang='grc' dir='ltr'>πάντα</span> 
     </span>
    </p>
   </div>
   <div class='ocr_carea' id='block_1_38' title="bbox 110 2225 1623 2295">
    <p class='ocr_par' dir='ltr' id='par_1_38' title="bbox 110 2225 1623 2295">
     <span class='ocr_line' id='line_1_38' title="bbox 110 2225 1623 2295; baseline 0.001 -19"><span class='ocrx_word' id='word_1_286' title='bbox 110 2225 161 2277; x_wconf 78' lang='grc' dir='ltr'>τὰ</span> <span class='ocrx_word' id='word_1_287' title='bbox 182 2225 287 2295; x_wconf 76' lang='grc' dir='ltr'>ἔθνη</span> <span class='ocrx_word' id='word_1_288' title='bbox 303 2241 347 2276; x_wconf 76' lang='grc' dir='ltr'><strong>ἰ</strong></span> <span class='ocrx_word' id='word_1_289' title='bbox 370 2228 400 2278; x_wconf 90' lang='lat'><strong>6</strong></span> <span class='ocrx_word' id='word_1_290' title='bbox 414 2226 546 2288; x_wconf 83' lang='grc' dir='ltr'>Θεὸς</span> <span class='ocrx_word' id='word_1_291' title='bbox 562 2227 756 2290; x_wconf 80' lang='grc' dir='ltr'>αὐτὸς,</span> <span class='ocrx_word' id='word_1_292' title='bbox 795 2244 813 2276; x_wconf 74' lang='grc' dir='ltr'><strong>ι</strong></span> <span class='ocrx_word' id='word_1_293' title='bbox 838 2226 896 2288; x_wconf 80' lang='grc' dir='ltr'><strong>ὃς</strong></span> <span class='ocrx_word' id='word_1_294' title='bbox 919 2225 1152 2295; x_wconf 80' lang='grc' dir='ltr'>κάθηται</span> <span class='ocrx_word' id='word_1_295' title='bbox 1173 2226 1262 2277; x_wconf 75' lang='grc' dir='ltr'><strong>ἐπὶ</strong></span> <span class='ocrx_word' id='word_1_296' title='bbox 1277 2225 1460 2295; x_wconf 82' lang='grc' dir='ltr'>θρόνου</span> <span class='ocrx_word' id='word_1_297' title='bbox 1471 2225 1623 2294; x_wconf 82' lang='grc' dir='ltr'>ἁγίου</span> 
     </span>
    </p>
   </div>
   <div class='ocr_carea' id='block_1_39' title="bbox 109 2311 1623 2385">
    <p class='ocr_par' dir='ltr' id='par_1_39' title="bbox 109 2311 1623 2385">
     <span class='ocr_line' id='line_1_39' title="bbox 109 2311 1623 2385; baseline -0.001 -19"><span class='ocrx_word' id='word_1_298' title='bbox 109 2314 283 2367; x_wconf 71' lang='grc' dir='ltr'>αὑτοῦ.»</span> <span class='ocrx_word' id='word_1_299' title='bbox 310 2315 443 2383; x_wconf 82' lang='grc' dir='ltr'>Ἤδη</span> <span class='ocrx_word' id='word_1_300' title='bbox 469 2314 526 2366; x_wconf 78' lang='grc' dir='ltr'>δὲ</span> <span class='ocrx_word' id='word_1_301' title='bbox 549 2314 828 2385; x_wconf 84' lang='grc' dir='ltr'>πρότερον</span> <span class='ocrx_word' id='word_1_302' title='bbox 844 2312 939 2365; x_wconf 91' lang='grc' dir='ltr'><strong>τοῦ</strong></span> <span class='ocrx_word' id='word_1_303' title='bbox 964 2312 1098 2366; x_wconf 88' lang='grc' dir='ltr'>Θεοῦ</span> <span class='ocrx_word' id='word_1_304' title='bbox 1123 2313 1290 2379; x_wconf 86' lang='grc' dir='ltr'>Λόγου</span> <span class='ocrx_word' id='word_1_305' title='bbox 1310 2312 1396 2363; x_wconf 88' lang='grc' dir='ltr'>τὸν</span> <span class='ocrx_word' id='word_1_306' title='bbox 1421 2311 1623 2382; x_wconf 88' lang='grc' dir='ltr'>θρόνον,</span> 
     </span>
    </p>
   </div>
   <div class='ocr_carea' id='block_1_40' title="bbox 110 2400 1620 2472">
    <p class='ocr_par' dir='ltr' id='par_1_40' title="bbox 110 2400 1620 2472">
     <span class='ocr_line' id='line_1_40' title="bbox 110 2400 1620 2472; baseline 0.001 -20"><span class='ocrx_word' id='word_1_307' title='bbox 110 2402 245 2469; x_wconf 65' lang='grc' dir='ltr'><strong>ἐφ’ὅν</strong></span> <span class='ocrx_word' id='word_1_308' title='bbox 279 2402 598 2465; x_wconf 76' lang='grc' dir='ltr'>καθέζεσθαι</span> <span class='ocrx_word' id='word_1_309' title='bbox 650 2404 681 2456; x_wconf 90' lang='lat'><strong>6</strong></span> <span class='ocrx_word' id='word_1_310' title='bbox 731 2403 926 2472; x_wconf 86' lang='grc' dir='ltr'>Πατὴρ</span> <span class='ocrx_word' id='word_1_311' title='bbox 974 2400 1120 2470; x_wconf 81' lang='grc' dir='ltr'>αὐτῷ</span> <span class='ocrx_word' id='word_1_312' title='bbox 1164 2400 1620 2470; x_wconf 86' lang='grc' dir='ltr'>παρεκελεύσατο,</span> 
     </span>
    </p>
   </div>
   <div class='ocr_carea' id='block_1_41' title="bbox 110 2490 1622 2560">
    <p class='ocr_par' dir='ltr' id='par_1_41' title="bbox 110 2490 1622 2560">
     <span class='ocr_line' id='line_1_41' title="bbox 110 2490 1622 2560; baseline -0.001 -16"><span class='ocrx_word' id='word_1_313' title='bbox 110 2492 275 2557; x_wconf 72' lang='grc' dir='ltr'>εἰπὼν,</span> <span class='ocrx_word' id='word_1_314' title='bbox 322 2512 339 2544; x_wconf 79' lang='grc' dir='ltr'><strong>ι</strong></span> <span class='ocrx_word' id='word_1_315' title='bbox 372 2492 555 2546; x_wconf 79' lang='grc' dir='ltr'>Κάθου</span> <span class='ocrx_word' id='word_1_316' title='bbox 605 2495 675 2546; x_wconf 76' lang='grc' dir='ltr'>ὲκ</span> <span class='ocrx_word' id='word_1_317' title='bbox 731 2491 921 2555; x_wconf 75' lang='grc' dir='ltr'>δεξιῶν</span> <span class='ocrx_word' id='word_1_318' title='bbox 957 2508 1088 2560; x_wconf 73' lang='grc' dir='ltr'>μου,</span> <span class='ocrx_word' id='word_1_319' title='bbox 1132 2491 1233 2553; x_wconf 72' lang='grc' dir='ltr'>ἕως</span> <span class='ocrx_word' id='word_1_320' title='bbox 1271 2490 1334 2543; x_wconf 84' lang='grc' dir='ltr'>ἂν</span> <span class='ocrx_word' id='word_1_321' title='bbox 1382 2490 1457 2542; x_wconf 91' lang='grc' dir='ltr'><strong>θῶ</strong></span> <span class='ocrx_word' id='word_1_322' title='bbox 1500 2491 1622 2552; x_wconf 80' lang='grc' dir='ltr'>τοὺς</span> 
     </span>
    </p>
   </div>
   <div class='ocr_carea' id='block_1_42' title="bbox 110 2578 1622 2651">
    <p class='ocr_par' dir='ltr' id='par_1_42' title="bbox 110 2578 1622 2651">
     <span class='ocr_line' id='line_1_42' title="bbox 110 2578 1622 2651; baseline -0.003 -16"><span class='ocrx_word' id='word_1_323' title='bbox 110 2581 292 2651; x_wconf 71' lang='grc' dir='ltr'>ἐχθρούς</span> <span class='ocrx_word' id='word_1_324' title='bbox 315 2599 404 2634; x_wconf 87' lang='grc' dir='ltr'><strong>σου</strong></span> <span class='ocrx_word' id='word_1_325' title='bbox 429 2582 734 2635; x_wconf 74' lang='grc' dir='ltr'>ὑποπόδιον</span> <span class='ocrx_word' id='word_1_326' title='bbox 767 2582 876 2634; x_wconf 86' lang='grc' dir='ltr'><strong>τῶν</strong></span> <span class='ocrx_word' id='word_1_327' title='bbox 906 2580 1078 2633; x_wconf 83' lang='grc' dir='ltr'>ποδῶν</span> <span class='ocrx_word' id='word_1_328' title='bbox 1108 2598 1221 2645; x_wconf 90' lang='grc' dir='ltr'>σου,</span> <span class='ocrx_word' id='word_1_329' title='bbox 1248 2599 1266 2630; x_wconf 76' lang='grc' dir='ltr'><strong>ι</strong></span> <span class='ocrx_word' id='word_1_330' title='bbox 1293 2579 1378 2632; x_wconf 83' lang='grc' dir='ltr'><strong>διὰ</strong></span> <span class='ocrx_word' id='word_1_331' title='bbox 1398 2579 1488 2632; x_wconf 89' lang='grc' dir='ltr'><strong>τοῦ</strong></span> <span class='ocrx_word' id='word_1_332' title='bbox 1519 2578 1622 2649; x_wconf 80' lang='grc' dir='ltr'>πρὸ</span> 
     </span>
    </p>
   </div>
   <div class='ocr_carea' id='block_1_43' title="bbox 104 2666 1622 2739">
    <p class='ocr_par' dir='ltr' id='par_1_43' title="bbox 104 2666 1622 2739">
     <span class='ocr_line' id='line_1_43' title="bbox 104 2666 1622 2739; baseline 0 -20"><span class='ocrx_word' id='word_1_333' title='bbox 104 2667 256 2721; x_wconf 79' lang='grc' dir='ltr'>τούτου</span> <span class='ocrx_word' id='word_1_334' title='bbox 288 2669 721 2739; x_wconf 79' lang='grc' dir='ltr'>συγγράμματος</span> <span class='ocrx_word' id='word_1_335' title='bbox 750 2669 1183 2739; x_wconf 74' lang='grc' dir='ltr'>παρεστήσαμεν.</span> <span class='ocrx_word' id='word_1_336' title='bbox 1217 2666 1288 2719; x_wconf 91' lang='grc' dir='ltr'>Τὸ</span> <span class='ocrx_word' id='word_1_337' title='bbox 1311 2667 1367 2719; x_wconf 83' lang='grc' dir='ltr'>δὲ</span> <span class='ocrx_word' id='word_1_338' title='bbox 1385 2708 1400 2730; x_wconf 95' lang='grc'><strong>,</strong></span> <span class='ocrx_word' id='word_1_339' title='bbox 1449 2685 1467 2717; x_wconf 75' lang='grc' dir='ltr'><strong>ι</strong></span> <span class='ocrx_word' id='word_1_340' title='bbox 1494 2668 1622 2737; x_wconf 78' lang='grc' dir='ltr'><strong>’Δρ-</strong></span> 
     </span>
    </p>
   </div>
   <div class='ocr_carea' id='block_1_44' title="bbox 108 2754 1614 2827">
    <p class='ocr_par' dir='ltr' id='par_1_44' title="bbox 108 2754 1614 2827">
     <span class='ocr_line' id='line_1_44' title="bbox 108 2754 1614 2827; baseline -0.001 -19"><span class='ocrx_word' id='word_1_341' title='bbox 108 2772 253 2823; x_wconf 79' lang='grc' dir='ltr'>χοντες</span> <span class='ocrx_word' id='word_1_342' title='bbox 272 2758 405 2810; x_wconf 83' lang='grc' dir='ltr'>λαῶν</span> <span class='ocrx_word' id='word_1_343' title='bbox 431 2758 794 2827; x_wconf 83' lang='grc' dir='ltr'>συνήχθησαν</span> <span class='ocrx_word' id='word_1_344' title='bbox 830 2756 965 2826; x_wconf 84' lang='grc' dir='ltr'>μετὰ</span> <span class='ocrx_word' id='word_1_345' title='bbox 993 2756 1084 2808; x_wconf 88' lang='grc' dir='ltr'><strong>τοῦ</strong></span> <span class='ocrx_word' id='word_1_346' title='bbox 1123 2755 1254 2807; x_wconf 83' lang='grc' dir='ltr'>Θεοῦ</span> <span class='ocrx_word' id='word_1_347' title='bbox 1290 2754 1561 2825; x_wconf 80' lang='grc' dir='ltr'>Ἀὁραάμ,</span> <span class='ocrx_word' id='word_1_348' title='bbox 1596 2775 1614 2806; x_wconf 76' lang='grc' dir='ltr'><strong>ι</strong></span> 
     </span>
    </p>
   </div>
   <div class='ocr_carea' id='block_1_45' title="bbox 106 2844 1618 2917">
    <p class='ocr_par' dir='ltr' id='par_1_45' title="bbox 106 2844 1618 2917">
     <span class='ocr_line' id='line_1_45' title="bbox 106 2844 1618 2917; baseline 0.001 -22"><span class='ocrx_word' id='word_1_349' title='bbox 106 2845 166 2896; x_wconf 81' lang='grc' dir='ltr'><strong>ἱτι</strong></span> <span class='ocrx_word' id='word_1_350' title='bbox 200 2846 508 2917; x_wconf 67' lang='grc' dir='ltr'>σαφέστερον</span> <span class='ocrx_word' id='word_1_351' title='bbox 537 2846 699 2916; x_wconf 87' lang='grc' dir='ltr'>δηλοῖ</span> <span class='ocrx_word' id='word_1_352' title='bbox 747 2844 1149 2917; x_wconf 81' lang='grc' dir='ltr'>μετατεθεῖσθαι</span> <span class='ocrx_word' id='word_1_353' title='bbox 1195 2846 1272 2907; x_wconf 88' lang='grc' dir='ltr'><strong>εἰς</strong></span> <span class='ocrx_word' id='word_1_354' title='bbox 1303 2844 1392 2896; x_wconf 90' lang='grc' dir='ltr'>τὸν</span> <span class='ocrx_word' id='word_1_355' title='bbox 1428 2844 1618 2914; x_wconf 85' lang='grc' dir='ltr'>κλῆρον</span> 
     </span>
    </p>
   </div>
   <div class='ocr_carea' id='block_1_46' title="bbox 104 2933 1620 3006">
    <p class='ocr_par' dir='ltr' id='par_1_46' title="bbox 104 2933 1620 3006">
     <span class='ocr_line' id='line_1_46' title="bbox 104 2933 1620 3006; baseline 0 -21"><span class='ocrx_word' id='word_1_356' title='bbox 104 2934 187 2986; x_wconf 81' lang='grc' dir='ltr'><strong>τῶν</strong></span> <span class='ocrx_word' id='word_1_357' title='bbox 218 2936 367 2989; x_wconf 75' lang='grc' dir='ltr'>πάλαι</span> <span class='ocrx_word' id='word_1_358' title='bbox 419 2936 692 3006; x_wconf 69' lang='grc' dir='ltr'>θεοφιλῶν</span> <span class='ocrx_word' id='word_1_359' title='bbox 743 2934 840 2987; x_wconf 88' lang='grc' dir='ltr'><strong>τοῦ</strong></span> <span class='ocrx_word' id='word_1_360' title='bbox 888 2935 1020 2987; x_wconf 85' lang='grc' dir='ltr'>Θεοῦ</span> <span class='ocrx_word' id='word_1_361' title='bbox 1066 2934 1349 3004; x_wconf 53' lang='grc' dir='ltr'>προφητῶν</span> <span class='ocrx_word' id='word_1_362' title='bbox 1391 2935 1512 2996; x_wconf 79' lang='grc' dir='ltr'>τοὺς</span> <span class='ocrx_word' id='word_1_363' title='bbox 1561 2933 1620 2998; x_wconf 76' lang='grc' dir='ltr'><strong>ἐξ</strong></span> 
     </span>
    </p>
   </div>
   <div class='ocr_carea' id='block_1_47' title="bbox 1722 1954 3240 2023">
    <p class='ocr_par' dir='ltr' id='par_1_47' title="bbox 1722 1954 3240 2023">
     <span class='ocr_line' id='line_1_47' title="bbox 1722 1954 3240 2023; baseline 0.002 -18"><span class='ocrx_word' id='word_1_364' title='bbox 1722 1967 1824 2021; x_wconf 86' lang='lat' dir='ltr'><strong>quc</strong></span> <span class='ocrx_word' id='word_1_365' title='bbox 1852 1954 1983 2006; x_wconf 87' lang='lat' dir='ltr'><strong>adeo</strong></span> <span class='ocrx_word' id='word_1_366' title='bbox 2016 1962 2235 2007; x_wconf 88' lang='lat' dir='ltr'><strong>sanctus</strong></span> <span class='ocrx_word' id='word_1_367' title='bbox 2276 1956 2488 2016; x_wconf 90' lang='lat' dir='ltr'><strong>clamat,</strong></span> <span class='ocrx_word' id='word_1_368' title='bbox 2519 1961 2571 2006; x_wconf 89' lang='lat' dir='ltr'><strong>et</strong></span> <span class='ocrx_word' id='word_1_369' title='bbox 2604 1954 2927 2008; x_wconf 76' lang='lat' dir='ltr'><strong>vociferatur</strong></span> <span class='ocrx_word' id='word_1_370' title='bbox 2985 1954 3240 2023; x_wconf 78' lang='lat' dir='ltr'><strong>Spiritus,</strong></span> 
     </span>
    </p>
   </div>
   <div class='ocr_carea' id='block_1_48' title="bbox 1721 2040 3245 2111">
    <p class='ocr_par' dir='ltr' id='par_1_48' title="bbox 1721 2040 3245 2111">
     <span class='ocr_line' id='line_1_48' title="bbox 1721 2040 3245 2111; baseline 0.001 -18"><span class='ocrx_word' id='word_1_371' title='bbox 1721 2049 1779 2093; x_wconf 89' lang='lat' dir='ltr'><strong>ut</strong></span> <span class='ocrx_word' id='word_1_372' title='bbox 1812 2040 1878 2093; x_wconf 88' lang='lat' dir='ltr'><strong>ab</strong></span> <span class='ocrx_word' id='word_1_373' title='bbox 1909 2041 2155 2094; x_wconf 89' lang='lat' dir='ltr'><strong>omnibus</strong></span> <span class='ocrx_word' id='word_1_374' title='bbox 2177 2041 2418 2094; x_wconf 80' lang='lat' dir='ltr'><strong>exaudiri</strong></span> <span class='ocrx_word' id='word_1_375' title='bbox 2451 2043 2619 2111; x_wconf 89' lang='lat' dir='ltr'><strong>possit</strong></span> <span class='ocrx_word' id='word_1_376' title='bbox 2676 2043 2998 2104; x_wconf 85' lang='lat' dir='ltr'><strong>hominibus,</strong></span> <span class='ocrx_word' id='word_1_377' title='bbox 3048 2044 3245 2094; x_wconf 87' lang='lat' dir='ltr'><strong>clamat</strong></span> 
     </span>
    </p>
   </div>
   <div class='ocr_carea' id='block_1_49' title="bbox 1719 2129 3244 2199">
    <p class='ocr_par' dir='ltr' id='par_1_49' title="bbox 1719 2129 3244 2199">
     <span class='ocr_line' id='line_1_49' title="bbox 1719 2129 3244 2199; baseline 0.001 -17"><span class='ocrx_word' id='word_1_378' title='bbox 1719 2144 1847 2182; x_wconf 88' lang='lat' dir='ltr'><strong>vero</strong></span> <span class='ocrx_word' id='word_1_379' title='bbox 1873 2144 1933 2181; x_wconf 89' lang='lat' dir='ltr'><strong>ea</strong></span> <span class='ocrx_word' id='word_1_380' title='bbox 1961 2144 2078 2198; x_wconf 75' lang='lat' dir='ltr'><strong>qua:</strong></span> <span class='ocrx_word' id='word_1_381' title='bbox 2107 2129 2159 2182; x_wconf 90' lang='lat' dir='ltr'><strong>in</strong></span> <span class='ocrx_word' id='word_1_382' title='bbox 2180 2129 2368 2183; x_wconf 89' lang='lat' dir='ltr'><strong>eodem</strong></span> <span class='ocrx_word' id='word_1_383' title='bbox 2391 2133 2594 2199; x_wconf 87' lang='lat' dir='ltr'><strong>psalmo</strong></span> <span class='ocrx_word' id='word_1_384' title='bbox 2611 2140 2922 2199; x_wconf 87' lang='lat' dir='ltr'><strong>sequuntur,</strong></span> <span class='ocrx_word' id='word_1_385' title='bbox 2976 2132 3027 2183; x_wconf 91' lang='lat' dir='ltr'><strong>in</strong></span> <span class='ocrx_word' id='word_1_386' title='bbox 3049 2131 3244 2198; x_wconf 78' lang='lat' dir='ltr'><strong>quibus</strong></span> 
     </span>
    </p>
   </div>
   <div class='ocr_carea' id='block_1_50' title="bbox 1721 2216 3238 2288">
    <p class='ocr_par' dir='ltr' id='par_1_50' title="bbox 1721 2216 3238 2288">
     <span class='ocr_line' id='line_1_50' title="bbox 1721 2216 3238 2288; baseline 0 -17"><span class='ocrx_word' id='word_1_387' title='bbox 1721 2217 1916 2271; x_wconf 90' lang='lat' dir='ltr'><strong>dicitur</strong></span> <span class='ocrx_word' id='word_1_388' title='bbox 1941 2237 1953 2271; x_wconf 91' lang='lat'><strong>:</strong></span> <span class='ocrx_word' id='word_1_389' title='bbox 1990 2236 2009 2269; x_wconf 85' lang='grc'><strong>(</strong></span> <span class='ocrx_word' id='word_1_390' title='bbox 2048 2216 2262 2272; x_wconf 80' lang='lat' dir='ltr'><strong>Psallite</strong></span> <span class='ocrx_word' id='word_1_391' title='bbox 2282 2218 2389 2271; x_wconf 79' lang='lat' dir='ltr'><strong>Deo</strong></span> <span class='ocrx_word' id='word_1_392' title='bbox 2412 2227 2613 2282; x_wconf 88' lang='lat' dir='ltr'><strong>nostro,</strong></span> <span class='ocrx_word' id='word_1_393' title='bbox 2640 2220 2866 2288; x_wconf 82' lang='lat' dir='ltr'><strong>psallite.</strong></span> <span class='ocrx_word' id='word_1_394' title='bbox 2887 2220 3095 2288; x_wconf 87' lang='lat' dir='ltr'><strong>psallite</strong></span> <span class='ocrx_word' id='word_1_395' title='bbox 3130 2218 3238 2287; x_wconf 84' lang='lat' dir='ltr'><strong>regi</strong></span> 
     </span>
    </p>
   </div>
   <div class='ocr_carea' id='block_1_51' title="bbox 1720 2307 3238 2377">
    <p class='ocr_par' dir='ltr' id='par_1_51' title="bbox 1720 2307 3238 2377">
     <span class='ocr_line' id='line_1_51' title="bbox 1720 2307 3238 2377; baseline 0.003 -18"><span class='ocrx_word' id='word_1_396' title='bbox 1720 2314 1921 2367; x_wconf 82' lang='lat' dir='ltr'><strong>nostro,</strong></span> <span class='ocrx_word' id='word_1_397' title='bbox 1940 2307 2167 2375; x_wconf 86' lang='lat' dir='ltr'><strong>psallite,</strong></span> <span class='ocrx_word' id='word_1_398' title='bbox 2199 2308 2449 2376; x_wconf 89' lang='lat' dir='ltr'><strong>quoniam</strong></span> <span class='ocrx_word' id='word_1_399' title='bbox 2473 2324 2564 2362; x_wconf 81' lang='lat' dir='ltr'><strong>rex</strong></span> <span class='ocrx_word' id='word_1_400' title='bbox 2606 2328 2623 2358; x_wconf 73' lang='grc' dir='ltr'><strong>ι</strong></span> <span class='ocrx_word' id='word_1_401' title='bbox 2672 2324 2779 2361; x_wconf 90' lang='lat' dir='ltr'><strong>non</strong></span> <span class='ocrx_word' id='word_1_402' title='bbox 2821 2310 3048 2377; x_wconf 88' lang='lat' dir='ltr'><strong>amplius</strong></span> <span class='ocrx_word' id='word_1_403' title='bbox 3077 2309 3238 2363; x_wconf 90' lang='lat' dir='ltr'><strong>unius</strong></span> 
     </span>
    </p>
   </div>
   <div class='ocr_carea' id='block_1_52' title="bbox 1725 2395 3239 2467">
    <p class='ocr_par' dir='ltr' id='par_1_52' title="bbox 1725 2395 3239 2467">
     <span class='ocr_line' id='line_1_52' title="bbox 1725 2395 3239 2467; baseline 0 -16"><span class='ocrx_word' id='word_1_404' title='bbox 1725 2395 1950 2451; x_wconf 70' lang='lat' dir='ltr'><strong>Iudaica:</strong></span> <span class='ocrx_word' id='word_1_405' title='bbox 1978 2398 2170 2466; x_wconf 85' lang='lat' dir='ltr'><strong>gentis,</strong></span> <span class='ocrx_word' id='word_1_406' title='bbox 2222 2398 2314 2452; x_wconf 83' lang='lat' dir='ltr'><strong>sed</strong></span> <span class='ocrx_word' id='word_1_407' title='bbox 2344 2416 2362 2447; x_wconf 73' lang='grc' dir='ltr'><strong>ι</strong></span> <span class='ocrx_word' id='word_1_408' title='bbox 2397 2400 2589 2462; x_wconf 89' lang='lat' dir='ltr'><strong>omnis,</strong></span> <span class='ocrx_word' id='word_1_409' title='bbox 2619 2400 2812 2467; x_wconf 88' lang='lat' dir='ltr'><strong>inquit,</strong></span> <span class='ocrx_word' id='word_1_410' title='bbox 2870 2408 3026 2453; x_wconf 57' lang='lat' dir='ltr'><strong>terra?</strong></span> <span class='ocrx_word' id='word_1_411' title='bbox 3073 2398 3239 2463; x_wconf 78' lang='lat' dir='ltr'><strong>Deus,</strong></span> 
     </span>
    </p>
   </div>
   <div class='ocr_carea' id='block_1_53' title="bbox 1718 2484 3241 2556">
    <p class='ocr_par' dir='ltr' id='par_1_53' title="bbox 1718 2484 3241 2556">
     <span class='ocr_line' id='line_1_53' title="bbox 1718 2484 3241 2556; baseline 0 -17"><span class='ocrx_word' id='word_1_412' title='bbox 1718 2487 1926 2555; x_wconf 80' lang='lat' dir='ltr'><strong>psallite</strong></span> <span class='ocrx_word' id='word_1_413' title='bbox 1945 2487 2233 2555; x_wconf 79' lang='lat' dir='ltr'><strong>sapienter.</strong></span> <span class='ocrx_word' id='word_1_414' title='bbox 2284 2505 2303 2537; x_wconf 72' lang='grc' dir='ltr'><strong>ι</strong></span> <span class='ocrx_word' id='word_1_415' title='bbox 2328 2484 2443 2538; x_wconf 88' lang='grc' dir='ltr'>Νυη</span> <span class='ocrx_word' id='word_1_416' title='bbox 2466 2488 2607 2539; x_wconf 90' lang='lat' dir='ltr'><strong>enim</strong></span> <span class='ocrx_word' id='word_1_417' title='bbox 2642 2487 2893 2555; x_wconf 83' lang='lat' dir='ltr'><strong>amplius,</strong></span> <span class='ocrx_word' id='word_1_418' title='bbox 2941 2487 3134 2556; x_wconf 83' lang='lat' dir='ltr'><strong>inquit,</strong></span> <span class='ocrx_word' id='word_1_419' title='bbox 3163 2488 3241 2540; x_wconf 91' lang='lat' dir='ltr'><strong>illi</strong></span> 
     </span>
    </p>
   </div>
   <div class='ocr_carea' id='block_1_54' title="bbox 1717 2575 3242 2644">
    <p class='ocr_par' dir='ltr' id='par_1_54' title="bbox 1717 2575 3242 2644">
     <span class='ocr_line' id='line_1_54' title="bbox 1717 2575 3242 2644; baseline 0.004 -17"><span class='ocrx_word' id='word_1_420' title='bbox 1717 2575 1808 2643; x_wconf 90' lang='lat' dir='ltr'><strong>qui</strong></span> <span class='ocrx_word' id='word_1_421' title='bbox 1837 2576 1984 2644; x_wconf 88' lang='lat' dir='ltr'><strong>prius</strong></span> <span class='ocrx_word' id='word_1_422' title='bbox 2009 2575 2296 2637; x_wconf 63' lang='lat' dir='ltr'><strong>daemones,</strong></span> <span class='ocrx_word' id='word_1_423' title='bbox 2328 2590 2500 2644; x_wconf 89' lang='lat' dir='ltr'><strong>neque</strong></span> <span class='ocrx_word' id='word_1_424' title='bbox 2529 2576 2730 2630; x_wconf 87' lang='lat' dir='ltr'><strong>circum</strong></span> <span class='ocrx_word' id='word_1_425' title='bbox 2759 2586 2953 2630; x_wconf 88' lang='lat' dir='ltr'><strong>terram</strong></span> <span class='ocrx_word' id='word_1_426' title='bbox 2967 2589 3242 2633; x_wconf 80' lang='lat' dir='ltr'><strong>versantes</strong></span> 
     </span>
    </p>
   </div>
   <div class='ocr_carea' id='block_1_55' title="bbox 1718 2664 3242 2737">
    <p class='ocr_par' dir='ltr' id='par_1_55' title="bbox 1718 2664 3242 2737">
     <span class='ocr_line' id='line_1_55' title="bbox 1718 2664 3242 2737; baseline 0.004 -21"><span class='ocrx_word' id='word_1_427' title='bbox 1718 2664 2040 2733; x_wconf 87' lang='lat' dir='ltr'><strong>fallacesque</strong></span> <span class='ocrx_word' id='word_1_428' title='bbox 2069 2664 2310 2732; x_wconf 86' lang='lat' dir='ltr'><strong>spiritus,</strong></span> <span class='ocrx_word' id='word_1_429' title='bbox 2342 2664 2435 2719; x_wconf 88' lang='lat' dir='ltr'><strong>sed</strong></span> <span class='ocrx_word' id='word_1_430' title='bbox 2467 2665 2580 2733; x_wconf 91' lang='lat' dir='ltr'><strong>ipse</strong></span> <span class='ocrx_word' id='word_1_431' title='bbox 2603 2683 2620 2714; x_wconf 76' lang='grc' dir='ltr'><strong>ι</strong></span> <span class='ocrx_word' id='word_1_432' title='bbox 2651 2664 2790 2720; x_wconf 84' lang='lat' dir='ltr'><strong>Deus</strong></span> <span class='ocrx_word' id='word_1_433' title='bbox 2816 2667 3057 2737; x_wconf 75' lang='lat' dir='ltr'><strong>regnavit</strong></span> <span class='ocrx_word' id='word_1_434' title='bbox 3081 2683 3242 2736; x_wconf 88' lang='lat' dir='ltr'><strong>super</strong></span> 
     </span>
    </p>
   </div>
   <div class='ocr_carea' id='block_1_56' title="bbox 1716 2755 3242 2826">
    <p class='ocr_par' dir='ltr' id='par_1_56' title="bbox 1716 2755 3242 2826">
     <span class='ocr_line' id='line_1_56' title="bbox 1716 2755 3242 2826; baseline 0.002 -18"><span class='ocrx_word' id='word_1_435' title='bbox 1716 2770 1902 2809; x_wconf 76' lang='lat' dir='ltr'><strong>omnes</strong></span> <span class='ocrx_word' id='word_1_436' title='bbox 1928 2763 2132 2825; x_wconf 91' lang='lat' dir='ltr'><strong>gentes,</strong></span> <span class='ocrx_word' id='word_1_437' title='bbox 2164 2774 2182 2805; x_wconf 76' lang='grc' dir='ltr'><strong>ι</strong></span> <span class='ocrx_word' id='word_1_438' title='bbox 2223 2755 2357 2825; x_wconf 84' lang='lat' dir='ltr'><strong>ipse,</strong></span> <span class='ocrx_word' id='word_1_439' title='bbox 2392 2757 2632 2825; x_wconf 89' lang='lat' dir='ltr'><strong>inquam,</strong></span> <span class='ocrx_word' id='word_1_440' title='bbox 2682 2756 2844 2820; x_wconf 88' lang='lat' dir='ltr'><strong>Deus,</strong></span> <span class='ocrx_word' id='word_1_441' title='bbox 2890 2776 2908 2808; x_wconf 75' lang='grc' dir='ltr'><strong>ι</strong></span> <span class='ocrx_word' id='word_1_442' title='bbox 2944 2758 3034 2826; x_wconf 90' lang='lat' dir='ltr'><strong>qui</strong></span> <span class='ocrx_word' id='word_1_443' title='bbox 3093 2758 3242 2812; x_wconf 87' lang='lat' dir='ltr'><strong>sedet</strong></span> 
     </span>
    </p>
   </div>
   <div class='ocr_carea' id='block_1_57' title="bbox 1717 2843 3236 2913">
    <p class='ocr_par' dir='ltr' id='par_1_57' title="bbox 1717 2843 3236 2913">
     <span class='ocr_line' id='line_1_57' title="bbox 1717 2843 3236 2913; baseline -0.001 -16"><span class='ocrx_word' id='word_1_444' title='bbox 1717 2859 1878 2912; x_wconf 86' lang='lat' dir='ltr'><strong>super</strong></span> <span class='ocrx_word' id='word_1_445' title='bbox 1924 2844 2048 2897; x_wconf 87' lang='lat' dir='ltr'><strong>sede</strong></span> <span class='ocrx_word' id='word_1_446' title='bbox 2099 2851 2283 2896; x_wconf 88' lang='lat' dir='ltr'><strong>sancta</strong></span> <span class='ocrx_word' id='word_1_447' title='bbox 2317 2859 2434 2897; x_wconf 90' lang='lat' dir='ltr'><strong>sua.</strong></span> <span class='ocrx_word' id='word_1_448' title='bbox 2466 2863 2485 2894; x_wconf 77' lang='grc' dir='ltr'><strong>ι</strong></span> <span class='ocrx_word' id='word_1_449' title='bbox 2519 2843 2776 2898; x_wconf 67' lang='lat' dir='ltr'><strong>Caeterum</strong></span> <span class='ocrx_word' id='word_1_450' title='bbox 2801 2844 2909 2913; x_wconf 88' lang='lat' dir='ltr'><strong>jam</strong></span> <span class='ocrx_word' id='word_1_451' title='bbox 2962 2852 3116 2897; x_wconf 84' lang='lat' dir='ltr'><strong>antea</strong></span> <span class='ocrx_word' id='word_1_452' title='bbox 3146 2843 3236 2899; x_wconf 89' lang='lat' dir='ltr'><strong>Dei</strong></span> 
     </span>
    </p>
   </div>
   <div class='ocr_carea' id='block_1_58' title="bbox 1716 2927 3242 3001">
    <p class='ocr_par' dir='ltr' id='par_1_58' title="bbox 1716 2927 3242 3001">
     <span class='ocr_line' id='line_1_58' title="bbox 1716 2927 3242 3001; baseline 0.003 -19"><span class='ocrx_word' id='word_1_453' title='bbox 1716 2927 1873 2983; x_wconf 80' lang='lat' dir='ltr'><strong>Verbi</strong></span> <span class='ocrx_word' id='word_1_454' title='bbox 1898 2930 2072 2984; x_wconf 85' lang='lat' dir='ltr'><strong>sedem</strong></span> <span class='ocrx_word' id='word_1_455' title='bbox 2103 2945 2260 2999; x_wconf 88' lang='lat' dir='ltr'><strong>super</strong></span> <span class='ocrx_word' id='word_1_456' title='bbox 2286 2945 2390 2998; x_wconf 92' lang='lat' dir='ltr'><strong>qua</strong></span> <span class='ocrx_word' id='word_1_457' title='bbox 2422 2930 2577 2985; x_wconf 87' lang='lat' dir='ltr'><strong>Pater</strong></span> <span class='ocrx_word' id='word_1_458' title='bbox 2620 2932 2792 2999; x_wconf 89' lang='lat' dir='ltr'><strong>ipsum</strong></span> <span class='ocrx_word' id='word_1_459' title='bbox 2840 2932 3025 2987; x_wconf 88' lang='lat' dir='ltr'><strong>sedere</strong></span> <span class='ocrx_word' id='word_1_460' title='bbox 3063 2932 3242 3001; x_wconf 86' lang='lat' dir='ltr'><strong>jusse-</strong></span> 
     </span>
    </p>
   </div>
   <div class='ocr_carea' id='block_1_59' title="bbox 102 3020 1619 3096">
    <p class='ocr_par' dir='ltr' id='par_1_59' title="bbox 102 3022 1614 3096">
     <span class='ocr_line' id='line_1_59' title="bbox 102 3022 1614 3096; baseline 0 -21"><span class='ocrx_word' id='word_1_461' title='bbox 102 3023 234 3078; x_wconf 77' lang='grc' dir='ltr'>ἐθνῶν</span> <span class='ocrx_word' id='word_1_462' title='bbox 258 3026 515 3095; x_wconf 77' lang='grc' dir='ltr'>ἄρχοντας</span> <span class='ocrx_word' id='word_1_463' title='bbox 542 3027 647 3096; x_wconf 81' lang='grc' dir='ltr'>τῆς</span> <span class='ocrx_word' id='word_1_464' title='bbox 680 3023 918 3095; x_wconf 77' lang='grc' dir='ltr'>Χριστοῦ</span> <span class='ocrx_word' id='word_1_465' title='bbox 958 3022 1295 3092; x_wconf 85' lang='grc' dir='ltr'>Ἐκκλησίας,</span> <span class='ocrx_word' id='word_1_466' title='bbox 1330 3022 1399 3087; x_wconf 80' lang='grc' dir='ltr'>οἳ,</span> <span class='ocrx_word' id='word_1_467' title='bbox 1430 3024 1520 3075; x_wconf 75' lang='grc' dir='ltr'><strong>καὶ</strong></span> <span class='ocrx_word' id='word_1_468' title='bbox 1551 3026 1614 3093; x_wconf 83' lang='grc' dir='ltr'>τῇ</span> 
     </span>
    </p>
   </div>
   <div class='ocr_carea' id='block_1_60' title="bbox 1723 3020 3245 3096">
    <p class='ocr_par' dir='ltr' id='par_1_60' title="bbox 1723 3020 3245 3091">
     <span class='ocr_line' id='line_1_60' title="bbox 1723 3020 3245 3091; baseline 0.002 -19"><span class='ocrx_word' id='word_1_469' title='bbox 1723 3026 1819 3085; x_wconf 84' lang='lat' dir='ltr'><strong>rat,</strong></span> <span class='ocrx_word' id='word_1_470' title='bbox 1848 3020 1954 3074; x_wconf 89' lang='lat' dir='ltr'><strong>illis</strong></span> <span class='ocrx_word' id='word_1_471' title='bbox 1983 3021 2196 3074; x_wconf 86' lang='lat' dir='ltr'><strong>verbis:</strong></span> <span class='ocrx_word' id='word_1_472' title='bbox 2233 3038 2251 3070; x_wconf 78' lang='grc' dir='ltr'><strong>ι</strong></span> <span class='ocrx_word' id='word_1_473' title='bbox 2289 3020 2424 3075; x_wconf 87' lang='lat' dir='ltr'><strong>Sede</strong></span> <span class='ocrx_word' id='word_1_474' title='bbox 2456 3037 2485 3074; x_wconf 88' lang='lat' dir='ltr'><strong>a</strong></span> <span class='ocrx_word' id='word_1_475' title='bbox 2515 3021 2719 3076; x_wconf 82' lang='lat' dir='ltr'><strong>dextris</strong></span> <span class='ocrx_word' id='word_1_476' title='bbox 2748 3022 2881 3076; x_wconf 88' lang='lat' dir='ltr'><strong>meis</strong></span> <span class='ocrx_word' id='word_1_477' title='bbox 2901 3061 2914 3084; x_wconf 89' lang='lat'><strong>,</strong></span> <span class='ocrx_word' id='word_1_478' title='bbox 2945 3022 3115 3075; x_wconf 86' lang='lat' dir='ltr'><strong>donec</strong></span> <span class='ocrx_word' id='word_1_479' title='bbox 3143 3038 3245 3091; x_wconf 85' lang='lat' dir='ltr'><strong>po-</strong></span> 
     </span>
    </p>
   </div>
   <div class='ocr_carea' id='block_1_61' title="bbox 99 3108 1619 3185">
    <p class='ocr_par' dir='ltr' id='par_1_61' title="bbox 99 3111 1618 3185">
     <span class='ocr_line' id='line_1_61' title="bbox 99 3111 1618 3185; baseline 0 -19"><span class='ocrx_word' id='word_1_480' title='bbox 99 3112 283 3182; x_wconf 79' lang='grc' dir='ltr'>δυνάμει</span> <span class='ocrx_word' id='word_1_481' title='bbox 312 3115 403 3168; x_wconf 89' lang='grc' dir='ltr'><strong>τοῦ</strong></span> <span class='ocrx_word' id='word_1_482' title='bbox 432 3116 702 3185; x_wconf 80' lang='grc' dir='ltr'>Σωτῆρος</span> <span class='ocrx_word' id='word_1_483' title='bbox 730 3114 888 3184; x_wconf 80' lang='grc' dir='ltr'>ἡμῶν</span> <span class='ocrx_word' id='word_1_484' title='bbox 916 3111 1339 3182; x_wconf 80' lang='grc' dir='ltr'>κραταιωθέντες</span> <span class='ocrx_word' id='word_1_485' title='bbox 1359 3151 1374 3175; x_wconf 91' lang='grc'><strong>,</strong></span> <span class='ocrx_word' id='word_1_486' title='bbox 1417 3112 1618 3182; x_wconf 71' lang='grc' dir='ltr'>σφόδρα</span> 
     </span>
    </p>
   </div>
   <div class='ocr_carea' id='block_1_62' title="bbox 1723 3108 3239 3185">
    <p class='ocr_par' dir='ltr' id='par_1_62' title="bbox 1723 3108 3239 3178">
     <span class='ocr_line' id='line_1_62' title="bbox 1723 3108 3239 3178; baseline 0.002 -16"><span class='ocrx_word' id='word_1_487' title='bbox 1723 3124 1837 3162; x_wconf 89' lang='lat' dir='ltr'><strong>nam</strong></span> <span class='ocrx_word' id='word_1_488' title='bbox 1856 3108 2097 3163; x_wconf 89' lang='lat' dir='ltr'><strong>inimicos</strong></span> <span class='ocrx_word' id='word_1_489' title='bbox 2126 3116 2245 3163; x_wconf 91' lang='lat' dir='ltr'><strong>tuos</strong></span> <span class='ocrx_word' id='word_1_490' title='bbox 2262 3110 2546 3164; x_wconf 87' lang='lat' dir='ltr'><strong>scabellum</strong></span> <span class='ocrx_word' id='word_1_491' title='bbox 2579 3110 2769 3178; x_wconf 89' lang='lat' dir='ltr'><strong>pedum</strong></span> <span class='ocrx_word' id='word_1_492' title='bbox 2804 3119 3015 3164; x_wconf 88' lang='lat' dir='ltr'><strong>tuorum</strong></span> <span class='ocrx_word' id='word_1_493' title='bbox 3048 3110 3142 3173; x_wconf 61' lang='lat'><strong>&quot;,3</strong></span> <span class='ocrx_word' id='word_1_494' title='bbox 3175 3124 3239 3165; x_wconf 79' lang='lat' dir='ltr'><strong>eo</strong></span> 
     </span>
    </p>
   </div>
   <div class='ocr_carea' id='block_1_63' title="bbox 97 3166 1619 3273">
    <p class='ocr_par' dir='ltr' id='par_1_63' title="bbox 97 3166 1618 3273">
     <span class='ocr_line' id='line_1_63' title="bbox 97 3166 1618 3273; baseline 0.001 -22"><span class='ocrx_word' id='word_1_495' title='bbox 97 3166 369 3273; x_wconf 66' lang='grc' dir='ltr'>ἐπήρθησαν</span> <span class='ocrx_word' id='word_1_496' title='bbox 413 3166 635 3267; x_wconf 64' lang='grc' dir='ltr'>οὐδενὸς</span> <span class='ocrx_word' id='word_1_497' title='bbox 680 3166 998 3273; x_wconf 59' lang='grc' dir='ltr'><strong>⁷ἁύθρὼπούν</strong></span> <span class='ocrx_word' id='word_1_498' title='bbox 1050 3166 1373 3253; x_wconf 39' lang='grc' dir='ltr'>καταϐαλεῖν,</span> <span class='ocrx_word' id='word_1_499' title='bbox 1427 3166 1618 3264; x_wconf 65' lang='grc' dir='ltr'>αύτοὺς</span> 
     </span>
    </p>
   </div>
   <div class='ocr_carea' id='block_1_64' title="bbox 1723 3166 3235 3273">
    <p class='ocr_par' dir='ltr' id='par_1_64' title="bbox 1723 3199 3235 3268">
     <span class='ocr_line' id='line_1_64' title="bbox 1723 3199 3235 3268; baseline 0.002 -18"><span class='ocrx_word' id='word_1_500' title='bbox 1723 3200 1808 3268; x_wconf 88' lang='lat' dir='ltr'><strong>qui</strong></span> <span class='ocrx_word' id='word_1_501' title='bbox 1832 3199 1973 3251; x_wconf 90' lang='lat' dir='ltr'><strong>hunc</strong></span> <span class='ocrx_word' id='word_1_502' title='bbox 2000 3201 2266 3253; x_wconf 87' lang='lat' dir='ltr'><strong>antecedit</strong></span> <span class='ocrx_word' id='word_1_503' title='bbox 2290 3201 2446 3264; x_wconf 87' lang='lat' dir='ltr'><strong>libro,</strong></span> <span class='ocrx_word' id='word_1_504' title='bbox 2481 3215 2577 3267; x_wconf 86' lang='lat' dir='ltr'><strong>pro</strong></span> <span class='ocrx_word' id='word_1_505' title='bbox 2593 3200 2795 3255; x_wconf 84' lang='lat' dir='ltr'><strong>viribus</strong></span> <span class='ocrx_word' id='word_1_506' title='bbox 2825 3199 3235 3254; x_wconf 87' lang='lat' dir='ltr'><strong>declaravimus.</strong></span> 
     </span>
    </p>
   </div>
   <div class='ocr_carea' id='block_1_65' title="bbox 101 3287 1619 3362">
    <p class='ocr_par' dir='ltr' id='par_1_65' title="bbox 101 3289 1619 3362">
     <span class='ocr_line' id='line_1_65' title="bbox 101 3289 1619 3362; baseline 0 -21"><span class='ocrx_word' id='word_1_507' title='bbox 101 3293 173 3342; x_wconf 74' lang='lat' dir='ltr'><strong>nl</strong></span> <span class='ocrx_word' id='word_1_508' title='bbox 201 3294 512 3347; x_wconf 80' lang='grc' dir='ltr'>ταπεινῶσαι</span> <span class='ocrx_word' id='word_1_509' title='bbox 546 3293 938 3362; x_wconf 80' lang='grc' dir='ltr'>δεδυνημένου,</span> <span class='ocrx_word' id='word_1_510' title='bbox 970 3290 1056 3343; x_wconf 80' lang='grc' dir='ltr'><strong>διὰ</strong></span> <span class='ocrx_word' id='word_1_511' title='bbox 1079 3291 1177 3360; x_wconf 82' lang='grc' dir='ltr'>τὴν</span> <span class='ocrx_word' id='word_1_512' title='bbox 1203 3289 1499 3358; x_wconf 81' lang='grc' dir='ltr'>ἀνυψοῦσαν</span> <span class='ocrx_word' id='word_1_513' title='bbox 1525 3289 1619 3343; x_wconf 82' lang='grc' dir='ltr'>αύ-</span> 
     </span>
    </p>
   </div>
   <div class='ocr_carea' id='block_1_66' title="bbox 1723 3287 3241 3362">
    <p class='ocr_par' dir='ltr' id='par_1_66' title="bbox 1723 3287 3241 3357">
     <span class='ocr_line' id='line_1_66' title="bbox 1723 3287 3241 3357; baseline 0.001 -16"><span class='ocrx_word' id='word_1_514' title='bbox 1723 3288 1853 3341; x_wconf 90' lang='lat' dir='ltr'><strong>lllud</strong></span> <span class='ocrx_word' id='word_1_515' title='bbox 1897 3294 2072 3340; x_wconf 89' lang='lat' dir='ltr'><strong>autem</strong></span> <span class='ocrx_word' id='word_1_516' title='bbox 2115 3305 2182 3341; x_wconf 74' lang='grc' dir='ltr'><strong>ιι</strong></span> <span class='ocrx_word' id='word_1_517' title='bbox 2230 3287 2505 3356; x_wconf 86' lang='lat' dir='ltr'><strong>Principes</strong></span> <span class='ocrx_word' id='word_1_518' title='bbox 2563 3289 2873 3356; x_wconf 87' lang='lat' dir='ltr'><strong>populorum</strong></span> <span class='ocrx_word' id='word_1_519' title='bbox 2933 3288 3241 3357; x_wconf 70' lang='lat' dir='ltr'><strong>congregati</strong></span> 
     </span>
    </p>
   </div>
   <div class='ocr_carea' id='block_1_67' title="bbox 97 3374 1619 3453">
    <p class='ocr_par' dir='ltr' id='par_1_67' title="bbox 97 3378 1617 3453">
     <span class='ocr_line' id='line_1_67' title="bbox 97 3378 1617 3453; baseline -0.001 -20"><span class='ocrx_word' id='word_1_520' title='bbox 97 3382 195 3444; x_wconf 69' lang='grc' dir='ltr'>τοὺς</span> <span class='ocrx_word' id='word_1_521' title='bbox 223 3384 306 3435; x_wconf 76' lang='grc' dir='ltr'><strong>καὶ</strong></span> <span class='ocrx_word' id='word_1_522' title='bbox 326 3384 678 3453; x_wconf 85' lang='grc' dir='ltr'>δυναμοῦσαν</span> <span class='ocrx_word' id='word_1_523' title='bbox 706 3381 799 3435; x_wconf 88' lang='grc' dir='ltr'><strong>τοῦ</strong></span> <span class='ocrx_word' id='word_1_524' title='bbox 824 3379 956 3433; x_wconf 84' lang='grc' dir='ltr'>Θεοῦ</span> <span class='ocrx_word' id='word_1_525' title='bbox 985 3378 1185 3443; x_wconf 82' lang='grc' dir='ltr'>δεξιάν.</span> <span class='ocrx_word' id='word_1_526' title='bbox 1222 3380 1331 3432; x_wconf 80' lang='grc' dir='ltr'><strong>Καὶ</strong></span> <span class='ocrx_word' id='word_1_527' title='bbox 1363 3378 1530 3432; x_wconf 89' lang='grc' dir='ltr'>ταῦτα</span> <span class='ocrx_word' id='word_1_528' title='bbox 1560 3378 1617 3432; x_wconf 73' lang='grc' dir='ltr'>δὲ</span> 
     </span>
    </p>
   </div>
   <div class='ocr_carea' id='block_1_68' title="bbox 1723 3374 3239 3453">
    <p class='ocr_par' dir='ltr' id='par_1_68' title="bbox 1723 3374 3239 3442">
     <span class='ocr_line' id='line_1_68' title="bbox 1723 3374 3239 3442; baseline -0.001 -15"><span class='ocrx_word' id='word_1_529' title='bbox 1723 3382 1844 3427; x_wconf 86' lang='lat' dir='ltr'><strong>sunt</strong></span> <span class='ocrx_word' id='word_1_530' title='bbox 1872 3389 1990 3426; x_wconf 92' lang='lat' dir='ltr'><strong>cum</strong></span> <span class='ocrx_word' id='word_1_531' title='bbox 2038 3374 2145 3428; x_wconf 87' lang='lat' dir='ltr'><strong>Deo</strong></span> <span class='ocrx_word' id='word_1_532' title='bbox 2192 3376 2479 3437; x_wconf 82' lang='lat' dir='ltr'><strong>Abraham,</strong></span> <span class='ocrx_word' id='word_1_533' title='bbox 2512 3393 2531 3425; x_wconf 73' lang='grc' dir='ltr'><strong>ι</strong></span> <span class='ocrx_word' id='word_1_534' title='bbox 2557 3374 2729 3427; x_wconf 87' lang='lat' dir='ltr'><strong>adhuc</strong></span> <span class='ocrx_word' id='word_1_535' title='bbox 2752 3375 2986 3442; x_wconf 89' lang='lat' dir='ltr'><strong>apertius</strong></span> <span class='ocrx_word' id='word_1_536' title='bbox 3018 3375 3239 3427; x_wconf 83' lang='lat' dir='ltr'><strong>demon-</strong></span> 
     </span>
    </p>
   </div>
   <div class='ocr_carea' id='block_1_69' title="bbox 96 3460 1619 3541">
    <p class='ocr_par' dir='ltr' id='par_1_69' title="bbox 96 3469 1279 3541">
     <span class='ocr_line' id='line_1_69' title="bbox 96 3469 1279 3541; baseline 0 -21"><span class='ocrx_word' id='word_1_537' title='bbox 96 3469 167 3521; x_wconf 69' lang='grc' dir='ltr'><strong>ἐπὶ</strong></span> <span class='ocrx_word' id='word_1_538' title='bbox 191 3473 368 3541; x_wconf 73' lang='grc' dir='ltr'>σχολῆς</span> <span class='ocrx_word' id='word_1_539' title='bbox 394 3472 651 3534; x_wconf 75' lang='grc' dir='ltr'>ἐντελοῦς</span> <span class='ocrx_word' id='word_1_540' title='bbox 686 3470 933 3534; x_wconf 77' lang='grc' dir='ltr'>τεύξεται</span> <span class='ocrx_word' id='word_1_541' title='bbox 962 3469 1279 3539; x_wconf 83' lang='grc' dir='ltr'>διηγήσεως.</span> 
     </span>
    </p>
   </div>
   <div class='ocr_carea' id='block_1_70' title="bbox 1723 3460 3240 3541">
    <p class='ocr_par' dir='ltr' id='par_1_70' title="bbox 1723 3460 3240 3528">
     <span class='ocr_line' id='line_1_70' title="bbox 1723 3460 3240 3528; baseline -0.003 -11"><span class='ocrx_word' id='word_1_542' title='bbox 1723 3471 1875 3526; x_wconf 88' lang='lat' dir='ltr'><strong>strat,</strong></span> <span class='ocrx_word' id='word_1_543' title='bbox 1929 3470 2285 3516; x_wconf 79' lang='lat' dir='ltr'><strong>commutatus</strong></span> <span class='ocrx_word' id='word_1_544' title='bbox 2311 3477 2432 3516; x_wconf 89' lang='lat' dir='ltr'><strong>esse</strong></span> <span class='ocrx_word' id='word_1_545' title='bbox 2463 3463 2515 3514; x_wconf 90' lang='lat' dir='ltr'><strong>in</strong></span> <span class='ocrx_word' id='word_1_546' title='bbox 2544 3460 2733 3515; x_wconf 85' lang='lat' dir='ltr'><strong>fortem</strong></span> <span class='ocrx_word' id='word_1_547' title='bbox 2787 3468 2994 3514; x_wconf 88' lang='lat' dir='ltr'><strong>uterum</strong></span> <span class='ocrx_word' id='word_1_548' title='bbox 3028 3461 3240 3528; x_wconf 81' lang='lat' dir='ltr'><strong>religio-</strong></span> 
     </span>
    </p>
   </div>
   <div class='ocr_carea' id='block_1_71' title="bbox 95 3549 3237 3630">
    <p class='ocr_par' dir='ltr' id='par_1_71' title="bbox 95 3549 3237 3630">
     <span class='ocr_line' id='line_1_71' title="bbox 95 3549 3237 3630; baseline -0.005 -16"><span class='ocrx_word' id='word_1_549' title='bbox 95 3572 246 3614; x_wconf 69' lang='lat' dir='ltr'><strong>sorum</strong></span> <span class='ocrx_word' id='word_1_550' title='bbox 290 3561 379 3615; x_wconf 87' lang='lat' dir='ltr'><strong>Dei</strong></span> <span class='ocrx_word' id='word_1_551' title='bbox 438 3563 864 3630; x_wconf 80' lang='lat' dir='ltr'><strong>praphetarum,</strong></span> <span class='ocrx_word' id='word_1_552' title='bbox 901 3567 1207 3625; x_wconf 86' lang='lat' dir='ltr'><strong>assumptos</strong></span> <span class='ocrx_word' id='word_1_553' title='bbox 1249 3557 1315 3609; x_wconf 91' lang='lat' dir='ltr'><strong>de</strong></span> <span class='ocrx_word' id='word_1_554' title='bbox 1361 3554 1610 3623; x_wconf 84' lang='lat' dir='ltr'><strong>gentibus</strong></span> <span class='ocrx_word' id='word_1_555' title='bbox 1644 3551 1895 3606; x_wconf 68' lang='lat' dir='ltr'><strong>Ecclesiae</strong></span> <span class='ocrx_word' id='word_1_556' title='bbox 1937 3550 2137 3604; x_wconf 86' lang='lat' dir='ltr'><strong>Christi</strong></span> <span class='ocrx_word' id='word_1_557' title='bbox 2188 3551 2480 3619; x_wconf 87' lang='lat' dir='ltr'><strong>principes,</strong></span> <span class='ocrx_word' id='word_1_558' title='bbox 2506 3553 2598 3618; x_wconf 91' lang='lat' dir='ltr'><strong>qui</strong></span> <span class='ocrx_word' id='word_1_559' title='bbox 2644 3550 2812 3603; x_wconf 90' lang='lat' dir='ltr'><strong>etiam</strong></span> <span class='ocrx_word' id='word_1_560' title='bbox 2876 3550 3073 3603; x_wconf 86' lang='lat' dir='ltr'><strong>virtute</strong></span> <span class='ocrx_word' id='word_1_561' title='bbox 3117 3549 3237 3600; x_wconf 88' lang='lat' dir='ltr'><strong>Sal-</strong></span> 
     </span>
    </p>
   </div>
   <div class='ocr_carea' id='block_1_72' title="bbox 94 3632 3239 3711">
    <p class='ocr_par' dir='ltr' id='par_1_72' title="bbox 94 3632 3239 3711">
     <span class='ocr_line' id='line_1_72' title="bbox 94 3632 3239 3711; baseline -0.005 -11"><span class='ocrx_word' id='word_1_562' title='bbox 94 3652 260 3703; x_wconf 76' lang='lat' dir='ltr'><strong>vatoris</strong></span> <span class='ocrx_word' id='word_1_563' title='bbox 303 3651 477 3704; x_wconf 86' lang='lat' dir='ltr'><strong>nostri</strong></span> <span class='ocrx_word' id='word_1_564' title='bbox 534 3649 907 3711; x_wconf 83' lang='lat' dir='ltr'><strong>corroborati,</strong></span> <span class='ocrx_word' id='word_1_565' title='bbox 949 3648 1005 3701; x_wconf 91' lang='lat' dir='ltr'><strong>in</strong></span> <span class='ocrx_word' id='word_1_566' title='bbox 1047 3647 1277 3702; x_wconf 75' lang='lat' dir='ltr'><strong>sublime</strong></span> <span class='ocrx_word' id='word_1_567' title='bbox 1322 3643 1606 3697; x_wconf 89' lang='lat' dir='ltr'><strong>admodum</strong></span> <span class='ocrx_word' id='word_1_568' title='bbox 1636 3641 1805 3695; x_wconf 84' lang='lat' dir='ltr'><strong>evecti</strong></span> <span class='ocrx_word' id='word_1_569' title='bbox 1827 3647 1971 3700; x_wconf 91' lang='lat' dir='ltr'><strong>sunt,</strong></span> <span class='ocrx_word' id='word_1_570' title='bbox 1997 3638 2192 3706; x_wconf 83' lang='lat' dir='ltr'><strong>quippe</strong></span> <span class='ocrx_word' id='word_1_571' title='bbox 2241 3652 2376 3705; x_wconf 88' lang='lat' dir='ltr'><strong>quos</strong></span> <span class='ocrx_word' id='word_1_572' title='bbox 2429 3653 2586 3691; x_wconf 86' lang='lat' dir='ltr'><strong>nemo</strong></span> <span class='ocrx_word' id='word_1_573' title='bbox 2637 3651 2704 3689; x_wconf 80' lang='lat' dir='ltr'><strong>ex</strong></span> <span class='ocrx_word' id='word_1_574' title='bbox 2735 3634 2981 3688; x_wconf 86' lang='lat' dir='ltr'><strong>omnibus</strong></span> <span class='ocrx_word' id='word_1_575' title='bbox 3010 3632 3239 3686; x_wconf 80' lang='lat' dir='ltr'><strong>homini-</strong></span> 
     </span>
    </p>
   </div>
   <div class='ocr_carea' id='block_1_73' title="bbox 96 3722 3233 3809">
    <p class='ocr_par' dir='ltr' id='par_1_73' title="bbox 96 3722 3233 3809">
     <span class='ocr_line' id='line_1_73' title="bbox 96 3722 3233 3809; baseline -0.004 -17"><span class='ocrx_word' id='word_1_576' title='bbox 96 3736 414 3809; x_wconf 72' lang='lat' dir='ltr'><strong>hutdejicere</strong></span> <span class='ocrx_word' id='word_1_577' title='bbox 441 3749 542 3796; x_wconf 90' lang='lat' dir='ltr'><strong>aut</strong></span> <span class='ocrx_word' id='word_1_578' title='bbox 585 3746 937 3809; x_wconf 83' lang='lat' dir='ltr'><strong>prosternere</strong></span> <span class='ocrx_word' id='word_1_579' title='bbox 983 3738 1236 3808; x_wconf 88' lang='lat' dir='ltr'><strong>potuerit,</strong></span> <span class='ocrx_word' id='word_1_580' title='bbox 1259 3737 1485 3797; x_wconf 82' lang='lat' dir='ltr'><strong>obeam,</strong></span> <span class='ocrx_word' id='word_1_581' title='bbox 1514 3735 1605 3803; x_wconf 90' lang='lat' dir='ltr'><strong>qui</strong></span> <span class='ocrx_word' id='word_1_582' title='bbox 1638 3733 1783 3801; x_wconf 87' lang='lat' dir='ltr'><strong>ipsos</strong></span> <span class='ocrx_word' id='word_1_583' title='bbox 1835 3729 2062 3786; x_wconf 74' lang='lat' dir='ltr'><strong>extollit;</strong></span> <span class='ocrx_word' id='word_1_584' title='bbox 2088 3729 2359 3796; x_wconf 75' lang='lat' dir='ltr'><strong>fortesque</strong></span> <span class='ocrx_word' id='word_1_585' title='bbox 2409 3727 2558 3793; x_wconf 88' lang='lat' dir='ltr'><strong>facit,</strong></span> <span class='ocrx_word' id='word_1_586' title='bbox 2608 3725 2802 3781; x_wconf 88' lang='lat' dir='ltr'><strong>summi</strong></span> <span class='ocrx_word' id='word_1_587' title='bbox 2830 3723 2923 3778; x_wconf 91' lang='lat' dir='ltr'><strong>Dei</strong></span> <span class='ocrx_word' id='word_1_588' title='bbox 2972 3722 3233 3778; x_wconf 82' lang='lat' dir='ltr'><strong>dextram.</strong></span> 
     </span>
    </p>
   </div>
   <div class='ocr_carea' id='block_1_74' title="bbox 93 3817 2339 3899">
    <p class='ocr_par' dir='ltr' id='par_1_74' title="bbox 93 3817 2339 3899">
     <span class='ocr_line' id='line_1_74' title="bbox 93 3817 2339 3899; baseline -0.008 -11"><span class='ocrx_word' id='word_1_589' title='bbox 93 3829 218 3899; x_wconf 74' lang='lat'><strong>261</strong></span> <span class='ocrx_word' id='word_1_590' title='bbox 243 3832 501 3887; x_wconf 73' lang='lat' dir='ltr'><strong>Caeterum</strong></span> <span class='ocrx_word' id='word_1_591' title='bbox 544 3832 677 3885; x_wconf 64' lang='lat' dir='ltr'><strong>hac</strong></span> <span class='ocrx_word' id='word_1_592' title='bbox 712 3829 889 3897; x_wconf 81' lang='lat' dir='ltr'><strong>majus</strong></span> <span class='ocrx_word' id='word_1_593' title='bbox 920 3829 1088 3883; x_wconf 90' lang='lat' dir='ltr'><strong>otium</strong></span> <span class='ocrx_word' id='word_1_594' title='bbox 1125 3827 1288 3889; x_wconf 86' lang='lat' dir='ltr'><strong>nacti,</strong></span> <span class='ocrx_word' id='word_1_595' title='bbox 1314 3825 1608 3880; x_wconf 87' lang='lat' dir='ltr'><strong>absolutius</strong></span> <span class='ocrx_word' id='word_1_596' title='bbox 1638 3819 1925 3891; x_wconf 85' lang='lat' dir='ltr'><strong>aliquando</strong></span> <span class='ocrx_word' id='word_1_597' title='bbox 1952 3817 2339 3872; x_wconf 85' lang='lat' dir='ltr'><strong>enarrabimus.</strong></span> 
     </span>
    </p>
   </div>
   <div class='ocr_carea' id='block_1_75' title="bbox 579 3939 1102 3996">
    <p class='ocr_par' dir='ltr' id='par_1_75' title="bbox 579 3939 1102 3996">
     <span class='ocr_line' id='line_1_75' title="bbox 579 3939 1102 3996; baseline -0.011 0"><span class='ocrx_word' id='word_1_598' title='bbox 579 3939 980 3996; x_wconf 79' lang='grc' dir='ltr'><strong>ΚΕΦΔΛΑΙΟΝ</strong></span> <span class='ocrx_word' id='word_1_599' title='bbox 1026 3939 1102 3990; x_wconf 76' lang='lat'><strong>1&quot;.</strong></span> 
     </span>
    </p>
   </div>
   <div class='ocr_carea' id='block_1_76' title="bbox 100 4040 1614 4120">
    <p class='ocr_par' dir='ltr' id='par_1_76' title="bbox 100 4040 1614 4120">
     <span class='ocr_line' id='line_1_76' title="bbox 100 4040 1614 4120; baseline -0.012 -10"><span class='ocrx_word' id='word_1_600' title='bbox 100 4044 204 4101; x_wconf 74' lang='grc' dir='ltr'><strong>Ἇιτὸ</strong></span> <span class='ocrx_word' id='word_1_601' title='bbox 232 4052 469 4120; x_wconf 60' lang='grc' dir='ltr'>ψαλμοῦ</span> <span class='ocrx_word' id='word_1_602' title='bbox 504 4056 630 4120; x_wconf 71' lang='grc' dir='ltr'>μθ.</span> <span class='ocrx_word' id='word_1_603' title='bbox 673 4080 743 4120; x_wconf 89' lang='lat'><strong>-_—</strong></span> <span class='ocrx_word' id='word_1_604' title='bbox 774 4049 867 4113; x_wconf 81' lang='grc' dir='ltr'>Ὠς</span> <span class='ocrx_word' id='word_1_605' title='bbox 900 4043 1171 4120; x_wconf 62' lang='grc' dir='ltr'>ἐμφανῶς</span> <span class='ocrx_word' id='word_1_606' title='bbox 1208 4042 1378 4120; x_wconf 71' lang='grc' dir='ltr'>ἥξειν</span> <span class='ocrx_word' id='word_1_607' title='bbox 1473 4040 1614 4120; x_wconf 59' lang='grc' dir='ltr'>Θεὸς</span> 
     </span>
    </p>
   </div>
   <div class='ocr_carea' id='block_1_77' title="bbox 143 4107 1614 4188">
    <p class='ocr_par' dir='ltr' id='par_1_77' title="bbox 143 4107 1614 4188">
     <span class='ocr_line' id='line_1_77' title="bbox 143 4107 1614 4188; baseline -0.007 -18"><span class='ocrx_word' id='word_1_608' title='bbox 143 4121 217 4184; x_wconf 71' lang='grc' dir='ltr'><strong>εἰς</strong></span> <span class='ocrx_word' id='word_1_609' title='bbox 235 4107 584 4188; x_wconf 60' lang='grc' dir='ltr'><strong>ἂνθρὠποὶθς</strong></span> <span class='ocrx_word' id='word_1_610' title='bbox 629 4107 885 4188; x_wconf 70' lang='grc' dir='ltr'>λέγεταὶ,</span> <span class='ocrx_word' id='word_1_611' title='bbox 910 4107 1006 4188; x_wconf 66' lang='grc' dir='ltr'><strong>φξᾴὶ</strong></span> <span class='ocrx_word' id='word_1_612' title='bbox 1047 4107 1167 4188; x_wconf 66' lang='grc' dir='ltr'>πᾶῂ</span> <span class='ocrx_word' id='word_1_613' title='bbox 1201 4107 1370 4180; x_wconf 78' lang='grc' dir='ltr'>γένος</span> <span class='ocrx_word' id='word_1_614' title='bbox 1400 4107 1614 4177; x_wconf 77' lang='grc' dir='ltr'>ἀνθρώ-</span> 
     </span>
    </p>
   </div>
   <div class='ocr_carea' id='block_1_78' title="bbox 145 4184 1220 4256">
    <p class='ocr_par' dir='ltr' id='par_1_78' title="bbox 145 4184 1220 4256">
     <span class='ocr_line' id='line_1_78' title="bbox 145 4184 1220 4256; baseline -0.008 -16"><span class='ocrx_word' id='word_1_615' title='bbox 145 4202 253 4240; x_wconf 67' lang='grc' dir='ltr'>πων</span> <span class='ocrx_word' id='word_1_616' title='bbox 281 4184 426 4256; x_wconf 67' lang='grc' dir='ltr'>πρὸς</span> <span class='ocrx_word' id='word_1_617' title='bbox 457 4188 690 4241; x_wconf 75' lang='grc' dir='ltr'><strong>ἑαυτὸν</strong></span> <span class='ocrx_word' id='word_1_618' title='bbox 719 4184 1220 4238; x_wconf 73' lang='grc' dir='ltr'>ἀνακαλέσασθαι.</span> 
     </span>
    </p>
   </div>
   <div class='ocr_carea' id='block_1_79' title="bbox 149 4286 1614 4366">
    <p class='ocr_par' dir='ltr' id='par_1_79' title="bbox 149 4286 1614 4366">
     <span class='ocr_line' id='line_1_79' title="bbox 149 4286 1614 4366; baseline -0.008 -18"><span class='ocrx_word' id='word_1_619' title='bbox 149 4315 166 4348; x_wconf 77' lang='grc' dir='ltr'><strong>ι</strong></span> <span class='ocrx_word' id='word_1_620' title='bbox 192 4299 309 4361; x_wconf 85' lang='grc' dir='ltr'>Θεὸς</span> <span class='ocrx_word' id='word_1_621' title='bbox 335 4299 472 4351; x_wconf 86' lang='grc' dir='ltr'>θεῶν</span> <span class='ocrx_word' id='word_1_622' title='bbox 504 4300 722 4366; x_wconf 80' lang='grc' dir='ltr'>Κύριος</span> <span class='ocrx_word' id='word_1_623' title='bbox 748 4295 994 4363; x_wconf 77' lang='grc' dir='ltr'>ἐλάλησε,</span> <span class='ocrx_word' id='word_1_624' title='bbox 1032 4292 1126 4344; x_wconf 80' lang='grc' dir='ltr'>καὶ</span> <span class='ocrx_word' id='word_1_625' title='bbox 1156 4289 1371 4342; x_wconf 77' lang='grc' dir='ltr'>ἐκάλεσε</span> <span class='ocrx_word' id='word_1_626' title='bbox 1399 4287 1492 4357; x_wconf 84' lang='grc' dir='ltr'><strong>τὴν</strong></span> <span class='ocrx_word' id='word_1_627' title='bbox 1514 4286 1614 4356; x_wconf 81' lang='grc' dir='ltr'><strong>γῆν</strong></span> 
     </span>
    </p>
   </div>
   <div class='ocr_carea' id='block_1_80' title="bbox 92 4374 1610 4456">
    <p class='ocr_par' dir='ltr' id='par_1_80' title="bbox 92 4374 1610 4456">
     <span class='ocr_line' id='line_1_80' title="bbox 92 4374 1610 4456; baseline -0.007 -19"><span class='ocrx_word' id='word_1_628' title='bbox 92 4388 176 4437; x_wconf 70' lang='grc' dir='ltr'><strong>ὰπὸ</strong></span> <span class='ocrx_word' id='word_1_629' title='bbox 196 4388 457 4441; x_wconf 78' lang='grc' dir='ltr'>ἀνατολῶν</span> <span class='ocrx_word' id='word_1_630' title='bbox 491 4386 658 4456; x_wconf 80' lang='grc' dir='ltr'>ἡλίου</span> <span class='ocrx_word' id='word_1_631' title='bbox 699 4384 793 4437; x_wconf 74' lang='grc' dir='ltr'>καὶ</span> <span class='ocrx_word' id='word_1_632' title='bbox 825 4383 983 4452; x_wconf 85' lang='grc' dir='ltr'>μέχρι</span> <span class='ocrx_word' id='word_1_633' title='bbox 1019 4378 1253 4447; x_wconf 81' lang='grc' dir='ltr'>δυσμῶν.</span> <span class='ocrx_word' id='word_1_634' title='bbox 1296 4378 1387 4429; x_wconf 85' lang='grc' dir='ltr'>Ἐκ</span> <span class='ocrx_word' id='word_1_635' title='bbox 1414 4374 1547 4428; x_wconf 87' lang='grc' dir='ltr'>Σιὼν</span> <span class='ocrx_word' id='word_1_636' title='bbox 1577 4377 1610 4444; x_wconf 81' lang='grc' dir='ltr'><strong>ἡ</strong></span> 
     </span>
    </p>
   </div>
   <div class='ocr_carea' id='block_1_81' title="bbox 2294 3920 2650 3977">
    <p class='ocr_par' dir='ltr' id='par_1_81' title="bbox 2294 3920 2650 3977">
     <span class='ocr_line' id='line_1_81' title="bbox 2294 3920 2650 3977; baseline -0.006 0"><span class='ocrx_word' id='word_1_637' title='bbox 2294 3922 2516 3977; x_wconf 83' lang='lat' dir='ltr'><strong>CAPUT</strong></span> <span class='ocrx_word' id='word_1_638' title='bbox 2567 3920 2650 3975; x_wconf 85' lang='lat' dir='ltr'><strong>Ill.</strong></span> 
     </span>
    </p>
   </div>
   <div class='ocr_carea' id='block_1_82' title="bbox 1716 4030 3236 4104">
    <p class='ocr_par' dir='ltr' id='par_1_82' title="bbox 1716 4030 3236 4104">
     <span class='ocr_line' id='line_1_82' title="bbox 1716 4030 3236 4104; baseline -0.007 -12"><span class='ocrx_word' id='word_1_639' title='bbox 1716 4039 1758 4092; x_wconf 85' lang='lat' dir='ltr'><strong><em>A</em></strong></span> <span class='ocrx_word' id='word_1_640' title='bbox 1790 4037 1987 4104; x_wconf 80' lang='lat' dir='ltr'><strong>psalmo</strong></span> <span class='ocrx_word' id='word_1_641' title='bbox 2009 4050 2152 4089; x_wconf 79' lang='lat' dir='ltr'><strong>xux.</strong></span> <span class='ocrx_word' id='word_1_642' title='bbox 2185 4064 2254 4104; x_wconf 50' lang='lat'><strong>:—</strong></span> <span class='ocrx_word' id='word_1_643' title='bbox 2289 4032 2436 4098; x_wconf 84' lang='lat' dir='ltr'><strong>Quod</strong></span> <span class='ocrx_word' id='word_1_644' title='bbox 2459 4031 2729 4099; x_wconf 80' lang='lat' dir='ltr'><strong>manifeste</strong></span> <span class='ocrx_word' id='word_1_645' title='bbox 2761 4030 2829 4083; x_wconf 88' lang='lat' dir='ltr'><strong>ad</strong></span> <span class='ocrx_word' id='word_1_646' title='bbox 2852 4030 3079 4104; x_wconf 64' lang='lat' dir='ltr'><strong>homines</strong></span> <span class='ocrx_word' id='word_1_647' title='bbox 3114 4044 3236 4104; x_wconf 48' lang='lat' dir='ltr'><strong>om:</strong></span> 
     </span>
    </p>
   </div>
   <div class='ocr_carea' id='block_1_83' title="bbox 1786 4095 3235 4169">
    <p class='ocr_par' dir='ltr' id='par_1_83' title="bbox 1786 4095 3235 4169">
     <span class='ocr_line' id='line_1_83' title="bbox 1786 4095 3235 4169; baseline -0.006 -12"><span class='ocrx_word' id='word_1_648' title='bbox 1786 4095 1928 4157; x_wconf 69' lang='lat' dir='ltr'><strong>tum:</strong></span> <span class='ocrx_word' id='word_1_649' title='bbox 1960 4104 2152 4156; x_wconf 78' lang='lat' dir='ltr'><strong>dicitur</strong></span> <span class='ocrx_word' id='word_1_650' title='bbox 2184 4095 2350 4164; x_wconf 58' lang='lat' dir='ltr'><strong>Deus,</strong></span> <span class='ocrx_word' id='word_1_651' title='bbox 2380 4112 2426 4154; x_wconf 80' lang='lat' dir='ltr'><strong>et</strong></span> <span class='ocrx_word' id='word_1_652' title='bbox 2464 4095 2610 4153; x_wconf 71' lang='lat' dir='ltr'><strong>omne</strong></span> <span class='ocrx_word' id='word_1_653' title='bbox 2658 4116 2815 4169; x_wconf 73' lang='lat' dir='ltr'><strong>genus</strong></span> <span class='ocrx_word' id='word_1_654' title='bbox 2860 4099 3119 4151; x_wconf 81' lang='lat' dir='ltr'><strong>hominum</strong></span> <span class='ocrx_word' id='word_1_655' title='bbox 3168 4095 3235 4149; x_wconf 81' lang='lat' dir='ltr'><strong>ad</strong></span> 
     </span>
    </p>
   </div>
   <div class='ocr_carea' id='block_1_84' title="bbox 1783 4177 2390 4241">
    <p class='ocr_par' dir='ltr' id='par_1_84' title="bbox 1783 4177 2390 4241">
     <span class='ocr_line' id='line_1_84' title="bbox 1783 4177 2390 4241; baseline -0.008 -15"><span class='ocrx_word' id='word_1_656' title='bbox 1783 4177 2007 4241; x_wconf 78' lang='lat' dir='ltr'><strong>scipsum</strong></span> <span class='ocrx_word' id='word_1_657' title='bbox 2045 4181 2390 4223; x_wconf 81' lang='lat' dir='ltr'><strong>revocaturus.</strong></span> 
     </span>
    </p>
   </div>
   <div class='ocr_carea' id='block_1_85' title="bbox 1787 4273 3237 4335">
    <p class='ocr_par' dir='ltr' id='par_1_85' title="bbox 1787 4273 3237 4335">
     <span class='ocr_line' id='line_1_85' title="bbox 1787 4273 3237 4335; baseline -0.003 -4"><span class='ocrx_word' id='word_1_658' title='bbox 1787 4298 1806 4331; x_wconf 71' lang='grc' dir='ltr'><strong>ι</strong></span> <span class='ocrx_word' id='word_1_659' title='bbox 1848 4279 1986 4334; x_wconf 91' lang='lat' dir='ltr'><strong>Deus</strong></span> <span class='ocrx_word' id='word_1_660' title='bbox 2013 4279 2230 4332; x_wconf 86' lang='lat' dir='ltr'><strong>deorum</strong></span> <span class='ocrx_word' id='word_1_661' title='bbox 2259 4277 2512 4331; x_wconf 91' lang='lat' dir='ltr'><strong>Dominus</strong></span> <span class='ocrx_word' id='word_1_662' title='bbox 2557 4277 2767 4330; x_wconf 90' lang='lat' dir='ltr'><strong>locutus</strong></span> <span class='ocrx_word' id='word_1_663' title='bbox 2809 4281 2912 4335; x_wconf 89' lang='lat' dir='ltr'><strong>est,</strong></span> <span class='ocrx_word' id='word_1_664' title='bbox 2945 4280 2996 4327; x_wconf 92' lang='lat' dir='ltr'><strong>ct</strong></span> <span class='ocrx_word' id='word_1_665' title='bbox 3029 4273 3237 4327; x_wconf 72' lang='lat' dir='ltr'><strong>vocavit</strong></span> 
     </span>
    </p>
   </div>
   <div class='ocr_carea' id='block_1_86' title="bbox 1714 4360 3235 4432">
    <p class='ocr_par' dir='ltr' id='par_1_86' title="bbox 1714 4360 3235 4432">
     <span class='ocr_line' id='line_1_86' title="bbox 1714 4360 3235 4432; baseline -0.005 -9"><span class='ocrx_word' id='word_1_666' title='bbox 1714 4376 1910 4423; x_wconf 87' lang='lat' dir='ltr'><strong>terram</strong></span> <span class='ocrx_word' id='word_1_667' title='bbox 1944 4382 1974 4420; x_wconf 92' lang='lat' dir='ltr'><strong>a</strong></span> <span class='ocrx_word' id='word_1_668' title='bbox 2004 4369 2133 4421; x_wconf 88' lang='lat' dir='ltr'><strong>solis</strong></span> <span class='ocrx_word' id='word_1_669' title='bbox 2177 4374 2298 4420; x_wconf 87' lang='lat' dir='ltr'><strong>ortu</strong></span> <span class='ocrx_word' id='word_1_670' title='bbox 2349 4380 2514 4432; x_wconf 89' lang='lat' dir='ltr'><strong>usque</strong></span> <span class='ocrx_word' id='word_1_671' title='bbox 2542 4368 2606 4417; x_wconf 87' lang='lat' dir='ltr'><strong>ad</strong></span> <span class='ocrx_word' id='word_1_672' title='bbox 2649 4379 2918 4429; x_wconf 87' lang='lat' dir='ltr'><strong>occasum.</strong></span> <span class='ocrx_word' id='word_1_673' title='bbox 2976 4361 3053 4415; x_wconf 84' lang='lat' dir='ltr'><strong>Ex</strong></span> <span class='ocrx_word' id='word_1_674' title='bbox 3107 4360 3235 4415; x_wconf 89' lang='lat' dir='ltr'><strong>Sion</strong></span> 
     </span>
    </p>
   </div>
   <div class='ocr_carea' id='block_1_87' title="bbox 91 4451 1619 4545">
    <p class='ocr_par' dir='ltr' id='par_1_87' title="bbox 91 4451 1613 4545">
     <span class='ocr_line' id='line_1_87' title="bbox 91 4451 1613 4545; baseline -0.007 -21"><span class='ocrx_word' id='word_1_675' title='bbox 91 4474 347 4544; x_wconf 74' lang='grc' dir='ltr'>εὐπρέπεια</span> <span class='ocrx_word' id='word_1_676' title='bbox 376 4477 477 4545; x_wconf 79' lang='grc' dir='ltr'>τῆς</span> <span class='ocrx_word' id='word_1_677' title='bbox 511 4451 852 4544; x_wconf 63' lang='grc' dir='ltr'>ιῦραιότητος</span> <span class='ocrx_word' id='word_1_678' title='bbox 887 4451 1070 4522; x_wconf 76' lang='grc' dir='ltr'>αύτοῦ.</span> <span class='ocrx_word' id='word_1_679' title='bbox 1114 4468 1173 4519; x_wconf 84' lang='grc' dir='ltr'>Ὀ</span> <span class='ocrx_word' id='word_1_680' title='bbox 1201 4466 1329 4529; x_wconf 86' lang='grc' dir='ltr'>Θεὸς</span> <span class='ocrx_word' id='word_1_681' title='bbox 1365 4463 1613 4534; x_wconf 77' lang='grc' dir='ltr'>ἐμφανῶς</span> 
     </span>
    </p>
   </div>
   <div class='ocr_carea' id='block_1_88' title="bbox 1723 4451 3235 4545">
    <p class='ocr_par' dir='ltr' id='par_1_88' title="bbox 1723 4451 3235 4526">
     <span class='ocr_line' id='line_1_88' title="bbox 1723 4451 3235 4526; baseline -0.005 -14"><span class='ocrx_word' id='word_1_682' title='bbox 1723 4457 1920 4526; x_wconf 83' lang='lat' dir='ltr'><strong>species</strong></span> <span class='ocrx_word' id='word_1_683' title='bbox 1950 4457 2160 4510; x_wconf 87' lang='lat' dir='ltr'><strong>decoris</strong></span> <span class='ocrx_word' id='word_1_684' title='bbox 2190 4455 2308 4523; x_wconf 85' lang='lat' dir='ltr'><strong>ejus</strong></span> <span class='ocrx_word' id='word_1_685' title='bbox 2337 4473 2350 4508; x_wconf 89' lang='lat'><strong>:</strong></span> <span class='ocrx_word' id='word_1_686' title='bbox 2395 4455 2531 4508; x_wconf 87' lang='lat' dir='ltr'><strong>Deus</strong></span> <span class='ocrx_word' id='word_1_687' title='bbox 2561 4452 2842 4506; x_wconf 87' lang='lat' dir='ltr'><strong>manifeste</strong></span> <span class='ocrx_word' id='word_1_688' title='bbox 2867 4452 3063 4512; x_wconf 83' lang='lat' dir='ltr'><strong>veniet,</strong></span> <span class='ocrx_word' id='word_1_689' title='bbox 3098 4451 3235 4505; x_wconf 88' lang='lat' dir='ltr'><strong>Deus</strong></span> 
     </span>
    </p>
   </div>
   <div class='ocr_carea' id='block_1_89' title="bbox 94 4554 1612 4634">
    <p class='ocr_par' dir='ltr' id='par_1_89' title="bbox 94 4554 1612 4634">
     <span class='ocr_line' id='line_1_89' title="bbox 94 4554 1612 4634; baseline -0.007 -19"><span class='ocrx_word' id='word_1_690' title='bbox 94 4562 204 4630; x_wconf 62' lang='grc' dir='ltr'>ἣξει,</span> <span class='ocrx_word' id='word_1_691' title='bbox 228 4564 256 4615; x_wconf 90' lang='lat'><strong>6</strong></span> <span class='ocrx_word' id='word_1_692' title='bbox 289 4566 419 4628; x_wconf 78' lang='grc' dir='ltr'>Θεὸς</span> <span class='ocrx_word' id='word_1_693' title='bbox 462 4562 655 4634; x_wconf 77' lang='grc' dir='ltr'>ἡμῶν,</span> <span class='ocrx_word' id='word_1_694' title='bbox 689 4561 787 4614; x_wconf 75' lang='grc' dir='ltr'>καὶ</span> <span class='ocrx_word' id='word_1_695' title='bbox 816 4561 879 4611; x_wconf 83' lang='grc' dir='ltr'>οὐ</span> <span class='ocrx_word' id='word_1_696' title='bbox 918 4557 1410 4627; x_wconf 84' lang='grc' dir='ltr'>παρασιωπήσεται.</span> <span class='ocrx_word' id='word_1_697' title='bbox 1445 4572 1465 4605; x_wconf 75' lang='grc' dir='ltr'><strong>ι</strong></span> <span class='ocrx_word' id='word_1_698' title='bbox 1505 4554 1612 4606; x_wconf 78' lang='grc' dir='ltr'><strong>Καὶ</strong></span> 
     </span>
    </p>
   </div>
   <div class='ocr_carea' id='block_1_90' title="bbox 94 4641 1609 4724">
    <p class='ocr_par' dir='ltr' id='par_1_90' title="bbox 94 4641 1609 4724">
     <span class='ocr_line' id='line_1_90' title="bbox 94 4641 1609 4724; baseline -0.007 -21"><span class='ocrx_word' id='word_1_699' title='bbox 94 4650 188 4716; x_wconf 71' lang='grc' dir='ltr'>μεθ’</span> <span class='ocrx_word' id='word_1_700' title='bbox 234 4654 417 4724; x_wconf 69' lang='grc' dir='ltr'>ιτεραο</span> <span class='ocrx_word' id='word_1_701' title='bbox 452 4671 474 4703; x_wconf 73' lang='grc' dir='ltr'><strong>ι</strong></span> <span class='ocrx_word' id='word_1_702' title='bbox 511 4653 807 4710; x_wconf 66' lang='grc' dir='ltr'><strong>¹Ἄκουσον,</strong></span> <span class='ocrx_word' id='word_1_703' title='bbox 854 4645 1005 4716; x_wconf 83' lang='grc' dir='ltr'>φησὶ,</span> <span class='ocrx_word' id='word_1_704' title='bbox 1041 4644 1167 4705; x_wconf 86' lang='grc' dir='ltr'>λαός</span> <span class='ocrx_word' id='word_1_705' title='bbox 1208 4659 1326 4712; x_wconf 70' lang='grc' dir='ltr'>μου,</span> <span class='ocrx_word' id='word_1_706' title='bbox 1377 4643 1470 4697; x_wconf 74' lang='grc' dir='ltr'>καὶ</span> <span class='ocrx_word' id='word_1_707' title='bbox 1516 4641 1609 4694; x_wconf 90' lang='grc' dir='ltr'>λα-</span> 
     </span>
    </p>
   </div>
   <div class='ocr_carea' id='block_1_91' title="bbox 97 4728 1614 4813">
    <p class='ocr_par' dir='ltr' id='par_1_91' title="bbox 97 4728 1614 4813">
     <span class='ocr_line' id='line_1_91' title="bbox 97 4728 1614 4813; baseline -0.009 -18"><span class='ocrx_word' id='word_1_708' title='bbox 97 4739 213 4809; x_wconf 73' lang='grc' dir='ltr'>λήσω</span> <span class='ocrx_word' id='word_1_709' title='bbox 239 4760 333 4807; x_wconf 77' lang='grc' dir='ltr'>σοι,</span> <span class='ocrx_word' id='word_1_710' title='bbox 370 4741 616 4813; x_wconf 81' lang='grc' dir='ltr'>Ἰσραὴλ,</span> <span class='ocrx_word' id='word_1_711' title='bbox 650 4738 747 4792; x_wconf 79' lang='grc' dir='ltr'>καὶ</span> <span class='ocrx_word' id='word_1_712' title='bbox 790 4731 1227 4805; x_wconf 78' lang='grc' dir='ltr'>διαμαρτύρομαι</span> <span class='ocrx_word' id='word_1_713' title='bbox 1258 4748 1357 4783; x_wconf 89' lang='grc' dir='ltr'>σοι.</span> <span class='ocrx_word' id='word_1_714' title='bbox 1403 4728 1462 4785; x_wconf 90' lang='lat'><strong>&#39;0</strong></span> <span class='ocrx_word' id='word_1_715' title='bbox 1485 4729 1614 4792; x_wconf 85' lang='grc' dir='ltr'>Θεὸς</span> 
     </span>
    </p>
   </div>
   <div class='ocr_carea' id='block_1_92' title="bbox 98 4819 1611 4900">
    <p class='ocr_par' dir='ltr' id='par_1_92' title="bbox 98 4819 1611 4900">
     <span class='ocr_line' id='line_1_92' title="bbox 98 4819 1611 4900; baseline -0.011 -14"><span class='ocrx_word' id='word_1_716' title='bbox 98 4829 121 4876; x_wconf 70' lang='grc' dir='ltr'><strong><em>ὅ</em></strong></span> <span class='ocrx_word' id='word_1_717' title='bbox 148 4829 260 4892; x_wconf 77' lang='grc' dir='ltr'><strong>Θεὸς</strong></span> <span class='ocrx_word' id='word_1_718' title='bbox 302 4849 392 4884; x_wconf 90' lang='grc' dir='ltr'><strong>σου</strong></span> <span class='ocrx_word' id='word_1_719' title='bbox 441 4832 566 4900; x_wconf 69' lang='grc' dir='ltr'>εἰμὶ</span> <span class='ocrx_word' id='word_1_720' title='bbox 624 4828 758 4896; x_wconf 73' lang='grc' dir='ltr'>ἐγώ.</span> <span class='ocrx_word' id='word_1_721' title='bbox 820 4826 937 4878; x_wconf 80' lang='grc' dir='ltr'>Οὐκ</span> <span class='ocrx_word' id='word_1_722' title='bbox 985 4822 1075 4874; x_wconf 72' lang='grc' dir='ltr'><strong>ἐπὶ</strong></span> <span class='ocrx_word' id='word_1_723' title='bbox 1123 4822 1239 4883; x_wconf 79' lang='grc' dir='ltr'>ταῖς</span> <span class='ocrx_word' id='word_1_724' title='bbox 1267 4819 1472 4882; x_wconf 87' lang='grc' dir='ltr'>θυσίαις</span> <span class='ocrx_word' id='word_1_725' title='bbox 1518 4835 1611 4871; x_wconf 90' lang='grc' dir='ltr'><strong>σου</strong></span> 
     </span>
    </p>
   </div>
   <div class='ocr_carea' id='block_1_93' title="bbox 101 4906 1614 4984">
    <p class='ocr_par' dir='ltr' id='par_1_93' title="bbox 101 4906 1614 4984">
     <span class='ocr_line' id='line_1_93' title="bbox 101 4906 1614 4984; baseline -0.013 -7"><span class='ocrx_word' id='word_1_726' title='bbox 101 4916 263 4984; x_wconf 72' lang='grc' dir='ltr'>ὶλὲγξω</span> <span class='ocrx_word' id='word_1_727' title='bbox 280 4936 355 4974; x_wconf 81' lang='grc' dir='ltr'><strong>σε.</strong></span> <span class='ocrx_word' id='word_1_728' title='bbox 377 4920 462 4973; x_wconf 82' lang='grc' dir='ltr'><strong>Τὰ</strong></span> <span class='ocrx_word' id='word_1_729' title='bbox 486 4921 547 4972; x_wconf 74' lang='grc' dir='ltr'>δὲ</span> <span class='ocrx_word' id='word_1_730' title='bbox 570 4910 1004 4980; x_wconf 76' lang='grc' dir='ltr'>ὁλοκαυτώματα</span> <span class='ocrx_word' id='word_1_731' title='bbox 1023 4924 1113 4960; x_wconf 87' lang='grc' dir='ltr'><strong>σου</strong></span> <span class='ocrx_word' id='word_1_732' title='bbox 1145 4906 1362 4960; x_wconf 80' lang='grc' dir='ltr'>ἐνώπιόν</span> <span class='ocrx_word' id='word_1_733' title='bbox 1392 4924 1487 4977; x_wconf 87' lang='grc' dir='ltr'><strong>μου</strong></span> <span class='ocrx_word' id='word_1_734' title='bbox 1510 4906 1614 4958; x_wconf 72' lang='grc' dir='ltr'>εἰσὶ</span> 
     </span>
    </p>
   </div>
   <div class='ocr_carea' id='block_1_94' title="bbox 99 4996 1611 5073">
    <p class='ocr_par' dir='ltr' id='par_1_94' title="bbox 99 4996 1611 5073">
     <span class='ocr_line' id='line_1_94' title="bbox 99 4996 1611 5073; baseline -0.005 -19"><span class='ocrx_word' id='word_1_735' title='bbox 99 5003 166 5055; x_wconf 77' lang='grc' dir='ltr'><strong>διὰ</strong></span> <span class='ocrx_word' id='word_1_736' title='bbox 189 5009 385 5070; x_wconf 79' lang='grc' dir='ltr'>παντός.</span> <span class='ocrx_word' id='word_1_737' title='bbox 438 5009 516 5061; x_wconf 83' lang='grc' dir='ltr'><strong>Οὑ</strong></span> <span class='ocrx_word' id='word_1_738' title='bbox 555 5005 789 5073; x_wconf 81' lang='grc' dir='ltr'>δέξομαι</span> <span class='ocrx_word' id='word_1_739' title='bbox 820 5003 887 5052; x_wconf 82' lang='grc' dir='ltr'>ὲκ</span> <span class='ocrx_word' id='word_1_740' title='bbox 928 4998 1020 5051; x_wconf 87' lang='grc' dir='ltr'><strong>τοῦ</strong></span> <span class='ocrx_word' id='word_1_741' title='bbox 1053 4996 1196 5048; x_wconf 75' lang='grc' dir='ltr'>οἴκου</span> <span class='ocrx_word' id='word_1_742' title='bbox 1243 5011 1333 5047; x_wconf 89' lang='grc' dir='ltr'><strong>σου</strong></span> <span class='ocrx_word' id='word_1_743' title='bbox 1367 4996 1611 5065; x_wconf 79' lang='grc' dir='ltr'>μόσχους,</span> 
     </span>
    </p>
   </div>
   <div class='ocr_carea' id='block_1_95' title="bbox 107 5083 1612 5163">
    <p class='ocr_par' dir='ltr' id='par_1_95' title="bbox 107 5083 1612 5163">
     <span class='ocr_line' id='line_1_95' title="bbox 107 5083 1612 5163; baseline -0.003 -23"><span class='ocrx_word' id='word_1_744' title='bbox 107 5091 196 5145; x_wconf 58' lang='grc' dir='ltr'>ιω</span> <span class='ocrx_word' id='word_1_745' title='bbox 225 5095 284 5148; x_wconf 75' lang='grc' dir='ltr'><strong>ὶι</strong></span> <span class='ocrx_word' id='word_1_746' title='bbox 312 5096 413 5148; x_wconf 79' lang='grc' dir='ltr'><strong>τῶν</strong></span> <span class='ocrx_word' id='word_1_747' title='bbox 456 5093 735 5163; x_wconf 77' lang='grc' dir='ltr'>ποιμνίων</span> <span class='ocrx_word' id='word_1_748' title='bbox 791 5103 889 5139; x_wconf 86' lang='grc' dir='ltr'><strong>σου</strong></span> <span class='ocrx_word' id='word_1_749' title='bbox 928 5085 1206 5154; x_wconf 81' lang='grc' dir='ltr'>χιμάρους,</span> <span class='ocrx_word' id='word_1_750' title='bbox 1240 5083 1322 5134; x_wconf 84' lang='grc' dir='ltr'>ὅτι</span> <span class='ocrx_word' id='word_1_751' title='bbox 1354 5084 1461 5150; x_wconf 73' lang='grc' dir='ltr'><strong>ἐμά</strong></span> <span class='ocrx_word' id='word_1_752' title='bbox 1499 5086 1612 5135; x_wconf 75' lang='grc' dir='ltr'>ἐστι</span> 
     </span>
    </p>
   </div>
   <div class='ocr_carea' id='block_1_96' title="bbox 104 5172 1609 5255">
    <p class='ocr_par' dir='ltr' id='par_1_96' title="bbox 104 5172 1609 5255">
     <span class='ocr_line' id='line_1_96' title="bbox 104 5172 1609 5255; baseline -0.007 -22"><span class='ocrx_word' id='word_1_753' title='bbox 104 5182 239 5233; x_wconf 72' lang='grc' dir='ltr'>πάντα</span> <span class='ocrx_word' id='word_1_754' title='bbox 266 5184 326 5237; x_wconf 71' lang='grc' dir='ltr'><strong>τὰ</strong></span> <span class='ocrx_word' id='word_1_755' title='bbox 352 5184 513 5255; x_wconf 73' lang='grc' dir='ltr'>θηρία</span> <span class='ocrx_word' id='word_1_756' title='bbox 560 5181 655 5234; x_wconf 88' lang='grc' dir='ltr'><strong>τοῦ</strong></span> <span class='ocrx_word' id='word_1_757' title='bbox 706 5175 950 5247; x_wconf 75' lang='grc' dir='ltr'>δρυμοῦ,</span> <span class='ocrx_word' id='word_1_758' title='bbox 998 5174 1161 5241; x_wconf 84' lang='grc' dir='ltr'>κτήνη</span> <span class='ocrx_word' id='word_1_759' title='bbox 1209 5175 1263 5223; x_wconf 85' lang='grc' dir='ltr'>ἐν</span> <span class='ocrx_word' id='word_1_760' title='bbox 1307 5174 1416 5233; x_wconf 81' lang='grc' dir='ltr'>τοῖς</span> <span class='ocrx_word' id='word_1_761' title='bbox 1445 5172 1609 5241; x_wconf 80' lang='grc' dir='ltr'>δρεσι,</span> 
     </span>
    </p>
   </div>
   <div class='ocr_carea' id='block_1_97' title="bbox 106 5259 1611 5341">
    <p class='ocr_par' dir='ltr' id='par_1_97' title="bbox 106 5259 1611 5341">
     <span class='ocr_line' id='line_1_97' title="bbox 106 5259 1611 5341; baseline -0.012 -11"><span class='ocrx_word' id='word_1_762' title='bbox 106 5267 176 5320; x_wconf 64' lang='grc' dir='ltr'><strong>ιιὶ</strong></span> <span class='ocrx_word' id='word_1_763' title='bbox 205 5269 336 5338; x_wconf 55' lang='grc' dir='ltr'><strong>ᾖδες·</strong></span> <span class='ocrx_word' id='word_1_764' title='bbox 368 5273 580 5341; x_wconf 75' lang='grc' dir='ltr'>ιγνωκα</span> <span class='ocrx_word' id='word_1_765' title='bbox 630 5269 827 5321; x_wconf 78' lang='grc' dir='ltr'>πάντα.</span> <span class='ocrx_word' id='word_1_766' title='bbox 875 5263 943 5314; x_wconf 75' lang='grc' dir='ltr'><strong>τὰ</strong></span> <span class='ocrx_word' id='word_1_767' title='bbox 989 5260 1194 5313; x_wconf 85' lang='grc' dir='ltr'>πετεινὰ</span> <span class='ocrx_word' id='word_1_768' title='bbox 1233 5259 1326 5311; x_wconf 85' lang='grc' dir='ltr'><strong>τοῦ</strong></span> <span class='ocrx_word' id='word_1_769' title='bbox 1368 5260 1611 5329; x_wconf 83' lang='grc' dir='ltr'>ούρανοῦ,</span> 
     </span>
    </p>
   </div>
   <div class='ocr_carea' id='block_1_98' title="bbox 112 5346 1608 5427">
    <p class='ocr_par' dir='ltr' id='par_1_98' title="bbox 112 5346 1608 5427">
     <span class='ocr_line' id='line_1_98' title="bbox 112 5346 1608 5427; baseline -0.001 -27"><span class='ocrx_word' id='word_1_770' title='bbox 112 5355 428 5427; x_wconf 50' lang='lat' dir='ltr'><strong>umnam;</strong></span> <span class='ocrx_word' id='word_1_771' title='bbox 454 5354 628 5426; x_wconf 82' lang='grc' dir='ltr'>ἀγροῦ</span> <span class='ocrx_word' id='word_1_772' title='bbox 666 5351 798 5422; x_wconf 80' lang='grc' dir='ltr'>μετ’</span> <span class='ocrx_word' id='word_1_773' title='bbox 831 5346 968 5417; x_wconf 75' lang='grc' dir='ltr'>ἐμοῦ</span> <span class='ocrx_word' id='word_1_774' title='bbox 995 5350 1152 5398; x_wconf 77' lang='grc' dir='ltr'>ἐστιν.</span> <span class='ocrx_word' id='word_1_775' title='bbox 1198 5346 1320 5398; x_wconf 81' lang='grc' dir='ltr'>Ἐὰν</span> <span class='ocrx_word' id='word_1_776' title='bbox 1357 5348 1608 5409; x_wconf 88' lang='grc' dir='ltr'>πεινάσω,</span> 
     </span>
    </p>
   </div>
   <div class='ocr_carea' id='block_1_99' title="bbox 111 5434 1609 5514">
    <p class='ocr_par' dir='ltr' id='par_1_99' title="bbox 111 5434 1609 5514">
     <span class='ocr_line' id='line_1_99' title="bbox 111 5434 1609 5514; baseline -0.001 -26"><span class='ocrx_word' id='word_1_777' title='bbox 111 5440 151 5489; x_wconf 73' lang='lat' dir='ltr'><strong>di</strong></span> <span class='ocrx_word' id='word_1_778' title='bbox 172 5446 235 5514; x_wconf 55' lang='grc' dir='ltr'>μή</span> <span class='ocrx_word' id='word_1_779' title='bbox 252 5461 323 5498; x_wconf 59' lang='grc' dir='ltr'>τοι</span> <span class='ocrx_word' id='word_1_780' title='bbox 347 5448 477 5498; x_wconf 58' lang='lat' dir='ltr'><strong>erm</strong></span> <span class='ocrx_word' id='word_1_781' title='bbox 498 5462 513 5476; x_wconf 85' lang='lat'><strong>-</strong></span> <span class='ocrx_word' id='word_1_782' title='bbox 541 5443 659 5513; x_wconf 60' lang='grc' dir='ltr'><strong>ἐμὴ</strong></span> <span class='ocrx_word' id='word_1_783' title='bbox 691 5438 820 5506; x_wconf 77' lang='grc' dir='ltr'>γάρ</span> <span class='ocrx_word' id='word_1_784' title='bbox 850 5438 994 5487; x_wconf 75' lang='grc' dir='ltr'>ἐστιν</span> <span class='ocrx_word' id='word_1_785' title='bbox 1028 5436 1057 5502; x_wconf 80' lang='grc' dir='ltr'><strong>ή</strong></span> <span class='ocrx_word' id='word_1_786' title='bbox 1083 5434 1386 5505; x_wconf 74' lang='grc' dir='ltr'>οἰκουμένη,</span> <span class='ocrx_word' id='word_1_787' title='bbox 1426 5436 1517 5487; x_wconf 79' lang='grc' dir='ltr'>καὶ</span> <span class='ocrx_word' id='word_1_788' title='bbox 1550 5438 1609 5488; x_wconf 89' lang='grc' dir='ltr'>τὸ</span> 
     </span>
    </p>
   </div>
   <div class='ocr_carea' id='block_1_100' title="bbox 115 5520 1608 5604">
    <p class='ocr_par' dir='ltr' id='par_1_100' title="bbox 115 5520 1608 5604">
     <span class='ocr_line' id='line_1_100' title="bbox 115 5520 1608 5604; baseline 0 -28"><span class='ocrx_word' id='word_1_789' title='bbox 115 5530 317 5601; x_wconf 56' lang='grc' dir='ltr'>πλήρωμα</span> <span class='ocrx_word' id='word_1_790' title='bbox 346 5534 519 5604; x_wconf 64' lang='grc' dir='ltr'>αὐὲῆς,</span> <span class='ocrx_word' id='word_1_791' title='bbox 551 5530 653 5598; x_wconf 76' lang='grc' dir='ltr'><strong>Μὴ</strong></span> <span class='ocrx_word' id='word_1_792' title='bbox 685 5526 953 5595; x_wconf 76' lang='grc' dir='ltr'>φάγομαι</span> <span class='ocrx_word' id='word_1_793' title='bbox 981 5522 1109 5592; x_wconf 81' lang='grc' dir='ltr'>κρέα</span> <span class='ocrx_word' id='word_1_794' title='bbox 1139 5524 1371 5593; x_wconf 87' lang='grc' dir='ltr'>ταύρων,</span> <span class='ocrx_word' id='word_1_795' title='bbox 1400 5524 1434 5593; x_wconf 84' lang='grc' dir='ltr'>ἢ</span> <span class='ocrx_word' id='word_1_796' title='bbox 1473 5520 1608 5593; x_wconf 76' lang='grc' dir='ltr'>αἷμα</span> 
     </span>
    </p>
   </div>
   <div class='ocr_carea' id='block_1_101' title="bbox 167 5679 631 5746">
    <p class='ocr_par' dir='ltr' id='par_1_101' title="bbox 167 5679 631 5746">
     <span class='ocr_line' id='line_1_101' title="bbox 167 5679 631 5746; baseline -0.022 -4"><span class='ocrx_word' id='word_1_797' title='bbox 167 5679 198 5709; x_wconf 73' lang='grc'><strong>’⁷</strong></span> <span class='ocrx_word' id='word_1_798' title='bbox 220 5682 378 5742; x_wconf 71' lang='grc' dir='ltr'><strong>Ερὸες.</strong></span> <span class='ocrx_word' id='word_1_799' title='bbox 427 5700 503 5746; x_wconf 81' lang='lat' dir='ltr'><strong>iv,</strong></span> <span class='ocrx_word' id='word_1_800' title='bbox 536 5679 631 5733; x_wconf 83' lang='lat' dir='ltr'><strong>f0.</strong></span> 
     </span>
    </p>
   </div>
   <div class='ocr_carea' id='block_1_102' title="bbox 730 5669 1885 5741">
    <p class='ocr_par' dir='ltr' id='par_1_102' title="bbox 730 5669 1885 5741">
     <span class='ocr_line' id='line_1_102' title="bbox 730 5669 1885 5741; baseline 0.007 -20"><span class='ocrx_word' id='word_1_801' title='bbox 730 5671 786 5705; x_wconf 74' lang='grc'><strong>⁸⁸</strong></span> <span class='ocrx_word' id='word_1_802' title='bbox 813 5669 962 5724; x_wconf 83' lang='lat' dir='ltr'><strong>Psal.</strong></span> <span class='ocrx_word' id='word_1_803' title='bbox 992 5686 1138 5733; x_wconf 77' lang='lat' dir='ltr'><strong>um,</strong></span> <span class='ocrx_word' id='word_1_804' title='bbox 1178 5674 1289 5729; x_wconf 82' lang='lat'><strong>7—9.</strong></span> <span class='ocrx_word' id='word_1_805' title='bbox 1376 5679 1416 5709; x_wconf 79' lang='grc'><strong>¹⁹</strong></span> <span class='ocrx_word' id='word_1_806' title='bbox 1448 5675 1586 5733; x_wconf 87' lang='lat' dir='ltr'><strong>Psal.</strong></span> <span class='ocrx_word' id='word_1_807' title='bbox 1610 5692 1723 5741; x_wconf 77' lang='lat' dir='ltr'><strong>cu,</strong></span> <span class='ocrx_word' id='word_1_808' title='bbox 1749 5678 1805 5741; x_wconf 75' lang='lat'><strong>2,</strong></span> <span class='ocrx_word' id='word_1_809' title='bbox 1834 5677 1885 5729; x_wconf 79' lang='lat'><strong>3.</strong></span> 
     </span>
    </p>
   </div>
   <div class='ocr_carea' id='block_1_103' title="bbox 1713 4541 3230 4611">
    <p class='ocr_par' dir='ltr' id='par_1_103' title="bbox 1713 4541 3230 4611">
     <span class='ocr_line' id='line_1_103' title="bbox 1713 4541 3230 4611; baseline -0.005 -11"><span class='ocrx_word' id='word_1_810' title='bbox 1713 4554 1915 4607; x_wconf 87' lang='lat' dir='ltr'><strong>noster,</strong></span> <span class='ocrx_word' id='word_1_811' title='bbox 1944 4552 1998 4597; x_wconf 90' lang='lat' dir='ltr'><strong>et</strong></span> <span class='ocrx_word' id='word_1_812' title='bbox 2025 4559 2129 4597; x_wconf 90' lang='lat' dir='ltr'><strong>non</strong></span> <span class='ocrx_word' id='word_1_813' title='bbox 2158 4544 2333 4599; x_wconf 88' lang='lat' dir='ltr'><strong>silebit</strong></span> <span class='ocrx_word' id='word_1_814' title='bbox 2365 4545 2432 4595; x_wconf 78' lang='grc' dir='ltr'><strong>³ο.</strong></span> <span class='ocrx_word' id='word_1_815' title='bbox 2469 4562 2488 4594; x_wconf 75' lang='grc' dir='ltr'><strong>ι</strong></span> <span class='ocrx_word' id='word_1_816' title='bbox 2525 4543 2586 4596; x_wconf 83' lang='grc' dir='ltr'>Ει</span> <span class='ocrx_word' id='word_1_817' title='bbox 2615 4549 2734 4611; x_wconf 90' lang='lat' dir='ltr'><strong>post</strong></span> <span class='ocrx_word' id='word_1_818' title='bbox 2784 4542 3039 4593; x_wconf 87' lang='lat' dir='ltr'><strong>nonnulla</strong></span> <span class='ocrx_word' id='word_1_819' title='bbox 3077 4541 3179 4593; x_wconf 88' lang='lat' dir='ltr'><strong>alia</strong></span> <span class='ocrx_word' id='word_1_820' title='bbox 3216 4557 3230 4592; x_wconf 89' lang='lat'><strong>:</strong></span> 
     </span>
    </p>
   </div>
   <div class='ocr_carea' id='block_1_104' title="bbox 1719 4628 3232 4702">
    <p class='ocr_par' dir='ltr' id='par_1_104' title="bbox 1719 4628 3232 4702">
     <span class='ocr_line' id='line_1_104' title="bbox 1719 4628 3232 4702; baseline -0.007 -14"><span class='ocrx_word' id='word_1_821' title='bbox 1719 4654 1738 4687; x_wconf 71' lang='grc' dir='ltr'><strong>ι</strong></span> <span class='ocrx_word' id='word_1_822' title='bbox 1765 4633 1922 4693; x_wconf 87' lang='lat' dir='ltr'><strong>Audi,</strong></span> <span class='ocrx_word' id='word_1_823' title='bbox 1952 4634 2142 4701; x_wconf 91' lang='lat' dir='ltr'><strong>inquit,</strong></span> <span class='ocrx_word' id='word_1_824' title='bbox 2162 4635 2387 4702; x_wconf 83' lang='lat' dir='ltr'><strong>populus</strong></span> <span class='ocrx_word' id='word_1_825' title='bbox 2410 4648 2579 4694; x_wconf 88' lang='lat' dir='ltr'><strong>meus,</strong></span> <span class='ocrx_word' id='word_1_826' title='bbox 2609 4641 2663 4685; x_wconf 89' lang='lat' dir='ltr'><strong>et</strong></span> <span class='ocrx_word' id='word_1_827' title='bbox 2691 4632 2879 4699; x_wconf 88' lang='lat' dir='ltr'><strong>loquar</strong></span> <span class='ocrx_word' id='word_1_828' title='bbox 2913 4630 3030 4690; x_wconf 90' lang='lat' dir='ltr'><strong>tibi,</strong></span> <span class='ocrx_word' id='word_1_829' title='bbox 3047 4628 3232 4689; x_wconf 84' lang='lat' dir='ltr'><strong>Israel,</strong></span> 
     </span>
    </p>
   </div>
   <div class='ocr_carea' id='block_1_105' title="bbox 1714 4713 3229 4785">
    <p class='ocr_par' dir='ltr' id='par_1_105' title="bbox 1714 4713 3229 4785">
     <span class='ocr_line' id='line_1_105' title="bbox 1714 4713 3229 4785; baseline -0.007 -8"><span class='ocrx_word' id='word_1_830' title='bbox 1714 4732 1767 4778; x_wconf 90' lang='lat' dir='ltr'><strong>et</strong></span> <span class='ocrx_word' id='word_1_831' title='bbox 1802 4722 2129 4777; x_wconf 78' lang='lat' dir='ltr'><strong>testiﬁcabor</strong></span> <span class='ocrx_word' id='word_1_832' title='bbox 2157 4722 2272 4783; x_wconf 90' lang='lat' dir='ltr'><strong>tibi,</strong></span> <span class='ocrx_word' id='word_1_833' title='bbox 2305 4721 2442 4776; x_wconf 86' lang='lat' dir='ltr'><strong>Deus</strong></span> <span class='ocrx_word' id='word_1_834' title='bbox 2473 4721 2612 4775; x_wconf 90' lang='lat' dir='ltr'><strong>Deus</strong></span> <span class='ocrx_word' id='word_1_835' title='bbox 2642 4731 2764 4773; x_wconf 85' lang='lat' dir='ltr'><strong>tuus</strong></span> <span class='ocrx_word' id='word_1_836' title='bbox 2793 4733 2911 4771; x_wconf 91' lang='lat' dir='ltr'><strong>sum</strong></span> <span class='ocrx_word' id='word_1_837' title='bbox 2964 4732 3082 4785; x_wconf 84' lang='lat' dir='ltr'><strong>ego.</strong></span> <span class='ocrx_word' id='word_1_838' title='bbox 3113 4713 3229 4767; x_wconf 84' lang='lat' dir='ltr'><strong>Non</strong></span> 
     </span>
    </p>
   </div>
   <div class='ocr_carea' id='block_1_106' title="bbox 1715 4807 3231 4877">
    <p class='ocr_par' dir='ltr' id='par_1_106' title="bbox 1715 4807 3231 4877">
     <span class='ocr_line' id='line_1_106' title="bbox 1715 4807 3231 4877; baseline -0.009 -11"><span class='ocrx_word' id='word_1_839' title='bbox 1715 4814 1770 4866; x_wconf 90' lang='lat' dir='ltr'><strong>in</strong></span> <span class='ocrx_word' id='word_1_840' title='bbox 1802 4810 2078 4866; x_wconf 81' lang='lat' dir='ltr'><strong>sacrificiis</strong></span> <span class='ocrx_word' id='word_1_841' title='bbox 2108 4811 2213 4863; x_wconf 90' lang='lat' dir='ltr'><strong>tuis</strong></span> <span class='ocrx_word' id='word_1_842' title='bbox 2238 4825 2456 4877; x_wconf 90' lang='lat' dir='ltr'><strong>arguam</strong></span> <span class='ocrx_word' id='word_1_843' title='bbox 2484 4816 2536 4862; x_wconf 88' lang='lat' dir='ltr'><strong>te</strong></span> <span class='ocrx_word' id='word_1_844' title='bbox 2566 4825 2579 4861; x_wconf 89' lang='lat'><strong>:</strong></span> <span class='ocrx_word' id='word_1_845' title='bbox 2616 4807 2925 4860; x_wconf 81' lang='lat' dir='ltr'><strong>holocausta</strong></span> <span class='ocrx_word' id='word_1_846' title='bbox 2951 4812 3231 4856; x_wconf 86' lang='lat' dir='ltr'><strong>autemtua</strong></span> 
     </span>
    </p>
   </div>
   <div class='ocr_carea' id='block_1_107' title="bbox 1715 4892 3232 4967">
    <p class='ocr_par' dir='ltr' id='par_1_107' title="bbox 1715 4892 3232 4967">
     <span class='ocr_line' id='line_1_107' title="bbox 1715 4892 3232 4967; baseline -0.007 -11"><span class='ocrx_word' id='word_1_847' title='bbox 1715 4904 1772 4956; x_wconf 89' lang='lat' dir='ltr'><strong>in</strong></span> <span class='ocrx_word' id='word_1_848' title='bbox 1799 4906 2086 4967; x_wconf 88' lang='lat' dir='ltr'><strong>conspectu</strong></span> <span class='ocrx_word' id='word_1_849' title='bbox 2117 4912 2232 4951; x_wconf 89' lang='lat' dir='ltr'><strong>meo</strong></span> <span class='ocrx_word' id='word_1_850' title='bbox 2281 4909 2406 4952; x_wconf 80' lang='lat' dir='ltr'><strong>sunt</strong></span> <span class='ocrx_word' id='word_1_851' title='bbox 2436 4913 2662 4966; x_wconf 83' lang='lat' dir='ltr'><strong>semper.</strong></span> <span class='ocrx_word' id='word_1_852' title='bbox 2717 4893 2832 4947; x_wconf 87' lang='lat' dir='ltr'><strong>Non</strong></span> <span class='ocrx_word' id='word_1_853' title='bbox 2883 4893 3141 4960; x_wconf 86' lang='lat' dir='ltr'><strong>accipiam</strong></span> <span class='ocrx_word' id='word_1_854' title='bbox 3165 4892 3232 4946; x_wconf 84' lang='lat' dir='ltr'><strong>de</strong></span> 
     </span>
    </p>
   </div>
   <div class='ocr_carea' id='block_1_108' title="bbox 1713 4979 3230 5054">
    <p class='ocr_par' dir='ltr' id='par_1_108' title="bbox 1713 4979 3230 5054">
     <span class='ocr_line' id='line_1_108' title="bbox 1713 4979 3230 5054; baseline -0.008 -9"><span class='ocrx_word' id='word_1_855' title='bbox 1713 4991 1870 5045; x_wconf 91' lang='lat' dir='ltr'><strong>domo</strong></span> <span class='ocrx_word' id='word_1_856' title='bbox 1894 4999 1983 5042; x_wconf 88' lang='lat' dir='ltr'><strong>tua</strong></span> <span class='ocrx_word' id='word_1_857' title='bbox 2015 4988 2210 5041; x_wconf 80' lang='lat' dir='ltr'><strong>vitulos</strong></span> <span class='ocrx_word' id='word_1_858' title='bbox 2243 5025 2259 5049; x_wconf 92' lang='lat'><strong>,</strong></span> <span class='ocrx_word' id='word_1_859' title='bbox 2308 5001 2480 5054; x_wconf 89' lang='lat' dir='ltr'><strong>neque</strong></span> <span class='ocrx_word' id='word_1_860' title='bbox 2512 4987 2564 5036; x_wconf 87' lang='lat' dir='ltr'><strong>in</strong></span> <span class='ocrx_word' id='word_1_861' title='bbox 2592 4982 2838 5053; x_wconf 86' lang='lat' dir='ltr'><strong>gregibus</strong></span> <span class='ocrx_word' id='word_1_862' title='bbox 2877 4979 2985 5033; x_wconf 91' lang='lat' dir='ltr'><strong>tuis</strong></span> <span class='ocrx_word' id='word_1_863' title='bbox 3031 4979 3230 5040; x_wconf 87' lang='lat' dir='ltr'><strong>hircos,</strong></span> 
     </span>
    </p>
   </div>
   <div class='ocr_carea' id='block_1_109' title="bbox 1712 5067 3232 5150">
    <p class='ocr_par' dir='ltr' id='par_1_109' title="bbox 1712 5067 3232 5150">
     <span class='ocr_line' id='line_1_109' title="bbox 1712 5067 3232 5150; baseline -0.009 -17"><span class='ocrx_word' id='word_1_864' title='bbox 1712 5079 1960 5150; x_wconf 86' lang='lat' dir='ltr'><strong>quoniam</strong></span> <span class='ocrx_word' id='word_1_865' title='bbox 1994 5091 2123 5131; x_wconf 67' lang='lat' dir='ltr'><strong>meae</strong></span> <span class='ocrx_word' id='word_1_866' title='bbox 2152 5083 2276 5129; x_wconf 92' lang='lat' dir='ltr'><strong>sunt</strong></span> <span class='ocrx_word' id='word_1_867' title='bbox 2302 5090 2486 5128; x_wconf 87' lang='lat' dir='ltr'><strong>omnes</strong></span> <span class='ocrx_word' id='word_1_868' title='bbox 2517 5073 2638 5126; x_wconf 68' lang='lat' dir='ltr'><strong>ferae</strong></span> <span class='ocrx_word' id='word_1_869' title='bbox 2675 5071 2962 5138; x_wconf 83' lang='lat' dir='ltr'><strong>syivarum,</strong></span> <span class='ocrx_word' id='word_1_870' title='bbox 2988 5067 3232 5133; x_wconf 80' lang='lat' dir='ltr'><strong>jumenta</strong></span> 
     </span>
    </p>
   </div>
   <div class='ocr_carea' id='block_1_110' title="bbox 1712 5155 3231 5229">
    <p class='ocr_par' dir='ltr' id='par_1_110' title="bbox 1712 5155 3231 5229">
     <span class='ocr_line' id='line_1_110' title="bbox 1712 5155 3231 5229; baseline -0.009 -7"><span class='ocrx_word' id='word_1_871' title='bbox 1712 5168 1769 5221; x_wconf 89' lang='lat' dir='ltr'><strong>in</strong></span> <span class='ocrx_word' id='word_1_872' title='bbox 1816 5166 2113 5229; x_wconf 86' lang='lat' dir='ltr'><strong>montibus,</strong></span> <span class='ocrx_word' id='word_1_873' title='bbox 2145 5175 2197 5218; x_wconf 92' lang='lat' dir='ltr'><strong>et</strong></span> <span class='ocrx_word' id='word_1_874' title='bbox 2229 5164 2394 5217; x_wconf 89' lang='lat' dir='ltr'><strong>boves</strong></span> <span class='ocrx_word' id='word_1_875' title='bbox 2429 5181 2442 5215; x_wconf 90' lang='lat'>:</span> <span class='ocrx_word' id='word_1_876' title='bbox 2503 5159 2728 5228; x_wconf 85' lang='lat' dir='ltr'><strong>c0gnovi</strong></span> <span class='ocrx_word' id='word_1_877' title='bbox 2772 5155 2949 5208; x_wconf 89' lang='lat' dir='ltr'><strong>omnia</strong></span> <span class='ocrx_word' id='word_1_878' title='bbox 2996 5156 3231 5209; x_wconf 88' lang='lat' dir='ltr'><strong>volatilia</strong></span> 
     </span>
    </p>
   </div>
   <div class='ocr_carea' id='block_1_111' title="bbox 1714 5243 3230 5324">
    <p class='ocr_par' dir='ltr' id='par_1_111' title="bbox 1714 5243 3230 5324">
     <span class='ocr_line' id='line_1_111' title="bbox 1714 5243 3230 5324; baseline -0.011 -12"><span class='ocrx_word' id='word_1_879' title='bbox 1714 5258 1857 5321; x_wconf 77' lang='lat' dir='ltr'><strong>cmli,</strong></span> <span class='ocrx_word' id='word_1_880' title='bbox 1888 5265 1940 5311; x_wconf 90' lang='lat' dir='ltr'><strong>et</strong></span> <span class='ocrx_word' id='word_1_881' title='bbox 1969 5254 2308 5324; x_wconf 86' lang='lat' dir='ltr'><strong>pulchritudo</strong></span> <span class='ocrx_word' id='word_1_882' title='bbox 2339 5252 2453 5321; x_wconf 85' lang='lat' dir='ltr'><strong>agri</strong></span> <span class='ocrx_word' id='word_1_883' title='bbox 2480 5263 2686 5305; x_wconf 89' lang='lat' dir='ltr'><strong>mecum</strong></span> <span class='ocrx_word' id='word_1_884' title='bbox 2725 5253 2826 5299; x_wconf 86' lang='lat' dir='ltr'><strong>est.</strong></span> <span class='ocrx_word' id='word_1_885' title='bbox 2863 5243 2917 5297; x_wconf 89' lang='lat' dir='ltr'><strong>Si</strong></span> <span class='ocrx_word' id='word_1_886' title='bbox 2968 5246 3230 5310; x_wconf 88' lang='lat' dir='ltr'><strong>esuriero,</strong></span> 
     </span>
    </p>
   </div>
   <div class='ocr_carea' id='block_1_112' title="bbox 1715 5335 3236 5412">
    <p class='ocr_par' dir='ltr' id='par_1_112' title="bbox 1715 5335 3236 5412">
     <span class='ocr_line' id='line_1_112' title="bbox 1715 5335 3236 5412; baseline -0.009 -11"><span class='ocrx_word' id='word_1_887' title='bbox 1715 5363 1821 5401; x_wconf 88' lang='lat' dir='ltr'><strong>non</strong></span> <span class='ocrx_word' id='word_1_888' title='bbox 1843 5346 2016 5400; x_wconf 91' lang='lat' dir='ltr'><strong>dicam</strong></span> <span class='ocrx_word' id='word_1_889' title='bbox 2046 5345 2172 5412; x_wconf 85' lang='lat' dir='ltr'><strong>tibi;</strong></span> <span class='ocrx_word' id='word_1_890' title='bbox 2204 5358 2353 5397; x_wconf 91' lang='lat' dir='ltr'><strong>meus</strong></span> <span class='ocrx_word' id='word_1_891' title='bbox 2372 5352 2452 5395; x_wconf 90' lang='lat' dir='ltr'><strong>est</strong></span> <span class='ocrx_word' id='word_1_892' title='bbox 2481 5341 2623 5395; x_wconf 87' lang='lat' dir='ltr'><strong>enim</strong></span> <span class='ocrx_word' id='word_1_893' title='bbox 2655 5335 2802 5391; x_wconf 81' lang='lat' dir='ltr'><strong>orbis</strong></span> <span class='ocrx_word' id='word_1_894' title='bbox 2831 5342 3008 5396; x_wconf 71' lang='lat' dir='ltr'><strong>terrm,</strong></span> <span class='ocrx_word' id='word_1_895' title='bbox 3041 5345 3091 5388; x_wconf 91' lang='lat' dir='ltr'><strong>et</strong></span> <span class='ocrx_word' id='word_1_896' title='bbox 3123 5336 3236 5402; x_wconf 85' lang='lat' dir='ltr'><strong>ple-</strong></span> 
     </span>
    </p>
   </div>
   <div class='ocr_carea' id='block_1_113' title="bbox 1712 5419 3236 5502">
    <p class='ocr_par' dir='ltr' id='par_1_113' title="bbox 1712 5419 3236 5502">
     <span class='ocr_line' id='line_1_113' title="bbox 1712 5419 3236 5502; baseline -0.011 -14"><span class='ocrx_word' id='word_1_897' title='bbox 1712 5434 1899 5488; x_wconf 87' lang='lat' dir='ltr'><strong>nitudo</strong></span> <span class='ocrx_word' id='word_1_898' title='bbox 1918 5435 2054 5502; x_wconf 88' lang='lat' dir='ltr'><strong>ejus.</strong></span> <span class='ocrx_word' id='word_1_899' title='bbox 2082 5428 2347 5498; x_wconf 84' lang='lat' dir='ltr'><strong>Numquid</strong></span> <span class='ocrx_word' id='word_1_900' title='bbox 2363 5425 2693 5480; x_wconf 88' lang='lat' dir='ltr'><strong>manducabo</strong></span> <span class='ocrx_word' id='word_1_901' title='bbox 2722 5435 2909 5475; x_wconf 87' lang='lat' dir='ltr'><strong>carnes</strong></span> <span class='ocrx_word' id='word_1_902' title='bbox 2923 5427 3197 5472; x_wconf 87' lang='lat' dir='ltr'><strong>taurorum</strong></span> <span class='ocrx_word' id='word_1_903' title='bbox 3212 5419 3236 5471; x_wconf 84' lang='lat'><strong>?</strong></span> 
     </span>
    </p>
   </div>
   <div class='ocr_carea' id='block_1_114' title="bbox 1710 5506 3237 5592">
    <p class='ocr_par' dir='ltr' id='par_1_114' title="bbox 1710 5506 3237 5592">
     <span class='ocr_line' id='line_1_114' title="bbox 1710 5506 3237 5592; baseline -0.012 -15"><span class='ocrx_word' id='word_1_904' title='bbox 1710 5531 1804 5578; x_wconf 86' lang='lat' dir='ltr'><strong>aut</strong></span> <span class='ocrx_word' id='word_1_905' title='bbox 1832 5523 2139 5592; x_wconf 88' lang='lat' dir='ltr'><strong>sanguinem</strong></span> <span class='ocrx_word' id='word_1_906' title='bbox 2175 5519 2442 5572; x_wconf 84' lang='lat' dir='ltr'><strong>hircorum</strong></span> <span class='ocrx_word' id='word_1_907' title='bbox 2470 5514 2670 5585; x_wconf 87' lang='lat' dir='ltr'><strong>potabo</strong></span> <span class='ocrx_word' id='word_1_908' title='bbox 2702 5510 2726 5565; x_wconf 75' lang='grc' dir='ltr'><strong><em>τ</em></strong></span> <span class='ocrx_word' id='word_1_909' title='bbox 2763 5509 2976 5562; x_wconf 85' lang='lat' dir='ltr'><strong>immola</strong></span> <span class='ocrx_word' id='word_1_910' title='bbox 3002 5506 3110 5562; x_wconf 78' lang='lat' dir='ltr'><strong>Deo</strong></span> <span class='ocrx_word' id='word_1_911' title='bbox 3148 5523 3237 5561; x_wconf 82' lang='lat' dir='ltr'><strong>sa-</strong></span> 
     </span>
    </p>
   </div>
   <div class='ocr_carea' id='block_1_115' title="bbox 1958 5668 2484 5734">
    <p class='ocr_par' dir='ltr' id='par_1_115' title="bbox 1958 5668 2484 5734">
     <span class='ocr_line' id='line_1_115' title="bbox 1958 5668 2484 5734; baseline -0.004 -11"><span class='ocrx_word' id='word_1_912' title='bbox 1958 5673 2002 5704; x_wconf 83' lang='grc'><strong>²⁶</strong></span> <span class='ocrx_word' id='word_1_913' title='bbox 2024 5668 2165 5724; x_wconf 74' lang='lat' dir='ltr'><strong>Psal.</strong></span> <span class='ocrx_word' id='word_1_914' title='bbox 2189 5684 2334 5734; x_wconf 65' lang='grc' dir='ltr'>χιιι,</span> <span class='ocrx_word' id='word_1_915' title='bbox 2375 5669 2484 5724; x_wconf 74' lang='grc'><strong>1-3.</strong></span> 
     </span>
    </p>
   </div>
  </div>
