3738 6310
858 389 960 447 M9
1479 374 1757 434 ’EUSEBII
1784 369 2254 430 CAESARIENSIS
2291 367 2438 425 OPP.
2470 365 2646 422 PARS
2682 356 2744 419 11.
2778 394 2847 404 -
2877 356 3322 417 ᾹΡΟΙΑΟΕΕΤΙΟΑ

859 477 1114 535 oriﬁcium
1137 469 1335 533 laudis,
1368 473 1422 523 et
1448 470 1611 521 redde
1631 465 1909 519 Altissimo
1937 472 2061 517 vota
2095 471 2205 524 tua,
2227 471 2279 516 et
2309 462 2335 513 i1

1845 479 1909 517 no
1937 472 2061 517 vota
2095 471 2205 524 tua,
2227 471 2279 516 et
2309 462 2384 514 in-
2410 465 2457 518 Α
2480 454 2694 526 τράγων
2718 452 2905 522 πίομαι
2928 468 2943 516 ;
2970 449 3138 504 Θῦσον
3160 448 3238 518 τῷ
3266 447 3321 499 Θε

857 584 989 625 voca
1022 580 1106 618 me
1138 564 1191 615 in
1233 559 1319 613 die
1345 555 1708 613 tribulationis
1734 555 1799 607 “.
1832 572 1852 605 ο
1887 551 2063 606 Etiam
2111 552 2214 606 hoc
2264 551 2333 604 loc

1845 573 1852 602 ι
1887 551 2063 606 Etiam
2111 552 2214 606 hoc
2264 551 2382 604 loco
2485 544 2677 606 ἀπόδος
2711 542 2788 612 τῷ
2826 540 3058 610 Ὺψίστῳ
3096 537 3193 600 τὰς
3239 535 3321 604 εὐ)

857 656 1033 711 divina
1083 650 1354 720 praedictio
1385 648 1538 717 plane
1568 645 1732 700 Deum
1761 641 2043 697 manifeste
2097 647 2333 694 venturu:

1844 641 2043 696 .nifeste
2097 647 2383 694 venturum
2486 653 2552 707 με
2575 637 2631 687 ὲν
2673 632 2848 705 ἡμέρᾳ
2871 630 3114 698 θλίψεως.
3147 646 3166 678 ›
3200 626 3320 677 Κάν

856 747 1019 808 canit,
1050 715 1170 812 quae
1212 715 1428 807 quidem
1458 751 1567 790 non
1600 735 1765 788 alium
1795 771 1811 796 ,
1860 746 2022 801 quam
2074 730 2249 798 ipsum
2292 726 2332 781 D

1860 746 2022 801 quam
2074 730 2249 798 ipsum
2292 726 2387 782 Dei
2485 723 2668 793 σαφῶς
2711 723 2840 775 Θεὸν
2881 716 3135 790 ἐμφανῶς
3172 715 3321 786 ἥξειν

858 806 1089 887 Verbum
1122 806 1405 897 significat.
1430 824 1575 878 illius
1602 836 1731 876 vero
1760 819 2020 874 adventus
2034 830 2251 871 causam
2270 830 2334 868 m:

1845 828 2020 874 tentus
2034 830 2251 871 causam
2270 829 2386 868 ma-
2482 816 2572 869 τὸν
2597 814 2687 868 τοῦ
2729 811 2862 866 Θεοῦ
2894 811 3064 879 Λόγον
3105 806 3321 878 δηλοῦσα

858 918 1202 973 nifestissime
1227 913 1446 975 indicat,
1473 925 1536 963 ac
1565 908 1802 979 gentium
1823 921 2035 965 rursus,
2059 918 2175 975 qua:
2194 903 2250 956 in
2278 908 2388 955 tota

859 1021 1000 1064 terra
1035 1007 1403 1065 continentur,
1452 999 1788 1053 vocationem
1831 995 2062 1049 futuram
2089 993 2389 1048 denuntiat.

859 1102 1046 1168 Itaque
1083 1116 1101 1147 ι
1143 1094 1383 1154 Vocavit,
1415 1090 1609 1159 inquit,
1640 1097 1857 1152 terram,
1894 1086 1961 1139 ab
1992 1092 2111 1138 ortu
2140 1083 2269 1137 solis
2297 1097 2391 1136 us-

860 1205 964 1258 que
989 1188 1054 1240 ad
1073 1197 1341 1239 occasum.
1368 1200 1386 1233 ι
1415 1180 1548 1234 Miro
1573 1185 1750 1231 autem
1783 1174 2011 1244 quodam
2042 1172 2248 1235 ordine,
2270 1178 2391 1241 post

861 1281 1141 1333 adventum
1173 1275 1316 1327 illius
1337 1310 1350 1334 ,
1381 1278 1433 1325 et
1465 1278 1582 1339 post
1622 1266 1860 1336 gentium
1883 1262 2236 1324 vocationem,
2272 1260 2395 1328 reji-

861 1368 1105 1423 ciendam
1145 1379 1263 1419 esse
1292 1370 1522 1416 veterem
1568 1358 1713 1410 illam
1757 1352 1970 1423 corpori
1999 1349 2170 1419 magis
2216 1351 2392 1404 inser-

2484 902 2777 974 παρουσίας
2809 896 2983 953 αὐτοῦ·
3015 893 3322 963 σαφέστατα

2485 994 2671 1062 κλῆσιν
2718 988 3051 1060 σημαίνουσα
3093 982 3202 1035 τῶν
3253 997 3322 1033 κα

2488 1084 2673 1139 ἐθνῶν·
2715 1100 2733 1132 ι
2790 1079 3045 1134 Ἐκάλεσε
3098 1073 3253 1144 γοῦν,
3311 1089 3322 1121 ι

2486 1170 2650 1224 τολῶν
2676 1169 2822 1240 ἡλίου
2850 1166 2944 1219 καὶ
2979 1156 3138 1235 μέχρι
3170 1161 3322 1228 δυσμι

2489 1260 2594 1322 θως
2623 1257 2759 1328 μετὰ
2783 1257 2878 1327 τὴν
2922 1252 3247 1320 ἐπιφάνειαν
3283 1265 3320 1301 α

2492 1366 2573 1402 σιν
2608 1347 2712 1400 τῶν
2741 1346 2905 1399 ἐθνῶν
2929 1384 2945 1409 ,
2978 1344 3079 1412 τὴν
3120 1340 3322 1411 παραίτ

861 1458 1114 1518 vientem,
1135 1467 1293 1522 quam
1319 1448 1551 1519 spiritui,
1571 1461 1636 1500 ex
1670 1445 1783 1513 lege
1811 1441 2003 1512 Moysis
2028 1439 2337 1493 adoratione

1835 1441 2003 1512 doysis
2028 1439 2392 1493 adorationem
2492 1440 2626 1501 σέως
2649 1439 2806 1508 νόμον
2849 1433 3311 1506 σωματικωτέρας

863 1548 1038 1606 docet,
1063 1519 1181 1612 qua:
1223 1542 1338 1610 ipsa
1366 1551 1578 1607 quoque
1626 1547 1781 1588 suum
1811 1530 2032 1599 contigit
2062 1528 2241 1590 finem,
2272 1540 2339 1596 po

1836 1530 2032 1599 :ontigit
2062 1528 2241 1590 finem,
2272 1533 2394 1596 post
2490 1529 2621 1597 αὐτὴ
2645 1527 2826 1588 τέλους
2850 1524 3006 1593 ἔτυχε
3037 1521 3173 1592 μετὰ
3213 1519 3312 1589 τὴν

863 1634 958 1688 Dei
981 1631 1140 1685 Verbi
1177 1629 1242 1682 ad
1274 1627 1517 1682 homines
1574 1623 1882 1676 adventum.
1925 1620 2004 1673 Ex
2038 1619 2129 1671 illo
2159 1617 2339 1671 enim:

1821 1635 1882 1674 ω.
1925 1620 2004 1673 Ex
2038 1619 2129 1671 illo
2159 1617 2301 1671 enim
2327 1615 2395 1669 ad
2489 1635 2589 1680 τας
2615 1614 2926 1686 ἀνθρώπους
2951 1612 3297 1681 ἐπιφάνειαν.

864 1721 1008 1774 hunc
1037 1732 1206 1786 usque
1259 1715 1399 1768 diem
1456 1710 1629 1764 vocati
1649 1709 1759 1779 jam
1793 1716 1918 1762 sunt
1959 1720 2146 1761 omnes
2190 1705 2257 1759 de
2283 1714 2340 1759 to

1845 1716 1918 1762 Int
1959 1720 2146 1761 omnes
2190 1705 2257 1759 de
2283 1712 2394 1759 toto
2492 1710 2570 1771 εἰς
2598 1707 2752 1777 δεῦρο
2798 1705 3085 1775 κέκληνται
3120 1702 3223 1773 μὲν
3264 1718 3321 1752 πι

863 1813 993 1866 orbe
1024 1819 1286 1864 terrarum
1335 1804 1577 1857 homines
1603 1840 1619 1867 ,
1665 1813 1956 1867 omnesque
1988 1797 2055 1850 ab
2095 1803 2217 1848 ortu
2266 1794 2339 1847 sol

1808 1813 1956 1867 asque
1988 1797 2055 1850 ab
2095 1803 2217 1848 ortu
2266 1794 2394 1898 solis
2425 1844 2466 1898 Β
2493 1799 2807 1868 οἰκουμένης
2849 1796 3143 1865 ἄνθρωποι,
3185 1782 3284 1846 καὶ

864 1917 1035 1970 usque
1065 1900 1130 1953 ad
1155 1910 1404 1953 occasum
1433 1905 1635 1963 gentes.
1693 1889 1937 1945 Cessavit
1968 1894 2167 1951 autem,
2215 1885 2396 1940 subla-

864 2006 1058 2062 tusque
1108 1996 1190 2044 est
1242 1986 1545 2040 Iudaeorum
1576 1983 1710 2035 ritus
1738 2019 1754 2043 ,
1800 1979 1892 2033 ubi
1940 1992 2004 2032 ex
2032 1974 2180 2033 Novo
2236 1975 2392 2044 262

864 2078 1181 2149 evangelica:
1224 2071 1620 2144 prazdicationis
1667 2069 2044 2127 Testamento,
2080 2078 2187 2117 non
2217 2071 2394 2117 autem

863 2186 929 2226 es
944 2171 1057 2239 lege
1073 2166 1287 2237 Moysis,
1309 2177 1496 2217 omnes
1526 2160 1767 2215 homines
1791 2157 1956 2211 Deum
1984 2155 2180 2217 colere,
2205 2162 2396 2207 etcum

864 2261 1060 2330 pietate
1097 2257 1275 2312 vivere
1307 2253 1566 2308 admoniti
1612 2249 1897 2318 edoctique
1965 2252 2111 2300 sunt.
2146 2245 2399 2298 Attamen

864 2350 1051 2407 eadem
1079 2349 1193 2402 haec
1219 2344 1286 2399 ad
1318 2342 1611 2399 secundum
1654 2339 2059 2410 gloriosumque
2108 2333 2398 2388 Salvatoris

866 2442 1176 2504 adventum,
1195 2436 1382 2493 referri
1411 2434 1538 2488 item
1566 2443 1812 2502 possunt.

1459 2540 1682 2598 CAPUT
1720 2539 1805 2595 IV.

869 2662 911 2717 Α
956 2660 1158 2730 psal_mo
1182 2670 1498 2730 Lqu.i_._-_-
1519 2649 1945 2730 Quodvidendus
1969 2647 2023 2730 in
2042 2655 2179 2730 terra
2194 2643 2400 2730 dicere-

939 2715 1024 2784 tur
1049 2727 1207 2792 Deus,
1239 2740 1329 2792 per
1355 2715 1553 2776 Christi
1575 2719 1642 2773 ad
1671 2718 1899 2771 homines
1933 2715 2226 2769 adventura.

945 2920 967 2954 ι
1014 2899 1291 2955 Videbitur
1311 2897 1451 2950 Deus
1484 2895 1707 2950 deorum
1736 2895 1792 2948 in
1814 2891 1965 2947 Sion.
1993 2890 2218 2944 Domine
2259 2888 2399 2943 Deus

869 2993 1150 3053 virtutum,
1174 2986 1367 3042 exaudi
1386 2984 1682 3040 orationem
1701 2997 1895 3045 meam,
1915 2981 2135 3034 auribus
2165 2978 2397 3047 percipe,

873 3081 1015 3136 Deus
1035 3078 1217 3132 Jacob.
1245 3074 1520 3129 Protector
1549 3080 1732 3127 noster
1759 3070 1954 3142 aspice,
1994 3067 2153 3132 Deus,
2192 3066 2398 3134 respice

2494 1890 2588 1942 xui.
2620 1889 2776 1960 μέχρι
2798 1887 3012 1957 δυσμῶν
3045 1885 3195 1956 ἔθνη.
3231 1886 3322 1938 Πέο

2495 1982 2528 2050 ἠ
2558 1976 2698 2032 κατὰ
2733 1975 3008 2038 Ἰουδαίους
3041 1974 3322 2045 θρησκεία,

2494 2088 2596 2141 κην
2624 2068 2715 2122 τοῦ
2745 2065 3091 2135 εὐαγγελικοῦ
3121 2064 3322 2136 κηρύγι

2494 2160 2733 2223 Μωσέως
2764 2159 2945 2228 νόμον,
3002 2156 3222 2209 πάντων
3247 2157 3316 2208 ἀν

2494 2247 2785 2318 γελμένων.
2820 2244 3002 2296 Ταῦτα
3032 2243 3090 2295 δὲ
3135 2244 3233 2296 καὶ⁵
3285 2244 3313 2294 ὲ

2493 2338 2640 2401 δοξον
2670 2335 2984 2405 ἐπιφάνειαν
3011 2332 3107 2386 τοῦ
3137 2333 3322 2404 Σωτῆε

3032 2524 3322 2580 ΚΕΦΑΛΑΪ

2507 2630 2636 2693 Ἀπὸ
2683 2639 2927 2706 ψαλμοῦ
2956 2644 3073 2707 πγν.
3116 2670 3197 2707 -ν
3222 2639 3322 2705 Ὠς

2565 2707 2705 2771 Θεὸς
2741 2707 2975 2774 λέγεται
3014 2706 3115 2761 διὰ
3140 2706 3254 2776 τῆς
3295 2725 3322 2761 τ

2563 2792 2714 2839 πους
2742 2776 3119 2843 ἐπιφανείας.

2569 2904 2587 2934 ι
2634 2885 2954 2955 Ὀφθήσεται
2990 2889 3020 2940 ὁ
3065 2888 3203 2952 Θεὸς
3239 2888 3322 2942 τῶ

2495 2972 2624 3033 Θεὸς
2665 2972 2769 3024 τῶν
2804 2972 3108 3044 δυνάμεων,
3137 2978 3322 3030 εἰσάκι

2497 3059 2763 3124 ὲνώτισαι,
2797 3064 2825 3114 ὁ
2849 3062 2981 3126 Θεὸς
3016 3063 3215 3117 Ἰακώϐ
3235 3084 3250 3096 ·
3297 3069 3322 3119 ὖ

873 3172 930 3225 in
961 3169 1148 3222 faciem
1175 3166 1375 3221 Christi
1402 3165 1482 3217 tui
1506 3166 1570 3217 υ.
1600 3182 1618 3214 ι
1657 3161 1945 3229 Postquam
1978 3156 2143 3212 Deum
2175 3156 2349 3210 deorui

1845 3173 1945 3212 tam
1978 3156 2143 3212 Deum
2175 3156 2396 3210 deorum
2424 3155 2469 3216 C
2496 3150 2648 3214 Θεὸς,
2677 3152 2770 3204 καὶ
2818 3152 3109 3222 ὲπίὸλεψον
3140 3157 3238 3209 ἐπὶ
3271 3158 3321 3209 τε

872 3259 1159 3315 videndum
1189 3256 1452 3326 praedixit,
1479 3262 1594 3309 tum
1639 3259 1758 3306 orat
1787 3250 2072 3305 adventum
2099 3248 2216 3317 ejus
2237 3260 2399 3316 quam

874 3348 1151 3404 celerrime
1179 3347 1400 3410 adesse,
1461 3343 1677 3399 modum
1709 3356 1817 3412 quo
1843 3339 2105 3394 videndus
2146 3338 2218 3392 sit
2258 3336 2398 3390 inte-

876 3440 978 3493 rim
1006 3437 1207 3492 docens
1246 3436 1354 3490 illis
1385 3434 1562 3489 verbis
1591 3451 1607 3487 :
1639 3453 1658 3485 ‹
1693 3431 1916 3501 Respice
1947 3429 2004 3483 in
2034 3428 2222 3483 faciem
2246 3426 2405 3481 Chri-

875 3529 946 3584 sti
969 3528 1066 3592 tui,
1107 3546 1127 3580 ι
1154 3541 1261 3580 non
1303 3526 1456 3580 aliter
1485 3539 1645 3594 quam
1695 3522 1927 3593 planius,
1959 3520 2219 3574 dixisset:
2278 3515 2407 3571 Post

876 3619 1064 3672 faciem
1109 3615 1311 3671 Christi
1357 3615 1435 3669 tui
1483 3614 1659 3683 praebe
1687 3613 1914 3682 teipsum
1937 3609 2240 3664 videndum.
2272 3604 2405 3659 Pro-

877 3717 1055 3779 pterea
1075 3707 1239 3770 enim,
1272 3705 1416 3774 quod
1445 3723 1463 3756 ι
1502 3704 1594 3774 qui
1626 3702 1755 3756 vidit
1784 3700 1998 3766 Filium,
2032 3699 2166 3752 vidit
2196 3697 2406 3751 Patrem

877 3798 969 3868 qui
997 3798 1142 3850 misit
1167 3796 1316 3848 illum
1344 3794 1389 3825 “
1421 3813 1435 3848 :
1500 3812 1520 3845 ι
1547 3793 1738 3846 merito
1786 3805 1883 3860 per
1935 3789 2126 3843 faciem
2183 3787 2404 3850 Christi,

878 3903 1001 3942 eum
1029 3887 1123 3955 qui
1149 3887 1205 3939 in
1224 3884 1443 3940 Christo
1455 3883 1675 3947 habitat,
1703 3880 1869 3936 Deum
1888 3878 2106 3934 deorum
2123 3876 2406 3932 videndum

879 3978 1175 4034 denuntiat.

1481 4163 1707 4221 CAPUT
1746 4162 1810 4217 V.

882 4282 926 4336 Δ
965 4279 1167 4350 psalmo
1194 4288 1316 4350 xcv.
1345 4303 1428 4350 ——_
1454 4275 1713 4329 Adventus
1760 4273 1970 4328 Domini
2013 4270 2067 4324 in
2098 4276 2288 4350 terram
2329 4278 2411 4320 re-

952 4336 1223 4419 ςξιιιιηιιιιιε⁸
1252 4346 1364 4419 ejus
1411 4347 1544 4419 inter
1582 4354 1787 4419 gentes,
1832 4353 2097 4419 etpost-tm
2134 4336 2407 4392 Canticum

950 4408 1052 4472 non
1071 4408 1171 4485 ipsi
1197 4408 1385 4477 Israel,
1419 4414 1505 4467 sed
1528 4408 1759 4482 gentibus
1788 4408 2146 4464 exhibendum.

958 4614 977 4647 ι
998 4593 1222 4650 Cantate
1233 4590 1458 4645 Domino
1469 4587 1738 4642 canticum
1754 4599 1971 4648 novum,
1993 4590 2204 4639 cantate
2231 4581 2410 4641 Domi-

885 4700 979 4750 no,
1000 4683 1362 4751 omnis;terra,
1381 4686 1594 4734 cantate
1622 4676 1870 4738 Domino,
1890 4675 2188 4730 benedicite
2205 4672 2407 4727 nomini

882 4778 1024 4848 ejus,
1052 4775 1362 4829 annuntiate
1419 4772 1487 4825 de
1541 4770 1627 4824 die
1676 4769 1729 4822 in
1785 4767 1925 4823 diem
1974 4769 2209 4823 salutare
2255 4765 2406 4833 ejus,

887 4867 1200 4920 annuntiate
1246 4865 1387 4917 inter
1436 4868 1619 4931 gentes
1671 4858 1892 4929 gloriam
1923 4858 2070 4928 ejus,
2126 4858 2181 4912 in
2235 4852 2409 4910 omni-

885 4954 987 5008 bus
1045 4953 1253 5024 populis
1312 4950 1574 5006 mirabilia
1635 4948 1753 5016 ejus
1797 4963 1809 4999 :
1870 4948 2124 5018 quoniam
2179 4955 2406 5012 magnus

888 5044 1043 5112 263
1097 5045 1355 5099 Dominus
1400 5053 1452 5098 et
1492 5041 1773 5096 laudabilis
1801 5040 1984 5104 nimis,
2013 5037 2266 5094 terribilis
2324 5040 2408 5088 est

886 5147 1046 5198 super
1079 5147 1262 5186 omnes
1282 5133 1419 5188 Deos
1455 5133 1520 5188 “.
1552 5150 1570 5183 ι
1592 5130 1656 5184 Et
1682 5145 1909 5185 rursus:
1957 5147 1978 5182 ι
2008 5128 2203 5183 Aﬁ‘ertc
2228 5123 2407 5177 Domi-

891 5232 959 5273 n0
982 5219 1161 5286 patriae
1189 5224 1419 5286 gentium
1442 5224 1510 5277 ³⁸.
1546 5241 1564 5274 ι
1600 5221 1664 5275 Et
1683 5237 1872 5277 rursus
1904 5239 1917 5275 :
1950 5239 1969 5271 ι
1999 5219 2168 5272 Dicite
2195 5215 2249 5268 in
2279 5228 2408 5281 gen-

890 5308 1032 5361 tibus
1061 5306 1201 5374 quod
1253 5305 1507 5364 Dominus
1561 5313 1800 5381 regnavit
1836 5313 1902 5365 ¹⁶.
1937 5329 1957 5362 ι
1988 5309 2068 5363 Ad
2111 5312 2407 5361 extremum

890 5412 1016 5451 vero
1041 5396 1280 5463 adiungit
1310 5414 1323 5450 :
1358 5415 1378 5448 ι
1417 5399 1567 5454 Tunc
1595 5406 1937 5459 exsultabunt
1958 5401 2136 5457 omnia
2158 5398 2297 5468 ligna
2320 5395 2410 5450 sil-

890 5492 1072 5542 Varu'm
1089 5500 1119 5538 a
1135 5484 1267 5539 facie
1287 5486 1514 5553 Domini,
1530 5492 1778 5559 quoniam
1796 5494 1974 5549 venit:
1997 5488 2246 5562 quoniam
2266 5485 2409 5541 venit

2499 3258 2609 3294 σου.
2635 3258 2655 3292 ι
2675 3242 2775 3295 Τὸν
2790 3241 2919 3294 Θεὸν
2941 3243 3049 3296 τῶν
3076 3244 3220 3299 θεῶν
3246 3247 3322 3316 dep

2496 3349 2585 3386 ται
2611 3332 2708 3402 τὴν
2735 3334 3056 3401 ἐπιφάνειαν
3098 3336 3273 3390 αὐτοῦ

2496 3423 2556 3476 ὃν
2594 3423 2884 3494 ὀφθήσεται
2908 3425 3111 3494 τρόπον
3154 3427 3322 3482 διδάσ

2497 3513 2595 3582 qm
2623 3513 2714 3565 ἐπὶ
2752 3513 2811 3565 τὸ
2839 3514 3131 3585 πρόσωπον
3174 3518 3278 3570 τοῦ
3312 3521 3322 3571 Σ

2501 3603 2752 3672 φέστερον
2806 3604 3044 3673 εἰρήκει·
3098 3606 3203 3660 Διά
3252 3614 3322 3661 τοί

2504 3709 2595 3746 σου
2642 3694 2951 3764 ἐπιφάνηθι.
3005 3696 3163 3750 Ἐπεὶ
3239 3699 3322 3772 ra,

2502 3782 2711 3853 ἑώρακε
2752 3783 2843 3835 τὸν
2888 3785 3111 3856 Πατέρα
3149 3788 3249 3843 τὸν
3300 3808 3322 3842 οι

2502 3872 2589 3925 διὰ
2625 3871 2722 3942 ⁴τοῦ
2768 3872 3053 3944 προσώπου
3080 3876 3181 3930 τοῦ
3229 3881 3322 3952 Χρ

2504 3962 2567 4104 Et;
2603 3961 2679 4031 τῷ
2718 3962 2937 4032 Χριστῷ
2978 3967 3322 4023 κατοικοῦντ.

2504 4069 2539 4104 γ
2568 4053 2697 4104 λλειι

2504 4053 2697 4121 γέλλει.

2517 4269 2646 4324 Ἀπὸ
2673 4272 2916 4394 ψαλίωῦ
2953 4279 3056 4342 ιβ’.
3094 4307 3168 4317 -
3209 4285 3322 4351 Παλ

2567 4340 2789 4394 βασιλε
2813 4358 2853 4394 α
2890 4359 2954 4394 τε
2998 4348 3191 4394 αὐτοῦ
3230 4351 3321 4394 ἐπ

2567 4340 2853 4420 ,ςασιλεΖᾳ
2890 4359 2954 4420 τε
2979 4340 3204 4420 αξη-οὗ
3230 4340 3322 4404 ἐπί

2575 4402 2736 4486 iam
2775 4414 2846 4463 οὐ
2876 4410 2957 4475 τῷ
3010 4402 3293 4486 Ἰσραὴλ,

2432 4462 2482 4521 D
2574 4462 2846 4544 ὸόῑιενοιὲ.

2580 4604 2599 4636 ι
2639 4588 2835 4658 ’ᾼσατε
2856 4590 2933 4660 τῷ
2955 4593 3150 4667 Κυρίῳ
3174 4595 3322 4670 ᾆσμα

2507 4679 2652 4730 πᾶσι
2672 4680 2705 4748 ὴ
2735 4680 2826 4748 γῆ.
2862 4683 3062 4751 ’ᾼσατε
3092 4688 3174 4757 τῷ
3207 4691 3322 4763 Κυε

2506 4766 2687 4820 αὐτοῦ.
2708 4768 3150 4838 Εὐαγγελίσασθε
3179 4780 3322 4854 ἡμέε

2507 4856 2666 4909 αὐτοῦ
2691 4873 2704 4888 ’
2743 4858 3099 4928 ἀναγγειλατε
3128 4868 3191 4921 ὲν
3225 4875 3321 4925 τοῖι

2508 4946 2565 4998 ὲν
2603 4948 2733 5000 πᾶσι
2767 4954 2877 5013 τοῖς
2916 4952 3065 5017 λαοῖς
3096 4957 3171 5011 τὰ
3215 4960 3322 5016 θαυ

2508 5035 2708 5106 Κύριος
2734 5039 2826 5091 καὶ
2858 5043 3068 5108 αἰνετὸς
3089 5049 3322 5123 σφόδρας

2508 5142 2604 5187 τας
2642 5129 2768 5191 τοὺς
2807 5129 2977 5195 θεούς.
3022 5154 3041 5186 ι
3085 5139 3201 5191 Καὶ
3242 5146 3322 5198 πά

2513 5215 2610 5286 ρίῳ
2631 5218 2687 5269 αἱ
2715 5226 2941 5291 πατριαὶ
2961 5226 3068 5280 τῶν
3090 5230 3291 5288 ἐθνῶν.

2507 5307 2619 5369 τοῖς
2645 5307 2874 5376 ἔθνεσιν,
2912 5316 2993 5368 ὅτι
3024 5318 3234 5391 Κύριος
3275 5327 3322 5377 ει

2511 5412 2594 5449 σιν
2625 5398 2865 5470 ἐπιλέγει
2890 5421 2905 5435 ο
2951 5425 2970 5457 ‹
3006 5407 3141 5462 Τότε
3182 5413 3322 5481 ἀγα)

2508 5485 2601 5538 τοῦ
2632 5487 2860 5563 δρυμοῦ,
2894 5497 3002 5550 ἀπὸ
3035 5501 3322 5570 προσώπω

956 5638 1002 5671 ⁸⁸
1033 5636 1173 5695 Psal.
1200 5651 1344 5701 sus.
1365 5638 1510 5697 7-l5.
1583 5642 1780 5699 "Psal.
1803 5660 2004 5712 tum,
2035 5643 2183 5700 840.
2255 5641 2302 5674 ”
2327 5639 2480 5697 Joan.
2510 5655 2609 5708 ιη.
2632 5642 2723 5700 45.
2800 5649 2847 5682 ³⁸
2885 5649 3027 5708 Psal.
3065 5669 3187 5723 xcv,
3216 5660 3319 5716 1-4
