3738 6292
49 411 116 458 m
996 385 1628 441 DEMONSTltATIONIS
1666 380 2107 442 EVANGELICIE
2148 384 2279 446 LIB.
2318 391 2400 446 vr.
3194 402 3296 456 422

71 519 156 582 χω
171 483 521 582 χρῖνξιιὶτῆγ
544 486 682 582 γῆν.
712 493 921 564 Κρινεῖ
939 500 1038 570 τὴν
1058 502 1368 571 οἰκουμένην
1395 504 1450 553 ἐν
1469 501 1630 555 δικαιε

1759 504 2003 572 judicare
2023 510 2241 558 terram.
2273 505 2541 559 Judicabit
2565 508 2747 562 orbem
2798 518 2956 566 terrae
2978 511 3031 566 in
3057 511 3291 581 justitia,

81 572 356 666 συνηξῡιθλ
392 572 562 638 λαοὺς
606 579 667 630 ὲν
711 585 783 652 τῇ
822 585 1053 658 ἀληθείᾳ
1086 589 1265 642 αὑτοῦ.
1306 609 1324 640 ι
1379 591 1630 644 Κάνταῦθι

1759 601 1812 648 et
1831 593 2052 663 populos
2074 591 2128 646 in
2161 595 2386 648 veritate
2407 610 2501 649 sua
2528 597 2591 650 ³⁷.
2631 616 2649 648 ι
2676 595 2786 651 Hoc
2808 600 2930 654 item
2953 572 3077 656 loco
3103 572 3294 656 ventu;

98 687 219 735 πόλιν
263 667 572 736 ἐρχόμενος
613 672 698 734 εἰς
743 675 1069 746 ἀνθρώπους
1104 680 1303 750 Κύριος
1359 681 1660 750 προφητεύ-

102 790 220 834 tu."
244 758 442 822 καινὸν
466 776 524 811 τε
555 756 714 830 ᾇσμα
735 766 833 816 ἐπὶ
861 770 929 836 τῇ
951 771 1216 840 παρουσίᾳ
1241 769 1398 821 αὑτοῦ
1416 770 1656 840 ᾇσεσθαι,

115 860 190 926 τὴν
213 849 423 918 Καινὴν
465 851 767 922 Διαθήκην,
809 856 872 906 οὑ
919 857 981 909 τὸ
1023 859 1282 910 Ἰουδαίων
1331 855 1496 922 ἔθνος,
1529 860 1659 914 ἀλλά

114 947 277 995 πᾶσαν
321 937 414 1007 τὴν
453 939 586 1007 γῆν·
642 941 1197 1013 εὐαγγελισθήσεσθαί
1242 963 1299 998 τε
1342 948 1523 1000 οὐκέτι
1567 949 1658 1000 τὸν

127 1031 348 1100 Ἰσραὴλ,
392 1027 522 1080 ἀλλὰ
574 1030 758 1082 πάντα
806 1031 875 1083 τὰ
928 1033 1084 1102 ἐθνηο
1148 1035 1436 1107 ἐπειδήπερ
1483 1037 1656 1089 αὐτῶν

114 1122 326 1174 ἔσεσθαί
360 1136 482 1188 φησι
519 1119 749 1187 βασιλέα
787 1123 880 1175 τὸν
910 1125 1193 1194 ἐρχόμενον
1222 1126 1438 1196 Κύριον.
1473 1128 1566 1190 Τίς
1609 1129 1655 1180 δ’

118 1212 180 1263 ἂν
205 1210 290 1279 εἴη
321 1201 459 1269 οὗτος
485 1209 520 1277 ἢ
554 1211 584 1261 ὁ
627 1208 764 1272 Θεὸς
787 1212 994 1278 Λόγος;
1033 1213 1090 1275 ὃς
1120 1213 1320 1282 μέλλων
1350 1217 1652 1288 δικαιοσύνῃ

120 1300 212 1369 τὴν
240 1298 564 1368 οἰκουμένην,
595 1299 695 1352 καὶ
734 1300 958 1372 ἀληθεία
988 1303 1085 1371 τὴν
1121 1303 1500 1373 ἀνθρωπότητα
1539 1306 1654 1374 κρί-

112 1404 222 1438 νειν
249 1387 415 1454 ἐξίσης
442 1385 692 1449 ἅπαντας
714 1389 840 1450 τοὺς
868 1390 959 1440 ἐπὶ
989 1390 1086 1458 τῆς
1114 1391 1430 1460 οἰκουμένης
1457 1391 1654 1461 ἀνθρώ-

115 1494 272 1538 πους,
307 1477 387 1544 τῆς
418 1475 579 1528 αὑτοῦ
619 1477 884 1547 κλήσεως,
925 1479 1016 1530 xa't
1052 1478 1149 1547 τῆς
1179 1479 1267 1531 ἐπὶ
1309 1480 1476 1550 ταύτῃ
1509 1480 1652 1548 παρά

110 1567 189 1635 τῷ
223 1565 338 1633 Θεῷ
357 1565 623 1634 σωτηρίας
644 1563 996 1634 κατηξίωσεν.

604 1758 1003 1810 ΚΕΦΑΛΑΙΟΝ
1042 1761 1129 1825 ς’.

1757 699 1849 736 rus
1883 684 1947 736 ad
1981 683 2220 738 homines
2253 686 2580 753 promittitur
2635 686 2890 742 Dominus
2911 729 2925 752 ,
2986 707 3290 760 novumque

1757 771 1811 824 in
1840 772 2119 825 adventum
2147 771 2578 839 ejuscanendum
2609 788 2728 826 esse
2755 776 3050 840 canticum,
3078 776 3285 831 Novum

1755 862 2002 916 videlicet
2030 861 2452 924 Testamentum,
2478 878 2583 916 non
2615 864 2681 916 ab
2707 879 2810 917 una
2840 863 3059 918 Judaica
3108 877 3284 936 gente,

1755 952 1846 1005 sed
1876 951 1942 1004 ab
1988 951 2132 1003 omni
2164 959 2326 1011 terra,
2348 950 2738 1019 Evangelioque
2767 951 3138 1006 illustrandum
3177 970 3285 1008 non

1753 1041 1980 1108 amplius
2009 1041 2180 1108 ipsum
2227 1039 2408 1103 lsrael,
2441 1040 2531 1092 sed
2571 1055 2758 1093 omnes
2782 1049 2968 1108 gentes
2997 1059 3010 1095 :
3045 1045 3284 1109 quando-

1753 1129 1962 1198 quidem
1996 1128 2108 1182 fore
2138 1129 2373 1197 ipsorum
2407 1144 2579 1197 regem
2619 1129 2694 1181 ait
2723 1144 2843 1182 eum
2866 1167 2880 1190 ,
2915 1129 3004 1196 qui
3028 1139 3283 1185 venturus

1751 1219 1821 1271 sit
1855 1218 2134 1272 Dominus.
2168 1217 2298 1283 Quis
2325 1233 2484 1288 porro
2515 1219 2600 1271 hic
2632 1221 2700 1273 sit
2741 1219 2900 1280 alius,
2934 1234 3092 1287 quam
3143 1219 3283 1274 Deus

1751 1305 2030 1360 Verbum?
2089 1307 2178 1374 qui
2231 1306 2442 1374 justitia
2493 1307 2674 1359 orbem
2725 1315 2900 1372 terrae,
2948 1314 3002 1358 et
3057 1309 3282 1362 veritate

1749 1397 2124 1450 humanitatem
2152 1396 2488 1464 judicaturus
2506 1435 2521 1458 ,
2548 1412 2610 1450 ex
2645 1411 2799 1465 mqno
2829 1397 3082 1450 omnibus
3105 1398 3196 1466 qui
3224 1398 3278 1452 in

1747 1487 1926 1540 orbem
1956 1493 2109 1539 terrae
2136 1493 2316 1539 essent
2345 1485 2667 1545 hominibus,
2703 1486 3037 1540 vocationem
3096 1501 3273 1549 suam,

1747 1584 1797 1630 et
1821 1582 1940 1644 post
1970 1575 2301 1628 vocationem
2321 1614 2336 1640 ,
2383 1575 2606 1629 salutem
2637 1589 2666 1627 a
2698 1574 2806 1629 Deo
2867 1575 3276 1644 impertiendam

1745 1677 1864 1717 esse
1892 1661 2116 1729 putavit.

2331 1769 2556 1824 CAPUT
2593 1769 2680 1825 Vl.

118 1867 257 1951 Ἀκί)
285 1868 523 1946 grauior?
556 1865 994 1951 kg'."—"i,ao'ga
1048 1873 1270 1951 καις-ὸν,
1321 1870 1537 1951 γγῶονίς
1585 1886 1630 1951 τε

1744 1878 1785 1932 Α
1838 1879 2037 1948 psalmo
2078 1893 2246 1951 XCVI}.
2304 1907 2375 1951 ξτ-
2423 1879 2692 1932 Canticum
2751 1897 2967 1946 novum,
3020 1884 3274 1951 gentium-

172 1936 357 1988 ἐθνῶν
384 1936 486 2008 τῆς
514 1936 626 2008 τοῦ
659 1936 886 2008 Κυρίου
900 1937 1299 2007 δικαιοσύνης,
1329 1936 1646 2008 ἓρχόμὲνός

173 2021 244 2055 τε
277 2005 436 2070 αὐτὸς
471 2004 682 2072 κριτὴς
713 2005 830 2058 τῶν
855 2005 1029 2059 ὅλων.

179 2134 200 2166 α
232 2117 417 2185 ’ᾼσατε
456 2117 532 2188 τῷ
565 2116 758 2186 Κυρίῳ
813 2111 962 2184 ᾆσμα
1011 2117 1212 2180 καινὸν,
1247 2118 1326 2170 δτι
1368 2117 1643 2187 Θαυμαστὰ

102 2207 346 2275 ἐποίησε,
364 2226 381 2258 ι
401 2207 571 2259 καὶτά
587 2206 737 2274 ἐξῆςο
764 2223 782 2256 ι
805 2205 1092 2276 Ἐγνώρισε
1107 2203 1372 2276 Κύριοςτδ
1389 2209 1642 2277 σωτήριον

100 2295 296 2355 αὐτοῦ,
323 2297 545 2348 ἐναντίον
590 2296 811 2347 πάντων
857 2295 962 2346 τῶν
1009 2294 1175 2348 ἐθνῶν
1213 2295 1516 2364 ἀπεκάλυψε
1547 2297 1641 2366 τὴν

94 2385 428 2454 δικαιοσύνην
480 2384 668 2438 αὑτοῦ.
701 2403 720 2433 ι
757 2384 864 2436 Καὶ
913 2383 1070 2436 πάλιν
1091 2400 1105 2413 ·
1150 2400 1174 2436 ι
1203 2384 1420 2436 Εἷδοσαν
1469 2385 1640 2438 πάντα

95 2473 165 2524 τὰ
189 2473 387 2541 πέρατα
403 2475 497 2542 τῆς
529 2475 633 2543 γῆς
655 2472 717 2524 τὸ
744 2473 1004 2541 σωτήριον
1028 2472 1120 2524 τοῦ
1148 2472 1278 2524 Θεοῦ
1304 2471 1476 2542 ἡμῶν.
1494 2473 1640 2525 ’Δλα-

95 2561 298 2626 ligata
333 2564 400 2633 τῷ
444 2563 636 2633 Κυρίῳ
666 2563 814 2614 πᾶσα
845 2563 877 2630 ὴ
905 2561 997 2629 γῆ.
1023 2579 1040 2612 ι
1070 2562 1178 2614 Καὶ
1202 2562 1292 2613 ἐπὶ
1323 2563 1482 2614 πᾶσι·
1513 2581 1533 2614 ι
1560 2564 1638 2616 Τὰ

95 2651 196 2719 ὖρη
233 2652 628 2717 ἀγαλλιάσονται
671 2651 778 2704 ἀπὸ
807 2650 1090 2721 προσώπου
1125 2650 1342 2720 Κυρίου,
1371 2652 1450 2702 ὅτι
1486 2651 1636 2721 ἔρχε-

93 2755 207 2798 ται,
236 2741 312 2790 ὅτι
338 2742 452 2808 ἥκει
483 2744 670 2811 κρῖναι
712 2739 808 2810 τὴν
835 2740 959 2808 γῆν.
987 2740 1173 2808 Κρινεί
1195 2738 1292 2808 τὴν
1324 2740 1634 2809 οἰκουμένην

95 2829 150 2878 ἐν
187 2829 511 2902 δικαιοσύνῃ,
541 2831 638 2881 καὶ
666 2829 828 2891 λαοὺς
849 2830 906 2880 ἐν
931 2827 1198 2896 εὑθύτητι.
1225 2847 1243 2878 ι
1274 2827 1484 2879 Πολλῶν
1502 2829 1634 2896 ἀγαο

95 2918 202 2969 θῶν
229 2923 367 2976 αίτία
391 2924 483 2975 καὶ
512 2921 601 2974 διὰ
626 2919 830 2972 τούτων
849 2921 882 2989 ἡ
904 2918 996 2970 τοῦ
1023 2918 1219 2988 Κυρίου
1244 2918 1505 2988 παρουσία
1525 2922 1633 2982 τοῖς

93 3011 271 3061 ἔθνεσι
297 3012 611 3081 γεγενῆσθαι
642 3009 1038 3081 προφητεύεται
1057 3026 1069 3039 ·
1097 3009 1131 3062 ἃ
1155 3009 1245 3061 καὶ
1276 3009 1360 3062 διά
1388 3011 1484 3078 τῆς
1514 3012 1630 3062 ἐπι-

1809 1966 1904 2017 que
1932 1949 2161 2028 .cogm'tio
2179 1948 2419 2016 justitiw,
2458 1959 2792 2018 venturasque
2829 1952 2933 2017 ipse
2953 1948 3116 2018 judex
3155 1955 3273 2004 uni-

1811 2033 1963 2070 versi.
2911 2031 2916 2036 '

1815 2143 1833 2174 ε
1865 2129 2084 2182 Cantate
2112 2123 2334 2178 Domino
2365 2124 2627 2176 canticum
2651 2140 2865 2190 novum,
2892 2127 3140 2194 quoniam
3167 2127 3270 2180 mi-

1740 2213 1925 2267 rabilia
1965 2213 2109 2275 fecit,
2148 2231 2166 2264 ι
2200 2219 2252 2265 et
2289 2221 2473 2265 caetera
2508 2230 2520 2264 :
2558 2231 2576 2262 ι
2615 2211 2804 2266 Notum
2839 2214 2962 2267 fecit
3013 2215 3268 2270 Dominus

1740 2302 1972 2356 salutare
2016 2316 2194 2362 suum,
2225 2300 2280 2353 in
2311 2311 2597 2368 conspecm
2631 2301 2863 2369 gentium
2910 2303 3159 2356 revelavit
3179 2303 3268 2371 ju-

1739 2389 1936 2443 stitiam
1994 2405 2144 2443 suam
2161 2389 2222 2442 ³⁸.
2265 2408 2282 2439 ι
2332 2388 2394 2440 Et
2450 2405 2678 2444 rursus:
2718 2409 2736 2440 ι
2775 2389 3030 2444 Viderunt
3081 2406 3267 2449 omnes

1739 2479 1948 2532 termini
1994 2486 2147 2531 terra:
2183 2479 2414 2532 salutare
2438 2477 2530 2532 Dei
2552 2479 2738 2542 nostri,
2763 2479 2985 2548 jubilate
3019 2479 3263 2546 Domino,

1736 2567 1908 2620 omnis
1935 2567 2149 2619 terra".
2188 2583 2206 2614 ι
2237 2564 2302 2616 Ει
2328 2564 2393 2618 ad
2423 2572 2715 2620 extremum
2748 2583 2760 2618 :
2795 2584 2813 2616 ι
2849 2565 3053 2622 Montes
3079 2570 3262 2623 exsul-

1735 2655 1923 2709 tabunt
1942 2669 1972 2707 a
1993 2662 2278 2724 conspectu
2300 2653 2527 2715 Domini,
2555 2655 2804 2723 quoniam
2829 2655 2992 2717 venit,
3012 2657 3260 2727 quoniam

1733 2744 1878 2797 venit
1896 2743 2138 2812 judicare
2167 2749 2386 2796 terram.
2407 2740 2673 2794 Judicabit
2703 2741 2884 2796 orbem
2915 2749 3069 2796 terra:
3097 2743 3152 2796 in
3175 2743 3264 2812 ju-

1734 2834 1898 2895 stitia,
1934 2842 1986 2886 et
2029 2832 2250 2901 populos
2297 2832 2352 2883 in
2393 2829 2696 2898 aequitate“
2738 2848 2751 2883 :
2794 2849 2812 2881 ›
2851 2830 3136 2883 multorum
3165 2830 3262 2884 bo-

1732 2939 1925 2978 norum
1969 2922 2270 2976 eﬁ‘ectorem
2314 2921 2520 2973 Domini
2550 2920 2833 2974 adventum
2866 2920 3112 2990 gentibus
3131 2935 3260 2974 con-

1735 3014 1940 3082 tigisse,
1969 3012 2080 3065 haec
2121 3010 2280 3064 verba
2325 3007 2620 3077 praedicunt
2649 3044 2664 3070 ,
2696 3023 2814 3076 qua:
2855 3007 3066 3075 quidem
3096 3008 3257 3071 bona,

95 3101 309 3166 φανείας
323 3103 410 3156 τοῦ
426 3103 680 3171 Σωτῆρος
703 3104 734 3169 ἠ
746 3100 858 3170 μῶν
887 3100 976 3152 ἐπὶ
998 3099 1167 3169 πέρας
1185 3099 1410 3168 ἀχθέντα
1434 3100 1629 3154 δείκνυ-

1736 3119 1822 3174 per
1861 3102 2105 3156 eumdem
2155 3097 2444 3152 Salvatoris
2489 3096 2653 3150 nostri
2701 3096 3004 3158 adventum,
3055 3097 3258 3150 exitum

92 3205 197 3239 ται.
217 3191 302 3253 Ἐξ
324 3193 528 3244 ἐκείνου
559 3191 671 3260 γάρ
711 3207 794 3241 τοι
829 3189 920 3242 καὶ
956 3189 1016 3240 οὐ
1049 3188 1324 3258 πρότερον,
1355 3190 1414 3242 τὸ
1454 3193 1630 3244 καινὸν

1736 3192 2002 3262 accepisse
2037 3196 2425 3243 monstrantur.
2476 3187 2592 3241 Non
2638 3187 2786 3255 prius
2848 3187 3010 3251 enim,
3046 3186 3139 3240 sed
3188 3201 3255 3238 ex

97 3272 246 3344 ᾆσμα
290 3281 377 3348 τῆς
408 3279 622 3348 Καινῆς
663 3277 934 3347 Διαθήκης
973 3278 1054 3338 είς
1097 3276 1300 3339 πάντας
1326 3277 1633 3348 ἀνθρώπους

96 3365 289 3431 ᾅδεται,
315 3370 400 3420 καὶ
419 3368 489 3421 τὰ
519 3367 803 3437 θαυμάσια
833 3365 994 3418 αὑτοῦ
1028 3365 1114 3418 διὰ
1143 3367 1239 3436 τῆς
1268 3367 1374 3419 τῶν
1400 3368 1633 3435 Εὐαγγε-

95 3450 219 3504 itin
246 3457 442 3526 γραφῆς
471 3453 726 3524 γνώριμα
756 3453 850 3506 καὶ⁹
881 3452 1174 3516 ἐξάκουστα
1196 3457 1302 3517 τοῖς
1332 3458 1461 3508 πᾶσι
1491 3457 1630 3523 γίνε-

95 3557 200 3594 ται.
229 3546 296 3597 οὐ
336 3548 436 3617 μὴν
475 3546 615 3599 ἀλλά
648 3544 742 3598 καὶ
777 3545 838 3595 τὸ
874 3545 1152 3614 σωτήριον,
1184 3545 1244 3596 τὸ
1280 3544 1418 3596 κατά
1444 3544 1535 3614 τὴν
1567 3548 1629 3598 ἐκ

97 3633 293 3702 νεκρῶν
330 3637 622 3689 ἀνάστασιν
673 3632 858 3696 αὐτοῦ,
912 3635 1076 3686 πᾶσιν
1121 3633 1468 3703 ἀπεκαλύφθη
1519 3637 1628 3696 τοῖς

100 3721 287 3785 ἔθνεσι,
327 3727 416 3778 καὶ
466 3728 500 3794 ἡ
551 3723 764 3793 ἀληθὴς
811 3722 1140 3792 δικαιοσύνη,
1184 3722 1251 3774 δι’
1279 3717 1346 3792 ἦς
1391 3723 1626 3792 ἐναργῶς

104 3812 394 3886 ἀπεδείχθη,
426 3819 507 3870 ὅτι
543 3816 619 3886 μὴ
664 3814 928 3868 Ἰουδαίων
951 3817 978 3867 ὁ
1003 3814 1133 3876 Θεὸς
1185 3814 1358 3882 μόνον,
1384 3813 1513 3865 ἀλλὰ
1536 3815 1624 3866 καὶ

105 3900 279 3953 ὲθνὼνο
313 3925 330 3955 ι
352 3908 606 3976 Ἐπείπερ
634 3901 716 3967 εἷς
741 3907 770 3956 ὁ
793 3904 972 3966 θεὸς»
1005 3903 1143 3956 κατά
1178 3905 1266 3956 τὸν
1299 3905 1437 3971 ἱερὸν
1467 3903 1622 3954 Ἀπό-

103 3992 290 4054 στολον,
329 4015 345 4045 ι
370 3997 425 4059 ὃς
467 3995 748 4050 δικαιώσει
791 3993 1084 4063 περιτομὴν
1123 3994 1186 4046 ἐκ
1225 3994 1466 4054 πίστεως.
1500 4013 1518 4042 ›
1552 3994 1623 4046 Τὸ

99 4078 168 4139 δὲ,
209 4085 350 4137 ι”οτι
378 4087 587 4156 ἔρχεται
613 4087 794 4154 κρῖναι
823 4083 918 4152 τὴν
950 4083 1073 4151 γῆν,
1109 4102 1126 4134 ι
1157 4083 1346 4150 γένοιτ’
1369 4082 1433 4136 ἂν
1455 4083 1621 4153 δηλω-

98 4170 239 4222 tv.be
261 4176 347 4227 καὶ
372 4174 464 4245 τῆς
490 4175 749 4245 δευτέρας
771 4173 932 4225 αὑτοῦ
965 4172 1276 4241 παρουσίας.

599 4459 990 4513 ΚΕΦΑΛΔῘΟΝ
1029 4455 1099 4510 Z'.

106 4555 230 4640 Ἀεξὸ
257 4571 480 4640 ψαλμοῦ
502 4579 612 4639 ρξ’·
650 4601 722 4640 ‘1‘
762 4570 953 4640 Λόγος
986 4567 1131 4640 Θεοῦ
1161 4570 1243 4640 sic
1274 4565 1612 4640 ἀνθρφπους

158 4632 653 4708 ἀεξοστεξιλόιὶεἱσος
676 4637 777 4708 ἐπὶ
805 4632 1080 4708 θεραπείᾳ
1110 4637 1203 4686 καὶ
1227 4636 1481 4708 σωτηρίᾳ
1506 4639 1612 4702 ψυ-

161 4702 288 4766 κῶν,
315 4708 423 4760 τῶν
451 4702 639 4761 πάλαί
657 4707 729 4759 ἐν
757 4706 989 4768 κακίαις
1018 4702 1479 4769 τετρυχωμένων.

168 4823 184 4853 ι
206 4809 794 4884 Ἐξομολογησάσθωσαν
835 4811 914 4881 τῷ
956 4811 1142 4881 Κυρίῳ
1187 4811 1253 4863 τὰ
1278 4811 1395 4880 ἐλέη
1427 4812 1606 4876 αὑτοῦ,

101 4892 178 4942 καὶ
198 4897 255 4948 τὰ
278 4902 539 4974 θαυμάσια
560 4902 730 4956 αὑτοῦ
753 4904 868 4962 τοῖς
895 4901 1028 4960 υίοῖς
1049 4899 1154 4950 τῶν
1185 4897 1278 4950 ἀνθ
1289 4897 1477 4967 ρώπων
1495 4916 1508 4929 ’
1532 4901 1611 4952 ὅτι

106 4984 338 5061 συνέτριψε
367 4995 539 5055 πύλας
569 4992 804 5062 χαλκᾶς,
835 4989 931 5040 καὶ
970 4986 1190 5054 μοχλοὺς
1223 4985 1462 5052 σιδηροῦς
1493 5003 1613 5038 συν-

105 5067 292 5137 “iactv.
311 5085 654 5138 Ἀντελάὃετο
697 5079 882 5131 αὐτῶν
924 5076 983 5138 ἐξ
1011 5075 1128 5126 ὁδοῦ
1162 5075 1376 5140 ἀνομίας
1400 5075 1571 5127 αὐτῶν
1591 5094 1605 5107 ·

106 5152 171 5206 διὰ
212 5167 290 5239 γὰρ
336 5175 430 5236 τὰς
477 5171 718 5239 ἀνομίας
774 5165 960 5217 αὐτῶν
1008 5161 1452 5227 ἐταπεινώθησαν
1503 5166 1608 5216 πᾶν

105 5242 246 5337 βξῶμα
268 5263 581 5325 ἐβδελύξατο
626 5261 662 5327 ἡ
709 5255 868 5324 ψυχὴ
915 5252 1112 5311 αὐτῶν,
1137 5251 1225 5337 καὶ
1259 5250 1476 5337 ἡγγισαν
1503 5251 1608 5313 ἕως

102 5335 180 5377 Ἦν
203 5349 354 5404 πυλῶν
382 5350 478 5403 τοῦ
509 5345 787 5402 θανάτου,
825 5340 926 5390 καὶ
951 5335 1240 5406 ἐκέκραξαν
1265 5335 1387 5402 πρὸς
1404 5336 1606 5405 Κύριον

100 5412 138 5460 ἐν
158 5420 209 5487 τῷ
229 5434 492 5494 θλίϐεσθαι
527 5432 771 5490 αὐτοὺς,
811 5428 913 5478 καὶ
943 5428 1007 5476 ἐκ
1034 5407 1145 5476 τῶν⁶
1162 5422 1387 5488 ἀναγκῶν
1423 5425 1606 5480 αὐτῶν

90 5497 437 5592 ἔπνεεναὺτοάς,
463 5515 813 5578 Ἀπέστειλε
840 5513 937 5564 τὸν
953 5513 1103 5578 λόγον
1118 5509 1286 5572 αὐτοῦ,
1303 5511 1384 5563 καὶ
1409 5511 1604 5570 ίάσατο

1728 3283 1820 3337 illo
1867 3281 2143 3341 duntaxat,
2197 3292 2390 3330 novum
2437 3275 2568 3328 Novi
2616 3274 2941 3328 Testamenti
2989 3275 3254 3327 canticum

1729 3367 1868 3436 apud
1894 3381 2080 3418 omnes
2106 3365 2348 3418 homines
2377 3363 2606 3424 canitur,
2632 3369 2683 3414 et
2713 3362 2977 3414 mirabilia
3016 3362 3132 3430 ejus
3161 3376 3256 3429 per

1726 3458 2043 3524 scripturam
2072 3453 2473 3522 Evangeliorum
2503 3449 2660 3518 264
2681 3456 2804 3501 nota
2837 3449 2988 3511 ﬁunt,
3013 3457 3064 3500 et
3085 3464 3250 3500 exau-

1724 3549 1944 3602 diuntur
1980 3546 2047 3598 ab
2079 3542 2346 3598 omnibus.
2377 3539 2678 3604 Quinetiam
2713 3539 2964 3602 salutare,
2996 3538 3136 3605 quod
3167 3551 3253 3590 se-

1723 3637 1956 3692 cundum
1986 3634 2214 3687 reditum
2238 3632 2378 3685 illius
2402 3632 2452 3682 in
2483 3632 2641 3682 vitam
2667 3628 2977 3697 percipitur,
3001 3627 3248 3680 omnibus

1725 3725 2046 3794 patefactum
2086 3729 2168 3775 est
2204 3719 2470 3789 gentibus,
2504 3727 2554 3770 et
2591 3732 2711 3770 cum
2749 3730 2813 3769 eo
2845 3729 2969 3769 vera
3017 3714 3245 3782 iustitia,

1721 3829 1814 3882 per
1844 3827 2002 3881 quam
2034 3810 2306 3864 evidenter
2325 3814 2597 3860 ostensum
2619 3815 2721 3869 est,
2739 3805 2876 3873 quod
2901 3819 3004 3858 non
3037 3803 3248 3858 Judatoo

1719 3918 1836 3956 rum
1865 3902 2036 3954 solum
2067 3899 2137 3952 sit
2169 3897 2326 3959 Deus,
2361 3895 2450 3950 sed
2482 3895 2705 3946 aliarum
2732 3907 2942 3962 quoque
2972 3893 3206 3962 gentium
3228 3910 3266 3945 εν

1724 4007 1743 4041 ι
1779 3986 2238 4055 Quandoquidem,
2273 3998 2412 4036 unus
2457 3981 2617 4045 Deus,
2658 4001 2676 4032 ι
2724 3986 2942 4036 sanctus
2994 3981 3068 4034 ait
3104 3981 3246 4048 Apo-

1718 4079 1908 4140 stolus,
1959 4093 1978 4127 ι
2014 4075 2105 4144 qui
2152 4072 2464 4142 justiﬁcabit
2505 4071 2966 4126 circumcisionem
3010 4087 3073 4124 ex
3118 4071 3239 4134 ﬁde,

1716 4175 1768 4222 et
1788 4165 2100 4236 praeputium
2117 4178 2210 4232 per
2222 4163 2376 4216 ﬁdem
2393 4162 2454 4214 ³¹.
2470 4180 2488 4212 ι
2509 4159 2639 4214 Illud
2658 4167 2861 4214 autem:
2883 4179 2900 4210 ‹
2927 4155 3076 4225 Quod
3099 4160 3243 4212 venit

1711 4257 1952 4326 judicare
2004 4263 2221 4315 terram,
2254 4271 2272 4304 ι
2309 4252 2468 4306 etiam
2517 4253 2740 4305 alterum
2776 4251 2919 4305 illius
2957 4245 3240 4306 adventum

1715 4344 2014 4415 signiﬁcare
2034 4343 2246 4412 poterit.

2288 4450 2510 4506 CAPUT
2551 4450 2659 4506 νη.

1715 4564 1756 4616 Α
1779 4562 1978 4630 psalmo
2020 4576 2125 4616 cvr.
2149 4593 2217 4602 —
2273 4564 2488 4616 Verbum
2524 4564 2616 4616 Dei
2659 4565 2727 4614 ad
2761 4563 2988 4616 homines
3026 4563 3239 4630 missum

1781 4629 1847 4682 ad
1879 4631 2127 4682 medelam
2157 4641 2204 4684 et
2239 4633 2456 4684 salutem
2484 4635 2793 4690 animarum,
2827 4647 2941 4698 qua:
2978 4629 3238 4698 quondam

1781 4709 1974 4751 vexata:
1999 4713 2345 4767 oppresswque
2368 4710 2513 4752 erant
2538 4702 2589 4751 in
2616 4699 2788 4752 malis.

1786 4829 1803 4859 ‹
1824 4809 2188 4863 Conﬁteantur
2208 4809 2430 4863 Domino
2451 4808 2828 4864 misericordiae
2848 4807 2986 4874 ejus,
3005 4813 3056 4860 et
3073 4808 3236 4858 mira-

1713 4898 1838 4952 bilia
1883 4897 1999 4964 ejus
2048 4897 2168 4951 ﬁliis
2218 4898 2538 4951 hominum:
2583 4898 2706 4966 quia
2753 4895 3004 4949 contrivit
3052 4905 3237 4964 portes

1709 5001 1894 5047 azreas,
1927 4993 1980 5039 et
2011 4992 2189 5039 vectes
2219 4985 2420 5040 ferreos
2449 4985 2728 5052 confregit.
2775 4983 3018 5051 Suscepit
3043 4999 3137 5038 eos
3169 4984 3236 5037 de

1708 5077 1791 5127 via
1821 5075 2115 5143 iniquitatis
2142 5090 2346 5135 eorum,
2383 5091 2503 5128 nam
2530 5085 2742 5144 propter
2770 5073 3060 5141 injustitias
3109 5089 3235 5128 suas

1707 5161 1969 5215 hnmiliati
1991 5171 2113 5216 sunt
2141 5182 2153 5214 :
2182 5177 2392 5214 omnem
2411 5177 2586 5218 escam
2619 5163 2913 5216 abominata
2940 5169 3022 5216 est
3057 5163 3232 5216 anima

1707 5269 1912 5315 eorum,
1934 5261 1987 5306 et
2020 5254 2575 5323 appropinquaverunt
2596 5268 2764 5321 usque
2793 5254 2856 5306 ad
2883 5260 3065 5322 portas
3087 5268 3233 5307 mor-

1707 5344 1796 5406 tis,
1836 5351 1891 5396 et
1939 5343 2300 5396 clamaverunt
2330 5343 2394 5395 ad
2437 5341 2713 5395 Dominum
2746 5357 2866 5394 cum
2909 5342 3232 5396 tribularene

1706 5439 1814 5492 tur,
1832 5439 1884 5485 et
1909 5430 1975 5485 de
1999 5432 2407 5486 necessitatibus
2432 5446 2614 5486 eorum
2645 5432 2886 5486 liberavit
2913 5447 3004 5487 eos
3038 5451 3050 5486 :
3085 5433 3234 5486 misi-

1705 5522 1924 5575 verbum
1955 5536 2108 5574 suum
2133 5528 2186 5574 et
2217 5521 2424 5575 sanavit
2465 5536 2579 5585 eos,
2608 5528 2660 5574 et
2694 5522 2890 5591 eripuit
2919 5537 3013 5577 eos
3046 5522 3111 5576 de
3141 5521 3228 5574 in-

118 5649 147 5676 ”
172 5660 294 5743 psal.
331 5696 460 5742 xcv,
504 5672 598 5733 12,
646 5667 744 5720 l3.
835 5662 883 5692 ’⁸
920 5661 1060 5714 Psal.
1095 5675 1244 5723 xcv",
1277 5661 1390 5724 1,2.
1467 5665 1519 5696 ²⁹
1551 5666 1630 5722 ibi.

1736 5672 1772 5726 i.
1849 5673 1894 5704 ”
1923 5671 2048 5725 ib’id.
2089 5670 2141 5733 8,
2175 5671 2227 5724 9.
2304 5676 2344 5706 ³¹
2383 5675 2536 5730 Rom.
2569 5689 2651 5736 tu,
2684 5673 2792 5730 30.‘
