3738 6302
861 390 962 448 “9

1483 377 1758 435 'EUSEBII
1787 372 2256 432 CAESARlENSlS
2295 369 2440 427 OPP.
2472 367 2649 423 PARS
2686 358 2748 420 11.
2783 396 2852 405 -
2883 361 3322 419 ΑΡΟΙΑΟΕΕΤΙΟΑ

862 479 1116 536 criticium
1141 471 1338 534 laudis,
1371 475 1424 524 et
1451 472 1613 522 redde
1633 466 1911 520 Altissimo
1941 474 2063 518 vota
2099 473 2208 525 tua,
2231 473 2282 516 et
2312 464 2338 515 i1

1844 481 1911 518 no
1941 474 2063 518 vota
2099 473 2208 525 tua,
2231 473 2282 516 et
2312 464 2385 515 in-
2413 467 2458 520 Α
2483 456 2697 527 τράγων
2723 454 2912 523 πίομαι
2935 469 2948 516 ;
2977 451 3141 505 Θῦσον
3164 451 3246 520 τῷ
3275 451 3317 501 Θ

861 585 991 626 voca
1026 581 1108 619 me
1141 566 1194 616 in
1237 561 1322 614 die
1347 557 1710 614 tribulationis
1736 557 1801 608 ¹¹.
1835 574 1854 606 ι
1890 554 2065 607 Etiam
2115 553 2215 607 hoc
2267 552 2383 605 loco

861 658 1035 712 divina
1087 651 1357 721 praedictio
1387 649 1539 718 plane
1571 647 1734 700 Deum
1763 643 2045 698 manifeste
2100 649 2385 695 venturum

859 749 1021 810 canit,
1053 757 1172 813 qua:
1216 740 1430 808 quidem
1460 753 1568 791 non
1602 737 1766 789 alium
1797 773 1812 798 ,
1863 748 2024 803 quam
2077 732 2251 799 ipsum
2295 729 2390 784 Dei

861 833 1091 888 Verbum
1125 829 1407 898 significat.
1433 826 1577 878 illius
1605 838 1732 877 vero
1764 821 2022 875 adventus
2037 832 2253 872 causam
2273 831 2388 870 ma-

861 919 1204 974 nifestissime
1230 915 1448 976 indicat,
1476 927 1539 964 ac
1567 910 1804 980 gentium
1826 923 2036 966 rursus,
2061 920 2177 976 qua:
2197 905 2251 957 in
2281 911 2390 956 tota

863 1023 1002 1064 terra
1039 1009 1404 1066 continentur,
1454 1001 1790 1054 vocationem
1834 997 2064 1050 futuram
2091 995 2390 1049 denuntiat.

863 1104 1048 1169 Itaque
1086 1117 1103 1148 ‹
1147 1096 1384 1155 Vocavit,
1418 1092 1610 1160 inquit,
1643 1099 1859 1152 terram,
1897 1088 1963 1140 ab
1995 1095 2114 1140 ortu
2143 1085 2272 1139 solis
2300 1099 2393 1137 us-

863 1206 966 1259 que
992 1190 1057 1241 ad
1077 1199 1343 1240 occasum.
1371 1202 1388 1234 ι
1418 1182 1550 1235 Miro
1575 1187 1753 1232 autem
1786 1177 2014 1245 quodam
2044 1175 2250 1236 ordine,
2273 1180 2393 1242 post

865 1283 1144 1333 adventum
1176 1276 1318 1328 illius
1339 1312 1352 1335 ,
1384 1281 1435 1326 et
1468 1280 1584 1340 post
1625 1269 1862 1337 gentium
1886 1265 2238 1325 vocationem,
2274 1261 2396 1330 τεείί-

864 1369 1108 1423 ciendam
1148 1380 1265 1420 esse
1295 1371 1524 1417 veterem
1571 1360 1716 1411 illam
1760 1354 1972 1424 corpori
2003 1352 2172 1421 magis
2219 1353 2393 1405 inser-

865 1460 1116 1518 vientem,
1138 1469 1296 1523 quam
1322 1449 1552 1520 spiritui,
1575 1463 1638 1501 ex
1673 1447 1785 1514 lege
1814 1444 2005 1514 Moysis
2031 1441 2394 1494 adorationem

867 1550 1041 1606 docet,
1066 1560 1183 1613 quae
1226 1544 1340 1611 ipsa
1369 1553 1581 1608 quoque
1629 1550 1783 1588 suum
1814 1532 2034 1600 contigit
2065 1529 2242 1591 finem,
2275 1534 2396 1596 post

868 1635 961 1688 Dei
985 1633 1142 1686 Verbi
1181 1630 1244 1683 ad
1277 1629 1518 1683 homines
1577 1625 1884 1677 adventum.
1928 1622 2005 1674 Ex
2041 1621 2131 1672 illo
2162 1619 2302 1672 enim
2330 1617 2396 1670 ad

869 1722 1010 1774 hunc
1040 1734 1208 1786 usque
1262 1717 1402 1769 diem
1459 1711 1762 1780 vocatijam
1796 1717 1920 1763 sunt
1963 1723 2148 1762 omnes
2192 1707 2258 1760 de
2285 1714 2396 1760 toto

867 1813 996 1867 orbe
1028 1821 1288 1864 terrarum
1338 1806 1579 1858 homines
1606 1843 1621 1868 ,
1667 1815 1958 1868 omnesque
1991 1799 2057 1852 ab
2098 1805 2220 1850 ortu
2269 1797 2396 1850 solis

869 1917 1038 1970 usque
1068 1901 1133 1954 ad
1159 1912 1406 1953 occasum
1436 1906 1638 1964 gentes.
1695 1891 1939 1946 Cessavit
1971 1896 2169 1952 autem,
2217 1887 2398 1941 subla-

868 2008 1060 2063 tusque
1111 1998 1192 2044 est
1246 1987 1547 2041 Iudaeorum
1578 1984 1712 2036 ritus
1741 2021 1756 2044 ,
1803 1980 1894 2034 ubi
1943 1995 2006 2033 ex
2035 1977 2182 2030 Novo
2239 1977 2394 2045 262

867 2079 1184 2150 evangelica:
1228 2072 1622 2144 praedicationis
1669 2070 2046 2128 Testamento,
2084 2080 2190 2118 non
2219 2073 2396 2118 autem

867 2187 932 2226 ex
948 2172 1060 2239 lege
1077 2167 1289 2237 Moysis,
1313 2179 1498 2218 omnes
1529 2161 1770 2215 homines
1794 2159 1959 2213 Deum
1987 2156 2182 2218 colere,
2207 2163 2397 2208 etcum

868 2262 1063 2330 pietate
1101 2258 1277 2313 vivere
1310 2254 1568 2308 admoniti
1615 2251 1900 2318 edoctique
1969 2254 2112 2301 sunt.
2149 2247 2399 2298 Attamen

868 2351 1055 2407 eadem
1083 2350 1195 2402 haec
1222 2346 1289 2400 ad
1321 2343 1614 2400 secundum
1657 2341 2061 2411 gloriosumque
2111 2335 2399 2388 Salvatoris

869 2443 1179 2504 adventum,
1199 2437 1384 2493 referri
1414 2436 1540 2489 item
1570 2445 1814 2502 possunt.

1463 2541 1684 2598 CAPUT
1723 2540 1807 2596 IV.

873 2663 914 2718 Α
960 2661 1161 2730 ρεαίηιο
1185 2671 1500 2730 ωηιξη-έ-
1523 2650 1947 2730 Quod-videndus
1972 2649 2181 2730 interra
2210 2644 2402 2697 dicere-

943 2717 1027 2784 tur
1053 2728 1210 2792 Deus,
1243 2741 1331 2792 per
1359 2723 1553 2776 Christi
1578 2721 1644 2774 ad
1674 2720 1901 2771 homines
1935 2717 2228 2768 adventum.

949 2921 969 2955 ι
1017 2900 1293 2955 Videbitur
1315 2898 1454 2950 Deus
1487 2896 1709 2950 deorum
1739 2895 1794 2948 in
1817 2893 1967 2946 Sion.
1997 2891 2220 2944 Domine
2262 2888 2401 2944 Deus

873 2993 1153 3053 virtutum,
1178 2987 1369 3042 exaudi
1389 2985 1684 3040 orationem
1704 2998 1898 3045 meam,
1917 2981 2136 3034 auribus
2168 2979 2399 3048 percipe,

876 3081 1018 3136 Deus
1039 3079 1220 3132 Jacob.
1248 3075 1522 3129 Protector
1552 3080 1734 3126 noster
1762 3070 1956 3142 aspice,
1997 3068 2156 3132 Deus,
2196 3068 2400 3134 respice

2488 545 2680 607 ἀπόδος
2715 543 2792 613 τῷ
2832 542 3060 610 ’Υψίστῳ
3098 539 3196 601 τὰς
3245 539 3322 606 εὑ)

2488 655 2554 708 με
2578 639 2634 688 ὲν
2675 633 2854 705 ἡμέρᾳ
2878 631 3114 700 θλίψεως.
3149 648 3168 680 ι
3203 629 3321 678 Κάν

2487 725 2670 794 σαφῶς
2714 725 2844 776 Θεὸν
2887 719 3136 791 ἐμφανῶς
3173 717 3322 787 ἥξειν

2485 818 2574 870 τὸν
2599 816 2689 869 τοῦ
2732 814 2866 867 Θεοῦ
2899 813 3065 880 Λόγον
3107 809 3322 879 δηλοῦσα

2487 903 2780 975 παρουσίας
2813 898 2986 954 αὑτοῦ·
3018 895 3322 964 σαφέστατα

2488 995 2673 1064 κλῆσιν
2721 990 3052 1061 σημαίνουσα
3096 984 3203 1036 τῶν
3255 1000 3322 1034 κα

2490 1086 2675 1140 ἐθνῶν·
2717 1103 2735 1134 ι
2793 1081 3046 1135 Ἐκὰλεσε
3101 1075 3254 1144 γοῦν,
3313 1093 3322 1122 ι

2489 1172 2653 1226 τολῶν
2678 1170 2824 1242 ἡλίου
2853 1168 2946 1220 καὶ
2981 1158 3141 1235 μέχρι
3173 1163 3321 1230 δυσμη

2492 1261 2596 1323 θως
2626 1259 2761 1329 μετὰ
2786 1259 2880 1327 τὴν
2924 1255 3251 1322 ἐπιφάνειαν
3288 1268 3322 1304 α

2494 1368 2575 1403 σιν
2610 1349 2714 1402 τῶν
2745 1347 2908 1400 ἐθνῶν
2932 1386 2947 1411 ,
2981 1347 3081 1414 τὴν
3124 1344 3322 1414 παραίπ

2495 1441 2628 1502 σέως
2651 1441 2809 1509 νόμον
2851 1436 3314 1507 σωματικωτέρας

2493 1531 2623 1599 αὐτὴ
2647 1529 2828 1590 τέλους
2853 1526 3007 1594 ἔτυχε
3039 1523 3174 1593 μετὰ
3215 1521 3313 1590 τὴν

2492 1637 2591 1682 τας
2618 1616 2928 1688 ἀνθρώπους
2953 1615 3297 1682 ἐπιφάνειαν.

2495 1713 2572 1772 είς
2601 1709 2754 1779 δεῦρο
2801 1706 3085 1776 κέκληνται
3121 1704 3224 1774 μὲν
3265 1719 3322 1754 πε

2495 1801 2809 1869 οἰκουμένης
2851 1797 2944 1851 ἄνθ
2955 1812 3144 1866 ρωποι,
3188 1784 3284 1846 καὶ

2497 1892 2590 1944 καὶ¹
2622 1891 2778 1962 μέχρι
2801 1889 3012 1958 δυσμῶν
3047 1887 3197 1957 ἔθνη.
3233 1888 3322 1939 Πέ⁴

2497 1983 2530 2052 ἡ
2561 1978 2699 2032 κατὰ
2735 1977 3009 2039 Ἰουδαίους
3042 1976 3322 2046 θρησκεία,

2497 2089 2597 2141 κην
2626 2070 2716 2123 τοῦ
2747 2067 3092 2136 εὐαγγελικοῦ
3123 2067 3322 2138 κηρύγι

2497 2162 2733 2224 Μωσέως
2766 2160 2947 2229 νόμον,
3004 2158 3224 2210 πάντων
3249 2159 3322 2209 ὀινΙ

2495 2249 2786 2318 γελμένων.
2821 2246 3003 2298 Ταῦτα
3033 2245 3092 2296 δὲ
3139 2246 3234 2297 καὶ
3285 2246 3322 2295 ἐι

2496 2340 2641 2403 δοξον
2671 2337 2985 2406 ἐπιφάνειαν
3013 2334 3110 2387 τοῦ
3142 2335 3322 2405 Etet?”

3036 2529 3322 2581 ΚΕΦΑΑΑ]

2509 2639 2638 2693 Ἀπὸ
2686 2641 2928 2707 ψαλμοῦ
2958 2647 3077 2708 πγι.
3121 2672 3192 2680 -
3224 2641 3317 2704 Ὠς

2567 2708 2707 2772 Θεὸς
2745 2708 2976 2774 λέγεται
3019 2709 3119 2762 διὰ
3145 2708 3252 2776 τῆς
3291 2726 3322 2760 τ

2565 2793 2716 2840 πους
2745 2777 3120 2844 ἐπιφανείας.

2572 2905 2590 2935 ι
2637 2886 2955 2956 Ὀφθήσεται
2995 2891 3025 2941 ὁ
3071 2889 3204 2952 Θεὸς
3239 2889 3322 2941 τῶ

2498 2973 2626 3034 Θεὸς
2668 2974 2771 3024 τῶν
2807 2973 3113 3044 δυνάμεων,
3142 2978 3322 3030 είσάκο

2499 3061 2765 3125 ὲνώτισαι,
2799 3065 2826 3114 ὁ
2851 3063 2986 3126 Θεὸς
3022 3064 3216 3117 Ἰακώϐ
3236 3083 3248 3095 ·
3293 3068 3321 3118 ὑ

877 3173 932 3224 in
965 3169 1150 3222 faciem
1179 3167 1377 3222 Christi
1405 3165 1484 3218 tui
1509 3167 1572 3217 ".
1602 3183 1620 3214 ι
1660 3162 1948 3229 Postquam
1982 3157 2144 3212 Deum
2178 3158 2353 3211 deorui

1845 3173 1948 3212 tam
1982 3157 2144 3212 Deum
2178 3158 2398 3211 deorum
2427 3157 2471 3216 C
2499 3151 2650 3214 Θεὸς,
2680 3153 2772 3205 καὶ
2820 3153 3116 3224 ὲπίὸλεψον
3146 3158 3238 3208 ἐπὶ
3271 3157 3321 3208 τὸ

875 3259 1162 3314 videndum
1193 3257 1455 3326 praedixit,
1482 3263 1596 3308 tum
1641 3260 1760 3306 orat
1790 3251 2075 3306 adventum
2103 3249 2219 3318 ejus
2240 3261 2400 3316 quam

877 3350 1154 3404 celerrime
1182 3347 1402 3410 adesse,
1464 3343 1679 3398 modum
1712 3357 1820 3412 quo
1847 3340 2108 3394 videndus
2149 3339 2220 3393 sit
2261 3338 2401 3391 inte-

880 3440 982 3492 rim
1010 3438 1210 3492 docens
1249 3437 1356 3490 illis
1388 3435 1565 3489 verbis
1594 3452 1609 3488 :
1642 3453 1660 3484 4
1696 3432 1919 3501 Respice
1951 3430 2006 3483 in
2037 3429 2224 3483 faciem
2249 3426 2406 3482 Chri-

879 3531 948 3584 sti
973 3529 1069 3592 tui,
1111 3547 1129 3580 ι
1158 3542 1264 3581 non
1306 3526 1459 3580 aliter
1488 3540 1648 3594 quam
1699 3523 1930 3593 planius,
1962 3521 2221 3574 dixisset:
2281 3517 2408 3571 Post

880 3620 1067 3673 faciem
1113 3616 1313 3671 Christi
1359 3615 1437 3668 tui
1486 3615 1662 3684 prazbe
1691 3614 1916 3681 teipsum
1940 3610 2242 3664 videndum.
2274 3605 2408 3659 Pro-

880 3717 1058 3779 pterea
1079 3707 1242 3770 enim,
1275 3706 1418 3774 quod
1447 3724 1466 3756 ‹
1504 3704 1596 3774 qui
1628 3703 1757 3756 vidit
1787 3701 2000 3766 Filium,
2035 3699 2167 3752 vidit
2198 3698 2407 3752 Patrem

880 3799 972 3868 qui
1001 3798 1145 3850 misit
1171 3797 1318 3848 illum
1347 3795 1391 3825 "
1424 3813 1438 3847 :
1503 3813 1522 3845 ι
1550 3794 1740 3846 merito
1789 3806 1886 3860 per
1937 3789 2127 3843 faciem
2185 3787 2405 3850 Christi,

882 3903 1003 3942 eum
1033 3887 1126 3955 qui
1153 3887 1207 3939 in
1227 3884 1445 3940 Christo
1458 3884 1678 3946 habitat,
1707 3881 1872 3936 Deum
1891 3879 2108 3934 deorum
2125 3877 2408 3931 videndum

883 3978 1178 4034 denuntiat.

1485 4163 1709 4220 CAPUT
1749 4163 1812 4216 V.

887 4283 929 4335 Α
969 4279 1170 4349 psalmo
1197 4289 1318 4349 xcv.
1348 4304 1432 4349 ——_
1457 4275 1716 4328 Adventus
1765 4274 1972 4327 Domini
2016 4271 2069 4324 in
2101 4277 2290 4349 terrain
2332 4279 2413 4320 re-

955 4337 1225 4418 g'uumque
1255 4347 1366 4418 ejus
1415 4346 1546 4418 inter
1586 4353 1790 4418 gentes,
1835 4353 2099 4418 et_novum
2137 4337 2409 4392 Canticum

955 4409 1055 4470 non
1075 4409 1173 4483 ipsi
1201 4409 1388 4476 Israel,
1422 4415 1507 4466 sed
1531 4409 1762 4481 gentibus
1791 4409 2148 4464 exhibendum.

962 4613 980 4646 ι
1001 4593 1224 4649 Cantate
1237 4590 1460 4644 Domino
1473 4588 1740 4642 canticum
1757 4600 1974 4648 novum,
1996 4591 2206 4638 cantate
2235 4583 2413 4638 Domi-

889 4700 981 4748 no,
1004 4684 1364 4751 omnis;terra,
1384 4687 1596 4734 cantate
1625 4677 1872 4738 Domino,
1893 4676 2191 4730 benedicite
2207 4675 2409 4728 nomini

885 4779 1026 4847 ejus,
1055 4775 1364 4828 annuntiate
1423 4773 1489 4826 de
1545 4771 1630 4824 die
1680 4770 1732 4822 in
1788 4768 1926 4822 diem
1977 4770 2211 4823 salutare
2259 4767 2408 4834 ejus,

890 4867 1202 4920 annuntiate
1250 4865 1390 4917 inter
1439 4868 1622 4932 gentes
1675 4859 1894 4930 gloriam
1926 4859 2074 4928 ejus,
2130 4860 2184 4912 in
2238 4854 2412 4911 omni-

889 4955 990 5008 bus
1047 4954 1256 5023 populis
1315 4951 1577 5006 mirabilia
1639 4950 1812 5016 ejus:
1873 4949 2126 5019 quoniam
2183 4957 2408 5014 magnus

891 5045 1045 5113 263
1102 5045 1357 5098 Dominus
1403 5054 1455 5098 et
1497 5042 1776 5096 laudabilis
1805 5042 1986 5105 nimis,
2017 5039 2269 5095 terribilis
2327 5043 2410 5089 est

889 5148 1048 5199 super
1083 5147 1265 5187 omnes
1286 5134 1422 5188 Deos
1459 5133 1523 5189 “.
1556 5152 1573 5184 ι
1596 5131 1659 5185 Ει
1686 5147 1912 5186 rursus:
1960 5149 1980 5182 α
2013 5129 2205 5183 Afferte
2232 5125 2410 5178 Domi-

895 5235 962 5274 no
984 5221 1164 5288 patriae
1193 5225 1423 5288 gentium
1446 5226 1513 5278 ’⁸.
1549 5243 1568 5275 ι
1604 5223 1667 5276 Et
1687 5239 1875 5278 rursus
1908 5240 1920 5276 :
1954 5240 1972 5272 ι
2003 5221 2170 5273 Dicite
2198 5217 2252 5269 in
2283 5231 2411 5283 gen-

893 5310 1035 5362 tibus
1065 5308 1204 5376 quod
1257 5307 1510 5367 Dominus
1565 5315 1804 5383 regnavit
1840 5315 1905 5366 ".
1941 5332 1960 5364 ι
1992 5310 2070 5364 Ad
2115 5314 2408 5362 extremum

894 5414 1019 5452 vero
1044 5398 1283 5465 adiungit
1314 5415 1326 5452 :
1362 5417 1380 5450 ‹
1421 5402 1570 5457 Tunc
1599 5408 1940 5461 cxsultabunt
1962 5403 2140 5459 omnia
2162 5400 2300 5469 ligna
2323 5397 2412 5451 sil-

894 5494 1075 5544 Vuruin
1093 5501 1123 5539 a
1139 5485 1270 5540 facie
1291 5488 1517 5557 Domini,
1534 5497 1782 5563 quoniam
1801 5497 1944 5551 venit
1964 5513 1977 5550 :
2001 5490 2249 5564 quoniam
2269 5488 2412 5543 venit

961 5640 1006 5672 “
1039 5638 1177 5696 Psal.
1205 5653 1347 5702 nix,
1369 5641 1513 5700 7-15.

2501 3259 2611 3295 σου.
2638 3260 2657 3293 ι
2678 3243 2776 3295 Τὸν
2792 3241 2920 3295 Θεὸν
2943 3245 3057 3296 τῶν
3085 3245 3222 3298 θεῶν
3247 3247 3314 3314 ὀφ

2499 3350 2586 3386 ται
2613 3333 2710 3403 τὴν
2738 3334 3062 3401 ἐπιφάνειαν
3104 3336 3268 3389 αὐτοῦ
3317 3357 3322 3367 ι

2499 3424 2558 3476 ὃν
2597 3423 2886 3494 ὀφθήσεται
2912 3426 3116 3496 τρόπον
3159 3427 3322 3480 διδάσς

2500 3514 2597 3582 ψον
2626 3514 2716 3565 ἐπὶ
2755 3514 2814 3566 τὸ
2842 3516 3135 3585 πρόσωπον
3177 3517 3272 3569 τοῦ
3303 3519 3322 3567 1

2503 3604 2754 3673 φέστερον
2808 3605 3050 3674 είρήκει’
3105 3605 3203 3658 Διὰ
3250 3605 3322 3657 toi

2507 3711 2598 3746 σου
2645 3695 2957 3765 ἐπιφάνηθι.
3012 3698 3166 3749 Ἐπεὶ
3239 3695 3322 3766 γὰρ

2505 3783 2712 3854 ἑώρακε
2755 3785 2844 3836 τὸν
2891 3786 3117 3856 Πατέρα
3154 3786 3247 3839 τὸν
3293 3803 3322 3836 τι

2505 3873 2591 3925 διὰ
2633 3873 2724 3924 τοῦ
2771 3875 3059 3944 προσώπου
3088 3875 3183 3928 τοῦ
3229 3878 3322 3946 Χρι

2507 3964 2563 4014 ὲν
2606 3962 2682 4031 τῷ
2721 3963 2943 4034 Χριστῷ
2986 3964 3322 4018 κατοικοῦντι

2508 4047 2699 4121 γέλλει.

3036 4167 3322 4218 ΚΕΦΑΛΑ]

2520 4270 2649 4342 Ἀπὸ
2677 4274 2921 4342 ψαλμοῦ
2961 4280 3063 4342 ιιεν.
3101 4304 3171 4314 -—
3211 4279 3322 4341 Παι

2571 4341 2856 4424 Emisit-:19
2897 4361 2960 4421 τε
2987 4341 3207 4424 infimi}.
3230 4344 3322 4394 ἐπὶ

2579 4411 2739 4480 ᾆσμα
2779 4415 2850 4464 οὐ
2881 4411 2962 4476 τῷ
3017 4411 3287 4480 Ἰσραὴλ,

2435 4464 2484 4522 Ῑ)
2577 4464 2849 4545 edituros».

2583 4607 2601 4638 ι
2642 4590 2838 4659 ’ᾼσατε
2861 4592 2939 4661 τῷ
2963 4593 3154 4662 Κυρίῳ
3177 4588 3322 4662 ᾆσμα

2510 4681 2655 4732 πᾶσα
2675 4683 2707 4748 ἡ
2738 4682 2829 4749 γῆ.
2867 4684 3068 4752 νᾼσατε
3099 4682 3177 4750 τῷ
3208 4683 3322 4748 Κυρ

2509 4767 2689 4821 αὐτοῦ.
2711 4770 3154 4839 Εὑαγγελίσασθε
3182 4768 3322 4840 ἡμέρ

2510 4858 2668 4910 αὐτοῦ
2694 4875 2707 4889 °
2746 4861 3104 4928 ἀναγγείλατε
3134 4861 3193 4911 έν
3225 4861 3322 4918 τοῖς

2511 4949 2567 5000 ὲν
2607 4951 2735 5001 πᾶσι
2771 4956 2881 5014 τοῖς
2922 4952 3071 5012 λαοῖς
3102 4949 3172 5001 τὰ
3215 4948 3314 5000 θαυ

2511 5037 2710 5108 Κύριος
2737 5041 2828 5093 καὶ
2862 5041 3074 5102 αἰνετὸς
3095 5038 3316 5107 σφόδρα.

2511 5145 2607 5190 τας
2646 5131 2770 5193 τοὺς
2809 5131 2981 5193 θεούς.
3027 5149 3044 5181 ι
3089 5127 3199 5181 Καὶ
3238 5124 3322 5176 πάί

2517 5217 2612 5288 Ph?
2635 5221 2690 5271 αἱ
2718 5224 2944 5291 πατριαὶ
2965 5221 3071 5273 τῶν
3093 5216 3280 5270 ἐθνῶν.
3320 5255 3321 5261 η

2511 5311 2623 5371 τοῖς
2649 5310 2875 5374 ἔθνεσιν,
2915 5313 2996 5363 ὅτι
3028 5307 3227 5377 Κύριος
3265 5301 3322 5352 ὲὸ

2515 5415 2597 5451 σιν
2629 5400 2866 5469 ἐπιλέγει
2892 5417 2906 5431 ο
2953 5419 2972 5450 ‹
3008 5397 3141 5449 Τότε
3180 5391 3321 5459 ἁγαλ

2512 5488 2604 5540 τοῦ
2635 5489 2859 5562 δρυμοῦ,
2895 5489 3002 5542 ἀπὸ
3036 5481 3320 5554 προσώπου

1587 5647 1783 5704 “Psal.
1807 5665 2007 5715 Luxu,
2039 5645 2186 5702 8-40.
2260 5643 2305 5675 ³³
2331 5641 2483 5699 Joan.
2515 5658 2612 5708 xu,
2636 5644 2724 5700 45.
2800 5644 2846 5676 ⁸⁸
2886 5642 3026 5696 Psal.

1842 5665 2007 5715 xun,
2039 5645 2186 5702 8-40.
2260 5643 2305 5675 ’³
2331 5641 2483 5699 Joan.
2515 5644 2724 5708 xu,45.
2800 5644 2846 5676 “
2886 5642 3026 5696 Psal.
3065 5651 3180 5700 xcv,
3207 5633 3314 5686 1-4.
