3738 6328
1073 411 1706 468 DEMONSTBATIONIS
1743 415 2184 472 EVANGELICE
2223 415 2352 474 LIB.
2389 419 2473 473 Vl.

591 508 746 608 γῆν.
781 519 999 591 Κρινεῖ
1017 527 1115 598 τὴν
1135 529 1446 599 οἰκουμένην
1472 531 1528 580 ὲν
1547 529 1695 582 δικαιι

1836 531 2080 600 judicare
2101 541 2315 586 terram.
2347 532 2616 587 .Iudicabit
2641 535 2823 589 orbem
2875 544 3032 593 teme
3054 538 3107 593 in
3133 538 3367 608 justitia,

45 455 94 504 iii

117 577 128 600 κ
187 563 215 575 ,
267 563 279 566 -
514 563 553 610 ,ε
609 563 622 576 .
785 563 995 591 --την
1029 563 1739 599 ..μωλυυμςνηηηυιμιυ-

66 563 212 701 lg“,
275 584 386 701 1:0-
421 586 611 701 }aoug
661 602 729 654 ὲν
780 611 859 679 τῇ
900 613 1130 685 ἀληθείᾳ
1163 617 1342 669 αὑτοῦ.
1383 636 1401 667 ι
1456 617 1739 671 Κάνταῦθα

306 677 643 789 ἐρχόμενος,
672 697 766 759 εἰς
815 677 1146 773 ἀνθρώπους
1182 707 1380 778 Κύριος
1436 709 1736 778 προφητεύ-

112 822 216 862 nm,
266 778 492 838 καινὸν
517 797 582 833 τε
613 778 784 855 ᾆσμα
807 792 910 843 ἐπὶ
939 797 1008 864 τῇ
1028 798 1293 867 παρουσίᾳ
1318 797 1474 848 αὑτοῦ
1493 797 1734 866 ᾷσεσθαι,

113 894 171 961 τὴν
192 870 480 940 Ἃαινὴν
525 873 842 947 Διαθήκην,
885 883 950 933 οὐ
996 885 1057 936 τὸ
1100 886 1359 938 Ἰουδαίων
1407 883 1572 950 ἔθνος,
1606 887 1736 940 ἀλλὰ

115 977 350 1031 πᾶσαν
386 961 478 1032 τὴν
519 963 655 1032 γῆνσ
713 967 1274 1040 εὐαγγελισθήσεσθαί
1319 991 1376 1024 τε
1419 975 1600 1027 οὐκέτι
1645 976 1735 1028 τὸν

118 1053 418 1132 Ἰσραὴλ,
463 1053 594 1106 ἀλλά
646 1057 834 1109 πάντα
883 1059 953 1110 τὰ
1005 1060 1161 1130 ἔθνη·
1225 1063 1513 1134 ἐπειδήπερ
1560 1064 1732 1116 αὐτῶν

123 1145 400 1206 “Er—ﬁ“!
432 1162 556 1214 φησι
593 1145 824 1214 βασιλέα
863 1151 958 1202 τὸν
988 1152 1270 1221 ἐρχόμενον
1299 1153 1515 1224 Κύριον.
1550 1155 1643 1216 Τίς
1686 1155 1732 1208 δ’

120 1243 171 1294 ἂν
191 1234 360 1304 agr]
392 1228 534 1296 οὗτος
559 1236 594 1304 ἦ
629 1237 659 1288 ὁ
702 1235 840 1299 Θεὸς
865 1239 1070 1305 Λόγος;
1110 1240 1168 1302 ὃς
1197 1241 1397 1310 μέλλων
1427 1244 1728 1315 δικαιοσύνῃ

120 1331 194 1398 τὴν
216 1325 639 1394 εἰκουμὲνην,
671 1327 771 1378 κα)⁴
810 1327 1034 1398 ἀληθείᾳ
1065 1330 1162 1399 τὴν
1198 1330 1578 1400 ἀνθρωπότητα
1616 1333 1731 1401 κρί-

112 1432 204 1468 νειν
297 1412 489 1480 ἑξίσης
516 1412 768 1476 ἅπαντας
791 1416 918 1477 τοὺς
946 1417 1036 1467 ἐπὶ
1065 1417 1163 1485 τῆς
1191 1419 1507 1487 οἰκουμένης
1534 1418 1732 1489 ἀνθρώ·

118 1521 288 1564 παυς
327 1541 340 1561 ,
372 1503 462 1571 τῆς
493 1502 656 1554 αὑτοῦ
696 1503 961 1573 κλήσεως,
1002 1506 1093 1557 καὶ
1129 1505 1226 1574 τῆς
1257 1505 1344 1558 ἐπὶ
1386 1507 1552 1576 ταύτῃ
1586 1507 1729 1576 παρά

114 1593 181 1662 τῷ
212 1591 408 1660 Sed;
430 1592 700 1662 σωτηρίας
721 1590 1073 1660 κατηξίωσεν.

682 1785 1080 1837 ΚΕΦΑΛΑΙΟΝ
1119 1784 1205 1852 ς’.

3270 429 3372 482 422

1835 628 1888 675 et
1908 622 2129 690 populos
2152 621 2205 675 in
2238 623 2462 676 veritate
2482 638 2578 675 sua
2603 625 2666 677 ’⁷.
2707 643 2725 674 ι
2751 622 2863 678 Hoc
2885 627 3006 680 item
3030 629 3147 683 loco
3179 637 3370 682 ventu-

1835 727 1926 764 rus
1960 711 2024 764 ad
2059 712 2296 766 homines
2329 714 2655 780 promittitur
2713 713 3001 778 Dominus,
3063 734 3366 788 novumque

1833 798 1888 851 in
1917 799 2196 852 adventum
2225 799 2342 866 ejus
2359 800 2655 854 canendum
2685 815 2804 854 esse
2832 803 3126 866 canticum,
3155 803 3362 858 Novum

1832 889 2078 943 videlicet
2107 887 2529 951 Testamentum,
2555 905 2660 942 non
2691 891 2757 942 ab
2783 906 2887 944 una
2917 890 3135 945 Judaica
3185 903 3361 963 gente,

1831 979 1924 1032 sed
1953 978 2020 1030 ab
2065 979 2209 1030 omni
2241 986 2402 1040 terra,
2424 977 2814 1046 Evangelioque
2843 978 3214 1032 illustrandum
3254 997 3361 1035 non

1830 1068 2056 1136 amplius
2085 1067 2256 1134 ipsum
2303 1066 2484 1130 Israel,
2517 1067 2607 1120 sed
2649 1081 2834 1120 omnes
2859 1075 3044 1136 gentes
3073 1086 3086 1121 :
3121 1071 3360 1135 quando-

1829 1156 2038 1225 quidem
2071 1155 2185 1209 fore
2215 1157 2450 1224 ipsorum
2482 1171 2656 1224 regem
2696 1156 2770 1208 ait
2800 1170 2919 1208 eum
2943 1194 2957 1217 ,
2992 1156 3081 1224 qui
3104 1166 3360 1212 venturus

1828 1246 1898 1298 sit
1933 1245 2211 1300 Dominus.
2245 1245 2375 1310 Quis
2401 1260 2560 1314 porro
2591 1246 2677 1298 hic
2709 1247 2776 1300 sit
2818 1246 2976 1306 alius,
3010 1261 3168 1314 quam
3220 1245 3360 1302 Deus

1827 1332 2106 1387 Verbum?
2166 1333 2254 1402 qui
2308 1333 2519 1400 justitia
2570 1334 2750 1386 orbem
2802 1342 2977 1398 terrae,
3024 1341 3078 1386 et
3133 1335 3358 1389 veritate

1827 1424 2202 1477 humanitatem
2228 1423 2564 1491 judicaturus
2583 1461 2598 1484 ,
2625 1438 2686 1477 ex
2722 1439 2876 1492 aequo
2906 1423 3159 1477 omnibus
3181 1425 3272 1492 qui
3301 1425 3355 1478 in

1824 1513 2004 1566 orbem
2032 1520 2187 1566 terrae
2213 1520 2393 1566 essent
2421 1512 2744 1572 hominibus,
2781 1513 3114 1566 vocationem
3173 1528 3349 1576 suam,

1823 1611 1874 1657 et
1897 1609 2016 1670 post
2047 1602 2378 1656 vocationem
2397 1641 2414 1667 ,
2459 1602 2684 1656 salutem
2715 1616 2742 1654 a
2773 1601 2882 1656 Deo
2944 1602 3353 1672 impertiendam

1823 1704 1941 1744 esse
1969 1688 2193 1756 putavit.

2409 1796 2632 1851 CAPUT
2669 1797 2756 1852 Vl.

119 1895 599 1978 ﬂag-gulam?
632 1891 1071 1978 ggn—ﬂ‘taga
1124 1901 1347 1978 καιγὸιν,
1398 1897 1614 1978 πνῶοζίς
1661 1913 1693 1978 ζ

1821 1905 1862 1959 Α
1915 1907 2114 1975 psalmo
2155 1919 2323 1978 Διςςιτιι.
2380 1935 2452 1978 τέ
2500 1905 2770 1958 Canticum
2829 1924 3044 1973 novum,
3096 1911 3350 1978 gentium.

167 1963 428 2014 ἐφ’-γῶν
457 1963 560 2035 τῆς
591 1963 703 2035 τοῦ
735 1963 964 2035 Κυρίου
977 1963 1376 2035 δικαιοσύνης,
1405 1963 1723 2035 ἒρχόμὲνός

168 2046 262 2081 τε
338 2032 510 2097 αὐτὸς
545 2031 760 2099 κριτὴς
789 2031 906 2084 τῶν
932 2032 1106 2086 ὅλων.

173 2160 192 2192 ι
223 2144 489 2214 -ᾼσατε
529 2145 608 2215 τῷ
641 2143 836 2213 Κυρίῳ
890 2137 1039 2212 ᾆσμα
1087 2145 1289 2207 καινὸν,
1324 2145 1403 2197 ὃτι
1445 2145 1720 2214 θαυμαστά

101 2233 414 2303 ἐποίησε,
435 2253 452 2286 ι
473 2234 647 2286 καὶτὰ
664 2233 814 2302 ἑξῆς·
841 2250 860 2283 ι
883 2232 1168 2302 Ἐγνώρισε
1185 2231 1449 2303 Κύριοςτὸ
1466 2236 1720 2304 σωτήριον

101 2323 356 2384 aiam-‘3,
388 2324 620 2375 ἐναντίον
667 2323 888 2374 πάντων
934 2322 1038 2373 τῶν
1086 2321 1252 2374 ἐθνῶν
1291 2323 1593 2392 ἀπεκάλυψε
1623 2325 1718 2394 τὴν

96 2413 502 2481 δικαιοσύνην
555 2411 746 2465 αὐτοῦ.
779 2430 797 2461 ι
833 2411 941 2463 Καὶ
990 2410 1182 2463 πάλιν·
1227 2427 1251 2463 ι
1280 2411 1497 2464 Είδοσαν
1546 2412 1717 2465 πάντα

98 2500 168 2550 τὰ
190 2503 459 2570 πέρατα
477 2502 572 2569 τῆς
605 2502 710 2570 γῆς
733 2500 794 2551 τὸ
821 2500 1080 2569 σωτήριον
1104 2499 1198 2551 τοῦ
1225 2499 1355 2551 Θεοῦ
1381 2501 1412 2569 ἡ
1421 2499 1554 2568 μῶν.
1571 2500 1716 2553 ’Δλα-

97 2589 361 2653 liga-ce
403 2591 474 2661 τῷ
519 2591 714 2661 Κυρίῳ
743 2591 891 2641 πᾶσα
921 2590 954 2658 ἡ
982 2588 1074 2656 γῆ.
1099 2607 1117 2638 ι
1147 2590 1254 2641 Καὶ
1279 2590 1368 2641 ἐπὶ
1401 2591 1559 2641 πᾶσι·
1589 2608 1610 2641 ι
1637 2591 1715 2642 Τά

99 2679 202 2746 ὅρη
261 2680 706 2747 ἀγαλλιάσονται
748 2678 855 2732 ἀπὸ
884 2677 1167 2748 προσώπου
1202 2677 1418 2747 Κυρίου,
1449 2679 1527 2730 ὅτι
1563 2679 1714 2749 ἔρχε-

95 2783 214 2824 ται,
289 2771 381 2821 ὅτι
411 2770 528 2836 ἥκει
559 2771 748 2838 κρῖναι
788 2767 885 2837 τὴν
912 2767 1036 2836 γῆν.
1063 2767 1250 2835 Κρινεῖ
1273 2765 1368 2835 τὴν
1401 2767 1711 2836 οἰκουμένην

99 2857 158 2904 ὲν
195 2855 588 2930 δικαιοσύνη,
617 2858 715 2909 καὶ
743 2856 906 2918 λαοὺς
926 2857 983 2907 ὲν
1009 2854 1275 2924 εύθύτητι.
1302 2874 1320 2905 ι
1351 2854 1560 2907 Πολλῶν
1579 2857 1711 2923 ἀγαι

97 2945 212 2997 θῶν
275 2951 444 3003 αἰτία
469 2951 560 3002 καὶ
589 2949 679 3001 διὰ
704 2947 959 3016 τούτωνή
981 2946 1073 2998 τοῦ
1100 2945 1296 3015 Κυρίου
1321 2945 1582 3016 παρουσία
1602 2949 1710 3009 τοῖς

99 3038 338 3091 {liveat
368 3040 688 3109 γεγενῆσθαι
719 3037 1114 3108 προφητεύεται
1133 3053 1146 3066 °
1173 3036 1208 3089 ἂ
1232 3037 1322 3089 καὶ
1353 3037 1437 3088 διὰ
1465 3038 1561 3106 τῆς
1591 3040 1707 3090 ἐπι-

1887 1993 1980 2044 que
2009 1975 2238 2055 cognitio
2256 1975 2496 2043 justitiw,
2535 1986 2868 2045 venturasque
2905 1979 3010 2043 ipse
3030 1975 3194 2045 judex
3231 1981 3350 2031 uni-

1887 2059 2040 2096 versi.
2987 2057 2992 2062 ’

1892 2170 1910 2202 ι
1942 2155 2161 2208 Caritate
2189 2150 2412 2205 Domino
2443 2151 2704 2204 canticum
2728 2167 2942 2217 novum,
2969 2154 3217 2221 quoniam
3244 2154 3346 2206 mi-

1817 2241 2002 2294 rabilia
2042 2239 2186 2302 fecit,
2225 2258 2242 2290 ι
2277 2247 2329 2292 et
2366 2249 2550 2292 caetera
2585 2257 2598 2292 :
2635 2257 2653 2289 ι
2692 2238 2881 2292 Notum
2915 2241 3038 2294 fecit
3090 2242 3344 2297 Dominus

1817 2329 2049 2384 salutare
2093 2343 2271 2390 suum,
2301 2327 2357 2380 in
2387 2337 2674 2395 conspeCIu
2708 2328 2940 2396 gentium
2988 2330 3236 2382 revelavit
3256 2330 3344 2398 ju-

1816 2417 2014 2470 stitiam
2071 2432 2221 2470 suam
2238 2417 2300 2470 ³⁸.
2342 2435 2359 2466 ι
2409 2415 2472 2467 Ει
2527 2432 2756 2470 rursus:
2795 2437 2813 2466 ι
2852 2415 3108 2470 Viderunt
3157 2433 3343 2476 omnes

1816 2507 2026 2560 termini
2071 2513 2224 2558 terrae
2261 2506 2491 2559 salutare
2515 2504 2606 2559 Dei
2630 2506 2815 2569 nostri,
2840 2506 3062 2574 juhilate
3095 2507 3340 2574 Domino,

1813 2594 1985 2647 omnis
2011 2594 2226 2646 terra”.
2265 2610 2283 2642 ›
2313 2591 2379 2644 Ει
2405 2591 2471 2645 ad
2501 2599 2792 2646 extremum
2825 2610 2838 2644 :
2872 2611 2890 2643 ι
2927 2592 3130 2648 Montes
3157 2597 3339 2650 exsul-

1813 2682 2000 2736 tabunt
2019 2696 2049 2734 a
2071 2689 2356 2751 conspectu
2377 2681 2604 2743 Domini,
2633 2681 2881 2750 quoniam
2907 2682 3069 2743 venit,
3089 2684 3337 2753 quoniam

1811 2771 1955 2825 venit
1973 2770 2214 2838 judicare
2244 2776 2464 2822 terram.
2484 2767 2750 2821 Judicabit
2779 2769 2961 2823 orbem
2993 2776 3146 2823 terra:
3175 2770 3229 2823 in
3253 2769 3341 2839 ju-

1811 2861 1976 2922 stitia,
2011 2869 2064 2913 et
2105 2859 2327 2928 populos
2375 2859 2430 2910 in
2471 2857 2774 2925 equitate”
2815 2875 2828 2910 :
2871 2875 2889 2908 ι
2927 2857 3213 2910 multorum
3243 2857 3339 2911 bo-

1809 2966 2002 3005 norum
2047 2949 2346 3004 eﬁ‘ectorem
2391 2947 2598 3000 Domini
2627 2947 2910 3000 adventum
2943 2947 3188 3016 gentibus
3209 2962 3337 3001 con—

1812 3041 2016 3110 tigisse,
2046 3039 2157 3092 haec
2199 3037 2357 3091 verba
2401 3034 2697 3104 praedicunt
2727 3071 2741 3096 ,
2773 3049 2891 3102 quae
2933 3035 3142 3102 quidem
3172 3035 3334 3098 bona,

101 3144 268 3195 φανε
299 3131 383 3192 ἔας
399 3130 488 3182 τοῦ
503 3130 658 3199 Σωτῆ
667 3143 757 3198 ρος
780 3127 934 3197 ἡμῶν
964 3128 1054 3179 ἐπὶ
1074 3126 1245 3196 πέρας
1262 3127 1487 3196 ἀχθέντα
1511 3128 1695 3182 δείκνυ·

1813 3146 1899 3201 per
1938 3129 2182 3184 eumdem
2232 3125 2521 3179 Salvatoris
2566 3123 2731 3177 nostri
2778 3123 3081 3186 adventum,
3133 3124 3334 3177 exitum

102 3233 219 3267 ται.
243 3219 376 3282 ‘EE
401 3220 605 3271 ἐκείνου
637 3218 748 3287 γάρ
788 3234 872 3268 τοι
905 3216 997 3269 καὶ
1032 3217 1093 3268 οὐ
1126 3215 1401 3286 πρότερον,
1432 3218 1491 3269 τὸ
1531 3220 1695 3271 καινοί

1813 3219 2079 3288 accepisse
2113 3223 2502 3270 monstrantur.
2553 3213 2668 3268 Non
2715 3213 2863 3282 prius
2925 3214 3087 3278 enim,
3124 3213 3216 3266 sed
3265 3228 3332 3265 ex

107 3301 317 3373 ᾆσμα
363 3308 456 3376 τῆς
485 3307 700 3375 Καινῆς
739 3303 1012 3375 Διαθήκης
1051 3305 1132 3365 είς
1174 3303 1377 3366 πάντας
1403 3304 1710 3374 ἀνθρώπους

109 3393 362 3461 ᾅδεται,
392 3397 478 3447 καὶ
497 3395 566 3448 τά
597 3394 879 3464 θαυμάσια
909 3392 1072 3445 αὐτοῦ
1106 3393 1191 3445 διά
1220 3394 1316 3463 τῆς
1345 3395 1451 3447 τῶν
1477 3395 1710 3462 Εὑαγγε-

109 3479 262 3531 λέων
317 3485 520 3554 γραφῆς
549 3481 802 3552 γνώριμα
832 3480 926 3533 καὶ
958 3479 1251 3544 ὲξάκουστα
1273 3485 1379 3544 τοῖς
1409 3485 1538 3534 πᾶσι
1568 3484 1708 3550 γίνε-

116 3586 238 3621 ται.
304 3575 372 3626 οὐ
415 3575 514 3644 μὴν
553 3573 691 3626 ἀλλά
724 3573 818 3625 καὶ
855 3571 914 3623 τὸ
951 3573 1229 3641 σωτήριον,
1261 3573 1321 3624 τὸ
1357 3572 1495 3624 κατά
1521 3571 1612 3641 τὴν
1645 3575 1706 3624 ὲκ

123 3663 369 3731 νεκρῶν
409 3664 699 3716 ἀνάστασιν
749 3660 934 3723 αὐτοῦ,
989 3661 1153 3713 πᾶσιν
1197 3660 1546 3730 ἀπεκαλύφθη
1597 3664 1704 3723 τοῖς

131 3750 266 3800 Ehe
281 3768 363 3813 cn,
405 3755 494 3806 καὶ
543 3755 576 3821 ἡ
628 3750 840 3821 ἀληθὴς
887 3749 1217 3820 δικαιοσύνη,
1261 3749 1328 3802 δι’
1357 3744 1422 3819 ἦς
1469 3750 1703 3819 ἐναργῶς

139 3841 471 3913 ἀπεδείχθη,
503 3847 584 3897 ὅτι
620 3844 696 3914 μὴ
741 3842 1005 3895 Ἰουδαίων
1028 3845 1056 3894 ὁ
1081 3842 1210 3904 Θεὸς
1263 3841 1435 3910 μόνον,
1461 3840 1591 3893 ἀλλά
1615 3842 1702 3893 καὶ⁸

145 3928 356 3981 ὲθνιῖλνο
390 3952 408 3983 ι
429 3935 682 4004 Ἐπείπερ
711 3929 792 3994 εἷς
817 3935 846 3984 ὁ
870 3932 1050 3994 Haec,»
1083 3931 1220 3984 κατὰ
1255 3931 1344 3984 τὸν
1377 3931 1514 3999 ἱερὸν
1545 3930 1700 3981 Ἀπό-

147 4019 367 4084 στολον,
405 4042 422 4072 ι
446 4024 501 4086 ὂς
543 4022 825 4076 δικαιώσει
868 4020 1160 4090 περιτομὴν
1200 4021 1263 4072 ὲκ
1302 4021 1544 4082 πίστεως.
1578 4039 1596 4070 ι
1629 4021 1700 4072 Τὸ

147 4109 233 4166 ἂν
283 4113 429 4164 (Ὅτι
455 4114 664 4182 ἔρχεται
690 4115 872 4182 κρῖναι
900 4110 996 4180 τὴν
1028 4111 1150 4178 γῆν,
1186 4130 1204 4161 ι
1234 4111 1424 4178 γένοιτ’
1445 4110 1510 4163 ἂν
1532 4109 1698 4180 δηλω-

152 4198 320 4250 τικὸν
342 4203 427 4254 καὶ
451 4201 542 4272 τῆς
567 4202 826 4272 δευτέρας
848 4200 1010 4253 αὑτοῦ
1043 4199 1353 4269 παρουσίας.

676 4485 1069 4540 ΚΕΦΑΛΑΙΟΝ
1106 4483 1176 4538 Ζ’.

160 4586 312 4667 Ἇτξό
338 4599 558 4667 ψαλμοῦ
579 4606 689 4666 ρςδ.
726 4628 800 4667 -έ
840 4597 1031 4667 Λόγος
1063 4595 1208 4667 Θεοῦ
1238 4597 1320 4667 εἰς
1350 4594 1690 4667 ἀνθρφπους

221 4659 730 4739 ά-Ξοὶγτεέῑλόιὶεἱρος
748 4664 854 4739 ἐπὶ
883 4659 1156 4739 θεραπείᾳ
1187 4664 1280 4714 καὶ
1304 4659 1558 4739 σωζηξρίᾳ
1584 4666 1689 4729 Vv-

217 4731 365 4795 κῶν,
394 4735 500 4787 τῶν
527 4731 709 4788 πάλαι
733 4735 807 4786 ἐν
834 4732 1066 4794 κακίαις
1094 4731 1556 4796 τετρυχωμένω.

216 4848 239 4877 σ
275 4838 872 4912 Ἕξομολογησάσθωσαν
912 4839 991 4908 τῷ
1034 4839 1218 4908 Κυρίῳ
1264 4839 1330 4890 τά
1354 4838 1471 4908 ὲλέη
1505 4839 1683 4902 αὐτοῦ,

119 4917 220 4966 καὶ
251 4929 328 4981 ’τά
353 4931 615 5001 θαυμάσια
637 4929 808 4984 αὑτοῦ
830 4931 946 4990 τοῖς
973 4929 1104 4987 υἱοῖς
1126 4927 1230 4977 τῶν
1261 4925 1354 4977 ἀνθ
1364 4926 1555 4996 ρώπων
1573 4943 1586 4955 ο
1609 4928 1688 4979 ὅτι

111 5014 416 5089 συνέτριψε
445 5023 616 5083 πύλας
645 5019 882 5090 χαλκᾶς,
913 5016 1008 5067 καὶ
1047 5013 1266 5082 μοχλοὺς
1300 5013 1541 5080 σιδηροῦς
1571 5030 1691 5066 συν-

93 5091 371 5165 ἐἰδ-ἥσεν.
389 5112 731 5164 ’Λντελάϐετο
775 5106 960 5159 αὐτῶν
1001 5103 1060 5166 ἐξ
1088 5102 1203 5154 ὀδοῦ
1237 5104 1455 5170 ἀνομίας
1480 5102 1649 5154 αὐτῶν
1669 5120 1683 5133 ·

272 5201 368 5270 γὰρ
413 5202 507 5264 τὰς
554 5198 798 5266 ἀνομίας
853 5193 1036 5245 αὐτῶν
1085 5189 1533 5256 ἐταπεινώθησαν
1582 5193 1686 5242 πᾶν

338 5263 671 5352 εὗδελύξατο-
704 5288 740 5354 ἠ
789 5283 947 5350 ψυχὴ
993 5281 1188 5341 αὐτῶν,
1214 5279 1302 5332 καὶ
1336 5279 1554 5346 ἧγγισαν
1583 5278 1686 5341 ἕως

53 5359 430 5432 τωἽΝ-πυλῶν
459 5377 556 5430 τοῦ
587 5372 868 5429 Θανάτου,
905 5368 1004 5417 καὶ
1029 5364 1318 5434 ὲκέκραξαν
1345 5363 1470 5431 πρὸς
1488 5364 1683 5433 Κύριον

66 5435 131 5487 bl
305 5466 568 5522 ολίόεσθαι
605 5459 852 5518 αὐτοὺς,
891 5456 992 5505 καὶ
1022 5456 1085 5504 ὲκ
1111 5435 1222 5504 τῶν
1240 5451 1473 5518 ἀναγκῶν
1508 5453 1682 5507 αὐτῶν

104 5528 514 5620 ὶῖυδσεναύτοάς,
539 5543 894 5605 Ἀπέστειλε
921 5541 1017 5592 τὸν
1032 5541 1182 5607 λόγον
1196 5539 1371 5602 αὑτοῦ,
1388 5541 1471 5592 καὶ
1497 5540 1679 5597 ίάσατο

189 5682 367 5771 npsal.
406 5723 538 5769 xcv,
582 5700 678 5761 193,
726 5695 826 5747 13-

1805 3310 1897 3363 illo
1944 3308 2220 3368 duntaxat,
2274 3319 2467 3357 novum
2514 3303 2645 3355 Novi
2693 3301 3018 3355 Testamenti
3066 3302 3331 3354 canticum

1806 3394 1945 3463 apud
1972 3408 2157 3446 omnes
2183 3392 2426 3444 homines
2454 3390 2682 3450 canitur,
2709 3395 2761 3440 et
2790 3389 3055 3440 mirabilia
3094 3389 3209 3456 ejus
3237 3403 3332 3456 per

1803 3485 2120 3551 scripturam
2149 3480 2551 3549 Evangeliorum
2581 3476 2738 3545 264
2759 3484 2882 3528 nota
2914 3475 3065 3537 ﬁunt,
3090 3484 3141 3527 et
3162 3491 3327 3527 exau-

1801 3575 2022 3629 diuntur
2057 3573 2125 3626 ab
2156 3569 2422 3624 omnibus.
2454 3567 2756 3630 Quinetiam
2791 3565 3040 3629 salutare,
3073 3565 3213 3632 quod
3244 3579 3330 3617 se-

1801 3664 2034 3719 cundum
2064 3661 2291 3715 reditum
2315 3659 2456 3712 illius
2479 3658 2530 3709 in
2560 3659 2719 3708 vitam
2745 3655 3054 3723 percipitur,
3078 3653 3325 3707 omnibus

1801 3752 2123 3820 patefactum
2163 3756 2245 3802 est
2281 3746 2548 3816 gentibus,
2581 3753 2632 3797 et
2669 3758 2788 3796 cum
2826 3757 2891 3796 eo
2922 3757 3046 3796 vera
3093 3740 3322 3808 justitia,

1799 3855 1892 3909 per
1921 3854 2079 3908 quam
2111 3837 2383 3891 evidenter
2403 3840 2674 3887 ostensum
2696 3842 2798 3896 est,
2816 3831 2954 3900 quod
2978 3846 3082 3884 non
3114 3829 3326 3885 Judao-

1797 3945 1914 3982 rum
1943 3929 2112 3981 solum
2145 3926 2215 3979 sit
2246 3924 2404 3986 Deus,
2439 3922 2527 3977 sed
2559 3921 2782 3973 aliarum
2810 3933 3019 3988 quoque
3049 3919 3283 3988 gentium
3305 3936 3344 3972 ευ

1801 4034 1820 4067 ι
1857 4013 2315 4082 Quandoquidem,
2350 4025 2489 4063 unus
2535 4009 2694 4072 Deus,
2736 4027 2754 4059 ι
2801 4015 3019 4062 sanctus
3071 4008 3145 4060 ait
3181 4007 3323 4075 Apo-

1796 4106 1984 4167 stolus,
2036 4120 2056 4154 ι
2091 4103 2182 4170 qui
2230 4099 2542 4169 justiﬁcabit
2582 4095 3043 4152 circumcisionem
3087 4113 3150 4150 ex
3195 4097 3316 4161 ﬁde,

1793 4202 1846 4250 et
1866 4193 2178 4262 prazputium
2194 4205 2287 4258 per
2300 4189 2454 4242 ﬁdem
2470 4189 2531 4241 ³¹.
2547 4207 2565 4239 ›
2587 4186 2716 4241 Illud
2735 4195 2908 4241 autem
2926 4206 2938 4240 :
2960 4205 2977 4237 ι
3004 4182 3153 4251 Quod
3176 4187 3320 4239 venit

1788 4284 2029 4353 judicare
2081 4289 2298 4341 terram,
2331 4297 2349 4331 ι
2386 4279 2544 4332 etiam
2594 4279 2817 4332 alterum
2853 4277 2996 4332 illius
3035 4272 3317 4332 adventum

1792 4371 2091 4442 signiﬁcare
2110 4370 2323 4438 poterit.

2365 4477 2587 4533 CAPUT
2629 4477 2736 4533 γη.

1791 4591 1833 4643 Α
1855 4589 2054 4657 psalmo
2097 4603 2201 4642 ενι.
2226 4620 2293 4629 —
2349 4591 2565 4644 Verbum
2601 4591 2694 4643 Dei
2737 4592 2804 4641 ad
2838 4590 3065 4643 homines
3103 4590 3316 4657 missum

1858 4656 1924 4709 ad
1955 4657 2204 4710 medelam
2234 4669 2281 4710 et
2316 4660 2533 4712 salutem
2561 4661 2870 4718 animarum,
2905 4674 3018 4725 quae
3055 4656 3315 4726 quondam

1858 4736 2050 4778 mata:
2075 4741 2422 4794 oppresswque
2445 4737 2590 4779 erant
2615 4729 2666 4778 in
2693 4726 2864 4779 malis.

1863 4856 1881 4887 ι
1901 4836 2264 4891 Conﬁteantur
2285 4837 2508 4890 Domino
2527 4835 2905 4892 misericordia:
2925 4834 3062 4902 ejus,
3081 4841 3133 4887 et
3150 4836 3313 4886 mira-

1789 4925 1915 4979 bilia
1960 4924 2076 4991 ejus
2125 4924 2244 4978 ﬁliis
2294 4925 2614 4978 hominum:
2660 4925 2783 4993 quia
2830 4923 3080 4976 contrivit
3128 4933 3314 4990 portas

1786 5028 1972 5074 aereas,
2005 5019 2057 5066 et
2088 5020 2266 5067 vectes
2296 5013 2496 5067 ferreos
2526 5012 2805 5080 confregit.
2851 5010 3094 5078 Suscepit
3119 5025 3213 5065 eos
3246 5011 3312 5065 de

1786 5105 1869 5155 via
1899 5102 2192 5170 iniquitatis
2219 5117 2422 5162 eorum,
2460 5117 2580 5154 nam
2607 5111 2819 5171 pr0pter
2848 5100 3137 5167 injustitias
3186 5116 3312 5156 suas

1785 5189 2047 5242 humiliati
2068 5198 2192 5243 sunt
2219 5209 2230 5241 :
2259 5203 2468 5241 onmem
2487 5204 2663 5247 escam
2695 5190 2988 5242 abominata
3016 5196 3099 5243 est
3133 5191 3309 5244 anima

1785 5295 1990 5343 eorum,
2013 5287 2065 5333 et
2098 5280 2652 5350 appropinquaverunt
2673 5295 2841 5348 usque
2869 5281 2932 5333 ad
2959 5287 3142 5349 portas
3164 5296 3310 5334 mor-

1784 5371 1874 5435 tis,
1915 5377 1969 5424 et
2017 5370 2377 5423 clamaverunt
2407 5369 2471 5422 ad
2514 5368 2790 5422 Dominum
2823 5383 2942 5421 cum
2986 5369 3309 5422 tribularen-

1785 5467 1892 5520 tur,
1911 5467 1963 5512 et
1988 5457 2054 5512 de
2077 5458 2484 5512 necessitatibus
2509 5473 2692 5512 eorum
2722 5459 2963 5512 liberavit
2989 5473 3082 5513 eos
3115 5477 3128 5513 :
3163 5459 3310 5512 misi-

1783 5550 2003 5602 verbum
2033 5563 2187 5602 suum
2212 5555 2264 5601 et
2295 5547 2501 5602 sanavit
2543 5563 2656 5613 eos,
2685 5555 2737 5602 ct
2771 5548 2966 5618 eripuit
2996 5564 3090 5604 eos
3123 5549 3188 5603 de
3219 5548 3306 5600 in-

916 5690 964 5720 "
1000 5689 1140 5743 Psal.
1175 5705 1330 5753 Icvn,
1364 5689 1478 5754 1,2.
1549 5693 1595 5724 ”
1624 5693 1759 5751 ibid.
1799 5699 1852 5754 3.
1928 5700 1972 5732 '°
2002 5699 2126 5753 ibid.
2167 5698 2220 5761 8,
2253 5699 2305 5752 9.
2382 5701 2421 5732 ³¹
2461 5701 2614 5757 Rom.
2646 5717 2728 5762 ιιι.
2761 5701 2869 5756 5οζ
