3738 6302
861 412 961 465 423

862 518 1198 581 teritionihns
1254 521 1435 565 eorum
1453 518 1517 560 ".
1555 526 1585 582 ι,

867 628 986 671 eum
1016 608 1129 679 :[iu
1150 602 1391 658 Ecclesia
1418 575 1617 666 populi,
1652 600 1705 645 et
1746 591 1801 642 iu
1831 580 2099 640 cathedris
2125 575 2397 632 seniorum

868 663 1081 756 laudent
1112 663 1467 757 eum,lpusuit
1487 663 1704 735 ttumina
1734 679 1787 731 in
1819 676 2112 732 desertum,
2143 674 2196 720 et
2222 663 2400 719 exitus

868 797 1126 857 aquarum
1177 780 1229 831 in
1272 778 1435 835 sitim,
1476 781 1672 823 terram
1708 761 2038 817 fructiferam
2083 757 2136 809 in
2166 750 2401 819 salsugi-

867 894 1014 940 nem,
1049 890 1078 926 a
1110 868 1308 925 malitia
1340 860 1747 918 inhabitantium
1777 857 1830 908 in
1863 868 1925 906 ea
1956 870 1969 904 :
2004 846 2185 918 posuit
2220 843 2404 896 deser-

866 975 978 1021 tum
1038 964 1094 1016 in
1137 967 1323 1026 stagna
1356 964 1635 1021 aquarum,
1674 955 1726 1000 et
1771 952 1968 996 terram
2012 937 2129 992 sine
2170 945 2308 1000 aqua
2349 928 2405 981 in

866 1055 1043 1109 exitus
1097 1060 1376 1117 aquarum,
1421 1048 1472 1094 et
1504 1035 1785 1092 collocavit
1836 1031 1943 1084 illic
1992 1025 2313 1085 esurientes,
2353 1024 2407 1072 et

868 1112 1260 1198 constituerunt
1301 1132 1569 1186 civitatem
1600 1120 2022 1179 habitationis”.
2052 1137 2070 1169 ι
2100 1115 2265 1168 Plane
2295 1112 2409 1163 haec

870 1246 1083 1303 quoque
1129 1222 1442 1280 nominatim
1489 1218 1579 1272 Dei
1613 1215 1771 1269 Verbi
1803 1212 1869 1265 de
1910 1210 2048 1263 coelo
2084 1206 2408 1259 descensum

872 1299 1211 1380 annuntiant,
1260 1322 1653 1383 prosperosque
1702 1303 1940 1372 ejusdem
1983 1299 2245 1352 adventus
2285 1306 2411 1347 suc-

872 1428 1058 1469 cessus
1094 1428 1106 1463 :
1149 1426 1166 1458 ι
1203 1405 1366 1467 Misit,
1416 1400 1606 1468 inquit,
1637 1395 1867 1448 Verbum
1905 1404 2083 1451 suum,
2107 1394 2160 1439 et
2200 1382 2413 1439 sanavit

872 1517 985 1557 eos.
1027 1520 1045 1552 ι
1084 1496 1312 1551 Verbum
1359 1500 1534 1545 autem
1564 1486 1658 1540 Dei
1692 1500 1792 1538 nos
1829 1482 1985 1551 plane
2014 1479 2118 1531 hoe
2154 1475 2409 1533 dicimus,

872 1588 1014 1660 quod
1059 1585 1247 1641 salutis
1276 1596 1439 1636 causa
1474 1579 1538 1632 ad
1559 1592 1742 1630 omnes
1774 1572 2016 1626 homines
2039 1583 2068 1620 a
2092 1567 2252 1620 Patre
2278 1563 2413 1616 mis-

874 1697 992 1739 sum
1024 1687 1149 1734 est:
1181 1675 1427 1746 quodque
1465 1688 1528 1725 ex
1572 1668 1741 1723 sacris
1794 1661 2093 1732 Evangeliis
2142 1657 2415 1712 celebrare

874 1779 935 1827 ut
981 1770 1168 1829 Deum,
1198 1765 1372 1821 edocti
1423 1775 1629 1816 sumus.
1660 1753 1815 1826 265
1855 1751 2131 1820 Signiﬁcat
2160 1760 2413 1817 prazterea

876 1861 1021 1916 illius
1067 1871 1235 1925 usque
1268 1853 1335 1906 ad
1384 1858 1609 1905 mortem
1660 1819 1999 1904 descensum,
2042 1854 2150 1909 quo
2202 1845 2414 1906 propter
2448 1821 2597 1889 Βδιά
2635 1819 2759 1880 τοὺς

876 1966 989 2013 eos,
1023 1950 1113 2019 qui
1148 1948 1212 2000 ad
1261 1946 1398 1998 hanc
1430 1950 1552 1996 ante
1595 1940 1770 2009 ipsqu
1809 1940 2086 1993 venerant,
2121 1944 2252 1983 usus
2286 1935 2368 1981 est
2399 1944 2412 1978 :

878 2043 1036 2097 etiam
1074 2039 1333 2093 adventus
1365 2033 1533 2103 ipsius
1568 2043 1785 2084 causam
1817 2027 1994 2085 docet,
2024 2022 2210 2091 utique
2242 2028 2299 2071 ut
2325 2032 2419 2071 eos

880 2130 1151 2189 liberaret,
1175 2124 1264 2195 qui
1314 2138 1407 2193 per
1454 2122 1628 2190 ipsum
1676 2114 1923 2171 servandi
1961 2106 2132 2166 erant.
2167 2107 2299 2161 Nam
2327 2121 2420 2160 eos

880 2219 972 2289 qui
1021 2224 1145 2271 ante
1189 2216 1385 2284 ipsum,
1422 2224 1593 2279 usque
1633 2207 1699 2260 ad
1734 2211 1918 2274 portas
1951 2199 2139 2255 mortis
2168 2211 2423 2268 pervene-

880 2319 1024 2370 rant,
1070 2308 1183 2376 ipse
1233 2304 1380 2358 solus
1427 2298 1680 2358 servavit,
1733 2303 1893 2363 atque
1940 2290 2156 2346 eosdem
2205 2286 2422 2343 sanitati

881 2394 1284 2456 restituens.de
1333 2388 1733 2446 iuteritiouibus
1786 2385 2028 2452 ipsorum
2081 2378 2295 2445 eripuit,
2329 2390 2422 2428 ne-

883 2504 989 2559 que
1034 2488 1135 2541 hoc
1178 2485 1335 2538 aliter
1383 2479 1624 2552 perfecit,
1659 2489 1817 2545 quam
1871 2487 1962 2527 eas
2015 2469 2205 2522 mortis
2242 2473 2424 2535 portas

886 2588 1189 2641 conterens,
1229 2589 1347 2645 qua:
1398 2586 1549 2627 terea:
1577 2568 1850 2627 dicuntur,
1887 2571 1940 2616 et
1966 2568 2147 2614 vectes
2186 2555 2428 2610 confrin-

887 2686 1040 2743 gens,
1093 2669 1184 2739 qui
1227 2664 1382 2721 ferrei
1414 2682 1427 2717 :
1454 2677 1515 2715 ac
1546 2660 1799 2725 deinceps
1845 2659 1964 2723 post
2005 2652 2115 2703 haec
2154 2654 2299 2702 certo
2338 2660 2427 2698 or-

888 2737 1015 2818 dine
1057 2737 1280 2820 divinat,
1318 2770 1410 2810 eos
1452 2766 1572 2807 esse
1605 2751 1659 2803 in
1699 2743 2041 2802 solitudinem
2087 2737 2424 2807 redigendos,

892 2848 985 2919 qui
1026 2848 1201 2917 ipsum
1251 2843 1550 2898 venientem
1595 2852 1702 2890 non
1768 2830 2120 2900 susceperint.
2170 2847 2189 2878 ‹
2243 2826 2430 2880 Posuit

891 2941 1056 3000 enim,
1086 2938 1279 3006 inquit,
1302 2933 1519 2987 ﬂumina
1548 2930 1601 2982 iu
1628 2927 1918 2984 desertum,
1950 2928 2003 2974 et
2050 2918 2226 2971 exitus
2267 2930 2432 2984 aqua-

896 3045 1013 3084 rum
1058 3031 1113 3082 in
1162 3028 1329 3088 sitim,
1359 3031 1559 3077 terram
1595 3016 1927 3073 fructiferam
1962 3014 2017 3066 in
2045 3008 2367 3078 salsuginem
2400 3019 2433 3059 a

897 3118 1095 3173 malitia
1153 3110 1563 3169 inhabitantium
1610 3110 1663 3160 in
1709 3120 1791 3160 ea.
1828 3123 1846 3155 ι
1879 3101 2008 3168 Quae
2033 3099 2250 3170 quidem
2276 3096 2432 3165 plane

898 3208 1109 3278 COgnita
1136 3206 1379 3265 habebis,
1398 3203 1444 3256 si
1469 3196 1796 3270 percurreris
1823 3194 1968 3248 illam
1996 3189 2232 3244 Iudaicae
2260 3186 2434 3257 gentis

899 3275 1191 3364 antiquitus
1221 3293 1544 3347 celebratam
1571 3284 1866 3341 Jerusalem
1885 3324 1899 3347 ,
1927 3280 2153 3348 ejusque
2186 3275 2433 3345 gloriam,

900 3399 964 3438 ac
997 3384 1190 3437 divinae
1243 3380 1411 3449 frugis
1469 3385 1807 3445 proventum.
1838 3384 2024 3425 eorum
2075 3367 2260 3435 utique
2311 3378 2439 3418 san-

900 3482 1107 3527 ctorum
1166 3472 1442 3524 hominum
1496 3466 1693 3533 Deique
1751 3462 2081 3519 amicorum,
2124 3456 2214 3526 qui
2274 3454 2327 3508 in
2376 3468 2438 3506 ea

902 3561 1151 3621 vixerint,
1196 3574 1357 3628 quam
1408 3559 1591 3628 utique
1641 3557 1697 3608 iu
1747 3549 1995 3622 praesenti
2049 3538 2301 3602 omnibus
2357 3544 2441 3598 his

903 3652 1064 3706 rebus
1115 3650 1372 3718 privatam
1421 3647 1806 3715 spoliatamque
1846 3639 2105 3694 invenies.
2157 3635 2289 3689 Nam
2319 3640 2441 3702 post

906 3741 1105 3796 Christi
1136 3736 1594 3799 adventum,facta
1622 3742 1703 3789 est
1730 3747 1854 3787 vere
1883 3729 2218 3784 infructuosa
2248 3733 2301 3779 et
2328 3727 2443 3778 sine

912 3844 1069 3898 aqua,
1102 3834 1154 3880 et
1181 3826 1398 3879 omnino
1420 3825 1652 3885 deserta,
1685 3830 1760 3885 et,
1796 3829 1854 3875 ut
1897 3820 1971 3872 ait
2010 3815 2285 3887 prophetia
2329 3831 2347 3862 ι
2388 3812 2442 3863 in

913 3916 1235 3983 salsuginem
1280 3929 1310 3967 a
1360 3914 1562 3966 malitia
1610 3908 2017 3964 inhabitantium
2056 3906 2110 3958 in
2155 3917 2236 3956 ea.
2276 3919 2295 3952 ι
2348 3898 2443 3953 His

914 4005 1148 4061 adnectit
1168 4003 1439 4071 deinceps,
1473 4010 1632 4070 atque
1664 3996 1944 4054 admodum
1986 4002 2132 4047 certo
2159 3990 2347 4043 ordine
2391 3996 2445 4043 et

914 4095 1225 4170 prophetico
1248 4108 1394 4146 more
1419 4092 1686 4160 proponit,
1713 4090 1829 4158 ejus
1853 4101 1970 4156 quae
2001 4085 2127 4137 olim
2153 4083 2366 4136 deserta
2392 4086 2445 4131 et

914 4188 1188 4244 siticulosa
1239 4193 1373 4245 erat,
1419 4182 1530 4235 sive
1571 4182 1711 4233 hanc
1758 4175 2181 4244 uniuscujusque
2213 4170 2445 4222 hominis

914 4279 1169 4337 animam,
1233 4272 1345 4327 sive
1395 4272 1461 4324 de
1513 4270 1760 4339 gentibus
1809 4265 2089 4319 collectam
2149 4259 2445 4313 Eeclesiam

914 4367 1137 4429 dixeris,
1181 4363 1318 4431 ejus,
1364 4362 1602 4429 inquam,
1649 4353 2120 4410 commutationem
2149 4350 2202 4402 in
2231 4358 2446 4402 sanctos

913 4472 1112 4518 mores,
1150 4468 1357 4508 necnon
1400 4451 1453 4503 in
1491 4448 1687 4502 divinis
1720 4443 2053 4501 sermonibus
2102 4448 2441 4510 proventum,

1471 386 1735 446 EUSEBII
1763 370 2229 439 CASSARIENSIS
2266 366 2414 423 OPP.
2456 358 2633 416 PARS
2669 356 2734 410 ll.
2772 384 2843 396 ——
2870 353 2947 406 Al‘

1845 370 2229 437 ESARIENSIS
2266 366 2414 423 OPP.
2456 358 2633 416 PARS
2669 356 2734 410 ll.
2772 384 2843 396 ——
2870 345 3321 407 APOLOGETICA

1453 507 1517 560 ³³.
1555 526 1573 557 ι
1614 502 1677 557 Ει
1727 507 1849 571 post
1895 497 2042 550 alia:
2078 509 2096 542 ι
2147 486 2393 541 Exaltent
2420 482 2462 537 A
2489 474 2701 535 αὐτοὺς,
2748 469 2840 523 καί¹
2883 468 2929 538 eg

1847 538 1849 547 ,
1895 497 1997 550 alia
2029 512 2042 547 :
2078 509 2096 542 c
2147 486 2393 541 Exaltent
2420 482 2462 537 Α
2489 474 2701 535 αὐτοὺς,
2748 469 2840 523 xal.
2883 464 3142 538 ἐρρύσατο
3169 459 3323 515 αὐτοὺ

2540 561 2564 571 ··
2711 559 2754 571 ’ν
2798 558 2811 571 ι
2916 554 2960 571 M
2992 552 3177 571 σξη---
3218 547 3322 571 -w'.

2497 561 2625 615 τῶν.
2656 580 2674 610 ι
2711 558 2822 611 Καὶ
2847 554 2960 626 μεθ’
2992 552 3178 621 ἓτερα“
3215 566 3233 597 ι
3253 547 3326 597 Ὑι

2499 651 2773 722 ποταμοὺς
2796 650 2876 709 εἰς
2903 645 3123 716 ἔρημον,
3150 639 3240 692 καὶ
3263 639 3326 690 διε

2499 744 2603 812 γῆν
2649 736 2991 809 καρποφόρον
3037 734 3115 795 εἰς
3158 730 3326 799 ἆλμην

2502 832 2733 885 κούντων
2778 829 2835 879 ὲν
2875 822 3227 892 αὐτῇ.ἜΘετο
3255 818 3326 887 τὴ

2502 938 2626 985 των,
2651 920 2743 973 καὶ
2774 918 2874 987 γῆν
2902 914 3123 983 ἄνυδρον
3148 911 3225 971 εἰς
3255 908 3326 959 διε

2503 1010 2695 1080 ᾠκισεν
2723 1009 2835 1059 ἐκεῖ
2861 1001 3171 1061 πεινῶντας,
3187 997 3279 1050 καὶ
3306 1013 3326 1047 ο

2506 1099 2761 1161 οικεσίας.
2796 1116 2813 1148 ι
2865 1095 2972 1148 Καὶ
3011 1090 3180 1145 ταῦτα
3255 1102 3325 1139 σα

2507 1191 2675 1258 Λόγου
2700 1188 2757 1252 ἐξ
2783 1183 3024 1256 οὐρανῶν
3067 1178 3288 1234 κάθοδον
3324 1212 3325 1221 η

2510 1278 2805 1351 παρουσίας
2856 1273 3017 1328 αὐτοῦ
3051 1267 3326 1339 κατορθώρ

2511 1372 2663 1441 φησὶ,
2706 1369 2794 1421 τὸν
2821 1366 2989 1434 Λόγον
3021 1359 3208 1421 αὑτοῦ,
3244 1356 3326 1409 καὶ

2510 1466 2566 1517 δὲ
2596 1461 2725 1515 Θεοῦ
2752 1461 2911 1530 ἡμεῖς
2942 1453 3125 1521 σαφῶς
3149 1447 3326 1502 τοῦτόν

2511 1554 2635 1625 ’πρὸς
2669 1547 3033 1604 ἀποσταλέντα
3067 1543 3230 1594 πᾶσιν
3258 1540 3322 1590 ἀν

2513 1643 2598 1696 διὰ
2627 1641 2733 1693 τῶν
2758 1637 2913 1710 ἱερῶν
2947 1630 3292 1700 Εὑαγγελίων

2514 1732 2809 1784 Αἱνίττεται
2837 1727 2892 1778 δὲ
2935 1725 3027 1777 καὶ
3056 1722 3153 1791 τὴν
3200 1719 3326 1789 μέχε

2830 1812 3131 1883 ὲφΟακότας
3191 1809 3270 1868 εἰς
3317 1822 3326 1836 ι

2515 1913 2611 1980 τήν
2642 1925 2705 1975 γε
2752 1905 2926 1959 αἰτίαν
2966 1901 3066 1969 τῆς
3111 1896 3326 1965 ἀφίξεως

2517 1999 2884 2069 ἀπολύτρωσιν
2915 1992 3189 2063 ἐμφαίνων
3215 1986 3322 2038 τῶν

2520 2092 2655 2153 Τοὺς
2698 2088 2804 2157 γὰρ
2846 2082 3147 2153 ἐφθακότας
3188 2078 3292 2139 ἓως

2521 2183 2687 2235 ἔσωσε
2716 2179 2867 2249 μόνος
2898 2171 3110 2233 αὐτούς.
3145 2168 3326 2220 Τούτοπ

2526 2287 2681 2343 μενος
2709 2271 2771 2320 ὲκ
2802 2265 2911 2318 τῶν
2951 2256 3257 2329 διαφθορῶν
3297 2274 3326 2308 α

2520 2362 2693 2415 ταῦτα
2715 2360 2812 2411 οὐκ
2832 2356 3003 2416 ἄλλως
3033 2351 3067 2421 ἢ
3092 2349 3186 2403 τοῦ
3213 2347 3326 2400 θανι

2523 2454 2724 2524 χαλκᾶς
2770 2446 3079 2518 συντρίψας,
3110 2443 3206 2497 καὶ
3238 2442 3326 2493 τοὺ

2526 2546 2746 2606 κλάσας.
2774 2541 2883 2594 Kal.
2924 2538 2987 2608 δὴ
3024 2534 3162 2607 μετὰ
3206 2532 3326 2586 ταῦτ

2524 2635 2621 2705 τὴν
2646 2636 2725 2696 εἰς
2754 2632 2955 2703 ἔρημον
3002 2628 3326 2681 κατάστασιν

2526 2723 2826 2793 δεξαμένων
2863 2720 3047 2772 αὐτόν’
3079 2736 3097 2767 c
3142 2715 3326 2768 Ἐθετο

2529 2815 2747 2885 ἔρημον,
2779 2812 2872 2865 καὶ
2890 2809 3157 2874 διεξόδους
3188 2806 3326 2858 ὕδατι

2532 2905 2688 2975 φόρον
2711 2904 2787 2962 εἰς
2804 2901 2981 2970 ἅλμην
3003 2899 3111 2951 ἀπὸ
3129 2896 3326 2957 κακίας

2531 2999 2617 3067 τῇ.
2642 3014 2659 3046 ι
2695 2995 2761 3046 Ἀ
2774 2992 2867 3045 καὶ
2888 2991 3106 3059 νοήσεις
3137 2986 3326 3055 ἀναδρε

2535 3088 2626 3139 ἐπὶ
2655 3084 2751 3153 τὴν
2773 3081 2937 3134 πάλαι
2975 3077 3254 3150 βοωμένην
3282 3077 3325 3127 'l;

2514 3180 2721 3259 ,αὐτῆς
2748 3173 2840 3226 καὶ
2865 3171 2965 3241 τὴν
2988 3168 3157 3222 ἐθνῶν
3175 3183 3325 3236 καρπ

2534 3266 2833 3336 τευομένων
2889 3262 3067 3329 ἁγίων
3124 3261 3219 3312 καὶ¹
3270 3258 3326 3309 Oa

2539 3358 2797 3429 παρόντος
2830 3352 3230 3424 ὑπερημένην.
3264 3351 3326 3402 Mx

2539 3447 2832 3520 παρουσίαν
2866 3445 3091 3513 γέγονεν
3132 3439 3326 3511 ἀληθῶς

2541 3539 2633 3591 καὶ
2648 3532 2920 3592 παντελῶς
2937 3533 3038 3603 ερη
3048 3549 3165 3602 μος,
3184 3531 3298 3591 καὶ,
3320 3548 3326 3576 ι

2542 3627 2714 3697 ἅλμην
2737 3624 2843 3678 ἀπὸ
2862 3625 3061 3687 κακίας
3095 3622 3202 3674 τῶν
3235 3637 3326 3673 κατ

2540 3734 2653 3780 τοις
2680 3714 3034 3768 ὲπισυνάπτει
3069 3711 3272 3781 σφόδρα
3294 3711 3326 3761 ἀ

2543 3826 2628 3877 πῳ
2650 3805 3016 3874 αἰνιττόμενος
3038 3805 3138 3872 τῆς
3179 3800 3322 3853 πάλα

2543 3897 2721 3966 πάσης
2754 3893 3040 3964 ἀνθρώπου
3062 3892 3260 3960 ψυχῆς,
3295 3888 3326 3959 ἢ

2542 3987 2638 4057 τὴν
2665 3988 2745 4048 εἰς
2772 3984 3056 4037 εὐσέϐειαν
3087 3980 3326 4053 μεταϐολέ

2544 4078 2949 4149 καρποφορίαν·
2997 4078 3033 4130 ἃ
3076 4077 3172 4129 xal.
3217 4090 3326 4144 προ

2550 4188 2569 4220 ‹
2597 4168 2784 4221 Ἔθετο
2824 4167 3033 4239 ἔρημον
3073 4169 3153 4229 εἰς
3192 4165 3326 4234 λίμνι

2545 4257 2684 4327 ἅπερ
2714 4259 2902 4326 νοῆσαι
2935 4258 3097 4327 μόνου
3137 4254 3231 4307 τοῦ
3266 4270 3326 4305 πε

2546 4348 2685 4400 κατὰ
2715 4347 2813 4417 τὴν
2835 4348 2930 4399 ἐπὶ
2965 4346 3109 4400 τέλει
3137 4343 3232 4398 τοῦ
3265 4344 3326 4412 de

2552 4457 2571 4487 ι
2600 4438 2693 4501 Τίς
2724 4437 2904 4506 σοφὸς,
2929 4439 3025 4491 καὶ
3056 4436 3278 4507 φυλάξει
3302 4454 3326 4489 τ

915 4563 1032 4619 quae
1081 4547 1242 4601 etiam
1287 4542 1496 4612 planius
1527 4538 1723 4598 innuit,
1773 4534 1956 4587 dicens
1996 4551 2009 4585 :
2050 4550 2068 4581 ι
2101 4529 2286 4583 Posuit
2317 4528 2587 4582 desertum
2620 4526 2674 4579 in
2729 4534 2922 4595 stagna
2982 4541 3275 4595 aquarum,
3308 4543 3325 4573 ι

916 4639 1091 4711 gentia
1146 4631 1401 4702 consequi
1448 4630 1566 4699 ejus
1613 4626 1770 4680 unius
1800 4638 1919 4678 esse
1956 4628 2146 4692 potest,
2187 4620 2276 4688 qui
2318 4617 2455 4686 apud
2506 4614 2670 4669 Deum
2712 4615 2783 4668 sit
2836 4616 3081 4685 sapiens,
3119 4617 3262 4671 sicut
3297 4629 3326 4668 ε

918 4734 1021 4787 liue
1067 4726 1258 4801 psalmi
1303 4726 1376 4777 ait
1430 4741 1443 4776 :

1503 4737 1521 4769 ι
1584 4717 1715 4782 Quis
1764 4714 1996 4783 sapiens,
2040 4718 2093 4765 et
2152 4707 2416 4763 custodiet
2445 4702 2658 4757 hac“?
2692 4722 2709 4753 ι
2742 4712 2847 4756 etc.

3079 4809 3326 4862 ΚΕΦΑΛΛ

2564 4896 2705 4950 Ἀπό
2726 4899 2971 4965 Ψαλμοῦ
2991 4900 3106 4967 ρις¹
3130 4900 3227 4952 καὶ
3244 4898 3326 4966 pii

2622 4982 2685 5017 τε
2704 4967 3026 5035 ἐπιφανὴς,
3080 4970 3180 5022 καὶ
3218 4972 3326 5021 εῠλ

2625 5036 2865 5103 ὀνόματι
2890 5040 3136 5105 Κυρίου,

1479 4825 1703 4882 CAPUT
1741 4822 1876 4879 Vill.
2481 4815 2524 4866 D

919 4931 961 4982 A
1027 4930 1225 4997 psalmo
1279 4927 1511 4997 cxvt‘et
1565 4932 1729 4971 cxvu.
1784 4944 1853 4955 —
1932 4903 2450 4997 Gentiumpvocatio,

1274 4972 1543 5063 niwan'ifesfe
1602 4999 1876 5063 apparens,
1928 4991 1977 5036 et
2029 4977 2320 5033 benedictus
2366 4972 2452 5039 qui

990 5067 1119 5116 venit
1141 5058 1207 5116 'in
1241 5064 1443 5115 nomine
1472 5058 1701 5111 Domini.

2628 5166 2646 5199 ι
2677 5149 2881 5201 Αἰνεῖτε
2910 5149 3005 5202 τὸν
3045 5148 3268 5219 Κύριον,
3300 5167 3326 5200 τ

2557 5237 2802 5291 σάτωσαν
2838 5239 3000 5291 αὑτὸν
3040 5239 3238 5301 πάντες
3269 5240 3316 5290 οἱ

2554 5329 2700 5396 ἡμᾶς
2717 5329 2778 5380 τὸ
2802 5328 2948 5393 ἔλεος
2974 5330 3193 5392 αὐτοῦ,›
3219 5331 3312 5381 καὶ

2555 5414 2637 5485 δὴ,
2664 5409 2709 5467 ὦ
2741 5416 2936 5488 Κύριε,
2972 5406 3232 5470 εὐόδωσον
3253 5416 3316 5486 δή

2558 5510 2615 5560 ὲν
2659 5509 2881 5580 ὀνόματι
2942 5511 3170 5581 Κυρίου.
3225 5508 3325 5561 Deo

999 5190 1017 5222 ι
1046 5172 1281 5224 Laudate
1334 5171 1640 5232 Dominum,
1671 5182 1857 5222 omnes
1894 5171 2098 5235 gentes,
2147 5165 2201 5212 et
2253 5154 2456 5207 collau-

926 5260 1048 5315 date
1070 5274 1212 5318 eum,
1234 5274 1418 5312 omnes
1448 5259 1651 5327 populi,
1679 5258 1930 5327 quoniam
1953 5252 2111 5322 266
2140 5245 2452 5301 conﬁrmata

929 5355 1010 5403 est
1057 5361 1217 5414 super
1268 5360 1366 5398 nos
1413 5348 1778 5399 misericordia
1800 5344 1996 5413 ejus",
2033 5360 2051 5392 ›
2107 5348 2160 5393 ct
2205 5343 2395 5389 caetera
2436 5347 2450 5385 :

935 5454 955 5490 ι
989 5435 1032 5491 Ο
1086 5434 1343 5496 Domine;
1375 5435 1579 5487 salvum
1627 5436 1712 5488 fac
1757 5437 1863 5503 iam
1906 5447 2071 5497 nunc,
2110 5444 2143 5483 o
2207 5424 2450 5482 Domine,

932 5529 999 5584 da
1046 5523 1339 5595 profectum
1377 5522 1486 5590 jam
1528 5536 1690 5576 nunc.
1729 5523 2049 5580 Benedictus
2078 5519 2168 5590 qui
2209 5514 2354 5569 venit
2399 5513 2453 5564 in

1001 5683 1042 5713 ³²
1070 5678 1212 5733 Psal.
1231 5692 1337 5740 ενι,
1376 5673 1552 5730 ίδαὲθ.
1623 5674 1667 5706 ³³
1696 5674 1824 5732 ibid.
1856 5677 2042 5733 32-37.
2116 5670 2159 5703 "°
2190 5663 2320 5724 ibid-
2347 5662 2434 5718 ‘3-

1623 5674 1667 5706 ³³
1696 5674 1824 5732 ibid.
1856 5677 2042 5733 32-37,
2116 5670 2159 5703 "°
2190 5663 2320 5724 ibid.
2347 5662 2434 5718 45.
2508 5660 2551 5694 ³⁸
2580 5657 2724 5716 Psal.
2754 5676 2903 5727 CXVI,
2927 5660 3049 5723 1,2.
