3738 6308
81 350 280 436 ,9;
1075 357 1709 417 DEMONSTRATIONIS
1747 353 2196 413 nuncnum
2231 354 2361 411 LIB.
2403 356 2497 413 vr.
3248 324 3363 415 ιεσί

92 473 352 563 ἡμῖν..)
378 469 485 563 Καὶ
505 468 699 523 τούτου
731 471 1016 545 μέμνηται
1043 480 1076 549 ὴ
1111 481 1227 552 ἱερὰ
1262 480 1353 533 τοῦ
1389 479 1706 547 Εὑαγγελίου

1817 475 2031 530 nomine
2059 472 2293 528 Domini.
2324 473 2464 530 Deus
2494 473 2750 531 Dominus
2776 484 2827 531 et
2854 477 3029 533 illuxit
3054 478 3213 533 nobis
3230 479 3293 533 ³⁸.
3329 499 3350 533 ι

101 559 369 647 ιῖρεαφὴν
391 560 573 623 τέλους
600 565 992 633 τετυχηκότος,
1006 570 1236 640 ὁπηνίκα
1253 571 1280 620 ό
1301 570 1484 640 Σωτὴρ
1501 570 1592 622 καὶ
1617 569 1706 620 ιιι.

1832 566 2115 621 Enimvero
2132 565 2198 621 de
2215 565 2315 620 hac
2343 566 2455 635 ipsa
2472 582 2550 629 re,
2564 568 3004 636 quemadmodum
3027 585 3179 623 suum
3199 571 3356 626 linem

118 668 293 737 ριος
316 648 459 720 ἡμῶν
482 648 647 713 αὐτὸς
675 651 705 702 ὁ
738 652 979 722 Χριστὸς
1005 660 1173 729 εἰσῄει
1203 661 1279 721 εἰς
1296 657 1704 728 τὰἸεροσόλυμα

1832 656 2130 724 contigerit,
2162 656 2322 709 etiam
2363 671 2514 709 sacra
2540 655 3099 727 EvangeliiScriptIIra
3131 662 3359 715 mentio-

128 740 313 803 πολύ
340 756 395 793 τε
426 739 624 811 πλῆθος
662 742 879 814 ἀνδρῶν
921 748 1016 799 Ital.
1060 747 1256 799 παίδων
1298 750 1535 817 προῆγεν
1565 746 1706 799 αὐτδτ

1831 761 1952 800 nem
1977 744 2121 808 facit,
2136 760 2243 814 quo
2266 752 2502 814 tempore
2517 743 2759 798 Salvator
2785 761 2847 799 ac
2869 747 3120 805 Dominus
3151 759 3354 815 noster,

138 835 306 908 μετ’
345 831 670 903 εὐφροσύνης
700 835 1048 890 ἐπιϐοώντων
1066 858 1081 868 ν
1116 855 1134 883 σ
1171 837 1392 890 Ὡσαννά
1422 837 1499 906 τῷ
1525 836 1624 906 υἱῷ
1652 836 1706 905 τᾷ

1831 836 1945 905 ipse
1968 835 2212 889 Christus
2244 834 2606 905 Hierosolyma
2640 836 2913 904 ingressus
2943 845 3042 904 est,
3075 848 3233 909 atque
3271 840 3357 894 in-

141 918 377 981 Δαῦἱδ,
417 919 773 990 εὐλογημένος
796 923 826 973 ὁ
856 924 1147 993 ἐρχόμενος
1175 925 1231 976 ὲν
1256 925 1471 994 ὀνόματι
1496 925 1695 995 Κυρίου

1830 937 1960 993 gens
1994 921 2275 975 multitudo
2304 921 2540 974 virorum
2569 928 2622 974 ct
2652 936 2960 989 puerorum,
2991 925 3163 992 ipsum
3205 935 3358 981 ante-

147 1008 412 1063 ⁹ασαννὰ
434 1009 491 1060 ἐν
516 1012 628 1072 τοῖς
662 1011 927 1079 ὑψίστοις.
956 1032 973 1063 ι
1015 1014 1153 1065 Ἀντὶ
1182 1013 1287 1083 γὰρ
1311 1012 1423 1077 τοῦ,
1444 1034 1461 1065 ι
1483 1009 1526 1065 ὦ
1542 1016 1706 1084 Κύριε

1831 1012 2071 1074 cedebat,
2110 1026 2228 1064 cum
2283 1010 2458 1064 laetitia
2484 1012 2823 1064 clamantium
2858 1030 2874 1065 :
2913 1030 2931 1063 ι
2969 1013 3219 1069 llosanna
3246 1016 3356 1071 ﬁlio

137 1100 265 1153 σιτ.»
280 1115 358 1149 σον
392 1098 469 1168 δὴ,
494 1119 514 1150 ι
541 1100 797 1169 κειμένου
844 1103 901 1153 ἐν
946 1101 1023 1170 τῷ
1045 1101 1257 1171 ψαλμῷ,
1298 1103 1357 1154 τὸ
1393 1120 1411 1152 ι
1450 1102 1670 1155 Ὡσαννὰ
1702 1122 1706 1153 1

1831 1097 2018 1160 David,
2080 1097 2390 1152 benedictus
2434 1097 2525 1165 qui
2575 1098 2715 1150 venit
2760 1097 2814 1149 in
2855 1098 3068 1153 nomine
3125 1098 3353 1165 Domini,

145 1184 613 1256 Ἐόραῖκὼτερον
646 1188 949 1255 φάσκοντες
988 1188 1250 1241 ἐπεϐόωνο
1290 1192 1638 1261 ἑρμηνεύεται
1672 1192 1706 1244 δὲ

1831 1190 2069 1245 hosanna
2106 1187 2159 1239 in
2188 1187 2415 1242 excelsis
2434 1187 2498 1237 ³⁷.
2529 1205 2549 1237 ι
2575 1185 2678 1239 Pro
2707 1202 2771 1240 eo
2798 1186 2938 1240 enim
2970 1188 3109 1255 quod
3131 1188 3182 1240 in
3213 1189 3356 1256 psalo

1829 1290 1916 1329 mo
1938 1277 2170 1345 positum
2193 1283 2276 1330 est
2300 1294 2313 1331 :
2343 1275 2417 1331 «Ο
2436 1276 2897 1340 Domine,.salvum
2923 1276 3005 1329 fac
3022 1278 3130 1345 jam
3150 1293 3309 1342 nunc,
3332 1298 3350 1328 ο

1831 1363 1991 1419 illud:
2014 1385 2033 1416 ι
2064 1364 2337 1429 llosanna,
2378 1384 2397 1417 ι
2431 1364 2693 1420 Hebraico
2721 1380 2868 1419 more
2888 1366 3276 1430 acclamabant,
3301 1367 3357 1420 id

1830 1464 2003 1511 autem
2051 1457 2105 1509 in
2139 1464 2325 1510 nostra
2373 1457 2576 1524 lingua,
2630 1453 2839 1508 Salvum
2888 1455 2973 1521 [ac
3019 1454 3163 1520 dum,
3206 1456 3357 1510 reddi

1829 1545 1984 1599 solet.
2008 1544 2144 1598 lllud
2178 1559 2301 1599 vero
2334 1562 2349 1599 :
2387 1563 2406 1595 ‹
2439 1544 2756 1599 Benedictus
2781 1546 2870 1612 qui
2899 1545 3041 1598 venit
3064 1546 3116 1598 in
3137 1546 3357 1599 nomine

130 1275 357 1336 τοῦτο,
378 1275 576 1328 «Σῶσον
600 1276 685 1346 δή.
702 1296 721 1327 I
744 1277 856 1329 Καὶ
883 1277 963 1340 τὸ,
987 1277 1377 1348 «Εὐλογημένος
1399 1281 1425 1330 ὁ
1445 1279 1726 1350 ἐρχόμενος

125 1368 197 1422 ιν
248 1365 715 1436 ὁνόματιΚυρὶου,
744 1384 761 1416 ι
794 1366 1045 1436 διασαφεῖ
1061 1366 1121 1419 τὸ
1145 1367 1317 1435 λόγιον
1336 1368 1459 1438 ὲξῆς
1490 1369 1690 1437 φάσκον
1708 1385 1722 1400 ·

126 1477 148 1511 4
170 1455 357 1516 Θεὸς
377 1454 592 1524 Κύριος,
624 1456 720 1507 καὶ
744 1456 1011 1525 ὲπέφηνεν
1034 1457 1181 1525 ἡμῖν.
1206 1475 1225 1507 ι
1252 1456 1454 1509 Οὐκοῦν
1479 1452 1558 1519 εἷς
1584 1457 1676 1510 καὶ
1698 1458 1726 1508 ό

118 1545 338 1606 tab-:6;
359 1540 422 1614 ἦν
446 1544 474 1595 ὁ
506 1546 796 1612 ἐπιφανεὶς
840 1547 968 1614 ἡμῖν
1002 1544 1130 1607 Θεὸς
1164 1545 1381 1615 Κύριος,
1407 1547 1435 1597 ὁ
1459 1545 1550 1597 τοῦ
1594 1544 1724 1597 Θεοῦ

119 1639 193 1706 61;
208 1633 371 1701 λαδὴ
396 1632 586 1699 Λόγος,
618 1634 648 1685 ὁ
669 1634 764 1684 καὶ
785 1633 872 1685 διὰ
901 1632 1056 1685 τοῦτο
1080 1633 1447 1703 εὐλογημένος,
1475 1635 1555 1686 ὅτι
1580 1634 1641 1704 δὴ
1669 1635 1706 1685 ὲκ

1828 1633 2037 1687 Domini
2072 1651 2085 1687 :
2116 1652 2134 1684 ι
2160 1634 2332 1703 ipsum
2364 1633 2601 1687 declarat
2624 1633 2917 1695 oraculum,
2949 1633 3088 1703 quod
3104 1635 3357 1705 deinceps

121 1725 393 1794 ὀνόματι
415 1723 622 1793 Κυρίου
650 1723 748 1775 τοῦ
776 1722 1082 1793 πέμψαντος
1109 1723 1267 1775 αὐτὸν
1297 1723 1502 1793 Πατρδς
1532 1723 1626 1794 τὴν
1648 1724 1706 1783 είς

1828 1723 1902 1778 ita
1936 1724 2010 1777 ait
2045 1742 2057 1777 :
2102 1742 2121 1775 ι
2170 1722 2310 1777 Deus
2339 1722 2614 1787 Dominus,
2635 1732 2687 1778 et
2714 1724 2887 1777 illuxit
2939 1725 3114 1780 nobis.
3153 1744 3172 1777 ι
3204 1725 3357 1783 Unus

123 1814 484 1885 ἀνθρώπους
535 1814 706 1867 αὐτοῦ
754 1814 1052 1885 παρουσίαν
1106 1814 1413 1883 ἐποιήσατο.
1468 1813 1706 1883 Ἐλέγχωε

1827 1813 2007 1882 igitur,
2042 1814 2308 1888 idemque.
2338 1808 2458 1876 fuit,
2493 1812 2584 1881 qui
2638 1815 2871 1881 seipsnm
2925 1813 3081 1867 nobis
3120 1818 3357 1871 ostendit

126 1903 308 1974 γοῦν
333 1904 452 1966 τοὺς
480 1904 846 1965 ἀπιστοῦντας
866 1903 1010 1972 αὑτῷ
1036 1903 1141 1955 τῶν
1163 1904 1225 1956 ὲκ
1246 1906 1557 1974 περιτομῆς,
1575 1902 1706 1971 ἔλεγε

1825 1901 1965 1956 Deus
1991 1917 2054 1955 ac
2076 1901 2352 1964 Dominus,
2381 1902 2471 1955 Dei
2499 1901 3171 1968 videlicetVerbum.Quod
3193 1906 3355 1958 etiam

130 1993 315 2063 πρὸς
340 1991 553 2054 αὐτούς’
580 2011 599 2042 ι
623 1990 768 2059 Ἐγὼ
790 1988 949 2061 ἦλθον
972 1991 1027 2041 ὲν
1055 1990 1130 2060 τῷ
1151 1991 1366 2059 ὀνόματι
1398 1989 1489 2041 τοῦ
1517 1991 1706 2060 Πατρός

1824 1991 2027 2045 idcirco
2051 1999 2133 2046 est
2154 1990 2776 2060 benedictum,quoniam
2802 1995 2853 2046 in
2885 1995 3098 2047 nomine
3120 1992 3353 2057 Domini,

139 2100 305 2153 μου,
332 2083 419 2134 καὶ
461 2083 520 2134 οὐ
564 2081 873 2151 λαμϐάνετέ
920 2099 1005 2151 με.
1036 2080 1224 2144 Ἀλλος
1264 2080 1356 2133 ἐὰν
1382 2080 1508 2153 ἔλθῃ
1550 2082 1606 2132 ὲν
1644 2081 1706 2150 τίς

1823 2082 1914 2151 qui
1948 2081 2120 2149 ipsum
2152 2081 2317 2141 misit,
2352 2079 2545 2141 Patris,
2573 2095 2726 2133 suum
2766 2082 2832 2135 ad
2864 2082 3106 2136 homines
3159 2081 3356 2135 adven-

136 2173 391 2241 ὀνόματι
420 2172 497 2242 τῷ
540 2171 677 2241 ἰδίῳ,
714 2172 918 2223 ἐκεῖνον
946 2170 1194 2240 λήψεσθε.
1229 2188 1246 2219 I
1273 2170 1505 2232 Εἰκότως
1544 2165 1634 2222 οῦν
1662 2170 1706 2221 τί

1825 2177 1934 2222 tum
1967 2169 2225 2223 exhibuit.
2260 2170 2441 2238 Itaque
2485 2184 2577 2224 eos
2621 2185 2870 2239 arguens,
2900 2172 2990 2240 qui
3025 2173 3123 2240 ipsi
3153 2171 3219 2225 de
3248 2171 3355 2225 cir-

143 2258 394 2330 Ιινεῦμα
431 2260 489 2311 τὸ
533 2260 688 2326 ἅγιον
742 2258 924 2310 οὐκέτι
966 2258 1043 2327 τῷ
1094 2257 1352 2310 Ἰουδαίων
1398 2256 1538 2327 λαῷ,
1590 2257 1706 2310 ἀλλά

1828 2258 2157 2312 cumcisione
2197 2274 2302 2311 non
2335 2258 2641 2320 credebant,
2673 2258 2880 2312 dicebat
2909 2260 2974 2312 ad
3010 2274 3104 2314 eos
3136 2277 3150 2312 :
3188 2276 3208 2311 ι
3245 2257 3353 2330 Ege

145 2350 313 2400 πᾶσι
350 2351 454 2413 τοῖς
489 2349 689 2411 ἔθνεσι,
712 2347 781 2400 τὰ
814 2348 871 2400 ἐν
906 2349 971 2418 τῇ
1003 2348 1143 2417 ἀρχῇ
1173 2346 1263 2398 τοῦ
1312 2346 1521 2416 ψαλμοῦ
1561 2363 1706 2415 προσ·

1826 2346 1943 2401 veni
1977 2347 2030 2399 in
2080 2347 2295 2401 nomine
2354 2347 2528 2402 Patris
2584 2346 2707 2409 mei,
2741 2356 2792 2401 et
2824 2363 2929 2402 non
2967 2347 3207 2418 accipitis
3246 2362 3353 2404 me.

148 2442 363 2506 φωνεῖ.
1823 2438 1974 2493 Alius
2021 2439 2065 2492 si
2100 2440 2272 2493 veniet
2321 2438 2375 2491 in
2421 2439 2631 2492 nomine
2660 2438 2895 2507 preprio,
2936 2440 3082 2493 illum
3125 2439 3354 2509 accipie-

144 2528 216 2580 tis
244 2527 326 2581 ³⁸.
352 2547 370 2579 ι
401 2526 589 2581 Merito
635 2542 767 2597 ergo
814 2525 1048 2596 Spiritus
1093 2533 1338 2589 sanctus,
1388 2540 1495 2579 non
1529 2526 1758 2596 amplius
1818 2530 1884 2583 ad
1919 2528 2200 2584 Judaicum
2251 2530 2526 2599 p0pulum,
2576 2530 2669 2584 sed
2712 2529 2780 2582 ad
2824 2544 3010 2586 omnes
3052 2539 3257 2601 gentes,
3289 2546 3352 2583 ea

150 2633 302 2688 qua:
327 2618 378 2673 in
405 2620 669 2690 principio
697 2619 893 2689 psalmi
918 2619 1189 2688 leguntur,
1222 2617 1482 2672 enuntiat.

686 2735 1080 2789 ΚΕΦΔΛΑΙΟΝ
1124 2734 1199 2788 Θ’.

164 2841 219 2896 Ἀ
230 2848 334 2917 «ἓεὸ
367 2849 601 2917 1έιαλμοῦ
624 2853 782 2915 ρμτνο
798 2878 880 2917 ί-
911 2848 1128 2917 ,Κύριος
1153 2846 1486 2917 οὐρανόθεν-
1500 2846 1714 2917 κατιὼν

214 2913 555 2983 ἀνθρώπων
578 2913 877 2982 σωτηρίας
901 2915 1123 2983 ἕνεκεν,
1159 2913 1277 2981 ᾠδή
1299 2932 1361 2983 τε
1394 2914 1493 2967 ἐπὶ
1524 2916 1709 2978 τούτῳ

210 2982 511 3054 εἰδομένη,
541 2983 769 3053 Καινῆς
788 2982 1080 3050 Διαθήκης
1110 2982 1357 3050 δηλαδή.

211 3109 257 3143 ε
293 3097 471 3168 Κύριε,
501 3098 553 3149 τί
586 3099 735 3149 ἐστιν
755 3095 1057 3167 ἄνθρωπος,
1086 3096 1166 3148 ὅτι
1198 3093 1468 3163 ὲγνὼσθης
1499 3091 1719 3163 αὐτῷ,ἢ

144 3180 289 3248 υἱὸς
317 3186 610 3257 ἀνθρώπου,
634 3188 717 3239 ὃτι
746 3186 929 3255 λογίζῃ
946 3186 1133 3249 adadv;
1165 3185 1355 3254 Κύριε,
1373 3185 1543 3237 κλῖνον
1557 3185 1721 3254 οὐρα-

142 3272 313 3339 wing,
345 3279 431 3331 καὶ
444 3278 708 3348 κατάϐηθι
736 3294 751 3306 ·
785 3278 918 3344 ἅψαι
945 3276 1050 3327 τῶν
1078 3276 1264 3345 ὀρέων,
1288 3276 1378 3327 καὶ
1426 3274 1721 3345 καπνισθήο

142 3378 373 3419 σον-ται.
395 3387 411 3419 I
426 3370 529 3421 Kal.
551 3368 760 3430 ὑποϐὰς
784 3366 1024 3433 ἐπιλέγει
1042 3382 1055 3396 ·
1084 3385 1102 3415 ‹
1126 3368 1182 3418 Ὁ
1205 3366 1352 3428 Θεὸς,
1376 3364 1513 3435 ᾠδὴν
1528 3366 1719 3436 καινὴν

141 3448 372 3521 tisana!
401 3472 497 3507 σοι.
523 3475 542 3507 ι
570 3454 831 3524 Ἐχεσθαι
873 3454 966 3506 καὶ
991 3452 1161 3505 ταῦτα
1196 3453 1295 3522 τῆς
1330 3451 1719 3522 προσκειμένης

144 3540 470 3607 ὑποθέσεως
495 3545 759 3616 ἡγοῦμαι.
787 3542 897 3612 Τὴν
935 3540 1042 3612 γὰρ
1080 3543 1159 3603 εἰς
1189 3538 1500 3609 ἀνθρώπους
1517 3538 1715 3607 γνῶσιν

144 3622 253 3674 to;
284 3627 409 3680 Θεοῦ
426 3630 589 3697 Λόγου
602 3630 702 3684 θαν
711 3630 914 3699 μάξων,
929 3631 1028 3680 ὑπε
1036 3626 1416 3699 ρεκπλήττεται
1430 3626 1527 3693 τῆς
1539 3625 1719 3692 φιλαν-

146 3712 439 3783 θριωπίας,
464 3721 528 3772 δι’
550 3717 619 3791 ἧς
655 3721 755 3790 τῆς
786 3720 1031 3787 θεότητος
1053 3716 1256 3779 ὑποϐάς
1305 3716 1416 3778 καὶ,
1450 3715 1543 3767 τοῦ
1583 3731 1717 3784 συμ-

150 3805 339 3868 quasi;
369 3809 613 3876 μεγέθους
646 3808 837 3860 ἑαυτὸν
864 3806 1158 3877 σμικρύνας
1178 3844 1192 3867 ,
1224 3804 1419 3873 ἠξίωσε
1461 3805 1559 3872 τῆς
1581 3804 1714 3868 ἰδίας

147 3893 419 3961 ruinam;
455 3899 512 3951 τὸ
558 3897 893 3969 ἀνθρώπειον
942 3897 1113 3963 γένος.
1186 3894 1443 3948 Ἐνταῦθα
1488 3895 1584 3964 μὲν
1620 3890 1713 3947 οὖν

145 3978 389 4050 εὔξεται
408 3988 571 4056 λέγων
589 4006 602 4019 ο
640 4008 658 4038 ι
692 3988 864 4058 Κύριε
883 4025 900 4050 ,
936 3986 1110 4039 κλῖνον
1136 3985 1391 4054 οὐρανοὺς
1419 3983 1512 4037 καὶ
1551 3984 1715 4037 κατά-

140 4066 295 4137 61:3:
318 4113 332 4125 .
368 4094 387 4125 ι
431 4077 511 4129 Ἐν
548 4077 605 4130 δὲ
650 4075 729 4146 τῷ
760 4074 1198 4142 ἑπτακαιδεκάτῳ
1235 4072 1429 4142 ψαλμῷ
1470 4071 1708 4141 εἴρηταιο

140 4174 159 4205 σ
197 4160 344 4216 Καὶ
370 4166 558 4220 ἔκλινεν
579 4167 860 4236 οὐρανοὺς,
895 4166 990 4217 καὶ
1017 4162 1240 4232 κατέϐη,
1270 4161 1362 4214 καὶ⁸
1393 4159 1584 4229 γνόφος
1608 4160 1709 4212 ὑπὸ

128 4246 243 4297 τοί-ι
262 4267 289 4312 ς
321 4253 477 4316 πόδας
506 4253 670 4307 αὐτοῦ
691 4271 704 4283 ·
734 4254 830 4305 καὶ
853 4250 1022 4319 ἐπέϐη
1045 4250 1135 4301 ἐπὶ
1155 4248 1432 4319 χερουὸὶμ,
1466 4247 1558 4299 καὶ
1581 4248 1706 4298 ἐπε-

2398 2705 2621 2760 CAPUT
2676 2706 2767 2762 IX.

1816 2818 1859 2870 Α
1908 2817 2108 2887 psalmo
2161 2832 2347 2873 CXLIII.
2374 2847 2441 2856 —
2480 2815 2732 2869 Dominus
2778 2817 2840 2870 de
2884 2819 3008 2872 caelo
3043 2822 3350 2877 descendens

1885 2887 2069 2959 salutis
2099 2888 2361 2959 hominum
2392 2887 2582 2959 gratia,
2615 2887 2972 2959 canticuiitque
2995 2906 3178 2942 norum
3199 2908 3351 2959 super

1884 2956 1980 3008 hac
2013 2972 2067 3008 re
2092 2952 2405 3016 canendum,
2425 2952 2560 3006 Novi
2584 2953 2812 3007 videlicet
2847 2952 3176 3013 Testamenti.

1892 3083 1910 3115 ι
1956 3063 2178 3117 Domine
2228 3062 2357 3131 quid
2414 3068 2496 3115 est
2527 3060 2706 3125 homo,
2763 3062 2905 3130 quod
2960 3063 3234 3119 innotuisti
3269 3066 3353 3119 ei?

1818 3163 1911 3209 aut
1942 3153 2082 3207 ﬁlius
2113 3152 2363 3215 hominis,
2407 3149 2549 3219 quod
2586 3157 2804 3218 reputas
2828 3153 2985 3205 eum?
3009 3151 3249 3217 Domine,
3277 3155 3352 3207 in-

1819 3242 1960 3296 clina
1989 3242 2174 3307 cmlos,
2204 3248 2258 3294 et
2287 3240 2547 3295 descende
2573 3257 2588 3293 :
2612 3248 2768 3309 tange
2796 3249 3021 3306 montes,
3042 3249 3094 3295 et
3121 3241 3349 3312 fumiga-

1816 3334 1970 3388 bunt.
2001 3332 2045 3364 ³³
2099 3350 2118 3383 ι
2165 3330 2228 3384 Ει
2254 3344 2593 3399 progressus,
2625 3329 2869 3398 adjungit
2894 3348 2906 3382 :
2936 3348 2955 3380 ι
2988 3329 3148 3395 Deus,
3170 3333 3348 3386 canti-

1817 3437 1939 3476 cum
1963 3436 2158 3476 novum
2175 3419 2404 3474 cantabo
2420 3418 2516 3472 tibi
2528 3418 2594 3471 ⁸⁸.
2616 3436 2636 3469 ι
2656 3417 2779 3472 Haec
2793 3433 3003 3488 quoque
3019 3435 3139 3474 cum
3153 3436 3349 3490 propo-

1818 3509 1924 3563 sito
1946 3514 2260 3577 argumento
2287 3519 2406 3560 esse
2431 3504 2881 3572 conjuncta,sane
2903 3520 3002 3574 ego
3023 3510 3344 3575 putaverim.

1816 3598 1973 3668 267
2001 3596 2368 3667 Cognitionem
2414 3595 2555 3649 enim
2597 3594 2904 3650 hominibus
2954 3594 3203 3650 traditam
3244 3594 3341 3651 Dei

1815 3689 1977 3744 Verbi
2035 3690 2328 3751 admirans,
2376 3688 2546 3757 ipsam
2594 3688 2933 3743 clementiam
2983 3689 3334 3758 obstupescit,

1813 3788 2031 3850 propter
2062 3794 2220 3849 quam
2254 3777 2390 3832 intra
2409 3778 2642 3832 divinam
2672 3793 2823 3833 suam
2850 3788 3095 3833 naturam
3116 3779 3328 3835 desceno

1814 3872 1969 3936 deus,
2002 3886 2166 3941 seque
2197 3870 2373 3939 ipsum
2415 3871 2648 3924 naturali
2687 3885 2784 3925 sua
2831 3870 3202 3939 magnitudine
3242 3871 3343 3924 mi-

1811 3960 2264 4028 noremeﬂiciens,
2281 3961 2497 4029 prapria
2526 3960 2695 4029 ipsius
2711 3960 3014 4030 cognitione
3046 3959 3337 4015 humanum

1809 4068 1977 4124 genus
2014 4052 2229 4121 dignum
2276 4049 2619 4104 existimavit.
2664 4048 2847 4119 Itaque
2890 4048 2990 4103 hoc
3031 4048 3148 4103 loco
3200 4059 3340 4114 orat,

1810 4145 2025 4198 dicens:
2061 4160 2081 4193 ι
2121 4140 2364 4203 Domine,
2394 4141 2593 4194 inclina
2618 4142 2785 4195 cmlos
2815 4146 2869 4194 et
2890 4137 3174 4193 descende.
3203 4159 3223 4191 ι
3270 4141 3344 4193 At

1809 4232 1949 4288 enim
1980 4233 2034 4285 in
2065 4231 2271 4285 decimo
2298 4232 2523 4299 septimo
2552 4230 2758 4299 psalmo
2785 4231 2827 4261 “
2850 4228 3052 4282 dictum
3085 4235 3199 4283 est:
3231 4247 3251 4279 ο
3273 4228 3343 4282 Et

123 4336 335 4412 15261;
363 4345 448 4395 ἐπὶ
466 4343 749 4414 πτερύγων
780 4316 1021 4410 ἀνέμων..
1043 4357 1062 4389 ι
1090 4316 1266 4390 Δις
1291 4337 1359 4390 τὰ
1383 4336 1481 4405 τῆς
1500 4335 1703 4400 ἀνόδου,

1817 4319 2091 4374 inclinavit
2114 4319 2282 4373 caelos
2302 4325 2356 4373 et
2380 4317 2679 4381 descendit,
2704 4324 2757 4370 et
2781 4317 2954 4384 caligo
2982 4316 3086 4371 sub
3112 4317 3341 4385 pedibus

126 4424 195 4489 ῗῗδ
212 4430 364 4481 ἀπὸ
384 4432 476 4501 γῆς
497 4435 572 4496 εἰς
599 4431 865 4503 οὐρανοὺς
896 4429 1205 4497 ἐποιήσατο,
1241 4424 1496 4488 θεσπίζει.
1527 4425 1707 4485 Ὅπως

153 4513 215 4565 ἵε
236 4518 463 4575 κάθοδον
486 4524 587 4595 χρὴ
612 4525 759 4575 νοεῖν
796 4521 889 4573 καί
917 4518 1100 4573 ἄνοδον
1137 4516 1228 4569 τοῦ
1266 4515 1397 4569 Θεοῦ
1426 4515 1616 4581 Λόγου,
1646 4514 1705 4565 οὐ

177 4606 401 4673 τοπικῶς
450 4610 774 4680 μεταϐάσεις
815 4606 1170 4675 ποιουμένου,
1207 4602 1470 4673 τροπικῶς
1514 4602 1569 4653 δὲ
1610 4599 1708 4661 τὰς

177 4690 373 4748 “uisas
394 4700 692 4769 οἰκονομίας
728 4695 893 4750 αὐτοῦ
916 4692 1101 4746 τοῦτον
1128 4692 1224 4760 τῆς
1250 4691 1464 4761 Γραφῆς
1500 4691 1706 4742 ἀποκα-

178 4776 361 4852 λούσης
389 4789 473 4842 τὸν
507 4790 706 4860 τρόπον
730 4827 744 4851 ,
787 4787 874 4838 ἐπ’
904 4783 1107 4845 οἰκείας
1141 4780 1482 4849 ἀποδώσομεν
1495 4776 1703 4846 σχολῆς·

185 4868 318 4923 Ἔδει
341 4878 389 4932 δὲ
419 4879 789 4951 μνημονεῦσαι
811 4877 869 4929 ὲν
893 4874 1097 4935 τούτοις
1127 4872 1219 4924 καὶ
1241 4872 1336 4940 τῆς
1360 4868 1564 4936 Καινῆς
1586 4869 1707 4917 Δια-

183 4955 352 5031 θήκης.
380 4972 445 5041 ἧν
465 4970 686 5040 ἔμελλεν
710 4970 748 5037 ἠ
774 4964 870 5018 τοῦ
896 4961 1127 5033 Χριστοῦ
1160 4958 1422 5030 παρουσία
1451 4955 1707 5027 προξενή-

183 5060 283 5133 “FW
300 5056 609 5133 ἀνθρὼποις’
635 5058 780 5125 αὕτη
808 5054 865 5107 δέ
891 5056 1035 5105 ἐστιν
1058 5052 1091 5121 ἡ
1116 5049 1285 5119 Καινὴ
1308 5045 1539 5133 Διαθήκη
1574 5045 1704 5133 μετὰ

180 5131 266 5202 τήν
291 5131 513 5203 Παλαιὰν
539 5148 649 5202 ὑπὸ
675 5140 923 5214 Χριστοῦ
947 5139 1079 5190 πᾶσι
1103 5139 1206 5198 τοῖς
1238 5136 1409 5187 ἔθνεσι
1432 5131 1702 5200 δεδομένη.

179 5223 253 5312 θ”ό
265 5245 378 5310 ἵησι
396 5242 457 5294 τὸ
479 5240 625 5312 μετὰ
644 5240 842 5306 χεῖρας
866 5230 1063 5296 λόγιοψ
1076 5245 1092 5276 ι
1113 5227 1167 5278 ’0
1181 5227 1330 5288 Θεὸς,
1356 5223 1495 5293 ᾠδὴν
1518 5221 1702 5291 καινὴν

174 5306 342 5383 “Pii
373 5306 493 5384 cet:
515 5348 537 5380 ι
576 5327 655 5379 Τὸ
688 5323 773 5384 δὲ,
815 5339 835 5368 ι
860 5317 1029 5384 "Adam
1058 5315 1160 5366 τῶν
1177 5313 1367 5383 ὀρέων,
1399 5312 1489 5363 καὶ
1520 5324 1709 5358 καπνι-

174 5394 471 5485 ml“)ng
500 5409 858 5472 αἰνίττεσθαι
873 5397 1435 5475 ἡγοῦμαιὲμπρησμὸν
1460 5398 1549 5485 και
1567 5398 1703 5464 ἀφα-

163 5498 315 5570 ’πμδν
336 5516 517 5582 πάσης
532 5493 1017 5562 εἰδωλολατρείας,
1042 5492 1157 5559 ἥτις
1174 5489 1321 5559 παρὰ
1332 5489 1443 5548 τοῖς
1469 5484 1703 5548 παλαιοῖς

919 5582 961 5612 ⁸⁷
992 5580 1178 5634 Matth.
1213 5596 1327 5645 nt,
1360 5577 1415 5633 9.
1486 5576 1529 5653 ξ’
1558 5575 1706 5631 Joan.
1742 5593 1796 5644 v,
1827 5578 1914 5632 43.

1807 4410 1962 4479 ejus:
1997 4416 2051 4463 et
2072 4407 2315 4464 ascendit
2344 4421 2506 4476 super
2537 4406 2831 4466 cherubim,
2855 4414 2908 4459 et
2934 4406 3164 4461 volavit:
3196 4409 3342 4462 vola-

1805 4504 1883 4557 vit
1933 4518 2093 4570 super
2131 4515 2337 4570 pennas
2364 4509 2683 4555 ventorum-
2728 4498 2826 4552 iln
2884 4498 3080 4568 quibus
3137 4500 3334 4562 verbis,

1806 4607 1872 4647 ea
1913 4606 2030 4660 quae
2067 4590 2133 4643 ad
2173 4604 2460 4644 ascensura
2494 4596 2758 4659 spectant,
2809 4602 2917 4657 quo
2957 4589 3023 4642 de
3065 4597 3210 4641 terra
3266 4588 3335 4641 ad

1809 4684 2002 4739 cmlum
2035 4695 2094 4734 se
2116 4681 2351 4742 sustulit,
2382 4680 2615 4733 divinat:
2645 4679 2785 4747 quod
2815 4685 2991 4731 autem
3014 4677 3331 4731 descensum

1811 4781 1969 4841 atque
2001 4783 2282 4823 ascensum
2315 4768 2407 4823 Dei
2439 4767 2619 4831 Verbi,
2649 4782 2757 4820 non
2797 4766 3056 4835 quosdam
3088 4765 3206 4832 ejus
3238 4780 3337 4833 per

1807 4862 1985 4914 locum
2018 4858 2278 4911 transitus
2316 4856 2559 4925 accipere
2607 4861 2869 4923 oporteat,
2901 4852 3334 4922 quandoquidem

1806 4953 1859 5005 in
1879 4950 2023 5002 hunc
2047 4945 2264 4999 modum
2297 4945 2574 5013 Scriptura
2599 4944 2798 5006 divina,
2819 4942 2952 4995 tales
2977 4942 3096 5009 ejus
3122 4942 3335 5010 dispen-

1805 5038 2041 5093 sationes
2069 5033 2338 5102 appellare
2374 5032 2673 5093 consuevit,
2703 5043 2804 5082 suo
2838 5029 2957 5081 loco
2993 5028 3222 5083 otiosius
3239 5028 3335 5082 de-

1804 5120 2242 5179 monstrabimus.
2285 5117 2504 5186 Oportet
2550 5122 2727 5168 autem
2773 5115 2829 5166 in
2873 5113 2957 5168 his
2997 5115 3160 5168 etiam
3198 5114 3332 5168 Novi

1806 5208 2133 5267 Testamenti
2158 5206 2478 5260 mentionem
2512 5203 2706 5267 facere,
2725 5201 2869 5270 quod
2890 5201 3200 5256 hominibus
3218 5212 3337 5256 erat

1803 5301 2002 5357 Christi
2054 5298 2317 5353 adventus
2358 5294 2779 5349 conciliaturus:
2816 5292 2924 5344 hoc
2966 5305 3098 5344 sane
3128 5290 3336 5345 Novum

1804 5393 2204 5448 Testamentum
2237 5386 2368 5440 illud
2406 5393 2510 5447 est,
2540 5383 2682 5453 quod
2712 5397 2741 5435 a
2770 5382 2991 5437 Christo
3021 5390 3147 5450 post
3173 5382 3341 5436 Vetus

1802 5486 2026 5539 alterum
2061 5479 2309 5535 omnibus
2349 5476 2598 5546 gentibus
2643 5473 2902 5528 traditum
2951 5480 3055 5527 est.
3102 5470 3342 5524 Proinde

2017 5576 2059 5606 ⁸³
2098 5572 2239 5627 Psal.
2266 5585 2447 5638 CXLIII,
2482 5573 2536 5636 3,
2572 5569 2623 5623 ὅ.
2720 5566 2764 5599 ⁸⁸
2791 5565 2927 5620 ibid.
2970 5565 3026 5620 9.
3060 5578 3073 5597 ί
3116 5564 3166 5594 ⁸⁸
3209 5573 3349 5615 vers.

2964 5719 3033 5777 ιι
