3738 6312
807 388 912 440 ᾺΕΞἹ
1437 370 1697 431 EUSEBll
1735 366 2200 425 CASSARIENSIS
2237 364 2383 421 OPP.
2427 361 2600 416 PARS
2633 363 2704 413 Il.
2730 340 2811 397 ὲν-
2848 351 3326 410 APOLOGETICA.

813 498 1083 554 oraculum
1152 493 1293 562 quod
1350 506 1494 545 nunc
1541 490 1595 542 in
1648 486 1897 541 manibus
1944 491 2045 543 est,
2096 481 2173 533 sic
2214 480 2285 531 ait

1849 498 1897 537 ιε
1944 491 2045 543 est,
2096 481 2173 533 sic
2214 480 2318 531 ait:
2352 494 2393 540 Α
2422 481 2477 530 ὲν
2511 478 2618 537 τοῖς
2658 474 2805 543 opaci.
2855 469 3079 538 μάλιστα
3116 462 3325 517 ὲσπουδε

818 591 1017 650 «Deus,
1058 585 1324 638 canticum
1372 594 1568 635 novum
1619 575 1848 629 cantabo
1882 572 1984 625 tibi
2031 573 2095 622 θ’.
2124 589 2141 620 ι
2194 568 2289 621 lllu

1882 572 1984 625 tibi
2031 573 2095 622 “.
2124 589 2141 620 ι
2194 567 2329 621 Illud
2427 565 2619 626 αὐτοὺς
2660 559 2938 620 Ἰουδαίους
2982 549 3325 620 ἀπελέγχεσθε

815 687 1019 733 autem:
1062 674 1279 742 «Tange
1322 679 1529 726 montes
1572 677 1624 722 et
1670 662 2070 734 fumigabunti,
2103 659 2291 712 arbitrr

1849 662 2003 716 ibunt
2026 680 2070 723 ι,
2103 659 2334 712 arbitror
2429 655 2644 725 ὑψηλὸν,
2677 651 2815 705 κατὰ
2850 648 3071 720 μίμησιν
3089 647 3193 697 τῶν
3217 641 3325 695 ἀλλ(

814 766 1133 835 signiﬁcare,
1166 760 1309 830 quod
1330 760 1565 814 omnium
1594 754 2006 810 simulacrorum
2038 748 2217 801 cultus
2262 762 2287 800 s

1295 760 1565 814 [omnium
1594 754 2006 810 simulacrorum
2038 748 2217 801 cultus
2262 746 2333 800 sit
2430 741 2771 814 λατροῦντας.

810 821 1200 911 ’ἱιιιίειειιίίοιιιὶιιςι⁵
1228 865 1291 904 ac
1339 848 1618 908 delendus,
1669 843 1759 913 qui
1800 840 1938 910 apud
1990 839 2239 907 antiquos
2282 837 2335 889 in
2383 834 2654 889 montibus
2718 830 2946 882 maxime
3009 821 3326 893 frequentab

816 946 916 1015 ipsi
941 942 1105 997 31':in
1136 939 1686 1009 reprehendebantur,
1741 934 1882 1004 quod
1940 934 1995 986 in
2028 929 2173 985 omni
2212 935 2391 982 monte
2439 924 2669 984 excelso,
2714 919 2781 972 ad
2816 915 3165 970 imitationem
3205 920 3323 967 exte

816 1037 1052 1092 mulacra
1077 1034 1335 1087 colerent.

1400 1161 1632 1218 CAPUT
1668 1161 1709 1213 Χ

2959 1149 3325 1205 ΚΕΦΑΛΑΙΟΓ

818 1306 857 1359 Α
888 1304 1084 1370 psalmo
1111 1314 1305 1353 CXLVII.
1339 1326 1409 1336 —
1436 1296 1525 1347 Dei
1564 1292 1788 1370 Verbum
1807 1292 1860 1343 in
1883 1298 2070 1370 terram
2094 1288 2294 1367 missu"

1845 1308 1860 1342 ι
1883 1298 2070 1370 terram
2094 1288 2333 1367 missum,
2444 1295 2587 1349 Ἀπὸ
2612 1288 2849 1370 palpet?
2866 1284 3104 1370 ρμζξλ-
3132 1283 3321 1360 Adfor

879 1350 926 1426 ert
954 1370 1091 1424 brevi
1121 1380 1339 1434 tenapore
1369 1378 1668 1432 percurrens
1696 1361 1963 1414 universos
1995 1357 2258 1410 homines.

1851 1375 1963 1413 rsos
1995 1357 2258 1410 homines.-
2508 1350 2955 1434 perbggvxal:§r
3007 1350 3228 1419 βραχεῖ
3275 1366 3325 1416 χλ

2508 1423 3016 1494 ἓτουξδιατρέχων.

889 1584 910 1617 ι
931 1564 1128 1626 Lauda,
1146 1561 1458 1619 Jerusalem,
1480 1560 1782 1622 Dominum,
1803 1555 1960 1610 lauda
1976 1554 2140 1609 Deum
2161 1560 2334 1615 tuum,

1849 1555 1960 1609 luda
1976 1554 2140 1609 Deum
2161 1560 2334 1615 tuum,
2514 1582 2531 1612 ‹
2577 1560 2809 1614 Ἐπαίνει
2833 1597 2847 1621 ,
2892 1551 3280 1626 Ἰερουσαλὴμ,
3320 1568 3325 1584 ί

821 1656 947 1712 Sion
975 1656 1039 1708 “.
1066 1673 1083 1705 ι
1136 1651 1332 1706 Deinde
1376 1651 1646 1719 paululum
1694 1661 2008 1718 progressus
2033 1646 2134 1698 ait:
2178 1661 2197 1695 ι
2237 1642 2297 1708 ρι

1818 1661 2008 1709 {fessus
2033 1646 2134 1698 θίιε
2178 1661 2197 1695 ί
2237 1642 2337 1708 ρυί
2441 1650 2568 1703 Θεόν
2599 1666 2709 1714 σου,
2731 1645 2921 1699 Σιών.›
2950 1640 3062 1696 Εἶθ’
3086 1640 3294 1702 ὑποϐάς

821 1748 1013 1800 emittit
1041 1744 1309 1812 eloquium
1353 1756 1509 1795 suum
1544 1749 1722 1802 terrae,
1758 1738 2010 1792 velociter
2037 1734 2205 1789 currit
2228 1748 2297 1787 set

1849 1738 2010 1790 Deiter
2037 1734 2205 1789 currit
2228 1748 2343 1787 se!"
2443 1741 2530 1792 τὸν
2554 1738 2704 1806 λόγον
2730 1734 2890 1789 αὑτοῦ
2910 1737 2973 1803 τῇ
3001 1736 3068 1802 γῇ
3086 1750 3099 1761 ·
3129 1731 3240 1794 ἕως
3265 1730 3325 1782 τά

820 1850 908 1888 mo
937 1834 1054 1901 ejus
1077 1832 1149 1885 “z
1187 1850 1206 1882 ι
1230 1836 1439 1883 constat
1473 1836 1647 1882 autem
1677 1841 1799 1880 eum
1840 1826 1929 1893 qui
1962 1824 2144 1884 mittit,
2173 1822 2240 1875 ab
2277 1836 2296 1874 ε

1844 1826 1929 1893 qui
1962 1824 2144 1884 ηὶὶιῑῖῑ.
2173 1822 2240 1875 ab
2277 1834 2342 1874 ΘΟ
2448 1828 2630 1883 αὑτοῦ.
2673 1846 2690 1878 ι
2731 1826 2903 1893 Σαφὲς
2934 1824 3022 1886 δὲ,
3048 1824 3131 1874 ὅτι
3157 1821 3252 1874 τοῦ
3286 1821 3320 1873 ἁ

823 1926 912 1994 qui
937 1923 1163 1977 mittitur
1183 1936 1303 1975 esse
1329 1920 1616 1973 diversum.
1663 1917 1835 1981 [labes
1858 1916 2018 1984 igitur
2039 1913 2197 1968 etiam
2238 1913 2299 1964 lto

1792 1932 1835 1981 ξε
1858 1916 2018 1984 igitur
2039 1913 2197 1968 etiam
2238 1913 2338 1965 Ιιοο
2368 1918 2413 1976 Β
2443 1918 2665 1972 στέλλων
2694 1915 2874 1985 ἕτερος
2899 1913 2971 1964 ὢν
2992 1911 3268 1979 τυγχάνει.

823 2018 964 2078 loco,
1008 2028 1127 2068 eum
1180 2011 1390 2080 quidem
1436 2009 1527 2077 qui
1568 2009 1752 2073 mittit,
1801 2019 2107 2075 supremum
2153 2002 2299 2055 Deun

1849 2019 2107 2075 lpremllm
2153 2002 2339 2064 Deum.
2442 2008 2610 2062 ταῦθα
2648 2007 2733 2058 τὸν
2778 2005 2871 2075 μὲν
2899 2001 3325 2054 ἀποστέλλονται

827 2106 988 2177 268
1013 2120 1136 2159 eum
1169 2117 1297 2157 vero
1336 2100 1428 2170 qui
1478 2101 1706 2153 mittitur
1745 2111 2072 2153 sermonem:
2105 2093 2303 2164 quiem

1849 2111 2072 2151 nonem:
2105 2093 2345 2164 quicum
2443 2098 2530 2151 τὸν
2556 2097 2610 2149 δὲ
2632 2092 3096 2162 ἀποστελλόμενον,
3122 2090 3215 2141 τὸν
3240 2088 3325 2156 λόγ

828 2199 990 2249 multa
1012 2195 1201 2248 habeat
1228 2192 1463 2255 nomina,
1492 2206 1635 2243 nunc
1662 2188 1951 2258 Sapientia,
1972 2201 2115 2239 nunc
2138 2186 2304 2239 Sermt

1849 2189 1951 2251 Illa,
1972 2201 2115 2239 nunc
2138 2186 2343 2245 Sermo.
2443 2188 2561 2241 τοτὲ
2593 2187 2688 2256 μὲν
2722 2184 2887 2251 Σοφία
2904 2222 2918 2247 ,
2943 2180 3062 2233 τοτὲ
3087 2179 3143 2232 δὲ
3160 2179 3325 2245 Λόγος

828 2298 880 2342 et
907 2285 1172 2340 interdum
1203 2283 1363 2346 Deus,
1390 2291 1441 2336 et
1473 2282 1605 2335 alias
1640 2280 1894 2334 Dominus
1921 2280 1975 2332 in
1996 2277 2189 2331 divinis
2227 2289 2304 2328 or:

1831 2296 1894 2333 us
1921 2280 1975 2332 in
1996 2277 2189 2331 divinis
2227 2289 2348 2328 ora-
2446 2279 2602 2331 πάλιν
2637 2276 2834 2346 Κύριος
2877 2272 2962 2325 διὰ
2999 2271 3108 2323 τῶν
3143 2269 3299 2322 Οείων

827 2379 965 2432 culis
1003 2384 1372 2445 nuncupatur;
1412 2372 1553 2442 quod
1600 2371 1646 2425 si
1690 2369 1976 2423 attenderis
2004 2365 2303 2435 quemadmt

1849 2369 1976 2422 ieris
2004 2365 2350 2435 quemadmo-
2460 2369 2779 2435 Ἑπιστήσας
2810 2364 2887 2427 δὲ,
2918 2362 3040 2414 τίνα
3068 2362 3267 2430 τρόπον
3293 2361 3325 2409 ὲν

830 2471 955 2523 dum
989 2468 1301 2522 brevissimo
1329 2472 1587 2532 tempore,
1627 2475 1836 2513 omnem
1880 2468 2142 2510 terrarum
2168 2455 2306 2509 orbe!

1880 2468 2142 2510 terrarum
2168 2455 2348 2509 orbem
2446 2456 2543 2525 τὴν
2584 2456 2760 2506 πᾶσαν
2810 2450 3133 2520 οἰκουμένην
3182 2446 3319 2515 ἔπλη

833 2558 1021 2613 Sermo
1048 2556 1304 2609 doctrina:
1330 2553 1472 2605 illius
1498 2548 1815 2617 impleverit,
1849 2546 2088 2615 profecto
2108 2544 2309 2599 vaticin‘

1849 2546 2088 2615 profecto
2108 2542 2345 2599 vaticinii
2449 2544 2607 2597 αὑτοῦ
2630 2544 2801 2610 λόγος,
2830 2537 2886 2595 εὖ
2912 2536 3005 2594 οἷδ’
3034 2541 3114 2592 ὅτι
3140 2539 3200 2590 τὸ
3231 2538 3325 2589 ἀπ(

832 2648 1177 2713 obstupesces
1237 2647 1484 2695 eventum
1527 2637 1794 2690 dicentis:
1831 2653 1848 2685 ι
1873 2633 2136 2687 Velociter
2182 2645 2307 2684 curr

1873 2633 2136 2687 Velocitcr
2182 2630 2350 2684 currit
2450 2633 2798 2704 προρῤήσεως
2829 2629 3174 2699 φασκούσηςο
3223 2645 3242 2678 ί
3276 2627 3325 2678 Ἴ

834 2749 1011 2790 sermo
1038 2732 1172 2800 ejus.
1207 2749 1225 2781 ι

2450 2722 2601 2789 λόγος
2639 2718 2819 2772 αὑτοῦ.
2852 2737 2869 2771 ι

1421 2854 1644 2910 CAPUT
1677 2854 1765 2908 Xl.
2907 2835 2911 2838 ’
2968 2821 3325 2902 umnam

839 2998 880 3051 Α
920 2993 1139 3048 secundo
1171 2991 1473 3058 Regnorum.
1508 3016 1575 3026 -——
1606 2986 1857 3058 Dominus
1898 2983 1958 3037 de
1994 2983 2117 3036 caelo
2149 2982 2315 3034 descer

1849 3002 1857 3035 ε
1898 2983 1958 3037 de
1994 2983 2117 3036 caelo
2149 2982 2356 3034 descen-
2466 2982 2609 3058 Ἀπρ
2641 2979 3222 3058 ιτῆςῌδιτευταεξρας-τῶιρ
3248 2982 3325 3031 Ba

894 3065 1039 3139 deus,
1068 3062 1155 3139 qui
1178 3050 1422 3139 gentium,
1452 3071 1564 3125 qua:
1601 3053 1916 3139 priusillum
1953 3068 2051 3105 non
2085 3065 2357 3130 cognosce-

1849 3069 1916 3104 tm
1953 3068 2051 3105 non
2085 3065 2358 3139 cognosce:
2527 3052 2782 3139 οιξρανοῦ
2801 3051 3039 3139 scurram,
3060 3050 3325 3139 ήτούμεν]

904 3116 1049 3195 bunt,
1079 3116 1430 3190 iiuzuexsistit,
1452 3116 1499 3178 ἐι
1531 3141 1563 3177 a
1582 3116 1812 3179 Iudaica
1839 3134 1982 3191 gente
2023 3116 2243 3187 seipsitm
2283 3125 2358 3170 est

1849 3134 1982 3191 gente
2023 3116 2243 3187 scipsittn
2283 3125 2358 3170 est
2520 3116 2705 3195 agdth
2750 3121 2956 3195 abtdr_
2986 3116 3178 3171 ἐθνῶν
3204 3158 3219 3183 ,
3267 3116 3325 3168 τὲ

898 3190 1192 3257 eversurus.
1844 3190 1851 3191 ί

1844 3190 1851 3191 ί
2386 3240 2433 3307 C
2525 3190 3157 3256 ἀποστραφησόμενος.

914 3352 932 3383 ι
965 3332 1030 3385 Et
1059 3332 1270 3386 locutus
1319 3335 1401 3384 est
1432 3325 1597 3381 David
1649 3323 1872 3378 Domino
1903 3317 2360 3376 verbacarminis

1849 3335 1872 3376 ο
1903 3317 2360 3376 verbacarminis
2538 3342 2555 3373 ι
2588 3322 2696 3374 Καὶ
2730 3320 2959 3390 ὲλάλησε
3001 3317 3170 3372 Δαόὶδ
3205 3316 3283 3386 τῷ
3313 3318 3325 3368 1

842 3425 1003 3493 hujus
1054 3423 1120 3478 δ’.
1164 3421 1362 3475 Deinde
1395 3431 1729 3487 progressus,
1762 3416 1833 3468 ita
1855 3413 1929 3466 ait
1963 3428 1978 3463 :
2015 3430 2033 3461 ι
2054 3410 2118 3463 Et
2144 3409 2318 3463 inclin:

1855 3413 1929 3466 ait
1963 3428 1978 3463 :
2015 3430 2033 3461 ι
2054 3410 2118 3463 Et
2144 3409 2365 3463 inclina-
2466 3410 2603 3479 ᾠδῆς
2629 3408 2846 3477 ταύτης.
2885 3426 2902 3457 ι
2935 3402 3050 3458 Εἶθ’
3086 3405 3211 3475 ἑξῆς
3234 3419 3325 3472 φης

845 3516 921 3567 vit
953 3513 1118 3567 caelos
1141 3518 1192 3565 et
1232 3509 1525 3570 descendit,
1555 3514 1608 3562 et
1639 3505 1808 3574 caligo
1836 3504 1937 3557 sub
1971 3501 2195 3571 pedibus
2216 3498 2321 3566 ejus

1849 3504 1937 3557 sub
1971 3501 2195 3571 pedibus
2216 3498 2362 3566 ejus;
2468 3501 2589 3562 νοὺς
2625 3499 2716 3552 καὶ
2755 3496 2958 3565 κατέϐη
2982 3535 2997 3559 ,
3039 3496 3134 3548 καὶ
3170 3493 3325 3562 γνόφε

846 3610 900 3656 et
925 3600 1162 3656 ascendit
1175 3612 1333 3666 super
1364 3596 1656 3657 cherubim,
1675 3601 1726 3648 et
1747 3592 1962 3653 volavit,
1990 3590 2186 3644 volavit
2206 3602 2322 3656 sup:

1849 3592 1962 3653 ivit,
1990 3590 2186 3644 volavit
2206 3600 2367 3656 super
2469 3588 2626 3642 αὐτοῦ
2650 3604 2664 3618 ’
2702 3588 2794 3639 καὶ
2825 3584 2997 3655 ἐπέϐη
3036 3583 3131 3636 ἐπὶ
3158 3592 3325 3653 χερουε

846 3705 1048 3759 pennas
1102 3694 1402 3748 ventorum,
1454 3694 1508 3740 et
1554 3684 1733 3754 posuit
1779 3683 2030 3737 tenebras
2084 3679 2322 3732 latibulul

1849 3683 2030 3737 nebras
2084 3679 2364 3732 latibulum
2473 3677 2645 3749 ρύγων
2671 3675 2898 3744 ἀνέμων,
2930 3674 3027 3725 καὶ¹
3051 3672 3200 3724 ἔθετο
3233 3670 3325 3722 σκό

850 3795 1005 3834 suum
1038 3798 1052 3832 :
1082 3797 1100 3828 ι
1131 3786 1241 3830 tum
1278 3777 1330 3828 in
1364 3775 1465 3828 line
1479 3775 1714 3842 ejusdem
1743 3773 1992 3827 carminis
2019 3771 2096 3823 ‘°:
2133 3787 2151 3818 ι
2178 3767 2326 3821 Libet

1849 3773 1992 3825 ninis
2019 3771 2096 3823 "°:
2133 3787 2151 3818 ι
2178 3767 2370 3821 Libera
2471 3765 2576 3817 Καὶ
2609 3762 2697 3813 ἐπὶ
2722 3761 2860 3814 τέλει
2885 3760 2988 3829 τῆς
3022 3760 3191 3828 αὐτῆς
3224 3759 3325 3829 ᾠδῆ

850 3882 957 3930 me,
986 3867 1174 3934 inquit,
1205 3865 1270 3919 de
1291 3863 1798 3918 contradictionibus
1828 3860 2029 3930 populi,
2079 3855 2326 3911 constitui

1849 3860 2029 3929 populi,
2079 3855 2371 3911 constitues
2474 3852 2532 3917 ἐξ
2577 3849 2883 3917 ἀντιλογιῶν
2934 3849 3089 3901 λαοῦ.
3139 3850 3325 3901 Κατασ

854 3972 939 4012 me
969 3956 1024 4009 in
1063 3964 1220 4023 caput
1246 3954 1515 4023 gentium;
1548 3954 1773 4021 populus
1801 3965 1958 4019 quem
1992 3962 2097 4000 non
2126 3958 2325 4013 cognov

1849 3965 1958 4002 uem
1992 3962 2097 4000 non
2126 3943 2368 4013 cognovi,
2475 3942 2657 3996 ἐθνῶν.
2692 3942 2827 4001 Aab;
2859 3938 2916 3990 ὃν
2952 3939 3055 3991 οὐκ
3087 3938 3279 4006 ἔγνων,
3311 3939 3325 3988 ἐ

856 4040 1073 4095 servivit
1112 4039 1277 4101 mihi;
1308 4039 1363 4091 in
1411 4038 1593 4092 auditu
1642 4037 1786 4091 auris
1811 4035 2045 4089 obedivit
2076 4032 2244 4095 mihi;
2280 4029 2332 4082 ﬁl

1838 4032 2244 4095 ›ι)οι1ἰγίιιῐιὶιιὶ;
2280 4029 2371 4082 lilii
2476 4032 2631 4085 ὠτίου
2687 4027 2960 4096 ὑπήκουσέ
3020 4045 3143 4096 μου.
3196 4028 3314 4079 Υἱοὶ

856 4130 1017 4183 alieni
1045 4127 1354 4194 rejicientur
1381 4128 1445 4181 ⁵⁷.
1487 4147 1505 4180 ι
1532 4126 1633 4191 Qui
1667 4125 1941 4180 inclinavit
1966 4123 2154 4184 caelos,
2198 4129 2250 4174 et
2282 4119 2332 4173 (1(

1849 4125 1941 4176 ivit
1966 4123 2154 4184 caelos,
2198 4129 2250 4174 et
2282 4119 2375 4173 de-
2480 4137 2675 4173 σονται.
2722 4136 2744 4168 ι
2804 4116 2862 4169 'U
2912 4117 3107 4180 κλίνας
3152 4117 3325 4188 οὑραν‹

857 4220 1064 4274 scendit
1089 4216 1250 4279 Deus,
1269 4217 1357 4284 qui
1380 4223 1709 4285 assumptum
1739 4214 1842 4269 sibi
1869 4211 2134 4264 hominem
2165 4209 2333 4263 inscor

1869 4211 2134 4264 hominem
2165 4209 2377 4263 inscon-
2478 4215 2507 4265 ὁ
2534 4209 2721 4272 ἐπιϐὰς
2751 4202 2795 4274 ᾧ
2824 4205 3115 4276 ἀνείληφεν
3135 4205 3325 4278 ἀνθρώ⁴

858 4309 937 4362 dit
970 4307 1147 4377 (quem
1177 4322 1306 4361 sane
1349 4307 1640 4368 hominem,
1681 4317 1823 4358 nunc
1870 4301 2144 4355 oraculum
2185 4298 2334 4352 chert

1870 4301 2144 4355 oraculum
2185 4298 2378 4352 cberu—
2481 4302 2509 4352 ὁ
2542 4299 2692 4366 λόγος
2718 4293 3010 4366 ὀνομάζει,
3044 4296 3250 4366 ἀνέπτη
3286 4296 3325 4346 σέ

858 4396 969 4450 bim
989 4392 1268 4464 nominat),
1294 4394 1489 4446 volavit
1512 4407 1633 4445 cum
1654 4406 1718 4444 eo
1742 4402 1976 4449 sursum,
1999 4383 2334 4439 comitantibt

1849 4402 1976 4449 sum,
1999 4383 2379 4439 comitantibus
2483 4385 2769 4456 ποιημένος
2823 4383 2965 4453 μετὰ
3018 4385 3127 4439 τῶν
3187 4385 3325 4455 δορυε

861 4485 1291 4555 stipantibusque
1323 4484 1494 4552 ipsum
1544 4481 1740 4536 divinis
1784 4477 2081 4546 spiritibus,
2114 4474 2205 4542 qui
2237 4489 2337 4526 nun

1852 4477 2081 4542 iritibus,
2114 4474 2205 4542 qui
2237 4471 2394 4527 nunc
2484 4479 2832 4549 πνευμάτων,
2866 4479 3157 4548 πτερύγων
3196 4479 3325 4549 ἀνέμ

862 4575 964 4644 ipsi
994 4588 1204 4642 quoque
1232 4581 1511 4639 ventorum
1538 4584 1723 4639 pennae
1750 4567 2104 4635 appellantur.
2138 4561 2338 4617 Obscur

1849 4567 2104 4619 .ellantur.
2138 4561 2378 4617 Obscure
2408 4576 2452 4631 ο
2479 4570 2688 4634 ζόντων.
2713 4567 3012 4629 Σκοτεινῶς
3039 4567 3096 4619 δὲ
3127 4567 3298 4619 ταῦτα
3322 4584 3325 4617 τ

861 4679 990 4721 vero
1023 4664 1132 4717 haec
1153 4670 1206 4717 et
1253 4663 1306 4716 in
1338 4660 1652 4722 abscondito
1685 4657 1822 4711 facta
1853 4670 1992 4718 esse,
2019 4669 2113 4723 per
2143 4652 2337 4722 quaedal

1853 4670 1992 4718 esse,
2019 4669 2113 4723 per
2143 4652 2382 4722 quaedam
2484 4655 2694 4726 νῆσθαι,
2726 4652 2867 4705 κατά
2924 4650 3075 4717 τινας
3147 4656 3324 4725 ἀπορῤ

865 4771 1058 4812 arcana
1096 4762 1149 4809 et
1194 4754 1413 4807 latentia
1455 4751 1617 4807 verba
1658 4746 1945 4816 signiﬁcat,
1997 4744 2087 4798 ubi
2115 4744 2218 4796 ait:
2261 4758 2280 4791 ι
2317 4740 2341 4792 ι

1822 4746 1945 4809 icat,
1997 4744 2087 4798 ubi
2115 4744 2218 4796 ait:
2261 4758 2280 4791 ι
2317 4740 2383 4792 El
2484 4747 2768 4800 αἰνίττεται
2787 4743 3002 4812 λόγους,
3040 4747 3263 4815 φάσκων
3286 4762 3298 4776 ·

868 4847 1046 4916 posuit
1081 4846 1329 4900 tenebras
1377 4842 1658 4897 latibulum
1711 4852 1885 4893 suum.
1911 4856 1929 4888 ι
1966 4835 2094 4901 Quae
2133 4847 2259 4888 vero
2300 4846 2344 4885 se

1848 4852 1929 4889 ι.»
1966 4835 2094 4901 Quae
2133 4847 2259 4888 vero
2300 4846 2384 4885 se-
2484 4830 2689 4902 κρυφὴν
2748 4830 2933 4884 αὐτοῦ.
2979 4852 2999 4884 ›
3062 4833 3144 4885 Τὰ
3192 4834 3249 4885 δὲ
3300 4834 3324 4885 ὲ

869 4942 1106 5002 quuntur
1150 4934 1423 5002 deinceps,
1469 4936 1755 4997 assumptae
1811 4943 1842 4979 a
1885 4926 2100 4980 Christo
2152 4919 2345 4976 homini

1885 4926 2100 4980 Christo
2152 4919 2385 4976 hominis
2484 4920 2710 4992 Χριστοῦ
2756 4921 3167 4993 ὲνανθρωπήσει
3225 4923 3320 4992 τὴν

875 5030 1078 5075 natura:
1115 5032 1470 5078 consentanea
1510 5027 1655 5082 sunt,
1684 5025 1736 5072 et
1770 5015 2243 5070 contradictionem
2270 5023 2351 5080 qu:

1847 5015 2243 5070 ntradictionem
2270 5022 2386 5080 qua:
2485 5011 2781 5078 ἀντιλογίαν
2805 5011 2898 5064 τοῦ
2933 5013 3200 5065 Ἰουδαίων
3227 5013 3323 5065 λαο

875 5109 1133 5164 adversus
1170 5112 1317 5164 illum
1354 5112 1490 5168 facta
1518 5119 1600 5168 cst
1625 5108 1831 5164 Judaici
1854 5107 2031 5176 populi
2071 5102 2351 5174 praecinunt

1854 5107 2031 5176 populi
2071 5102 2386 5174 praecinunt,
2491 5102 2655 5156 ἐθνῶν
2690 5103 2926 5175 ὲπακοὴν
2951 5105 3049 5175 τῆς
3073 5100 3163 5158 τοῦ
3186 5106 3325 5175 Χρισ

878 5210 1087 5251 necnon
1117 5197 1370 5254 doctrina:
1390 5203 1585 5258 Christi
1623 5207 1807 5271 gentes
1829 5212 1946 5251 esse
1971 5194 2354 5248 auscultaturas

1847 5212 1946 5251 :ssc
1971 5194 2386 5248 auscultaturas:
2491 5190 2546 5242 δὲ
2577 5192 2779 5262 ῥήμασι
2800 5192 2866 5246 τὰ
2893 5194 3244 5265 παραπλήσια
3266 5193 3323 5244 εὖ

880 5285 1069 5340 iisdem
1102 5298 1260 5353 porro
1285 5291 1459 5346 verbis
1480 5293 1673 5348 similia
1699 5288 1938 5345 invenies
1965 5287 2018 5339 in
2056 5282 2261 5352 psalmo
2299 5277 2356 5331 de

1849 5288 1938 5341 lies
1965 5287 2018 5339 in
2056 5282 2261 5352 psalmo
2299 5277 2393 5331 de-
2494 5280 2641 5350 κάτῳ
2661 5280 2876 5352 ψαλμῷ,
2907 5285 2986 5346 είς
3017 5283 3052 5337 ἃ
3087 5284 3154 5336 τὰ
3188 5281 3325 5350 φανέί

880 5375 1020 5429 εὶωο
1060 5374 1314 5439 semimo:
1349 5377 1402 5431 in
1447 5396 1560 5450 qua:
1595 5379 1736 5454 quod
1764 5377 1918 5434 nobis
1949 5374 2121 5429 visum
2144 5380 2244 5433 est,
2270 5373 2392 5420 ante

880 5467 985 5534 iam
1021 5462 1269 5517 diximus.

953 5655 1002 5689 ⁸⁸
1023 5655 1160 5710 Psal.
1183 5668 1363 5724 (ιιιιιι,
1388 5667 1437 5721 9,
1495 5668 1540 5702 ⁸³
1572 5665 1711 5724 Psal.
1743 5676 1940 5726 cxrvu,
1976 5661 2061 5715 12.
2133 5656 2178 5689 ⁸⁸
2209 5651 2337 5709 ibid.
2366 5648 2449 5704 t5.
2524 5647 2568 5680 "
2599 5645 2741 5702 Psal.
2768 5663 2900 5712 xvii,
2927 5650 2977 5702 ι.
3054 5649 3099 5681 ⁸⁸
3128 5647 3256 5703 ibid.
3292 5647 3315 5701 l
