3738 6284
732 839 740 847 ,
834 779 984 834 valde
1038 774 1232 828 talibus
1280 772 1560 841 promissis
1622 772 1837 841 gavisus
1886 779 1970 825 est
2024 788 2038 824 :

823 386 930 457 ’ἄδι
1459 389 1720 448 EUSEBII
1746 378 2210 445 CIESKRIENSIS
2245 380 2391 441 OPP.
2431 379 2608 437 PARS
2641 379 2705 436 II.
2734 409 2808 465 1-
2846 376 3326 434 ΑΡοιοοΕτιοΑί

839 512 1007 570 danda
1037 523 1193 578 quam
1214 507 1360 572 sibi,
1392 521 1513 560 cum
1545 514 1687 560 esset
1734 519 1946 573 quoque
1994 502 2134 556 [ilius
2183 499 2311 552 Davi

1845 519 1946 572 que
1994 502 2134 556 [ilius
2183 486 2450 562 David,'A
2476 496 2838 563 ἐπαγγελίαις,
2897 492 2989 546 καὶ
3047 495 3321 563 συνεύχετα

835 605 1157 668 vidissetque
1206 613 1362 661 eum,
1416 598 1509 666 qui
1557 611 1585 647 a
1625 596 1732 650 Deo
1767 592 2159 663 Primogenitus
2204 605 2311 644 non

1849 592 2159 663 lmogenitus
2204 590 2380 644 nomi-
2473 587 2855 656 προρρήσεως,
2901 583 3237 653 ἐπιδημήσειν
3278 602 3325 635 τε

836 700 1067 751 naretur,
1098 687 1290 755 quippe
1321 685 1475 754 plane
1504 684 1642 738 ﬁlius
1694 683 1791 736 Dei
1833 682 2098 735 diceretur
2127 679 2308 732 futuru

1849 682 2098 735 liceretur
2127 679 2372 734 futurus:
2471 673 2810 743 Πρωτὸτοκον
2839 673 2930 724 καὶ
2968 672 3099 723 Θεοῦ
3143 671 3259 723 Υἱὸν
3296 673 3325 724 ἁ

2094 776 2148 822 et
2199 767 2358 821 simul
2460 782 2486 814 νι
2517 765 2624 815 Καὶ
2653 763 2764 825 νῦν,
2801 764 2829 814 ὁ
2862 762 2991 824 Θεὸς
3027 761 3251 831 Ἰσραὴλ,
3283 781 3325 813 πῖ

835 865 1101 935 exoptavit
1140 862 1446 917 conﬁrmari
1491 876 1584 925 ea,
1630 875 1749 929 qua:
1780 859 1849 913 ad
1888 859 1991 913 hoc
2024 857 2311 912 'vaticiniul

1888 859 1991 913 hoc
2024 857 2356 912 vaticinium
2462 870 2574 918 σου,
2607 852 2635 904 ὃ
2665 851 2926 920 ὲλάλησας
2962 850 3038 920 τῷ
3081 850 3223 902 παιδί
3255 867 3325 902 σοι

836 958 1193 1031 pertinerent,
1244 966 1456 1006 necnon
1510 959 1793 1005 venturum
1825 950 1971 1003 illum
2003 949 2069 1003 de
2096 963 2202 1017 quo
2234 962 2312 1015 prt

1849 950 1971 1003 llum
2003 949 2069 1003 de
2096 963 2202 1017 quo
2234 962 2359 1015 pro-
2456 942 2537 995 ὅτι
2573 944 2620 994 εἰ
2647 940 2858 1010 ἀληοῶς
2886 940 3200 1010 κατοικήσει
3240 939 3325 991 Θεὶ

833 1030 1012 1113 phetia
1066 1042 1391 1110 loqueretur.
1442 1038 1865 1109 Primogenitum
1919 1050 1983 1089 ac
2034 1034 2128 1088 Dei
2160 1034 2309 1088 Filim

1849 1052 1865 1089 ι
1919 1050 1983 1089 ac
2034 1034 2128 1088 Dei
2160 1034 2354 1088 Filium
2458 1033 2553 1103 τῆς
2577 1033 2695 1102 γῆς,
2726 1034 2772 1083 εξ
2797 1034 2825 1084 ὁ
2848 1031 3070 1101 οὐρανὸς
3095 1030 3191 1083 καὶ
3216 1032 3242 1082 ὁ
3272 1030 3325 1081 οὐ

834 1136 1046 1191 interim
1097 1134 1246 1186 illum
1298 1131 1589 1200 appellans.
1629 1127 1889 1193 Quocirca
1939 1126 2017 1181 sic
2062 1125 2184 1180 ait:
2239 1123 2310 1176 «1

1455 1131 1589 1184 lans.
1629 1127 1889 1193 Quocirca
1939 1126 2017 1181 sic
2062 1125 2184 1180 ait:
2239 1142 2258 1175 ι
2293 1123 2359 1178 Ει
2460 1123 2745 1193 ἀρκέσουσί
2776 1139 2875 1173 σοι.
2910 1139 2927 1171 ι

832 1240 1006 1290 nunc,
1054 1221 1275 1276 Domine
1320 1220 1460 1275 Deus
1518 1220 1713 1284 Israel,
1760 1218 2105 1272 conﬁrmetur
2134 1215 2351 1269 verbum
2384 1220 2568 1275 tuum,
2600 1211 2739 1281 quod
2770 1212 2978 1266 locutus
3025 1225 3086 1264 es
3142 1227 3309 1281 puero

838 1317 1086 1387 quoniam
1113 1315 1159 1369 si
1188 1330 1310 1370 vere
1337 1313 1592 1369 habitabit
1608 1312 1744 1367 Deus
1780 1326 1904 1367 cum
1940 1310 2246 1366 hominibus
2275 1322 2435 1377 super
2453 1314 2658 1361 terram
2677 1344 2693 1369 ,
2723 1307 2770 1360 si
2800 1306 2994 1358 coelum
3025 1313 3080 1357 et
3111 1306 3308 1360 coelum

1388 1404 1618 1460 CAPUT
1654 1404 1792 1461 XIII.

834 1495 878 1549 Α
909 1493 958 1548 Μ
968 1494 1147 1548 ἰεὴωα.
1168 1522 1234 1532 —
1258 1494 1329 1547 De
1359 1494 1603 1547 descensu
1635 1495 1698 1547 de
1726 1493 1847 1546 caelo
1884 1492 1954 1545 ad
1991 1491 2219 1545 homines
2239 1529 2253 1555 ,
2285 1506 2348 1542 ac

902 1564 964 1617 de
1006 1564 1183 1631 futura
1233 1564 1287 1615 in
1333 1563 1549 1615 adventu
1596 1564 1706 1630 ejus
1744 1562 1977 1614 Iudaicae
2019 1561 2181 1631 gentis
2220 1560 2351 1625 reje-

903 1629 1096 1695 ctmne,
1125 1642 1173 1684 et
1195 1632 1506 1699 reliquarum
1535 1629 1760 1683 annuum
1788 1632 2012 1700 gentium
2055 1629 2345 1697 adoptione.

908 1863 926 1895 ‹
955 1845 1166 1909 Audite,
1196 1846 1373 1915 populi
1436 1856 1752 1911 omnes,‘et
1791 1848 2027 1903 attendat
2070 1857 2247 1914 terra,
2296 1858 2350 1905 et

824 1950 1020 1990 omnes
1051 1935 1142 2004 qui
1172 1934 1223 1987 in
1255 1950 1316 1988 ea
1348 1945 1488 1990 sunt.
1527 1936 1592 1989 Et
1622 1937 1725 1991 erit
1774 1937 2029 1994 Dominus
2067 1939 2206 1995 Deus
2254 1956 2349 1994 vc-

820 2034 946 2081 .itcr
973 2025 1027 2077 in
1045 2025 1429 2087 testimonium,
1458 2024 1712 2082 Dominus
1736 2028 1801 2082 de
1826 2028 1982 2083 domo
2009 2040 2192 2084 sancta
2219 2046 2346 2085 sua:

832 2113 984 2182 2,71
1020 2113 1269 2182 quoniam
1298 2129 1421 2168 ecce
1445 2113 1700 2169 Dominus
1718 2119 1987 2187 egreditur
2000 2135 2064 2173 ex
2085 2120 2203 2174 loco
2231 2135 2349 2185 suo,

830 2210 883 2257 et
915 2204 1200 2258 descendet
1229 2219 1389 2273 super
1416 2205 1723 2261 altitudines
1752 2216 1926 2271 terra},
1958 2216 2011 2262 et
2047 2224 2352 2264 commove-

828 2295 1024 2349 buntur
1051 2304 1258 2351 montes
1306 2296 1492 2350 subter
1534 2312 1597 2351 eo
1623 2336 1637 2361 ,
1677 2307 1729 2351 et
1765 2299 1928 2354 valles
1976 2300 2269 2368 liquescent
2294 2307 2354 2353 ut

828 2400 950 2440 cera
977 2401 1006 2438 a
1039 2386 1353 2455 lacie-ignis,
1375 2394 1428 2441 et
1446 2388 1585 2440 sicut
1610 2403 1743 2458 aqua
1767 2405 1885 2458 quae
1925 2390 2159 2445 defertur
2181 2392 2232 2444 in
2256 2395 2350 2446 de-

827 2488 1073 2529 scensum
1096 2493 1108 2528 :
1132 2484 1348 2544 pmpter
1382 2475 1702 2545 impietatem
1745 2475 1911 2532 Jaeob
1951 2480 2131 2534 omnia
2198 2481 2349 2542 haec,

825 2568 879 2615 et
912 2570 1126 2630 propter
1158 2570 1434 2631 peccatum
1462 2562 1653 2618 domus
1669 2562 1833 2619 Israel
1844 2565 1909 2620 ⁸⁷.
1930 2585 1948 2617 ι
1968 2566 2121 2622 Nunc
2142 2581 2353 2636 quoque

827 2658 1007 2719 aperte
1039 2650 1294 2708 Dominus
1328 2653 1468 2708 Deus
1524 2654 1591 2709 de
1641 2656 1778 2709 cmlo
1799 2656 2149 2721 descendens,
2179 2658 2351 2727 deque

826 2742 942 2795 loco
965 2758 1062 2797 suo
1087 2743 1383 2813 egrediens.
1403 2744 1454 2798 in
1482 2745 1546 2799 iis
1558 2759 1681 2813 qua:
1705 2746 1974 2814 proposita
1997 2753 2121 2801 sunt
2141 2747 2353 2799 nuntia-

829 2838 951 2884 tur:
985 2833 1087 2885 erit
1120 2840 1293 2887 autem
1325 2833 1426 2886 hoc
1450 2831 1541 2886 Dei
1569 2833 1819 2899 Verbum,
1851 2832 1995 2903 quod
2025 2835 2079 2887 in
2116 2834 2201 2898 iis,
2235 2848 2354 2903 qua:

825 2922 971 2989 prius
999 2921 1138 2975 dicta
1167 2930 1311 2985 sunt,
1334 2938 1453 2977 cum
1479 2924 1710 2994 genitum
1740 2925 1828 2984 sit,
1856 2940 1978 2978 eum
2027 2939 2147 2979 esse
2186 2923 2352 2979 Deum

824 3024 887 3064 ac
932 3010 1211 3066 Dominum
1235 3051 1251 3078 ,
1279 3019 1333 3068 et
1357 3015 1534 3067 omnia
1573 3014 1674 3068 sub
1703 3029 1761 3068 se
1803 3013 2079 3068 habentem
2132 3014 2353 3068 demon-

2956 1398 3326 1449 ΚΕΦΑΛᾹΙΟὒ

2454 1489 2600 1543 Ἀπὸ
2645 1487 2748 1541 τοῦ
2800 1487 3037 1555 Μιχαία.
3067 1516 3136 1525 -
3163 1487 3298 1552 Περὶ

2515 1556 2858 1623 ἀνθρώπους
2882 1554 3191 1623 καθόδου»
3216 1554 3312 1606 καὶ

2509 1622 2758 1693 ρουο-ἰας
2778 1624 2957 1693 αὑτοῦ
2989 1622 3308 1690 γενομένης

2527 1693 2815 1746 Ἰουδαίων
2869 1692 3079 1754 ἔθνους
3100 1729 3118 1751 ,
3162 1693 3326 1743 εἰσ-πί

2516 1760 2642 1813 πῶν
2676 1760 2948 1813 ἁπάντων
2972 1759 3177 1812 ἐθνῶν.

2524 1872 2542 1904 ι
2565 1852 2873 1917 Ἀκούσατε,
2893 1851 3011 1903 λαοὶ¹
3038 1851 3259 1913 πάντες,
3290 1868 3326 1903 κ

2450 1943 2646 2004 πάντες
2693 1943 2738 1993 οἱ
2783 1940 2839 1993 ὲν
2884 1941 3038 2011 αὐτῇ.
3068 1941 3179 1993 Καὶ
3228 1940 3325 1991 ἐστι

2449 2035 2527 2096 εἰς
2563 2031 2873 2103 μαρτύριον,
2907 2030 3108 2102 Κύριος
3159 2030 3220 2095 ἐξ
3266 2033 3326 2083 οἷς

2453 2122 2558 2175 ἰδοὺ
2602 2121 2800 2191 Κύριος
2836 2120 3184 2191 ἐκπορεύεται
3230 2121 3298 2173 ὲκ

2449 2208 2808 2279 καταϐήσεται
2835 2210 2925 2261 ἐπὶ
2963 2211 3032 2260 τὰ
3072 2208 3185 2278 ὕψη
3210 2208 3311 2277 τῆς

2448 2295 2518 2349 τὰ
2542 2296 2640 2367 ὅρη
2672 2294 3010 2349 ὑποκάτωθεν
3036 2296 3228 2359 αὑτοῦ,
3264 2314 3326 2349 κο

2449 2401 2536 2437 ται
2557 2385 2630 2447 ὼς
2662 2385 2826 2455 κηρὸς
2857 2384 2962 2437 ἀπὸ
2986 2385 3284 2455 προσώπου
3309 2403 3326 2437 Ἰ

2447 2476 2805 2547 ταφερόμενον
2861 2477 2918 2529 ἐν
2979 2476 3286 2529 καταϐάσει
3313 2492 3326 2505 ·

2449 2567 2622 2620 πάντα
2644 2565 2831 2628 ταῦτα,
2855 2565 2948 2617 καὶ
2994 2565 3063 2617 δι’
3094 2566 3326 2637 ἁμαρτίε

2448 2655 2541 2708 νῦν
2572 2653 2887 2718 ἀκαλύπτως
2929 2655 2987 2720 ἐξ
3043 2656 3283 2726 οὐρανοῦ

2448 2743 2866 2815 ὲκπορεύόμενός
2889 2760 2949 2795 τε
2989 2746 3056 2796 ἐκ
3080 2745 3179 2796 τοῦ
3214 2745 3324 2797 τόπ

2448 2835 2710 2906 κειμένων
2737 2834 3061 2904 κηρύττεται
3086 2851 3098 2864 ·
3145 2834 3235 2904 εἴη
3267 2834 3312 2887 δ’

2445 2926 2505 2978 ὃν
2542 2925 2696 2995 μόνον
2728 2924 2815 2978 διὰ
2843 2923 2947 2976 τῶν
2974 2923 3299 2994 ἔμπροσθεν
3323 2942 3326 2951 ’

2450 3015 2544 3068 καὶ
2569 3014 2766 3085 Κύριον
2798 3012 2932 3083 μετὰ
2964 3013 3057 3065 τὸν
3094 3014 3326 3066 ἁνωτάτ.

822 3102 1125 3157 Stravimus.
1170 3101 1371 3158 Locum
1398 3112 1571 3157 autem
1606 3102 1722 3171 ejus
1753 3118 1861 3157 non
1901 3103 2136 3166 aberres,
2161 3102 2207 3158 si
2235 3118 2298 3158 ca

1849 3120 1861 3156 ι
1901 3103 2136 3166 aberres,
2161 3102 2207 3158 si
2235 3111 2413 3168 εαξοο
2443 3104 2733 3174 εδείξαμεν.
2769 3103 2940 3156 Τόπον
2955 3102 3004 3154 δ’
3029 3102 3205 3155 αὑτοῦ
3229 3105 3325 3157 οὐκ

822 3190 953 3245 lestc
982 3206 1202 3260 regnum
1253 3207 1374 3248 esse
1419 3192 1568 3247 dicas
1591 3231 1605 3256 ,
1635 3193 2022 3261 gloriosamque
2048 3193 2341 3249 divinitatis

819 3282 938 3349 ejus
969 3282 1167 3347 sedem,
1198 3297 1359 3351 quam
1414 3282 1709 3352 theologice
1765 3283 2029 3338 extollens
2082 3282 2345 3353 Propheta

822 3368 1118 3437 psallebat,
1177 3383 1239 3425 ac
1288 3368 1581 3423 dicebatzc
1615 3366 1781 3423 Sedes
1824 3376 1938 3431 tua,
1967 3366 2126 3431 Deus,
2167 3368 2220 3421 in
2251 3382 2349 3422 sa:-

820 3459 995 3512 culum
1042 3460 1217 3513 saeculi
1252 3460 1336 3513 "z
1381 3478 1400 3511 ι
1437 3474 1600 3528 super
1628 3473 1733 3528 qua
1765 3459 1937 3528 ipsum
1993 3460 2177 3514 sedere
2220 3467 2347 3513 tan-

819 3563 978 3618 quam
1012 3549 1225 3603 unicum
1254 3549 1446 3603 Filium
1471 3549 1634 3619 jussit
1655 3549 1813 3603 Pater
1837 3549 1942 3603 illis
1968 3550 2142 3605 verbis
2172 3568 2184 3602 :
2216 3567 2234 3601 ι
2261 3548 2349 3604 Se-

821 3638 887 3693 de
914 3655 943 3693 a
965 3640 1163 3693 dextris
1194 3641 1327 3694 meis
1355 3641 1421 3692 ⁵⁸.
1466 3659 1485 3692 ιι
1518 3639 1649 3692 Nam
1678 3639 1789 3694 haec
1816 3640 1971 3708 plane
2011 3639 2122 3707 jam
2172 3646 2344 3702 antea,

818 3730 887 3784 ad
926 3745 1088 3783 unum
1125 3728 1450 3783 Salvatorem
1505 3737 1744 3784 nostrum
1801 3728 1966 3784 Deum
2004 3727 2231 3782 Verbum
2263 3743 2347 3783 re-

819 3817 1037 3874 ferenda
1073 3832 1192 3872 esse
1244 3818 1458 3886 planum
1512 3819 1752 3873 iecimus.
1783 3817 1937 3871 Hunc
1964 3818 2124 3887 igitur
2169 3818 2343 3887 ipsum

823 3920 1057 3977 praesens
1086 3905 1361 3959 oraculum
1421 3909 1566 3960 canit
1594 3907 1945 3976 egredientem
1975 3907 2041 3961 de
2080 3908 2196 3961 loco
2224 3922 2342 3970 suo,

822 3999 1201 4052 descensurum
1220 4011 1322 4064 que
1338 4012 1497 4065 super
1511 3996 1817 4052 altitudines
1846 4003 2016 4050 terrae.
2065 3996 2229 4050 Porro
2252 4012 2346 4050 au-

823 4097 927 4143 tem
945 4101 1184 4157 quaenam
1199 4087 1279 4140 hae
1298 4086 1426 4150 sint,
1448 4088 1574 4152 nisi,
1588 4088 1641 4142 id
1664 4088 1804 4157 quod
1827 4086 2110 4155 ipsawerba
2131 4094 2342 4152 sonant,

823 4184 1030 4232 montes
1054 4174 1218 4230 Israel
1244 4184 1297 4229 et
1331 4176 1527 4240 colles,
1579 4175 1645 4229 de
1684 4177 1879 4245 quibus
1931 4176 2345 4231 innumerabiles

821 4266 1110 4336 prophetia;
1138 4263 1527 4318 valicinantur?
1552 4263 1773 4334 ipsaque
1792 4264 2106 4333 Jerusalem,
2131 4271 2184 4319 et
2221 4280 2344 4319 cum

819 4372 882 4412 ea
905 4370 1057 4410 mons
1080 4353 1209 4408 Sion
1229 4392 1244 4417 ,
1267 4353 1323 4406 in
1346 4368 1452 4423 quo
1478 4353 1762 4422 plurimum
1794 4353 2091 4407 diversatus
2118 4360 2200 4407 est
2232 4353 2345 4406 Sal-

816 4454 973 4503 valor
1001 4459 1063 4499 ac
1082 4443 1335 4498 Dominus
1368 4443 1580 4496 noster?
1601 4440 1732 4494 Nam
1751 4441 1863 4498 fore
1892 4442 2076 4495 talium
2107 4441 2344 4496 altitudi-

2452 3213 2538 3248 ναι
2570 3193 2663 3265 τὴν
2688 3196 2743 3247 ὲν
2765 3194 3011 3263 οὐρανοῖς
3038 3193 3326 3263 βασιλείαν

2445 3302 2604 3356 τητος
2636 3281 2794 3337 αὐτοῦ
2839 3282 3054 3353 Θρόνον,
3083 3284 3146 3337 ὃν
3182 3284 3326 3338 θεολ(

2446 3376 2554 3440 λεν,
2586 3393 2606 3426 ι
2645 3375 2702 3426 '0
2750 3373 2933 3444 θρόνος
2977 3392 3101 3438 σου,
3149 3394 3170 3426 ι
3211 3377 3326 3443 φάσ

2445 3462 2611 3516 αἰῶνα
2627 3460 2718 3514 τοῦ
2741 3460 2930 3524 αἰῶνος
2946 3477 2960 3490 ·
2979 3480 3000 3512 ι
3023 3462 3115 3531 ἐφ’
3146 3461 3207 3514 ὃν
3240 3463 3326 3514 αὐ*

2449 3554 2735 3621 μονογενεῖ,
2786 3549 3119 3613 καθέζεσθαι
3147 3570 3326 3624 παρεκ

2445 3638 2535 3691 ϐου
2571 3642 2634 3692 ὲκ
2662 3639 2846 3705 δεξιῶν
2878 3657 3006 3709 μου.
3050 3661 3070 3693 ι
3109 3643 3307 3697 Ταῦτα

2445 3746 2537 3800 ρον
2558 3730 2649 3782 ἐπὶ
2671 3730 2827 3799 μόνον
2857 3732 3244 3803 ἀναφέρεσθαι
3268 3735 3326 3786 τὸ

2443 3818 2573 3870 Θεὸν
2608 3819 2776 3885 Λόγον
2813 3823 3280 3893 παρεστήσαμεν.

2443 3906 2907 3981 παρὼνλθεσπίζει
2955 3910 3126 3979 λόγος
3175 3915 3325 3981 ὲκποχ

2442 3997 2627 4061 αὑτοῦ,
2650 3998 3064 4068 καταϐήσεσθαί
3104 4019 3168 4055 τε
3219 4003 3319 4055 ἐπὶ

2441 4084 2485 4136 δ’
2521 4085 2586 4138 ἂν
2617 4085 2704 4152 εἴη
2741 4085 2912 4140 ταῦτα
2936 4127 2951 4150 ,
3005 4090 3041 4158 ἢ
3089 4091 3279 4161 ῥητῶς
3313 4110 3326 4162 ι

2442 4173 2534 4226 καὶ
2564 4175 2611 4226 οἱ
2644 4174 2837 4243 βουνοὶ,
2881 4180 3023 4250 περὶ
3050 4176 3131 4234 ὧν
3170 4183 3326 4253 μυρία

2445 4292 2547 4340 σιν,
2579 4278 2713 4348 αὐτή
2738 4297 2796 4332 τε
2824 4280 3207 4356 Ἰερουσαλὴμ.
3232 4288 3326 4339 καὶ

2444 4366 2695 4430 πλείστας
2738 4370 2983 4425 ἐποιεῖτο
3029 4373 3326 4447 διατριϐὰς

2446 4458 2637 4527 ἡμῶνς
2672 4458 2885 4513 Τούτων
2913 4462 2981 4516 δὲ
3030 4465 3326 4539 διαφθορὰ*

821 4550 947 4589 num
989 4533 1336 4604 perditionem
1381 4540 1540 4602 atque
1578 4529 1883 4595 interitum,
1933 4532 2077 4584 canit
2121 4530 2177 4584 in
2227 4531 2297 4600 ips

1868 4570 1883 4595 ν
1933 4532 2082 4632 calli:
2121 4530 2177 4632 ξη
2215 4531 2343 4632 ips.”
2374 4528 2417 4584 υ
2441 4549 2531 4603 ἐπὶ
2560 4552 2625 4620 τῇ
2655 4549 2744 4602 τοῦ
2774 4553 3019 4622 Χριστοῦ
3317 4563 3325 4613 l

817 4626 1018 4680 Christi
1050 4625 1309 4679 descensu
1340 4639 1353 4677 :
1388 4630 1441 4676 et
1472 4636 1599 4676 sane
1626 4626 1856 4683 constat,
1887 4630 2008 4689 post
2051 4618 2342 4677 Salvatoris

821 4716 992 4772 nostri
1021 4716 1305 4770 adventum
1336 4722 1558 4782 postque
1613 4725 1676 4764 ea
1722 4725 1841 4780 quae
1887 4711 2143 4767 adversus
2194 4712 2341 4765 illum

822 4814 947 4860 sunt
976 4806 1114 4870 ausi,
1135 4805 1381 4858 universa
1426 4802 1535 4865 illa,
1570 4815 1689 4870 qua;
1709 4815 1879 4870 nuper
1897 4801 2038 4855 dicta
2070 4810 2215 4863 sunt,
2245 4801 2342 4856 de-

819 4897 1068 4964 p0pulata
1101 4894 1285 4957 fuisse,
1324 4903 1375 4947 et
1399 4891 1464 4945 ad
1484 4898 1773 4946 extremam
1822 4891 2159 4947 solitudinem
2190 4890 2344 4945 reda-

819 4991 904 5036 cta
931 5001 1049 5040 esse
1074 5004 1088 5039 :
1120 4993 1481 5040 verumtamen
1507 4980 1740 5035 Iudaicae
1765 4996 1975 5052 quoque
2005 4983 2175 5054 gentis
2196 4981 2346 5053 prin-

818 5072 983 5139 οἰνος,
1001 5083 1053 5128 et
1078 5077 1215 5144 quod
1241 5080 1384 5144 prius
1408 5089 1570 5145 penes
1596 5072 1739 5141 ipsos
1769 5087 1988 5142 regnum
2008 5075 2199 5138 Stabat,
2215 5087 2341 5128 nec-

820 5172 928 5211 non
974 5162 1348 5224 sacerdotium,
1375 5172 1428 5218 et
1461 5164 1629 5232 prima
1671 5163 1974 5219 dOCentium
2004 5163 2188 5225 sedes,
2246 5162 2337 5230 qui

820 5261 963 5300 nunc
1003 5256 1211 5301 montes
1258 5252 1476 5319 ﬁgurate
1528 5257 1904 5321 nominantur,
1955 5252 2335 5311 commovenda

818 5351 939 5392 esse
967 5335 1071 5388 dici
1102 5346 1321 5404 possunt
1353 5341 1404 5392 in
1433 5343 1550 5409 ipso
1577 5344 1785 5402 Domini
1810 5349 1877 5402 de
1905 5348 2042 5402 caalo
2069 5345 2330 5399 adventu:

817 5433 871 5481 et
896 5425 997 5478 hoc
1020 5424 1189 5491 ipsum
1218 5427 1429 5494 quidem
1459 5429 1611 5484 linem
1645 5449 1799 5490 suum
1853 5436 2168 5505 contigisse,
2214 5432 2335 5501 quis

818 5528 925 5568 non
956 5512 1165 5565 tandem
1193 5512 1447 5578 fateatur,
1488 5528 1607 5584 post
1658 5523 1950 5579 Salvatoris
1984 5520 2152 5577 nostri
2209 5517 2335 5573 Jesu

730 5627 734 5633 η
815 5601 1017 5659 Christi
1046 5608 1300 5669 tempora.
1332 5618 1452 5657 cum
1477 5609 1651 5660 omnia
1680 5612 1766 5665 illa
1797 5615 1974 5670 videre
2005 5612 2189 5679 possit,
2224 5625 2333 5664 non

884 5716 928 5749 "
957 5712 1114 5767 Mieh.
1148 5728 1188 5776 ι,
1224 5711 1336 5768 2-5.
1408 5717 1452 5749 ⁸⁸
1476 5716 1615 5773 Psal.
1645 5736 1784 5789 xuv,
1816 5726 1869 5779 7.
1943 5727 1988 5761 "
2026 5726 2167 5781 Psal.
2193 5739 2300 5788 cu,
2334 5723 2382 5777 Ι.

2437 4637 2509 4701 ὡς
2542 4637 2674 4707 μετὰ
2700 4638 2797 4709 τὴν
2839 4642 2938 4695 τοῦ
2981 4647 3251 4720 Σωτῆρος
3279 4652 3326 4720 in

2439 4730 2555 4782 κατ’
2586 4728 2746 4782 αὐτοῦ
2775 4732 3199 4808 τετολμημένα,
3230 4740 3303 4795 τὰ

2440 4818 2805 4888 πολιόρκηται,
2842 4825 2944 4877 καὶ
2979 4830 3067 4892 εἰς
3103 4832 3325 4903 ἐσχάτη

2443 4906 2546 4977 μὴν
2574 4908 2707 4960 ἀλλὰ
2736 4911 2831 4962 καὶ
2855 4915 2908 4965 οἱ
2929 4917 3208 4988 ἄρχοντες
3232 4923 3326 4977 τοῦ

2442 4998 2569 5067 παρ’
2596 4999 2776 5062 αὐτοῖς
2822 5003 2885 5055 τὸ
2935 5011 3077 5078 πρὶν
3111 5030 3326 5068 συνεστι

2435 5111 2495 5146 τε
2521 5095 2614 5147 κα)⁸
2634 5094 2972 5155 διδασκάλων
3006 5111 3326 5183 προεδρεια,

2438 5195 2735 5269 μαζόμενα,
2779 5203 3229 5280 σαλευθήσεσθαι
3260 5217 3325 5269 λέ

2434 5300 2545 5372 ρίου
2580 5302 2639 5368 ἐξ
2658 5307 2898 5380 οὐρανῶν
2925 5319 3235 5393 παρουσίᾳ.
3260 5324 3326 5376 Kl

2433 5404 2606 5477 ἔτυχε,
2636 5413 2721 5476 τίς
2746 5413 2844 5467 οὐκ
2877 5415 2947 5468 ἂν
2978 5421 3325 5496 ὁμολογήσει

2436 5527 2525 5582 ρος
2551 5513 2704 5583 ἡμῶν
2742 5517 2917 5589 ’ῐησοῦ
2945 5522 3199 5594 Χριστοῦ
3227 5532 3326 5600 χρό

2440 5613 2546 5682 ρῶν
2571 5617 2630 5670 οὐ
2667 5619 2822 5690 μόνον
2856 5622 3229 5701 σαλευθὲντα,
3276 5636 3326 5688 ἀ]
