3738 6262
143 420 226 473 ιε’»
992 411 1620 470 DEMONSTRATIONIS
1651 407 2092 467 EVANGELICIE
2133 408 2259 467 LIB.
2300 409 2387 463 Vl.

3168 408 3293 461 43f

155 525 636 596 νημένα;ὶὶοιλάδες
672 529 740 581 δὲ
772 529 936 581 εἰσέτι
977 530 1069 582 νῦν
1108 531 1402 599 τηκόμεναι
1442 526 1548 582 εἷεν
1593 529 1654 581 ἂν

1756 528 1926 582 solum
1954 536 2235 589 commota,
2264 526 2353 581 sed
2393 525 2550 581 etiam
2578 526 2787 580 sublata
2816 527 2883 581 de
2909 524 3119 579 medio?
3149 522 3267 577 Val-

150 612 197 665 αί
228 613 335 665 ἀντὶ
362 613 456 680 τῆς
490 613 841 684 Ἰερουσαλὴμ
884 617 977 669 καὶ
1020 617 1112 668 τοῦ
1156 615 1288 668 Σιὼν
1328 616 1480 684 ὅρους
1522 612 1658 666 κατά

152 704 302 755 πᾶσαν
328 701 475 754 πόλιν
510 704 841 756 συνεστῶσαι
870 704 1044 757 αὐτῶν
1076 705 1397 772 συναγωγαὶ,
1427 704 1660 774 ἀποθρη-

148 791 306 844 νοῦσαι
338 791 428 843 καὶ
452 792 897 862 ἀποκλαιόμεναι,
928 794 1021 845 καὶ
1060 794 1134 856 ὡς
1166 794 1327 863 κηρὸς
1356 794 1460 846 ἀπὸ
1498 811 1659 862 προσ-

149 881 274 934 ὠπου
298 882 453 952 πυρὸς
477 883 797 950 τηκόμεναι,
821 882 907 934 διά
938 881 1108 952 λύπην
1130 884 1220 934 καὶ
1247 883 1468 943 πένθους
1496 884 1659 952 ὑπερ-

148 972 299 1041 ϐολὴν,
337 973 427 1040 τῆς
458 988 517 1024 τε
544 971 657 1024 τῶν
699 973 913 1025 οἰκείων
937 973 1165 1044 ὲρημίας
1202 974 1294 1025 xui.
1321 972 1419 1040 τῆς
1451 974 1659 1041 μακρᾶς

149 1062 229 1113 καὶ
256 1059 524 1121 πολυετοῦς
555 1059 803 1123 δουλείας
833 1061 1031 1113 ἕνεκεν.
1079 1062 1185 1113 Kal.
1220 1061 1388 1123 ἄλλως
1424 1060 1480 1113 δὲ
1522 1059 1657 1112 κατά

147 1148 347 1201 διανοιιν
389 1151 419 1217 η
468 1148 562 1200 τοῦ
604 1150 786 1220 Λόγου
836 1150 928 1202 τοῦ
966 1150 1104 1203 θείου
1155 1151 1418 1214 ὲπίϐασις,
1462 1152 1558 1203 οὐκ
1600 1152 1656 1201 ἐν

149 1239 351 1306 χάσμασι
380 1239 471 1291 κα)⁵
518 1236 877 1308 κοιλώμασιν,
912 1241 1016 1292 οὐδ’
1047 1243 1103 1294 ὲν
1130 1245 1400 1304 ταπειναῖς
1432 1242 1523 1293 καὶ
1563 1257 1658 1309 χα-

150 1327 395 1397 μαιπετέσι
419 1327 703 1391 διανοίαις,
743 1328 855 1381 ἀλλ’
889 1331 943 1382 ὲν
968 1331 1293 1401 ὲπῃρμέναις
1324 1331 1382 1383 τὺ
1412 1330 1656 1401 φρόνημα

147 1415 426 1483 κατεγίνετο.
475 1415 664 1489 Ταύτῃ
705 1418 838 1485 γοῦν
867 1419 1255 1489 τροπικὼτερον
1286 1420 1443 1482 αὐτὸς
1486 1422 1514 1472 ό
1544 1419 1655 1472 Κύ-

146 1491 238 1576 ριός
263 1504 648 1574 καταϐήσεσθαι
678 1508 778 1559 ἐπὶ
803 1508 869 1560 τά
898 1506 1003 1575 ὕψη
1034 1508 1130 1577 τῆς
1160 1508 1261 1575 γῆς
1291 1507 1486 1578 εἴρητο.
1520 1509 1655 1576 Ὄρη

143 1595 188 1647 δὲ
219 1596 443 1663 σειόμενα
476 1595 839 1648 ὑποκάτωθεν
882 1596 1059 1661 αὐτοῦ,
1090 1597 1223 1650 αύτά
1244 1596 1305 1667 δὴ
1353 1599 1527 1650 ἐκεῖνα
1564 1593 1652 1666 ἦν,

144 1684 247 1737 ἔνθα
279 1684 468 1754 ἀνήχθη
514 1685 621 1738 ὑπὸ
655 1685 758 1738 τοῦ
782 1687 1108 1757 Πνεύματος,
1158 1688 1507 1759 πειρασθῆναι
1553 1687 1655 1739 ὑπὸ

146 1772 219 1824 τοῦ
239 1772 460 1825 διαϐόλου
482 1791 496 1804 ⁸
535 1791 556 1824 ε
602 1773 735 1826 Ὅτι
762 1775 854 1826 καὶ
885 1776 1286 1845 παραλαμϐάνει
1317 1776 1473 1829 αὑτὸν
1493 1780 1520 1830 ὁ
1539 1779 1650 1831 διά-

1757 619 1832 672 les
1861 627 2033 671 autem
2063 617 2237 672 adhuc
2269 617 2643 685 liquescentes,
2675 624 2831 671 erunt
2851 616 2942 685 qui
2979 629 3076 685 pro
3118 612 3255 668 Jeru-

1755 708 1916 762 salem
1942 720 2142 775 proque
2183 714 2364 760 monte
2408 704 2556 768 Sion,
2580 721 2673 773 per
2697 720 2904 758 omnem
2933 706 3112 758 urbem
3142 716 3245 757 con

1754 796 1929 850 stituti
1956 804 2270 849 sunteorum
2299 803 2610 855 conventus,
2635 794 2791 862 272
2817 795 3080 861 plorantes
3106 807 3168 846 ac
3188 792 3269 845 lu-

1753 893 1954 955 gentes,
1982 894 2036 938 et
2083 886 2237 953 quasi
2277 899 2398 938 cera
2441 899 2472 936 a
2521 882 2655 937 facie
2696 883 2833 952 ignis
2881 882 3267 950 liquescentes,

1754 981 1967 1042 propter
2009 974 2251 1028 maeroris
2281 988 2343 1026 ac
2376 973 2550 1027 luctus
2579 986 2857 1027 excessum
2883 1009 2899 1029 .
2957 979 3012 1025 et
3054 976 3269 1039 propter

1753 1062 1855 1115 loci
1889 1062 2042 1130 patrii
2071 1062 2406 1117 solitudinem
2428 1100 2443 1124 ,
2481 1070 2535 1115 et
2573 1062 2781 1129 longam
2811 1067 2968 1127 atque
3014 1073 3269 1113 annosam

1753 1151 2077 1205 servitutem.
2121 1151 2238 1205 Alio
2279 1162 2529 1219 praeterea
2570 1150 2840 1204 intellectu
2892 1146 3058 1201 divini
3109 1146 3270 1200 Verbi

1753 1254 1913 1306 super
1964 1239 2267 1294 altitudines
2319 1240 2607 1294 descensus
2661 1237 2829 1305 accipi
2882 1236 3271 1305 potestzquod

1753 1331 1933 1397 utique
1965 1345 2068 1383 non
2096 1329 2148 1382 in
2179 1330 2490 1384 hiatibuset
2513 1328 2865 1389 convallibus,
2888 1342 3061 1395 neque
3086 1328 3142 1381 in
3179 1328 3273 1380 ab-

1748 1418 1902 1488 jectis
1930 1425 2087 1486 atque
2114 1419 2166 1472 in
2200 1419 2415 1471 humum
2461 1418 2822 1487 spectantibus
2861 1417 3051 1471 animis
3080 1424 3133 1470 et
3182 1430 3272 1470 co-

1753 1508 2116 1577 gitationibus,
2163 1507 2256 1561 sed
2292 1507 2347 1562 in
2376 1508 2533 1561 altius
2566 1507 2788 1562 sublatis
2819 1513 2872 1560 et
2903 1520 3115 1560 sursum
3156 1519 3273 1560 ere-

1751 1597 1855 1651 ctis
1894 1598 2094 1651 versari
2145 1598 2323 1651 vellet.
2378 1595 2491 1651 Tali
2535 1597 2696 1665 igitur
2727 1596 2892 1666 ﬁgura
2921 1594 3122 1650 dictum
3148 1606 3267 1659 est,

1752 1688 1923 1753 ipsum
1948 1685 2225 1738 Dominum
2254 1699 2413 1753 super
2452 1683 2756 1738 altitudines
2788 1693 2939 1737 terra:
2986 1683 3272 1738 descensu-

1756 1787 1896 1827 rum.
1920 1771 2017 1840 Qui
2046 1790 2173 1829 vero
2201 1773 2575 1827 concutiantur
2605 1774 2785 1828 subter
2808 1787 2871 1827 co
2899 1782 3128 1834 montes,
3165 1769 3270 1839 ipsi

148 1861 268 1925 ϐολος
293 1865 364 1926 είς
397 1863 519 1934 ὅρος
554 1864 768 1933 ύῂλὸν
815 1842 976 1917 λίαν(
1007 1842 1112 1918 καὶ*
1137 1862 1204 1935 ἧν
1238 1866 1370 1936 μετὰ
1416 1868 1518 1920 τῶν
1563 1868 1654 1938 θη-

1752 1865 1828 1919 illi
1853 1870 2034 1934 utique
2054 1871 2243 1927 erunt,
2257 1864 2323 1917 ad
2347 1879 2479 1933 quos
2511 1864 2770 1919 adductus
2796 1872 2878 1917 est
2903 1877 2934 1915 a
2969 1861 3180 1931 spiritu,
3214 1866 3272 1912 ut

150 1952 269 2022 ρίων.
303 1972 319 2002 ι
359 1954 491 2023 Ὀρη
524 1954 571 2005 δ’
593 1953 662 2007 ἂν
687 1954 778 2023 εἴη
802 1949 953 2017 αὖθις
982 1954 1371 2025 τροπικώτερον
1399 1958 1431 2025 ἡ
1468 1957 1523 2007 ὲν
1545 1960 1651 2019 τοῖς

147 2048 264 2111 ορεσι
284 2041 338 2093 τὸ
364 2045 486 2111 πρὶν
517 2042 913 2112 ἐπιτελουμένη
943 2044 1358 2115 εἰδωλολατρεία,
1389 2062 1479 2096 και
1512 2046 1566 2096 αἱ
1596 2047 1653 2097 ὲν

148 2130 316 2193 τούτοις
356 2134 726 2203 ἑνεργήσασαι
770 2133 985 2203 ἀόρατοι
1028 2135 1119 2186 καὶ
1152 2135 1457 2204 ἀρχοντικαὶ
1498 2134 1654 2186 δυνά-

151 2235 261 2287 μεις,
288 2221 347 2284 ἀς
373 2223 429 2273 ού
464 2222 684 2292 μικρῶς
717 2224 752 2292 ἡ
785 2223 875 2275 τοῦ
906 2224 1151 2293 Σωτῆρος
1182 2224 1333 2293 ἡμῶν
1365 2224 1567 2277 ἀνέσειέ
1597 2241 1655 2276 τε

150 2310 222 2361 καὶ
255 2310 466 2362 ἀνεκίνει
501 2310 846 2363 διδασκαλία.
892 2309 1103 2363 Τούτων
1132 2312 1237 2381 γὰρ
1268 2312 1299 2381 ἠ
1328 2311 1520 2373 ἔνθεος,
1549 2311 1654 2362 εἴτε

151 2397 509 2467 θαυματουργὸς
547 2400 643 2450 καὶ
693 2398 1113 2468 παραδοξοποιὸς
1150 2399 1318 2466 ίσχὺς,
1366 2397 1656 2466 λεληθότως

150 2486 226 2554 τὴν
247 2487 371 2540 κατὰ
395 2487 501 2540 τῶν
531 2488 630 2541 ἀνθ
639 2487 842 2558 ρώπων
874 2485 1087 2557 μακρὰν
1112 2488 1203 2539 καὶ
1235 2485 1461 2540 παλαιὰν
1500 2486 1654 2538 δυνα-

152 2574 296 2627 στείαν
316 2576 553 2647 καθῄρει.
592 2576 874 2638 Ὡσαύτως
906 2577 961 2628 δὲ
988 2577 1080 2629 καὶ
1110 2575 1347 2637 κοιλάδες
1368 2575 1654 2643 τηκόμεναι

149 2663 205 2726 ὥς
227 2666 371 2736 κηρὸς
396 2667 503 2719 ἀπὸ
522 2665 823 2736 προσώπου
840 2667 1029 2736 πυρὸς,
1053 2664 1300 2734 δαίμονες
1322 2665 1387 2718 ἂν
1402 2661 1507 2717 εἶεν
1534 2664 1655 2734 χθό-

150 2768 228 2804 νιοι
254 2754 335 2805 κα).
363 2755 649 2824 περίγειοι,
685 2753 813 2806 καθ’
837 2746 911 2804 ὧν
942 2753 1002 2805 τὸ
1029 2752 1312 2806 καυστικὸν
1337 2752 1436 2820 τῆς
1466 2751 1651 2821 μοχθη-

150 2837 243 2908 ρίις
275 2840 439 2894 αὐτῶν
470 2841 582 2912 πῦρ
623 2841 804 2910 ἠφίει,
841 2841 1044 2908 λέγων·
1082 2859 1099 2890 ι
1138 2839 1254 2909 Πῦρ
1284 2836 1441 2909 ἦλθον
1478 2838 1652 2907 βαλεῖν

151 2930 220 2982 ἐπὶ
245 2932 329 3001 τὴν
348 2934 463 3002 γῆν,
499 2934 594 2986 καὶ
627 2931 683 2984 τί
715 2930 872 2993 θέλω,
904 2933 952 2982 εἰ
983 2930 1078 3000 ἤδη
1110 2930 1346 2999 ἀνήφθης
1383 2947 1402 2979 ι
1450 2929 1565 2995 Ὑφ’
1593 2922 1652 2981 06

148 3020 284 3089 πυρὸς
322 3020 383 3090 δὴ
430 3022 740 3091 καιόμενοι,
778 3020 871 3071 καὶ
909 3018 982 3088 μὴ
1022 3013 1122 3070 οἷοί
1152 3035 1208 3071 τε
1248 3018 1395 3080 ὄντες
1422 3016 1519 3080 τάς
1549 3016 1657 3069 ἀπὸ

1749 1962 2039 2008 tentaretur
2064 1969 2093 2006 a
2119 1953 2329 2008 diabolo
2362 1972 2376 2007 :
2425 1968 2533 2023 quo
2573 1961 2808 2021 tempore
2835 1972 2854 2005 ‹
2891 1952 3176 2020 assumpsit
3206 1951 3271 2002 il-

1749 2041 1859 2094 lum
1890 2042 2132 2097 diabolus
2175 2043 2228 2096 in
2260 2054 2490 2097 montem
2517 2042 2787 2097 excelsum
2830 2041 3019 2104 valde,
3066 2047 3120 2094 et
3157 2045 3271 2092 erat

1750 2145 1873 2185 eum
1898 2129 2025 2185 feris
2052 2132 2118 2184 ‘°.
2153 2150 2173 2182 ι
2206 2130 2415 2186 Rursus
2460 2134 2618 2185 etiam
2649 2131 2924 2199 ﬁguratius
2949 2136 3157 2184 montes
3180 2143 3271 2181 ac-

1749 2221 2031 2289 cipiemus,
2055 2220 2203 2273 illum
2222 2220 2630 2274 simulacrorum
2657 2220 2879 2280 cultum,
2912 2219 3002 2287 qui
3031 2217 3181 2287 prius
3214 2218 3269 2269 in

1751 2309 2019 2363 montibus
2051 2307 2501 2377 frequentabatur,
2523 2317 2575 2362 et
2602 2310 2657 2362 in
2698 2309 2766 2363 iis
2803 2307 3087 2362 eﬁicaciam
3118 2319 3268 2362 suam

1751 2396 2110 2459 ostendentes,
2150 2397 2443 2451 invisibiles
2472 2396 2800 2465 principatus
2850 2410 2912 2449 ac
2940 2402 3228 2464 potestates
3249 2431 3266 2455 ,

1750 2499 1883 2552 quas
1922 2500 2028 2537 non
2083 2484 2269 2538 leviter
2294 2482 2583 2539 Salvatoris
2630 2483 2798 2538 nostri
2826 2484 3098 2539 concussit
3122 2497 3271 2536 com-

1751 2574 2017 2642 movitque
2057 2572 2317 2628 doctrina.
2361 2571 2567 2625 Talium
2614 2572 2758 2627 enim
2786 2572 2993 2642 longam
3042 2579 3095 2626 et
3126 2582 3270 2627 vete-

1750 2677 1862 2716 rem
1884 2671 2070 2715 contra
2093 2660 2334 2715 homines
2364 2661 2650 2730 potentiam
2670 2699 2687 2726 ,
2715 2660 2937 2713 latenter
2969 2658 3161 2715 delevit
3182 2660 3268 2719 die

1747 2752 1928 2805 vinum
1958 2751 2099 2805 illius
2120 2751 2361 2814 verbum,
2402 2759 2454 2805 et
2481 2750 2701 2803 miriﬁca
2728 2756 2780 2803 et
2825 2763 3034 2804 omnem
3077 2750 3131 2803 in
3158 2749 3272 2803 elli-

1749 2840 1939 2893 ciendo
1986 2838 2140 2893 ﬁdem
2182 2853 2445 2907 superans
2498 2839 2599 2893 vis.
2655 2837 2851 2893 Eadem
2893 2852 3017 2894 vero
3065 2838 3272 2893 ratione

1746 2930 1903 2985 etiam
1919 2932 2291 2999 liquescentes,
2306 2940 2361 2984 ut
2375 2946 2496 2985 cera
2511 2945 2542 2983 a
2554 2930 2686 2984 facie
2699 2930 2856 2998 ignis,
2876 2930 3058 2992 valles,
3073 2928 3271 2983 daemo-

1747 3036 1843 3076 nes
1867 3030 2023 3076 erunt
2049 3020 2241 3075 inferni
2256 3029 2308 3076 et
2322 3021 2519 3075 circum
2538 3028 2732 3087 terram
2754 3027 3057 3074 versantes:
3084 3018 3271 3073 adver-

147 3108 220 3176 τῆς
248 3112 459 3181 ἀοράτου
499 3111 702 3180 φλογὸς
744 3110 927 3180 φέρειν
973 3108 1248 3177 βασάνους,
1281 3106 1652 3178 ὑπανεχώρουν

1751 3128 1868 3167 sum
1897 3127 2030 3181 quos
2047 3113 2239 3181 ignem,
2266 3111 2359 3182 qui
2399 3110 2686 3180 nequitiam
2718 3111 2950 3179 ipsorum
2990 3110 3271 3165 combure-

146 3196 229 3249 τῶν
264 3198 602 3268 ἀνθρωπείων
639 3197 929 3266 σωμάτων.
970 3197 1077 3249 Kal.
1122 3194 1181 3247 τὸ
1223 3194 1436 3263 συνέχον
1467 3211 1529 3262 γε
1560 3194 1652 3247 καὶ⁹

1757 3209 1860 3264 ret,
1892 3202 2092 3255 dimisit
2118 3202 2336 3256 dicens:
2370 3220 2388 3252 ι
2422 3201 2596 3270 Ignem
2618 3201 2736 3254 veni
2752 3199 2956 3253 mittere
2974 3199 3025 3252 in
3052 3208 3267 3259 terram,

145 3286 322 3341 ὲλαῦνον
342 3292 531 3352 αὐτοὺς
556 3287 962 3357 ἀνωμολόγουν,
997 3285 1219 3355 βοῶντες
1237 3302 1250 3315 ο
1277 3304 1294 3334 ι
1309 3286 1428 3346 Ἔα,
1451 3284 1502 3335 τί
1527 3284 1653 3353 ἡμῖν

144 3376 216 3429 καὶ
244 3379 331 3441 σοὶ,
360 3379 452 3430 Υἱὲ
484 3377 577 3431 τοῦ
609 3377 785 3441 Θεοῦ;
817 3372 975 3445 ἦλθες
1016 3374 1121 3445 πρὸ
1148 3373 1335 3443 καιροῦ
1376 3374 1653 3443 βασανίσαι

142 3466 293 3534 linis;
323 3468 554 3538 Οἴδαμεν
591 3484 662 3519 σε
687 3466 769 3527 τίς
799 3460 881 3517 εἴ·
910 3467 941 3517 ό
966 3464 1118 3532 ἅγιος
1150 3462 1242 3515 τοῦ
1271 3461 1421 3515 Θεοῦ.
1462 3480 1481 3511 ι
1518 3459 1655 3512 Τού-

143 3556 311 3616 τουςδὲ
343 3557 573 3627 μάλιστα
618 3554 863 3625 ᾐκίζετο,
905 3554 997 3605 καὶ
1035 3551 1161 3613 τοὺς
1192 3552 1281 3627 ἐπὶ
1324 3549 1520 3602 τούτων
1559 3549 1657 3618 ἀρ-

142 3659 297 3711 χοντας
324 3646 572 3718 καθῄρει,
603 3647 715 3709 ὅτι,
754 3643 827 3713 μὴ
854 3642 1206 3713 ἀρκεσθέντες
1240 3643 1303 3710 τῇ
1336 3639 1439 3691 τῶν
1460 3639 1655 3692 λοιπῶν

143 3732 277 3786 ἐθνῶν
299 3735 580 3806 διαφθορᾷ,
618 3736 693 3787 δι’
719 3729 788 3804 ἧς
813 3734 935 3795 τοὺς
957 3731 1158 3794 πάντας
1183 3731 1260 3791 είς
1288 3728 1385 3799 τὴν
1405 3727 1654 3782 πολύθεον

140 3822 309 3893 πλάνην
334 3824 840 3893 καταϐεϐλήκεσαν,
861 3822 953 3873 καὶ
971 3819 1048 3888 τῷ
1068 3818 1231 3871 πάλαι
1250 3816 1342 3869 τοῦ
1368 3815 1498 3869 Θεοῦ
1522 3815 1651 3883 λαῷ,

142 3911 258 3980 αὐτῷ
296 3914 357 3982 δὴ
396 3914 474 3983 τῷ
507 3916 576 3966 ὲκ
620 3911 942 3981 περιτομῆς,
989 3906 1514 3968 ὲπιϐεϐουλεύκεσαν,
1562 3904 1655 3957 καὶ

138 3999 502 4072 ἀποστήσαντες
526 4020 595 4071 γε
633 4001 729 4054 τοῦ
761 3999 894 4053 Θεοῦ
918 4000 1009 4052 καὶ
1036 3998 1221 4052 τοῦτον
1259 3998 1529 4060 παντοίαις
1558 4014 1655 4049 πε-

142 4089 350 4155 ριέϐαλον
374 4092 743 4152 δυσσεϐείαις.
782 4089 872 4140 Διὸ
895 4090 985 4141 καὶ
1013 4089 1241 4157 μάλιστα
1273 4088 1368 4157 τὴν
1399 4087 1456 4153 ἐξ
1492 4088 1653 4157 οὐρα-

139 4175 224 4229 νῶν
251 4181 507 4249 πεποίητο
538 4181 570 4231 ὁ
603 4178 810 4249 Κύριος
850 4177 1088 4230 κάθοδον.
1124 4178 1281 4230 Ὅθεν
1321 4177 1445 4247 ἑξῆς
1487 4194 1615 4246 φησι
1636 4193 1651 4208 ο

142 4280 157 4312 t
194 4267 279 4319 Διά
323 4268 420 4337 τὴν
465 4268 727 4321 ἀσέϐειαν
781 4266 971 4320 Ἰακὼϐ
999 4266 1171 4319 πάντα
1215 4265 1402 4330 ταῦτα,
1454 4268 1547 4320 καὶ
1588 4266 1653 4319 δι’

133 4351 372 4425 ἁμαρτίαν
398 4358 553 4412 οἴκου
593 4356 838 4428 Ἰσραήλ⁸
878 4375 897 4407 ι
929 4358 1036 4410 Καὶ
1063 4356 1139 4408 ἔτι
1172 4356 1305 4425 πρὸς
1332 4355 1534 4418 τούτοις
1558 4355 1656 4424 τῆς

1749 3299 1803 3344 et
1821 3291 1947 3359 quid
1971 3292 2112 3353 volo,
2131 3291 2174 3344 si
2188 3292 2298 3358 jam
2322 3304 2576 3343 accensus
2596 3288 2765 3342 est“?
2799 3307 2817 3339 ›
2837 3286 2953 3353 Quo
2966 3289 3084 3355 igne
3102 3301 3273 3340 corre-

1750 3382 1825 3450 pti
1837 3381 2056 3442 illi,cum
2078 3380 2358 3434 invisibilis
2373 3379 2592 3432 ﬂammai
2608 3385 2868 3432 tormenta
2882 3377 3017 3430 ferre
3032 3391 3136 3428 non
3148 3390 3273 3445 pos-

1750 3474 1889 3529 sent,
1907 3468 1973 3522 de
1985 3468 2230 3522 humanis
2255 3466 2565 3535 corporibus
2577 3464 2915 3526 recedebant,
2931 3463 3164 3530 illudque
3191 3464 3273 3529 ip-

1750 3570 1867 3610 sum
1894 3571 1998 3624 quo
2018 3556 2226 3609 interim
2258 3554 2633 3609 cohibebantur
2660 3561 2818 3623 atque
2848 3551 3267 3619 impellebantur,

1750 3658 1858 3713 prae
1873 3659 1929 3697 se
1946 3642 2185 3697 ferebant
2195 3657 2384 3712 magna
2398 3657 2525 3696 voce
2540 3642 2829 3695 clamantes
2846 3658 2858 3695 :
2879 3659 2897 3690 ι
2913 3639 3025 3700 Eia,
3044 3638 3170 3708 quid
3182 3652 3273 3692 no-

1750 3733 1834 3787 bis
1847 3740 1900 3786 et
1917 3733 2032 3794 tibi,
2050 3731 2149 3785 Fili
2162 3731 2282 3786 Dei?
2291 3716 2478 3786 venisti
2498 3739 2619 3785 ante
2640 3739 2847 3798 tempus
2862 3738 3108 3796 torquere
3133 3743 3232 3782 nos
3247 3727 3274 3782 ?

1750 3822 2005 3877 Novimus
2032 3830 2103 3884 te,
2127 3822 2247 3891 quis
2278 3823 2353 3875 sis
2376 3861 2391 3887 ,
2440 3829 2656 3875 sanctus
2690 3818 2782 3873 Dei
2810 3821 2872 3874 “.
2917 3838 2935 3869 ι
2976 3818 3080 3872 Hos
3110 3818 3272 3887 igitur

1751 3912 1981 3965 maxime
2002 3910 2331 3976 verberabat,
2350 3911 2645 3978 horumque
2670 3909 2935 3979 principes
2956 3908 3226 3962 auferebat
3252 3927 3268 3963 :

1751 4004 2000 4071 quoniam
2029 4017 2137 4055 non
2163 4004 2293 4055 satis
2325 4001 2579 4055 habentes
2606 4000 2747 4069 quod
2786 4000 3013 4069 reliquas
3029 3999 3271 4054 nationes

1752 4094 2142 4161 corrupissent,
2173 4098 2554 4159 corruptaeque
2602 4092 2657 4143 in
2702 4074 2938 4144 errorem
2983 4090 3272 4157 compulis-

1752 4191 1890 4242 sent,
1920 4196 2027 4251 quo
2075 4180 2206 4234 deos
2235 4179 2415 4248 plures
2450 4179 2705 4242 colerent,
2732 4179 2949 4248 antiquo
2989 4178 3150 4233 etiam
3195 4178 3271 4232 illi

1750 4272 1845 4326 Dei
1873 4272 2087 4340 populo,
2131 4269 2221 4339 qui
2253 4268 2679 4323 circumcisionis
2711 4283 2864 4323 usum
2897 4269 3162 4332 servabat,
3189 4269 3272 4321 in-

1750 4360 1937 4420 sidiari
1962 4368 2252 4433 cmperant,
2279 4360 2526 4431 huncque
2554 4370 2850 4416 avertentes
2879 4375 2908 4413 a
2937 4359 3066 4423 Deo,
3086 4361 3271 4415 omnis

137 4442 184 4507 ἐξ
209 4447 422 4515 ούρανοῦ
461 4447 698 4503 καθόδου
737 4444 830 4498 τοῦ
864 4446 1033 4512 Λόγου
1062 4446 1159 4516 τὴν
1183 4445 1357 4499 αἰτίαν
1390 4444 1512 4515 ἑξῆς
1546 4446 1654 4498 δια-

1754 4455 1962 4526 generis
2010 4455 2367 4523 impietatibus
2414 4453 2829 4522 implicaverant.
2880 4451 3055 4516 Quare
3109 4451 3269 4503 etiam

138 4537 289 4600 σαφεῖ,
328 4537 419 4589 τοῦ
465 4537 569 4606 μὲν
603 4538 669 4589 ὲκ
714 4534 1012 4605 περιτομῆς
1047 4534 1174 4587 λαοῦ
1215 4532 1312 4596 τάς
1351 4533 1654 4597 δυσσεϐείας

137 4618 619 4693 ἀπαριθμούμενος,
658 4625 754 4677 καὶ
799 4624 891 4676 τὸν
939 4623 1029 4675 ἐπὶ
1073 4623 1291 4686 ταύταις
1342 4616 1654 4694 μετελθόντα

134 4708 302 4774 αὐτοὺς
337 4712 583 4784 ὄλεθρον,
616 4714 724 4765 τῶν
767 4712 825 4765 δὲ
858 4711 960 4765 ἀνά
987 4714 1161 4765 πᾶσαν
1200 4713 1297 4783 τὴν
1342 4713 1653 4782 οἰκουμένην

136 4796 275 4851 ἐθνῶν
322 4804 732 4872 προαναφωνῶν
784 4802 884 4871 τὴν
930 4801 1132 4872 κλῆσιν.
1193 4801 1291 4853 Διά
1330 4800 1500 4857 ταῦτα
1549 4802 1655 4873 γάρ

139 4883 363 4958 ἐπεδήμει
390 4894 420 4944 ό
447 4892 547 4944 τοῦ
577 4892 711 4945 θεοῦ
738 4892 910 4959 Λόγος
940 4891 999 4954 ἐξ
1019 4892 1255 4962 οὐρανῶν
1282 4892 1373 4943 ἐπὶ
1403 4895 1529 4962 γῆς’
1559 4894 1655 4945 καὶ

138 4975 226 5027 τῶν
249 4996 306 5045 γε
345 4981 547 5045 λέξεων
598 4985 759 5037 ἄκουε
777 5000 793 5013 ·
840 5000 859 5031 ε
878 4982 959 5033 Δι’
995 4980 1238 5033 ἀσέϐειαν
1279 4979 1423 5031 οῐκου
1468 4980 1654 5034 Ἰακὼϐ

142 5062 288 5119 πάντα
306 5071 497 5133 ταῦτα,
535 5074 629 5124 καὶ
658 5072 726 5124 δι’
753 5070 1023 5140 ἁμαρτίαν
1050 5070 1195 5122 οίκου
1232 5068 1463 5136 Ἰσραήλ.
1496 5069 1588 5131 Τίς
1621 5072 1654 5140 ἡ

144 5154 334 5210 ἀσέϐεια
395 5161 549 5213 οἴκου
605 5160 828 5224 ’1ακῶϐ;
885 5159 947 5209 οὐ
991 5159 1299 5228 Σαμάρεια;
1352 5157 1442 5208 καὶ
1483 5158 1564 5220 τίς
1618 5161 1651 5229 ἡ

145 5243 355 5317 ἁμαρτία
386 5252 540 5304 οἴκου
578 5253 767 5316 Ἰούδας
800 5250 924 5319 οὐχὶ
963 5248 1339 5319 Ἰερουσαλήμ;
1366 5248 1470 5298 Καὶ
1498 5246 1654 5317 θήσο-

153 5352 231 5404 μαι
263 5342 565 5412 Σαμάρειαν
612 5347 689 5407 είς
747 5340 1182 5411 ὀπωροφυλάκιον
1221 5335 1390 5405 ἀγροῦ
1445 5338 1530 5389 καὶ
1572 5343 1653 5404 εἰς

153 5428 336 5487 φυτείαν
372 5432 686 5501 ἀμπελῶνος
702 5473 718 5498 ,
748 5431 844 5484 καὶ
873 5429 1199 5481 κατασπάσω
1240 5426 1322 5485 είς
1365 5425 1485 5492 χάος
1526 5430 1651 5492 τοὺς

157 5511 302 5579 λίθους
341 5522 524 5590 αὐτῆς,
562 5523 648 5574 καὶ
688 5522 756 5573 τά
784 5518 1012 5587 θεμέλια
1053 5518 1209 5583 αὐτῆς
1253 5513 1585 5584 ἀποκαλύψω.
1621 5537 1642 5569 ι

1755 4544 1984 4597 maxime
2012 4544 2080 4599 de
2104 4545 2240 4596 cmlo
2265 4541 2539 4597 descendit
2586 4539 2875 4606 Dominus,
2918 4556 2984 4595 ex
3036 4552 3143 4609 quo
3196 4538 3271 4590 ait

1754 4630 2039 4697 deinceps:
2075 4648 2093 4680 ι
2133 4629 2352 4699 Propter
2386 4630 2707 4698 impietatem
2738 4627 2900 4683 Jacob
2930 4629 3106 4682 omnia
3135 4627 3266 4687 haec,

1754 4725 1807 4773 et
1832 4724 2047 4786 propter
2074 4726 2346 4783 peccatum
2366 4715 2556 4770 domus
2578 4715 2759 4770 Israel.
2797 4733 2816 4765 ι
2846 4714 2926 4768 Ad
2956 4715 3086 4776 hac,
3110 4710 3269 4766 Verbi

1751 4809 1912 4863 etiam
1939 4806 2005 4860 de
2031 4806 2165 4859 cmlo
2193 4805 2483 4861 descensus
2507 4820 2723 4860 causam
2753 4804 3002 4872 deinceps
3028 4803 3265 4871 exponit,

1754 4898 1842 4952 ubi
1879 4896 2046 4964 ipsius
2074 4894 2279 4949 Iudaici
2316 4898 2495 4965 populi
2530 4896 2823 4964 impietates
2860 4894 3015 4965 273
3060 4908 3268 4948 connu-

1753 4995 1940 5048 merat,
1955 4992 2006 5038 et
2038 4985 2125 5037 ubi
2151 4993 2269 5053 post
2298 4986 2594 5054 impietates
2617 4999 2759 5046 eum,
2782 4984 2871 5052 qui
2895 4984 3040 5052 ipsos
3066 4984 3271 5038 invase-

1750 5082 1853 5138 rat,
1879 5075 2169 5135 interitum,
2199 5089 2262 5127 ac
2290 5076 2525 5142 gentium
2574 5088 2669 5141 per
2704 5080 2871 5126 totum
2900 5073 3082 5127 orbem
3110 5088 3270 5128 voca-

1754 5165 1950 5216 tionem
1984 5161 2241 5215 enuntiat.
2280 5160 2562 5230 Propterea
2585 5162 2722 5213 enim
2744 5161 2809 5215 de
2834 5163 2970 5216 cmlo
2997 5161 3050 5215 in
3074 5170 3270 5216 terram

1758 5251 1850 5305 Dei
1873 5248 2099 5303 Verbum
2128 5249 2420 5318 profectum
2449 5257 2562 5314 est;
2592 5248 2683 5302 sed
2707 5250 2863 5303 verba
2890 5252 3009 5305 audi
3036 5274 3050 5305 ι
3090 5269 3109 5301 ι
3139 5249 3271 5305 Pro-

1757 5351 1870 5411 pter
1898 5339 2216 5407 impietatem
2249 5337 2414 5392 Jacob
2440 5339 2617 5391 omnia
2669 5337 2799 5401 hzec,
2824 5347 2876 5392 et
2907 5348 3121 5409 propter
3148 5355 3269 5408 pec-

1756 5440 1930 5485 catum
1957 5430 2144 5482 domus
2178 5428 2362 5483 Israel.
2390 5427 2517 5494 Quae
2557 5427 2797 5495 impietas
2840 5428 3045 5483 Iacob?
3085 5429 3269 5482 Nonne

1761 5518 2038 5574 Samaria?
2067 5518 2130 5571 Et
2161 5518 2300 5587 quod
2336 5527 2607 5588 peccatum
2639 5517 2812 5571 Juda?
2837 5518 3021 5573 Nonne
3052 5518 3268 5572 Jerusa—

217 5665 255 5697 “
279 5668 454 5727 Hattb.
476 5688 551 5736 iv,
582 5675 646 5738 8;
681 5671 846 5723 Marc.
890 5682 930 5729 ι,
970 5667 1051 5721 15.
1123 5668 1162 5695 ⁸*
1189 5663 1321 5718 Luc.
1352 5680 1440 5733 xu,
1472 5669 1549 5724 ιθ.
1639 5673 1654 5703 ε

1751 5671 1903 5725 latth.
1931 5686 2046 5732 vm,
2073 5671 2160 5725 29.
