3738 6298
793 366 901 436 ’Δδι

1430 362 1692 421 EUSEBll
1717 348 2181 417 C/ESKRIENSIS
2216 346 2363 407 OPP.
2402 343 2579 402 PARS
2611 341 2676 398 ll.
2706 371 2780 429 '—
2819 332 3318 392 APOLOGETEA.’

810 491 980 550 danda
1009 501 1166 556 quam
1197 483 1333 548 sibi,
1364 495 1486 535 cum
1517 486 1659 533 esset
1707 490 1918 544 quoque
1966 471 2106 524 ﬁlius
2155 465 2283 519 Davi

1855 490 1918 527 ue
1966 471 2106 524 ﬁlius
2155 450 2423 527 David,lA
2449 457 2812 526 ἐπαγγελίαις,
2871 452 2962 506 καὶ
3022 452 3331 519 συνεύχεται

808 584 1130 646 vidissetque
1180 588 1336 636 eum,
1391 572 1482 640 qui
1531 584 1559 621 a
1598 569 1705 622 Deo
1742 561 2133 633 Primogenitus
2177 556 2354 611 nomi-

810 679 1042 730 naretur,
1072 663 1264 732 quippe
1294 661 1457 729 plane
1478 658 1616 711 ﬁlius
1668 654 1766 707 Dei
1807 652 2072 705 diceretur
2102 647 2347 700 futurus,

809 758 958 815 valde
1012 752 1207 806 talibus
1255 746 1534 817 promissis
1598 743 1812 814 gavisus
1861 748 1944 794 est
1999 757 2013 793 :
2068 743 2123 791 et
2174 734 2334 789 simul

2446 549 2830 621 προρρήσεως,
2876 542 3220 611 ἐπιδημήσειν
3265 555 3324 589 τε

2445 637 2785 708 Πρωτότοκον
2813 633 2905 684 καὶ
2943 630 3074 682 Θεοῦ
3118 629 3244 680 Υἱὸν
3284 628 3332 678 ἀι

2443 746 2461 778 ι
2491 728 2599 779 Καὶ⁸
2627 725 2740 787 νῦν,
2776 726 2805 775 ὁ
2837 721 2967 783 Θεὸς
3005 718 3236 789 Ἰσραὴλ,
3270 734 3329 767 πι

708 820 715 829 ο
811 844 1077 915 exoptavit
1116 836 1422 895 conﬁrmari
1467 849 1560 899 ea,
1606 844 1724 901 qua:
1756 830 1825 885 ad
1864 829 1967 883 hoc
2017 826 2184 881 vatici:

1864 829 1967 883 hoc
2017 824 2331 881 vaticinium
2438 834 2550 883 σου,
2583 815 2611 867 ὃ
2641 813 2903 882 ὲλάλησας
2939 809 3015 879 τῷ
3058 807 3204 861 παιδί
3239 823 3328 858 σου

2436 906 2459 915 -
2583 907 2593 915 .
2635 903 2675 915 ..
2730 902 2795 915 Α..
3070 898 3081 915 ,
3223 895 3316 915 tu

812 937 1137 1011 pertinerent
1156 969 1171 994 ,
1220 942 1433 982 necnon
1488 932 1770 979 venturum
1802 920 1948 973 illum
1979 918 2045 972 de
2073 931 2179 985 quo
2211 928 2336 982 pro-

811 1002 989 1093 phetia
1044 1021 1369 1087 loqueretur,
1420 1009 1843 1081 Primogenitum
1897 1019 1961 1058 ac
2012 1003 2105 1057 Dei
2137 1002 2331 1056 Filium

811 1089 1024 1172 interim
1076 1111 1225 1164 illum
1276 1105 1567 1175 appellans.
1608 1098 1869 1165 Quocirca
1918 1096 1996 1150 sic
2040 1094 2162 1147 ait:
2218 1109 2236 1142 ι
2272 1089 2338 1143 Ει

2433 906 2514 959 ὅτι
2550 907 2597 957 εἰ
2624 902 2835 972 ἀληθῶς
2864 898 3179 968 κατοικήσει
3223 895 3332 947 Geo.

2435 997 2532 1066 τῆς
2555 996 2674 1065 γῆς,
2704 996 2751 1045 εἰ
2775 996 2803 1045 ὁ
2826 991 3048 1061 οὐρανὸς
3073 989 3168 1041 καὶ
3194 989 3222 1038 ό
3255 986 3332 1055 obl

2439 1085 2724 1157 άρκέσουσί
2755 1100 2854 1135 σοι.
2889 1100 2906 1132 ι

812 1219 986 1268 nunc,
1034 1198 1255 1253 Domine
1300 1174 1439 1250 Deus
1497 1192 1693 1256 Israel,
1740 1188 2084 1243 conﬁrmetur
2113 1182 2331 1237 verbum
2364 1185 2548 1239 tuum,
2579 1174 2719 1244 quod
2750 1174 2958 1226 locutus
3005 1184 3067 1223 es
3113 1181 3289 1237 puero

819 1296 1066 1367 quoniam
1094 1292 1139 1346 si
1168 1306 1291 1346 vere
1318 1286 1573 1343 habitabit
1587 1285 1725 1340 Deus
1760 1297 1884 1338 cum
1920 1278 2227 1336 hominibus
2255 1287 2415 1343 super
2433 1278 2639 1326 terram
2658 1307 2674 1332 ,
2704 1268 2751 1322 si
2782 1267 2975 1320 coelum
3006 1272 3061 1316 et
3093 1263 3297 1317 coelum

1368 1376 1599 1434 CAPUT
1635 1375 1774 1432 Xlll.

816 1474 861 1529 Α
890 1473 1129 1527 Michwa.
1149 1499 1216 1509 —
1240 1469 1311 1522 De
1341 1468 1586 1522 descensu
1618 1467 1680 1519 de
1709 1464 1830 1517 caelo
1867 1461 1936 1515 ad
1973 1460 2201 1514 homines
2221 1496 2236 1521 ,
2267 1472 2329 1529 ac

885 1526 946 1597 de
989 1542 1166 1609 futura
1216 1541 1267 1609 in
1315 1537 1532 1590 adventu
1579 1536 1689 1609 ejus
1727 1532 1960 1609 Iudaica:
2002 1529 2164 1609 gentis
2203 1526 2334 1606 reje-

886 1597 1079 1673 ctmiw,
1108 1618 1155 1662 et
1178 1608 1490 1674 reliquarum
1518 1597 1744 1656 omnium
1773 1597 2013 1671 gentium
2039 1597 2328 1665 adoptione.

894 1843 912 1874 ι
941 1823 1152 1886 Audite,
1181 1822 1359 1891 populi
1421 1835 1642 1884 omnes,
1686 1829 1739 1874 et
1778 1818 2013 1873 attendat
2057 1826 2232 1881 terra,
2283 1823 2336 1872 et

810 1929 1006 1969 omnes
1038 1913 1129 1982 qui
1159 1911 1210 1965 in
1242 1926 1302 1964 ea
1335 1919 1475 1965 sunt.
1514 1909 1579 1963 Et
1608 1910 1712 1964 erit
1762 1909 2016 1964 Dominus
2054 1908 2193 1963 Deus
2240 1922 2336 1962 vc-

806 2013 933 2061 .ster
960 2003 1015 2056 in
1033 2001 1416 2062 testimonium,
1446 1999 1700 2055 Dominus
1724 1999 1790 2054 de
1814 1999 1970 2053 domo
1997 2008 2181 2053 sancta
2207 2013 2335 2052 sua:

820 2093 973 2163 2,71
1010 2090 1259 2161 quoniam
1286 2082 1410 2144 ecce
1434 2088 1690 2143 Dominus
1707 2090 1975 2159 egreditur
1989 2104 2052 2143 ex
2074 2090 2192 2142 loco
2220 2102 2338 2151 suo,

819 2190 873 2238 et
905 2181 1190 2237 descendet
1218 2195 1379 2249 super
1405 2179 1713 2233 altitudines
1742 2188 1916 2241 terrae,
1948 2185 2001 2232 et
2036 2192 2341 2232 commove-

818 2276 1015 2330 buntur
1042 2280 1249 2327 montes
1295 2271 1482 2326 subter
1524 2285 1587 2324 eo
1614 2309 1628 2334 ,
1668 2279 1720 2323 et
1756 2270 1919 2324 valles
1966 2269 2259 2337 liquescent
2285 2273 2344 2319 ut

819 2380 941 2420 cera
969 2380 998 2417 a
1031 2365 1165 2418 iacie
1187 2362 1344 2432 ignis,
1366 2369 1419 2416 et
1438 2362 1575 2416 sicut
1601 2376 1735 2430 aqua
1759 2377 1876 2430 quas
1916 2360 2151 2414 defertur
2172 2359 2225 2411 in
2247 2362 2342 2412 de-

820 2461 1340 2521 scensumzpropter
1375 2450 1695 2519 impietatem
1739 2447 1903 2503 Jacob
1944 2449 2124 2502 omnia
2189 2448 2341 2508 haec,

818 2548 873 2595 et
905 2548 1120 2609 propter
1152 2545 1427 2608 peccatum
1455 2536 1646 2591 domus
1662 2536 1902 2592 israel".
1923 2555 1941 2587 ι
1961 2535 2114 2591 Nunc
2134 2548 2346 2604 quoque

821 2638 1001 2700 aperte
1033 2629 1288 2685 Dominus
1322 2629 1462 2683 Deus
1519 2628 1585 2682 de
1636 2627 1772 2681 cmlo
1794 2625 2143 2688 descendens,
2173 2625 2345 2693 deque

821 2723 937 2775 loco
959 2736 1056 2776 suo
1082 2720 1378 2791 egrediens,
1397 2719 1450 2773 in
1477 2718 1676 2786 iisquae
1701 2716 1969 2786 proposita
1992 2721 2115 2769 sunt
2136 2714 2348 2767 nuntia-

825 2819 947 2864 tur:
979 2811 1082 2864 erit
1116 2816 1289 2864 autem
1321 2808 1422 2862 hoc
1446 2806 1536 2860 Dei
1565 2806 1815 2871 Verbum,
1848 2802 1990 2873 quod
2020 2804 2075 2856 in
2112 2802 2198 2865 iis,
2231 2814 2350 2870 quae

822 2902 968 2970 prius
995 2900 1135 2954 dicta
1163 2906 1308 2962 sunt,
1330 2913 1450 2953 cum
1476 2897 1707 2967 genitum
1736 2896 1825 2954 sit,
1853 2909 1975 2948 eum
2024 2907 2144 2948 esse
2183 2891 2349 2946 Deum

821 3004 884 3044 ac
930 2990 1208 3044 Dominum
1233 3028 1248 3054 ,
1277 2995 1331 3044 et
1355 2989 1532 3042 omnia
1571 2986 1672 3040 sub
1701 3001 1759 3040 se
1800 2984 2077 3038 habentem
2130 2982 2351 3037 demono

2936 1353 3332 1409 ΚΕΦΑΔΑΙΟΝ

2423 1451 2582 1508 ’Ἂπό
2628 1450 2731 1504 τοῦ
2783 1447 3020 1516 Μιχαία.
3046 1474 3123 1516 _——
3151 1443 3293 1516 Περὶ

2498 1519 2840 1587 ἀνθρώπους
2862 1511 3184 1587 ’ὂιᾳθόδουκ
3208 1511 3307 1563 καὶ

2493 1579 2742 1657 ρουὸξίας
2762 1579 2940 1657 αὑτοῦ
2973 1579 3301 1657 γενομὲγης

2511 1656 2799 1711 Ἰουδαίων
2853 1653 3064 1713 ἔθνους
3086 1687 3104 1710 ,
3150 1651 3330 1701 εἰσπο

2502 1724 2627 1777 πῶν
2662 1721 2932 1776 ἁπάντων
2957 1718 3165 1771 ἐθνῶν.

2510 1836 2528 1868 ι
2551 1814 2858 1877 Ἀκούσατε,
2878 1811 2997 1864 λαοὶ
3023 1810 3248 1870 πάντες,
3281 1825 3332 1860 κε

2437 1907 2632 1966 πάντες
2679 1905 2725 1956 οἱ
2770 1902 2825 1954 ὲν
2871 1901 3025 1970 αὐτῇ.
3055 1899 3168 1952 Καὶ
3217 1897 3332 1948 ἔστι

2437 2000 2516 2060 εἰς
2552 1994 2860 2067 μαρτύριον,
2894 1990 3095 2061 Κύριος
3148 1987 3209 2051 ἐξ
3255 1989 3332 2040 οἰκ

2441 2087 2547 2140 ἰδοὺ
2590 2084 2789 2154 Κύριος
2824 2079 3174 2151 ἐκπορεύεται
3221 2078 3289 2130 ὲκ
3329 2097 3332 2109 ’

2439 2172 2796 2242 καταϐήσεται
2824 2170 2914 2221 ἐπὶ
2952 2170 3021 2219 τὰ
3061 2166 3175 2236 ὕψη
3200 2165 3300 2233 τῆς

2439 2260 2508 2314 τὰ
2532 2260 2631 2331 ὅρη
2662 2254 3000 2310 ὑποκάτωθεν
3026 2253 3218 2317 αὐτοῦ,
3253 2253 3332 2306 κα“

2439 2366 2527 2402 ται
2548 2349 2621 2410 ὡς
2653 2347 2817 2417 κηρὸς
2848 2344 2952 2398 ἀπὸ
2976 2342 3273 2414 προσώπου
3298 2360 3332 2394 π

2438 2439 2797 2510 ταφερόμενον
2853 2438 2909 2489 ὲν
2970 2434 3275 2487 καταϐάσει
3303 2449 3316 2462 -

2442 2531 2615 2584 πάντα
2637 2528 2824 2589 ταῦτα,
2848 2526 2941 2577 καὶ
2985 2525 3054 2576 δι’
3085 2524 3332 2595 ἁμαρτία

2443 2619 2535 2673 νῦν
2566 2616 2881 2678 ἀκαλύπτους
2922 2615 2980 2680 ἐξ
3035 2614 3272 2685 ούρανοῦ
3320 2631 3332 2665 ι

2444 2706 2860 2779 ὲκπορεύόμενός
2883 2721 2944 2755 τε
2983 2706 3049 2756 ὲκ
3072 2703 3169 2755 τοῦ
3202 2702 3332 2755 τόπῡ

2445 2799 2705 2870 κειμένων
2733 2795 3056 2866 κηρύττεται
3080 2809 3091 2823 ·
3138 2792 3226 2862 εἴη
3257 2792 3300 2844 δ’

2443 2891 2503 2943 ὃν
2540 2889 2693 2959 μόνον
2725 2885 2811 2940 διὰ
2839 2883 2943 2936 τῶν
2969 2881 3287 2953 ἔμπροσθεν
3310 2898 3332 2948 1

2448 2980 2541 3033 καὶ
2566 2977 2762 3048 Κύριον
2795 2972 2929 3044 μετὰ
2960 2972 3054 3024 τὸν
3089 2971 3332 3024 ἀνωτάτω

820 3081 1124 3137 stravimus.
1168 3078 1369 3134 Locum
1397 3085 1570 3131 autem
1605 3075 1721 3144 ejus
1753 3088 1861 3128 non
1900 3072 2135 3134 aberres,
2160 3070 2207 3126 si
2235 3085 2296 3125 co

1845 3090 1861 3127 ι
1900 3072 2135 3134 aberres,
2160 3070 2207 3126 si
2235 3077 2411 3135 (ιω-ια
2442 3067 2731 3137 εδείξαμεν.
2767 3065 2938 3118 Τόπον
2952 3061 3000 3113 δ’
3028 3061 3197 3114 αὐτοῦ
3220 3063 3321 3114 οὐκ

821 3170 952 3225 leste
981 3184 1201 3239 regnum
1252 3183 1373 3224 esse
1419 3166 1567 3222 dicas
1590 3205 1605 3229 ,
1634 3164 2022 3234 gloriosamque
2047 3161 2341 3216 divinitatis

819 3262 938 3329 ejus
969 3260 1167 3324 sedem,
1198 3273 1359 3328 quam
1414 3256 1709 3325 tbeologice
1766 3254 2030 3308 extollens
2082 3251 2346 3321 Propheta

822 3347 1079 3417 psallebat
1102 3385 1119 3410 ,
1178 3361 1241 3401 ac
1290 3344 1536 3399 dicebat:
1563 3359 1582 3392 ι
1616 3339 1782 3395 Sedes
1826 3347 1939 3401 tua,
1969 3336 2128 3399 Deus,
2168 3336 2222 3389 in
2252 3349 2350 3389 sa:-

822 3439 997 3493 culum
1044 3437 1219 3492 sasculi
1253 3436 1338 3489 ⁸⁸ε
1384 3453 1402 3486 ι
1439 3448 1601 3502 super
1631 3445 1735 3501 qua
1767 3431 1939 3500 ipsum
1997 3428 2179 3483 sedere
2222 3434 2350 3481 tan-

822 3542 980 3598 quam
1015 3527 1228 3581 unicum
1255 3526 1448 3580 Filium
1474 3523 1637 3594 jussit
1658 3521 1816 3576 Pater
1841 3520 1945 3574 illis
1972 3519 2146 3574 verbis
2175 3536 2188 3571 :
2220 3535 2238 3568 ι
2264 3515 2351 3571 Se-

825 3619 891 3673 de
918 3634 946 3673 a
969 3619 1166 3673 dextris
1197 3618 1331 3671 meis
1358 3617 1425 3666 ⁸⁹.
1471 3634 1489 3667 ι
1521 3612 1653 3666 Nam
1681 3612 1794 3666 haec
1821 3611 1975 3679 plane
2016 3608 2126 3677 jam
2177 3613 2348 3669 antea,

823 3710 892 3764 ad
931 3723 1093 3762 unum
1130 3707 1455 3760 Salvatorem
1510 3710 1749 3757 nostrum
1806 3699 1972 3754 Deum
2009 3697 2237 3751 Verbum
2268 3710 2352 3750 re-

825 3796 1043 3854 ferenda
1079 3810 1198 3850 esse
1249 3794 1464 3863 planum
1517 3792 1758 3846 fecimus.
1789 3788 1943 3842 Hunc
1970 3788 2131 3857 igitur
2176 3786 2349 3854 ipsum

829 3898 1063 3958 pmsens
1093 3883 1367 3935 oraculum
1427 3882 1573 3934 canit
1601 3879 1952 3949 egredientem
1983 3877 2048 3931 de
2088 3877 2203 3929 loco
2231 3889 2349 3937 suo,

829 3980 1209 4032 descensurum
1227 3987 1330 4040 que
1345 3986 1505 4040 super
1519 3969 1825 4024 altitudines
1853 3975 2025 4021 terrae.
2073 3965 2238 4018 Porro
2260 3980 2353 4017 au-

832 4078 935 4123 tem
953 4079 1192 4137 quamam
1207 4064 1287 4117 hae
1306 4062 1434 4125 sint,
1457 4062 1583 4126 nisi,
1597 4061 1650 4115 id
1673 4060 1813 4130 quod
1836 4057 2119 4126 ipsaverba
2140 4061 2350 4118 sonant,

833 4164 1039 4212 montes
1063 4152 1227 4208 Israel
1253 4160 1306 4205 et
1340 4151 1537 4214 colles,
1589 4149 1655 4203 de
1694 4149 1889 4218 quibus
1941 4143 2353 4199 innumerabiles

831 4244 1119 4316 prophetia:
1147 4239 1538 4295 vaticinantur?
1563 4237 1784 4308 ipsaque
1802 4235 2117 4302 Jerusalem,
2141 4238 2194 4287 et
2232 4246 2354 4286 cum

830 4352 893 4393 ea
916 4348 1068 4388 mons
1091 4331 1220 4386 Sion
1240 4368 1255 4394 ,
1278 4329 1334 4382 in
1357 4343 1464 4398 quo
1490 4328 1774 4397 plurimum
1806 4325 2102 4378 diversatus
2130 4328 2210 4376 est
2242 4320 2355 4374 Sal-

829 4434 985 4483 Vator
1013 4437 1075 4477 ac
1092 4420 1347 4475 Dominus
1380 4417 1593 4471 noster?
1615 4413 1745 4467 Nam
1763 4413 1875 4469 fore
1905 4413 2089 4465 talium
2119 4408 2356 4464 altitudi-

834 4530 959 4570 num
1000 4510 1350 4583 perditionem
1395 4515 1555 4576 atque
1591 4502 1897 4567 interitum,
1946 4501 2089 4554 canit
2135 4498 2190 4552 in
2240 4498 2355 4567 ipso
2386 4494 2429 4549 Ι)

830 4604 1031 4661 Christi
1063 4603 1323 4657 descensu
1354 4615 1368 4652 :
1404 4605 1457 4651 et
1487 4609 1614 4651 sane
1641 4597 1870 4654 constat,
1901 4600 2022 4659 post
2064 4587 2355 4642 Salvatoris

835 4695 1006 4752 nostri
1035 4693 1321 4747 adventum
1352 4697 1574 4758 postque
1629 4697 1692 4737 ea
1738 4696 1856 4752 quae
1902 4681 2157 4736 adversus
2209 4679 2354 4733 illum

837 4793 962 4840 sunt
991 4784 1128 4848 ausi,
1149 4782 1398 4835 universa
1443 4777 1552 4840 illa,
1587 4787 1705 4843 quae
1726 4787 1895 4841 nuper
1914 4772 2054 4825 dicta
2086 4778 2231 4831 sunt,
2260 4767 2357 4823 de-

835 4875 1083 4943 populata
1116 4870 1302 4933 fuisse,
1341 4878 1392 4923 et
1417 4866 1483 4921 ad
1502 4872 1791 4920 extremam
1839 4860 2175 4916 solitudinem
2205 4857 2359 4913 reda-

836 4971 921 5016 cta
948 4978 1066 5018 esse
1090 4980 1105 5016 :
1136 4968 1501 5017 verumtamen
1526 4954 1759 5009 Iudaica
1783 4967 1992 5022 quoque
2022 4951 2192 5023 gentis
2213 4948 2362 5021 prin-

836 5052 1001 5119 cipes,
1019 5060 1071 5106 et
1095 5054 1233 5121 quod
1260 5057 1404 5121 prius
1428 5063 1590 5120 penes
1615 5046 1758 5114 ipsos
1788 5058 2006 5113 regnum
2025 5043 2216 5106 stabat,
2233 5054 2358 5095 nec-

838 5151 946 5191 non
992 5139 1368 5201 sacerdotium,
1396 5148 1449 5194 et
1482 5138 1650 5207 prima
1691 5134 1993 5190 docentium
2022 5132 2207 5193 sedes,
2264 5128 2356 5196 qui
2393 5151 2413 5175 ο

840 5240 983 5280 nunc
1022 5234 1232 5279 montes
1279 5230 1497 5295 ﬁgurate
1549 5229 1925 5291 nominantur,
1975 5218 2354 5280 commovenda

838 5330 959 5372 esse
988 5313 1093 5367 dici
1123 5323 1342 5383 possunt
1374 5317 1426 5368 in
1456 5318 1572 5384 ipso
1598 5317 1807 5374 Domini
1832 5319 1899 5373 de
1927 5317 2063 5372 cmlo
2090 5313 2350 5367 adventu:

838 5413 893 5461 et
918 5405 1020 5457 hoc
1042 5403 1212 5470 ipsum
1241 5403 1452 5471 quidem
1482 5403 1634 5458 ﬁnem
1667 5422 1822 5461 suum
1875 5406 2189 5474 contigisse,
2235 5398 2357 5468 quis

840 5509 947 5548 non
979 5490 1189 5544 tandem
1218 5489 1471 5553 fateatur,
1511 5501 1630 5559 post
1682 5495 1973 5550 Salvatoris
2008 5489 2174 5546 nostri
2231 5485 2356 5540 Jesu

754 5609 758 5613 <
838 5580 1041 5640 Christi
1069 5587 1325 5647 tempora,
1357 5594 1477 5632 cum
1501 5583 1677 5634 omnia
1705 5586 1791 5638 illa
1821 5587 1997 5640 videre
2028 5581 2212 5649 possit,
2246 5592 2355 5631 non

909 5695 953 5729 ⁸⁷
982 5691 1139 5746 Mich.
1174 5706 1213 5755 ι,
1249 5689 1362 5745 2-5.
1433 5691 1478 5724 ⁸³
1502 5691 1642 5748 Psal.
1671 5710 1811 5762 mv,
1842 5698 1894 5750 7.
1967 5697 2012 5731 ⁸⁸
2049 5693 2190 5750 Psal.
2216 5706 2323 5755 cu,
2358 5689 2406 5745 l.

2452 3177 2537 3213 ναι
2569 3157 2663 3228 τὴν
2687 3159 2742 3209 ὲν
2764 3155 3011 3224 οὐρανοῖς
3038 3151 3332 3222 βασιλείαν,

2446 3265 2604 3320 τητος
2636 3243 2795 3300 αὑτοῦ
2838 3243 3054 3314 θρόνον,
3081 3243 3142 3296 ὃν
3177 3242 3330 3295 θεολο

2447 3341 2554 3404 λεν,
2587 3357 2607 3389 ι
2646 3338 2703 3389 '0
2751 3334 2934 3406 θρόνος
2976 3350 3097 3397 σου,
3144 3352 3163 3385 ι
3202 3333 3332 3401 φάσ)

2447 3426 2613 3481 αἰῶνα
2629 3422 2720 3477 τοῦ
2743 3421 2931 3484 αἰῶνος
2948 3437 2962 3450 ·
2980 3439 2999 3471 ι
3022 3420 3110 3489 ἐφ’
3139 3419 3197 3472 ὃν
3229 3420 3328 3471 αὐτ

2451 3517 2738 3586 μονογενεῖ,
2788 3508 3114 3573 καθέζεσθαι
3140 3526 3332 3581 παρεκι

2448 3603 2538 3656 θου
2575 3605 2637 3655 ὲκ
2665 3600 2849 3667 δεξιιῖιν
2881 3617 3006 3669 μου.
3048 3619 3067 3651 ι
3105 3600 3292 3653 Ταῦτα
3323 3616 3332 3628 ·

2450 3710 2540 3765 ρον
2563 3693 2653 3746 ἐπὶ
2675 3692 2830 3762 μόνον
2860 3691 3232 3761 ἀναφέρεσθαι
3255 3690 3332 3743 τὸι

2448 3783 2577 3835 Θεὸν
2613 3782 2779 3848 Λόγον
2817 3781 3267 3851 παρεστήσαμεν.
3311 3779 3332 3830 1

2450 3870 2633 3941 παρὼν
2656 3869 2912 3943 ,θεσπίζει
2959 3870 3122 3939 λόγος
3168 3872 3332 3939 ὲκπορ

2449 3959 2633 4023 αὐτοῦ,
2657 3959 3063 4029 καταϐήσεσθαι
3101 3977 3162 4014 τε
3210 3960 3304 4011 ἐπὶ

2449 4049 2492 4101 δ’
2528 4048 2593 4101 ἂν
2624 4047 2712 4114 εἴη
2747 4046 2919 4101 ταῦτα
2944 4087 2960 4111 ,
3007 4049 3041 4117 ἢ
3087 4048 3266 4118 ρητῶς
3298 4065 3332 4117 μ

2450 4137 2543 4190 καὶ
2572 4139 2619 4189 οἱ
2653 4136 2845 4206 βουνοὶ,
2888 4139 3023 4209 περὶ
3050 4135 3126 4191 ὧν
3162 4138 3330 4209 μυρία

2454 4257 2556 4304 σιν,
2589 4241 2722 4310 αύτή
2747 4258 2805 4293 τε
2833 4241 3198 4311 Ἰερουσαλὴμ
3221 4242 3315 4293 καί

2454 4330 2705 4392 πλείστας
2748 4331 2985 4383 ἐποιεῖτο
3028 4330 3315 4402 διατριϐὰς

2456 4422 2648 4492 ήμῶν;
2683 4420 2895 4473 Τούτων
2922 4421 2989 4474 δὲ
3033 4422 3332 4492 διαφθοράν

2453 4513 2543 4566 ἐπὶ
2572 4515 2636 4582 τῇ
2667 4511 2756 4564 τοῦ
2785 4513 3027 4582 Χριστοῦ
3062 4514 3273 4584 καθόδῳ
3307 4513 3332 4566 θ

2450 4601 2522 4664 ὡς
2554 4599 2687 4669 μετὰ
2712 4600 2809 4670 τὴν
2851 4599 2953 4654 τοῦ
2993 4604 3247 4674 Σωτῆρος
3273 4604 3332 4671 in

2454 4693 2569 4745 κατ’
2600 4689 2759 4744 αὐτοῦ
2788 4690 3200 4763 τετολμημένα,
3229 4692 3296 4745 τὰ
3330 4718 3331 4727 ι

2454 4781 2818 4851 πολιόρκηται,
2856 4783 2959 4835 καὶ
2992 4786 3075 4847 εἰς
3108 4784 3332 4854 ὲσχάτηι

2459 4871 2562 4942 μὴν
2589 4870 2722 4923 ἀλλὰ
2750 4871 2845 4923 καὶ
2869 4874 2922 4925 οἱ
2942 4875 3204 4944 ἄρχοντες
3226 4873 3320 4927 τοῦ

2458 4962 2585 5032 παρ’
2613 4962 2791 5025 αὐτοῖς
2836 4964 2899 5016 τὸ
2947 4967 3080 5036 πρὶν
3113 4965 3332 5018 συνεστᾶ

2453 5076 2512 5111 τε
2538 5059 2632 5111 καὶ
2651 5057 2982 5114 διδασκάλων
3014 5064 3323 5135 προεδρεία,

2457 5159 2751 5233 μαζόμενα,
2795 5164 3223 5237 σαλευθήσεσθαι
3251 5167 3332 5231 λέη

2455 5265 2566 5337 ρίου
2600 5265 2657 5331 ὲξ
2677 5268 2914 5340 οὐρανῶν
2939 5271 3228 5343 παρουσίᾳ.
3253 5273 3332 5323 Κα

2454 5370 2626 5442 ἔτυχε,
2656 5374 2740 5436 τίς
2764 5373 2862 5427 ούκ
2894 5373 2960 5428 ἂν
2989 5376 3332 5446 ὁμολογήσειε

2458 5493 2547 5547 ρος
2574 5475 2724 5547 ήμῶν
2761 5476 2933 5549 Ἰησοῦ
2959 5477 3194 5549 Χριστοῦ
3220 5476 3332 5547 χρόι

2463 5578 2569 5648 ρῶν
2594 5580 2652 5634 ού
2688 5581 2843 5653 μόνον
2877 5580 3221 5648 σαλευθὲντα,
3264 5580 3332 5634 ax
