3738 6308
59 500 125 555 ιιι

68 584 327 710 τιμένζιρ

75 692 293 745 515?."-
425 692 472 702 ’⁷
586 692 968 728 ίτ⁷’““”διεμ
1018 692 1108 715 καὶ
1150 692 1240 715 ἰυυ
1282 692 1413 713 nnth
1455 692 1603 721 vr—v,
1652 692 1792 710 0*.“

103 777 232 826 mh“
318 724 519 826 ’κόλιν⁸
557 745 970 801 συνεστῶσαι
1001 751 1175 803 αὐτῶν
1206 743 1526 817 συναγωγαὶ,
1555 743 1794 819 ἀποθρη-

352 817 466 871 καὶ
495 822 1030 905 ἀποκλαιομεναι,
1061 841 1154 891 καὶ
1193 840 1265 902 ὼς
1297 838 1458 909 κηρὸς
1487 835 1591 888 ἀπὸ
1628 817 1793 907 προά-

152 938 274 991 {arare
291 912 512 993 (τδρδς
540 921 924 990 τηκόμεναι,
950 928 1040 980 διά
1071 928 1241 998 λύπην
1262 930 1352 980 καὶ
1378 925 1600 987 πένθους
1627 928 1793 997 ὑπερ-

167 1021 335 1091 ϐολὴν,
385 1006 494 1075 ’τῆς
532 1025 603 1061 τε
634 1010 766 1065 τῶν
815 1019 1046 1071 οἰκείων
1071 1020 1299 1090 ἐρημίας
1335 1019 1427 1071 καὶ
1454 1016 1552 1085 τῆς
1584 1020 1793 1087 μακρᾶς

191 1110 283 1157 ιο).
306 1096 618 1161 πολυετοῦς
655 1099 933 1168 δουλείας
965 1106 1164 1159 ἕνεκεν.
1213 1108 1319 1159 Καὶ
1354 1106 1522 1168 ἄλλως
1558 1106 1614 1158 δὲ
1656 1105 1791 1159 κατά

206 1191 426 1246 διάνοιαν
474 1189 512 1257 ἡ
564 1188 671 1241 τοῦ
720 1193 916 1265 Λόγου
968 1195 1062 1248 τοῦ
1099 1196 1238 1248 θείου
1289 1197 1552 1259 ὲπίϐασις,
1595 1198 1693 1249 οὐκ
1734 1198 1791 1247 ὲν

217 1282 443 1350 χάσματι
473 1279 578 1331 καλ⁸
629 1281 1011 1353 κοιλώμασιν,
1047 1287 1149 1339 οὐδ’
1180 1290 1237 1341 ὲν
1264 1290 1533 1349 ταπειναῖς
1566 1288 1657 1339 καὶ
1697 1303 1792 1355 χα-

224 1369 501 1438 μαιπετέσι
527 1369 836 1436 διανοίαις,
873 1374 989 1426 ἀλλ’
1023 1378 1077 1427 ὲν
1102 1378 1427 1447 ὲπῃρμέναις
1458 1377 1516 1429 τὸ
1546 1376 1790 1447 φρόνημα

223 1459 542 1527 κατεγίνετο.
594 1459 800 1533 Ταύτῃ
840 1463 972 1530 γοῦν
1001 1464 1389 1535 τροπικὼτερον
1419 1467 1576 1528 αὐτὸς
1620 1468 1648 1518 ό
1678 1465 1789 1517 Κύ-

219 1535 341 1618 ριος
374 1548 788 1618 καταϐήσεσθαι
817 1554 911 1605 ἐπὶ
936 1554 1003 1606 τά
1033 1552 1137 1621 ὕψη
1168 1554 1264 1622 τῆς
1294 1554 1395 1622 γῆς
1425 1553 1620 1624 εἴρητο.
1654 1555 1789 1622 Ὄρη

215 1638 275 1690 δὲ
317 1640 570 1708 σειόμενα
605 1641 973 1694 ὑποκάτωθεν
1016 1642 1193 1706 αὐτοῦ,
1223 1643 1358 1696 αὺτά
1378 1642 1439 1713 δὴ
1487 1646 1661 1696 ἐκεῖνα
1697 1639 1786 1712 ἦν,

221 1727 357 1781 ἔνθα
400 1730 602 1799 ἀνήχθη
652 1731 765 1784 ὑπὸ
797 1730 891 1784 τοῦ
916 1733 1242 1802 Πνεύματος,
1292 1733 1641 1804 πειρασθῆναι
1687 1732 1790 1785 ὑπὸ

216 1815 319 1867 τοῦ
346 1816 595 1871 διαϐόλου
618 1836 633 1849 ·
677 1837 700 1870 ί
746 1820 869 1872 Ὅτι
896 1821 989 1872 καὶ
1019 1821 1420 1890 παραλαμϐάνει
1451 1823 1606 1874 αὐτὸν
1627 1826 1654 1876 ό
1673 1825 1784 1877 διά-

1113 432 1751 517 seuoxSTRATlONts
1785 450 2226 512 sumsum
2266 448 2393 509 blB.
2436 452 2524 507 Vl.

316 561 349 605 ἲ
379 543 718 646 ξοιξι-ἀδες
768 566 843 620 δὲ
886 575 1064 628 εἰσέτι
1105 577 1193 629 νῦν
1230 575 1523 646 Inﬁt-15"“
1562 556 1673 618 εἷεν
1723 572 1790 624 ἂν
1821 624 1822 627 η

1891 574 2071 628 εοὶιιιηι
2088 578 2368 633 commota,
2397 571 2489 625 sed
2529 570 2685 626 etiam
2713 571 2921 625 sublata
2948 573 3017 627 de
3044 570 3254 625 medio?
3284 568 3402 622 Val-

360 638 475 731 τῇς
518 638 968 728 Ἰερουσαλὴμ
1014 663 1108 715 καλ⁸
1149 663 1240 715 τοῦ
1280 638 1414 713 '2:th
1454 650 1605 721 ὅρους
1648 656 1792 710 κατὶ

1892 665 1967 717 les
1996 672 2167 716 autem
2197 660 2371 716 adhuc
2402 661 2777 730 liquescentes,
2810 670 2965 717 erunt
2985 662 3077 731 qui
3114 675 3211 731 pro
3252 658 3391 714 Jeru-

3304 454 3429 507 435‘

1890 753 2050 807 salem
2077 764 2275 820 proque
2316 758 2499 805 monte
2543 750 2690 813 Sion,
2715 766 2807 819 per
2832 765 3038 804 omnem
3068 751 3247 803 urbem
3276 761 3380 802 con

1889 841 2063 896 stituti
2090 849 2404 895 sunteorum
2433 849 2744 901 conventus,
2769 840 2925 908 272
2951 841 3215 907 plorantes
3241 853 3303 892 ac
3323 837 3404 890 lu-

1888 938 2088 1001 gentes,
2116 939 2170 984 et
2217 931 2369 998 quasi
2411 945 2533 984 cera
2576 945 2606 982 a
2655 929 2788 983 facie
2830 929 2967 998 ignis
3015 928 3402 996 liquescentes,

1888 1027 2101 1088 propter
2143 1019 2385 1073 mteroris
2415 1034 2477 1072 ac
2510 1019 2684 1072 luctus
2713 1031 2991 1072 excessum
3017 1055 3033 1075 .
3091 1025 3147 1071 et
3189 1022 3404 1085 propter

1888 1108 1989 1161 loci
2022 1108 2176 1176 patrii
2205 1108 2539 1163 solitudinem
2561 1146 2576 1169 ,
2615 1116 2669 1161 et
2706 1107 2915 1174 longam
2945 1112 3102 1173 atque
3148 1119 3403 1159 annosam

1888 1197 2211 1251 servitutem.
2255 1197 2372 1251 Alio
2412 1206 2662 1265 praeterea
2703 1196 2974 1249 intellectu
3026 1193 3193 1247 divini
3244 1192 3405 1246 Verbi

1888 1299 2047 1352 super
2099 1284 2401 1340 altitudines
2452 1285 2742 1339 descensus
2794 1283 2963 1350 accipi
3017 1282 3431 1351 potestzquod.

1888 1376 2067 1443 utique
2098 1390 2202 1429 non
2229 1374 2281 1427 in
2312 1375 2547 1430 hiatibus
2566 1382 2623 1429 et
2647 1374 2999 1435 convallibus,
3023 1388 3195 1441 neque
3220 1373 3276 1427 in
3313 1373 3407 1426 ab-

1882 1464 2036 1534 jectis
2064 1471 2220 1532 atque
2248 1465 2300 1517 in
2334 1465 2549 1517 humum
2595 1464 2957 1532 spectantibus
2996 1463 3185 1516 animis
3214 1469 3267 1516 et
3316 1475 3407 1516 co-

1887 1553 2249 1622 gitationibus,
2297 1553 2389 1608 sed
2426 1553 2481 1607 in
2510 1553 2666 1607 altius
2700 1553 2923 1607 sublatis
2954 1560 3006 1606 et
3037 1565 3249 1606 sursum
3290 1565 3407 1606 ere-

1885 1643 1989 1696 ctis
2027 1644 2229 1697 versari
2278 1643 2456 1697 vellet.
2512 1641 2625 1696 Tali
2669 1642 2830 1711 igitur
2860 1641 3027 1711 figura
3056 1641 3257 1695 dictum
3282 1651 3402 1705 est,

1886 1734 2058 1799 ipsum
2082 1730 2359 1784 Dominum
2388 1745 2547 1799 super
2586 1729 2891 1783 altitudines
2923 1739 3074 1783 terrae
3120 1729 3407 1784 descensu-

1891 1834 2030 1873 rum.
2054 1817 2151 1886 Qui
2179 1835 2306 1876 vero
2335 1819 2709 1873 concutiantur
2739 1820 2919 1874 subter
2942 1832 3005 1872 eo
3034 1827 3262 1880 montes,
3299 1814 3405 1885 ipsi

219 1904 389 1969 ἀλλος
416 1910 485 1972 εις
524 1908 662 1980 ὅρος
699 1910 903 1979 ὑῂλὸν
949 1887 1111 1963 λίαν(
1141 1887 1247 1963 καὶή
1271 1907 1338 1981 ἦν
1372 1912 1505 1982 μετά
1550 1914 1652 1966 τῶν
1697 1914 1789 1983 θη·
1820 1889 1822 1939 ί

1886 1911 1962 1965 illi
1988 1916 2168 1980 utique
2188 1916 2366 1973 erunt,
2391 1910 2457 1962 ad
2481 1925 2612 1979 quos
2645 1909 2904 1964 adductus
2930 1918 3012 1962 est
3038 1922 3068 1960 a
3103 1907 3314 1977 spiritu,
3348 1913 3406 1957 ut

197 1994 379 2065 ρὰυν.
422 2017 439 2048 ι
481 2000 633 2069 Ὄρη
669 2000 718 2051 δ’
740 1999 808 2052 ἂν
831 2000 913 2069 εῐη
936 1994 1087 2063 αὖθις
1116 1999 1505 2071 τροπικώτερον
1534 2003 1565 2071 ἠ
1602 2002 1657 2053 ἐν
1679 2006 1785 2065 τοῖς

171 2091 343 2153 ορεστ
395 2088 455 2140 τὸ
487 2091 628 2158 πρὶν
662 2088 1048 2157 ἐπιτελουμένη
1078 2089 1492 2160 εἰδωλολατρεία,
1523 2107 1613 2142 και
1646 2092 1700 2141 αἱ
1731 2092 1787 2142 ὲν

150 2173 429 2240 τούτο-ις
477 2179 864 2249 ὲνεργήσασαι
905 2178 1119 2249 ἀόρατοι
1162 2180 1253 2232 καὶ
1286 2180 1592 2250 ἀρχοντικαὶ
1632 2179 1787 2232 δυνά-

158 2283 319 2336 μεις,
396 2268 468 2331 ἃς
498 2270 564 2320 οὗ
605 2267 828 2338 μικρῶς
856 2270 888 2337 ἠ
920 2268 1010 2321 τοῦ
1039 2270 1285 2339 Σωτῆρος
1316 2270 1467 2339 ἡμῶν
1499 2270 1701 2323 ἀνέσειὲ
1730 2286 1788 2322 τε

156 2359 265 2412 καὶ
314 2357 607 2412 εΞινεκίνει
646 2356 980 2409 διδασκαλία.
1026 2356 1237 2408 Τούτων
1266 2358 1372 2427 γὰρ
1401 2358 1433 2427 ἡ
1462 2357 1654 2419 ἔνθεος,
1683 2356 1788 2408 εἴτε

166 2446 655 2517 θαυμνατουργὸς
695 2445 790 2497 καὶ
835 2443 1247 2514 παρσδοξοποιδς
1284 2445 1452 2512 ίσχὺς,
1500 2443 1790 2512 λεληθότως

175 2537 289 2606 τὴν
325 2534 500 2589 κατὰ
528 2534 645 2586 τῶν
677 2532 977 2603 ἀνθρώπων
1009 2531 1221 2604 μακράν
1245 2534 1337 2585 καὶ
1370 2531 1596 2586 παλαιὰν
1634 2532 1788 2584 δυνα-

190 2625 417 2677 στείαν
440 2623 701 2693 καθῄρει.
739 2622 1009 2684 Ὡσαύτως
1040 2622 1096 2674 δὲ
1122 2623 1214 2674 καὶ
1244 2620 1481 2683 κοιλάδες
1502 2620 1788 2689 τηκόμεναι

205 2713 293 2776 ὣς
322 2714 506 2783 κηρὸς
533 2713 648 2765 ἀπὸ
668 2711 958 2781 προσώπου
976 2713 1163 2782 πυρὸς,
1187 2710 1433 2780 δαίμονες
1456 2710 1521 2763 ἂν
1537 2707 1642 2763 εἷεν
1669 2710 1788 2779 χθό-

211 2817 335 2853 νιοι
375 2801 469 2853 καὶ
498 2801 794 2870 περίγειοι,
826 2799 948 2852 καθ’
972 2793 1045 2851 ὧν
1077 2799 1136 2851 τὸ
1163 2798 1446 2852 καυστικὸν
1471 2798 1570 2866 τῆς
1600 2797 1785 2867 μοχθη-

198 2872 367 2957 Iph;
408 2886 580 2941 αὐτῶν
614 2886 728 2957 πῦρ
769 2886 939 2955 ἠφίει,
975 2887 1178 2954 λέγων’
1215 2905 1233 2936 ι
1272 2886 1388 2955 Πῦρ
1417 2881 1575 2955 ἦλθον
1612 2884 1787 2952 βαλεῖν

229 2979 339 3030 ἐπὶ
379 2979 467 3049 τὴν
486 2979 607 3049 γῆν,
644 2979 741 3031 καὶ
773 2977 825 3029 τί
853 2976 1006 3040 θέλω,
1038 2980 1086 3028 εἰ
1117 2977 1212 3046 ἤδη
1243 2976 1480 3045 ἀνήφθης
1517 2994 1536 3025 ι
1584 2974 1699 3041 Ὑφ’
1727 2968 1786 3027 οὗ

232 3067 423 3135 πυρὸς
464 3067 527 3136 δὴ
574 3068 875 3135 καιόμενοι,
913 3066 1005 3117 καὶ
1042 3064 1116 3135 μὴ
1156 3060 1255 3116 οἷοί
1285 3081 1342 3117 τε
1382 3064 1529 3126 ὄντες
1555 3062 1653 3125 τάς
1683 3062 1789 3115 ἀπὸ

1883 2007 2173 2053 tentaretur
2198 2014 2227 2053 a
2252 2000 2463 2054 diabolo
2496 2018 2510 2053 :
2559 2014 2667 2069 quo
2707 2007 2943 2067 tempore
2970 2017 2988 2050 ι
3025 1997 3310 2066 assumpsit
3340 1996 3406 2049 il-

1882 2086 1992 2139 lum
2024 2088 2266 2144 diabolus
2308 2089 2362 2142 in
2394 2100 2624 2142 montem
2651 2088 2921 2143 excelsum
2964 2087 3117 2141 valde
3138 2125 3153 2150 ,
3200 2093 3255 2140 et
3292 2091 3406 2138 erat

1884 2191 2007 2230 cum
2032 2174 2159 2231 feris
2186 2177 2252 2230 °°.
2287 2196 2307 2229 ι
2339 2176 2549 2232 Rursus
2594 2180 2752 2231 etiam
2784 2176 3059 2245 figuratius
3084 2182 3292 2230 montes
3315 2188 3406 2227 ac-

1883 2267 2165 2335 cipiemus,
2188 2266 2337 2319 illum
2358 2266 2764 2320 simulacrorum
2791 2266 3014 2325 cultum,
3046 2265 3137 2333 qui
3166 2263 3316 2333 prius
3349 2264 3404 2315 in

1885 2355 2153 2409 montibus
2185 2354 2635 2423 frequentabatur,
2657 2362 2709 2408 et
2736 2356 2791 2408 in
2833 2355 2900 2409 iis
2938 2353 3221 2408 eﬂicaciam
3252 2366 3403 2408 suam

1885 2442 2244 2505 ostendentes,
2284 2442 2576 2497 invisibiles
2606 2442 2934 2511 principatus
2985 2455 3047 2495 ac
3074 2448 3363 2510 potestates
3384 2477 3401 2501 ,

1884 2545 2017 2599 quas
2057 2546 2162 2583 non
2217 2530 2403 2584 leviter
2428 2529 2717 2584 Salvatoris
2765 2530 2932 2584 nostri
2960 2530 3233 2585 concussit
3257 2543 3406 2583 com-

1885 2620 2151 2688 movitque
2191 2618 2451 2674 doctrina.
2494 2617 2700 2671 Talium
2749 2618 2893 2672 enim
2921 2618 3129 2688 longam
3177 2625 3230 2673 et
3261 2628 3405 2673 vete-

1883 2723 1996 2761 rem
2018 2717 2204 2761 contra
2228 2706 2469 2761 homines
2498 2707 2785 2776 potentiam
2804 2746 2821 2772 ,
2850 2706 3072 2759 latenter
3104 2705 3296 2760 delevit
3317 2706 3403 2765 die

1881 2798 2062 2851 vinum
2092 2797 2233 2851 illius
2254 2797 2495 2860 verbum,
2536 2805 2588 2850 et
2615 2795 2835 2849 miriﬁca
2862 2802 2915 2849 et
2959 2810 3169 2850 omnem
3212 2796 3265 2849 in
3293 2795 3407 2850 elli-

1883 2886 2074 2939 ciendo
2120 2884 2274 2939 tidem
2316 2899 2579 2953 superans
2632 2885 2733 2939 vis.
2789 2884 2987 2939 Eadem
3028 2898 3151 2940 vero
3199 2884 3407 2939 ratione

1880 2977 2037 3031 etiam
2054 2978 2425 3045 liquescentes,
2440 2986 2495 3030 ut
2510 2991 2629 3031 cera
2645 2991 2676 3028 a
2688 2976 2820 3030 facie
2834 2977 2991 3044 ignis,
3010 2976 3192 3038 valles,
3207 2975 3406 3029 daemo-

1880 3082 1977 3122 nes
2001 3076 2157 3122 erunt
2183 3066 2375 3121 inferni
2390 3075 2442 3121 et
2456 3067 2652 3121 circum
2671 3074 2866 3135 terram
2888 3074 3191 3120 versantes:
3218 3063 3407 3119 adver-

235 3155 353 3223 τῆς
392 3158 605 3227 ἀοράτου
645 3156 841 3225 φλογὸς
878 3156 1062 3226 φέρειν
1107 3154 1382 3223 βασάνους,
1415 3152 1785 3224 ὑπανεχώρουν
1811 3196 1822 3243 1

1885 3174 2003 3213 sum
2030 3173 2164 3227 quos
2181 3159 2373 3227 ignem,
2400 3157 2492 3227 qui
2533 3156 2821 3226 nequitiam
2852 3158 3085 3225 ipsorum
3124 3156 3406 3211 combure-

240 3243 371 3294 τῶν
410 3244 747 3314 ἀνθρωπείων
783 3243 1063 3312 σωμάτων.
1103 3243 1211 3294 Καὶ
1255 3240 1315 3292 τὸ
1356 3241 1570 3309 συνέχον
1601 3257 1662 3308 γε
1694 3240 1786 3293 καὶ
1819 3240 1822 3243 ’

1890 3254 1994 3311 ret,
2026 3248 2225 3301 dimisit
2252 3248 2471 3301 dicens:
2504 3266 2522 3297 ι
2556 3247 2730 3315 Ignem
2753 3245 3159 3299 venimitterein
3187 3253 3402 3306 terram.

244 3332 473 3387 ἐλαύνον
492 3337 678 3398 αὐτοὺς
703 3333 1095 3403 ἀνωμολόγουν,
1132 3331 1353 3401 βοῶντες
1371 3348 1384 3361 ·
1410 3350 1427 3380 ε
1442 3332 1561 3391 Ἔα,
1584 3329 1635 3382 τί
1661 3331 1691 3398 ή
1700 3330 1787 3397 μίν

248 3422 366 3474 καὶ
396 3425 485 3486 σοὶ,
513 3425 603 3476 Υἱὲ
633 3423 725 3476 τοῦ
755 3422 919 3486 θεούς
951 3418 1110 3491 ἦλθες
1151 3420 1255 3490 πρὸ
1282 3419 1468 3488 καιροῦ
1510 3420 1787 3489 βασανίσαι

251 3510 449 3579 ἡμᾶς
479 3513 703 3583 Οἴδαμεν
738 3529 797 3564 σε
822 3512 903 3573 τίς
933 3507 1016 3563 εἷο
1044 3512 1075 3562 ό
1101 3510 1252 3578 ἅγιος
1284 3508 1376 3561 τοῦ
1404 3507 1554 3560 Θεοῦ.
1595 3526 1615 3557 ι
1651 3504 1789 3557 Τού-

250 3601 465 3659 τουςδὲ
497 3602 719 3671 μάλιστα
762 3600 996 3670 ᾐκίζετο,
1039 3599 1131 3651 καὶ
1170 3597 1294 3659 τοὺς
1325 3598 1415 3673 ἐπὶ
1457 3595 1653 3649 τούτων
1693 3595 1791 3664 ἀρ-

255 3701 453 3753 κοοπας
480 3691 717 3763 καθῄρει,
747 3692 850 3755 ὅτι,
888 3690 961 3759 μὴ
987 3688 1340 3759 ἀρκεσθέντες
1374 3689 1436 3757 τῇ
1469 3685 1573 3738 τῶν
1593 3684 1789 3738 λοιπῶν

256 3774 433 3830 ἐθνῶν
454 3780 724 3852 διαφθορᾷ,
761 3781 828 3833 δι’
854 3775 921 3850 ἧς
946 3781 1069 3841 τοὺς
1091 3777 1292 3840 πάντας
1316 3777 1393 3838 είς
1422 3775 1518 3845 τὴν
1538 3774 1788 3828 πολύθεον

255 3862 466 3937 πλάνην
490 3869 974 3938 καταϐεϐλήκεσαν,
995 3865 1182 3934 καὶτῷ
1202 3864 1365 3917 πάλαι
1384 3862 1475 3915 τοῦ
1501 3862 1632 3917 Θεοῦ
1655 3861 1785 3929 λαῷ,

256 3952 412 4023 αὖτῷ
452 3958 509 4027 δὴ
549 3959 622 4028 τῷ
653 3961 718 4012 ἐκ
760 3958 1075 4027 περιτομῆς,
1123 3951 1647 4014 ἑπιϐεϐουλεύκεσαν,
1695 3950 1789 4003 καὶ

256 4039 649 4117 ἀποστήσαντες
671 4064 735 4116 γε
770 4046 865 4099 τοῦ
895 4045 1027 4098 Θεοῦ
1051 4046 1144 4098 καὶ
1170 4044 1355 4098 τοῦτον
1393 4044 1663 4106 παντοίαις
1691 4060 1788 4095 πε-

255 4128 503 4193 ριέϐαλον
526 4136 878 4197 δυσσεϐείαις.
917 4135 1005 4187 Διὸ
1027 4135 1119 4187 καὶ
1147 4134 1374 4203 μάλιστα
1407 4133 1501 4203 τὴν
1533 4133 1589 4199 ἐξ
1626 4134 1787 4203 οὐρα-

254 4212 371 4268 νῶν
406 4226 651 4295 πεποίητο
680 4227 710 4276 ό
742 4224 944 4295 Κύριος
983 4223 1222 4276 κάθοδον.
1258 4223 1414 4276 Ὅθεν
1455 4222 1579 4293 ἑξῆς
1620 4240 1749 4292 φησι
1770 4238 1784 4255 ⁸

256 4317 278 4350 ⁸
330 4306 437 4365 Διά
478 4314 569 4384 τὴν
611 4314 861 4367 ἀσέϐειαν
916 4312 1105 4366 Ἰακὼϐ
1133 4312 1305 4365 πάντα
1348 4311 1535 4376 ταῦτα,
1587 4314 1680 4366 καὶ
1722 4312 1787 4365 δι’

248 4388 525 4468 ἁί·¹-ας>⁴ιεί‹ιν
549 4404 692 4458 οἴκου
729 4402 972 4475 Ἰσραήλ·
1010 4422 1030 4453 ι
1062 4404 1170 4457 Καὶ
1198 4402 1273 4454 ἔτι
1306 4402 1441 4471 πρὸς
1466 4401 1667 4465 τούτοις
1691 4402 1789 4471 τῆς

1883 3345 1938 3390 et
1955 3337 2081 3406 quid
2106 3337 2246 3399 volo,
2265 3337 2308 3391 si
2323 3338 2432 3404 jam
2456 3350 2710 3389 accensus
2730 3341 2812 3388 est
2823 3334 2900 3386 ιιι
2933 3353 2951 3385 ›
2972 3332 3087 3399 Quo
3100 3335 3219 3402 igne
3237 3347 3408 3386 corre-

1884 3428 1958 3496 pti
1971 3427 2190 3488 illi,cum
2212 3426 2491 3480 invisibilis
2507 3425 2726 3478 ﬂammae
2743 3431 3002 3478 tormenta
3017 3423 3152 3477 ferre
3167 3438 3270 3475 non
3283 3437 3407 3491 pos-

1884 3519 2023 3576 sent,
2041 3514 2107 3568 de
2120 3514 2365 3567 humanis
2388 3512 2699 3581 corporibus
2711 3510 3045 3572 recedebant,
3065 3509 3298 3576 illudque
3325 3509 3407 3575 ip-

1884 3616 2001 3656 sum
2027 3617 2132 3670 quo
2152 3602 2360 3655 interim
2392 3601 2767 3655 cohibebantur
2794 3607 2952 3668 atque
2982 3598 3402 3666 impellebantur,

1884 3704 1992 3759 prae
2007 3705 2063 3743 se
2080 3688 2319 3743 ferebant
2329 3703 2519 3758 magna
2532 3703 2659 3742 voce
2675 3688 2963 3741 clamantes
2980 3704 2993 3740 :
3014 3704 3032 3736 ι
3047 3685 3159 3747 Eia,
3178 3684 3305 3755 quid
3316 3697 3407 3738 no-

1884 3779 1967 3834 bis
1981 3786 2033 3832 et
2051 3779 2165 3840 tibi,
2185 3777 2283 3831 Fili
2296 3777 2416 3832 Dei?
2426 3762 2613 3832 venisti
2632 3785 2753 3831 ante
2775 3784 2981 3843 tempus
2996 3784 3243 3843 torquere
3267 3789 3366 3829 nos
3382 3773 3409 3827 ?

1883 3868 2138 3924 Novimus
2167 3876 2236 3931 te.
2261 3868 2382 3937 quis
2413 3868 2487 3922 sis
2510 3907 2525 3933 ,
2575 3875 2790 3921 sanctus
2824 3864 2916 3919 Dei
2944 3866 3006 3920 ⁶².
3052 3884 3070 3915 ι
3110 3864 3214 3919 Hos
3245 3864 3406 3934 igitur

1884 3958 2114 4012 maxime
2136 3956 2465 4021 verberabat,
2484 3957 2779 4024 horumque
2805 3955 3070 4024 principes
3091 3954 3361 4009 auferebat
3387 3973 3403 4009 :

1885 4049 2134 4117 quoniam
2162 4063 2271 4101 non
2297 4049 2427 4101 satis
2460 4046 2714 4101 habentes
2741 4045 2881 4115 quod
2920 4045 3148 4114 reliquas
3164 4045 3406 4100 nationes

1885 4139 2276 4207 corrupissent,
2307 4143 2689 4205 corruptaeque
2737 4137 2792 4189 in
2837 4118 3073 4189 errorem
3118 4135 3407 4203 compulis-

1886 4236 2023 4287 sent.
2054 4242 2161 4296 quo
2208 4226 2341 4280 deos
2369 4225 2550 4294 plures
2584 4225 2840 4287 colerent,
2866 4224 3085 4293 antiquo
3125 4225 3286 4279 etiam
3330 4224 3406 4278 illi

1884 4317 1978 4372 Dei
2008 4318 2222 4386 populo,
2265 4315 2355 4385 qui
2387 4314 2814 4369 circumcisionis
2846 4329 2999 4368 usum
3033 4315 3298 4378 servabat,
3325 4315 3407 4368 iu-

1884 4406 2070 4466 sidiari
2096 4414 2387 4479 coeperant,
2412 4406 2661 4477 hancque
2688 4416 2985 4462 avertentes
3015 4421 3044 4459 a
3073 4405 3202 4469 Deo,
3222 4407 3406 4460 omnis

255 4479 319 4545 ίξ
352 4491 571 4562 οὐρανοῦ
607 4494 833 4548 καθόδου
872 4490 964 4544 τοῦ
997 4493 1168 4560 Λόγου
1196 4492 1293 4561 τὴν
1318 4491 1491 4544 αἰτίαν
1524 4490 1645 4561 ἑξῆς
1679 4492 1791 4544 δια-
1817 4487 1822 4544 1

1888 4501 2097 4571 generis
2144 4501 2502 4569 impietatibus
2549 4499 2964 4568 implicaverant.
3015 4498 3192 4562 Quare
3246 4497 3405 4549 etiam

255 4581 446 4644 σαφεῖ,
483 4584 567 4636 τοῦ
609 4583 706 4653 μὲν
737 4585 804 4635 ὲκ
849 4580 1146 4653 περιτομῆς
1181 4580 1308 4633 λαοῦ
1349 4579 1446 4642 τὰς
1485 4579 1787 4643 δυσσεϐείας

254 4653 751 4740 ἀἰτειριθμούι.ι.ενος,
792 4672 889 4723 καὶ
933 4671 1023 4722 τὸν
1071 4670 1163 4722 ἐπὶ
1207 4669 1425 4732 ταύταις
1475 4663 1788 4740 μετελθόντα

252 4743 456 4831 ﬁrmi»;
491 4760 717 4831 ὄλεθρον,
748 4760 859 4812 τῶν
901 4758 958 4811 δὲ
991 4758 1093 4811 ἀνά
1120 4761 1296 4811 πᾶσαν
1336 4759 1431 4829 τὴν
1475 4760 1786 4829 οἰκουμένην

256 4829 430 4927 ξθνῶν
475 4829 867 4919 προαναφωνῶν
918 4848 1017 4917 τὴν
1062 4848 1266 4917 κλῆσιν.
1329 4847 1426 4899 Διά
1464 4847 1633 4904 ταῦτα
1682 4848 1789 4919 γὰρ

259 4929 513 5006 ε’πεδήμει
538 4942 565 4992 ό
590 4940 682 4992 τοῦ
709 4938 847 4992 Θεοῦ
873 4938 1044 5005 Λόγος
1073 4937 1133 5000 ἐξ
1152 4937 1390 5007 οὐρανῶν
1417 4938 1507 4990 ἐπὶ
1536 4941 1662 5008 γῆς·
1691 4941 1789 4992 καὶ

257 5007 369 5068 τῶν
399 5042 457 5093 γε
495 5028 681 5093 λέξεων
728 5032 926 5084 ἄκουε·
973 5046 992 5077 ι
1012 5029 1091 5079 Δι’
1128 5025 1375 5079 ἀσέϐειαν
1414 5025 1555 5078 οίκου
1595 5007 1787 5080 Ἰακὼϐ

233 5101 438 5187 ῗ-ἀντα
457 5119 634 5182 ταῦτα,
670 5121 763 5172 καὶ
793 5118 861 5170 δι’
888 5116 1157 5187 ἁμαρτίαν
1185 5115 1332 5167 οίκου
1369 5115 1595 5183 Ἰσραήλ.
1629 5116 1722 5178 Τίς
1754 5119 1788 5186 ὴ

322 5203 480 5258 σέϐεια
538 5209 680 5261 οἴκου
735 5206 962 5271 Ἰακώϐ;
1018 5206 1080 5257 οὐ
1124 5205 1434 5273 Σαμάρεια;
1486 5204 1575 5256 καὶ
1616 5205 1697 5267 τίς
1752 5208 1784 5276 ἡ

170 5250 501 5367 stt-aptis
529 5301 671 5353 οἴκου
706 5300 903 5362 Ἰούδας
935 5250 1057 5367 όύχὶ
1097 5250 1473 5364 Ἰερζυσέιλήὼ
1498 5294 1604 5345 Καὶ
1632 5250 1787 5363 oga-0:

154 5358 694 5462 Nt'kpépstav
744 5394 825 5453 είς
884 5358 1324 5458 όταυροφυλίάκιον
1362 5358 1525 5452 ἀὴρού
1580 5358 1786 5450 καὶ-είς

42 5470 55 5579 L
184 5452 491 5579 ξπείαν
513 5452 856 5551 ἀμπελῶνος,
886 5477 980 5529 καὶ
1005 5452 1342 5527 κατασπάσω
1381 5472 1459 5532 είς
1500 5473 1622 5540 χάος
1663 5476 1785 5538 τοὺς

198 5524 443 5630 Σάϐους
480 5524 654 5640 αὺζῆς,
691 5570 784 5621 καὶ
826 5524 895 5619 τὰ
922 5564 1152 5634 θεμέλια
1196 5562 1353 5628 αὐτῆς
1396 5560 1721 5631 ἀποκαλύψω.
1754 5583 1774 5615 ι

1888 4591 2118 4643 maxime
2146 4589 2214 4645 de
2238 4591 2375 4642 cmlo
2400 4587 2674 4643 descendit
2721 4586 3011 4651 Dominus,
3054 4602 3139 4641 ex.
3173 4600 3280 4655 quo
3333 4585 3407 4636 ait

1888 4676 2172 4743 deinceps:
2208 4694 2227 4725 ι
2267 4676 2487 4745 Propter
2522 4676 2842 4744 impietatem
2872 4673 3037 4728 Jacob
3066 4676 3243 4728 omnia
3271 4674 3401 4733 haec,

1887 4771 1940 4819 et
1967 4769 2181 4831 propter
2208 4773 2481 4830 peccatum
2501 4762 2691 4816 domus
2714 4760 2894 4816 lsrael.
2932 4778 2951 4810 ι
2982 4760 3063 4814 Ad
3092 4761 3222 4823 hac,
3247 4757 3405 4812 Verbi

1884 4854 2045 4908 etiam
2073 4851 2139 4905 de
2165 4852 2299 4905 cmlo
2328 4852 2618 4907 descensus
2641 4866 2857 4906 causam
2887 4850 3138 4919 deinceps
3165 4849 3401 4918 exponit,

1887 4943 1976 4997 ubi
2012 4942 2180 5009 ipsius
2208 4940 2415 4996 Judaici
2451 4944 2630 5011 populi
2666 4942 2958 5009 impietates
2995 4940 3151 5011 273
3196 4955 3404 4999 connu—

1886 5040 2073 5094 merat,
2088 5038 2141 5084 et
2173 5031 2261 5083 ubi
2286 5040 2404 5099 post
2432 5031 2729 5100 impietates
2752 5045 2894 5091 eum,
2916 5029 3006 5096 qui
3031 5029 3176 5097 ipsos
3202 5031 3407 5084 invase-

1884 5128 1986 5184 rat,
2013 5121 2304 5181 interitum,
2334 5135 2397 5174 ac
2425 5122 2659 5188 gentium
2708 5133 2804 5186 per
2839 5125 3007 5170 totum
3036 5119 3218 5173 orbem
3247 5134 3407 5174 voca-

1886 5211 2083 5262 tionem
2118 5206 2376 5261 enuntiat.
2416 5206 2696 5276 Propterea
2720 5207 2859 5258 enim
2879 5205 2945 5259 de
2971 5208 3107 5261 caelo
3134 5206 3186 5260 in
3210 5216 3407 5261 terram

1891 5297 1982 5351 Dei
2007 5294 2233 5349 Verbum
2263 5295 2555 5364 profectum
2584 5303 2698 5359 est;
2728 5293 2822 5347 sed
2844 5294 3001 5347 verba
3027 5295 3148 5349 audi
3174 5317 3188 5349 :
3228 5314 3247 5345 ι
3277 5294 3409 5349 Pro-

1890 5397 2003 5457 pter
2032 5386 2350 5453 impietatem
2384 5383 2549 5438 Jacob
2575 5383 2756 5436 omnia
2808 5381 2939 5443 haec,
2962 5390 3014 5435 et
3045 5392 3261 5452 propter
3290 5399 3410 5451 pec-

1890 5485 2063 5530 catum
2090 5476 2278 5528 domus
2313 5474 2497 5530 Israel.
2525 5474 2652 5540 Quae
2694 5472 2940 5539 impietas
2982 5470 3186 5525 Iacob?
3226 5472 3414 5524 Nonne

1894 5565 2172 5619 Samaria?
2201 5564 2264 5617 Et
2295 5564 2435 5633 quod
2470 5572 2750 5634 peccatum
2784 5560 2956 5615 Iuda?
2981 5560 3165 5615 Nonne
3195 5561 3419 5614 Jerusao

62 5636 79 5771 ζ
365 5718 396 5749 ⁸⁸
420 5720 584 5777 Matth.
608 5738 680 5785 tv,
712 5722 784 5785 8;
821 5716 987 5769 ﬂare.
1029 5729 1070 5777 ι,
1111 5713 1197 5766 l5.
1270 5713 1310 5741 ⁶¹
1336 5709 1463 5766 Luc.
1492 5728 1580 5782 xu,
1612 5716 1688 5773 £9.
1770 5719 1822 5749 ⁶¹

1885 5716 2036 5770 latth.
2064 5731 2180 5777 vm,
2206 5717 2295 5771 29.

86 5966 179 6239 ί

232 6288 275 6308 Ἰ.
