3738 6270
833 392 935 445 435

1447 391 1707 447 EUSEBll
1745 387 2208 445 C/ESARIENSIS
2242 385 2390 440 OPP.
2429 384 2604 438 PARS
2635 384 2697 438 ll.
2728 414 2795 424 —
2828 384 3306 439 APOLOGETICA.

833 502 970 555 lem?
994 500 1058 552 Et
1090 516 1280 569 ponam
1313 501 1606 554 Samariam
1651 502 1705 554 in
1739 516 2014 570 pomorum
2062 497 2309 553 custodia

1832 516 2014 554 norum
2062 497 2358 553 custodiam
2386 501 2430 556 Α
2459 497 2565 548 Καί
2597 496 2856 563 ἐπιλέγει⁸
2884 514 2903 547 ι
2936 495 3149 565 Κατέϐη
3170 493 3308 546 κακὰ

834 592 891 644 in
926 606 1071 660 agro,
1105 601 1157 644 et
1190 593 1242 644 in
1275 592 1648 660 plantationem
1679 593 1862 655 vinem,
1893 598 1945 645 et
1991 589 2267 643 detraham
2305 587 2359 638 in

832 680 1151 747 profundum
1184 681 1383 748 lapides
1413 681 1526 747 ejus
1549 719 1564 744 ,
1607 691 1659 734 et
1707 680 2051 733 fundamenta
2085 678 2202 746 ejus
2232 691 2360 745 ape-

832 772 964 823 riam
1003 771 1065 823 ”.
1116 789 1135 821 ι
1172 769 1235 821 Et
1281 770 1518 838 adjungit
1557 787 1568 821 :
1625 787 1645 819 ι
1711 769 2104 824 Descenderunt
2156 769 2291 821 mala
2328 784 2359 821 a

832 858 1055 912 Domino
1085 873 1243 925 super
1284 868 1462 926 portas
1487 857 1775 911 Jerusalem
1802 897 1816 920 ,
1868 859 2076 913 sonitus
2103 873 2355 912 curruum

831 954 884 998 et
913 947 1267 1014 equitantium
1300 947 1365 999 “.
1418 964 1435 996 ι
1480 946 1544 998 Ει
1573 963 1759 1001 rursus
1784 963 1802 998 :
1837 966 1855 997 ι
1911 947 2089 1000 Gloria
2121 949 2240 1002 ﬁliae
2270 946 2359 1002 Je-

748 1094 759 1107 ,
830 1039 1083 1097 rusalem,
1107 1037 1233 1089 rade
1265 1046 1317 1090 et
1344 1037 1501 1091 tonde
1528 1052 1688 1105 super
1729 1037 1864 1091 ﬁlios
1891 1038 2148 1092 delicatos
2196 1047 2318 1091 tuos
2339 1078 2354 1101 ,

831 1128 991 1181 dilata
1030 1125 1338 1179 viduitatem
1377 1135 1519 1179 tuam
1562 1129 1699 1180 sicut
1738 1128 1912 1195 aquila
1938 1167 1951 1189 ,
1978 1127 2229 1196 quoniam
2265 1140 2358 1180 ca-

834 1215 963 1284 ptivi
995 1214 1139 1268 ducti
1190 1222 1315 1268 sunt
1341 1231 1404 1268 ex
1446 1222 1496 1269 te
1524 1216 1587 1269 ⁶⁸.
1631 1234 1648 1264 ι
1681 1215 1759 1267 Ad
1790 1218 1937 1268 haec:
1981 1234 2001 1266 ι
2043 1214 2171 1269 Sion
2201 1216 2356 1284 quasi

839 1316 966 1370 ager
994 1303 1248 1362 arabitur,
1279 1309 1331 1355 et
1357 1300 1671 1363 Jerusalem,
1691 1302 1843 1369 quasi
1862 1316 2141 1369 pomorum
2175 1308 2359 1356 custo~

830 1393 917 1447 dia
941 1392 1061 1454 erit,
1089 1400 1139 1446 et
1164 1407 1317 1445 mons
1345 1392 1535 1444 domus
1559 1392 1612 1444 in
1656 1392 1831 1444 lucum
1866 1391 2029 1444 silvae.
2063 1391 2107 1421 ‘°
2140 1410 2157 1442 ι
2190 1389 2356 1444 Porro

833 1483 981 1547 haec,
1030 1483 1155 1534 Sion
1205 1489 1259 1534 et
1316 1479 1607 1535 Jerusalem
1659 1489 1712 1534 et
1760 1481 1901 1549 quod
1952 1487 2171 1534 vocatur
2201 1497 2356 1536 mons

830 1571 1041 1633 domus,
1062 1570 1150 1621 illa
1172 1569 1283 1636 ipsa
1310 1576 1453 1628 sunt,
1475 1583 1592 1635 quae
1615 1568 1763 1635 prius
1783 1566 2076 1635 signiﬁcata
2104 1575 2229 1620 sunt
2248 1566 2355 1618 illis

828 1658 1007 1711 verbis
1033 1677 1051 1711 :
1083 1675 1101 1706 ‹
1143 1657 1207 1708 Et
1234 1657 1706 1710 commovebuntur
1729 1663 1934 1709 montes
1969 1655 2149 1710 subter
2172 1670 2235 1709 eo
2255 1697 2270 1718 ,
2302 1662 2355 1709 et

831 1748 996 1801 valles
1036 1748 1329 1815 liquescent
1363 1747 1500 1800 sicut
1527 1759 1649 1799 cera
1694 1759 1723 1797 a
1757 1744 1892 1799 facie
1922 1746 2060 1814 ignis
2083 1784 2097 1809 ,
2140 1745 2354 1814 propter

2457 584 2553 646 λας
2589 584 2956 654 Ἰερουσαλὴμ,
2982 584 3146 651 ψόφος
3168 582 3340 651 ἁρμάτ

2457 676 2561 727 Kal.
2603 671 2789 737 αὖθιςο
2824 691 2843 724 ι
2890 673 2952 725 Ἠ
2994 671 3118 733 δόξα
3162 673 3264 741 τῆς
3310 671 3338 722 θ

2457 761 2681 831 ξύρησαι
2714 762 2805 813 καὶ
2852 763 3027 830 κεῖραι
3068 758 3162 810 ἐπὶ
3214 759 3281 811 τὰ
3301 778 3340 811 τι

2455 851 2783 919 ὲμπλάτυνον
2809 851 2909 918 τὴν
2937 848 3159 919 χηρείαν
3193 866 3301 912 σου,
3329 868 3340 899 ι

2454 941 2714 1011 τεύθησαν
2752 941 2858 993 ἀπὸ
2886 940 2998 993 σοῦ.
3031 961 3048 991 ι
3088 941 3209 991 Ἐπὶ
3237 941 3340 991 τοι]⁸

2456 1030 2912 1101 ἀροτριαθήσεται,
2949 1032 3043 1083 καὶ
3081 1029 3340 1100 Ἰερουσαλ

2453 1121 2621 1182 ἔσται,
2646 1122 2737 1172 καὶ
2760 1121 2818 1173 τὸ
2842 1122 2962 1192 ὅρος
2992 1120 3086 1172 τοῦ
3108 1120 3253 1173 οἴκου
3283 1123 3340 1172 sit

2454 1211 2509 1263 δὲ
2555 1212 2647 1264 καὶ
2691 1211 3034 1281 Ἰερουσαλὴμ
3099 1213 3190 1264 καὶ
3235 1211 3297 1263 τὸ

2454 1297 2620 1362 οἴκου,
2661 1299 2811 1352 ταῦτ’
2846 1295 2912 1368 ἦν
2951 1302 3130 1352 ἐκεῖνα
3157 1299 3227 1352 τὰ
3256 1317 3340 1370 πρς

2452 1390 2573 1441 τοῦ·
2606 1409 2623 1439 ι
2651 1391 2758 1443 Καὶ
2785 1391 3195 1460 σαλευθήσονται
3219 1390 3287 1442 τὰ
3314 1390 3340 1442 ὅ

2454 1478 2545 1530 καὶ
2564 1480 2617 1530 αί
2651 1479 2886 1542 κοιλάδες
2909 1484 3231 1549 τακήσονται
3258 1480 3331 1542 ὡς

2454 1566 2639 1636 πυρὸς,
2675 1567 2740 1618 δι’
2778 1567 3024 1620 ἀσέϐειαν
3057 1568 3265 1622 Ἰακώϐ.
3296 1588 3312 1619 ι

2455 1671 2549 1717 σας
2582 1656 2699 1708 κατ’
2729 1656 2888 1708 αὐτοῦ
2924 1655 3235 1718 δυσσεϐείας
3270 1657 3340 1707 sol

2454 1745 2603 1814 κρὸν,
2626 1746 2717 1796 καὶ
2742 1745 2808 1796 τὰ
2835 1744 2954 1815 ὅρη,
2984 1745 3077 1796 καὶ
3102 1746 3150 1796 οἱ
3187 1745 3244 1795 ὲν
3274 1761 3335 1794 το

829 1806 1152 1904 impietatem
1184 1835 1368 1899 Jacoh,
1407 1854 1426 1886 ι
1451 1843 1502 1888 et
1533 1841 1743 1888 caetera.
1766 1833 1895 1886 Nam
1931 1806 2305 1902 propter-impil

1862 1849 1895 1885 n
1931 1806 2353 1902 propter-impie-
2382 1806 2425 1863 Β
2454 1806 2763 1904 λίόρκηντο,
2802 1806 3118 1904 ἐμπρησμόν
3154 1851 3214 1886 τε
3267 1851 3336 1885 κα

831 1931 966 1976 tates
993 1938 1125 1991 quas
1155 1935 1337 1977 contra
1362 1924 1531 1991 ipsum
1559 1930 1854 1992 gesserunt,
1879 1922 2020 1974 illico
2040 1936 2209 1989 neque
2225 1936 2351 1975 sane

832 2014 1006 2065 multo.
1024 2020 1163 2080 post,
1202 2021 1254 2066 et
1284 2020 1512 2075 montes,
1544 2021 1595 2065 et
1632 2013 1724 2080 qui
1776 2012 1829 2064 in
1858 2012 1964 2066 illis
2004 2011 2351 2074 habitabant,

829 2103 1132 2171 depopulati
1161 2110 1304 2166 sunt,
1332 2102 1741 2171 incendiumque
1769 2109 1926 2170 atque
1953 2108 2240 2155 extremam
2265 2116 2355 2155 so-

832 2191 1107 2244 litudinem
1153 2205 1305 2244 mons
1336 2189 1462 2244 Sion
1507 2192 1721 2258 pertulit
1747 2208 1760 2244 :
1791 2198 1844 2244 et
1893 2189 2064 2244 factus
2089 2196 2169 2242 est
2198 2203 2352 2243 mons

829 2281 1016 2333 domus
1041 2280 1128 2334 Dei
1154 2281 1206 2333 in
1239 2281 1412 2334 lucum
1443 2281 1607 2334 silvae.
1642 2280 1764 2333 Haac
1794 2281 1934 2332 enim
1967 2278 2021 2332 in
2055 2279 2260 2333 Domini
2287 2277 2353 2332 de

828 2368 964 2421 cualo
990 2368 1250 2422 descensu
1296 2369 1363 2421 ad
1405 2368 1523 2422 illos
1568 2377 1823 2430 ventura,
1866 2382 2100 2435 praisens
2142 2382 2354 2436 quoque

829 2457 1110 2524 pr0phetia
1142 2456 1434 2525 signiﬁcat,
1481 2472 1598 2525 qua!
1633 2458 1791 2510 etiam
1823 2456 2116 2510 evidentem
2150 2457 2350 2510 exitum

828 2556 1114 2601 consecuta
1147 2555 1271 2602 sunt
1300 2556 1419 2615 post
1466 2545 1755 2601 Salvatoris
1789 2548 1955 2601 nostri
1984 2546 2110 2601 Jesu
2151 2546 2352 2601 Christi

830 2637 1134 2692 adventum.
1166 2636 1317 2702 Quod
1341 2638 1385 2690 si
1409 2637 1697 2705 quidquam
1736 2646 1918 2690 nostra
1946 2651 2156 2704 quoque
2186 2635 2353 2689 histo-

830 2726 908 2776 ria
938 2726 1093 2787 valet,
1124 2726 1322 2780 nostris
1351 2726 1586 2793 ipsorum
1620 2726 1944 2794 temporibus
1966 2765 1980 2787 ,
2036 2726 2179 2777 illam
2209 2724 2350 2776 anti-

830 2815 1011 2883 quitus
1045 2816 1366 2869 celebratam
1405 2816 1530 2868 Sion
1561 2814 1762 2881 junctis
1806 2816 1983 2869 bobus
2016 2829 2045 2867 a
2097 2813 2350 2868 Romanis

828 2904 958 2959 viris
991 2905 1151 2967 arari,
1179 2906 1350 2960 oculis
1380 2905 1580 2959 nostris
1610 2906 1957 2972 inspeximus,
1980 2913 2033 2959 et
2066 2905 2234 2973 ipsam
2263 2903 2356 2959 Je-

831 2996 1082 3052 rusalem.
1113 2995 1555 3064 quemadmodum
1587 2994 1757 3063 ipsum
1798 2994 1897 3047 hoc
1926 2994 2003 3046 ait
2039 2993 2311 3047 oraculum
2332 3032 2346 3057 ,

832 3084 998 3137 instar
1024 3100 1295 3153 pomorum
1321 3083 1576 3138 custodiae
1596 3085 1840 3147 desertae,
1864 3084 1929 3136 ad
1958 3090 2244 3137 extremam
2266 3099 2350 3138 re-

2453 1923 2588 1974 Σιὼν
2625 1924 2746 1993 ὅρος
2787 1924 3062 1994 ὑπέμεινε,
3098 1924 3192 1976 καὶ
3224 1923 3340 1990 γέγε

2448 2010 2539 2062 τοῦ
2567 2011 2697 2063 Θεοῦ
2729 2012 2808 2073 εἰς
2844 2012 3000 2075 ἄλσος
3037 2012 3264 2082 δρυμοῦ.
3307 2011 3340 2064 Ἰ

2448 2099 2538 2150 τοῦ
2554 2099 2752 2171 Κυρίου
2782 2100 2838 2163 ἐξ
2856 2100 3096 2170 οὐρανῶν
3125 2101 3335 2170 καθόδῳ

2450 2188 2542 2240 καὶ
2581 2190 2613 2257 ή
2666 2188 2910 2258 παροῦσα
2950 2191 3254 2259 προφητεία
3295 2208 3340 2243 σι

2448 2277 2541 2346 τὴν
2591 2277 2807 2329 ἔκϐασιν
2860 2277 3043 2347 εἴληφε
3094 2278 3236 2347 μετὰ
3287 2279 3340 2331 τὶ

2464 2364 2632 2434 Ἰησοῦ
2661 2365 2890 2435 Χριστοῦ
2929 2366 3256 2435 παρουσίαν.
3276 2368 3339 2419 Et

2449 2454 2683 2525 ἡμετέρα
2714 2453 2935 2523 ἱστορία,
2964 2454 3085 2506 καθ’
3125 2457 3274 2525 ἡμᾶς
3299 2473 3340 2507 α’

2453 2542 2612 2612 μένην
2672 2542 2805 2594 Σιὼν
2853 2542 3069 2609 ζεύγεσι
3122 2544 3263 2613 βοῶν
3313 2547 3340 2597 ὑ

2449 2632 2746 2702 ἀρουμένην
2811 2631 3103 2701 ὀφθαλμοῖς
3158 2633 3340 2704 παρειῖ

2460 2722 2820 2793 Ἰερουσαλὴμ,
2840 2721 2912 2783 ὡς
2934 2723 3066 2774 αὑτό
3095 2725 3161 2791 γέ
3192 2742 3326 2794 φησι

2449 2816 2562 2868 κίου
2605 2814 2754 2884 δίκην
2787 2814 3238 2880 ἀπολειφθέντος,
3279 2819 3339 2869 ἐν

2447 2904 2671 2974 ἐρημίᾳο
2705 2903 2739 2956 ἂ
2771 2904 2861 2956 καὶ
2885 2903 2949 2955 δι’
2975 2905 3132 2957 οὐδὲν
3156 2907 3340 2977 ἕτερον

2450 2993 2657 3055 σεϐείας
2682 2993 2855 3046 αὐτῶν
2889 2995 3229 3066 συμϐέϐηκε,
3254 3001 3340 3051 καὶ

2447 3086 2537 3136 τοῦ
2554 3085 2748 3136 οίκείου
2771 3085 2930 3137 τόπου
2953 3088 3340 3158 προελήλυθε(

832 3171 1037 3223 ductam
1074 3174 1435 3236 solitudinem,
1458 3188 1575 3242 qua:
1606 3172 1815 3241 quidem
1846 3173 1913 3225 ob
1935 3173 2065 3225 nihil
2086 3172 2227 3225 aliud
2251 3173 2308 3226 ei:

1856 3173 1913 3225 ob
1935 3173 2065 3225 nihil
2086 3172 2227 3225 aliud
2251 3173 2349 3235 eis,
2378 3177 2418 3233 C
2449 3175 2477 3226 ὁ
2512 3172 2603 3225 τοῦ
2636 3174 2766 3227 Θεοῦ
2815 3176 2980 3242 Λόγος
3034 3178 3332 3248 οὐρανόθεν

832 3275 987 3329 quam
1020 3273 1234 3331 propter
1266 3264 1562 3332 impietates
1594 3264 1829 3331 ipsorum
1866 3277 2115 3324 evenere,
2142 3271 2354 3331 propter

831 3364 965 3416 quas
990 3350 1149 3403 etiam
1177 3353 1392 3406 caeleste
1439 3353 1662 3406 Verbum
1708 3352 1774 3405 de
1811 3368 1915 3405 suo
1938 3353 2054 3405 loco
2108 3368 2356 3423 progres-

833 3453 948 3491 sum
972 3448 1070 3492 est.
1093 3433 1172 3493 Ob
1206 3440 1337 3494 alias
1365 3455 1489 3493 vero
1521 3454 1710 3493 causas
1739 3438 1830 3492 Dei
1867 3438 2094 3492 Verbum
2126 3439 2191 3493 de
2217 3440 2362 3493 etelo

832 3537 886 3584 et
913 3529 1253 3585 descendisse
1274 3540 1327 3585 et
1339 3547 1497 3600 super
1516 3532 1822 3584 altitudines
1846 3538 2000 3586 terrae
2028 3533 2352 3600 pervenisse,

833 3620 981 3688 prius
1008 3620 1116 3686 jam
1143 3621 1340 3672 dictum
1371 3627 1472 3683 est,
1495 3621 1678 3690 utique
1701 3629 1755 3673 ut
1771 3622 1860 3689 qui
1885 3621 2009 3674 olim
2031 3622 2357 3675 extolleban-

831 3718 948 3773 tur,
973 3717 1025 3764 et
1058 3710 1216 3780 274
1244 3711 1296 3763 in
1335 3712 1560 3765 sublime
1599 3713 1936 3779 erigebantur
1976 3712 2236 3766 adversus
2266 3728 2357 3765 co-

833 3799 1121 3866 gnitionem
1152 3798 1243 3851 Dei
1274 3808 1508 3862 montes,
1561 3810 2024 3855 commoverentur
2075 3802 2256 3855 subter
2292 3817 2355 3854 eo

831 3886 1112 3939 contraria:
1138 3887 1379 3942 videlicet
1430 3899 1749 3957 potestates,
1801 3905 1917 3958 quae
1954 3899 2076 3943 ante
2110 3889 2226 3956 ejus
2264 3890 2360 3942 ad-

831 3984 1045 4031 ventum
1083 3991 1186 4028 una
1215 3991 1334 4029 cum
1362 3980 1582 4047 reliquis
1614 3980 1937 4043 hominibus,
1959 3980 2117 4031 etiam
2147 3986 2355 4046 gentem

834 4066 1143 4122 Hebraicam
1167 4104 1179 4127 ,
1230 4074 1283 4120 et
1314 4068 1596 4135 impietatis
1636 4077 1692 4123 et
1734 4069 2140 4122 simulacrorum
2183 4068 2361 4120 cultus

834 4157 1231 4227 operationibus
1262 4158 1602 4223 addixeram;
1655 4167 1818 4228 utque
1865 4158 2016 4225 pravi
2053 4157 2353 4217 daemones,

834 4249 925 4317 qui
956 4247 1119 4300 valles
1142 4246 1491 4315 appellantur,
1527 4255 1803 4315 prepterea
1832 4246 1974 4314 quod
2020 4245 2073 4298 in
2125 4245 2360 4298 hiatibus

834 4336 1184 4392 tenebricosis
1208 4343 1259 4389 et
1288 4351 1569 4404 corporum
1601 4337 1745 4390 cavis
1771 4337 2111 4389 diversantur
2131 4372 2147 4395 ,
2202 4333 2360 4400 quasi

835 4441 1005 4481 ceraa
1029 4425 1161 4479 facie
1185 4426 1325 4494 ignis
1350 4426 1724 4494 liquescentes,
1749 4426 1817 4478 ob
1844 4424 2004 4477 Verbi
2030 4424 2195 4477 divini
2225 4424 2351 4487 vim,

835 4519 902 4572 de
955 4515 1258 4570 hominibus
1294 4514 1551 4583 fugerent.
1611 4514 1675 4566 Et
1715 4515 1821 4566 alia
1867 4529 1993 4567 vero
2032 4522 2221 4583 praeter
2264 4528 2358 4567 eas

833 4622 953 4664 esse
1002 4614 1174 4673 potest
1211 4617 1406 4667 causa,
1458 4603 1543 4655 illa
1577 4604 1786 4671 quidem
1820 4617 1926 4655 non
1948 4603 2212 4671 vulgaris,
2261 4615 2358 4655 cur

833 4694 1093 4750 Dominus
1118 4695 1182 4748 de
1210 4694 1344 4748 caelo
1365 4692 1718 4753 descenderit,
1737 4706 1894 4761 quam
1908 4694 2179 4745 oraculum
2206 4692 2358 4758 juxta

837 4786 1115 4854 signiﬁcat,
1142 4795 1199 4838 ut
1236 4798 1420 4838 omnes
1447 4783 1501 4836 in
1529 4784 1657 4837 orbe
1691 4791 1953 4837 terrarum
2005 4791 2186 4853 gentes
2208 4821 2223 4846 ,
2253 4782 2360 4835 dre—

843 4874 1084 4927 monibus
1128 4874 1293 4941 pulsis
1313 4911 1328 4935 ,
1374 4881 1426 4926 et
1454 4872 1733 4941 spiritibus
1753 4872 1845 4942 qui
1874 4874 2224 4941 princrpatum
2265 4871 2362 4924 ha-

840 4959 1033 5013 bebant
1063 4966 1337 5018 concussis
1356 5004 1371 5027 ,
1422 4964 1489 5018 ab
1513 4965 1729 5034 antiqua
1755 4966 1855 5019 sub
1887 4965 1991 5019 illis
2019 4974 2071 5019 et
2097 4978 2278 5032 aspera
2308 4967 2362 5015 et

843 5047 1095 5102 immobili
1147 5056 1420 5122 tyrannide
1449 5057 1793 5125 respirantes,
1826 5058 2139 5125 agnitionem
2173 5067 2359 5121 supre-

845 5136 915 5188 mi
949 5135 1041 5187 Ι)θὶ
1068 5142 1374 5207 reciperent.
1408 5144 1545 5209 Quin
1573 5146 1730 5200 etiam
1785 5146 1899 5215 ipsa
1946 5146 2057 5200 haec
2104 5146 2160 5198 in
2216 5144 2358 5196 hunc

848 5224 1057 5322 modum
1100 5225 1334 5322 ejusdem
1370 5235 1654 5299 prophetiae
1695 5252 1853 5290 voces
1881 5236 2135 5303 deinceps
2174 5233 2360 5287 eadem

872 5313 1052 5364 atione
1083 5313 1181 5364 sub
1215 5330 1373 5367 unam
1408 5334 1598 5377 sensus
1626 5327 2014 5394 copulationem
2043 5323 2322 5378 enuntiant
2344 5339 2361 5373 :

850 5419 855 5423 ι
906 5397 970 5450 Et
991 5397 1095 5449 erit
1128 5398 1180 5450 in
1210 5403 1514 5459 novissimis
1541 5410 1727 5466 diebus
1745 5413 2054 5468 manifestus
2077 5425 2229 5464 mons
2257 5408 2361 5460 Do-

860 5488 998 5552 nini,
1030 5496 1253 5555 paratus
1279 5490 1331 5543 in
1356 5495 1755 5555 summitatibus
1781 5505 2036 5560 montium
2066 5521 2085 5560 ι,
2111 5507 2164 5553 et
2189 5497 2362 5552 extol-

2452 3265 2821 3335 ἐπιϐεϐηκέναι
2860 3266 2951 3317 ἐπὶ
2995 3265 3073 3319 τὰ
3123 3267 3235 3336 ὕψη
3282 3271 3340 3319 cf

2452 3356 2680 3422 ἐλέγετο,
2708 3356 2850 3417 ὅπως
2880 3354 2948 3407 τὰ
2982 3358 3086 3424 μὲν
3124 3358 3292 3410 πάλαι
3327 3361 3340 3409 ἐ

2455 3443 2723 3514 υψούμενα
2750 3443 2887 3496 κατὰ
2916 3447 3018 3513 τῆς
3052 3446 3313 3513 γνώσεως

2453 3534 2789 3586 ὑποκάτωθεν
2823 3533 2983 3585 αὑτοῦ
3004 3572 3021 3595 ,
3065 3537 3121 3587 αἱ
3142 3537 3340 3606 δυνὰμε

2457 3640 2629 3692 μεναι,
2658 3623 2712 3676 αἳ
2735 3623 2839 3691 πρὸ
2866 3622 2963 3690 τῆς
2987 3624 3162 3676 αὐτοῦ
3195 3642 3340 3694 παρο

2453 3712 2742 3784 ἀνθρώπων
2767 3752 2781 3776 ,
2815 3713 2906 3765 καὶ
2935 3712 2995 3764 τὸ
3039 3715 3312 3784 Ἐϐραίων

2453 3804 2598 3866 ϐείας
2626 3806 2718 3857 καὶ
2740 3803 3188 3874 εἰδωλολατρείας
3212 3806 3340 3876 πρά·

2452 3896 2499 3946 οἱ
2525 3894 2579 3945 δὲ
2614 3895 2833 3964 πονηροὶ
2857 3894 3138 3964 δαίμονες,
3168 3897 3340 3950 κοιλάἑ

2451 3983 2511 4033 τὸ
2532 3984 2587 4034 ἐν
2616 3984 2849 4051 χάσμασι
2881 3985 3144 4049 σκοτίοις,
3164 3989 3259 4039 καὶ
3284 4006 3340 4039 το

2456 4087 2614 4140 μασιν
2640 4070 3017 4139 ἐνδιατρίϐειν,
3053 4075 3130 4137 ὡς
3173 4077 3340 4144 κηρὸς

2453 4159 2755 4227 τηκόμενοι,
2781 4162 2845 4228 τῇ
2880 4160 2970 4211 τοῦ
3002 4162 3159 4215 θείου
3194 4165 3336 4230 Λόγο

2454 4247 2744 4315 ἀπέφυγον.
2778 4249 2887 4301 Καὶ
2916 4250 3094 4321 ἑτέρα
3127 4253 3171 4304 δ’
3207 4253 3279 4305 ἂν
3317 4272 3340 4305 ε

2455 4335 2570 4404 οὐχὶ
2592 4336 2842 4404 τυχοῦσα,
2868 4341 2965 4407 τῆς
2990 4341 3063 4405 ἐξ
3085 4344 3335 4412 οὐρανῶν

2457 4426 2485 4475 ὁ
2529 4425 2681 4492 λόγος
2726 4427 3189 4497 ἐπισημαίνεται,
3250 4435 3340 4487 ὄπι

2459 4508 2602 4577 ἔθνη,
2635 4509 2738 4560 τῶν
2769 4510 3042 4581 δαιμόνων
3067 4519 3340 4574 ἀπελασθέ

2459 4596 2566 4649 κῶν
2596 4599 2913 4666 πνευμάτων
2951 4606 3306 4673 σεισθέντων,

2466 4690 2559 4758 ρᾶς
2585 4687 2676 4739 καὶ
2715 4689 2969 4760 ἀκινήτου
3000 4701 3324 4768 τυραννίδος

2462 4776 2747 4843 ἐπίγνωσιν
2778 4779 2870 4831 τοῦ
2901 4782 3009 4835 ἐπὶ
3028 4789 3253 4842 πάντων
3282 4792 3340 4843 ἀπ.

2458 4858 2555 4916 ὧδέ
2593 4881 2705 4925 πως
2743 4867 2798 4918 αἱ
2825 4867 2922 4937 τῆς
2959 4874 3136 4944 αὐτῆς
3178 4896 3340 4948 προερέ

2466 4954 2602 5006 κατὰ
2627 4955 2686 5006 τὸ
2718 4958 2848 5011 αὐτὸ
2883 4962 2991 5015 ὑπὸ
3027 4969 3161 5035 μίαν
3214 4972 3340 5023 συνό

2465 5062 2609 5097 τουσι
2631 5063 2643 5074 ·
2674 5065 2690 5096 ι
2721 5048 2830 5101 Καὶ
2853 5050 3005 5106 ἔσται
3031 5058 3123 5109 ἐπ’
3148 5061 3340 5129 ἐσχάτι

2460 5137 2519 5189 τὸ
2549 5137 2670 5207 ὅρος
2689 5138 2912 5208 Κυρίου,
2936 5142 3158 5215 ἕτοιμον
3195 5150 3289 5200 ἐπὶ
3321 5167 3340 5201 τ

2464 5230 2556 5280 καὶ
2616 5232 3108 5303 μετεωρισθήσεται
3174 5241 3340 5310 ὑπερέ

2468 5316 2780 5371 σπεύσουσιν
2836 5320 2919 5373 ἐπ’
2966 5325 3103 5377 αὐτὸ
3154 5327 3311 5391 λαοὶ,

2466 5405 2633 5458 πολλὰ
2655 5446 2669 5470 ,
2704 5411 2797 5462 καὶ
2852 5411 3038 5483 ἐροῦσι
3063 5430 3078 5446 ο
3127 5417 3314 5482 Δεῦτε,

2466 5495 2557 5547 τοῦ
2590 5499 2812 5569 Κυρίου,
2847 5504 2939 5557 καὶ
2977 5507 3057 5568 εἰς
3085 5508 3176 5559 τὸν
3207 5508 3340 5562 οἶκοι

913 5640 1145 5693 ’⁸Μὶσ1ι.
1176 5658 1213 5706 ι,
1245 5642 1295 5707 5,
1323 5643 1375 5696 6.
1418 5644 1461 5674 σι
1484 5647 1610 5703 ibid.
1642 5650 1724 5714 ιε,
1770 5645 1849 5707 is.
1925 5659 1966 5689 σε
1994 5654 2119 5710 ibid.
2156 5648 2343 5715 15,16.

1418 5644 1724 5714 σιίιιῑίωε,
1770 5645 1849 5707 is.
1925 5659 1966 5689 σε
1994 5654 2119 5710 ibid.
2156 5648 2343 5715 15,16.
2420 5644 2868 5720 "Michaeli-
