3738 6300
189 405 281 465 637

1059 398 1691 464 DEMONSTRATIONIS
1729 401 2173 458 EVANGELICE
2212 400 2339 457 LIB.
2381 402 2465 458 V1.

3231 370 3340 458 tas

189 523 424 588 δείξουσιν
452 524 579 591 ἡμῖν
612 523 710 592 τὴν
754 526 879 580 ὁδὸν
908 525 1095 589 αὑτοῦ,
1130 530 1219 580 καὶ
1261 521 1623 597 πορευσόμεθα
1656 524 1711 576 ὲν

1812 525 1951 578 letur
1980 536 2137 590 super
2158 522 2357 587 colles,
2405 528 2459 575 et
2502 521 2826 576 festinabunt
2860 520 2927 574 ad
2952 537 3093 576 ~eum
3135 523 3332 590 populi.

185 617 286 676 ταῖς
314 613 508 683 τρίϐοις
532 614 717 668 αὐτοῦ.
757 617 856 670 Ἐκ
889 618 994 689 γάρ
1026 618 1158 671 Σιὼν
1182 617 1505 682 ἐξελεύσεται
1524 614 1704 683 νόμος,

185 702 266 754 καὶ
292 700 433 765 λόγος
481 700 684 770 Κυρίου
719 699 782 765 ἐξ
838 704 1218 774 Ἰερουσαλὴμ,
1263 704 1349 757 καὶ
1395 704 1564 773 κρινεῖ
1608 701 1708 754 ἀνά

184 788 327 858 μέσον
346 787 451 839 τῶν
475 787 668 840 ἐθνῶν.
701 809 720 841 ι
762 791 1002 844 Τοιαῦτα
1024 794 1115 846 καὶ
1152 794 1385 863 περὶτῆς
1416 790 1708 843 τῶν.ὲθνῶν

183 876 418 945 κλήσεως,
451 875 486 926 ἃ
515 877 607 927 καὶ
633 878 833 941 ὁποίας
874 880 1046 948 ἔχεται
1071 881 1320 941 διανοίας,
1352 881 1495 941 ὅπως
1532 895 1587 929 τε
1618 879 1709 930 καί

181 967 301 1019 αὐτὰ
330 965 457 1034 μετά
480 964 580 1035 τὴν
616 966 715 1019 τοῦ
754 969 1005 1039 Σωτῆρος
1050 971 1199 1040 ήμῶν
1240 970 1529 1040 παρουσίαν
1561 969 1709 1031 τέλος

184 1056 390 1123 είληφεν,
424 1054 513 1105 ἐπὶ
545 1055 749 1125 σχολῆς
780 1056 851 1109 ἄν
898 1075 979 1120 τις
1024 1058 1343 1127 καταμάθοι,
1389 1056 1709 1119 Ἀκολούθως

182 1163 239 1214 γε
261 1147 352 1215 μήν
366 1144 566 1207 τούτοις
582 1146 894 1215 ἀρχόμενος
920 1150 947 1199 ὁ
963 1147 1059 1216 τῆς
1084 1148 1405 1217 προφητείας
1423 1145 1591 1214 λόγος,
1613 1146 1710 1219 ὠσ-

181 1232 237 1286 ἀν
266 1232 344 1283 ἐπὶ
375 1231 612 1300 σωτηρίᾳ
646 1234 711 1285 οὐ
751 1234 915 1302 μόνον
941 1234 1032 1286 τοῦ
1066 1234 1327 1286 Ἰουδαίων
1352 1235 1549 1296 ἔθνους,
1579 1233 1709 1286 ἀλλά

180 1322 256 1373 καί
284 1319 379 1372 τῶν
408 1320 571 1373 ἐθνῶν
604 1322 897 1387 ἁπάντων,
929 1325 1026 1393 τῆς
1064 1323 1154 1376 τοῦ
1174 1324 1370 1394 Κυρίου
1393 1326 1470 1387 είς
1510 1323 1709 1395 ἀνθρώ-

179 1426 291 1472 πους
313 1409 524 1461 καθόδου
547 1412 952 1483 γενησομένης,
967 1416 1074 1476 τοῖς
1102 1414 1245 1476 λαοῖς
1269 1414 1359 1466 καὶ
1373 1417 1481 1476 τοῖς
1508 1414 1596 1465 ἐπὶ
1610 1415 1708 1484 γῆς

178 1500 350 1553 ἅπασιν
363 1500 641 1568 ὲπιφωνεῖ,
668 1499 903 1568 λέγων’(
928 1502 1231 1566 Ἀκούσατε,
1248 1502 1363 1554 λαο)⁵
1389 1503 1602 1566 πάντες,
1619 1503 1708 1555 καὶ

176 1588 454 1657 προσεχέτω
475 1590 507 1658 ή
532 1589 625 1653 γῆ,
644 1588 744 1640 καὶ
774 1590 979 1652 πάντες
1000 1592 1046 1642 oi
1080 1593 1135 1642 έν
1156 1592 1309 1661 αὐτῇ.
1332 1610 1349 1641 ι
1370 1592 1477 1644 Καὶ
1497 1592 1555 1643 τὸ
1576 1609 1709 1662 μαρ-

173 1673 327 1744 τύριον
349 1674 401 1726 δὲ
421 1674 511 1726 τοῦ
540 1675 757 1738 πάθους
785 1676 1028 1745 ᾐνίττετο
1070 1678 1160 1730 τοῦ
1198 1679 1395 1747 Κυρίου
1418 1681 1704 1749 ἐπιφέρωνο

177 1762 295 1815 alia).
305 1761 440 1814 ἔσται
453 1762 655 1833 Κύριος
669 1763 698 1814 ὁ
712 1764 856 1825 θεὸς
873 1764 1019 1833 ὑμῶν
1031 1766 1107 1827 είς
1125 1766 1425 1837 μαρτύριον.
1439 1784 1455 1815 ι
1469 1762 1572 1818 Εἶθ’
1589 1767 1710 1837 ἑξῆς

1814 612 1880 666 Et
1906 612 2053 667 ibunt
2075 620 2256 681 gentes
2289 611 2487 672 multae,
2518 616 2571 663 et
2596 609 2808 665 dicent:
2846 609 3051 671 Venite,
3082 610 3319 665 ascenda

1813 719 1931 757 mus
1960 703 2014 756 in
2042 712 2271 755 montem
2311 699 2541 763 Domini,
2567 707 2620 752 et
2662 699 2714 752 in
2767 700 2979 754 domum
3009 700 3099 755 Dei
3124 697 3292 756 Jacob
3313 739 3331 765 ,

1812 799 1863 847 et
1899 790 2177 845 ostendent
2216 784 2371 844 nobis
2398 790 2538 843 viam
2570 789 2716 857 ejus,
2764 796 2817 843 et
2858 791 3245 845 ambulabimus
3276 790 3333 842 in

1812 881 2016 935 semitis
2037 881 2172 948 ejus.
2212 880 2286 934 De
2318 879 2444 932 Sion
2474 879 2614 931 enim
2645 878 2809 932 exibit
2847 878 2961 940 lex,
3019 888 3071 933 et
3112 880 3333 933 verbum

1813 972 2024 1026 Domini
2057 972 2123 1026 de
2148 969 2460 1033 Jerusalem,
2488 978 2540 1025 et
2575 970 2833 1039 judicabit
2862 968 2997 1022 inter
3017 977 3200 1038 gentes
3216 970 3282 1023 ".
3308 988 3328 1019 ι

1812 1063 1955 1117 Talia
1986 1077 2115 1118 sane
2152 1062 2217 1116 de
2246 1062 2523 1116 vocatione
2576 1062 2809 1130 gentium
2840 1059 2980 1112 dicta
3009 1066 3132 1113 sunt
3161 1078 3175 1112 :
3216 1074 3332 1127 qua

1810 1154 2021 1222 quidem
2059 1168 2165 1221 quo
2193 1168 2353 1206 sensu
2394 1150 2700 1219 accipienda
2754 1150 2895 1210 sint,
2947 1156 2999 1201 et
3044 1163 3148 1215 quo
3178 1156 3333 1215 pacto

1812 1242 1926 1310 ipsa
1953 1255 2165 1310 quoque
2194 1250 2313 1309 post
2332 1238 2620 1292 Salvatoris
2644 1237 2811 1290 nostri
2849 1236 3150 1297 adventum,
3178 1234 3331 1287 linem

1810 1330 2135 1398 acceperint,
2159 1345 2250 1397 per
2277 1331 2441 1383 otium
2472 1328 2593 1395 quis
2627 1325 2844 1380 liberius
2875 1323 3078 1377 discere
3099 1322 3328 1390 poterit:

1810 1435 1928 1473 cum
1960 1420 2027 1473 iis
2057 1427 2232 1473 tamen
2256 1416 2585 1473 concordans
2618 1430 2735 1484 quae
2758 1416 2866 1482 jam
2907 1414 3144 1481 exposita
3189 1418 3331 1478 sunt,

1813 1507 1864 1559 in
1897 1507 2013 1575 ipso
2053 1506 2340 1575 prophetia:
2369 1504 2585 1559 exordio
2624 1503 2759 1555 idem
2787 1500 3082 1563 oraculum,
3114 1514 3217 1551 non
3249 1512 3332 1551 se-

1810 1612 1905 1651 cus
1943 1611 2005 1650 ac
2034 1598 2078 1650 si
2107 1596 2173 1649 ad
2230 1597 2451 1651 salutem
2492 1610 2598 1647 non
2643 1592 2874 1646 Judaicae
2907 1591 3075 1659 gentis
3124 1588 3327 1651 solum,

1811 1685 1903 1740 sed
1934 1685 2298 1739 universarum
2329 1684 2585 1752 gentium,
2615 1680 2823 1734 Domini
2857 1678 2922 1731 ad
2963 1678 3203 1731 homines
3238 1675 3332 1731 dea.

1812 1789 2032 1828 scensus
2052 1772 2261 1827 futurus
2292 1779 2453 1837 esset,
2488 1772 2553 1824 ad
2577 1785 2759 1823 omnes
2782 1768 3004 1838 p0pulos
3023 1807 3037 1827 ,
3066 1766 3130 1819 ad
3151 1765 3330 1818 omnia

172 1851 349 1913 ὸαὺτδς
368 1850 564 1922 προῖὼν
596 1853 916 1922 προφήτης,
956 1854 1097 1905 ὼσάν
1123 1854 1219 1924 ’ήδη
1240 1855 1624 1925 προπαιδεύσας
1637 1856 1703 1907 τὰ

1799 1877 1916 1930 quae
1948 1870 2074 1916 sunt
2099 1863 2151 1915 in
2183 1869 2325 1915 terra
2354 1860 2546 1913 clamat
2582 1858 2763 1912 dicens
2792 1874 2804 1910 :
2840 1874 2859 1906 σ
2896 1856 3107 1916 Audite,
3146 1852 3328 1923 populi

177 1944 281 2013 περὶ
303 1944 393 2012 τῆς
423 1942 712 2014 ὑπάρξεως
733 1943 984 1995 τοῖ’)’Θεοῦ
1002 1945 1190 2012 Λόγου,
1206 1947 1300 2015 τῆς
1313 1963 1369 1998 τε
1391 1946 1446 2012 ἐξ
1465 1946 1701 2017 οὐρανῶν

176 2031 314 2085 αὐτοῦ
340 2031 713 2095 καταϐάσεως,
762 2032 865 2085 καὶ
887 2033 960 2095 ὡς
994 2032 1061 2084 τά
1092 2034 1234 2085 αίτια
1268 2036 1362 2104 τῆς
1394 2037 1469 2097 είς
1499 2035 1673 2106 ἀνθρώ

179 2139 289 2184 mu;
305 2121 458 2174 αὑτοῦ
477 2123 787 2192 παρουσίας
808 2122 1102 2192 προειπὼν,
1119 2125 1391 2193 ἑπομένως
1406 2126 1499 2195 τήν
1521 2129 1598 2189 είς
1612 2128 1675 2178 ἀν
1693 2158 1702 2165 ο

178 2208 391 2279 θρώπους
406 2211 566 2262 αὑτοῦ
581 2212 862 2279 ἐσομένην
874 2212 1100 2278 γένεσιν,
1116 2214 1205 2265 καὶ
1214 2215 1337 2266 αὐτὸ
1347 2215 1408 2284 δὴ
1424 2216 1496 2285 (1)
1514 2217 1702 2287 χωρίον

181 2298 282 2352 ἔνθα
305 2299 650 2369 τεχθήσεσθαι
682 2301 933 2371 ἔμελλεν,
951 2295 1050 2353 ὧδέ
1077 2320 1190 2364 πως
1215 2303 1467 2368 διδάσκει,
1500 2305 1665 2373 λέγων
1685 2324 1697 2337 δ

186 2391 299 2442 «Kal
322 2394 378 2443 σὺ
420 2391 665 2461 Βηθλεέμ
688 2388 849 2454 οἶκος
868 2392 959 2445 τοῦ
990 2393 1521 2462 Ἐφραθά,ὸλιγοστὸς
1545 2394 1594 2448 εἶ
1612 2397 1701 2449 τοῦ

181 2476 296 2534 εἶναι
334 2483 387 2535 ὲν
429 2482 663 2552 χιλιάσιν
725 2482 939 2534 Ἰούδα·
992 2484 1054 2534 ὲκ
1102 2483 1193 2535 σοῦ
1236 2501 1324 2552 μοι
1376 2484 1700 2547 ἐξελεύσεται

182 2568 460 2637 ᾗοὺμενος,
482 2568 578 2620 τοῦ
610 2564 752 2620 εἶναι
793 2570 874 2631 είς
902 2570 1133 2641 ἄρχοντα
1155 2571 1210 2621 ὲν
1232 2570 1306 2639 τῷ
1343 2572 1580 2642 Ἰσραὴλ,
1609 2575 1700 2626 καὶ

183 2656 229 2706 al
248 2655 393 2717 ἔξοδοι
421 2655 581 2709 αὐτοῦ
607 2656 704 2707 ἀπ’
736 2655 921 2723 ἀρχῆς
950 2656 1007 2719 ἐξ
1039 2658 1256 2727 ἡμερῶν
1285 2657 1492 2721 αἰῶνος.
1524 2678 1541 2709 ι
1562 2660 1703 2712 Ἑπι-

186 2743 331 2811 μελῶς
352 2744 406 2795 δὲ
438 2746 691 2814 πρόσχες,
723 2744 855 2796 τίνα
877 2744 1071 2814 τρόπον
1095 2743 1188 2794 τοῦ
1218 2745 1308 2796 ἐπὶ
1337 2744 1432 2814 τὴν
1462 2745 1699 2815 Βηθλεὲμ

184 2828 370 2900 (χωρίον
416 2831 469 2883 δέ
500 2834 619 2883 ἐστι
652 2832 822 2885 τοῦτο
858 2832 954 2901 τῆς
998 2832 1292 2900 Ἰουδαίας)
1337 2834 1696 2903 φανησομένου

180 2918 259 2981 τὰς
284 2920 478 2983 ἐξόδους
518 2921 730 2975 ἀνωθεν
768 2924 866 2974 καὶ
899 2922 955 2987 ἐξ
987 2922 1176 2983 αἰῶνος
1218 2922 1503 2989 ὑφεστάναι
1534 2924 1694 2993 φησὶ,

177 3006 257 3077 τήν
293 3007 457 3060 ἔνθεον
494 3009 671 3080 δηλῶν
707 3009 1062 3079 προῦπαρξίν
1094 3025 1153 3061 τε
1196 3010 1288 3062 καὶ
1320 3011 1565 3064 οὐσίωσιν
1599 3012 1691 3064 τοῦ

178 3095 228 3147 ὶκ
273 3096 493 3167 Βηθλεὲμ
536 3098 1012 3167 προελευσομένου
1045 3097 1316 3167 ἄρχοντος.
1359 3099 1420 3151 Et
1466 3099 1560 3169 μὲν
1606 3096 1696 3153 οῦν

1800 1966 2006 2013 omnes,
2032 1957 2083 2004 et
2110 1949 2346 2003 attendat
2377 1952 2605 2011 terra,et
2624 1959 2806 1999 omnes
2826 1944 2915 2012 qui
2946 1943 2997 1994 in
3031 1957 3091 1994 ea
3121 1950 3261 1993 sunt.
3303 1958 3324 1990 ι

1799 2038 2184 2093 Testimonium
2212 2053 2335 2092 vero
2363 2036 2505 2106 quod
2531 2042 2718 2089 contra
2740 2035 2913 2103 ipsum
2937 2031 3216 2084 Dominum
3245 2027 3328 2081 di-

1799 2139 1941 2181 ctum
1971 2135 2071 2188 est,
2104 2142 2223 2179 cum
2262 2137 2403 2180 esset
2444 2138 2734 2193 passurus,
2784 2122 2855 2173 ita
2892 2119 3173 2188 signiﬁcat,
3210 2135 3229 2167 ι
3261 2115 3327 2169 Et

1797 2216 1899 2271 erit
1939 2215 2192 2268 Dominus
2223 2215 2364 2269 Deus
2415 2221 2589 2267 vester
2614 2213 2669 2264 in
2706 2209 3090 2265 testimonium.
3130 2225 3148 2257 ι
3182 2205 3321 2258 Tum

1798 2303 2047 2371 deinceps
2086 2303 2223 2356 idem
2259 2303 2510 2371 propheta
2534 2301 2771 2353 oratione
2807 2311 3117 2367 progressus
3144 2334 3159 2358 ,
3207 2305 3323 2348 tan-

1798 2407 1953 2461 quam
1980 2394 2025 2446 is
2053 2393 2142 2461 qui
2168 2400 2290 2445 ante
2322 2392 2431 2460 jam
2462 2390 2733 2443 docuisset
2752 2402 2812 2441 ea
2838 2401 2956 2455 quae
2983 2386 3048 2438 ad
3078 2385 3325 2438 substanc

1797 2484 1922 2535 tiam
1946 2481 2037 2535 Dei
2068 2479 2225 2534 Verbi
2260 2480 2480 2547 ejusque
2506 2478 2571 2531 de
2593 2478 2729 2530 coelo
2750 2477 3064 2529 descensum
3094 2473 3325 2540 pertine-

1796 2578 1933 2634 rent,
1952 2578 2003 2623 et
2024 2577 2275 2637 tanquam
2298 2569 2342 2621 si
2364 2568 2479 2635 ejus
2501 2566 2565 2619 ad
2589 2566 2828 2619 homines
2851 2564 3326 2630 adventusgcausas

1794 2659 2142 2728 praedixisset,
2166 2658 2351 2711 ordine
2382 2656 2631 2724 deinceps
2662 2655 2897 2709 futurum
2922 2654 3159 2721 ejusdem
3188 2653 3325 2706 inter

1795 2748 1952 2818 275
1986 2749 2227 2803 homines
2264 2754 2459 2808 ortum,
2482 2748 2742 2816 planeque
2760 2747 2919 2800 etiam
2952 2747 3123 2814 ipsum
3148 2744 3325 2797 locum

1795 2839 1849 2892 in
1880 2855 1987 2907 quo
2012 2838 2246 2891 futurum
2269 2844 2384 2892 erat
2411 2845 2469 2890 ut
2496 2845 2822 2899 nasceretur,
2858 2833 3058 2888 iudicat
3091 2834 3322 2887 dicens;

1800 2948 1819 2979 ι
1860 2928 1922 2980 Et
1950 2935 2006 2981 tu
2033 2926 2335 2981 Bethlehem
2377 2926 2566 2980 domus
2609 2924 2862 2992 Ephrata,
2895 2924 3113 2976 minima
3157 2936 3234 2983 es,
3266 2927 3326 2973 ut

1794 3021 1869 3073 sis
1889 3019 1943 3071 in
1967 3018 2198 3071 millibus
2216 3014 2352 3069 Juda
2382 3034 2395 3068 :
2427 3030 2490 3069 ex
2518 3022 2569 3068 te
2597 3014 2726 3066 mihi
2754 3014 3054 3082 egredietur
3079 3013 3169 3081 qui
3187 3026 3325 3079 prae-

1795 3109 1885 3172 sit,
1912 3118 1966 3160 ut
1992 3108 2062 3161 sit
2083 3108 2135 3159 in
2167 3106 2457 3175 principem
2491 3105 2545 3156 in
2578 3102 2740 3157 Israel
2793 3112 2845 3157 et
2901 3104 3077 3157 exitus
3114 3101 3233 3169 ejus
3256 3102 3324 3155 ab

179 3185 268 3256 ιχοι
291 3205 364 3251 τις
394 3189 473 3258 ἐφ’
516 3189 704 3260 ἕτερον
757 3189 1040 3259 ἀναφέρειν
1080 3191 1167 3241 τὸν
1198 3189 1436 3259 χρησμὸν
1458 3229 1472 3253 ,
1499 3190 1580 3252 τίς
1610 3184 1697 3243 οῦ-

1798 3198 1969 3261 initio,
1986 3212 2051 3249 ex
2067 3174 2255 3251 diebus
2279 3196 2461 3250 szeculi
2489 3195 2551 3247 ⁸⁸.
2585 3214 2603 3244 ι
2630 3193 2853 3246 Attende
2875 3209 3001 3247 vero
3019 3194 3323 3261 diligenter,

179 3292 283 3340 τος,
310 3279 663 3332 ἀποδεικνύτω
687 3296 701 3309 ’
749 3280 797 3330 εί
822 3278 866 3329 δ’
893 3277 992 3330 οὐκ
1020 3277 1162 3330 ἔστιν
1202 3279 1374 3348 εὑρεῖν
1400 3278 1577 3348 ἕτερον
1602 3280 1695 3332 τοῦ

182 3367 391 3440 Σωτῆρος
419 3370 573 3440 ήμῶν
608 3368 798 3438 Ἰησοῦ
832 3367 1063 3437 Χριστοῦ
1083 3408 1097 3432 ,
1133 3370 1190 3432 ὃς
1237 3370 1389 3439 μόνος
1441 3370 1572 3439 μετὰ
1599 3372 1695 3440 τὴν

182 3461 473 3530 προφητείαν
512 3460 738 3513 ἐνθένδε
787 3458 1108 3528 ὡρμημένος
1150 3458 1365 3526 βοᾶται,
1416 3460 1468 3510 τί
1517 3460 1695 3512 λοιπὸν

183 3545 390 3614 ιμποδὼν
420 3550 491 3618 μὴ
522 3549 644 3617 οὐχὶ
677 3546 1059 3614 συνομολογεῖν
1098 3546 1345 3616 ἀλήθειαν
1389 3551 1452 3617 τῇ
1494 3566 1697 3619 προφη-

180 3636 297 3705 τείᾳ,
320 3639 403 3690 ἐπὶ
430 3639 574 3707 μόνῳ
601 3635 761 3705 αὐτῷ
788 3635 1082 3707 σαλευούσῃ
1108 3635 1203 3705 τὴν
1230 3636 1557 3706 πρόρρησιν;
1589 3640 1698 3691 Μό-

185 3744 255 3790 νος
279 3729 394 3797 γοῦν
428 3727 579 3793 οὗτος
619 3728 897 3798 ἐπιφανὴς
942 3728 1046 3781 τῶν
1075 3728 1288 3779 πώποτε
1335 3727 1597 3795 γεγονὼς,
1633 3732 1697 3783 ὲκ

179 3818 255 3870 τοῦ
289 3821 675 3890 προειρημένου
729 3819 926 3888 χωρίου
973 3818 1071 3887 τῆς
1114 3816 1354 3887 Βηθλεὲμ
1401 3818 1535 3887 μετά
1574 3820 1698 3881 τοὺς

179 3906 260 3976 τῆς
319 3910 645 3980 προφητείας
707 3907 933 3978 χρόνους
988 3908 1048 3959 τὸ
1112 3904 1441 3976 ἀνθρώπειον
1503 3906 1695 3970 ὑποδὺς

180 3998 333 4066 σχῆμα
380 3998 785 4071 προελήλυθεν·
838 3998 951 4066 ἅμα
1009 4013 1069 4047 τε
1111 3997 1175 4065 τῇ
1224 3996 1383 4049 αὑτοῦ
1435 3996 1697 4066 παρουσίᾳ

179 4086 439 4156 ἔπληροῦτο
469 4092 538 4143 τὰ
571 4087 1046 4159 προηγορευμένα.
1066 4085 1271 4139 Αὐτίκα
1300 4086 1449 4154 γοῦν,
1477 4088 1569 4139 καὶ
1598 4087 1696 4139 οὐκ

178 4175 242 4237 εἰς
267 4178 483 4250 μικρὸν,
504 4179 583 4249 τῷ
610 4181 716 4249 μὲν
749 4177 1015 4229 Ἰουδαίων
1045 4175 1185 4228 ἔθνει
1211 4176 1411 4229 ἕκαστα
1440 4176 1543 4229 τῶν
1569 4194 1696 4247 πρου

179 4269 563 4339 πεφητευμένων
610 4265 951 4338 σκυθρωπῶν
994 4267 1204 4337 ἀπήντα
1225 4282 1240 4295 ο
1283 4269 1393 4328 τοῖς
1424 4266 1479 4318 δὲ
1524 4266 1693 4318 ἔθνεσι

177 4355 309 4409 πάλιν
329 4357 392 4411 τά
418 4358 689 4412 ἀκόλουθα
724 4360 839 4419 τοῖς
868 4357 1243 4425 θεσπίσμασιν,
1275 4356 1431 4418 αὑτός
1463 4373 1519 4408 τε
1544 4350 1695 4419 οὗτος

1794 3282 2241 3353 quemadmodum
2275 3284 2392 3351 ejus
2435 3281 2526 3350 qui
2561 3282 2613 3333 in
2644 3280 2948 3334 Bethlehem
2983 3283 3052 3336 sit
3108 3280 3323 3349 conspi-

1794 3373 2016 3426 eiendus
2050 3379 2152 3437 (est
2178 3379 2352 3425 autem
2376 3370 2677 3424 Bethlehem
2703 3368 2897 3424 Iudaea:
2926 3370 3117 3441 locus),
3144 3371 3323 3425 exitus

1794 3461 1936 3514 dicat
1985 3459 2212 3528 desuper
2255 3467 2310 3512 et
2351 3474 2380 3511 a
2436 3460 2631 3513 saeculo
2676 3460 2940 3514 existere:
2977 3468 3176 3526 utpote,
3227 3456 3323 3526 qui

1796 3551 2054 3618 principis
2086 3550 2151 3603 de
2179 3550 2482 3603 Bethlehem
2532 3551 2883 3619 progressuri,
2919 3549 3152 3603 divinam
3178 3547 3320 3600 indi-

1793 3655 1915 3695 care
1963 3642 2090 3693 velit
2137 3641 2446 3695 substantiae
2495 3640 2935 3703 antecessionem,
2984 3638 3321 3706 propagatio-
3422 3659 3429 3665 -

1793 3745 2021 3798 nemque
2058 3745 2316 3798 personae.
2352 3729 2407 3782 Si
2447 3731 2569 3799 quis
2601 3732 2760 3800 igitur
2783 3735 2864 3783 est
2906 3730 2998 3797 qui
3040 3728 3318 3780 oraculum

1792 3818 1991 3872 referre
2038 3818 2208 3886 possit
2234 3817 2300 3871 ad
2344 3818 2505 3871 alium
2536 3818 2859 3885 quempiam,
2889 3830 2956 3869 ne
3002 3817 3333 3875 cunctetur;.

1793 3911 1983 3976 prodat
2012 3922 2141 3961 sane
2169 3907 2330 3970 hunc,
2364 3908 2607 3976 quisnam
2642 3908 2744 3971 sit;
2777 3906 2869 3960 sed
2894 3904 2941 3958 si
2971 3903 3108 3957 alius
3129 3909 3319 3970 praeter

1795 3996 2121 4050 Salvatorem
2143 4006 2383 4051 nostrum
2410 3995 2592 4050 Jesutn
2636 3996 2906 4049 Christum
2951 3990 3180 4046 inveniri
3211 4004 3318 4043 non

1793 4095 1990 4155 potest,
2023 4087 2115 4154 qui
2159 4087 2306 4141 solus
2347 4094 2463 4154 post
2494 4087 2649 4139 talem
2680 4084 3011 4155 prophetiam
3047 4081 3171 4135 inde
3195 4092 3318 4149 pro.

1793 4176 1964 4230 fectus
1993 4176 2314 4238 celebratur,
2340 4176 2466 4244 quid
2494 4175 2704 4229 tandem
2736 4172 3096 4243 impedimenti
3130 4185 3319 4239 super-

1792 4276 1893 4330 est,
1944 4283 2011 4321 ne
2055 4284 2161 4321 una
2204 4282 2325 4320 cum
2368 4268 2482 4338 ipsa
2524 4268 2798 4336 prophetia
2848 4266 3122 4319 veritatem
3154 4263 3319 4315 fateav

1790 4372 1931 4417 mur,
1961 4371 2077 4424 quae
2131 4357 2184 4409 in
2218 4372 2379 4409 unum
2414 4357 2562 4410 illum
2613 4371 2763 4410 suam
2816 4353 2996 4423 dirigit
3021 4351 3319 4420 prmdictio-

175 4444 200 4494 ὸ
233 4446 401 4519 Σωτὴρ
443 4450 538 4502 καὶ
583 4449 790 4519 Κύριος
833 4448 989 4516 ήμῶν
1033 4449 1098 4499 ὲκ
1154 4446 1393 4518 Βηθλεὲμ
1419 4447 1691 4517 ὁρμηθεὶς,

1798 4445 1949 4499 nem?
1980 4444 2107 4498 Nam
2138 4447 2283 4499 solus
2313 4446 2400 4500 ille
2435 4447 2690 4510 omnium,
2717 4443 2806 4514 qui
2846 4456 3076 4511 unquam
3101 4441 3320 4495 exstite-

176 4532 438 4605 ἡγούμενος
485 4538 772 4608 ἀνεδείχθη
814 4537 909 4589 τοῦ
958 4535 1095 4589 κατά
1153 4537 1384 4589 διάνοιαν
1442 4536 1649 4607 Ἰσραὴλ
1674 4575 1688 4597 ,

177 4620 295 4674 οὓτω
315 4627 505 4689 παντὸς
535 4626 636 4678 τοῦ
667 4622 972 4699 διορατικοῦ
997 4625 1087 4676 καὶ
1110 4622 1386 4685 θεοσεϐοῦς
1414 4622 1540 4674 λαοῦ
1562 4638 1690 4693 χρη-

181 4707 473 4773 ματίζοντος.
506 4713 619 4763 Καὶ
646 4712 742 4763 θέα
772 4727 861 4777 γε,
888 4711 1032 4772 ὅπως
1066 4709 1160 4772 τάς
1183 4707 1388 4773 ἐξόδους
1411 4710 1568 4763 αὑτοῦ
1592 4711 1689 4780 τῆς

179 4795 331 4851 ὲνθέου
358 4799 750 4871 προῦπάρξεως
781 4801 876 4853 ἀπ’
906 4801 1076 4870 ἀρχῆς
1101 4800 1191 4852 καὶ
1227 4799 1286 4863 ἐξ
1314 4802 1346 4869 ή
1357 4799 1531 4870 μερῶν
1560 4800 1687 4853 αἰῶ-

179 4888 396 4959 νοςεχειν
431 4891 680 4959 λέγεται·
708 4893 845 4961 ὅπερ
875 4892 973 4943 οὐκ
1001 4890 1065 4943 ἀν
1097 4892 1378 4961 ἀρμόσειεν
1410 4890 1687 4961 ἀνθρώπου

183 4973 329 5040 φύσει.
371 4981 592 5046 Τούτοις
638 4982 764 5049 ἑξῆς
812 4983 842 5034 ό
893 4980 1215 5049 προφητικδς
1256 4978 1439 5044 λόγος,
1489 4978 1689 5042 ὑποϐὰς

183 5066 366 5132 μικρὸν,
395 5070 487 5121 καὶ
517 5070 612 5122 νῦν
633 5070 798 5123 πάλιν
836 5068 936 5137 τῆς
966 5068 1125 5121 πάλαι
1152 5066 1376 5135 νομικῆς
1404 5065 1689 5135 θρησκείας

185 5152 264 5218 τὴν
298 5160 627 5228 περιγραφὴν
692 5160 788 5212 καὶ
836 5156 1142 5227 καθαίρεσιν
1192 5155 1579 5221 ὑποσημαίνει,
1624 5159 1688 5210 ὲκ

185 5244 437 5309 προσώπου
464 5250 559 5301 τοῦ
589 5249 722 5303 λαοῦ
751 5248 926 5314 λέγων
949 5263 961 5275 ·
993 5265 1011 5296 ‹
1046 5247 1130 5298 Ἐν
1156 5246 1262 5298 τίνι
1287 5243 1570 5297 καταλάϐω
1595 5248 1683 5300 τὸν

189 5328 385 5400 “Pi-0v;
425 5338 751 5407 ἐπιλήψομαι
795 5332 934 5387 Θεοῦ
970 5349 1061 5401 μου
1090 5332 1341 5400 ὑψίστου;
1372 5330 1418 5381 εί
1454 5334 1680 5404 καταλή-

188 5414 328 5484 intuit
343 5424 492 5478 αὑτὸν
518 5428 574 5479 ὲν
590 5421 1048 5489 ὁλοκαυτώμασιν,
1064 5423 1120 5472 ὲν
1146 5419 1367 5489 μόσχοις
1386 5418 1678 5485 ἐνιαυσίοιςο

196 5505 233 5554 εί
260 5507 322 5560 εὐ
357 5515 648 5583 πρωτότοκα
678 5511 891 5569 κοιλίας
928 5525 1024 5575 μου
1053 5507 1187 5575 ὑπὲρ
1222 5505 1486 5572 ἁμαρτίας
1509 5506 1681 5581 ψυχῆς

248 5595 284 5624 ⁸⁷
313 5597 453 5653 Micb.
476 5618 544 5663 tv,
571 5604 621 5656 2.
700 5602 747 5631 ⁸⁸
770 5596 937 5649 Mich.
963 5613 1011 5659 ν,
1036 5596 1088 5649 2.

254 5680 319 5750 λλ)
346 5684 672 5744 Desiderantur
699 5686 781 5739 τό.
827 5681 981 5737 Enn.

1793 4535 2007 4599 rint,‘ex
2037 4551 2101 4590 eo
2126 4534 2430 4590 Bethlehem
2459 4536 2597 4598 loco,
2630 4535 2696 4589 de
2724 4534 2955 4603 quojam
2981 4530 3181 4583 dictum
3211 4535 3314 4591 est.

1794 4623 2072 4678 manifeste
2120 4635 2240 4692 post
2267 4626 2383 4693 ejus
2418 4625 2704 4695 prophetia:
2745 4635 3001 4690 tempora,
3029 4621 3316 4672 humanam

1792 4711 2008 4766 subiens
2038 4711 2281 4777 formam,
2329 4728 2642 4782 progressus
2679 4720 2800 4774 est;
2830 4718 2992 4776 atque
3037 4707 3180 4759 illico
3206 4719 3314 4757 una

1789 4816 1910 4855 cum
1938 4802 2056 4869 ejus
2079 4802 2327 4867 adventu,
2357 4819 2418 4857 ea
2459 4818 2577 4871 qua:
2624 4803 2734 4870 jam
2780 4799 3027 4869 prmdicta
3078 4796 3311 4859 fuerant,

1787 4891 2046 4959 completa
2062 4899 2205 4946 sunt.
2224 4893 2405 4961 Itaque
2430 4907 2460 4946 e
2479 4893 2703 4959 vestigio
2722 4890 2835 4942 sine
2855 4899 3020 4945 mora,
3044 4899 3316 4953 quaecum-

1787 4995 1890 5049 que
1914 4980 2082 5033 tristia
2113 4987 2165 5033 et
2194 4980 2386 5035 infesta
2431 4980 2671 5035 Iudaica:
2719 4977 2857 5047 genti
2904 4974 3154 5044 praedicta
3198 4974 3309 5029 fue-

1786 5077 1929 5131 rant,
1963 5079 2254 5123 evenerunt
2286 5089 2301 5124 :
2333 5086 2396 5124 ac
2426 5085 2614 5124 rursus
2656 5066 2862 5122 exteris
2895 5064 3162 5133 gentibus,
3190 5077 3314 5116 ora-

1787 5162 1924 5214 culis
1958 5166 2337 5225 consentanea,
2368 5169 2526 5229 atque
2570 5159 2682 5226 ipse
2716 5157 2802 5209 hic
2853 5152 3096 5206 Salvator
3118 5159 3171 5205 et
3206 5150 3313 5205 Do-

1789 5252 1971 5307 minus
1998 5261 2181 5307 noster
2203 5252 2255 5303 in
2282 5251 2584 5305 Bethlehem
2632 5259 2970 5318 progressus,
3000 5242 3119 5309 ejus
3152 5240 3315 5294 Israel

1789 5342 2059 5411 princeps,
2088 5342 2179 5410 qui
2214 5342 2280 5394 ad
2327 5342 2728 5411 intelligentiam
2780 5333 3029 5393 refertur,
3075 5331 3317 5384 declara-

1787 5440 1875 5485 tus
1901 5442 1985 5486 est
2011 5452 2023 5485 :
2053 5433 2249 5501 quippe
2270 5447 2389 5485 cum
2419 5448 2483 5487 eo
2508 5432 2723 5486 nomine
2746 5425 2978 5496 populus
2998 5419 3319 5485 οηιηίεοςυῖο

1786 5532 2015 5587 cumque
2052 5517 2223 5573 Deum.
2247 5529 2299 5573 et
2332 5520 2507 5577 videre
2536 5529 2588 5575 et
2614 5519 2700 5588 pie
2729 5514 2911 5570 colere
2942 5511 3188 5565 assuetus
3226 5502 3321 5564 sit,
