3738 6308
775 385 876 437 439

1420 387 1691 442 EUSEBIl
1730 390 2204 447 CESARIENSIS
2240 393 2390 448 OPP.
2431 394 2610 450 PARS
2644 396 2709 451 ll.
2740 427 2798 438 —
2849 397 3323 454 APDLOGETICA

780 497 1085 565 appelletur.
1112 494 1175 547 Et
1213 511 1345 550 sane
1368 498 1573 568 inspice
1603 503 2050 571 quemadmodum
2081 520 2192 560 suae
2229 506 2256 559 d

1838 505 2050 558 modum
2081 520 2192 560 sua:
2229 506 2316 559 di-
2342 512 2390 567 Λ
2420 524 2557 577 μους
2595 528 2613 559 ι
2649 510 2712 561 ἐκ
2752 510 2808 561 δὲ
2870 509 3163 579 προσώπου
3217 510 3314 562 τοῦ

778 588 915 639 vina:
958 585 1423 657 antecedentisque
1463 592 1779 647 substantia:
1829 597 2029 661 exitus,
2060 598 2128 651 ab
2159 597 2312 652 initio

779 683 832 731 et
857 692 922 729 ex
952 674 1138 730 diebus
1175 678 1354 731 saeculi
1395 679 1593 735 habere
1630 681 1861 747 dicatur,
1904 686 2045 754 quod
2095 688 2310 755 quidem

781 765 1087 833 neutiquam
1137 766 1370 822 hominis
1424 777 1630 824 naturae
1682 775 1979 828 conveniat.
2026 775 2154 830 Post
2199 777 2312 832 haac

752 853 1048 920 -paululum
1082 870 1364 925 progressa
1395 860 1706 927 prophetica
1756 864 1946 927 oratio,
1973 867 2136 920 etiam
2167 882 2313 921 nunc

777 958 969 998 rursus
994 946 1189 1000 veteris
1214 948 1398 1017 legalis
1420 950 1555 1003 ritus
1576 950 2128 1023 circumscriptionem
2155 965 2314 1026 atque

779 1034 1119 1089 abolitionem
1147 1038 1483 1094 subosteudit
1508 1057 1573 1095 ex
1594 1058 1820 1111 persona
1841 1046 2044 1112 populi,
2076 1048 2262 1103 dicens
2297 1068 2311 1103 :

784 1141 802 1172 ι
851 1124 908 1176 ln
962 1139 1069 1193 quo
1108 1129 1485 1196 comprehendi
1540 1129 1861 1185 Dominum?
1900 1135 2095 1189 tenebo
2146 1135 2313 1191 Deum

688 1240 689 1243 η
776 1227 952 1266 meum
983 1214 1339 1270 altissimum?
1364 1234 1491 1273 num
1526 1222 1969 1290 comprehendam
1995 1240 2116 1279 eum
2146 1226 2201 1280 in
2231 1228 2316 1281 in-

776 1304 942 1372 tegris
981 1307 1294 1371 sacriﬁciis,
1340 1310 1393 1363 in
1440 1311 1623 1366 vitulis
1671 1312 1972 1367 anniculis?
2012 1331 2140 1369 num
2175 1317 2315 1372 dabo

776 1394 1132 1464 primogenita
1170 1400 1375 1453 ventris
1395 1401 1521 1466 mei,
1553 1417 1649 1470 pro
1675 1410 1895 1472 peccato
1918 1404 2109 1458 animae
2142 1420 2274 1460 mete
2293 1408 2318 1460 ?

776 1484 855 1538 Ex
881 1502 1110 1554 persona
1138 1499 1310 1544 autem
1339 1490 1429 1544 Dei
1465 1493 1544 1546 sic
1572 1493 1651 1548 eis
1675 1495 2023 1563 respondens,
2057 1497 2132 1549 ait
2164 1516 2176 1550 :
2212 1516 2231 1548 ι
2259 1497 2317 1552 Si

777 1574 1093 1630 indicaverit
1119 1579 1235 1643 tibi,
1276 1595 1308 1633 ο
1335 1581 1514 1647 homo,
1550 1582 1677 1652 quid
1723 1585 1793 1638 sit
1837 1585 2056 1649 bonum,
2103 1595 2156 1640 et
2187 1588 2317 1656 quid

2409 598 2505 667 τὴν
2564 599 2849 670 ἀπόκρισιν
2905 601 3229 670 ποιούμενος
3264 616 3281 631 ’

2408 689 2675 761 ἄνθρωπε,
2705 692 2758 743 τί
2789 692 2972 754 καλὸν,
3003 692 3097 743 καὶ
3129 691 3184 743 τί
3205 690 3328 761 Κύρ

2411 780 2524 833 ἀλλ’
2569 781 2600 851 ἢ
2644 781 2735 833 τοῦ
2778 785 2950 834 ποιεῖν
2987 782 3191 852 κρίμα,
3247 782 3328 832 κε’

2410 870 2619 939 ἕτοιμον
2666 865 2800 921 εἶναι
2846 868 3184 937 πορεύεσθαι
3231 866 3328 918 ὀπί

2412 976 2537 1023 σου;
2580 979 2596 1010 ι
2638 961 2819 1029 Ἔχεις
2863 959 3155 1029 τοιγαροῦν
3195 959 3328 1010 κάν-ι

2411 1050 2666 1121 τευομένῃ
2694 1050 2784 1102 τοῦ
2819 1050 3024 1121 Κυρίου
3062 1049 3122 1115 ἐξ
3148 1049 3325 1117 οὐραν

2413 1140 2564 1209 θόδῳ,
2588 1139 2720 1207 ὁμοῦ
2760 1140 2851 1193 καὶ
2892 1138 3034 1192 κατὰ
3063 1137 3125 1191 τὸ
3168 1137 3309 1190 αὐτὸ

2415 1246 2566 1300 μενα·
2604 1229 2868 1281 Ἰουδαίων
2894 1227 3192 1297 ἀποϐολὴν,
3222 1226 3330 1279 ὲλέ·

2411 1319 2536 1383 τῶν,
2568 1318 2875 1388 καθαίρεσιν
2907 1319 3006 1387 τῆς
3035 1318 3330 1388 βασιλικῆς

2413 1408 2510 1477 τῆς
2554 1425 2611 1460 τε
2658 1408 2819 1461 πάλαι
2863 1408 3129 1479 πρότερον
3166 1408 3307 1477 παρ’

2416 1499 2553 1552 κατὰ
2581 1498 2777 1552 Μωσὲα
2814 1498 3069 1569 λατρείας
3104 1499 3330 1568 παραίτ⁴

2415 1588 2520 1642 τῶν
2548 1588 2729 1652 ἐθνῶν,
2746 1588 2950 1655 ἀγαθὰς
2980 1588 3325 1655 ἐπαγγελίας

778 1664 1038 1722 Dominus
1079 1671 1317 1738 requirat
1340 1688 1370 1725 a
1401 1680 1471 1737 te,
1509 1688 1688 1728 nonne
1723 1684 1779 1728 ut
1826 1674 1994 1731 facias
2029 1676 2314 1745 judicium,

777 1766 829 1809 et
857 1758 1048 1828 diligas
1094 1762 1536 1826 misericordiam,
1583 1773 1636 1817 et
1675 1773 1893 1833 paratus
1925 1767 2000 1821 sis
2043 1768 2319 1821 ambulare

2415 1680 2500 1731 νὺν
2527 1678 2719 1748 τρόπον
2748 1678 3043 1741 εὐσεϐείας,
3058 1679 3227 1748 νόμον
3253 1696 3330 1731 κα

2416 1770 2514 1837 τῆς
2566 1768 2825 1821 Ἰουδαίων
2864 1766 3044 1838 χώρας
3082 1769 3329 1839 προελευ

777 1856 900 1917 post
928 1849 1210 1905 Dominum
1252 1852 1415 1907 Deum
1467 1856 1762 1909 ιιιιιιηθθῖι
1802 1855 1978 1912 Habes
2027 1857 2189 1928 igitur
2228 1857 2253 1909 ll

1853 1857 1978 1912 abes
2027 1857 2189 1928 igitur
2228 1857 2317 1912 hic
2351 1883 2390 1939 Β
2417 1860 2483 1912 τὰ
2529 1858 2650 1928 ἔθνη
2706 1858 3183 1928 διαδοθησόμενον·
3243 1860 3329 1912 ἆπ

777 1955 991 2008 quoque
1034 1942 1087 1993 in
1130 1957 1212 2009 eo,
1244 1943 1309 1997 de
1351 1960 1458 2013 quo
1506 1945 1776 2013 propheta:
1814 1947 2124 2017 loquuntur,
2160 1948 2253 2017 27

1850 1955 2124 2017 )quuntur,
2160 1947 2320 2017 276
2420 1946 2604 1998 ὁποίαν
2636 1944 2853 1998 ἔκϐασιν
2899 1944 3006 1996 τῶν
3052 1944 3232 2012 λόγων
3285 1963 3326 2014 μ

778 2026 987 2082 Domini
1018 2030 1083 2084 de
1104 2031 1241 2085 cmlo
1268 2030 1333 2084 ad
1368 2032 1610 2089 homines
1637 2035 1920 2102 descensu,
1946 2037 2174 2106 plurima
2201 2054 2254 2106 qi

1853 2053 1920 2102 ιιι,
1946 2037 2174 2106 plurima
2201 2053 2320 2106 qua:
2421 2034 2573 2106 ἡμῶν
2622 2034 2792 2105 Ἰησοῦ
2843 2034 3076 2104 Χριστοῦ
3126 2051 3329 2105 παρουι

779 2119 935 2173 simul
952 2118 1003 2172 in
1019 2121 1204 2175 eodem
1221 2122 1588 2192 significantur
1598 2122 1627 2176 J
1633 2125 1901 2181 udmorum
1922 2147 1935 2181 :
1956 2127 2255 2195 rejectionel

1514 2122 1901 2181 :urJudmorum
1922 2147 1935 2181 :
1956 2127 2319 2195 rejectionem,
2423 2126 2728 2179 καταλείπω
2757 2127 2990 2178 σκοπεῖν.

776 2213 1215 2280 exprobrationes
1260 2217 1520 2272 scelerum
1562 2235 1781 2284 eorum,
1825 2220 2100 2274 interitum
2149 2222 2306 2290 regia:
2346 2220 2582 2289 ipsorum
2639 2219 2899 2281 civitatis,
2977 2218 3227 2288 ritusque
3276 2218 3330 2272 M

777 2306 903 2360 olim
934 2308 1084 2376 prius
1114 2311 1445 2380 servabatur,
1481 2314 1876 2385 abrogationem
1905 2323 1993 2370 :et
2029 2330 2059 2369 e
2090 2314 2360 2368 contrario
2392 2314 2455 2367 ad
2497 2322 2701 2382 gentes,
2751 2312 3175 2382 pollicitationes
3226 2313 3332 2367 bor

779 2411 974 2448 novum
1017 2398 1194 2453 cultus
1236 2400 1401 2453 divini
1447 2401 1628 2467 ritum,
1676 2418 1978 2473 novamque
2027 2403 2215 2473 legem,
2257 2418 2319 2457 ac
2355 2402 2588 2457 Verbum
2629 2402 2770 2472 quod
2801 2402 2868 2456 de
2903 2402 3128 2472 regione
3176 2401 3332 2457 Iudae

780 2502 918 2549 rum,
943 2495 995 2542 et
1023 2488 1077 2543 in
1107 2504 1292 2545 omnes
1320 2500 1505 2560 gentes
1538 2493 2020 2558 disseminandum,
2077 2510 2197 2563 qua:
2238 2494 2451 2562 quidem
2479 2493 2781 2561 cujusmodi
2825 2492 3007 2555 ﬁnem,
3066 2500 3121 2547 et
3185 2493 3325 2562 cuju

779 2585 925 2643 tum;
942 2590 1064 2650 post
1094 2580 1390 2639 Salvatoris
1430 2584 1599 2639 nostri
1631 2583 1757 2641 Jesu
1784 2584 1985 2640 Christi
2024 2584 2308 2640 adventum
2343 2584 2694 2646 ostenderint,
2723 2582 2817 2636 tibi
2849 2583 3332 2651 contemplanduu

1350 2704 1576 2759 CAPUT
1605 2705 1740 2760 XIV.

779 2786 857 2839 Ab
875 2788 1178 2845 Ambacum.
1211 2824 1283 2834 —
1306 2794 1455 2860 Quod
1488 2798 1687 2849 veniens
1718 2796 1813 2850 Dei
1859 2797 2098 2859 Verbum,
2136 2807 2314 2850 ventu-

886 2874 999 2911 rum
1038 2878 1194 2930 neque
1223 2874 1541 2917 moraturum
1569 2876 1837 2919 caneretur
1863 2882 1896 2918 a
1933 2865 2214 2934 prophetis.

853 2986 873 3018 ι
901 2969 963 3023 Et
995 2975 1268 3041 respondit
1288 2975 1705 3043 mihiDominus,
1735 2988 1790 3031 et
1819 2977 1991 3030 dixit:
2022 2976 2208 3033 Scribe
2235 2980 2313 3033 vi-

781 3059 988 3113 sionem
1038 3064 1322 3120 manifeste
1349 3066 1402 3119 in
1448 3066 1666 3133 tabella,
1717 3074 1775 3120 ut
1823 3075 2181 3138 persequatur
2219 3070 2314 3138 qui

782 3145 910 3213 legit
953 3163 1015 3202 ea
1042 3168 1055 3204 :
1087 3156 1337 3219 quoniam
1364 3155 1542 3209 adhuc
1587 3156 1724 3211 visio
1747 3156 1832 3211 ado
1846 3164 2075 3225 tempus,
2104 3164 2158 3212 et
2182 3159 2316 3213 orie-

785 3247 872 3289 tur
900 3239 966 3292 ad
1009 3256 1304 3311 vesperam,
1339 3253 1393 3301 et
1422 3262 1528 3301 non
1562 3248 1616 3302 in
1654 3263 1872 3303 vanum.
1903 3247 1959 3303 Si
1989 3249 2194 3306 tardius
2227 3266 2319 3306 ve-

783 3326 913 3389 niet,
934 3341 1183 3396 exspecta
1208 3333 1387 3401 illum;
1411 3336 1663 3405 quoniam
1681 3338 1904 3393 veniens
1917 3339 2113 3403 veniet,
2139 3345 2192 3393 et
2213 3354 2318 3392 non

781 3416 1098 3472 morabitur.
1140 3419 1196 3475 Si
1227 3425 1554 3480 subtraxerit
1589 3442 1666 3491 se,
1703 3441 1812 3481 non
1859 3428 1995 3482 bene
2025 3427 2124 3483 sibi
2139 3429 2321 3497 placet

782 3504 959 3558 anima
980 3522 1097 3561 mea
1124 3512 1178 3562 in
1203 3525 1288 3565 eo.
1308 3511 1493 3568 Justus
1514 3524 1690 3569 autem
1709 3531 1776 3569 ex
1788 3515 1889 3570 (ide
1916 3530 2033 3570 mea
2056 3515 2197 3569 vivet
2216 3516 2314 3571 ⁷⁸.»

784 3593 954 3649 Etiam
984 3597 1086 3652 hoc
1126 3600 1243 3654 loco
1280 3603 1453 3670 palam
1484 3620 1605 3658 eum
1636 3605 1727 3674 qui
1754 3607 1921 3670 venit,
1955 3606 2022 3661 de
2049 3621 2155 3675 quo
2190 3620 2319 3675 pro-

784 3683 957 3753 pheta;
988 3687 1302 3755 loquuntur,
1330 3701 1612 3747 venturum
1635 3696 1797 3751 canit.
1824 3694 1931 3751 Sed
1963 3697 2086 3764 quis
2106 3697 2318 3751 tandem

785 3775 873 3828 hic
918 3775 1008 3837 sit,
1053 3778 1156 3832 nisi
1200 3780 1292 3847 qui
1355 3797 1516 3851 supra
1560 3784 1790 3839 innotuit
1850 3786 1905 3838 in
1948 3787 2055 3840 illis
2098 3785 2315 3841 verbis:

791 3883 812 3916 ι
850 3864 1170 3922 Benedictus
1217 3870 1308 3937 qui
1357 3876 1501 3927 venit
1540 3875 1595 3928 in
1643 3877 1857 3930 nomine
1900 3875 2129 3939 Domini,
2178 3874 2320 3931 Deus

789 3953 1047 4010 Dominus
1074 3967 1127 4011 et
1160 3958 1333 4013 illuxit
1366 3963 1627 4018 nobis“?
1666 3985 1689 4018 ι
1718 3966 1871 4020 Hunc
1899 3981 2027 4020 vero
2067 3975 2319 4034 tanquam

786 4058 930 4107 eum,
962 4044 1054 4113 qui
1098 4044 1273 4114 ipsum
1310 4048 1491 4104 lumen
1520 4052 1612 4116 sit,
1641 4053 1708 4107 ad
1740 4069 2013 4122 vesperam
2053 4054 2317 4107 oriturum

787 4135 881 4197 ait,
931 4135 985 4187 in
1035 4138 1494 4194 consummatione
1538 4140 1784 4196 videlicet
1833 4142 2169 4195 saaculorum.
2220 4141 2319 4195 Cui

786 4223 1080 4278 concordat
1124 4225 1283 4280 etiam
1326 4225 1635 4293 Zacharias,
1683 4230 1869 4284 dicens
1912 4248 1927 4282 :
1974 4247 1993 4279 ι
2033 4227 2173 4283 Ecce
2213 4230 2317 4296 vir,

784 4313 979 4369 Oriens
1022 4330 1214 4383 nomen
1238 4316 1308 4379 ei,
1344 4326 1394 4371 et
1426 4319 1611 4373 subter
1648 4334 1770 4373 eum
1809 4320 2089 4373 orietur".
2128 4317 2319 4374 rldem

783 4420 915 4460 vero
946 4406 1204 4476 prepheta
1231 4409 1391 4461 etiam
1423 4415 1630 4476 tempus
1663 4409 1949 4478 signiﬁcat,
1971 4407 2097 4462 dum
2131 4408 2320 4479 adjun-

2932 2702 3332 2755 ΚΕΦΛΛΑῘΟὒ

2431 2796 2568 2848 Ἀπὸ
2614 2794 3031 2872 Ἀμϐακοῷμρς
3045 2793 3145 2872 Lar;
3164 2794 3332 2872 fiala

2509 2865 2812 2933 χρονία-ειν
2841 2866 2873 2914 ό
2904 2864 3011 2913 τοῦ
3040 2864 3193 2915 Θεοῦ
3223 2866 3332 2930 Ad;

2491 2993 2508 3024 ι
2536 2975 2643 3028 Καὶ
2664 2974 2928 3044 ἀπεκρίθη
2962 2974 3169 3045 Κύριος
3201 2976 3332 3045 πρὸέ

2415 3066 2514 3136 ψον
2542 3067 2729 3137 ὅρασιν
2756 3064 2939 3133 σαφῶς
2970 3068 3030 3118 ἐν
3062 3065 3269 3137 πυξίῳ,
3305 3069 3332 3121 ὃ

2421 3170 2561 3206 σκων
2588 3152 2755 3206 αὑτὰ’
2779 3153 2911 3205 διότι
2942 3152 3022 3205 ἐτι
3051 3155 3246 3225 ὅρασις
3277 3156 3330 3207 εἰ

2417 3244 2497 3306 είς
2527 3243 2715 3313 πέρας,
2751 3243 2840 3295 καὶ
2870 3244 2970 3295 οὐκ
3023 3246 3105 3306 εἰς
3134 3245 3324 3300 κενόν.

2424 3350 2602 3404 μεινον
2630 3334 2790 3386 αὐτόν
2806 3350 2821 3363 ο
2845 3334 2928 3387 ὅτι
2954 3335 2982 3386 ὁ
3013 3335 3322 3405 ἐρχόμενος

2418 3422 2557 3493 νίσῃ.
2593 3423 2713 3475 Ἐὰν
2741 3422 3123 3493 ὑποστείληται
3146 3463 3162 3488 ,
3194 3425 3304 3478 οὐκ
3332 3464 3333 3469 η

2418 3512 2581 3583 αὐτῷ.
2615 3514 2670 3566 '0
2691 3513 2747 3565 δὲ
2777 3512 2982 3576 δίκαιος
3022 3516 3089 3566 ἐκ
3118 3514 3334 3567 πίστεώ

2418 3601 2645 3656 ἐνταῦθα
2674 3602 2962 3673 διαρρήδην
2992 3601 3299 3673 ἐρχόμενον

2421 3709 2576 3762 μενον
2603 3692 2862 3757 θεσπίζει.
2892 3693 2989 3754 Τίς
3009 3692 3053 3744 δ’
3076 3689 3147 3763 ἦν
3180 3687 3334 3759 οὗτος

2418 3782 2547 3845 θεὶς,
2574 3781 2714 3835 κατὰ
2743 3782 2825 3846 τὸ,
2860 3800 2881 3832 ι
2907 3781 3295 3852 Εὐλογημένος
3322 3792 3334 3838 ι

2417 3871 2620 3940 Κυρίου
2638 3909 2653 3935 ,
2682 3871 2811 3935 Θεὸς
2837 3871 3041 3943 Κύριος
3085 3873 3183 3925 καὶ
3233 3875 3334 3928 ἐπέ

2416 3957 2494 4021 δὲ,
2524 3953 2609 4011 οἷα
2641 3959 2755 4027 φῶς
2782 3960 3118 4029 τυγχάνοντα
3137 4002 3152 4025 ,
3178 3965 3265 4026 είς
3290 3984 3334 4017 π

2417 4046 2507 4097 ἐπὶ
2549 4047 2827 4119 συντελείᾳ
2850 4049 2960 4103 τῶν
2992 4049 3231 4105 αἰώνων.
3263 4047 3334 4124 ’ῼ

2421 4134 2558 4203 ρίας,
2581 4135 2749 4203 λέγων
2768 4153 2781 4166 ο
2808 4155 2827 4187 ‹
2868 4138 2999 4191 Ἰδοὺ
3028 4138 3194 4209 ἀνὴρ,
3232 4140 3329 4194 ‘Av

2418 4225 2765 4280 ὑποκάτωθεν
2800 4226 2965 4280 αὑτοῦ
3003 4229 3267 4301 ἅνατολή.
3304 4251 3324 4283 ›

2420 4315 2691 4387 σημαίνων
2718 4318 2746 4368 ὁ
2778 4317 2937 4379 αὐτὸς
2958 4317 3233 4387 ἐπιλέγει’
3268 4340 3287 4371 ι
3321 4324 3334 4373 ἴ

2420 4407 2552 4475 φῶς.
2596 4407 2718 4459 Ἐάν
2777 4408 3081 4479 ὑστερήσῃ,
3123 4409 3333 4481 ὑπόμει

785 4496 956 4565 git":
992 4513 1011 4546 ι
1050 4497 1128 4549 Ad
1154 4511 1431 4565 vesperam
1461 4499 1564 4551 erit
1586 4499 1785 4561 lumen,
1810 4499 1856 4552 si
1887 4499 2094 4553 tardius
2115 4501 2261 4555 venia

1887 4499 2094 4553 tardius
2115 4501 2314 4565 veniet,
2348 4508 2391 4561 D
2431 4498 2659 4559 Ἀκύλας
2704 4497 3031 4566 πεποίηκεν·
3073 4517 3093 4551 ι
3135 4501 3267 4555 Ἐἁν
3312 4504 3333 4555 ἓ

786 4594 1040 4657 exspecta
1074 4587 1242 4639 illum.
1276 4607 1295 4638 ι
1321 4585 1425 4641 Pro
1454 4602 1562 4656 quo
1590 4586 1779 4656 Aquila
1814 4587 1894 4642 sic
1919 4588 2152 4643 reddidit
2176 4605 2186 4637 :
2214 4609 2232 4642 ι
2262 4589 2319 4645 Si

786 4690 913 4729 vero
963 4676 1324 4740 cunctabitur,
1362 4676 1544 4743 accipe
1584 4677 1754 4742 illum,
1798 4678 2054 4746 quoniam
2102 4681 2322 4735 veniens

788 4767 983 4828 veniet,
1010 4773 1064 4820 et
1102 4780 1208 4819 non
1258 4764 1508 4818 tardabit.
1550 4783 1568 4815 ι
1607 4764 1681 4820 De
1721 4766 1823 4820 hoc
1856 4776 2034 4822 autem
2078 4770 2321 4825 meminit

789 4855 948 4907 etiam
979 4856 1046 4909 ad
1075 4855 1327 4911 Hebraeos
1360 4854 1618 4924 Epistola,
1646 4856 1736 4911 ubi
1764 4858 1839 4911 ait
1865 4878 1879 4914 :
1917 4877 1935 4910 ι
1956 4858 2131 4914 Nolite
2159 4862 2319 4931 igitur

790 4943 1023 5010 adjicere
1054 4946 1429 5001 conﬁdentiam
1468 4954 1722 5010 vestram,
1754 4964 1872 5017 quae
1889 4965 2132 5019 magnam
2162 4950 2323 5006 habet

791 5033 1292 5088 remunerationem.
1348 5032 1613 5088 Patientia
1658 5037 1799 5090 enim
1853 5038 2010 5094 vobis
2069 5053 2319 5093 necessa-

792 5117 873 5168 ria
922 5126 1025 5179 est,
1085 5129 1141 5172 ut
1193 5125 1519 5179 voluntatem
1558 5124 1650 5182 Dei
1697 5126 1989 5192 facientes,
2043 5127 2323 5197 reponetis

793 5205 952 5273 277
993 5208 1423 5274 promissionem.
1464 5214 1655 5272 Adhuc
1691 5219 1834 5272 enim
1873 5218 2180 5280 modicum,
2221 5217 2321 5270 ali-

792 5296 1256 5364 quantulumque,
1299 5303 1389 5367 qui
1434 5319 1690 5364 venturus
1735 5318 1819 5365 est
1861 5311 2073 5372 veniet.
2116 5315 2170 5362 θι
2212 5322 2320 5361 ηοη

792 5384 1046 5439 tardabit.
1088 5382 1275 5442 Justus
1303 5399 1476 5443 autem
1509 5408 1571 5446 ex
1604 5397 1705 5451 ﬁde
1733 5415 1852 5455 mea
1882 5400 2065 5465 vivet;
2099 5395 2242 5466 quod
2274 5395 2321 5449 si

792 5472 1121 5529 subtraxerit
1151 5487 1210 5527 se
1229 5513 1244 5531 .
1275 5491 1381 5531 non
1414 5479 1551 5535 bene
1579 5483 1681 5537 sibi
1710 5487 1883 5554 placet
1913 5489 2090 5543 anima
2119 5500 2234 5541 mea
2264 5484 2320 5538 in

2419 4588 2610 4652 αὐτὸν,
2636 4588 2717 4639 ὅτι
2748 4588 3041 4656 ἐρχόμενος
3083 4590 3209 4659 ἥξει
3228 4632 3245 4656 ,
3284 4611 3334 4646 κς

2419 4663 2511 4730 του
2546 4677 2603 4729 δὲ
2635 4676 2902 4746 μέμνηται
2931 4678 3027 4730 καὶ
3061 4682 3097 4749 ὴ
3122 4682 3266 4752 πρὸς
3301 4686 3334 4737 'l

2420 4759 2495 4817 ὧν
2524 4780 2682 4834 φησιν
2719 4782 2738 4813 ι
2773 4763 2865 4834 Μὴ
2898 4765 3215 4839 ἀποϐάλητε
3240 4768 3334 4826 οὖν

2420 4855 2539 4924 ἥτις
2581 4853 2690 4923 ἔχει
2740 4853 2980 4926 μεγάλην
3032 4858 3334 4927 μισθαποδε

2422 4945 2571 5014 ἔχετε
2598 4943 2783 5013 χρείαν
2804 4983 2819 5008 ,
2853 4945 2940 4997 ἵνα
2958 4985 2974 5008 ,
3002 4948 3066 4999 τὸ
3095 4948 3315 5021 θέλημα

2422 5034 2712 5105 κομίσησθε
2741 5034 2838 5105 τὴν
2869 5036 3229 5106 ἐπαγγελίαν.
3265 5046 3334 5097 Ἔ

2421 5123 2709 5194 ἐρχόμενος
2734 5122 2852 5193 ἥξει
2870 5163 2885 5186 ,
2910 5126 3006 5178 καὶ
3035 5128 3098 5180 οὐ
3128 5137 3334 5200 χρονιεί

2426 5212 2591 5276 στεὼς
2636 5230 2736 5283 μου
2772 5214 3026 5286 ζήσεται·
3058 5220 3154 5271 καὶ
3194 5221 3295 5275 ἐὰν
3332 5248 3333 5253 η

2420 5302 2564 5355 δοκεῖ
2599 5303 2633 5372 ἡ
2669 5302 2811 5375 ψυχή
2849 5322 2948 5374 μου
2989 5308 3049 5360 ἐν
3079 5309 3248 5379 αὐτῷ.
3285 5332 3305 5365 ι

2420 5393 2619 5446 τούτων
2651 5395 2876 5464 ἀσαφῶς
2903 5399 3158 5471 κείμενον
3185 5403 3249 5455 τὸ
3282 5423 3334 5477 πε

2423 5484 2723 5554 ὑπερϐατὸν
2770 5488 3018 5559 εἰρῆσθαι
3037 5528 3053 5553 ,
3102 5492 3196 5543 ἐπὶ
3220 5494 3284 5547 τὸ
3316 5516 3334 5550 c

855 5679 897 5711 "
945 5689 1105 5746 Mich.
1134 5707 1205 5758 vi,
1238 5692 1352 5754 6-8.
1427 5701 1473 5737 "
1501 5697 1701 5758 Habac.
1734 5717 1790 5766 ιι,
1816 5702 1923 5761 2-4.
1997 5709 2040 5741 ⁷³
2068 5705 2208 5761 Psal.
2235 5719 2331 5759 (xv

1857 5705 1923 5761 4.
1997 5709 2040 5741 ⁷³
2068 5705 2208 5761 Psal.
2235 5719 2394 5770 (XVII,
2416 5702 2483 5758 ‘26
2577 5705 2621 5735 "
2649 5705 2812 5763 Zach.
2844 5728 2917 5780 v1,
2951 5714 3040 5771 12.
3116 5719 3161 5750 ⁷³
3189 5716 3333 5776 Haba
