3738 6288
109 443 186 496 ιιι
976 446 1606 504 DEMONSTRATIONIS
1641 448 2083 505 EVANGELICIE
2121 447 2248 502 LIB.
2283 449 2374 506 Vl.

3092 433 3102 443 ’
3142 457 3246 510 ua

107 561 353 630 διείληφεν.
393 558 454 609 Ἦ
486 560 585 627 μὲν
616 563 730 631 γὰρ
759 564 854 633 τῆς
873 567 1196 635 προφητείας
1219 567 1378 631 λέξις,
1409 587 1427 619 ι
1447 571 1505 621 '0
1534 571 1594 638 ὲρ

1719 584 1783 623 eo
1810 569 1877 624 ".
1914 586 1932 619 ι
1964 568 2027 622 Et
2078 583 2206 623 sane
2260 575 2480 637 specta,
2531 571 2974 638 quemadmodum
3024 560 3165 641 quod
3213 587 3244 625 a

107 652 313 719 χόμενος,
343 666 360 697 ι
392 648 576 716 φησὶν,
616 668 634 698 ι
666 651 789 719 ⁴ἥξει
810 692 823 715 ,
846 652 939 704 καὶ
965 654 1023 705 οὑ
1054 656 1303 723 χρονίσει.
1337 676 1355 706 ι
1382 658 1489 709 Kal
1510 658 1625 710 ἑπι-

107 740 257 808 ιξέρεγ
290 756 306 787 ι
345 737 465 788 Ἐὰν
486 738 1028 809 ὑποστείληται,οὑκ
1060 746 1320 817 εὑδοκεῖή
1351 746 1491 816 ψυχή
1522 763 1622 816 μου

106 834 148 883 ἐν
168 830 312 899 αὐτῷ,
339 849 358 880 ι
387 831 520 901 ὅπερ
557 833 987 902 συναπτόμενον,
1012 837 1297 903 ἀνάγεσθαι
1331 838 1526 903 δόξειεν
1557 837 1621 890 ἂν

105 922 176 973 ἐπὶ
214 920 294 973 τὸν
329 921 654 989 ἐρχόμενον,
692 924 791 975 καὶ
839 925 899 976 οὑ
935 927 1273 996 χρονίζοντα,
1305 929 1436 996 ὅπερ
1478 929 1620 980 ἐστὶν

101 1013 283 1065 ἄτοπον.
313 1011 428 1072 Πῶς
455 1010 565 1081 γὰρ
613 1013 707 1064 ἐπ’
754 1015 958 1068 ἐκεῖνον
1002 1018 1223 1089 ἁρμόσει
1272 1020 1331 1071 τὸ
1372 1019 1618 1087 λέγεσθαι

104 1100 163 1170 μὴ
189 1100 394 1152 εὐδοκείν
419 1103 475 1152 ὲν
508 1101 664 1172 αὑτῷ
688 1103 786 1157 τὸν
820 1105 949 1158 Θεόν
969 1124 983 1170 ;
1002 1108 1137 1159 Ἀλλ’
1160 1111 1191 1180 ἡ
1217 1110 1313 1179 τῆς
1339 1110 1617 1179 διαστολῆς

101 1191 353 1261 παράθεσις
377 1190 725 1256 ἐναλλάξασα
760 1195 857 1266 τὴν
886 1196 978 1249 τοῦ
1019 1197 1171 1265 λόγου
1218 1199 1481 1265 σύνταξιν,
1520 1200 1616 1271 τὴν

100 1281 293 1332 διάνοιαν
322 1280 575 1334 ἐσώσατο.
612 1284 779 1337 Μετὰ
806 1285 912 1356 γὰρ
934 1288 1013 1349 τὸ,
1050 1305 1068 1338 ι
1100 1289 1215 1340 Ἔτι
1253 1290 1439 1360 μικρὸν
1471 1291 1610 1355 ὅσον,

98 1369 391 1437 ὀὲρχόμενος
415 1369 555 1439 ἥξει,
594 1372 693 1424 καὶ
718 1373 781 1424 οὑ
818 1374 1080 1445 χρονίσει,
1114 1395 1131 1426 ι
1158 1375 1279 1445 ἑξῆς
1303 1377 1501 1446 συνῆψε
1529 1377 1608 1439 τὸ,

103 1476 117 1506 ι
147 1457 261 1508 Ὀδὲ
283 1456 473 1520 δίκαιος
507 1460 573 1509 ἐκ
614 1460 861 1522 πίστεως
889 1462 1128 1531 ζήσεται.
1155 1482 1172 1514 ι
1211 1459 1339 1515 Εἶτα
1366 1464 1425 1516 τὸ
1457 1467 1512 1516 ἐν
1542 1468 1608 1535 τῇ

100 1545 351 1616 προφητείᾳ
370 1545 586 1616 πρῶτον
609 1548 891 1617 κείμενον,
920 1549 1145 1615 ὑπέταξε
1172 1551 1413 1624 δεύτερον
1438 1555 1492 1605 ὲν
1511 1553 1605 1622 τῷ,

102 1654 116 1682 ι
139 1634 226 1685 Καὶ
250 1633 334 1687 ἐὰν
367 1635 789 1705 ὑποστείληται,
825 1640 922 1691 οὑκ
970 1640 1172 1693 εὐδοκεῖ
1202 1643 1233 1711 ή
1265 1642 1403 1713 ψυχή
1431 1659 1527 1711 μου
1550 1645 1606 1695 ἐν

98 1722 227 1791 αὑτῷ.
260 1742 278 1774 ι
314 1724 486 1787 Ἀπαξ
517 1726 629 1796 γὰρ
663 1725 935 1790 θεσπίσας
973 1730 1000 1779 6
1038 1728 1188 1797 λόγος
1216 1729 1300 1783 διὰ
1333 1732 1429 1800 τῆς
1480 1749 1607 1801 προ-

98 1815 301 1883 ςητείας,
332 1815 496 1886 ὁτιδὴ
528 1816 590 1868 τὸ
618 1816 744 1884 φῶς
779 1818 839 1870 τὸ
873 1820 1003 1871 πᾶσι
1044 1822 1154 1882 τοῖς
1191 1819 1390 1873 ἔθνεσιν
1432 1824 1600 1891 ἐπηγ-

96 1902 324 1972 γελμένον,
359 1902 443 1956 διὰ
474 1882 578 1974 τῆς
611 1882 864 1975 Χριστοῦ
910 1908 1205 1977 παρουσίας
1243 1908 1337 1977 ὀψέ
1363 1927 1489 1962 ποτε
1514 1882 1602 1963 καὶ
1632 1882 1672 1935 Β

98 1993 283 2063 ἑσπέρας
318 1994 565 2047 ἀνατελεῖ
588 2035 604 2059 ,
662 1995 769 2048 καὶ
810 1997 870 2047 οὐ
906 1996 1241 2065 διαψεύσεται
1295 1998 1463 2066 (οὑτω
1498 1998 1602 2070 γὰρ

98 2081 185 2132 ἀντὶ
208 2080 305 2146 τοῦ,
336 2100 353 2132 ι
384 2082 475 2134 καὶ
509 2082 612 2135 οὑκ
649 2085 737 2146 εἰς
767 2084 940 2146 κενὸν,
977 2103 995 2134 ι
1033 2085 1061 2137 6
1093 2085 1316 2148 Ἀκύλας
1341 2087 1604 2155 ἡρμήνευ-

100 2172 178 2239 σεν)
195 2189 206 2201 ·
239 2173 410 2225 ἔπειτα
434 2173 522 2226 διὰ
552 2173 617 2225 τὸ
650 2173 874 2243 μέλλειν
901 2174 997 2242 ὀψὲ
1015 2174 1108 2226 καὶ
1134 2174 1365 2244 ἑσπέρας
1392 2174 1601 2226 ἔσεσθαι

98 2259 254 2330 τὴντοῦ
272 2262 749 2332 προφητεύομένου
775 2262 1089 2330 παρουσίαν,
1106 2264 1184 2324 εἰς
1208 2261 1477 2331 ὑπομονὴν
1501 2277 1602 2314 πα-

99 2352 341 2421 ρακαλέσας
354 2352 436 2405 διὰ
450 2351 569 2415 τοῦ,
581 2371 600 2403 ι
626 2352 764 2405 Ἐὰν
782 2353 1073 2421 ὑστερήσῃ,
1090 2352 1373 2420 ὑπόμεινον
1389 2349 1562 2410 αὑτὸν,
1577 2369 1595 2399 ι

97 2441 255 2508 ῆιέὰν
292 2442 523 2513 μελλήσῃ
574 2441 885 2513 προσδέχου
924 2441 1118 2494 αὑτόνο
1162 2441 1241 2493 ὃτι
1270 2440 1601 2509 δερκόμενος

98 2530 182 2597 ἣξει
213 2534 292 2585 καὶ
328 2535 384 2585 οὑ
442 2533 517 2603 μὴ
571 2520 850 2604 χρονίσῄ,
894 2550 912 2583 ι
976 2531 1066 2583 ἐπὶ
1126 2529 1221 2599 τὴν
1283 2530 1459 2581 πίστιν
1503 2530 1600 2598 τῆς

100 2622 383 2692 scaphium;
421 2623 513 2675 τὸν
557 2621 845 2692 ἀκροατὴν
890 2621 1143 2691 παρορμᾷ
1180 2620 1349 2687 λέγων
1371 2635 1386 2648 ·
1445 2621 1501 2672 '0
1535 2620 1597 2690 δὴ

98 2712 253 2774 τούτοις
276 2713 530 2765 πιστεύων
551 2751 567 2775 ,
616 2711 678 2776 ἐξ
709 2711 886 2780 αὑτῆς
930 2710 1027 2780 τῆς
1062 2710 1291 2772 πίστεως
1328 2708 1485 2761 αὑτοῦ
1521 2708 1599 2759 δί-

99 2817 211 2863 καιος
232 2803 545 2872 ἀναδειχθεὶς
565 2841 580 2867 ,
614 2802 717 2872 τὴν
742 2800 897 2853 κατὰ
924 2800 1054 2852 Θεὸν
1084 2801 1302 2870 ζήσεται
1331 2800 1471 2869 ζωήν
1490 2816 1502 2829 ·
1522 2799 1596 2862 ὡς

98 2889 272 2958 ἔμπαλιν
289 2895 314 2945 6
336 2892 596 2955 ἀπιστῶν,
621 2895 681 2945 ὲν
703 2885 791 2953 οἷς
814 2890 1182 2959 ὑποστείληται
1208 2889 1279 2959 μὴ
1303 2888 1591 2958 θαρσήσας,

97 2980 194 3049 μηδὲ
208 2982 547 3049 ἐμπιστεύσας
567 2985 684 3045 τοῖς
705 2983 832 3052 είρη
843 2981 1040 3050 μένοις,
1055 2982 1152 3032 οὑκ
1177 2980 1381 3031 εὐδοκεῖ
1400 2981 1432 3047 ἡ
1451 2979 1590 3049 ψυχή

98 3085 167 3135 μου
192 3072 238 3121 ὲν
262 3072 416 3142 αὐτῷ.
454 3071 669 3125 Οὑκοῦν
722 3072 819 3123 καὶ
852 3069 1000 3122 αὑτοὶ
1027 3069 1232 3131 τούτοις
1261 3067 1587 3130 ἀκολούθως,

96 3159 408 3225 ἐναλλάξαντες
433 3163 494 3213 τὸ
520 3161 751 3232 πρῶτον
781 3159 1002 3230 ὕστερον
1020 3199 1035 3223 ,
1072 3160 1162 3211 καὶ
1197 3158 1508 3228 μεταθέντες
1531 3156 1590 3209 τὸ

1722 659 1983 727 propheta
2028 658 2312 712 obscurius
2350 659 2582 727 positum
2622 666 2733 722 est,
2781 668 3062 731 propterea
3097 662 3239 731 quod

1718 763 1813 816 per
1847 747 2208 816 trajectionem
2243 749 2506 817 prolatum
2540 748 2631 807 sit,
2671 747 2908 816 Epistola
2937 751 2993 804 in
3021 764 3238 805 sensum

1719 837 2010 906 planiorem
2040 837 2410 900 transtulerit;
2446 836 2608 891 verba
2649 838 2790 891 enim
2830 840 3121 907 prophetiae
3157 840 3236 895 sic

1715 924 1913 979 habent
1946 942 1959 978 :
1994 942 2012 975 ι
2046 924 2280 980 Veniens
2307 926 2511 988 veniet,
2544 936 2595 979 et
2627 941 2736 979 non
2770 927 3101 994 morabitur;
3133 946 3152 980 ι
3183 937 3237 982 et

1715 1012 1955 1083 adiungit
1982 1033 1995 1068 :
2029 1032 2048 1065 ι
2081 1012 2135 1067 Si
2168 1014 2494 1068 subtraxerit
2522 1030 2608 1076 se,
2639 1030 2746 1069 non
2776 1015 2911 1069 bene
2937 1017 3039 1071 sibi
3064 1018 3237 1085 placet

1717 1105 1895 1158 anima
1925 1120 2039 1158 mea
2073 1105 2125 1157 in
2156 1118 2240 1159 eo.
2273 1123 2291 1156 ι
2317 1104 2467 1169 Quod
2497 1105 2710 1169 quidem
2749 1106 2875 1158 dum
2910 1107 2980 1159 ita
3015 1108 3234 1175 conjun-

1709 1194 1868 1262 gitur,
1905 1192 2059 1247 facile
2092 1193 2429 1248 referendum
2463 1209 2583 1249 esse
2616 1195 2862 1248 videatur
2892 1195 2957 1249 ad
2990 1211 3108 1249 eum
3141 1199 3232 1266 qui

1708 1293 1965 1336 venturus
1990 1291 2069 1337 est
2087 1323 2101 1347 ,
2130 1291 2185 1337 et
2211 1299 2317 1337 non
2346 1285 2679 1351 morabitur;
2714 1291 2769 1337 at
2794 1285 2844 1338 id
2873 1285 3084 1353 quidem
3116 1302 3234 1355 per-

1707 1390 1864 1444 quam
1907 1375 2219 1429 absurdum.
2257 1373 2359 1440 Qui
2397 1377 2538 1430 enim
2580 1376 2694 1429 ﬁeri
2733 1385 2904 1444 potest
2943 1384 3000 1429 ut
3036 1377 3112 1431 illi
3142 1392 3233 1431 ac-

1706 1462 2073 1517 commodetur
2108 1464 2251 1533 quod
2288 1464 2505 1525 dicitur,
2546 1478 2653 1516 non
2693 1464 2902 1531 placere
2938 1464 3039 1518 sibi
3078 1464 3130 1516 in
3167 1480 3233 1520 eo

1705 1551 1935 1605 animam
1965 1568 2115 1607 suam
2133 1593 2147 1616 ,
2175 1553 2220 1606 si
2248 1552 2313 1607 de
2340 1552 2447 1607 Deo
2477 1552 2546 1607 sit
2580 1553 2800 1606 sermo?
2827 1550 2930 1606 Sed
2959 1553 3232 1607 distinctio

1702 1657 1819 1710 quae
1848 1643 2085 1710 apposita
2116 1653 2232 1706 est,
2264 1658 2385 1696 cum
2429 1642 2713 1695 verborum
2758 1650 3083 1697 structuram
3114 1659 3233 1697 mu-

1701 1730 1892 1784 taverit
1911 1769 1925 1793 ,
1954 1747 2170 1786 sensum
2200 1734 2553 1787 conservavit.
2585 1732 2714 1785 Nam
2750 1741 2868 1800 post
2896 1734 3021 1786 illud
3047 1752 3060 1786 :
3085 1751 3105 1783 ι
3129 1733 3231 1787 Ad-

1701 1818 1805 1871 huo
1842 1818 2108 1873 modicum
2149 1821 2675 1889 aliquantulumque,
2714 1819 2807 1887 qui
2851 1826 3106 1873 venturus
3147 1828 3228 1875 est

1699 1909 1899 1971 veniet,
1935 1917 1988 1963 et
2014 1925 2121 1963 non
2153 1910 2418 1973 tardabit,
2451 1928 2469 1961 ι
2497 1910 2748 1962 continuo
2780 1908 3020 1976 adiunxit
3052 1909 3224 1965 illud:

1704 2013 1723 2046 ι
1756 1995 1942 2051 Justus
1981 2005 2157 2051 autem
2195 2013 2260 2051 ex
2301 1997 2403 2051 (ide
2439 1998 2599 2059 vivet,
2632 2016 2650 2047 ι
2684 1996 2883 2052 Deinde
2918 1998 3047 2051 illud
3082 1995 3225 2065 quod

1698 2084 1754 2138 in
1793 2086 2071 2154 prophetia
2118 2088 2349 2155 primum
2387 2089 2614 2155 positum
2662 2095 2775 2149 est,
2825 2087 3062 2142 secundo
3106 2087 3224 2142 loco

1697 2174 1955 2241 subjecit,
2004 2176 2092 2229 ubi
2144 2177 2255 2229 ait:
2287 2194 2305 2227 ι
2335 2176 2485 2240 Quod
2528 2177 2574 2229 si
2618 2177 2940 2231 subtraxerit
2985 2191 3068 2241 se,
3115 2191 3223 2231 non

1696 2263 1831 2317 bene
1879 2264 1981 2318 sibi
2016 2265 2187 2333 placet
2216 2265 2391 2318 anima
2421 2280 2536 2319 mea
2568 2265 2623 2317 in
2650 2280 2732 2318 eo.
2762 2284 2780 2317 ι
2802 2265 2935 2317 Cum
2967 2265 3107 2319 enim
3138 2281 3224 2319 se-

1695 2354 1810 2425 mei
1832 2354 2105 2406 oraculum
2137 2369 2231 2423 per
2259 2354 2428 2422 ipsam
2459 2354 2789 2422 prOphetiam
2822 2354 3077 2408 cecinerit
3097 2392 3114 2417 ,
3148 2354 3224 2407 lu-

1695 2458 1808 2496 cem
1840 2443 2088 2497 omnibus
2123 2444 2441 2511 promissam
2483 2444 2729 2511 gentibus
2765 2458 2860 2511 per
2891 2443 3088 2496 Christi
3125 2443 3222 2497 ad-

1694 2539 1907 2586 ventum
1929 2533 2214 2601 aliquando
2236 2534 2446 2587 tandem
2472 2542 2524 2588 et
2545 2535 2608 2587 ad
2633 2547 2911 2601 vesperum
2938 2534 3219 2597 orituram,

1691 2629 1744 2675 et
1773 2636 1879 2675 non
1919 2621 2295 2677 frustraturam
2353 2624 2453 2691 (sic
2498 2624 2639 2676 enim
2692 2638 2789 2691 pro
2829 2637 2892 2676 eo
2942 2622 3215 2691 quodest,

1698 2728 1719 2760 ι
1748 2718 1802 2763 et
1848 2726 1955 2763 non
2002 2712 2056 2764 in
2103 2727 2337 2775 vanum,
2370 2731 2387 2763 ι
2415 2712 2606 2781 Aquila
2651 2719 2733 2765 est
2779 2713 3216 2780 interpretatus);

1691 2797 1883 2853 deinde
1929 2799 2071 2868 quod
2121 2814 2242 2853 sero
2286 2808 2338 2854 et
2388 2801 2453 2853 ad
2504 2815 2781 2868 vesperum
2826 2798 3040 2853 futurus
3077 2807 3218 2854 esset

1689 2885 1837 2954 ejus,
1882 2886 1948 2940 de
1994 2887 2419 2955 quoprophetia
2459 2888 2715 2955 loquitur,
2764 2887 3054 2951 adventus,
3098 2888 3217 2942 ideo

1688 2974 1794 3029 illis
1840 2976 2018 3029 verbis
2043 3016 2057 3039 ,
2091 2995 2109 3027 ‹
2142 2973 2196 3029 Si
2228 2977 2434 3030 tardius
2466 2977 2672 3043 veniet,
2706 2984 2954 3045 exspecta
2982 2977 3162 3040 illum,
3188 2995 3211 3029 ι

1689 3063 1788 3124 vel,
1817 3081 1834 3113 ι
1859 3064 1903 3118 si
1924 3065 2287 3127 cunctabitur,
2314 3065 2495 3134 accipe
2518 3066 2663 3120 illum
2688 3083 2701 3130 ;
2727 3066 2978 3133 quoniam
2995 3066 3216 3120 veniens

1687 3152 1862 3206 veniet
1880 3192 1895 3217 ,
1919 3163 1972 3206 et
1994 3168 2100 3206 non
2126 3154 2358 3207 tardabit
2381 3193 2396 3217 ,
2426 3173 2446 3205 ι
2472 3154 2536 3207 ad
2562 3155 2866 3222 patientiam
2893 3169 3088 3208 vocans
3119 3169 3216 3207 au-

249 3213 263 3225 .
390 3213 405 3224 .
567 3213 579 3232 .
910 3213 923 3230 .
1022 3213 1032 3223 .
1197 3213 1209 3228 .
1488 3213 1505 3220 -

94 3247 261 3320 ὕστερον
288 3252 370 3304 ἐπὶ
390 3252 448 3304 τὸ
469 3250 716 3322 πρῶτον,
749 3250 990 3319 σώσομεν
1009 3249 1097 3301 τὸν
1118 3248 1238 3300 νοῦν
1260 3248 1357 3316 τῆς
1377 3245 1586 3311 λέξεως,

1699 3213 1909 3297 iitorem
1930 3281 1944 3307 ,
1976 3248 2036 3296 ut
2057 3243 2311 3296 vaticinio
2338 3213 2490 3297 ﬁdem
2523 3213 2800 3309 adhibeat,
2834 3244 3097 3307 hortatur,
3130 3243 3219 3299 di-

95 3339 193 3402 μετὰ
212 3340 291 3402 τὸ,
324 3360 340 3392 ι
369 3342 484 3394 Ὅτι
509 3344 539 3394 6
572 3341 875 3411 ἐρχόμενος
905 3338 1042 3409 ἥξει,
1076 3338 1168 3391 καὶ
1197 3339 1254 3390 οὑ
1276 3337 1537 3408 χρονίσει,
1567 3354 1585 3386 ι

92 3426 177 3479 καθ’
198 3428 473 3501 ύπρϐατὸν
504 3431 878 3507 συνάπτοντες
902 3429 963 3481 τὸ
982 3468 997 3492 ,
1037 3447 1055 3479 ι
1096 3430 1153 3481 ὐ
1181 3427 1235 3479 δὲ
1264 3426 1462 3490 δίκαιός
1492 3442 1588 3494 μου

91 3514 135 3563 ἐκ
169 3516 367 3581 πίστεως
412 3518 680 3588 ζήσεται,
726 3534 747 3565 ι
775 3514 866 3566 καὶ
898 3513 1070 3583 τούτῳ
1116 3511 1448 3578 ἐπιλέγοντες
1489 3509 1585 3571 τὸ,

93 3622 106 3651 ι
138 3605 233 3658 Ἐὰν
266 3608 679 3678 ὑποστείληται,
733 3606 834 3657 οὑκ
873 3604 1081 3656 εὐδοκεῖ
1121 3601 1154 3671 ἡ
1197 3600 1337 3669 ψυχὴ
1375 3616 1472 3668 μου
1530 3599 1586 3651 ἐν

90 3694 209 3763 αὐτῷ.
226 3716 241 3745 ι
262 3697 434 3768 Ταύτῃ
457 3699 517 3751 δὲ
546 3699 648 3749 κοιλ⁸
669 3698 701 3748 ὁ
740 3693 965 3754 Ἀκύλας
994 3694 1059 3762 τῇ
1088 3689 1292 3758 διανοίᾳ
1313 3687 1587 3757 συντρέχει

86 3780 213 3848 λέγων
232 3801 244 3814 ο
268 3805 284 3836 ι
324 3787 443 3840 Ἐὰν
478 3786 735 3856 μελλήσῃ
762 3824 776 3846 ,
808 3781 1097 3852 προσδέχου
1127 3777 1306 3839 αὑτὸν,
1335 3777 1414 3829 ὅτι
1438 3775 1589 3847 ἐρχόσ

89 3885 204 3934 μενος
226 3872 487 3927 ἐλεύσεται
505 3913 520 3937 ,
547 3874 649 3926 καὶ
682 3872 747 3923 οὑ
775 3869 1021 3940 βραδυνεῖ
1038 3886 1051 3899 °
1095 3866 1201 3919 ἰδοὺ
1227 3863 1585 3935 νωχελευομέ-

85 3974 165 4019 νῦν,
192 3963 274 4013 οὑκ
300 3962 480 4015 εὐθεῖα
510 3962 544 4033 ἡ
569 3961 726 4030 ψυχή
763 3975 863 4030 μου
898 3961 955 4010 ὲν
983 3954 1149 4025 αὑτῷ,
1177 3953 1269 4006 καὶ
1297 3953 1499 4015 δίκαιος
1528 3953 1586 4004 ἐν

83 4048 216 4101 πίστει
244 4053 393 4105 αὑτοῦ
421 4053 675 4123 ζήσεται.
716 4068 736 4101 ι

1683 3345 1843 3394 cens,
1875 3346 1996 3386 eum
2023 3333 2114 3400 qui
2142 3333 2226 3386 his
2255 3333 2416 3386 rebus
2444 3332 2762 3395 crediderit,
2792 3332 2881 3385 ubi
2911 3348 2975 3386 ex
3006 3348 3101 3386 sua
3131 3332 3212 3403 ip-

1683 3424 1796 3477 sius
1839 3422 1939 3476 lide
1977 3423 2157 3490 justus
2197 3421 2502 3475 declaratus
2535 3421 2729 3479 fuerit,
2762 3420 2925 3473 vitam
2952 3436 3071 3489 qua}
3103 3421 3212 3474 Deo

1680 3510 1906 3579 placeat,
1936 3509 2221 3571 victurum,
2256 3509 2394 3563 sicut
2423 3524 2454 3562 e
2509 3509 2799 3571 contrario,
2830 3507 2921 3575 qui
2959 3522 3064 3560 non
3092 3523 3212 3561 cre-

1680 3598 1901 3661 diderit,
1948 3598 2038 3651 ubi
2072 3597 2396 3651 subtraxerit
2435 3610 2530 3659 se,
2575 3610 2683 3649 non
2722 3593 2998 3647 conﬁdens
3035 3609 3210 3662 neque

1681 3686 1904 3739 credens
1933 3684 2018 3739 bis
2048 3699 2165 3753 qua:
2191 3684 2333 3737 dicta
2367 3689 2523 3747 sunt,
2561 3681 2795 3735 futurum
2838 3688 2896 3733 ut
2936 3696 3042 3733 non
3076 3681 3208 3734 bene

1682 3772 1783 3827 sibi
1810 3774 2014 3841 placeat
2035 3773 2210 3825 anima
2239 3772 2294 3825 in
2313 3786 2396 3826 eo.
2424 3764 2563 3840 Ergo
2582 3785 2681 3825 nos
2711 3784 2925 3837 quoque
2949 3772 3064 3838 ipsa
3094 3769 3206 3823 haec

1679 3872 1995 3931 sequentes,
2038 3864 2085 3916 si
2126 3861 2628 3916 commutaverimus
2670 3860 2745 3912 ita
2790 3868 2849 3912 ut
2882 3859 3023 3928 quod
3058 3859 3205 3929 prius

1636 3983 1639 3987 ‹
1677 3958 1792 4013 est,
1826 3950 2123 4017 posterius,
2154 3948 2297 4019 quod
2334 3963 2461 4002 vero
2505 3947 2772 4017 posterius
2803 3957 2921 4011 est,
2969 3948 3204 4002 transla-

1677 4047 1791 4093 tum
1837 4040 1988 4108 prius
2029 4039 2322 4103 faciamus,
2356 4053 2574 4093 sensum
2616 4038 2899 4092 verborum
2940 4039 3203 4107 integrum

83 4145 503 4201 conservabimus:
540 4144 627 4199 sic
661 4144 808 4198 enim
842 4148 965 4212 post
1006 4137 1157 4204 illud,
1191 4156 1209 4187 ι
1240 4136 1503 4202 Quoniam
1545 4133 1765 4189 veniens
1788 4133 1963 4186 veniet
1990 4139 2043 4186 et
2072 4146 2179 4185 non
2206 4132 2518 4195 morabitur,
2540 4149 2559 4182 ι
2596 4130 2798 4185 statim
2823 4129 3205 4200 subjungemus

80 4228 193 4299 illud,
216 4254 232 4285 ι
255 4234 437 4293 Justus
468 4246 660 4293 autem
686 4250 841 4290 meus
860 4250 926 4289 ex
967 4233 1069 4288 ﬁde
1102 4232 1275 4293 vivet,
1307 4249 1325 4281 ι
1353 4240 1405 4283 et
1443 4228 1567 4281 huic
1602 4226 1704 4296 ipsi
1727 4234 2103 4282 conuectemus
2123 4225 2323 4288 illud,¢
2349 4223 2404 4279 Si
2427 4224 2749 4279 subtraxerit
2795 4239 2874 4288 se,
2921 4238 3027 4277 non
3070 4222 3203 4277 bene

79 4323 155 4375 sibi
174 4327 329 4394 placet
354 4331 538 4385 anima
567 4345 701 4386 mea
724 4345 778 4382 in
808 4342 893 4383 eo.
927 4346 949 4379 ι
978 4326 1140 4395 278
1164 4323 1296 4377 Cum
1327 4323 1427 4376 hoc
1453 4335 1577 4376 vero
1615 4334 1776 4374 sensu
1809 4300 1969 4373 etiam
1994 4319 2185 4389 Aquila
2213 4317 2501 4373 concordat
2538 4318 2724 4373 dicens
2752 4335 2766 4371 :
2794 4335 2813 4368 ι
2877 4318 2932 4370 Si
2982 4322 3203 4371 cuncta-

77 4414 188 4472 bitur
210 4424 381 4493 accipe
411 4425 570 4479 illum
591 4463 609 4487 ,
639 4421 899 4492 quoniam
928 4421 1147 4474 veniens
1175 4417 1351 4472 veniet
1380 4423 1432 4470 et
1459 4428 1566 4468 non
1606 4413 1872 4479 tardabit;
1904 4427 2030 4468 ecce
2059 4413 2105 4467 si
2140 4412 2326 4467 tardus
2354 4412 2459 4476 sit,
2514 4425 2622 4464 non
2679 4416 2824 4465 recta
2856 4403 3033 4462 anima
3084 4419 3202 4461 mea

77 4507 117 4561 in
141 4526 225 4578 eo,
252 4522 303 4569 et
326 4517 514 4585 justus
546 4533 619 4572 ex
657 4516 762 4570 [ide
795 4514 968 4584 ipsius
1000 4513 1160 4567 vivet.
1194 4530 1215 4563 ι

530 4626 934 4682 ΚΕΦΑΛΛΙΟΝ
972 4626 1071 4679 IE'.

2255 4609 2475 4666 CAPUT
2512 4608 2625 4662 XV.

86 4725 184 4803 Ἀστῤ
213 4735 308 4788 τοῦ
335 4737 543 4791 αὑτοῦ.
571 4765 649 4775 -
679 4735 771 4801 Ὠς
807 4735 1089 4803 ἐπίφοϐος
1118 4734 1165 4803 νὴ
1205 4733 1335 4803 περὶ
1370 4731 1479 4803 τῆς
1510 4732 1578 4797 ἐξ

1699 4722 1983 4803 “tandem.
2004 4750 2073 4803 _——
2096 4719 2244 4803 Quod
2300 4718 2657 4803 terribiliajit
2687 4718 2899 4803 auditui
2928 4717 3196 4798 descensus

126 4801 354 4869 οὐρανῶν
388 4805 659 4859 καθόδου
701 4806 807 4858 τοῦ
837 4801 1056 4869 Κύριον
1096 4802 1243 4868 ἀκοὴ
1285 4801 1572 4869 τυγχάνει,

128 4867 203 4918 καὶ
232 4873 369 4936 μετὰ
409 4872 769 4939 ἐκπλήξεως
795 4873 867 4924 τὰ
894 4867 1036 4939 ἕξρτα
1065 4870 1265 4939 αὐτοῦ,
1303 4867 1575 4939 ἐλθόντος

128 4939 365 5009 reuinci")
415 4943 456 5009 ἠ
488 4936 787 5009 σύμπασα
820 4938 896 5007 γῆ
924 4936 1044 5009 τῆς
1079 4936 1354 5009 αινέσεῳς
1397 4938 1579 5009 αὑτοῦ

131 5004 539 5077 κτιησρήσετὶιι,
573 5004 634 5061 -δ
675 5009 737 5061 τέ
777 5004 844 5077 τέ
886 5004 996 5077 hic
1032 5005 1249 5077 Καινῆς
1288 5004 1571 5077 Αιιξθήξιης

131 5071 283 5201 αμξξοῦ
326 5071 500 5145 λόγος
548 5081 645 5143 εἰς
682 5071 914 5140 adierat;
965 5071 1305 5139 ἀνθρώπους
1350 5071 1571 5143 διαδρὰὲ

194 5157 310 5198 ttat.

139 5262 156 5296 ι
175 5248 340 5320 Κύριε,
371 5255 671 5325 εεσακήκοα
697 5254 794 5324 τὴν
820 5252 994 5320 ἀκοήν
1023 5266 1136 5313 σου,
1170 5252 1261 5303 καὶ
1290 5253 1569 5324 ἐφοϐήθην.

98 5331 238 5402 Κύριε,
282 5343 567 5413 κατενόησα
618 5342 683 5396 τὰ
727 5342 867 5411 ἔργα
922 5355 1040 5400 σου,
1085 5339 1177 5389 καὶ
1229 5338 1476 5410 ἐξέστηνο
1517 5344 1574 5394 ὲν

100 5420 204 5490 μέσῳ
223 5426 305 5479 δύο
332 5428 479 5492 ζωῶν
520 5431 825 5501 γνωσθῇς-η’
875 5428 936 5479 ὲν
973 5424 1053 5492 τῷ
1087 5426 1319 5493 ἐγγίζειν
1355 5428 1421 5481 τὰ
1458 5429 1571 5500 ἐτη,

108 5506 434 5588 δπιτῒκιισθήσπ
474 5521 533 5570 ὲν
567 5518 648 5588 τῷ
673 5520 925 5588 παρεῖναι
970 5513 1061 5563 τὸν
1091 5514 1301 5585 καιρὸν,
1359 5510 1565 5567 ἀναδει-

106 5593 400 5678 χθήση·ὲντῷ
431 5606 758 5677 ταραχθῆναι
805 5601 906 5670 τὴν
949 5599 1124 5671 ψυχήν
1171 5620 1272 5673 μου
1314 5607 1372 5658 ὲν
1418 5608 1570 5679 ὀργῇ,

161 5746 192 5779 ’⁸
215 5748 346 5808 Hebr.
366 5769 415 5820 ι,
430 5756 611 5812 35ι58.

1751 4791 1958 4846 Domini
1987 4790 2049 4842 de
2078 4790 2232 4848 cwlo,
2266 4798 2314 4840 et
2342 4789 2482 4855 facta
2517 4788 2660 4839 illius
2689 4803 2800 4837 cum
2833 4786 3192 4847 admiratione,

1749 4860 1979 4930 quodque
2025 4873 2145 4930 cum
2167 4858 2289 4930 ipse
2329 4855 2831 4930 υεηιςτίιραιιιὶυερα
2867 4865 3003 4906 terra
3034 4856 3193 4930 ipsius

1751 4921 1906 4980 [aude
1932 4921 2282 4991 complebitur,
2318 4934 2366 4975 et
2396 4922 2530 4974 Νοιηὶ
2558 4922 2716 4991 ipsius
2747 4921 2787 4973 Τ
2789 4922 3055 4975 e.tamenti
3087 4938 3194 4974 ver-

1749 4998 1866 5050 bum
1897 4994 1964 5048 ad
1993 4989 2163 5045 omnes
2190 4991 2418 5045 homines
2446 4989 2748 5057 penetrabit.

1745 5272 1764 5304 ί
1794 5250 2032 5313 Domine,
2066 5245 2243 5302 audivi
2274 5243 2595 5298 auditionem
2628 5247 2797 5304 tuam,
2827 5248 2878 5295 et
2907 5238 3078 5295 timui.
3108 5238 3194 5292 ln-

1669 5343 1844 5399 tellexi
1878 5354 2041 5411 opera
2071 5346 2197 5401 tua,
2237 5343 2291 5389 et
2330 5331 2577 5402 obstupui
2612 5348 2624 5384 :
2665 5331 2719 5384 in
2761 5330 2935 5385 medio
2966 5331 3191 5384 duarum

1668 5433 1902 5486 vitarum
1941 5425 2312 5499 cognosceris,
2341 5424 2469 5478 dum
2496 5421 2624 5476 anni
2664 5420 3187 5490 apprepinquabunt,

1670 5528 1831 5575 notus
1869 5519 1995 5584 lies,
2027 5516 2154 5570 dum
2192 5513 2362 5569 aderit
2398 5519 2607 5582 tempus
2644 5509 3016 5565 declaraberis.
3054 5507 3189 5559 Dum

1676 5609 1989 5681 perturbata
2024 5606 2184 5661 fuerit
2221 5604 2398 5659 anima
2434 5618 2551 5659 mea
2580 5598 2633 5656 in
2664 5616 2777 5665 ira,
2808 5596 3191 5654 misericordia
