3738 6272
942 363 1047 420 με

1593 361 1857 417 EUSEBlI
1893 358 2366 417 CESARIENSIS
2404 359 2572 416 OPP..
2594 358 2771 413 PARS
2800 360 2868 414 ll.
2902 388 2970 397 -—
3005 355 3336 411 APOLOGET

945 488 1144 529 memor
1176 471 1303 525 eris.
1338 470 1477 525 Deus
1506 470 1572 525 de
1600 469 1803 524 Thama
1835 471 2045 535 veniet,
2072 477 2125 524 et
2155 477 2377 527 sanctus
2408 485 2421 522 ι

1863 471 2045 535 ῑεηὶει,
2072 477 2125 524 et
2155 477 2377 527 sanctus
2408 469 2474 523 de
2503 476 2545 530 Α
2576 468 2754 529 ἐλέους
2802 465 3101 536 μνησθήσῃε
3149 466 3201 517 '0
3240 464 3339 516 Θεὸε

947 569 1123 617 monte
1147 559 1401 615 umbroso
1426 559 1625 614 denso:
1650 561 1926 629 cooperuit
1949 560 2116 613 caalos
2138 560 2309 612 virtus
2332 558 2469 626 ejus,

943 662 996 707 et
1022 651 1175 705 iaude
1190 649 1307 719 ejus
1329 651 1482 719 plena
1501 657 1582 703 est
1604 656 1774 713 terra,
1801 659 1853 704 et
1882 649 2134 718 splendor
2160 649 2277 717 ejus
2304 656 2362 701 ut
2391 648 2474 701 lu-

942 743 1065 793 m'en
1096 738 1218 793 erit.
1251 738 1464 791 Cornua
1494 736 1549 789 in
1577 737 1826 792 manibus
1856 738 1973 805 ejus
1994 780 2007 802 ,
2044 744 2097 790 et
2130 738 2308 805 posuit
2340 736 2472 790 dile-

941 833 1171 884 ctionem
1222 828 1411 883 fortem
1448 829 1654 897 roboris
1694 829 1775 883 sui
1804 847 1815 881 :
1849 835 1973 882 ante
2006 829 2195 881 faciem
2224 827 2342 896 ejus
2375 826 2475 880 ibit

941 919 1172 975 Verbum
1193 959 1209 985 ,
1251 927 1304 973 et
1342 920 1646 988 egredietur
1687 919 1742 971 in
1785 933 2002 987 campos
2033 918 2100 971 ".
2134 936 2152 968 ι
2179 932 2300 971 cum
2327 917 2470 970 enim

942 1008 1056 1077 ipse
1090 1008 1322 1076 seipsum
1356 1008 1594 1062 audisset
1624 1007 1879 1076 propheta
1912 1018 2130 1063 sanctus
2151 1048 2165 1071 ,
2199 1023 2263 1061 ac
2291 1010 2470 1076 potius

941 1096 1179 1151 divinum
1205 1098 1294 1166 qui
1322 1098 1495 1166 ipsum
1524 1097 1733 1151 amabat
1754 1139 1769 1165 ,
1798 1098 1994 1167 quique
2021 1100 2074 1152 in
2103 1100 2221 1168 ipso
2244 1100 2471 1154 canebat

943 1184 1200 1255 Spiritum
1220 1225 1236 1249 ,
1261 1186 1326 1239 de
1349 1202 1414 1241 eo
1436 1185 1500 1240 de
1525 1202 1632 1256 quo
1662 1189 1774 1256 ipsa
1802 1189 2075 1257 pr0phetia
2101 1189 2359 1259 loquitur,
2387 1189 2471 1243 di-

938 1286 1144 1331 centem
1176 1296 1188 1331 :
1220 1295 1238 1328 ι
1268 1275 1420 1342 Quod
1450 1277 1670 1331 veniens
1701 1280 1877 1333 veniet
1905 1288 1960 1332 et
2003 1294 2111 1334 non
2144 1280 2466 1345 morabitur,

932 1365 1116 1435 justus
1148 1375 1326 1420 autem
1354 1381 1417 1420 ex
1446 1367 1550 1421 ﬁde
1580 1382 1697 1421 mea
1723 1367 1865 1422 vivet
1892 1368 1958 1430 ⁷⁵,
1990 1387 2009 1419 ι
2039 1383 2268 1437 cumque
2294 1368 2471 1423 credi-

935 1458 1104 1513 disset
1132 1459 1280 1512 illum
1302 1475 1421 1514 esse
1445 1459 1651 1528 justum
1681 1459 1920 1520 oraculo,
1950 1458 2003 1512 in
2031 1459 2116 1513 his
2141 1458 2321 1513 verbis
2351 1473 2470 1527 quae

937 1563 1084 1602 nunc
1125 1550 1181 1602 in
1221 1550 1472 1603 manibus
1511 1556 1671 1612 sunt,
1712 1550 1785 1602 ita
1814 1550 1924 1602 ait:
1954 1567 1972 1599 ι
2006 1548 2255 1613 Domine,
2287 1550 2467 1604 audivi

933 1638 1259 1693 auditionem
1292 1646 1437 1691 tuam
1464 1646 1517 1692 et
1547 1639 1737 1705 timui,
1766 1659 1790 1691 ι
1809 1648 1863 1694 et
1891 1654 2008 1708 qua:
2048 1649 2382 1709 sequuntur;
2413 1641 2465 1693 in

933 1727 1132 1796 quibus
1156 1727 1591 1782 manifestissime
1620 1727 1787 1781 Deum
1817 1729 1883 1783 ad
1912 1730 2154 1784 homines
2179 1737 2465 1784 venturum

931 1818 1229 1873 denuntiat.
1262 1819 1394 1882 Quis
1423 1835 1548 1874 vero
1579 1822 1718 1874 alius
1751 1821 1840 1873 hic
1873 1820 1946 1875 sit
1974 1820 2065 1888 qui
2096 1820 2223 1874 olim
2257 1835 2461 1889 cogno-

929 1916 1188 1973 sceretur,
1218 1917 1271 1963 et
1298 1918 1419 1979 post
1442 1911 1730 1980 aliquando
1757 1911 1884 1965 dum
1910 1911 2035 1965 anni
2070 1912 2464 1980 appropinqua-

928 1998 1064 2053 bant
1082 2038 1097 2062 ,
1127 2007 1270 2054 esset
1300 2001 1673 2069 agnoscendus
1693 2044 1708 2065 ,
1737 2009 1790 2054 et
1819 2016 1914 2069 per
1942 2000 1996 2054 id
2024 2006 2234 2069 tempus
2260 2001 2327 2055 de
2356 2016 2462 2068 quo

926 2087 1204 2156 prophetia
1225 2088 1480 2157 loquitur,
1504 2090 1859 2145 declarandus
1883 2109 1896 2143 :
1923 2090 2045 2159 quis
2062 2128 2076 2153 ,
2097 2090 2313 2158 inquam
2331 2128 2344 2153 ,
2374 2090 2463 2144 hic

926 2176 997 2229 sit
1023 2177 1183 2245 2'79
1224 2178 1328 2231 nisi
1352 2179 1439 2232 ille
1478 2179 1592 2247 ipse
1618 2179 1709 2247 qui
1747 2187 1901 2234 antea
1916 2180 2089 2234 dictus
2121 2188 2203 2234 est
2230 2179 2461 2234 universi

925 2262 1222 2319 Dominus?
1252 2268 1343 2335 qui
1383 2267 1543 2321 etiam
1575 2268 1676 2321 hoc
1706 2268 2053 2336 comprobato
2095 2268 2369 2331 vaticinio,
2406 2268 2459 2322 in

924 2358 1387 2412 consummatione
1407 2359 1722 2412 saeculorum
1752 2360 1823 2412 ita
1848 2360 2122 2413 nuntiatus
2149 2365 2232 2413 est
2251 2374 2313 2412 ac
2334 2374 2461 2427 prae-

922 2445 1152 2509 dieatus,
1204 2454 1264 2500 ut
1306 2462 1491 2503 omnes
1535 2448 1780 2502 homines
1822 2447 2172 2501 exaudierint.
2226 2446 2460 2514 Hujusce

922 2532 1086 2602 igitur
1111 2550 1193 2597 ea,
1222 2545 1340 2604 qua:
1377 2538 1547 2604 palam
1583 2537 1634 2589 in
1667 2538 1837 2590 sacris
1867 2535 2165 2605 Evangeliis
2190 2535 2457 2604 descripta

922 2627 1067 2682 sunt,
1101 2620 1260 2690 facta,
1307 2624 1547 2691 corporis
1578 2623 1839 2687 videlicet,
1889 2624 2033 2692 quod
2071 2622 2360 2691 assumpsit
2392 2623 2458 2677 de

921 2706 1139 2778 Virgine
1180 2714 1595 2780 generationem,
1646 2712 1768 2766 item
1799 2710 2242 2781 quemadmodum
2276 2728 2295 2761 ι
2334 2725 2456 2765 cum

920 2804 1065 2850 esset
1092 2797 1147 2851 in
1177 2797 1346 2853 forma
1373 2799 1485 2863 Dei,
1518 2815 1625 2853 non
1654 2800 1895 2868 rapinam
1921 2799 2215 2875 arbitratus
2238 2806 2320 2852 est
2338 2813 2458 2853 esse

921 2901 982 2940 se
1013 2890 1267 2956 aequalem
1315 2889 1444 2953 Deo,
1476 2890 1569 2946 sed
1617 2890 1851 2958 seipsum
1899 2888 2191 2943 exinanivit
2228 2887 2456 2942 formam

919 2978 1060 3031 servi
1082 2980 1347 3048 accipiens
1367 2982 1410 3012 ⁷⁷
1432 2998 1485 3046 »ς
1534 2988 1784 3048 ρι’ωιετεθ
1800 2995 1917 3049 qua:
1931 2979 2187 3033 miracula
2202 2979 2255 3031 in
2284 2979 2456 3033 homi-

2574 557 2724 623 ἆγιος
2749 555 2808 622 ἐξ
2845 554 3003 626 ὅρους
3036 555 3329 614 κατασκίου,

2571 647 2691 707 νοὺς
2725 646 2757 714 ἡ
2787 644 2953 715 ἀρετὴ
2985 642 3162 705 αὐτοῦ,
3190 643 3275 694 καὶ
3302 642 3340 693 τί

2571 734 2700 804 ήγῆ
2723 751 2736 764 '
2780 734 2872 786 καὶ
2908 733 3106 801 φέγγος
3142 730 3289 784 αὑτοῦ
3326 750 3340 782 ί

2570 824 2751 895 χερσὶν
2791 823 2975 886 αὑτοῦ,
3015 823 3108 874 καὶ
3151 821 3290 873 ἔθετο
3328 823 3340 873 ἐ

2569 915 2750 969 αὐτοῦ.
2793 913 2906 984 Πρὸ
2928 912 3213 984 προσώπου
3251 913 3340 963 αὐτ

2572 1011 2662 1059 καὶ⁹
2699 1004 3034 1070 ἐξελεύσεται
3087 1004 3167 1065 εἰς
3214 1002 3340 1055 πεδί(

2569 1093 2778 1157 ἐαυτοῦ,
2809 1093 3003 1163 μᾶλλον
3030 1092 3088 1144 δὲ
3111 1091 3208 1145 τοῦ
3242 1095 3340 1163 ἐμτι

2568 1185 2625 1238 ἐν
2646 1184 2789 1254 αὐτῷ
2812 1184 2954 1238 θείου
2984 1181 3123 1235 Πνεύ
3132 1201 3320 1252 ματος,

2570 1274 3039 1344 προφητευομένου
3093 1273 3165 1342 φή
3176 1289 3340 1327 σαντοε

2568 1363 2659 1415 καὶ
2706 1363 2763 1414 οὐ
2807 1361 2880 1431 μὴ
2921 1361 3175 1432 χρονίσῃ’
3220 1362 3248 1412 6
3288 1360 3340 1412 δὲ

2568 1452 2737 1522 ζήσει,
2767 1471 2784 1502 ι
2810 1452 3104 1514 πιστεύσας
3146 1468 3206 1503 τε
3248 1450 3322 1513 ὼς

2566 1542 2670 1595 τῶν
2716 1541 2852 1612 μετὰ
2906 1542 3093 1612 χεῖράς
3144 1558 3313 1610 φησι·

2566 1634 2731 1703 ἀκοήν
2780 1650 2894 1695 σου,
2946 1633 3038 1685 καὶ
3090 1630 3340 1701 ἐφοϐήθη·

2568 1722 2747 1790 σαφῶς
2788 1723 2917 1775 Θεὸν
2961 1724 3039 1784 εἰς
3067 1720 3340 1791 ἀνθρώπω

2562 1810 2617 1862 δὲ
2661 1809 2725 1862 ἂν
2768 1804 2915 1872 οὗτος
2955 1810 3040 1878 εἴη
3081 1811 3109 1861 6
3143 1809 3313 1861 πάλαι

2563 1916 2686 1952 ποτε
2731 1901 2788 1952 ἐν
2827 1898 2904 1968 τῷ
2944 1897 3180 1966 ἐγγίζειν
3240 1897 3311 1950 τὰ

2560 1990 2696 2043 κατὰ
2730 1990 2819 2042 τὸν
2852 2007 3059 2061 προφητ
3067 1989 3158 2042 ευό
3165 2007 3325 2059 μενον

2559 2081 2590 2151 ἢ
2615 2083 2643 2134 6
2676 2080 2833 2143 αὐτὸς
2859 2082 3060 2142 ἐκεῖνος
3083 2082 3111 2133 6
3139 2078 3339 2150 προδηλ

2559 2170 2776 2240 Κύριος,
2810 2171 2837 2222 6
2867 2170 2959 2221 καὶ
3003 2171 3070 2239 τῇ
3108 2168 3340 2240 προρῤήι

2557 2259 2672 2330 λείᾳ
2721 2259 2825 2312 τῶν
2866 2258 3097 2323 αἰώνων,
3129 2260 3210 2321 εἰς
3253 2257 3340 2321 ἐξά

2558 2348 2885 2419 κηρυχθείς;
2914 2348 3119 2401 Τούτου
3155 2348 3221 2418 δὴ
3255 2344 3340 2400 οὖν

2557 2443 2668 2509 ροῑς
2695 2439 3044 2507 Εὐαγγελίοις
3076 2439 3236 2510 ἔργα,
3258 2438 3340 2508 τὴ⁴

2554 2529 2802 2599 ἀνείληφε
2828 2529 3079 2598 σκήνους,
3125 2529 3340 2596 γένεσιν

2555 2619 2827 2689 ὑπάρχων,
2861 2619 2959 2687 οὐχ
2989 2618 3292 2689 ἁρπαγμὸν
3319 2620 3340 2669 Ἰ

2553 2709 2684 2761 ἀλλὰ
2714 2707 2898 2762 ἑαυτὸν
2934 2710 3177 2762 ἐκένωσε
3215 2727 3340 2780 μορε

2554 2800 2981 2863 ἐπιτελεσθείσας
3013 2802 3169 2872 αὐτῷ
3206 2805 3288 2865 εἰς
3322 2802 3340 2854 ἐ

2553 2892 2646 2944 καὶ
2694 2891 2761 2944 τὰ
2811 2894 2929 2944 κατ’
2961 2892 3139 2945 αὑτοῦ
3203 2911 3271 2961 γε
3334 2913 3340 2926 ι

2553 2978 2710 3043 ἔθνει,
2745 2982 2855 3042 τοῖς
2901 2981 3009 3049 τῆς
3059 2982 3243 3053 ψυχῆς
3293 2986 3340 3035 6:

920 3066 1079 3122 nibus
1119 3069 1316 3139 degens
1338 3070 1582 3132 ediderit,
1612 3085 1711 3124 nec
1735 3084 1842 3124 non
1878 3083 2227 3139 quaecumque
2267 3076 2396 3123 cont

1878 3083 2227 3139 quaecumque
2267 3076 2453 3123 contra
2480 3098 2521 3154 ρ
2557 3069 2809 3138 μέλλοντα
2841 3070 3233 3141 συμϐήσεσθαι
3264 3091 3339 3125 κεῖ

921 3154 1094 3222 ipsum
1124 3172 1254 3212 ausa
1285 3167 1367 3214 est
1389 3158 1611 3213 Judaica
1646 3175 1799 3228 gens,
1827 3160 2027 3220 omnia,
2057 3159 2297 3227 inquam,
2341 3158 2455 3212 haec

917 3251 972 3298 et
1010 3246 1115 3299 alia
1144 3249 1336 3302 similia
1359 3250 1447 3304 his
1470 3265 1592 3303 cum
1644 3250 1836 3303 animae
1881 3249 2056 3303 oculis
2103 3248 2451 3318 providisset,

918 3349 1142 3404 quasque
1195 3347 1450 3392 eventura
1474 3340 1527 3392 in
1556 3347 1825 3407 posterum
1868 3338 2343 3406 exspectabantur,
2369 3336 2454 3391 di-

918 3425 1044 3478 vino
1067 3424 1268 3493 Spiritu
1296 3427 1541 3490 docente,
1567 3427 1944 3497 purgatissima
1968 3426 2313 3496 intelligentia
2337 3440 2456 3494 per-

918 3515 1169 3584 cepisset,
1199 3532 1264 3571 ex
1296 3518 1364 3572 iis
1394 3534 1512 3587 quae
1560 3518 1664 3573 hoc
1707 3519 1866 3572 modo
1894 3518 2157 3580 audierat,
2180 3532 2238 3571 se
2266 3517 2455 3570 obstu-

913 3604 1099 3672 'puisse
1131 3618 1194 3657 ac
1225 3605 1473 3661 timuisse
1503 3605 1699 3660 fatetur
1731 3605 2013 3674 propheta,
2043 3604 2228 3658 dicens
2262 3622 2274 3656 :
2307 3620 2325 3652 ι
2356 3601 2455 3655 Do-

917 3697 1080 3759 mine,
1115 3695 1291 3748 audivi
1312 3697 1637 3751 auditionem
1666 3707 1832 3761 tuam,
1875 3704 1929 3751 et
1963 3695 2116 3749 timui
2149 3715 2162 3749 :
2209 3694 2451 3759 Domine,

918 3783 1155 3839 intellexi
1204 3801 1366 3854 opera
1396 3794 1508 3851 tua,
1552 3796 1606 3843 et
1629 3789 1902 3857 obstupui.
1937 3808 1956 3839 ›
1991 3786 2232 3840 Salvator
2275 3794 2451 3839 autem

917 3887 982 3927 ac
1017 3873 1276 3930 Dominus
1307 3887 1510 3940 noster,
1540 3879 1715 3947 ipsum
1732 3880 1913 3947 utique
1943 3879 2044 3931 hoc
2075 3875 2169 3929 Dei
2190 3873 2446 3938 Verbum,

914 3964 972 4017 in
994 3964 1169 4017 medio
1197 3965 1423 4019 duarum
1459 3968 1689 4022 vitarum
1726 3968 1972 4037 cognitus
2019 3973 2121 4020 est.
2153 3964 2267 4018 Non
2306 3965 2449 4019 enim

915 4053 1136 4106 duorum
1160 4054 1465 4108 animalium
1492 4066 1574 4111 est
1601 4058 1903 4126 legendum,
1938 4055 2031 4110 sed
2072 4055 2293 4106 duarum
2315 4055 2448 4108 vita-

917 4159 1052 4197 rum.
1111 4141 1346 4196 Duarum
1380 4159 1508 4214 ergo
1538 4146 1791 4209 vitarum,
1825 4146 2017 4214 inquit,
2077 4144 2307 4198 medium
2352 4158 2449 4197 co-

916 4232 1217 4303 gnosceris.
1249 4231 1383 4286 Cum
1403 4234 1546 4288 enim
1577 4251 1681 4288 una
1712 4235 2003 4290 secundum
2035 4233 2200 4288 Deum
2225 4233 2294 4287 sit
2317 4231 2445 4297 vita,

914 4332 970 4378 et
988 4319 1476 4377 altera'secundum
1507 4324 1796 4387 hominem,
1822 4330 1875 4377 et
1892 4324 1980 4376 illa
2004 4322 2220 4392 quidem
2248 4329 2449 4378 morta-

2554 3159 2700 3230 παρὰ
2730 3158 2821 3212 τοῦ
2847 3159 3203 3225 διδάσκοντος
3227 3165 3340 3215 αὖτέ

2553 3250 2807 3319 ἐκστῆναι
2843 3252 2871 3302 6
2906 3254 3209 3323 προφήτης
3238 3254 3334 3305 ἐπὶ

2553 3340 2744 3409 δῆσθαι
2775 3340 3055 3409 ὁμολογεῖ,
3104 3344 3340 3411 φάσκων

2552 3430 2717 3499 ἀκοήν
2746 3446 2859 3492 σου,
2892 3433 2995 3483 καὶ
3025 3433 3337 3504 ἐφοϐήθηνι

2554 3537 2665 3583 σου,
2697 3520 2789 3573 καὶ
2833 3520 3088 3593 ἐξέστην.
3124 3544 3143 3576 ι
3166 3526 3227 3577 Ὀ
3255 3527 3340 3578 Σω

2551 3609 2709 3671 αὐτὸς
2735 3604 2885 3672 οὗτος
2932 3613 2965 3663 6
3013 3612 3114 3666 τοῦ
3164 3614 3306 3668 Θεοῦ

2551 3697 2825 3769 ἐγνώσθηο
2860 3699 3265 3772 πληθυντικῶς
3307 3708 3339 3759 ὲ

2550 3786 2657 3838 τῶν
2690 3785 2862 3851 ζωῶν,
2897 3790 3020 3843 ἀπὸ
3059 3793 3249 3846 ἑνικοῦ
3296 3812 3340 3846 τι

2550 3875 2915 3945 ακουομένων.
2941 3878 3021 3930 Οὐ
3043 3880 3158 3951 γὰρ
3180 3894 3340 3954 παροδ

2548 3962 2762 4033 δετέρου
2793 3965 2890 4018 τοῦ
2918 3965 3068 4030 ξὼου
3091 3968 3340 4039 λέγεται,

2549 4053 2654 4106 ἀπὸ
2676 4053 3057 4128 πληθυντικῆς
3093 4061 3321 4125 εὐθείας

2548 4142 2622 4202 at,
2649 4142 2800 4206 ζωῶν
2829 4146 3007 4214 μέσον
3033 4151 3340 4223 γνωσθήσῃ

2546 4232 2675 4285 Θεὸν
2701 4234 2870 4304 ζωῆς,
2899 4241 2999 4293 καὶ
3027 4241 3276 4314 θατέρας
3300 4249 3340 4296 τί

2550 4325 2643 4394 μὲν
2671 4324 2897 4395 θνητῆς,
2921 4332 3027 4401 τῆς
3054 4333 3115 4386 δὲ
3145 4335 3326 4389 ἀϊδίου

914 4412 1004 4475 lis,
1040 4413 1152 4467 haec
1184 4427 1310 4467 vero
1352 4413 1695 4481 sempiterna,
1745 4415 1937 4468 merito
1991 4429 2113 4467 cum
2167 4422 2390 4485 utramqt

1861 4415 1937 4467 ito
1991 4429 2113 4467 cum
2167 4422 2445 4485 utramque
2474 4414 2519 4468 D
2549 4430 2660 4483 ριος
2683 4413 2768 4468 διὰ
2798 4419 3013 4489 πείρας
3044 4423 3245 4489 ἐλθὼν,
3278 4428 3336 4480 ὲν

913 4511 1167 4572 expertus
1197 4508 1341 4556 esset
1365 4500 1644 4561 Dominus,
1674 4508 1834 4570 atque
1884 4516 1950 4555 eo
2002 4502 2161 4557 modo
2186 4503 2442 4569 venisset,

913 4593 969 4649 in
994 4592 1168 4648 medio
1194 4592 1419 4646 duarum
1449 4591 1677 4644 vitarum
1706 4605 1826 4645 esse
1853 4592 2099 4661 cognitus
2131 4592 2349 4656 dicitur,
2380 4607 2446 4647 ex

914 4680 1357 4752 interpretatione
1406 4694 1563 4749 quam
1598 4677 1945 4750 Septuaginta
1982 4680 2282 4736 ediderunt.
2312 4678 2446 4734 Nam

912 4787 978 4826 ex
999 4788 1062 4828 ea
1083 4787 1240 4842 quam
1265 4771 1457 4839 Aquila
1483 4771 1666 4833 edidit,
1700 4786 1804 4825 non
1832 4772 1979 4837 item,
2004 4772 2097 4827 sed
2130 4772 2209 4827 sic
2229 4790 2243 4826 :
2264 4790 2281 4821 ι
2310 4770 2445 4824 Dum

915 4860 1341 4930 appropinquant
1369 4860 1515 4923 anni,
1545 4859 1754 4915 viviﬁca
1807 4859 1959 4914 illud.
1993 4880 2011 4912 ι
2055 4859 2159 4915 Sed
2191 4859 2446 4929 quidnam

914 4953 998 4999 est
1018 4948 1167 5015 illud,
1191 4949 1295 5005 nisi
1325 4950 1463 5019 quod
1492 4950 1567 5003 ait
1597 4969 1610 5004 :
1637 4968 1656 5001 ι
1678 4966 1811 5020 opus
1847 4959 1997 5005 tuum
2020 4951 2043 5004 ?
2066 4969 2084 5002 ι
2112 4948 2442 5005 Theodotion

916 5047 1042 5086 vero
1069 5037 1140 5089 ita
1171 5039 1245 5091 ait
1274 5058 1286 5092 :
1318 5058 1337 5089 ι
1371 5039 1427 5093 In
1454 5040 1631 5094 medio
1666 5056 1927 5096 annorum
1957 5041 2165 5095 vivifica
2194 5039 2391 5108 ipsum.
2419 5056 2437 5089 ι

918 5117 983 5171 Et
1012 5120 1359 5190 Symmachus
1391 5149 1404 5181 :
1439 5148 1457 5180 ι
1495 5130 1641 5184 intra
1695 5146 1865 5187 annos
1905 5131 2221 5185 reviviscere
2255 5128 2338 5181 fac
2371 5127 2447 5195 ip-

916 5223 1059 5272 ειιιηο
1102 5229 1121 5261 ι
1147 5211 1520 5281 interpretatus
1540 5232 1640 5276 est.
1664 5222 1796 5276 Cum
1828 5223 1991 5291 igitur
2013 5234 2220 5281 omnes,
2260 5236 2279 5267 ‹
2306 5218 2443 5270 vivi-

918 5295 1018 5351 ﬂca
1064 5298 1236 5366 ipsum
1261 5339 1276 5365 ,
1311 5320 1329 5350 ι
1360 5303 1589 5361 dixerint
1612 5350 1627 5373 ,
1666 5313 1822 5380 plane
1860 5328 1966 5367 non
2012 5312 2079 5365 de
2122 5309 2442 5379 quibusdam

917 5387 1080 5441 veluti
1108 5388 1300 5452 brutis,
1330 5400 1421 5444 aut
1444 5396 1599 5450 etiam
1628 5403 1832 5457 ratione
1846 5403 2080 5474 prmditis
2100 5399 2440 5462 animalibus,

919 5486 1218 5527 sermonem
1245 5489 1366 5529 esse
1409 5477 1763 5563 declararunt.
1785 5491 2118 5562 Quapropter
2142 5502 2262 5541 cum
2300 5487 2441 5555 apud

2547 4504 2777 4571 λέγεται,
2802 4511 2961 4564 κατὰ
2987 4514 3093 4585 τὴν
3117 4516 3231 4571 τῶν
3247 4518 3340 4571 ΈΕ

2548 4593 2655 4663 γὰρ
2684 4594 2775 4647 τὸν
2816 4596 3076 4657 Ἀκύλαν
3121 4609 3227 4678 οὐχ
3256 4611 3340 4663 οὖπ

2549 4680 2615 4732 τὰ
2638 4679 2751 4749 ἔτη,
2789 4680 3036 4745 ζὼωσον
3081 4696 3245 4762 αὐτὸ,
3285 4718 3304 4750 ι

2549 4769 2813 4839 κάτεργόν
2857 4792 2988 4845 σονς
3023 4788 3232 4857 ,ὤνησε
3263 4807 3277 4819 .
3300 4791 3340 4842 κ

2555 4876 2573 4908 ί
2597 4858 2682 4910 Ἐν
2710 4861 2865 4935 μέσῳ
2906 4870 3052 4928 ἐτῶν
3100 4874 3330 4941 ζώωσον

2552 4962 2571 4995 ι
2593 4947 2775 5013 Ἐντὸς
2814 4955 2932 5011 τῶν
2970 4962 3250 5021 ἐνιαυτῶν
3270 4973 3337 5024 ἀν

2546 5035 2751 5101 Πάντες
2781 5038 2882 5097 οὖν
2910 5066 2931 5097 ί
2956 5048 3189 5114 ξώωσον
3208 5061 3340 5115 αὐτὸ

2547 5127 2673 5196 περὶ
2711 5124 2825 5185 οἷον
2875 5136 3099 5210 ἀλόγων
3145 5152 3317 5205 τινῶν

2545 5217 2801 5286 τυγχάνει
2819 5229 3212 5306 παρέστησαν.
3238 5243 3332 5297 Διὸ

2547 5307 2778 5405 γομένου
2812 5317 2937 5384 τοῦ,
2974 5341 2994 5373 ι
3020 5325 3113 5380 Ἐν
3164 5332 3323 5405 μέσῳ

2545 5398 2685 5452 κατὰ
2708 5404 2839 5469 τοὺς
2868 5412 2982 5483 πρὸ
3007 5398 3179 5489 ἡμῶν.
3195 5398 3340 5490 ὲξείλ

2547 5503 3040 5572 προφητευομένου
3073 5511 3340 5582 δηλοῦσθο

990 5642 1012 5663 '
1058 5641 1252 5701 Hahae.
1273 5663 1353 5714 ιιι,
1396 5648 1509 5705 1-6.
1583 5655 1626 5686 τε
1661 5655 1856 5718 llabac.
1888 5668 2021 5732 ",3.
2099 5666 2142 5699 τ’
2179 5662 2403 5732 Philipp-
2444 5662 2581 5731 ιιιδν
2615 5665 2664 5720 7-
