3738 6312
870 413 972 467 Iit-£7

1514 394 1778 455 EUSEBII
1814 383 2278 449 CJESARJENSIS
2312 381 2457 437 OPP.
2493 377 2668 433 PARS
2700 376 2767 430 11.
2804 405 2874 416 --
2910 368 3340 428 APOLOGETIC

870 528 1023 599 281
1054 521 1313 589 Deinceps
1341 514 1618 585 adjungit:
1657 530 1675 563 ι
1707 506 1998 578 Cooperuit
2030 502 2193 557 cmlos
2222 499 2346 552 virti

1806 506 1998 578 iperuit
2030 502 2193 557 cmlos
2222 499 2394 552 virtus
2423 505 2465 561 Α
2494 495 2751 566 ἁοράτους
2782 492 2874 544 καὶ
2906 484 3282 554 ἀντικειμένας

2067 593 2080 599 “
2172 590 2186 599 “
2307 587 2320 599 ⁶
2662 581 2707 599 θ’
2847 577 2966 599 ΞΑ--κ
2984 576 3120 599 ..-η-ι-.
3192 574 3282 599 ’Δω

869 587 1079 688 (ἶῇἷει
1101 587 1273 666 laudis
1301 611 1417 678 ejus
1446 607 1600 675 plena
1632 609 1713 656 est
1740 610 1903 660 terra,
1926 603 1980 650 et
2004 590 2255 663 splendor
2275 587 2391 655 ejus

868 677 926 761 ut
959 677 1133 757 lumen
1161 700 1281 755 erit.
1314 677 1341 750 »ί
1368 695 1573 761 Quibus
1593 692 1775 759 utique
1802 686 2000 745 verbis.
2025 680 2182 737 simul
2207 685 2258 732 et
2278 677 2392 746 glo.

865 799 1065 853 riosum
1107 793 1226 862 ejus
1281 791 1337 844 in
1384 789 1521 843 caelo
1553 798 1776 855 regnum
1823 777 2146 839 ostenditur,
2192 780 2246 827 et
2275 785 2394 840 quae

866 887 1092 959 posthac
1124 883 1301 937 futura
1331 890 1432 944 est,
1465 877 1782 946 longiusque
1810 872 2087 929 duratura,
2137 872 2296 931 atque
2336 861 2393 913 in

864 993 1074 1032 omnem
1102 982 1298 1028 terram
1342 975 1706 1040 penetratura,
1738 962 2016 1021 doctrinae,
2050 969 2167 1025 qua:
2204 952 2270 1006 de
2302 950 2393 1003 illo

865 1067 1054 1126 fertur,
1087 1062 1338 1116 laudatio.
1360 1058 1495 1112 Illud
1523 1064 1736 1110 autem:
1778 1072 1795 1102 ‹
1832 1050 2046 1105 Cornua
2070 1046 2123 1098 in
2142 1041 2393 1095 manibus

866 1158 1002 1227 ejus,
1046 1173 1064 1205 ι
1101 1152 1250 1221 regni
1281 1151 1397 1218 ejus
1430 1146 1655 1215 insignia
1684 1152 1735 1198 et
1767 1149 1922 1194 notas
1954 1132 2239 1205 signiﬁcat,
2271 1128 2393 1197 qui-

864 1248 967 1301 bus
1011 1243 1287 1303 cornibus,
1337 1237 1630 1292 invisibiles
1660 1245 1819 1301 atque
1846 1229 2195 1282 adversantes
2235 1225 2391 1288 pote-

865 1342 1032 1391 states
1061 1332 1346 1402 repellens,
1375 1337 1427 1382 et
1456 1328 1624 1380 victas
1665 1322 1913 1377 obtinens
1972 1313 2159 1383 abigit.
2192 1308 2394 1363 Ordine

866 1427 951 1480 his
975 1397 1226 1491 deinc—eps
1255 1418 1533 1489 adjungit:
1567 1435 1585 1465 ι
1618 1413 1683 1466 Et
1703 1410 1881 1482 posuit
1907 1404 2247 1461 dilectionem
2286 1397 2395 1450 for—

865 1523 971 1570 tem
1003 1513 1213 1566 roboris
1260 1510 1364 1563 sui.
1418 1527 1437 1559 ι
1483 1507 1547 1559 Et
1593 1518 1720 1558 sane
1747 1494 2073 1553 vehementis
2096 1485 2393 1543 affectionis

865 1605 985 1676 ejus
1015 1619 1076 1657 ac
1107 1599 1409 1656 dilectionis
1435 1609 1559 1664 erga
1609 1591 1853 1646 homines
1907 1584 2162 1639 indicium
2224 1576 2394 1631 maxi-

867 1710 1011 1751 mum
1044 1692 1226 1755 fuerit,
1248 1688 1389 1759 quod
1432 1694 1555 1739 ante
1604 1682 1792 1735 faciem
1819 1678 1935 1748 ejus
1966 1670 2245 1728 incesserit
2268 1681 2392 1720 ver—

866 1785 993 1839 bum
1043 1782 1193 1845 illud,
1247 1778 1495 1833 videlicet
1527 1774 1759 1829 salutare
1807 1778 1966 1836 atque
2005 1759 2390 1829 evangelicum,

2491 581 2803 653 κερατίξων,
2839 576 3145 633 ἀπελαύνει.
3192 570 3340 623 Ἀκο]

2495 696 2513 726 ι
2553 676 2661 728 Καὶ
2709 673 2859 725 ἔθετο
2914 669 3184 737 ἀγάπησιν
3250 679 3340 731 κρι

2492 766 2599 819 Καὶ
2649 763 2747 832 τῆς
2798 776 2863 827 γε
2926 759 3005 819 εἰς
3058 751 3340 824 ἁνθρώποι

2491 853 2652 908 αὐτοῦ
2678 893 2692 916 ,
2744 851 2837 904 καὶ
2901 847 3118 915 ἀγάπης
3173 844 3340 910 δεῖγμ

2490 942 2774 1014 προσώπου
2839 935 3003 989 αὑτοῦ
3061 930 3339 1003 πορευθῆν

2493 1034 2747 1104 σωτήριον
2780 1029 2874 1081 καὶ
2901 1021 3291 1093 εύαγγελικδν,
3327 1021 3340 1070 ἐ

2489 1124 2707 1195 δραμεῖν
2748 1120 2828 1181 είς
2858 1115 3016 1168 πεδία
3039 1155 3053 1178 ,
3085 1113 3228 1165 ὥστε
3265 1114 3325 1162 ὲν

2488 1214 2584 1283 τὴν
2610 1209 2923 1278 οἰκουμένην
2947 1204 3048 1272 τῆς
3075 1201 3167 1255 ὑπ’
3203 1201 3340 1252 αὐτο

2491 1296 2788 1368 ἀνθρώποις
2823 1291 3094 1363 σωτηρίας
3119 1329 3136 1353 ,
3180 1286 3340 1343 axon:

2492 1391 2663 1461 σάσῃο
2698 1406 2717 1438 ι
2756 1385 2867 1455 Πρὸ
2895 1380 3187 1453 προσώπου
3217 1379 3340 1429 αὐτ(

2489 1480 2580 1533 καὶ
2612 1475 2943 1543 ἐξελεύσεται
2988 1473 3069 1534 είς
3109 1469 3288 1522 πεδία.
3337 1486 3340 1514 :

2490 1565 2652 1621 αὐτοῦ
2719 1560 3054 1632 παρουσίαν,
3112 1557 3193 1610 ἔτι
3244 1555 3340 1626 μᾶἳ

2489 1659 2658 1726 Λόγος
2678 1652 2839 1708 αὑτοῦ
2881 1652 3054 1720 πέρας
3102 1648 3339 1715 ὲπιθήσε

2492 1751 2599 1811 τοῖς
2631 1746 2754 1816 ἑξῆς
2784 1739 3220 1811 ἐπιφερομένοις,
3250 1736 3286 1788 ἃ
3322 1752 3340 1785 δ

867 1872 1010 1944 quod
1037 1873 1197 1926 etiam
1224 1881 1500 1938 egressum
1543 1827 2299 1932 percurrerit'campos,adeo
2332 1852 2389 1899 ut
2422 1827 2464 1882 Β
2493 1840 2602 1910 ρός.

869 1921 1010 1944 -ι-ν-
1232 1921 1286 1938 -υ
1364 1921 1369 1922 7
1544 1921 1558 1932 .
2020 1921 2031 1923 ,

864 1965 1009 2019 brevi
1041 1972 1276 2031 tempore
1312 1967 1479 2012 totum
1508 1957 1691 2010 orbem
1733 1960 1994 2006 terrarum
2038 1961 2119 2010 ea,
2149 1956 2267 2011 quae
2294 1953 2388 2008 per
2424 1935 2600 2004 ipsum
2627 1930 2877 1984 omnibus
2900 1921 3219 1978 hominibus
3241 1932 3340 1972 cor

866 2058 1108 2128 pleverit,
1138 2012 1485 2122 comprobata
1512 2050 1629 2117 ejus
1661 2045 1953 2117 prophetia:
1991 2039 2236 2099 veritate,
2267 2048 2386 2103 qua:
2420 2030 2531 2083 ait:
2558 2110 2571 2128 ό
2591 2043 2610 2076 ‹
2653 2024 2790 2077 Ante
2820 2019 3010 2073 faciem
3043 2015 3168 2081 ejus
3218 2012 3323 2067 ibit

868 2102 1108 2128 νων-η,
1142 2102 1446 2122 νν--τ-ν-κη
1524 2102 1558 2117 7.
1615 2102 1623 2103 7
1664 2102 1679 2117 .
1765 2102 1781 2115 .
2287 2102 2293 2103 7

866 2149 921 2201 in
955 2161 1192 2216 campos.
1228 2162 1245 2194 ι
1284 2143 1341 2196 1η
1378 2139 1615 2194 secundo
1649 2146 1827 2190 autem
1868 2130 2107 2201 ejusdem
2136 2126 2390 2183 adventu,
2432 2110 2663 2185 amplius
2717 2123 2931 2180 quoque
2963 2121 3027 2159 ac
3080 2102 3260 2172 magis
3295 2117 3339 2170 p‘

2458 2207 2482 2216 Α
2646 2205 2657 2216 ο
2840 2208 2876 2216 κ.
2956 2194 3150 2216 _-_:L-.-
3185 2206 3339 2216 nul-‘1‘

867 2242 950 2294 bis
980 2254 1096 2307 qua:
1135 2237 1279 2291 dicta
1328 2240 1455 2288 sunt
1494 2238 1548 2285 et
1580 2230 1645 2283 iis
1674 2243 1792 2297 quae
1817 2227 2068 2290 deinceps
2096 2220 2412 2288 sequuntur,

866 2327 1123 2399 dagandis
1147 2331 1356 2393 tempus
1385 2336 1491 2374 non
1515 2318 1685 2372 adest.

1421 2468 1645 2525 CAPUT
1682 2464 1820 2520 XVI.

866 2590 905 2643 A
941 2586 1218 2641 Zacltaria.
1237 2612 1303 2626 ——
1323 2576 1768 2647 Quemadmodum
1792 2572 2047 2647 ADominus
2077 2566 2391 2645 omnipotens

888 2680 898 2691 ·
938 2658 1211 2723 conﬁtetur
1240 2669 1292 2706 se
1322 2634 1556 2709 missum,
1600 2654 1656 2698 ut
1707 2643 1911 2711 auferat
1938 2656 2020 2701 ea,
2061 2651 2175 2705 qua:
2207 2634 2391 2686 vitiosa

933 2728 1056 2782 sint.

941 2878 961 2911 ι
1001 2857 1119 2912 llaec
1149 2855 1278 2910 dicit
1307 2854 1563 2908 Dominus
1592 2846 1925 2914 omnipotens
1950 2858 1963 2893 :
1994 2838 2122 2892 Post
2167 2834 2391 2905 gloriam

868 2951 1014 3005 misit
1044 2964 1128 3002 me
1159 2947 1224 2999 ad
1257 2952 1460 3016 gentes,
1509 2954 1626 3010 qua:
1674 2934 2034 3005 spoliaverunt
2072 2941 2167 2980 vos
2206 2943 2221 2978 :
2254 2938 2390 2993 quo-

869 3042 1010 3094 niam
1044 3039 1135 3108 qui
1164 3036 1333 3106 tangit
1366 3049 1479 3097 vos,
1520 3029 1673 3099 quasi
1708 3028 1755 3081 is
1785 3026 1875 3095 qui
1923 3021 2092 3090 tangit
2137 3017 2389 3088 pupillam

2453 2207 2610 2261 tinem
2646 2205 2900 2272 imponet,
2950 2194 3155 2265 quibus
3185 2206 3340 2244 nunc

2986 2384 3340 2439 ΚΕΦΑΛΛΙΟ

2503 2506 2643 2563 Ἀπὸ
2684 2503 2786 2557 τοῦ
2832 2500 3153 2568 Ζαχαρίου.
3201 2525 3276 2568 -έ

2559 2574 2778 2642 κράτωρ
2805 2565 3082 2642 ὁμολογεῖ
3102 2567 3207 2642 3339‘
3251 2565 3340 2642 ἑτέ

2559 2632 2729 2710 {apag
2741 2632 2850 2693 ’ἐπὶ
2880 2632 3225 2703 καθαιρέάει
3263 2632 3340 2685 τιῐ

2569 2775 2589 2807 ι
2622 2755 2756 2806 Τάδε
2787 2751 2932 2819 λέγει
2963 2749 3173 2819 Κύριος
3202 2763 3340 2800 παν-ι

2495 2843 2793 2901 ἀπέσταλκέ
2836 2858 2902 2912 με
2935 2840 3027 2891 ἐπὶ
3072 2838 3144 2891 τὰ
3184 2837 3323 2907 ἔθνη

2493 2937 2620 2990 διότι
2645 2937 2672 2988 ὁ
2698 2933 2993 3001 ἁπτόμενος
3024 2930 3055 2980 ὑ
3065 2927 3184 2997 μῶν
3207 2967 3223 2989 ,
3255 2927 3340 2990 ὡς

2495 3023 2582 3076 τοῦ
2629 3017 2900 3088 ὀφθαλμοῦ
2941 3014 3127 3069 αὑτοῦ.
3176 3014 3337 3066 Διότι

1050 3089 1133 3108 τα
1226 3089 1287 3106 7,,
1466 3089 1476 3097 .
1539 3089 1554 3099 .
1804 3089 1816 3095 -

869 3130 1008 3183 oculi
1039 3129 1156 3196 ejus
1192 3147 1205 3182 :
1249 3126 1374 3195 quia
1422 3138 1546 3178 ecce
1596 3120 1758 3174 atl’ero
1789 3129 2000 3170 manum
2032 3125 2202 3165 meam
2235 3123 2345 3177 supi

1863 3129 2000 3168 mum
2032 3125 2202 3165 meam
2235 3121 2397 3177 super
2423 3089 2463 3144 C
2496 3113 2649 3185 χεῖρά
2677 3127 2774 3180 μου
2801 3109 2884 3160 ἐπ’
2908 3108 3115 3169 αὐτοῖς,
3142 3106 3244 3157 καὶ
3280 3104 3339 3156 ἕο

873 3215 1019 3285 ipsos
1049 3234 1061 3268 :
1095 3224 1146 3267 et
1165 3223 1322 3268 erunt
1347 3212 1516 3281 spolia
1546 3207 1612 3263 iis
1656 3207 1746 3275 qui
1777 3201 2059 3258 servierint
2083 3200 2182 3261 eis,
2221 3204 2271 3252 et
2305 3210 2398 3249 co-

870 3306 1136 3374 gnoscetis
1170 3304 1310 3374 quod
1346 3302 1602 3354 Dominus
1623 3297 1958 3365 omnipotens
1990 3291 2135 3345 misit
2167 3302 2252 3342 me
2270 3289 2337 3340 "’.
2373 3303 2391 3336 ι

870 3392 989 3461 lpse
1020 3390 1274 3446 Dominus
1325 3393 1664 3458 omnipotens
1700 3385 1754 3438 in
1795 3385 1879 3438 his
1907 3382 2139 3449 seipsum
2174 3378 2396 3430 missum

870 3498 991 3538 esse
1033 3483 1127 3544 ait,
1170 3490 1221 3536 et
1251 3481 1497 3550 quisnam
1522 3479 1567 3532 is
1598 3478 1686 3538 sit,
1718 3474 1810 3544 qui
1842 3472 2067 3534 miserit,
2098 3471 2274 3534 docet,
2309 3466 2397 3520 ubi

871 3575 984 3628 ait:
1027 3592 1045 3624 ι
1098 3572 1161 3625 Et
1204 3569 1539 3640 cognoscetis
1579 3568 1720 3638 quod
1776 3565 2033 3618 Dominus
2065 3561 2401 3628 omnipotens

874 3665 1022 3718 misit
1047 3679 1149 3716 me.
1187 3680 1206 3713 ι
1246 3661 1407 3730 Igitur
1442 3659 1605 3714 etiam
1646 3658 1749 3711 hoc
1790 3657 1908 3709 loco
1949 3653 2084 3707 duos
2122 3649 2400 3726 perspicue

874 3755 1061 3815 babes,
1084 3753 1175 3820 qui
1194 3756 1377 3804 eadem
1407 3759 1627 3803 utantur
1648 3745 2023 3817 appellatione,
2052 3755 2217 3795 unum
2255 3720 2397 3801 eum,

872 3843 963 3911 qui
981 3841 1123 3894 misit
1145 3840 1424 3892 Dominum
1446 3841 1877 3907 omnipotentem,
1903 3834 2124 3886 alterum
2141 3843 2282 3888 eum,
2310 3827 2398 3894 qui

874 3933 1123 4013 mittitur,
1154 3929 1391 3998 ejusdem
1423 3944 1544 3982 cum
1577 3943 1640 3982 eo
1669 3926 1759 3995 qui
1790 3924 1936 3978 misit
1963 3921 2212 3975 nominis.
2241 3916 2400 3985 282

874 4010 1042 4091 Quem
1076 4035 1237 4090 porro
1280 4020 1442 4071 alium
1491 4018 1691 4072 dixeris
1724 4030 1844 4070 eum
1885 4012 1973 4081 qui
2018 4008 2263 4067 mittitur,
2293 4006 2400 4058 nisi

873 4090 994 4169 eum
1024 4126 1180 4181 quem
1210 4116 1333 4162 ante
1374 4124 1474 4162 nos
1519 4108 1760 4177 pluribus
1810 4090 2186 4171 appellavimus
2235 4093 2398 4148 Deum

875 4204 1130 4265 Verbum,
1163 4199 1252 4269 qui
1298 4214 1325 4251 a
1355 4188 1514 4252 Patre
1547 4199 1770 4252 missum
1809 4210 1867 4248 se
1896 4191 2198 4253 conﬁtetur,
2227 4195 2280 4240 et
2308 4186 2400 4255 qui

875 4291 1156 4347 manifeste
1179 4288 1352 4341 dixit:
1391 4306 1408 4336 ‹
1445 4285 1573 4339 Post
1615 4285 1834 4354 gloriam
1872 4281 2017 4335 misit
2044 4293 2150 4340 me,
2195 4297 2213 4329 ι
2268 4276 2400 4329 illud

2497 3220 2652 3257 σασιν
2712 3201 2922 3260 αὐτοῖς,
2973 3197 3069 3249 καὶ
3126 3194 3340 3263 γνώσεε

2494 3291 2707 3362 κράτωρ
2743 3283 3107 3353 ἐξαπέσταλκέ
3156 3300 3252 3353 με.
3300 3302 3320 3334 ι

2494 3382 2703 3454 κράτωρ
2733 3379 2789 3430 ὲν
2816 3375 3021 3437 τούτοις
3057 3373 3260 3426 ἑαυτὸν
3301 3375 3340 3425 ἀ

2496 3470 2875 3526 ἀποστείλαντα
2891 3505 2905 3528 ,
2964 3466 3113 3527 ὅστις
3161 3463 3279 3534 εἴη,

2495 3559 2801 3631 γνώσεσθε,
2851 3557 2932 3609 ὅτι
2981 3554 3193 3624 Κύριος
3252 3571 3338 3606 πα

2499 3670 2584 3723 με.
2618 3671 2636 3702 ι
2682 3648 2886 3704 Οὐκοῦν
2937 3646 3027 3700 καὶ
3067 3644 3317 3698 ἐνταῦθα

2496 3740 2800 3813 χρωμένους
2828 3735 3194 3808 προσηγορίᾳ,
3223 3735 3323 3788 τόν

2498 3829 2927 3899 παντοκράτορα.
2955 3826 3050 3879 καὶ
3076 3825 3169 3878 τὸν
3194 3826 3340 3878 artos

2496 3920 2890 3975 ἀποστείλαντι.
2925 3916 3057 3968 Τίνα
3082 3916 3127 3968 δ’
3163 3915 3235 3968 ἂν
3268 3916 3337 3968 ’ἐτ

2496 4010 2741 4080 λόμενον,
2787 4009 2820 4078 ἢ
2864 4007 2953 4059 τὸν
3003 4005 3093 4058 διὰ
3141 4005 3340 4058 πλειόν

2495 4102 2624 4155 Θεὸν
2672 4100 2874 4168 Λόγον,
2919 4097 3052 4168 πρὸς
3097 4096 3197 4150 τοῦ
3241 4098 3339 4150 Ila

2496 4191 2691 4260 γοῦντα
2713 4232 2726 4252 ,
2764 4187 2945 4258 σαφῶς
2976 4187 3032 4239 δὲ
3102 4188 3339 4258 είρηκὸτ

2497 4280 2720 4334 έσταλκέ
2756 4297 2842 4348 με,
2876 4298 2893 4330 ι
2931 4276 3218 4347 δηλοῦντα,
3256 4279 3340 4331 ὅτι

874 4381 1087 4436 interim
1115 4378 1440 4448 significans,
1470 4376 1609 4444 quod
1639 4374 1731 4442 qui
1761 4379 1915 4425 antea
1945 4368 2104 4423 fuerit
2137 4368 2188 4421 in
2228 4367 2350 4436 glori

1863 4386 1915 4425 ea
1945 4368 2104 4423 fuerit
2137 4368 2188 4421 in
2228 4367 2397 4436 gloria
2427 4370 2646 4456 Nmpe
2674 4368 2751 4438 τῷ
2778 4369 2970 4439 Ila-cpi,
3011 4367 3154 4437 μετὰ
3180 4369 3339 4424 ταῦτς

875 4472 1014 4543 apud
1069 4470 1331 4529 Patrem,
1399 4472 1581 4533 postea
1646 4464 1843 4516 missus
1914 4460 1984 4514 sit
2045 4458 2111 4512 ad
2175 4464 2394 4528 gentes,

875 4579 993 4633 qua:
1027 4558 1373 4631 spoliaverint
1396 4555 1527 4609 vos?
1544 4555 1677 4607 Cum
1699 4553 1836 4607 enim
1862 4551 1925 4604 ad
1959 4566 2050 4605 eas
2075 4557 2259 4619 gentes
2281 4564 2399 4618 qua:

874 4652 1025 4723 prius
1057 4649 1251 4719 populo
1286 4645 1377 4699 Dei
1420 4643 1655 4697 adversa:
1706 4641 2038 4708 inimicaque
2067 4645 2239 4700 erant,
2270 4637 2401 4690 mis-

876 4759 992 4798 sum
1025 4742 1094 4795 sit
1122 4738 1213 4792 Dei
1248 4735 1496 4795 Verbum,
1527 4734 1623 4787 bas
1655 4733 1798 4801 ipsas
1844 4731 1945 4785 sibi
1992 4730 2095 4800 ipsi
2149 4728 2396 4797 subjecit,

876 4832 1088 4886 easdem
1125 4844 1218 4899 per
1243 4841 1370 4881 suos
1406 4823 1698 4892 discipulos
1720 4821 2076 4889 depraedatus,
2097 4821 2188 4890 qui
2224 4818 2398 4888 portio

876 4923 1114 4986 quaetam
1152 4925 1305 4972 erant
1333 4917 1476 4970 illius
1505 4914 1685 4984 populi
1717 4914 1806 4982 qui
1839 4915 1903 4965 ad
1936 4910 2398 4966 circumcisionem

881 5008 1123 5073 pertinet,
1151 5023 1305 5075 quem
1350 5004 1615 5074 quondam
1666 5003 1721 5055 in
1753 5002 2058 5056 servitutem
2083 4999 2401 5068 redegerunt

881 5098 1081 5158 gentes,
1117 5108 1232 5157 qua:
1263 5095 1436 5158 ipsum
1482 5092 1628 5145 illum
1662 5106 1759 5146 suo
1805 5091 2210 5145 simulacrorum
2253 5086 2399 5140 cultu

881 5176 1193 5245 depraedatae
1218 5180 1449 5235 fuerunt.
1482 5181 1605 5236 Haec
1637 5182 1800 5253 igitur
1835 5194 2087 5250 passurus
2115 5177 2243 5231 dicit
2269 5190 2399 5244 gen-

882 5276 963 5320 tes
993 5280 1128 5335 quas
1154 5266 1432 5328 disposuit.
1468 5272 1618 5324 Sicut
1660 5273 1801 5328 enim
1854 5272 1956 5324 illa:
2005 5268 2257 5338 populum
2310 5262 2401 5316 Dei

884 5370 912 5406 ³
935 5352 1104 5423 Dama
1130 5352 1320 5418 Pietate
1346 5369 1407 5405 ac
1436 5358 1686 5423 religione
1714 5367 2031 5422 avertentes,
2062 5357 2230 5426 Spolia
2277 5367 2402 5422 pro-

884 5444 1017 5538 priis
1045 5441 1389 5538 diffitlonibus
1421 5441 1572 5498 factae
1599 5456 1742 5514 sunt,
1794 5453 1867 5506 ita
1896 5449 2213 5521 quandoque
2241 5445 2401 5500 etiam

819 5546 826 5554 '
882 5534 1011 5603 ipsa:
1032 5528 1209 5600 patrio
1236 5528 1641 5587 simulacrorum
1673 5540 1817 5594 cultu
1849 5543 1917 5597 ab
1938 5542 2005 5596 iis
2031 5539 2121 5610 qui
2142 5536 2276 5608 ipsis
2304 5550 2402 5589 an-

950 5686 994 5718 "
1019 5678 1180 5737 Zacb.
1203 5692 1261 5743 tl,
1288 5679 1338 5746 8,
1369 5680 1400 5737 9

2497 4462 2565 4513 τὰ
2627 4458 2990 4511 σκυλεύσαντα
3054 4458 3245 4527 ύμᾶςς
3296 4461 3340 4512 Ἱ

2499 4550 2598 4623 θρὰ
2639 4550 2730 4602 καὶ
2773 4547 3005 4616 πολέμια
3056 4548 3156 4600 τοῦ
3190 4549 3331 4603 λαοῦ

2499 4640 2607 4701 λεὶς
2642 4640 2669 4690 ὁ
2707 4636 2798 4689 τοῦ
2845 4635 2979 4688 Θεοῦ
3024 4638 3201 4705 Λόγος
3225 4678 3240 4700 ,
3279 4659 3340 4692 το

2501 4728 2792 4789 σκυλεύσας
2812 4727 2950 4778 αύτὰ
2969 4727 3057 4780 διὰ
3085 4730 3196 4782 τῶν
3222 4733 3340 4785 αύτα

2506 4821 2664 4891 μέρος
2693 4818 2785 4871 τοῦ
2811 4818 2881 4870 ἐκ
2909 4822 3220 4892 περιτομῆς
3252 4824 3340 4877 λαι

2501 4908 2755 4961 δούλωντο
2779 4907 2845 4959 τὰ
2866 4906 3023 4978 ἔθνη,
3045 4910 3340 4965 σκυλεύσα·

2502 4997 2799 5069 λολατρείᾳ.
2838 4997 2994 5052 Τοῦτ’
3025 4995 3120 5053 οὖν
3155 5020 3293 5073 φησι
3330 5023 3340 5054 ‹

2500 5085 2844 5140 διατέθεικεν.
2873 5088 2961 5150 Ὠς
2982 5089 3093 5161 γὰρ
3107 5090 3203 5143 τὸν
3230 5092 3340 5145 λαὸτ

2501 5177 2778 5242 εὐσεϐείας
2812 5182 3279 5254 μεταστησάμενα
3300 5226 3314 5251 ,

2507 5270 2875 5340 κατεστήσατο
2890 5309 2903 5333 ,
2965 5271 3110 5326 οὕτω
3163 5275 3297 5328 ποτὲ

2506 5357 2942 5437 είδωλολατρείας
2970 5364 3107 5435 πρὸς
3139 5366 3249 5421 τῶν
3284 5386 3340 5423 πί

2509 5447 2951 5526 σκυλευθήσεται,
2973 5456 3071 5509 καὶ
3090 5456 3197 5511 ὑπὸ
3222 5460 3317 5513 τὸν

2505 5538 2788 5612 εὐσεϐείας
2837 5550 3264 5620 μεταστήσεται.
3299 5554 3340 5607 Τ
