  <div class='ocr_page' id='page_1' title='image "/cluster/home/n/w/nwhite01/storage/ocr_20150623/22 (Eusebius; pt. 4)/nyp.33433081862355/245.png"; bbox 0 0 3738 6300; ppageno 0'>
   <div class='ocr_carea' id='block_1_1' title="bbox 869 411 971 465">
    <p class='ocr_par' dir='ltr' id='par_1_1' title="bbox 869 411 971 465">
     <span class='ocr_line' id='line_1_1' title="bbox 869 411 971 465; baseline -0.029 1"><span class='ocrx_word' id='word_1_1' title='bbox 869 411 971 465; x_wconf 65' lang='grc'><strong>447</strong></span> 
     </span>
    </p>
   </div>
   <div class='ocr_carea' id='block_1_2' title="bbox 1511 366 3346 454">
    <p class='ocr_par' dir='ltr' id='par_1_2' title="bbox 1511 366 3346 454">
     <span class='ocr_line' id='line_1_2' title="bbox 1511 366 3346 454; baseline -0.019 -2"><span class='ocrx_word' id='word_1_2' title='bbox 1511 393 1776 454; x_wconf 81' lang='lat' dir='ltr'><strong>EUSEBII</strong></span> <span class='ocrx_word' id='word_1_3' title='bbox 1811 381 2275 447; x_wconf 66' lang='lat' dir='ltr'><strong>CASSARIENSIS</strong></span> <span class='ocrx_word' id='word_1_4' title='bbox 2310 379 2456 436; x_wconf 85' lang='lat' dir='ltr'><strong>OPP.</strong></span> <span class='ocrx_word' id='word_1_5' title='bbox 2492 375 2666 431; x_wconf 81' lang='lat' dir='ltr'><strong>PARS</strong></span> <span class='ocrx_word' id='word_1_6' title='bbox 2698 375 2764 428; x_wconf 87' lang='lat' dir='ltr'><strong>ll.</strong></span> <span class='ocrx_word' id='word_1_7' title='bbox 2800 403 2871 415; x_wconf 90' lang='lat'><strong>—-</strong></span> <span class='ocrx_word' id='word_1_8' title='bbox 2906 366 3346 427; x_wconf 69' lang='lat' dir='ltr'><strong>APOLOGETlCJ</strong></span> 
     </span>
    </p>
   </div>
   <div class='ocr_carea' id='block_1_3' title="bbox 868 479 2344 597">
    <p class='ocr_par' dir='ltr' id='par_1_3' title="bbox 868 497 2344 597">
     <span class='ocr_line' id='line_1_3' title="bbox 868 497 2344 597; baseline -0.023 -15"><span class='ocrx_word' id='word_1_9' title='bbox 868 527 1022 597; x_wconf 74' lang='lat'><strong>231</strong></span> <span class='ocrx_word' id='word_1_10' title='bbox 1053 520 1311 588; x_wconf 86' lang='lat' dir='ltr'><strong>Deinceps</strong></span> <span class='ocrx_word' id='word_1_11' title='bbox 1339 513 1615 584; x_wconf 84' lang='lat' dir='ltr'><strong>adjungit:</strong></span> <span class='ocrx_word' id='word_1_12' title='bbox 1654 528 1673 561; x_wconf 79' lang='grc' dir='ltr'><strong>ι</strong></span> <span class='ocrx_word' id='word_1_13' title='bbox 1703 505 1995 576; x_wconf 85' lang='lat' dir='ltr'><strong>C00peruit</strong></span> <span class='ocrx_word' id='word_1_14' title='bbox 2027 501 2192 555; x_wconf 71' lang='lat' dir='ltr'><strong>cmlos</strong></span> <span class='ocrx_word' id='word_1_15' title='bbox 2219 497 2344 550; x_wconf 69' lang='lat' dir='ltr'><strong>virtu</strong></span> 
     </span>
    </p>
   </div>
   <div class='ocr_carea' id='block_1_4' title="bbox 1869 479 3345 597">
    <p class='ocr_par' dir='ltr' id='par_1_4' title="bbox 1869 479 3345 597">
     <span class='ocr_line' id='line_1_4' title="bbox 1869 479 3345 564; baseline -0.02 -4"><span class='ocrx_word' id='word_1_16' title='bbox 1869 505 1995 564; x_wconf 65' lang='lat' dir='ltr'><strong>aruit</strong></span> <span class='ocrx_word' id='word_1_17' title='bbox 2027 501 2192 555; x_wconf 69' lang='lat' dir='ltr'><strong>cmlos</strong></span> <span class='ocrx_word' id='word_1_18' title='bbox 2219 497 2392 550; x_wconf 88' lang='lat' dir='ltr'><strong>virtus</strong></span> <span class='ocrx_word' id='word_1_19' title='bbox 2421 503 2463 559; x_wconf 78' lang='grc' dir='ltr'>Α</span> <span class='ocrx_word' id='word_1_20' title='bbox 2492 493 2748 564; x_wconf 83' lang='grc' dir='ltr'>ἁοράτους</span> <span class='ocrx_word' id='word_1_21' title='bbox 2778 490 2871 542; x_wconf 68' lang='grc' dir='ltr'>καὶ</span> <span class='ocrx_word' id='word_1_22' title='bbox 2902 481 3273 552; x_wconf 81' lang='grc' dir='ltr'><strong>ἀντικειμένας</strong></span> <span class='ocrx_word' id='word_1_23' title='bbox 3326 479 3345 530; x_wconf 78' lang='grc' dir='ltr'><strong>ε</strong></span> 
     </span>
     <span class='ocr_line' id='line_1_5' title="bbox 2064 567 3337 597; baseline -0.016 18"><span class='ocrx_word' id='word_1_24' title='bbox 2064 592 2077 597; x_wconf 92' lang='grc'><strong>-</strong></span> <span class='ocrx_word' id='word_1_25' title='bbox 2170 587 2184 597; x_wconf 89' lang='grc'><strong>·</strong></span> <span class='ocrx_word' id='word_1_26' title='bbox 2305 585 2318 597; x_wconf 88' lang='grc'><strong>·</strong></span> <span class='ocrx_word' id='word_1_27' title='bbox 2659 579 2704 597; x_wconf 76' lang='lat' dir='ltr'><strong>u-</strong></span> <span class='ocrx_word' id='word_1_28' title='bbox 2846 574 3116 597; x_wconf 41' lang='lat'><strong>1-3-4-.-.</strong></span> <span class='ocrx_word' id='word_1_29' title='bbox 3186 567 3337 597; x_wconf 49' lang='lat' dir='ltr'><strong>vium}</strong></span> 
     </span>
    </p>
   </div>
   <div class='ocr_carea' id='block_1_5' title="bbox 867 585 2389 687">
    <p class='ocr_par' dir='ltr' id='par_1_5' title="bbox 867 585 2389 687">
     <span class='ocr_line' id='line_1_6' title="bbox 867 585 2389 687; baseline -0.022 -15"><span class='ocrx_word' id='word_1_30' title='bbox 867 585 1077 687; x_wconf 45' lang='lat' dir='ltr'><strong>517s}:</strong></span> <span class='ocrx_word' id='word_1_31' title='bbox 1098 585 1271 664; x_wconf 81' lang='lat' dir='ltr'><strong>laudis</strong></span> <span class='ocrx_word' id='word_1_32' title='bbox 1299 609 1415 677; x_wconf 86' lang='lat' dir='ltr'><strong>ejus</strong></span> <span class='ocrx_word' id='word_1_33' title='bbox 1443 606 1597 673; x_wconf 83' lang='lat' dir='ltr'><strong>plena</strong></span> <span class='ocrx_word' id='word_1_34' title='bbox 1628 607 1711 655; x_wconf 90' lang='lat' dir='ltr'><strong>est</strong></span> <span class='ocrx_word' id='word_1_35' title='bbox 1737 609 1900 658; x_wconf 90' lang='lat' dir='ltr'><strong>terra,</strong></span> <span class='ocrx_word' id='word_1_36' title='bbox 1923 602 1975 648; x_wconf 89' lang='lat' dir='ltr'><strong>et</strong></span> <span class='ocrx_word' id='word_1_37' title='bbox 2000 587 2253 661; x_wconf 81' lang='lat' dir='ltr'><strong>splendor</strong></span> <span class='ocrx_word' id='word_1_38' title='bbox 2273 585 2389 654; x_wconf 87' lang='lat' dir='ltr'><strong>ejus</strong></span> 
     </span>
    </p>
   </div>
   <div class='ocr_carea' id='block_1_6' title="bbox 866 675 2390 759">
    <p class='ocr_par' dir='ltr' id='par_1_6' title="bbox 866 675 2390 759">
     <span class='ocr_line' id='line_1_7' title="bbox 866 675 2390 759; baseline -0.02 -1"><span class='ocrx_word' id='word_1_39' title='bbox 866 675 924 759; x_wconf 68' lang='lat' dir='ltr'><strong>ut</strong></span> <span class='ocrx_word' id='word_1_40' title='bbox 957 675 1131 755; x_wconf 87' lang='lat' dir='ltr'><strong>lumen</strong></span> <span class='ocrx_word' id='word_1_41' title='bbox 1158 699 1279 753; x_wconf 89' lang='lat' dir='ltr'><strong>erit.</strong></span> <span class='ocrx_word' id='word_1_42' title='bbox 1312 675 1340 748; x_wconf 67' lang='grc' dir='ltr'><strong>ι⁷</strong></span> <span class='ocrx_word' id='word_1_43' title='bbox 1366 694 1570 759; x_wconf 82' lang='lat' dir='ltr'><strong>Quibus</strong></span> <span class='ocrx_word' id='word_1_44' title='bbox 1591 691 1772 758; x_wconf 77' lang='lat' dir='ltr'><strong>utique</strong></span> <span class='ocrx_word' id='word_1_45' title='bbox 1799 684 1996 744; x_wconf 87' lang='lat' dir='ltr'><strong>verbis,</strong></span> <span class='ocrx_word' id='word_1_46' title='bbox 2021 678 2179 735; x_wconf 89' lang='lat' dir='ltr'><strong>simul</strong></span> <span class='ocrx_word' id='word_1_47' title='bbox 2204 684 2256 730; x_wconf 90' lang='lat' dir='ltr'><strong>et</strong></span> <span class='ocrx_word' id='word_1_48' title='bbox 2276 675 2390 745; x_wconf 82' lang='lat' dir='ltr'><strong>glo-</strong></span> 
     </span>
    </p>
   </div>
   <div class='ocr_carea' id='block_1_7' title="bbox 863 775 2392 859">
    <p class='ocr_par' dir='ltr' id='par_1_7' title="bbox 863 775 2392 859">
     <span class='ocr_line' id='line_1_8' title="bbox 863 775 2392 859; baseline -0.02 -9"><span class='ocrx_word' id='word_1_49' title='bbox 863 798 1062 852; x_wconf 84' lang='lat' dir='ltr'><strong>riosum</strong></span> <span class='ocrx_word' id='word_1_50' title='bbox 1105 792 1224 859; x_wconf 87' lang='lat' dir='ltr'><strong>ejus</strong></span> <span class='ocrx_word' id='word_1_51' title='bbox 1279 789 1334 842; x_wconf 88' lang='lat' dir='ltr'><strong>in</strong></span> <span class='ocrx_word' id='word_1_52' title='bbox 1382 788 1518 842; x_wconf 69' lang='lat' dir='ltr'><strong>coelo</strong></span> <span class='ocrx_word' id='word_1_53' title='bbox 1551 797 1773 853; x_wconf 79' lang='lat' dir='ltr'><strong>regnum</strong></span> <span class='ocrx_word' id='word_1_54' title='bbox 1820 775 2143 837; x_wconf 88' lang='lat' dir='ltr'><strong>ostenditur,</strong></span> <span class='ocrx_word' id='word_1_55' title='bbox 2190 778 2244 825; x_wconf 90' lang='lat' dir='ltr'><strong>et</strong></span> <span class='ocrx_word' id='word_1_56' title='bbox 2273 783 2392 837; x_wconf 70' lang='lat' dir='ltr'><strong>qua:</strong></span> 
     </span>
    </p>
   </div>
   <div class='ocr_carea' id='block_1_8' title="bbox 864 860 2390 958">
    <p class='ocr_par' dir='ltr' id='par_1_8' title="bbox 864 860 2390 958">
     <span class='ocr_line' id='line_1_9' title="bbox 864 860 2390 958; baseline -0.02 -17"><span class='ocrx_word' id='word_1_57' title='bbox 864 886 1089 958; x_wconf 84' lang='lat' dir='ltr'><strong>posthac</strong></span> <span class='ocrx_word' id='word_1_58' title='bbox 1121 882 1299 936; x_wconf 82' lang='lat' dir='ltr'><strong>futura</strong></span> <span class='ocrx_word' id='word_1_59' title='bbox 1329 888 1430 942; x_wconf 88' lang='lat' dir='ltr'><strong>est,</strong></span> <span class='ocrx_word' id='word_1_60' title='bbox 1463 876 1779 945; x_wconf 81' lang='lat' dir='ltr'><strong>longiusque</strong></span> <span class='ocrx_word' id='word_1_61' title='bbox 1807 871 2084 927; x_wconf 87' lang='lat' dir='ltr'><strong>duratura,</strong></span> <span class='ocrx_word' id='word_1_62' title='bbox 2135 870 2294 930; x_wconf 90' lang='lat' dir='ltr'><strong>atque</strong></span> <span class='ocrx_word' id='word_1_63' title='bbox 2335 860 2390 912; x_wconf 89' lang='lat' dir='ltr'><strong>in</strong></span> 
     </span>
    </p>
   </div>
   <div class='ocr_carea' id='block_1_9' title="bbox 862 948 2391 1038">
    <p class='ocr_par' dir='ltr' id='par_1_9' title="bbox 862 948 2391 1038">
     <span class='ocr_line' id='line_1_10' title="bbox 862 948 2391 1038; baseline -0.02 -8"><span class='ocrx_word' id='word_1_64' title='bbox 862 991 1071 1030; x_wconf 90' lang='lat' dir='ltr'><strong>omnem</strong></span> <span class='ocrx_word' id='word_1_65' title='bbox 1099 980 1296 1026; x_wconf 85' lang='lat' dir='ltr'><strong>terram</strong></span> <span class='ocrx_word' id='word_1_66' title='bbox 1340 972 1703 1038; x_wconf 89' lang='lat' dir='ltr'><strong>penetratura,</strong></span> <span class='ocrx_word' id='word_1_67' title='bbox 1736 960 2013 1020; x_wconf 62' lang='lat' dir='ltr'><strong>doctrinae,</strong></span> <span class='ocrx_word' id='word_1_68' title='bbox 2046 968 2165 1023; x_wconf 73' lang='lat' dir='ltr'><strong>qua:</strong></span> <span class='ocrx_word' id='word_1_69' title='bbox 2201 951 2268 1004; x_wconf 90' lang='lat' dir='ltr'><strong>de</strong></span> <span class='ocrx_word' id='word_1_70' title='bbox 2299 948 2391 1001; x_wconf 92' lang='lat' dir='ltr'><strong>illo</strong></span> 
     </span>
    </p>
   </div>
   <div class='ocr_carea' id='block_1_10' title="bbox 863 1039 2391 1126">
    <p class='ocr_par' dir='ltr' id='par_1_10' title="bbox 863 1039 2391 1126">
     <span class='ocr_line' id='line_1_11' title="bbox 863 1039 2391 1126; baseline -0.02 -7"><span class='ocrx_word' id='word_1_71' title='bbox 863 1066 1051 1126; x_wconf 80' lang='lat' dir='ltr'><strong>fertur,</strong></span> <span class='ocrx_word' id='word_1_72' title='bbox 1085 1060 1336 1114; x_wconf 80' lang='lat' dir='ltr'><strong>laudatio.</strong></span> <span class='ocrx_word' id='word_1_73' title='bbox 1358 1056 1492 1110; x_wconf 84' lang='lat' dir='ltr'><strong>Illud</strong></span> <span class='ocrx_word' id='word_1_74' title='bbox 1521 1063 1734 1108; x_wconf 90' lang='lat' dir='ltr'><strong>autem:</strong></span> <span class='ocrx_word' id='word_1_75' title='bbox 1775 1069 1793 1101; x_wconf 69' lang='grc' dir='ltr'><strong>ε</strong></span> <span class='ocrx_word' id='word_1_76' title='bbox 1829 1048 2043 1103; x_wconf 86' lang='lat' dir='ltr'><strong>Cornua</strong></span> <span class='ocrx_word' id='word_1_77' title='bbox 2068 1045 2120 1096; x_wconf 90' lang='lat' dir='ltr'><strong>in</strong></span> <span class='ocrx_word' id='word_1_78' title='bbox 2141 1039 2391 1094; x_wconf 86' lang='lat' dir='ltr'><strong>manibus</strong></span> 
     </span>
    </p>
   </div>
   <div class='ocr_carea' id='block_1_11' title="bbox 863 1126 2391 1225">
    <p class='ocr_par' dir='ltr' id='par_1_11' title="bbox 863 1126 2391 1225">
     <span class='ocr_line' id='line_1_12' title="bbox 863 1126 2391 1225; baseline -0.022 -15"><span class='ocrx_word' id='word_1_79' title='bbox 863 1156 1000 1225; x_wconf 87' lang='lat' dir='ltr'><strong>ejus,</strong></span> <span class='ocrx_word' id='word_1_80' title='bbox 1044 1172 1061 1204; x_wconf 73' lang='grc' dir='ltr'><strong>ι</strong></span> <span class='ocrx_word' id='word_1_81' title='bbox 1098 1150 1248 1220; x_wconf 83' lang='lat' dir='ltr'><strong>regni</strong></span> <span class='ocrx_word' id='word_1_82' title='bbox 1279 1149 1394 1217; x_wconf 89' lang='lat' dir='ltr'><strong>ejus</strong></span> <span class='ocrx_word' id='word_1_83' title='bbox 1429 1143 1652 1213; x_wconf 82' lang='lat' dir='ltr'><strong>insignia</strong></span> <span class='ocrx_word' id='word_1_84' title='bbox 1682 1150 1733 1195; x_wconf 89' lang='lat' dir='ltr'><strong>et</strong></span> <span class='ocrx_word' id='word_1_85' title='bbox 1764 1146 1920 1192; x_wconf 83' lang='lat' dir='ltr'><strong>notas</strong></span> <span class='ocrx_word' id='word_1_86' title='bbox 1952 1131 2236 1202; x_wconf 83' lang='lat' dir='ltr'><strong>signiﬁcat,</strong></span> <span class='ocrx_word' id='word_1_87' title='bbox 2268 1126 2391 1195; x_wconf 89' lang='lat' dir='ltr'><strong>qui-</strong></span> 
     </span>
    </p>
   </div>
   <div class='ocr_carea' id='block_1_12' title="bbox 862 1224 2388 1300">
    <p class='ocr_par' dir='ltr' id='par_1_12' title="bbox 862 1224 2388 1300">
     <span class='ocr_line' id='line_1_13' title="bbox 862 1224 2388 1300; baseline -0.021 0"><span class='ocrx_word' id='word_1_88' title='bbox 862 1224 964 1300; x_wconf 83' lang='lat' dir='ltr'><strong>bus</strong></span> <span class='ocrx_word' id='word_1_89' title='bbox 1009 1241 1284 1300; x_wconf 87' lang='lat' dir='ltr'><strong>cornibus,</strong></span> <span class='ocrx_word' id='word_1_90' title='bbox 1334 1235 1627 1290; x_wconf 83' lang='lat' dir='ltr'><strong>invisibiles</strong></span> <span class='ocrx_word' id='word_1_91' title='bbox 1658 1243 1817 1299; x_wconf 85' lang='lat' dir='ltr'><strong>atque</strong></span> <span class='ocrx_word' id='word_1_92' title='bbox 1844 1227 2193 1280; x_wconf 85' lang='lat' dir='ltr'><strong>adversantes</strong></span> <span class='ocrx_word' id='word_1_93' title='bbox 2233 1224 2388 1286; x_wconf 90' lang='lat' dir='ltr'><strong>pote-</strong></span> 
     </span>
    </p>
   </div>
   <div class='ocr_carea' id='block_1_13' title="bbox 863 1306 2392 1401">
    <p class='ocr_par' dir='ltr' id='par_1_13' title="bbox 863 1306 2392 1401">
     <span class='ocr_line' id='line_1_14' title="bbox 863 1306 2392 1401; baseline -0.021 -12"><span class='ocrx_word' id='word_1_94' title='bbox 863 1342 1028 1389; x_wconf 87' lang='lat' dir='ltr'><strong>states</strong></span> <span class='ocrx_word' id='word_1_95' title='bbox 1058 1331 1343 1401; x_wconf 89' lang='lat' dir='ltr'><strong>repellens,</strong></span> <span class='ocrx_word' id='word_1_96' title='bbox 1372 1334 1425 1381; x_wconf 92' lang='lat' dir='ltr'><strong>et</strong></span> <span class='ocrx_word' id='word_1_97' title='bbox 1453 1325 1621 1377; x_wconf 84' lang='lat' dir='ltr'><strong>victas</strong></span> <span class='ocrx_word' id='word_1_98' title='bbox 1662 1320 1911 1375; x_wconf 82' lang='lat' dir='ltr'><strong>obtinens</strong></span> <span class='ocrx_word' id='word_1_99' title='bbox 1970 1312 2157 1381; x_wconf 81' lang='lat' dir='ltr'><strong>abigit.</strong></span> <span class='ocrx_word' id='word_1_100' title='bbox 2189 1306 2392 1362; x_wconf 87' lang='lat' dir='ltr'><strong>Ordine</strong></span> 
     </span>
    </p>
   </div>
   <div class='ocr_carea' id='block_1_14' title="bbox 863 1396 2392 1490">
    <p class='ocr_par' dir='ltr' id='par_1_14' title="bbox 863 1396 2392 1490">
     <span class='ocr_line' id='line_1_15' title="bbox 863 1396 2392 1490; baseline -0.021 -12"><span class='ocrx_word' id='word_1_101' title='bbox 863 1427 947 1478; x_wconf 79' lang='lat' dir='ltr'><strong>bis</strong></span> <span class='ocrx_word' id='word_1_102' title='bbox 971 1396 1224 1490; x_wconf 67' lang='lat' dir='ltr'><strong>deinceps</strong></span> <span class='ocrx_word' id='word_1_103' title='bbox 1253 1416 1530 1487; x_wconf 87' lang='lat' dir='ltr'><strong>adjungit:</strong></span> <span class='ocrx_word' id='word_1_104' title='bbox 1564 1433 1583 1463; x_wconf 75' lang='grc' dir='ltr'><strong>ι</strong></span> <span class='ocrx_word' id='word_1_105' title='bbox 1616 1411 1680 1465; x_wconf 89' lang='lat' dir='ltr'><strong>Et</strong></span> <span class='ocrx_word' id='word_1_106' title='bbox 1700 1409 1878 1480; x_wconf 89' lang='lat' dir='ltr'><strong>posuit</strong></span> <span class='ocrx_word' id='word_1_107' title='bbox 1905 1403 2245 1460; x_wconf 86' lang='lat' dir='ltr'><strong>dilectionem</strong></span> <span class='ocrx_word' id='word_1_108' title='bbox 2283 1396 2392 1449; x_wconf 83' lang='lat' dir='ltr'><strong>for—</strong></span> 
     </span>
    </p>
   </div>
   <div class='ocr_carea' id='block_1_15' title="bbox 862 1485 2391 1568">
    <p class='ocr_par' dir='ltr' id='par_1_15' title="bbox 862 1485 2391 1568">
     <span class='ocr_line' id='line_1_16' title="bbox 862 1485 2391 1568; baseline -0.02 1"><span class='ocrx_word' id='word_1_109' title='bbox 862 1521 969 1568; x_wconf 87' lang='lat' dir='ltr'><strong>tem</strong></span> <span class='ocrx_word' id='word_1_110' title='bbox 1001 1511 1211 1565; x_wconf 88' lang='lat' dir='ltr'><strong>roboris</strong></span> <span class='ocrx_word' id='word_1_111' title='bbox 1258 1508 1361 1562; x_wconf 91' lang='lat' dir='ltr'><strong>sui.</strong></span> <span class='ocrx_word' id='word_1_112' title='bbox 1416 1485 1435 1557; x_wconf 57' lang='grc' dir='ltr'><em>ί</em></span> <span class='ocrx_word' id='word_1_113' title='bbox 1480 1505 1544 1558; x_wconf 85' lang='lat' dir='ltr'><strong>Et</strong></span> <span class='ocrx_word' id='word_1_114' title='bbox 1590 1516 1718 1556; x_wconf 90' lang='lat' dir='ltr'><strong>sane</strong></span> <span class='ocrx_word' id='word_1_115' title='bbox 1744 1493 2070 1551; x_wconf 81' lang='lat' dir='ltr'><strong>vehementis</strong></span> <span class='ocrx_word' id='word_1_116' title='bbox 2093 1485 2391 1543; x_wconf 81' lang='lat' dir='ltr'><strong>aﬂ‘ectionis</strong></span> 
     </span>
    </p>
   </div>
   <div class='ocr_carea' id='block_1_16' title="bbox 863 1575 2392 1674">
    <p class='ocr_par' dir='ltr' id='par_1_16' title="bbox 863 1575 2392 1674">
     <span class='ocr_line' id='line_1_17' title="bbox 863 1575 2392 1674; baseline -0.022 -15"><span class='ocrx_word' id='word_1_117' title='bbox 863 1604 982 1674; x_wconf 87' lang='lat' dir='ltr'><strong>ejus</strong></span> <span class='ocrx_word' id='word_1_118' title='bbox 1012 1617 1074 1655; x_wconf 89' lang='lat' dir='ltr'><strong>ac</strong></span> <span class='ocrx_word' id='word_1_119' title='bbox 1104 1597 1406 1653; x_wconf 83' lang='lat' dir='ltr'><strong>dilectionis</strong></span> <span class='ocrx_word' id='word_1_120' title='bbox 1433 1608 1557 1662; x_wconf 89' lang='lat' dir='ltr'><strong>erga</strong></span> <span class='ocrx_word' id='word_1_121' title='bbox 1606 1590 1851 1645; x_wconf 86' lang='lat' dir='ltr'><strong>homines</strong></span> <span class='ocrx_word' id='word_1_122' title='bbox 1905 1582 2159 1638; x_wconf 90' lang='lat' dir='ltr'><strong>indicium</strong></span> <span class='ocrx_word' id='word_1_123' title='bbox 2221 1575 2392 1630; x_wconf 83' lang='lat' dir='ltr'><strong>maxi-</strong></span> 
     </span>
    </p>
   </div>
   <div class='ocr_carea' id='block_1_17' title="bbox 865 1668 2390 1757">
    <p class='ocr_par' dir='ltr' id='par_1_17' title="bbox 865 1668 2390 1757">
     <span class='ocr_line' id='line_1_18' title="bbox 865 1668 2390 1757; baseline -0.021 -8"><span class='ocrx_word' id='word_1_124' title='bbox 865 1709 1009 1749; x_wconf 86' lang='lat' dir='ltr'><strong>mum</strong></span> <span class='ocrx_word' id='word_1_125' title='bbox 1042 1691 1224 1753; x_wconf 81' lang='lat' dir='ltr'><strong>fuerit,</strong></span> <span class='ocrx_word' id='word_1_126' title='bbox 1246 1687 1386 1757; x_wconf 88' lang='lat' dir='ltr'><strong>quod</strong></span> <span class='ocrx_word' id='word_1_127' title='bbox 1430 1692 1553 1737; x_wconf 89' lang='lat' dir='ltr'><strong>ante</strong></span> <span class='ocrx_word' id='word_1_128' title='bbox 1601 1680 1790 1734; x_wconf 77' lang='lat' dir='ltr'><strong>faciem</strong></span> <span class='ocrx_word' id='word_1_129' title='bbox 1817 1676 1933 1746; x_wconf 84' lang='lat' dir='ltr'><strong>ejus</strong></span> <span class='ocrx_word' id='word_1_130' title='bbox 1963 1668 2243 1726; x_wconf 85' lang='lat' dir='ltr'><strong>incesserit</strong></span> <span class='ocrx_word' id='word_1_131' title='bbox 2266 1680 2390 1719; x_wconf 87' lang='lat' dir='ltr'><strong>ver—</strong></span> 
     </span>
    </p>
   </div>
   <div class='ocr_carea' id='block_1_18' title="bbox 863 1757 2388 1843">
    <p class='ocr_par' dir='ltr' id='par_1_18' title="bbox 863 1757 2388 1843">
     <span class='ocr_line' id='line_1_19' title="bbox 863 1757 2388 1843; baseline -0.021 -6"><span class='ocrx_word' id='word_1_132' title='bbox 863 1783 991 1837; x_wconf 87' lang='lat' dir='ltr'><strong>bum</strong></span> <span class='ocrx_word' id='word_1_133' title='bbox 1041 1780 1191 1843; x_wconf 89' lang='lat' dir='ltr'><strong>illud,</strong></span> <span class='ocrx_word' id='word_1_134' title='bbox 1245 1776 1492 1831; x_wconf 84' lang='lat' dir='ltr'><strong>videlicet</strong></span> <span class='ocrx_word' id='word_1_135' title='bbox 1524 1772 1756 1827; x_wconf 88' lang='lat' dir='ltr'><strong>salutare</strong></span> <span class='ocrx_word' id='word_1_136' title='bbox 1805 1776 1963 1834; x_wconf 83' lang='lat' dir='ltr'><strong>atque</strong></span> <span class='ocrx_word' id='word_1_137' title='bbox 2003 1757 2388 1828; x_wconf 87' lang='lat' dir='ltr'><strong>evangelicum,</strong></span> 
     </span>
    </p>
   </div>
   <div class='ocr_carea' id='block_1_19' title="bbox 2489 567 3346 651">
    <p class='ocr_par' dir='ltr' id='par_1_19' title="bbox 2489 567 3346 651">
     <span class='ocr_line' id='line_1_20' title="bbox 2489 567 3346 651; baseline -0.02 -16"><span class='ocrx_word' id='word_1_138' title='bbox 2489 579 2799 651; x_wconf 78' lang='grc' dir='ltr'>κερατίζων,</span> <span class='ocrx_word' id='word_1_139' title='bbox 2835 574 3140 631; x_wconf 84' lang='grc' dir='ltr'>ἀπελαύνει.</span> <span class='ocrx_word' id='word_1_140' title='bbox 3186 567 3346 621; x_wconf 83' lang='grc' dir='ltr'>Ἀκολ</span> 
     </span>
    </p>
   </div>
   <div class='ocr_carea' id='block_1_20' title="bbox 2494 666 3346 735">
    <p class='ocr_par' dir='ltr' id='par_1_20' title="bbox 2494 666 3346 735">
     <span class='ocr_line' id='line_1_21' title="bbox 2494 666 3346 735; baseline -0.018 -10"><span class='ocrx_word' id='word_1_141' title='bbox 2494 693 2511 725; x_wconf 73' lang='grc' dir='ltr'><strong>ι</strong></span> <span class='ocrx_word' id='word_1_142' title='bbox 2553 674 2658 726; x_wconf 72' lang='grc' dir='ltr'>Καὶ</span> <span class='ocrx_word' id='word_1_143' title='bbox 2706 671 2855 723; x_wconf 78' lang='grc' dir='ltr'>ἔθετο</span> <span class='ocrx_word' id='word_1_144' title='bbox 2910 666 3178 735; x_wconf 83' lang='grc' dir='ltr'><strong>ἀγάπησιν</strong></span> <span class='ocrx_word' id='word_1_145' title='bbox 3241 675 3346 729; x_wconf 81' lang='grc' dir='ltr'>κρα</span> 
     </span>
    </p>
   </div>
   <div class='ocr_carea' id='block_1_21' title="bbox 2490 748 3341 829">
    <p class='ocr_par' dir='ltr' id='par_1_21' title="bbox 2490 748 3341 829">
     <span class='ocr_line' id='line_1_22' title="bbox 2490 748 3341 829; baseline -0.021 -13"><span class='ocrx_word' id='word_1_146' title='bbox 2490 763 2596 817; x_wconf 76' lang='grc' dir='ltr'><strong>Καὶ</strong></span> <span class='ocrx_word' id='word_1_147' title='bbox 2646 761 2743 829; x_wconf 82' lang='grc' dir='ltr'>τῆς</span> <span class='ocrx_word' id='word_1_148' title='bbox 2795 774 2859 825; x_wconf 86' lang='grc' dir='ltr'><strong>γε</strong></span> <span class='ocrx_word' id='word_1_149' title='bbox 2921 757 3000 816; x_wconf 83' lang='grc' dir='ltr'>εἰς</span> <span class='ocrx_word' id='word_1_150' title='bbox 3053 748 3341 822; x_wconf 80' lang='grc' dir='ltr'>ἀνθρώπου</span> 
     </span>
    </p>
   </div>
   <div class='ocr_carea' id='block_1_22' title="bbox 2489 842 3346 915">
    <p class='ocr_par' dir='ltr' id='par_1_22' title="bbox 2489 842 3346 915">
     <span class='ocr_line' id='line_1_23' title="bbox 2489 842 3346 915; baseline -0.021 -9"><span class='ocrx_word' id='word_1_151' title='bbox 2489 850 2649 906; x_wconf 80' lang='grc' dir='ltr'>αὑτοῦ</span> <span class='ocrx_word' id='word_1_152' title='bbox 2676 891 2690 915; x_wconf 92' lang='grc'><strong>,</strong></span> <span class='ocrx_word' id='word_1_153' title='bbox 2741 849 2833 902; x_wconf 71' lang='grc' dir='ltr'>καὶ</span> <span class='ocrx_word' id='word_1_154' title='bbox 2897 844 3113 913; x_wconf 80' lang='grc' dir='ltr'><strong>ἀγάπης</strong></span> <span class='ocrx_word' id='word_1_155' title='bbox 3167 842 3346 907; x_wconf 76' lang='grc' dir='ltr'>δεῖγμι</span> 
     </span>
    </p>
   </div>
   <div class='ocr_carea' id='block_1_23' title="bbox 2488 927 3346 1012">
    <p class='ocr_par' dir='ltr' id='par_1_23' title="bbox 2488 927 3346 1012">
     <span class='ocr_line' id='line_1_24' title="bbox 2488 927 3346 1012; baseline -0.021 -18"><span class='ocrx_word' id='word_1_156' title='bbox 2488 939 2770 1012; x_wconf 78' lang='grc' dir='ltr'><strong>προσώπου</strong></span> <span class='ocrx_word' id='word_1_157' title='bbox 2834 933 2998 988; x_wconf 81' lang='grc' dir='ltr'>αὐτοῦ</span> <span class='ocrx_word' id='word_1_158' title='bbox 3056 927 3346 1000; x_wconf 77' lang='grc' dir='ltr'>πορευθῆνε</span> 
     </span>
    </p>
   </div>
   <div class='ocr_carea' id='block_1_24' title="bbox 2491 1018 3341 1102">
    <p class='ocr_par' dir='ltr' id='par_1_24' title="bbox 2491 1018 3341 1102">
     <span class='ocr_line' id='line_1_25' title="bbox 2491 1018 3341 1102; baseline -0.022 -16"><span class='ocrx_word' id='word_1_159' title='bbox 2491 1032 2745 1102; x_wconf 75' lang='grc' dir='ltr'>σωτήριον</span> <span class='ocrx_word' id='word_1_160' title='bbox 2777 1027 2869 1080; x_wconf 68' lang='grc' dir='ltr'><strong>καὶ</strong></span> <span class='ocrx_word' id='word_1_161' title='bbox 2896 1019 3281 1091; x_wconf 72' lang='grc' dir='ltr'>εὐαγγελικδν,</span> <span class='ocrx_word' id='word_1_162' title='bbox 3316 1018 3341 1067; x_wconf 80' lang='grc' dir='ltr'>ὲ</span> 
     </span>
    </p>
   </div>
   <div class='ocr_carea' id='block_1_25' title="bbox 2487 1110 3314 1194">
    <p class='ocr_par' dir='ltr' id='par_1_25' title="bbox 2487 1110 3314 1194">
     <span class='ocr_line' id='line_1_26' title="bbox 2487 1110 3314 1194; baseline -0.021 -19"><span class='ocrx_word' id='word_1_163' title='bbox 2487 1123 2704 1194; x_wconf 79' lang='grc' dir='ltr'>δραμεῖν</span> <span class='ocrx_word' id='word_1_164' title='bbox 2745 1118 2823 1179; x_wconf 83' lang='grc' dir='ltr'>εἰς</span> <span class='ocrx_word' id='word_1_165' title='bbox 2853 1113 3011 1166; x_wconf 89' lang='grc' dir='ltr'>πεδία</span> <span class='ocrx_word' id='word_1_166' title='bbox 3034 1153 3047 1176; x_wconf 93' lang='grc'><strong>,</strong></span> <span class='ocrx_word' id='word_1_167' title='bbox 3079 1111 3219 1162; x_wconf 81' lang='grc' dir='ltr'>ὥστε</span> <span class='ocrx_word' id='word_1_168' title='bbox 3256 1110 3314 1159; x_wconf 78' lang='grc' dir='ltr'>ὲν</span> 
     </span>
    </p>
   </div>
   <div class='ocr_carea' id='block_1_26' title="bbox 2487 1194 3346 1282">
    <p class='ocr_par' dir='ltr' id='par_1_26' title="bbox 2487 1194 3346 1282">
     <span class='ocr_line' id='line_1_27' title="bbox 2487 1194 3346 1282; baseline -0.021 -18"><span class='ocrx_word' id='word_1_169' title='bbox 2487 1212 2581 1282; x_wconf 78' lang='grc' dir='ltr'>τὴν</span> <span class='ocrx_word' id='word_1_170' title='bbox 2607 1207 2918 1276; x_wconf 75' lang='grc' dir='ltr'><strong>οἰκουμένην</strong></span> <span class='ocrx_word' id='word_1_171' title='bbox 2941 1203 3042 1269; x_wconf 77' lang='grc' dir='ltr'>τῆς</span> <span class='ocrx_word' id='word_1_172' title='bbox 3069 1199 3159 1253; x_wconf 82' lang='grc' dir='ltr'><strong>ὑπ’</strong></span> <span class='ocrx_word' id='word_1_173' title='bbox 3195 1194 3346 1250; x_wconf 78' lang='grc' dir='ltr'>αύτοῐ</span> 
     </span>
    </p>
   </div>
   <div class='ocr_carea' id='block_1_27' title="bbox 2489 1284 3346 1367">
    <p class='ocr_par' dir='ltr' id='par_1_27' title="bbox 2489 1284 3346 1367">
     <span class='ocr_line' id='line_1_28' title="bbox 2489 1284 3346 1367; baseline -0.02 -16"><span class='ocrx_word' id='word_1_174' title='bbox 2489 1295 2783 1367; x_wconf 80' lang='grc' dir='ltr'>ἀνθρώποις</span> <span class='ocrx_word' id='word_1_175' title='bbox 2818 1289 3086 1361; x_wconf 81' lang='grc' dir='ltr'><strong>σωτηρίας</strong></span> <span class='ocrx_word' id='word_1_176' title='bbox 3111 1327 3128 1351; x_wconf 88' lang='grc'><strong>,</strong></span> <span class='ocrx_word' id='word_1_177' title='bbox 3172 1284 3346 1341; x_wconf 62' lang='grc' dir='ltr'>ἄκολον</span> 
     </span>
    </p>
   </div>
   <div class='ocr_carea' id='block_1_28' title="bbox 2491 1376 3344 1459">
    <p class='ocr_par' dir='ltr' id='par_1_28' title="bbox 2491 1376 3344 1459">
     <span class='ocr_line' id='line_1_29' title="bbox 2491 1376 3344 1459; baseline -0.021 -17"><span class='ocrx_word' id='word_1_178' title='bbox 2491 1390 2659 1459; x_wconf 82' lang='grc' dir='ltr'><strong>σάσῃ·</strong></span> <span class='ocrx_word' id='word_1_179' title='bbox 2693 1404 2711 1436; x_wconf 77' lang='grc' dir='ltr'><strong>ι</strong></span> <span class='ocrx_word' id='word_1_180' title='bbox 2751 1383 2861 1453; x_wconf 84' lang='grc' dir='ltr'>Πρὸ</span> <span class='ocrx_word' id='word_1_181' title='bbox 2888 1378 3179 1451; x_wconf 81' lang='grc' dir='ltr'>προσώπου</span> <span class='ocrx_word' id='word_1_182' title='bbox 3208 1376 3344 1427; x_wconf 81' lang='grc' dir='ltr'>αὐτο</span> 
     </span>
    </p>
   </div>
   <div class='ocr_carea' id='block_1_29' title="bbox 2488 1467 3345 1541">
    <p class='ocr_par' dir='ltr' id='par_1_29' title="bbox 2488 1467 3345 1541">
     <span class='ocr_line' id='line_1_30' title="bbox 2488 1467 3345 1541; baseline -0.021 -9"><span class='ocrx_word' id='word_1_183' title='bbox 2488 1478 2578 1532; x_wconf 72' lang='grc' dir='ltr'>καὶ</span> <span class='ocrx_word' id='word_1_184' title='bbox 2609 1473 2935 1541; x_wconf 79' lang='grc' dir='ltr'>ἐξελεύσεται</span> <span class='ocrx_word' id='word_1_185' title='bbox 2980 1471 3061 1532; x_wconf 89' lang='grc' dir='ltr'><strong>είς</strong></span> <span class='ocrx_word' id='word_1_186' title='bbox 3101 1467 3278 1520; x_wconf 79' lang='grc' dir='ltr'>πεδία.</span> <span class='ocrx_word' id='word_1_187' title='bbox 3326 1482 3345 1512; x_wconf 74' lang='grc' dir='ltr'><strong>ι</strong></span> 
     </span>
    </p>
   </div>
   <div class='ocr_carea' id='block_1_30' title="bbox 2489 1553 3346 1630">
    <p class='ocr_par' dir='ltr' id='par_1_30' title="bbox 2489 1553 3346 1630">
     <span class='ocr_line' id='line_1_31' title="bbox 2489 1553 3346 1630; baseline -0.02 -10"><span class='ocrx_word' id='word_1_188' title='bbox 2489 1563 2648 1620; x_wconf 84' lang='grc' dir='ltr'>αὐτοῦ</span> <span class='ocrx_word' id='word_1_189' title='bbox 2714 1558 3047 1630; x_wconf 81' lang='grc' dir='ltr'>παρουσίαν,</span> <span class='ocrx_word' id='word_1_190' title='bbox 3104 1555 3185 1608; x_wconf 81' lang='grc' dir='ltr'>ἔτι</span> <span class='ocrx_word' id='word_1_191' title='bbox 3234 1553 3346 1623; x_wconf 87' lang='grc' dir='ltr'>μᾶλ</span> 
     </span>
    </p>
   </div>
   <div class='ocr_carea' id='block_1_31' title="bbox 2488 1645 3346 1724">
    <p class='ocr_par' dir='ltr' id='par_1_31' title="bbox 2488 1645 3346 1724">
     <span class='ocr_line' id='line_1_32' title="bbox 2488 1645 3346 1724; baseline -0.022 -12"><span class='ocrx_word' id='word_1_192' title='bbox 2488 1658 2654 1724; x_wconf 85' lang='grc' dir='ltr'>Λόγος</span> <span class='ocrx_word' id='word_1_193' title='bbox 2672 1650 2832 1706; x_wconf 78' lang='grc' dir='ltr'>αὑτοῦ</span> <span class='ocrx_word' id='word_1_194' title='bbox 2874 1650 3046 1718; x_wconf 82' lang='grc' dir='ltr'>πέρας</span> <span class='ocrx_word' id='word_1_195' title='bbox 3093 1645 3346 1712; x_wconf 73' lang='grc' dir='ltr'>ἐπιθήσει</span> 
     </span>
    </p>
   </div>
   <div class='ocr_carea' id='block_1_32' title="bbox 2490 1733 3346 1814">
    <p class='ocr_par' dir='ltr' id='par_1_32' title="bbox 2490 1733 3346 1814">
     <span class='ocr_line' id='line_1_33' title="bbox 2490 1733 3346 1814; baseline -0.02 -14"><span class='ocrx_word' id='word_1_196' title='bbox 2490 1749 2596 1809; x_wconf 84' lang='grc' dir='ltr'>τοῖς</span> <span class='ocrx_word' id='word_1_197' title='bbox 2626 1744 2748 1814; x_wconf 74' lang='grc' dir='ltr'>ἑξῆς</span> <span class='ocrx_word' id='word_1_198' title='bbox 2778 1737 3210 1809; x_wconf 76' lang='grc' dir='ltr'>ἐπιφερομένοις,</span> <span class='ocrx_word' id='word_1_199' title='bbox 3240 1733 3275 1786; x_wconf 83' lang='grc' dir='ltr'>ὃι</span> <span class='ocrx_word' id='word_1_200' title='bbox 3311 1749 3346 1783; x_wconf 88' lang='grc' dir='ltr'><strong>κ</strong></span> 
     </span>
    </p>
   </div>
   <div class='ocr_carea' id='block_1_33' title="bbox 865 1825 2598 1943">
    <p class='ocr_par' dir='ltr' id='par_1_33' title="bbox 865 1825 2598 1943">
     <span class='ocr_line' id='line_1_34' title="bbox 865 1825 2598 1943; baseline -0.022 -17"><span class='ocrx_word' id='word_1_201' title='bbox 865 1871 1009 1943; x_wconf 88' lang='lat' dir='ltr'><strong>quod</strong></span> <span class='ocrx_word' id='word_1_202' title='bbox 1035 1871 1194 1925; x_wconf 91' lang='lat' dir='ltr'><strong>etiam</strong></span> <span class='ocrx_word' id='word_1_203' title='bbox 1222 1880 1499 1936; x_wconf 88' lang='lat' dir='ltr'><strong>egressum</strong></span> <span class='ocrx_word' id='word_1_204' title='bbox 1540 1857 1866 1931; x_wconf 81' lang='lat' dir='ltr'><strong>pereurrerit</strong></span> <span class='ocrx_word' id='word_1_205' title='bbox 1893 1825 2297 1921; x_wconf 31' lang='lat' dir='ltr'><strong>campos,vadeo</strong></span> <span class='ocrx_word' id='word_1_206' title='bbox 2330 1851 2388 1897; x_wconf 88' lang='lat' dir='ltr'><strong>ut</strong></span> <span class='ocrx_word' id='word_1_207' title='bbox 2420 1825 2461 1880; x_wconf 76' lang='grc' dir='ltr'><strong><em>Β</em></strong></span> <span class='ocrx_word' id='word_1_208' title='bbox 2490 1838 2598 1908; x_wconf 86' lang='grc' dir='ltr'>ρός.</span> 
     </span>
    </p>
   </div>
   <div class='ocr_carea' id='block_1_34' title="bbox 863 1956 2117 2029">
    <p class='ocr_par' dir='ltr' id='par_1_34' title="bbox 863 1956 2117 2029">
     <span class='ocr_line' id='line_1_35' title="bbox 863 1956 2117 2029; baseline -0.017 -12"><span class='ocrx_word' id='word_1_209' title='bbox 863 1962 1007 2017; x_wconf 89' lang='lat' dir='ltr'><strong>brevi</strong></span> <span class='ocrx_word' id='word_1_210' title='bbox 1039 1970 1273 2029; x_wconf 90' lang='lat' dir='ltr'><strong>tempore</strong></span> <span class='ocrx_word' id='word_1_211' title='bbox 1310 1965 1477 2010; x_wconf 91' lang='lat' dir='ltr'><strong>totum</strong></span> <span class='ocrx_word' id='word_1_212' title='bbox 1506 1956 1688 2008; x_wconf 89' lang='lat' dir='ltr'><strong>orbem</strong></span> <span class='ocrx_word' id='word_1_213' title='bbox 1731 1960 1991 2004; x_wconf 78' lang='lat' dir='ltr'><strong>terrarum</strong></span> <span class='ocrx_word' id='word_1_214' title='bbox 2036 1959 2117 2009; x_wconf 89' lang='lat' dir='ltr'><strong>ea,</strong></span> 
     </span>
    </p>
   </div>
   <div class='ocr_carea' id='block_1_35' title="bbox 864 2044 1950 2126">
    <p class='ocr_par' dir='ltr' id='par_1_35' title="bbox 864 2044 1950 2126">
     <span class='ocr_line' id='line_1_36' title="bbox 864 2044 1950 2126; baseline -0.013 -17"><span class='ocrx_word' id='word_1_215' title='bbox 864 2056 1106 2126; x_wconf 89' lang='lat' dir='ltr'><strong>pleverit,</strong></span> <span class='ocrx_word' id='word_1_216' title='bbox 1136 2050 1483 2121; x_wconf 88' lang='lat' dir='ltr'><strong>comprobata</strong></span> <span class='ocrx_word' id='word_1_217' title='bbox 1510 2048 1627 2115; x_wconf 89' lang='lat' dir='ltr'><strong>ejus</strong></span> <span class='ocrx_word' id='word_1_218' title='bbox 1660 2044 1950 2115; x_wconf 71' lang='lat' dir='ltr'><strong>prOphetiae</strong></span> 
     </span>
    </p>
   </div>
   <div class='ocr_carea' id='block_1_36' title="bbox 2147 1918 3343 2010">
    <p class='ocr_par' dir='ltr' id='par_1_36' title="bbox 2147 1918 3343 2010">
     <span class='ocr_line' id='line_1_37' title="bbox 2147 1918 3343 2010; baseline -0.024 -15"><span class='ocrx_word' id='word_1_219' title='bbox 2147 1955 2265 2010; x_wconf 68' lang='lat' dir='ltr'><strong>quae</strong></span> <span class='ocrx_word' id='word_1_220' title='bbox 2291 1951 2386 2007; x_wconf 85' lang='lat' dir='ltr'><strong>per</strong></span> <span class='ocrx_word' id='word_1_221' title='bbox 2422 1934 2596 2003; x_wconf 89' lang='lat' dir='ltr'><strong>ipsum</strong></span> <span class='ocrx_word' id='word_1_222' title='bbox 2623 1928 2872 1982; x_wconf 88' lang='lat' dir='ltr'><strong>omnibus</strong></span> <span class='ocrx_word' id='word_1_223' title='bbox 2894 1918 3210 1976; x_wconf 82' lang='lat' dir='ltr'><strong>hominibus</strong></span> <span class='ocrx_word' id='word_1_224' title='bbox 3232 1929 3343 1969; x_wconf 89' lang='lat' dir='ltr'><strong>con</strong></span> 
     </span>
    </p>
   </div>
   <div class='ocr_carea' id='block_1_37' title="bbox 1987 2009 3315 2101">
    <p class='ocr_par' dir='ltr' id='par_1_37' title="bbox 1987 2009 3315 2101">
     <span class='ocr_line' id='line_1_38' title="bbox 1987 2009 3315 2101; baseline -0.023 -10"><span class='ocrx_word' id='word_1_225' title='bbox 1987 2009 2234 2097; x_wconf 79' lang='lat' dir='ltr'><strong>veritate,</strong></span> <span class='ocrx_word' id='word_1_226' title='bbox 2264 2046 2384 2101; x_wconf 79' lang='lat' dir='ltr'><strong>qua:</strong></span> <span class='ocrx_word' id='word_1_227' title='bbox 2417 2027 2528 2081; x_wconf 87' lang='lat' dir='ltr'><strong>ait:</strong></span> <span class='ocrx_word' id='word_1_228' title='bbox 2587 2041 2606 2074; x_wconf 83' lang='grc'><strong>‹</strong></span> <span class='ocrx_word' id='word_1_229' title='bbox 2649 2022 2786 2075; x_wconf 83' lang='lat' dir='ltr'><strong>Ante</strong></span> <span class='ocrx_word' id='word_1_230' title='bbox 2816 2016 3005 2071; x_wconf 79' lang='lat' dir='ltr'><strong>faciem</strong></span> <span class='ocrx_word' id='word_1_231' title='bbox 3037 2012 3160 2079; x_wconf 91' lang='lat' dir='ltr'><strong>ejus</strong></span> <span class='ocrx_word' id='word_1_232' title='bbox 3210 2009 3315 2064; x_wconf 89' lang='lat' dir='ltr'><strong>ibit</strong></span> 
     </span>
    </p>
   </div>
   <div class='ocr_carea' id='block_1_38' title="bbox 864 2099 3346 2214">
    <p class='ocr_par' dir='ltr' id='par_1_38' title="bbox 864 2099 3346 2214">
     <span class='ocr_line' id='line_1_39' title="bbox 866 2099 2295 2126; baseline -0.005 -8"><span class='ocrx_word' id='word_1_233' title='bbox 866 2099 1106 2126; x_wconf 62' lang='grc' dir='ltr'><strong>,μων-η,</strong></span> <span class='ocrx_word' id='word_1_234' title='bbox 1139 2099 1481 2121; x_wconf 58' lang='grc' dir='ltr'><strong>νν--τ-ν--ηη</strong></span> <span class='ocrx_word' id='word_1_235' title='bbox 1606 2099 1622 2102; x_wconf 56' lang='grc' dir='ltr'><strong>τ</strong></span> <span class='ocrx_word' id='word_1_236' title='bbox 1661 2099 1677 2115; x_wconf 89' lang='grc'>.</span> <span class='ocrx_word' id='word_1_237' title='bbox 1763 2099 1778 2114; x_wconf 85' lang='lat'><strong>.</strong></span> <span class='ocrx_word' id='word_1_238' title='bbox 2283 2099 2295 2101; x_wconf 89' lang='grc'><strong><em>-</em></strong></span> 
     </span>
     <span class='ocr_line' id='line_1_40' title="bbox 864 2099 3346 2214; baseline -0.02 -16"><span class='ocrx_word' id='word_1_239' title='bbox 864 2147 919 2199; x_wconf 89' lang='lat' dir='ltr'><strong>in</strong></span> <span class='ocrx_word' id='word_1_240' title='bbox 953 2159 1189 2214; x_wconf 85' lang='lat' dir='ltr'><strong>campos.</strong></span> <span class='ocrx_word' id='word_1_241' title='bbox 1225 2160 1243 2192; x_wconf 73' lang='grc' dir='ltr'><strong>ι</strong></span> <span class='ocrx_word' id='word_1_242' title='bbox 1281 2142 1339 2194; x_wconf 91' lang='lat' dir='ltr'><strong>ln</strong></span> <span class='ocrx_word' id='word_1_243' title='bbox 1375 2136 1613 2193; x_wconf 88' lang='lat' dir='ltr'><strong>secundo</strong></span> <span class='ocrx_word' id='word_1_244' title='bbox 1647 2144 1823 2188; x_wconf 90' lang='lat' dir='ltr'><strong>autem</strong></span> <span class='ocrx_word' id='word_1_245' title='bbox 1865 2129 2104 2199; x_wconf 90' lang='lat' dir='ltr'><strong>ejusdem</strong></span> <span class='ocrx_word' id='word_1_246' title='bbox 2134 2124 2387 2181; x_wconf 88' lang='lat' dir='ltr'><strong>adventu,</strong></span> <span class='ocrx_word' id='word_1_247' title='bbox 2429 2108 2659 2183; x_wconf 87' lang='lat' dir='ltr'><strong>amplius</strong></span> <span class='ocrx_word' id='word_1_248' title='bbox 2713 2120 2926 2177; x_wconf 84' lang='lat' dir='ltr'><strong>quoque</strong></span> <span class='ocrx_word' id='word_1_249' title='bbox 2958 2118 3021 2157; x_wconf 89' lang='lat' dir='ltr'><strong>ac</strong></span> <span class='ocrx_word' id='word_1_250' title='bbox 3074 2099 3252 2169; x_wconf 89' lang='lat' dir='ltr'><strong>magis</strong></span> <span class='ocrx_word' id='word_1_251' title='bbox 3288 2113 3346 2167; x_wconf 82' lang='lat' dir='ltr'><strong>pl</strong></span> 
     </span>
     <span class='ocr_line' id='line_1_41' title="bbox 2455 2192 3332 2214; baseline 0 0"><span class='ocrx_word' id='word_1_252' title='bbox 2455 2205 2478 2214; x_wconf 72' lang='grc' dir='ltr'><strong>ι.</strong></span> <span class='ocrx_word' id='word_1_253' title='bbox 2643 2203 2654 2214; x_wconf 75' lang='grc' dir='ltr'><strong><em>ι</em></strong></span> <span class='ocrx_word' id='word_1_254' title='bbox 2836 2205 2872 2214; x_wconf 79' lang='lat'>_.</span> <span class='ocrx_word' id='word_1_255' title='bbox 2952 2192 3144 2214; x_wconf 71' lang='lat' dir='ltr'><strong>_-_!I...-</strong></span> <span class='ocrx_word' id='word_1_256' title='bbox 3178 2203 3332 2214; x_wconf 58' lang='grc' dir='ltr'><strong>...ι-ιη</strong></span> 
     </span>
    </p>
   </div>
   <div class='ocr_carea' id='block_1_39' title="bbox 865 2218 2409 2304">
    <p class='ocr_par' dir='ltr' id='par_1_39' title="bbox 865 2218 2409 2304">
     <span class='ocr_line' id='line_1_42' title="bbox 865 2218 2409 2304; baseline -0.019 -13"><span class='ocrx_word' id='word_1_257' title='bbox 865 2239 948 2292; x_wconf 84' lang='lat' dir='ltr'><strong>his</strong></span> <span class='ocrx_word' id='word_1_258' title='bbox 978 2251 1094 2304; x_wconf 67' lang='lat' dir='ltr'><strong>qua:</strong></span> <span class='ocrx_word' id='word_1_259' title='bbox 1133 2235 1276 2289; x_wconf 91' lang='lat' dir='ltr'><strong>dicta</strong></span> <span class='ocrx_word' id='word_1_260' title='bbox 1326 2238 1452 2286; x_wconf 91' lang='lat' dir='ltr'><strong>sunt</strong></span> <span class='ocrx_word' id='word_1_261' title='bbox 1492 2236 1546 2282; x_wconf 92' lang='lat' dir='ltr'><strong>et</strong></span> <span class='ocrx_word' id='word_1_262' title='bbox 1577 2228 1642 2281; x_wconf 91' lang='lat' dir='ltr'><strong>iis</strong></span> <span class='ocrx_word' id='word_1_263' title='bbox 1671 2241 1789 2295; x_wconf 68' lang='lat' dir='ltr'><strong>quae</strong></span> <span class='ocrx_word' id='word_1_264' title='bbox 1814 2225 2065 2289; x_wconf 88' lang='lat' dir='ltr'><strong>deinceps</strong></span> <span class='ocrx_word' id='word_1_265' title='bbox 2094 2218 2409 2286; x_wconf 89' lang='lat' dir='ltr'><strong>sequuntur,</strong></span> 
     </span>
    </p>
   </div>
   <div class='ocr_carea' id='block_1_40' title="bbox 864 2316 1683 2396">
    <p class='ocr_par' dir='ltr' id='par_1_40' title="bbox 864 2316 1683 2396">
     <span class='ocr_line' id='line_1_43' title="bbox 864 2316 1683 2396; baseline -0.017 -15"><span class='ocrx_word' id='word_1_266' title='bbox 864 2325 1121 2396; x_wconf 87' lang='lat' dir='ltr'><strong>dagandis</strong></span> <span class='ocrx_word' id='word_1_267' title='bbox 1145 2330 1354 2391; x_wconf 91' lang='lat' dir='ltr'><strong>tempus</strong></span> <span class='ocrx_word' id='word_1_268' title='bbox 1383 2334 1487 2372; x_wconf 85' lang='lat' dir='ltr'><strong>non</strong></span> <span class='ocrx_word' id='word_1_269' title='bbox 1512 2316 1683 2369; x_wconf 85' lang='lat' dir='ltr'><strong>adest.</strong></span> 
     </span>
    </p>
   </div>
   <div class='ocr_carea' id='block_1_41' title="bbox 1418 2462 1817 2523">
    <p class='ocr_par' dir='ltr' id='par_1_41' title="bbox 1418 2462 1817 2523">
     <span class='ocr_line' id='line_1_44' title="bbox 1418 2462 1817 2523; baseline -0.015 -1"><span class='ocrx_word' id='word_1_270' title='bbox 1418 2465 1642 2523; x_wconf 83' lang='lat' dir='ltr'><strong>CAPUT</strong></span> <span class='ocrx_word' id='word_1_271' title='bbox 1679 2462 1817 2518; x_wconf 78' lang='lat' dir='ltr'><strong>XVI.</strong></span> 
     </span>
    </p>
   </div>
   <div class='ocr_carea' id='block_1_42' title="bbox 864 2563 2387 2644">
    <p class='ocr_par' dir='ltr' id='par_1_42' title="bbox 864 2563 2387 2644">
     <span class='ocr_line' id='line_1_45' title="bbox 864 2563 2387 2644; baseline -0.02 -3"><span class='ocrx_word' id='word_1_272' title='bbox 864 2589 902 2642; x_wconf 86' lang='grc' dir='ltr'><em>Α</em></span> <span class='ocrx_word' id='word_1_273' title='bbox 939 2584 1217 2639; x_wconf 81' lang='lat' dir='ltr'><strong>Zacharia.</strong></span> <span class='ocrx_word' id='word_1_274' title='bbox 1235 2611 1301 2623; x_wconf 91' lang='lat'><strong>——</strong></span> <span class='ocrx_word' id='word_1_275' title='bbox 1321 2574 1765 2644; x_wconf 80' lang='lat' dir='ltr'><strong>Quemadmodum</strong></span> <span class='ocrx_word' id='word_1_276' title='bbox 1791 2570 2044 2644; x_wconf 73' lang='lat' dir='ltr'><strong>Dominus</strong></span> <span class='ocrx_word' id='word_1_277' title='bbox 2075 2563 2387 2643; x_wconf 69' lang='lat' dir='ltr'><strong>omnipotens</strong></span> 
     </span>
    </p>
   </div>
   <div class='ocr_carea' id='block_1_43' title="bbox 886 2631 2386 2721">
    <p class='ocr_par' dir='ltr' id='par_1_43' title="bbox 886 2631 2386 2721">
     <span class='ocr_line' id='line_1_46' title="bbox 886 2631 2386 2721; baseline -0.021 -10"><span class='ocrx_word' id='word_1_278' title='bbox 886 2678 895 2690; x_wconf 73' lang='grc' dir='ltr'><strong><em>ο</em></strong></span> <span class='ocrx_word' id='word_1_279' title='bbox 935 2656 1209 2721; x_wconf 75' lang='lat' dir='ltr'><strong>conﬁtetur</strong></span> <span class='ocrx_word' id='word_1_280' title='bbox 1237 2667 1291 2704; x_wconf 86' lang='lat' dir='ltr'><strong>se</strong></span> <span class='ocrx_word' id='word_1_281' title='bbox 1318 2631 1553 2706; x_wconf 58' lang='lat' dir='ltr'><strong>missum,</strong></span> <span class='ocrx_word' id='word_1_282' title='bbox 1597 2652 1653 2696; x_wconf 87' lang='lat' dir='ltr'><strong>ut</strong></span> <span class='ocrx_word' id='word_1_283' title='bbox 1705 2641 1909 2709; x_wconf 80' lang='lat' dir='ltr'><strong>auferat</strong></span> <span class='ocrx_word' id='word_1_284' title='bbox 1936 2653 2017 2699; x_wconf 87' lang='lat' dir='ltr'><strong>ea,</strong></span> <span class='ocrx_word' id='word_1_285' title='bbox 2058 2649 2172 2702; x_wconf 80' lang='lat' dir='ltr'><strong>qua:</strong></span> <span class='ocrx_word' id='word_1_286' title='bbox 2203 2631 2386 2684; x_wconf 76' lang='lat' dir='ltr'><strong>vitiosa</strong></span> 
     </span>
    </p>
   </div>
   <div class='ocr_carea' id='block_1_44' title="bbox 930 2726 1054 2780">
    <p class='ocr_par' dir='ltr' id='par_1_44' title="bbox 930 2726 1054 2780">
     <span class='ocr_line' id='line_1_47' title="bbox 930 2726 1054 2780; baseline -0.04 0"><span class='ocrx_word' id='word_1_287' title='bbox 930 2726 1054 2780; x_wconf 72' lang='lat' dir='ltr'><strong>sint.</strong></span> 
     </span>
    </p>
   </div>
   <div class='ocr_carea' id='block_1_45' title="bbox 939 2831 2387 2911">
    <p class='ocr_par' dir='ltr' id='par_1_45' title="bbox 939 2831 2387 2911">
     <span class='ocr_line' id='line_1_48' title="bbox 939 2831 2387 2911; baseline -0.021 0"><span class='ocrx_word' id='word_1_288' title='bbox 939 2876 959 2909; x_wconf 72' lang='grc' dir='ltr'>ι</span> <span class='ocrx_word' id='word_1_289' title='bbox 998 2855 1116 2910; x_wconf 75' lang='lat' dir='ltr'><strong>llaec</strong></span> <span class='ocrx_word' id='word_1_290' title='bbox 1147 2854 1276 2908; x_wconf 89' lang='lat' dir='ltr'><strong>dicit</strong></span> <span class='ocrx_word' id='word_1_291' title='bbox 1304 2852 1560 2906; x_wconf 85' lang='lat' dir='ltr'><strong>Dominus</strong></span> <span class='ocrx_word' id='word_1_292' title='bbox 1590 2844 1960 2911; x_wconf 89' lang='lat' dir='ltr'><strong>omnipotens:</strong></span> <span class='ocrx_word' id='word_1_293' title='bbox 1991 2836 2119 2889; x_wconf 84' lang='lat' dir='ltr'><strong>Post</strong></span> <span class='ocrx_word' id='word_1_294' title='bbox 2164 2831 2387 2903; x_wconf 82' lang='lat' dir='ltr'><strong>gloriam</strong></span> 
     </span>
    </p>
   </div>
   <div class='ocr_carea' id='block_1_46' title="bbox 866 2932 2386 3014">
    <p class='ocr_par' dir='ltr' id='par_1_46' title="bbox 866 2932 2386 3014">
     <span class='ocr_line' id='line_1_49' title="bbox 866 2932 2386 3014; baseline -0.02 -12"><span class='ocrx_word' id='word_1_295' title='bbox 866 2949 1011 3003; x_wconf 88' lang='lat' dir='ltr'><strong>misit</strong></span> <span class='ocrx_word' id='word_1_296' title='bbox 1042 2962 1126 3000; x_wconf 93' lang='lat' dir='ltr'><strong>me</strong></span> <span class='ocrx_word' id='word_1_297' title='bbox 1156 2945 1222 2998; x_wconf 92' lang='lat' dir='ltr'><strong>ad</strong></span> <span class='ocrx_word' id='word_1_298' title='bbox 1254 2950 1458 3014; x_wconf 87' lang='lat' dir='ltr'><strong>gentes.</strong></span> <span class='ocrx_word' id='word_1_299' title='bbox 1506 2951 1623 3008; x_wconf 69' lang='lat' dir='ltr'><strong>qua:</strong></span> <span class='ocrx_word' id='word_1_300' title='bbox 1671 2932 2031 3003; x_wconf 86' lang='lat' dir='ltr'><strong>spoliaverunt</strong></span> <span class='ocrx_word' id='word_1_301' title='bbox 2068 2939 2163 2978; x_wconf 83' lang='lat' dir='ltr'><strong>vos</strong></span> <span class='ocrx_word' id='word_1_302' title='bbox 2203 2940 2217 2975; x_wconf 90' lang='lat'><strong>:</strong></span> <span class='ocrx_word' id='word_1_303' title='bbox 2251 2935 2386 2991; x_wconf 93' lang='lat' dir='ltr'><strong>quo-</strong></span> 
     </span>
    </p>
   </div>
   <div class='ocr_carea' id='block_1_47' title="bbox 866 3015 2386 3106">
    <p class='ocr_par' dir='ltr' id='par_1_47' title="bbox 866 3015 2386 3106">
     <span class='ocr_line' id='line_1_50' title="bbox 866 3015 2386 3106; baseline -0.019 -14"><span class='ocrx_word' id='word_1_304' title='bbox 866 3040 1007 3092; x_wconf 86' lang='lat' dir='ltr'><strong>niam</strong></span> <span class='ocrx_word' id='word_1_305' title='bbox 1042 3037 1133 3106; x_wconf 93' lang='lat' dir='ltr'><strong>qui</strong></span> <span class='ocrx_word' id='word_1_306' title='bbox 1163 3034 1330 3104; x_wconf 79' lang='lat' dir='ltr'><strong>tangit</strong></span> <span class='ocrx_word' id='word_1_307' title='bbox 1364 3046 1475 3094; x_wconf 85' lang='lat' dir='ltr'><strong>vos,</strong></span> <span class='ocrx_word' id='word_1_308' title='bbox 1517 3027 1670 3097; x_wconf 89' lang='lat' dir='ltr'><strong>quasi</strong></span> <span class='ocrx_word' id='word_1_309' title='bbox 1706 3025 1752 3079; x_wconf 90' lang='lat' dir='ltr'><strong>is</strong></span> <span class='ocrx_word' id='word_1_310' title='bbox 1782 3023 1871 3092; x_wconf 91' lang='lat' dir='ltr'><strong>qui</strong></span> <span class='ocrx_word' id='word_1_311' title='bbox 1920 3019 2089 3087; x_wconf 84' lang='lat' dir='ltr'><strong>tangit</strong></span> <span class='ocrx_word' id='word_1_312' title='bbox 2134 3015 2386 3086; x_wconf 87' lang='lat' dir='ltr'><strong>pupillam</strong></span> 
     </span>
    </p>
   </div>
   <div class='ocr_carea' id='block_1_48' title="bbox 866 3117 2394 3195">
    <p class='ocr_par' dir='ltr' id='par_1_48' title="bbox 866 3117 2394 3195">
     <span class='ocr_line' id='line_1_51' title="bbox 866 3117 2394 3195; baseline -0.016 -14"><span class='ocrx_word' id='word_1_313' title='bbox 866 3129 1005 3181; x_wconf 91' lang='lat' dir='ltr'><strong>oculi</strong></span> <span class='ocrx_word' id='word_1_314' title='bbox 1036 3127 1153 3195; x_wconf 83' lang='lat' dir='ltr'><strong>ejus</strong></span> <span class='ocrx_word' id='word_1_315' title='bbox 1189 3145 1202 3180; x_wconf 91' lang='lat'><strong>:</strong></span> <span class='ocrx_word' id='word_1_316' title='bbox 1246 3124 1371 3193; x_wconf 91' lang='lat' dir='ltr'><strong>quia</strong></span> <span class='ocrx_word' id='word_1_317' title='bbox 1420 3135 1544 3176; x_wconf 91' lang='lat' dir='ltr'><strong>ecce</strong></span> <span class='ocrx_word' id='word_1_318' title='bbox 1593 3117 1756 3171; x_wconf 79' lang='lat' dir='ltr'><strong>aﬂ’ero</strong></span> <span class='ocrx_word' id='word_1_319' title='bbox 1786 3127 1997 3167; x_wconf 91' lang='lat' dir='ltr'><strong>manum</strong></span> <span class='ocrx_word' id='word_1_320' title='bbox 2028 3123 2199 3163; x_wconf 85' lang='lat' dir='ltr'><strong>meam</strong></span> <span class='ocrx_word' id='word_1_321' title='bbox 2232 3118 2394 3174; x_wconf 90' lang='lat' dir='ltr'><strong>super</strong></span> 
     </span>
    </p>
   </div>
   <div class='ocr_carea' id='block_1_49' title="bbox 870 3198 2394 3283">
    <p class='ocr_par' dir='ltr' id='par_1_49' title="bbox 870 3198 2394 3283">
     <span class='ocr_line' id='line_1_52' title="bbox 870 3198 2394 3283; baseline -0.014 -16"><span class='ocrx_word' id='word_1_322' title='bbox 870 3214 1016 3283; x_wconf 92' lang='lat' dir='ltr'><strong>ipsos</strong></span> <span class='ocrx_word' id='word_1_323' title='bbox 1047 3233 1059 3266; x_wconf 92' lang='lat'><strong>:</strong></span> <span class='ocrx_word' id='word_1_324' title='bbox 1093 3222 1143 3265; x_wconf 86' lang='lat' dir='ltr'><strong>et</strong></span> <span class='ocrx_word' id='word_1_325' title='bbox 1162 3222 1319 3267; x_wconf 84' lang='lat' dir='ltr'><strong>erunt</strong></span> <span class='ocrx_word' id='word_1_326' title='bbox 1344 3209 1512 3279; x_wconf 85' lang='lat' dir='ltr'><strong>spolia</strong></span> <span class='ocrx_word' id='word_1_327' title='bbox 1543 3205 1609 3260; x_wconf 88' lang='lat' dir='ltr'><strong>iis</strong></span> <span class='ocrx_word' id='word_1_328' title='bbox 1653 3204 1743 3273; x_wconf 87' lang='lat' dir='ltr'><strong>qui</strong></span> <span class='ocrx_word' id='word_1_329' title='bbox 1773 3199 2055 3256; x_wconf 87' lang='lat' dir='ltr'><strong>servierint</strong></span> <span class='ocrx_word' id='word_1_330' title='bbox 2079 3198 2179 3259; x_wconf 91' lang='lat' dir='ltr'><strong>eis,</strong></span> <span class='ocrx_word' id='word_1_331' title='bbox 2217 3201 2268 3250; x_wconf 86' lang='lat' dir='ltr'><strong>et</strong></span> <span class='ocrx_word' id='word_1_332' title='bbox 2302 3207 2394 3246; x_wconf 85' lang='lat' dir='ltr'><strong>eo-</strong></span> 
     </span>
    </p>
   </div>
   <div class='ocr_carea' id='block_1_50' title="bbox 868 3286 2388 3373">
    <p class='ocr_par' dir='ltr' id='par_1_50' title="bbox 868 3286 2388 3373">
     <span class='ocr_line' id='line_1_53' title="bbox 868 3286 2388 3373; baseline -0.015 -15"><span class='ocrx_word' id='word_1_333' title='bbox 868 3304 1133 3373; x_wconf 67' lang='lat' dir='ltr'><strong>gnoscetis</strong></span> <span class='ocrx_word' id='word_1_334' title='bbox 1167 3302 1307 3372; x_wconf 87' lang='lat' dir='ltr'><strong>quod</strong></span> <span class='ocrx_word' id='word_1_335' title='bbox 1343 3300 1599 3353; x_wconf 86' lang='lat' dir='ltr'><strong>Dominus</strong></span> <span class='ocrx_word' id='word_1_336' title='bbox 1620 3294 1956 3364; x_wconf 80' lang='lat' dir='ltr'><strong>omnipotens</strong></span> <span class='ocrx_word' id='word_1_337' title='bbox 1987 3288 2132 3343; x_wconf 86' lang='lat' dir='ltr'><strong>misit</strong></span> <span class='ocrx_word' id='word_1_338' title='bbox 2164 3301 2249 3339; x_wconf 87' lang='lat' dir='ltr'><strong>me</strong></span> <span class='ocrx_word' id='word_1_339' title='bbox 2266 3286 2333 3338; x_wconf 81' lang='lat'><strong>&quot;.</strong></span> <span class='ocrx_word' id='word_1_340' title='bbox 2370 3301 2388 3334; x_wconf 72' lang='grc' dir='ltr'><strong>ι</strong></span> 
     </span>
    </p>
   </div>
   <div class='ocr_carea' id='block_1_51' title="bbox 868 3375 2393 3459">
    <p class='ocr_par' dir='ltr' id='par_1_51' title="bbox 868 3375 2393 3459">
     <span class='ocr_line' id='line_1_54' title="bbox 868 3375 2393 3459; baseline -0.011 -16"><span class='ocrx_word' id='word_1_341' title='bbox 868 3391 987 3459; x_wconf 85' lang='lat' dir='ltr'><strong>Ipse</strong></span> <span class='ocrx_word' id='word_1_342' title='bbox 1018 3389 1271 3444; x_wconf 88' lang='lat' dir='ltr'><strong>Dominus</strong></span> <span class='ocrx_word' id='word_1_343' title='bbox 1322 3390 1662 3456; x_wconf 78' lang='lat' dir='ltr'><strong>omnipotens</strong></span> <span class='ocrx_word' id='word_1_344' title='bbox 1698 3384 1751 3436; x_wconf 92' lang='lat' dir='ltr'><strong>in</strong></span> <span class='ocrx_word' id='word_1_345' title='bbox 1793 3383 1876 3436; x_wconf 93' lang='lat' dir='ltr'><strong>his</strong></span> <span class='ocrx_word' id='word_1_346' title='bbox 1904 3380 2136 3447; x_wconf 89' lang='lat' dir='ltr'><strong>seipsum</strong></span> <span class='ocrx_word' id='word_1_347' title='bbox 2171 3375 2393 3429; x_wconf 90' lang='lat' dir='ltr'><strong>missum</strong></span> 
     </span>
    </p>
   </div>
   <div class='ocr_carea' id='block_1_52' title="bbox 867 3464 2395 3548">
    <p class='ocr_par' dir='ltr' id='par_1_52' title="bbox 867 3464 2395 3548">
     <span class='ocr_line' id='line_1_55' title="bbox 867 3464 2395 3548; baseline -0.012 -12"><span class='ocrx_word' id='word_1_348' title='bbox 867 3497 989 3536; x_wconf 92' lang='lat' dir='ltr'><strong>esse</strong></span> <span class='ocrx_word' id='word_1_349' title='bbox 1031 3481 1124 3543; x_wconf 89' lang='lat' dir='ltr'><strong>ait,</strong></span> <span class='ocrx_word' id='word_1_350' title='bbox 1167 3488 1218 3534; x_wconf 91' lang='lat' dir='ltr'><strong>et</strong></span> <span class='ocrx_word' id='word_1_351' title='bbox 1248 3479 1494 3548; x_wconf 82' lang='lat' dir='ltr'><strong>quisnam</strong></span> <span class='ocrx_word' id='word_1_352' title='bbox 1520 3478 1565 3530; x_wconf 91' lang='lat' dir='ltr'><strong>is</strong></span> <span class='ocrx_word' id='word_1_353' title='bbox 1595 3476 1683 3536; x_wconf 90' lang='lat' dir='ltr'><strong>sit,</strong></span> <span class='ocrx_word' id='word_1_354' title='bbox 1715 3472 1806 3542; x_wconf 90' lang='lat' dir='ltr'><strong>qui</strong></span> <span class='ocrx_word' id='word_1_355' title='bbox 1839 3470 2064 3532; x_wconf 80' lang='lat' dir='ltr'><strong>miserit,</strong></span> <span class='ocrx_word' id='word_1_356' title='bbox 2095 3469 2271 3532; x_wconf 90' lang='lat' dir='ltr'><strong>docet,</strong></span> <span class='ocrx_word' id='word_1_357' title='bbox 2306 3464 2395 3519; x_wconf 90' lang='lat' dir='ltr'><strong>ubi</strong></span> 
     </span>
    </p>
   </div>
   <div class='ocr_carea' id='block_1_53' title="bbox 869 3558 2397 3638">
    <p class='ocr_par' dir='ltr' id='par_1_53' title="bbox 869 3558 2397 3638">
     <span class='ocr_line' id='line_1_56' title="bbox 869 3558 2397 3638; baseline -0.011 -11"><span class='ocrx_word' id='word_1_358' title='bbox 869 3574 981 3627; x_wconf 91' lang='lat' dir='ltr'><strong>ait:</strong></span> <span class='ocrx_word' id='word_1_359' title='bbox 1025 3590 1043 3623; x_wconf 76' lang='grc' dir='ltr'><strong>ι</strong></span> <span class='ocrx_word' id='word_1_360' title='bbox 1095 3571 1159 3624; x_wconf 88' lang='lat' dir='ltr'><strong>Et</strong></span> <span class='ocrx_word' id='word_1_361' title='bbox 1202 3568 1537 3638; x_wconf 88' lang='lat' dir='ltr'><strong>cognoscetis</strong></span> <span class='ocrx_word' id='word_1_362' title='bbox 1577 3566 1717 3636; x_wconf 89' lang='lat' dir='ltr'><strong>quod</strong></span> <span class='ocrx_word' id='word_1_363' title='bbox 1772 3563 2030 3616; x_wconf 91' lang='lat' dir='ltr'><strong>Dominus</strong></span> <span class='ocrx_word' id='word_1_364' title='bbox 2062 3558 2397 3626; x_wconf 86' lang='lat' dir='ltr'><strong>omnipotens</strong></span> 
     </span>
    </p>
   </div>
   <div class='ocr_carea' id='block_1_54' title="bbox 871 3647 2397 3729">
    <p class='ocr_par' dir='ltr' id='par_1_54' title="bbox 871 3647 2397 3729">
     <span class='ocr_line' id='line_1_57' title="bbox 871 3647 2397 3729; baseline -0.012 -14"><span class='ocrx_word' id='word_1_365' title='bbox 871 3663 1019 3716; x_wconf 91' lang='lat' dir='ltr'><strong>misit</strong></span> <span class='ocrx_word' id='word_1_366' title='bbox 1044 3677 1146 3714; x_wconf 89' lang='lat' dir='ltr'><strong>me.</strong></span> <span class='ocrx_word' id='word_1_367' title='bbox 1184 3678 1203 3711; x_wconf 72' lang='grc' dir='ltr'><strong>ι</strong></span> <span class='ocrx_word' id='word_1_368' title='bbox 1243 3659 1405 3729; x_wconf 87' lang='lat' dir='ltr'><strong>Igitur</strong></span> <span class='ocrx_word' id='word_1_369' title='bbox 1439 3658 1602 3712; x_wconf 86' lang='lat' dir='ltr'><strong>etiam</strong></span> <span class='ocrx_word' id='word_1_370' title='bbox 1643 3657 1745 3709; x_wconf 87' lang='lat' dir='ltr'><strong>hoc</strong></span> <span class='ocrx_word' id='word_1_371' title='bbox 1787 3655 1905 3707; x_wconf 91' lang='lat' dir='ltr'><strong>loco</strong></span> <span class='ocrx_word' id='word_1_372' title='bbox 1946 3652 2081 3705; x_wconf 89' lang='lat' dir='ltr'><strong>duos</strong></span> <span class='ocrx_word' id='word_1_373' title='bbox 2119 3647 2397 3724; x_wconf 88' lang='lat' dir='ltr'><strong>perspicue</strong></span> 
     </span>
    </p>
   </div>
   <div class='ocr_carea' id='block_1_55' title="bbox 871 3718 2394 3818">
    <p class='ocr_par' dir='ltr' id='par_1_55' title="bbox 871 3718 2394 3818">
     <span class='ocr_line' id='line_1_58' title="bbox 871 3718 2394 3818; baseline -0.012 -12"><span class='ocrx_word' id='word_1_374' title='bbox 871 3753 1059 3813; x_wconf 85' lang='lat' dir='ltr'><strong>babes,</strong></span> <span class='ocrx_word' id='word_1_375' title='bbox 1082 3751 1173 3818; x_wconf 85' lang='lat' dir='ltr'><strong>qui</strong></span> <span class='ocrx_word' id='word_1_376' title='bbox 1192 3754 1375 3803; x_wconf 85' lang='lat' dir='ltr'><strong>eadem</strong></span> <span class='ocrx_word' id='word_1_377' title='bbox 1405 3757 1624 3801; x_wconf 88' lang='lat' dir='ltr'><strong>utantur</strong></span> <span class='ocrx_word' id='word_1_378' title='bbox 1646 3743 2020 3815; x_wconf 89' lang='lat' dir='ltr'><strong>appellatione,</strong></span> <span class='ocrx_word' id='word_1_379' title='bbox 2050 3753 2215 3793; x_wconf 92' lang='lat' dir='ltr'><strong>unum</strong></span> <span class='ocrx_word' id='word_1_380' title='bbox 2252 3718 2394 3799; x_wconf 86' lang='lat' dir='ltr'><strong>eum,</strong></span> 
     </span>
    </p>
   </div>
   <div class='ocr_carea' id='block_1_56' title="bbox 870 3825 2395 3909">
    <p class='ocr_par' dir='ltr' id='par_1_56' title="bbox 870 3825 2395 3909">
     <span class='ocr_line' id='line_1_59' title="bbox 870 3825 2395 3909; baseline -0.012 -16"><span class='ocrx_word' id='word_1_381' title='bbox 870 3842 961 3909; x_wconf 86' lang='lat' dir='ltr'><strong>qui</strong></span> <span class='ocrx_word' id='word_1_382' title='bbox 979 3840 1121 3892; x_wconf 89' lang='lat' dir='ltr'><strong>misit</strong></span> <span class='ocrx_word' id='word_1_383' title='bbox 1142 3837 1421 3890; x_wconf 91' lang='lat' dir='ltr'><strong>Dominum</strong></span> <span class='ocrx_word' id='word_1_384' title='bbox 1443 3839 1874 3905; x_wconf 88' lang='lat' dir='ltr'><strong>omnipotentem,</strong></span> <span class='ocrx_word' id='word_1_385' title='bbox 1900 3832 2122 3884; x_wconf 91' lang='lat' dir='ltr'><strong>alterum</strong></span> <span class='ocrx_word' id='word_1_386' title='bbox 2139 3841 2280 3886; x_wconf 87' lang='lat' dir='ltr'><strong>eum,</strong></span> <span class='ocrx_word' id='word_1_387' title='bbox 2307 3825 2395 3892; x_wconf 88' lang='lat' dir='ltr'><strong>qui</strong></span> 
     </span>
    </p>
   </div>
   <div class='ocr_carea' id='block_1_57' title="bbox 872 3914 2397 4011">
    <p class='ocr_par' dir='ltr' id='par_1_57' title="bbox 872 3914 2397 4011">
     <span class='ocr_line' id='line_1_60' title="bbox 872 3914 2397 4011; baseline -0.01 -26"><span class='ocrx_word' id='word_1_388' title='bbox 872 3932 1121 4011; x_wconf 85' lang='lat' dir='ltr'><strong>mittitur,</strong></span> <span class='ocrx_word' id='word_1_389' title='bbox 1152 3928 1388 3996; x_wconf 87' lang='lat' dir='ltr'><strong>ejusdem</strong></span> <span class='ocrx_word' id='word_1_390' title='bbox 1421 3942 1542 3980; x_wconf 90' lang='lat' dir='ltr'><strong>eum</strong></span> <span class='ocrx_word' id='word_1_391' title='bbox 1574 3940 1638 3980; x_wconf 93' lang='lat' dir='ltr'><strong>eo</strong></span> <span class='ocrx_word' id='word_1_392' title='bbox 1666 3924 1756 3993; x_wconf 86' lang='lat' dir='ltr'><strong>qui</strong></span> <span class='ocrx_word' id='word_1_393' title='bbox 1788 3922 1934 3976; x_wconf 89' lang='lat' dir='ltr'><strong>misit</strong></span> <span class='ocrx_word' id='word_1_394' title='bbox 1960 3919 2210 3973; x_wconf 87' lang='lat' dir='ltr'><strong>nominis.</strong></span> <span class='ocrx_word' id='word_1_395' title='bbox 2239 3914 2397 3983; x_wconf 77' lang='lat'><strong>282</strong></span> 
     </span>
    </p>
   </div>
   <div class='ocr_carea' id='block_1_58' title="bbox 871 4003 2397 4089">
    <p class='ocr_par' dir='ltr' id='par_1_58' title="bbox 871 4003 2397 4089">
     <span class='ocr_line' id='line_1_61' title="bbox 871 4003 2397 4089; baseline -0.014 -13"><span class='ocrx_word' id='word_1_396' title='bbox 871 4008 1039 4089; x_wconf 81' lang='lat' dir='ltr'><strong>Quem</strong></span> <span class='ocrx_word' id='word_1_397' title='bbox 1074 4033 1234 4088; x_wconf 88' lang='lat' dir='ltr'><strong>porro</strong></span> <span class='ocrx_word' id='word_1_398' title='bbox 1277 4017 1439 4069; x_wconf 91' lang='lat' dir='ltr'><strong>alium</strong></span> <span class='ocrx_word' id='word_1_399' title='bbox 1489 4016 1688 4069; x_wconf 78' lang='lat' dir='ltr'><strong>dixeris</strong></span> <span class='ocrx_word' id='word_1_400' title='bbox 1722 4027 1841 4068; x_wconf 90' lang='lat' dir='ltr'><strong>eum</strong></span> <span class='ocrx_word' id='word_1_401' title='bbox 1882 4010 1971 4079; x_wconf 89' lang='lat' dir='ltr'><strong>qui</strong></span> <span class='ocrx_word' id='word_1_402' title='bbox 2015 4006 2261 4065; x_wconf 87' lang='lat' dir='ltr'><strong>mittitur,</strong></span> <span class='ocrx_word' id='word_1_403' title='bbox 2291 4003 2397 4055; x_wconf 90' lang='lat' dir='ltr'><strong>nisi</strong></span> 
     </span>
    </p>
   </div>
   <div class='ocr_carea' id='block_1_59' title="bbox 871 4088 2395 4179">
    <p class='ocr_par' dir='ltr' id='par_1_59' title="bbox 871 4088 2395 4179">
     <span class='ocr_line' id='line_1_62' title="bbox 871 4088 2395 4179; baseline -0.016 -13"><span class='ocrx_word' id='word_1_404' title='bbox 871 4088 991 4167; x_wconf 90' lang='lat' dir='ltr'><strong>eum</strong></span> <span class='ocrx_word' id='word_1_405' title='bbox 1022 4124 1177 4179; x_wconf 85' lang='lat' dir='ltr'><strong>quem</strong></span> <span class='ocrx_word' id='word_1_406' title='bbox 1207 4113 1329 4160; x_wconf 88' lang='lat' dir='ltr'><strong>ante</strong></span> <span class='ocrx_word' id='word_1_407' title='bbox 1372 4121 1471 4160; x_wconf 91' lang='lat' dir='ltr'><strong>nos</strong></span> <span class='ocrx_word' id='word_1_408' title='bbox 1517 4105 1757 4175; x_wconf 89' lang='lat' dir='ltr'><strong>pluribus</strong></span> <span class='ocrx_word' id='word_1_409' title='bbox 1807 4088 2185 4169; x_wconf 84' lang='lat' dir='ltr'><strong>appellavimus</strong></span> <span class='ocrx_word' id='word_1_410' title='bbox 2234 4092 2395 4146; x_wconf 89' lang='lat' dir='ltr'><strong>Deum</strong></span> 
     </span>
    </p>
   </div>
   <div class='ocr_carea' id='block_1_60' title="bbox 872 4183 2396 4267">
    <p class='ocr_par' dir='ltr' id='par_1_60' title="bbox 872 4183 2396 4267">
     <span class='ocr_line' id='line_1_63' title="bbox 872 4183 2396 4267; baseline -0.016 -9"><span class='ocrx_word' id='word_1_411' title='bbox 872 4202 1128 4263; x_wconf 79' lang='lat' dir='ltr'><strong>Verbum,</strong></span> <span class='ocrx_word' id='word_1_412' title='bbox 1161 4197 1249 4267; x_wconf 89' lang='lat' dir='ltr'><strong>qui</strong></span> <span class='ocrx_word' id='word_1_413' title='bbox 1295 4212 1323 4249; x_wconf 90' lang='lat' dir='ltr'><strong>a</strong></span> <span class='ocrx_word' id='word_1_414' title='bbox 1353 4186 1511 4250; x_wconf 79' lang='lat' dir='ltr'><strong>Patre</strong></span> <span class='ocrx_word' id='word_1_415' title='bbox 1545 4197 1768 4250; x_wconf 79' lang='lat' dir='ltr'><strong>missum</strong></span> <span class='ocrx_word' id='word_1_416' title='bbox 1807 4209 1864 4246; x_wconf 90' lang='lat' dir='ltr'><strong>se</strong></span> <span class='ocrx_word' id='word_1_417' title='bbox 1894 4189 2196 4251; x_wconf 80' lang='lat' dir='ltr'><strong>conﬁtetur,</strong></span> <span class='ocrx_word' id='word_1_418' title='bbox 2225 4193 2277 4237; x_wconf 91' lang='lat' dir='ltr'><strong>et</strong></span> <span class='ocrx_word' id='word_1_419' title='bbox 2306 4183 2396 4252; x_wconf 92' lang='lat' dir='ltr'><strong>qui</strong></span> 
     </span>
    </p>
   </div>
   <div class='ocr_carea' id='block_1_61' title="bbox 873 4272 2397 4352">
    <p class='ocr_par' dir='ltr' id='par_1_61' title="bbox 873 4272 2397 4352">
     <span class='ocr_line' id='line_1_64' title="bbox 873 4272 2397 4352; baseline -0.014 -8"><span class='ocrx_word' id='word_1_420' title='bbox 873 4288 1153 4344; x_wconf 82' lang='lat' dir='ltr'><strong>manifeste</strong></span> <span class='ocrx_word' id='word_1_421' title='bbox 1177 4286 1349 4339; x_wconf 84' lang='lat' dir='ltr'><strong>dixit:</strong></span> <span class='ocrx_word' id='word_1_422' title='bbox 1389 4303 1406 4334; x_wconf 75' lang='grc' dir='ltr'><strong>ι</strong></span> <span class='ocrx_word' id='word_1_423' title='bbox 1444 4283 1570 4337; x_wconf 93' lang='lat' dir='ltr'><strong>Post</strong></span> <span class='ocrx_word' id='word_1_424' title='bbox 1612 4283 1833 4352; x_wconf 80' lang='lat' dir='ltr'><strong>gloriam</strong></span> <span class='ocrx_word' id='word_1_425' title='bbox 1869 4279 2014 4333; x_wconf 89' lang='lat' dir='ltr'><strong>misit</strong></span> <span class='ocrx_word' id='word_1_426' title='bbox 2041 4291 2147 4338; x_wconf 90' lang='lat' dir='ltr'><strong>me,</strong></span> <span class='ocrx_word' id='word_1_427' title='bbox 2193 4294 2211 4326; x_wconf 85' lang='grc'><strong>›</strong></span> <span class='ocrx_word' id='word_1_428' title='bbox 2266 4272 2397 4326; x_wconf 90' lang='lat' dir='ltr'><strong>illud</strong></span> 
     </span>
    </p>
   </div>
   <div class='ocr_carea' id='block_1_62' title="bbox 2450 2192 3335 2269">
    <p class='ocr_par' dir='ltr' id='par_1_62' title="bbox 2450 2192 3335 2269">
     <span class='ocr_line' id='line_1_65' title="bbox 2450 2192 3335 2269; baseline -0.02 -10"><span class='ocrx_word' id='word_1_429' title='bbox 2450 2205 2606 2259; x_wconf 81' lang='lat' dir='ltr'><strong>linem</strong></span> <span class='ocrx_word' id='word_1_430' title='bbox 2643 2203 2895 2269; x_wconf 89' lang='lat' dir='ltr'><strong>imponet,</strong></span> <span class='ocrx_word' id='word_1_431' title='bbox 2945 2192 3148 2263; x_wconf 90' lang='lat' dir='ltr'><strong>quibus</strong></span> <span class='ocrx_word' id='word_1_432' title='bbox 3178 2203 3335 2241; x_wconf 88' lang='lat' dir='ltr'><strong>nunc</strong></span> 
     </span>
    </p>
   </div>
   <div class='ocr_carea' id='block_1_63' title="bbox 2982 2382 3341 2437">
    <p class='ocr_par' dir='ltr' id='par_1_63' title="bbox 2982 2382 3341 2437">
     <span class='ocr_line' id='line_1_66' title="bbox 2982 2382 3341 2437; baseline -0.017 0"><span class='ocrx_word' id='word_1_433' title='bbox 2982 2382 3341 2437; x_wconf 80' lang='grc' dir='ltr'><strong>ΚΕΦΑΛΛΙΟ</strong></span> 
     </span>
    </p>
   </div>
   <div class='ocr_carea' id='block_1_64' title="bbox 2499 2493 3346 2566">
    <p class='ocr_par' dir='ltr' id='par_1_64' title="bbox 2499 2493 3346 2566">
     <span class='ocr_line' id='line_1_67' title="bbox 2499 2493 3346 2566; baseline -0.019 -6"><span class='ocrx_word' id='word_1_434' title='bbox 2499 2503 2640 2561; x_wconf 80' lang='grc' dir='ltr'><strong>Ἀπὸ</strong></span> <span class='ocrx_word' id='word_1_435' title='bbox 2680 2501 2783 2555; x_wconf 84' lang='grc' dir='ltr'><strong>τοῦ</strong></span> <span class='ocrx_word' id='word_1_436' title='bbox 2829 2497 3148 2566; x_wconf 81' lang='grc' dir='ltr'>Ζαχαρίου.</span> <span class='ocrx_word' id='word_1_437' title='bbox 3189 2523 3271 2566; x_wconf 16' lang='lat'><strong>7—:</strong></span> 
     </span>
    </p>
   </div>
   <div class='ocr_carea' id='block_1_65' title="bbox 2557 2562 3346 2639">
    <p class='ocr_par' dir='ltr' id='par_1_65' title="bbox 2557 2562 3346 2639">
     <span class='ocr_line' id='line_1_68' title="bbox 2557 2562 3346 2639; baseline -0.016 -13"><span class='ocrx_word' id='word_1_438' title='bbox 2557 2571 2775 2639; x_wconf 81' lang='grc' dir='ltr'>κράτωρ</span> <span class='ocrx_word' id='word_1_439' title='bbox 2802 2562 3078 2639; x_wconf 57' lang='grc' dir='ltr'>ὁμολογεῖ</span> <span class='ocrx_word' id='word_1_440' title='bbox 3099 2565 3201 2639; x_wconf 56' lang='lat'><strong>3550’</strong></span> 
     </span>
    </p>
   </div>
   <div class='ocr_carea' id='block_1_66' title="bbox 2556 2629 3342 2708">
    <p class='ocr_par' dir='ltr' id='par_1_66' title="bbox 2556 2629 3342 2708">
     <span class='ocr_line' id='line_1_69' title="bbox 2556 2629 3342 2708; baseline -0.018 -13"><span class='ocrx_word' id='word_1_441' title='bbox 2556 2629 2726 2708; x_wconf 66' lang='lat' dir='ltr'><strong>topoc</strong></span> <span class='ocrx_word' id='word_1_442' title='bbox 2738 2629 2848 2691; x_wconf 69' lang='grc' dir='ltr'><em>’ἐπὶ</em></span> <span class='ocrx_word' id='word_1_443' title='bbox 2878 2629 3220 2700; x_wconf 74' lang='grc' dir='ltr'>καθάιρέόνει</span> <span class='ocrx_word' id='word_1_444' title='bbox 3258 2629 3342 2682; x_wconf 82' lang='grc' dir='ltr'>τῶ</span> 
     </span>
    </p>
   </div>
   <div class='ocr_carea' id='block_1_67' title="bbox 2567 2746 3346 2817">
    <p class='ocr_par' dir='ltr' id='par_1_67' title="bbox 2567 2746 3346 2817">
     <span class='ocr_line' id='line_1_70' title="bbox 2567 2746 3346 2817; baseline -0.014 -11"><span class='ocrx_word' id='word_1_445' title='bbox 2567 2773 2585 2805; x_wconf 75' lang='grc' dir='ltr'><strong>ι</strong></span> <span class='ocrx_word' id='word_1_446' title='bbox 2619 2752 2753 2805; x_wconf 80' lang='grc' dir='ltr'>Τάδε</span> <span class='ocrx_word' id='word_1_447' title='bbox 2784 2750 2928 2817; x_wconf 80' lang='grc' dir='ltr'>λέγει</span> <span class='ocrx_word' id='word_1_448' title='bbox 2959 2746 3169 2817; x_wconf 83' lang='grc' dir='ltr'>Κύριος</span> <span class='ocrx_word' id='word_1_449' title='bbox 3196 2760 3346 2796; x_wconf 87' lang='grc' dir='ltr'>παντ</span> 
     </span>
    </p>
   </div>
   <div class='ocr_carea' id='block_1_68' title="bbox 2491 2834 3316 2909">
    <p class='ocr_par' dir='ltr' id='par_1_68' title="bbox 2491 2834 3316 2909">
     <span class='ocr_line' id='line_1_71' title="bbox 2491 2834 3316 2909; baseline -0.017 -10"><span class='ocrx_word' id='word_1_450' title='bbox 2491 2842 2789 2899; x_wconf 78' lang='grc' dir='ltr'>ἀπέσταλκέ</span> <span class='ocrx_word' id='word_1_451' title='bbox 2833 2856 2899 2909; x_wconf 89' lang='grc' dir='ltr'><strong>με</strong></span> <span class='ocrx_word' id='word_1_452' title='bbox 2931 2839 3024 2889; x_wconf 71' lang='grc' dir='ltr'>ἐπὶ</span> <span class='ocrx_word' id='word_1_453' title='bbox 3069 2836 3141 2889; x_wconf 78' lang='grc' dir='ltr'>τὰ</span> <span class='ocrx_word' id='word_1_454' title='bbox 3180 2834 3316 2903; x_wconf 72' lang='grc' dir='ltr'>ἔθνη</span> 
     </span>
    </p>
   </div>
   <div class='ocr_carea' id='block_1_69' title="bbox 2489 2925 3334 2999">
    <p class='ocr_par' dir='ltr' id='par_1_69' title="bbox 2489 2925 3334 2999">
     <span class='ocr_line' id='line_1_72' title="bbox 2489 2925 3334 2999; baseline -0.015 -11"><span class='ocrx_word' id='word_1_455' title='bbox 2489 2935 2617 2988; x_wconf 85' lang='grc' dir='ltr'>διότι</span> <span class='ocrx_word' id='word_1_456' title='bbox 2641 2936 2669 2986; x_wconf 85' lang='grc' dir='ltr'>ὁ</span> <span class='ocrx_word' id='word_1_457' title='bbox 2694 2931 2991 2999; x_wconf 83' lang='grc' dir='ltr'>ἁπτόμενος</span> <span class='ocrx_word' id='word_1_458' title='bbox 3021 2925 3180 2995; x_wconf 80' lang='grc' dir='ltr'>ὑμῶν</span> <span class='ocrx_word' id='word_1_459' title='bbox 3203 2964 3218 2988; x_wconf 93' lang='grc'><strong>,</strong></span> <span class='ocrx_word' id='word_1_460' title='bbox 3250 2925 3334 2988; x_wconf 81' lang='grc' dir='ltr'><strong>ὡς</strong></span> 
     </span>
    </p>
   </div>
   <div class='ocr_carea' id='block_1_70' title="bbox 2492 2990 3346 3085">
    <p class='ocr_par' dir='ltr' id='par_1_70' title="bbox 2492 2990 3346 3085">
     <span class='ocr_line' id='line_1_73' title="bbox 2492 2990 3346 3085; baseline -0.013 -12"><span class='ocrx_word' id='word_1_461' title='bbox 2492 3021 2580 3073; x_wconf 85' lang='grc' dir='ltr'><strong>τοῦ</strong></span> <span class='ocrx_word' id='word_1_462' title='bbox 2626 3014 2897 3085; x_wconf 74' lang='grc' dir='ltr'>ὀφθαλμοῦ</span> <span class='ocrx_word' id='word_1_463' title='bbox 2938 3012 3124 3067; x_wconf 72' lang='grc' dir='ltr'>αὐτοῦ.</span> <span class='ocrx_word' id='word_1_464' title='bbox 3171 2990 3346 3064; x_wconf 58' lang='grc' dir='ltr'>Διότί</span> 
     </span>
    </p>
   </div>
   <div class='ocr_carea' id='block_1_71' title="bbox 2493 3102 3344 3182">
    <p class='ocr_par' dir='ltr' id='par_1_71' title="bbox 2493 3102 3344 3182">
     <span class='ocr_line' id='line_1_74' title="bbox 2493 3102 3344 3182; baseline -0.012 -19"><span class='ocrx_word' id='word_1_465' title='bbox 2493 3110 2647 3182; x_wconf 86' lang='grc' dir='ltr'><strong>χεῖρά</strong></span> <span class='ocrx_word' id='word_1_466' title='bbox 2674 3125 2772 3178; x_wconf 88' lang='grc' dir='ltr'><strong>μου</strong></span> <span class='ocrx_word' id='word_1_467' title='bbox 2799 3107 2881 3158; x_wconf 80' lang='grc' dir='ltr'><strong>ἐπ’</strong></span> <span class='ocrx_word' id='word_1_468' title='bbox 2906 3106 3112 3166; x_wconf 81' lang='grc' dir='ltr'>αὐτοῖς,</span> <span class='ocrx_word' id='word_1_469' title='bbox 3137 3104 3240 3155; x_wconf 71' lang='grc' dir='ltr'>καὶ</span> <span class='ocrx_word' id='word_1_470' title='bbox 3275 3102 3344 3153; x_wconf 73' lang='lat' dir='ltr'><strong>Ec:</strong></span> 
     </span>
    </p>
   </div>
   <div class='ocr_carea' id='block_1_72' title="bbox 2494 3191 3346 3261">
    <p class='ocr_par' dir='ltr' id='par_1_72' title="bbox 2494 3191 3346 3261">
     <span class='ocr_line' id='line_1_75' title="bbox 2494 3191 3346 3261; baseline -0.013 -6"><span class='ocrx_word' id='word_1_471' title='bbox 2494 3218 2650 3255; x_wconf 90' lang='grc' dir='ltr'>σασιν</span> <span class='ocrx_word' id='word_1_472' title='bbox 2710 3199 2919 3259; x_wconf 75' lang='grc' dir='ltr'>αὐτοῖς,</span> <span class='ocrx_word' id='word_1_473' title='bbox 2970 3195 3066 3247; x_wconf 77' lang='grc' dir='ltr'><strong>καὶ</strong></span> <span class='ocrx_word' id='word_1_474' title='bbox 3123 3191 3346 3261; x_wconf 75' lang='grc' dir='ltr'>γνώσεο</span> 
     </span>
    </p>
   </div>
   <div class='ocr_carea' id='block_1_73' title="bbox 2491 3281 3316 3360">
    <p class='ocr_par' dir='ltr' id='par_1_73' title="bbox 2491 3281 3316 3360">
     <span class='ocr_line' id='line_1_76' title="bbox 2491 3281 3316 3360; baseline -0.015 -17"><span class='ocrx_word' id='word_1_475' title='bbox 2491 3289 2705 3360; x_wconf 79' lang='grc' dir='ltr'>κράτωρ</span> <span class='ocrx_word' id='word_1_476' title='bbox 2740 3281 3104 3351; x_wconf 78' lang='grc' dir='ltr'>ὲξαπέσταλκέ</span> <span class='ocrx_word' id='word_1_477' title='bbox 3153 3298 3248 3350; x_wconf 88' lang='grc' dir='ltr'>με.</span> <span class='ocrx_word' id='word_1_478' title='bbox 3296 3300 3316 3331; x_wconf 74' lang='grc' dir='ltr'><strong>ι</strong></span> 
     </span>
    </p>
   </div>
   <div class='ocr_carea' id='block_1_74' title="bbox 2491 3371 3346 3452">
    <p class='ocr_par' dir='ltr' id='par_1_74' title="bbox 2491 3371 3346 3452">
     <span class='ocr_line' id='line_1_77' title="bbox 2491 3371 3346 3452; baseline -0.014 -19"><span class='ocrx_word' id='word_1_479' title='bbox 2491 3380 2700 3452; x_wconf 84' lang='grc' dir='ltr'>κράτωρ</span> <span class='ocrx_word' id='word_1_480' title='bbox 2730 3377 2786 3428; x_wconf 84' lang='grc' dir='ltr'>ὲν</span> <span class='ocrx_word' id='word_1_481' title='bbox 2813 3373 3019 3435; x_wconf 80' lang='grc' dir='ltr'>τούτοις</span> <span class='ocrx_word' id='word_1_482' title='bbox 3054 3371 3255 3423; x_wconf 79' lang='grc' dir='ltr'>ἑαυτὸν</span> <span class='ocrx_word' id='word_1_483' title='bbox 3297 3373 3346 3423; x_wconf 70' lang='grc' dir='ltr'><strong>εὶ⁴</strong></span> 
     </span>
    </p>
   </div>
   <div class='ocr_carea' id='block_1_75' title="bbox 2493 3460 3346 3531">
    <p class='ocr_par' dir='ltr' id='par_1_75' title="bbox 2493 3460 3346 3531">
     <span class='ocr_line' id='line_1_78' title="bbox 2493 3460 3346 3531; baseline -0.015 -7"><span class='ocrx_word' id='word_1_484' title='bbox 2493 3467 2902 3526; x_wconf 82' lang='grc' dir='ltr'>ἀποστείλαντα,</span> <span class='ocrx_word' id='word_1_485' title='bbox 2962 3463 3110 3524; x_wconf 82' lang='grc' dir='ltr'>ὅστις</span> <span class='ocrx_word' id='word_1_486' title='bbox 3157 3460 3275 3531; x_wconf 81' lang='grc' dir='ltr'>εἴη,</span> <span class='ocrx_word' id='word_1_487' title='bbox 3336 3463 3346 3511; x_wconf 83' lang='lat' dir='ltr'><strong>i</strong></span> 
     </span>
    </p>
   </div>
   <div class='ocr_carea' id='block_1_76' title="bbox 2491 3551 3346 3629">
    <p class='ocr_par' dir='ltr' id='par_1_76' title="bbox 2491 3551 3346 3629">
     <span class='ocr_line' id='line_1_79' title="bbox 2491 3551 3346 3629; baseline -0.013 -16"><span class='ocrx_word' id='word_1_488' title='bbox 2491 3557 2756 3629; x_wconf 82' lang='grc' dir='ltr'>γνώσεσθε</span> <span class='ocrx_word' id='word_1_489' title='bbox 2782 3594 2797 3616; x_wconf 88' lang='grc'><strong>,</strong></span> <span class='ocrx_word' id='word_1_490' title='bbox 2848 3555 2930 3606; x_wconf 86' lang='grc' dir='ltr'>ὅτι</span> <span class='ocrx_word' id='word_1_491' title='bbox 2978 3551 3189 3621; x_wconf 81' lang='grc' dir='ltr'>Κύριος</span> <span class='ocrx_word' id='word_1_492' title='bbox 3249 3568 3346 3603; x_wconf 73' lang='grc' dir='ltr'>πω</span> 
     </span>
    </p>
   </div>
   <div class='ocr_carea' id='block_1_77' title="bbox 2496 3641 3314 3721">
    <p class='ocr_par' dir='ltr' id='par_1_77' title="bbox 2496 3641 3314 3721">
     <span class='ocr_line' id='line_1_80' title="bbox 2496 3641 3314 3721; baseline -0.01 -18"><span class='ocrx_word' id='word_1_493' title='bbox 2496 3668 2581 3721; x_wconf 88' lang='grc' dir='ltr'>με.</span> <span class='ocrx_word' id='word_1_494' title='bbox 2616 3668 2633 3699; x_wconf 77' lang='grc' dir='ltr'><strong>ι</strong></span> <span class='ocrx_word' id='word_1_495' title='bbox 2679 3645 2882 3701; x_wconf 79' lang='grc' dir='ltr'>Οὐκοῦν</span> <span class='ocrx_word' id='word_1_496' title='bbox 2934 3643 3025 3697; x_wconf 72' lang='grc' dir='ltr'>καὶ</span> <span class='ocrx_word' id='word_1_497' title='bbox 3064 3641 3314 3695; x_wconf 74' lang='grc' dir='ltr'>ἐνταῦθα.</span> 
     </span>
    </p>
   </div>
   <div class='ocr_carea' id='block_1_78' title="bbox 2493 3732 3321 3810">
    <p class='ocr_par' dir='ltr' id='par_1_78' title="bbox 2493 3732 3321 3810">
     <span class='ocr_line' id='line_1_81' title="bbox 2493 3732 3321 3810; baseline -0.01 -18"><span class='ocrx_word' id='word_1_498' title='bbox 2493 3738 2797 3810; x_wconf 83' lang='grc' dir='ltr'>χρωμένους</span> <span class='ocrx_word' id='word_1_499' title='bbox 2824 3732 3191 3805; x_wconf 82' lang='grc' dir='ltr'>προσηγορίᾳ,</span> <span class='ocrx_word' id='word_1_500' title='bbox 3220 3732 3321 3785; x_wconf 87' lang='grc' dir='ltr'><strong>τόν</strong></span> 
     </span>
    </p>
   </div>
   <div class='ocr_carea' id='block_1_79' title="bbox 2495 3823 3346 3895">
    <p class='ocr_par' dir='ltr' id='par_1_79' title="bbox 2495 3823 3346 3895">
     <span class='ocr_line' id='line_1_82' title="bbox 2495 3823 3346 3895; baseline -0.008 -13"><span class='ocrx_word' id='word_1_501' title='bbox 2495 3826 2925 3895; x_wconf 81' lang='grc' dir='ltr'>παντοκράτορα,</span> <span class='ocrx_word' id='word_1_502' title='bbox 2952 3823 3047 3877; x_wconf 73' lang='grc' dir='ltr'><strong>καὶ</strong></span> <span class='ocrx_word' id='word_1_503' title='bbox 3073 3823 3166 3875; x_wconf 82' lang='grc' dir='ltr'><strong>τὸν</strong></span> <span class='ocrx_word' id='word_1_504' title='bbox 3191 3823 3346 3876; x_wconf 79' lang='grc' dir='ltr'>ἁποσ</span> 
     </span>
    </p>
   </div>
   <div class='ocr_carea' id='block_1_80' title="bbox 2492 3912 3346 3972">
    <p class='ocr_par' dir='ltr' id='par_1_80' title="bbox 2492 3912 3346 3972">
     <span class='ocr_line' id='line_1_83' title="bbox 2492 3912 3346 3972; baseline -0.012 0"><span class='ocrx_word' id='word_1_505' title='bbox 2492 3916 2887 3972; x_wconf 80' lang='grc' dir='ltr'>ἀποστείλαντι.</span> <span class='ocrx_word' id='word_1_506' title='bbox 2922 3914 3055 3965; x_wconf 81' lang='grc' dir='ltr'>Τίνα</span> <span class='ocrx_word' id='word_1_507' title='bbox 3080 3913 3124 3966; x_wconf 87' lang='grc' dir='ltr'>δ’</span> <span class='ocrx_word' id='word_1_508' title='bbox 3160 3912 3232 3966; x_wconf 83' lang='grc' dir='ltr'>ἂν</span> <span class='ocrx_word' id='word_1_509' title='bbox 3267 3914 3346 3965; x_wconf 74' lang='grc' dir='ltr'>’ἐτι</span> 
     </span>
    </p>
   </div>
   <div class='ocr_carea' id='block_1_81' title="bbox 2492 4003 3345 4075">
    <p class='ocr_par' dir='ltr' id='par_1_81' title="bbox 2492 4003 3345 4075">
     <span class='ocr_line' id='line_1_84' title="bbox 2492 4003 3345 4075; baseline -0.007 -16"><span class='ocrx_word' id='word_1_510' title='bbox 2492 4006 2736 4075; x_wconf 87' lang='grc' dir='ltr'>λόμενον,</span> <span class='ocrx_word' id='word_1_511' title='bbox 2782 4004 2814 4073; x_wconf 83' lang='grc' dir='ltr'>ἢ</span> <span class='ocrx_word' id='word_1_512' title='bbox 2860 4004 2950 4055; x_wconf 80' lang='grc' dir='ltr'><strong>τὸν</strong></span> <span class='ocrx_word' id='word_1_513' title='bbox 3001 4003 3090 4056; x_wconf 79' lang='grc' dir='ltr'>διὰ</span> <span class='ocrx_word' id='word_1_514' title='bbox 3138 4003 3345 4056; x_wconf 81' lang='grc' dir='ltr'>πλειόν</span> 
     </span>
    </p>
   </div>
   <div class='ocr_carea' id='block_1_82' title="bbox 2492 4093 3346 4165">
    <p class='ocr_par' dir='ltr' id='par_1_82' title="bbox 2492 4093 3346 4165">
     <span class='ocr_line' id='line_1_85' title="bbox 2492 4093 3346 4165; baseline -0.001 -16"><span class='ocrx_word' id='word_1_515' title='bbox 2492 4097 2620 4150; x_wconf 84' lang='grc' dir='ltr'>Θεὸν</span> <span class='ocrx_word' id='word_1_516' title='bbox 2668 4095 2835 4162; x_wconf 85' lang='grc' dir='ltr'>Λόγον</span> <span class='ocrx_word' id='word_1_517' title='bbox 2855 4132 2870 4156; x_wconf 94' lang='grc'><strong>,</strong></span> <span class='ocrx_word' id='word_1_518' title='bbox 2916 4094 3050 4165; x_wconf 80' lang='grc' dir='ltr'>πρὸς</span> <span class='ocrx_word' id='word_1_519' title='bbox 3095 4093 3195 4147; x_wconf 89' lang='grc' dir='ltr'><strong>τοῦ</strong></span> <span class='ocrx_word' id='word_1_520' title='bbox 3240 4096 3346 4148; x_wconf 81' lang='grc' dir='ltr'><strong>[Ια⁴</strong></span> 
     </span>
    </p>
   </div>
   <div class='ocr_carea' id='block_1_83' title="bbox 2493 4183 3339 4255">
    <p class='ocr_par' dir='ltr' id='par_1_83' title="bbox 2493 4183 3339 4255">
     <span class='ocr_line' id='line_1_86' title="bbox 2493 4183 3339 4255; baseline -0.001 -17"><span class='ocrx_word' id='word_1_521' title='bbox 2493 4186 2687 4255; x_wconf 84' lang='grc' dir='ltr'>γοῦντα</span> <span class='ocrx_word' id='word_1_522' title='bbox 2709 4226 2722 4246; x_wconf 82' lang='grc'><strong>,</strong></span> <span class='ocrx_word' id='word_1_523' title='bbox 2758 4183 2942 4253; x_wconf 79' lang='grc' dir='ltr'>σαφῶς</span> <span class='ocrx_word' id='word_1_524' title='bbox 2974 4184 3030 4235; x_wconf 81' lang='grc' dir='ltr'>δὲ</span> <span class='ocrx_word' id='word_1_525' title='bbox 3099 4185 3339 4254; x_wconf 80' lang='grc' dir='ltr'>είρηκότ</span> 
     </span>
    </p>
   </div>
   <div class='ocr_carea' id='block_1_84' title="bbox 2494 4272 3346 4343">
    <p class='ocr_par' dir='ltr' id='par_1_84' title="bbox 2494 4272 3346 4343">
     <span class='ocr_line' id='line_1_87' title="bbox 2494 4272 3346 4343; baseline 0 -15"><span class='ocrx_word' id='word_1_526' title='bbox 2494 4275 2715 4328; x_wconf 86' lang='grc' dir='ltr'>έσταλκέ</span> <span class='ocrx_word' id='word_1_527' title='bbox 2751 4291 2838 4343; x_wconf 87' lang='grc' dir='ltr'><strong>με,</strong></span> <span class='ocrx_word' id='word_1_528' title='bbox 2872 4293 2890 4326; x_wconf 74' lang='grc' dir='ltr'><strong>ι</strong></span> <span class='ocrx_word' id='word_1_529' title='bbox 2928 4272 3217 4343; x_wconf 81' lang='grc' dir='ltr'>δηλοῦντα,</span> <span class='ocrx_word' id='word_1_530' title='bbox 3256 4277 3346 4329; x_wconf 82' lang='grc' dir='ltr'><strong>ὅτι</strong></span> 
     </span>
    </p>
   </div>
   <div class='ocr_carea' id='block_1_85' title="bbox 872 4362 2348 4451">
    <p class='ocr_par' dir='ltr' id='par_1_85' title="bbox 872 4364 2348 4446">
     <span class='ocr_line' id='line_1_88' title="bbox 872 4364 2348 4446; baseline -0.012 -13"><span class='ocrx_word' id='word_1_531' title='bbox 872 4379 1084 4433; x_wconf 89' lang='lat' dir='ltr'><strong>interim</strong></span> <span class='ocrx_word' id='word_1_532' title='bbox 1113 4377 1438 4446; x_wconf 80' lang='lat' dir='ltr'><strong>signiﬁcans,</strong></span> <span class='ocrx_word' id='word_1_533' title='bbox 1467 4373 1607 4442; x_wconf 84' lang='lat' dir='ltr'><strong>quod</strong></span> <span class='ocrx_word' id='word_1_534' title='bbox 1637 4372 1729 4440; x_wconf 90' lang='lat' dir='ltr'><strong>qui</strong></span> <span class='ocrx_word' id='word_1_535' title='bbox 1759 4376 1913 4423; x_wconf 88' lang='lat' dir='ltr'><strong>antea</strong></span> <span class='ocrx_word' id='word_1_536' title='bbox 1944 4366 2103 4421; x_wconf 78' lang='lat' dir='ltr'><strong>fuerit</strong></span> <span class='ocrx_word' id='word_1_537' title='bbox 2134 4365 2187 4419; x_wconf 90' lang='lat' dir='ltr'><strong>in</strong></span> <span class='ocrx_word' id='word_1_538' title='bbox 2227 4364 2348 4432; x_wconf 76' lang='lat' dir='ltr'><strong>glori</strong></span> 
     </span>
    </p>
   </div>
   <div class='ocr_carea' id='block_1_86' title="bbox 1869 4362 3345 4451">
    <p class='ocr_par' dir='ltr' id='par_1_86' title="bbox 1869 4362 3345 4451">
     <span class='ocr_line' id='line_1_89' title="bbox 1869 4362 3345 4451; baseline -0.007 -29"><span class='ocrx_word' id='word_1_539' title='bbox 1869 4384 1913 4422; x_wconf 79' lang='lat' dir='ltr'><strong>:a</strong></span> <span class='ocrx_word' id='word_1_540' title='bbox 1944 4366 2103 4421; x_wconf 77' lang='lat' dir='ltr'><strong>fuerit</strong></span> <span class='ocrx_word' id='word_1_541' title='bbox 2134 4365 2187 4419; x_wconf 92' lang='lat' dir='ltr'><strong>in</strong></span> <span class='ocrx_word' id='word_1_542' title='bbox 2227 4362 2393 4432; x_wconf 89' lang='lat' dir='ltr'><strong>gloria</strong></span> <span class='ocrx_word' id='word_1_543' title='bbox 2425 4364 2642 4451; x_wconf 44' lang='grc' dir='ltr'><strong>1ὶποιρείι</strong></span> <span class='ocrx_word' id='word_1_544' title='bbox 2671 4363 2747 4433; x_wconf 84' lang='grc' dir='ltr'><strong>τῷ</strong></span> <span class='ocrx_word' id='word_1_545' title='bbox 2773 4365 2967 4434; x_wconf 73' lang='grc' dir='ltr'>Ιιατρὶ,</span> <span class='ocrx_word' id='word_1_546' title='bbox 3008 4364 3151 4434; x_wconf 75' lang='grc' dir='ltr'>μετὰ</span> <span class='ocrx_word' id='word_1_547' title='bbox 3178 4366 3345 4421; x_wconf 74' lang='grc' dir='ltr'>ταῦτς</span> 
     </span>
    </p>
   </div>
   <div class='ocr_carea' id='block_1_87' title="bbox 873 4456 2392 4541">
    <p class='ocr_par' dir='ltr' id='par_1_87' title="bbox 873 4456 2392 4541">
     <span class='ocr_line' id='line_1_90' title="bbox 873 4456 2392 4541; baseline -0.012 -17"><span class='ocrx_word' id='word_1_548' title='bbox 873 4471 1012 4541; x_wconf 86' lang='lat' dir='ltr'><strong>apud</strong></span> <span class='ocrx_word' id='word_1_549' title='bbox 1068 4468 1329 4528; x_wconf 89' lang='lat' dir='ltr'><strong>Patrem,</strong></span> <span class='ocrx_word' id='word_1_550' title='bbox 1397 4469 1579 4531; x_wconf 86' lang='lat' dir='ltr'><strong>postea</strong></span> <span class='ocrx_word' id='word_1_551' title='bbox 1644 4462 1841 4515; x_wconf 87' lang='lat' dir='ltr'><strong>missus</strong></span> <span class='ocrx_word' id='word_1_552' title='bbox 1912 4458 1982 4512; x_wconf 93' lang='lat' dir='ltr'><strong>sit</strong></span> <span class='ocrx_word' id='word_1_553' title='bbox 2044 4456 2110 4509; x_wconf 90' lang='lat' dir='ltr'><strong>ad</strong></span> <span class='ocrx_word' id='word_1_554' title='bbox 2172 4461 2392 4525; x_wconf 91' lang='lat' dir='ltr'><strong>gentes,</strong></span> 
     </span>
    </p>
   </div>
   <div class='ocr_carea' id='block_1_88' title="bbox 873 4548 2397 4631">
    <p class='ocr_par' dir='ltr' id='par_1_88' title="bbox 873 4548 2397 4631">
     <span class='ocr_line' id='line_1_91' title="bbox 873 4548 2397 4631; baseline -0.013 -15"><span class='ocrx_word' id='word_1_555' title='bbox 873 4576 990 4631; x_wconf 77' lang='lat' dir='ltr'><strong>quze</strong></span> <span class='ocrx_word' id='word_1_556' title='bbox 1025 4557 1371 4629; x_wconf 87' lang='lat' dir='ltr'><strong>spoliaveriut</strong></span> <span class='ocrx_word' id='word_1_557' title='bbox 1394 4553 1524 4607; x_wconf 86' lang='lat' dir='ltr'><strong>vos?</strong></span> <span class='ocrx_word' id='word_1_558' title='bbox 1542 4553 1674 4606; x_wconf 86' lang='lat' dir='ltr'><strong>Cum</strong></span> <span class='ocrx_word' id='word_1_559' title='bbox 1696 4552 1834 4605; x_wconf 91' lang='lat' dir='ltr'><strong>enim</strong></span> <span class='ocrx_word' id='word_1_560' title='bbox 1860 4548 1923 4602; x_wconf 92' lang='lat' dir='ltr'><strong>ad</strong></span> <span class='ocrx_word' id='word_1_561' title='bbox 1957 4563 2048 4603; x_wconf 89' lang='lat' dir='ltr'><strong>eas</strong></span> <span class='ocrx_word' id='word_1_562' title='bbox 2073 4554 2257 4617; x_wconf 89' lang='lat' dir='ltr'><strong>gentes</strong></span> <span class='ocrx_word' id='word_1_563' title='bbox 2278 4559 2397 4614; x_wconf 77' lang='lat' dir='ltr'><strong>qua:</strong></span> 
     </span>
    </p>
   </div>
   <div class='ocr_carea' id='block_1_89' title="bbox 872 4633 2398 4721">
    <p class='ocr_par' dir='ltr' id='par_1_89' title="bbox 872 4633 2398 4721">
     <span class='ocr_line' id='line_1_92' title="bbox 872 4633 2398 4721; baseline -0.012 -18"><span class='ocrx_word' id='word_1_564' title='bbox 872 4650 1024 4721; x_wconf 87' lang='lat' dir='ltr'><strong>prius</strong></span> <span class='ocrx_word' id='word_1_565' title='bbox 1054 4646 1249 4717; x_wconf 86' lang='lat' dir='ltr'><strong>populo</strong></span> <span class='ocrx_word' id='word_1_566' title='bbox 1283 4643 1374 4697; x_wconf 89' lang='lat' dir='ltr'><strong>Dei</strong></span> <span class='ocrx_word' id='word_1_567' title='bbox 1417 4641 1653 4695; x_wconf 67' lang='lat' dir='ltr'><strong>adversm</strong></span> <span class='ocrx_word' id='word_1_568' title='bbox 1705 4639 2036 4705; x_wconf 66' lang='lat' dir='ltr'><strong>iuimiezeque</strong></span> <span class='ocrx_word' id='word_1_569' title='bbox 2065 4642 2237 4696; x_wconf 90' lang='lat' dir='ltr'><strong>erant,</strong></span> <span class='ocrx_word' id='word_1_570' title='bbox 2268 4633 2398 4686; x_wconf 91' lang='lat' dir='ltr'><strong>mis-</strong></span> 
     </span>
    </p>
   </div>
   <div class='ocr_carea' id='block_1_90' title="bbox 874 4724 2394 4799">
    <p class='ocr_par' dir='ltr' id='par_1_90' title="bbox 874 4724 2394 4799">
     <span class='ocr_line' id='line_1_93' title="bbox 874 4724 2394 4799; baseline -0.013 -4"><span class='ocrx_word' id='word_1_571' title='bbox 874 4757 990 4796; x_wconf 88' lang='lat' dir='ltr'><strong>sum</strong></span> <span class='ocrx_word' id='word_1_572' title='bbox 1023 4740 1092 4793; x_wconf 91' lang='lat' dir='ltr'><strong>sit</strong></span> <span class='ocrx_word' id='word_1_573' title='bbox 1121 4737 1212 4789; x_wconf 87' lang='lat' dir='ltr'><strong>Dei</strong></span> <span class='ocrx_word' id='word_1_574' title='bbox 1246 4733 1495 4794; x_wconf 80' lang='lat' dir='ltr'><strong>Verbum,</strong></span> <span class='ocrx_word' id='word_1_575' title='bbox 1524 4732 1622 4785; x_wconf 86' lang='lat' dir='ltr'><strong>bas</strong></span> <span class='ocrx_word' id='word_1_576' title='bbox 1653 4731 1796 4799; x_wconf 90' lang='lat' dir='ltr'><strong>ipsas</strong></span> <span class='ocrx_word' id='word_1_577' title='bbox 1842 4728 1943 4783; x_wconf 91' lang='lat' dir='ltr'><strong>sibi</strong></span> <span class='ocrx_word' id='word_1_578' title='bbox 1990 4727 2093 4797; x_wconf 91' lang='lat' dir='ltr'><strong>ipsi</strong></span> <span class='ocrx_word' id='word_1_579' title='bbox 2148 4724 2394 4793; x_wconf 83' lang='lat' dir='ltr'><strong>subjecit,</strong></span> 
     </span>
    </p>
   </div>
   <div class='ocr_carea' id='block_1_91' title="bbox 873 4814 2396 4896">
    <p class='ocr_par' dir='ltr' id='par_1_91' title="bbox 873 4814 2396 4896">
     <span class='ocr_line' id='line_1_94' title="bbox 873 4814 2396 4896; baseline -0.011 -14"><span class='ocrx_word' id='word_1_580' title='bbox 873 4831 1086 4884; x_wconf 88' lang='lat' dir='ltr'><strong>easdem</strong></span> <span class='ocrx_word' id='word_1_581' title='bbox 1123 4842 1216 4896; x_wconf 89' lang='lat' dir='ltr'><strong>per</strong></span> <span class='ocrx_word' id='word_1_582' title='bbox 1241 4840 1368 4879; x_wconf 92' lang='lat' dir='ltr'><strong>suos</strong></span> <span class='ocrx_word' id='word_1_583' title='bbox 1404 4822 1696 4890; x_wconf 85' lang='lat' dir='ltr'><strong>discipulos</strong></span> <span class='ocrx_word' id='word_1_584' title='bbox 1718 4819 2074 4886; x_wconf 74' lang='lat' dir='ltr'><strong>depraedatus.</strong></span> <span class='ocrx_word' id='word_1_585' title='bbox 2095 4816 2187 4886; x_wconf 89' lang='lat' dir='ltr'><strong>qui</strong></span> <span class='ocrx_word' id='word_1_586' title='bbox 2222 4814 2396 4885; x_wconf 89' lang='lat' dir='ltr'><strong>portio</strong></span> 
     </span>
    </p>
   </div>
   <div class='ocr_carea' id='block_1_92' title="bbox 874 4908 2397 4985">
    <p class='ocr_par' dir='ltr' id='par_1_92' title="bbox 874 4908 2397 4985">
     <span class='ocr_line' id='line_1_95' title="bbox 874 4908 2397 4985; baseline -0.007 -17"><span class='ocrx_word' id='word_1_587' title='bbox 874 4921 1112 4985; x_wconf 55' lang='lat' dir='ltr'><strong>quaedam</strong></span> <span class='ocrx_word' id='word_1_588' title='bbox 1150 4923 1303 4970; x_wconf 87' lang='lat' dir='ltr'><strong>erant</strong></span> <span class='ocrx_word' id='word_1_589' title='bbox 1331 4915 1474 4968; x_wconf 91' lang='lat' dir='ltr'><strong>illius</strong></span> <span class='ocrx_word' id='word_1_590' title='bbox 1503 4912 1683 4982; x_wconf 92' lang='lat' dir='ltr'><strong>populi</strong></span> <span class='ocrx_word' id='word_1_591' title='bbox 1715 4911 1804 4980; x_wconf 92' lang='lat' dir='ltr'><strong>qui</strong></span> <span class='ocrx_word' id='word_1_592' title='bbox 1837 4913 1903 4963; x_wconf 88' lang='lat' dir='ltr'><strong>ad</strong></span> <span class='ocrx_word' id='word_1_593' title='bbox 1934 4908 2397 4963; x_wconf 90' lang='lat' dir='ltr'><strong>circumcisionem</strong></span> 
     </span>
    </p>
   </div>
   <div class='ocr_carea' id='block_1_93' title="bbox 878 4996 2399 5073">
    <p class='ocr_par' dir='ltr' id='par_1_93' title="bbox 878 4996 2399 5073">
     <span class='ocr_line' id='line_1_96' title="bbox 878 4996 2399 5073; baseline -0.007 -17"><span class='ocrx_word' id='word_1_594' title='bbox 878 5006 1121 5072; x_wconf 85' lang='lat' dir='ltr'><strong>pertinet,</strong></span> <span class='ocrx_word' id='word_1_595' title='bbox 1149 5020 1303 5073; x_wconf 85' lang='lat' dir='ltr'><strong>quem</strong></span> <span class='ocrx_word' id='word_1_596' title='bbox 1349 5002 1614 5072; x_wconf 89' lang='lat' dir='ltr'><strong>quondam</strong></span> <span class='ocrx_word' id='word_1_597' title='bbox 1664 5000 1719 5053; x_wconf 90' lang='lat' dir='ltr'><strong>in</strong></span> <span class='ocrx_word' id='word_1_598' title='bbox 1751 5000 2057 5054; x_wconf 88' lang='lat' dir='ltr'><strong>servitutem</strong></span> <span class='ocrx_word' id='word_1_599' title='bbox 2081 4996 2399 5064; x_wconf 83' lang='lat' dir='ltr'><strong>redegerunt</strong></span> 
     </span>
    </p>
   </div>
   <div class='ocr_carea' id='block_1_94' title="bbox 879 5082 2398 5157">
    <p class='ocr_par' dir='ltr' id='par_1_94' title="bbox 879 5082 2398 5157">
     <span class='ocr_line' id='line_1_97' title="bbox 879 5082 2398 5157; baseline -0.005 -16"><span class='ocrx_word' id='word_1_600' title='bbox 879 5097 1079 5157; x_wconf 85' lang='lat' dir='ltr'><strong>gentes.</strong></span> <span class='ocrx_word' id='word_1_601' title='bbox 1115 5106 1230 5155; x_wconf 73' lang='lat' dir='ltr'><strong>qua:</strong></span> <span class='ocrx_word' id='word_1_602' title='bbox 1260 5092 1434 5156; x_wconf 88' lang='lat' dir='ltr'><strong>ipsum</strong></span> <span class='ocrx_word' id='word_1_603' title='bbox 1479 5090 1626 5143; x_wconf 90' lang='lat' dir='ltr'><strong>illum</strong></span> <span class='ocrx_word' id='word_1_604' title='bbox 1660 5103 1758 5144; x_wconf 92' lang='lat' dir='ltr'><strong>suo</strong></span> <span class='ocrx_word' id='word_1_605' title='bbox 1803 5088 2208 5142; x_wconf 91' lang='lat' dir='ltr'><strong>simulacrorum</strong></span> <span class='ocrx_word' id='word_1_606' title='bbox 2251 5082 2398 5136; x_wconf 90' lang='lat' dir='ltr'><strong>cultu</strong></span> 
     </span>
    </p>
   </div>
   <div class='ocr_carea' id='block_1_95' title="bbox 879 5173 2397 5250">
    <p class='ocr_par' dir='ltr' id='par_1_95' title="bbox 879 5173 2397 5250">
     <span class='ocr_line' id='line_1_98' title="bbox 879 5173 2397 5250; baseline -0.001 -23"><span class='ocrx_word' id='word_1_607' title='bbox 879 5175 1191 5244; x_wconf 72' lang='lat' dir='ltr'><strong>depraedatae</strong></span> <span class='ocrx_word' id='word_1_608' title='bbox 1216 5178 1446 5233; x_wconf 83' lang='lat' dir='ltr'><strong>fuerunt.</strong></span> <span class='ocrx_word' id='word_1_609' title='bbox 1480 5179 1603 5234; x_wconf 67' lang='lat' dir='ltr'><strong>Haec</strong></span> <span class='ocrx_word' id='word_1_610' title='bbox 1635 5180 1798 5250; x_wconf 86' lang='lat' dir='ltr'><strong>igitur</strong></span> <span class='ocrx_word' id='word_1_611' title='bbox 1832 5191 2086 5248; x_wconf 90' lang='lat' dir='ltr'><strong>passuras</strong></span> <span class='ocrx_word' id='word_1_612' title='bbox 2113 5173 2242 5227; x_wconf 90' lang='lat' dir='ltr'><strong>dicit</strong></span> <span class='ocrx_word' id='word_1_613' title='bbox 2268 5186 2397 5240; x_wconf 86' lang='lat' dir='ltr'><strong>gen-</strong></span> 
     </span>
    </p>
   </div>
   <div class='ocr_carea' id='block_1_96' title="bbox 881 5258 2400 5336">
    <p class='ocr_par' dir='ltr' id='par_1_96' title="bbox 881 5258 2400 5336">
     <span class='ocr_line' id='line_1_99' title="bbox 881 5258 2400 5336; baseline -0.005 -18"><span class='ocrx_word' id='word_1_614' title='bbox 881 5274 961 5319; x_wconf 91' lang='lat' dir='ltr'><strong>tes</strong></span> <span class='ocrx_word' id='word_1_615' title='bbox 992 5279 1126 5334; x_wconf 85' lang='lat' dir='ltr'><strong>quas</strong></span> <span class='ocrx_word' id='word_1_616' title='bbox 1152 5265 1431 5327; x_wconf 87' lang='lat' dir='ltr'><strong>disposuit.</strong></span> <span class='ocrx_word' id='word_1_617' title='bbox 1466 5270 1617 5322; x_wconf 89' lang='lat' dir='ltr'><strong>Sicut</strong></span> <span class='ocrx_word' id='word_1_618' title='bbox 1658 5271 1799 5325; x_wconf 89' lang='lat' dir='ltr'><strong>enim</strong></span> <span class='ocrx_word' id='word_1_619' title='bbox 1853 5269 1954 5321; x_wconf 65' lang='lat' dir='ltr'><strong>illa:</strong></span> <span class='ocrx_word' id='word_1_620' title='bbox 2004 5264 2256 5336; x_wconf 89' lang='lat' dir='ltr'><strong>populum</strong></span> <span class='ocrx_word' id='word_1_621' title='bbox 2308 5258 2400 5313; x_wconf 88' lang='lat' dir='ltr'><strong>Dei</strong></span> 
     </span>
    </p>
   </div>
   <div class='ocr_carea' id='block_1_97' title="bbox 883 5351 2401 5423">
    <p class='ocr_par' dir='ltr' id='par_1_97' title="bbox 883 5351 2401 5423">
     <span class='ocr_line' id='line_1_100' title="bbox 883 5351 2401 5423; baseline -0.003 -18"><span class='ocrx_word' id='word_1_622' title='bbox 883 5368 911 5404; x_wconf 91' lang='lat' dir='ltr'><strong>a</strong></span> <span class='ocrx_word' id='word_1_623' title='bbox 935 5352 1101 5421; x_wconf 83' lang='lat' dir='ltr'><strong>patria</strong></span> <span class='ocrx_word' id='word_1_624' title='bbox 1128 5351 1318 5417; x_wconf 81' lang='lat' dir='ltr'><strong>pietate</strong></span> <span class='ocrx_word' id='word_1_625' title='bbox 1344 5367 1405 5403; x_wconf 86' lang='lat' dir='ltr'><strong>ac</strong></span> <span class='ocrx_word' id='word_1_626' title='bbox 1434 5356 1685 5423; x_wconf 80' lang='lat' dir='ltr'><strong>religione</strong></span> <span class='ocrx_word' id='word_1_627' title='bbox 1713 5364 2029 5419; x_wconf 88' lang='lat' dir='ltr'><strong>avertentes,</strong></span> <span class='ocrx_word' id='word_1_628' title='bbox 2060 5353 2229 5422; x_wconf 90' lang='lat' dir='ltr'><strong>spolia</strong></span> <span class='ocrx_word' id='word_1_629' title='bbox 2276 5363 2401 5419; x_wconf 86' lang='lat' dir='ltr'><strong>pro-</strong></span> 
     </span>
    </p>
   </div>
   <div class='ocr_carea' id='block_1_98' title="bbox 883 5439 2400 5518">
    <p class='ocr_par' dir='ltr' id='par_1_98' title="bbox 883 5439 2400 5518">
     <span class='ocr_line' id='line_1_101' title="bbox 883 5439 2400 5518; baseline -0.002 -24"><span class='ocrx_word' id='word_1_630' title='bbox 883 5442 1015 5511; x_wconf 85' lang='lat' dir='ltr'><strong>priis</strong></span> <span class='ocrx_word' id='word_1_631' title='bbox 1044 5439 1371 5494; x_wconf 78' lang='lat' dir='ltr'><strong>daemonibus</strong></span> <span class='ocrx_word' id='word_1_632' title='bbox 1419 5440 1570 5497; x_wconf 63' lang='lat' dir='ltr'><strong>facta</strong></span> <span class='ocrx_word' id='word_1_633' title='bbox 1597 5454 1741 5512; x_wconf 88' lang='lat' dir='ltr'><strong>sunt,</strong></span> <span class='ocrx_word' id='word_1_634' title='bbox 1792 5450 1866 5504; x_wconf 89' lang='lat' dir='ltr'><strong>ita</strong></span> <span class='ocrx_word' id='word_1_635' title='bbox 1894 5446 2212 5518; x_wconf 88' lang='lat' dir='ltr'><strong>quandoque</strong></span> <span class='ocrx_word' id='word_1_636' title='bbox 2239 5441 2400 5496; x_wconf 90' lang='lat' dir='ltr'><strong>etiam</strong></span> 
     </span>
    </p>
   </div>
   <div class='ocr_carea' id='block_1_99' title="bbox 819 5526 2400 5608">
    <p class='ocr_par' dir='ltr' id='par_1_99' title="bbox 819 5526 2400 5608">
     <span class='ocr_line' id='line_1_102' title="bbox 819 5526 2400 5608; baseline -0.01 -8"><span class='ocrx_word' id='word_1_637' title='bbox 819 5544 826 5552; x_wconf 76' lang='grc'><em>’</em></span> <span class='ocrx_word' id='word_1_638' title='bbox 882 5532 1011 5601; x_wconf 62' lang='lat' dir='ltr'><strong>illsie</strong></span> <span class='ocrx_word' id='word_1_639' title='bbox 1031 5526 1207 5598; x_wconf 63' lang='lat' dir='ltr'><strong>93‘in</strong></span> <span class='ocrx_word' id='word_1_640' title='bbox 1234 5528 1639 5587; x_wconf 81' lang='lat' dir='ltr'><strong>Simulacrorum</strong></span> <span class='ocrx_word' id='word_1_641' title='bbox 1671 5539 1815 5593; x_wconf 90' lang='lat' dir='ltr'><strong>cultu</strong></span> <span class='ocrx_word' id='word_1_642' title='bbox 1847 5540 1915 5595; x_wconf 88' lang='lat' dir='ltr'><strong>ab</strong></span> <span class='ocrx_word' id='word_1_643' title='bbox 1938 5540 2003 5594; x_wconf 91' lang='lat' dir='ltr'><strong>iis</strong></span> <span class='ocrx_word' id='word_1_644' title='bbox 2031 5536 2121 5608; x_wconf 90' lang='lat' dir='ltr'><strong>qui</strong></span> <span class='ocrx_word' id='word_1_645' title='bbox 2141 5532 2275 5604; x_wconf 90' lang='lat' dir='ltr'><strong>ipsis</strong></span> <span class='ocrx_word' id='word_1_646' title='bbox 2303 5546 2400 5585; x_wconf 86' lang='lat' dir='ltr'><strong>an-</strong></span> 
     </span>
    </p>
   </div>
   <div class='ocr_carea' id='block_1_100' title="bbox 950 5676 1398 5745">
    <p class='ocr_par' dir='ltr' id='par_1_100' title="bbox 950 5676 1398 5745">
     <span class='ocr_line' id='line_1_103' title="bbox 950 5676 1398 5745; baseline -0.007 -10"><span class='ocrx_word' id='word_1_647' title='bbox 950 5683 994 5715; x_wconf 80' lang='lat'><em>&quot;</em></span> <span class='ocrx_word' id='word_1_648' title='bbox 1019 5676 1179 5734; x_wconf 80' lang='lat' dir='ltr'><strong>Zacb.</strong></span> <span class='ocrx_word' id='word_1_649' title='bbox 1201 5691 1259 5742; x_wconf 87' lang='lat' dir='ltr'><strong>ll,</strong></span> <span class='ocrx_word' id='word_1_650' title='bbox 1287 5679 1336 5745; x_wconf 91' lang='lat'><strong>8,</strong></span> <span class='ocrx_word' id='word_1_651' title='bbox 1367 5680 1398 5737; x_wconf 85' lang='lat'><strong>9</strong></span> 
     </span>
    </p>
   </div>
   <div class='ocr_carea' id='block_1_101' title="bbox 2494 4453 3346 4524">
    <p class='ocr_par' dir='ltr' id='par_1_101' title="bbox 2494 4453 3346 4524">
     <span class='ocr_line' id='line_1_104' title="bbox 2494 4453 3346 4524; baseline 0.002 -16"><span class='ocrx_word' id='word_1_652' title='bbox 2494 4456 2563 4508; x_wconf 82' lang='grc' dir='ltr'>τὰ</span> <span class='ocrx_word' id='word_1_653' title='bbox 2623 4453 2987 4506; x_wconf 80' lang='grc' dir='ltr'>σκυλεύσαντα</span> <span class='ocrx_word' id='word_1_654' title='bbox 3051 4454 3244 4524; x_wconf 78' lang='grc' dir='ltr'>ύμᾶς;</span> <span class='ocrx_word' id='word_1_655' title='bbox 3296 4458 3346 4510; x_wconf 71' lang='grc' dir='ltr'><em>Ἐ</em></span> 
     </span>
    </p>
   </div>
   <div class='ocr_carea' id='block_1_102' title="bbox 2496 4543 3333 4616">
    <p class='ocr_par' dir='ltr' id='par_1_102' title="bbox 2496 4543 3333 4616">
     <span class='ocr_line' id='line_1_105' title="bbox 2496 4543 3333 4616; baseline 0.001 -17"><span class='ocrx_word' id='word_1_656' title='bbox 2496 4545 2595 4616; x_wconf 77' lang='grc' dir='ltr'><strong>θρὰ</strong></span> <span class='ocrx_word' id='word_1_657' title='bbox 2636 4545 2727 4597; x_wconf 69' lang='grc' dir='ltr'><strong>καὶ</strong></span> <span class='ocrx_word' id='word_1_658' title='bbox 2770 4543 3002 4612; x_wconf 77' lang='grc' dir='ltr'>πολέμια</span> <span class='ocrx_word' id='word_1_659' title='bbox 3053 4545 3152 4597; x_wconf 90' lang='grc' dir='ltr'><strong>τοῦ</strong></span> <span class='ocrx_word' id='word_1_660' title='bbox 3188 4546 3333 4600; x_wconf 83' lang='grc' dir='ltr'>λαοῦ</span> 
     </span>
    </p>
   </div>
   <div class='ocr_carea' id='block_1_103' title="bbox 2495 4632 3346 4703">
    <p class='ocr_par' dir='ltr' id='par_1_103' title="bbox 2495 4632 3346 4703">
     <span class='ocr_line' id='line_1_106' title="bbox 2495 4632 3346 4703; baseline 0.002 -16"><span class='ocrx_word' id='word_1_661' title='bbox 2495 4633 2605 4696; x_wconf 67' lang='grc' dir='ltr'>λεὶς</span> <span class='ocrx_word' id='word_1_662' title='bbox 2640 4636 2667 4686; x_wconf 91' lang='grc' dir='ltr'>ὁ</span> <span class='ocrx_word' id='word_1_663' title='bbox 2705 4632 2796 4686; x_wconf 85' lang='grc' dir='ltr'><strong>τοῦ</strong></span> <span class='ocrx_word' id='word_1_664' title='bbox 2845 4632 2976 4685; x_wconf 89' lang='grc' dir='ltr'>Θεοῦ</span> <span class='ocrx_word' id='word_1_665' title='bbox 3020 4635 3199 4703; x_wconf 85' lang='grc' dir='ltr'>Λόγος</span> <span class='ocrx_word' id='word_1_666' title='bbox 3223 4675 3239 4698; x_wconf 90' lang='grc'><strong>,</strong></span> <span class='ocrx_word' id='word_1_667' title='bbox 3279 4657 3346 4690; x_wconf 82' lang='grc' dir='ltr'><strong>τα</strong></span> 
     </span>
    </p>
   </div>
   <div class='ocr_carea' id='block_1_104' title="bbox 2499 4724 3346 4786">
    <p class='ocr_par' dir='ltr' id='par_1_104' title="bbox 2499 4724 3346 4786">
     <span class='ocr_line' id='line_1_107' title="bbox 2499 4724 3346 4786; baseline 0 -7"><span class='ocrx_word' id='word_1_668' title='bbox 2499 4724 2791 4786; x_wconf 83' lang='grc' dir='ltr'>σκυλεύσας</span> <span class='ocrx_word' id='word_1_669' title='bbox 2811 4724 2948 4776; x_wconf 82' lang='grc' dir='ltr'><strong>αύτὰ</strong></span> <span class='ocrx_word' id='word_1_670' title='bbox 2966 4724 3053 4777; x_wconf 81' lang='grc' dir='ltr'>διὰ</span> <span class='ocrx_word' id='word_1_671' title='bbox 3081 4727 3194 4779; x_wconf 83' lang='grc' dir='ltr'><strong>τῶν</strong></span> <span class='ocrx_word' id='word_1_672' title='bbox 3220 4730 3346 4782; x_wconf 62' lang='grc' dir='ltr'>αὕτη</span> 
     </span>
    </p>
   </div>
   <div class='ocr_carea' id='block_1_105' title="bbox 2503 4815 3346 4889">
    <p class='ocr_par' dir='ltr' id='par_1_105' title="bbox 2503 4815 3346 4889">
     <span class='ocr_line' id='line_1_108' title="bbox 2503 4815 3346 4889; baseline 0.011 -23"><span class='ocrx_word' id='word_1_673' title='bbox 2503 4817 2662 4886; x_wconf 85' lang='grc' dir='ltr'>μέρος</span> <span class='ocrx_word' id='word_1_674' title='bbox 2691 4815 2784 4867; x_wconf 85' lang='grc' dir='ltr'><strong>τοῦ</strong></span> <span class='ocrx_word' id='word_1_675' title='bbox 2810 4816 2874 4868; x_wconf 80' lang='grc' dir='ltr'><strong>ὲκ</strong></span> <span class='ocrx_word' id='word_1_676' title='bbox 2907 4819 3218 4889; x_wconf 79' lang='grc' dir='ltr'>περιτομῆς</span> <span class='ocrx_word' id='word_1_677' title='bbox 3252 4821 3346 4875; x_wconf 67' lang='grc' dir='ltr'><strong>λα(</strong></span> 
     </span>
    </p>
   </div>
   <div class='ocr_carea' id='block_1_106' title="bbox 2499 4904 3346 4974">
    <p class='ocr_par' dir='ltr' id='par_1_106' title="bbox 2499 4904 3346 4974">
     <span class='ocr_line' id='line_1_109' title="bbox 2499 4904 3346 4974; baseline 0.007 -18"><span class='ocrx_word' id='word_1_678' title='bbox 2499 4904 2754 4956; x_wconf 83' lang='grc' dir='ltr'>δούλωντο</span> <span class='ocrx_word' id='word_1_679' title='bbox 2778 4904 2845 4958; x_wconf 68' lang='grc' dir='ltr'>τὰ</span> <span class='ocrx_word' id='word_1_680' title='bbox 2865 4904 3013 4974; x_wconf 76' lang='grc' dir='ltr'>ἔθνη,</span> <span class='ocrx_word' id='word_1_681' title='bbox 3042 4906 3346 4962; x_wconf 57' lang='grc' dir='ltr'>σκυλεύσαι</span> 
     </span>
    </p>
   </div>
   <div class='ocr_carea' id='block_1_107' title="bbox 2500 4992 3346 5069">
    <p class='ocr_par' dir='ltr' id='par_1_107' title="bbox 2500 4992 3346 5069">
     <span class='ocr_line' id='line_1_110' title="bbox 2500 4992 3346 5069; baseline 0.009 -23"><span class='ocrx_word' id='word_1_682' title='bbox 2500 4994 2800 5067; x_wconf 75' lang='grc' dir='ltr'>λολατρείᾳ.</span> <span class='ocrx_word' id='word_1_683' title='bbox 2838 4995 2992 5050; x_wconf 85' lang='grc' dir='ltr'>Τοῦτ’</span> <span class='ocrx_word' id='word_1_684' title='bbox 3022 4992 3116 5050; x_wconf 80' lang='grc' dir='ltr'><strong>οὖν</strong></span> <span class='ocrx_word' id='word_1_685' title='bbox 3151 5016 3295 5069; x_wconf 85' lang='grc' dir='ltr'>φησι</span> <span class='ocrx_word' id='word_1_686' title='bbox 3334 5020 3346 5054; x_wconf 71' lang='grc' dir='ltr'><strong>τ</strong></span> 
     </span>
    </p>
   </div>
   <div class='ocr_carea' id='block_1_108' title="bbox 2498 5081 3346 5157">
    <p class='ocr_par' dir='ltr' id='par_1_108' title="bbox 2498 5081 3346 5157">
     <span class='ocr_line' id='line_1_111' title="bbox 2498 5081 3346 5157; baseline 0.014 -24"><span class='ocrx_word' id='word_1_687' title='bbox 2498 5081 2846 5140; x_wconf 83' lang='grc' dir='ltr'>διατέθεικεν.</span> <span class='ocrx_word' id='word_1_688' title='bbox 2874 5086 2959 5148; x_wconf 82' lang='grc' dir='ltr'>Ὦς</span> <span class='ocrx_word' id='word_1_689' title='bbox 2980 5085 3089 5157; x_wconf 79' lang='grc' dir='ltr'><strong>γὰρ</strong></span> <span class='ocrx_word' id='word_1_690' title='bbox 3102 5086 3203 5139; x_wconf 82' lang='grc' dir='ltr'><strong>τὸν</strong></span> <span class='ocrx_word' id='word_1_691' title='bbox 3228 5088 3346 5144; x_wconf 64' lang='grc' dir='ltr'>λαδπ</span> 
     </span>
    </p>
   </div>
   <div class='ocr_carea' id='block_1_109' title="bbox 2499 5173 3317 5250">
    <p class='ocr_par' dir='ltr' id='par_1_109' title="bbox 2499 5173 3317 5250">
     <span class='ocr_line' id='line_1_112' title="bbox 2499 5173 3317 5250; baseline 0.013 -26"><span class='ocrx_word' id='word_1_692' title='bbox 2499 5173 2779 5241; x_wconf 79' lang='grc' dir='ltr'>εὐσεϐείας</span> <span class='ocrx_word' id='word_1_693' title='bbox 2814 5177 3280 5250; x_wconf 81' lang='grc' dir='ltr'>μεταστησάμενα</span> <span class='ocrx_word' id='word_1_694' title='bbox 3301 5223 3317 5247; x_wconf 88' lang='grc'><strong>,</strong></span> 
     </span>
    </p>
   </div>
   <div class='ocr_carea' id='block_1_110' title="bbox 2505 5267 3298 5339">
    <p class='ocr_par' dir='ltr' id='par_1_110' title="bbox 2505 5267 3298 5339">
     <span class='ocr_line' id='line_1_113' title="bbox 2505 5267 3298 5339; baseline 0.015 -27"><span class='ocrx_word' id='word_1_695' title='bbox 2505 5267 2879 5339; x_wconf 78' lang='grc' dir='ltr'>κατεστήσατο</span> <span class='ocrx_word' id='word_1_696' title='bbox 2894 5310 2907 5334; x_wconf 87' lang='grc'><strong>.</strong></span> <span class='ocrx_word' id='word_1_697' title='bbox 2965 5267 3105 5321; x_wconf 71' lang='grc' dir='ltr'>οὕτω</span> <span class='ocrx_word' id='word_1_698' title='bbox 3158 5271 3298 5323; x_wconf 81' lang='grc' dir='ltr'>ποτὲ</span> 
     </span>
    </p>
   </div>
   <div class='ocr_carea' id='block_1_111' title="bbox 2504 5352 3346 5438">
    <p class='ocr_par' dir='ltr' id='par_1_111' title="bbox 2504 5352 3346 5438">
     <span class='ocr_line' id='line_1_114' title="bbox 2504 5352 3346 5438; baseline 0.019 -35"><span class='ocrx_word' id='word_1_699' title='bbox 2504 5352 2944 5438; x_wconf 83' lang='grc' dir='ltr'>είδωλολατρείας</span> <span class='ocrx_word' id='word_1_700' title='bbox 2970 5359 3103 5432; x_wconf 77' lang='grc' dir='ltr'>πρὸς</span> <span class='ocrx_word' id='word_1_701' title='bbox 3135 5361 3248 5415; x_wconf 82' lang='grc' dir='ltr'>τῶν</span> <span class='ocrx_word' id='word_1_702' title='bbox 3284 5380 3346 5419; x_wconf 70' lang='grc' dir='ltr'><strong>πε</strong></span> 
     </span>
    </p>
   </div>
   <div class='ocr_carea' id='block_1_112' title="bbox 2506 5444 3317 5527">
    <p class='ocr_par' dir='ltr' id='par_1_112' title="bbox 2506 5444 3317 5527">
     <span class='ocr_line' id='line_1_115' title="bbox 2506 5444 3317 5527; baseline 0.02 -33"><span class='ocrx_word' id='word_1_703' title='bbox 2506 5444 2954 5527; x_wconf 81' lang='grc' dir='ltr'>σκυλευθήσεται,</span> <span class='ocrx_word' id='word_1_704' title='bbox 2975 5452 3067 5506; x_wconf 71' lang='grc' dir='ltr'><strong>καὶ</strong></span> <span class='ocrx_word' id='word_1_705' title='bbox 3086 5450 3194 5504; x_wconf 71' lang='grc' dir='ltr'><strong>ὑπὸ</strong></span> <span class='ocrx_word' id='word_1_706' title='bbox 3220 5455 3317 5509; x_wconf 81' lang='grc' dir='ltr'><strong>τὸν</strong></span> 
     </span>
    </p>
   </div>
   <div class='ocr_carea' id='block_1_113' title="bbox 2503 5534 3345 5624">
    <p class='ocr_par' dir='ltr' id='par_1_113' title="bbox 2503 5534 3345 5624">
     <span class='ocr_line' id='line_1_116' title="bbox 2503 5534 3345 5624; baseline 0.032 -40"><span class='ocrx_word' id='word_1_707' title='bbox 2503 5534 2794 5615; x_wconf 78' lang='grc' dir='ltr'>εὐσεϐείας</span> <span class='ocrx_word' id='word_1_708' title='bbox 2845 5545 3262 5624; x_wconf 72' lang='grc' dir='ltr'>μεταστήσεται.</span> <span class='ocrx_word' id='word_1_709' title='bbox 3298 5549 3345 5602; x_wconf 89' lang='grc' dir='ltr'>Τ</span> 
     </span>
    </p>
   </div>
  </div>
