3738 6324
5 0 273 175 ,/

1085 382 1716 440 DEMONSTBATIONIS
1752 380 2189 438 EVANGELICE
2227 382 2354 440 LIB.
2395 384 2482 439 Vl.
3227 393 3332 448 £50

36 481 298 646 119/
321 467 375 522 δι’
405 472 655 545 ἑαυτοῦ,
685 486 801 540 ἐπὶ
835 492 931 562 ’τῷ
978 499 1168 570 τοιῷδε
1194 499 1562 571 κατορθώματι
1590 499 1695 571 πρὸ

40 584 75 633 \‘rl
137 558 427 646 Λατρδς
471 568 1087 646 ἀποσταλησομένου.
1134 592 1286 643 Εἴποι
1328 592 1371 644 δ’
1402 592 1464 645 ἀν
1516 608 1597 646 τις
1628 607 1695 644 κα

1817 508 1899 553 tea
1930 482 2226 560 servierint,
2261 499 2653 569 spoliabuntur,
2684 507 2737 554 et
2764 502 2867 556 sub
2890 502 3070 573 iugum
3108 502 3331 559 Hebrai-

1819 604 1895 642 caa
1922 588 2186 646 religionis
2216 588 2583 643 traducentur.
2616 587 2727 643 Hoc
2756 598 2930 644 autem
2977 593 3213 646 futurum
3253 594 3330 646 ait

40 558 427 710 κιφατρὸς
471 568 1087 655 ἀποσταλησομένου.
1134 592 1286 643 Είποι
1328 592 1371 644 δ’
1402 592 1464 645 ἀν
1516 608 1597 653 τις
1628 607 1695 644 κα

51 664 90 710 nil
245 668 297 710 Α
317 668 457 710 τινας
483 661 594 710 κα).
623 665 937 710 alendi-em..-
960 677 1222 710 anna”..-
1273 680 1389 710 ra...
1523 681 1684 710 amur.

1819 604 1895 642 ea:
1922 588 2186 658 religionis
2216 588 2583 643 traducentur.
2616 587 2727 643 Hoc
2756 598 2930 644 autem
2977 593 3213 646 futurum
3253 594 3330 646 ait

1820 677 2071 710 Πη-ηἷηιια
2102 693 2194 710 Μ.-
2224 692 2458 710 ηιιηοιιηι
2514 677 2602 710 nn:
2630 679 2692 710 οιΑ
2719 681 2823 710 ad-
2846 696 3037 710 mann-In
3068 691 3293 710 ...ι-.-οη-

51 664 90 713 mi
105 661 297 750 24"
317 668 457 750 τινας
483 661 594 713 καὶ
623 665 937 739 ἀοράτους
960 677 1242 749 δυνάμεις,
1271 680 1393 749 ἔθνη
1409 680 1499 733 νῦν
1523 681 1695 750 ὀνομά-

1820 677 2074 733 Dominus
2102 693 2194 746 per
2224 692 2482 748 seipsum,
2513 677 2602 747 qui
2630 679 2693 732 ad
2719 681 2823 733 tale
2846 696 3039 735 munus
3068 691 3327 750 praestan-

119 714 287 790 V”
439 714 456 721 '
634 714 935 739 "‘r""'"
960 714 1242 749 VU'“P‘U§.
1271 714 1393 749 ευνιι
1416 714 1499 733 νυν
1523 714 1695 750 υνυμκ·

58 761 219 870 *ἃδέ
240 746 409 870 ἀλτά
442 753 890 827 σκυλεύσαντα,
940 770 1039 822 καλ⁵
1084 771 1581 841 αἰχμαλωτεύσαντα
1622 771 1695 822 τάε

345 856 478 870 λι.ι-ι
496 861 543 870 ιι.
570 845 735 870 ι’-.-ιὶκ
761 869 769 870 κ
832 849 864 870 ‘r
950 859 961 870 ι
1057 859 1082 870 .-
1179 860 1200 870 .-
1421 861 1432 870 ι
1515 861 1565 870 ι-
1631 859 1650 870 Α

1820 714 2074 733 υυιιιιιιυο
2105 714 2185 746 Py;
2225 714 2482 748 υωγυυιυ,
2513 714 2602 747 ιιιιι
2630 714 2693 732 -υ
2722 714 2823 733 anno
2848 714 3039 735 uuuuua
3069 714 3117 750 μι
3130 714 3327 736 aaut"-

1819 768 1943 821 dum
1968 784 1998 819 a
2018 766 2173 820 Patre
2205 768 2494 821 mittendus
2543 768 2632 821 sit.
2687 766 2967 829 Caeterum,
3010 771 3202 826 dixerit
3229 771 3330 824 ali-

76 824 543 950 ξίἶῑθθξώπων
570 845 801 949 Φυλιὰς,
825 824 911 909 ὧν
933 859 1123 928 ψυχῶν
1141 824 1284 912 ὀῦτω
1314 861 1442 930 φησί
1468 859 1693 929 κήδεσθα

1818 857 1957 925 quis,
1989 858 2145 910 etiam
2174 858 2531 928 intelligibiles
2560 856 2814 925 quasdam
2846 866 2897 912 et
2928 824 3328 931 invisibilespo-

86 919 546 1044 vi‘a'ﬂ‘af‘w"?
581 938 687 991 τοῦ
722 942 879 997 Θεοῦ
908 919 1106 1016 Λόγος.
1126 951 1250 1002 ὡσεί
1268 919 1345 1014 τιξ
1369 919 1500 1013 ίδίας
1521 919 1695 1017 ὸ(Ρθσιλ

1816 954 2052 1009 testates,
2108 956 2290 1016 gentes
2320 963 2461 1001 nunc
2510 947 2794 1009 nominari,
2821 963 2937 1016 qua:
2982 950 3325 1016 spoliaverint

120 1025 465 1128 11.6935.-
500 1030 623 1083 Καὶ
659 1032 883 1128 δεῖγμα.
913 1039 1013 1107 τῆς
1045 1040 1252 1091 τοιᾶσδε
1297 1039 1456 1092 αὐτοῦ
1502 1041 1624 1109 περὶ
1650 1037 1709 1091 τὸ

144 1145 219 1193 .5,"
268 1117 592 1189 ἀνθρώπων
636 1121 806 1188 γένος
842 1126 1188 1196 κηδεμονίας,
1234 1127 1294 1180 τὸ
1328 1129 1443 1199 μηδ’
1475 1128 1716 1181 ὑποστείο

151 1224 347 1276 λισθσιι
386 1210 556 1272 αὐτὸν,
586 1210 730 1264 Θεοῦ
760 1215 942 1283 Λόγον
970 1217 1096 1269 ὅντα
1121 1218 1212 1269 καὶ⁸
1242 1217 1298 1267 ὲν
1320 1217 1440 1286 δόξῃ
1474 1220 1539 1287 τῇ
1569 1216 1713 1286 παρά

164 1301 428 1378 {Quasz
454 1301 825 1371 τυγχάνοντα,
855 1306 954 1376 τὴν
990 1308 1069 1371 είς
1102 1307 1406 1379 ἀνθρώπους
1430 1306 1712 1379 ἐπιδημίαν

158 1416 213 1451 τε
241 1397 341 1450 καὶ
369 1394 673 1461 οἰκονομίαν
705 1396 1088 1460 ἀναδέξασθαι.

1814 1038 2153 1105 captivasque
2187 1037 2455 1089 hominum
2485 1036 2690 1089 animas
2708 1037 2933 1104 egerint,
2958 1052 3181 1104 quarum
3210 1039 3329 1091 ani.

1812 1141 2017 1179 marum
2047 1127 2292 1180 talemse
2314 1140 2496 1177 curam
2540 1140 2722 1194 gerere
2750 1124 2824 1177 ait
2854 1126 3324 1180 clementissimum

1815 1215 1907 1270 Dei
1932 1215 2179 1277 Verbum,
2212 1215 2419 1283 qualem
2445 1215 2810 1282 unusquisque
2828 1214 2967 1268 oculi
3001 1215 3082 1267 sui
3118 1215 3329 1283 pupillae

1812 1305 1966 1374 gerit,
1992 1304 2147 1371 cujus
2175 1304 2473 1357 sedulitatis
2504 1314 2661 1372 atque
2686 1303 2883 1357 amoris
2905 1319 3027 1372 erga
3049 1304 3325 1357 hominum

1813 1409 1998 1461 genus,
2035 1394 2244 1461 signum
2286 1392 2413 1445 illud
2460 1392 2581 1453 erit,
2630 1390 2771 1460 quod
2808 1406 2929 1445 cum
2974 1391 3066 1445 Dei
3096 1390 3327 1446 Verbum

168 1493 319 1548 esset,
358 1490 414 1536 et
458 1497 554 1536 sua
596 1484 777 1553 gloria
812 1488 954 1554 apud
1006 1487 1215 1542 Patrem
1272 1488 1555 1549 frueretur,
1605 1503 1711 1542 non
1760 1485 1987 1558 piguerit
2040 1485 2211 1553 ipsum
2267 1481 2513 1537 veniendi
2560 1480 2625 1534 ad
2674 1481 2935 1545 homines,
2987 1490 3144 1550 alque
3187 1484 3328 1535 inter

156 1592 255 1634 ωε
282 1574 532 1630 versandi
560 1592 778 1641 curam,
807 1579 1368 1650 dispensationemque
1393 1582 1683 1650 suscipere.
1759 1618 1766 1625 -

654 1712 1054 1765 ΚΕΦΑΛΑΙΟΝ
1088 1715 1181 1767 IZ'.

159 1841 315 1895 Ἀπὸ
354 1841 454 1894 τοῦ
484 1840 689 1894 αὑτοῦ.
719 1841 901 1905 -Ὡς
927 1841 1103 1909 αὐτὸς
1125 1845 1157 1895 ό
1182 1844 1387 1909 Κύριος
1412 1842 1579 1909 ἥξειν
1605 1847 1704 1897 οὐ-

2351 1705 2573 1761 CAPUT
2611 1704 2771 1760 XVII.

1807 1861 1883 1915 Ab
1910 1859 2102 1913 eodem.
2128 1887 2196 1897 ——
2226 1857 2375 1922 Quod
2418 1858 2523 1923 ipse
2562 1855 2810 1911 Dominus
2854 1870 3117 1914 venturum
3161 1879 3215 1917 se
3256 1864 3321 1918 de

208 1911 473 2000 ραζιίθεν
487 1910 635 2000 nam!
646 1910 738 2000 ,ἐνί
755 1908 1579 2000 ἀνθρώποιςρκαξασθξὶηνώσειν
1596 1952 1611 1974 ,
1640 1928 1695 2000 tq

1807 1908 2101 2000 "tam
2133 1908 2519 2000 quatenus...
2550 1908 3219 2000 Ιιαῡίιάιᾶἓιιῆἱξξὲηἶὲἓᾳᾶἓ
3249 1908 3317 1985 ιῑᾱ

201 1976 277 2031 τε
305 1979 447 2043 ἔθνη
474 1981 560 2041 εἰς
590 1976 785 2029 αὐτὸν
816 1978 1279 2044 καταφεύξεσθαι
1304 1980 1575 2043 θεσπίζει,
1607 1980 1703 2033 καί

204 2048 302 2111 ὡς
360 2045 729 2117 ἀπεστάλθαι
770 2045 885 2097 ὑπό
922 2062 1081 2117 τιζος
1137 2049 1465 2114 κρείττονος
1489 2050 1702 2117 Κυρίου

214 2115 702 2181 παντοκράτορος
728 2112 1021 2181 ὁμολογεῖ.

218 2263 243 2294 σ
276 2245 491 2315 Τέρπου
521 2244 615 2297 καὶ
640 2244 955 2314 εὐφραίνου,
999 2242 1229 2313 θύγατερ
1257 2242 1408 2307 Σιὼν,
1445 2245 1572 2297 διότι
1595 2245 1701 2298 ἰδοὺ

127 2335 264 2402 ἐγὼ
302 2335 543 2404 ἔρχομαι,
579 2334 677 2386 καὶ
721 2333 1121 2403 κατασκηνώσω
1161 2336 1217 2385 ὲν
1243 2334 1388 2403 μέσῳ
1420 2350 1531 2396 σου,
1560 2333 1702 2401 λέγει

124 2424 382 2492 Κῦριος,
414 2424 503 2476 καὶ
535 2422 966 2490 καταφεύξονται
1012 2423 1135 2492 ἔθνη
1169 2422 1331 2475 πολλά
1358 2423 1447 2475 ὲπί
1468 2423 1557 2475 τὸν
1590 2422 1700 2474 Κύ-

124 2528 265 2581 ριον
296 2515 361 2564 ἐν
381 2516 441 2582 τῇ
474 2512 659 2582 ἡμέρᾳ
690 2512 893 2581 ἐκείνῃ,
938 2512 1028 2563 καὶ
1066 2511 1270 2563 ἔσονται
1297 2511 1438 2581 αὐτῷ
1462 2514 1538 2573 εἰς
1555 2511 1698 2577 λαὸν,

120 2600 233 2652 καὶ
277 2600 689 2670 κατασκηνώσω
720 2602 780 2651 ὲν
829 2599 974 2670 μέσῳ
1002 2616 1115 2662 σου,
1147 2600 1238 2652 καὶ
1262 2599 1459 2670 γνώσῃ,
1487 2601 1565 2652 ὃτι
1589 2600 1699 2652 Κύ-

120 2710 261 2763 ριος
297 2696 692 2765 παντοκράτωρ
719 2692 1083 2758 ἐξαπέσταλκέ
1115 2709 1179 2761 με
1220 2692 1351 2760 πρὸς
1379 2691 1455 2745 σέ.
1495 2710 1512 2742 ι
1555 2692 1700 2744 Ἐπεὶ

119 2784 436 2854 πρόκειται
463 2784 558 2836 νῦν
592 2783 656 2835 τὺ
696 2781 946 2851 δεύτερον
976 2781 1144 2832 αἴτιον
1183 2781 1245 2832 ὲκ
1273 2779 1378 2833 τῶν
1416 2780 1698 2851 προφητῶν

118 2872 448 2938 ἀποδεῖξαι,
482 2871 791 2943 ἀνθρώποις
850 2869 1037 2939 μέλλον
1071 2868 1163 2919 ἐπὶ
1193 2868 1292 2937 γῆς
1320 2868 1698 2937 συμπολιτεύε-

128 2962 304 3024 σθαι,
358 2960 501 3033 οἶμαι
555 2961 748 3014 τούτου
807 2958 1203 3030 παραστατικὸν
1259 2955 1393 3010 εἶναι
1449 2958 1540 3011 καὶ
1603 2958 1697 3027 τὴν

124 3050 437 3119 παροῦσαν
489 3047 847 3121 προφητείαν,
901 3047 976 3108 ὡς
1030 3045 1118 3099 διὰ
1161 3044 1220 3097 τὸ
1263 3045 1521 3115 πρόδηλον
1567 3045 1698 3115 μηδὲ

126 3139 399 3203 πλείονος
445 3138 770 3209 ἐξεργασίας
820 3136 1044 3189 δεῖσθαι.
1076 3135 1339 3203 Τηρήσεις
1373 3133 1448 3196 δὲ,
1481 3135 1559 3186 ὅτι
1606 3134 1697 3187 καὶ

1872 1999 2037 2063 ipsum
2068 1994 2441 2062 confugituras,
2467 1995 2603 2044 canit
2629 2010 2647 2046 :
2674 2005 2722 2046 et
2744 1997 2876 2063 quod
2912 1994 3190 2052 missumse
3212 2016 3322 2055 esse

1873 2082 1906 2118 a
1924 2065 2142 2117 Domino
2171 2064 2505 2127 omnipotente
2531 2064 2820 2129 conﬁtetur.

1888 2253 2046 2324 283
2082 2271 2101 2303 ι
2136 2251 2317 2306 Gaude
2358 2258 2410 2305 et
2457 2251 2659 2312 laetare,
2705 2251 2811 2304 tilia
2863 2250 3023 2317 Sion,
3069 2255 3319 2323 quoniam

1803 2358 1926 2398 ecce
1967 2358 2064 2411 ego
2109 2342 2296 2401 venio,
2338 2348 2392 2394 et
2434 2340 2684 2393 habitabo
2727 2341 2781 2393 in
2824 2341 2997 2394 medio
3034 2343 3142 2406 tui,
3189 2343 3321 2397 dicit

1804 2430 2092 2491 Dominus,
2124 2436 2177 2483 et
2221 2428 2528 2497 confugient
2571 2436 2752 2497 gentes
2798 2429 2978 2482 multa:
3022 2430 3087 2482 ad
3134 2428 3315 2483 Domi-

1801 2534 1929 2573 num
1968 2520 2022 2572 in
2059 2518 2146 2571 die
2179 2517 2301 2579 illa,
2335 2525 2387 2571 et
2420 2525 2577 2571 erunt
2607 2518 2654 2570 ei
2686 2518 2738 2569 in
2769 2518 3051 2586 populum,
3084 2526 3136 2573 et
3167 2519 3318 2572 habi-

1800 2607 1927 2660 tabo
1965 2606 2020 2659 in
2061 2604 2236 2659 medio
2276 2605 2390 2667 tui,
2434 2612 2487 2657 et
2531 2619 2821 2674 cognosces
2865 2606 3006 2676 quod
3048 2606 3319 2663 Dominus

1799 2696 2136 2764 omnipotens
2174 2694 2320 2748 misit
2356 2708 2439 2747 me
2477 2693 2542 2747 ad
2570 2703 2621 2747 te
2648 2695 2713 2748 ⁸⁰.
2749 2713 2768 2747 ι
2796 2695 2928 2760 Quia
2955 2712 3095 2749 nunc
3123 2712 3317 2766 propo-

1801 2785 1965 2838 situm
1996 2793 2077 2837 est
2109 2781 2301 2835 Filium
2322 2821 2336 2844 ,
2368 2788 2637 2835 auctorem
2669 2797 2844 2836 rerum
2864 2821 2879 2847 ,
2910 2785 3045 2851 apud
3077 2786 3317 2842 homines

1800 2873 1855 2926 in
1889 2880 2031 2926 terra
2061 2879 2395 2925 versaturum
2421 2910 2435 2935 ,
2468 2884 2533 2925 ex
2567 2872 2841 2940 prOphetis
2878 2872 3195 2937 ostendere,
3227 2889 3315 2928 ar-

1798 2961 1967 3015 bitror
1996 2962 2221 3025 hujusce
2247 2961 2323 3014 rei
2353 2959 2782 3015 demonstrandae
2808 2961 3091 3015 eilicaciam
3120 2963 3317 3019 habere

1798 3058 2110 3120 praesentem
2140 3049 2502 3118 prophetiam,
2533 3050 2666 3104 adeo
2697 3051 2910 3118 quidem
2943 3059 3001 3104 ut
3033 3053 3102 3105 ob
3147 3053 3318 3114 ipsius

1799 3137 1875 3190 rei
1920 3136 2388 3206 perspicuitatem,
2438 3136 2586 3189 nulla
2638 3139 2894 3206 ampliore
2943 3140 3318 3207 explanatione

123 3228 240 3298 τὴν
300 3229 471 3281 αἰτίαν
522 3225 680 3290 αὖθις
735 3227 833 3295 τῆς
874 3225 1107 3294 ἀφίξεως
1139 3223 1298 3277 αὐτοῦ
1348 3223 1491 3295 δηλοῖ
1532 3226 1588 3276 ὲν
1618 3219 1695 3287 οἷς

1800 3226 1870 3280 sit
1922 3240 2100 3294 opus:
2147 3224 2308 3278 etiam
2364 3224 2496 3277 illud
2545 3225 2851 3279 observabis
2899 3228 3039 3294 quod
3093 3243 3313 3282 causam

126 3336 310 3390 φησιο
356 3340 373 3371 ι
408 3321 511 3373 Καὶ
544 3317 970 3384 καταφεύξονται
1004 3315 1127 3385 ἔθνη
1171 3313 1335 3368 πολλὰ
1363 3315 1452 3367 ἐπὶ
1478 3315 1564 3367 τὸν
1588 3314 1699 3366 Κύ-

129 3426 263 3477 ριον
302 3412 362 3462 ἐν
388 3414 450 3481 τῇ
479 3410 662 3479 ἡμέρᾳ
680 3407 885 3478 ἐκείνῃ,
910 3407 1002 3458 καί
1018 3405 1224 3457 ἔσονται
1251 3404 1395 3473 αὐτῷ
1420 3405 1497 3466 εἰς
1514 3404 1688 3456 λαόν.»

124 3499 344 3552 Ταῦτα
368 3501 421 3552 δὲ
438 3504 465 3553 ό
490 3500 668 3566 λόγος,
700 3496 799 3565 τὴν
825 3495 1094 3565 θυγατέρα
1109 3493 1244 3546 Σιὼν
1266 3493 1690 3561 εὐαγγελίζεται,

125 3586 295 3640 οὕτω
343 3589 433 3656 τὴν
478 3587 808 3656 Ἐκκλησίαν
848 3583 941 3636 τοῦ
973 3583 1105 3636 Θεοῦ
1157 3581 1580 3653 προσαγορεύων,
1607 3580 1692 3633 διά

126 3676 196 3728 τὸ
215 3677 334 3746 τῆς
348 3677 659 3747 ἐπουρανίου
693 3673 1037 3745 Ἰερουσαλὴμ
1057 3671 1323 3741 θυγατέρα
1348 3668 1478 3722 εἶναι
1502 3669 1689 3732 δοκεῖν,

132 3766 362 3834 μητρὸς
402 3763 560 3834 οὔσης
621 3762 838 3829 ἐκείνης
878 3760 981 3812 τῶν
1014 3759 1199 3826 ἀγίων,
1255 3756 1393 3810 κατά
1423 3758 1511 3808 τὸν
1553 3756 1692 3825 ἱερὸν

142 3851 490 3907 ’Δτοόστολον.
511 3854 596 3913 ,Ἢ
612 3852 709 3904 καὶ
738 3850 908 3912 ἄλλως
928 3849 1165 3919 θυγάτηρ
1189 3846 1322 3899 Σιὼν
1337 3849 1370 3916 ἡ
1412 3845 1692 3915 Ἐκκλησία

130 3942 386 4012 Χριστοῦ
436 3944 651 4013 λεχθείη
700 3940 789 4002 ἂν,
830 3939 974 3997 ώσάν
1018 3941 1080 3991 ὲκ
1123 3938 1220 4006 τῆς
1278 3936 1540 4007 προτέρας
1567 3953 1689 3989 συν-

129 4034 376 4102 εγω-’γῆς
427 4035 530 4087 τῶν
550 4035 618 4085 ὲκ
651 4030 970 4103 περιτομῆς,
1023 4028 1109 4081 διά
1142 4045 1198 4080 τε
1243 4027 1563 4090 ἀποστόλων,
1600 4026 1689 4079 καὶ

129 4124 540 4190 εὐαγγελιστῶν
560 4123 865 4181 ὑποστᾶσα,
893 4119 941 4172 οἶ
974 4120 1067 4171 καὶ
1085 4118 1387 4186 γεννήματα
1405 4116 1689 4186 ἐτύγχανον

130 4214 361 4283 μητρὸς
397 4216 489 4285 τῆς
537 4210 935 4283 ἀπορριφείσης
995 4208 1083 4261 διὰ
1110 4209 1208 4268 τὰς
1267 4206 1469 4267 οἰκείας
1506 4205 1688 4256 δυσσε-

128 4303 323 4366 ϐείας,
356 4303 443 4355 καὶ
481 4304 656 4373 χήρας
679 4299 1045 4370 γεγενημένης
1068 4335 1082 4359 ,
1114 4296 1201 4349 διὰ
1232 4296 1292 4349 τὸ
1317 4295 1575 4349 ἀπελάσαι
1599 4294 1687 4346 τὸν

123 4393 334 4463 ἄνδρα,
368 4393 449 4446 διά
479 4393 586 4445 τῶν
633 4390 926 4462 προφητῶν
949 4386 1386 4456 ὲπιμεμῲάμενον
1434 4385 1565 4453 αὐτῇ
1594 4380 1687 4435 καὶ

127 4486 422 4551 φήσανταο
456 4502 474 4533 ι
509 4484 619 4551 Οὐχ
648 4482 725 4544 ὡς
744 4479 909 4549 ἄνδρα
937 4494 1001 4546 με
1034 4476 1308 4538 ἐκάλεσας,
1343 4474 1432 4526 καὶ
1460 4472 1683 4542 πατέρα,

1796 3328 1986 3367 rursus
2023 3313 2107 3366 sui
2145 3311 2401 3365 adventus
2430 3311 2697 3379 signiﬁcat
2718 3350 2732 3374 ,
2764 3312 2854 3364 ubi
2886 3314 2959 3365 ait
2987 3331 3000 3365 :
3032 3332 3050 3364 ι
3088 3313 3152 3365 Ει
3183 3328 3316 3368 con-

1799 3402 2000 3470 fugient
2033 3407 2214 3468 gentes
2252 3400 2431 3452 multae
2466 3399 2530 3452 ad
2570 3398 2849 3452 Dominum
2893 3401 2946 3453 in
2983 3402 3070 3455 die
3107 3403 3224 3473 illa,
3259 3410 3315 3457 et

1797 3499 1953 3547 erunt
1982 3491 2081 3559 ipsi
2109 3490 2163 3543 in
2192 3490 2463 3558 populum.
2504 3508 2522 3540 ι
2552 3488 2673 3543 Haec
2702 3498 2876 3544 autem
2906 3492 3005 3559 ipsi
3034 3491 3153 3544 ﬁliae
3183 3491 3311 3546 Sion

1796 3583 2005 3637 nuntiat
2037 3581 2309 3636 oraculum
2332 3618 2346 3642 ,
2392 3579 2469 3632 sic
2506 3579 2714 3632 interim
2754 3578 2847 3632 Dei
2883 3579 3177 3634 Ecclesiam
3215 3596 3312 3648 ap-

1794 3672 2034 3742 pellans,
2097 3681 2374 3740 propterea
2421 3669 2560 3737 quod
2614 3670 2817 3724 caelesti
2862 3668 3155 3723 Jerusalem
3203 3671 3309 3724 lilia

1792 3785 1912 3824 esse
1960 3768 2224 3830 videatur,
2283 3780 2426 3835 qum,
2484 3770 2544 3817 ut
2595 3770 2815 3817 sanctus
2870 3761 2943 3814 ait
2995 3760 3306 3828 Apostolus,

1792 3866 1963 3913 mater
2006 3866 2310 3912 sanctorum
2356 3864 2457 3911 est.
2505 3854 2611 3906 Aut
2649 3853 2808 3906 etiam
2851 3851 3003 3906 aliter
3038 3850 3145 3904 ﬁlia
3180 3849 3309 3905 Sion

1792 3946 1991 4002 Christi
2038 3946 2274 4000 Ecclesia
2303 3944 2408 3999 dici
2437 3951 2645 4013 potest,
2688 3949 2939 4010 tanquam
2979 3956 3041 3995 ea
3081 3955 3199 4011 quae
3242 3956 3308 3995 ex

1790 4039 1967 4106 priore
2020 4050 2203 4090 eorum
2255 4035 2346 4104 qui
2408 4033 2472 4087 ad
2527 4032 2985 4087 circumcisionem
3041 4031 3308 4099 pertinent

1791 4134 2050 4180 conventu
2077 4164 2092 4189 ,
2142 4138 2237 4194 per
2277 4123 2544 4193 apostolos
2567 4161 2581 4184 ,
2632 4129 2789 4190 atque
2829 4120 3180 4189 evangelistas
3203 4160 3219 4183 ,
3251 4119 3306 4172 id

1790 4214 1930 4285 quod
1960 4222 2073 4277 est,
2109 4214 2406 4281 acceperit,
2436 4214 2525 4281 qui
2552 4211 2712 4266 etiam
2745 4211 2835 4264 lilii
2862 4218 3015 4263 erant
3046 4209 3162 4278 ejus
3192 4224 3307 4263 ma-

1789 4303 1886 4357 tris
1906 4341 1921 4367 ,
1950 4317 2067 4371 quae
2099 4303 2169 4357 ob
2198 4302 2398 4356 scelera
2428 4316 2524 4356 sua
2554 4301 2759 4369 abjecta
2800 4307 2915 4363 est,
2962 4315 3184 4369 quaeque
3223 4300 3304 4353 νίς

1788 4392 1892 4445 dua
1925 4391 2065 4445 facta
2094 4400 2211 4456 est,
2240 4408 2303 4446 eo
2336 4391 2478 4461 quod
2521 4391 2783 4460 expulerit
2812 4392 2983 4444 virum
3012 4429 3027 4453 ,
3068 4390 3159 4459 qui
3208 4406 3305 4460 per

1788 4483 2074 4551 prophetas
2095 4482 2160 4536 de
2185 4482 2300 4550 ipsa
2328 4488 2651 4551 conquestus
2671 4488 2755 4536 est
2776 4519 2791 4543 ,
2817 4487 2975 4549 atque
3002 4480 3077 4533 ait
3100 4498 3113 4533 :
3142 4498 3162 4530 ι
3189 4480 3306 4534 Non

126 4575 230 4627 καὶ
262 4575 503 4644 ἀρχηγὸν
534 4574 635 4642 τῆς
652 4570 946 4642 παρθενίας
978 4584 1068 4619 σου
1088 4583 1102 4596 ’
1141 4586 1159 4617 ι
1184 4565 1241 4628 ὃς
1272 4565 1364 4617 καὶ
1392 4567 1499 4625 τοῖς
1523 4562 1579 4628 ἐξ
1600 4563 1688 4615 αὐ-

1800 4582 2038 4641 Lanquam
2070 4572 2242 4625 virum
2272 4587 2357 4625 me
2388 4572 2589 4627 vocasti
2611 4610 2627 4635 ,
2670 4578 2723 4625 et
2766 4570 2976 4625 Patrem
3023 4578 3075 4626 et
3111 4570 3301 4624 ducem

125 4662 232 4729 τῆς
293 4663 599 4731 γενομένοις
656 4660 749 4712 τὸν
773 4658 969 4727 τρόπον
1008 4656 1103 4725 τῆς
1133 4654 1328 4724 μητρὸς
1368 4651 1679 4717 διαϐάλλων,

126 4757 271 4825 φησί
298 4773 315 4785 ο
346 4775 364 4805 ι
397 4758 549 4808 Ποῖον
591 4753 755 4807 τοῦτο
785 4750 849 4803 τὸ
891 4748 1087 4818 βιόλίον
1113 4746 1203 4799 τοῦ
1239 4744 1557 4799 ἀποστασίου
1588 4744 1683 4812 τῆς

131 4846 354 4914 μητρὸς
395 4846 562 4914 ὑμῶν,
592 4837 639 4910 ᾧ
676 4837 1034 4906 ἐξαπέστειλα
1074 4838 1270 4906 αὐτήν;
1311 4854 1329 4885 ι
1357 4835 1464 4888 Καὶ
1492 4832 1680 4886 πάλιν·

129 4952 149 4981 ι
194 4934 435 5002 Κριθῆτε
498 4934 638 5005 πρὸς
697 4930 801 4999 τὴν
858 4927 1063 4997 μητέρα
1113 4926 1279 4995 ὑμῶν,
1334 4925 1569 4995 κριθῆτε,
1603 4923 1684 4975 ὅτι

127 5025 274 5095 αῦτη
314 5028 366 5077 οὑ
395 5028 524 5096 γυνή
555 5042 662 5095 μου
686 5062 703 5085 ,
735 5019 897 5087 κάγὼ
929 5019 1025 5071 οὐκ
1047 5020 1179 5088 ἀνὴρ
1204 5019 1388 5086 αὐτῆς.
1414 5036 1431 5067 ι
1457 5017 1685 5077 Εἰκότως

124 5113 267 5182 δῆτα
305 5115 431 5167 ὼσάν
462 5117 564 5184 τὴν
602 5110 835 5182 μητέρα
876 5109 1316 5177 ἀπαρνησαμένου
1346 5106 1437 5158 τοῦ
1460 5106 1680 5174 Κυρίου,

126 5204 270 5269 πρὸς
309 5202 688 5274 τὴνϐυγατέρα
721 5201 759 5266 ή
807 5195 1055 5265 παροῦσα
1087 5196 1378 5266 προφητεία
1407 5194 1673 5260 εὐαγγελί-

102 5287 259 5345 ζεται
300 5293 384 5365 τὴν
410 5289 584 5345 αὐτοῦ
641 5281 750 5336 τοῦ
797 5281 1006 5349 Κυρίου
1050 5283 1356 5351 παρουσίαν.
1404 5281 1499 5349 Είη
1539 5281 1582 5333 δ’
1617 5281 1679 5333 ἂν

84 5370 216 5438 ιῧτη
262 5387 307 5455 γι
337 5384 394 5446 εξ
433 5375 622 5433 ἐθνῶν
672 5368 1009 5436 Ἐκκλησία,
1037 5372 1090 5422 ὲν
1131 5371 1276 5440 χώρα
1307 5369 1560 5439 θυγατρὸς
1584 5370 1679 5440 τῆς

98 5458 260 5533 390‘}-
284 5489 380 5540 ρας,
404 5470 501 5525 διά
532 5466 680 5524 τοὺς
734 5457 1073 5521 ἀποστόλους
1112 5460 1199 5512 τοῦ
1238 5460 1477 5529 Σωτῆρος
1506 5463 1676 5531 ἡμῶν,

110 5548 463 5628 λεἰςνςισμένη.

180 5669 228 5699 ⁸·
262 5667 375 5729 Zacb.
406 5691 474 5737 κ,
508 5668 612 5730 ιο,
660 5660 767 5715 υ-

1788 4661 2101 4731 virginitatis
2146 4668 2251 4715 tua:
2280 4662 2345 4726 ⁸¹,
2378 4681 2397 4713 ι
2420 4663 2510 4731 qui
2549 4662 2708 4715 etiam
2738 4662 2803 4715 iis
2833 4661 2923 4729 qui
2947 4662 3013 4714 de
3037 4662 3149 4729 ipsa
3193 4662 3304 4713 nati

1786 4760 1939 4813 sunt,
1966 4764 2141 4804 mores
2171 4751 2353 4804 matris
2374 4751 2703 4819 exprobrans
2736 4764 2798 4802 ac
2825 4751 3155 4817 vituperans,
3185 4750 3259 4802 ait
3283 4768 3297 4804 :

1791 4859 1810 4892 ι
1841 4840 1971 4903 Quis
2001 4847 2083 4893 est
2115 4839 2202 4891 hic
2232 4839 2365 4892 liber
2394 4840 2600 4908 repudii
2636 4838 2821 4893 matris
2851 4846 3075 4899 vestrae,
3112 4839 3165 4891 in
3192 4854 3301 4906 quo

1786 4929 1939 4983 emisi
1971 4943 2085 4981 eam
2110 4928 2155 4958 ⁸⁸
2175 4928 2198 4979 ?
2219 4945 2237 4977 ι
2267 4929 2331 4980 Et
2363 4944 2549 4983 rursus
2577 4946 2591 4982 :
2626 4946 2645 4980 ι
2671 4927 2988 4981 ιυᾱὶειιηιὶυἰ
3015 4928 3299 4994 :quoniam

1784 5018 1897 5071 hac
1937 5031 2044 5070 non
2086 5031 2222 5070 uxor
2254 5031 2367 5070 mea
2389 5056 2404 5080 ,
2449 5025 2501 5071 et
2537 5032 2633 5085 ego
2667 5031 2771 5070 non
2804 5016 2884 5068 vir
2909 5016 3026 5082 ejus
3053 5016 3119 5070 ⁸³.
3145 5035 3165 5067 ι
3192 5016 3298 5070 Me-

1782 5107 1890 5159 rito
1940 5119 2067 5158 sane
2112 5112 2362 5171 tanquam
2405 5105 2471 5158 iis
2515 5106 2605 5174 qui
2658 5114 2880 5158 matrem
2922 5104 3302 5179 abnegaverint

1786 5194 1947 5249 tiliam
2002 5192 2238 5251 Domini.
2281 5194 2448 5263 ipsius
2491 5193 2695 5247 Domini
2737 5193 3015 5247 adventum
3063 5210 3297 5263 praesens

1785 5282 2061 5353 prophetia
2109 5283 2338 5335 nuntiat.
2386 5280 2499 5334 Erit
2546 5287 2722 5336 autem
2777 5281 2888 5336 haec
2940 5281 3178 5339 Ecclesia
3229 5286 3296 5340 de

1787 5373 2062 5442 gentibus.
2097 5388 2213 5440 quae
2243 5372 2359 5427 loco
2392 5374 2585 5441 prioris
2618 5373 2737 5429 ﬁliae
2768 5388 2860 5443 per
2902 5374 3066 5430 nostri
3111 5376 3294 5431 Salva-

1785 5463 1917 5516 toris
1944 5464 2213 5530 apostolos
2236 5502 2251 5527 ,
2282 5462 2457 5518 habita
2484 5470 2584 5518 est.

868 5661 910 5691 ⁸³
933 5660 1037 5715 Jer.
1060 5680 1136 5731 Ill,
1163 5666 1214 5719 ὁ.
1286 5668 1328 5701 ⁸³
1349 5666 1448 5723 Isa.
1481 5686 1602 5739 ιιι,
1633 5692 1670 5729 ι.
1742 5681 1787 5714 ³³
1818 5681 1938 5739 Ose.
1971 5697 2030 5749 ιι,
2055 5683 2110 5739 2.
