3738 6312
764 342 857 401 451

1177 458 1336 530 284
1374 457 1596 513 CAPUT
1634 455 1814 510 xvul.

847 616 925 674 Ab
956 615 1152 696 cadent.
1179 644 1247 655 ——
1277 614 1349 695 De
1382 613 1587 692 Domini
1622 611 1839 663 adventu
1866 646 1881 670 ,
1913 615 1960 658 et
1997 605 2059 658 de
2093 605 2158 656 iis

965 699 1078 753 qua
1108 684 1161 737 in
1190 685 1423 750 passione
1450 683 1561 747 ejus
1590 689 1828 733 eventura
1858 684 2027 728 erant.

809 869 826 901 ι
863 850 1001 905 Ecce
1024 848 1137 903 dies
1161 854 1382 903 veniunt
1411 845 1658 909 Domini,
1685 850 1738 898 et
1760 841 2069 896 dividentur
2095 836 2264 906 spolia

742 956 830 999 tua
862 943 915 995 in
948 949 1000 995 te
1023 980 1038 1000 ,
1084 947 1137 993 et
1180 937 1512 1012 congregabo
1541 950 1725 989 omnes
1753 941 1935 1003 gentes
1966 931 2019 983 in
2050 927 2268 982 Jerusa-

743 1033 843 1087 lem
877 1029 943 1083 ad
970 1027 1166 1083 bellum
1192 1043 1207 1091 ;
1239 1032 1292 1079 et
1319 1024 1564 1094 capietur
1593 1021 1784 1074 civitas
1807 1058 1822 1079 ,
1857 1025 1909 1072 et
1947 1015 2269 1083 diripientnr

743 1122 966 1182 domus,
1000 1124 1052 1171 et
1091 1116 1342 1169 mulieres
1374 1113 1737 1174 fmdabuntur,
1766 1118 1820 1162 et
1854 1105 2156 1177 egredietur
2187 1102 2271 1156 di-

744 1210 964 1264 midium
996 1205 1228 1261 civitatis
1252 1206 1304 1257 in
1333 1202 1673 1273 captivitate,
1711 1197 1901 1266 reliqui
1930 1209 2054 1249 vero
2079 1194 2146 1247 de
2173 1207 2271 1262 po-

2282 453 2329 509 A

1496 340 1761 399 EUSEBll
1798 331 2267 394 CASSARIENSIS
2296 331 2446 387 OPP.
2480 328 2658 383 PARS
2694 327 2761 382 ιι.
2804 354 2874 367 --
2903 317 3285 378 APOLOGETICA.

2858 435 3169 492 ΚΕΦΔΔΛΙΟΝ
3186 434 3274 486 ιΗν.

2370 580 2512 636 Ἀπὸ
2545 579 2646 631 τοῦ
2686 571 3077 638 αὑτοῦ.-Περὶ
3109 567 3198 638 τῆς
3216 565 3296 617 τοῦ
3318 562 3480 638 Κυρξοι

2431 631 2586 713 σίας,
2615 648 2711 699 καὶ
2754 644 2875 697 τῶν
2903 640 3016 694 κατὰ
3031 631 3086 692 ’τὸ
3113 631 3264 699 πάθος
3294 631 3478 687 αὐτοῦς

2424 717 2637 785 μένων.

2438 847 2457 879 ι
2503 827 2629 880 Ἰδοὺ
2689 824 2892 895 ἡμέραι
2935 822 3121 892 ἔρχονται
3142 814 3219 868 τοῦ
3256 813 3478 883 Κνρὶου,ι

2368 915 2703 987 ρισθήσονται
2748 914 2819 966 τὰ
2870 910 3014 964 σκῦλά
3054 925 3126 960 σου
3170 907 3217 957 ὲν
3265 902 3346 961 σοὶ,
3384 900 3466 951 καὶ

2366 1008 2538 1061 πάντα
2579 1006 2644 1060 τὰ
2701 1005 2830 1074 ἔθνη
2856 1003 2944 1055 ἐπὶ
2990 995 3273 1070 Ἰερουσαλὴμ
3317 992 3385 1052 εὶς
3415 990 3478 1041 πὸ

2367 1097 2624 1151 ἁλώσεται
2652 1097 2686 1162 ἡ
2714 1093 2890 1155 πόλις,
2917 1091 2996 1144 καὶ
3026 1078 3473 1156 διαρπγὴσονταιαὶ

2367 1187 2420 1236 αἱ
2491 1185 2744 1251 γυναῖκες
2813 1177 3202 1250 μολυνθήσονται,
3256 1169 3338 1221 καὶ
3387 1165 3482 1229 tisi

746 1299 870 1367 pulo
902 1310 1021 1350 meo
1053 1309 1157 1348 non
1190 1293 1468 1361 peribunt,
1503 1295 1556 1343 et
1586 1287 1885 1357 egredietur
1912 1283 2188 1345 Dominus,
2218 1302 2222 1327 ‹

2003 1255 2194 1345 minus,
2218 1287 2271 1334 et
2362 1273 2533 1342 ἥμισυ
2564 1272 2663 1339 τῆς
2695 1269 2899 1330 πόλεως
2925 1269 2974 1318 ὲν
3001 1259 3314 1333 αἰχμαλωσίᾳ.
3341 1257 3398 1308 Οἱ
3430 1255 3479 1307 δὲ

746 1344 1019 1456 parabitur
1052 1382 1117 1436 ad
1145 1344 1382 1451 praelium
1416 1379 1471 1432 in
1520 1344 1766 1447 gentibus
1803 1375 1944 1436 illis,
1981 1373 2122 1428 sicut
2155 1344 2222 1424 dit

1992 1373 2122 1428 sicut
2155 1344 2269 1424 dies
2367 1360 2460 1411 τοῦ
2485 1356 2611 1411 λαοῦ
2645 1374 2742 1428 μου
2768 1357 2828 1407 οὐ
2860 1355 2930 1425 μὴ
2967 1347 3344 1419 ἐξολοθρευθῶσι,
3378 1344 3468 1397 καὶ

2370 1449 2447 1456 ’“”
2708 1447 2719 1456 “
2963 1442 3003 1456 ’⁵
3143 1439 3188 1456 ὶλ
3257 1433 3463 1456 -9-ΩΔ..-

748 1433 1131 1544 Sergia—{eiei}
1146 1433 1249 1524 rdie
1262 1433 1400 1522 belli
1427 1486 1440 1520 :
1467 1433 1760 1521 et'vstabunt
1783 1433 1943 1534 pedes
1966 1464 2082 1530 ejus
2104 1462 2160 1514 in
2185 1459 2224 1513 di

2007 1464 2082 1528 ius
2104 1462 2160 1514 in
2185 1459 2272 1513 die
2369 1449 2585 1516 Κύριος,
2636 1447 2730 1500 καὶ
2774 1442 3105 1516 παρατάξεται
3141 1439 3191 1490 ὲν
3220 1439 3329 1498 τοῖς
3354 1433 3483 1486 ἔθνει

746 1565 836 1617 illa
861 1578 1020 1632 super
1049 1571 1227 1615 monte
1254 1558 1558 1620 Olivarum,
1587 1555 1679 1624 qui
1707 1562 1789 1609 est
1826 1563 2011 1608 contra
2060 1551 2273 1607 Jerusa-

2370 1540 2552 1604 καθὼς
2576 1540 2755 1611 ἡμέρα
2786 1536 3106 1609 παρατάξεως
3133 1530 3287 1586 αὐτοῦ
3323 1532 3373 1582 ὲν
3400 1529 3483 1597 ἡμξ

749 1653 852 1706 lem
879 1621 946 1705 ab
971 1652 1200 1711 Oriente,
1230 1655 1282 1701 et
1308 1646 1580 1700 scindetur
1604 1621 1760 1697 mons
1787 1641 2056 1696 Olivarum
2076 1680 2091 1704 ,
2120 1640 2225 1693 dim

2007 1655 2056 1693 m
2076 1680 2091 1704 ,
2120 1640 2276 1693 dimi—
2371 1635 2478 1685 Καὶ
2505 1633 2785 1701 στήσονται
2826 1630 2876 1681 οἱ
2927 1628 3060 1690 πόδες
3088 1623 3234 1679 αὑτοῦ
3266 1623 3326 1673 ὲν
3357 1622 3420 1688 τῇ
3460 1621 3483 1669 'l

750 1741 896 1794 dium
926 1741 1042 1809 ejus
1071 1740 1136 1793 ad
1165 1738 1453 1799 Orientem,
1479 1742 1532 1789 et
1551 1733 1828 1787 dimidium
1858 1731 1976 1800 ejus
2001 1730 2067 1783 ad
2092 1744 2270 1795 mare;

750 1830 1092 1900 profunditas
1122 1840 1314 1896 magna
1342 1823 1702 1886 vehementer,
1734 1830 1787 1876 et
1813 1820 2087 1874 inclinabit
2112 1818 2272 1872 dimi—

749 1923 897 1975 dium
929 1921 1124 1973 montis
1153 1919 1218 1972 ad
1248 1919 1471 1972 Boream
1493 1959 1508 1983 ,
1532 1925 1585 1970 et
1607 1913 1881 1968 dimidium
1909 1912 2024 1981 ejus
2051 1911 2116 1964 ad
2138 1910 2275 1965 Aus-

750 2020 895 2065 trum
922 2030 935 2064 :
968 2018 1019 2063 et
1048 2008 1387 2062 obturabitur
1416 2006 1571 2061 vallis
1611 2002 1869 2057 montium
1914 2013 2151 2054 meorum
2170 2036 2186 2061 ,
2223 2004 2277 2052 et

752 2100 1203 2168 conglutinabitur
1226 2097 1485 2151 convallis
1516 2095 1775 2148 montium
1805 2106 1973 2159 usque
1996 2089 2151 2144 Asael
2178 2106 2192 2142 :
2225 2095 2278 2142 et

751 2188 1107 2249 obturabitur,
1130 2184 1575 2262 quemadrgpdum
1599 2182 1844 2235 obturata
1863 2183 1945 2230 est
1965 2190 1994 2228 a
2016 2175 2149 2229 facie
2168 2181 2279 2227 ter-

753 2295 827 2335 rte
868 2287 1067 2341 motus,
1099 2278 1153 2329 in
1183 2276 1371 2329 diebus
1399 2275 1538 2328 Ozias
1569 2272 1712 2342 regis
1736 2269 1891 2323 Juda.
1926 2267 2010 2338 [Et
2038 2266 2280 2320 adveniet

755 2371 1013 2424 Dominus
1054 2368 1199 2422 Deus‘
1230 2382 1418 2429 meus,
1447 2374 1501 2419 et
1531 2377 1717 2418 omnes
1762 2360 1933 2414 sancti
1975 2371 2095 2411 cum
2135 2370 2198 2409 eo
2222 2353 2276 2424 :]

754 2468 807 2514 et
846 2460 946 2514 erit
994 2459 1046 2511 in
1086 2457 1175 2511 die
1216 2457 1338 2520 illa,
1383 2470 1492 2510 non
1537 2454 1640 2508 erit
1668 2452 1881 2512 lumen,
1912 2446 2006 2502 scd
2035 2446 2204 2514 frigus
2228 2451 2281 2499 et

752 2550 952 2618 glacies
978 2549 1081 2604 erit
1112 2547 1197 2601 die
1229 2560 1372 2600 uno:
1406 2553 1460 2599 et
1487 2543 1600 2597 dies
1628 2541 1718 2594 ille
1750 2546 1910 2592 notus
1939 2535 2164 2589 Domino
2182 2572 2197 2597 ,
2226 2539 2281 2586 et

757 2656 862 2694 non
896 2640 1044 2700 dies,
1087 2652 1262 2706 neque
1301 2650 1441 2697 nox,
1487 2632 1555 2687 ad
1593 2644 1871 2700 vesperam
1917 2627 2020 2681 erit
2058 2626 2171 2678 lux.
2216 2621 2281 2675 Et

757 2733 859 2783 erit
895 2731 948 2782 in
986 2729 1072 2783 die
1108 2730 1234 2789 illa,
1270 2724 1574 2795 egredietur
1610 2735 1747 2789 aqua
1781 2719 1898 2772 viva
1946 2716 2013 2770 de
2058 2713 2279 2768 Jerusa-

759 2821 863 2873 lem
887 2838 902 2874 :
932 2818 1209 2873 dimidium
1237 2817 1355 2884 ejus
1376 2814 1440 2867 ad
1466 2826 1611 2865 mare
1636 2811 1866 2879 primum
1887 2846 1902 2872 ,
1927 2812 1980 2859 et
2002 2801 2281 2857 dimidium

2374 1723 2464 1775 ἐπὶ
2490 1722 2548 1774 τὸ
2597 1722 2717 1790 ὅρος
2743 1720 2850 1772 τῶν
2891 1717 3086 1770 Ἐλαιῶν
3110 1717 3183 1779 τὸ,
3213 1712 3484 1766 κατέναντι

2372 1812 2430 1876 ἐξ
2470 1811 2758 1873 ἀνατολῶν,
2810 1810 2900 1862 καὶ
2942 1807 3253 1878 ηισθὴσεται
3288 1802 3353 1854 τὸ
3386 1800 3483 1870 ὗρο

2369 1905 2536 1973 ἡμισυ
2593 1900 2752 1954 αὑτοῦ
2802 1898 2937 1969 πρὸς
2989 1897 3254 1950 θάλασσαν.
3295 1891 3443 1953 Χάος

2373 1993 2465 2045 καὶ
2494 1992 2661 2043 κλινεῖ
2683 1990 2741 2041 τὸ
2764 1990 2928 2058 ἥμισυ
2956 1986 3035 2038 τοῦ
3076 1986 3226 2056 ὅρους
3253 1984 3396 2052 πρὸς
3424 1981 3484 2033 τὸ

2373 2083 2433 2135 τὸ
2460 2083 2626 2150 ἥμισυ
2681 2077 2843 2130 αὑτοῦ
2877 2078 3001 2146 πρὸς
3029 2075 3208 2128 Νότον.
3248 2073 3377 2127 Καὶ
3405 2073 3481 2141 Ep.

2375 2171 2554 2233 κοιλὰς
2582 2169 2687 2221 τῶν
2714 2168 2882 2239 ὀρέων
2910 2184 3021 2237 μου,
3051 2166 3135 2218 καὶ
3153 2161 3484 2232 ὲγκολληθής

2375 2262 2538 2331 ὀρέων
2588 2261 2690 2322 ἓως
2753 2257 2982 2328 Ἀσαήλο
3012 2257 3099 2309 καὶ
3146 2253 3482 2325 ὲμφραχθὴο

2376 2348 2640 2417 ἐνεφράγη
2685 2347 2790 2400 ἀπὸ
2839 2344 3111 2416 προσώπου
3149 2342 3245 2394 τοῦ
3302 2359 3481 2410 σεισμ.

2390 2436 2559 2500 Ὀζὶου
2609 2436 2866 2505 βασιλέως
2942 2433 3118 2487 Ἰούδα.
3170 2434 3292 2485 Ka‘t
3361 2432 3481 2484 ’ἐστι

2378 2529 2574 2599 ἡμέρᾳ,
2601 2528 2701 2579 οὐκ
2722 2526 2871 2578 ἔσται
2924 2524 3053 2594 φῶς,
3085 2523 3221 2577 ἀλλὰ
3238 2522 3482 2594 ψῦχος,·

2381 2619 2506 2689 μίαν
2534 2617 2759 2687 ἡμέραν.
2780 2617 2889 2668 Καὶ
2909 2618 2944 2683 ἡ
2972 2614 3148 2686 ἡμέρα
3162 2615 3372 2685 ἐκείνη
3403 2632 3478 2683 γνι

2379 2710 2471 2762 καὶ⁸
2499 2710 2594 2777 οὐχ
2622 2706 2824 2777 ἡμέρα,
2851 2705 2947 2758 καὶ
2973 2705 3089 2775 οὐχὶ
3118 2703 3243 2767 νὺξ,
3279 2704 3356 2757 τὸ
3398 2722 3476 2775 πρ

2380 2799 2510 2867 φῶς.
2543 2798 2650 2850 Καὶ
2667 2796 2816 2848 ἔσται
2842 2798 2898 2849 ὲν
2930 2797 2995 2864 τῇ
3014 2794 3195 2864 ἡμέρᾳ
3222 2795 3460 2867 ξκεὶνῃ,

754 2908 879 2976 ejus
915 2908 979 2961 ad
1018 2921 1165 2960 mare
1204 2905 1450 2958 ultimum
1480 2919 1494 2954 :
1533 2900 1587 2954 in
1623 2904 1806 2954 aestate
1842 2901 1896 2949 et
1931 2894 1987 2948 in
2026 2906 2146 2947 vere
2183 2905 2230 2945 ei

2026 2906 2146 2947 vere
2183 2890 2284 2945 erit
2382 2887 2484 2952 ζῶν
2517 2884 2576 2950 ἐξ
2606 2885 2958 2957 Ἰερουσαλήμ
2981 2901 2993 2913 °
3022 2884 3083 2936 τὸ
3109 2885 3299 2954 ἥμισυ
3339 2887 3473 2939 αὐτ(

764 3000 843 3053 sic
874 3018 887 3052 :
923 3006 975 3053 et
998 2999 1106 3052 erit
1134 2996 1389 3050 Dominus
1417 2994 1473 3046 in
1502 3004 1681 3060 regem
1725 2988 1781 3040 in
1823 2997 2031 3038 omnem
2062 2989 2282 3036 terram.

2384 2993 2479 3030 σαν
2507 2975 2602 3045 τὴν
2634 2973 2873 3045 πρώτην,
2905 2973 2999 3026 καὶ
3021 2974 3199 3042 ἣμισυ
3234 2975 3443 3028 αὐτοῦ

761 3081 820 3136 ln
868 3083 954 3136 die
1001 3082 1090 3135 illa
1138 3081 1241 3136 erit
1291 3078 1547 3133 Dominus
1602 3090 1777 3137 unus,
1825 3078 1876 3126 et
1923 3084 2119 3124 nomen
2166 3068 2237 3136 ejt

1998 3084 2119 3123 men
2166 3068 2286 3136 ejus
2313 3086 2359 3146 ο
2384 3067 2480 3140 τὴν
2503 3067 2750 3136 ἐσχάτην.
2795 3065 2882 3117 Ἐν
2906 3064 3052 3133 Θέρει
3075 3066 3176 3118 καὶ
3203 3067 3271 3118 ὲν
3323 3066 3474 3138 ἔαρι

762 3188 927 3225 unum
947 3211 963 3234 ,
989 3171 1327 3226 circumdans
1350 3182 1560 3222 omnem
1588 3174 1780 3220 terram
1803 3200 1818 3227 ,
1850 3168 1903 3215 et
1926 3172 2137 3213 omnem
2161 3156 2292 3211 soli-

762 3259 998 3313 tudinem
1028 3260 1093 3314 ⁸⁸.
1119 3278 1138 3312 ι
1161 3257 1289 3313 Post
1317 3259 1540 3327 primam
1589 3253 1920 3309 obsidionem
1957 3248 2252 3304 Jerusalem
2271 3285 2289 3314 ,

763 3356 1161 3418 extremamque
1183 3348 1327 3402 illius
1352 3347 1560 3401 ruinam
1584 3352 1637 3400 et
1658 3342 1996 3399 solitudinem
2015 3379 2030 3403 ,
2054 3356 2172 3410 qua“:
2193 3339 2292 3394 sub

764 3435 1067 3506 Babyloniis
1095 3436 1317 3499 accidit,
1345 3443 1569 3506 postque
1598 3432 1824 3487 reditum
1853 3432 1920 3485 ab
1940 3430 2120 3485 hostili
2152 3441 2294 3484 terra

764 3528 834 3582 ad
863 3527 1090 3597 patriam
1111 3565 1126 3591 ,
1158 3527 1249 3595 qui
1283 3526 1384 3580 sub
1405 3524 1544 3594 Cyro
1570 3522 1855 3578 Persarum
1884 3536 2008 3590 rege
2034 3519 2292 3589 contigit,

764 3634 887 3673 cum
923 3618 1080 3687 paulo
1137 3625 1258 3670 ante
1298 3614 1590 3671 Jerusalem
1632 3613 1925 3667 instaurata
1988 3618 2163 3672 esset,
2208 3624 2293 3662 re-

767 3715 1124 3774 novatumque
1152 3707 1520 3759 sanctuarium
1541 3743 1557 3768 ,
1586 3711 1639 3758 et
1675 3702 1817 3771 quod
1847 3700 1986 3769 apud
2018 3698 2149 3752 illud
2180 3706 2296 3752 erat

768 3797 968 3857 altare,
1015 3797 1114 3849 sub
1151 3794 1312 3848 Dario
1343 3795 1504 3849 Persa
1552 3807 1788 3863 praesens
1822 3791 1967 3844 canit
1998 3789 2257 3858 propheta
2278 3825 2292 3850 ,

768 3881 929 3953 285
957 3889 1009 3936 et
1035 3881 1258 3950 posthac
1290 3882 1511 3935 alteram
1539 3879 1870 3934 obsidionem
1892 3874 2186 3929 Jerusalem
2210 3873 2294 3925 fu-

770 3982 945 4027 turam
988 3970 1276 4040 significat,
1322 3985 1481 4040 quam
1525 3983 1683 4038 passa
1709 3975 1792 4022 est
1827 3981 1856 4018 a
1897 3964 2156 4018 Romanis
2187 3978 2296 4016 non

772 4064 926 4125 alias,
954 4075 1114 4130 quam
1138 4068 1258 4129 post
1290 4062 1513 4123 scelera,
1540 4073 1660 4128 quae
1680 4058 1797 4125 ejus
1822 4056 2149 4110 habitatores
2169 4067 2299 4107 con-

772 4162 857 4208 tra
886 4151 1214 4206 Salvatorem
1240 4157 1481 4204 nostrum
1503 4147 1683 4203 Jesum
1709 4146 1979 4200 Christum
2007 4146 2121 4197 ausi
2149 4152 2292 4197 sunt.

774 4239 1207 4298 Manifestissime
1229 4238 1392 4307 igitur
1422 4237 1585 4291 etiam
1626 4238 1727 4290 hoc
1745 4235 1797 4287 in
1826 4234 1965 4296 loco,
2003 4230 2297 4285 Salvatoris

775 4332 964 4393 nostri,
990 4328 1081 4398 qui
1111 4326 1202 4380 Dei
1231 4325 1463 4381 Verbum
1487 4331 1589 4387 est,
1630 4323 1906 4383 adventus,
1931 4327 1984 4375 et
2007 4335 2125 4388 quae
2152 4320 2296 4374 illius

2392 3157 2536 3211 ἔσται
2568 3156 2766 3227 Κύριος
2814 3155 2893 3216 εἰς
2925 3153 3157 3223 βασιλέα
3204 3156 3317 3208 ἐπὶ
3352 3162 3482 3211 πᾶι

2391 3249 2568 3319 ἡμέρα
2596 3246 2774 3315 ἐκείνῃ
2825 3243 2978 3296 ἔσται
3006 3243 3230 3313 Κύριος
3259 3241 3389 3313 εἷς,
3437 3268 3483 3302 κ

2391 3338 2467 3400 ἓν,
2500 3335 2724 3389 κυκλοῦν
2747 3333 2927 3385 πᾶσαν
2956 3332 3057 3402 τὴν
3091 3333 3210 3402 γῆν
3246 3336 3366 3388 καὶ
3416 3339 3484 3391 τῆ

2390 3424 2485 3494 τὴν
2513 3422 2727 3493 πρώτην
2788 3420 3116 3490 πολιορκίαν
3179 3422 3298 3492 τῆς
3383 3426 3483 3478 Ἱε

2392 3509 2619 3578 παντελῆ
2664 3506 2981 3576 καθαίρεσιν
3047 3506 3273 3575 αὐτῆς,
3350 3513 3484 3563 καὶ

2393 3598 2757 3661 Βαϐυλωνίων,
2819 3598 2912 3649 καὶ
2949 3595 3099 3665 μετὰ
3151 3596 3273 3667 τὴν
3345 3599 3484 3653 ἀ.πέ

2393 3689 2483 3741 ἐπὶ
2510 3687 2606 3759 τὴν
2632 3687 2834 3740 οἰκείαν
2886 3685 3204 3752 ἐπάνοδον,
3229 3686 3360 3757 τὴν
3402 3692 3484 3742 ὲτ

2394 3778 2501 3833 σῶν
2523 3776 2781 3847 βασιλέως
2831 3775 3190 3844 γενομένην,
3228 3779 3398 3847 ἄρτι
3447 3799 3484 3832 ’τ

2394 3867 2789 3938 εγηγερμένης,
2829 3863 3289 3928 ἁνανεωθὲντος
3330 3866 3411 3920 δὲ
3472 3890 3480 3904 .

2392 3955 2482 4009 τοῦ
2500 3955 2632 4025 πρὸς
2647 3952 2797 4022 αὐτῷ
2826 3951 3277 4022 θυσιαστηρίου
3326 3956 3466 4009 ἐπὶ

2392 4047 2420 4097 ὁ
2446 4043 2630 4115 παρὼν
2651 4043 2938 4112 προφήτης
2970 4040 3312 4107 Θεσπίζει,
3364 4046 3479 4117 τῆς

2398 4151 2491 4204 ραν
2524 4134 2834 4204 πολιορκίαν
2874 4132 2982 4202 τῆς
3031 4133 3479 4208 Ἰερουσαλὴι

2396 4223 2585 4277 πονθεν
2618 4224 2721 4275 ὑπὸ
2765 4221 3076 4292 Ῥωμαίων
3124 4223 3260 4276 οὐκ
3320 4226 3478 4280 ἄλλ*

2394 4313 2487 4366 τοῦ
2527 4314 2776 4385 Σωτῆρος
2811 4312 2980 4384 ἡμῶν
3031 4314 3263 4384 Ἰησοῦ
3326 4317 3476 4388 Χρτ

774 4431 1013 4491 tempore
1061 4416 1378 4476 acciderint,
1427 4413 1821 4484 significantur:
1856 4417 1981 4465 sunt
2006 4424 2134 4464 vero
2161 4410 2250 4465 han

2006 4424 2134 4464 vero
2161 4410 2294 4474 hac,
2328 4400 2373 4455 D
2401 4405 2564 4474 αὐτῆς
2621 4403 3038 4474 τετολμημένα.
3103 4405 3473 4475 Ἐναργέε

776 4517 968 4587 partim
998 4526 1115 4583 quae
1135 4524 1241 4580 quo
1266 4517 1503 4576 tempore
1530 4504 1619 4557 ille
1642 4516 1833 4572 passus
1852 4508 1955 4564 est,
1976 4508 2125 4571 gesta
2148 4509 2294 4565 sunt,

774 4606 971 4679 partim
1013 4615 1132 4672 quat
1174 4598 1318 4652 illico
1362 4594 1678 4650 llebraicam
1719 4593 1990 4646 nationem
2029 4589 2296 4660 oppressit

775 4695 1006 4758 obsidio,
1049 4696 1104 4745 et
1149 4689 1319 4759 ipsius
1358 4685 1652 4740 Jerusalem
1705 4682 2049 4752 expugnatio,
2082 4688 2134 4733 ct
2177 4685 2297 4748 post

776 4788 892 4856 ipsa
925 4786 1059 4843 haec,
1087 4778 1296 4834 vocatio
1336 4774 1593 4845 gentium,
1627 4771 1893 4840 uniusque
1924 4784 1986 4823 ac
2007 4769 2175 4824 solius
2203 4766 2297 4820 Dei

778 4855 918 4942 apud
951 4886 1106 4927 omne
1138 4882 1303 4938 genus
1332 4864 1604 4920 hominum
1635 4861 1888 4931 cognitio.
1921 4861 2184 4914 Caeterum
2216 4855 2300 4909 di-

780 4963 902 5016 vino
928 4961 1129 5031 Spiritu
1176 4958 1382 5013 amatus
1410 4955 1689 5024 propheta,
1717 4967 1840 5006 cum
1878 4949 2109 5021 quadam
2149 4961 2297 5000 com-

781 5050 1139 5113 miseratione,
1155 5059 1404 5118 tanquam
1423 5046 1469 5100 is
1494 5044 1586 5115 qui
1610 5059 1737 5099 suos
1756 5043 1820 5097 ad
1838 5038 2299 5096 circumcisionem

783 5136 1104 5201 pertinentes
1134 5137 1391 5204 deplorat,
1437 5134 1503 5188 ab
1544 5132 1929 5188 exclamatione
1958 5136 2143 5181 contra
2180 5123 2300 5177 illos

785 5235 894 5274 sua:
937 5220 1225 5289 prophetiae
1259 5223 1469 5276 initium
1513 5220 1674 5275 facit:
1708 5218 1822 5273 dies
1860 5217 2023 5288 igitur
2064 5210 2299 5275 Domini,

786 5309 927 5362 sicut
967 5308 1024 5360 in
1070 5305 1189 5358 aliis
1226 5308 1378 5376 locis,
1407 5313 1507 5366 hoc
1539 5325 1749 5381 quoque
1778 5308 1833 5362 in
1879 5308 1998 5360 loco
2041 5301 2300 5363 nominat,

786 5397 948 5451 utsic
980 5403 1189 5461 tempus
1210 5393 1429 5464 Christi,
1469 5403 1532 5456 ad
1572 5399 1814 5455 homines
1843 5396 2102 5452 adventus
2136 5391 2301 5461 signi-

788 5486 932 5542 ficet:
979 5485 1237 5554 planeque
1267 5486 1323 5540 in
1354 5487 1536 5546 endem
1563 5491 1816 5559 ostendit,
1853 5484 2301 5561 quemadmodum

894 5660 936 5692 "
959 5656 1122 5712 Zach.
1156 5670 1263 5723 xiv,
1287 5661 1393 5719 μυ,

2401 4492 2627 4545 ἐνταῦθα
2677 4493 2768 4545 τοῦ
2812 4493 3105 4563 Σωτῆρος
3150 4494 3378 4564 ἡμῶν
3429 4515 3473 4550 τ

2405 4582 2608 4651 ρουσία,
2636 4581 2825 4635 καὶτὰ
2874 4582 2980 4633 ἐπὶ
3045 4582 3284 4654 ταύτῃ
3353 4602 3457 4638 συ

2402 4670 2582 4723 Ταῦτα
2609 4669 2666 4722 δὲ
2702 4666 2770 4741 ἦν
2808 4670 2953 4740 ὁμοῦ
3013 4670 3112 4724 τὰ
3166 4674 3357 4746 περὶ
3424 4694 3471 4729 τ

2402 4761 2560 4814 αὑτοῦ
2606 4762 3010 4831 πεπραγμένα,
3064 4764 3203 4817 καὶ
3267 4766 3322 4835 ἡ
3394 4785 3474 4820 π,

2403 4853 2539 4905 ἔθνει
2588 4853 2888 4907 ἐπελθοῦσα
2938 4855 3385 4925 πολιορκία,
3443 4878 3471 4913 a

2404 4943 2620 5006 ἅλωσις,
2669 4946 2762 4998 καλ⁹
2788 4945 2822 5014 ἡ
2855 4945 3022 5015 πρὸς
3083 4945 3411 5012 τούτοις

2402 5053 2462 5088 τε
2507 5035 2622 5097 ὲνδς
2666 5038 2761 5090 καὶ
2804 5038 2987 5105 μόνου
3061 5039 3273 5095 Θεοῦ
3357 5047 3476 5108 εἰς

2405 5125 2713 5193 ἐπίγνωσις.
2746 5127 2814 5179 Ὅ
2836 5145 2898 5196 γε
2930 5127 3078 5200 μὴν
3119 5146 3473 5203 πνευμα

2406 5215 2760 5287 παθὲστερον,
2788 5217 2954 5271 eam
2995 5220 3125 5272 ἐπ’
3190 5225 3468 5280 οἰκείο

2406 5309 2720 5380 περιτομῆς,
2750 5309 2816 5362 ὲκ
2845 5310 2961 5381 τῆς
3007 5314 3195 5366 κατ’
3252 5318 3460 5372 αὔτε

2407 5399 2578 5470 αρχὴν
2616 5401 2911 5472 πεποίηται
2966 5403 3119 5474 τῆς
3203 5425 3446 5481 προφ

2346 5569 2349 5572 ρ
2407 5489 2501 5542 τοῦ
2532 5490 2760 5561 Κυρίου,
2783 5491 3141 5567 ὠσπεροῦν
3190 5501 3345 5555 καὶ
3388 5504 3439 5555 ὲ
