3738 6276
108 363 198 419 εδδ
949 361 1578 422 DEMONSTRATIONIS
1607 352 2044 418 EVANGELICA‘J
2080 353 2214 414 LIB.
2256 361 2340 414 VI.

3133 368 3237 422 ιδι

111 474 262 544 μάζειν
289 472 424 534 οὕτω
464 475 555 527 τὸν
596 478 790 547 χρόνον
811 479 907 546 τῆς
936 480 1012 540 εἰς
1039 477 1343 548 ἀνθρώπους
1378 475 1470 526 τοῦ
1497 477 1607 544 Χρι-

1725 472 1837 540 ipse
1864 469 2142 535 Dominus,
2171 480 2421 542 tanquam
2461 475 2634 530 lumen
2660 494 2862 545 verum,
2903 483 3236 551 propriarum

82 563 217 618 .στοῦ
260 564 552 634 παρουσίας
597 568 905 635 σημαίνων·
948 569 1040 619 καὶ
1089 566 1267 634 σαφῶς
1312 564 1500 633 δηλῶν,
1550 563 1622 626 ὡς

109 656 194 722 ἄρα
219 654 247 704 ὁ
287 654 480 721 Κύριος
532 655 724 716 αὐτὸς,
759 653 844 707 οἷα
891 656 1002 722 φῶς
1040 656 1280 724 ἀληθινὸν
1325 653 1619 721 τυγχάνων,

107 741 226 796 ἰδίων
252 743 466 810 ποιητής
505 758 638 794 ποτε
687 746 972 814 γενήσεται
1008 744 1240 813 ἡμερῶν.
1282 744 1402 804 Τοῖς
1439 743 1494 794 δὲ
1533 743 1622 794 ἐπὶ

104 834 185 900 τῆς
206 832 399 884 οᾶπασιν
444 831 760 900 ἀνθρώποις
799 833 1090 901 ἐπιλὰμψει
1121 834 1225 884 τῶν
1257 833 1419 885 ἐθνῶν
1449 834 1619 884 ἁπάν-

104 936 208 983 των,
242 919 388 971 αὐτόν
426 937 486 970 τε
538 923 637 973 καὶ
687 922 789 984 τὰς
834 924 1053 984 ἀκτῖνας
1102 923 1191 975 τοῦ
1243 923 1416 992 φωτὸς
1459 923 1618 975 αὑτοῦ

101 1009 519 1078 καταδεξαμένων,
561 1011 682 1071 ὅτε,
714 1010 824 1063 τῶν
842 1012 1006 1064 ἐθνῶν
1048 1013 1291 1064 ἁπάντων
1329 1010 1620 1081 φωτιζομέ-

103 1115 190 1150 νων
221 1098 340 1150 κατὰ
367 1099 442 1158 τὸ,
476 1117 494 1148 ι
555 1099 799 1153 Τέθεικά
847 1117 903 1152 σε
951 1103 1028 1162 εἰς
1075 1101 1186 1168 φῶς
1235 1100 1488 1170 διαθήκης
1528 1102 1619 1167 γέ·-

94 1205 220 1248 νους.
254 1207 271 1237 ι
299 1187 352 1238 τὸ
393 1187 666 1241 Ἰουδαίων
716 1189 866 1252 ἔθνος
909 1190 994 1241 διὰ
1043 1190 1138 1259 τὴν
1183 1191 1259 1250 είς
1296 1190 1450 1241 αὑτὸν
1497 1190 1618 1240 ἁπι-

105 1277 246 1340 στίαν,
278 1279 380 1338 τοῖς
428 1277 686 1346 ἐσχάτοις
711 1281 1079 1349 περιπεσεῖται
1123 1278 1323 1331 δεινῶν.
1374 1279 1616 1331 Τοιοῦτον

100 1366 186 1434 γάρ
212 1367 313 1416 ἐστι
341 1366 423 1417 τό·
465 1383 484 1415 ι
529 1367 668 1418 Ἰδοὺ
704 1368 892 1438 ἡμέρα
925 1367 1133 1437 ἔρχεται
1159 1367 1248 1419 τοῦ
1281 1368 1499 1436 Κυρίου,
1525 1369 1615 1420 καὶ⁵

98 1454 557 1522 διαμερισθήσονται
599 1455 674 1508 τὰ
706 1457 881 1508 σκῦλά
920 1474 1011 1508 σου
1051 1459 1107 1507 ἐν
1151 1458 1248 1520 σοὶ,
1274 1458 1364 1508 καὶ
1402 1459 1614 1509 ἐπισυν-

208 1544 362 1596 πάντα
387 1544 454 1596 τὰ
477 1544 610 1614 ἔθνη
642 1547 746 1597 ἐπὶ
779 1545 1123 1615 Ἰερουσαλὴμ
1144 1547 1221 1606 εἰς
1247 1546 1490 1614 πόλεμον,
1522 1548 1614 1598 καὶ

97 1634 315 1687 ἁλώσεται
340 1636 370 1703 ἠ
408 1635 588 1697 πόλις,
621 1637 726 1688 καὶ
752 1636 1201 1706 διαρπαγήσονται
1230 1639 1284 1689 αἱ
1313 1637 1493 1700 οίκίαι,
1525 1639 1614 1690 καὶ

97 1726 138 1775 at
182 1726 408 1790 γυναῖκες
463 1724 935 1794 μολυνθήσονται,
1000 1726 1088 1776 καὶ⁹
1155 1725 1480 1790 ἐξελεύσεται
1552 1726 1612 1777 τὺ

1720 561 2002 629 aliquando
2050 572 2242 617 auctor
2287 565 2376 618 ﬁet
2423 565 2649 631 dierum,
2681 577 2734 622 et
2776 573 3021 628 omnibus
3058 575 3148 643 qui
3181 576 3235 628 in

1718 660 1861 705 terra
1904 659 2026 706 sunt
2066 651 2370 709 hominibus
2409 655 2699 720 illucescet,
2745 674 2850 727 quo
2891 668 3132 732 tempore
3183 672 3238 719 et

1720 741 1896 809 ipsum
1941 748 1992 794 et
2040 741 2259 796 luminis
2289 745 2457 812 ipsius
2503 743 2701 808 radios,
2747 748 3005 804 universae
3050 761 3237 821 gentes

1719 831 2028 899 suscipient,
2056 847 2174 899 qua:
2193 833 2408 901 quidem
2441 833 2568 886 dum
2598 833 3056 906 illuminabuntur,
3084 843 3235 909 juxta

1716 918 1875 974 illud:
1914 939 1932 970 r
1955 919 2114 975 Posui
2144 929 2196 975 te
2218 923 2271 975 in
2303 924 2479 976 lumen
2501 926 2755 991 gentium,
2782 927 2835 978 in
2863 936 3233 986 testamentum

1715 1009 1921 1076 generis
1941 1009 2008 1072 ⁸³,
2042 1029 2061 1061 ι
2090 1011 2290 1064 interea
2329 1011 2548 1066 Judaica
2588 1029 2736 1082 gens,
2767 1025 2983 1085 propter
3009 1019 3236 1075 inﬁdeli-

1713 1105 1872 1151 tatem
1895 1099 2150 1154 adversus
2176 1101 2346 1162 illum,
2367 1102 2419 1155 in
2441 1113 2673 1156 extrema
2700 1105 2898 1159 incidet
2919 1106 3232 1165 infortunia.

1713 1185 1842 1240 Tale
1875 1187 2038 1255 igitur
2066 1197 2146 1242 est
2185 1190 2346 1244 illud:
2381 1210 2401 1241 ι
2431 1192 2564 1245 Ecce
2594 1193 2706 1248 dies
2736 1194 2880 1248 venit
2913 1194 3143 1259 Domini,
3181 1208 3232 1251 et

1713 1275 2014 1330 dividentur
2056 1279 2224 1346 spolia
2271 1286 2359 1332 tua
2403 1280 2457 1332 in
2508 1287 2579 1342 te,
2614 1288 2666 1332 et
2692 1281 3024 1350 congregabo
3048 1298 3232 1338 omnes

1711 1375 1892 1435 gentes
1938 1368 1992 1421 in
2019 1367 2310 1422 Jerusalem
2341 1369 2406 1422 ad
2433 1370 2647 1433 bellum,
2678 1377 2730 1423 et
2771 1374 3011 1438 capietur
3039 1373 3230 1427 civitas

1710 1467 1761 1511 et
1807 1458 2122 1526 diripientur
2151 1459 2343 1513 domus
2389 1468 2439 1513 et
2480 1459 2728 1513 mulieres
2776 1460 3138 1524 fmdabuntur,
3174 1471 3227 1514 et

1709 1544 2008 1612 egredietur
2048 1545 2325 1597 dimidium
2359 1545 2588 1598 civitatis
2631 1545 2684 1597 in
2718 1546 3070 1613 captivitate.»
3105 1546 3231 1602 Post

1708 1649 1833 1686 vero
1863 1635 2034 1702 ipsius
2059 1633 2353 1689 Jerusalem
2383 1635 2735 1698 obsidionem,
2771 1643 2970 1690 et-eam
3013 1653 3130 1705 quae
3163 1639 3228 1692 il-

1709 1724 1811 1776 lico
1839 1731 2019 1778 secuta
2051 1732 2132 1776 est
2156 1723 2391 1777 Iudaicae
2419 1725 2591 1792 gentis
2614 1725 2942 1787 servitutem,
2975 1726 3228 1796 deinceps

95 1814 230 1880 ἥμισυ
247 1813 557 1881 τῆςεπόλεως
589 1815 652 1865 ἐν
675 1814 1037 1883 αἰχμαλωσίᾳ.
1064 1833 1080 1864 ι
1106 1814 1256 1866 Μετὰ
1285 1814 1340 1866 δὲ
1363 1815 1456 1884 τὴν
1478 1815 1607 1866 κατὰ

1712 1810 1849 1862 bona
1914 1812 2160 1864 omnibus
2207 1811 2444 1880 adjungit
2497 1814 2816 1874 communia,
2867 1815 2945 1866 sic
2991 1829 3224 1869 canens:

96 1903 170 1970 τῆς
200 1902 530 1973 Ἰερουσαλὴμ
587 1902 930 1972 πολιορκίαν,
982 1903 1073 1954 καὶ
1128 1903 1221 1972 τὴν
1282 1905 1395 1971 μετ’
1448 1903 1612 1974 αὐτὴν

96 1991 414 2059 αἰχμαλωσίαν
467 1989 565 2042 τοῦ
619 1991 894 2042 Ἰουδαίων
920 1991 1122 2053 ἔθνους,
1174 1992 1608 2060 ἐπιλέγει.έξῆς,

98 2078 234 2146 ἀγαθὰ
259 2081 359 2140 τοῖς
397 2080 532 2130 πᾶσι
569 2077 880 2140 θεσπίζων·
923 2097 942 2127 ι
981 2079 1088 2129 Καὶ
1116 2079 1265 2130 ἔσται
1306 2078 1502 2146 Κύριος
1536 2081 1612 2141 είς

99 2167 273 2233 βασιλέα
308 2168 394 2217 ἐπὶ
440 2169 632 2218 πᾶσαν
667 2167 771 2236 τὴν
797 2166 932 2234 γῆν·
975 2186 992 2216 ›
1021 2168 1113 2218 καὶ
1145 2167 1329 2219 πάλιν·
1372 2185 1392 2216 ι
1427 2169 1612 2219 Ἔσται

97 2254 254 2326 Κύρικ
276 2252 368 2318 εἷς,
404 2258 497 2307 καὶ
547 2256 611 2306 τὸ
655 2255 830 2324 ὄνομα
872 2255 1032 2306 αὑτοῦ
1075 2255 1151 2318 ἓν,
1181 2255 1404 2308 κυκλοῦν
1441 2259 1613 2308 πᾶσαν

96 2348 169 2413 τὴν
193 2347 280 2414 γῆν
306 2347 394 2398 καὶ
430 2347 528 2415 τὴν
571 2346 806 2414 ἔρημον.
848 2365 866 2396 ι
905 2344 1060 2396 Ἀλλὰ
1093 2344 1198 2415 γὰρ
1243 2346 1333 2397 καὶ
1377 2345 1437 2396 τὸ
1487 2344 1614 2399 ἰου-

95 2434 221 2487 δαίων
241 2436 378 2498 ἔθνος
407 2436 638 2487 τοιαῦτα
691 2435 972 2488 πείσεσθαι
1025 2437 1082 2486 ἐν
1121 2437 1237 2496 ταῖς
1284 2433 1374 2486 τοῦ
1413 2434 1612 2502 Κυρίου

97 2526 281 2594 ἡμέραις
309 2528 402 2595 τῆς
435 2527 808 2596 προρρήσεως
850 2525 1283 2594 ἀποφηναμένης,
1317 2526 1398 2586 τίς
1425 2526 1520 2577 οὐκ
1546 2523 1608 2576 ἂν

98 2610 336 2680 Θαυμάσειε
382 2615 482 2682 τῆς
527 2616 895 2683 προρρήσεως
939 2615 1000 2665 τὸ
1040 2613 1406 2682 ἁποτέλεσμα;
1464 2614 1609 2681 Ἀμα

97 2703 176 2771 γὰρ
209 2705 394 2773 Ἰησοῦς
427 2707 455 2757 ό
497 2705 700 2772 Σωτὴρ
731 2704 822 2755 καὶ
848 2704 1045 2774 Κύριος
1083 2703 1232 2772 ἡμῶν
1266 2703 1458 2773 παρῆν,
1489 2702 1610 2770 ἠσέ-

96 2789 191 2842 δουν
211 2809 261 2842 τε
285 2797 359 2856 είς
387 2794 549 2845 αὑτὸν
579 2795 632 2844 οἱ
673 2795 740 2844 ἐκ
777 2794 1088 2862 περιτομῆς,
1114 2793 1205 2844 καὶ
1237 2793 1407 2844 πάντα
1432 2791 1610 2853 αὐτοῖς

94 2881 257 2950 ἀθρόως
278 2885 340 2935 τὰ
371 2882 856 2954 προηγορευμένα,
885 2882 1017 2949 μετὰ
1036 2881 1469 2934 πεντακοσιοστὸν
1494 2880 1608 2943 ἔτος

93 2970 167 3039 τῆς
191 2975 549 3042 προρρήσεως,
602 2973 796 3033 τέλους
816 2971 1120 3039 ἐτύγχανεν,
1155 2971 1212 3034 ἐξ
1249 2971 1407 3024 αὐτοῦ
1448 2972 1608 3024 Πιλά-

89 3075 176 3126 mu,
215 3064 296 3115 καὶ
352 3043 512 3133 μέχρι
568 3063 676 3130 τῆς
731 3062 869 3113 κατὰ
907 3061 1126 3130 Νέρωνα
1187 3062 1276 3112 καὶ
1309 3060 1460 3112 Τίτον
1515 3062 1608 3114 καὶ

93 3153 441 3206 Οὐεσπασιανὸν
490 3151 836 3221 πολιορκίας,
882 3151 939 3201 οὐ
980 3149 1375 3202 διαλελοιπότων
1417 3151 1606 3213 αὐτοὺς

89 3241 308 3293 παντοίων
341 3241 433 3293 καὶ
461 3239 790 3309 ἐπαλλήλων
824 3237 1132 3307 συμφορῶν,
1167 3238 1240 3299 ὡς
1270 3238 1520 3306 πάρεστιν
1545 3240 1607 3289 ἐκ

90 3331 164 3398 τῆς
203 3332 411 3384 Φλαυῖου
471 3331 745 3401 Ἰωσήπου
795 3329 1092 3397 γραφείσης
1143 3327 1373 3396 ἱστορίας
1421 3327 1607 3379 ἀναλέ-

89 3417 256 3480 ξασθαι.
298 3421 426 3474 Τότε
473 3421 576 3490 μὲν
624 3415 722 3472 οὖν
766 3418 910 3480 εἰκὸς
952 3417 1012 3470 τὸ
1058 3419 1223 3486 ἥμισυ
1269 3417 1363 3485 τῆς
1407 3416 1607 3478 πόλεως

89 3510 374 3563 ἀπολωλέναι
412 3515 479 3581 τῇ
517 3508 831 3578 πολιορκίᾳ,
872 3507 945 3569 ὥς
994 3523 1153 3577 φησιν
1194 3509 1226 3575 ἡ
1277 3506 1600 3575 προφητεία·

89 3600 178 3665 μετ’
202 3601 254 3652 οὐ
283 3602 444 3653 πολὺν
492 3601 553 3652 δὲ
600 3600 815 3669 χρόνον,
851 3599 987 3650 κατὰ
1031 3597 1296 3667 Ἀδριανὸν
1344 3595 1603 3665 αὐτοκρά-

89 3701 207 3754 τορα,
230 3695 484 3758 κινήσεως
507 3685 671 3748 αὖθις
705 3685 995 3750 Ἰουδαϊκῆς
1011 3684 1319 3753 γενομένης,
1341 3683 1399 3734 τὸ
1429 3683 1605 3735 λοιπὸν

87 3774 163 3842 τῆς
185 3777 371 3840 πόλεως
391 3778 563 3846 μέρος
587 3776 783 3843 ἥμισυ,
804 3772 1149 3842 πολιορκηθὲν
1171 3767 1321 3832 αὖθις
1344 3770 1607 3836 ἐξελαύνε-

86 3877 170 3922 ται,
185 3865 249 3926 ὡς
267 3866 321 3928 ἐξ
340 3867 554 3918 ἐκείνου
580 3863 681 3915 καὶ
707 3864 783 3924 είς
801 3862 953 3931 δεῦρο
976 3861 1202 3929 πάμπαν
1216 3859 1406 3912 ἄϐατον
1430 3859 1604 3920 αὐτοῖς

86 3953 288 4017 γενέσθαι
315 3955 404 4007 τὸν
435 3956 631 4006 τόπον.
657 3954 720 4004 Εἰ
736 3952 791 4002 δὲ
811 3951 950 4018 λέγοι
969 3968 1050 4012 τις
1072 3949 1206 4002 κατὰ
1233 3949 1490 4017 ’Δντίοχον
1516 3948 1604 4000 τὸν

95 4041 316 4112 Ἐπιφανῆ
343 4045 523 4096 ταῦτα
552 4040 972 4110 πεπληρῶσθαι,
1007 4037 1304 4106 σκεψάσθω,
1334 4039 1381 4088 εἰ
1411 4032 1516 4099 οἶός
1547 4036 1604 4089 τέ

86 4128 200 4180 ἐστιν
227 4133 531 4185 ἀποδιδόναι
567 4130 669 4182 καὶ
707 4131 774 4182 τὰ
813 4129 969 4180 λοιπὰ
996 4129 1091 4196 τῆς
1114 4126 1438 4196 προφητείας
1468 4124 1603 4176 κατὰ

83 4220 180 4280 τοὺς
216 4223 475 4291 Ἀντιόχου
504 4220 768 4289 χρόνους·
801 4215 907 4270 οἷον
933 4217 992 4268 τὸ
1019 4214 1381 4285 αἰχμαλωσίαν
1409 4230 1602 4265 πεπον-

87 4304 203 4358 θέναι
228 4309 312 4360 τὸν
339 4310 492 4371 λαὸν,
527 4307 628 4360 καὶ
657 4306 714 4358 τὸ
739 4306 925 4374 στῆναι
947 4305 1069 4366 τοὺς
1101 4302 1259 4364 πόδας
1287 4303 1486 4372 Κυρίου
1511 4303 1600 4353 ἐπὶ

1716 1917 1734 1948 ‹
1765 1898 1828 1950 Et
1854 1900 1954 1952 erit
1979 1899 2231 1953 Dominus
2257 1901 2311 1952 in
2341 1915 2512 1968 regem
2544 1901 2597 1952 in
2629 1915 2837 1955 omnem
2862 1910 3076 1956 terram.
3111 1921 3128 1954 ›
3164 1903 3229 1955 Et

1709 2007 1924 2045 rursus:
1955 2009 1971 2041 ‹
1998 1992 2108 2043 Erit
2131 1991 2383 2046 Dominus
2405 2009 2563 2056 unus,
2586 2001 2638 2046 et
2662 2009 2854 2048 nomen
2877 1996 3017 2048 illius
3037 2010 3224 2058 unum,

1711 2081 1947 2136 ambiens
1973 2095 2183 2133 omnem
2213 2089 2408 2134 terram
2431 2091 2483 2134 et
2515 2082 2873 2136 solitudinem.
2907 2103 2926 2134 ι
2966 2082 3068 2136 Sed
3082 2085 3224 2137 enim

1705 2183 1827 2220 cum
1867 2169 2174 2222 vaticinium
2222 2171 2479 2233 enuntiet,
2530 2171 2804 2224 Judaicam
2855 2177 3061 2239 gentem
3109 2186 3229 2224 esse

1709 2257 1833 2308 talia
1865 2272 2232 2325 perpessuram
2265 2259 2319 2312 in
2344 2259 2531 2313 diebus
2565 2259 2795 2321 Domini,
2818 2261 2939 2328 quis
2979 2275 3084 2312 non
3123 2261 3231 2313 exi-

1707 2351 1820 2396 tum
1863 2347 2098 2399 vaticinii
2148 2347 2474 2401 admiretur?
2543 2348 2674 2400 Nam
2723 2349 2879 2402 simul
2947 2363 3010 2401 ac
3068 2347 3228 2402 Jesus

1710 2429 1952 2484 Salvator
1981 2448 2040 2484 ac
2074 2433 2329 2486 Dominus
2359 2443 2540 2488 noster
2570 2435 2801 2496 advenit,
2820 2437 3022 2503 quique
3044 2436 3106 2489 ad
3125 2436 3227 2488 cir-

1705 2524 2086 2578 cumcisionem
2118 2526 2400 2592 pertinent,
2433 2525 2635 2578 nefaria
2668 2525 2923 2580 adversus
2959 2527 3106 2579 illum
3142 2525 3223 2578 fa-

1706 2613 1890 2665 cinora
1919 2620 2309 2682 pcrpetrarunt,
2340 2617 2516 2668 omnia
2551 2616 2654 2668 illis
2679 2630 2795 2683 quae
2824 2616 3071 2683 praedicta
3106 2614 3224 2670 fue-

1705 2709 1846 2766 rant,
1895 2703 2328 2771 quinquagesimo
2377 2703 2442 2755 ab
2494 2703 2607 2771 ipsa
2669 2704 3010 2771 praedictione
3059 2719 3224 2772 anno,

1704 2793 1991 2845 acervatim
2021 2800 2332 2855 evenerunt,
2363 2793 2524 2861 286
2556 2792 2819 2860 ﬁnemque
2851 2793 3039 2847 sortita
3069 2801 3223 2847 sunt:

1705 2896 1827 2934 cum
1859 2883 2102 2936 videlicet
2131 2884 2197 2936 ab
2240 2883 2355 2952 ipso
2385 2883 2556 2936 Pilato
2593 2899 2760 2951 usque
2790 2885 2855 2937 ad
2885 2882 3145 2938 Neronem
3173 2891 3228 2938 et

1706 2972 1880 3025 Titum
1909 2988 1979 3026 ac
2024 2972 2427 3040 Vespasianum,
2468 2974 2559 3042 qui
2587 2975 2854 3028 civitatem
2904 2973 3228 3028 obsederunt

1703 3074 1968 3128 nusquam
2002 3061 2122 3115 illos
2155 3063 2329 3115 omnis
2367 3062 2596 3130 generis,
2647 3063 2835 3115 ctalize
2884 3077 3042 3129 super
3087 3061 3222 3115 alias

1707 3151 2013 3218 ingruentes
2043 3152 2372 3206 calamitates
2417 3150 2727 3213 defecerint,
2770 3151 3220 3219 quemadmodum

1705 3240 1860 3295 facile
1894 3250 1976 3296 est
2016 3257 2082 3295 ex
2136 3257 2199 3295 ea
2248 3242 2470 3296 historia
2519 3258 2677 3311 quam
2721 3241 2932 3296 Flavius
2960 3242 3224 3310 Josephus

1703 3329 1936 3396 scripsit,
1971 3331 2252 3398 colligere:
2282 3339 2409 3384 tunc
2453 3346 2582 3385 sane
2623 3330 2877 3384 credibile
2919 3338 3020 3393 est,
3066 3333 3224 3384 dimi-

1704 3417 1850 3470 dium
1883 3419 2115 3472 civitatis
2153 3419 2376 3486 periisse
2402 3419 2701 3478 obsidione,
2735 3427 2791 3470 ut
2821 3419 2893 3470 ait
2923 3419 3220 3487 prophetia.

1704 3506 1858 3560 Haud
1893 3524 2020 3562 vero
2059 3509 2130 3560 ita
2164 3509 2328 3561 multo
2353 3516 2493 3576 post,
2530 3524 2650 3560 cum
2690 3509 2956 3561 Adrianus
2994 3508 3224 3575 impera-

1703 3603 1805 3658 ret,
1842 3595 2066 3648 Judaico
2090 3610 2276 3650 rursus
2319 3604 2502 3648 exorto
2552 3596 2801 3660 tumultu,
2861 3609 2976 3662 quae
3018 3595 3222 3662 reliqua

1703 3683 1873 3738 fuerat
1923 3701 2044 3753 pars
2085 3684 2301 3737 dimidia
2345 3683 2597 3744 civitatis,
2650 3699 2840 3738 rursus
2867 3683 3082 3736 obsessa
3130 3698 3222 3737 ex-

1702 3775 1934 3843 pellitur,
1965 3776 2096 3828 adeo
2126 3774 2358 3842 quidem,
2393 3782 2448 3826 ut
2475 3775 2542 3827 ab
2572 3774 2664 3826 illo
2689 3784 2926 3843 tempore
2962 3789 3130 3841 usque
3164 3774 3222 3828 in

1703 3863 2016 3917 hodiernum
2053 3865 2212 3924 diem,
2247 3864 2458 3931 penitus
2493 3865 2757 3917 instabilis
2799 3863 2971 3918 omnis
3001 3865 3106 3918 illis
3145 3863 3223 3917 fa-

1712 3959 1832 4006 ctus
1858 3954 1926 4006 sit
1968 3953 2134 4005 locus.
2172 3951 2323 4015 Quod
2377 3952 2422 4005 si
2465 3952 2587 4020 quis
2618 3951 2762 4005 dicat
2811 3953 2911 4006 sub
2958 3952 3220 4006 Antiocho

1700 4041 1973 4111 Epiphane
2012 4043 2124 4095 haec
2163 4043 2423 4109 completa
2463 4041 2650 4107 fuisse,
2683 4044 2842 4097 etiam
2875 4051 3034 4111 atque
3060 4046 3218 4098 etiam

1699 4131 1999 4186 consideret
2028 4140 2204 4184 utrum
2238 4131 2406 4200 possit
2449 4133 2650 4199 reliqua
2697 4133 2822 4186 item
2852 4148 2969 4201 qua:
3005 4149 3070 4187 ex
3119 4133 3220 4186 hac

1698 4222 1973 4290 prophetia
2003 4231 2308 4290 supersunt,
2337 4221 2404 4274 ad
2441 4221 2690 4276 Antiochi
2723 4230 2960 4290 tempora
2993 4222 3216 4287 referre,

1701 4311 2002 4378 cujusmodi
2035 4311 2164 4364 illud
2208 4319 2308 4374 est,
2351 4311 2492 4379 quod
2534 4313 2760 4380 populus
2811 4313 3118 4366 servitutem
3146 4314 3218 4368 sit

83 4395 129 4445 τὸ
152 4398 240 4448 τῶν
269 4399 494 4451 Ἐλαιῶν
528 4397 680 4466 ὅρος,
714 4397 806 4448 καὶ⁸
831 4397 877 4446 εί
911 4394 1094 4461 γέγονε
1121 4392 1316 4461 Κύριος
1352 4396 1427 4455 εἰς
1453 4392 1599 4460 βασι-

1705 4413 1908 4468 passus,
1967 4400 2110 4468 quod
2151 4400 2313 4468 pedes
2365 4399 2574 4452 Domini
2621 4401 2674 4452 in
2716 4408 2894 4454 monte
2943 4399 3214 4454 Olivarum

85 4480 160 4535 λέα
182 4488 262 4538 ἐπὶ
302 4491 481 4540 πᾶσαν
516 4487 625 4554 τὴν
657 4485 754 4553 γῆν
786 4487 842 4536 ὲν
880 4486 945 4552 τῇ
990 4483 1170 4552 ἡμέρᾳ
1202 4483 1395 4554 ἐκείνῃ,
1425 4484 1517 4536 καὶ
1552 4483 1598 4533 εί

83 4573 129 4622 τὸ
151 4575 301 4645 ὄνομα
334 4577 543 4646 Κυρίου
582 4571 855 4624 ἐκύκλωσε
901 4573 996 4638 τὴν
1023 4571 1122 4639 γῆν
1161 4572 1354 4633 πᾶσαν,
1388 4572 1478 4623 καὶ
1505 4570 1599 4640 τὴν

87 4661 268 4732 ἐρῆμον,
294 4667 381 4717 ὅτε
422 4666 526 4732 τῆς
570 4663 768 4731 Συρίας
813 4660 1073 4729 Ἀντίοχος
1116 4660 1348 4730 ἐκράτει.
1396 4661 1503 4712 Καὶ
1532 4661 1599 4712 τὰ

86 4751 213 4806 λοιπὰ
230 4756 282 4807 δὲ
302 4756 399 4824 τῆς
424 4753 807 4823 προρρήσεως,
836 4749 1016 4802 ὁποίου
1043 4749 1222 4808 τέλους
1245 4748 1444 4816 ἔτυχεν,
1483 4749 1600 4801 Ἀν-

90 4843 230 4912 τιοχου
263 4844 658 4913 βασιλεύοντος,
693 4840 806 4900 πῶς
835 4855 918 4899 τις
963 4836 1262 4899 ἀποδώσει;
1294 4835 1424 4887 Καθ’
1459 4838 1600 4906 ἡμᾶς

92 4931 136 4983 δὲ
157 4935 326 5000 ταῦτα,
356 4934 450 4988 καὶ
500 4931 644 5001 πρὸς
682 4929 820 4992 λέξιν
862 4929 954 4997 μὲν
990 4926 1326 4987 ἀποδέδοται,
1350 4926 1440 4977 καὶ
1481 4925 1597 4978 καθ’

94 5021 246 5090 ἑτέραν
265 5026 317 5076 δὲ
340 5025 610 5076 διάνοιαν.
634 5018 783 5070 Μετὰ
807 5017 911 5085 γὰρ
934 5015 1029 5085 τὴν
1055 5014 1146 5067 τοῦ
1175 5014 1415 5082 Σωτῆρος
1447 5017 1478 5082 ἡ
1488 5014 1598 5082 μῶν

105 5105 244 5175 Ἰησοῦ
269 5108 504 5180 Χριστοῦ
551 5103 872 5174 παρουσίαν,
912 5105 944 5171 ἡ
979 5101 1126 5160 πόλις
1157 5098 1350 5160 αὐτῶν,
1378 5098 1508 5167 αὕτη
1537 5115 1597 5165 γε

99 5195 123 5260 ἠ
154 5195 491 5266 Ἰερουσαλὴμ,
516 5194 619 5246 καὶ
656 5193 722 5244 τὸ
766 5194 866 5244 πᾶν
898 5192 1162 5260 σύστημα,
1188 5188 1278 5238 καὶ
1313 5188 1599 5257 πολίτευμα

104 5281 176 5349 τῆς
196 5285 334 5338 ’κατὰ
369 5286 461 5337 τὸν
503 5284 677 5350 νόμον
719 5280 946 5341 Μωσέως
979 5275 1267 5346 θρησκείας
1298 5274 1592 5344 καθῃρεῖτο.

104 5374 261 5424 Αὐτίκα
288 5377 339 5426 δὲ
384 5375 480 5443 τήν
532 5371 681 5422 κατὰ
713 5369 936 5421 διάνοιαν
975 5363 1338 5434 αἰχμαλωσίαν
1368 5364 1496 5433 πρὸς
1533 5369 1592 5435 τῇ

107 5469 336 5534 σωματιχῇ
395 5461 741 5520 πεπόνθασι,
783 5459 863 5512 τὸν
921 5455 1144 5523 Σωτῆρα
1185 5453 1274 5504 καὶ
1317 5455 1592 5524 Λυτριοτὴν

151 5633 185 5661 ⁸⁸
206 5636 292 5688 lsa.
323 5651 461 5697 nix,
494 5636 548 5688 6.

1699 4489 1964 4550 steterint,
2001 4497 2055 4542 et
2086 4499 2262 4542 utrum
2307 4488 2565 4543 Dominus
2602 4489 2656 4541 in
2704 4489 2789 4542 die
2837 4489 2927 4542 illa
2956 4490 3007 4541 in
3039 4503 3214 4556 regem

1698 4575 1859 4629 fuerit
1897 4575 1952 4627 in
1983 4591 2193 4630 omnem
2237 4583 2454 4640 terram,
2484 4590 2535 4630 et
2566 4584 2741 4628 utrum
2783 4591 2974 4629 nomen
3007 4573 3214 4626 Domini

1696 4666 1944 4719 ambierit
1981 4679 2193 4719 omnem
2222 4676 2436 4725 terram,
2471 4675 2522 4720 et
2555 4666 2917 4728 solitudinem,
2948 4679 3054 4732 quo
3079 4671 3214 4714 tem-

1696 4770 1826 4824 pore
1861 4753 2068 4822 Syriam
2115 4755 2412 4809 Antiochus
2459 4756 2722 4809 obtinuit:
2757 4762 2808 4808 et
2846 4768 2963 4821 qua
3007 4751 3211 4818 reliqua

1698 4851 1824 4898 sunt
1849 4842 1914 4895 de
1942 4841 2128 4896 eodem
2176 4846 2412 4908 oraculo,
2446 4859 2604 4913 quem
2649 4851 2774 4895 tunc
2818 4841 2974 4893 ﬁnem
3023 4839 3212 4892 sortita

1697 4934 1822 4994 sint,
1859 4931 2035 4999 aliquo
2077 4932 2235 4984 modo
2265 4943 2486 4986 conetur
2520 4932 2818 4986 ostendere.
2879 4927 2946 4980 At
2996 4929 3042 4981 si
3090 4929 3212 4996 quis

1695 5027 1932 5074 nostram
1982 5018 2243 5070 rationem
2283 5027 2557 5087 sequatur,
2613 5017 2688 5070 vel
2725 5016 2791 5068 ad
2839 5017 3059 5070 verbum
3098 5016 3210 5069 haec

1695 5108 1933 5163 evenisse
1956 5107 2360 5172 demonstrabit,
2384 5115 2541 5176 atque
2562 5107 2616 5158 in
2645 5105 2804 5156 alium
2837 5106 2962 5158 item
2993 5121 3208 5159 sensum

1694 5201 1876 5256 eadem
1899 5199 2140 5267 accipere
2164 5198 2357 5267 poterit
2382 5217 2394 5250 :
2423 5211 2545 5249 nam
2576 5203 2692 5263 p05t
2718 5191 3011 5248 Salvatoris
3040 5193 3210 5246 nostri

1692 5289 1820 5345 Jesu
1871 5287 2073 5343 Christi
2129 5286 2431 5351 adventum,
2478 5285 2668 5339 civitas
2712 5282 2947 5346 illorum,
2991 5283 3213 5352 ipsaque

1692 5378 1986 5432 Jerusalem
2037 5385 2197 5446 atque
2250 5375 2426 5430 omnis
2472 5368 2790 5434 Conventus,
2843 5373 3213 5441 institutioqne

1698 5468 1889 5532 civilis,
1915 5481 2030 5535 quae
2059 5467 2123 5522 ad
2165 5466 2326 5520 ritum
2350 5467 2771 5538 religionemque
2811 5462 3058 5519 Mosaicae
3079 5461 3212 5529 legis
