3738 6294
806 349 912 404 435

1549 335 1817 393 EUSEBII
1853 330 2321 389 CIESARIENSIS
2357 329 2503 385 ()PP.
2533 327 2709 383 PARS
2748 326 2811 381 Il.
2842 356 2914 368 -—
2944 323 3404 381 APOLOGETIC

806 464 1052 534 pertinet,
1074 472 1262 514 eversa
1286 457 1601 524 sublataque
1632 460 1759 508 sunt
1777 471 1789 505 :
1805 468 1834 506 e
1854 451 2184 519 vestigioque
2203 465 2282 504 ea:

1927 451 2184 519 stigioque
2203 465 2341 513 eam,
2374 476 2417 532 Δ
2442 447 2548 500 τῶν
2593 444 2941 516 ἀνθρωπίνων
2970 443 3158 513 ψυχῶν
3198 442 3293 512 μὴ
3344 460 3403 493 πε

806 531 924 623 qua:
945 551 1009 603 ad
1036 548 1440 617 intelligentiam
1468 550 1694 613 spectat,
1719 541 2057 605 servitutem,
2090 540 2282 609 adjunc

1928 547 2057 605 tem,
2090 540 2345 609 adjuncta
2380 531 2415 532 Ὗ
2450 536 2609 589 θὸντα
2636 534 2864 605 κηρῦξαι
2890 537 3001 596 τοῖς
3028 533 3133 586 ὑπὸ
3158 531 3403 600 δαιμόνι

805 646 962 698 etiam
996 655 1059 694 ea
1090 654 1209 707 quae
1240 650 1528 706 corporum
1559 641 1662 695 est,
1699 631 1939 702 perpessi
1974 639 2120 694 sunt,
2146 631 2347 700 quippe

805 731 898 800 qui
938 728 1267 782 Salvatorem
1314 742 1378 780 ac
1420 726 1791 780 Liberatorem
1833 725 2190 777 humanarum
2228 723 2348 776 ani-

804 837 1012 878 marum
1055 836 1164 875 non
1210 819 1569 888 susceperint,
1617 832 1737 871 eum
1791 816 1882 884 qui
1918 824 2158 879 venerat,
2197 822 2256 868 ιιι
2279 815 2347 869 iis

804 913 894 982 qui
922 912 1188 965 malorum
1225 909 1526 962 daemonum
1561 907 1700 961 servi
1743 905 1866 959 facti
1907 911 2108 968 essent,
2151 904 2349 959 libera-

805 1005 1001 1056 tionem
1053 1000 1348 1059 nuntiaret,
1380 997 1448 1051 iis
1480 1011 1628 1058 vero,
1656 995 1748 1065 qui
1772 996 1967 1050 mentis
1984 996 2157 1050 oculis
2179 995 2345 1064 capti,

802 1093 955 1146 visus
1008 1087 1487 1158 recuperationem.
1526 1084 1652 1139 Haec
1683 1086 1865 1154 itaque
1887 1100 2010 1138 cum
2045 1086 2123 1139 illi
2155 1086 2225 1139 ob
2263 1086 2349 1139 in-

804 1185 1173 1241 credulitatem
1205 1195 1359 1236 suam
1386 1180 1752 1248 pertulissent,
1773 1177 1861 1230 alii
1888 1192 2075 1233 omnes
2099 1178 2351 1248 quicum-

803 1293 908 1347 que
948 1290 1104 1331 suum
1152 1272 1517 1325 Liberatorem
1564 1274 1914 1338 agnoverunt,
1962 1268 2351 1337 domesticique

806 1369 956 1421 illius
985 1380 1049 1419 ac
1076 1363 1368 1417 familiares
1397 1359 1570 1414 effecti
1610 1365 1758 1424 sunt,
1787 1357 2039 1427 discipuli
2083 1359 2270 1428 utique
2297 1366 2351 1412 et

811 1455 1065 1526 apostoli,
1095 1460 1149 1508 et
1183 1450 1542 1520 evangelista,
1569 1449 1981 1518 compluresque
2007 1448 2120 1510 alii,
2158 1448 2251 1517 qui
2282 1447 2350 1502 de

804 1547 1214 1605 circumcisione
1234 1544 1455 1614 profecti
1475 1544 1529 1597 in
1557 1543 1732 1613 ipsum
1758 1540 2104 1596 crediderunt
2123 1539 2210 1609 (de
2230 1538 2352 1607 qui-

803 1640 904 1693 bus
916 1637 1313 1707 aitApostolus:
1336 1654 1354 1685 (
1372 1633 1461 1688 Sic
1474 1635 1635 1688 etiam
1650 1647 1790 1687 nunc
1805 1632 2041 1700 reliquiae
2054 1630 2350 1684 secundum

804 1729 1114 1783 electionem
1132 1726 1315 1795 gratize
1335 1724 1487 1778 factae
1502 1722 1711 1787 sunt”;
1741 1741 1759 1773 ι
1774 1729 1826 1775 et
1845 1720 1974 1773 illud
1993 1719 2159 1773 :«Nisi
2180 1717 2354 1772 Domi-

2449 640 2563 685 τοις
2590 624 2798 692 ἄφεσιν,
2827 622 2919 674 καὶ
2942 625 3051 683 τοῖς
3078 621 3175 683 τὰς
3210 619 3404 672 διανοί

2452 715 2634 767 Ταῦτα
2664 715 2722 767 δὲ
2751 711 3091 766 πεπονθότων
3123 709 3381 763 ἐκείνων

2451 805 2577 864 τῶν.
2617 806 2665 857 oi
2707 804 2796 858 τὸν
2845 801 2994 871 σφῶν
3036 799 3363 873 Λυτρωτὴν
3399 822 3404 850 ι

2453 894 2611 948 αὐτοῦ
2637 895 2913 964 γενόμενοι
2940 891 3212 962 μαθηταὶ,
3249 891 3362 944 καὶ
3391 907 3404 944 ι

2452 987 2651 1051 λισταὶ,
2677 985 2916 1038 πλεῖστοί
2944 1001 3004 1037 τε
3035 982 3199 1037 ἄλλοι
3222 984 3349 1037 τῶν
3380 985 3404 1035 ἐ

2453 1076 2884 1130 πεπιστευκότων
2913 1075 3066 1144 (περὶ
3093 1067 3181 1127 ὧν
3215 1091 3401 1142 φησιν

2454 1167 2546 1221 καὶ
2568 1166 2661 1219 νῦν
2678 1167 2881 1237 λεῖμμα
2899 1166 3022 1219 κατ’
3042 1164 3296 1234 ἐκλογὴν
3320 1163 3400 1232 χά

2459 1275 2479 1309 ι
2505 1259 2566 1310 Εἰ
2590 1257 2662 1327 μὴ
2684 1255 2883 1327 Κύριος
2905 1252 3135 1307 Σαϐαὼθ
3162 1251 3404 1321 ὲγκατέῖ

2455 1349 2657 1419 Σόδομα
2680 1349 2743 1401 ἂν
2765 1346 3126 1416 ἐγενήθημεν,
3155 1344 3265 1397 καὶ
3301 1343 3387 1405 ὼς

2458 1439 2608 1509 μεν),
2634 1457 2652 1490 ι
2669 1437 2768 1506 τῆς
2782 1452 2933 1506 νενοη
2943 1435 3113 1505 μένης
3143 1435 3293 1504 ἡμῖν
3319 1450 3400 1485 κα

2454 1529 2664 1599 ἄπειροι
2693 1525 3129 1596 διεφυλάχθησαν
3181 1525 3250 1576 οὐ
3287 1523 3403 1593 μόνη

2453 1617 2593 1682 λέξιν
2655 1616 3026 1684 ἀποδοθείσης.
3066 1614 3140 1666 Οἱ
3182 1613 3329 1681 γοῦν
3368 1613 3404 1664 ἀ

2453 1705 2545 1759 τοῦ
2591 1706 2836 1776 Σωτῆρος
2870 1704 3070 1769 αὐτῶν,
3111 1704 3220 1756 καὶ
3253 1704 3404 1756 πάντ

805 1834 905 1872 nus
927 1793 1161 1870 Sabaoth
1182 1815 1491 1882 reliquisset
1509 1811 1667 1865 nobis
1694 1826 1897 1872 semen,
1932 1810 2085 1878 quasi
2120 1806 2281 1862 Sodor

1932 1810 2085 1878 quasi
2120 1806 2352 1862 Sodoma
2384 1827 2426 1881 Β
2454 1797 2612 1850 αὑτὸν
2636 1793 3078 1856 πεπιστευκότες,
3114 1793 3356 1863 μακρὰν
3377 1810 3403 1845 τ

804 1906 929 1961 facti
943 1911 1259 1966 essemus,et
1270 1902 1419 1972 quasi
1429 1899 1721 1955 Gomorrha
1735 1898 1935 1954 similes
1946 1897 2276 1952 fuissemus”

1921 1896 2353 1967 sfuissemus”),.
2461 1902 2642 1954 μενοι,
2702 1885 2794 1938 καὶ
2864 1887 2976 1945 τοῖς
3045 1882 3279 1944 λοιποῖς
3334 1881 3397 1932 ἑθ

805 1999 965 2068 237
986 1998 1130 2051 illius
1170 1966 1489 2056 obsidionis,
1533 2006 1694 2063 quam
1726 2005 1825 2045 nos
1850 1988 1917 2042 ad
1958 1988 2281 2057 intelligenti:

1958 1966 2357 2057 ίηιριιῑεεηιίέιηι
2454 1966 2544 2026 τὸν
2576 1973 2713 2031 κατὰ
2745 1971 2850 2024 τῶν
2876 1969 3182 2024 οἰκούντων
3212 1969 3320 2040 τὴν
3346 1986 3403 2021 πι

805 2087 1110 2149 referimus,
1139 2085 1403 2138 immunes
1440 2089 1798 2151 expertesque
1826 2086 1952 2133 sunt
1998 2076 2216 2138 servati,
2263 2092 2281 2128 ῐ

1932 2086 1952 2129 ι
1998 2076 2216 2138 servati,
2263 2091 2357 2130 ne.
2454 2064 2572 2115 τότε
2598 2061 2954 2132 ἠδυνήθησαν.
2991 2060 3111 2111 Καὶ
3150 2059 3322 2113 τοῦτο
3358 2058 3403 2110 δὲ

806 2193 909 2247 que
938 2176 1100 2245 hujus
1135 2176 1331 2238 solum,
1363 2173 1457 2229 sed
1485 2172 1648 2228 etiam
1679 2171 1844 2232 illius,
1873 2183 1992 2238 quae
2018 2167 2083 2220 ad
2130 2167 2353 2220 verbum

805 2268 1306 2335 intelligiturznam
1352 2262 1455 2332 ipsi
1504 2261 1733 2330 apostoli
1786 2274 1849 2313 ac
1893 2257 2139 2325 discipuli
2177 2255 2358 2308 Salva-

805 2360 937 2415 toris
975 2357 1168 2421 nostri,
1200 2362 1253 2409 et
1280 2367 1465 2407 omnes
1503 2350 1594 2420 qui
1629 2364 1694 2404 ex
1723 2348 1922 2402 Judasis
1950 2347 2015 2399 ad
2046 2346 2217 2414 ipsum
2247 2358 2355 2397 cre-

804 2450 990 2505 dentes
1011 2450 1372 2505 accesserant,
1397 2456 1517 2495 cum
1538 2440 1721 2510 procul
1750 2438 1817 2493 ab
1834 2437 2017 2491 Judma
2036 2443 2176 2489 terra
2198 2434 2352 2488 abes-

804 2549 944 2604 sent,
982 2544 1035 2592 et
1066 2534 1285 2604 reliquis
1325 2539 1505 2586 essent
1547 2528 1776 2581 immisti
1817 2526 2064 2595 gentibus
2100 2535 2349 2577 :omnem

805 2642 1012 2689 eorum,
1035 2624 1125 2693 qui
1161 2623 1431 2676 civitatem
1458 2618 1784 2681 incolebant,
1812 2614 2161 2685 perditionem
2191 2619 2350 2679 atque

805 2718 1079 2772 interitum
1128 2712 1379 2781 effugere,
1407 2723 1502 2779 per
1540 2708 1669 2761 illud
1714 2714 1924 2773 tempus
1971 2702 2125 2756 facile
2156 2707 2347 2769 potue-

805 2812 952 2859 runt.
984 2802 1135 2868 Quod
1160 2803 1335 2869 ipsum
1368 2811 1500 2853 sane
1540 2795 1702 2849 etiam
1730 2793 2009 2863 prOphetia
2046 2789 2348 2857 anticipans

805 2893 1091 2954 cecinerat,
1124 2891 1230 2944 illis
1264 2888 1439 2942 verbis
1467 2906 1482 2937 :
1520 2904 1539 2936 ι
1573 2881 1674 2950 Qui
1708 2890 1885 2937 autem
1916 2881 2110 2950 reliqui
2150 2878 2348 2933 fuerint

804 2983 871 3038 de
906 2982 1104 3053 populo
1146 2993 1284 3043 meo,
1324 2992 1430 3030 non
1492 2974 1746 3044 peribunt
1767 2972 1841 3038 ἐς
1874 2990 1893 3022 ι
1948 2970 2145 3040 quibus
2194 2968 2346 3022 dein-

805 3088 930 3143 ceps
964 3068 1206 3139 adjungit
1235 3087 1247 3121 :
1285 3085 1305 3118 ‹
1340 3062 1406 3119 Et
1445 3064 1748 3134 egredietur
1794 3060 2070 3123 Dominus,
2114 3066 2168 3113 et
2197 3073 2346 3113 com-

2453 2152 2619 2206 δοῦσα
2649 2151 2896 2204 ἐθέσπισε
2924 2149 2990 2200 δι’
3019 2141 3101 2201 ὧν
3130 2148 3343 2218 ἔφησεν
3361 2164 3376 2177 ·

2452 2230 2578 2294 λαοῦ
2613 2258 2711 2311 μου
2743 2241 2802 2292 οὐ
2840 2239 2914 2309 μὴ
2941 2238 3404 2309 ἐξολοθρευθῶσιπ

2456 2349 2476 2383 ‹
2510 2332 2616 2384 Καὶ
2654 2329 2992 2396 ἐξελεύσεται
3028 2329 3271 2399 Κύριος,
3307 2329 3404 2381 καὶ

2449 2419 2653 2473 ἔθνεσιν
2679 2419 2924 2486 ἐκείνοις,
2964 2418 3160 2481 καθὼς
3199 2419 3391 2490 ἡμέρα

2449 2509 2629 2581 ἡμέρᾳ
2652 2509 2913 2579 πολέμου.
2956 2528 2978 2559 ι
3026 2509 3120 2561 Ἐν
3148 2509 3331 2572 ποίοις
3354 2509 3404 2561 δὲ

2446 2600 2661 2663 τάξεται
2698 2600 2732 2669 ἢ
2785 2601 2843 2651 ὲν
2876 2601 2998 2662 τοῖς
3040 2600 3144 2670 τὴν
3194 2600 3403 2670 Ἱερουσ

2446 2689 2601 2762 Δηλοί
2623 2688 2678 2742 δὲ
2709 2690 2738 2740 ό
2771 2688 2928 2755 λόγος
2962 2690 3135 2743 αὐτὸν
3163 2691 3269 2744 τὸν¹
3292 2691 3404 2761 Κύε

2446 2780 2844 2855 πολιορκοῦσιν,
2874 2785 2935 2835 ὲν
2967 2786 3160 2848 αὐτοῖς
3199 2785 3332 2838 ὄντα
3351 2825 3366 2845 ,

2442 2875 2763 2945 ταττόμενον
2783 2914 2797 2937 ,
2826 2874 3025 2946 ὥσπερ
3075 2875 3199 2929 τινὰ
3245 2892 3404 2947 στρατ

2444 2963 2619 3019 αὐτῶν
2640 2964 2781 3017 κατὰ
2805 2964 2910 3035 τῆς
2948 2965 3322 3037 Ἰερουσαλὴμ
3345 2983 3404 3018 στ

2443 3070 2606 3127 φησιν
2637 3057 2666 3108 ό
2695 3054 2855 3123 λόγος
2901 3056 3000 3109 τὸν
3054 3056 3264 3130 Κύριον
3303 3074 3404 3111 κατ

805 3141 1082 3235 parabitur
1111 3159 1174 3213 ad
1200 3158 1442 3229 praelium
1471 3157 1526 3208 in
1555 3152 1803 3223 gentibus
1835 3149 1962 3213 illis,
2006 3146 2281 3217 quemadm

1927 3165 1962 3213 ς,
2006 3146 2352 3217 quemadmo—
2378 3141 2419 3198 C
2450 3142 2720 3209 τάξεσθαι.
2761 3144 2886 3196 Τίσι
2925 3144 2985 3198 δὲ
3018 3146 3166 3199 κατὰ
3211 3145 3403 3210 τίνωνς

804 3257 930 3310 dum
979 3253 1094 3308 dies
1126 3249 1294 3320 prtelii
1335 3248 1455 3315 ejus
1491 3246 1546 3299 in
1595 3243 1683 3297 die
1728 3241 1854 3296 belli
1873 3240 1938 3294 ⁸³.
1974 3257 1994 3290 ι
2025 3238 2093 3291 At
2125 3251 2252 3292 vero
2293 3237 2349 3290 in

806 3346 1000 3416 quibus
1043 3342 1258 3397 tandem
1303 3337 1556 3409 gentibus
1602 3333 1863 3387 Dominus
1907 3329 2259 3400 praeliabitur,
2301 3327 2351 3382 si

807 3451 915 3490 non
964 3436 1016 3489 in
1067 3433 1153 3487 his
1201 3445 1319 3500 quae
1378 3426 1671 3481 Jerusalem
1721 3422 2082 3478 obsidebunt?
2149 3419 2350 3474 indicat

806 3541 933 3581 vero
973 3525 1149 3593 ipsum
1183 3520 1482 3579 oraculum,
1517 3512 1969 3586 quemadmodum
2009 3511 2125 3581 ipse
2164 3508 2350 3562 Domi-

808 3631 912 3670 nus
942 3613 1200 3667 auxilium
1231 3610 1365 3664 l‘eret
1393 3605 1786 3666 obsidentibus,
1814 3603 2022 3670 eritque
2051 3598 2265 3653 interim
2294 3597 2351 3651 in

809 3705 938 3768 illis,
975 3709 1173 3756 etcum
1218 3700 1323 3752 illis
1366 3698 1432 3751 ad
1462 3696 1700 3766 praelium
1743 3690 2158 3761 comparabitur,
2194 3687 2350 3757 quasi

809 3794 1027 3863 quidam
1065 3794 1375 3858 imperator,
1414 3791 1884 3856 propugnatorque
1928 3781 2140 3833 illorum
2167 3785 2220 3831 et
2253 3776 2349 3830 ad-

809 3895 1001 3936 versus
1038 3877 1331 3932 Jerusalem
1397 3875 1670 3929 militabit.
1728 3872 1845 3925 Non
1891 3871 2033 3924 enim
2075 3866 2205 3920 dicit
2236 3879 2354 3919 ora-

808 3973 905 4034 tio,
939 3969 1224 4022 Dominum
1260 3973 1451 4020 contra
1498 3972 1681 4034 gentes
1708 3961 2096 4031 praeliaturum.
2142 3955 2349 4020 Quibus

807 4076 934 4132 ergo
963 4067 1016 4113 et
1037 4065 1224 4112 contra
1252 4056 1430 4126 quos?
1481 4055 1681 4124 Nempe
1723 4059 1912 4108 contra
1945 4047 2263 4110 Jerusalem,
2292 4051 2345 4098 et

808 4131 997 4206 contra
1025 4146 1143 4215 ejus
1179 4145 1529 4208 habitatores,
1572 4142 1639 4198 de
1662 4143 1856 4212 quibus
1888 4151 2064 4193 sermo
2112 4140 2246 4189 erat.
2278 4131 2349 4184 ll-

809 4242 901 4295 lud
932 4247 1111 4292 autem
1138 4253 1153 4289 :
1191 4253 1209 4286 ι
1238 4234 1303 4286 Et
1333 4235 1552 4289 stabunt
1593 4232 1757 4303 pedes
1795 4230 1913 4298 ejus
1937 4228 1991 4280 in
2017 4226 2105 4279 die
2133 4225 2223 4278 illa
2258 4237 2349 4278 su-

808 4345 905 4399 per
932 4335 1113 4382 monte
1154 4322 1447 4384 Olivarum,
1476 4323 1567 4389 qui
1597 4328 1679 4376 est
1710 4326 1897 4373 contra
1941 4313 2237 4369 Jerusalem
2281 4310 2349 4364 ad

808 4397 1078 4471 Orientem
1099 4411 1167 4473 ’°,
1199 4428 1219 4460 ι
1256 4408 1506 4478 quidnam
1551 4405 1696 4459 aliud
1734 4404 2015 4474 signiticet,
2050 4414 2210 4471 quam
2239 4397 2347 4453 Do-

807 4502 940 4558 mini
977 4499 1094 4562 Dei,
1121 4499 1312 4568 ipsius,
1344 4496 1582 4564 inquam,
1609 4493 1699 4547 Dei
1725 4491 1906 4554 Verbi,
1935 4492 1987 4544 in
2032 4503 2129 4543 sua
2163 4486 2348 4541 Eccle-

811 4594 892 4650 sia
941 4591 1226 4647 stationem
1275 4595 1328 4641 et
1359 4582 1861 4639 confirmationem?
1900 4594 2059 4650 quam
2106 4579 2161 4632 in
2206 4590 2345 4647 prae-

812 4686 949 4742 senti
978 4692 1158 4738 monte
1177 4680 1445 4736 Olivarmn
1478 4692 1573 4746 per
1607 4675 1847 4745 ﬁguram,
1876 4688 1995 4742 qua:
2016 4669 2345 4741 permutatio

812 4777 1030 4841 dicitur,
1076 4772 1351 4828 nominat“!
1390 4766 1461 4821 Ut
1491 4767 1634 4822 enim
1679 4765 1833 4818 vinea
1875 4762 2081 4818 exstitit
2122 4760 2340 4822 dilecto,

811 4873 864 4920 et
888 4864 986 4918 fuit
1012 4863 1167 4917 vinea
1197 4859 1404 4913 Domini
1428 4854 1663 4908 Sabaoth
1693 4855 1913 4921 ﬁgurate
1943 4850 2134 4903 domus
2157 4846 2341 4908 lsrael,

812 4963 866 5008 et
908 4955 1034 5008 vitis
1061 4953 1243 5007 Judaea
1276 4948 1480 5003 novella
1511 4946 1724 5008 dilecta,
1775 4943 1854 4997 sic
1906 4942 2091 4995 eadem
2135 4937 2343 4990 ratione

814 5042 1034 5109 dixeris,
1060 5044 1200 5114 quod
1224 5042 1384 5097 etiam
1408 5039 1664 5093 olivetum
1695 5036 1834 5091 facta
1862 5035 1930 5089 sit
1960 5029 2207 5090 Domino,
2231 5027 2344 5080 col-

812 5129 953 5182 lecta
984 5132 1049 5182 de
1074 5132 1319 5199 gentibus
1349 5128 1588 5184 Ecclesia
1622 5128 1814 5196 ipsius,
1848 5138 1966 5194 qua:
1999 5136 2128 5176 sane
2160 5117 2356 5170 Eccle—-

816 5217 895 5271 sia
928 5229 1049 5268 cum
1088 5227 1243 5267 antea
1286 5227 1429 5272 esset
1453 5218 1596 5272 oliva
1625 5215 1867 5286 quaedam
1911 5211 2155 5282 agrestis.
2187 5206 2339 5275 1³1³11-

814 5310 926 5358 tata
960 5303 1059 5355 fuit
1085 5318 1114 5356 a
1141 5303 1385 5366 Domino,
1419 5308 1510 5374 qui
1538 5323 1654 5362 eam
1693 5314 1815 5379 post
1844 5300 2077 5358 insuevit
2123 5300 2176 5351 in
2211 5296 2340 5365 apo-

815 5390 1020 5447 stolicis
1064 5390 1216 5444 bona:
1253 5391 1406 5444 oliva:
1453 5395 1756 5464 radicibus,
1800 5400 1921 5466 post
1957 5390 2193 5462 priorum
2248 5400 2342 5438 ra-

813 5494 1026 5538 morum
1073 5479 1422 5547 excisionem,
1451 5488 1896 5552 quemadmodum
1937 5479 2224 5553 Apostolus
2254 5475 2344 5530 d0-

2448 3232 2556 3303 λὴμ
2583 3232 2676 3285 καὶ
2703 3232 2812 3285 τῶν
2838 3234 3155 3307 οἰκητόρων
3191 3236 3393 3305 αὐτῆς,

2449 3325 2521 3376 Τὸ
2550 3324 2607 3376 δὲ
2631 3363 2646 3386 ,
2687 3342 2707 3374 ι
2748 3325 2857 3376 Καὶ
2891 3327 3193 3396 στήσονται
3219 3327 3270 3378 οἱ
3289 3325 3404 3378 πόδε

2449 3414 2629 3483 ἐκείνῃ
2655 3412 2748 3465 ἐπὶ
2772 3412 2831 3465 τὸ
2853 3413 2888 3464 ὃ
2897 3431 2993 3485 ρος
3014 3414 3124 3467 τῶν
3157 3414 3404 3479 Ἐλαιῶν,

2450 3503 2646 3573 σαλὴμ,
2690 3502 2749 3567 ἐξ
2782 3503 3094 3567 ἀνατολῶν,
3126 3524 3146 3555 ι
3180 3505 3235 3557 τί
3266 3505 3404 3575 ἔτερ(

2446 3592 2610 3656 Θεοῦ,
2639 3590 2800 3644 αὐτοῦ
2831 3592 2901 3662 δὴ
2932 3592 3030 3646 τοῦ
3052 3593 3188 3645 Θεοῦ
3222 3592 3404 3659 Λόγου.

2450 3681 2568 3745 σίας
2607 3679 2771 3733 αὐτοῦ
2799 3682 2996 3735 στάσιν
3020 3699 3081 3735 τε
3108 3682 3203 3734 καὶ
3229 3681 3404 3751 βεϐαίι

2448 3772 2540 3824 ἐπὶ
2567 3770 2661 3823 τοῦ
2697 3770 2971 3840 παρόντος
2996 3772 3139 3825 κατὰ
3166 3772 3366 3842 τρόπον
3396 3790 3404 3822 ‹

2460 3859 2545 3922 Ὧς
2585 3858 2692 3929 γὰρ
2736 3859 3005 3927 ἁμπελὼν
3051 3859 3282 3929 ἐγενήθη
3318 3858 3393 3926 τῷ

2448 3944 2704 4017 ἀμπελὼν
2753 3949 2970 4018 Κυρίου
3015 3947 3245 4002 Σαϐαὼθ
3285 3947 3404 3999 ἀλλτ

2462 4038 2702 4109 Ἰσραὴλ,
2745 4040 2847 4092 mi.
2883 4040 3132 4109 ἄμπελος
3177 4037 3272 4091 τοῦ
3314 4037 3404 4089 Ἰοί

2453 4129 2583 4198 μένη
2607 4145 2621 4158 ·
2651 4128 2790 4181 οὕτω
2841 4132 2907 4201 δὴ
2938 4131 3083 4183 κατὰ
3114 4129 3214 4198 τὴν
3255 4128 3404 4195 αὐτὴη

2448 4219 2527 4270 ὃτι
2563 4219 2626 4288 δὴ
2667 4220 2759 4271 καὶ
2802 4221 3007 4275 ὲλαιὼν
3053 4217 3286 4289 ἐγενήθη
3316 4215 3392 4284 τῷ

2459 4308 2749 4377 Ἐκκλησία
2775 4310 2956 4364 οεὺτοῦ
2994 4351 3010 4373 ,
3035 4309 3102 4380 ἢν
3143 4309 3307 4362 πάλαι
3360 4307 3404 4358 ἁ·

2448 4396 2756 4465 εφύτευσεν,
2779 4397 3146 4468 ὲγκεντρίσας
3166 4396 3258 4450 ἐπὶ
3272 4395 3369 4457 τὰς
3389 4395 3404 4446 c'

2447 4484 2675 4537 λιελαίου
2703 4484 2865 4555 ῥίζας
2893 4489 3035 4558 μετά
3060 4487 3160 4558 τὴν
3189 4487 3296 4538 τῶν
3321 4501 3404 4553 πρι

2448 4575 2572 4647 μὴν,
2598 4575 2887 4645 ὡσπεροῦν
2914 4581 2943 4631 ό
2981 4577 3299 4638 Ἀπόστολος
3356 4590 3404 4625 πρ

2444 4664 2701 4733 εφύτευσέ
2721 4681 2790 4732 γε
2828 4666 2999 4737 αὐτὴν
3029 4668 3061 4719 ὁ
3092 4666 3292 4737 Κύριος
3325 4666 3404 4716 ἐαι

2443 4756 2539 4824 τῆς
2576 4757 2914 4825 προφητείας
2958 4757 3165 4825 λέγων’
3202 4775 3219 4806 ι
3269 4755 3404 4806 Ἐλαί

2443 4841 2663 4894 ἐκάλεσε
2702 4843 2915 4914 Κύριος
2952 4846 3013 4898 τὸ
3046 4845 3220 4914 ὄνομά
3243 4859 3353 4894 σου.
3379 4860 3398 4892 ι

2445 4929 2722 5001 ἁμπελὼν,
2756 4934 2875 4988 δέον
2893 4936 3116 5004 ποιῆσαι
3147 4931 3404 5000 σταφυλὴι

2444 5023 2536 5076 καὶ
2588 5023 2648 5075 οὐ
2697 5024 3066 5096 δικαιοσύνην,
3123 5024 3255 5077 ἀλλὰ
3297 5038 3403 5092 κρα

2442 5114 2687 5186 ἄκαρπον
2703 5116 2870 5170 αὐτοῦ
2896 5115 3137 5169 καθελὼν
3155 5117 3183 5165 ὁ
3199 5113 3326 5173 Θεὸς
3342 5110 3399 5161 τὸ

2440 5203 2530 5256 τὸν
2575 5207 2750 5274 τοῖχον
2787 5205 2956 5259 αὑτοῦ
2976 5245 2990 5268 ,
3040 5201 3308 5274 παραδούς
3338 5216 3395 5250 τε

2442 5292 2500 5353 ἐς
2515 5292 2823 5362 διαρπαγὴν
2854 5294 2947 5346 καὶ
2979 5288 3404 5356 καταπατησινῃ

2445 5387 2797 5455 προφητείαν,
2833 5385 3019 5454 ἕτερον
3045 5379 3205 5435 αὐτὸν
3223 5374 3394 5443 ἑαυτῷ

2444 5474 2534 5527 τὸν
2565 5477 2658 5529 ἐπὶ
2679 5476 2774 5529 τοῦ
2805 5474 3067 5544 παρόντος
3090 5468 3315 5523 ὲλαιῶνα
3340 5464 3404 5515 όν‹

761 5678 786 5705 μ
881 5626 1296 5698 “limini
1372 5632 1415 5665 °'
1444 5631 1600 5694 Rom.
1627 5652 1702 5705 ιι,
1729 5638 1819 5705 29,
1893 5625 2343 5693 ⁸⁸Ζεις1ι.ιιγ,2.
2416 5625 2461 5657 ε’
2484 5625 2612 5682 ibid.
2646 5629 2701 5684 δ.
2775 5624 3045 5680 ’σῶαι
