3738 6336
44 445 153 503 ιη

930 447 1565 504 ΒΕΜΟΝΞΤΚᾹἩΟΝΙΞ
1600 446 2044 504 ΕἾᾹΝΕΕῘᾸΟΑΞ
2080 445 2209 503 LIB.
2249 446 2335 504 VI.

3151 453 3255 508 458

39 560 105 613 ἐκ
138 559 281 612 Θεοῦ
330 559 540 623 ἐλέους
588 562 933 630 τετυχηκότα,
980 564 1072 614 καὶ
1105 561 1239 633 πρὸς
1280 561 1370 613 105
1398 562 1624 632 Χριστοῦ
1658 570 1676 623 1

1743 568 1812 616 :et
1834 561 1873 593 "
1904 579 1915 613 :
1957 558 2019 611 Et
2044 560 2319 628 plantavit,
2350 560 2540 630 inquit,
2584 576 2698 614 eam
2730 561 2982 616 Dominus
3007 562 3109 616 sibi
3128 564 3255 632 ipsi.

41 650 552 718 καταφυτευθέντα
583 651 848 704 ἁειθαλέσι
877 654 1058 718 φυτοῖς
1086 691 1099 714 ,
1123 651 1260 704 τοῦτ’
1294 652 1405 704 ἐστι
1440 651 1634 720 ψυχαῖς

38 740 217 807 ἁγίαις
231 741 335 792 καὶ
352 740 559 806 φωτὸς
578 742 907 811 θρεπτικαῖς,
923 742 1058 804 οἵαις
1086 759 1143 793 τε
1164 743 1333 808 λέγει·
1359 761 1377 791 ι
1412 741 1548 809 Ἐγώ
1568 759 1625 793 τε

38 828 164 882 ὡσεὶ
185 828 356 881 ἐλαία
389 832 764 901 κατάκαρπος
779 833 833 882 ὲν
847 831 922 900 τῷ
933 832 1062 901 οἴκῳ
1080 829 1171 883 τοῦ
1191 831 1342 883 Θεοῦ.
1366 851 1384 882 ι
1402 831 1567 883 Τοῦτο
1580 832 1636 883 δὲ

39 918 98 970 1b
121 917 230 969 τῶν
267 916 520 968 Ἐλαιῶν
554 917 682 988 ὅρος
698 917 971 969 κατέναντι
1008 918 1101 987 τῆς
1142 914 1635 987 Ἰερουσαλὴμεῒναι

40 1007 288 1062 λέλεκται
306 1024 323 1037 ⁸
354 1008 685 1079 ἐπειδήπερ
704 1009 820 1059 ἀντὶ
834 1007 930 1073 τῆς
947 1006 1173 1069 παλαιᾶς
1187 1006 1421 1074 ἐπιγείου
1450 1007 1637 1076 Ἰερου-

42 1098 243 1168 σαλὴμ,
258 1099 357 1150 καὶ
379 1097 496 1166 τῆς
526 1099 595 1149 ὲν
617 1098 752 1168 αὐτῇ
777 1097 1061 1167 θρησκείας
1087 1096 1309 1166 συνέστη
1325 1096 1400 1165 τῷ
1414 1096 1527 1165 Θεῷ
1552 1114 1637 1166 με·

41 1188 111 1240 τὰ
132 1188 231 1256 τὴν
243 1188 342 1255 τῆς
372 1188 568 1257 Ἰερου
581 1187 755 1257 σαλὴμ
780 1186 1113 1255 καθαίρεσιν.
1132 1188 1309 1256 Φήσας
1347 1185 1473 1253 γοῦν
1504 1187 1639 1239 ἀνωσ-

42 1274 185 1344 τέρω
210 1275 240 1325 ό
268 1273 434 1340 λόγος
472 1290 552 1324 πε
563 1273 619 1342 ρὶ
658 1273 758 1342 τῆς
795 1272 1136 1342 Ἰερουσαλὴμ
1157 1310 1170 1333 ,
1200 1268 1273 1333 ὼς
1304 1289 1322 1320 ι
1358 1268 1638 1322 ’Λλὼσεται

43 1367 75 1433 ἡ
94 1363 265 1425 πόλις,
284 1363 388 1415 καὶ
406 1361 484 1413 τὰ
503 1362 686 1432 ἐχθρὰ
710 1363 802 1415 καὶ
822 1362 1051 1431 πολέμια
1073 1362 1196 1432 ἔθνη
1251 1360 1638 1431 συναχθήσεται

48 1454 128 1506 ἐπ’
155 1452 327 1522 αὐτὴν
354 1492 371 1515 ,
410 1452 521 1504 καὶ
568 1451 1058 1522 ,διαμερισθήσεται
1090 1452 1159 1504 τὰ
1192 1452 1359 1505 σκῦλα
1393 1450 1578 1520 αὐτῆς,
1615 1471 1633 1502 ι

48 1544 265 1604 dandam
317 1542 428 1593 οὐκ
479 1541 590 1593 ἐπὶ
634 1541 736 1609 τῆς
781 1539 1127 1610 Ἰερουσαλὴμ
1174 1542 1295 1602 τοὺς
1340 1540 1503 1602 πόδας
1548 1539 1639 1592 105

51 1635 247 1706 Κυρίου
301 1631 627 1702 στήσεσθαί
676 1648 828 1700 φησι.
861 1629 982 1693 Πῶς
1022 1630 1128 1700 γὰρ
1173 1628 1265 1684 καὶ
1315 1626 1423 1683 οἷόν
1463 1648 1520 1682 τε
1552 1627 1638 1700 ἦν,

54 1724 191 1785 ἅπαξ
227 1721 685 1792 καθῃρημένηςς
721 1719 1081 1772 Μεταϐἀντων
1103 1720 1157 1771 δὲ
1188 1720 1243 1785 ἐξ
1271 1720 1434 1788 αὐτῆς
1470 1720 1558 1771 ἐπὶ
1582 1720 1642 1771 τὸ

55 1807 302 1876 ἄντικρυς
375 1802 489 1875 τῆς
570 1804 921 1876 Ἰερουσαλὴμ
1010 1804 1134 1875 δρος
1194 1806 1255 1857 τὸ
1321 1806 1641 1874 καλούμενον

1732 650 2108 719 propemodum
2163 666 2260 719 per
2319 650 2645 719 prophetiam
2708 652 2890 707 dicens
2933 673 2946 706 :
2989 674 3007 704 ‹
3047 653 3252 709 Olivam

1733 740 2026 808 speciosam
2095 741 2399 793 umbrosam
2471 740 2677 793 vocavit
2735 739 2988 798 Dominus
3058 759 3255 798 nomen

1733 838 1882 881 tuum
1902 828 1966 879 θ’.
2002 846 2021 879 ι
2052 824 2339 897 Postquam
2388 828 2527 881 enim
2557 829 2701 897 prior
2744 829 2914 892 vinea,
2946 846 3065 885 cum
3093 833 3256 888 debe-

1732 928 1814 973 ret
1846 917 2017 972 facere
2045 933 2224 979 uvam,
2255 917 2379 971 fecit
2408 918 2608 987 spinas,
2640 934 2812 989 neque
2835 919 3127 988 justitiam,
3153 920 3250 977 sed

1732 1008 2036 1068 clamorem,
2088 1009 2279 1060 merito
2309 1015 2559 1076 tanquam
2599 1006 2715 1077 ejus
2764 1024 2880 1078 qua:
2923 1008 3256 1066 infructuosa

1732 1103 1893 1157 esset,
1940 1110 2116 1163 sepem
2150 1095 2395 1149 auferens
2438 1110 2499 1149 ac
2538 1097 2791 1165 parietem
2822 1096 2984 1158 Deus,
3016 1098 3259 1154 tradens-

1734 1199 1836 1250 que
1859 1198 1973 1236 eam
1998 1182 2231 1237 inimicis
2263 1182 2327 1236 ad
2356 1184 2708 1252 diripiendum
2731 1193 2782 1239 et
2810 1187 3255 1254 conculcandum,

1734 1271 1895 1340 288
1921 1270 2059 1323 sicut
2092 1270 2147 1322 in
2191 1268 2340 1324 Isaia:
2381 1273 2657 1341 prephetia
2698 1274 2901 1327 dictum
2945 1283 3047 1337 est,
3095 1276 3257 1329 alium

1736 1361 1848 1429 ipse
1877 1360 1977 1415 sibi
2014 1374 2199 1429 agrum
2227 1361 2506 1413 constituit
2536 1361 2589 1415 in
2613 1364 2883 1432 praesenti,
2919 1365 3059 1433 quod
3087 1365 3257 1417 olive—

1734 1458 1845 1502 tum
1886 1454 2212 1513 nominatur,
2255 1454 2407 1521 quasi
2445 1468 2564 1507 eum
2615 1452 2707 1521 qui
2742 1452 2918 1506 oleum
2968 1460 3021 1507 et
3051 1453 3262 1507 miseri-

1735 1540 1969 1592 cordiam
2002 1555 2032 1592 a
2060 1539 2169 1593 Deo
2198 1539 2268 1591 sit
2306 1548 2645 1601 conseCutus,
2674 1546 2727 1593 et
2754 1554 2784 1591 a
2820 1539 3035 1593 Christo
3063 1540 3261 1608 plantis

1737 1643 1945 1697 semper
1973 1630 2269 1683 virentibus
2302 1630 2561 1689 consitus,
2594 1628 2695 1682 hoc
2729 1635 2832 1691 est,
2863 1629 3063 1683 sanctis
3093 1628 3262 1683 lucis-

1735 1733 1839 1787 que
1877 1718 2153 1774 altricibus
2184 1719 2398 1781 animis,
2431 1719 2625 1787 quibus
2664 1720 2821 1772 liceat
2854 1718 3071 1773 dicere:
3099 1737 3118 1769 ι
3151 1718 3263 1790 Ego

1738 1815 1911 1861 autem
1954 1808 2093 1862 sicut
2132 1808 2268 1861 oliva
2307 1806 2580 1860 fructifera
2610 1807 2663 1859 in
2691 1807 2848 1861 domo
2888 1806 2980 1862 Dei
3002 1808 3071 1859 ".
3108 1827 3127 1860 ι
3160 1808 3259 1862 llic

70 1896 300 1959 Ἐλαιῶν,
334 1895 600 1948 ἐνταῦθα
626 1894 916 1965 στήσεσθαι
947 1896 1201 1949 διδάσκει.
1234 1895 1398 1949 Τοῦτο
1419 1896 1473 1948 δὲ
1496 1899 1585 1949 καὶ
1611 1898 1639 1949 ό
1668 1903 1676 1955 1

1743 1912 1860 1951 vero
1895 1894 2169 1950 Olivarum
2217 1911 2372 1951 mons
2400 1905 2584 1950 contra
2625 1896 2915 1952 Jerusalem
2969 1914 3089 1953 esse
3127 1898 3264 1952 dici—

62 1987 332 2055 προφήτης
376 1981 665 2052 ’Ῑεζεκιὴλ
730 1981 810 2052 τῷ
864 1982 989 2053 θείῳ
1037 1984 1308 2054 Πνεῦματι
1366 1983 1639 2053 προλαϐὼν

66 2072 258 2142 θεωρεῖ.
288 2074 465 2141 Λέγει
491 2072 557 2125 δὲ
591 2067 684 2125 οὖν
711 2090 725 2103 ·
757 2092 776 2122 ‹
817 2075 925 2126 Καὶ
954 2074 1111 2143 ἐξῆρε
1158 2074 1224 2126 τὰ
1254 2072 1528 2144 χερουόὶμ,
1552 2076 1641 2127 καὶ

66 2160 110 2212 οἱ
149 2162 328 2229 τροχοὶ
376 2160 653 2230 ἐχόμενοι
702 2159 914 2211 αὐτῶν·
986 2160 1077 2211 καὶ
1117 2162 1149 2229 ἡ
1196 2159 1318 2222 δόξα
1371 2159 1501 2211 Θεοῦ
1545 2160 1643 2210 Ἰσ-

75 2250 195 2319 ραὴλ
222 2246 290 2319 ἦν
336 2252 429 2301 ἐπ’
461 2250 687 2311 αὐτοῖς,
741 2249 991 2318 ὑπεράνω
1037 2248 1214 2299 αὐτῶν
1234 2285 1248 2308 ,
1278 2249 1369 2299 καὶ
1399 2247 1559 2315 ἀνέϐη
1607 2250 1640 2317 ἡ

73 2338 186 2401 δόξα
204 2338 413 2409 Κυρίου
452 2340 526 2390 ἐκ
565 2338 736 2407 μέσου
761 2338 858 2407 τῆς
891 2337 1129 2398 πόλεως,
1158 2337 1251 2388 καλ⁵
1283 2336 1406 2406 ἔστη
1438 2337 1526 2388 ἐπὶ
1551 2334 1642 2388 τοῦ

78 2426 217 2497 ὅρους
250 2428 279 2480 δ
319 2423 391 2498 ἦν
436 2427 719 2481 ἀπέναντι
760 2428 857 2496 τῆς
901 2427 1121 2488 πόλεως.
1157 2444 1175 2475 ι
1209 2426 1378 2495 Ὅπερ
1405 2426 1518 2478 ἔστι
1555 2427 1644 2478 καὶ

82 2516 232 2578 ἄλλως
282 2518 426 2587 πρὸς
492 2515 654 2579 λέξιν
698 2517 829 2586 όρᾷν
876 2515 1293 2584 πεπληρωμένον
1346 2514 1506 2566 εἰσέτι
1554 2516 1645 2567 καὶ

90 2605 332 2675 σήμερον,
375 2606 495 2659 τῶν
543 2606 634 2667 είς
676 2604 908 2675 Χριστὸν
945 2604 1369 2657 πεπιστευκότων
1402 2604 1645 2656 ἁπάντων

91 2695 394 2763 πανταχόθεν
442 2694 557 2765 γῆς·
622 2695 1021 2766 συντρεχόντων
1045 2734 1061 2757 ,
1106 2694 1201 2762 οὐχ
1250 2694 1323 2755 ὡς
1358 2693 1519 2745 πάλαι
1550 2693 1645 2761 τῆς

96 2784 217 2835 κατὰ
257 2786 354 2854 τὴν
409 2785 793 2857 Ἰερουσαλὴμ
840 2785 1064 2851 ἀγλαΐας
1109 2772 1301 2845 ἕνεκα,
1357 2784 1461 2836 οὐδ’
1510 2782 1645 2835 ὥστε

98 2874 444 2943 προσκυνῆσαι
470 2877 534 2927 ὲν
559 2874 645 2944 τῷ
671 2874 835 2927 πάλαι
854 2872 1139 2925 συνεστῶτι
1156 2873 1245 2923 ἐπὶ
1265 2873 1359 2941 τῆς
1385 2873 1646 2942 Ἰερουσα-

97 2960 192 3031 λὴμ
234 2965 578 3035 ἁγιάσματι,
644 2962 932 3015 καταλῦειν
972 2963 1027 3014 δὲ
1075 2962 1255 3014 ἕνεκεν
1303 2962 1531 3032 ἱστορίας
1588 2976 1647 3013 τε

103 3052 213 3119 ὁμοῦ
242 3055 335 3121 τῆς
367 3056 519 3107 κατὰ
561 3053 669 3123 τὴν
708 3052 1041 3122 προφητείαν
1088 3051 1333 3112 ἁλώσεως
1381 3052 1471 3103 καὶ
1519 3052 1648 3121 ἐρη-

110 3138 212 3208 μίας
257 3143 353 3210 τῆς
411 3142 817 3213 Ἰερουσαλὴμ,
865 3142 955 3194 καὶ
1005 3141 1101 3208 τῆς
1152 3142 1242 3192 ἐπὶ
1281 3140 1341 3192 τὸ
1392 3141 1509 3212 δρος
1545 3140 1651 3194 τῶν

1739 1995 1847 2049 tur,
1880 1987 2129 2055 quoniam
2163 1987 2218 2039 in
2249 1988 2423 2041 locum
2444 1987 2639 2042 veteris
2680 2002 2742 2041 ac
2799 1996 3021 2043 terrena:
3047 1987 3263 2043 Jerusa-

1737 2077 1861 2139 lem,
1910 2091 1972 2129 ac
2009 2075 2283 2145 religionis
2312 2091 2430 2145 qua:
2458 2076 2511 2129 in
2541 2076 2631 2131 illa
2672 2077 3003 2140 servabatur,
3047 2092 3262 2131 succes-

1739 2168 1827 2231 sit,
1858 2173 1910 2221 et
1940 2180 1968 2218 a
2002 2165 2107 2219 Deo
2177 2168 2501 2221 constitutus
2525 2174 2625 2229 est,
2664 2175 2785 2235 post
2813 2168 3020 2220 ruinam
3046 2164 3263 2221 Jerusa-

1738 2256 1862 2309 lem.
1898 2253 2032 2308 Cum
2064 2270 2224 2324 supra
2282 2256 2442 2324 igitur
2471 2255 2743 2308 oraculum
2790 2255 2981 2307 dixerit
3006 2255 3072 2309 de
3104 2255 3261 2309 Jeru-

1741 2343 1927 2405 salem,
1970 2362 1988 2394 ‹
2032 2342 2174 2413 quod
2205 2343 2392 2397 civitas
2432 2343 2689 2411 capietur,
2738 2343 2985 2411 quodque
3040 2343 3263 2398 hostiles

1742 2440 1900 2500 atque
1939 2432 2166 2485 inimica:
2210 2440 2396 2500 gentes
2443 2433 2757 2485 convenient
2800 2430 3053 2484 adversus
3121 2446 3261 2494 eam,

1742 2529 1794 2575 et
1819 2521 1984 2589 spolia
2012 2520 2127 2589 ejus
2149 2521 2470 2583 dividentur,
2504 2538 2524 2570 ι
2547 2522 2734 2575 merito
2764 2535 2872 2574 non
2892 2521 2944 2574 in
2970 2518 3262 2575 Jerusalem

1744 2609 1906 2678 pedes
1938 2609 2147 2662 Domini
2177 2616 2415 2663 staturos
2450 2609 2611 2677 dicit;
2636 2610 2728 2679 qui
2757 2609 2898 2663 enim
2937 2608 2989 2662 id
3024 2607 3141 2663 fieri
3173 2623 3267 2678 po-

1745 2697 1955 2760 tuisset,
1982 2712 2102 2753 cum
2130 2712 2191 2752 ea
2223 2698 2386 2752 semel
2411 2697 2617 2751 sublata
2650 2699 2828 2754 esset?
2856 2696 2959 2751 Sed
2992 2698 3269 2767 migranti-

1747 2786 1848 2841 bus
1890 2787 1958 2840 ab
1990 2800 2051 2840 ea
2083 2787 2137 2839 in
2201 2794 2435 2841 montem
2477 2787 2567 2856 qui
2622 2795 2704 2843 est
2735 2795 2918 2841 contra
2951 2786 3267 2851 Jerusalem,

1746 2878 1835 2944 qui
1889 2875 2162 2931 Olivarum
2212 2885 2453 2938 vocatur.
2498 2876 2570 2931 ibi
2615 2885 2851 2931 staturos
2903 2875 3077 2940 docet,
3124 2875 3269 2949 quod

1745 2965 1903 3018 etiam
1934 2965 2192 3032 propheta
2225 2963 2488 3030 Ezechiel,
2519 2963 2700 3016 divino
2740 2971 2863 3018 ante
2904 2962 3106 3034 Spiritu
3141 2963 3271 3019 edo-

1747 3060 1887 3116 ctus,
1928 3053 2350 3121 contemplatur;
2390 3053 2521 3107 dicit
2564 3052 2706 3106 enim
2739 3072 2752 3106 :
2790 3071 2808 3103 ‹
2841 3052 2904 3105 Et
2931 3054 3271 3108 elevaverunt

1748 3142 2022 3197 cherubim
2051 3143 2164 3195 alas
2196 3156 2341 3203 suas,
2373 3149 2427 3195 et
2462 3149 2610 3205 rotae,
2642 3156 2761 3210 qua:
2791 3143 2871 3197 eis
2906 3142 3265 3203 adhaerebant,

117 3225 311 3281 Ἐλαιῶν
347 3231 410 3283 τὸ
468 3230 769 3283 κατέναντι
827 3227 1175 3297 Ἰερουσαλὴμ
1217 3228 1676 3297 προσκυνήσεως,ε

1747 3239 1800 3284 et
1826 3230 1994 3298 gloria
2028 3228 2119 3283 Dei
2148 3227 2311 3283 Israel
2342 3237 2456 3283 erat
2486 3243 2647 3297 super
2678 3230 2777 3291 eis,
2806 3237 2859 3283 et
2893 3230 3134 3283 ascendit
3156 3231 3271 3299 glo-

110 3314 216 3369 ῐνθα
246 3321 278 3388 η
302 3319 427 3383 δόξα
456 3318 680 3390 Κυρίου
724 3317 951 3387 μετέστη
996 3315 1352 3383 καταλείψασα
1381 3315 1477 3384 τὴν
1520 3332 1649 3387 προ-

112 3405 246 3475 τέραν
268 3410 435 3463 πόλιν.
469 3409 763 3477 Ἔστησαν
787 3407 841 3458 δὲ
873 3400 1084 3476 ἀληθῶς
1114 3405 1205 3457 καὶ
1236 3404 1369 3456 κατὰ
1395 3404 1488 3473 τὴν
1518 3404 1649 3475 πρό-

114 3510 264 3565 χειρον
298 3499 387 3551 καὶ
420 3499 603 3570 ῥητὴν
641 3497 892 3566 διήγησιν
928 3496 977 3545 οί
1004 3494 1158 3555 πόδες
1191 3493 1282 3545 τοῦ
1323 3494 1521 3563 Κυρίου
1558 3493 1649 3545 καὶ

115 3582 327 3656 Σωτῆρος
354 3588 541 3657 ἡμῶν,
575 3584 749 3639 αὑτοῦ
780 3584 844 3653 δὴ
870 3583 959 3635 τοῦ
985 3582 1175 3649 Λόγου,
1195 3581 1260 3633 δι’
1284 3577 1342 3634 οὗ
1374 3582 1652 3649 ἀνείληφεν

119 3671 416 3744 ἀνθρωπείου
486 3677 733 3746 σκήνους
785 3674 876 3725 ἐπὶ
922 3672 1012 3724 τοῦ
1051 3673 1210 3741 ὅρους
1251 3669 1354 3722 τῶν
1396 3670 1614 3723 Ἐλαιῶν
1634 3710 1648 3732 ,

121 3762 230 3830 πρὸς
266 3766 338 3835 τῷ
366 3767 561 3819 αὐτόθι
597 3763 935 3833 δεικνυμένῳ
972 3762 1246 3831 σπηλαίῳ,
1276 3759 1560 3829 εὐξαμένου
1593 3774 1651 3811 τε

123 3852 197 3901 καὶ
220 3857 321 3916 τοῖς
351 3855 551 3908 ἑαυτοῦ
585 3853 859 3925 μαθηταῖς
882 3854 971 3904 ἐπὶ
996 3852 1092 3920 τῆς
1117 3850 1418 3919 ἀκρωρείας
1439 3848 1653 3901 τοῦπτῶν

130 3934 318 3994 Ἐλαιῶν
384 3946 549 4015 ὄρους
602 3943 679 3995 τὰ
727 3943 853 4013 περὶ
902 3941 1000 4009 τῆς
1043 3939 1342 4000 συντελείας
1388 3940 1653 4008 μυστήρια

125 4032 548 4098 παραδεδωκότος,
586 4030 839 4085 ἐντεῦθέν
870 4047 926 4083 τε
954 4031 1051 4099 τὴν
1077 4032 1156 4091 είς
1192 4029 1444 4097 οὐρανοὺς
1474 4028 1652 4081 ἄνοδον

126 4124 468 4191 πεποιημένου,
499 4124 580 4186 ὡς
609 4124 641 4173 ὁ
668 4122 876 4181 Λουκᾶς
894 4121 952 4171 ὲν
974 4121 1090 4180 ταῖς
1109 4118 1360 4184 Πράξεσι
1375 4117 1488 4170 τῶν
1512 4119 1653 4171 ἀπο-

56 4250 59 4283 χ
127 4214 602 4280 mmmam,
619 4214 864 4283 φάσκωνο
888 4214 1220 4264 «Βλεπόντων
1236 4212 1406 4264 αὐτῶν
1426 4211 1651 4283 ἐπήρθη,

131 4302 202 4350 καὶ
234 4304 415 4374 νεφέλη
444 4305 730 4358 ὑπέλαϐεν
771 4303 929 4355 αὐτὸν
961 4303 1066 4354 ἀπὸ
1097 4301 1201 4353 τῶν
1244 4301 1525 4370 ὀφθαλμῶν
1562 4302 1654 4353 αὐ-

131 4383 233 4439 τῶν.
258 4392 358 4445 Καὶ
386 4394 463 4457 ὡς
494 4392 844 4456 ἀτενίζοντες
881 4388 1019 4461 ἦσαν
1061 4392 1139 4451 είς
1180 4390 1267 4441 τὸν
1313 4390 1531 4461 οὐρανὸν
1564 4403 1654 4442 πο-

1747 3320 1828 3372 ria
1870 3318 2076 3372 Domini
2107 3318 2171 3372 de
2210 3318 2385 3371 medio
2422 3317 2673 3375 civitatis.
2724 3325 2779 3368 et
2814 3316 2957 3369 stctit
2978 3317 3033 3369 in
3066 3324 3267 3378 monte,

1748 3411 1839 3479 qui
1875 3418 1957 3463 est
1998 3419 2178 3464 contra
2220 3407 2487 3461 civitatem
2508 3405 2575 3458 “.
2606 3422 2624 3453 ι
2654 3403 2806 3468 Quod
2848 3404 3062 3472 quidem
3114 3405 3272 3456 aliter

1750 3512 1960 3569 quoque
1991 3498 2115 3550 licet
2147 3496 2339 3549 intueri
2371 3494 2686 3561 completum
2715 3492 2778 3544 ad
2815 3493 3032 3545 verbum
3056 3493 3271 3559 quando

1749 3589 1906 3641 hodie
1933 3602 2143 3656 quoque
2166 3600 2372 3646 omnes,
2400 3585 2703 3653 quicunque
2728 3583 2929 3636 Christi
2959 3582 3269 3649 religionem

1750 3692 1870 3730 cum
1913 3676 2016 3729 fide
2053 3673 2403 3742 susceperint,
2434 3687 2500 3725 ex
2552 3670 2799 3724 omnibus
2846 3678 3003 3724 terra:
3031 3669 3273 3738 partibus

1750 3773 2095 3827 concurrunt,
2133 3778 2239 3816 non
2278 3769 2335 3813 ut
2362 3762 2628 3830 quondam
2660 3758 2808 3814 festa:
2834 3758 3109 3828 cujusdam
3140 3759 3271 3812 laeti-

1751 3858 1837 3909 tiae
1865 3856 2052 3925 gratia,
2081 3868 2198 3922 qua:
2236 3852 2288 3905 in
2313 3850 2606 3905 Jerusalem
2667 3849 2982 3913 celebretur,
3017 3863 3188 3917 neque
3214 3858 3273 3902 ut

1752 3945 1971 3998 adorent
1999 3944 2053 3997 in
2090 3959 2174 4004 eo,
2238 3942 2379 4011 quod
2419 3940 2545 3993 olim
2580 3939 2633 3991 iu
2673 3937 2966 3993 Jerusalem
3010 3939 3273 3992 constitu-

1750 4041 1862 4087 tum
1895 4033 2088 4093 fuerat,
2119 4029 2447 4092 sanctuario,
2489 4026 2579 4081 sed
2609 4036 2668 4079 ut
2694 4026 3032 4080 diversentur
3052 4039 3172 4079 cum
3204 4024 3272 4077 ad

1752 4122 2127 4177 sciscitandum
2163 4122 2229 4174 de
2257 4117 2647 4187 expugnatione
2704 4125 2760 4169 et
2795 4116 3081 4169 solitudine
3118 4113 3274 4167 Jeru-

1752 4213 1935 4274 salem,
1956 4225 2113 4279 quam
2140 4208 2419 4279 prophetia
2442 4205 2780 4275 praedixerat,
2801 4212 2917 4258 tum
2940 4212 2997 4256 ut
3021 4205 3076 4256 in
3095 4211 3273 4256 monte

1752 4298 2040 4365 Olivarum,
2074 4300 2163 4368 qui
2206 4306 2288 4352 est
2339 4304 2526 4350 contra
2558 4292 2874 4357 Jerusalem,
2908 4294 3148 4354 adorent,
3180 4291 3274 4345 ubi

1751 4390 1918 4459 gloria
1964 4388 2171 4442 Domini
2214 4393 2537 4441 commutata
2582 4392 2698 4447 est,
2741 4391 3025 4453 postquam
3081 4381 3278 4436 delevi

136 4480 381 4546 ρευομένου
409 4484 606 4546 αὑτοῦ,
629 4481 726 4535 καὶ
753 4482 860 4535 ίδοὺ
889 4482 1075 4552 ἄνδρες
1094 4481 1182 4533 δύο
1209 4481 1649 4551 παρειστήκεισαν

1752 4477 1983 4544 priorem
2012 4474 2300 4528 civitatem.
2334 4471 2470 4526 Vere
2489 4483 2665 4525 autem
2697 4479 2751 4526 et
2785 4470 3083 4525 secundum
3110 4483 3276 4538 expo-

133 4564 281 4630 ιύτοῖς
309 4573 362 4622 έν
386 4573 578 4643 ἐσθῆσι
612 4572 853 4635 λευκαῖς,
888 4572 937 4623 οἳ
965 4573 1058 4623 καὶ
1087 4567 1260 4622 εἷπον·
1296 4570 1515 4640 Ἀνδρες
1550 4570 1651 4620 Γα-

136 4649 324 4721 λιλαῖοι,
360 4662 412 4713 τί
467 4665 746 4733 ἑστήκατε
796 4660 1079 4729 βλέποντες
1125 4661 1202 4720 είς
1268 4659 1355 4710 τὸν
1397 4658 1651 4728 οὐρανόνς

1752 4565 1908 4619 sitam
1947 4573 2108 4632 atque
2155 4563 2222 4616 ad
2270 4562 2492 4617 verbum
2532 4571 2807 4631 acceptam
2858 4560 3273 4616 enarrationem.

1752 4652 1912 4721 pedes
1961 4650 2171 4704 Domini
2227 4658 2280 4705 et
2326 4651 2621 4706 Salvaturis
2680 4648 2888 4711 nostri,
2944 4648 3116 4715 ipsius
3172 4645 3279 4697 uti-

82 4762 85 4841 ll
309 4750 335 4800 ό
365 4752 609 4819 Ἰησοῦς,
658 4754 687 4803 ό
736 4748 1060 4819 ἀναληφθεὶς
1114 4748 1202 4815 αφ’
1252 4746 1398 4816 ὑμῶν
1444 4751 1521 4809 εἰς
1565 4747 1654 4799 τὸν

1743 4737 1853 4809 hue
1901 4739 1992 4793 Dei
2042 4738 2239 4802 Verbi,
2281 4756 2374 4809 per
2437 4740 2490 4794 id
2551 4740 2692 4809 quod
2743 4736 3042 4802 assumpsit
3089 4734 3279 4841 huma:

145 4827 349 4897 οὖθανδν.
376 4838 549 4903 οὕτως
582 4840 883 4899 ἐλεύσεται,
918 4839 977 4890 ὃν
1012 4838 1205 4908 τρόπον
1237 4836 1521 4889 ἐθεάσασθε
1554 4837 1651 4888 αὐ-

149 4916 218 4968 τὸν
240 4929 577 4998 πορευόμενον
614 4933 695 4993 είς
717 4930 808 4982 τὸν
839 4927 1081 4998 οὐρανόν.
1114 4945 1133 4977 ι
1167 4921 1260 4988 Οἷς
1293 4927 1532 4996 ἐπιφέρει
1561 4927 1653 4978 λέ-

153 5017 268 5068 γων-
288 5015 447 5068 ιτότε
475 5018 826 5088 ὑπέστρεψαν
858 5020 938 5080 είς
981 5004 1323 5085 Ἰερουσαλὴμ
1367 5016 1470 5067 ἀπὸ
1500 5016 1653 5085 ὅρους

100 5132 103 5199 Ὺ
251 5101 555 5173 καλουμένου
594 5107 911 5168 Ἐλαιῶνος,
941 5106 970 5157 ὃ
1000 5107 1114 5156 ἐστι
1145 5104 1424 5157 κατέναντι
1464 5104 1652 5173 Ἰερου-

104 5206 119 5269 ηη
166 5181 325 5269 Ῡφλὴιι.
351 5209 370 5240 ι
394 5195 547 5247 Ἔστι
607 5197 703 5266 μὲν
751 5192 845 5249 οὖν
873 5196 969 5247 καὶ
1012 5195 1144 5261 πρὸς
1190 5193 1331 5259 λέξιν
1383 5195 1656 5248 κατέναντι

112 5264 119 5399 1
182 5264 489 5365 ἿξΡωσαλὴμ,
657 5286 714 5351 ἐξ
752 5282 1024 5337 ἀνατολῶν
1066 5283 1229 5353 αὐτῆς
1254 5283 1316 5334 τὸ
1339 5281 1653 5350 δηλούμενον

177 5368 254 5399 των
283 5363 478 5399 'm-..-,-.
518 5373 644 5399 ιη,
702 5375 853 5399 πυ...
884 5368 1016 5399 ιδῃ.
1055 5370 1187 5399 ...αι
1229 5371 1324 5399 -.ιη
1370 5369 1595 5399 2.5.-.-“
1621 5375 1652 5399 ,ι

177 5363 254 5443 τῷ*
283 5363 478 5422 Ἐλαιῶν
516 5373 662 5443 ὅρος,
702 5375 853 5442 Πλὴν
882 5368 1017 5423 ἀλλὰ
1055 5370 1188 5422 κατὰ
1229 5371 1324 5438 τὴν
1370 5369 1595 5423 διάνοιαν
1621 5375 1653 5441 ἡ

193 5441 282 5507 ἁγία
314 5453 522 5523 Χριστοῦ
553 5441 853 5529 Ἐκκλησία
873 5496 889 5518 ,
939 5456 1033 5509 καὶ
1067 5457 1125 5507 τὸ
1161 5456 1280 5525 ὅρος
1322 5455 1406 5521 ἐφ’
1446 5449 1489 5520 ᾦ
1513 5457 1658 5509 τεθε-

138 5586 139 5591 η
195 5531 417 5620 Wet,
456 5551 580 5620 περὶ
633 5546 692 5604 οῖ,
724 5546 975 5600 διδάσκει
1025 5543 1189 5610 λέγων
1228 5545 1256 5595 ό
1284 5544 1499 5612 Σωτήρ*
1541 5561 1560 5594 ι
1587 5547 1658 5598 Οὐ

206 5612 360 5680 δύναται
382 5635 515 5699 πόλις
529 5612 812 5709 ’κρυβῆναι
835 5631 1024 5683 ἐπάνω
1046 5631 1195 5700 ὅρους
1216 5628 1435 5698 κειμένη
1455 5666 1471 5691 ,
1508 5648 1527 5680 ι
1545 5632 1662 5683 ἀντὶ

1752 4844 1877 4883 num
1938 4842 2131 4896 corpus
2155 4869 2170 4892 ,
2224 4829 2278 4880 in
2336 4838 2517 4882 monte
2573 4828 2845 4880 Olivarum
2891 4829 3163 4875 steterunt
3221 4819 3284 4869 ad

1753 4920 2056 4988 speluncam
2113 4932 2231 4985 quae
2271 4918 2345 4970 ibi
2398 4918 2607 4971 ostendi
2664 4914 2834 4973 solet,
2883 4918 2939 4963 et
2990 4924 3104 4977 quo
3158 4917 3293 4961 tem-

1754 5025 1883 5081 pore
1912 5010 2103 5070 oravit,
2146 5016 2200 5062 et
2247 5023 2368 5061 cum
2408 5008 2522 5061 suis
2558 5003 2842 5074 discipulis
2883 4999 2941 5051 in
2988 4998 3118 5063 ejus
3146 5011 3296 5048 mon-

1754 5104 1824 5158 tis
1862 5100 2171 5162 cacumine,
2231 5098 2484 5167 mysteria
2543 5096 2610 5149 de
2653 5087 3153 5148 consummatione
3200 5092 3308 5134 tra-

1754 5190 1888 5244 didit
1914 5208 1928 5242 :
1950 5202 2017 5242 ex
2055 5186 2238 5242 eodem
2264 5191 2522 5254 praterea
2547 5190 2729 5237 monte
2772 5180 2833 5231 in
2861 5174 3086 5230 calum
3130 5183 3316 5225 ascen-

1753 5281 1861 5340 dit,
1918 5275 2361 5347 quemadmodum
2408 5273 2581 5328 Lucas
2628 5272 2688 5325 in
2750 5267 2905 5321 Actis
2944 5261 3333 5347 apostolorum

1752 5337 2136 5437 ass-docet,
2182 5377 2304 5416 cum
2346 5362 2439 5428 ait,
2480 5363 2630 5416 illum
2662 5358 2751 5432 [in
2788 5361 2983 5408 monte
3015 5337 3346 5406 Olivaruml

1753 5455 2007 5525 apostolis
2038 5454 2154 5507 suis
2191 5460 2246 5506 et
2291 5454 2645 5521 praesentibus
2701 5456 2761 5504 et
2824 5437 3246 5525 intuentibus,
3272 5442 3362 5525 ξιι-

1752 5522 1965 5600 blimem
1996 5543 2210 5604 abiisse,
2244 5542 2490 5611 nubeqne
2506 5544 2572 5596 ab
2591 5538 2784 5595 oculis
2816 5545 3021 5588 eorum
3063 5522 3376 5611 sublatum

1756 5632 1944 5694 fuisse,
1981 5632 2235 5700 ipsosque
2271 5594 2492 5687 interius
2521 5628 2727 5691 oculis,
2767 5624 2880 5677 illo
2899 5622 2958 5674 in
2988 5612 3263 5670 emtum
3301 5594 3391 5648 alr

252 5771 287 5801 “
308 5775 441 5834 hom.
466 5798 532 5843 ιι,
563 5785 643 5838 Π.
723 5782 776 5812 ’⁸
798 5776 919 5830 Jer.
954 5792 1028 5837 xl,
1058 5775 1139 5830 l6.
1209 5777 1252 5807 θ’
1284 5773 1425 5828 Psal.
1472 5790 1543 5839 ιι,
1572 5777 1654 5829 10.

1743 5778 1772 5810 ’⁸
1793 5778 1982 5832 Ezecb.
2011 5794 2085 5842 xu,
2115 5777 2204 5841 92,
2224 5776 2315 5832 ‘25.
2566 5803 2669 5835 ηε..

443 5878 695 5940 Ρηιιοι.
746 5875 875 5933 Gn.
914 5869 1119 5938 XXII.

3002 5852 3085 5914 15
