3738 6272
162 352 245 413 «ίῦΙ
986 360 1619 420 DEMONSTRATIONIS
1651 351 2098 421 EVANGELICE
2127 355 2264 423 LIB.
2297 365 2385 424 Vl.

3177 381 3283 437 ιοε

161 469 578 542 ἑμφραχθήσεται.
614 488 635 524 ι
686 470 822 527 ’Δνθ’
860 467 934 528 ὧν
977 479 1007 530 ὁ
1034 477 1321 549 Σύμμαχος
1364 480 1639 551 πεποίηκε

1755 481 1837 536 hae
1864 484 2022 535 erunt
2049 490 2166 547 quae
2185 479 2300 550 jam
2344 484 2411 538 ad
2448 485 2704 541 malitiam
2740 491 3005 558 pertinent
3038 510 3052 548 :
3087 511 3108 544 ι
3133 496 3180 549 Δ
3209 497 3291 551 fa-

162 574 183 612 t
207 558 299 612 Καὶ
316 558 741 630 ἑμφραχθήσεται
760 564 794 632 ή
823 562 1035 634 φάραγξ
1060 567 1167 618 τῶν
1192 568 1356 638 ὀρέων
1378 586 1497 638 μου,
1527 588 1546 620 ι
1568 570 1660 623 καὶ

158 649 223 705 ὅτι
241 666 258 700 ι
278 652 436 717 ἑγγιεῖ
450 669 468 700 ι
494 652 529 720 ἠ
545 650 763 721 φάραγξ
775 651 878 705 τῶν
903 654 1073 724 ὀρέων
1098 656 1230 726 πρὸς
1247 658 1307 710 τὸ
1326 659 1658 730 παρακείμε-

158 753 248 802 νον,
271 756 287 789 ι
305 738 391 791 καὶ
402 739 839 812 έμφραχθήσεται
853 759 865 771 ⁸
894 762 912 792 ι
931 743 998 796 δι’
1020 738 1093 797 ὧν
1117 747 1404 817 παρίστησι
1418 749 1477 801 τὸ
1492 749 1658 803 αἴτιον

154 828 233 899 τῆς
254 828 636 901 ἐμφραχθείσης
675 833 971 904 φάραγγος.
1009 838 1073 888 Τί
1107 835 1253 908 δὲῆν
1284 840 1438 893 τοῦτο
1478 842 1590 894 ἀλλ’
1621 843 1654 914 ἢ

152 916 205 970 τὸ
239 917 427 985 ἐγγίσαι
468 920 639 989 αὐτὴν
691 922 786 975 καὶ⁸
830 924 1119 993 πλησιάσαι
1162 928 1237 997 τῷ
1280 932 1656 1002 παρακειμένῳ

150 1007 295 1077 αὐτῇς
317 1006 461 1060 τοῦτο
486 1006 543 1062 δὲ
566 1004 637 1079 ἦν
662 1011 727 1063 τὸ
751 1011 843 1063 τοῦ
864 1015 1066 1084 Κυρίου
1086 1016 1209 1087 ὅρος
1229 1018 1288 1070 τὸ
1304 1020 1408 1072 τῶν
1437 1021 1655 1075 Ἐλαιῶν

152 1097 591 1167 προωνομασμένον
614 1138 635 1164 ,
693 1102 826 1174 ὅπερ
889 1104 1104 1171 Ἀσαὴλ
1148 1107 1455 1177 ὠνόμασται
1507 1112 1654 1183 παρὰ

145 1190 241 1249 τοῖς
260 1187 649 1257 Ἑϐδομήκοντα.
675 1191 838 1260 Δηλοῖ
851 1192 906 1245 δὲ
928 1194 1082 1247 τοῦτο
1103 1197 1240 1248 κατὰ
1264 1198 1360 1268 τὴν
1395 1199 1653 1273 Ἐϐραίων

147 1276 298 1345 φωνὴν
332 1278 567 1343 ποίησιν
610 1279 783 1333 Θεοῦ.
824 1282 978 1335 Οῦτω
1018 1284 1074 1337 δὲ
1095 1325 1110 1347 ,
1159 1287 1407 1358 φησὶν,ἡ
1456 1290 1653 1342 παλαιὰ

145 1366 323 1436 φάραγξ
343 1367 682 1438 πλησιάσασα
706 1371 785 1441 τῷ
808 1373 942 1443 ὄρει,
974 1376 1065 1427 καὶ
1082 1379 1144 1445 τῇ
1168 1378 1396 1447 Χριστοῦ
1433 1381 1654 1449 Ἐκκλη-

146 1457 251 1527 σία,
278 1457 346 1523 τῷ
386 1475 443 1510 τε
494 1462 763 1530 ποιήματι
828 1462 962 1516 Θεοῦ
992 1504 1006 1527 ,
1074 1467 1511 1536 ὲμφραχθήσεται
1560 1473 1649 1523 καὶ

142 1549 599 1619 ἀποκλεισθήσεται,
631 1552 693 1604 ὃν
718 1555 918 1624 τρόπον
945 1557 1213 1627 ὲνεφράγη
1232 1558 1336 1610 ἀπὸ
1364 1559 1648 1630 προσώπου

140 1637 216 1688 τοῦ
251 1639 481 1708 σεισμοῦ,
522 1642 588 1694 ἐν
632 1643 871 1714 ἡμέραις
931 1645 1099 1710 ὀζίου
1155 1646 1412 1715 βασιλέως
1464 1651 1644 1704 Ἰούδα.

142 1727 294 1796 Ζητῶν
318 1728 370 1781 δὲ
398 1732 524 1801 παρ’
550 1732 805 1801 ἐμαυτῷ,
835 1734 924 1787 καὶ
955 1734 1053 1797 τὰς
1079 1735 1226 1799 θείας
1257 1737 1477 1808 περιῖὼν
1511 1740 1649 1810 Γρα-

140 1819 241 1884 φάςν
266 1819 313 1870 εἷ
344 1837 466 1872 ποτε
504 1821 565 1873 ἓν
592 1825 718 1884 ταῖς
752 1823 985 1894 ἡμέραις
1024 1823 1194 1889 Ὸζίου
1235 1828 1268 1897 ἡ
1305 1826 1530 1881 ἐνταῦθα
1555 1829 1646 1899 δη-

140 1907 329 1981 λουμένη
356 1910 567 1982 φάραγξ
604 1913 885 1984 ἐνεφράγη
932 1915 1040 1967 ἀπὸ
1079 1916 1362 1987 προσώπου
1401 1917 1494 1970 τοῦ
1540 1936 1647 1972 σει-

141 1999 267 2067 σμοῦ,
287 2000 338 2053 ἐν
361 2001 455 2070 μὲν
476 2002 596 2064 ταῖς
610 2003 722 2056 τῶν
754 2004 1086 2057 Βασιλειῶν
1102 2007 1355 2078 ἱστορίαις
1380 2008 1526 2062 οὐδὲν
1553 2009 1648 2079 ηὖ-

142 2102 305 2158 ρισκον,
330 2089 444 2142 οὐδὲ
475 2091 807 2161 σωματικῶς
835 2109 898 2160 γε
922 2097 1041 2145 κατ’
1071 2094 1229 2147 αὐτὸν
1254 2096 1469 2165 σεισμὸς
1499 2114 1647 2165 γεγο-

139 2176 236 2242 νιῖις,
262 2179 370 2233 οὔτε
398 2198 449 2234 τι
473 2182 688 2235 τοιοῦτο
717 2183 843 2252 περὶ
886 2183 1165 2254 φάραγγος
1190 2187 1247 2238 ἐν
1285 2188 1467 2251 αὑταῖς
1494 2190 1644 2259 εἰρη-

140 2268 265 2337 μένον
303 2271 727 2344 ἀναγέγραπται.
785 2274 1095 2343 ’ἱστορεῖται
1127 2291 1191 2342 γε
1226 2275 1328 2346 μὴν
1368 2278 1544 2341 Ὀζίας
1587 2280 1644 2330 ἐν

138 2359 291 2430 ἀρχαῖς
308 2362 504 2426 δίκαιος
531 2365 842 2432 γεγονέναι,
872 2362 990 2419 εἶτα
1013 2365 1354 2437 διαϐέϐληται
1376 2366 1451 2431 ὼς
1473 2370 1641 2438 ἐπαρ-

135 2447 225 2512 θεὶς
244 2453 301 2521 τῇ
328 2451 544 2524 διανοίᾳ,
586 2454 681 2507 καὶ
708 2454 776 2506 δι’
814 2454 979 2508 αὐτοῦ
1015 2455 1170 2508 θῦσαι
1200 2457 1276 2527 τῷ
1302 2457 1420 2527 Θεῷ
1446 2457 1642 2529 τολμή-

137 2556 227 2603 σας.
249 2543 327 2595 Διὸ
351 2545 436 2596 καὶ
454 2544 666 2614 λέπραν
698 2543 848 2612 αὐτῷ
874 2545 1016 2598 κατὰ
1040 2544 1132 2598 τοῦ
1168 2545 1452 2616 προσώπου
1481 2547 1643 2617 ἀνθῆ-

137 2645 219 2683 σαι.
245 2631 395 2685 Τοῦτο
421 2634 518 2703 μὲν
541 2631 636 2687 οῦν
660 2636 696 2704 ἡ
722 2633 896 2703 βίῦλος
912 2635 1020 2688 τῶν
1041 2635 1363 2689 Βασιλειῶν
1378 2638 1639 2709 παρίστη-

138 2739 215 2775 σιν.
246 2724 297 2776 '0
334 2724 388 2776 δέ
420 2741 482 2792 γε
526 2724 802 2796 Ἰώσηπος
841 2725 934 2778 καὶ
972 2724 1069 2787 τὰς
1116 2724 1308 2788 ἔξωθεν
1353 2727 1640 2792 Ἰουδαϊκὰς

135 2811 427 2884 δεντερώσεις
449 2812 881 2884 ἀπηκριϐωκὼς,
914 2815 1007 2867 ἆτε
1037 2814 1275 2885 Ἐϐραῖος
1296 2814 1353 2881 ἐξ
1383 2816 1640 2886 Ἐϐραίων

133 2904 381 2971 τυγχάνων,
408 2905 716 2959 ἐπάκουσον
745 2901 834 2957 οἷσι
876 2904 1124 2972 γενέσθαι
1155 2905 1293 2958 κατὰ
1323 2906 1448 2969 τοὺς
1475 2906 1636 2960 αὑτοῦ

132 2991 248 3062 δηλοῖ
273 2995 502 3065 χρόνους,
531 2996 735 3063 λέγων,
778 2994 854 3058 ὡς
881 2995 989 3062 ἄρα
1027 3013 1045 3045 ι
1086 2995 1523 3063 Κατεπειγὸντων
1550 2997 1637 3049 τὸν

139 3082 283 3147 Ὁζίαν
309 3086 410 3138 τῶν
446 3087 640 3158 ἱερέων
674 3085 879 3149 ἐξιέναι
911 3085 1004 3139 τοῦ
1033 3086 1194 3157 ἱεροῦ,
1231 3089 1320 3139 καὶ
1360 3088 1433 3158 μὴ
1466 3104 1639 3158 παρα-

130 3177 276 3243 νομεῖν
310 3178 382 3239 εἰς
404 3179 492 3229 τδν
517 3177 673 3242 Θεὸν,
713 3176 986 3247 ὀργισθεὶς
1018 3178 1303 3247 ἠπείλησεν
1333 3179 1510 3240 αὐτοῖς
1541 3178 1637 3231 θά-

126 3279 268 3331 vam,
297 3269 340 3320 εί
377 3268 450 3339 μὴ
488 3269 590 3340 τὴν
632 3268 867 3338 ἡσυχίαν
911 3266 1145 3331 ἄξουσιν.
1185 3269 1401 3334 Μεταξὺ
1436 3269 1494 3321 δὲ
1534 3286 1639 3322 σει-

129 3351 234 3420 σμὸς
254 3353 489 3427 ἐκλόνησε
539 3355 642 3426 τὴν
678 3356 784 3424 γῆν
807 3371 823 3383 '
868 3354 961 3406 καὶ
1006 3353 1312 3418 διαστάντος
1352 3354 1443 3407 τοῦ
1488 3355 1636 3418 ναοῦ,

124 3438 284 3507 φέγγος
306 3441 546 3514 λαμπρὸν
578 3442 878 3512 ἐξέλαμψε,
902 3443 993 3495 καὶ
1019 3445 1082 3513 τῇ
1111 3443 1202 3496 τοῦ
1234 3442 1489 3513 βασιλέως
1520 3446 1636 3513 ὄψει

127 3532 426 3599 προσέπεσεν,
470 3536 548 3597 ώς
578 3534 662 3606 τῷ
702 3533 800 3602 μὲν
831 3533 1029 3596 εὐθέως
1058 3533 1262 3604 λέπραν
1302 3534 1634 3604 ἐπιδραμεῖν,

124 3620 203 3687 πρὸ
229 3621 277 3675 δὲ
310 3625 403 3696 τῆς
441 3625 659 3689 πόλεως
694 3623 834 3695 πρὸς
854 3626 917 3695 τῇ
953 3623 1258 3695 καλουμένῃ
1300 3624 1518 3693 Ἐρωγῇ
1543 3627 1635 3679 τοῦ

122 3706 245 3777 ὄρους
273 3714 652 3785 ἀπορραγῆναι
686 3714 750 3766 τὸ
789 3714 957 3784 ἥμισυ
1004 3713 1096 3765 τοῦ
1146 3714 1284 3765 κατὰ
1331 3714 1427 3784 τὴν
1467 3714 1631 3776 δύσιν,

117 3797 188 3850 καὶ
218 3801 448 3856 κυλισθὲν
488 3804 777 3872 τέσσαρας
813 3802 1052 3864 σταδίους
1094 3802 1185 3853 ἐπὶ
1224 3801 1283 3853 τὸ
1328 3803 1635 3857 ἀνατολικὸν

117 3884 211 3956 ὅρος
244 3892 442 3961 στῆναι,
470 3893 549 3956 ὼς
586 3893 694 3955 τὰς
735 3909 793 3945 τε
826 3892 1085 3963 παρόδους
1114 3890 1507 3961 ἐμφραχθῆναι,
1542 3893 1632 3945 καὶ

112 3977 210 4040 τοὺς
236 3982 588 4052 παραδείσους
614 3982 746 4043 τοὺς
772 3979 1091 4051 βασιλικούς.
1128 3999 1147 4030 ι
1187 3980 1369 4032 Ταῦτά
1410 3997 1496 4049 μοι
1527 3982 1631 4034 ἀπὸ

110 4064 183 4115 τοῦ
219 4071 644 4142 συγγράμματος
689 4068 790 4138 τῆς
837 4068 1094 4139 Ἰωσήπου
1143 4067 1460 4134 Ἰουδαϊκῆς
1506 4069 1631 4135 Ἀρ-

106 4159 412 4228 χαιολοτίας
450 4159 684 4214 κείσθω.
721 4158 831 4211 Καὶ
871 4159 927 4209 ὲν
955 4157 1032 4226 τῷ
1072 4158 1321 4228 προφήτῃ
1360 4157 1414 4209 δὲ
1458 4158 1633 4225 Ἀμὼς

104 4327 207 4395 ξατο
228 4338 585 4410 προφητεύειν
614 4339 676 4390 ὲν
697 4337 928 4407 ἡμέραις
968 4335 1142 4398 Ὀζίου
1176 4335 1431 4404 βασιλέως
1465 4336 1632 4388 Ἰούδα

98 4422 455 4490 πρὶῆτιτῶν
486 4426 743 4496 σεισμοῦ.
780 4425 939 4478 Ποίου
969 4425 1023 4477 δὲ
1055 4426 1296 4494 σεισμοῦ,
1322 4426 1500 4478 οὐκέτι
1531 4442 1628 4478 σα-

1757 571 1857 633 cie,
1896 568 2086 639 inquit,
2126 572 2396 639 aquilonis
2418 574 2774 629 accendentur
2806 579 2944 631 mala
2980 595 3143 650 super
3181 598 3293 636 om-

1757 675 1854 714 nes
1880 659 2183 715 habitantes
2214 670 2410 716 terram
2434 664 2501 727 ”,
2540 682 2558 714 ι
2596 672 2649 718 et
2673 665 2837 720 draco
2858 667 2910 722 in
2936 671 3072 724 mari
3105 672 3287 727 diver-
3318 730 3321 735 ι

1756 749 1864 803 sari
1895 750 2111 805 dicitur.
2164 750 2502 821 Quapropter
2554 755 2747 809 merito
2793 757 2880 811 hic
2923 775 3137 831 quoque
3180 764 3289 818 duo

1754 854 1943 895 rursus
1970 856 2163 910 genera
2194 842 2563 912 intelliguntur
2584 859 2792 911 eorum,
2830 848 2921 915 qui
2951 849 3019 905 ab
3047 852 3285 907 Ecclesia
3321 870 3330 911 ι

1754 928 2043 989 declinant,
2072 946 2235 984 unum
2269 946 2453 985 eorum
2488 931 2579 1001 qui
2607 934 2660 986 in
2691 933 2800 987 vita
2830 943 2885 989 et
2908 939 3148 994 moribus
3168 957 3287 1010 pec-

1753 1025 1910 1080 cant,
1975 1019 2201 1072 alterum
2248 1035 2431 1074 eorum
2484 1021 2573 1089 qui
2618 1036 2647 1074 a
2683 1036 2814 1076 sana
2869 1034 2921 1078 et
2967 1034 3111 1080 recta
3155 1045 3282 1083 scu-

1702 1138 1713 1153 ι
1753 1106 1918 1159 tentia
1964 1107 2236 1170 labuntur,
2292 1116 2351 1162 ut
2377 1109 2487 1177 jam
2524 1110 2716 1165 Oliveti
2771 1111 2932 1181 hujus
2973 1117 3187 1180 montis,
3217 1118 3284 1173 de

1751 1209 1859 1263 quo
1890 1210 2064 1250 sermo
2086 1205 2190 1262 est,
2215 1199 2294 1253 hae
2320 1200 2439 1253 dua!
2459 1201 2588 1265 sint,
2616 1217 2735 1271 quae
2758 1217 2788 1256 a
2817 1205 3094 1273 prophetia
3117 1208 3283 1277 signi-

1751 1284 1995 1348 ﬁcantur,
2030 1289 2415 1356 separationes.
2467 1289 2561 1347 His
2606 1291 2798 1347 deinde
2840 1293 3084 1365 adjungit
3128 1316 3189 1351 τι
3220 1298 3284 1354 Et

1748 1377 2087 1431 obturabitur
2115 1379 2270 1433 vallis
2299 1381 2558 1434 montium
2586 1396 2848 1446 meorum,
2872 1395 2924 1439 et
2943 1387 3283 1457 conglutina-

1748 1465 1894 1518 bitur
1932 1467 2191 1521 convallis
2214 1470 2492 1535 montium,
2527 1466 2696 1540 iisque
2714 1471 2782 1526 ad
2811 1472 2970 1528 Asael
3002 1493 3016 1528 :
3048 1482 3101 1530 et
3126 1480 3283 1530 obtu-

1748 1554 1953 1608 rabitur
1992 1557 2438 1624 quemadmodum
2471 1559 2718 1612 obturata
2750 1568 2835 1616 est
2882 1577 2912 1614 a
2934 1562 3069 1619 facie
3092 1573 3279 1619 terrae—

1744 1652 1944 1709 motus,
1975 1647 2033 1702 in
2059 1647 2251 1703 diebus
2281 1648 2423 1703 Oziaa
2453 1651 2594 1720 regis
2622 1650 2779 1705 Juda.
2809 1672 2827 1704 ι
2863 1653 2930 1707 At
2951 1655 3092 1709 enim
3118 1657 3170 1709 in
3195 1656 3279 1711 his

1743 1733 1944 1795 verbis,
1980 1750 2100 1804 quae
2148 1736 2365 1790 tandem
2407 1753 2528 1793 esse
2585 1747 2758 1808 potest
2808 1742 2963 1797 vallis
3015 1746 3277 1799 montium

1674 1811 1722 1871 Β
1745 1820 1860 1885 Dei,
1885 1824 1989 1877 nisi
2019 1840 2139 1892 quae
2161 1826 2286 1879 olim
2318 1834 2470 1881 antea
2487 1828 2862 1884 celebrabatur
2894 1847 2958 1886 ex
2992 1833 3107 1901 lege
3132 1833 3278 1906 Moy-

1747 1911 1823 1966 sis
1856 1911 1911 1965 in
1943 1912 2302 1978 Hierusalem,
2350 1917 2647 1983 corporalis
2673 1929 2726 1971 et
2749 1916 2970 1973 Iudaica
2999 1921 3274 1977 adoratioi

1743 2014 1905 2069 quam
1936 2002 2149 2071 quidem
2181 2004 2458 2057 occlusum
2484 2006 2570 2069 iri,
2604 2008 2757 2076 quasi
2781 2008 3123 2064 ohturatione
3141 2028 3277 2081 qua-

1743 2085 1890 2150 dam,
1919 2103 2157 2157 praesens
2183 2091 2460 2145 oraculum
2491 2093 2654 2156 canit,
2684 2095 2868 2151 dicens
2904 2115 2916 2149 :
2958 2115 2979 2147 α
3024 2099 3091 2152 Et
3117 2100 3301 2154 obtuo‘

1743 2178 1951 2232 rabitur
1976 2180 2130 2235 vallis
2152 2184 2413 2235 montium
2449 2198 2712 2250 meorum,
2737 2195 2791 2240 et
2813 2188 3261 2257 conglutinabitut

1741 2267 2000 2322 convallis
2046 2269 2331 2332 montium,
2378 2285 2548 2339 usque
2589 2272 2656 2326 ad
2698 2274 2876 2337 Asael,
2916 2284 2970 2330 et
2996 2277 3273 2335 obturahi-

1741 2363 1849 2411 tur.
1884 2375 1903 2408 ι
1937 2356 2041 2412 Pro
2058 2359 2254 2429 quibus
2278 2361 2455 2415 verbis
2479 2360 2830 2432 Symmachus
2859 2366 3088 2421 reddidit
3111 2368 3259 2425 haec:

1746 2463 1767 2496 ι
1804 2446 1869 2499 Et
1890 2447 2230 2502 obturabitur
2250 2450 2407 2505 vallis
2434 2452 2695 2504 montium
2727 2468 2987 2517 meorum,
3021 2476 3040 2508 ι
3062 2464 3115 2511 et
3133 2474 3273 2528 pra:-

1741 2541 1887 2589 terca
1923 2553 1942 2586 ι
1974 2538 2424 2609 appr0pinquabit
2459 2558 2478 2589 ι
2522 2540 2780 2594 convallis
2805 2543 3085 2608 montium,
3121 2546 3187 2601 ad
3216 2547 3270 2601 id

1739 2623 1884 2692 quod
1919 2626 2222 2694 appositum
2266 2633 2348 2682 est
2402 2644 2421 2676 ‹
2466 2635 2521 2682 et
2554 2628 2915 2694 obturabitur,
2958 2651 2976 2683 ι
3011 2635 3099 2689 ubi
3139 2651 3270 2691 sane

1737 2727 1957 2767 causam
2002 2714 2223 2777 indicat,
2274 2730 2373 2770 cur
2415 2717 2660 2771 obturata
2705 2717 2775 2771 sit
2817 2720 3093 2775 convallis.
3140 2720 3271 2789 Quae

1739 2818 1900 2872 porro
1926 2805 2038 2859 haec
2066 2805 2190 2869 alia,
2236 2822 2397 2876 quam
2422 2823 2540 2862 eam
2570 2810 2996 2880 apprOpinquare
3037 2819 3092 2867 et
3138 2814 3271 2869 vici-

1736 2909 1859 2947 nam
1891 2894 2005 2950 ﬁeri
2031 2896 2101 2961 ei,
2139 2898 2283 2966 quod
2321 2898 2425 2968 ipsi
2462 2902 2762 2971 appositum
2799 2905 2916 2959 est?
2950 2903 3049 2959 Hic
3089 2916 3267 2961 autem

1735 2990 1817 3038 est
1850 3000 2007 3041 mons
2046 2985 2277 3051 Domini,
2308 2990 2400 3058 qui
2431 2988 2705 3046 Olivarum
2735 3003 2889 3048 antea
2919 3003 3002 3049 est
3038 2984 3270 3067 appella-

1738 3080 1847 3136 tus,
1871 3075 2070 3144 q'uique
2098 3075 2256 3129 Asael
2286 3076 2463 3132 dictus
2505 3079 2572 3134 ab
2608 3080 2738 3150 ipsis
2778 3081 3144 3154 Septuaginta.
3186 3084 3271 3139 Si-

1738 3168 1954 3238 gniﬁcat
1979 3183 2107 3223 vero
2128 3170 2266 3238 apud
2296 3169 2546 3226 Hebraeos
2566 3189 2629 3228 ea
2650 3190 2751 3228 vox
2781 3190 2905 3238 opus
2928 3176 3043 3229 Dei.
3076 3176 3163 3230 Sic
3179 3193 3272 3232 ve-

1737 3271 1819 3319 ro,
1850 3257 2042 3325 inquit,
2066 3268 2222 3311 vetus
2251 3259 2510 3313 convallis
2553 3263 2719 3314 monti
2749 3265 3186 3334 appropinquans
3216 3273 3270 3319 et

1735 3343 1936 3398 Christi
1979 3343 2251 3409 Ecclesiae,
2290 3354 2451 3416 atque
2486 3350 2636 3418 operi
2668 3349 2782 3414 Dei,
2823 3354 3166 3409 obturabitur
3214 3365 3270 3409 et

1734 3434 2065 3497 occludetnr,
2087 3437 2537 3505 quemadmodum
2557 3440 2806 3494 obturata
2833 3452 2915 3497 est
2939 3459 2969 3496 a
3003 3444 3138 3499 facie
3159 3454 3267 3499 ter-

1734 3531 1984 3578 rmmotus
2004 3524 2059 3578 in
2080 3526 2269 3580 diebus
2287 3524 2427 3580 Oziaa
2448 3530 2588 3597 regis
2613 3528 2642 3583 J
2648 3529 2769 3585 uda.
2800 3530 2954 3600 291
2988 3531 3120 3584 Cum
3140 3547 3267 3585 vero

1732 3609 1824 3663 diu
1844 3612 1983 3679 apud
2011 3613 2270 3680 meipsum
2292 3615 2624 3682 quzesierim,
2646 3624 2699 3669 et
2726 3616 2940 3669 divinas
2959 3615 3266 3687 Scripturas

1732 3701 2108 3768 percurrerim,
2142 3710 2200 3755 ut
2229 3702 2521 3758 invenirem
2554 3704 2602 3759 si
2636 3705 2853 3774 quando
2880 3721 2942 3760 ea
2981 3709 3263 3770 convallis.

1731 3791 1797 3846 de
1820 3806 1925 3861 qua
1949 3792 2037 3846 hic
2056 3808 2231 3848 sermo
2249 3802 2351 3856 est,
2391 3795 2446 3848 in
2473 3795 2664 3850 diebus
2691 3795 2831 3851 Ozite
2857 3797 3108 3851 obturata
3137 3800 3207 3854 sit
3234 3816 3265 3855 a

1732 3881 1867 3938 facie
1897 3891 2263 3948 terraemotus,
2296 3886 2349 3939 in
2378 3884 2668 3953 Regnorum
2697 3887 2937 3943 historiis
2972 3889 3104 3943 nihil
3136 3905 3265 3945 sane

1731 3973 1950 4027 inveni:
1984 3989 2106 4027 nam
2157 3990 2328 4045 neque
2375 3984 2735 4031 terraemotum
2784 3978 2890 4032 illis
2933 3980 3265 4048 temporibus

1731 4060 1896 4113 ullum
1923 4076 1989 4115 ex
2019 4062 2085 4116 iis
2117 4062 2207 4131 qui
2241 4063 2398 4118 terris
2430 4073 2483 4119 et
2505 4065 2814 4135 regionibus
2844 4066 3020 4120 solent
3048 4067 3264 4121 accide-

1730 4166 1808 4213 re,
1841 4166 2013 4221 neque
2059 4152 2203 4205 aliud
2251 4153 2521 4222 quippiam
2577 4156 2679 4209 tale
2712 4157 2778 4210 de
2813 4157 3054 4211 convalle
3084 4158 3266 4227 aliqua

1731 4241 1928 4296 factum
1955 4257 2095 4306 esse,
2127 4245 2180 4295 in
2220 4244 2325 4297 illis
2357 4244 2617 4314 scriptum
2645 4255 2726 4301 cst
2765 4265 2778 4300 :
2807 4258 3061 4300 narratur
3083 4254 3261 4302 autem

1727 4331 2174 4401 quemadmodum
2221 4331 2379 4387 Ozias
2429 4334 2584 4388 initio
2632 4335 2813 4403 justus
2860 4335 3039 4402 fuerit,
3070 4337 3264 4393 deinde

1727 4419 1907 4473 animo
1939 4419 2203 4483 sublatus,
2233 4436 2327 4489 per
2356 4422 2590 4490 seipsum
2624 4422 2731 4477 Deo
2760 4423 3066 4485 sacriﬁcare
3095 4439 3262 4480 ausus

101 4509 196 4576 φῶς
223 4514 473 4586 ἐπιλέγει.
519 4513 696 4585 Οἶμαι
744 4515 801 4568 δὲ
842 4513 933 4566 τὸν
975 4514 1136 4566 αὑτὸν
1176 4515 1454 4585 προφήτην
1497 4530 1627 4585 προ-

1737 4508 1796 4561 sit
1829 4525 1842 4560 :
1881 4523 2049 4576 quare
2095 4510 2161 4564 de
2208 4510 2354 4564 illius
2384 4510 2520 4565 facie
2552 4512 2751 4582 lepram
2791 4512 3110 4579 efﬂoruisse,
3157 4513 3263 4567 hoc

98 4598 221 4653 ‘téwa
246 4603 333 4656 τὸν
358 4604 589 4676 σεισμὸν
619 4604 957 4675 ὑπογράφειν
994 4604 1051 4654 ὲν
1078 4597 1157 4664 οἷς
1188 4619 1346 4674 φησιν
1367 4621 1382 4634 ’
1426 4621 1446 4653 ι
1477 4600 1626 4656 Εἶδον

101 4687 173 4738 τὸν
189 4691 372 4765 Κύριον
396 4693 692 4763 ἐφεστῶτα
712 4694 804 4745 ἐπὶ
823 4692 916 4745 τοῦ
936 4690 1333 4762 θυσιαστηρίου.
1360 4692 1453 4746 καὶ
1474 4688 1589 4745 εἷπε
1608 4709 1621 4723 ·

103 4774 309 4845 usus.»
369 4784 464 4835 ἐπὶ
516 4783 585 4835 τὺ
623 4781 1026 4852 θυσιαστήριον,
1055 4780 1147 4832 καὶ
1191 4780 1528 4851 σεισθήσεται
1556 4781 1625 4834 τὰ

1728 4595 1942 4666 quidem
1978 4598 2033 4651 in
2075 4597 2368 4669 Regnorum
2416 4602 2566 4656 libris
2610 4602 2934 4656 continetur.
2985 4602 3055 4654 At
3106 4601 3262 4656 Iose-

1727 4686 1887 4754 phus,
1916 4693 2172 4753 praeterea
2196 4704 2315 4757 qua;
2360 4690 2415 4743 in
2460 4692 2630 4746 sacris
2677 4690 2829 4745 libris
2868 4692 3064 4758 scripta
3110 4699 3256 4755 sunt,

1728 4776 1887 4830 etiam
1917 4789 1978 4828 ea
1998 4791 2117 4844 quae
2136 4778 2481 4843 intrinsecus,
2507 4780 2659 4849 quasi
2687 4779 2922 4834 secundo
2956 4774 3093 4837 loco,
3117 4782 3260 4848 apud

103 4867 342 4934 πρόπυλαο
392 4873 488 4926 καὶ
534 4871 792 4940 διάκοψον
839 4872 919 4932 είς
967 4868 1204 4938 κεφαλὰς
1248 4870 1485 4931 πάντων,
1534 4871 1628 4923 καὶ

1737 4863 1934 4919 Iudaeos
1964 4865 2248 4929 habentur,
2284 4882 2492 4922 summa
2514 4868 2786 4937 diligentia
2817 4875 3150 4932 persecutus,
3174 4886 3262 4924 ut—

102 4956 206 5019 τοὺς
231 4961 586 5025 καταλοίπους
622 4961 787 5030 αὐτῆς
819 4962 880 5012 έν
901 4959 1140 5029 ῥομφαίᾳ
1166 4957 1459 5010 ἀποκτενῶ.
1494 4977 1512 5007 ›
1550 4960 1627 5010 Δι’

110 5034 164 5093 IN
188 5047 409 5118 ἡγοῦμαι
448 5046 804 5112 θεσπίξεσθαι
852 5047 948 5099 τὸν
987 5045 1220 5114 σεισμὸν,
1266 5046 1358 5097 καὶ
1406 5043 1502 5113 τὴν
1539 5062 1629 5098 κα-

112 5126 314 5201 )αίρεσιν
344 5136 453 5190 τῶν
500 5137 671 5189 πάλαι
715 5133 931 5203 σεμνῶν
970 5130 1063 5183 τοῦ
1118 5131 1377 5183 Ἰουδαίων
1426 5130 1626 5196 ἔθνους.

115 5220 182 5270 ια).
206 5223 291 5290 τῆς
316 5225 733 5297 ἐπιτελουμένης
766 5223 860 5276 ὑπ’
900 5219 1081 5273 αὐτῶν
1109 5221 1165 5272 ὲν
1186 5223 1249 5289 τῇ
1287 5221 1626 5292 Ἰερουσαλὴμ

117 5304 380 5380 δρηπείας,
412 5317 511 5386 τήν
564 5330 627 5367 τε
670 5313 951 5367 ἀπώλειαν
1004 5308 1098 5378 τήν
1150 5307 1496 5376 μετελθοῦσαν
1531 5312 1627 5362 αὺ-

122 5398 211 5460 τοὺς
251 5403 377 5469 μετά
404 5404 502 5473 τὴν
545 5401 642 5455 τοῦ
683 5401 943 5469 Σωτῆρος
989 5395 1141 5465 ἡμῶν
1172 5396 1481 5465 παρουσίαν.
1510 5399 1621 5465 ὅτε,

125 5492 559 5561 πρατησαμένων
602 5488 774 5543 αὐτῶν
817 5486 918 5537 τὸν
960 5481 1193 5553 Χριστὸν
1233 5481 1327 5535 τοῦ
1369 5482 1492 5537 Θεοῦ
1526 5487 1620 5540 τὸν

174 5576 419 5648 (nth.
450 5579 579 5633 Jud.
622 5594 699 5638 lx.
731 5576 814 5628 ll.

178 5667 215 5700 “
253 5668 351 5728 ter.
376 5690 416 5739 ι,
438 5675 553 5728 H.‘

1726 4963 1847 5024 pote
1873 4954 1964 5022 qui
2003 4953 2256 5009 Hebraeus
2281 4958 2351 5011 ab
2380 4956 2618 5011 llehraeis
2635 4957 2939 5021 exsisteret,
2968 4972 3087 5026 quae
3114 4959 3261 5014 illius

1725 5046 1866 5115 regis
1911 5046 2242 5115 temporibus
2279 5047 2527 5101 evenisse
2557 5055 2959 5111 commemoret,
2991 5046 3103 5115 jam
3161 5064 3259 5101 au-

1726 5134 1839 5189 dire
1857 5142 2026 5202 potes.
2047 5134 2241 5188 Narrat
2265 5135 2406 5189 enim
2441 5134 2515 5203 (l)
2548 5134 2995 5203 quemadmodum
3028 5154 3047 5186 ι
3066 5152 3263 5206 urget-.-

1728 5226 1872 5279 tibus
1900 5223 2081 5280 Oziam
2113 5225 2503 5287 sacerdotibus,
2537 5232 2596 5279 ut
2623 5223 2689 5279 de
2722 5225 2921 5293 templo
2946 5226 3139 5289 exiret,
3164 5241 3262 5280 ne-

1727 5330 1830 5383 que
1858 5314 2113 5370 adversus
2142 5315 2307 5370 Deum
2336 5323 2603 5384 peccaret,
2622 5314 2709 5369 iile
2734 5313 2904 5368 iratus
2928 5314 3020 5378 sit,
3046 5315 3260 5385 illisque

1724 5414 1951 5458 mortem
1998 5406 2250 5466 minatus,
2299 5404 2403 5458 nisi
2448 5405 2786 5473 quiescerent
2833 5421 2847 5457 :
2899 5404 3104 5458 interea
3130 5417 3258 5457 vero

1727 5502 1902 5549 motus
1961 5494 2177 5564 quidam
2232 5502 2429 5549 terram
2481 5492 2857 5558 concusserit,
2923 5493 3258 5562 discissoquc
