3738 6280
173 370 260 423 ἱόὗ
1014 372 1649 440 DEMONSTRATIONIS
1691 383 2133 439 EVANGELICE.
2164 382 2292 440 LIB.
2338 385 2419 439 γι..

3179 388 3289 446 U36

170 488 355 574 τόλμαν,
382 488 592 553 σκότους
615 494 711 547 καὶ
739 498 910 567 πάγου
944 500 1037 553 καὶ
1059 500 1253 569 ψύχους
1285 497 1665 569 γεγενημένου,

1766 504 1866 557 erit
1892 516 1996 555 uno
2034 500 2139 554 die.
2189 520 2207 551 ι
2242 500 2345 555 Pro
2374 515 2481 569 quo
2530 501 2878 571 Symmachus
2907 506 3283 574 interpretatus

167 573 495 645 σκοτισθείσης
525 579 710 633 αὐτῶν·
731 586 831 653 τῆς
869 586 1094 649 διανοίας
1125 591 1202 650 εἰς
1238 589 1296 639 τὸ
1331 586 1402 657 μὴ
1432 583 1664 652 αὐγάσαι

165 666 237 718 τὸν
259 668 514 736 φωτισμὸν
533 671 624 723 τοῦ
641 674 967 743 Εύαγγελίου
986 681 1041 731 ἐν
1064 685 1179 743 ταῖς
1202 680 1443 751 καρδίαις
1468 678 1663 745 αὐτῶν,

162 754 388 827 ψυγείσης
419 774 475 810 τε
505 759 603 829 τῆς
627 769 765 833 πρὸς
798 768 887 819 τὸν
911 768 1040 821 Θεὸν
1064 771 1293 838 ἀγάπης.
1319 768 1586 838 Ἔμπαλιν
1612 770 1667 822 δὲ

163 848 274 916 πρὸς
300 849 360 915 τῇ
388 849 589 920 ἑσπέρᾳ
634 853 698 904 τὸ
746 856 859 922 φῶς
896 858 995 925 τῆς
1034 859 1277 925 γνώσεως
1323 858 1413 911 τοῦ
1437 860 1665 929 Χριστοῦ

160 933 495 997 ἀνατέταλκεν,
543 937 620 998 ὡς
666 943 796 1005 τοὺς
838 945 1000 998 πάλαι
1048 946 1376 1015 καθημένους
1411 948 1466 997 ἐν
1494 947 1667 998 σκότει

160 1025 240 1076 καὶ
274 1026 381 1093 σκιᾷ
427 1025 655 1079 θανάτου
694 1031 757 1082 τὸ
802 1033 939 1101 μέγα
968 1034 1079 1101 φῶς
1113 1035 1256 1096 ἰδεῖν,
1290 1033 1427 1086 κατὰ
1458 1034 1552 1096 τὰς
1577 1033 1665 1087 τοῦ

171 1112 358 1165 Ἡσαΐου
386 1116 560 1182 φωνάς
585 1133 602 1148 ο
633 1136 653 1168 ι
676 1121 769 1173 Ἐν
797 1123 932 1192 αὐτῇ
954 1123 1015 1192 δὴ
1040 1120 1128 1176 οὖν
1157 1126 1220 1192 τῇ
1245 1124 1459 1194 τοιαύτῃ
1492 1125 1667 1195 ἡμέρᾳ

154 1200 232 1253 τού
256 1201 455 1272 Κυρίου,
479 1204 826 1268 ἐξελεύσεται
845 1252 859 1274 ,
883 1231 901 1262 ι
926 1213 1108 1281 φησὶν,
1140 1232 1158 1263 ι
1190 1213 1329 1283 ὕδωρ
1353 1212 1457 1276 ζῶν
1489 1213 1546 1276 ἐξ
1578 1216 1669 1265 Ὶε·

153 1291 410 1361 ρουσαλημ.
434 1293 629 1348 »Τοῦτο
655 1297 713 1349 δὲ
742 1296 811 1369 ἦν
834 1301 893 1352 τὸ
918 1301 1124 1368 λογικὸν
1140 1303 1229 1354 καὶ
1246 1302 1486 1371 πότιμον,
1512 1302 1667 1364 ζωτι-

150 1381 225 1432 κόν
252 1397 302 1432 τε
333 1381 420 1434 καὶ
465 1386 741 1456 σωτήριον
796 1390 893 1458 τῆς
937 1389 1028 1442 τοῦ
1068 1391 1295 1462 Χριστοῦ
1332 1392 1668 1455 διδασκαλίας

151 1470 299 1533 ποτὸν,
322 1472 440 1540 περὶ
461 1466 521 1523 οὗ
549 1476 644 1526 καὶ
678 1477 846 1540 αὐτὸς
877 1479 933 1530 ἐν
959 1479 1035 1548 τῷ
1066 1479 1201 1531 κατὰ
1228 1480 1667 1550 Ἰωάννην-Εὐαγο

149 1559 283 1628 γελίῳ
319 1561 411 1630 τὴν
444 1560 789 1633 Σαμαρεῖτιν
828 1567 1090 1620 παιδεύων
1126 1568 1335 1636 ἔλεγεν·
1382 1587 1399 1618 ι
1432 1570 1493 1621 Εἰ
1526 1569 1668 1639 ᾔδεις

149 1651 214 1712 τίς
236 1651 362 1701 ἐστιν
392 1652 420 1701 ὁ
451 1651 627 1718 λέγων
660 1671 776 1706 σοι’
846 1657 944 1718 Δός
974 1673 1061 1725 μοι
1089 1660 1247 1717 πιεῖν,
1280 1660 1341 1710 σὺ
1370 1657 1433 1710 ἂν
1466 1659 1669 1728 ᾔτησας

149 1738 296 1802 αύτδν,
318 1741 404 1793 καὶ
429 1740 632 1795 ἔδωκεν
666 1744 736 1797 ἄν
773 1761 854 1797 σοι
883 1744 1024 1817 ὕδωρ
1055 1746 1211 1810 ζῶν.)
1244 1749 1381 1801 Αὐτὸ
1405 1744 1493 1801 οὖν
1515 1749 1668 1802 τοῦτο

1768 598 1849 644 est
1884 607 1896 643 :
1940 607 1957 639 ι
1996 587 2059 641 Ει
2092 589 2145 641 in
2174 588 2259 643 die
2281 589 2368 641 illa
2393 604 2497 642 non
2521 591 2622 644 erit
2643 592 2751 655 lux,
2783 593 2875 647 sed
2899 593 3064 663 frigus
3093 596 3284 662 et.gla-

1765 681 1873 735 cies
1903 680 2002 733 erit
2030 694 2134 731 uno
2155 678 2258 741 die,
2290 679 2381 747 qui
2401 680 2643 749 cognitus
2668 688 2750 734 est
2773 680 3015 746 Domino,
3041 699 3146 737 non
3167 684 3283 738 dies

1764 783 1937 837 neque
1970 781 2094 830 nox,
2129 766 2218 822 sed
2247 767 2347 821 erit
2381 766 2445 819 ad
2476 783 2751 835 vesperam
2778 769 2887 822 lux.
2916 789 2936 820 ι
2964 770 3026 823 Et
3063 787 3190 826 sane
3212 772 3285 823 vi-

1765 858 1859 911 des
1886 857 2325 926 quemadmodum
2358 857 2410 909 in
2460 856 2542 908 his
2572 856 2747 909 verbis
2778 857 3085 925 planissime
3117 860 3280 919 dicm,

1765 962 1871 1015 quo
1901 946 2143 1000 Salvator
2166 954 2347 999 noster
2370 946 2630 1014 supplicio
2669 953 2749 999 est
2790 946 3029 1013 affectus,
3088 949 3285 1017 signifi-

1765 1042 1867 1098 cet,
1901 1035 1953 1086 in
1981 1050 2085 1103 quo
2107 1034 2192 1087 die
2223 1034 2348 1087 illud
2371 1033 2601 1102 quidem,
2630 1052 2647 1083 ι
2677 1032 2789 1085 Non
2813 1034 2913 1086 erit
2943 1035 3050 1097 lux,
3088 1055 3105 1086 ι
3137 1051 3286 1088 com-

1767 1125 1964 1192 pletum
2019 1132 2119 1185 est,
2165 1124 2375 1192 quando
2422 1139 2451 1175 a
2502 1129 2649 1175 sexta
2694 1123 2823 1175 hora
2871 1123 3102 1176 tenebrae
3134 1123 3283 1177 facta:

1766 1211 1962 1264 suntin
1990 1213 2289 1264 universam
2316 1217 2530 1273 terram,
2563 1224 2729 1277 usque
2760 1210 2823 1262 ad
2853 1209 3036 1262 horam
3065 1226 3280 1266 nonam.

1765 1296 1898 1350 Illud
1927 1304 2143 1351 autem:
2181 1314 2199 1346 ι
2240 1294 2342 1349 Sed
2391 1297 2557 1363 frigus
2600 1303 2651 1348 ct
2691 1295 2908 1364 glacies,
2959 1316 2977 1348 ι
3015 1312 3119 1366 quo
3147 1305 3285 1351 tem-

1764 1401 1913 1454 pore,
1954 1394 2012 1438 ut
2045 1385 2216 1439 Lucas
2246 1384 2430 1439 scribit
2451 1385 2513 1448 ⁵⁸,
2546 1385 3046 1453 comprehendentes
3079 1384 3282 1450 Iesum,

1765 1474 2034 1528 duxerunt
2063 1474 2126 1527 ad
2159 1474 2371 1526 domum
2406 1473 2660 1542 principis
2704 1473 3060 1526 sacerdotum.
3094 1474 3284 1530 Petrus

1766 1572 1942 1617 autem
1965 1564 2282 1631 sequebatur
2301 1578 2419 1616 eum
2446 1578 2474 1614 a
2499 1563 2652 1631 longe
2680 1583 2691 1615 :
2719 1578 2943 1618 accenso
2963 1572 3137 1618 autem
3165 1568 3286 1633 igne

1766 1653 1817 1705 in
1842 1653 2012 1706 medio
2027 1653 2168 1714 atrii,
2189 1653 2424 1715 sedebat,
2449 1661 2505 1705 ut
2525 1653 2597 1705 ait
2621 1654 2872 1717 Marcus“,
2898 1669 3016 1707 cum
3040 1656 3282 1724 reliquis,

1770 1741 1926 1811 293
1958 1740 2275 1795 calefaciens
2310 1757 2387 1796 se.
2417 1740 2647 1796 Joannes
2670 1758 2794 1796 vero
2822 1744 2976 1812 plane
3003 1745 3161 1797 etiam
3192 1744 3291 1798 fri-

148 1827 198 1879 τὸ
221 1832 459 1899 σωτήριον
491 1832 658 1885 ποτὸν
694 1832 758 1897 ἐξ
787 1835 951 1905 αὐτῆς
975 1836 1070 1904 τῆς
1099 1837 1443 1908 Ἰερουσαλὴμ
1471 1838 1665 1909 προῆλ-

1768 1846 1865 1899 gus
1894 1831 2343 1894 commemoravit,
2375 1831 2463 1884 ubi
2496 1832 2604 1884 ait:
2637 1850 2664 1881 ι.
2695 1829 2915 1886 Stabant
2942 1833 3081 1885 servi
3113 1843 3164 1886 et
3186 1833 3288 1886 mi-

145 1920 245 1973 θεν·
276 1921 470 1975 ἐνθένδε
497 1922 633 1990 γοῦν
659 1922 891 1994 ὥρμητο
925 1924 1085 1977 αὐτοῦ
1117 1926 1454 1993 Εύαγγέλιον,
1493 1927 1586 1979 καὶ
1617 1928 1664 1979 οἱ

144 2006 299 2060 τούτου
327 2010 561 2078 κήρυκες
591 2012 779 2062 πᾶσαν
808 2010 1151 2080 κατέπλησαν
1189 2013 1284 2082 τὴν
1322 2013 1661 2083 οίκουμένην⁸

144 2097 262 2152 διαὶ
285 2098 527 2170 δηλοῦται
558 2099 651 2153 διὰ
672 2101 772 2152 τοῦ
798 2100 1046 2168 λέγεσθαι
1062 2118 1075 2131 ·
1108 2120 1127 2152 ι
1152 2104 1244 2165 Εἰς
1271 2104 1367 2172 τὴν
1400 2103 1666 2157 Θάλασσαν

141 2186 220 2255 τὴν
249 2186 477 2257 πρώτην,
509 2190 606 2242 καὶ
637 2193 723 2252 είς
747 2191 847 2261 τὴν
869 2191 1134 2245 θάλασσαν
1176 2192 1271 2261 τὴν
1296 2194 1523 2264 ἐσχάτην
1549 2213 1567 2245 ι
1608 2195 1666 2247 τὸ

146 2272 233 2337 ζῶν
284 2274 418 2347 ὕδωρ
455 2276 864 2342 ἐξελεύσεσθαι.
920 2282 998 2331 Δι’
1031 2274 1104 2332 ὧν
1138 2280 1205 2333 τὰ
1243 2281 1341 2350 τῆς
1380 2281 1666 2351 συμπάσης

141 2364 224 2432 γῆς
265 2368 465 2437 πέρατα
515 2368 805 2437 δηλοῦται,
858 2370 929 2422 τά
974 2387 1034 2422 τε
1080 2372 1212 2440 πρὸς
1258 2371 1334 2440 τῷ
1374 2372 1667 2443 ἀνατολικῷ

150 2453 351 2524 Ὠκεανῷ
378 2454 569 2525 πρώτη
623 2456 871 2510 θάλαττα
900 2456 1283 2527 ὀνομαζόμενα,
1314 2460 1407 2510 καὶ
1437 2460 1503 2512 τὰ
1532 2460 1685 2527 κατὰ.

140 2542 297 2596 δύοντα
331 2545 477 2613 ἥλιον
515 2545 607 2598 διά
641 2546 748 2616 τῆς
778 2545 1044 2617 θαλάττης
1073 2548 1172 2616 τῆς
1214 2549 1441 2617 ἐσχάτης
1473 2567 1667 2620 σημαι-

140 2629 320 2701 ύμενα,
356 2631 390 2684 ἃ
411 2632 503 2684 καὶ
535 2632 876 2703 πεπλήρωκε
904 2634 963 2685 τὸ
984 2633 1087 2696 ζῶν
1119 2633 1258 2705 ὕδωρ
1288 2637 1383 2704 τῆς
1409 2637 1665 2707 σωτηρίου

141 2721 214 2769 καὶ
238 2721 582 2791 εὼγγελικῆς
632 2721 1006 2783 διδασκαλίας.
1042 2723 1166 2793 περί¹
1210 2717 1270 2775 οὗ
1313 2724 1469 2777 πάλιν
1508 2728 1665 2778 ἐπαί-

139 2806 468 2878 δευε,-λέγων·
511 2831 530 2862 ι
549 2815 648 2874 Ὃς
679 2811 750 2864 ἂν
790 2811 887 2881 πίῃ
929 2811 1019 2864 τοῦ
1057 2812 1260 2876 ὓδατος,
1290 2806 1349 2865 οὗ
1381 2814 1487 2881 ἐγὼ
1516 2815 1666 2868 δώσω

139 2899 275 2967 αὐτῷ,
322 2902 379 2953 ού
419 2902 494 2972 μὴ
539 2901 767 2971 διψήσει
794 2903 873 2962 εἰς
916 2902 1005 2954 τὸν
1044 2900 1231 2954 αἰῶνα.
1267 2922 1284 2953 ι
1342 2905 1447 2955 Καὶ
1487 2905 1660 2957 πάλιν·

144 2982 405 3052 ιΠοταμοὶ,
447 2988 638 3055 φησὶν,
684 2989 751 3038 ἐκ
810 2987 907 3055 τῆς
964 2986 1165 3050 κοιλίας
1205 2990 1364 3042 αὐτοῦ
1395 2990 1665 3060 ῥεύσουσιν

138 3069 296 3135 ὕδατος
342 3075 571 3139 ζῶντος,
640 3076 941 3144 ἁλλομένου
1018 3079 1096 3139 είς
1146 3077 1285 3147 ζωὴν
1338 3079 1554 3147 αἰώνιον
1584 3120 1596 3133 .
1640 3100 1657 3131 ›

1769 1919 1924 1973 nistri
1955 1920 2019 1971 ad
2050 1935 2268 1988 prunas,
2303 1920 2425 1986 quia
2464 1918 2628 1988 frigus
2659 1930 2800 1984 erat,
2827 1928 2878 1973 et
2909 1920 3288 1975 calefaciebant

1765 2023 1824 2063 se
1851 2008 1891 2063 ‘.
1930 2027 1948 2059 ι
1980 2037 2047 2048 —-
2076 2008 2369 2077 «Cognitus
2420 2017 2615 2072 autem,
2656 2009 2846 2077 inquit,
2883 2017 2964 2063 est
3035 2009 3121 2063 hic
3172 2009 3286 2065 dies

1765 2096 2008 2160 Domino,
2039 2106 2091 2152 et
2118 2113 2225 2152 non
2260 2099 2361 2152 erit
2390 2098 2525 2160 dies,
2559 2114 2730 2167 neque
2758 2099 2859 2153 erit
2882 2114 3009 2160 nox,
3040 2113 3144 2151 non
3166 2101 3285 2168 qui-

1764 2186 1881 2239 dem
1929 2187 2041 2240 dies
2085 2204 2098 2239 :
2147 2204 2166 2237 ι
2220 2193 2496 2255 prOpterea
2555 2186 2697 2254 quod
2750 2186 2951 2238 dictum
3003 2194 3084 2239 est
3140 2192 3284 2245 ante.

1770 2297 1789 2329 ι
1818 2278 1934 2332 Non
1969 2278 2068 2332 erit
2110 2277 2217 2337 lux,
2260 2294 2277 2326 ι
2305 2275 2603 2344 quodsane
2627 2274 2784 2327 etiam
2833 2272 3143 2341 completum
3183 2281 3286 2335 est,

1765 2367 1977 2436 quando
2002 2380 2030 2417 a
2065 2371 2212 2419 sexta
2241 2363 2372 2415 hora
2404 2362 2631 2415 tenebrae
2653 2361 2804 2413 facta:
2831 2368 2954 2414 sunt
2975 2375 3134 2429 super
3161 2360 3286 2411 uni-

1764 2470 1969 2509 versam
2002 2462 2221 2516 terram,
2266 2467 2433 2519 usque
2470 2451 2534 2504 ad
2577 2450 2762 2504 horam
2796 2464 2989 2502 nonam
3022 2468 3033 2500 :
3064 2466 3081 2498 ι
3107 2447 3287 2517 Neque

1765 2546 1889 2599 item
1948 2560 2094 2597 nox:
2147 2561 2164 2591 ι
2219 2549 2495 2611 propterea
2532 2541 2671 2609 quod
2727 2539 2962 2592 additum
3015 2546 3116 2603 est,
3154 2558 3170 2588 ι
3205 2538 3285 2590 Ad

1763 2649 2039 2704 vesperam
2073 2635 2175 2687 erit
2196 2634 2305 2693 lux,
2356 2652 2374 2682 ι
2412 2631 2552 2701 quod
2581 2633 2738 2684 etiam
2768 2630 2939 2699 ipsum
2972 2630 3172 2682 exitum
3205 2630 3289 2681 in-

1762 2726 1927 2788 venit,
1950 2723 2163 2793 quando
2201 2730 2321 2791 post
2354 2736 2547 2775 nonam
2598 2720 2803 2783 horam,
2831 2734 3018 2773 rursus
3058 2733 3286 2772 consue-

1764 2818 1874 2863 tum
1908 2810 2085 2863 lumen
2116 2809 2313 2877 recepit
2345 2807 2478 2861 dies.
2522 2806 2780 2861 Praeterea
2816 2806 3128 2860 sententiam
3157 2804 3290 2874 quo-

1763 2914 1866 2967 que
1932 2898 1976 2952 si
2048 2897 2351 2966 sequimur,
2410 2898 2521 2951 lucc
2587 2898 2846 2966 completa
2888 2902 3045 2950 erunt
3084 2896 3136 2948 in
3167 2897 3288 2950 uni-

1762 3004 1917 3044 verso
1936 2989 2149 3057 quidem
2181 3004 2341 3057 super
2358 2987 2577 3041 Judaica
2606 2998 2777 3054 gente,
2796 2996 3073 3056 postquam
3100 2987 3282 3040 adver-

1768 3094 1860 3132 sus
1892 3077 2162 3132 Christum
2189 3077 2316 3131 illud
2343 3080 2571 3130 immane
2601 3075 2808 3130 facinus
2840 3090 2966 3129 ausa
2994 3084 3095 3140 est,
3127 3087 3179 3129 et
3206 3083 3286 3129 te-

140 3159 229 3211 Καὶ
277 3159 446 3225 αὖθιςο
510 3184 528 3214 ι
565 3165 635 3216 ει
677 3141 955 3233 τις-διψᾷ,
1002 3141 1254 3234 ἐρχέσθω-
1281 3141 1414 3237 πὲδς
1448 3169 1533 3236 μὲ,
1578 3171 1665 3221 και

1768 3167 1965 3231 nebrze,
1997 3174 2048 3219 et
2076 3167 2292 3235 glacies,
2320 3175 2372 3220 ct
2393 3166 2562 3234 frigus
2595 3165 2732 3218 facta
2767 3172 2910 3221 sunt.
2942 3166 3135 3233 quippe
3167 3179 3287 3217 cum

136 3250 353 3302 πινέτω.»
376 3252 533 3305 Μετά
566 3250 705 3318 γοῦν
735 3251 1077 3320 ἀνομϐρῆσαν
1107 3254 1168 3305 ἐκ
1194 3254 1290 3322 τῆς
1327 3255 1667 3326 Ἰερουσαλὴμ

137 3338 210 3388 ἐπὶ
245 3341 341 3391 πᾶν
394 3341 552 3408 γένος
615 3336 924 3409 ἀνθρώπων
1006 3342 1264 3410 σωτήριον
1312 3344 1406 3394 καὶ
1463 3342 1667 3410 λογικὸν

141 3427 279 3495 νᾶμα,
314 3428 447 3498 ὅπερ
482 3427 828 3496 σαφέστερον
857 3428 912 3477 ἐν
937 3427 1104 3496 ἑτέρῳ
1150 3427 1392 3497 δηλοῦται
1435 3430 1523 3481 διά
1552 3431 1662 3482 τοῦθ

143 3534 160 3565 ι
176 3516 255 3568 Ἐκ
276 3517 379 3587 γὰρ
402 3517 544 3569 Σιὼν
576 3514 925 3579 ἐξελεύσεται
958 3515 1136 3584 νόμος,
1170 3517 1260 3569 καὶ
1284 3518 1451 3584 Λόγος
1471 3519 1666 3587 Κυρίου

133 3602 181 3668 ἐξ
211 3605 570 3677 Ἰερουσαλὴμ,
610 3606 714 3657 καὶ
745 3607 917 3672 κρινεῖ
961 3604 1060 3656 ἀνὰ
1092 3605 1248 3673 μέσον
1274 3605 1379 3657 τῶν
1412 3606 1599 3659 ἐθνῶν’
1644 3626 1662 3657 ι

139 3695 364 3757 ιἝσται,
404 3697 578 3765 φησὶ,
622 3692 832 3763 Κύριος
895 3694 972 3755 εἰς
1028 3694 1264 3762 βασιλέα.
1296 3714 1314 3745 ι
1358 3698 1469 3748 Οὐκ
1522 3697 1667 3749 ἔσται

130 3781 176 3834 δὲ
212 3784 264 3837 ὲν
313 3783 710 3855 Ἰερουσαλὴμ,
765 3784 882 3835 οὐδὲ
934 3784 1026 3835 ἐπὶ
1077 3784 1136 3835 τὸ
1188 3785 1449 3838 Ἰουδαίων
1500 3786 1664 3853 ἔθνος,

132 3871 241 3924 ἀλλὰ
262 3892 279 3924 ι
308 3876 398 3927 ἐπὶ
417 3877 608 3928 πᾶσαν
630 3873 732 3942 τὴν
767 3872 868 3941 γῆν
910 3875 968 3925 ἐν
997 3876 1065 3943 τῇ
1100 3873 1278 3943 ἡμέρᾳ
1320 3875 1515 3945 ἐκείνῃ.
1563 3878 1669 3928 Καὶ

131 3957 255 4013 ἔσται
280 3963 484 4032 Κύριος
534 3957 645 4024 εἷς,
700 3961 791 4013 καὶ
834 3961 893 4013 τὸ
935 3961 1100 4029 δνομα
1132 3960 1291 4013 αὑτοῦ
1331 3963 1406 4025 ἓν,
1446 3964 1669 4017 κυκλοῦν

132 4051 280 4102 πᾶσαν
305 4051 403 4120 τὴν
439 4052 572 4119 γῆν.
614 4069 635 4100 ι
679 4051 746 4101 Ἀ
780 4051 874 4102 καὶ
912 4049 1047 4101 αὐτὰ
1074 4049 1281 4118 συνᾴδει
1307 4052 1415 4112 τοῖς
1438 4050 1541 4102 ἀπὸ
1563 4051 1667 4103 τῶν

140 4138 363 4206 Ψαλμῶν
395 4136 782 4209 παρατεθεῖσι,
808 4138 873 4189 δι’
897 4130 969 4188 ὧν
1002 4135 1234 4203 ἐλέγετοο
1260 4156 1279 4188 ι
1301 4137 1666 4193 Ἐϐασίλευσεν

129 4228 152 4274 ὁ
172 4226 286 4290 Θεὸς
316 4232 406 4282 ἐπὶ
428 4230 498 4283 τὰ
536 4229 675 4297 ἔθνη
702 4244 715 4257 °
754 4246 773 4278 ι
800 4228 893 4279 καὶ
922 4226 1112 4279 πάλιν
1154 4244 1172 4277 ι
1198 4225 1397 4280 Eine/ts
1450 4228 1509 4280 ἐν
1556 4232 1665 4292 τοῖς

131 4315 337 4371 ἔθνεσιν-
400 4321 461 4372 '0
508 4318 722 4390 Κύριος
779 4318 1108 4370 ἐϐασίλευσε.
1147 4336 1165 4367 ι
1223 4316 1400 4370 Ταῦτα
1440 4318 1495 4370 δὲ
1533 4320 1663 4389 ὁμοῦ

130 4406 281 4460 πάντα
316 4411 372 4462 ἐν
404 4413 530 4470 ταῖς
572 4407 674 4459 τοῦ
702 4407 905 4476 Κυρίου
936 4407 1167 4476 ἡμέραις
1210 4406 1418 4460 ἔσεσθαι
1460 4426 1665 4479 προφη-

129 4493 332 4549 τεύεται.
374 4499 464 4552 Ἐν
499 4498 653 4566 ἀρχῇ
678 4493 807 4562 γοῦν
831 4496 929 4562 τῆς
952 4494 1076 4563 ὅλης
1108 4496 1449 4565 προφητείας,
1497 4515 1514 4546 ι
1536 4496 1661 4549 Ἰδοὺ

130 4582 335 4650 ἡμέραι,
388 4585 581 4654 φησὶν,
647 4581 891 4651 ἔρχονται
938 4580 1029 4632 τοῦ
1082 4582 1299 4651 Κυρίου,
1354 4583 1445 4633 καὶ
1506 4581 1655 4634 ἔσται

132 4668 252 4725 τάδε.
277 4693 295 4723 ι
341 4675 476 4726 Τίνα
522 4673 593 4741 δὴ
644 4672 815 4723 ταῦτα
847 4670 961 4735 ἀλλ’
994 4670 1026 4739 ἢ
1058 4672 1090 4740 ή
1119 4670 1394 4741 πολιορκία
1424 4672 1522 4740 τῆς
1569 4672 1663 4723 Ἱε-

140 4760 401 4831 ρωσαλὴμ,
435 4762 534 4813 καὶ
566 4761 603 4829 ἡ
635 4758 726 4811 τοῦ
753 4757 958 4825 Κυρίου
999 4757 1317 4825 μετάστασις
1345 4761 1437 4813 ἐπὶΙ
1465 4760 1524 4811 τὸ
1559 4759 1663 4813 τῶν

146 4845 340 4899 Ἐλαιῶν
378 4850 528 4918 ὅρος,
576 4846 674 4899 καὶ
714 4845 798 4906 τὸ,
841 4844 1138 4914 ιΠαρέσται
1164 4846 1380 4917 Κύριος,
1405 4866 1424 4899 ι
1475 4847 1565 4898 καὶ
1596 4846 1662 4899 τὰ

145 4932 492 5003 συμϐεϐηκότα
527 4934 663 5004 περὶ
709 4935 823 5002 τὴν.
850 4933 1057 5002 ἡμέραν
1091 4935 1181 4988 τοῦ
1228 4935 1426 4998 πάθους
1468 4935 1661 5000 αὐτοῦ;

143 5019 217 5069 καὶ
248 5022 302 5073 τὸ
329 5023 434 5085 ζῶν
469 5022 641 5091 ὕδωρ,
682 5021 744 5072 τὸ
785 5021 883 5072 ἐπὶ
915 5023 1088 5075 πᾶσαν
1119 5023 1311 5093 ρεῢσαν
1358 5024 1452 5092 τὴν
1489 5026 1663 5076 οίκου-

150 5106 321 5177 ιιένηη
354 5113 446 5164 καὶ
477 5113 573 5163 ἐπὶ
603 5112 740 5162 πᾶσι
768 5108 978 5170 τούτοις
1003 5113 1037 5179 ἡ
1057 5111 1293 5179 βασιλεία
1322 5113 1531 5165 πάντων
1561 5113 1663 5166 τῶν

147 5193 283 5249 ἐθνῶν
328 5200 586 5269 ἄρχουσα,
647 5199 747 5251 καὶ
790 5197 854 5249 τὸ
901 5198 1062 5267 ὄνομα
1107 5201 1263 5253 αὐτοῦ
1314 5201 1391 5265 ἐν,
1431 5202 1664 5272 πληροῦν

149 5280 293 5335 πᾶσαν
327 5286 420 5356 τὴν
444 5287 581 5355 γῆν;
619 5286 773 5352 ἅπερ
819 5285 1000 5339 ὁποίου
1040 5288 1227 5350 τέλους
1261 5288 1462 5358 ἔτυχεν,
1495 5290 1567 5352 ὼς
1608 5293 1664 5343 ἐν

152 5366 340 5440 ἐπιτομῇ
366 5374 743 5442 διειλήφαμεν.
788 5371 1055 5443 Πρόδηλον
1088 5374 1142 5426 δὲ
1179 5377 1272 5427 καὶ
1304 5378 1414 5438 πῶς
1444 5378 1546 5429 άπὸ
1569 5380 1666 5447 τῆς

148 5452 221 5506 τοῦ
242 5458 451 5529 Χριστοῦ
496 5461 597 5513 τοῦ,
628 5458 781 5510 Θεοῦ
827 5464 1209 5533 προσηγορίας,
1251 5465 1309 5516 τὸ
1339 5467 1664 5536 Χριστιανῶν

1765 3257 1974 3309 illorum
2002 3270 2151 3308 mens
2172 3255 2515 3308 obtenebrata
2551 3255 2639 3315 sit,
2674 3255 2805 3306 adeo
2834 3260 2890 3304 ut
2921 3252 3181 3321 Evangelii
3207 3255 3288 3306 luo

1765 3355 1886 3393 men
1914 3339 2092 3393 radios
2141 3340 2193 3391 in
2227 3339 2385 3392 corda
2436 3339 2645 3391 illorum
2694 3340 2975 3393 immittere
3005 3340 3288 3408 nequierit,

1765 3436 1817 3482 et
1849 3429 2081 3482 Charitas
2112 3443 2237 3497 erga
2273 3427 2435 3480 Deum
2489 3429 2559 3482 sit
2594 3428 2921 3496 refrigerata.
2975 3428 3288 3481 Econtrario

1765 3510 1941 3571 autem
1985 3518 2057 3570 ad.
2092 3532 2368 3587 vesperam
2401 3518 2579 3571 lumen
2608 3516 2926 3586 cognitionis
2968 3515 3166 3571 Christi
3200 3530 3289 3570 or.

1766 3616 1875 3661 tum
1911 3617 2011 3669 est,
2046 3609 2177 3662 adeo
2204 3617 2260 3660 ιιι
2281 3609 2323 3660 ii
2347 3609 2435 3675 qui
2477 3610 2600 3661 olim
2636 3607 2689 3658 in
2729 3605 2965 3659 tenebris
3002 3615 3055 3659 et
3102 3608 3289 3660 umbra

1767 3696 1950 3748 mortis
1980 3696 2255 3759 sedebant,
2284 3696 2460 3749 lumen
2488 3695 2737 3756 viderint,
2765 3695 2905 3748 sicut
2934 3694 3071 3762 apud
3098 3695 3287 3749 Isaiam

1766 3779 2075 3848 prophetam
2130 3778 2387 3849 Scriptum
2433 3788 2564 3835 est:
2601 3799 2618 3829 ι
2664 3780 2723 3834 In
2748 3781 2862 3849 ipso
2890 3781 3047 3850 igitur
3074 3781 3284 3836 Domini

1766 3868 2129 3933 hujuscemodi
2189 3870 2292 3931 die,
2325 3869 2644 3939 egredietur,
2685 3872 2884 3940 inquit,
2928 3887 3062 3940 aqua
3105 3874 3289 3927 vivens

1766 3956 1831 4008 de
1858 3954 2172 4011 Jerusalem.
2212 3976 2230 4007 ι
2266 3956 2387 4010 Haec
2417 3965 2591 4012 autem
2621 3967 2702 4013 est
2736 3960 3011 4014 rationalis
3039 3967 3090 4013 et
3114 3962 3178 4012 ad
3214 3962 3290 4013 bi-

1765 4046 1994 4100 bendum
2028 4048 2228 4111 suavis,
2264 4057 2316 4102 et
2345 4049 2504 4102 vitam
2550 4048 2925 4118 suppeditans,
2957 4058 3008 4103 et
3040 4052 3289 4104 salutaris

1766 4134 1961 4189 Christi
1988 4136 2244 4191 doctrinae
2285 4139 2449 4206 potio,
2489 4138 2555 4193 de
2584 4155 2687 4207 qua
2738 4142 2852 4208 ipse
2902 4141 2957 4193 in
3007 4139 3289 4210 Evangelia

1765 4225 1907 4292 quod
1969 4224 2205 4281 Joannes
2248 4227 2485 4296 scripsit,
2539 4227 2925 4283 Samaritanam
2976 4231 3118 4283 illam
3174 4232 3290 4284 mu-

1765 4312 1945 4367 lierem
1996 4314 2269 4368 instruens
2311 4315 2645 4383 loquebatur,
2681 4315 2863 4371 dicens
2900 4334 2912 4370 :
2951 4334 2970 4367 ι
2995 4317 3068 4370 Si
3123 4318 3289 4371 scier

1765 4402 1887 4470 quis
1911 4409 1993 4456 est
2020 4402 2112 4470 qui
2151 4402 2282 4456 dicit
2313 4404 2409 4456 tibi
2436 4418 2449 4453 :
2490 4403 2560 4455 Da
2591 4404 2721 4457 mihi
2754 4405 2956 4467 bibere,
2979 4412 3034 4457 tu
3065 4406 3288 4473 petisses

1763 4493 1831 4546 ab
1862 4508 1946 4557 eo,
1972 4500 2025 4546 et
2059 4475 2413 4549 dedisset‘tibi
2449 4509 2639 4562 aquam
2662 4496 2891 4549 vivam'.
2926 4514 2944 4546 ι
2977 4494 3095 4564 Ipsa
3129 4496 3291 4564 igitur

1764 4583 1876 4637 haec
1915 4584 2167 4639 salutaris
2217 4585 2361 4653 potio
2401 4584 2467 4638 de
2513 4583 3087 4653 Jerusalemproﬂuxit
3120 4604 3133 4638 :
3167 4584 3290 4639 inde

1762 4672 1909 4725 illius
1939 4672 2236 4739 profectum
2262 4682 2345 4728 est
2379 4673 2813 4743 Evangeljum,et
2852 4675 2995 4727 illius
3035 4675 3203 4727 nuntii
3235 4683 3287 4727 et

1762 4772 2033 4828 praecones
2063 4766 2232 4813 totum
2262 4768 2522 4815 terrarum
2545 4763 2727 4815 urbem
2750 4762 3118 4829 impleverunt,
3148 4765 3286 4829 quod

1764 4848 1977 4919 quidem
2015 4847 2318 4902 declaratur
2341 4865 2435 4918 per
2473 4850 2525 4904 id
2564 4849 2704 4919 quod
2750 4850 2965 4911 dicitur,
3007 4868 3023 4900 ι
3059 4851 3117 4904 In
3145 4866 3293 4905 mare

1768 4937 2017 5006 primum,
2043 4945 2095 4990 et
2115 4937 2167 4989 in
2186 4953 2331 4992 mare
2352 4938 2616 5001 ultimum,
2649 4958 2666 4988 ι
2686 4938 2946 4990 viventem
2966 4952 3155 5006 aquam
3181 4942 3292 4993 exi-

1767 5034 1964 5087 turam,
1997 5024 2192 5091 quibus
2231 5026 2407 5080 verbis
2438 5026 2700 5079 universae
2734 5031 2890 5076 terra:
2925 5023 3293 5094 fines-signiti-

1768 5123 1977 5186 cantur,
2009 5120 2061 5167 et
2110 5113 2148 5165 ii
2203 5113 2446 5167 videlicet
2490 5115 2579 5182 qui
2627 5114 2692 5166 ad
2741 5111 3006 5166 Oceanum
3072 5116 3296 5169 orientis

1770 5208 2030 5270 spectant,
2067 5201 2159 5269 qui
2192 5201 2421 5268 primum
2447 5215 2593 5254 mare
2628 5199 2990 5260 nominantur,
3023 5208 3074 5253 et
3104 5202 3196 5268 qui
3230 5203 3295 5254 ad

1769 5291 2098 5345 occidentem
2131 5291 2315 5353 solem,
2349 5291 2441 5359 qui
2478 5305 2572 5360 per
2606 5290 2848 5343 ultimum
2895 5303 3043 5343 mare
3093 5291 3297 5359 signiti-

1769 5388 1981 5442 cantur,
2012 5395 2156 5448 quos
2175 5381 2356 5447 utique
2390 5380 2541 5444 fines,
2573 5379 2826 5436 salutaris
2869 5381 3301 5447 evangelicazque

1772 5470 2026 5523 doetriua:
2055 5484 2191 5537 aqua
2235 5469 2414 5524 vivens
2453 5470 2712 5540 implevit,
2748 5468 2814 5521 de
2841 5482 2945 5535 qua
2988 5482 3176 5521 rursus
3206 5469 3300 5519 da-

206 5608 240 5639 "
263 5610 517 5678 Capru,
555 5604 770 5662 54-53.
847 5608 1021 5680 ‘Cap.
1050 5628 1163 5676 Juv,
1205 5612 1292 5669 66.
1368 5618 1385 5646 ⁶
1416 5615 1559 5671 Joan.
1590 5634 1749 5688 xviii,
1777 5620 1866 5673 l8:
1928 5621 1946 5650 "
1978 5617 2126 5674 Joan.
2154 5634 2223 5676 tv.
2252 5622 2333 5676 10.
