3738 6312
774 397 880 459 λετ
1436 381 1701 439 EUSEBll
1743 375 2225 436 CIESABlENSIS'
2248 373 2396 429 app.
2427 368 2606 425 rans
2629 365 2694 422 ιι.
2724 395 2797 406 -
2826 360 3302 419 APOLOGETICA.

777 515 873 573 bat
901 486 1185 581 praecepta,
1203 518 1325 558 cum
1351 501 1565 556 dicebat
1599 519 1612 553 :
1642 517 1661 550 ιι
1680 498 1998 566 Quicunque
2031 493 2232 547 biberit

1869 510 1998 566 nque
2031 493 2232 547 biberit
2254 506 2323 545 ex
2352 502 2399 556 Α
2427 488 2596 557 ὄνομα
2631 482 2940 553 κατέπλησε
2969 480 3063 550 τὴν
3096 480 3258 532 πᾶσαν
3287 479 3345 529 ol:

782 568 921 672 aqua
948 568 1107 669 quam
1135 609 1235 662 ego
1263 594 1340 647 illi
1367 592 1530 655 dabo,
1562 605 1673 644 non
1700 588 1846 642 sitiet
1873 586 1926 638 iu
1955 593 2212 638 aeternum
2235 580 2256 611 ⁸

1873 586 1926 638 in
1955 593 2212 638 aeternum
2235 580 2276 633 ⁸.
2294 599 2313 630 ι
2427 577 2756 649 παρίστησιν
2787 576 2817 627 ὁ
2843 571 3062 643 φάσκων
3087 568 3259 637 λόγος·
3312 587 3329 618 ι

779 659 850 744 Et.
874 659 1062 743 rursus
1092 703 1106 738 :
1136 680 1613 749 Flumina,inquit,
1637 695 1655 727 ι
1681 676 1747 731 de
1777 681 1961 728 ventre
1999 673 2117 741 ejus
2156 670 2255 724 nue

1869 681 1961 727 utre
1999 673 2117 741 ejus
2156 670 2323 724 ﬂuent
2427 668 2506 732 ἓν,
2542 664 2773 720 κυκλοῦν
2803 664 2984 717 πᾶσαν
3020 659 3113 730 τὴν
3144 659 3262 728 γῆν,
3289 675 3345 709 κο

779 794 928 849 aqua:
962 776 1096 829 viva
1125 770 1367 828 salientis
1399 770 1455 823 in
1489 769 1655 822 vitam
1690 775 1942 821 aeternam
1968 765 2011 816 ο.
2052 781 2071 814 ›
2105 760 2170 814 Ει
2200 776 2255 813 ru

1869 780 1942 818 am
1968 765 2011 816 θ.
2052 781 2071 814 ›
2105 760 2170 814 Ει
2200 775 2325 813 rur-
2429 759 2487 811 δὲ
2518 758 2611 810 ἐπὶ
2652 755 2852 826 σχολῆς
2895 750 3155 824 παρέσται
3185 749 3345 803 ἑκάστ-

779 842 910 925 stis:
951 885 970 919 ‹
1018 865 1076 921 Si
1112 864 1233 934 quis
1275 860 1410 923 sitit,
1456 858 1636 912 veniat
1670 857 1738 910 ad
1787 871 1873 911 me
1922 861 1978 909 et
2017 852 2168 907 bibat
2193 851 2255 905 ⁸ο.

1869 877 1873 908 ξ
1922 861 1978 909 et
2017 852 2168 907 bibat
2193 851 2258 905 ‘°.
2300 869 2319 902 ι
2433 850 2526 903 ἐπὶ
2556 848 2793 910 πλάτους
2830 845 3101 916 θεωρῆσαι
3131 842 3197 896 τὰ
3216 858 3345 895 νενοτ

780 960 906 1014 l‘ost
935 959 1076 1012 hanc
1112 957 1275 1027 igitur
1295 951 1458 1023 294
1479 951 1549 1005 de
1573 948 1873 1005 Jerusalem
1897 947 2210 1016 irrigantem
2249 943 2668 1014 inﬂuentemque
2690 956 2856 1012 super
2885 954 3044 995 omne
3075 952 3240 1009 genus
3260 937 3346 990 hor

778 1056 1140 1124 tionalemque
1190 1064 1404 1120 aquam,
1460 1061 1580 1117 qua;
1625 1043 1842 1115 quidem
1886 1042 2100 1112 planius
2126 1041 2232 1094 alio
2271 1041 2503 1110 quodam
2568 1039 2624 1093 in
2657 1038 2784 1092 loco
2848 1035 3122 1090 indicatur
3143 1033 3247 1087 illis
3275 1046 3346 1085 vel

778 1151 944 1205 exibit
975 1149 1083 1213 lex,
1126 1155 1179 1203 et
1203 1145 1436 1201 Verbum
1467 1141 1678 1197 Domini
1725 1141 1793 1195 de
1829 1137 2149 1203 Jerusalem,
2204 1144 2258 1191 et
2287 1135 2553 1206 judicabit
2612 1135 2754 1188 inter
2794 1142 2984 1202 gentes
3028 1130 3090 1183 ιι.
3110 1147 3130 1181 ›
3157 1155 3230 1168 -
3251 1144 3270 1177 ι
3303 1124 3344 1179 Ε

782 1244 839 1296 in
870 1258 1072 1312 regem.
1115 1260 1134 1294 ι
1169 1238 1285 1293 Non
1337 1239 1442 1293 erit
1473 1243 1652 1290 autem
1699 1235 1754 1289 in
1801 1232 2122 1296 Jerusalem,
2170 1246 2346 1300 neque
2385 1245 2549 1299 super
2594 1236 2753 1299 gente
2797 1225 3129 1286 Judaaorum,
3167 1219 3307 1274 sed:

782 1333 869 1386 die
902 1311 1010 1385 illa.
1028 1330 1094 1383 Et
1132 1331 1235 1384 erit
1275 1328 1532 1383 Dominus
1568 1343 1731 1392 unus,
1754 1332 1808 1381 et
1836 1339 2034 1380 nomen
2075 1323 2196 1392 ejus
2223 1337 2415 1386 unum,
2454 1320 2699 1374 ambiens
2729 1333 2942 1372 omnem
2985 1325 3206 1370 terram.
3238 1331 3256 1363 ι
3290 1311 3346 1374 Qu

783 1422 1009 1477 cordant
1040 1437 1162 1477 eum
1199 1422 1306 1477 illis
1334 1437 1452 1492 quae
1487 1436 1517 1474 a
1546 1420 1780 1474 Psalmis
1827 1426 2047 1488 accepta
2095 1425 2240 1482 sunt,
2313 1425 2366 1471 et
2428 1415 2516 1469 hic
2548 1414 2812 1485 apposita.
2875 1411 2969 1465 ubi
3017 1409 3336 1463 dicebatur:

784 1531 948 1587 super
983 1517 1250 1587 gentes“.
1284 1536 1303 1568 ι
1329 1515 1395 1569 Et
1450 1530 1642 1570 rursus
1684 1533 1698 1568 :
1758 1531 1777 1566 ι
1832 1511 2002 1567 Dicite
2044 1511 2100 1566 in
2140 1510 2411 1582 gentibus,
2453 1508 2713 1563 Dominus
2772 1504 3016 1577 regnavit
3035 1503 3099 1556 ".
3141 1520 3160 1553 ι
3204 1498 3328 1552 Haec

782 1614 965 1666 omnia
1026 1613 1082 1666 in
1141 1612 1329 1667 diebus
1388 1611 1599 1666 Domini
1643 1608 1825 1664 futura
1861 1622 1982 1663 esse
2034 1605 2317 1677 prophetia
2359 1603 2645 1674 signiﬁcat.
2690 1600 2823 1654 Nam
2861 1599 3034 1653 totius
3078 1591 3346 1664 prophetia

788 1704 980 1777 inquit,
1022 1707 1239 1761 veniunt
1277 1705 1509 1769 Domini,
1557 1713 1609 1759 et
1643 1710 1801 1759 erunt
1833 1703 1962 1756 haec.
2002 1719 2020 1753 ι
2058 1699 2192 1766 Quae
2230 1713 2389 1769 porro
2428 1697 2540 1751 hac
2580 1696 2703 1759 alia,
2747 1693 2856 1749 nisi
2894 1689 3109 1775 obsidio
3142 1682 3346 1740 Jerusal

788 1798 1068 1854 translatio
1112 1814 1273 1870 super
1320 1810 1553 1853 montem
1608 1796 1920 1853 Olivarum?
1958 1795 2111 1865 juxta
2165 1793 2320 1858 illud,
2366 1811 2386 1843 ‹
2422 1790 2683 1845 Adveniet
2738 1771 3114 1850 Doniinus,.et
3146 1794 3268 1849 quae
3312 1793 3340 1830 a

788 1888 902 1956 ipse
925 1903 1116 1956 passus
1151 1869 1265 1943 eSt?
1300 1897 1354 1943 et
1383 1904 1521 1958 aqua
1548 1888 1757 1952 vivens,
1789 1903 1909 1957 qua:
1969 1887 2026 1940 iu
2087 1892 2262 1939 totum
2325 1892 2593 1938 terrarum
2631 1880 2821 1935 orbem
2882 1873 3123 1931 efﬂuxit?
3148 1881 3204 1926 et
3240 1869 3343 1922 den

789 1982 1027 2035 omnium
1057 1983 1295 2052 gentium
1328 1984 1579 2038 obtinens
1611 1982 1990 2053 principatum,
2040 1992 2344 2047 nomenque
2379 1976 2498 2046 ejus
2545 1990 2735 2039 unum,
2781 1970 3058 2039 complens
3097 1965 3346 2018 universa

791 2076 901 2141 nia,
962 2092 1120 2146 quem
1161 2078 1375 2146 quidem
1423 2078 1626 2132 exitum
1666 2076 1854 2132 sortita
1900 2076 2029 2140 sint,
2067 2075 2179 2142 jam
2225 2079 2286 2124 ut
2338 2072 2392 2124 in
2430 2067 2751 2138 compendio
2799 2062 3173 2133 exposuimus.
3206 2055 3346 2110 Cons

792 2169 1243 2237 quemadmodum
1299 2170 1365 2224 ab
1418 2170 1773 2239 appellatione
1804 2167 2005 2223 Christi
2046 2165 2137 2219 Dei
2174 2163 2474 2219 derivatum
2525 2159 2953 2215 Christianorum
2994 2165 3194 2207 nomen
3219 2188 3235 2212 ,
3279 2154 3346 2199 toI

793 2257 1111 2328 impleverit,
1148 2260 1293 2330 quod
1344 2261 1520 2331 ipsum
1576 2276 1725 2326 sane,
1781 2260 2058 2315 oraculum
2111 2270 2328 2326 quoque
2363 2254 2622 2316 declarat,
2684 2265 2807 2305 cum
2841 2246 2971 2301 dicit
3008 2264 3022 2299 :
3080 2261 3100 2294 ι
3145 2241 3211 2295 Et
3242 2253 3346 2292 nou

792 2353 946 2407 biens
989 2367 1201 2409 omnem
1254 2363 1448 2410 terram
1505 2363 1558 2410 et
1603 2353 1966 2411 solitudinem.
2004 2372 2024 2404 ι
2065 2350 2185 2405 Tibi
2229 2364 2357 2405 vero
2393 2363 2489 2417 per
2520 2347 2690 2403 otium
2741 2342 2942 2408 licebit,
3006 2353 3137 2393 cum
3180 2335 3341 2403 singu

797 2440 960 2496 latius
1002 2457 1121 2514 qua:
1150 2444 1477 2500 intellexeris
1503 2442 1876 2513 contemplari.

1371 2561 1595 2616 CAPUT
1618 2561 1757 2615 XIX.

798 2668 844 2721 Δ
870 2668 1098 2727 Baruch.
1116 2703 1184 2714 ---
1204 2674 1651 2739 Quemadmodum
1675 2676 1781 2742 ipse
1793 2676 2153 2742 prophetarum
2180 2673 2334 2736 Deus,

867 2754 985 2812 eum
1013 2757 1213 2796 omnem
1248 2744 1383 2797 viam
1429 2749 1657 2798 screntise
1690 2760 1780 2812 per
1808 2761 1922 2797 eam
1955 2744 2134 2812 legem,
2155 2758 2268 2811 quae
2302 2759 2339 2812 να

877 2808 1059 2877 Moyse
1099 2813 1225 2864 data
1268 2822 1365 2876 est,
1401 2814 1465 2868 iis
1494 2814 1581 2882 qui
1613 2808 2339 2878 ad'circumcisionemperti-

868 2889 1009 2960 neut:
1036 2883 1349 2960 ordinasset,
1373 2881 1745 2960 posterioribus
1779 2883 1833 2936 in
1868 2892 2009 2934 terra
2061 2881 2186 2933 olim
2219 2896 2341 2932 con-

868 2950 1181 3074 :picieudus,
1212 2959 1362 3020 atque
1412 2952 1546 3005 inter
1588 2951 1818 3004 homines
1849 2961 2148 3004 uersaturus
2195 2950 2342 3002 cani-

892 3036 973 3072 ur.

872 3132 1029 3201 295
1069 3151 1087 3183 ‹
1114 3132 1250 3198 Quis
1276 3132 1516 3187 ascendit
1560 3133 1612 3186 in
1644 3133 1861 3195 coelum,
1892 3142 1946 3187 et
1989 3129 2198 3198 accepit
2224 3144 2344 3184 eam

804 3224 957 3295 (dicit
986 3232 1162 3279 autem
1201 3221 1576 3293 Sapientiam),
1617 3230 1671 3275 et
1699 3222 1920 3277 deduxit
1941 3236 2058 3276 eam
2092 3220 2159 3273 de
2187 3219 2346 3273 nubi-

804 3313 940 3369 bus?
980 3311 1112 3378 Quis
1150 3314 1514 3369 trausl'retavit
1558 3328 1738 3377 mare,
1792 3320 1846 3367 et
1891 3311 2094 3366 invenit
2121 3324 2263 3372 eam,
2293 3318 2347 3364 et

807 3406 940 3459 feret
962 3420 1079 3460 eam
1112 3421 1276 3476 super
1317 3421 1507 3461 aurum
1535 3404 1946 3461 electum‘lNon
1978 3411 2062 3460 est
2113 3403 2205 3473 qui
2253 3418 2350 3458 co-

807 3502 1035 3561 gnoscat
1086 3495 1250 3547 vitam
1299 3495 1438 3564 ejus,
1468 3510 1642 3565 neque
1673 3495 1765 3565 qui
1793 3494 2059 3564 excogitet
2103 3492 2348 3548 semitam

807 3582 945 3649 ejus.
981 3582 1085 3638 Sed
1111 3585 1204 3652 qui
1227 3586 1331 3639 scit
1358 3586 1611 3642 universa
1639 3586 1791 3641 novit
1816 3600 1957 3650 eam,
1981 3582 2217 3654 repperit
2231 3596 2351 3636 eam

810 3673 1091 3743 prudentia
1120 3690 1250 3728 sua:
1300 3677 1393 3744 qui
1419 3676 1677 3733 instruxit
1707 3693 1825 3733 eam
1864 3679 1919 3732 in
1966 3675 2350 3744 sempiternum

810 3772 1040 3834 tempus,
1071 3763 1312 3830 implevit
1339 3779 1457 3818 eam
1483 3767 1742 3835 iumentis
1762 3764 2230 3836 quadrupedibus;
2258 3764 2351 3832 qui

810 3849 1006 3903 emittit
1057 3850 1258 3912 lumen,
1288 3858 1343 3904 et
1371 3854 1538 3917 vadit,
1572 3855 1787 3909 vocavit
1827 3854 1979 3918 illud,
2025 3861 2078 3907 et
2115 3850 2352 3906 obedivit

810 3937 864 3992 ei
906 3951 1030 3990 cum
1074 3947 1335 3992 tremore:
1373 3949 1427 3994 et
1468 3944 1641 3998 stellae
1671 3943 2057 4013 splenduerunt
2083 3940 2136 3994 in
2166 3947 2349 3995 custo-

811 4027 918 4083 diis
949 4025 1064 4080 suis
1090 4033 1144 4080 et
1170 4027 1355 4081 laetata:
1381 4042 1542 4099 sunt;
1585 4034 1795 4088 vocavit
1830 4047 1943 4096 eos,
1962 4040 2015 4085 et
2042 4031 2296 4084 dixerunt
2332 4046 2346 4084 :

815 4117 1125 4182 Adsumus;
1176 4117 1564 4186 splenduerunt
1601 4139 1723 4178 cum
1773 4123 1953 4177 laetitia
2000 4121 2046 4174 ei
2089 4120 2181 4187 qui
2226 4118 2351 4172 fecit

815 4211 982 4278 ipsas.
1014 4204 1111 4259 llic
1153 4214 1236 4262 est
1267 4207 1409 4265 Deus
1452 4222 1655 4278 noster,
1691 4229 1796 4268 non
1836 4209 2169 4280 reputabitur
2200 4208 2337 4260 alius

816 4298 880 4351 ad
908 4296 1115 4365 ipsum:
1148 4300 1346 4367 reperit
1385 4315 1595 4357 omnem
1639 4304 1778 4357 viam
1815 4300 2068 4362 scientiae,
2102 4305 2155 4352 et
2197 4289 2378 4352 dedit

815 4400 935 4439 eam
981 4382 1148 4438 Jacob
1184 4401 1350 4455 puero
1394 4406 1514 4453 suo,
1542 4400 1596 4444 et
1636 4389 1794 4445 Israel
1835 4389 2032 4442 dilecto
2063 4401 2189 4442 suo.
2220 4385 2353 4441 Post

820 4475 933 4528 baac
962 4474 1017 4527 in
1043 4482 1183 4528 terra
1220 4477 1370 4533 visus
1391 4487 1494 4541 est,
1523 4486 1577 4532 et
1601 4494 1726 4532 cum
1754 4476 2063 4532 hominibus
2103 4483 2353 4530 versatus

815 4569 900 4617 est
920 4562 988 4617 “.
1027 4578 1046 4614 ι
1080 4560 1225 4617 Nihil
1264 4564 1555 4635 adjungere
1603 4570 1816 4633 Oportet
1856 4561 2054 4619 divinis
2104 4563 2351 4626 vocibus,

817 4667 936 4725 quae
954 4652 1354 4709 evidentissime
1383 4653 1716 4723 propositum
1743 4660 1986 4708 nostrum
2007 4656 2351 4708 conﬁrmant.

1391 4933 1630 5005 ,CAPUT
1662 4935 1779 4992 XX.

823 5031 903 5111 Aa
928 5032 1095 5090 Isaia.
1121 5068 1192 5080 —
1215 5042 1664 5108 Quemadmodum
1708 5046 1946 5103 Christus
1989 5049 2045 5103 in
2070 5047 2358 5129 Eggplum

886 5109 1052 5153 iturus
1087 5114 1369 5153 canebam.-
1414 5124 1463 5153 οι
1488 5131 1800 5153 numnum...
1821 5118 1875 5153 ε..
1896 5118 2116 5153 ηΑηρηι..
2149 5133 2260 5153 ...η
2286 5117 2358 5153 r..-

1087 5114 1388 5187 cauebatur,
1414 5124 1463 5168 et
1488 5131 1800 5186 quwcunque
1821 5118 1876 5173 in
1895 5118 2118 5173 aduentu
2147 5114 2260 5187 eius
2281 5117 2361 5186 [ιι-

895 5176 1016 5221 tura
1040 5170 1264 5235 fuerant.

1376 5266 1525 5324 Visio
1550 5275 1786 5347 Egypti.

897 5366 913 5397 ι
940 5348 1079 5436 _Ecce
1111 5346 1365 5407 Dominus
1400 5360 1547 5414 sedet
1576 5346 1741 5436 super
1767 5371 1912 5426 nube
1938 5371 2062 5434 levi,
2090 5376 2146 5425 et
2175 5366 2357 5422 veniet

832 5433 1228 5527 ianqyptuu-t,
1271 5446 1327 5492 et
1354 5433 1826 5513 commovebuntur
1854 5433 2159 5517 manufacta
2194 5456 2362 5527 ESY‘

2384 5227 2438 5288 D

2952 2535 3346 2594 ΚΕΦΑΛΑῙΟΒ

2448 2660 2581 2718 Ἀπὸ
2626 2657 2731 2712 τοῦ
2764 2654 3021 2722 Βαροὺχ.
3052 2681 3122 2722 7-5-
3153 2652 3249 2722 Ὠλς
3276 2650 3346 2701 αὖ

2511 2730 2684 2793 Θεὸς,
2753 2720 2958 2778 πᾶσαν
3005 2720 3155 2793 ὀδρν
3193 2720 3346 2793 ἐστισδ

2506 2790 2758 2853 Μωῧσέα
2800 2791 3167 2860 νομοθεσίας
3202 2790 3282 2860 Δἐπι
3312 2803 3346 2838 π

2506 2885 2645 2932 νος,
2690 2856 2964 2932 ὕστερὸν-
2994 2874 3143 2932 ποτε
3188 2856 3292 2909 ἐπὶ
3331 2873 3346 2907 1

2508 2926 2604 2990 καὶ
2632 2926 2716 2986 ’ἐν
2758 2926 2881 2995 τοῖς
2932 2926 3278 2997 ἀνθρώποις
3332 2944 3346 2977 4

2509 3002 2958 3074 προρητεὺεται.

2514 3135 2533 3168 ι
2572 3114 2666 3177 Τίς
2699 3109 2862 3179 ἀνέϐη
2913 3109 2996 3170 εἰς
3038 3107 3135 3159 τὸν
3182 3106 3346 3175 οὺραν

2456 3206 2622 3279 (δηλοῖ
2645 3203 2701 3256 δὲ
2727 3201 2823 3270 τὴν
2854 3198 3095 3266 σοφίαν),
3129 3196 3226 3249 καὶ
3255 3211 3346 3246 κατ

2443 3295 2705 3367 νεφελῶν;
2736 3290 2831 3353 Τίς
2855 3288 3014 3359 διέόη
3058 3286 3239 3356 πέραν
3287 3284 3346 3337 τῑ

2445 3390 2631 3460 αὐτὴν,
2668 3384 2762 3437 καί
2794 3381 2929 3434 οῐσει
2958 3379 3138 3450 αὐτὴν
3172 3374 3346 3449 χρυσία

2446 3483 2475 3534 ὁ
2512 3476 2791 3549 γινώσκων
2809 3472 2904 3543 τὴν
2932 3470 3057 3524 ὁδὸν
3088 3469 3291 3538 αὐτῆς,
3323 3484 3346 3519 ο

2447 3567 2629 3640 τρίϐον
2658 3562 2827 3633 αὐτῆς
2849 3576 2863 3589 ⁸
2896 3558 3040 3612 ἀλλὰ
3080 3560 3110 3612 ὁ
3154 3554 3315 3619 εἰδὼς

2449 3660 2567 3727 τὴν,
2597 3653 2815 3724 ἐξεῦρεν
2847 3650 3021 3720 αὐτὴν
3045 3652 3116 3719 τῇ
3152 3648 3346 3701 συνέσε

2452 3763 2548 3808 σας
2594 3743 2762 3813 αὐτὴν
2809 3741 2890 3803 εἰς
2938 3740 3038 3793 τὸν
3093 3738 3273 3792 αἰῶνα
3308 3755 3344 3806 χ

2454 3832 2663 3903 κτηνῶν
2705 3826 3158 3898 τετραπόδων.’0
3202 3828 3346 3879 ἀποσ

2454 3923 2686 3994 ρεύεται,
2723 3919 2985 3973 ἐκάλεσεν
3020 3918 3181 3983 αὐτὸ,
3206 3916 3346 3971 xuii.

2448 4012 2543 4066 καὶ
2573 4013 2620 4064 οἱ
2652 4009 2878 4080 ἀστέρες
2906 4007 3165 4079 ἔλαμψαν
3201 4009 3261 4061 ὲν
3294 4024 3346 4059 τε

2449 4099 2853 4171 ηὑφρὰνθησαν,
2872 4098 3143 4151 ἐκάλεσεν
3171 4099 3341 4150 αὐτοὺ

2448 4191 2693 4261 ἔλαμψαν
2722 4189 2859 4260 μετὰ
2886 4189 3244 4261 εὐφροσύνης
3274 4189 3346 4258 τῷ

2448 4299 2538 4345 τος
2561 4283 2590 4333 ὁ
2623 4280 2752 4342 Θεὸς
2788 4278 2975 4349 ἡμῶν,
3010 4281 3073 4333 οὐ
3112 4280 3346 4351 λογισοή

2448 4372 2538 4425 τόν
2557 4387 2571 4400 θ
2599 4368 2785 4440 ἐξεῦρε
2811 4369 3000 4422 πᾶσαν
3036 4369 3157 4423 ὁδὸν
3188 4373 3346 4423 ὲπιστ

2462 4457 2653 4512 Ἰακὼϐ
2693 4457 2771 4527 τῷ
2806 4457 2965 4510 παιδὶ
2995 4458 3190 4521 αὑτοῦ,
3226 4460 3322 4512 καὶ

2451 4551 2543 4602 ὑπ’
2577 4547 2762 4602 αὐτοῦ.
2796 4548 2955 4602 Μετὰ
3001 4549 3183 4602 ταῦτα
3211 4552 3308 4604 ἐπὶ
3344 4576 3345 4583 η

2450 4637 2755 4710 ἀνθρώποις
2784 4640 3235 4711 συνανεστράφη.
3265 4660 3287 4691 ι
3327 4641 3346 4692 (

2453 4730 2625 4790 Θείαις
2659 4728 2882 4795 φωναῖς,
2920 4729 3183 4800 ἐναργῶς
3216 4730 3300 4801 τῷ
3335 4748 3346 4781 τ

2463 4836 2592 4882 δαις.

2984 4932 3346 4988 ΚΕΦΑΛΑῘΟ

2469 5039 2609 5112 ’Διτῤ
2634 5038 2739 5092 τοῦ
2776 5037 3053 5097 Ἡσαΐου.
3092 5046 3279 5112 -Ὠς
3306 5051 3341 5101 ό

2531 5109 2703 5175 ἥξειν
2737 5114 3213 5178 προεφητεύετο,
3241 5109 3341 5169 καὶ

2531 5178 2715 5234 αὑτοῦ
2740 5178 3120 5249 γενήσεσθαι
3147 5184 3345 5254 ἕμελλ

2973 5274 3218 5346 Ὅρασις
3250 5278 3346 5346 Al}

2532 5380 2551 5411 ι
2572 5362 2703 5416 Ἰδοὺ
2748 5362 2956 5433 Κύριος
3007 5366 3255 5438 κάθηται
3311 5372 3339 5422 ὲ

2460 5451 2582 5519 ἥξει
2607 5455 2687 5516 εἰς
2717 5453 3017 5520 Αἴγυπτον,
3049 5456 3150 5510 κα.)⁸
3195 5460 3346 5514 σεισθ

830 5522 907 5592 μή
930 5534 961 5573 ³
992 5516 1130 5570 faeie
1155 5518 1293 5586 ejus,
1320 5534 1374 5578 εί
1396 5543 1489 5583 cor
1509 5547 1693 5591 eorum
1719 5550 2061 5613 snperabitur
2088 5548 2143 5602 in
2170 5516 2306 5610 615;“

1869 5550 2061 5603 rabitur
2088 5548 2143 5602 in
2170 5516 2363 5610 eis,"et
2465 5516 2738 5611 Αἰγύπτου
2772 5516 2880 5597 απὸ
2913 5547 3226 5615 προσώπου
3258 5555 3345 5607 αὐτ

897 5633 1204 5731 {3"‘3331‘8
1234 5635 1323 5731 ἐξ*
1397 5639 1591 5729 "955m
1628 5657 1834 5719 vu,5s.
1912 5665 1953 5697 ιο
1975 5664 2104 5720 ibid.
2131 5661 2216 5716 57.
2293 5655 2373 5712 ιιι

1912 5665 1953 5697 ¹⁰
1975 5664 2104 5720 ibid.
2131 5661 2216 5716 57.
2293 5658 2333 5693 υ
2364 5654 2467 5714 Isa.
2501 5674 2562 5725 ll,
2601 5660 2655 5716 5.
2732 5661 2774 5695 ³⁸
2800 5657 2953 5715 Psal.
2991 5675 3146 5731 vat,
3173 5665 3231 5722 9.
3313 5670 3345 5702 ιε

832 5706 967 5765 ruch
1025 5716 1106 5773 ιιι,
1131 5698 1320 5762 29-58.
1464 5718 1492 5727 “
