3738 6290
773 334 859 386 ἱἹί

1422 336 1681 394 EUSEBll
1711 340 2176 398 CAESARIENSXS
2202 341 2350 396 OPP.
2390 341 2564 395 PARS
2602 339 2664 395 ll.
2703 372 2771 380 —
2800 338 3333 394 APOLOGETICA.

782 460 1072 523 acceperat,
1103 450 1420 519 coniunctus
1450 454 1612 523 (quod
1642 471 1772 511 sane
1801 473 2016 527 corpus,
2051 475 2258 513 crassui

1901 475 2016 527 pus,
2051 475 2294 513 crassum
2325 468 2370 522 Α
2399 460 2456 511 τὸ
2488 458 2765 529 κρείττονα
2798 459 2831 528 ἢ
2868 457 2988 510 καθ’
3025 458 3192 526 ἡμᾶς
3229 451 3377 506 εἶναι

782 541 985 611 quidem
1013 545 1126 593 erat
1152 538 1221 593 oh
1247 553 1516 608 corporea:
1552 546 1783 598 materiae
1833 545 2103 600 duriorem
2137 554 2297 599 natu-

781 646 923 696 ram;
969 637 1025 681 at
1088 643 1277 683 rursus
1319 629 1454 694 leve,
1510 648 1574 686 eo
1605 634 1746 702 quod
1778 637 2117 704 praestantius
2154 644 2297 690 esset

779 734 930 791 quam
958 733 1019 772 ea
1047 733 1165 787 quae
1192 719 1258 773 ad
1288 735 1386 775 nos
1412 723 1698 789 pertinent,
1729 740 1795 778 ex
1827 741 1936 794 quo
1961 728 2121 779 etiam
2165 727 2297 781 levis

777 810 944 863 nubes
973 808 1300 873 nominatur,
1335 821 1613 880 pr0pterea
1642 815 1784 883 quod
1819 832 1926 868 non
1958 831 2020 867 ex
2056 818 2298 884 volupta—

774 901 851 951 ria
876 897 1236 964 corruptione,
1278 900 1368 951 sed
1401 900 1466 953 de
1508 898 1706 969 Spiritu
1749 911 1935 957 sancto
1966 905 2293 974 constabat),

773 988 827 1040 in
860 994 1000 1040 terra
1030 983 1401 1056 Egyptiorum
1431 989 1757 1046 diversatur.
1796 993 1971 1046 Causa
1998 1003 2172 1046 autem
2200 1011 2296 1048 cur

760 1076 897 1129 illuc
939 1078 1248 1141 accesserit,
1297 1079 1558 1133 rationem
1619 1081 1756 1134 hanc
1801 1082 1978 1138 habet.
2031 1084 2294 1147 Quoniam

770 1167 909 1220 enim
938 1166 994 1219 in
1024 1165 1253 1236 Egrpto
1305 1168 1514 1223 initium
1554 1172 1826 1238 accepisse
1863 1188 1925 1226 ea
1956 1188 2074 1241 qua:
2112 1174 2178 1227 ad
2210 1191 2295 1228 er-

771 1271 942 1311 rorem
982 1257 1192 1310 colendi
1249 1259 1532 1313 simulacra
1580 1262 1864 1328 pertinent,
1907 1272 2289 1326 memorantur,

770 1352 823 1398 et
858 1344 1177 1397 videbantur
1204 1348 1440 1399 omnium
1471 1347 1743 1401 hominum
1775 1350 2292 1418 superstitiosissimi

769 1447 887 1486 esse
918 1432 1174 1503 Egyptii,
1200 1434 1508 1503 inimicique
1547 1445 1705 1504 atque
1747 1438 1926 1492 hostes
1964 1439 2144 1508 populi
2178 1439 2291 1505 Dei,

771 1523 1178 1592 longissimeque
1217 1539 1246 1576 a
1278 1525 1549 1593 prophetis
1579 1527 1783 1588 abesse,
1829 1529 2017 1581 merito
2060 1530 2291 1597 primum

770 1613 906 1678 apud
950 1613 1068 1666 illos
1114 1612 1206 1666 Dei
1244 1616 1414 1669 virtus
1455 1626 1780 1670 commorata
1807 1625 1925 1671 est:
1966 1629 2293 1688 quapropter

769 1702 889 1768 plus
919 1701 1057 1769 apud
1087 1702 1384 1773 Egyptios.
1422 1719 1581 1772 quam
1619 1707 1755 1772 apud
1798 1721 1985 1760 omnes
2025 1707 2161 1761 alios
2191 1709 2287 1761 ho-

768 1790 960 1853 mines,
983 1794 1302 1861 evangelicae
1328 1793 1471 1847 illius
1493 1794 1754 1847 doctrinae
1784 1797 2000 1849 verbum
2032 1798 2285 1851 invaluit:
2321 1772 2362 1823 Β

766 1893 834 1931 ex
874 1894 981 1947 quo
1012 1880 1185 1948 ipsum
1228 1879 1508 1933 Dominum
1553 1882 1620 1935 ad
1676 1885 1796 1938 illos
1842 1899 2205 1947 accessurum,
2238 1894 2292 1940 et

768 1980 892 2018 cum
928 1967 1036 2020 illis
1081 1976 1410 2021 moraturum
1451 1985 1685 2036 prazsens
1741 1972 2014 2039 prophetia
2064 1974 2286 2027 divinat.

763 2051 832 2107 At
856 2069 962 2107 non
1019 2054 1297 2124 Egyptios
1342 2056 1396 2108 in
1428 2065 1622 2110 terram
1666 2057 1968 2114 Judazorum
2011 2071 2288 2124 venturos,

765 2158 936 2211 neque
995 2141 1379 2212 Hierosolyma,
1420 2156 1476 2198 ut
1529 2147 1600 2200 ibi
1643 2148 1790 2200 Illum
1837 2150 2078 2215 adorent,
2122 2168 2292 2220 neque

764 2244 891 2283 vero
924 2230 1117 2284 ibidem
1156 2230 1297 2283 inter
1323 2230 1537 2288 Iudaeos
1589 2251 1653 2289 ex
1701 2237 1768 2290 iis
1806 2253 1925 2305 qua:
1958 2253 1987 2290 a
2027 2238 2170 2293 M’ose
2211 2242 2291 2292 in-

763 2319 948 2371 stituta
1000 2326 1126 2372 sunt
1172 2324 1623 2391 peregrinaturos,
1678 2341 1851 2395 neque
1900 2328 2291 2383 sacriﬁcatur-os

761 2407 814 2458 in
854 2421 938 2470 eo,
969 2408 1112 2476 quod
1151 2418 1234 2464 est
1275 2411 1329 2463 in
1376 2411 1692 2478 Jerusalem,
1738 2416 1924 2470 altari:
1962 2417 2053 2470 sed
2097 2418 2287 2472 horum

761 2497 973 2565 quidem
1013 2498 1146 2550 nihil
1177 2514 1400 2568 prorsus
1441 2503 1514 2553 ait
1558 2501 1820 2566 futurum,
1865 2513 1918 2557 at
1964 2506 2137 2573 ipsum
2186 2507 2289 2560 Do-

760 2587 962 2641 minum
1024 2588 1293 2644 aditurum
1344 2591 1642 2662 Egyptios,
1692 2602 1744 2647 et
1783 2610 1881 2648 suo
1918 2597 2145 2651 adventu
2194 2599 2289 2651 ho-

757 2679 930 2734 mines
975 2681 1331 2752 dignaturum,
1378 2700 1800 2754 magnorumque
1845 2688 2105 2740 bonorum
2156 2690 2284 2756 ipsis

759 2776 1031 2823 auctorem
1084 2771 1348 2825 futurum.
1377 2770 1711 2827 Directuram
1739 2776 1999 2843 siquidem
2021 2776 2286 2845 perlectu-

760 2871 980 2925 ramque
1022 2860 1166 2915 illius
1209 2861 1348 2915 inter
1388 2862 1509 2916 illos
1552 2865 2046 2927 commorationem,
2078 2881 2139 2918 ca
2168 2879 2286 2935 qua:

754 2943 864 3012 jam
888 2961 943 3000 re
968 2948 1081 3014 ipsa
1113 2957 1235 3019 post
1265 2949 1559 3005 Salvatoris
1589 2954 1759 3006 nostri
1798 2950 1923 3007 Jesu
1958 2954 2155 3008 Christi
2190 2954 2286 3007 ad-

755 3044 993 3099 ventum,
1023 3041 1283 3108 completa
1312 3052 1637 3108 cernuntur;
1671 3058 1788 3111 qua:
1818 3058 1976 3112 porro
2016 3044 2127 3099 haec
2148 3046 2276 3108 sint,
2311 3087 2352 3140 Β

757 3123 1125 3192 inSpiciamus.
1159 3129 1311 3199 liqui
1343 3133 1494 3201 prius
1520 3134 1829 3189 incolebant
1855 3134 2160 3205 IEgyptum,
2201 3139 2283 3190 vi—

756 3213 879 3265 tiosi
908 3217 1164 3287 pravique
1207 3219 1497 3285 daemones,
1550 3239 1644 3292 per
1691 3231 1855 3277 multa
1901 3227 2093 3278 saecula
2124 3227 2178 3279 in
2208 3227 2284 3280 si-

756 3303 1011 3358 mulacris
1056 3308 1345 3373 latitantes,
1405 3312 1721 3381 animasque
1744 3313 2113 3382 {Egyptiorum
2135 3317 2283 3371 omni

754 3395 1148 3461 superstitionis
1170 3401 1339 3453 errori
1359 3401 1666 3457 addicentes
1695 3419 1756 3457 ac
1775 3405 2140 3471 subjicientes,
2158 3423 2282 3461 cum

754 3483 1052 3538 sensissent
1093 3503 1283 3543 novam
1321 3491 1606 3559 quamdam
1654 3494 1992 3563 divinamque
2033 3496 2279 3550 virtutem

755 3572 818 3624 ad
852 3588 909 3627 se
934 3580 1243 3638 accessisse,
1287 3580 1430 3632 illico
1485 3583 1734 3634 commoti
1778 3592 1919 3645 sunt,
1968 3593 2020 3636 et
2059 3581 2284 3637 ﬂuctua-

753 3663 951 3717 tionem
996 3680 1057 3720 ac
1103 3669 1550 3735 perturbationem
1599 3672 1651 3724 in
1707 3674 1897 3740 seipsis
1930 3674 2278 3741 pertulerunt,

755 3766 952 3820 corque
985 3753 1224 3821 ipsorum
1284 3766 1336 3811 et
1382 3760 1461 3813 vis
1508 3760 1834 3829 intelligendi
1881 3762 2200 3817 intrinsecus
2227 3765 2281 3817 in

755 3841 885 3908 ipsis
902 3852 1143 3895 convrcta
1180 3852 1324 3908 sunt,
1355 3856 1734 3917 cesseruntque
1761 3866 1822 3903 ac
1851 3850 2026 3919 fugata
2048 3860 2173 3904 sunt
2211 3853 2278 3905 ab

753 3946 815 3983 ea
845 3931 1057 3993 virtute,
1086 3948 1206 4000 qua:
1233 3935 1404 3988 visum
1436 3938 1693 4008 eifugiens
1735 3941 1854 3993 illos
1903 3942 2276 4009 compellebat,

751 4027 808 4072 et
850 4021 990 4089 ignis
1018 4022 1190 4075 instar
1223 4023 1477 4079 ineﬂ‘ahili
1509 4028 1739 4095 quadam
1768 4030 1971 4083 ratione
1999 4030 2274 4083 adurebat.

756 4107 818 4160 Et
864 4117 992 4163 tunc
1024 4109 1241 4179 quidem
1292 4112 1638 4169 invisibiliter
1670 4116 1939 4171 daemones
1980 4119 2102 4170 talia
2133 4119 2276 4184 passi

734 4204 899 4259 'sunt,
929 4213 1049 4251 cum
1082 4196 1324 4252 Salvator
1360 4211 1542 4256 noster
1569 4203 1724 4260 Jesus
1754 4205 2001 4260 Christus
2033 4208 2083 4258 in
2114 4206 2278 4277 Egy-

752 4293 902 4353 ptum
931 4299 1052 4337 cum
1081 4285 1279 4340 visibili
1306 4302 1531 4357 corpore
1558 4293 1820 4357 pervenit.
1854 4293 2015 4361 298
2056 4293 2124 4344 Αι
2155 4310 2278 4347 vero

2398 544 2785 613 ὀνομαζομένῃ,
2818 544 2905 597 διὰ
2936 543 2996 595 τὸ
3034 544 3118 613 μὴ
3154 541 3223 605 ἐξ
3260 543 3370 611 ἠδυ

2397 635 2455 699 ἐξ
2498 635 2648 702 ἁγίου
2687 634 2999 704 Πνεύματος
3046 633 3377 701 συστῆναι,

2399 725 2649 793 ἐπιδημεῖ
2691 722 2861 793 χώρᾳ.
2920 723 2984 773 Ἦ
3026 722 3076 774 δ’
3126 724 3295 774 αἰτία
3344 739 3377 773 τ

2396 813 2555 866 αὐτοῦ
2601 814 2786 866 τοῦτον
2830 813 2944 883 ἔχει
2998 814 3100 864 τὸν
3158 812 3353 879 λόγον.

2396 903 2584 976 πρώτῃ
2616 903 2878 974 κατάρξαι
2919 903 2991 955 τὰ
3019 903 3134 973 τῆς
3170 903 3377 954 εἰδωλο

2398 995 2705 1065 μονεύεται,
2754 995 2974 1048 ἐδόκουν
3015 1011 3081 1046 τε
3143 993 3378 1046 πάντων

2392 1085 2934 1154 δεισιδαιμονέστατοι
2982 1083 3326 1153 τυγχάνειν,

2395 1175 2634 1244 πολέμιοι
2675 1175 2764 1227 τοῦ
2812 1173 2945 1227 λαοῦ
2995 1174 3097 1226 τοῦ
3136 1172 3312 1235 Θεοῦ,
3365 1191 3378 1224 τ

2393 1263 2638 1316 πλεῖστον
2666 1266 2787 1317 ὅσον
2820 1264 3174 1332 ἀφεστῶτεςο
3214 1264 3378 1316 είκότ

2391 1355 2483 1407 τοῦ
2516 1355 2646 1407 Θεοῦ
2672 1356 2863 1424 ἐφίστη
2898 1355 3163 1424 δύναμις·
3197 1355 3284 1407 διὸ
3322 1373 3378 1408 κε

2396 1446 2589 1514 μᾶλλον
2623 1447 2749 1516 παρ’
2776 1446 3104 1513 Αἰγυπτίοις
3149 1446 3378 1515 ἴσχυσεν

2393 1537 2551 1589 αὐτοῦ
2585 1538 2928 1601 διδασκαλίας
2971 1539 3164 1606 λόγος.
3209 1538 3378 1591 ’Ὸθεν

2390 1628 2508 1680 τεία
2536 1628 2694 1680 αὐτὸν
2726 1629 2908 1691 αὐτοῖς
2945 1629 3335 1699 ἐπιδημήσειν
3370 1647 3378 1661 ι

2392 1716 2505 1769 ἀλλ’
2537 1717 2658 1785 οὐχὶ
2698 1718 2821 1779 τοὺς
2865 1718 3216 1784 Αἰγυπτίους
3250 1717 3375 1787 ἥξει

2392 1790 2599 1877 χώραν,
2633 1807 2750 1859 οὐδέ
2797 1824 2861 1874 γε
2910 1810 2989 1869 εἰς
3053 1807 3132 1860 τὰ
3194 1807 3376 1877 Ἱεροσ

2389 1897 2553 1966 αὐτῷ,
2585 1897 2691 1950 οὐδ’
2724 1897 2973 1956 ἐνταῦθα,
3000 1897 3153 1950 κατά
3189 1898 3261 1950 τὰ
3307 1914 3378 1949 πο

2388 1990 2649 2058 ταγμένα,
2685 1987 3154 2060 προσηλυτεύσειν
3194 1988 3374 2041 Ἰουδα

2391 2079 2510 2142 σίας
2540 2081 2598 2132 ὲν
2629 2080 2704 2150 τῷ
2733 2080 2868 2150 πρὸς
2897 2083 2964 2149 τῇ
3013 2079 3378 2148 Ἰερουσαλὴμ

2386 2168 2590 2222 τούτων
2624 2169 2720 2238 μὲν
2750 2168 2968 2221 ἔσεσθαί
2999 2184 3177 2238 φησιν
3208 2168 3372 2220 οὐδὲν

2387 2257 2479 2311 τὸν
2532 2259 2889 2328 ἐπιδημήσειν
2939 2261 3061 2320 τοῖς
3117 2256 3378 2325 Atye-mli

2388 2348 2686 2418 παρουσίας
2734 2346 3107 2412 καταξιὼσειν
3154 2349 3291 2410 τοὺς
3331 2349 3378 2400 ἄε

2388 2435 2599 2503 ἀγαθῶν
2645 2435 3088 2506 καταστήσεσθαι
3135 2436 3317 2488 αἴτιον
3366 2453 3378 2486 ι

2387 2523 2515 2592 γοῦν
2557 2523 2718 2577 αὐτοῦ
2759 2524 2855 2593 τὴν
2896 2525 3209 2595 ἐπιδημίαν
3257 2525 3378 2576 ταῖν

2388 2613 2562 2682 ἔργοις
2593 2612 2726 2681 μετὰ
2756 2611 2854 2681 τὴν
2886 2612 2984 2664 τοῦ
3020 2614 3289 2683 Σωτῆρος
3315 2616 3378 2683 ήι.

2387 2700 2510 2752 στοῦ
2555 2699 2870 2767 ἐπιφάνειαν
2905 2701 3238 2754 συνίσταται
3283 2720 3378 2754 πετ

2383 2785 2471 2858 ἦν,
2527 2786 2860 2857 θεασώμεθα.
2912 2790 2980 2841 Οἱ
3045 2793 3182 2862 πρὶν
3233 2794 3338 2863 τὴν

2385 2877 2572 2947 φαῦλοι
2615 2878 2706 2930 καὶ
2760 2877 3033 2948 μοχθηροὶ
3084 2880 3369 2950 δαίμονες,

2382 2971 2491 3030 τοῖς
2524 2965 2723 3030 ξοάνοις
2754 2967 3200 3036 ἐμφωλεύοντες,
3241 2971 3340 3022 καὶ
3372 2989 3378 3005 ι

2382 3057 2554 3127 ψυχὰς
2583 3056 2727 3127 πάσῃ
2757 3056 3194 3127 δεισιδαιμονίας
3241 3059 3378 3112 πλάν

2384 3146 2780 3215 συναισθόμενοι
2810 3145 2980 3218 ξένης
3019 3149 3170 3211 τινὸς
3205 3150 3302 3202 καὶ
3332 3151 3378 3201 ἐι

2348 3233 2649 3306 ⁶δημούσης
2694 3234 2919 3299 αὐτοῖς,
2975 3238 3185 3291 αὐτίκα
3236 3255 3378 3290 συνεί

2381 3329 2561 3381 κλόνον
2589 3330 2645 3380 ὲν
2671 3330 2881 3389 ἑαυτοῖς
2920 3330 3253 3398 πάσχοντες,
3285 3330 3319 3398 ἥ
3346 3347 3377 3380 τ

2379 3417 2681 3486 διανοητικὴ
2700 3416 2932 3487 δύναμις
2962 3420 3169 3488 ἡττᾶτο
3207 3419 3356 3472 ἔνδον

2384 3508 2548 3578 ροῦσα
2586 3509 2679 3560 καὶ
2717 3510 2996 3579 νικωμένη
3036 3509 3145 3560 ὑπὸ
3190 3509 3293 3579 τῆς
3332 3511 3378 3561 ἀι

2383 3614 2500 3667 σης,
2530 3598 2621 3649 καὶ
2650 3596 2815 3666 πυρὸς
2863 3596 3026 3665 δίκην
3068 3599 3296 3668 ἀρρήτῳ
3346 3596 3377 3647 λι

2378 3689 2501 3748 τοὺς
2530 3686 2825 3756 δυνάμεως.
2870 3686 3036 3739 Ἀλλὰ
3064 3690 3189 3739 τότε
3220 3689 3317 3756 μὲν
3345 3688 3378 3737 ἀ

2377 3777 2547 3830 ταῦτα
2595 3776 2826 3845 ἔπασχον
2876 3777 2971 3830 ἐπὶ
3017 3780 3082 3847 τῇ
3130 3777 3227 3829 τοῦ
3279 3778 3378 3827 Σω-

2376 3865 2608 3935 Χριστοῦ
2631 3868 2709 3925 εἰς
2738 3865 2836 3934 τὴν
2860 3866 3138 3933 Αἴγυπτον
3164 3866 3378 3934 ὲνσάρκι

2375 3955 2432 4006 δὲ
2482 3954 2618 4024 μετὰ
2645 3954 2815 4007 ταῦτα
2865 3956 3095 4026 γυμνῶς
3148 3956 3248 4025 ἤδη
3297 3955 3375 4005 λοι

2376 4043 2696 4110 Εὐαγγέλιον
2726 4050 2838 4107 τοῖς
2874 4046 3213 4114 Αἰγυπτίοις,
3249 4045 3378 4094 (nam

2378 4135 2494 4194 ποίς
2526 4131 2749 4197 ἔθνεσιν,
2784 4137 3149 4207 ὲκηρύττετο,
3183 4135 3217 4203 ἦ
3243 4150 3303 4184 τε
3336 4135 3378 4184 ἀι

2380 4236 2468 4287 μις
2513 4221 2607 4273 σὺν
2638 4225 2748 4286 τοῖς
2790 4225 3115 4287 ἀποστόλοις
3149 4222 3309 4276 αὑτοῦ
3345 4239 3378 4272 τε

2377 4308 2683 4376 πράττουσα
2727 4311 2948 4376 αὐτοῖς,
2981 4314 3076 4365 καὶ
3110 4310 3378 4380 συνεργοῶ

752 4393 1033 4451 postquam
1080 4383 1237 4451 plane
1281 4383 1391 4450 jam
1440 4385 1609 4453 ipsius
1643 4386 1979 4454 Evangelium
2014 4385 2079 4437 ad
2109 4385 2228 4456 £31

1900 4402 1979 4438 um
2014 4385 2079 4437 ad
2109 4385 2274 4456 Egy—
2305 4387 2535 4449 υλουσα
2582 4399 2649 4450 δι’
2696 4401 2880 4456 αὐτῶν
2932 4404 3033 4470 τὴν
3084 4401 3280 4469 εὐσεϐῆ
3342 4399 3370 4450 ὃ

753 4468 913 4537 ptios,
953 4469 1093 4522 sicut
1117 4468 1184 4521 ad
1217 4470 1452 4539 reliquas
1480 4478 1664 4539 gentes
1687 4473 1948 4540 perlatum
1980 4482 2081 4536 est,
2111 4483 2163 4528 et
2202 4478 2276 4528 in—

734 4556 978 4611 visibilis
1007 4557 1124 4625 ejus
1152 4558 1344 4620 virtus,
1383 4575 1488 4612 una
1511 4575 1631 4614 cum
1651 4561 1768 4629 ejus
1799 4564 2059 4632 apostolis
2084 4564 2274 4629 adfuit,

750 4661 868 4715 qua:
900 4647 1126 4701 latenter
1162 4648 1282 4704 illos
1312 4649 1611 4718 adjuvaret,
1653 4658 1707 4704 et
1733 4667 1838 4704 una
1864 4667 1986 4706 cum
2031 4654 2136 4708 illis
2165 4670 2273 4708 rem

752 4737 1127 4808 negotiumque
1153 4748 1379 4805 gereret,
1409 4754 1474 4793 ac
1513 4756 1608 4809 per
1635 4757 1730 4796 eos
1774 4742 2073 4812 religiosam
2107 4745 2276 4813 piam-

751 4839 853 4888 que
884 4826 1051 4893 ipsius
1072 4826 1369 4881 doctrinam
1403 4829 1774 4891 denuntiaret.
1806 4848 2077 4903 unumque
2101 4834 2273 4888 solum

750 4920 814 4959 ac
844 4925 1025 4965 verum
1068 4915 1229 4969 Deum
1281 4918 1462 4971 colere
1491 4917 1885 4984 adhortaretur,
1916 4929 1967 4974 et
1991 4937 2084 4977 eos
2115 4936 2143 4973 a
2168 4921 2276 4974 dte-

752 4996 999 5051 monibus
1033 5012 1318 5068 averteret,
1355 5006 1446 5074 qui
1477 5006 1628 5074 prius
1655 5008 1860 5078 decepti
1900 5010 2146 5065 fuerant:
2185 5011 2273 5063 hic

751 5078 861 5144 jam
888 5090 996 5137 tum
1024 5090 1286 5159 Egyptiis
1316 5097 1455 5151 sicut
1481 5098 1642 5151 etiam
1672 5100 1895 5169 reliquis
1917 5101 2162 5171 gentibus
2183 5116 2270 5154 se-

747 5438 1020 5532 contrario
1032 5439 1128 5532 bos
1148 5440 1291 5508 ipsos
1312 5461 1866 5532 Oppugnarent,atque
1884 5463 1951 5517 ad
1965 5463 2266 5530 hujusmodi

749 5523 961 5578 facinus
1007 5540 1037 5578 a
1084 5526 1393 5588 domesticis
1438 5523 1994 5607 daemonibus-furore
2033 5523 2263 5622 quodam

750 5614 1167 5678 concitarentur,
1212 5617 1343 5674 adeo
1375 5631 1431 5675 ut
1471 5623 1665 5684 fratres
1700 5649 1728 5687 a
1775 5637 2029 5696 fratribus
2052 5614 2259 5711 disjun.

2381 4484 2536 4552 μόνον
2560 4486 2649 4539 τὸν
2681 4489 2797 4554 ἕνα,
2822 4494 2924 4544 καὶ
2958 4491 3116 4561 μόνον
3148 4489 3314 4559 ἀληθῆ
3344 4489 3378 4539 Θ

2378 4576 2721 4649 κελευομένη,
2756 4581 2872 4635 τῶν
2909 4584 2966 4635 δὲ
3012 4582 3273 4651 δαιμόνων
3305 4578 3378 4629 τοί

2383 4665 2570 4732 μένους
2612 4666 2924 4734 ἀφιστῶσα·
2970 4668 3201 4725 ἐνταῦθα
3237 4665 3378 4719 λοιπὲ

2378 4751 2653 4821 ὼσπεροῦν
2679 4754 2772 4807 καὶ
2800 4761 2925 4820 τοῖς
2963 4759 3166 4816 λοιποῖς
3207 4754 3377 4805 ἔθνεσι

2382 4856 2477 4908 μσς
2501 4839 2757 4908 ἐμφύλιος
2782 4848 3092 4909 συνίστατο,
3117 4844 3223 4898 τῶν
3258 4842 3356 4911 μὲν

2375 4927 2628 4981 πολυθέου
2652 4931 2886 5005 πλάνης,
2915 4937 3010 4990 καὶ
3033 4934 3111 5004 τῷ
3146 4930 3277 4985 Θεοῦ
3317 4931 3378 4998 xl

2372 5018 2697 5088 τρεχόντων,
2743 5023 2854 5078 τῶν
2897 5025 2956 5077 δὲ
2995 5024 3054 5089 ἐξ
3098 5020 3339 5081 ἐναντίας

2371 5124 2496 5169 των,
2532 5108 2758 5164 καὶὺπὸ
2785 5115 2893 5167 τῶν
2916 5114 3127 5166 οἰκείων
3159 5110 3378 5179 δαιμόνιι

2371 5196 2446 5259 ὼς
2475 5198 2568 5250 καὶ
2597 5199 2861 5271 ἀδελφοὺς
2889 5204 3127 5272 ἀλλήλων
3157 5198 3378 5254 διίστασ(

2371 5284 2559 5347 τάτους
2584 5288 2671 5341 διὰ
2712 5289 2882 5359 ξιφῶν
2921 5295 3112 5362 χωρεῖν
3158 5291 3253 5357 τῆς
3290 5286 3378 5338 τοῦ

2370 5373 2487 5436 λίας
2513 5377 2714 5433 ἕνεκεν.
2742 5383 2909 5453 Φησὶν
2934 5386 2963 5436 ό
2988 5381 3223 5452 χρησμός
3241 5397 3253 5409 ⁶
3292 5400 3309 5429 ε
3336 5380 3378 5430 Κ

2368 5462 2649 5529 Αἰγύπτιοι
2682 5470 2768 5521 ἐπ’
2797 5472 3138 5539 Αίγυπτίους,
3169 5467 3260 5521 καὶ
3303 5464 3378 5516 πο]

2370 5553 2457 5606 τὸν
2501 5556 2723 5627 ἀδελφὸν
2763 5562 2959 5625 αὐτοῦ,
3002 5560 3091 5613 καὶ
3137 5558 3376 5625 ἄνθρωπο

2369 5640 2477 5693 τοῦ.
2516 5663 2532 5693 ι
2565 5645 2858 5704 Πιστοῦται
2902 5650 2955 5702 δὲ
2992 5649 3085 5718 τὴν
3127 5658 3378 5714 πρηφητεκ
