3738 6288
42 381 159 438 675

970 381 1606 439 DEMONSTRATIONIS
1637 376 2085 440 EVANGELICE
2122 373 2247 435 LIB.
2288 381 2374 438 Vl.

3126 395 3231 448 474

42 490 210 555 αὐτὸς
239 493 277 544 ά
298 489 485 559 Σωτὴρ
738 491 958 558 φάσκων
1007 495 1064 546 ἐν
1104 496 1213 555 τοῖς
1246 492 1602 560 Εὑαγγελιοις·

1704 503 1974 562 gerentur,
1999 498 2052 547 et
2075 490 2331 549 doctrina:
2356 495 2556 550 Christi
2584 514 2765 563 causa,
2789 506 2943 558 etiam
2970 507 3230 563 charissi-

47 601 69 636 ι
102 578 423 648 Παραδιὶηει
450 579 681 646 ἀδελφὸς
715 580 940 647 ἀδελφὸν
972 584 1049 644 είς
1090 581 1328 641 θάνατον,
1372 581 1464 633 καὶ
1504 598 1606 635 πα·-

42 673 144 741 τῂρ
190 670 416 733 τέκνον,
449 669 549 721 καὶ
590 671 1052 738 ἐπαναστήσονται
1094 672 1256 723 τέκνα
1297 670 1386 721 ἐπὶ
1413 672 1603 735 γονεῖς,

46 761 136 813 καὶ
164 757 573 811 θανατώσουσιν
617 757 830 821 αὐτούς.
879 777 896 808 ι
939 760 1047 810 Καὶ
1078 756 1255 820 αὖθις·
1289 776 1307 808 ι
1344 758 1431 828 Μὴ
1462 760 1607 827 νομί-

48 863 194 916 σητε,
228 848 319 899 ὅτι
360 840 523 913 ἦλθον
562 844 787 914 ςίρήνην
826 843 1005 897 δοῦναι
1037 845 1094 895 ἐν
1114 848 1178 913 τῇ
1206 847 1296 913 γῇ,
1323 845 1440 912 οὐχ)⁵
1469 845 1608 912 λέγω

50 937 192 1004 ὑμῖν,
220 934 343 986 ἀλλ’
370 934 401 1003 ἢ
438 933 837 1002 διαμερισμόν·
879 932 1086 986 ἔσονται
1121 935 1228 1003 γὰρ
1255 934 1359 987 ἀπὸ
1391 934 1482 987 τοῦ
1514 933 1605 985 νῦν

53 1025 206 1076 πέντε
234 1026 294 1075 ὲν
329 1022 454 1091 οἴκῳ
487 1022 573 1074 ἑνὶ
616 1022 1113 1093 διαμεμερισμένου
1149 1028 1295 1093 τρεῖς
1320 1025 1410 1075 ἐπὶ
1437 1025 1604 1085 δυσὶν,

48 1111 135 1162 καὶ
166 1109 264 1161 δύο
299 1110 384 1160 ἐπὶ
416 1108 584 1177 τρισί.
614 1109 1122 1178 Διαμερισθήσονται
1159 1111 1329 1181 πατὴρ
1365 1112 1453 1162 ἐπὶ
1485 1111 1604 1179 υἱῷ,

49 1198 136 1250 καὶ
181 1199 297 1259 υίὸς
338 1198 429 1248 ἐπὶ
465 1197 661 1267 πατρὶ,
715 1199 891 1268 μήτηρ
931 1200 1022 1250 ἐπὶ
1058 1201 1155 1269 τὴν
1202 1200 1488 1271 θυγατέρα,
1516 1203 1606 1253 καὶ

50 1286 287 1356 θυγάτηρ
336 1288 429 1338 ἐπὶ
455 1285 559 1356 τὴν
606 1286 842 1357 μητέρα,
876 1287 1108 1357 πενθερὰ
1135 1289 1225 1340 ἐπὶ
1250 1289 1345 1359 τὴν
1372 1290 1603 1359 νύμφην,

51 1379 136 1431 καὶ
178 1379 367 1451 νύμφη
415 1378 510 1429 ἐπὶ
549 1378 652 1447 τὴν
695 1378 978 1450 πενθεράν.
1024 1399 1042 1429 ι
1074 1381 1136 1432 Τί
1177 1381 1282 1452 γὰρ
1318 1382 1483 1435 ταῦτα
1510 1384 1605 1450 τῆς

52 1470 383 1539 προφητικῆς
414 1468 667 1538 διαφέροι
709 1467 774 1519 ἂν
810 1468 1022 1536 φωνῆς,
1055 1469 1147 1520 ἐπὶ
1175 1474 1241 1540 τῇ
1284 1471 1373 1522 τοῦ
1408 1472 1604 1541 Κυρίου

53 1562 124 1623 εἰς
161 1560 437 1626 Αἴγυπτον
484 1558 766 1628 παρουσίᾳ
808 1556 1104 1626 λεγούσης,
1151 1558 1603 1629 ὲπεγερθήσεσθαι

52 1649 369 1716 Αἰγυπτίους
403 1649 527 1700 κατ’
559 1645 902 1713 Αἰγυπτίων,
932 1646 1023 1698 καὶ
1058 1646 1376 1718 πολεμήσειν
1401 1648 1606 1715 ἄνθρω-

55 1753 140 1789 πον
183 1736 269 1789 τὸν
308 1734 543 1802 ἀδελφὸν
571 1732 741 1786 αὐτοῦ
764 1748 778 1795 ;
799 1731 922 1791 Kal.
954 1731 1112 1800 νόμος
1148 1733 1203 1785 δὲ
1231 1735 1258 1786 ό
1285 1732 1381 1801 τῆς
1401 1733 1602 1800 Καινῆς

56 1823 306 1893 Διαθήκης
346 1821 443 1874 τοῦ
485 1818 727 1890 Χριστοῦ
774 1820 864 1871 ἐπὶ
909 1821 1069 1888 νόμον
1100 1818 1188 1872 τὸν
1221 1821 1316 1889 τῆς
1349 1818 1602 1871 πολυθέου
1632 1806 1674 1858 Β

54 1910 467 1979 δεισιδαιμονίας
543 1907 831 1977 ἠγείρετο,
894 1908 981 1958 ὅτε
1051 1906 1155 1960 τῶν
1215 1906 1604 1978 είδωλολατρῶν

60 1999 204 2052 ἐθνῶν
230 2001 396 2069 νόμος
418 2000 524 2068 τὴν
554 1998 793 2069 Χριστοῦ
839 1996 1086 2066 πολεμῶν
1123 1999 1477 2059 διδασκαλίαν,
1509 2000 1605 2050 πό-

59 2088 127 2151 λις
147 2106 201 2139 τε
238 2091 333 2143 καὶ
359 2090 617 2143 πολιτεία
655 2092 756 2160 τῆς
796 2094 853 2144 ὲν
878 2088 1093 2162 Χριστῷ
1150 2089 1464 2158 Ἐκκλησίας
1495 2093 1604 2151 τοῖς

62 2181 149 2233 τῶν
187 2182 436 2235 ἀπίστων
485 2181 660 2234 ἐθνῶν
708 2182 1094 2251 πολιτεύμασιν
1140 2182 1473 2234 ἐπανίστατο.
1516 2182 1605 2234 Διὸ

60 2270 297 2323 λέλεκται·
331 2290 351 2322 ι
400 2271 569 2335 Πόλις
608 2272 705 2324 ἐπὶ
740 2272 911 2333 πόλιν,
945 2272 1039 2323 καὶ
1065 2271 1223 2340 νόμος
1248 2272 1336 2322 ἐπὶ
1368 2271 1541 2339 νόμον.
1578 2289 1595 2322 ι

67 2362 196 2412 Ἔστι
217 2362 270 2412 δὲ
291 2362 388 2413 ἐπὶ
408 2361 628 2424 τούτοις
653 2363 778 2425 τοὺς
800 2362 1124 2428 Αἰγυπτίους
1150 2360 1351 2423 πάντας
1383 2361 1503 2422 τοὺς
1528 2361 1603 2411 εί-

62 2449 393 2520 εωλολάτρας,
437 2450 502 2502 τό
550 2467 612 2502 τε
639 2450 891 2521 ἐνεργοῦν
913 2453 969 2503 ὲν
1006 2451 1184 2512 αὐτοῖς
1205 2449 1301 2518 τῆς
1333 2449 1604 2503 είδωλολαη

64 2540 219 2607 τρείας
248 2539 510 2609 πνεῦμα,
546 2541 780 2593 συνιδεῖν
819 2540 1247 2610 ταραττομένους
1283 2540 1443 2592 είσέτι
1487 2539 1597 2605 νῦν,

64 2628 319 2681 καὶπολλὰ
355 2630 463 2699 μὲν
493 2628 911 2698 βουλευομένους
952 2629 1091 2682 κατὰ
1121 2631 1218 2700 τῆς
1249 2628 1339 2681 τοῦ
1371 2629 1600 2699 Χριστοῦ

65 2718 394 2783 διδασκαλίας,
432 2720 515 2783 ὡς
546 2719 614 2772 ἂν
670 2720 908 2772 σϐέσοιεν
955 2720 1141 2790 αὐτὴν,
1176 2721 1268 2772 καὶ
1311 2720 1369 2783 ἐξ
1398 2719 1601 2790 ἀνθρώ-

66 2822 160 2859 πων
185 2809 524 2875 ἀφανίσοιεν,
557 2809 907 2861 διασκεδαννυ
916 2809 1105 2878 μένους
1127 2808 1183 2860 δὲ
1201 2808 1303 2860 ὑπὸ
1325 2807 1419 2859 τοῦ
1445 2807 1598 2870 Θεοῦ,

68 2897 298 2965 φήσαντος
324 2900 383 2950 ὲν
414 2900 492 2967 τῇ
532 2899 874 2969 προφητείᾳ·
911 2917 929 2947 σ
968 2897 1072 2950 Καὶ
1109 2897 1498 2967 ταραχθήσεται
1544 2898 1603 2949 τὸ

69 2985 249 3054 πνεῦμα
289 2987 401 3040 τῶν
459 2987 773 3055 Αἰγυπτίων
815 2990 871 3040 ὲν
907 2989 1104 3050 αὐτοῖς,
1146 2988 1237 3041 καὶ
1284 2987 1379 3055 τὴν
1413 2986 1600 3056 βουλὴν

1704 596 1821 635 mos
1874 581 1975 636 sibi
2007 580 2194 649 gladiis
2220 583 2606 650 transﬁgerent.
2637 585 2724 638 Ait
2748 590 2885 641 enim
2913 593 3221 645 oraculum:

1709 686 1726 716 ι
1759 667 1827 720 Et.
1877 669 2246 722 excitabuntur
2304 668 2540 738 Egyptii
2589 679 2774 724 contra
2824 675 3117 745 Egyptios,
3171 689 3226 732 et

1706 756 1906 809 bellum
1939 765 2081 825 geret
2121 757 2279 810 homo
2320 765 2507 810 contra
2534 757 2750 812 fratrem
2778 775 2953 827 suum,
2981 774 3032 818 et
3062 767 3225 819 homo

1709 852 1899 901 contra
1943 844 2235 911 proximum
2282 860 2460 899 suum.
2492 863 2511 896 ι
2566 844 2856 900 Conﬁrmat
2893 859 3064 905 autem
3097 869 3224 922 pro-

1706 933 1972 1000 plicticam
2008 932 2399 999 praedictionem
2433 934 2591 986 etiam
2633 934 2745 1001 ipse
2774 936 3018 990 Salvator
3043 950 3223 995 noster

1708 1024 1760 1075 in
1806 1021 2123 1089 Evangeliis.
2153 1022 2374 1075 dicens:
2422 1041 2441 1073 ε
2470 1021 2665 1077 Tradet
2718 1024 2880 1078 frater
2927 1026 3139 1081 fratrem
3166 1032 3223 1087 in

1708 1119 1952 1168 mortem.
1983 1120 2036 1162 ct
2065 1119 2213 1178 pater
2244 1112 2430 1171 tilium,
2461 1120 2513 1164 et
2541 1122 2865 1182 consurgent
2908 1115 3002 1168 ﬁlii
3036 1118 3224 1173 adver-

1705 1214 1798 1251 sus
1840 1207 2105 1266 parentes,
2154 1208 2207 1252 et
2265 1199 2579 1253 interﬁcient
2619 1216 2711 1255 eos
2732 1203 2792 1255 ι’.
2825 1220 2843 1252 ι
2886 1201 2951 1256 Et
2994 1220 3219 1260 rursus:

1708 1287 1924 1341 «Nolite
1972 1297 2158 1355 putare
2201 1288 2343 1356 quod
2395 1288 2632 1342 venerim
2682 1304 2867 1357 pacem
2918 1292 3124 1347 mittere
3166 1294 3221 1347 in

1706 1385 1920 1438 terram,
1973 1391 2078 1428 non
2111 1375 2233 1429 dico
2255 1377 2422 1439 vobis,
2469 1377 2561 1431 sed
2608 1380 3033 1447 separationem;
3066 1391 3222 1435 erunt

1702 1467 1842 1520 enim
1869 1482 1933 1519 ex
1961 1467 2082 1531 hoc,
2116 1467 2353 1536 quinque
2383 1469 2434 1521 in
2463 1468 2624 1522 domo
2649 1484 2776 1533 una,
2808 1480 2916 1525 tres
2943 1469 3104 1526 divisi
3134 1474 3224 1526 ad-

1701 1575 1888 1614 versus
1924 1559 2078 1622 duos,
2133 1568 2184 1612 et
2209 1559 2315 1611 duo
2347 1559 2599 1615 adversus
2628 1567 2756 1614 tres.
2798 1560 3219 1629 Separabuntur,

1700 1653 1849 1715 pater
1874 1655 2065 1701 contra
2097 1648 2282 1708 lilium,
2309 1654 2365 1699 et
2393 1648 2532 1701 ﬁlius
2561 1656 2747 1700 contra
2784 1656 3008 1716 patrem,
3052 1658 3226 1705 mater

1701 1741 1888 1786 contra
1911 1735 2096 1797 ﬁliam,
2125 1743 2177 1787 et
2208 1734 2313 1788 ﬁlia
2344 1743 2529 1789 contra
2551 1746 2794 1800 matrem,
2827 1752 3015 1793 socrus
3036 1747 3227 1795 contra

1703 1837 1919 1886 nurum,
1970 1830 2023 1874 et
2068 1837 2236 1876 nurus
2268 1832 2454 1877 contra
2500 1840 2714 1879 socrum
2743 1828 2805 1881 "'.
2836 1848 2856 1880 ι
2912 1828 3035 1884 Haec
3062 1832 3224 1893 .‘enim

1702 1910 1756 1962 in
1800 1926 1905 1979 quo
1942 1912 2155 1966 tandem
2188 1927 2216 1964 a
2260 1928 2389 1966 voce
2436 1915 2745 1982 prophetica
2790 1917 3069 1983 differunt,
3108 1935 3227 1988 qua:

1701 2014 1806 2066 quo
1836 2008 2070 2068 tempore
2115 2000 2372 2056 Dominus
2431 2003 2483 2056 in
2524 2003 2807 2074 Egyplum
2848 2009 3111 2073 adveniet,
3153 2012 3232 2064 ait

1700 2098 2036 2144 surrecturos
2069 2088 2347 2159 Egyptios
2380 2100 2570 2145 contra
2608 2093 2927 2164 Egyptios?
2951 2104 3004 2151 et
3028 2098 3224 2153 bellum

1700 2185 1971 2246 gesturum
2034 2178 2298 2234 hominem
2352 2189 2543 2235 contra
2589 2182 2804 2238 fratrem
2843 2188 3035 2240 suum?
3076 2186 3226 2241 Tunc

1700 2282 1825 2320 vero
1858 2266 1989 2321 Novi
2039 2267 2368 2324 Testamenti
2397 2271 2502 2336 lex,
2530 2273 2685 2340 cujus
2725 2273 2972 2330 Christus
3018 2283 3227 2341 auctor,

1700 2364 1883 2409 contra
1917 2358 2083 2425 legem
2114 2360 2530 2428 superstitionis,
2560 2364 2614 2414 in
2649 2377 2754 2431 qua
2785 2364 2962 2431 plures
2987 2365 3061 2417 dii
3083 2366 3226 2420 cole-

1698 2443 1913 2506 bantur,
1958 2446 2211 2506 surrexit.
2243 2462 2363 2500 cum
2397 2447 2645 2502 videlicet
2673 2451 2907 2517 gentium
2937 2452 3222 2506 simulacra

1699 2532 2032 2585 adorantium
2084 2535 2186 2596 lex,
2225 2532 2426 2589 Christi
2465 2537 2764 2591 doctrinam
2798 2554 3130 2610 oppugnaris.
3170 2550 3228 2595 ct

1699 2622 1889 2675 civitas
1918 2638 1980 2675 ac
2013 2625 2314 2692 respublica
2345 2626 2461 2693 ejus
2508 2626 2758 2681 Ecclesiae
2786 2643 2901 2697 qua:
2925 2630 2978 2682 in
3010 2629 3229 2695 Christo

1698 2711 1963 2774 consistit,
1994 2712 2250 2768 adversus
2276 2714 2411 2767 ritus
2430 2722 2587 2783 atque
2609 2716 2849 2771 instituta
2875 2734 2980 2772 non
2998 2719 3229 2775 creden-

1699 2802 1827 2853 tium
1844 2801 2113 2854 nationum
2137 2803 2389 2855 suscitata
2403 2811 2502 2858 est.
2527 2805 2603 2858 Ex
2622 2820 2728 2874 quo
2744 2807 2869 2860 illud
2886 2808 3084 2862 dictum

1704 2908 1722 2941 ι
1749 2889 1949 2944 Civitas
1963 2889 2220 2945 adversus
2240 2892 2528 2957 civitatem,
2549 2900 2600 2947 et
2621 2895 2704 2948 lex
2729 2895 3186 2967 adversusrlegem.
3200 2918 3222 2951 ι

1698 2978 1895 3033 Deinde
1921 2981 2041 3035 licet
2071 2982 2225 3050 plane
2245 2980 2524 3050 Egyptios
2538 2991 2591 3037 et
2606 2998 2791 3039 omnes
2815 2986 3224 3042 simulacrorum

68 3074 214 3127 αὑτῶν
241 3076 607 3130 διασκεδάσω.
642 3096 660 3127 ι
693 3077 877 3147 Μυρία
896 3077 951 3129 δὲ
985 3078 1083 3129 ὅσα
1103 3076 1478 3146 πυνθανόμενοι
1511 3077 1605 3128 καὶ

1704 3068 1953 3131 cultores,
1980 3083 2206 3137 eumque
2233 3070 2324 3137 qui
2357 3069 2409 3121 in
2429 3069 2559 3137 ipsis
2590 3071 2694 3124 vim
2732 3087 2882 3126 suam
2902 3082 3113 3129 exercet
3137 3091 3230 3131 su-

66 3165 411 3235 trsptntd'iwaq
430 3166 561 3219 καθ’
585 3168 619 3236 ή
628 3165 744 3236 μῶν
772 3166 829 3219 ἐν
844 3183 904 3217 τε
933 3168 1195 3236 χρησμοῖς
1220 3166 1310 3218 καὶ
1333 3166 1603 3235 μαντείαις

66 3257 164 3319 τοὺς
192 3256 340 3320 θεοὺς
367 3256 582 3321 αὐτῶν,
614 3257 852 3317 καὶτοὺς
877 3256 937 3308 ὲν
963 3257 1073 3317 τοῖς
1095 3255 1393 3323 ἀγάλμασιν
1425 3256 1607 3323 ἐμφω-

68 3342 282 3409 λεύοντας
310 3348 606 3417 δαίμονας,
650 3345 777 3406 τούς
818 3361 876 3397 τε
922 3345 1086 3401 πάλαι
1127 3346 1183 3395 ὲν
1226 3345 1403 3405 αὐτοῖς
1440 3343 1605 3395 πολλὰ

69 3434 360 3505 δυναμένους
392 3434 1060 3506 ὲγγαστριμύθους,ούδέν
1091 3451 1142 3485 τι
1170 3434 1325 3487 πλέον
1355 3433 1413 3497 ἐξ
1432 3433 1604 3486 αὐτῶν

70 3523 238 3592 ἔχουσι.
265 3527 354 3579 Διό
389 3542 566 3597 φησιν
588 3526 618 3575 ὁ
639 3524 794 3593 λόγος
816 3541 830 3554 ’
870 3542 888 3573 ι
930 3523 1037 3576 Καὶ
1059 3525 1455 3594 ὲπερωτήσουσι
1485 3524 1605 3585 τοὺς

77 3613 201 3678 θεοὺς
241 3618 444 3681 αὐτῶν,
472 3616 576 3670 καὶ
602 3615 671 3667 τὰ
719 3615 1006 3684 ἀγάλματα
1041 3614 1236 3677 αὐτῶν,
1268 3615 1359 3665 καὶ
1386 3614 1507 3675 τοὺς
1526 3615 1607 3679 εγ-

70 3707 459 3777 ταστριμύθους.
493 3726 514 3758 ι
568 3704 709 3757 Ἀλλ’
758 3705 1011 3776 οὐδεμιᾶς
1051 3704 1177 3774 γὰρ,
1222 3704 1369 3772 φησὶ,
1401 3701 1607 3765 τεύξον-

71 3808 140 3844 ται
155 3795 393 3865 βοηθείας
426 3799 479 3849 οἱ
534 3796 633 3849 ἐπὶ
685 3797 811 3859 τοὺς
860 3793 1284 3863 πεπλανημένως
1325 3793 1605 3855 δοκοῦντας

72 3885 215 3937 αὐτῶν
243 3883 380 3940 εἶναι
416 3887 584 3948 θεοὺς
621 3884 1072 3953 καταφεύγοντες,
1105 3884 1224 3935 τότε
1250 3882 1479 3952 μάλιστα
1508 3883 1604 3935 αύ-

71 3975 170 4036 τοὺς
192 3975 276 4028 τοῦ
307 3976 448 4029 Θεοῦ
483 3975 702 4045 κυρίοις
731 3975 982 4044 σκληροῖς
1016 3974 1108 4025 καὶ
1134 3972 1405 4042 βασιλεῦσι
1432 3989 1606 4042 παρα-

67 4060 280 4129 διδόντος,
314 4068 405 4119 ὅτε
440 4069 560 4128 τοῖς
622 4064 869 4133 δαίμοσιν
921 4063 1097 4115 αὐτῶν
1150 4062 1466 4132 πειθόμενοι,
1515 4064 1606 4115 καὶ⁵

71 4152 143 4203 ὑπ’
170 4156 334 4209 αὐτῶν
384 4155 801 4227 ὲνεργούμενοι,
835 4153 960 4215 τοὺς
989 4152 1127 4206 κατὰ
1156 4153 1252 4221 τῆς
1293 4152 1607 4221 Ἐκκλησίας

70 4244 144 4296 τοῦ
166 4245 291 4300 Θεοῦ
317 4248 603 4317 διωγμοὺς
651 4244 1043 4314 ὲπεγείρουσιν.
1074 4243 1237 4294 Ἔνθα
1268 4260 1355 4312 μοι
1372 4243 1461 4294 τὸν
1487 4242 1606 4294 νοῦν

70 4332 368 4402 ἐπιστήσεις,
400 4336 531 4389 τίνα
560 4335 762 4406 τρόπον
797 4334 956 4403 μέχρι
991 4332 1087 4401 μὲν
1114 4332 1212 4401 τῆς
1241 4331 1331 4383 τοῦ
1364 4332 1607 4401 Σωτῆρος

1703 3157 2027 3223 perstitionis
2044 3159 2310 3226 spiritum,
2327 3160 2523 3213 intueri
2538 3161 2695 3215 etiam
2712 3177 2855 3217 nunc
2867 3165 3223 3232 perturbatos,

1701 3244 1862 3312 299
1886 3254 1938 3299 et
1963 3253 2185 3300 multum
2209 3246 2422 3316 quidem
2449 3250 2842 3316 consultantes,
2870 3261 2924 3306 et
2948 3253 3230 3307 commini-

1704 3344 1915 3390 scentes
1943 3346 2129 3391 contra
2171 3340 2371 3395 Christi
2415 3339 2713 3395 doctrinam
2734 3381 2749 3405 ,
2778 3350 2837 3395 ut
2875 3358 2992 3396 eam
3023 3346 3228 3398 exstin-

1705 3430 1902 3489 guant,
1938 3431 2097 3491 atque
2136 3441 2199 3479 ex
2247 3426 2557 3482 hominibus
2583 3429 2792 3482 doleant
2817 3448 2831 3483 :
2861 3429 3094 3499 dispergi
3126 3445 3226 3484 au-

1704 3516 1809 3563 tem
1840 3524 1901 3563 ac
1931 3511 2179 3580 dissipari
2213 3530 2243 3567 a
2276 3514 2418 3577 Deo,
2451 3515 2539 3583 qui
2573 3518 2648 3568 ait
2676 3517 2728 3570 in
2760 3518 2875 3585 ipsa
2905 3518 3181 3585 prophetia
3208 3536 3223 3571 :

1709 3616 1726 3648 ι
1762 3598 1823 3649 Et
1850 3601 2255 3655 conturbabitur
2294 3604 2520 3671 spiritus
2549 3600 2912 3671 [Egyptiorum
2937 3603 2991 3657 in
3031 3606 3109 3658 eis
3128 3644 3144 3669 ,
3172 3613 3228 3659 et

1703 3688 1988 3741 consilium
2038 3704 2224 3743 eorum
2270 3690 2562 3759 dissipabo.
2593 3710 2612 3741 ι
2644 3692 2882 3758 Cumque
2925 3691 3228 3745 innumera-

1704 3781 1828 3835 bilia
1876 3779 1985 3834 sint
2031 3793 2147 3846 qua:
2189 3778 2516 3846 interrogent
2544 3793 2606 3832 ac
2637 3780 2978 3833 sciscitentur
3024 3780 3078 3832 in
3114 3793 3232 3833 ora-

1704 3870 1842 3923 culis
1894 3884 1957 3923 ac
2003 3867 2452 3932 divinationibus,
2503 3868 2788 3923 adversum
2835 3884 2970 3931 nos,
3022 3869 3229 3937 quoties

1704 3960 1832 4016 deos
1874 3975 2030 4023 suos,
2074 3966 2128 4013 et
2168 3958 2441 4013 latitantes
2482 3958 2538 4011 in
2582 3958 2884 4012 simulacris
2925 3958 3227 4022 dminonas,

1704 4057 1758 4104 et
1782 4063 1875 4104 eos
1899 4049 1990 4117 qui
2021 4047 2173 4117 prius
2210 4047 2264 4101 in
2294 4047 2427 4117 ipsis
2465 4047 2694 4100 multum
2736 4054 3011 4116 poterant,
3040 4046 3229 4117 pythoo

1706 4154 1803 4192 nas
1828 4175 1844 4200 ,
1880 4139 2081 4192 adeunt
2110 4156 2124 4191 :
2154 4138 2291 4190 nihil
2320 4145 2498 4189 tamen
2528 4136 2758 4205 amplius
2785 4152 2847 4191 ex
2880 4137 2985 4190 illis
3011 4136 3229 4190 habent.

1705 4225 2044 4296 Quapropter
2073 4226 2350 4279 oraculum
2381 4226 2457 4278 ait
2486 4244 2498 4278 :
2533 4243 2550 4275 ι
2577 4225 2642 4278 Et
2671 4225 3069 4294 interrogabant
3102 4223 3231 4279 deos

1707 4333 1867 4381 suos,
1897 4325 1949 4371 et
1995 4317 2280 4371 simulacra
2323 4330 2455 4377 sua.
2499 4322 2551 4369 ct
2592 4315 2898 4384 pythonas.»
2918 4312 3022 4368 Sed
3058 4314 3232 4378 enim,

69 4421 199 4489 ἡμῶν
221 4400 409 4497 Ἰησοῦ
444 4400 688 4496 Χριστοῦ
710 4400 1026 4491 ὲπιξρανείας
1055 4400 1270 4483 οἰκείοις
1307 4400 1607 4489 βασιλεῦσιν

1709 4405 1911 4473 inquit,
1952 4406 2154 4459 nullum
2197 4406 2354 4473 plane
2417 4403 2733 4457 obtinebunt
2787 4402 3076 4465 auxilium,
3114 4400 3235 4471 qui-

74 4510 193 4575 ιὸίως
234 4515 326 4568 καὶ
392 4518 520 4568 καθ’
555 4513 753 4583 ἑαυτὴν
784 4514 933 4566 πᾶσα
979 4513 1248 4578 Αἴγυπτος
1280 4510 1527 4580 κέχρητο,
1554 4512 1611 4563 ἐν

72 4600 334 4674 αὐτονομίᾳ
366 4621 430 4657 τε
477 4605 575 4656 καὶ
614 4605 672 4655 ὲν
694 4601 975 4671 ἐλευθερίᾳ
1011 4600 1193 4667 διῆγον
1228 4601 1277 4651 οί
1307 4599 1606 4666 Αἰγύπτιοι,

72 4686 321 4745 δυναστεία
354 4694 414 4745 δὲ
437 4694 619 4747 αὐτῶν
658 4691 718 4758 ἐξ
750 4689 943 4752 αἰῶνος
975 4689 1160 4758 μακρά
1186 4705 1268 4751 τις
1308 4689 1398 4740 καὶ⁸
1447 4688 1610 4759 πολλὴ

77 4775 286 4848 βεὸὀητο,
315 4784 375 4849 ἐξ
408 4784 625 4837 ἐκείνου
648 4799 708 4834 τε
731 4785 947 4851 πρώτου
980 4778 1258 4847 Ῥωμαίων
1286 4777 1609 4844 Αὐγούστου,

77 4868 174 4919 καθ’
191 4872 242 4922 ὃν
261 4875 289 4924 ὁ
314 4874 527 4945 Κύριος
554 4873 713 4944 ἡμῶν
744 4869 1077 4938 ὲγεγέννητο,
1103 4866 1494 4934 χειρωσαμένου
1516 4867 1613 4937 τὴν

81 4955 335 5028 Αἴγυπτον,
361 4964 606 5034 ὑστάτης
643 4978 704 5013 τε
740 4960 849 5013 τῶν
892 4956 1239 5026 Πτολεμαίων
1270 4956 1613 5027 Κλεοπάτρας

85 5045 320 5121 ἀλούσης,
379 5054 493 5107 ὑπὸ
526 5053 626 5122 τὴν
679 5048 964 5119 Ῥωμαίων
1010 5045 1296 5113 γεγόνασιν
1350 5045 1610 5109 ἐξουσίαν,

88 5137 172 5191 ὕπο
195 5157 251 5196 τε
270 5146 391 5207 τοὺς
422 5145 606 5198 αὐτῶν
623 5143 844 5211 νόμους,
863 5140 957 5192 καὶ
977 5136 1342 5203 ἐπιτάγματα,
1370 5135 1466 5202 τῆς
1488 5154 1614 5206 προ-

93 5227 226 5294 τέρας
274 5233 593 5304 αὐτονομίας
647 5233 744 5284 καὶ
788 5227 1098 5297 ἐλευθερίας
1144 5222 1506 5293 ἀφῃρημένοι·
1541 5226 1613 5287 ὡς

94 5316 170 5365 ἀἱ
203 5320 255 5370 ἐν
292 5321 465 5391 τούτῳ
521 5321 584 5371 τὸ
626 5316 960 5388 προφητικὸν
1016 5308 1364 5376 ἐπαληθεύειν
1420 5309 1609 5377 λόγιον,

105 5405 200 5472 περὶ
222 5409 311 5474 μὲν
337 5409 442 5464 τῶν
472 5411 555 5471 είς
584 5408 717 5466 τοὺς
744 5404 936 5463 τόπους
970 5396 1396 5466 ἐκπεμπομένων
1417 5399 1617 5469 ὲπιτρό·

104 5500 194 5542 ων
217 5510 271 5546 τε
290 5498 378 5549 καὶ
405 5495 754 5567 ἡγουμένων,
770 5492 861 5544 καὶ
890 5507 955 5540 πε
964 5490 1018 5558 pi.
1035 5485 1142 5537 τῶν
1163 5484 1358 5538 λοιπιῖιν
1383 5487 1438 5538 ἐν
1466 5487 1609 5558 μέρει

168 5662 203 5693 ¹¹
228 5664 395 5726 latth.
428 5685 482 5735 x,
513 5670 613 5722 21.
702 5664 749 5695 “
770 5662 897 5716 Luc.
930 5675 1030 5725 xu,
1065 5655 1244 5711 51-53.

1707 4506 1917 4560 cunque
1963 4492 2028 4544 ad
2073 4506 2167 4545 eos
2216 4491 2305 4560 qui
2359 4491 2595 4560 ipsorum
2643 4490 2718 4544 dii
2767 4504 2883 4543 esse
2931 4488 3232 4552 videantur,

1706 4581 1903 4649 quique
1936 4581 2078 4646 ipsos
2123 4587 2276 4634 antea
2325 4580 2665 4648 deceperint,
2718 4577 3057 4646 confugient,
3104 4584 3233 4631 tunc

1708 4672 1891 4738 utique
1921 4670 2146 4722 maxime
2179 4685 2271 4724 eos
2300 4671 2447 4739 ipsos
2476 4669 2708 4724 dominis
2737 4682 2800 4719 ac
2836 4668 3049 4734 regibus
3077 4681 3233 4733 aspe-

1708 4759 1784 4811 ris
1812 4755 2056 4810 tradente
2087 4755 2343 4819 Domino,
2374 4771 2496 4809 cum
2526 4754 2857 4809 daemonibus
2880 4752 2991 4805 suis
3018 4751 3233 4804 auscul-

1709 4855 1883 4899 tantes
1904 4885 1918 4909 ,
1944 4856 1997 4897 et
2025 4844 2092 4897 ab
2117 4844 2222 4898 illis
2253 4845 2529 4910 instincti,
2558 4841 2931 4896 insectationes
2974 4838 3233 4892 adversus

1709 4934 1803 4988 Dei
1832 4931 2124 4985 Ecclesiam
2156 4931 2514 4984 coucitabunt.
2557 4928 2651 4981 llic
2691 4928 2819 4981 mihi
2870 4925 3103 4978 animum
3144 4925 3234 4978 ad-

1709 5031 1887 5078 vertas
1925 5021 2207 5089 diligenter
2247 5020 2441 5082 velim,
2487 5032 2717 5087 quonam
2760 5024 2915 5085 pacto
2958 5030 3129 5083 usque
3168 5017 3230 5069 ad

1713 5112 2006 5168 Salvatoris
2046 5110 2215 5164 nostri
2243 5107 2371 5162 Jesu
2401 5107 2599 5163 Christi
2643 5106 2959 5164 adventum,
3005 5105 3118 5157 suis
3151 5120 3237 5158 re-

1712 5204 1865 5271 gibus
1895 5216 2137 5255 seorsum
2166 5214 2227 5252 ae
2259 5213 2437 5273 pergse
2465 5205 2575 5249 tota
2605 5194 2867 5266 Egyptus
2897 5200 3152 5256 uteretur,
3184 5201 3239 5247 et

1712 5291 1765 5343 in
1795 5306 1891 5345 suo
1925 5289 2160 5358 ipsorum
2183 5287 2305 5355 jure
2326 5300 2389 5339 ac
2410 5286 2654 5338 libertate
2679 5285 2932 5352 degerent
2962 5279 3198 5351 [Egyptii
3218 5316 3234 5344 ,

1711 5389 2052 5449 potestasque
2099 5379 2305 5431 illorum
2332 5375 2400 5429 ab
2428 5374 2579 5429 initio
2611 5389 2768 5443 quam
2803 5376 2959 5440 longa
2985 5378 3039 5424 et
3083 5381 3243 5435 quam

1717 5472 1880 5525 multa
1932 5469 2072 5525 fama
2115 5466 2317 5522 feratur
2356 5464 2556 5531 fuisse,
2601 5469 2654 5518 et
2694 5458 3145 5543 quemadmodum
3178 5468 3271 5541 ea
