3738 6312
791 365 893 423 475

1439 361 1703 419 EUSEBlI
1737 362 2204 419 CESARIENSIS
2225 362 2377 420 ΟΡΡ.
2418 363 2596 420 PARS
2625 364 2688 420 ll‘.
2727 395 2796 405 —
2829 363 3380 421 APOLOGETICA

791 480 916 543 illo,
975 491 1098 531 cum
1148 473 1358 544 primus
1404 476 1767 536 Romanorum
1816 483 2124 552 Augustus,
2173 482 2259 550 cuj

1903 490 2124 552 gustus,
2173 482 2334 550 cujus
2359 494 2408 546 Α
2433 482 2704 556 ἀρχόντων
2765 485 3002 553 φάσκον·
3035 504 3054 536 ι
3094 486 3272 554 Καὶ]
3299 501 3379 538 πε

787 566 1123 637 temporibus
1161 564 1423 622 Dominus
1470 578 1656 624 noster
1690 580 1851 626 natus
1889 581 2001 636 est,
2039 571 2263 641 IEgyptu

1903 581 2001 636 est,
2039 571 2328 641 ZEgyplum
2429 575 2615 642 χεῖρας
2662 571 2961 643 ἀνθρώπων
3011 573 3261 642 κυρίων
3320 588 3379 622 σῖ

793 657 1126 726 subegisset,
1163 664 1216 710 et
1259 659 1556 713 novissima
1597 659 2002 716 Ptolemworum
2049 661 2331 730 Cleopatra

793 754 946 814 capta
991 757 1167 812 esset,
1215 746 1266 799 in
1309 747 1672 803 Romanorum
1717 759 2034 820 potestatem
2104 750 2332 805 devene-

790 837 928 899 rint,
959 844 1012 890 et
1041 836 1142 890 sub
1170 836 1384 890 illorum
1411 838 1556 907 leges
1589 848 1750 908 atque
1777 842 1951 894 edicta
1988 841 2142 896 missi
2184 841 2329 905 sint,

792 941 998 995 suoque
1051 927 1290 994 ipsorum
1339 929 1558 997 prOprio
1613 929 1777 997 jure,
1833 946 2037 1000 suaque
2088 932 2334 985 libertate

789 1017 1016 1086 privati,
1066 1025 1124 1070 ut
1173 1018 1543 1087 propheticum
1588 1020 1870 1072 oraculum
1921 1022 2082 1075 etiam
2129 1022 2184 1074 in
2233 1022 2334 1074 hoc

790 1110 946 1176 plane
989 1108 1267 1161 veritatem
1312 1123 1463 1162 suam
1510 1109 1879 1172 demonstret,
1925 1112 2066 1180 quod
2116 1110 2334 1180 quidem

789 1199 854 1252 de
876 1197 961 1253 oiis
989 1201 1080 1267 qui
1110 1198 1175 1251 ad
1208 1199 1324 1252 loca
1344 1239 1359 1264 ,
1391 1201 1712 1267 procurandi
1747 1188 2193 1268 gratia'mittendi
2243 1215 2333 1254 es»

789 1296 942 1354 sent,
987 1289 1158 1358 deque
1198 1291 1520 1358 praetoribus
1563 1305 1626 1345 ac
1669 1291 1898 1360 reliquis
1946 1306 2041 1360 per
2089 1291 2338 1358 singulas

789 1387 972 1450 partes
1014 1379 1458 1449 magistratibus,
1510 1381 1585 1434 ita
1633 1381 1914 1451 loquitur:
1963 1399 1981 1431 ι
2014 1380 2078 1433 Ει
2124 1381 2334 1434 tradam

791 1470 1082 1543 Aigyptum
1109 1472 1164 1525 in
1192 1487 1387 1527 manus
1432 1471 1709 1524 hominum
1737 1511 1752 1536 ,
1794 1471 2132 1526 dominorum
2181 1485 2338 1539 aspe-

788 1578 993 1616 rorum.
1023 1581 1043 1615 ι
1070 1562 1145 1618 De
1181 1563 1248 1618 iis
1288 1577 1418 1616 vero
1445 1561 1539 1631 qui
1578 1569 1748 1616 totum
1777 1561 2062 1630 imperium
2091 1561 2333 1624 obirent,

787 1667 1163 1722 smmumque
1188 1651 1280 1720 jus
1319 1651 1658 1717 obtinerent,
1689 1651 1742 1704 id
1772 1650 1914 1720 quod
1945 1654 2208 1720 sequitur,
2238 1666 2336 1719 pro

787 1758 896 1812 quo
927 1744 1116 1812 Aquila
1144 1744 1219 1797 ait
1245 1763 1260 1798 :
1290 1761 1310 1796 ι
1341 1743 1408 1796 Ει
1437 1759 1531 1798 rex
1560 1743 1946 1797 corroboratus
1969 1783 1982 1807 ,
2013 1751 2332 1810 potestatem

2430 661 2528 730 τὴν
2575 660 2694 713 καθ’
2743 661 2863 714 ὅλου
2913 661 3240 714 διεπόντων
3305 661 3380 730 ἀε

2444 749 2670 812 Ἀκύλας
2697 751 2851 821 φησι,
2887 769 2907 802 ‹
2943 750 3051 803 Καὶ
3067 750 3380 819 βασιλεὺς

2433 841 2603 893 σιάσει
2627 841 2684 893 ὲν
2715 842 2926 903 αὐτοῖς·
2966 858 2992 891 s
3018 842 3046 892 ὁ
3090 841 3166 892 δὲ
3202 840 3380 910 Σύμε

2436 930 2652 1001 ἰσχυρὸς
2685 930 2988 994 ὲξουσιάσει
3028 929 3282 983 αὐτῶν.
3313 949 3337 981 s
3373 940 3380 973 t

2432 1020 2666 1090 ἠγοῦμαι
2701 1021 2996 1090 κεκλῆσθαι
3026 1021 3370 1089 βασιλείαν

2433 1112 2524 1163 καὶ
2568 1111 2768 1181 δεσμῷ,
2837 1112 3045 1181 πεπεδη
3053 1112 3334 1183 μένους,

2435 1201 2729 1272 ἀνθρώπων
2755 1203 3380 1272 δεισιδαιμονεστάτοι

2432 1293 2556 1353 τοὺς
2587 1291 2801 1354 λοιποὺς
2825 1291 3034 1354 πάντας
3064 1292 3191 1346 ἀνθ
3204 1293 3380 1364 ρώπε

2438 1383 2543 1452 μᾷν
2575 1381 2713 1434 κατὰ
2740 1382 2839 1452 τῆς
2871 1381 2965 1434 τοῦ
2995 1383 3300 1454 Σωτῆρος
3320 1385 3380 1452 ἡ]

2437 1474 2575 1541 μεῖν.
2607 1472 2760 1525 Μετὰ
2774 1471 2943 1524 ταῦτα
2971 1473 3380 1543 προφητεύετ

2435 1562 2623 1632 νὸτερά
2651 1580 2790 1628 τινα,
2825 1563 2919 1614 καὶ
2941 1562 3006 1614 δι’
3041 1563 3380 1632 αἰνιγμάτι

2435 1653 2662 1724 θυτέρας
2702 1653 2801 1722 τῆς
2851 1653 2992 1707 κατὰ
3031 1655 3380 1724 τροπολογὲ

2434 1743 2469 1796 ἃ
2505 1744 2566 1814 δὴ
2619 1746 2709 1797 ἐπὶ
2759 1743 2953 1812 σχολῆς
3006 1744 3176 1797 κατὰ
3214 1745 3327 1798 τὸν
3371 1765 3380 1796 τ

789 1835 1052 1888 obtinebit
1103 1834 1156 1888 in
1209 1835 1309 1890 eis.
1347 1854 1367 1886 ι
1397 1833 1756 1904 Symmachus
1805 1841 2022 1896 autem,
2071 1852 2088 1883 ι
2122 1833 2186 1884 Et
2240 1847 2265 1884 r

1903 1849 1982 1887 em
2007 1872 2022 1896 ,
2071 1852 2088 1883 ι
2122 1833 2186 1884 Et
2240 1847 2333 1886 rex
2365 1819 2404 1871 Β
2433 1833 2806 1905 προσηκούσης
2831 1835 3089 1898 τεύξεται
3126 1837 3379 1908 διηγήσπ

787 1926 943 1981 fortis
964 1928 1055 1996 jus
1082 1929 1135 1982 in
1166 1928 1287 1982 illos
1318 1929 1554 1984 habebit.
1587 1947 1603 1979 ι
1633 1928 1722 1982 Sic
1754 1936 1931 1982 autem
1961 1927 2074 1997 ipse
2104 1943 2263 1997 regnu

1903 1943 1931 1980 n
1961 1927 2074 1997 ipse
2104 1943 2328 1997 regnum
2434 1925 2682 1995 περὶτῶν
2714 1925 3058 1992 ἐπαγγελιῶν
3099 1927 3379 1982 ἀποδῶσι

789 2019 1148 2074 Romanorum
1183 2022 1417 2075 arbitror
1472 2031 1721 2077 vocatum
1753 2037 1873 2078 esse
1895 2063 1910 2085 ,
1959 2038 2065 2091 quo
2100 2029 2354 2091 tanquam
2392 2021 2542 2074 freno
2595 2036 2657 2072 ac
2682 2019 2897 2072 vinculo
2928 2021 3203 2090 impediti
3233 2065 3248 2088 ,
3286 2041 3380 2078 no:

789 2115 936 2167 nium
965 2113 1239 2167 hominum
1267 2115 1778 2183 superstitiosissimi
1801 2156 1816 2178 ,
1847 2115 1942 2170 sed
1971 2115 2164 2183 reliqui
2208 2129 2422 2184 quoque
2454 2113 2692 2167 universi
2750 2114 3000 2169 homines
3023 2155 3041 2176 ,
3116 2117 3276 2170 nihil
3338 2136 3378 2188 p

789 2208 979 2254 contra
1043 2201 1340 2258 Salvatoris
1376 2206 1551 2258 nostri
1601 2204 1897 2260 Ecclesiam
1932 2205 2222 2259 oblatrare.
2263 2205 2422 2274 300
2457 2205 2584 2259 Post
2627 2206 2774 2271 haec,
2819 2206 2872 2259 in
2920 2206 3131 2260 eadem
3189 2211 3380 2278 propll

789 2295 1102 2348 obscuriora
1167 2297 1444 2366 quazdam,
1509 2307 1563 2353 et
1613 2299 1774 2355 nodis
1822 2314 1885 2353 ac
1944 2298 2342 2353 (lilIicultatibus
2371 2299 2662 2367 implicita,
2697 2315 2817 2368 qua:
2863 2300 3152 2370 longioris
3201 2313 3380 2374 atque

790 2399 895 2451 qua
943 2385 1221 2439 enuntiata
1277 2396 1440 2450 sunt,
1498 2387 1957 2458 interpretationis
2005 2388 2312 2457 indigeant,
2349 2389 2548 2457 quibus
2622 2389 2842 2452 quidem
2907 2405 3016 2443 nos
3087 2408 3196 2460 per
3259 2397 3380 2449 otiu

790 2477 923 2538 erit,
977 2485 1154 2546 aptam
1201 2482 1552 2550 expositionis
1585 2483 1758 2536 lucem
1801 2483 2052 2537 adhibere
2104 2497 2210 2534 non
2256 2484 2616 2551 gravabimur,
2660 2483 2748 2536 ubi
2797 2482 2907 2537 Deo
2963 2481 3208 2541 favente
3264 2488 3380 2542 divi

793 2570 1055 2622 rationem
1085 2571 1494 2628 absolverimus.

1357 2681 1584 2736 CAPUT
1624 2682 1765 2734 XXI.

799 2789 876 2842 Ab
923 2790 1215 2844 eodem.—
1249 2792 1511 2844 Bonorum
1563 2792 1839 2858 promissio
1899 2790 1966 2842 ad
2015 2807 2166 2852 eam,
2220 2807 2336 2859 qua:

864 2861 1012 2913 otius
1043 2860 1246 2914 deserta
1274 2870 1426 2922 erat,
1469 2875 1533 2912 ea:
1568 2861 1803 2928 gentibus
1844 2861 2114 2912 collectam
2156 2859 2338 2914 Eccle-

865 2930 998 2999 sium
1018 2968 1032 2992 ,
1059 2940 1105 2982 et
1131 2928 1198 2981 ad
1224 2930 1439 2999 aﬂlictas
1463 2939 1772 2998 vexatasque
1795 2929 1998 2980 animas
2027 2929 2337 2999 manifestas

863 2997 958 3077 Dei
1004 2996 1287 3060 adventus",
1324 3008 1373 3051 et
1415 2996 1698 3078 .salutares'
1741 2998 2113 3050 miraculorum
2161 2996 2340 3065 prodi-

861 3076 1162 3136 gtorumque
1183 3076 1568 3121 ostentationes.

875 3194 892 3226 ι
923 3175 1163 3244 Laetare,
1205 3177 1418 3232 deserta
1462 3177 1681 3238 sitiens,
1731 3175 1961 3230 exsultet
2004 3175 2248 3239 deserta,
2283 3181 2338 3228 et

801 3269 984 3324 ﬂoreat
1015 3277 1071 3322 ut
1101 3271 1267 3323 lilium
1297 3289 1310 3323 :
1342 3276 1394 3323 et
1422 3268 1765 3329 elliorebuut,
1791 3273 1844 3321 et
1865 3267 2212 3321 exsultabunt
2238 3266 2337 3319 de-

802 3369 943 3410 serta
991 3357 1261 3412 Jorrlanis.
1313 3357 1379 3411 Et
1412 3359 1581 3427 gloria
1625 3356 1816 3411 Libani
1862 3356 1986 3410 data
2020 3365 2103 3410 est
2151 3356 2232 3418 ei,
2287 3363 2342 3409 et

803 3449 972 3502 honor
1004 3449 1277 3514 Carmeli;
1313 3455 1366 3502 et
1408 3449 1638 3519 populus
1681 3461 1833 3501 meus
1879 3446 2080 3500 videbit
2117 3446 2340 3516 gloriam

801 3541 1040 3604 Domini,
1088 3548 1142 3594 et
1185 3539 1524 3593 altitudinem
1572 3539 1686 3594 Dei.
1738 3537 2110 3593 Convalescite
2150 3549 2346 3589 manus

803 3631 1068 3692 remissaz,
1111 3639 1166 3684 et
1213 3645 1385 3698 genua
1429 3629 1733 3684 dissoluta:
1775 3626 2129 3682 consolamini
2174 3625 2346 3693 pusil—

802 3723 1026 3774 lanimes
1064 3720 1370 3784 intellectu,
1408 3720 1795 3781 convalescite,
1839 3732 1907 3771 ne
1949 3715 2160 3769 timete.
2206 3714 2347 3767 Ecce

803 3809 944 3862 Deus
978 3816 1162 3860 noster
1186 3808 1448 3874 judicium
1481 3807 1698 3870 reddit,
1733 3814 1787 3861 et
1821 3805 2046 3860 rcddet:
2101 3803 2216 3871 ipse
2255 3817 2348 3856 ve-

803 3898 915 3954 niet
942 3937 956 3960 ,
1002 3905 1056 3951 et
1104 3898 1280 3951 salvos
1315 3897 1470 3951 faciet
1503 3913 1622 3952 nos.
1657 3896 1810 3950 Tunc
1854 3895 2166 3966 aperientur
2201 3893 2344 3946 oculi

804 4001 1104 4051 caecorum,
1137 3995 1190 4041 et
1219 4001 1379 4040 aures
1412 3987 1703 4041 surdorum
1739 3985 1958 4039 audient
1985 3999 1998 4034 :
2035 3990 2160 4035 tunc
2192 3981 2348 4035 saliet

815 4085 875 4134 rt
925 4093 1151 4139 cervus,
1199 4076 1458 4139 claudus,
1508 4085 1562 4131 et
1606 4079 1763 4146 plana
1806 4073 1908 4128 erit
1946 4073 2126 4140 lingua
2167 4078 2347 4123 muto-

809 4181 950 4220 rum.
981 4162 1245 4228 Quoniam
1273 4162 1449 4230 erupit
1479 4163 1533 4216 in
1563 4163 1781 4216 deserto
1810 4175 1948 4228 aqua
1968 4197 1982 4222 ,
2009 4167 2060 4212 et
2089 4157 2348 4212 convallis

809 4259 865 4314 in
895 4266 1034 4310 terra
1071 4253 1273 4308 sitienti
1303 4271 1316 4305 :
1348 4260 1399 4307 et
1430 4254 1531 4308 erit
1555 4269 1673 4323 qua:
1699 4259 1847 4306 caret
1873 4264 2012 4319 aqua
2043 4249 2097 4302 in
2127 4259 2344 4317 stagna,

806 4359 859 4404 et
910 4347 964 4400 in
995 4352 1188 4398 terram
1234 4343 1502 4396 sitientem
1562 4343 1683 4396 fons
1732 4355 1883 4410 aquae
1930 4339 2031 4393 erit
2067 4339 2133 4392 η.
2177 4358 2196 4390 ι
2237 4338 2350 4393 Hoc

2943 2683 3380 2739 ΚΕΦΑΛΑΙΟΝ

2447 2792 2501 2844 Ἀ
2512 2790 2717 2867 (tofo?)
2737 2794 3068 2867 _a_f;r_oi3._—
3119 2799 3380 2867 Ἀγαθῶπ

2502 2860 2696 2936 ἐρῄμῳ
2723 2863 2792 2936 ἐξ
2837 2862 3043 2936 15:01:61:-
3091 2860 3380 2936 Ἐκὲιλησ

2502 2929 2708 3004 μέιζαις
2733 2931 2967 3004 pho);an
2985 3003 2992 3004 ί
3009 2929 3324 3004 gigas-hc.
3346 2943 3380 2992 6

2498 2999 2616 3066 ριοί
2644 3015 2705 3050 τε
2729 2999 3255 3066 πιιραδοξόπόίαι.

2515 3190 2533 3222 ι
2577 3171 2954 3243 Εὐφράνθητι,
2999 3174 3224 3247 ἔρημος
3265 3180 3380 3249 διψὲ

2443 3280 2560 3332 μσς,
2623 3263 2716 3315 καὶ
2770 3263 3014 3318 ἀνθείτω
3049 3267 3132 3330 ὡς
3180 3270 3379 3341 κρίνον

2441 3353 2824 3421 ἀγαλλιάσεται
2865 3354 2939 3407 τὰ
2982 3355 3182 3427 ἔρημα
3243 3361 3344 3414 τοῦ

2441 3443 2534 3494 τοῦ
2558 3443 2789 3497 Λιϐάνου
2815 3443 2983 3515 ἐδόθη
3014 3447 3187 3518 αὐτῇ.
3227 3450 3328 3503 καὶ
3360 3455 3380 3503 i

2443 3534 2537 3586 καὶ
2585 3535 2613 3586 ὁ
2669 3532 2791 3596 λαός
2849 3551 2957 3604 μου
3003 3535 3204 3604 ὀψε-ται
3255 3541 3360 3612 τὴν

2446 3622 2578 3692 ὕψος
2628 3624 2719 3676 τοῦ
2777 3625 2943 3681 Θεοῦ.
2995 3629 3318 3700 ’ἰσχύει-ατε,
3377 3654 3380 3704 ς

2443 3715 2644 3782 γόνατα
2671 3717 3108 3791 παραλελυμένοι
3166 3742 3380 3796 παρακι

2443 3806 2508 3873 τῇ
2529 3804 2752 3875 διανοίᾳ,
2810 3807 3101 3876 ἰσχύσατε,
3169 3813 3246 3884 μὴ
3300 3824 3380 3882 φοι

2447 3895 2599 3963 ἡμῶν
2624 3896 2804 3966 κρίσιν
2857 3900 3293 3965 ἀνταποδίδωσι,
3330 3922 3380 3958 κε

2445 3984 2586 4053 ἥξει,
2615 3987 2707 4038 καὶ
2746 3987 2914 4040 σώσει
2943 3992 3118 4060 ἡμᾶς.
3170 3995 3312 4046 Τότε
3349 3997 3380 4046 ἀ

2446 4073 2681 4142 τυφλῶν,
2736 4076 2830 4128 καὶ
2870 4072 2991 4131 ὦτα
3042 4082 3374 4137 ἀκούσονται

2451 4180 2547 4230 (po;
2592 4165 2620 4216 ὁ
2681 4165 2881 4234 χωλὸς,
2929 4169 3026 4221 καὶ
3071 4172 3243 4240 τρανὴ
3281 4173 3380 4224 ἔστ.

2453 4251 2573 4302 Ὅτι
2605 4252 2815 4323 ἐρράγη
2851 4258 2911 4307 ὲν
2957 4260 3025 4326 τῇ
3058 4259 3255 4328 ἐρήμῳ
3295 4258 3380 4311 ὖδι

2453 4340 2695 4413 διψώσῃ·
2759 4347 2857 4398 καὶ
2907 4346 3064 4398 ἔσται
3184 4349 3380 4417 ἄνυδρο

807 4437 969 4494 eziam
1000 4436 1054 4488 in
1087 4436 1206 4486 loco
1234 4433 1405 4501 palam
1442 4431 1696 4486 salutaris
1744 4429 1835 4482 Dei
1887 4428 2097 4482 canitur
2143 4428 2276 4481 adve

1903 4428 2097 4482 :anitur
2143 4428 2346 4481 adven-
2378 4422 2422 4478 Π
2450 4428 2685 4497 διψῶσαν
2731 4433 2837 4504 γῆν
2870 4437 3026 4507 πηγὴ
3069 4437 3266 4500 ὓδατος
3299 4440 3379 4490 ἐστ

811 4536 933 4595 tus,
984 4525 1073 4596 qui
1120 4524 1287 4578 multa
1327 4524 1467 4577 bona
1513 4523 1581 4575 sit
1626 4521 1925 4584 allaturus;
1972 4519 2152 4574 surdis
2199 4519 2344 4572 enim

809 4617 1093 4681 auditum,
1140 4623 1194 4669 et
1251 4612 1406 4668 caecis
1472 4611 1684 4674 visum,
1737 4619 1990 4680 prmterea
2036 4609 2242 4664 claudis
2299 4616 2351 4662 et

815 4713 1047 4780 linguam
1094 4705 1404 4776 impeditam
1447 4701 1805 4765 habentibus,
1851 4699 2112 4755 medelam
2156 4698 2352 4770 praedi-

813 4803 954 4855 citur
983 4799 1288 4854 redditurus
1318 4813 1331 4848 :
1366 4809 1484 4863 quae
1512 4793 1694 4845 omnia
1725 4806 1832 4844 non
1867 4789 2000 4844 alias
2035 4789 2237 4845 exitum
2269 4789 2353 4841 in-

812 4895 1118 4951 venerunt,
1176 4884 1280 4938 nisi
1330 4893 1614 4953 postquam
1666 4879 1911 4934 Salvator
1961 4891 2145 4935 noster
2190 4877 2349 4932 Jesus

815 4973 1062 5030 Christus
1103 4976 1349 5038 advenit,
1398 4988 1427 5026 a
1471 4987 1577 5042 quo
1621 4979 1675 5026 et
1714 4969 2154 5026 cascorum-oculi
2185 4967 2350 5036 aperti

820 5070 948 5116 sunt
969 5105 982 5125 ,
1015 5075 1067 5118 et
1098 5065 1245 5118 surdi
1281 5063 1519 5117 auditum
1550 5068 1901 5131 receperunt;
1936 5061 2064 5131 quid
2105 5074 2232 5114 vero
2262 5058 2348 5112 di-

828 5163 947 5200 cere
975 5165 1109 5219 Opus
1138 5161 1251 5216 est,
1283 5170 1442 5221 quam
1474 5153 1624 5206 multi
1657 5169 1751 5222 per
1779 5153 1924 5206 illius
1952 5151 2273 5220 discipulos,
2303 5153 2358 5202 et

829 5237 1002 5292 soluta
1035 5241 1274 5292 membra
1303 5243 1560 5298 habentes
1579 5283 1594 5307 ,
1621 5250 1673 5297 ct
1703 5244 1836 5296 muti
1868 5253 1922 5297 et
1951 5240 2128 5295 claudi
2152 5281 2164 5304 ,
2197 5245 2358 5291 natu-

824 5327 965 5382 rales
1012 5327 1318 5380 sanatioues
1363 5335 1840 5400 recuperaverint?
1889 5331 2041 5402 301
2089 5342 2359 5399 quamque

829 5415 919 5469 alii
950 5414 1367 5470 innumerabiles
1387 5455 1400 5480 ,
1424 5421 1515 5487 qui
1538 5424 1704 5478 variis
1733 5424 2110 5496 aegritudinum
2142 5420 2358 5487 languo-

828 5522 1058 5578 rumque
1086 5505 1372 5574 generibus
1399 5519 1740 5580 vexarentur,
1778 5517 1846 5572 ab
1875 5516 1966 5572 illo
1995 5507 2361 5592 etvcuratione

906 5687 946 5717 "
968 5682 1068 5739 lsa.
1102 5695 1260 5743 xxxv,
1290 5678 1399 5734 1-7.

2453 4520 2619 4591 ρήδην
2647 4522 2784 4575 Θεοῦ
2810 4526 2998 4595 ἄφιξις
3029 4527 3344 4590 θεσπίζεται

2451 4611 2665 4677 ἀγαθῶν
2697 4614 2880 4667 αἰτία·
2916 4623 3126 4688 κωφοῖς
3166 4619 3297 4687 γοῦν
3341 4620 3380 4672 ἴε

2452 4699 2657 4769 ὅλεψις,
2682 4706 2916 4773 προσέτι
2948 4726 3008 4760 τε
3035 4710 3230 4778 χωλοῖς
3265 4711 3358 4761 καὶ

2456 4791 2634 4860 μένοις
2659 4792 2933 4862 θεραπεία
2956 4797 3178 4851 ἔσεσθαι
3207 4817 3380 4869 προφη

2453 4881 2636 4950 ἔτυχεν
2663 4883 2762 4935 οὐκ
2789 4887 2970 4951 ἄλλως
2990 4891 3021 4958 ἢ
3050 4890 3138 4942 διὰ
3158 4892 3256 4958 τῆς
3274 4889 3365 4941 τοῦ

2453 4973 2684 5041 Χριστοῦ
2715 4980 3042 5048 παρουσίας,
3060 4983 3149 5049 ὑφ’
3166 4976 3227 5032 οὗ
3259 4980 3380 5033 καὶ-

2455 5061 2737 5134 ὀφθαλμοὶ,
2757 5069 2854 5120 καὶ
2880 5071 3058 5138 κωφοὶ
3085 5071 3184 5141 τὴν
3205 5071 3370 5139 ἀκοὴν

2458 5156 2836 5219 γειν,ὄσοικαὶ
2856 5161 2945 5214 διὰ
2957 5161 3066 5214 τῶν
3092 5160 3255 5214 αὐτοῦ
3283 5159 3380 5230 μαε

2460 5245 2652 5313 κωφοὶ.
2671 5250 2766 5302 καὶ
2781 5251 2947 5318 χωλοὶ
2964 5251 3064 5313 τὰς
3085 5250 3223 5303 κατὰ
3242 5250 3380 5316 φύσις

2457 5333 2604 5386 ἄλλοι
2628 5352 2689 5387 τε
2747 5339 2929 5410 μυρίοι
2963 5339 3232 5400 ποικίλαις
3285 5339 3380 5389 νόσ»

2435 5408 2793 5497 ’τρυχωμένοι
2817 5408 2920 5497 τῆς
2954 5429 3081 5498 παρ’
3107 5427 3266 5480 αὑτοῦ
3297 5427 3380 5495 θερ

2461 5513 2583 5586 Pi“?
2611 5516 2877 5585 ἠξιοῦντο,
2915 5519 3052 5573 κατά
3095 5535 3153 5571 τε
3195 5516 3289 5586 τὴν
3329 5516 3380 5566 ἓν
