3738 6312
115 403 213 455 ιη

1005 406 1641 463 DEMONSTRATIONIS
1677 395 2118 462 EVANGELICIE
2155 393 2283 454 LIB.
2325 398 2416 457 Vl.

3162 406 3269 460 478

113 517 416 586 πρόρρησιν,
453 518 548 569 καὶ
589 520 729 573 κατὰ
777 521 875 592 τὴν
911 523 1305 598 ἅψευδεστὰτην
1344 528 1450 580 τῶν
1492 529 1644 598 ἱερῶν

1744 535 1796 580 et
1823 526 1988 581 salute
2031 518 2177 590 digni
2214 518 2475 586 judicati,
2517 527 2804 590 utrumque
2844 523 3116 585 consecuti
3153 524 3268 577 sint

115 607 438 676 Εὐαγγελίων
473 613 803 684 μαρτυρίαν.
838 617 1080 686 Ἐρημον
1105 619 1160 671 δὲ
1193 621 1248 670 ὲν
1277 619 1476 682 τούτοις
1503 622 1530 672 ὁ
1559 619 1648 672 λό-

111 716 213 765 γος,
249 700 544 754 αἰνίττεται
587 703 688 772 τὴν
715 703 774 767 ἐξ
820 704 988 758 ἐθνῶν
1021 708 1354 777 Ἐκκλησίαν,
1383 709 1448 778 ἢν
1488 709 1647 762 πάλαι

110 789 231 842 Θεοῦ
253 790 453 860 ἔρημον
485 785 658 845 οῦσαν
681 793 770 845 διὰ
797 793 906 846 τῶν
935 797 991 848 ἐν
1023 799 1208 867 χερσὶν
1233 798 1644 865 εὐαγγελίζεται.

111 881 206 934 Καὶ
231 880 400 933 ταῦτα
419 881 475 933 δὲ
499 882 641 953 πρὸς
668 885 777 944 τοῖς
802 883 979 946 ἄλλοις
1018 887 1084 954 τῇ
1116 887 1301 956 ἐρήμῳ
1326 888 1484 955 φησὶν
1513 890 1542 938 6
1567 887 1648 938 λό-

111 985 214 1036 γος,
258 969 575 1038 δοθήσεσθαι
606 971 710 1040 τὴν
744 972 899 1037 δόξαν
933 973 1026 1025 τοῦ
1060 975 1305 1027 Λιϐάνου.
1345 976 1564 1028 Λίϐανον
1591 976 1646 1028 δὲ

107 1057 194 1125 τὴν
236 1056 584 1127 Ἰερουσαλὴμ
613 1057 986 1128 ἀλληγορικῶς
1017 1059 1236 1128 σύνηθές
1264 1061 1406 1111 ἐστιν
1437 1061 1642 1112 ἀποκα-

107 1146 228 1204 λεῖν.
265 1146 339 1208 ὡς
366 1147 450 1198 ἐπὶ
485 1146 684 1216 καιροῦ
729 1147 816 1200 διὰ
840 1147 948 1200 τῶν
975 1148 1082 1200 ἀπὸ
1121 1149 1215 1217 τῆς
1261 1148 1405 1210 Θείας
1431 1149 1646 1218 Γραφῆς

107 1235 408 1300 ἀποδείξεων
443 1238 892 1307 παραστήσομεν.
934 1239 1020 1289 Ἐν
1057 1237 1119 1308 δὴ
1154 1234 1243 1290 οὖν
1277 1241 1342 1308 τῇ
1381 1237 1470 1290 τοῦ
1516 1237 1644 1290 Θεοῦ

107 1324 176 1381 είς
203 1321 516 1390 ἀνθρώπους
555 1323 848 1393 παρουσίᾳ,
872 1327 935 1392 τῇ
970 1324 1258 1394 δηλωθείσῃ
1281 1325 1485 1395 ἐρήμῳ,
1508 1325 1646 1392 λέγω

107 1412 158 1480 δὴ
188 1415 248 1480 τῇ
291 1412 350 1475 ἐξ
394 1411 564 1464 ἐθνῶν
611 1412 928 1482 Ἐκκλησία,
958 1413 1053 1482 τὴν
1094 1413 1247 1477 δόξαν
1287 1414 1375 1466 τοῦ
1419 1414 1644 1466 Λιϐάνου

105 1501 400 1568 δοθήσεσθαι
431 1503 466 1570 ή
497 1502 837 1571 προκειμένη
881 1501 1114 1554 διδάσκει
1157 1503 1468 1572 πρόρρησις.
1509 1503 1646 1554 Ἀντὶ

105 1594 152 1645 δὲ
173 1592 274 1654 τοῦ,
308 1609 328 1642 t
359 1592 455 1643 καὶ
484 1593 517 1661 ή
551 1591 692 1661 τιμὴ
720 1591 814 1643 τοῦ
834 1592 1143 1661 Καρμήλου,
1175 1612 1194 1643 ι
1229 1595 1257 1644 6
1289 1593 1384 1662 μὲν
1425 1592 1644 1654 Ἀκύλας

105 1682 218 1748 φησί
238 1697 250 1710 ·
290 1699 309 1730 ι
353 1681 704 1749 Διαπρέπεια
736 1681 829 1733 τοῦ
860 1681 1152 1751 Καρμήλου
1196 1683 1286 1734 καὶ
1317 1681 1409 1733 τοῦ
1440 1681 1642 1751 Σαρὼν,

105 1769 234 1824 αὐτοὶ
259 1768 480 1836 ὄψονται
512 1768 676 1832 δόξαν
707 1769 910 1839 Κυρίου
931 1787 944 1799 ·
977 1789 996 1820 ι
1033 1772 1061 1821 6
1089 1770 1145 1822 δὲ
1174 1769 1490 1839 Σύμμαχος·
1525 1770 1647 1822 «Εὐ-

110 1860 319 1928 πρέπεια
343 1858 440 1910 τοῦ
467 1859 773 1928 Καρμήλου
801 1859 1006 1930 καὶτοῦ
1032 1860 1229 1919 πεδίου,
1259 1861 1406 1912 αὐτοὶ
1430 1860 1642 1928 ὄψονται
1674 1845 1712 1898 Β

103 1948 183 2016 τὴν
205 1947 356 2011 δόξαν
388 1947 625 2016 Κυρίου.
649 1968 667 1997 ι
697 1947 806 2000 Καὶ
837 1950 864 2000 6
890 1947 1172 2001 Θεοδοτίων
1199 1950 1272 2009 δὲ,
1291 1964 1312 1999 ι
1347 1949 1635 2018 Ὠραιότηςν

105 2035 231 2105 φησὶ,
257 2033 349 2087 τοῦ
395 2035 705 2104 Καρμήλου
739 2036 833 2088 καὶ
870 2035 960 2088 τοῦ
1006 2035 1208 2105 Σαρὼν,
1237 2037 1386 2088 αὐτοὶ
1426 2036 1636 2104 ὄψονται

103 2132 180 2200 τὴν
206 2131 356 2198 δόξαν
379 2134 594 2203 Κυρίου
621 2150 637 2165 ·
668 2153 688 2184 ι
720 2134 787 2187 δι’
819 2127 891 2186 ὧν
915 2134 1236 2186 αἰνίττεσθαι
1262 2133 1496 2203 ἠγοῦμαι
1538 2133 1634 2203 τὴν

105 2221 405 2288 προφητείαν
439 2222 504 2273 ού
538 2221 639 2291 τὴν
680 2222 1046 2292 Ἰερουσαλήμ,
1086 2222 1203 2274 οὐδὲ
1228 2222 1324 2292 τὴν
1367 2222 1633 2286 Ἰουδαίαν,

105 2309 215 2361 ἀλλὰ
232 2309 324 2378 τὴν
346 2311 462 2363 τῶν
496 2311 670 2363 ὲθνῶν
696 2311 878 2382 χώραν
909 2312 1398 2381 καταξιωθήσεσθαι
1425 2313 1520 2382 τῆς
1555 2315 1639 2364 ὲν-

104 2399 202 2450 θὲου
222 2398 495 2467 γνώσεως.
545 2401 605 2452 Ὀ
632 2400 762 2467 γοῦν
798 2400 1116 2470 Κάρμηλος,
1143 2401 1234 2452 καὶ
1260 2402 1288 2452 6
1316 2399 1638 2469 καλούμενος

103 2487 260 2559 Σαρὼν
297 2490 460 2540 τόποι
491 2489 604 2540 τῶν
656 2489 960 2557 ἀλλοφύλων
990 2491 1225 2559 ὑπῆρχον
1248 2490 1429 2542 ἐθνῶν.
1457 2489 1636 2543 Ταῦτα

107 2580 185 2645 μὲν
206 2574 290 2630 οὖν
326 2578 472 2646 πρὸς
501 2578 649 2641 λέξιν
669 2595 683 2608 ·
727 2579 820 2630 καὶ
847 2579 984 2630 κατὰ
1013 2579 1244 2631 διάνοιαν
1266 2579 1322 2630 δὲ
1349 2579 1508 2631 εἰσέτι
1540 2580 1635 2649 σή-

104 2685 239 2738 μερον
257 2672 304 2721 oi
334 2671 471 2740 πρὶν
499 2669 600 2732 τὰς
633 2669 811 2738 ψυχὰς
842 2670 1242 2740 πεπηρωμένοι,
1273 2670 1346 2732 ὼς
1375 2667 1522 2733 ξύλα,
1544 2670 1637 2722 καὶ

103 2759 269 2821 λίθους,
314 2761 408 2812 καὶ
454 2760 556 2828 τὴν
600 2758 796 2827 λοιπὴν
843 2757 1046 2827 ἄψυχον
1093 2758 1242 2827 ὓλην,
1281 2758 1532 2827 δαίμονάς
1574 2775 1634 2810 τε

102 2848 399 2916 περιγείους,
457 2847 554 2898 καὶ
603 2847 887 2915 πνεύματα
942 2845 1167 2916 πονηρὰ,
1213 2847 1330 2898 ἀντὶ
1371 2846 1462 2898 τοῦ
1503 2844 1634 2898 Θεοῦ

99 2935 185 2987 τῶν
207 2937 335 2988 ὅλων
361 2937 720 3005 προσκυνεῖν,
749 2935 802 2986 οἵ
826 2951 883 2986 τε
913 2933 980 2985 τὰ
1013 2927 1124 2986 ὦτα
1148 2933 1246 3002 τῆς
1278 2933 1507 2995 διανοίας
1547 2950 1636 2985 κε-

99 3026 408 3093 καρωμένοι,
431 3027 534 3077 καὶ
559 3024 873 3086 σκάζοντες,
897 3024 986 3075 καὶ
1013 3022 1321 3091 παρειμένοι
1345 3022 1434 3074 τὸν
1462 3023 1634 3075 πάντα

100 3115 272 3165 ἑαυτῶν
297 3115 433 3183 βίον,
475 3113 684 3166 τούτων
717 3113 970 3164 ἁπάντων
999 3111 1089 3162 καὶ
1119 3110 1224 3161 τῶν
1256 3110 1424 3163 ἄλλων
1452 3110 1634 3163 παθῶν

99 3219 143 3254 τε
164 3205 245 3256 καὶ
269 3179 536 3275 αρῤωστη
545 3202 733 3270 μάτων
757 3201 842 3253 διὰ
864 3201 961 3268 τῆς
987 3199 1079 3251 τοῦ
1105 3199 1344 3268 Σωτῆρος
1369 3199 1517 3268 ἡμῶν
1541 3201 1636 3270 Ἱη·
1659 3179 1700 3235 C

99 3293 172 3345 σοῦ
201 3294 430 3363 Χριστοῦ
470 3291 819 3352 διδασκαλίας
853 3289 1017 3341 εἰσέτι
1045 3289 1136 3340 καὶ
1163 3287 1254 3340 νῦν
1281 3288 1636 3340 ἀπαλλάττον-

97 3396 188 3442 ται,
216 3383 342 3434 πολὺ
369 3382 691 3452 κρείττονος
719 3379 753 3446 ἢ
790 3376 929 3429 κατὰ
957 3375 1110 3443 σῶμα
1143 3375 1330 3436 ἰάσεως
1374 3375 1463 3427 καὶ
1498 3375 1637 3443 ὡφε-

95 3470 219 3535 λείας
259 3473 599 3542 ἀξιούμενοι,
643 3469 739 3522 καὶ
771 3467 872 3535 τῆς
910 3468 990 3527 εἰς
1025 3462 1335 3532 ἀνθρώπους
1373 3463 1462 3515 τοῦ
1501 3463 1632 3516 Θεοῦ

98 3562 238 3627 Διόγου
267 3561 577 3632 παρουσίας
607 3556 810 3626 ἐναργῆ
846 3555 943 3623 τὴν
977 3553 1124 3605 θείαν
1148 3553 1238 3604 καὶ
1266 3553 1402 3622 ὑπὲρ
1425 3552 1630 3622 ἄνθρω-

93 3667 174 3703 πον
195 3651 417 3722 δύναμιν
442 3645 902 3715 ἐπιδεικνύμενοι.

1746 617 1977 675 bonum,
2021 610 2106 664 cui
2146 609 2222 663 rei
2260 616 2315 663 et
2345 608 2528 663 divina
2557 609 2846 678 prophetiae
2879 611 3178 678 praedictio,
3207 619 3262 662 et

1746 704 1812 757 ab
1839 701 1983 756 omni
2021 697 2296 752 mendacio
2337 696 2728 751 alienissimum
2776 711 3048 752 sacrorum
3083 695 3265 752 Evan-
3281 743 3291 776 Ι

1745 794 2002 862 geliorum
2047 787 2446 850 testimonium,
2493 785 2848 839 indubitatam
2903 787 3058 841 ﬁdem
3111 786 3286 847 facit..

1747 881 2017 936 Desertam
2065 891 2189 931 vero
2231 875 2287 928 in
2336 874 2422 930 bis
2464 874 2643 928 verbis
2685 873 2962 926 oraculum
3003 874 3266 942 signiﬁcat

1743 985 1858 1023 eam
1887 983 2003 1038 qua:
2029 967 2094 1020 de
2123 964 2374 1034 gentibus
2402 963 2627 1016 collecta
2652 971 2764 1024 est,
2793 961 3084 1016 Ecclesiam
3103 1001 3117 1025 ,
3145 975 3265 1031 quae

1743 1074 1862 1112 cum
1893 1068 2043 1110 antea
2073 1056 2186 1112 sine
2214 1054 2322 1108 Deo
2347 1061 2489 1107 esset
2514 1092 2528 1115 ,
2559 1067 2654 1121 per
2678 1067 2771 1106 eos
2804 1053 2870 1106 de
2899 1053 3094 1120 quibus
3122 1067 3266 1104 nunc

1745 1148 1936 1217 agitur,
1964 1147 2305 1215 Evangelium
2347 1143 2560 1211 accipit.
2602 1141 2866 1197 Praeterea
2905 1142 3043 1195 idem
3077 1156 3268 1195 oracu-

1744 1239 1850 1290 lum
1892 1238 1997 1300 ait,
2040 1237 2163 1290 huic
2203 1235 2427 1289 deserta:
2468 1233 2696 1287 dandam
2743 1246 2870 1286 esse
2915 1232 3139 1301 gloriam
3177 1229 3266 1283 Li-

1742 1327 1884 1381 bani.
1913 1325 2172 1378 Libanum
2211 1336 2387 1378 autem
2416 1323 2639 1392 ﬁgurate
2681 1320 2978 1376 Jerusalem
3005 1319 3265 1390 appellari

1741 1423 2051 1471 consuetum
2090 1422 2173 1470 est
2191 1452 2208 1478 ,
2253 1414 2394 1468 sicut
2423 1427 2521 1468 suo
2545 1420 2784 1480 tempore
2806 1426 2900 1480 per
2923 1424 3016 1464 eas
3041 1410 3266 1464 demon-

1741 1505 2060 1566 strationes,
2112 1518 2247 1573 quas
2289 1503 2356 1557 de
2404 1501 2586 1555 divina
2631 1499 2909 1569 Scriptura
2954 1498 3268 1565 conﬁciam,

1741 1595 2060 1664 probaturus
2098 1609 2257 1648 sum:
2296 1592 2475 1660 itaque
2511 1591 2566 1644 in
2602 1590 2769 1660 ipsius
2803 1587 2894 1643 Dei
2931 1588 2998 1642 ad
3024 1589 3270 1644 homines

1743 1684 1967 1738 adventu
1991 1725 2006 1744 ,
2051 1684 2126 1736 illi
2171 1682 2428 1743 desertae,
2475 1680 2541 1734 de
2571 1694 2677 1748 qua
2705 1679 2907 1732 dictum
2941 1684 3050 1739 est,
3084 1676 3270 1730 Eccle-

1744 1776 1865 1840 siae,
1909 1777 2161 1844 inquam,
2198 1789 2315 1842 qua:
2344 1771 2410 1826 de
2437 1771 2683 1840 gentibus
2724 1769 2947 1823 collecta
2989 1775 3102 1832 est,
3151 1767 3270 1836 glo-

1740 1865 1870 1916 riam
1903 1864 2086 1918 Libani
2117 1861 2344 1916 dandam
2375 1875 2494 1914 esse
2518 1901 2531 1925 ,
2572 1858 2909 1928 propositum
2949 1857 3106 1910 docet
3144 1869 3268 1910 ora-

1738 1950 1936 2003 culum.
1967 1949 2073 2002 Pro
2098 1964 2161 2002 eo
2191 1955 2368 2000 autem
2403 1946 2546 2014 quod
2577 1946 2777 2000 dictum
2813 1955 2929 2007 est,
2963 1961 2981 1993 ι
3014 1952 3068 1998 et
3095 1943 3268 1997 honor

1738 2035 2000 2097 Carmeli,
2031 2055 2049 2086 ι
2091 2034 2282 2103 Aquila
2340 2032 2553 2101 quidem
2606 2031 2907 2092 convertit,
2952 2047 2970 2079 ι
3006 2028 3266 2096 Splendor

1737 2123 1967 2177 Carmeli
1997 2131 2050 2176 et
2082 2120 2286 2185 Saron,
2318 2121 2416 2188 ipsi
2445 2120 2700 2174 videbunt
2729 2119 2949 2185 gloriam
2982 2116 3208 2170 Domini.
3240 2135 3261 2168 ι

1740 2213 2087 2284 Symmachus
2110 2228 2267 2275 vero,
2297 2231 2314 2262 ι
2346 2211 2514 2265 Decor
2549 2210 2776 2263 Carmeli
2816 2220 2869 2262 et
2919 2207 3127 2276 campi,
3160 2205 3268 2274 ipsi

1740 2303 1996 2358 videbunt
2045 2303 2270 2372 gloriam
2328 2300 2559 2354 Domini.
2599 2317 2617 2349 ι
2653 2297 2986 2351 Theodotion
3039 2302 3263 2348 autem:

1744 2412 1762 2443 ι
1793 2392 2046 2461 Species,
2077 2390 2289 2459 inquit,
2329 2387 2562 2442 Carmeli
2608 2393 2662 2439 et
2715 2384 2920 2445 Saron,
2966 2381 3068 2449 ipsi
3117 2379 3260 2434 vide-

1737 2481 1870 2533 bunt
1909 2479 2130 2548 gloriam
2177 2477 2411 2531 Domini.
2443 2494 2462 2528 ι
2491 2474 2700 2539 Quibus
2738 2471 2920 2526 verbis
2961 2470 3266 2540 signiﬁcare

1738 2569 1968 2622 arbitror
1996 2567 2329 2637 prophetiam
2352 2605 2365 2626 ,
2399 2579 2506 2618 non
2546 2564 2719 2632 ipsam
2758 2560 3053 2615 Jerusalem
3092 2575 3265 2628 neque

1735 2656 1970 2710 Judwam
1993 2696 2007 2720 ,
2039 2655 2131 2709 sed
2162 2656 2400 2724 ipsarum
2425 2653 2661 2722 gentium
2692 2660 2884 2704 terram
2911 2688 2924 2711 ,
2957 2649 3041 2702 cui
3084 2637 3265 2702 divina

1736 2747 1966 2815 cognitio
1992 2743 2292 2799 exhibenda
2325 2743 2414 2797 sit.
2448 2741 2729 2795 Carmelus
2756 2739 2896 2793 enim
2923 2777 2937 2801 ,
2967 2746 3020 2792 et
3048 2739 3140 2806 qui
3171 2752 3265 2790 νο⁴

1736 2845 1890 2890 catur
1936 2834 2139 2897 Saron,
2186 2840 2530 2886 externarum
2575 2829 2810 2899 gentium
2840 2827 2954 2880 loca
2983 2835 3158 2880 erant.
3194 2825 3260 2879 Et

1733 2927 1846 2980 haec
1893 2925 2107 2994 quidem
2154 2923 2218 2976 ad
2269 2921 2534 2984 verbum,
2568 2920 2635 2974 ad
2665 2933 2882 2974 sensum
2924 2932 3052 2971 vero
3098 2917 3264 2970 inter-

1737 3014 2110 3083 pretantibus,
2161 3010 2448 3066 dicendum
2499 3011 2641 3071 erit,
2689 3008 2831 3077 quod
2883 3006 2920 3059 ii
2971 3006 3068 3075 qui
3113 3006 3264 3074 prius

1739 3104 1931 3156 animis
1955 3102 2203 3156 excascati
2233 3107 2385 3154 erant
2407 3137 2422 3161 ,
2460 3098 2593 3152 adeo
2623 3105 2681 3150 ut
2719 3097 2859 3165 ligna
2903 3104 2953 3149 et
2988 3095 3189 3164 lapides
3211 3103 3266 3148 et

1735 3193 1990 3261 reliquam
2025 3191 2213 3244 anima:
2265 3199 2535 3257 expertem
2567 3188 2840 3240 materiam
2867 3224 2881 3248 ,
2916 3199 3124 3238 necnon
3157 3184 3264 3238 dae-

1736 3300 1922 3339 monas
1955 3283 2154 3337 circum
2189 3289 2386 3334 terram
2420 3285 2698 3332 versantes
2719 3315 2733 3338 ,
2767 3277 3008 3344 aliosque
3043 3275 3262 3342 spiritus

1733 3375 2047 3444 depravatos
2069 3411 2083 3433 ,
2113 3373 2232 3424 loco
2261 3367 2455 3423 summi
2499 3366 2592 3419 Dei
2624 3366 2861 3419 colerent
2881 3403 2895 3426 ,
2927 3365 3124 3432 quique
3161 3378 3261 3416 auo

1732 3463 1881 3516 ribus
1925 3459 2288 3529 intelligentia:
2332 3455 2764 3518 ohsurduerant;
2805 3459 2858 3506 et
2897 3451 3264 3505 claudicantes

1732 3553 1997 3622 solutique
2020 3551 2163 3605 omni
2191 3549 2300 3603 vita
2331 3558 2515 3608 erant,
2543 3545 2628 3598 his
2659 3544 2908 3598 omnibus
2935 3541 3090 3595 malis
3120 3540 3263 3595 aliis-

1730 3658 1837 3711 que
1882 3649 1934 3695 et
1978 3638 2435 3710 perturbationum
2469 3641 2524 3688 et
2549 3632 2921 3702 aegritudinum
2947 3627 3258 3698 generibus,

95 3760 174 3808 per
219 3743 528 3800 Salvatoris
559 3740 735 3794 nostri
761 3737 891 3792 Jesu
925 3735 1125 3791 Christi
1158 3735 1454 3788 doctrinam
1495 3736 1652 3788 etiam
1690 3752 1833 3791 nunc
1862 3735 2177 3794 liberantur,
2209 3737 2262 3783 et
2299 3728 2468 3780 multo
2529 3723 2949 3794 praestantiorem
2996 3734 3155 3788 quam
3196 3732 3260 3772 ea

92 3843 188 3898 est,
240 3851 362 3921 quae
391 3834 464 3888 ad
517 3847 724 3900 corpus
783 3829 1046 3898 pertinet,
1113 3828 1334 3882 salutem
1389 3842 1648 3895 opemque
1679 3829 1974 3895 recipiunt,
2016 3834 2069 3880 et
2111 3823 2203 3877 Dei
2235 3820 2394 3875 Verbi
2437 3817 2503 3872 ad
2542 3817 2783 3871 homines
2824 3813 3084 3868 adventus
3122 3809 3264 3864 divi-

93 3942 196 3980 nam
220 3937 271 3983 et
287 3919 414 3997 plus
445 3939 618 3996 quam
647 3923 938 3975 humanam
970 3921 1219 3974 virtutem
1255 3920 1511 3989 detegunt
1541 3935 1604 3972 ac
1639 3919 2028 3974 demonstrant.

587 4029 980 4084 ΚΕΦΑΛΑΙΟΝ
1005 4028 1133 4082 ΚΒ¹.

100 4121 215 4172 Ἀπὸ
255 4124 362 4176 τοῦ
411 4120 630 4176 αὑτοῦ.
677 4151 747 4160 -
781 4120 870 4180 Ὡς
917 4120 950 4169 ὁ
996 4115 1218 4182 πρῶτος
1257 4116 1352 4168 καὶ
1401 4119 1483 4182 εις
1529 4119 1634 4172 τὸν

143 4190 313 4243 αἰῶνα
344 4192 457 4244 τοῦ
495 4188 648 4243 Θεοῦ
693 4189 902 4254 Λόγος,
944 4188 976 4236 ὁ
1015 4185 1131 4236 τῶν
1166 4183 1322 4254 ῥ’λῳν
1357 4188 1633 4252 Δημιουρ-

147 4259 260 4324 τύς.
293 4260 418 4313 ὑπὸ
444 4258 676 4324 Κυρίου
703 4251 807 4324 τοῦ
834 4254 1060 4320 Πατρός
1085 4251 1182 4306 καὶ
1200 4251 1313 4305 νῦν
1338 4251 1629 4307 ἀπεστάλ-

144 4323 229 4380 θαι
247 4329 476 4381 ἑαυτὸν
510 4323 808 4394 ὁμολογεῖ.

2177 4024 2334 4094 3oz
2381 4017 2604 4076 CAPUT
2643 4013 2804 4068 xxn.

1733 4116 1810 4171 Ab
1838 4115 2031 4169 eodem.
2058 4143 2128 4154 —
2154 4107 2596 4175 Quemadmodum
2618 4099 3255 4175 priuttttit_senipit5rnum-

1833 4166 1893 4237 ue
1937 4166 2036 4237 Dei
2073 4166 2292 4235 Verwbum
2313 4218 2327 4241 ,
2360 4180 2467 4245 ipse
2493 4166 2718 4228 universi
2751 4169 2935 4245 Opifea:
2969 4185 2999 4218 a
3037 4166 3258 4218 Domino

1833 4202 1893 4237 ue
1942 4202 2036 4237 uer
2079 4202 2292 4235 vernum
2313 4218 2327 4241 ,
2360 4202 2467 4245 qlae
2493 4202 2718 4228 uuwarot
2751 4202 2934 4238 υμιμηυ
2969 4202 2998 4218 ιι
3037 4202 3076 4218 υ

1798 4202 1956 4307 Patre
1991 4253 2147 4306 etiam
2171 4264 2303 4302 nunc
2330 4263 2383 4300 se
2416 4246 2627 4297 missum
2657 4256 2764 4294 esse
2794 4238 3083 4305 conﬁtetur.

145 4457 163 4488 ι
196 4439 393 4490 Ἀκουέ
429 4453 559 4507 μου,
602 4432 812 4497 Ἰακὼϐ,
844 4432 939 4485 καὶ
980 4429 1212 4502 Ἰσραήλ,
1242 4427 1298 4482 ὃν
1321 4426 1426 4497 ἐγὼ
1453 4431 1624 4484 καλᾶν

1810 4443 1827 4473 ι
1854 4421 1991 4474 Audi
2033 4417 2149 4482 me,
2193 4415 2358 4470 Jacob
2397 4421 2449 4468 et
2486 4411 2648 4466 Israel
2673 4449 2688 4472 ,
2733 4422 2889 4477 quem
2934 4419 3031 4473 ego
3076 4417 3206 4456 voco
3235 4418 3254 4454 ι

84 4525 178 4595 ἐγώ
201 4529 312 4596 είμι
359 4527 607 4597 πρῶτος,
645 4524 736 4576 καὶ
779 4520 890 4587 ἐγώ
915 4522 1030 4588 είμι
1074 4521 1151 4580 εἰς
1193 4519 1280 4569 τὸν
1310 4519 1503 4571 αἰῶνα·
1535 4521 1627 4572 καὶ

83 4616 108 4680 1‘,
139 4617 244 4685 χείρ
278 4634 382 4685 μου
427 4614 760 4684 ὲθεμελὶωσε
806 4612 903 4678 τὴν
951 4610 1072 4677 γῆν,
1101 4611 1133 4676 ή
1165 4606 1308 4672 δεξιά
1339 4624 1440 4675 μου
1483 4611 1628 4660 ἐστε-

87 4702 234 4767 ρέωσε
272 4704 363 4755 τὸν
410 4700 666 4771 οὐρανόν.
706 4717 724 4748 ι
758 4697 882 4748 ’Καὶ
919 4695 1164 4762 ἐπιφέρει
1205 4693 1404 4759 λέγων·
1459 4713 1476 4744 ι
1523 4697 1628 4747 Καὶ

85 4790 165 4841 νῖιν
203 4793 407 4861 Κύριος
439 4788 754 4844 ἀπέσταλκε
790 4803 876 4854 με,
918 4784 1010 4835 καὶ
1047 4783 1106 4833 τὸ
1139 4782 1356 4850 Πνεῦμα
1384 4784 1562 4836 αὑτοῦ.
1603 4803 1621 4833 ι

90 4880 251 4948 Ἔχεις
292 4880 581 4934 κάνταῦθα
621 4877 714 4929 καὶ
755 4876 846 4926 τὸν
891 4868 1362 4937 ἁποστελλόμενον,
1403 4871 1493 4922 καὶ
1538 4871 1628 4923 τὸν

89 4965 495 5031 ἀποστέλλοντα,
539 4964 741 5036 δηλαδὴ
780 4962 870 5014 τὸν
929 4957 1147 5026 Πατέρα
1200 4957 1290 5007 καὶ
1346 4957 1472 5009 Θεὸν
1521 4959 1628 5011 τῶν

90 5053 226 5118 ὅλων,
255 5057 508 5126 συνήθως
532 5057 613 5117 δὶς
643 5052 844 5122 Κύριον
877 5046 1288 5117 ὀνομαζόμενον.

581 5159 975 5218 ΚΕΦΑΛΑΙΟΝ
1008 5157 1100 5208 ΚΓ
1101 5163 1136 5209 ⁸.

105 5255 219 5309 Ἀπὸ
247 5258 350 5310 τσῦ
391 5256 609 5310 αὐτοῦ.
644 5285 715 5293 —
755 5253 845 5314 Ὠς
885 5247 1129 5314 αὐτὸςίῤ
1160 5241 1366 5314 Κᾷριρς
1400 5243 1464 5296 τὸ
1504 5247 1629 5300 ‘Iov.

155 5309 529 5387 ὅαίὼκέθτέος
564 5309 900 5387 exarmet,
933 5318 1021 5367 ὅτι
1047 5311 1134 5387 δὴ
1171 5309 1412 5387 exeam
1452 5315 1628 5387 αὐτὸν

158 5395 220 5444 οὐ
268 5379 725 5458 παραδέξωνται,
764 5379 903 5438 οὐδὲ
947 5379 1230 5458 καλοᾷνςι
1266 5379 1626 5434 ὑπακούσον-

156 5475 257 5519 ται,
275 5444 465 5514 didici
487 5444 552 5511 ίε
577 5444 847 5508 «siderat
878 5451 1028 5517 πρὸς
1053 5444 1266 5499 αὐτῶν.

168 5584 184 5615 ι
213 5565 355 5619 οὕτω
412 5566 562 5632 λέγει
620 5558 855 5626 Κύριος’
919 5555 1076 5606 Ποῖον
1148 5552 1296 5604 τοῦτο
1337 5553 1394 5606 τὸ
1437 5555 1626 5624 βιϐλίον

173 5715 212 5747 “
237 5713 338 5772 Isa.
365 5729 557 5778 nvm,
601 5709 692 5762 13.
770 5706 806 5735 ’³
830 5701 956 5757 ibid.
994 5701 1079 5753 16.

1732 4529 1828 4582 ego
1867 4527 1982 4565 sum
2016 4510 2252 4577 primus,
2285 4514 2338 4560 et
2377 4519 2475 4573 ego
2514 4515 2633 4557 sum
2663 4500 2717 4552 in
2751 4496 3166 4564 sempiternum:
3202 4498 3256 4543 et

1735 4619 1923 4658 manus
1958 4616 2071 4653 mea
2103 4597 2344 4652 fundavit
2373 4603 2565 4648 terram
2585 4630 2599 4653 ,
2627 4589 2841 4642 dextera
2872 4598 2986 4637 mea
3017 4578 3248 4635 ﬁrmavit

1739 4694 1932 4747 cadum
1963 4693 2027 4741 ²⁰.
2060 4708 2077 4739 ι
2102 4688 2166 4740 Ει
2192 4683 2432 4755 adjungit
2464 4680 2620 4752 paulo
2651 4688 2805 4747 post:
2840 4692 2858 4724 ι
2885 4671 2948 4723 Ει
2979 4684 3122 4723 nunc
3150 4666 3254 4719 Do-

1738 4784 1914 4834 minus
1945 4778 2087 4831 misit
2117 4791 2200 4829 me
2237 4783 2291 4828 et
2323 4771 2551 4841 Spiritus
2593 4768 2710 4835 ejus
2737 4764 2800 4815 ³¹.
2832 4781 2850 4812 ι
2873 4759 3048 4812 [Iabes
3094 4755 3256 4823 igitur

1731 4869 1817 4922 hic
1858 4881 2068 4935 quoque
2105 4863 2382 4915 Dominum
2407 4902 2422 4925 ,
2472 4857 2563 4928 qui
2606 4853 2834 4908 mittitur
2857 4857 2910 4902 et
2938 4846 3031 4936 qui
3059 4842 3248 4905 mittit,

1731 4957 1942 5011 Patrem
1972 4953 2220 5006 videlicet
2254 4966 2316 5004 ac
2346 4950 2512 5004 Deum
2544 4943 2815 5005 universi,
2853 4938 2944 5009 qui
2976 4931 3255 4989 consuevit

1729 5046 1812 5100 bis
1842 5043 2093 5096 Dominus
2120 5039 2406 5094 nominari.

2278 5147 2502 5205 CAPUT
2538 5144 2722 5200 XXIII.

1731 5247 1807 5301 Ab
1836 5244 2030 5300 eodem.
2053 5273 2120 5282 -—
2141 5237 2583 5306 Quemadmodum
2613 5235 2717 5299 ipse
2734 5301 2742 5306 _
2760 5229 3011 5283 Dominus
3038 5224 3252 5306 Iudaeo-

1799 5295 1913 5367 rum
1936 5295 2438 5381 ﬁgentemwredurguit
2460 5342 2474 5367 ,
2514 5320 2571 5356 eo
2607 5295 2742 5369 quod
2766 5309 3054 5381 uenturum
3085 5295 3252 5381 ipsum

1798 5361 2217 5448 iiiéeﬁidkihm’
2242 5361 2380 5436 sint],
2410 5361 2565 5448 neque
2595 5361 2798 5448 ρόιξωιιὶ
2840 5366 2940 5420 sibi
2981 5361 3256 5416 ausculta-

1801 5451 1902 5502 turi
1921 5439 2010 5515 ,ἐι
2040 5463 2152 5517 qua:
2181 5459 2428 5514 passurus
2457 5439 2523 5494 sit
2552 5439 2614 5492 ab
2643 5439 2736 5492 eis.

1807 5575 1824 5609 ι
1856 5557 1944 5610 Sic
1973 5555 2100 5609 dicit
2131 5551 2420 5618 Dominus,
2455 5547 2638 5614 Qualis
2663 5555 2746 5602 est
2774 5544 2861 5600 hic
2889 5540 3024 5596 liber
3051 5532 3264 5605 repudii
