3738 6312
805 411 909 469 ιτς

1452 379 1717 457 ῈΗΒΕΒΙΙ
1753 396 2217 456 CESARIENSIS
2252 394 2399 449 OPP.
2433 391 2607 446 PARS
2628 390 2690 446 ιι.
2729 423 2799 432 —
2835 389 2928 444 ΑΡ(

1872 396 2217 455 SARIENSIS
2252 394 2399 449 OPP.
2433 391 2607 446 PARS
2628 390 2690 446 ιι.
2729 423 2799 432 -
2835 388 3348 445 APOLOGETICA.

810 526 993 584 matris
1032 526 1254 580 vestrae,
1290 530 1398 585 quo
1441 516 1620 572 dimisi
1663 517 1826 571 eam?
1863 522 1954 568 aut
1983 516 2066 568 cui
2099 512 2286 565 debito]

1905 522 1954 568 ut
1983 516 2066 568 cui
2099 510 2325 565 debitori
2353 515 2399 571 Α
2424 508 2517 562 τοῦ
2544 506 2869 561 ἀποστασίου
2902 506 2997 575 τῆς
3026 505 3243 575 μητρὸς
3271 503 3381 572 ὑμι]

810 614 1015 672 vendidi
1047 609 1184 664 vos?
1210 622 1338 662 ecce
1367 608 1602 674 peccatis
1634 607 1826 660 vestris
1856 605 2051 658 venditi
2083 604 2215 657 estis
2236 641 2251 663 ,
2280 609 2332 655 et

810 698 1176 772 iniquitatibus
1212 694 1406 748 vestris
1442 696 1597 748 emisi
1640 703 1859 749 matrem
1893 703 2162 755 vestram,
2197 705 2333 759 quo-

810 789 950 843 niam
979 787 1127 849 veni,
1159 792 1212 839 et
1238 801 1347 839 non
1373 793 1487 839 erat
1514 784 1706 848 homo;
1739 785 1954 844 vocavi,
1983 791 2035 836 et
2065 797 2172 835 non
2210 787 2326 834 erat

807 878 898 945 qui
931 873 1155 927 audiret.
1190 871 1439 940 Nunquid
1487 887 1592 924 non
1627 878 1801 939 potest
1831 886 2021 923 manus
2052 885 2167 921 mea
2196 868 2328 922 libe-

806 964 963 1019 rare?
987 969 1077 1016 aut
1106 962 1342 1031 nunquid
1381 977 1486 1014 non
1514 974 1731 1028 possum
1758 960 1961 1027 eripere
1986 959 2068 1010 “?
2093 979 2110 1009 ι
2138 956 2336 1011 Deinde

809 1053 864 1129 in
916 1052 1098 1106 eadem
1147 1051 1422 1121 prOphetia
1472 1050 1744 1119 paululum
1791 1063 2144 1116 progressus:
2176 1065 2194 1096 ι
2226 1046 2336 1125 Ego

808 1155 953 1205 vero,
996 1140 1197 1209 inquit,
1239 1155 1343 1192 non
1387 1146 1673 1192 contumax
1708 1152 1854 1199 sum,
1902 1150 2074 1204 neque
2115 1142 2335 1189 contra-

814 1227 935 1281 dico
963 1245 976 1279 :
1034 1234 1239 1294 tergum
1280 1239 1455 1277 meum
1496 1225 1616 1277 dedi
1650 1223 1703 1275 in
1736 1223 1939 1291 ﬂagella
1961 1262 1975 1285 ,
2006 1231 2060 1275 et
2089 1223 2335 1276 maxillas

810 1329 958 1369 meas
1000 1316 1055 1368 in
1098 1316 1278 1383 alapas
1310 1333 1321 1366 :
1368 1313 1553 1366 faciem
1592 1327 1719 1365 vero
1757 1327 1927 1365 meam
1971 1326 2076 1365 non
2105 1312 2272 1365 averti
2304 1326 2335 1364 a

809 1406 1006 1473 probro
1027 1405 1411 1472 sputorum'h
1429 1402 1542 1471 Ipse
1569 1401 1821 1455 Dominus
1843 1441 1857 1465 ,
1886 1417 2009 1454 cum
2032 1403 2086 1453 in
2114 1402 2197 1455 his
2224 1417 2338 1456 ver-

808 1493 892 1548 bis
921 1508 1074 1547 suum
1102 1492 1166 1544 ad
1197 1492 1436 1545 homines
1467 1490 1751 1544 adventum
1783 1490 2030 1554 fateatur,
2058 1490 2336 1559 redarguit

809 1583 964 1652 303
1008 1583 1256 1652 populum
1307 1580 1642 1642 Judazorum,
1688 1581 1830 1649 quod
1874 1582 2171 1634 venientem
2211 1594 2336 1633 eum

811 1672 1111 1740 suscepturi
1140 1686 1243 1723 non
1274 1670 1399 1735 sint,
1436 1685 1605 1737 neque
1638 1670 1850 1723 vocanti
1876 1670 2249 1731 auscultaturi,
2281 1675 2335 1722 et

810 1758 970 1822 hanc,
1017 1759 1167 1826 quasi
1213 1758 1446 1825 seipsum
1490 1756 1801 1821 defendens,
1849 1772 2067 1810 causam
2117 1757 2330 1810 illorum

2432 597 2562 666 τήν;
2604 598 2636 666 ἢ
2680 596 2782 648 τίνι
2838 595 3084 665 ὑπόχρεῳ
3148 593 3382 663 πέπρω

2432 686 2720 755 ἁμαρτίαις
2765 684 2918 753 ὑμῶν
2953 682 3259 753 ἐπράθητε,
3298 684 3382 734 κα’

2433 773 2779 837 ἐξαπέστειλα
2811 773 2910 842 τὴν
2939 772 3153 841 μητέρα
3181 770 3347 840 ὑμῶν
3375 787 3382 799 ·

2431 858 2499 931 ἦν
2527 862 2824 931 ἄνθρωπος·
2862 863 3114 924 ἐκάλεσα,
3149 863 3252 912 καὶ
3277 863 3382 913 οὑκ

2432 952 2547 1020 οὑχὶ
2581 951 2749 1020 ἰσχύει
2782 953 2814 1021 ἡ
2847 952 2968 1021 χείρ
3009 967 3110 1019 μου
3145 949 3249 1001 τοῦ
3289 951 3382 1019 po:

2431 1041 2521 1093 τοῦ
2573 1041 2879 1105 ὲξελέσθαι;
2933 1060 2950 1090 ι
3004 1038 3121 1093 Εἶτ’
3176 1041 3275 1092 ἐπὶ
3327 1042 3382 1091 ττι

2434 1128 2652 1190 ὑποϐὰς,
2700 1147 2716 1177 ι
2742 1127 2881 1194 Ἐγὼ
2925 1128 3002 1190 δὲ,
3051 1130 3258 1199 φησιν,
3301 1130 3382 1179 οὺς

2432 1219 2587 1286 λέγω.
2639 1219 2709 1270 Τὸ
2753 1220 2918 1271 νῶτόν
2975 1236 3077 1287 μου
3116 1220 3306 1271 ἔδωκα
3348 1238 3373 1270 ε

2435 1308 2677 1376 σιαγόνας
2733 1325 2833 1376 μου
2890 1310 2971 1370 είς
3029 1310 3381 1377 ῥαπίσματα

2436 1414 2534 1466 μου
2582 1397 2678 1449 οὑκ
2722 1397 3037 1467 ἀπέστρεψα
3073 1399 3195 1450 ἀπὸ
3221 1401 3382 1468 αἰσχιὶ

2431 1486 2596 1547 Αὐτὸς
2639 1488 2666 1538 ὁ
2694 1485 2892 1557 Κύριος
2923 1486 3008 1539 διὰ
3051 1488 3274 1540 τούτων
3314 1491 3382 1559 τὴ

2430 1576 2520 1629 τοῦ
2546 1578 2838 1646 παρουσίαν
2873 1577 3057 1645 σαφῶς
3095 1578 3382 1647 ὁμολογῶν

2430 1666 2586 1720 δαίων
2635 1666 2781 1729 λαὸν,
2828 1667 2908 1719 ὅτι
2969 1667 3044 1737 μὴ
3091 1668 3328 1722 ἐλθόντα

2435 1756 2565 1826 μηδὲ
2603 1756 2848 1808 καλοῦντι
2889 1756 3325 1811 ὑπακούσονται.
3357 1761 3382 1812 1η

809 1847 1043 1915 ipsorum
1061 1844 1360 1911 rejectionis
1388 1844 1543 1897 docet
1558 1844 1723 1898 fuisse
1742 1863 1755 1897 :
1776 1859 1894 1898 nam
1929 1862 1946 1894 ι
1972 1843 2231 1909 Quoniam
2247 1862 2285 1894 νς

1929 1862 1946 1894 ι
1972 1843 2231 1909 Quoniam
2247 1860 2335 1898 ve-
2367 1833 2407 1885 Β
2433 1845 2746 1915 λογούμενος
2775 1888 2790 1911 ,
2833 1846 3000 1899 αἴτιον
3084 1848 3189 1917 τῆς
3250 1849 3381 1899 αὐτί

809 1934 886 1997 ni,
926 1934 1119 2002 inquit,
1158 1939 1209 1986 et
1230 1947 1335 1984 non
1365 1940 1481 1986 erat
1510 1933 1562 1985 in
1587 1934 1735 1987 vobis
1767 1934 1943 1998 homo,
1963 1934 2251 2002 vocaviqne
2281 1943 2335 1988 et

808 2022 987 2076 nullus
1029 2029 1160 2085 erat,
1195 2023 1281 2090 qui
1322 2022 1528 2076 audiret
1565 2041 1578 2076 :
1611 2023 1829 2086 idcirco,
1871 2024 2061 2092 inquit,
2102 2025 2334 2092 peccatis

812 2109 1009 2164 vestris
1046 2110 1244 2164 venditi
1280 2112 1430 2177 estis,
1474 2132 1491 2162 ι
1541 2120 1788 2180 tanquam
1818 2114 1919 2182 ipsi
1946 2130 2040 2182 per
2065 2129 2161 2169 vos
2189 2115 2333 2183 ipsos

808 2213 941 2252 mea:
984 2200 1274 2252 vocationis
1324 2199 1689 2268 repudiatores
1755 2204 2099 2265 exstiteritis,
2165 2217 2336 2272 neque

808 2300 934 2341 vero
964 2285 1075 2355 ipse
1100 2287 1251 2341 vobis
1290 2287 1526 2340 libellum
1564 2287 1768 2356 repudii
1792 2287 2047 2343 dederim.
2091 2288 2213 2342 Haec
2237 2305 2335 2343 au-

807 2382 913 2428 tem
941 2373 1338 2429 evidentissime
1377 2374 1443 2428 ad
1475 2390 1596 2429 eum
1625 2377 1876 2444 populum
1899 2377 1987 2444 qui
2012 2378 2078 2430 ad
2104 2378 2335 2430 circum-

807 2462 1062 2515 cisionem
1107 2464 1358 2531 pertinet,
1398 2463 1599 2516 directa
1627 2472 1771 2526 sunt,
1796 2472 1848 2518 et
1893 2465 2049 2522 simul
2082 2480 2165 2529 ea,
2216 2480 2333 2535 quae

808 2553 884 2606 illi
911 2560 1095 2606 contra
1126 2554 1299 2621 ipsum
1333 2555 1388 2606 in
1430 2556 1678 2623 passione
1718 2554 1834 2607 ausi
1864 2564 2007 2615 sunt,
2048 2554 2328 2622 significat,

808 2642 990 2696 (Icens
1022 2660 1035 2694 :
1068 2661 1087 2693 ι
1126 2641 1354 2713 Tergum
1385 2658 1557 2696 meum
1591 2643 1710 2697 dedi
1745 2644 1795 2695 in
1821 2642 2043 2711 flagella,
2072 2651 2125 2696 et
2152 2645 2334 2697 maxil-

808 2732 888 2785 las
916 2748 1059 2787 meas
1086 2731 1139 2785 in
1170 2733 1371 2801 alapas,
1408 2752 1428 2784 ι
1460 2740 1511 2786 et
1543 2748 1661 2801 qua:
1697 2739 2011 2800 sequuntur.
2043 2731 2165 2787 Haec
2199 2748 2334 2801 quo-

807 2836 910 2888 que
931 2836 1023 2889 per
1040 2825 1204 2876 otium
1225 2837 1255 2875 a
1284 2822 1436 2876 nobis
1454 2822 1597 2891 justa
1623 2822 2053 2891 interpretatione
2078 2839 2139 2878 ex
2147 2824 2341 2893 plana-m

807 2908 1024 2962 buntur.

1008 3014 1040 3049 ³
1330 3021 1554 3077 CAPUT
1609 3021 1795 3078 XXIV.

2434 1937 2708 2003 γεγονέναι
2759 1936 3014 1989 διδάσκει.
3073 1954 3092 1986 ‹
3144 1937 3306 1989 Ἐπεὶ
3352 1955 3382 2005 γ

2432 2027 2527 2077 οὑκ
2569 2022 2635 2095 ἦν
2684 2026 2739 2078 ὲν
2780 2026 2904 2095 ὑμῖν
2943 2025 3243 2096 ἄνθρωπος
3266 2066 3280 2089 ,
3314 2028 3381 2078 ὲκ

2431 2110 2497 2184 ἦν
2542 2116 2569 2165 ὁ
2597 2114 2909 2167 ὑπακούων
2963 2115 3056 2167 διὰ
3104 2116 3305 2181 τοῦτο,
3352 2134 3382 2184 ᾳ

2433 2202 2582 2271 ὑμῶν
2611 2203 2879 2273 ὲπράθητε
2899 2241 2912 2264 ,
2940 2222 2958 2253 ι
2997 2204 3097 2256 ἅτε
3133 2205 3296 2257 αὑτοὶ
3337 2207 3372 2258 ἀ

2430 2291 2528 2358 τῆς
2556 2291 2690 2360 ἐμῆς
2716 2291 2954 2361 κλήσεως
3004 2293 3382 2356 καταστάντες

2431 2377 2574 2430 ὀλίον
2612 2381 2736 2448 ὑμῖν
2785 2380 3119 2432 ἀποστασίου
3149 2381 3382 2434 δεδωκότ

2430 2469 2565 2539 πρὸς
2590 2470 2678 2522 τὸν
2705 2473 2768 2522 ἐκ
2790 2471 3098 2540 περιτομῆς
3125 2471 3257 2523 λαὸν
3290 2474 3382 2523 dm

2431 2560 2556 2628 περὶ
2582 2560 2642 2611 τὸ
2669 2559 2836 2622 πάθος
2860 2561 3247 2630 τετολμημένα
3274 2564 3382 2614 αὑτα

2430 2649 2596 2702 νῶτόν
2625 2666 2725 2718 μου
2748 2650 2955 2704 δέδωκα
2981 2654 3063 2714 εἰς
3095 2652 3375 2721 μάστιγας

2428 2739 2506 2799 είς
2537 2739 2882 2808 ῥαπίσματα,
2918 2758 2937 2790 ι
2993 2741 3091 2792 καὶ
3135 2740 3206 2792 τὰ
3240 2741 3382 2793 τούτι

2428 2828 2518 2879 ἐπὶ
2553 2827 2745 2897 σχολῆς
2770 2829 2869 2897 τῆς
2905 2830 3296 2900 προσηκούσης
3328 2848 3382 2882 τε

2932 3027 3339 3079 ΚΕΦΑΛΑΙΟΝ
3377 3029 3382 3078 Ι

807 3130 883 3183 Ab
910 3131 1102 3213 ςράεηι.
1132 3164 1202 3213 τ-
1226 3134 1665 3213 Qufntadiiiodunt
1701 3135 1811 3213 ipse
1847 3134 1945 3213 qua"
1975 3134 2028 3213 ἱςι
2073 3132 2281 3213 proplzet

1905 3134 1945 3213 lt:
1975 3134 2028 3213 ἱςι
2073 3132 2330 3213 prophetis
2356 3143 2400 3203 ς
2441 3136 2580 3189 Ἀπὸ
2620 3134 2748 3213 τοῦ.
2772 3135 2988 3213 αὑτοῦ.
3012 3139 3210 3213 -ῙῌὨς
3226 3142 3381 3213 fabri

875 3201 1230 3255 olimcauebat
1288 3202 1552 3265 Dominus,
1597 3201 1945 3257 ventur-used
1987 3202 2233 3262 homines,
2282 3211 2328 3252 et

876 3270 998 3334 ipsis
1030 3272 1192 3324 oculis
1230 3273 1599 3340 inspiciendus,
1623 3282 1671 3325 et
1709 3289 1741 3325 a
1765 3271 1995 3340 genti-bus
2024 3285 2331 3339 cognoscen-

874 3342 993 3401 dus,
1011 3350 1405 3406 exspectaretur.

879 3489 897 3523 ι
936 3470 1058 3527 Haec.
1093 3474 1221 3528 dicit
1241 3474 1534 3530 Dominus:
1571 3475 1795 3544 Propter
1817 3489 1913 3528 vos
1933 3490 2125 3528 nomen
2156 3490 2332 3529 meum

806 3559 1201 3632 blasphematur
1229 3567 1283 3619 in
1314 3568 1579 3636 gentibus,
1614 3567 1814 3620 idcirco
1856 3573 2140 3635 cognoscet
2164 3581 2333 3634 pepu-

806 3647 893 3706 lus
924 3666 1073 3707 meus
1103 3654 1156 3705 in
1202 3653 1286 3707 die
1328 3655 1437 3718 illa,
1470 3653 1614 3723 quod
1657 3668 1755 3724 ego
1794 3670 1931 3715 sum,
1970 3655 2082 3722 ipse
2129 3654 2220 3721 qui
2254 3653 2334 3705 lo-

804 3754 966 3807 quor,
1021 3741 1229 3803 adsum,
1268 3749 1324 3793 ut
1363 3742 1665 3798 formositas
1696 3744 1748 3797 in
1767 3743 2054 3806 montibus,
2087 3752 2141 3795 ut
2174 3743 2332 3810 pedes

807 3829 1217 3895 evangelizantis
1248 3831 1483 3885 auditum
1514 3835 1681 3903 pacis,
1706 3845 1761 3889 ut
1788 3834 1878 3903 qui
1924 3835 2133 3887 nuntiat
2171 3834 2330 3899 bona,

809 3913 1302 3985 quoniamauditam
1318 3921 1470 3976 faciet
1487 3924 1863 3978 salutemtuam
1896 3923 2080 3976 dicens
2129 3941 2141 3975 :
2178 3922 2329 3985 Sion,

809 4024 902 4063 rex
935 4016 1060 4062 tuus
1103 4009 1206 4062 erit
1238 4008 1395 4064 Deus.
1431 4011 1546 4065 Vox
1592 4013 2004 4067 custodientium
2024 4020 2075 4065 te
2103 4012 2331 4065 exaltata

807 4103 910 4160 est,
934 4103 987 4149 et
1020 4110 1139 4149 cum
1171 4085 1485 4152 voce'simul
1514 4101 1855 4163 laetabuntur,
1885 4096 2132 4167 quoniam
2161 4100 2331 4154 oculis

809 4189 875 4242 ad
917 4189 1101 4243 oculos
1136 4188 1405 4252 videbunt,
1447 4194 1660 4261 quando
1705 4193 2040 4246 miserebitur
2078 4190 2330 4246 Dominus

812 4277 940 4331 Sion
977 4296 990 4331 :
1018 4286 1298 4347 erumpant
1328 4279 1558 4334 laetitiam
1584 4283 1740 4337 simul
1766 4284 1975 4336 deserta
2012 4279 2327 4346 Jerusalem,

809 4367 1059 4437 quoniam
1102 4368 1381 4422 miseratus
1416 4378 1497 4423 est
1545 4370 1795 4425 Dominus
1828 4370 2018 4438 ipsam,
2048 4377 2100 4423 ct
2133 4370 2330 4424 libera-

2502 3221 2629 3269 ταις
2668 3203 2853 3256 πάλαι
2886 3203 3198 3265 θεσπίζων
3219 3210 3382 3273 Κύριε

2503 3289 2656 3338 novt;
2678 3312 2692 3335 ,
2729 3275 2825 3325 καί
2852 3274 3071 3338 αὐτοῖς
3100 3276 3382 3342 ὀφθαλμοὶ

2503 3343 2623 3406 τοῖς
2649 3343 2849 3395 ἔθνεσι
2880 3343 3349 3411 γνωσθήσεσθαι
3371 3380 3382 3411 λ

2509 3468 2689 3521 «Τάδε
2730 3468 2880 3536 λέγει
2957 3471 3198 3541 Κύριος·
3263 3474 3339 3522 Δι’

2434 3560 2600 3629 ὄνομά
2644 3576 2740 3628 μου
2782 3560 3193 3632 βλασφημεῖται
3227 3563 3285 3613 ὲν
3330 3580 3382 3614 το

2435 3650 2695 3717 γνώσεται
2735 3652 2763 3701 ό
2805 3650 2938 3715 λαός
2977 3670 3080 3722 μου
3117 3654 3174 3704 ὲν
3204 3654 3270 3721 τῇ
3314 3653 3382 3720 ﬁt:

2439 3741 2587 3808 εἰμι,
2619 3740 2777 3801 αὑτὸς
2843 3744 2874 3793 ό
2915 3742 3134 3806 λαλῶν,
3187 3742 3382 3811 πάρειμ

2384 3839 2403 3847 "
2436 3829 2621 3896 ὁρέων,
2648 3829 2723 3892 ὡς
2752 3830 2913 3893 πόδες
2947 3831 3382 3900 εὑαγγελιζομένι

2437 3917 2921 3987 εὐαγγελιζόμενος
2970 3920 3152 3988 ἀγαθά
3175 3938 3188 3951 ·
3235 3922 3316 3972 ὃτι
3344 3921 3381 3971 ἁ

2439 4008 2706 4075 σωτηρίαν
2738 4023 2858 4071 σου,
2885 4008 3058 4076 λέγων
3077 4026 3091 4038 ·
3118 4008 3278 4071 Σιὼν,
3334 4009 3382 4077 βε

2434 4094 2586 4164 Φωνὴ
2611 4095 2716 4147 τῶν
2743 4097 3134 4163 φυλασσόντων
3162 4116 3221 4151 σε
3251 4097 3382 4166 sese

2436 4182 2937 4254 εὐφρανθήσονται,
3004 4188 3088 4239 ὅτι
3145 4186 3382 4256 όφθαλμε

2435 4275 2649 4344 ὄψονται
2667 4316 2681 4341 ,
2706 4279 2875 4348 ἡνίκα
2903 4281 2969 4333 ἂν
2997 4281 3194 4353 ἐλεήσῃ
3224 4280 3382 4348 Κύριε

2435 4366 2771 4438 εὐφροσύνην
2806 4370 2924 4440 ἅμα
2957 4370 3026 4422 τὰ
3061 4370 3240 4440 ἔρημα
3277 4371 3381 4439 Ἰερη

808 4454 885 4509 vit
902 4452 1218 4519 Jerusalem,
1241 4464 1293 4510 et
1310 4457 1563 4510 revelabit
1586 4458 1862 4513 brachium
1887 4468 2129 4512 sanctum
2153 4476 2284 4514 suun

1905 4468 2129 4512 unctum
2153 4476 2331 4527 sum",
2365 4467 2406 4521 ι)
2436 4453 2634 4524 Κύριος
2670 4456 2874 4527 αὐτὴν,
2908 4459 3004 4511 καὶ
3033 4458 3298 4529 ἐρρύσατο
3334 4457 3381 4508 Ἱι

809 4539 866 4593 in
896 4549 1183 4610 conspectu
1229 4542 1463 4596 omnium
1494 4545 1749 4612 gentium,
1792 4554 1845 4598 et
1872 4545 2125 4600 videbunt
2152 4548 2330 4601 omnia

807 4640 1042 4688 extrema
1083 4643 1240 4691 terra:
1285 4637 1506 4690 salutem
1563 4652 1593 4689 a
1645 4637 1751 4692 Deo
1806 4649 1989 4694 nostro
2044 4643 2109 4696 ".
2174 4663 2191 4693 ι
2241 4642 2337 4708 llis.

808 4722 942 4792 ipsis
993 4724 1241 4796 deinceps
1294 4726 1495 4781 adnexa
1550 4737 1630 4781 est
1695 4727 1795 4781 sub
1849 4744 1954 4782 uno
2028 4739 2079 4785 et
2147 4730 2334 4784 eodem

808 4822 1092 4880 contextu,
1140 4815 1206 4870 de
1267 4817 1514 4884 passione
1558 4816 1759 4872 Christi
1818 4820 2132 4889 prophetia,
2174 4834 2331 4889 quam

811 4901 935 4955 item
998 4919 1092 4971 per
1160 4905 1323 4960 otium
1386 4906 1724 4975 expositurus
1793 4923 1932 4965 sum.
1994 4910 2128 4963 Cum
2208 4923 2334 4962 vero

816 5000 955 5042 unus
977 4999 1029 5043 et
1053 4993 1189 5048 idem
1220 4996 1289 5049 sit
1318 4993 1602 5061 Dominus,
1636 4998 1726 5066 qui
1758 4998 1829 5051 ait
1849 4999 1903 5052 in
1931 4999 2190 5069 particula
2214 5006 2336 5052 ante

814 5072 951 5127 hanc
979 5084 1214 5144 proxime
1245 5087 1503 5154 exposita,
1533 5087 1599 5143 ad
1638 5089 1809 5159 ipsum
1852 5088 2130 5144 Iudaicum
2164 5104 2334 5158 popu-

816 5161 923 5214 lum
956 5182 970 5217 :
998 5167 1184 5238 304:
1204 5172 1442 5229 Peccatis
1470 5178 1661 5233 vestris
1678 5179 1874 5233 venditi
1896 5180 2046 5243 estis,
2069 5185 2121 5232 et
2142 5178 2334 5245 iniquiv

813 5248 1015 5303 tatibus
1055 5257 1245 5309 vestris
1290 5260 1465 5318 dimisi
1514 5276 1733 5322 matrem
1784 5276 2053 5328 vestram,
2086 5265 2335 5333 quoniam

817 5338 1031 5399 veni.el
1056 5355 1162 5394 non
1181 5351 1295 5396 erat
1326 5346 1481 5403 ho'mo
1504 5371 1519 5417 ;
1541 5358 1748 5423 vocavi,
1772 5363 1826 5411 et
1854 5374 1957 5411 non
1982 5363 2095 5410 erat
2122 5354 2213 5422 qui
2241 5368 2337 5405 au-

816 5424 953 5518 diret
979 5427 1044 5492 ης
1078 5446 1096 5477 ι
1128 5428 1180 5481 in
1213 5430 1296 5486 his
1327 5433 1392 5487 de
1418 5440 1612 5503 quibus
1643 5461 1783 5501 nunc
1812 5447 1985 5518 agitur
2024 5443 2194 5497 verbis
2217 5481 2231 5504 ,
2267 5440 2334 5493 ad

816 5514 1032 5570 eosdem
1068 5518 1180 5570 ait:
1218 5538 1235 5569 ‹
1271 5519 1493 5590 Propter
1529 5546 1624 5588 vos
1657 5514 2056 5591 nomenvmcum
2085 5531 2332 5602 blasphe-

2442 4541 2665 4609 καλύψει
2693 4544 2786 4597 τὸν
2820 4547 3080 4617 βραχίονα
3115 4547 3204 4598 τὸν
3250 4548 3382 4612 ἆγιοη

2434 4646 2537 4681 των
2560 4631 2663 4681 τῶν
2697 4632 2903 4698 ἐθνῶν,
2939 4638 3032 4688 καὶ
3065 4636 3282 4703 ὄψονται
3316 4634 3382 4684 πό

2430 4720 2527 4789 τὴν
2562 4725 2837 4791 σωτηρίαν
2883 4728 2982 4797 τὴν
3017 4726 3167 4796 παρὰ
3212 4725 3306 4776 τοῦ
3344 4725 3382 4773 Θ

2433 4808 2558 4878 ἑξῆς
2592 4812 2966 4883 ἐπισυνῆπται
3001 4818 3091 4884 ὑφ’
3121 4815 3218 4866 ἕνα
3270 4813 3363 4864 καὶ

2433 4899 2558 4969 περὶ
2606 4899 2699 4951 τοῦ
2744 4905 2958 4966 πάθους
3001 4902 3236 4973 Χριστοῦ
3287 4916 3382 4968 προ

2436 4987 2626 5057 σχολῆς
2664 4991 2991 5063 ὲκθήσομαι.
3032 4988 3126 5054 Εἷς
3157 4991 3212 5043 δὲ
3240 4988 3313 5040 ὢν
3362 5005 3382 5038 γ

2437 5079 2611 5148 φήσας
2658 5081 2718 5132 ὲν
2766 5086 2831 5153 τῇ
2878 5084 2985 5155 πρὸ
3020 5083 3220 5148 ταύτης
3271 5093 3382 5148 περι

2434 5167 2595 5220 δαίων
2622 5170 2749 5226 λαόν
2771 5192 2783 5205 ·
2834 5194 2851 5225 ι
2883 5176 3018 5237 Ταῖς
3051 5170 3341 5241 ἁμαρτίαις
3366 5166 3382 5218 ί

2434 5261 2553 5321 ταῖς
2586 5261 2837 5332 ἀνομίαις
2867 5264 3019 5333 ὑμῶν
3057 5256 3382 5335 ἐξαπέστειλε

2435 5347 2567 5401 διότι
2595 5347 2777 5419 ἦλθον,
2806 5356 2899 5406 καὶ
2924 5354 3024 5405 οὑκ
3051 5348 3118 5421 ἦν
3150 5347 3382 5417 ἄνθρωπι

2437 5435 2504 5509 ἧν
2528 5442 2555 5492 ό
2581 5443 2897 5497 ὑπακούων·
2933 5463 2950 5493 ι
2979 5442 3065 5495 διὰ
3097 5440 3203 5493 τῶν
3227 5440 3283 5488 ἐν
3309 5452 3382 5504 xei

2440 5547 2605 5599 φησι·
2645 5553 2663 5584 ι
2692 5534 2790 5589 Διὰ
2840 5536 2983 5606 ὑμᾶς
3031 5531 3090 5584 τὸ
3129 5527 3301 5597 ὄνομά
3341 5540 3382 5593 με

882 5666 1132 5735 “lsa.t.,
1173 5669 1221 5722 1.
1297 5672 1339 5704 ’³
1366 5673 1498 5731 ibid.
1554 5684 1669 5739 5—6.
1742 5685 2001 5756 "lnam,
2034 5682 2180 5742 5-10.
2255 5681 2426 5735 "lsa.
2465 5697 2590 5750 xxx,
2634 5685 2747 5741 1-3.
