3738 6308
117 388 206 447 181

998 377 1646 444 DEMONSTRATlONIS
1685 378 2123 445 manusuam
2162 378 2295 441 LlB.
2335 373 2448 443 γι·

3179 393 3284 450 ιεε

113 504 208 564 rei;
231 501 456 556 ἔθνεσιν.
482 519 503 553 ι
530 494 647 552 Εἴθ’
667 498 743 563 ῶς
768 499 907 570 ἔχων
937 488 1121 572 ἓτερον
1145 505 1270 573 παρ’
1295 502 1484 563 αὐτοὺς
1502 500 1647 561 λαὸν,

1745 485 1922 557 matur
1962 501 2014 555 in
2062 498 2331 570 gentibus.
2370 522 2389 555 ι
2436 502 2633 558 Deinde
2684 507 2839 574 quasi
2881 507 3082 563 habens
3114 508 3278 562 aiium

105 594 340 663 ιεπιφέρει
359 609 373 622 ο
408 608 427 642 ι
456 589 552 643 Διά
578 589 741 643 τοῦτο
765 590 1030 659 γνώσεται.
1056 593 1086 644 6
1111 593 1238 656 λαός
1265 609 1363 662 μου
1390 590 1450 643 τὸ
1479 592 1648 661 ὄνομά

114 696 232 764 μου⁸
265 700 283 731 ι
312 680 552 733 διδάσκει
581 696 679 744 τε,
713 681 794 732 ὅτι
834 680 908 751 μὴ
947 683 1161 753 ἔτερος,
1189 682 1300 735 ἀλλ’
1326 681 1483 744 αὐτὸς
1521 684 1549 734 6
1592 684 1649 735 ὲν

116 772 210 832 τοῖς
238 770 538 838 προφήταις
568 769 812 840 λαλήσας
838 771 1039 840 Κύριος
1072 773 1390 841 ὲπιδημήσει
1418 772 1544 823 ποτὲ
1573 770 1647 840 τῷ

119 860 219 928 βίῳ,
234 858 419 927 λέγων·
440 878 460 909 ‹
483 858 625 926 Ἐγώ
657 861 792 930 εἰμι,
818 861 979 923 αὐτὸς
1006 864 1034 914 ό
1058 861 1248 922 λαλῶν,
1269 861 1512 930 πάρειμι.
1527 879 1545 910 ›
1576 860 1648 912 Τὸ

110 949 177 1013 δὲ,
196 967 213 1000 t
233 948 317 1011 ὀς
331 949 447 1019 ῶρα
467 950 559 1001 ἐπὶ
574 948 687 1003 τῶν
708 950 896 1021 ὀρέων,
915 953 989 1015 ὠς
1006 953 1161 1015 πόδες
1176 952 1644 1022 εὐαγγελιζομένου

114 1039 263 1110 ἀκοὴν
290 1041 504 1109 εἰρήνης
521 1079 536 1102 ,
558 1038 638 1101 ὡς
668 1041 1145 1116 εὐαγγελιζόμενος
1165 1041 1355 1109 ἀγαθὰ,
1383 1040 1644 1113 ἀκουστὴν

113 1130 304 1199 ποιήσω
324 1128 414 1197 τὴν
447 1129 729 1199 σωτηρίαν
756 1147 871 1188 σου,
905 1131 1107 1198 λέγων’
1152 1131 1307 1193 Σιὼν,
1346 1131 1645 1200 βασιλεύσει

114 1234 195 1270 σου
232 1218 259 1269 6
283 1216 435 1279 Θεὸς,
474 1236 491 1267 ι
524 1219 863 1290 σαφέστερον
897 1220 946 1271 οί
980 1220 1154 1272 λοιποὶ
1181 1221 1532 1274 ὲκδεδὼκασιν
1557 1222 1645 1291 ἐρ-

117 1306 378 1378 μηνευταί’
422 1309 451 1359 6
488 1309 591 1377 μὲν
638 1309 869 1372 Ἀκύλας
905 1308 1106 1374 εἰπὼν,
1142 1330 1160 1362 ι
1190 1311 1253 1363 Τί
1292 1311 1642 1382 ὼραιώθησαν

114 1401 189 1451 ἐπὶ
210 1399 270 1451 τὰ
294 1398 389 1468 ὅρη
423 1398 589 1459 πόδες
620 1399 1127 1470 εὐαγγελιζομένου,
1158 1402 1528 1465 ἁκουτίζοντος
1567 1402 1644 1453 εί-

115 1490 273 1559 ρήνην,
297 1489 790 1558 εὐαγγελιζομένου
831 1490 1051 1557 ἀγαθὸν,
1075 1491 1443 1555 ἀκουτίζοντος
1472 1510 1641 1563 σωτη-

108 1583 244 1652 ρίαν,
271 1581 517 1648 λέγοντος
542 1584 612 1650 τῇ
635 1579 776 1633 Σιών
796 1599 809 1612 ·
847 1581 1214 1635 Ἐϐασίλευσεν
1242 1584 1270 1635 6
1298 1583 1427 1647 Θεός
1463 1601 1554 1637 σου
1577 1601 1591 1647 ;
1614 1604 1633 1636 ι

113 1672 189 1724 καὶ
204 1673 230 1723 6
248 1671 538 1740 Σύμμαχος
562 1671 746 1739 φήσας
762 1686 776 1701 ο
800 1688 818 1720 t
841 1670 904 1721 Τί
920 1671 1209 1741 εὐπρεπεῖς
1235 1669 1324 1724 ὲπλ¹
1346 1673 1451 1726 τῶν
1472 1674 1637 1743 ὀρέων

116 1761 245 1822 πόδες
266 1758 776 1828 εὐαγγελιζομένου,
809 1759 1073 1829 ἀκουστὴν
1102 1759 1374 1823 ποιοῦντος
1395 1763 1632 1831 εἰρήνην,

1745 601 1936 661 praeter
1959 590 2076 643 illos
2100 591 2379 659 populum,
2407 590 2684 660 adjungit:
2715 611 2734 643 ι
2769 592 2972 650 Idcirco
2995 603 3282 666 cognoscet

1747 681 1975 750 pupulas
1991 694 2138 733 meus
2148 695 2343 734 nomen
2361 695 2555 734 meum.
2589 701 2608 733 ι
2627 681 2823 738 Deinde
2843 685 2996 739 docet
3015 684 3156 755 quod
3173 700 3281 740 non

1748 770 1921 835 alius,
1956 770 2048 824 sed
2083 769 2196 839 ipse
2226 771 2316 839 qui
2349 772 2402 824 in
2449 771 2724 841 prophetis
2758 772 3073 841 loquebatur
3099 774 3281 829 Domi-

1746 871 1871 919 nus,
1899 857 2199 911 versabitur
2225 859 2350 911 olim
2374 859 2429 912 in
2460 860 2561 912 hac
2588 860 2716 922 vita,
2749 860 2831 914 bis
2863 862 3041 916 verbis
3071 882 3082 916 :
3112 880 3132 911 ι
3171 861 3279 930 Ego

1746 957 1888 1007 sum,
1920 944 2034 1013 ipse
2063 946 2154 1013 qui
2188 946 2400 1014 loquor,
2425 945 2636 1001 adsum.
2675 965 2695 998 ›
2729 946 2864 1000 illud
2894 955 3068 1001 autem
3101 967 3113 1002 :
3151 966 3169 998 ι
3211 947 3279 1002 Ut

1744 1031 2049 1088 formositas
2096 1036 2151 1089 in
2205 1036 2502 1100 montibus,
2545 1048 2606 1090 ut
2654 1036 2816 1106 pedes
2867 1039 3279 1107 evangelizantis

1742 1124 1981 1177 auditum
2009 1126 2178 1194 pacis,
2203 1132 2262 1178 ut
2277 1126 2368 1194 qui
2393 1127 2604 1180 nuntiat
2630 1127 2768 1181 bona
2789 1166 2804 1190 ,
2832 1127 3064 1181 auditam
3087 1127 3276 1182 faciam

1742 1212 1965 1267 salutem
1998 1221 2167 1279 tuam,
2205 1215 2391 1270 dicens
2424 1236 2437 1270 :
2467 1215 2617 1279 Sion,
2650 1232 2744 1271 rex
2774 1224 2899 1270 tuus
2928 1218 3029 1271 erit
3058 1217 3218 1280 Deus,
3252 1237 3272 1270 ι

1742 1302 2081 1359 manifestius
2101 1306 2290 1375 reliqui
2314 1314 2692 1361 converterunt
2712 1307 3060 1375 interpretes:
3088 1308 3273 1375 Aquila

1740 1391 1951 1461 quidem
1982 1393 2035 1445 in
2074 1393 2217 1447 hunc
2241 1395 2491 1449 modum:
2529 1414 2547 1445 ι
2575 1393 2711 1460 Quid
2748 1395 2981 1462 speciosi
2999 1394 3123 1449 facti
3152 1402 3279 1450 sunt

1738 1496 1900 1550 super
1924 1491 2149 1549 montes,
2178 1484 2339 1553 pedes
2364 1485 2812 1555 evangelizantis?
2832 1485 2948 1551 ejus
2973 1486 3061 1554 qui
3093 1484 3279 1542 audire

1736 1570 1863 1625 facit
1884 1572 2100 1641 pacem?
2121 1574 2238 1639 ejus
2258 1575 2349 1643 qui
2380 1576 2587 1628 nuntiat
2602 1575 2817 1637 bonum,
2838 1576 2927 1645 qui
2950 1578 3134 1632 audire
3150 1576 3279 1633 facit

1736 1661 1980 1723 salutem,
2014 1662 2241 1717 dicentis
2272 1663 2373 1733 ipsi
2407 1662 2534 1717 Sion
2566 1683 2580 1716 :
2612 1662 2871 1732 Regnavit
2896 1664 3035 1720 Deus
3058 1665 3218 1720 tuus?
3249 1684 3271 1718 ι

1739 1747 2085 1819 Symmachus
2104 1767 2230 1805 vero
2254 1770 2267 1806 :
2295 1770 2313 1801 ι
2346 1752 2455 1805 Cur
2474 1752 2721 1808 decentes
2749 1755 2801 1806 in
2823 1753 3090 1807 montibus
3117 1754 3278 1822 pedes

116 1849 564 1918 εὐαγγελιζομένου
594 1847 813 1915 ἀγαθά,
845 1848 1111 1918 ἀκουστὴν
1148 1848 1419 1911 ποιοῦντος
1466 1867 1637 1919 σωτη-

1737 1842 2177 1909 evangelizantis?
2208 1843 2441 1897 auditam
2489 1843 2733 1899 facientis
2774 1859 2979 1913 pacem,
3007 1845 3276 1915 evangeli-

119 1936 501 2006 ρίαν,λὲγοντος
530 1939 603 2005 τῇ
635 1935 803 1988 Σιών·
846 1935 1216 1989 Ἐϐασίλευσεν
1252 1937 1281 1987 6
1314 1936 1442 1999 Θεός
1468 1954 1590 2002 σου;
1612 1955 1629 1987 ι

116 2025 208 2077 ἀντὶ
231 2026 281 2077 δὲ
305 2024 429 2089 τῶν,
460 2043 480 2075 ι
503 2024 672 2094 Φωνὴ
697 2024 805 2077 τῶν
827 2024 1200 2093 φυλασσόντων
1232 2042 1290 2078 σε
1318 2026 1521 2096 ὑψώθη,
1546 2028 1638 2079 καὶ

110 2115 166 2184 τῇ
206 2117 340 2186 φωνῇ
380 2115 498 2186 ἅμα
549 2114 1047 2186 εὐφρανθήσονταιι
1080 2117 1161 2169 ὅτι
1186 2116 1477 2185 ὀφθαλμοῖς
1507 2117 1639 2186 πρὸς

110 2203 379 2274 ἠφθαλμούς
405 2205 639 2273 ὄψονται
663 2222 679 2237 ο
706 2224 725 2256 ι
771 2207 799 2257 6
832 2206 928 2275 μὲν
952 2205 1242 2276 Σύμμαχος
1267 2206 1433 2269 οὕτως
1460 2208 1637 2277 ἡρμή-

114 2309 258 2347 νευσε
299 2312 316 2345 ι
342 2295 495 2364 Φωνὴ
526 2295 643 2347 τῶν
684 2295 899 2348 σκοπῶν
939 2312 1031 2347 σου
1068 2296 1277 2365 ὲπῆραν
1309 2296 1508 2366 φωνὴν,
1550 2297 1639 2348 ἐπὶ

114 2381 164 2434 v6
193 2382 308 2435 αὐτὸ
348 2384 698 2436 αίνέσουσιν·
752 2383 1175 2452 ὀφθαλμοφανῶς
1209 2383 1312 2454 γὰρ
1344 2384 1577 2453 ὄψονται.
1614 2403 1633 2434 ι

115 2471 328 2539 Δέγοιντο
354 2472 397 2525 6’
433 2473 500 2525 ἂν
539 2474 599 2525 ὲν
629 2472 836 2535 τούτοις
865 2474 1055 2525 σκοποὶ
1081 2475 1128 2525 oi
1171 2474 1299 2544 ἱεροὶ
1334 2474 1426 2526 τοῦ
1459 2474 1639 2544 Σωτῆ-

119 2576 192 2631 ρος
214 2563 350 2632 ἡμῶν
380 2563 679 2616 ἀπόστολοι
705 2603 720 2626 ,
750 2564 799 2616 οῖ
827 2564 948 2625 καὶ,
987 2563 1407 2634 όφθαλμοφανῶς
1453 2564 1640 2628 ἰδόντες

118 2649 187 2702 τὸν
224 2654 518 2725 προφητευό
529 2669 696 2723 μενον
717 2691 731 2715 ,
767 2651 984 2721 ὕψωσαν
1014 2651 1190 2705 αὐτῶν
1232 2652 1328 2723 τὴν
1358 2655 1535 2723 φωνὴν
1564 2656 1642 2716 εἰς

118 2742 262 2793 πᾶσαν
286 2741 379 2811 τὴν
400 2743 746 2812 οἰκουμένην
776 2741 1124 2812 κηρύξαντες.
1166 2741 1298 2795 Σιὼν
1329 2743 1384 2795 δὲ
1417 2744 1509 2796 καλ⁵
1543 2745 1640 2796 Ἱε-

119 2830 354 2901 ρουσαλὴμ
385 2832 484 2902 τὴν
530 2832 594 2883 ὲν
631 2834 746 2894 τοῖς
777 2832 956 2894 τόποις
1004 2832 1480 2902 εὐαγγελιζομένην
1507 2829 1642 2886 οἶδεν

120 2922 424 2990 ὲπουρανίους
450 2923 479 2973 6
516 2920 849 2984 Ἀπόστολος
871 2960 885 2982 ,
915 2920 980 2972 δι’
1003 2914 1077 2973 ὧν
1099 2938 1259 2990 φησιν
1281 2940 1294 2952 ο
1328 2941 1347 2972 ι
1377 2924 1441 2975 Ἡ
1461 2923 1516 2976 δὲ
1533 2923 1642 2976 ἄνω

126 3008 437 3079 Ἰερουσαλὴμ
461 3009 732 3080 ἐλευθέρα
758 3010 924 3072 ἐστὶν,
948 3010 1067 3078 ἥτις
1093 3010 1205 3062 ἐστὶ
1233 3012 1408 3083 μήτηρ
1431 3012 1634 3082 ἡμῶν»

120 3095 211 3157 καὶ,
236 3113 255 3146 ι
280 3094 727 3167 Προσεληλύθατε
760 3095 896 3148 Σιὼν
927 3097 1039 3167 ὄρει
1071 3098 1162 3149 καὶ
1192 3098 1338 3151 πόλει
1359 3099 1489 3152 Θεοῦ
1511 3101 1638 3164 ζῶν-

121 3186 553 3256 τος,“ιερουσαλὴμ
587 3185 895 3256 ἐπουρανίῳ
920 3224 934 3247 ,
983 3187 1074 3238 καὶ
1109 3187 1356 3257 μυριάσιν
1396 3189 1635 3256 ἀγγέλων

121 3276 396 3347 πανηγύρει.
429 3296 449 3327 ι
478 3276 715 3344 Λέγοιτο
736 3276 782 3328 δ’
804 3275 870 3327 ἂν
899 3274 1034 3329 Σιὼν
1060 3278 1152 3328 καὶ
1184 3278 1217 3346 ἡ
1243 3279 1320 3339 εἰς
1351 3277 1521 3329 πάντα
1546 3278 1636 3331 τὸν

120 3365 192 3416 ἐπὶ
226 3367 317 3436 γῆς
357 3368 521 3420 τόπον
549 3366 645 3419 διά
674 3366 905 3436 Χριστὸν
951 3367 1189 3419 συστᾶσα
1220 3367 1531 3436 Ἐκκλησία,
1563 3367 1636 3429 ὡς

118 3454 191 3508 καὶ
234 3456 586 3526 Ἰερουσαλὴμ
634 3457 744 3507 πᾶν
787 3454 847 3507 τὸ
889 3454 1134 3516 θεοσεϐὲς
1170 3454 1439 3523 τόπισμα,
1487 3456 1514 3507 ὃ
1545 3456 1637 3507 καὶ

117 3542 239 3613 παρὰ
272 3544 444 3614 μόνοις
470 3543 747 3598 Ἰουδαίων
781 3544 892 3604 τοῖς
918 3541 1081 3594 πάλαι
1121 3541 1181 3593 τὸ
1223 3541 1349 3610 πρὶν
1394 3542 1637 3605 συνεστὸς

116 3633 180 3694 είς
235 3634 461 3705 ἐρημίαν
532 3632 629 3686 διὰ
681 3632 781 3693 τὰς
838 3631 1150 3693 δυσσεϐείας
1202 3631 1376 3684 αὐτῶν
1434 3632 1638 3700 περιτέ-

116 3738 344 3793 τραπται·
369 3721 466 3778 εἶτ’
497 3721 569 3778 αὗ
609 3724 769 3777 πάλιν
792 3723 891 3792 τῆς
925 3723 1015 3774 ἐπὶ
1049 3722 1107 3773 τὸ
1142 3726 1379 3792 κρεῖττον
1407 3721 1639 3774 ἀνανεώ-

117 3827 226 3876 σεως
249 3813 397 3884 ἔτυχε
419 3814 512 3866 διὰ
555 3813 658 3881 τῆς
705 3812 798 3864 τοῦ
833 3813 1079 3882 Σωτῆρος
1097 3813 1128 3881 ἡ
1139 3810 1252 3880 μῶν
1288 3810 1596 3878 ἐπιφανείας
1620 3826 1633 3840 ⁸

115 3901 185 3953 Διὸ
212 3905 360 3974 φησιν
385 3908 420 3975 ἡ
450 3901 795 3973 προφητείαο
836 3920 856 3952 ι
878 3902 1117 3971 Ῥηξάτω
1160 3901 1488 3971 εὐφροσύνην
1526 3900 1638 3970 ἅμα

110 3988 165 4042 τὰ
202 3991 366 4063 ἔρημα
411 3991 806 4062 Ἰερουσαλήμ·
856 3990 937 4041 ὅτι
967 3989 1162 4059 ἠλέησε
1205 3988 1406 4059 Κύριος
1452 3988 1634 4058 αὐτὴν,

112 4080 185 4130 καὶ
205 4082 462 4151 ἐρρύσατο
500 4080 878 4152 Ἰερουσαλήμ.
911 4098 930 4130 ι
959 4080 1071 4131 Οὐκ
1092 4077 1158 4130 ἂν
1178 4078 1234 4130 δὲ
1260 4078 1521 4149 ἁμάρτοις
1542 4078 1637 4148 τὴν

113 4169 280 4231 παντὸς
303 4170 457 4236 ἁγίου
482 4170 583 4222 καὶ
605 4166 884 4236 θεοφιλοῦς
904 4167 1098 4236 ψυχὴν,
1121 4166 1253 4218 καθὸ
1285 4167 1380 4236 μὲν
1408 4166 1638 4237 ἐπῆρται

110 4253 174 4323 τῷ
202 4256 310 4325 βίῳ,
330 4260 390 4311 τὸ
422 4259 734 4327 πολίτευμα
757 4257 954 4327 ἔχουσα
995 4258 1052 4308 ὲν
1080 4256 1346 4327 οὐρανοῖς,
1370 4254 1639 4307 σκοποῦσα

108 4343 165 4395 τὰ
204 4346 564 4418 ὐπερκόσμια,
608 4346 744 4399 Σιὼν
797 4345 1071 4415 ὀνομάζων
1118 4344 1496 4416 (ἑρμηνεύεται
1532 4343 1638 4414 γὰρ

107 4438 584 4522 σκοπευτήριον)’
618 4436 752 4488 καθὸ
781 4436 837 4487 δὲ
883 4438 938 4487 ὲν
970 4434 1249 4505 εὐσταθείᾳ
1300 4434 1392 4487 καὶ
1431 4437 1635 4508 γαλήνῃ
1669 4468 1710 4522 D

109 4521 271 4576 παθῶν
324 4527 687 4595 καθέστηκεν,
707 4522 1057 4594 Ἰερουσαλὴμ
1100 4523 1263 4593 αὐτὴν
1315 4522 1632 4575 ἀποκαλῶν

108 4606 293 4673 ὅρασιν
307 4613 412 4683 γὰρ
441 4614 694 4680 εἰρήνης
719 4610 1054 4681 μεταληφθὲν
1097 4610 1328 4679 τούνομα
1363 4610 1632 4679 σημαίνει.

110 4694 300 4760 Τούτοις
335 4701 651 4763 ἀκολούθως
694 4703 729 4771 ή
771 4700 877 4752 τῶν
926 4698 1092 4752 ἐθνῶν
1123 4700 1211 4751 ἐπὶ
1236 4699 1332 4768 τὴν
1363 4700 1636 4751 εὐσέϐειαν

104 4783 187 4834 τοῦ
209 4784 332 4838 Θεοῦ
360 4788 563 4857 κλῆσις
595 4788 968 4859 ἐναργέστατα
986 4785 1229 4856 δηλοῦται
1253 4785 1337 4838 διὰ
1349 4785 1461 4848 τοῦ,
1489 4804 1507 4836 ι
1530 4788 1637 4839 Καὶ

108 4871 416 4947 ἀποκαλύψει
462 4879 671 4950 Κύριος
716 4882 745 4932 6
793 4878 925 4941 Θεὸς
968 4877 1057 4930 τὸν
1087 4876 1339 4947 βραχίονα
1366 4877 1456 4928 τὸν
1488 4876 1639 4943 ἆγιον

113 4962 249 5017 αὐτοῦ
272 4967 499 5022 ἐνώπιον
533 4971 750 5022 πάντων
781 4969 888 5020 τῶν
926 4967 1090 5019 ἐθνῶν
1110 4982 1123 4995 ο
1157 4966 1250 5018 καὶ
1273 4966 1486 5035 ὄψονται
1512 4968 1644 5021 πάν-

92 5065 170 5130 ἓτιν.
203 5053 266 5105 τὰ
297 5055 441 5126 ἀκρα
483 5057 590 5126 τῆς
621 5058 724 5128 γῆς
766 5057 864 5127 τὴν
907 5056 1172 5127 σωτηρίαν
1215 5054 1310 5124 τὴν
1359 5056 1504 5125 παρὰ
1544 5056 1633 5109 τοῦ

94 5137 234 5194 ’Θεοῦ
256 5146 424 5215 ἡμῶν.
458 5167 480 5199 ο
510 5148 780 5217 Βραχίονα
819 5146 878 5197 δὲ
906 5144 1000 5197 τοῦ
1031 5145 1162 5197 Θεοῦ
1204 5144 1277 5213 μὴ
1304 5143 1458 5197 ἄλλον
1499 5143 1635 5198 εἶναι

118 5229 196 5281 τοῦ
228 5234 409 5301 Λόγου,
440 5236 539 5289 καὶ
572 5238 662 5306 τῆς
693 5236 913 5303 Σοφίας,
943 5234 1034 5286 καὶ
1077 5233 1238 5286 αὐτοῦ
1283 5231 1374 5283 τοῦ
1414 5234 1635 5304 Κυρίου,

125 5315 171 5377 ἧς
198 5321 328 5375 ὶστιν
350 5326 379 5376 6
400 5326 637 5396 Χριστὸς
675 5325 770 5378 τοῦ
814 5322 974 5385 Θεοῦ,
1003 5321 1204 5391 νόμιζε.
1237 5319 1403 5371 Τοῦτο
1425 5320 1550 5387 γοῦν
1575 5323 1638 5374 ὲκ

131 5407 303 5462 πολλῶν
330 5415 668 5484 παραστῆσαι
702 5412 1096 5484 ρᾴδιον.Ἔχεις
1127 5408 1183 5461 δὲ
1213 5408 1306 5461 καὶ
1333 5410 1389 5461 ὲν
1427 5408 1638 5476 Ἐξόδφ

132 5494 205 5551 fw
235 5500 438 5576 Ἰσραὴλ
466 5505 706 5576 βραχίονι
743 5502 882 5555 Θεοῦ
933 5501 1184 5571 ρυσθέντα
1225 5499 1325 5568 τῆς
1368 5503 1455 5554 ὐπ’
1478 5506 1637 5572 Λίγυ-

188 5651 228 5682 ⁹⁶
253 5652 411 5709 Galat.
439 5672 509 5722 tv,
543 5656 632 5709 26.
706 5655 748 5684 ’⁷
786 5650 956 5706 Hebr.
982 5668 1073 5715 xu,
1093 5650 1180 5703 22.

1735 1934 1903 1985 zantis
1925 1933 2084 1993 bona,
2108 1933 2341 1987 auditam
2364 1934 2611 1988 facientis
2640 1936 2898 1990 salutem?
2920 1936 3144 1990 dicentis
3172 1936 3275 2005 ipsi

1736 2015 1861 2071 Sion
1892 2035 1906 2070 :
1932 2018 2190 2089 Regnavit
2210 2021 2350 2076 Deus
2371 2025 2532 2077 tuus?
2568 2042 2586 2074 ι
2621 2039 2717 2092 pro
2742 2040 2806 2078 co
2832 2039 2960 2078 vero
2986 2025 3129 2094 quod
3154 2035 3273 2079 est:

1740 2125 1759 2157 ι
1796 2106 1903 2161 Vox
1948 2109 2360 2164 custodientium
2410 2118 2462 2165 te
2504 2113 2731 2165 exaltata
2761 2122 2864 2178 est,
2904 2121 2958 2167 et
2997 2128 3116 2168 cum
3144 2128 3278 2169 voce

1736 2195 1893 2249 simul
1928 2197 2279 2262 laetabuntur,
2311 2200 2562 2267 quoniam
2594 2202 2768 2256 oculis
2809 2201 2875 2255 ad
2913 2203 3097 2257 oculos
3125 2201 3275 2259 vide-

1736 2283 1888 2348 bunt,
1925 2304 1942 2335 ι
1973 2285 2333 2355 Symmachus
2360 2288 2573 2356 quidem
2624 2290 2702 2343 sic
2729 2290 3106 2358 interpretatus
3152 2300 3271 2346 est:

1741 2391 1761 2424 ι
1807 2372 1918 2427 \‘ox
1967 2376 2361 2442 speculatorum
2393 2386 2606 2431 tuorum
2637 2380 2942 2432 extulerunt
2966 2395 3173 2443 vocem,
3217 2383 3270 2436 in

1735 2462 1789 2515 id
1819 2461 1990 2531 ipsum
2022 2463 2332 2526 laudabunt,
2357 2465 2532 2533 palam
2566 2466 2707 2519 enim
2747 2468 2919 2521 oculis
2942 2467 3215 2523 videbunt.
3248 2490 3268 2521 ι

1737 2549 1851 2603 Dici
1878 2565 2039 2619 porro
2069 2551 2122 2603 in
2151 2552 2235 2605 his
2261 2553 2625 2620 speculatores
2646 2553 2914 2618 videntur,
2941 2557 3275 2612 sacrosancti

1739 2638 2034 2694 Salvatoris
2069 2641 2240 2695 nostri
2271 2642 2520 2710 apostoli,
2560 2644 2651 2712 qui
2682 2644 2856 2711 palam
2888 2645 3059 2700 oculis
3095 2645 3275 2700 intuiti
3304 2642 3309 2647 ’

1736 2746 1880 2798 eum,
1910 2731 1976 2785 de
2001 2746 2107 2800 quo
2140 2733 2409 2802 propheta:
2450 2733 2824 2801 loquebantur,
2861 2735 3168 2788 extulerunt
3188 2748 3277 2789 vo.

1737 2835 1851 2875 cem
1897 2836 2051 2875 suam
2079 2822 2134 2875 in
2165 2829 2334 2875 totum
2366 2829 2629 2876 terrarum
2666 2823 2869 2886 orbem,
2903 2822 3052 2876 illum
3096 2823 3270 2892 ipsum

1736 2911 2104 2979 praedicantes.
2135 2913 2307 2980 Ipsam
2338 2926 2466 2965 vero
2499 2910 2628 2965 Sion
2653 2926 2717 2965 ac
2743 2910 3039 2966 Jerusalem
3073 2926 3191 2980 quae
3216 2911 3273 2966 in

1738 3001 1871 3055 locis
1896 3000 2310 3070 evangelizatur.
2334 3001 2389 3055 in
2410 3002 2547 3055 caelo
2577 3002 2791 3071 agnovit
2818 3002 2931 3070 ipse
2958 3002 3269 3074 Apostolus,

1739 3086 1846 3140 illis
1892 3087 2069 3139 verbis
2106 3104 2120 3139 :
2172 3103 2191 3136 ι
2251 3085 2505 3155 Superior
2551 3097 2726 3141 autem
2763 3087 3059 3143 Jerusalem
3103 3089 3272 3144 libera

1734 3181 1836 3237 est,
1854 3189 1971 3243 quae
1988 3183 2070 3229 est
2089 3183 2257 3229 mater
2268 3183 2453 3229 nostra
2466 3177 2530 3241 '°,
2543 3194 2563 3226 ι
2583 3186 2635 3231 et
2655 3194 2669 3230 :
2691 3178 3036 3233 «Accessistis
3051 3178 3118 3232 ad
3142 3177 3271 3234 Sion

1734 3272 1966 3319 montem
1983 3272 2034 3319 et
2053 3265 2119 3318 ad
2140 3265 2408 3320 civitatem
2434 3264 2528 3320 Dei
2546 3267 2772 3321 viventis
2790 3266 3084 3323 Jerusalem
3112 3269 3274 3324 ctele-

1735 3363 1947 3414 stem,et
1960 3355 2241 3408 multorum
2258 3355 2481 3407 millium
2495 3355 2800 3423 angelorum
2817 3357 3233 3425 frequentiam".
3246 3376 3265 3408 ι

1734 3446 1846 3499 Dici
1866 3461 1990 3499 vero
2007 3445 2135 3498 Sion
2158 3446 2351 3514 poterit
2371 3446 2528 3499 etiam
2553 3460 2637 3508 ea,
2656 3461 2774 3515 qua:
2807 3446 2862 3499 in
2893 3461 3101 3501 omnem
3114 3458 3272 3501 terra

1734 3537 1931 3595 locum,
1967 3549 2059 3602 per
2087 3531 2358 3588 Christum
2374 3533 2666 3587 constituta
2684 3542 2767 3588 est
2791 3533 3050 3597 Ecclesia,
3083 3550 3270 3603 quem-

1736 3624 2017 3677 admodum
2046 3622 2339 3678 Jerusalem
2371 3637 2529 3676 omne
2556 3623 2698 3691 pium
2713 3636 2776 3675 ac
2789 3622 3093 3691 religiosum
3114 3624 3270 3679 civile

1735 3712 2055 3774 institutum,
2076 3712 2218 3780 quod
2233 3726 2354 3765 cum
2377 3711 2516 3780 apud
2535 3712 2677 3765 solos
2695 3720 2900 3765 veteres
2916 3710 3125 3766 Judteos
3139 3713 3268 3767 olim

1734 3803 2034 3866 exsisteret,
2048 3803 2101 3854 in
2127 3802 2466 3855 solitudinem
2489 3808 2704 3871 propter
2716 3801 2952 3870 ipsorum
2970 3802 3269 3870 impietates

1735 3908 2052 3947 conversum
2084 3902 2186 3957 est,
2217 3892 2409 3947 deinde
2437 3906 2628 3946 rursus
2655 3892 3055 3946 renovationem
3080 3894 3132 3947 in
3162 3907 3270 3948 me-

1734 3984 1840 4037 lius
1879 3992 2226 4038 consecutum
2256 3992 2376 4047 est,
2408 3998 2505 4051 per
2541 3981 2741 4038 Christi
2780 3981 3070 4038 Salvatoris
3096 3985 3269 4039 nostri

1736 4073 2039 4128 adventum.
2060 4072 2216 4143 305
2233 4073 2564 4142 Quapropter
2591 4073 2666 4126 ait
2683 4074 2960 4142 prophetia
2992 4092 3006 4128 :
3035 4091 3054 4125 ι
3081 4073 3270 4129 Erum-

1733 4168 1861 4231 pant
1891 4163 2119 4216 laatittam
2144 4164 2302 4217 simul
2329 4162 2535 4217 deserta
2550 4161 2865 4229 Jerusalem,
2891 4163 3142 4231 quoniam
3168 4166 3267 4218 mi-

1735 4261 1941 4308 seratus
1959 4261 2040 4307 est
2061 4252 2316 4309 Dominus
2336 4254 2527 4322 ipsam,
2557 4263 2609 4308 et
2622 4254 2865 4308 liberavit
2886 4252 3178 4309 Jerusalem
3199 4293 3215 4307 .
3241 4273 3261 4307 ο

1734 4342 2013 4407 Caeterum,
2035 4357 2300 4412 nusquam
2322 4357 2451 4397 sane
2482 4345 2718 4408 aberres,
2748 4344 2794 4397 si
2843 4342 3266 4412 uniuscujusque

1735 4431 1835 4484 viri
1867 4432 2037 4484 sancti
2065 4430 2276 4499 Deoque
2303 4430 2457 4484 amici
2482 4430 2733 4493 animam,
2758 4440 3021 4499 quatenus
3051 4432 3266 4499 quidem

1736 4535 1899 4589 supra
1949 4520 2087 4574 hanc
2115 4521 2277 4574 vitam
2321 4522 2461 4574 elata
2514 4527 2615 4583 est,
2670 4523 2864 4589 quippe
2905 4534 3025 4572 cum
3057 4521 3110 4573 in
3128 4520 3266 4575 cmlo

1736 4622 1890 4663 suum
1916 4607 2006 4675 jus
2036 4609 2267 4662 civitatis
2291 4609 2503 4674 habeat,
2529 4610 3017 4677 contempleturque
3049 4621 3112 4660 ea
3148 4621 3266 4675 quae

1737 4700 1854 4768 ipso
1877 4698 2076 4751 mundo
2100 4706 2225 4752 sunt
2254 4699 2550 4767 superiora,
2587 4698 2714 4752 Sion
2764 4696 3008 4750 nomines
3028 4697 3175 4765 (nam
3200 4713 3268 4752 ex

1738 4791 2173 4860 interpretatione
2220 4792 2612 4859 speculatorium
2653 4789 2965 4858 significat);
3001 4796 3268 4854 quatenus

1738 4891 1914 4936 autem
1939 4882 1991 4934 in
2021 4883 2161 4935 bono
2188 4889 2331 4936 statu
2356 4890 2409 4936 et
2448 4883 2627 4951 quiete
2653 4877 3112 4948 perturbationum
3141 4893 3271 4932 cou-

1738 4972 1923 5026 stituta
1983 4978 2105 5033 est,
2151 4969 2446 5024 Jerusalem
2506 4968 2742 5023 eamdem
2804 4963 3060 5033 appelles.
3139 4964 3273 5019 Illud

1737 5060 1879 5113 enim
1918 5073 2110 5112 nomen
2136 5072 2488 5123 iconversum,
2529 5057 2774 5110 visionem
2805 5051 2949 5119 pacis
2976 5050 3274 5121 significat.

1735 5144 1931 5201 Ordine
1963 5144 2186 5213 posthac
2212 5143 2305 5198 Dei
2350 5142 2418 5196 ad
2465 5156 2644 5197 veram
2696 5139 3007 5206 religionem
3061 5140 3281 5193 vocatio

1739 5236 1994 5306 gentium,
2025 5234 2422 5291 evidentissime
2451 5231 2754 5287 declaratur
2774 5227 2886 5282 illis
2905 5224 3089 5279 verbis
3114 5240 3131 5275 :
3173 5242 3194 5276 ι
3220 5224 3286 5277 Et

1738 5328 1994 5382 revelabit
2028 5326 2283 5380 Dominus
2315 5324 2455 5379 Deus
2480 5320 2760 5377 brachium
2797 5322 3048 5372 sanctum
3103 5329 3288 5376 suum,

1739 5417 1794 5468 in
1823 5422 2109 5481 conspectu
2142 5413 2377 5466 omnium
2409 5412 2664 5480 gentium,
2698 5413 2755 5461 et
2809 5403 3075 5458 videbunt
3103 5414 3299 5452 omnes

1742 5507 1872 5562 fines
1924 5513 2079 5560 terra:
2133 5505 2361 5560 salutem
2392 5518 2421 5557 a
2452 5502 2559 5558 Deo
2612 5504 2844 5554 nostro.
2881 5514 2902 5545 ι
2952 5491 3138 5544 Porro
3184 5488 3308 5538 bra-
