3738 6308
861 343 965 398 485

1513 337 1774 393 sussnu
1801 331 2268 394 cmsammsrs
2305 328 2460 389 ore.
2485 329 2680 386 rans.
2720 329 2786 386 ιι.
2826 360 2898 374 -
2929 299 2989 386 Ἀι

1877 331 2268 392 ESARIENSIS
2305 328 2460 389 ore.
2485 329 2680 386 rans.
2720 329 2786 386 ιι.
2826 360 2898 374 -
2929 299 3353 387 Ἀιδοιοοιῖτις

859 461 1038 514 ebium
1080 455 1170 532 Dei
1203 455 1509 524 neutiquam
1568 457 1714 510 aliud
1767 472 1886 511 esse
1936 453 2216 508 arbitreris
2237 467 2335 522 qua

1873 473 1886 510 ι
1936 453 2216 508 arbitreris
2237 467 2395 522 quam
2424 474 2473 530 Α
2501 450 2675 514 πτίοις
2701 451 2963 514 δουλείας.
2993 451 3158 504 Αὑτὸν
3187 451 3252 520 δὴ
3286 451 3349 501 ὲκ

860 549 1088 605 Verbum
1111 554 1164 600 et
1197 544 1544 616 Sapientiam,
1573 555 1626 602 et
1653 549 1824 616 ipsum
1854 546 2160 607 Dominum,
2194 544 2286 613 qui
2316 553 2399 597 est

859 641 1105 694 Christus
1139 635 1252 690 Dei.
1285 636 1397 691 Hoc
1425 637 1565 690 enim
1591 653 1654 692 ex
1690 637 1874 690 multis
1922 635 2207 689 ostendere
2241 633 2397 688 facile

856 737 958 784 est.
988 726 1161 780 Habes
1180 735 1436 793 praeterea
1460 726 1513 776 in
1545 723 1752 786 Exodo,
1785 723 1946 776 Israel
1979 723 2046 775 ab
2079 719 2396 790 Egyptiaca

857 817 1115 873 servitute
1141 816 1429 869 liberatum
1460 815 1682 866 brachio
1715 813 1827 866 Dei.
1865 811 2042 880 Ipsum
2076 811 2238 879 igitur
2264 809 2397 863 illud

854 903 1134 958 brachium
1165 901 1296 961 Dei,
1329 899 1472 970 quod
1515 901 1680 954 veteri
1723 899 1918 968 populo
1950 899 2175 951 salutem
2227 898 2398 950 mani-

856 993 1146 1049 festissime
1171 991 1364 1053 attulit,
1393 990 1642 1044 omnibus
1665 989 1910 1058 gentibus
1939 987 2283 1056 aperiendum
2336 1001 2399 1039 ac

859 1083 1230 1155 detegendum,
1269 1089 1524 1150 tanquam
1556 1079 1608 1132 id
1631 1078 1774 1148 quod
1827 1081 1974 1146 prius
2003 1078 2276 1130 occultum
2309 1092 2398 1132 es-

2500 538 2633 592 Θεοῦ
2678 539 2770 592 τὸν
2815 539 3153 607 ἁναφανέντα
3177 537 3354 604 σωτῆρ

2500 633 2612 694 τοῖς
2639 630 2846 682 ἔθνεσιν
2874 626 3354 696 ἀποκαλυφθήσεσί]

2501 721 2834 792 κρυμμένον,
2878 722 2911 790 ἡ
2947 717 3191 789 παροῦσα
3227 734 3354 786 σημς

2503 812 2800 882 σωτηρίαν,
2827 811 2894 879 ἦν
2943 825 3104 878 φησιν
3157 828 3174 858 ‹
3207 807 3354 875 ὄψεσι

2501 901 2620 970 γῆς,
2652 919 2670 949 ι
2693 899 2786 952 καὶ
2815 898 2881 968 ἢν
2906 898 3172 968 ἀνώτερον
3203 896 3354 965 eam

2503 991 2711 1058 ποιήσω
2734 988 2832 1058 τὴν
2857 987 3130 1058 σωτηρίαν
3167 1004 3284 1049 σου,
3319 1005 3338 1036 ι

2503 1073 2579 1146 τῷ
2600 1078 2688 1132 τοῦ
2721 1077 2894 1147 Ἰησοῦ
2919 1077 3144 1147 ὀνόματι
3169 1093 3354 1148 προσειΔ

860 1181 983 1238 set,
1047 1187 1285 1242 praesens
1314 1171 1589 1241 prophetia
1629 1168 1914 1239 signiﬁcat.
1968 1167 2205 1220 Salutem
2245 1182 2372 1220 vero
2419 1183 2579 1235 quam
2612 1170 2741 1223 dicit
2792 1169 3052 1224 «visuros
3105 1183 3300 1222 omnes
3345 1177 3354 1218 ι

856 1267 1105 1337 superius
1142 1264 1398 1320 indicavit
1440 1279 1560 1319 cum
1607 1263 1744 1316 dixit
1777 1277 1792 1314 :
1833 1280 1850 1312 ι
1885 1260 2134 1314 Auditam
2187 1259 2379 1313 faciam
2421 1261 2645 1316 salutem
2675 1272 2844 1328 tuam,
2877 1281 2896 1314 ι
2927 1263 3036 1317 cito
3067 1262 3215 1331 apud
3245 1260 3354 1315 Heb

854 1359 1132 1432 appellari.

1405 1470 1628 1528 CAPUT
1681 1470 1841 1526 XXV.

855 1585 934 1642 Ab
961 1585 1155 1640 eodem.
1189 1616 1253 1628 -—
1290 1584 1439 1650 Quod
1482 1601 1661 1637 rursus
1711 1583 1963 1637 Dominus
1995 1619 2010 1642 ,
2036 1581 2206 1648 ipsum
2245 1578 2399 1646 plane

932 1656 1028 1708 Dei
1063 1654 1301 1718 Verbum,
1329 1664 1566 1707 venturus
1593 1663 1641 1706 et
1668 1662 1837 1722 gentes
1874 1659 2277 1719 congregaturus
2309 1664 2398 1700 ca-

924 1733 1148 1778 neretur.

2995 1465 3178 1516 ΚΕΦΑ
3189 1466 3228 1516 A
3237 1464 3352 1516 A10

2516 1575 2654 1630 Ἀπὸ
2681 1576 2783 1630 τοῦ
2812 1576 3016 1630 αὑτοῦ.
3051 1577 3234 1641 -Ὠς
3262 1572 3354 1629 αὖι

2575 1648 2778 1719 Λόπρς,
2810 1646 3156 1713 ἐρχόμενος,
3204 1645 3305 1697 καὶ
3351 1667 3354 1675 ·

2573 1715 2852 1774 σπίζεται.

928 1833 946 1864 ι
970 1814 1108 1868 Ecce
1131 1812 1389 1866 Dominus
1417 1821 1475 1865 ut
1507 1811 1645 1880 ignis
1659 1811 1854 1873 veniet,
1889 1817 1940 1864 et
1959 1809 2098 1864 sicut
2117 1815 2404 1875 tempestas

1889 1817 1940 1864 et
1959 1809 2098 1864 sicut
2117 1815 2409 1875 tempestas
2436 1793 2477 1846 Β
2579 1821 2597 1852 ι
2621 1802 2745 1855 Ἰδοὺ
2777 1801 2978 1872 Κύριος
3025 1801 3102 1864 ὡς
3140 1801 3258 1872 πῦρ
3299 1801 3353 1872 ἦε

854 1919 1052 1960 currus
1065 1904 1180 1972 ejus
1205 1904 1271 1965 ’⁸,
1300 1921 1318 1952 ι
1339 1909 1391 1955 et
1408 1917 1524 1971 quae
1549 1909 1864 1969 sequuntur.
1895 1917 1914 1949 ι
1945 1899 2086 1951 Dixit
2111 1896 2396 1950 Dominus:

858 1994 926 2046 Et
953 2007 1053 2062 ego
1080 2005 1240 2060 opera
1273 2005 1458 2044 eorum
1507 1997 1560 2042 et
1599 1988 1974 2058 cogitationem
2033 1999 2217 2039 eorum
2265 1984 2398 2047 scio,

853 2093 907 2140 et
939 2100 1038 2155 ego
1067 2083 1223 2137 venio
1265 2094 1592 2150 congregare
1633 2093 1822 2132 omnes
1871 2084 2056 2146 gentes
2087 2082 2140 2127 et
2168 2072 2400 2142 linguas,

853 2183 908 2228 et
930 2173 1143 2227 venient
1168 2179 1222 2226 et
1249 2171 1507 2224 videbunt
1529 2167 1754 2237 gloriam
1788 2180 1958 2219 meam
1981 2203 1996 2228 ,
2023 2170 2076 2217 et
2102 2164 2400 2232 relinquam

852 2265 934 2320 cis
956 2264 1189 2333 signum,
1221 2267 1274 2315 et
1301 2260 1538 2315 emittam
1558 2273 1624 2312 ex
1650 2257 1732 2311 eis
1754 2254 1846 2324 qui
1882 2254 2071 2308 salvati
2103 2251 2305 2306 fuerint
2335 2251 2401 2304 ad

852 2362 1061 2424 gentes,
1092 2351 1252 2421 306
1289 2350 1340 2403 in
1377 2348 1620 2410 Tharsis,
1645 2353 1699 2400 et
1746 2341 1923 2406 Phud,
1958 2351 2013 2398 et
2040 2341 2176 2403 Lud,
2207 2347 2260 2395 et
2288 2339 2400 2393 Mo-

853 2441 1008 2502 soch,
1038 2448 1091 2494 et
1117 2438 1340 2500 Thobel,
1393 2445 1448 2491 et
1491 2437 1546 2488 in
1578 2433 1860 2496 Graeciam,
1899 2439 1952 2486 et
1984 2429 2049 2482 ad
2079 2429 2283 2484 insulas
2313 2443 2399 2482 re-

853 2538 1052 2591 motas,
1085 2527 1148 2579 ad
1188 2541 1282 2579 eos
1328 2525 1421 2594 qui
1465 2539 1572 2576 non
1616 2520 1908 2575 audierunt
1959 2533 2155 2572 nomen
2203 2531 2417 2586 meum,‘

853 2632 1027 2685 neque
1055 2614 1302 2668 viderunt
1334 2627 1506 2666 meam
1552 2611 1803 2680 gloriam.
1835 2616 1888 2662 et
1920 2605 2257 2660 nuntiabunt
2281 2618 2398 2656 mea

854 2719 1016 2773 opera
1073 2704 1125 2757 in
1188 2702 1434 2772 gentibus
1453 2702 1568 2754 ¹⁹.»
1625 2699 1945 2752 Planissime
2007 2695 2261 2751 etiamin
2315 2694 2399 2747 his

854 2792 1068 2848 Domini
1127 2793 1390 2846 adventus
1422 2790 1488 2843 ad
1531 2789 1778 2843 homines
1823 2787 2129 2849 indicatur;
2174 2793 2228 2838 et
2267 2799 2404 2853 quo-

855 2884 999 2938 niam
1031 2883 1118 2936 hic
1143 2881 1345 2935 dictum
1369 2887 1472 2943 est,
1495 2879 1645 2932 illum
1665 2884 1725 2932 ut
1746 2878 1919 2947 ignem
1958 2884 2267 2937 venturum,
2289 2890 2401 2928 me-

853 2973 960 3025 rito
989 2970 1235 3032 Salvator
1287 2975 1472 3022 noster
1503 2967 1577 3018 ait
1609 2981 1624 3016 :
1664 2984 1682 3016 ι
1707 2967 1889 3034 Ignem
1939 2964 2060 3018 veni
2104 2964 2316 3017 mittere
2343 2963 2400 3015 in

855 3069 1077 3122 terram,
1106 3064 1161 3111 et
1183 3057 1313 3126 quid
1342 3056 1462 3110 volo
1493 3056 1537 3108 si
1558 3054 1668 3122 jam
1698 3067 1959 3107 accensus
1994 3057 2077 3106 est
2102 3051 2178 3104 3°?
2209 3069 2228 3102 ι
2264 3051 2398 3104 Cur-

2498 1893 2714 1964 ἅρματα
2750 1893 2943 1945 αὐτοῦ·
2984 1912 3001 1944 ι
3040 1892 3138 1944 καὶ¹
3190 1892 3354 1960 ἑξῆς·

2497 1982 2564 2034 τὰ
2593 1983 2724 2054 ἔργα
2758 1982 2933 2034 αὐτῶν
2986 1983 3076 2035 καὶ
3115 1980 3210 2033 τδν
3259 1981 3354 2048 λογ

2497 2073 2593 2125 καὶ
2616 2072 2839 2142 ἔρχομαι
2865 2075 3189 2139 συναγαγεῖν
3213 2073 3354 2126 πάντ

2502 2179 2616 2224 σας,
2657 2161 2750 2214 καὶ
2784 2161 2990 2230 ἥξουσι,
3033 2161 3130 2214 καὶ
3178 2161 3354 2231 bal/own

2500 2250 2801 2319 καταλείψω
2855 2252 2937 2303 ἐπ’
2969 2250 3152 2303 αὐτῶν
3209 2267 3352 2322 σημε

2498 2341 2674 2394 αὐτῶν
2719 2340 3091 2410 σεσωσμένους
3139 2343 3221 2406 εἰς
3268 2341 3336 2394 τὰ

2497 2431 2650 2494 Φοὺδ,
2686 2431 2776 2483 καὶ
2805 2430 2960 2491 Λοὺδ,
2990 2433 3087 2484 καὶ
3126 2433 3336 2502 Μοσὸχ.

2498 2521 2652 2584 λάδα,
2685 2520 2775 2572 καὶ
2804 2523 2882 2582 εἰς
2915 2521 3014 2583 τὰς
3041 2524 3241 2592 νήσους
3273 2523 3354 2574 τὰς

2501 2627 2602 2679 μου
2635 2610 2694 2662 τὸ
2732 2610 2918 2679 ὄνομα,
2949 2611 3064 2663 οὗθ’
3102 2612 3354 2682 ἑωράκαο

2497 2698 2786 2766 αγγελοῦσί
2823 2716 2922 2768 μου
2963 2700 3038 2751 τὰ
3079 2700 3220 2770 ἔργα
3271 2703 3328 2754 ὲν

2498 2790 2591 2841 καὶ
2618 2791 2674 2840 ὲν
2704 2789 2909 2851 τούτοις
2943 2791 2978 2859 ἡ
3005 2789 3099 2841 τοῦ
3124 2790 3324 2860 Κυρίου

2497 2879 2766 2950 δηλοῦται.
2804 2879 2914 2932 Kal
2948 2880 3250 2951 ἐπειδήπερ
3281 2881 3354 2952 εἷς

2499 2969 2671 3032 κότως
2701 2970 2862 3039 φησὶν
2891 2971 2920 3021 ό
2949 2969 3142 3040 Σωτὴρ
3176 2971 3353 3040 ἡμῶν

2497 3057 2594 3129 τὴν
2630 3059 2750 3128 γῆν,
2782 3059 2876 3111 καὶ
2906 3059 2960 3111 τί
3009 3059 3150 3112 θέλω
3178 3063 3226 3112 εἰ
3252 3061 3350 3131 ἤδη

856 3163 953 3201 rus
981 3161 1109 3200 vero
1151 3121 1288 3213 ejus,
1319 3121 1580 3212 stipantes
1632 3140 1808 3210 ipsum
1862 3139 2070 3194 divinas
2107 3145 2332 3208 potestat

1877 3139 2070 3194 iivinas
2107 3145 2399 3208 potestates
2423 3121 2470 3181 (ἶ
2499 3121 2660 3199 αύτοῦ
2689 3121 2806 3209 ,τὰς
2851 3121 3285 3220 δορυφορούσας.
3308 3121 3353 3202 αι

857 3237 1318 3304 inservientesque
1377 3233 1481 3304 ipsi
1531 3241 1750 3285 sanctos
1803 3229 2022 3299 angelos
2053 3267 2069 3292 ,
2122 3226 2400 3282 commode

855 3327 1078 3390 dixeris,
1127 3326 1194 3380 de
1218 3324 1414 3395 quibus
1446 3322 1577 3376 illud
1607 3323 1811 3376 dictum
1855 3329 1973 3376 est:
2018 3337 2037 3371 ι
2069 3318 2134 3371 Ει
2165 3332 2402 3373 accesse-

855 3423 984 3473 runt
1030 3415 1202 3486 angeli
1247 3423 1303 3469 et
1353 3412 1734 3467 ministrabant
1765 3413 1814 3466 ei
1844 3411 1910 3476 ⁸¹,
1942 3429 1960 3461 ι
2003 3417 2218 3465 sanctos
2271 3409 2398 3462 item

853 3507 1097 3573 ejusdem
1129 3505 1400 3574 apostolos
1433 3516 1498 3556 ac
1529 3501 1846 3570 discipulos,
1877 3500 2073 3569 quibus
2124 3498 2397 3553 invectum

856 3595 1038 3650 divina
1059 3601 1218 3662 atque
1246 3590 1499 3645 invisibili
1532 3591 1730 3644 virtute
1761 3589 1854 3644 Dei
1899 3587 2158 3652 Verbum,
2182 3601 2394 3641 omnem

855 3685 1148 3756 permeavit
1171 3691 1434 3737 terrarum
1466 3681 1670 3736 orbem.
1704 3679 1886 3734 Potest
1915 3680 2074 3733 etiam
2107 3679 2261 3730 aliter
2293 3677 2399 3730 dici

857 3774 927 3827 ad
945 3773 1166 3826 verbum
1191 3789 1207 3824 :
1234 3770 1408 3838 lgnem
1437 3777 1490 3824 et
1525 3785 1719 3824 currus
1748 3784 1852 3822 una
1880 3783 2000 3822 cum
2019 3769 2138 3834 ejus
2170 3767 2400 3820 adventu

857 3861 1184 3921 denuntiari,
1228 3868 1445 3929 propter
1479 3875 1632 3924 eam,
1665 3875 1785 3929 qua:
1837 3859 2130 3914 Jerusalem
2183 3871 2403 3924 Opprcso

858 3953 953 4014 sit,
981 3950 1312 4005 obsidionem
1342 3958 1462 4018 post
1513 3947 1806 4004 Salvatoris
1859 3949 2031 4003 nostri
2072 3947 2396 4000 adventum:

860 4049 983 4112 post
1015 4055 1173 4109 quem
1221 4039 1360 4092 haud
1411 4040 1603 4101 multo,
1664 4039 1917 4108 templum
1966 4036 2179 4106 quidem
2226 4037 2400 4104 ipsum

861 4132 985 4202 igne
1026 4130 1301 4183 incensum
1346 4135 1448 4190 est,
1474 4135 1529 4182 et
1555 4135 1850 4184 extremam
1895 4126 2113 4196 pertulit
2141 4124 2402 4178 vastatio-

861 4235 1005 4274 nem.
1047 4216 1187 4271 Urbs
1219 4231 1345 4271 vero
1370 4216 1700 4271 circumdata
1757 4227 1842 4272 est
1880 4214 2130 4269 curribus
2167 4221 2220 4266 et
2247 4228 2403 4268 exer-

859 4307 1057 4361 citibus
1077 4304 1314 4369 bellicis;
1346 4311 1468 4374 post
1505 4319 1664 4373 quem
1697 4318 1884 4358 casum
1905 4303 2064 4356 etiam
2088 4315 2151 4354 ea
2183 4313 2302 4366 qua:
2334 4298 2401 4352 de

2496 3237 2620 3297 τοὺς
2649 3235 3186 3307 ὲξυπηρετουμένους
3219 3237 3354 3309 αὑτᾷ

2497 3325 2581 3389 ἂν,
2615 3327 2742 3396 περὶ
2776 3321 2851 3378 ὧν
2884 3328 3107 3398 εἴρηται
3130 3344 3143 3357 ·
3183 3347 3201 3378 ‹
3233 3330 3344 3381 Kal

2497 3413 2770 3483 διηκόνουν
2812 3415 2994 3484 αὐτῷ’
3037 3416 3135 3468 καὶ
3176 3418 3302 3479 τοὺς
3344 3418 3354 3469 ί

2497 3504 2590 3555 καὶ
2619 3502 2884 3574 μαθητὰς,
2921 3499 3006 3566 οἷς
3039 3506 3354 3576 ὲποχούμενι

2475 3593 2656 3662 ,νὰμει
2678 3595 2706 3645 ό
2731 3591 2824 3644 τοῦ
2857 3592 2998 3646 Θεοῦ
3029 3595 3225 3663 Λόγος,
3255 3597 3353 3667 τὴν

2501 3682 2687 3752 μένην.
2723 3683 2954 3751 Δέγοιτο
2980 3686 3025 3737 δ’
3050 3686 3116 3739 ἂν
3145 3689 3240 3739 καὶ
3271 3688 3354 3740 ἄλ)

2500 3770 2719 3839 ἅρματα
2754 3773 3094 3840 καταγγέλλε
3102 3774 3226 3827 σθαι
3256 3777 3350 3828 σὺν

2498 3860 2592 3930 τὴν
2621 3861 3037 3917 καταλαϐοῦσαν
3069 3865 3354 3935 πολιορκία

2498 3949 2596 4012 τὴν
2625 3951 2683 4013 ἐς
2711 3953 2859 4021 ἡμᾶς
2896 3953 3112 4023 ἄφιξιν,
3146 3957 3265 4026 μεθ’
3295 3958 3354 4028 ἣν

2498 4037 2630 4102 νεὼς
2657 4041 2819 4104 αὐτὸς
2843 4044 3232 4116 ὲπυρπολείτο,
3271 4048 3354 4100 καὶ

2497 4129 2800 4201 ὲρημίαν,ὴ
2827 4132 2888 4186 δὲ
2915 4135 3070 4199 πόλις
3092 4135 3354 4189 ἐκυκλὼθι

2498 4219 2730 4272 τοπέδων
2762 4223 3100 4295 πολεμικῶν,
3124 4225 3242 4297 μεθ’
3258 4226 3294 4280 δι
3316 4244 3348 4278 κ

2498 4327 2603 4362 των
2646 4317 3072 4387 προηγγελμένα
3103 4318 3354 4390 συμφώνο

860 4393 1333 4464 cunctisgentibus
1372 4393 1626 4463 praedicta
1671 4395 1899 4456 fuerant,
1948 4390 2073 4444 huic
2111 4389 2333 4458 propbet

1877 4431 1899 4456 η,
1948 4390 2073 4482 huic
2111 4388 2399 4482 prophetiae
2430 4429 2473 4482 υ
2501 4399 2673 4469 ετυχε.
2705 4403 2800 4466 Τίς
2833 4404 2884 4456 δ’
2918 4409 3022 4462 οὐκ
3054 4409 3121 4463 ἂν
3155 4388 3353 4479 θαυμάς

861 4491 1284 4540 consentaneum
1315 4483 1470 4536 tinem
1521 4483 1710 4537 sortita
1770 4479 1916 4536 sunt.
1963 4480 2246 4540 Caeterum,
2279 4478 2398 4546 quis

863 4590 973 4632 non
1003 4573 1294 4628 admiretur
1341 4572 1565 4626 audiens
1617 4570 1902 4626 Dominum
1961 4587 2056 4640 per
2086 4569 2398 4641 prophetam

863 4665 1164 4720 dicentem:
1203 4682 1222 4716 ι
1259 4663 1426 4718 Venio
1453 4677 1779 4734 congregare
1791 4678 1978 4718 omnes
2008 4669 2191 4732 gentes
2213 4669 2265 4715 et
2293 4661 2398 4713 lin-

863 4772 1018 4827 guas,
1051 4775 1071 4808 ι
1103 4771 1223 4811 cum
1248 4756 1422 4810 videat
1464 4755 1520 4809 in
1550 4757 1694 4810 omni
1729 4795 1744 4818 ,
1776 4768 2108 4824 qumcunque
2133 4753 2200 4806 ab
2229 4751 2401 4804 homi-

863 4845 1026 4900 nibus
1054 4845 1324 4900 habitatur
1347 4887 1362 4912 ,
1400 4853 1564 4910 terra,
1595 4861 1692 4917 per
1728 4844 2020 4900 Salvatoris
2077 4842 2245 4897 nostri
2272 4840 2400 4894 Jesu

864 4931 1067 4990 Christi
1083 4937 1364 4992 adventum
1387 4951 1451 4992 ac
1465 4938 1820 5001 vocationem,
1845 4942 2140 4990 conventus
2167 4933 2400 5004 gentium

870 5020 926 5072 in
949 5021 1150 5077 Christi
1200 5028 1416 5082 nomine
1465 5027 1747 5090 celebrari,
1796 5027 2114 5096 linguasque
2162 5022 2400 5076 omnium

871 5108 1145 5163 nationum
1167 5117 1310 5169 omni
1341 5133 1537 5186 genere
1599 5117 1865 5173 sermonis
1924 5131 2089 5170 unum
2133 5113 2299 5167 Deum
2338 5124 2402 5162 ac:

873 5190 1155 5248 Dominum
1201 5200 1548 5261 invocantes?
1595 5205 1830 5276 Denique
1878 5213 2000 5275 post
2055 5203 2233 5256 omnia
2292 5199 2402 5252 haec

872 5278 996 5345 quis
1024 5281 1312 5348 inspiciens
1332 5303 1538 5354 omnes,
1567 5296 1876 5364 quicunque
1913 5295 1968 5348 in
2007 5292 2207 5346 Christi
2247 5287 2402 5342 ﬁdem

873 5374 1153 5431 venerunt,
1183 5369 1405 5425 salutari
1444 5377 1596 5443 signo
1627 5397 1724 5450 pro
1767 5383 1951 5437 annuli
1989 5386 2116 5436 nota
2169 5384 2402 5439 utentes,

871 5469 982 5509 non
1018 5457 1208 5510 merito
1233 5458 1596 5530 obstupescat,
1626 5471 1672 5522 si
1705 5474 1888 5528 audiat
1904 5479 2056 5527 tanto
2091 5466 2401 5535 antcipsum

2502 4487 2587 4538 διὰ
2628 4487 2722 4540 τοῦ
2773 4497 3062 4565 προφήτου
3094 4496 3342 4565 λέγοντος

2504 4576 2676 4628 πάντα
2707 4577 2776 4630 τὰ
2821 4580 2958 4654 ἔθνη
2993 4585 3089 4638 καὶ
3113 4585 3212 4649 τὰς
3242 4585 3353 4653 γλὼ

2503 4666 2598 4733 τῆς
2638 4666 2746 4718 τῶν
2789 4669 3100 4740 ἀνθρώπων
3139 4675 3242 4744 γῆς
3285 4674 3354 4726 διέ

2514 4755 2686 4825 Ἰησοῦ
2729 4757 2822 4810 τοῦ
2862 4763 3104 4833 Χριστοῦ
3138 4783 3354 4836 παροῦσι

2496 4839 2602 4891 τῶν
2625 4840 2791 4894 ὲθνῶν
2817 4852 3149 4919 συναγωγὰς
3170 4853 3251 4904 ἐπ’
3282 4853 3354 4904 όν(

2498 4929 2871 4998 κροτουμένοις
2891 4952 2906 4999 ;
2941 4939 3043 5000 τάς
3083 4958 3141 4992 τε
3183 4941 3354 5008 γλὼσσ

2497 5018 2554 5068 ὲν
2592 5021 2874 5086 παντοίαις
2902 5026 3204 5092 διαλέκτοις
3231 5031 3354 5100 ἀνορ

2497 5105 2697 5176 Κύριον
2721 5111 3194 5186 ὲπικαλουμέναςε
3227 5122 3316 5170 καὶ
3350 5140 3354 5168 ι

2496 5194 2766 5266 θεώμενος
2810 5203 2891 5273 τῷ
2935 5207 3266 5278 σωτηριώδει
3314 5224 3354 5258 σ’

2495 5286 2725 5355 Χριστὸν
2756 5299 3189 5361 πεπιστευκότας,
3225 5317 3354 5370 σφρο

2495 5377 2730 5448 εὐλόγως
2762 5387 3140 5460 καταπλαγείη
3182 5391 3354 5446 ἀκούω

2496 5468 2807 5537 εἰρηκότος·
2859 5493 2879 5526 ‹
2913 5478 3023 5530 Kal
3053 5479 3241 5550 ἥξουσι
3269 5483 3354 5536 καὶ

942 5601 1112 5656 "lsa.
1144 5620 1284 5670 uvt,
1321 5608 1400 5662 15.
1474 5613 1518 5643 ⁸⁸
1549 5612 1677 5670 ibid.
1713 5619 1796 5684 ιε,
1822 5623 1907 5679 l9.
1984 5623 2028 5654 ³⁸
2061 5591 2192 5675 Luc.
2225 5631 2321 5681 xu,
2357 5614 2418 5669 ις]

1567 5613 1677 5670 bid.
1713 5619 1907 5684 i8,l9.
1984 5623 2028 5654 ³ο
2061 5591 2192 5675 Luc.
2225 5631 2321 5681 xu,
2357 5614 2445 5669 ις).
2522 5615 2565 5648 ιι
2619 5618 2811 5679 Matth.
2856 5628 3039 5692 mu.
