3738 6308
860 327 962 380 ὶὸἳ

1516 319 1783 373 EUSEBH
1821 318 2291 381 CASSARIENSlS
2328 318 2477 376 OPP.
2513 320 2710 378 PARS.
2752 323 2817 378 11.
2853 355 2922 365 --
2960 318 3350 379 APOLOGETI

875 451 986 506 haec
1003 447 1228 501 maxima
1259 443 1407 512 signa
1442 441 1583 495 illius
1635 441 1898 495 adventus
1923 440 2100 493 futura
2128 457 2139 489 :
2166 445 2348 506 gentia

1879 458 1898 493 s
1923 440 2100 493 futura
2128 457 2139 489 :
2166 445 2403 506 gentium
2437 446 2479 502 Λ
2513 459 2602 512 ρια
2628 444 2724 513 τῆς
2747 442 2909 496 αὐτοῦ
2925 440 3231 512 παρουσίας
3266 439 3355 490 Eos

875 556 969 609 per
995 546 1162 590 totum
1198 534 1378 586 orbem
1426 531 1488 583 ad
1516 531 1880 598 accipiendam
1921 545 2100 582 veram
2127 528 2218 582 Dei
2260 532 2403 584 noti-

876 632 1023 687 tiam,
1064 622 1417 680 vocationem,
1450 627 1502 672 et
1526 616 1763 670 Judaicm
1795 618 1967 684 gentis
1992 624 2206 685 propter
2236 617 2408 668 incre-

831 779 834 783 ἢ
874 714 1148 767 dulitatem
1177 709 1228 760 in
1261 708 1430 766 illum,
1458 705 1669 757 ruinam
1700 720 1762 758 ac
1796 705 2161 760 solitudinem.
2193 720 2257 757 ex
2284 692 2407 773 pro-

876 800 1115 882 pbeticis‘
1129 798 1348 851 vocibus
1372 795 1740 859 didicerimus,
1779 794 2086 863 ibidemque
2112 794 2408 861 inspexeri-

874 903 1014 949 mus,
1070 881 1228 954 309
1273 898 1429 952 quem
1478 883 1690 936 tandem
1751 885 1955 936 exitum
2015 881 2316 934 invenerint
2348 897 2408 933 ea

874 992 993 1048 qua:
1014 977 1261 1044 praedicta
1293 976 1531 1029 fuerant.
1556 974 1669 1041 ipse
1698 971 1951 1041 deinceps
1981 970 2188 1031 ordine,
2224 970 2276 1023 in
2309 970 2409 1023 hoc

876 1066 1102 1134 septimo
1125 1063 1440 1132 Evangelicw
1478 1060 1949 1115 Demonstrationis
1983 1060 2269 1124 volumine,
2296 1075 2410 1112 mo.

876 1157 1002 1211 dum
1034 1155 1379 1223 contemplari
1431 1155 1766 1217 conabimur,
1817 1152 2112 1206 secundum
2157 1167 2314 1219 quem
2339 1151 2412 1202 ait

876 1261 935 1301 se
950 1245 1017 1299 ad
1038 1246 1280 1300 homines
1299 1247 1697 1315 commigrasse.
1742 1244 1858 1298 Jam
1891 1243 2013 1297 inde
2041 1244 2204 1312 igitur
2232 1243 2413 1296 videa-

876 1349 1018 1395 mus,
1059 1335 1304 1403 quisnam
1339 1336 1526 1389 modus
1571 1333 1661 1387 Dei
1695 1336 1760 1387 ad
1802 1335 2047 1388 homines
2077 1333 2412 1403 migrationis

877 1436 1156 1479 caneretur
1180 1425 1413 1489 futurus,
1435 1436 1485 1478 et
1516 1426 1727 1479 ubinam
1754 1426 1989 1494 gentium
2017 1426 2254 1478 oriturus
2277 1439 2412 1493 prae-

877 1513 1163 1574 diceretur,
1200 1521 1251 1565 et
1279 1511 1347 1566 de
1370 1529 1476 1581 quo
1499 1528 1692 1581 genere
1733 1512 2074 1580 profecturus
2099 1522 2410 1565 sanctorum

878 1599 1151 1657 hominum
1180 1603 1400 1658 vocibus
1432 1602 1675 1656 ferretur.

1492 1812 1713 1879 CAPUT
1751 1813 1789 1867 1.

880 1928 957 1982 Ab
990 1926 1155 1981 Isaia.
1202 1955 1270 1964 —
1303 1925 1553 1991 Quisnam
1589 1927 1769 1979 modus
1818 1940 2051 1978 accessus
2082 1921 2289 1975 Domini
2344 1926 2412 1975 ad

1516 1995 1760 2047 homines.

950 2084 1229 2139 Praedictio
1278 2082 1584 2137 Iudaeorum
1637 2082 2022 2136 incredulitatis
2070 2097 2194 2151 erga
2259 2082 2413 2166 Chri-

881 2183 1045 2242 stum,
1074 2183 1127 2230 et
1158 2175 1371 2243 signum
1411 2174 1489 2228 eis
1536 2188 1565 2225 a
1599 2171 1820 2225 Domino
1848 2171 2049 2224 datum.
2082 2171 2203 2225 Fuit
2235 2181 2410 2225 autem

881 2266 1011 2321 Illud
1037 2284 1052 2319 :
1082 2264 1244 2335 Virgo
1268 2279 1528 2333 generans
1554 2262 1715 2317 Deum
1740 2280 1755 2327 ;
1797 2263 1899 2315 sub
1927 2263 2082 2328 cujus
2110 2263 2413 2331 generatio-

882 2374 952 2412 ne
979 2356 1295 2410 universalis
1311 2353 1613 2407 Judaaorum
1639 2352 1872 2405 nationis
1901 2354 2144 2420 purgatio
2177 2353 2409 2406 caneba-

883 2453 1087 2512 δοίη-ει
1110 2444 1249 2498 sicut
1291 2443 1495 2497 externi
1548 2449 1603 2495 et
1649 2442 1833 2496 hostes
1882 2442 2149 2509 regionem
2198 2441 2408 2493 illorum

881 2536 1243 2604 occupabunt,
1277 2540 1330 2586 et
1359 2530 1806 2600 quemadmodum
1841 2543 1959 2597 qua:
1986 2536 2111 2581 ante
2141 2527 2410 2582 desertum

884 2627 1015 2687 fuit,
1065 2624 1439 2693 agriculturam
1511 2621 1695 2673 sortita
1740 2619 1994 2678 divinam,
2026 2617 2250 2670 fecunda
2282 2617 2401 2670 erit.

882 2713 1119 2766 Ecclesia
1144 2727 1208 2765 ex
1237 2710 1482 2779 gentibus
1509 2709 1730 2761 collecta
1768 2706 1910 2758 hunc
1955 2706 2266 2758 ostendente
2296 2718 2409 2756 mo-

881 2800 1009 2854 dum
1045 2798 1487 2867 quemadmodum
1527 2795 1739 2849 divinus
1773 2794 2096 2862 evangelista
2138 2791 2405 2856 Joannes,

881 2890 1003 2958 plus
1030 2902 1189 2958 quam
1225 2887 1454 2940 humana
1491 2899 1620 2938 voce
1659 2884 1724 2938 de
1773 2883 2045 2938 Salvatore
2085 2898 2148 2937 ac
2186 2884 2408 2937 Domino

882 2988 1102 3042 nostro,
1137 2977 1203 3031 de
1230 2978 1367 3045 ipso,
1396 2976 1634 3042 inquam,
1666 2972 1757 3028 Dei
1790 2971 1963 3027 Verbo
2003 2973 2296 3036 disserens,
2321 2987 2408 3028 sa-

881 3080 1135 3136 cramque
1179 3066 1322 3120 illius
1359 3062 1688 3131 Scripturam
1734 3061 2199 3129 narrationemque
2229 3076 2409 3130 aggre-
2435 3063 2475 3119 C

882 3159 1035 3213 diens
1056 3196 1072 3220 ,
1103 3170 1207 3210 una
1237 3170 1357 3209 cum
1388 3155 1503 3223 ipsa
1535 3151 1601 3206 de
1631 3151 1719 3203 illa
1752 3150 2017 3219 theologia
2060 3150 2297 3218 ejusdem
2341 3148 2408 3201 ad

883 3247 1125 3302 homines
1149 3259 1447 3303 accessum,
1469 3257 1562 3311 per
1590 3248 1921 3308 assumptum
1947 3254 2143 3308 corpus
2170 3243 2406 3307 exponit,

882 3340 963 3394 sic
986 3337 1171 3391 dicens
1195 3355 1208 3390 :
1243 3354 1262 3386 ι
1300 3336 1359 3389 In
1390 3332 1652 3403 principio
1679 3339 1793 3385 erat
1815 3329 2066 3393 Verbum,
2091 3341 2144 3384 et
2177 3328 2408 3384 Verbum

881 3435 996 3483 erat
1019 3425 1159 3496 apud
1188 3425 1382 3487 Deum,
1432 3431 1484 3478 et
1519 3421 1655 3476 Deus
1713 3431 1827 3476 erat
1862 3419 2092 3474 Verbum
2148 3420 2211 3472 “.
2254 3438 2272 3470 ι
2300 3419 2411 3473 Hoc

882 3524 998 3571 erat
1025 3515 1079 3569 in
1100 3513 1360 3584 principio
1384 3512 1523 3580 apud
1552 3510 1714 3565 Deum
1735 3550 1749 3573 ,
1801 3510 1978 3563 omnia
2006 3525 2100 3578 per
2128 3510 2301 3578 ipsum
2333 3509 2412 3562 fa—

881 3617 968 3660 cta
983 3612 1108 3660 sunt
1145 3621 1161 3659 :
1212 3612 1370 3670 atque
1393 3601 1475 3655 his
1503 3601 1753 3667 deinceps
1786 3598 2080 3667 adjungens
2106 3614 2117 3648 :
2156 3616 2174 3647 ι
2198 3598 2257 3650 Et
2282 3598 2413 3653 Ver-

884 3698 1009 3749 bum
1038 3709 1165 3747 earo
1195 3694 1389 3745 factum
1420 3698 1522 3753 est,
1552 3698 1603 3744 et
1621 3689 1879 3742 habitavit
1914 3689 1967 3742 in
1990 3688 2145 3741 nobis
2179 3688 2243 3741 ³³.
2284 3707 2302 3738 ι
2336 3685 2410 3740 Ita

881 3786 1065 3838 divino
1091 3783 1292 3851 Spiritu
1328 3781 1534 3835 amatus
1562 3779 1836 3848 propheta,
1859 3793 1980 3832 cum
2012 3778 2178 3831 Deum
2204 3777 2269 3830 de
2295 3776 2414 3828 Vir-

882 3873 1003 3942 gine
1051 3871 1288 3939 genitum
1349 3876 1491 3923 esset
1544 3869 1915 3927 nuntiaturus,
1946 3867 2202 3919 visionem
2255 3875 2411 3918 antea

881 3959 1168 4031 quamdam
1233 3958 1375 4011 illius
1438 3958 1618 4026 gloria:
1671 3954 2097 4023 contemplatur,
2147 3954 2410 4021 talemque

882 4049 1200 4119 theologiam
1226 4049 1515 4104 describit:
1558 4067 1577 4098 ί
1612 4046 1732 4101 Vidi
1763 4045 2040 4099 Dominum
2071 4044 2298 4099 Sabaoth
2326 4061 2411 4101 se-

880 4145 1092 4199 dentem
1117 4154 1275 4208 super
1307 4140 1441 4193 solio
1469 4139 1680 4193 excelso
1703 4146 1754 4191 et
1782 4136 2015 4197 sublimi,
2044 4144 2095 4189 et
2118 4136 2269 4203 plena
2296 4144 2409 4188 erat

879 4233 1071 4288 domus
1099 4230 1266 4301 gloria
1297 4229 1499 4296 ejus,et
1522 4228 1786 4295 seraphim
1803 4225 2015 4280 stabant
2036 4223 2236 4278 circum
2266 4239 2407 4291 eum,

881 4333 977 4374 sex
1005 4318 1102 4370 ala:
1129 4317 1241 4378 uni,
1267 4322 1321 4369 et
1366 4330 1459 4369 sex
1489 4316 1585 4369 alae
1620 4315 1805 4376 alteri,
1848 4320 1902 4367 et
1946 4312 2152 4365 duabus
2192 4313 2403 4379 quidem

880 4409 1129 4479 tegebant
1158 4406 1366 4469 faciem,
1398 4405 1606 4459 duabus
1633 4411 1806 4457 autem
1835 4402 2080 4456 velabant
2131 4401 2289 4470 pedes
2308 4442 2322 4462 ,
2353 4411 2405 4456 et

879 4499 1090 4553 duabus
1122 4497 1406 4557 volabant,
1442 4503 1494 4548 et
1519 4495 1677 4564 310
1701 4493 2002 4546 clamabant
2025 4492 2157 4545 alter
2186 4494 2249 4545 ad
2274 4493 2407 4546 alte-

883 4604 1023 4646 rum.
1050 4594 1103 4642 et
1146 4586 1425 4640 dicebant:
1458 4582 1707 4642 Sanctus,
1745 4588 1963 4635 sanctus
1987 4619 2002 4643 ,
2038 4590 2255 4635 sanctus
2302 4581 2407 4635 Do-

883 4680 1059 4733 minus
1116 4675 1348 4731 Sabaoth
1377 4714 1392 4737 ,
1452 4675 1607 4742 plena
1667 4680 1750 4727 est
1803 4672 1978 4726 omnis
2040 4680 2180 4726 terra
2242 4673 2407 4740 gloria

881 4768 998 4831 ejus
1021 4767 1087 4819 “.
1124 4786 1142 4817 ι
1172 4764 1236 4817 Ει
1265 4764 1513 4831 deinceps
1536 4761 1812 4829 adiungit:
1848 4778 1866 4810 ι
1906 4760 1973 4812 Et
2006 4759 2180 4814 audivi
2225 4775 2405 4811 vocem

884 4853 1092 4908 Domini
1118 4853 1343 4907 dicentis
1367 4871 1379 4905 :
1407 4850 1573 4916 Quem
1612 4849 1841 4911 mittam,
1874 4856 1927 4902 et
1951 4849 2074 4919 quis
2102 4849 2197 4903 ibit
2225 4848 2290 4900 ad
2319 4863 2409 4916 po-

884 4942 1064 5008 pulum
1093 4943 1255 4994 hunc.
1281 4940 1345 4993 Et
1365 4941 1472 4994 dixi
1504 4959 1516 4994 :
1549 4938 1685 4992 Ecce
1712 4948 1833 5006 ego,
1862 4938 2014 4992 mitte
2043 4952 2145 4990 me.
2181 4936 2243 4988 Et
2274 4935 2407 4988 dixit

884 5030 953 5081 ad
986 5045 1103 5085 me:
1149 5030 1320 5097 Vade,
1353 5041 1405 5087 et
1431 5032 1516 5087 dic
1557 5031 1752 5101 popqu
1796 5031 1919 5084 huic
1949 5049 1962 5084 :
2000 5029 2195 5083 Auditu
2228 5028 2407 5081 audie-

887 5115 977 5176 tis,
1004 5125 1057 5169 et
1084 5134 1189 5171 non
1216 5122 1557 5193 intelligetis:
1591 5132 1642 5177 et
1666 5122 1932 5176 intuentes
1968 5117 2325 5180 intuebimini,
2357 5124 2409 5170 et

888 5210 995 5249 non
1018 5199 1281 5257 videbitis.
1302 5205 1553 5263 Crassum
1582 5209 1723 5263 enim
1758 5207 1955 5261 factum
1987 5214 2070 5262 est
2091 5221 2186 5259 cor
2225 5204 2403 5273 populi

888 5283 1049 5351 ⁸³1³31³8
1068 5324 1084 5346 ν
1124 5296 1176 5340 ει
1205 5292 1423 5349 auribus
1454 5302 1566 5354 suis
1592 5300 1820 5369 graviter
1848 5296 2129 5351 audierunt
2147 5333 2163 5357 ,
2194 5302 2247 5347 et
2277 5308 2403 5347 ocu-

889 5375 970 5429 los
1014 5389 1141 5430 suos
1170 5379 1475 5441 clauserunt
1496 5429 1513 5454 ,
1546 5407 1613 5445 ne
1638 5391 1852 5459 quando
1878 5389 2091 5442 videant
2112 5383 2283 5439 oculis
2305 5421 2319 5444 ,
2351 5388 2404 5436 et

888 5462 1051 5523 cordo
1074 5462 1401 5537 ἰηιθιιίκίιιι.
1445 5484 1499 5531 et
1521 5486 1925 5540 convertantur,
1963 5483 2015 5531 et
2058 5487 2241 5527 sanem
2274 5486 2399 5535 eos.

956 5652 1173 5709 “Joan.
1199 5670 1235 5724 ι,
1261 5658 1308 5713 i.
1383 5666 1427 5700 ³³
1454 5671 1580 5729 ibid,
1613 5674 1694 5728 η,
1776 5671 1818 5701 ³³
1852 5668 1952 5725 lsa.
1985 5683 2067 5725 γι.
2099 5665 2211 5720 1-3,

2441 1757 2487 1815 Β

2503 534 2591 591 ψει
2617 535 2713 602 τῆς
2740 534 2969 603 ἀληθοῦς
2999 531 3324 599 θεογνωσίας

2505 622 2689 685 ὲθνῶν,
2716 623 3026 675 ἀπόπτωσίν
3062 639 3118 673 τε
3149 622 3247 673 καὶ
3280 620 3360 689 ὲρτ

2505 712 2756 765 ἀπιστίαν
2801 712 2893 763 τοῦ
2935 711 3199 762 Ἰουδαίων
3252 708 3360 760 ἔον(

2506 803 2889 874 συγγράμματι
2917 802 3004 853 διὰ
3029 801 3134 852 τῶν
3165 816 3360 871 προφηο

2506 908 2614 953 τες,
2642 888 3065 959 ἐπισκεψάμενοί
3110 906 3171 940 τε
3222 889 3360 939 κατὰ

2506 980 2658 1049 ἔτυχε
2713 980 2780 1033 τὰ
2826 977 3301 1051 προηγορευμένα,
3354 999 3360 1026 ι

2509 1068 2713 1138 ἑϐδόμῳ
2733 1067 2903 1136 τούτῳ
2933 1067 3333 1137 συγγράμματι

2508 1159 2743 1223 δείξεως
2779 1157 2868 1209 τὸν
2894 1158 3092 1227 τρόπον
3126 1156 3360 1224 ἐπιθεωρ

2510 1250 2565 1300 ὃν
2592 1265 2748 1319 φησιν
2771 1247 2930 1300 αὑτὸν
2963 1248 3060 1316 τὴν
3095 1249 3177 1309 είς
3202 1245 3360 1316 ἀνθρι

2509 1339 2615 1394 δον.
2649 1339 2779 1409 Φέρε
2814 1335 2906 1391 οὖν
2950 1337 3202 1390 ἐντεῦθεν
3245 1337 3346 1407 ἤδη

2509 1430 2537 1481 ὁ
2563 1432 2761 1505 τρόπος
2780 1428 2994 1481 ἔσεσθαι
3022 1427 3123 1497 τῆς
3151 1426 3249 1480 τοῦ
3278 1428 3360 1479 Bst

2513 1516 2635 1588 μίας
2665 1516 2991 1580 ἐθεσπίζετο,
3023 1518 3119 1568 καὶ
3169 1515 3277 1569 ποῦ
3326 1532 3360 1582 γ

2510 1608 2869 1677 εκηρύττετο,
2916 1608 3022 1659 ἀπὸ
3090 1606 3250 1659 ποίου
3298 1623 3360 1658 τε

2512 1698 2715 1751 ὲϐοᾶτο.

3026 1810 3359 1862 ΚΕΦΑΛΑῘ(

2523 1897 2651 1951 Ἀπὸ
2677 1897 2779 1951 τοῦ
2810 1895 3143 1950 Ἠσαΐου.--
3165 1900 3264 1963 Τίς
3290 1902 3323 1950 ό
3351 1917 3360 1949 ς

2864 1971 2949 2031 εὶς
2979 1966 3334 2034 ἀνθρώπους

2578 2056 2881 2127 Πρόρεὴγσις
2904 2057 3000 2124 τῆς
3028 2057 3109 2118 είς
3133 2057 3360 2126 Χριστὸκ

2511 2147 2708 2210 ἔθνους,
2733 2149 2823 2200 καὶ
2848 2150 3069 2216 σημεῖον
3094 2147 3279 2208 αὐτοῖς
3300 2149 3360 2200 ἀτ

2510 2238 2565 2290 δὲ
2591 2239 2766 2290 τοῦτο·
2818 2237 3091 2307 Παρθένος
3120 2237 3255 2289 Θεὸν
3294 2254 3356 2304 γε

2510 2327 2819 2397 καθαίρεσις
2839 2327 3106 2395 παντελὴς
3125 2327 3220 2378 τοῦ
3262 2327 3359 2378 ἰου

2510 2418 2602 2469 καὶ
2624 2415 2696 2479 ὡς
2725 2416 3006 2483 ἀλλόφυλοι
3024 2418 3117 2469 καὶ
3147 2417 3360 2486 πολέμιε

2510 2506 2705 2569 ἐξουσι,
2756 2507 2849 2558 καὶ
2885 2507 2960 2568 ὡς
3002 2509 3035 2576 ἡ
3076 2508 3203 2576 πρὶν
3250 2507 3360 2575 ἔρη;

2506 2596 2793 2663 γεωργίας,
2852 2597 3169 2667 εὐφορήσει’
3224 2597 3324 2665 τῆς

2505 2686 2690 2738 τοῦτον
2731 2684 3071 2756 δηλουμένης
3114 2686 3206 2739 τὸν
3247 2686 3360 2755 τρότ

2506 2773 2888 2843 εὑαγγελιστὴς
2945 2777 3224 2846 Ἰωάννης,
3276 2775 3360 2845 μεί

2510 2863 2881 2932 μεγαλοφωνίᾳ
2918 2865 3017 2917 τὸν
3077 2867 3302 2935 Σωτῆρα
3356 2885 3360 2916 :

2506 2952 2697 3020 λογῶν,
2730 2953 2891 3004 αὐτὸν
2931 2954 3002 3026 δὴ
3040 2957 3132 3008 τὸν
3170 2956 3262 3008 τοῦ
3305 2957 3360 3009 Θε

2508 3039 2724 3110 Γραφῆς
2742 3040 2904 3093 αὑτοῦ
2927 3043 3331 3115 ἀπαρχόμενος,
3352 3065 3360 3095 ς

2509 3129 2763 3200 ἔνσαρκον
2785 3131 2952 3184 αὑτοῦ
2981 3136 3063 3198 είς
3084 3136 3180 3187 ἀνθ
3189 3134 3358 3207 ρώπου

2514 3239 2532 3271 ι
2565 3221 2650 3273 Ἐν
2679 3222 2820 3292 ἀρχῇ
2843 3218 2912 3293 ἦν
2933 3226 2963 3277 ὁ
2985 3226 3176 3293 Λόγος,
3206 3224 3298 3277 καὶ
3322 3227 3348 3276 ὁ

2508 3313 2600 3366 καὶ
2618 3312 2748 3375 Θεὸς
2770 3309 2841 3383 ἦν
2867 3317 2898 3366 ὁ
2919 3316 3115 3385 Λόγος.
3142 3312 3358 3385 Οὗτοςῆ

2510 3404 2681 3457 πάντα
2709 3403 2778 3456 δι’
2806 3405 2977 3458 αὐτοῦ
3012 3407 3245 3474 ἐγένετο,
3285 3426 3302 3457 ι
3350 3425 3358 3454 ‹

2508 3496 2673 3562 ἀγωνο
2699 3513 2717 3545 ι
2745 3495 2853 3548 Καὶ
2886 3497 2916 3546 ὁ
2943 3498 3114 3565 Λόγος
3147 3498 3279 3566 σὰρξ
3310 3498 3358 3563 ἐγ

2508 3587 2657 3654 ἡμῖν.
2696 3603 2714 3635 ι
2739 3584 2841 3637 Τὸν
2873 3586 3042 3639 αὑτὸν
3066 3587 3130 3656 δὴ
3157 3587 3352 3655 τρόπον

2507 3691 2605 3743 της
2640 3674 2769 3726 Θεοῦ
2805 3676 2869 3727 ὲκ
2909 3675 3190 3746 Παρθένου
3221 3692 3358 3741 γεγεε

2512 3765 2739 3834 ρύττειν,
2762 3766 2858 3836 τὴν
2889 3767 3102 3830 ἔνδοξον
3133 3767 3295 3819 αὑτοῦ
3323 3766 3358 3817 Θι

2506 3856 2604 3925 τὴν
2632 3854 2909 3922 θεολογίαν
2955 3855 3303 3925 ὑπογράφων
3340 3872 3358 3903 ι

2509 3943 2654 3995 ϐοιὼο
2686 3944 2996 4014 καθήμενον
3028 3946 3121 3997 ἐπὶ
3155 3944 3343 4013 θρόνου

2509 4034 2601 4085 καὶ
2633 4033 2842 4102 πλήρης
2881 4036 2913 4086 ὁ
2958 4029 3107 4096 οἶκος
3146 4032 3245 4101 τῆς
3274 4031 3358 4093 δὸξ

2509 4121 2848 4190 εἱστήκεισαν
2870 4122 3060 4191 κύκλῳ
3088 4120 3270 4173 αὑτοῦ·
3296 4118 3353 4180 ἓξ

2510 4209 2775 4278 πτέρυγες
2802 4210 2881 4279 τῷ
2924 4211 3035 4263 ὲνί·
3079 4211 3170 4262 καὶ
3211 4211 3326 4269 ταῖς

2511 4299 2813 4367 πρόσωπον,
2858 4304 2985 4362 ταῖς
3022 4301 3077 4352 δὲ
3120 4299 3238 4351 δυσὶ
3280 4314 3356 4348 xor

2437 4374 2479 4428 ί)
2506 4392 2622 4450 ταῖς
2655 4389 2709 4440 δὲ
2747 4391 2899 4443 δυσὶν
2945 4393 3221 4445 ὲπέταντο.
3259 4390 3356 4442 Καὶ

2505 4480 2593 4531 τὸν
2626 4480 2829 4549 ἕτερον,
2857 4485 2959 4534 καὶ
2985 4481 3183 4548 ἔλεγον·
3215 4480 3356 4544 ’Ἄγις

2507 4568 2749 4631 Σαϐαὼθ,
2783 4569 3004 4642 πλήρης
3033 4571 3180 4622 πᾶσα
3218 4570 3249 4636 ή
3284 4566 3352 4633 γῆ

2506 4657 2629 4725 ἑξῆς
2673 4656 2935 4724 ἐπιλέγει·
2981 4677 2999 4708 ι
3039 4659 3145 4709 Καὶ
3175 4657 3356 4725 ἤκουσε

2507 4761 2725 4813 γοντοςο
2770 4743 2906 4800 Τίνα
2948 4742 3246 4804 ἀποστελῶ,
3306 4756 3356 4790 κε

2500 4835 2590 4886 τὸν
2626 4834 2749 4887 λαὺν
2776 4835 2998 4900 τοῦτον;
3034 4834 3142 4887 Καὶ
3178 4827 3320 4884 εἶπα·

2502 4924 2589 4976 λόν
2620 4941 2706 4993 με.
2734 4925 2842 4977 Καὶ
2868 4923 2990 4979 εἶπε
3022 4924 3157 4995 πρὸς
3181 4920 3265 4992 μέ·
3300 4919 3356 4969 Πί

2502 5016 2613 5085 λαῷ
2639 5015 2832 5085 τούτῳ
2874 5019 3033 5086 Ἀκοῇ
3077 5012 3351 5067 ἀκούσετε,

2505 5106 2785 5176 βλέποντες
2804 5105 3054 5177 βλέψετε,
3083 5104 3176 5156 καὶ
3206 5100 3262 5154 οὐ
3299 5095 3356 5165 μί

2505 5199 2539 5267 ή
2562 5197 2750 5267 καρδία
2771 5197 2864 5250 τοῦ
2884 5195 3013 5249 λαοῦ
3034 5192 3238 5252 τούτου,
3264 5189 3353 5240 καὶ

2506 5289 2761 5358 ἦκουσαν,
2788 5289 3026 5349 καὶτοὺς
3049 5280 3349 5352 ὀφθαλμοὺς

2507 5394 2634 5430 ποτε
2676 5378 2827 5433 ἴδωσι
2858 5381 2970 5441 τοῖς
3007 5372 3313 5444 ὀφθαλμοῖς,
3341 5383 3354 5418 ³

2506 5469 2599 5522 καὶ
2643 5471 2879 5543 ίάσωμαι
2916 5468 3122 5529 αὐτούς.
3155 5462 3258 5516 Καὶ
3297 5452 3354 5508 εἶα
