3738 6298
112 388 200 447 889

927 378 1551 438 DEMONSTRATIONIS
1593 363 2035 432 manusua/r1
2071 366 2194 422 LIB.
2238 369 2351 428 vn.

3107 377 3210 430 490

112 505 198 556 Καὶ
216 495 366 552 ιῐπεψ
404 516 420 548 ι
447 499 587 560 Ἕως
611 499 676 552 ἀν
701 502 1022 571 ἐρημωθῶσι
1046 504 1240 564 πόλεις,
1274 499 1418 568 παρά
1437 500 1494 551 τὸ
1522 501 1593 568 μὴ
1623 550 1628 559 ι

1714 506 1747 550 et
1783 497 1891 550 dixi
1918 514 1928 548 :
1961 494 2282 560 Quousque,
2320 492 2578 547 Domine?
2621 495 2684 546 Et
2717 495 2887 548 dixit:
2927 493 3101 549 Donec
3132 499 3215 546 dv-

112 586 444 648 κατοικείσθαι,
464 587 554 638 καὶ
571 583 708 639 οἶκοι
736 589 882 658 παρά
901 591 960 640 τὺ
984 591 1054 660 μὴ
1075 586 1207 641 εἶναι
1235 589 1326 640 ἀνθ
1336 588 1476 656 primo
1517 605 1557 642 -.
1571 607 1588 638 ι

113 679 237 728 Ποῖον
271 675 322 726 δὲ
357 674 567 728 θεμιτὸν
609 677 839 728 φάσκειν
875 678 965 728 τὸν
999 681 1270 728 προφήτην
1308 605 1588 728 ὲωοακξιαι

113 679 237 729 Ποῖον
271 675 322 726 δὲ
357 674 567 742 θεμιτὸν
609 677 839 742 φάσκειν
875 678 965 729 τὸν
999 681 1270 748 προφήτην
1308 674 1596 744 ἑωρακέναι

111 766 302 836 Κύριον;
332 763 362 832 ἤ
393 763 450 815 δν
496 765 607 825 τοῖς
659 765 790 835 περὶ
825 767 914 818 τὸν
964 768 1203 836 Ἀϐραάμ
1241 767 1598 836 προπάτορσιν

109 853 250 922 ὦφθαι
274 871 328 906 τε
357 856 444 905 καὶ
467 854 801 923 ὡμιληκέναι
833 858 889 908 ὲν
915 855 1026 918 τοῖᾷ
1058 858 1154 926 πρὸ
1174 857 1368 907 τούτων
1395 856 1601 908 ἀπεδεί-

109 943 275 1011 ξαμεν;
315 941 503 993 Τοῦτον
549 942 659 1012 γὰρ
707 944 841 1012 ὁμοῦ
886 947 1016 997 Θεὸν
1044 947 1132 997 καὶ
1162 944 1375 1014 Κύριον,
1411 945 1502 997 καὶ
1537 944 1600 1012 δὴ

109 1032 297 1098 ἄγγελον
328 1027 472 1092 εἶναι,
510 1033 608 1085 καὶ
645 1033 1075 1104 ἀρχιστράτηγον
1103 1035 1373 1103 δυνάμεως
1402 1035 1600 1103 Κυρίου

109 1118 584 1189 προμεμαθήκαμεν.
615 1121 844 1174 Μέλλων
872 1122 1148 1191 τοιγαροῦν
1173 1122 1268 1191 τὴν
1291 1124 1368 1184 εἰς
1397 1121 1600 1192 ἀνθρώ-

110 1227 217 1272 πούς
242 1209 384 1262 αὐτοῦ
415 1211 649 1279 πάροδον
685 1211 715 1262 6
758 1211 944 1282 παρὼν
986 1211 1137 1279 λόγος
1174 1211 1472 1274 θεσπίζειν,
1507 1211 1603 1281 τὴν

110 1299 254 1350 ἔνθεον
274 1298 418 1350 αὐτοῦ
439 1299 746 1369 προθεωρεῖ
769 1301 1054 1370 βασιλείαν,
1077 1302 1139 1353 δι’
1162 1297 1228 1370 ἦς
1251 1319 1408 1370 φησιν
1434 1305 1601 1371 ἑωρα-

110 1391 231 1442 κέναι
253 1389 396 1441 αὑτὸν
419 1390 730 1459 καθήμενον
768 1393 858 1443 ἐπὶ
890 1392 1074 1462 θρόνου
1101 1392 1296 1460 ὑψηλοῦ
1324 1393 1412 1444 καὶ
1436 1395 1604 1462 ἐπηρ-

114 1489 259 1547 μενου.
291 1473 446 1541 Οῦτος
483 1479 526 1530 δ’
552 1479 619 1531 ἂν
649 1481 738 1550 εἴη
773 1484 802 1532 ό
837 1481 1018 1551 θρόνος
1045 1482 1204 1533 αὐτοῦ
1238 1483 1436 1544 ἐκεῖνος
1461 1483 1488 1533 6
1516 1484 1606 1534 καὶ

108 1571 154 1620 ὲν
173 1569 235 1637 τῷ
259 1570 372 1638 περὶ
397 1568 487 1620 τοῦ
527 1570 819 1639 ἀγαπητοῦ
847 1572 1038 1640 ψαλμῷ
1070 1571 1440 1640 δεδηλωμένος,
1471 1571 1608 1623 κατά

108 1657 168 1709 τό·
194 1674 210 1706 ι
250 1659 298 1708 Ὀ
329 1659 506 1726 θρόνος
549 1677 668 1720 σου,
697 1664 726 1712 ό
762 1661 908 1722 Θεὸς,
939 1663 1015 1721 εἰς
1044 1660 1137 1711 τὸν
1175 1661 1338 1712 αἰῶνα
1363 1661 1452 1712 τοῦ
1477 1661 1605 1714 αἰῶ-

110 1767 193 1809 νος,
221 1769 234 1798 ν
263 1751 337 1816 ἐρ’
363 1749 418 1800 ὃν
445 1749 536 1801 καὶ
572 1752 601 1802 ό
629 1752 895 1804 ἀνωτάτω
924 1752 1026 1803 τῶν
1055 1751 1190 1802 ὅλων
1222 1752 1441 1820 ποιητὴς
1480 1751 1607 1812 Θεὸς

1699 595 1852 640 serta:
1879 586 1984 638 sint
2014 581 2281 643 civitates,
2309 599 2373 635 eo
2403 585 2540 651 quod
2576 601 2676 634 non
2701 586 2768 636 sit
2791 586 2881 653 qui
2915 586 3171 638 inhabitet
3198 606 3208 638 :

1695 687 1746 730 et
1779 677 1986 733 domus,
2011 689 2074 728 eo
2103 673 2243 742 quod
2272 688 2379 726 non
2429 674 2535 726 sint
2564 673 2802 726 homines
2831 674 2896 727 ³⁵.
2931 694 2948 725 ι
2976 676 3043 727 At
3070 677 3212 729 enim

1698 779 1852 832 quem
1909 762 2118 817 tandem
2202 759 2481 813 Dominum
2548 760 2628 812 las
2675 768 2756 814 est
2813 761 2992 817 dicere
3040 765 3211 818 visum

1699 854 1864 906 fuisse
1893 867 1921 904 a
1961 850 2212 919 propheta
2244 862 2431 919 prater
2452 865 2594 911 eum,
2634 864 2789 916 quem
2817 859 2870 902 et
2899 851 3138 916 Abrahze,
3161 864 3209 908 et

1701 941 1916 1008 reliquis
1952 939 2174 991 Abrahae
2211 937 2474 992 similibus
2522 938 2714 1004 priscis
2762 938 3001 1004 patrihus
3041 944 3212 996 visum

1699 1029 1886 1091 fuisse,
1913 1039 1966 1082 et
2003 1043 2124 1082 cum
2164 1029 2349 1082 iisdem
2379 1029 2611 1081 locutum
2640 1043 2759 1081 esse
2781 1066 2796 1089 ,
2846 1029 2901 1082 in
2949 1031 3214 1097 prioribus

1701 1119 1848 1173 libris
1895 1118 2258 1172 ostendimus?
2289 1117 2438 1171 Hunc
2465 1118 2605 1171 enim
2640 1118 2836 1184 pariter
2875 1125 2926 1171 et
2967 1116 3132 1173 Deum
3164 1131 3216 1174 et

1701 1210 2000 1273 Dominum,
2021 1219 2073 1263 et
2101 1211 2223 1264 item
2249 1212 2492 1280 angelum
2522 1225 2660 1274 esse,
2693 1221 2745 1265 et
2782 1211 3012 1278 primum
3053 1211 3217 1278 impe-

1701 1310 1929 1356 ratorem
1959 1302 2231 1370 copiarum
2268 1300 2506 1362 Domini,
2539 1308 2693 1353 antea
2728 1299 3030 1352 didicimus.
3086 1299 3218 1351 Cum

1700 1405 1826 1458 ergo
1876 1405 2106 1458 presens
2162 1391 2436 1443 oraculum
2495 1397 2636 1444 esset
2682 1389 2826 1441 illius
2867 1388 2930 1440 ad
2983 1387 3221 1439 homines

1703 1479 2186 1546 commigrationem
2221 1478 2596 1546 praedicturum
2617 1516 2633 1539 ,
2682 1476 2919 1529 divinum
2950 1483 3104 1528 antea
3160 1475 3226 1528 il-

1704 1567 1808 1622 lius
1832 1583 2048 1637 regnum
2077 1571 2486 1638 contemplatur,
2519 1569 2604 1620 ubi
2640 1569 2712 1620 ait
2741 1582 2799 1621 se
2835 1567 3034 1621 vidisse
3075 1566 3220 1619 illum

1706 1657 1974 1710 sedentem
2003 1657 2056 1710 in
2096 1658 2230 1710 solio
2263 1657 2490 1716 excelso,
2521 1664 2572 1709 et
2602 1656 2833 1708 sublimi.
2890 1653 3000 1708 Hoc
3047 1663 3222 1708 autem

1706 1747 1848 1801 illius
1874 1747 2064 1800 solium
2101 1747 2228 1800 illud
2255 1762 2372 1800 esse
2395 1746 2802 1800 existimandum
2847 1754 2948 1810 est,
2979 1747 3118 1814 quod
3173 1745 3225 1798 in

110 1839 260 1906 Πατήρ
284 1854 336 1888 τε
374 1839 532 1890 αὑτοῦ
563 1839 640 1900 ὡς
680 1840 756 1892 ἂν
791 1843 1062 1908 μονογενεῖ
1091 1840 1181 1891 καὶ
1213 1839 1472 1908 ἀγαπητῷ
1508 1856 1606 1892 κα-

1714 1833 1913 1889 Psalmo
1961 1837 2028 1890 de
2069 1837 2262 1890 dilecto
2313 1843 2585 1889 ostensum
2626 1845 2726 1895 est.
2761 1835 2812 1887 in
2861 1835 2966 1887 illis
3009 1837 3221 1889 verbis:

111 1925 311 1987 θέζεσθαι
351 1926 768 1994 παρεκελεύετο,
815 1926 1014 1992 λέγων’
1056 1945 1074 1975 ι
1111 1924 1283 1978 Κάθου
1325 1929 1386 1978 ὲκ
1428 1925 1608 1990 δεξιῶν

115 2030 208 2080 μου,
232 2013 322 2074 ἕως
341 2013 402 2064 ἂν
429 2012 506 2063 θῶ
541 2015 667 2075 τοὺς
699 2013 928 2084 ἐχθρούς
956 2030 1044 2066 σου
1076 2014 1353 2066 ὑποπόδιον
1379 2013 1482 2066 τῶν
1513 2030 1607 2064 που

114 2101 192 2152 δῶν
213 2118 308 2153 σου.
345 2120 362 2153 ι
390 2103 674 2170 Συνίστησι
730 2103 789 2154 δὲ
821 2104 1016 2170 ταύτην
1055 2103 1204 2171 ἡμῶν
1243 2103 1339 2171 τὴν
1384 2104 1460 2164 εἰς
1491 2103 1610 2163 τοὺς

115 2192 268 2252 τόπους
290 2193 570 2260 ἑρμηνείαν
615 2192 872 2259 Ἰωάννης
904 2194 930 2241 ὁ
965 2191 1370 2260 Εὐαγγελιστὴς,
1401 2192 1477 2254 ὃς,
1511 2209 1610 2244 πα-

119 2277 358 2346 ραθέμενος
401 2278 497 2340 τὰς
542 2279 913 2348 προκειμένας
947 2279 1037 2332 τοῦ
1083 2281 1296 2332 Ἡσαΐου
1326 2283 1520 2348 φωνὰς,
1557 2285 1612 2334 ἐν

118 2359 183 2425 αἶς
208 2367 384 2434 εἴρητο·
416 2386 434 2417 ι
478 2368 795 2437 Ἐπαχύνθη
819 2369 924 2438 γὰρ
955 2372 987 2436 ἡ
1015 2369 1204 2435 καρδία
1229 2369 1319 2422 τοῦ
1345 2370 1470 2422 λαοῦ
1495 2372 1612 2423 τού-

119 2471 207 2516 του,
237 2457 317 2508 καὶ
350 2458 454 2519 τοῖς
484 2457 618 2508 ὠσὶν
647 2458 830 2510 αὐτῶν
865 2457 1071 2528 βαρέως
1099 2460 1348 2526 ἥκουσαν,
1377 2461 1466 2512 καὶ
1495 2462 1612 2522 τοὺς

121 2544 372 2614 ὀφθαλμοὺς
403 2546 579 2599 αὐτῶν
623 2547 974 2616 ἐκάμμυσαν,
1015 2567 1032 2597 ›
1067 2549 1311 2618 ἐπιφέρει
1357 2551 1479 2619 περὶ
1522 2549 1611 2600 τοῦ
1647 2533 1655 2542 θ

125 2633 310 2690 γριστοῦ
334 2636 516 2702 λέγων·
549 2657 565 2687 ι
605 2637 794 2689 Ταῦτα
824 2635 972 2688 εἶπεν
1011 2639 1248 2701 Ἡσαΐας,
1275 2640 1359 2690 ὅτε
1389 2635 1494 2691 εἶδε
1520 2641 1614 2705 τὴν

122 2720 242 2786 δόξαν
264 2727 430 2788 αὑτοῦ,
465 2731 557 2780 καὶ
586 2731 937 2800 ἐμαρτύρησε
975 2732 1097 2799 περὶ
1119 2731 1294 2782 αὑτοῦ.
1327 2752 1344 2782 ι
1394 2732 1532 2784 Ἰδὼν
1552 2734 1614 2802 δὴ

129 2807 197 2861 οὖν
225 2815 249 2864 ὁ
287 2827 554 2886 προφήτης
597 2820 698 2886 τὴν
747 2819 835 2869 ἐπὶ
877 2819 967 2870 τοῦ
1015 2821 1270 2888 πατρικοῦ
1310 2821 1492 2890 θρόνου
1522 2823 1616 2891 τῆς

128 2900 267 2954 ἐνθέου
296 2905 438 2974 δόξης
467 2923 525 2958 τε
567 2909 661 2958 καὶ
701 2906 974 2974 βασιλείας
1020 2909 1217 2978 ἵδρυσιν
1250 2910 1339 2962 τοῦ
1375 2912 1615 2982 Σωτῆρος

130 2988 264 3056 ἡμῶν,
286 2993 354 3062 τῷ
377 3011 431 3045 τε
458 2996 596 3064 ἁγίῳ
622 2995 940 3058 ἐπιθειάσας
972 2997 1260 3066 Πνεύματι,
1295 3001 1383 3050 καὶ
1417 2999 1616 3067 μέλλων

131 3083 224 3150 ἑξῆς
252 3086 336 3154 τὴν
380 3088 458 3149 εἰς
511 3087 834 3157 ἀνθρώπους
889 3088 1048 3140 αὐτοῦ
1092 3089 1346 3158 πάροδον,
1399 3092 1490 3142 καὶ
1522 3091 1616 3161 τὴν

131 3169 177 3220 ὲκ
208 3170 451 3240 Παρθένου
493 3177 751 3244 γέννησιν
795 3176 1138 3246 ὑπογράφειν,
1186 3179 1614 3249 προμαρτύρεται

130 3259 203 3326 τὴν
224 3262 290 3321 εἰς
318 3263 485 3314 πᾶσαν
517 3264 615 3333 τὴν
641 3264 749 3331 γῆν
789 3263 1078 3332 μέλλουσαν
1102 3265 1309 3317 ἔσεσθαι
1341 3267 1533 3332 γνῶσίν
1558 3285 1616 3318 τε

132 3349 202 3398 καὶ
215 3348 506 3417 δοξολογίαν,
526 3352 598 3404 τά
627 3369 689 3403 σε
699 3353 871 3421 ραφὶμ
898 3353 1125 3420 εἰσάγων
1145 3354 1434 3407 κυκλοῦντα
1457 3357 1616 3418 αὐτὸν

131 3438 201 3487 καὶ
226 3439 504 3504 φάσκονταο
537 3459 555 3492 ι
585 3443 806 3506 ”Λγιος,
842 3442 1024 3508 ἅγιος,
1057 3443 1206 3508 ἅγιος
1226 3485 1240 3506 ,
1276 3443 1472 3513 Κύριος
1520 3445 1620 3495 Σαο

133 3523 261 3589 ὅσιὼθ,
296 3529 494 3600 πλήρης
541 3534 695 3584 πᾶσα
729 3534 762 3600 ἡ
811 3532 880 3600 γῆ
913 3532 1008 3600 τῆς
1042 3533 1193 3600 δόξης
1235 3534 1412 3586 αὐτοῦ.
1439 3553 1455 3583 ι
1493 3535 1620 3586 Τίνα

131 3612 166 3664 δ’
189 3615 241 3668 ἂν
261 3619 335 3689 εἴη
361 3620 425 3673 τά
457 3623 722 3690 σεραφὶμ,
744 3620 814 3672 τὰ
831 3622 920 3672 τὸν
948 3622 1174 3690 Χριστὸν
1205 3623 1296 3673 τοῦ
1319 3623 1448 3674 Θεοῦ
1471 3623 1621 3692 δορυ-

136 3706 365 3773 φοροῦντα,
398 3709 430 3778 ἢ
463 3711 603 3780 τάχα
637 3709 768 3772 ἴσως
789 3710 1027 3778 ἀγγέλων
1053 3711 1146 3761 καὶ
1174 3711 1328 3763 θείων
1349 3711 1620 3780 δυνάμεων

132 3795 263 3861 χοροὶ,
287 3796 316 3866 ἢ
339 3799 428 3850 καὶ
455 3798 752 3868 προφητῶν
776 3799 868 3850 καὶ
909 3797 1247 3860 άποστόλων;
1275 3799 1620 3869 ἑρμηνεύεται

133 3881 214 3949 γάρ
239 3886 298 3937 τὰ
337 3889 570 3956 σεραφὶμ
601 3885 762 3955 ἀρχὴ
795 3888 1086 3955 στόματος
1132 3886 1340 3939 αὐτῶν.
1388 3887 1621 3940 Τοιοῦτοι

131 3971 174 4021 δὲ
195 3974 232 4024 οἰ
260 3977 517 4047 προφῆται
545 3977 643 4029 καὶ
682 3977 977 4039 ἀπόστολοι,
1005 3973 1080 4028 ὧν
1121 3975 1206 4029 διὰ
1249 3976 1340 4030 τοῦ
1369 3977 1622 4046 στόματος

133 4061 158 4126 ὴ
196 4065 388 4136 ἀπαρχὴ
429 4067 622 4133 γέγονε
665 4064 760 4117 τοῦ
807 4067 1068 4135 σωτηρίου
1122 4064 1500 4136 κηρύγματος·
1543 4066 1625 4120 διὸ

132 4151 294 4222 ταύτης
317 4155 498 4224 ἔτυχον
529 4155 629 4224 τῆς
677 4155 1071 4224 προσηγορίας,
1106 4147 1176 4206 ῶν
1210 4154 1299 4206 καὶ
1335 4155 1426 4206 τοῦ
1471 4155 1622 4222 ἁγίου

135 4237 395 4309 Πνεῦματος
423 4247 477 4295 αἰ
507 4243 785 4311 δυνάμεις,
824 4243 1084 4312 πτέρυγες
1120 4243 1486 4312 ὠνομασμέναι
1505 4281 1520 4305 ,
1557 4243 1623 4297 τά

134 4328 211 4392 μὲν
237 4331 406 4398 πρῶτα
428 4333 522 4385 καὶ
552 4331 622 4384 τά
651 4331 849 4384 ὕστατα
874 4332 969 4400 τῆς
1001 4331 1091 4383 τοῦ
1115 4331 1245 4383 Θεοῦ
1284 4333 1450 4400 Λόγου
1485 4332 1621 4400 γνὼ-

135 4429 240 4477 σεως
280 4420 694 4490 ἐπικρύπτουσιν
717 4458 731 4480 ,
775 4420 850 4482 ὡς
890 4421 1097 4489 ἄρρητα
1135 4421 1224 4472 καὶ
1277 4421 1622 4488 ἀκατάληπτα

133 4502 233 4557 ὄντα
256 4509 342 4577 τὴν
371 4510 551 4576 φύσιν,
585 4509 652 4560 τὰ
677 4509 734 4560 δὲ
763 4508 900 4577 μέσα
927 4508 1024 4576 τῆς
1058 4508 1182 4577 περὶ
1228 4509 1386 4562 αὑτοῦ
1425 4512 1623 4562 οἰκονο-

136 4595 234 4660 μίας
256 4599 610 4666 ὲκφαίνουσιν,
632 4600 710 4651 ὅτι
743 4599 804 4668 δὴ
833 4599 965 4668 μόνα
986 4598 1195 4665 γνωστά
1229 4598 1392 4650 ταῦτα
1425 4598 1626 4666 ἀνθρὼ-

136 4688 408 4753 πωνφύσει,
434 4690 542 4742 τῶν
586 4689 836 4741 ἐπέκεινα
890 4688 982 4739 καὶ
1037 4687 1140 4738 τῶν
1181 4687 1312 4756 μετά
1357 4688 1524 4741 ταῦτα
1572 4691 1626 4739 ἐν

135 4774 417 4843 ἀπορρήτοις
449 4775 837 4844 σεσιγημένων.
864 4775 971 4824 Καὶ
1005 4773 1252 4842 δυνάμεις
1289 4774 1343 4825 δὲ
1370 4775 1503 4827 θεῖαι
1538 4776 1628 4828 καὶ

137 4861 332 4929 οὐράνιοι
369 4861 473 4917 εἷεν
503 4867 590 4926 ἂν,
624 4866 708 4917 διὰ
743 4865 803 4916 τὸ
847 4863 1079 4932 σεραφὶμ
1116 4861 1494 4931 ἑρμηνεύεσθαι
1533 4862 1629 4929 ἐμ-

141 4955 393 5020 πρησμοί·
427 4955 508 5008 διὸ
545 4954 785 5024 εἴρηται·
830 4973 849 5004 ι
897 4955 952 5006 '0
999 4952 1160 5004 ποιῶν
1207 4953 1328 5012 τοὺς
1377 4952 1628 5018 ἀγγέλους

141 5040 270 5093 αὑτοῦ
293 5045 598 5114 πνεύματα,
631 5046 721 5097 καὶ
751 5026 876 5106 τοὺς
912 5043 1244 5111 λειτουργοὺς
1276 5041 1434 5092 αὑτοῦ
1465 5043 1629 5110 πυρὸς

147 5126 299 5194 φλόγα.
329 5150 346 5181 ι
372 5132 681 5202 Κεκράγασι
706 5131 762 5182 δὲ
800 5127 941 5182 οὗτοι
987 5130 1075 5180 καί⁸
1107 5127 1294 5196 βοῶσιν
1334 5127 1510 5193 ἕτερος
1556 5126 1629 5196 τῷ

148 5215 284 5284 ἑτέρῳ
307 5221 436 5273 κατά
462 5221 560 5289 τὴν
601 5221 800 5273 οἰκείαν
832 5217 1074 5286 δύναμιν,
1106 5218 1202 5285 τὴν
1248 5214 1499 5282 ἁγιότητα
1539 5217 1628 5268 τοῦ

152 5299 512 5376 θεολογουμένου
536 5308 920 5379 παριστῶντες,
948 5308 1039 5356 καὶ
1064 5305 1124 5356 τό
1137 5320 1198 5371 γε
1225 5302 1437 5354 πάντων
1461 5319 1629 5372 παρα-

152 5388 411 5457 ἃθξότιιτον,
454 5396 838 5463 θεολογοῦντες.
883 5396 1001 5446 Ὅτι
1048 5394 1118 5462 μὴ
1160 5393 1316 5460 μόνος
1346 5391 1434 5442 καὶ
1471 5391 1536 5444 τά
1574 5394 1630 5444 ἐν

157 5477 326 5550 οὺρανῷ
345 5485 512 5536 πάντα
536 5483 712 5552 πλήρη
737 5482 983 5549 τυγχάνει
1008 5479 1102 5547 τῆς
1125 5477 1420 5543 δοξολογίας
1447 5479 1626 5544 αὑτοῦ,

1710 1940 1728 1971 ι
1767 1921 1928 1978 Sedes
1957 1933 2068 1987 tua,
2109 1923 2265 1988 Deus,
2306 1924 2360 1977 in
2410 1925 2659 1978 saeculum
2716 1924 2892 1977 saeculi
2917 1923 2981 1985 “,
3015 1943 3034 1974 ο
3067 1939 3227 1992 super

1703 2027 1860 2078 quam
1886 2028 2164 2080 supremus
2185 2022 2237 2067 et
2259 2013 2490 2067 universi
2523 2014 2765 2066 conditor
2797 2015 2953 2074 Deus.
2977 2021 3030 2067 et
3054 2013 3224 2080 ipsius

1707 2100 1888 2164 Pater,
1924 2103 2095 2170 ipsum
2127 2112 2375 2171 tanquam
2419 2104 2633 2156 unicum
2665 2119 2727 2156 ac
2758 2104 3010 2157 dilectum
3040 2103 3224 2157 sedere

1702 2191 1946 2257 jubebat,
1969 2191 2188 2245 dicens:
2225 2210 2242 2241 ι
2277 2191 2410 2244 Sede
2452 2207 2480 2244 a
2513 2193 2714 2245 dextris
2743 2194 2902 2256 meis,
2937 2194 3106 2246 donec
3133 2207 3230 2260 po-

1708 2293 1829 2332 nam
1862 2280 2106 2333 inimicos
2149 2288 2270 2334 tuos
2324 2282 2606 2335 scabellum
2643 2282 2829 2349 pedum
2866 2289 3075 2334 tuorum
3102 2282 3166 2337 ³⁷.
3205 2301 3224 2333 ι

1709 2366 1996 2421 Conﬁrmat
2023 2384 2148 2422 vero
2176 2370 2313 2422 hanc
2347 2378 2582 2423 nostram
2615 2371 2664 2422 in
2689 2370 2786 2424 hos
2808 2372 2950 2423 locos
2979 2372 3230 2439 interpre-

1712 2458 1982 2518 tationem,
2005 2456 2236 2512 Joannes
2268 2460 2609 2528 evangelista,
2650 2460 2738 2526 qui
2775 2469 3053 2528 postquam
3097 2461 3230 2513 cita-

1714 2543 1784 2594 vit
1816 2545 2051 2609 proxime
2081 2545 2348 2613 expositas
2378 2545 2527 2599 Isaia:
2560 2561 2716 2600 voces
2739 2587 2754 2610 ,
2812 2549 2862 2598 in
2907 2548 3101 2615 quibus
3148 2546 3230 2600 di-

1711 2641 1854 2684 ctum
1881 2643 2000 2687 est:
2055 2652 2072 2682 ι
2111 2633 2364 2688 Crassum
2404 2637 2544 2688 enim
2588 2637 2782 2689 factum
2823 2646 2903 2690 est
2931 2652 3024 2690 cor
3053 2638 3230 2705 populi

1712 2721 1889 2788 hujus,
1923 2730 1976 2775 et
2011 2725 2227 2778 auribus
2251 2725 2362 2777 suis
2385 2725 2612 2793 graviter
2639 2727 2942 2790 audierunt,
2969 2736 3021 2780 et
3047 2728 3232 2779 oculos

1713 2826 1840 2864 suos
1887 2814 2211 2875 clauserunt,
2251 2834 2268 2864 ι
2305 2815 2543 2884 adjungit
2591 2816 2656 2869 de
2691 2817 2920 2880 Christo,
2956 2823 3007 2870 et
3055 2814 3230 2868 dicit:

1719 2918 1737 2948 ι
1772 2897 1888 2952 Haec
1917 2901 2046 2954 dicit
2101 2901 2280 2972 Isaias,
2309 2905 2520 2971 quando
2565 2904 2692 2956 vidit
2737 2906 2959 2972 gloriam
2989 2905 3106 2971 ejus
3131 2943 3145 2966 ,
3179 2913 3232 2957 et

1715 2989 2028 3043 testiﬁcatus
2051 2999 2132 3044 est
2191 2990 2255 3043 de
2302 3008 2366 3043 eo
2395 2992 2457 3046 ³⁸.
2493 3010 2514 3041 ι
2544 2993 2672 3045 Cum
2704 3008 2831 3061 ergo
2858 2994 3078 3047 vidisset
3103 3008 3230 3061 pro-

1713 3079 1870 3148 pheta
1912 3078 2204 3133 Salvatoris
2236 3083 2400 3134 nostri
2451 3097 2607 3150 super
2656 3090 2872 3149 paterna
2901 3084 3094 3136 divina:
3123 3097 3231 3135 ma-

1710 3170 1921 3238 jestatis
1950 3184 2012 3223 ac
2040 3171 2186 3239 regni
2217 3171 2342 3225 sede
2371 3171 2794 3237 collocationem,
2815 3173 3100 3241 diviuoque
3123 3175 3234 3242 ipse

1713 3269 1856 3315 esset
1889 3259 2088 3328 Spiritu
2141 3261 2426 3315 instinctus
2448 3301 2464 3326 ,
2519 3269 2764 3328 essetque
2800 3261 3052 3330 deinceps
3091 3263 3236 3330 ejus-

1715 3351 1833 3406 dem
1863 3357 1926 3404 au
1969 3351 2209 3406 homines
2241 3366 2514 3406 accessum
2534 3392 2548 3415 ,
2601 3359 2881 3419 ortumque
2909 3351 2972 3404 de
3024 3352 3238 3421 Virgine

1715 3439 2100 3507 descripturus,
2135 3441 2282 3509 prius
2313 3440 2626 3494 testiﬁcatur
2655 3454 2795 3504 eam,
2826 3441 2980 3509 311
3015 3457 3133 3508 qua:
3181 3443 3234 3493 in

1717 3545 1926 3583 omnem
1989 3537 2185 3582 terram
2219 3537 2533 3597 perventura
2590 3537 2722 3592 erat,
2783 3531 3238 3598 eognitionem,ct

1717 3621 1897 3688 gloriae
1927 3620 2371 3688 praedicationem,
2397 3622 2510 3688 ipsa
2539 3619 2801 3688 seraphim
2828 3619 3104 3683 inducens,
3123 3636 3240 3688 qua:

1717 3711 1916 3764 circum
1942 3709 2088 3761 illum
2115 3716 2335 3773 starent,
2363 3723 2425 3762 ac
2464 3709 2740 3763 dicerent:
2781 3727 2800 3758 ι
2841 3706 3092 3770 Sanetus,
3113 3724 3236 3762 san-

1717 3809 1856 3864 ctus,
1883 3809 2122 3861 sanctus,
2152 3797 2406 3853 Dominus
2444 3797 2697 3860 Sabaoth,
2731 3797 2884 3866 plena
2930 3807 3014 3853 est
3062 3799 3240 3852 omnis

1717 3896 1860 3943 terra
1891 3889 2055 3958 gloria
2080 3889 2215 3957 ejus.
2255 3908 2272 3940 ι
2308 3887 2410 3942 Sed
2448 3903 2689 3957 qurenam
2717 3888 3070 3942 existimanda
3116 3897 3242 3942 sunt

1721 3979 1832 4033 haac
1859 3979 2145 4046 seraphim,
2171 3978 2442 4032 Christum
2474 3977 2566 4032 Dei
2587 3977 2879 4046 stipantia?
2907 3975 3040 4030 Num
3078 3978 3241 4030 l'orsi-

1719 4075 1809 4121 tan
1837 4069 2142 4136 angelorum
2172 4081 2233 4120 ac
2263 4066 2560 4119 divinarum
2599 4073 2920 4131 potestatum
2949 4066 3099 4118 chori
3125 4105 3142 4128 ,
3174 4081 3243 4120 an

1719 4170 1845 4210 vero
1871 4156 2244 4224 prophetarum
2283 4165 2439 4224 atque
2482 4155 2880 4223 apostolorum?
2923 4168 3044 4208 nam
3092 4168 3246 4207 sera-

1723 4245 1863 4313 phim
1896 4246 1939 4299 si
1979 4246 2371 4313 interpreteris,
2410 4247 2609 4298 initium
2645 4247 2749 4299 oris
2781 4247 3007 4313 ipsorum
3036 4244 3242 4298 audias.

1723 4333 1877 4386 Tales
1910 4348 2035 4387 vero
2065 4342 2117 4386 et
2150 4334 2415 4400 prophetae
2445 4342 2498 4387 et
2532 4334 2779 4403 apostoli,
2805 4347 2898 4400 per
2917 4345 3139 4398 quorum
3158 4345 3243 4396 os,

1656 4451 1695 4502 υ
1725 4421 1891 4474 instar
1916 4421 2286 4488 primitiarum,
2328 4421 2537 4474 initium
2567 4421 2816 4475 salutaris
2852 4419 3244 4488 praedicationis

1730 4509 1924 4559 tactum
1947 4517 2049 4569 est,
2071 4523 2135 4562 ex
2161 4522 2266 4576 quo
2295 4509 2698 4576 appellationem
2731 4509 2867 4560 hanc
2897 4507 3070 4559 sortiti
3099 4515 3243 4567 sunt,

1729 4595 1866 4646 sicut
1906 4594 2064 4646 etiam
2098 4597 2264 4648 sancti
2289 4594 2516 4663 Spiritus
2558 4603 2868 4664 potestates,
2890 4609 3008 4662 quae
3033 4594 3127 4646 ala:
3151 4607 3247 4644 no-

1730 4683 1941 4735 minatae
1991 4691 2141 4743 sunt,
2177 4684 2375 4750 primas
2405 4686 2613 4752 quidem
2664 4693 2823 4751 atque
2869 4693 3132 4735 extremas
3183 4681 3248 4734 de

1731 4770 1836 4824 Deo
1864 4769 2038 4824 Verbo
2085 4773 2282 4826 notitia:
2309 4781 2486 4840 partes
2523 4773 2812 4833 occultant,
2850 4781 3103 4840 tanquam
3154 4785 3245 4823 eas

1729 4875 1846 4928 quae
1871 4865 2058 4925 suapte
2096 4866 2282 4911 natura
2328 4875 2497 4928 neque
2525 4859 2629 4911 dici
2677 4875 2848 4926 neque
2877 4857 3250 4925 comprehendi

1730 4949 1968 5015 possint;
2018 4960 2135 5012 qua:
2185 4961 2308 4999 vero
2356 4948 2522 5016 ipsius
2574 4945 2640 4998 de
2694 4945 2785 4998 illo
2833 4944 3250 5012 dispensationis

1732 5034 1914 5088 media:
1951 5041 2094 5098 sunt,
2121 5049 2212 5087 eas
2244 5036 2528 5089 ostendunt
2555 5073 2570 5097 ,
2626 5041 2906 5100 propterea
2960 5033 3105 5101 quod
3138 5033 3251 5086 sola

1731 5125 1841 5178 hzec
1868 5134 2068 5177 naturae
2095 5125 2365 5177 hominum
2415 5124 2815 5193 eognoscibilia,
2853 5140 2972 5178 cum
3023 5138 3084 5178 ea
3137 5139 3252 5190 qua»

1733 5229 1890 5284 supra
1919 5213 2028 5267 haec
2052 5221 2103 5266 et
2135 5221 2254 5282 post
2277 5213 2386 5266 haec
2416 5214 2617 5280 reliqua
2655 5220 2802 5277 sunt,
2831 5212 2886 5264 in
2917 5209 3128 5263 arcanis
3157 5210 3253 5261 ha-

1734 5307 1838 5359 bita
1873 5305 2147 5358 sileantur.
2180 5303 2437 5358 Praeterea
2464 5304 2656 5357 divinae
2699 5317 2766 5355 ac
2809 5302 3056 5356 cmlestes
3115 5307 3256 5366 pote-

1733 5403 1918 5458 states,
1948 5402 2197 5464 poterunt
2242 5393 2367 5446 item
2414 5392 2674 5449 vocabulo
2715 5393 2980 5460 seraphim
3005 5388 3254 5455 intelligi,

1732 5489 1994 5550 quatenus
2022 5479 2123 5532 alia
2149 5479 2377 5547 quadam
2409 5481 2615 5534 ratione
2634 5516 2649 5542 ,
2684 5479 2952 5547 seraphim
2981 5491 3044 5530 ex
3091 5476 3255 5526 inter-

215 5648 248 5678 ³³
273 5650 357 5705 lsa.
391 5669 459 5716 τι,
492 5652 643 5705 8-H.
723 5650 765 5681 ⁸⁸
794 5649 931 5702 Psal.
967 5664 1105 5709 xuv,
1136 5649 1187 5702 7.
1264 5648 1306 5679 "
1334 5645 1466 5702 Psal.
1495 5664 1599 5715 εει,
1630 5651 1682 5716 l,
1704 5651 1757 5707 2.
1831 5654 1873 5685 ³⁸
1909 5652 2058 5706 Joan.
2090 5667 2188 5717 xu,
2219 5637 2408 5720 40,“,

471 5747 741 5804 ΡΑτιιοι..
779 5741 890 5800 Gn.
938 5741 1135 5804 XXII.

2843 5748 2912 5805 16
