3738 6288
861 319 965 373 -48Ἰ

1519 312 1783 367 EUSEBll
1819 310 2289 371 CESARIENSlS
2326 311 2475 368 OPP.
2511 313 2707 370 PARS.
2750 315 2814 370 ll.
2851 347 2919 358 —
2957 309 3368 371 APOLOGETU

876 443 989 498 haec
1005 439 1231 493 maxima
1261 435 1409 505 signa
1444 434 1586 489 illius
1636 434 1896 488 adventus
1922 432 2098 486 futura
2126 449 2137 481 :
2164 437 2345 498 gentiu

1882 450 1896 487 ς
1922 432 2098 486 futura
2126 449 2137 481 :
2164 437 2402 498 gentium
2435 440 2477 495 Λ
2510 452 2600 504 ρια
2626 436 2721 505 τῆς
2744 435 2904 488 αὑτοῦ
2921 432 3229 505 παρουσίας
3264 430 3358 482 Eas

876 549 970 602 per
996 538 1164 581 totum
1200 526 1380 578 orbem
1428 525 1490 577 ad
1518 524 1877 591 accipiendam
1918 538 2098 574 veram
2126 521 2216 575 Dei
2258 524 2401 577 noti-

875 624 1024 679 tiam,
1066 614 1418 673 vocationem,
1452 621 1505 665 et
1528 610 1761 663 Judait‘te
1793 610 1965 678 gentis
1990 617 2204 678 propter
2235 610 2405 662 inere-

875 707 1149 760 dulitatem
1178 701 1228 752 in
1262 700 1431 758 illum,
1460 698 1669 750 ruinam
1699 712 1760 750 ac
1794 698 2159 755 solitudinem.
2191 713 2254 750 ex
2281 684 2405 765 pro-

875 790 1348 875 pheticisvoeibus
1372 787 1738 851 didicerimus,
1778 787 2084 856 ibidemque
2111 787 2406 854 inspexeri-

873 896 1014 942 mus,
1069 877 1228 948 309
1273 891 1429 944 quem
1479 876 1689 928 tandem
1749 877 1952 928 exitum
2014 875 2314 928 invenerint
2346 890 2406 926 ea

873 984 992 1040 quae
1013 969 1260 1036 praedicta
1293 968 1530 1020 fuerant.
1556 966 1669 1033 ipse
1697 963 1950 1033 deinceps
1980 963 2186 1025 ordine,
2221 963 2274 1016 in
2307 963 2407 1017 hoc

874 1058 1100 1127 septimo
1124 1055 1439 1124 Evangelicw
1478 1052 1947 1106 Demonstrationis
1981 1053 2267 1117 volumine,
2294 1068 2407 1105 mu-

875 1149 1001 1202 dum
1033 1148 1378 1215 contentplari
1430 1147 1765 1209 conabimur,
1816 1144 2110 1199 secundum
2155 1160 2312 1212 quem
2337 1144 2409 1195 ait

875 1253 934 1293 se
949 1238 1016 1292 ad
1037 1238 1279 1292 homines
1298 1239 1695 1307 commigrasse.
1741 1236 1856 1291 Jam
1889 1235 2012 1290 inde
2040 1236 2202 1305 igitur
2230 1236 2410 1288 videa-

874 1341 1017 1387 mus,
1058 1327 1303 1396 quisnam
1337 1327 1525 1381 modus
1570 1326 1660 1379 Dei
1694 1328 1759 1379 ad
1801 1327 2046 1380 homines
2075 1325 2409 1395 ntigrationis

875 1428 1156 1472 caneretur
1179 1418 1412 1482 futurus,
1434 1428 1485 1470 et
1515 1418 1726 1471 ubinam
1752 1419 1988 1486 gentium
2015 1418 2252 1470 oriturus
2275 1431 2410 1485 pra:-

876 1505 1162 1566 diceretur,
1199 1513 1251 1558 et
1279 1503 1347 1558 de
1369 1521 1475 1573 quo
1498 1520 1691 1573 genere
1732 1504 2072 1573 profecturus
2097 1514 2407 1557 sanctorum

877 1592 1150 1650 hominum
1179 1595 1399 1651 vocibus
1431 1594 1674 1648 ferretur.

1491 1804 1712 1872 CAPUT
1750 1805 1789 1859 1.

879 1921 956 1975 Ab
990 1919 1154 1974 Isaia.
1201 1947 1269 1957 —-
1302 1918 1553 1984 Quisnam
1588 1919 1769 1971 modus
1817 1932 2050 1970 accessus
2080 1913 2288 1967 Domini
2342 1918 2409 1967 ad

1515 1987 1760 2039 homines.

949 2077 1228 2133 Prmdictio
1278 2075 1583 2130 Judzeorum
1637 2074 2021 2128 incredulitatis
2068 2088 2193 2142 erga
2258 2074 2411 2159 Chri-

880 2176 1045 2235 stum,
1073 2176 1126 2223 et
1157 2168 1369 2235 signum
1410 2166 1488 2220 eis
1535 2180 1564 2217 a
1598 2164 1819 2218 Domino
1847 2163 2048 2216 datum.
2081 2163 2201 2216 Fuit
2233 2174 2409 2217 autem

880 2259 1011 2315 ξιιυά
1037 2277 1051 2313 :
1082 2258 1243 2328 Virgo
1268 2271 1526 2325 generans
1553 2254 1715 2309 Deum
1739 2272 1754 2320 ;
1796 2255 1897 2308 sub
1926 2254 2080 2320 cuju's
2108 2255 2411 2323 generatio-

881 2367 951 2406 ne
978 2349 1294 2404 universalis
1310 2347 1612 2401 Judazorum
1639 2344 1871 2398 nationis
1899 2346 2142 2413 purgatio
2176 2345 2407 2398 caneba-

882 2447 1087 2506 tur;et
1110 2438 1249 2492 sicut
1291 2435 1494 2491 externi
1548 2442 1602 2488 et
1648 2435 1832 2489 hostes
1881 2434 2148 2501 regionem
2196 2434 2406 2486 illorum

880 2530 1242 2598 occupabunt,
1276 2533 1329 2579 et
1358 2523 1805 2593 quemadmodum
1841 2536 1958 2590 quae
1985 2529 2110 2575 ante
2140 2520 2407 2574 desertum

881 2621 1014 2681 fuit,
1064 2617 1439 2687 agriculturam
1510 2614 1694 2667 sortita
1739 2612 1993 2672 divinam,
2025 2611 2249 2663 fecunda
2281 2610 2399 2663 erit.

881 2707 1118 2760 Ecclesia
1143 2720 1207 2759 ex
1236 2703 1481 2773 gentibus
1508 2702 1728 2754 collecta
1766 2700 1909 2752 hunc
1954 2698 2265 2751 ostendente
2294 2711 2407 2748 mo-

880 2795 1008 2848 dum
1044 2792 1486 2861 quemadmodum
1526 2788 1738 2843 divinus
1772 2787 2095 2855 evangelista
2138 2784 2403 2849 Joannes,

880 2884 1002 2952 plus
1029 2896 1188 2952 quam
1224 2881 1453 2934 humana
1491 2893 1619 2932 voce
1659 2878 1723 2931 de
1772 2877 2044 2931 Salvatore
2084 2891 2146 2929 ac
2185 2876 2407 2930 Domino

881 2982 1101 3036 nostro,
1136 2972 1202 3025 de
1229 2973 1366 3038 ipso,
1395 2970 1633 3036 inquam,
1664 2966 1756 3021 Dei
1789 2965 1961 3020 Verbo
2002 2966 2295 3029 disserens,
2320 2980 2406 3020 sa-

880 3075 1134 3130 cramque
1178 3060 1321 3113 illius
1358 3055 1687 3125 Scripturam
1732 3055 2199 3122 narrationemque
2229 3069 2408 3123 aggre-
2434 3056 2474 3112 C

881 3153 1033 3207 diens
1056 3190 1071 3214 ,
1101 3165 1206 3204 una
1236 3164 1356 3203 cum
1388 3149 1502 3216 ipsa
1535 3145 1600 3200 de
1630 3145 1718 3197 illa
1751 3144 2015 3212 theologia
2059 3143 2296 3211 ejusdem
2340 3141 2407 3194 ad

880 3241 1124 3297 homines
1149 3253 1447 3298 accessum,
1468 3251 1561 3305 per
1589 3241 1920 3302 assumptum
1945 3248 2142 3301 corpus
2169 3235 2405 3300 exponit,

881 3334 962 3388 sic
985 3332 1170 3386 dicens
1195 3350 1207 3385 :
1242 3348 1261 3380 ‹
1298 3330 1359 3383 In
1390 3326 1651 3397 principio
1678 3333 1792 3380 erat
1814 3323 2066 3386 Verbum,
2091 3334 2143 3377 et
2176 3320 2407 3376 Verbum

879 3430 995 3477 erat
1018 3420 1159 3491 apud
1186 3419 1381 3482 Deum,
1431 3425 1484 3472 et
1518 3415 1655 3470 Deus
1712 3424 1826 3470 erat
1862 3413 2092 3468 Verbum
2147 3414 2210 3464 ³³.
2254 3431 2271 3463 ι
2298 3412 2410 3466 Hoc

881 3518 997 3565 erat
1025 3510 1078 3563 in
1100 3507 1360 3579 principio
1384 3505 1524 3575 apud
1551 3504 1714 3559 Deum
1735 3544 1748 3567 ,
1800 3503 1976 3557 omnia
2006 3518 2099 3571 per
2127 3503 2300 3571 ipsum
2332 3501 2411 3554 [ςι-

880 3612 967 3655 cta
983 3606 1108 3655 sunt
1145 3616 1160 3654 :
1211 3606 1369 3664 atque
1391 3596 1475 3649 his
1503 3595 1752 3661 deinceps
1785 3592 2116 3661 adiungens:
2155 3609 2173 3640 ‹
2197 3591 2256 3642 Et
2282 3590 2413 3646 Ver-

883 3692 1008 3744 bum
1037 3703 1164 3742 caro
1194 3688 1389 3740 factum
1420 3692 1522 3747 est,
1551 3692 1602 3738 et
1621 3684 1878 3736 habitavit
1913 3682 1966 3735 in
1990 3681 2144 3735 nobis
2178 3681 2242 3735 ³³.
2283 3699 2301 3731 ι
2335 3678 2409 3732 Ita

880 3780 1065 3833 divino
1091 3777 1292 3845 Spiritu
1328 3776 1533 3829 amatus
1562 3773 1835 3842 propheta,
1859 3787 1979 3826 cum
2011 3771 2177 3824 Deum
2203 3770 2268 3823 de
2294 3768 2413 3820 Vir-

881 3867 1003 3937 gine
1051 3866 1287 3934 genitum
1349 3870 1491 3917 esset
1544 3862 1913 3920 nuntiaturus,
1945 3859 2201 3912 visionem
2254 3867 2410 3910 antea

880 3954 1167 4027 quamdam
1233 3952 1375 4005 illius
1437 3952 1618 4020 gloria:
1671 3948 2096 4016 contemplatur,
2145 3947 2409 4014 talemque

881 4044 1200 4113 theologiam
1226 4043 1514 4098 describit:
1558 4061 1577 4092 ι
1612 4039 1732 4094 Vidi
1762 4038 2039 4093 Dominum
2069 4037 2297 4091 Sabaoth
2325 4054 2411 4092 se-

880 4139 1091 4193 dentem
1117 4149 1275 4203 super
1307 4134 1441 4187 solio
1469 4133 1679 4187 excelso
1702 4139 1753 4184 et
1781 4129 2014 4190 sublimi,
2043 4136 2094 4181 et
2117 4129 2268 4196 plena
2295 4136 2409 4181 erat

879 4227 1070 4281 domus
1098 4223 1265 4294 gloria
1296 4223 1499 4290 ejus,et
1522 4221 1784 4288 seraphim
1802 4218 2015 4272 stabant
2035 4216 2235 4270 circum
2265 4232 2406 4284 eum,

881 4326 977 4367 sex
1005 4311 1101 4363 alae
1128 4310 1240 4371 uni,
1267 4315 1321 4362 et
1366 4324 1459 4362 sex
1489 4309 1585 4361 alte
1619 4308 1804 4368 alteri,
1847 4312 1901 4358 et
1945 4304 2152 4358 duabus
2191 4305 2403 4373 quidem

2501 526 2588 584 ψει
2614 527 2710 595 τῆς
2737 526 2965 596 ἀληθοῦς
2996 522 3326 591 θεογνωσίας
3360 540 3368 553 ι

2502 615 2686 689 ἐθνῶν,
2712 615 3022 668 ἀπόπτωσίν
3059 631 3116 666 τε
3145 614 3244 665 καὶ
3278 612 3368 681 ὲρτ

2502 705 2753 759 ἀπιστίαν
2798 704 2888 756 τοῦ
2931 703 3192 755 Ἰουδαίων
3248 701 3368 752 ἕθνο

2504 796 2884 867 συγγράμματι
2912 794 2999 846 διὰ
3024 793 3128 845 τῶν
3157 809 3368 864 προφητ

2504 901 2611 946 τες,
2640 880 3062 952 ἐπισκεψάμενοί
3105 899 3163 933 τε
3216 881 3363 932 κατὰ

2505 973 2655 1042 ἔτυχε
2710 972 2777 1025 τὰ
2822 970 3298 1043 προηγορευμένα,
3352 968 3368 1021 ἐ

2507 1061 2710 1130 ἐόδόμῳ
2730 1059 2898 1129 τούτῳ
2929 1059 3331 1129 συγγράμματι
3362 1077 3368 1090 ι

2506 1151 2740 1215 δείξεως
2776 1149 2864 1202 τὸν
2889 1150 3089 1220 τρόπον
3119 1149 3368 1217 ἐπιθεωρ

2507 1242 2562 1293 ὃν
2589 1257 2745 1311 φησιν
2768 1239 2926 1293 αὑτὸν
2959 1241 3056 1308 τὴν
3090 1241 3172 1301 είς
3197 1237 3368 1309 avt)th

2506 1330 2612 1386 δον.
2647 1330 2776 1401 Φέρε
2811 1327 2902 1383 οὖν
2946 1329 3197 1382 ἐντεῦθεν
3241 1329 3345 1399 ἤδη

2506 1423 2534 1473 6
2560 1424 2757 1497 τρόπος
2777 1419 2990 1473 ἔσεσθαι
3018 1418 3119 1489 τῆς
3148 1417 3247 1472 τοῦ
3277 1420 3368 1472 Θε(

2510 1508 2632 1580 μίας
2662 1508 2988 1572 ἐθεσπίζετο,
3020 1509 3115 1560 καὶ
3167 1508 3276 1561 ποῦ
3326 1525 3367 1575 γη

2507 1600 2825 1670 εκηρύττετο
2851 1639 2866 1663 ,
2913 1599 3019 1651 ἀπὸ
3086 1598 3248 1650 ποίου
3297 1615 3360 1650 τε

2509 1689 2712 1743 ἐϐοᾶτο.

2438 1749 2484 1807 Β

3022 1802 3368 1854 ΚΕΦΑΛΑῙΟ

2520 1889 2649 1943 Ἀπὸ
2675 1889 2776 1942 τοῦ
2807 1886 3138 1942 Ἠσαΐου.-
3160 1892 3260 1956 Τίς
3285 1894 3320 1943 ό
3348 1909 3368 1943 z

2861 1962 2946 2023 εὶς
2976 1959 3333 2025 ἀνθρώπους
3364 1994 3368 2008 .

2576 2049 2879 2119 Πρόρρησις
2900 2048 2997 2115 τῆς
3024 2049 3105 2110 είς
3128 2049 3368 2118 Χριστὸν

2509 2139 2705 2201 ἔθνους,
2730 2140 2820 2192 καὶ
2845 2142 3064 2208 σημεῖον
3089 2139 3276 2200 αὐτοῖς
3298 2142 3368 2192 ἀπ

2508 2229 2563 2282 δὲ
2589 2231 2763 2281 τοῦτο·
2816 2228 3087 2299 Παρθένος
3116 2229 3253 2281 Θεὸν
3292 2246 3368 2297 γε’

2484 2319 2816 2389 ’καθαίρεσις
2836 2319 3102 2387 παντελὴς
3122 2319 3217 2370 τοῦ
3258 2320 3368 2370 ’ἰουι

2508 2410 2600 2461 καὶ
2622 2407 2693 2471 ὡς
2722 2408 3001 2475 ἀλλόφυλοι
3019 2410 3113 2461 καὶ
3143 2409 3368 2478 πολέμιο

2508 2498 2703 2562 ἐξουσι,
2753 2499 2846 2550 καὶ
2882 2499 2957 2560 ὡς
2996 2500 3032 2567 ἡ
3072 2500 3201 2568 πρὶν
3248 2498 3368 2568 ἕρηξ

2505 2588 2791 2656 γεωργίας,
2849 2589 3167 2659 εὐφορήσει·
3223 2589 3325 2657 τῆς

2503 2678 2688 2731 τοῦτον
2728 2677 3068 2747 δηλουμένης
3111 2678 3204 2731 τὸν
3246 2678 3368 2747 τρὸτ

2505 2765 2885 2836 εὐαγγελιστὴς
2941 2768 3222 2837 Ἰωάννης,
3275 2767 3363 2837 μεί

2508 2856 2878 2925 μεγαλοφωνίᾳ
2914 2857 3012 2909 τὸν
3073 2859 3302 2927 Σωτῆρα
3356 2875 3368 2909 :

2504 2944 2695 3013 λογῶν,
2728 2945 2888 2997 αὑτὸν
2928 2947 2996 3018 δὴ
3035 2949 3129 3000 τὸν
3166 2948 3261 3000 τοῦ
3304 2949 3368 3001 Gs

2506 3032 2722 3103 Γραφῆς
2740 3032 2901 3085 αὑτοῦ
2924 3035 3330 3106 ἀπαρχόμενος,
3352 3039 3368 3089 ἐ

2507 3121 2762 3192 ἔνσαρκον
2783 3124 2948 3175 αὐτοῦ
2976 3128 3059 3189 εὶς
3081 3125 3368 3197 ἀνθρώπου

2512 3232 2530 3263 ι
2564 3213 2649 3265 Ἐν
2678 3214 2817 3284 ἀρχῇ
2840 3210 2907 3284 ἦν
2928 3218 2958 3268 ὁ
2983 3218 3176 3284 Λόγος,
3207 3216 3300 3268 καὶ
3324 3218 3351 3268 6

2506 3305 2600 3358 καὶ
2617 3304 2746 3367 Θεὸς
2767 3301 2838 3374 ἦν
2865 3308 2894 3357 6
2914 3307 3115 3377 Λόγος.
3143 3304 3310 3370 Οὗτος
3329 3304 3363 3377 ἦ

2509 3396 2680 3449 πάντα
2708 3395 2777 3448 δι’
2804 3397 2975 3450 αὐτοῦ
3011 3399 3247 3465 ἐγένετο,
3287 3418 3305 3448 ι
3353 3416 3368 3463 ς

2508 3488 2672 3554 ἀγωνο
2698 3506 2716 3537 t
2744 3487 2851 3540 Kal.
2883 3488 2911 3539 6
2938 3490 3115 3557 Λόγος
3148 3489 3283 3558 σὰρξ
3314 3490 3368 3554 ἐγ

2506 3579 2657 3647 ἡμῖν.
2695 3595 2713 3627 ι
2738 3576 2839 3628 Τὸν
2871 3577 3043 3631 αὐτὸν
3068 3579 3133 3648 δὴ
3158 3579 3356 3648 τρόπον

2506 3683 2604 3736 της
2639 3666 2768 3718 Θεοῦ
2803 3667 2867 3718 ὲκ
2904 3666 3194 3737 Παρθένου
3224 3683 3368 3733 γεγεκ

2511 3757 2737 3827 ρύττειν,
2761 3757 2856 3827 τὴν
2886 3758 3105 3822 ἔνδοξον
3136 3758 3300 3810 αὐτοῦ
3328 3757 3368 3807 θε

2505 3848 2604 3918 τὴν
2632 3847 2904 3914 θεολογίαν
2959 3846 3310 3918 ὑπογράφων·
3348 3863 3366 3894 ι

2508 3935 2653 3987 ϐαὼθ
2685 3936 3002 4006 καθήμενον
3033 3938 3128 3989 ἐπὶ
3162 3935 3351 4005 θρόνου

2508 4026 2600 4077 καὶ
2632 4025 2841 4094 πλήρης
2879 4027 2910 4078 ὀ
2959 4021 3110 4088 οἶκος
3150 4025 3250 4093 τῆς
3279 4023 3366 4085 δόξ

2508 4114 2847 4182 εἱστήκεισαν
2870 4114 3059 4182 κύκλῳ
3088 4111 3272 4164 αὐτοῦ·
3298 4110 3355 4171 ἓξ

2509 4202 2773 4271 πτέρυγες
2802 4202 2882 4271 τῷ
2921 4203 3034 4256 ἑνί·
3078 4202 3171 4254 καὶ
3211 4202 3329 4261 ταῖς

2510 4292 2811 4361 πρόσωπον,
2857 4297 2983 4355 ταῖς
3019 4292 3075 4344 δὲ
3120 4290 3239 4342 δυσὶ
3281 4304 3368 4340 κατ

880 4402 1129 4472 tegebant
1158 4367 1366 4461 faciem,
1398 4397 1605 4451 duabus
1633 4403 1806 4449 autem
1834 4394 2080 4448 velabant
2130 4367 2288 4463 pedes
2308 4435 2322 4455 ,
2353 4418 2356 4441 ι

1887 4394 2080 4448 :labant
2130 4367 2288 4463 pedes
2308 4435 2322 4455 ,
2353 4404 2404 4449 et
2436 4367 2478 4421 Ῑ)
2505 4385 2621 4443 ταῖς
2655 4382 2708 4433 δὲ
2746 4384 2899 4436 δυσὶν
2941 4385 3221 4437 ὲπὲταντο.
3259 4380 3363 4432 Καὶ

879 4492 1090 4546 duabus
1121 4490 1406 4549 volabant,
1442 4494 1493 4539 et
1518 4487 1677 4556 310
1701 4484 2001 4538 clamabant
2025 4484 2156 4538 alter
2185 4487 2249 4537 ad
2273 4486 2406 4539 alte-

883 4596 1022 4639 rum.
1050 4587 1102 4635 et
1146 4578 1425 4632 dicebant:
1458 4573 1706 4634 Sanctus,
1744 4580 1963 4628 sanctus
1986 4611 2002 4635 ,
2037 4582 2255 4628 sanctus
2301 4574 2407 4627 Do-

882 4673 1058 4726 minus
1115 4668 1390 4729 Sabaoth,
1451 4666 1606 4734 plena
1667 4672 1750 4719 est
1803 4664 1977 4719 omnis
2039 4672 2179 4718 terra
2241 4665 2406 4733 gloria

880 4761 998 4825 ejus
1020 4759 1086 4812 “.
1123 4779 1141 4810 ι
1171 4757 1236 4810 Ει
1264 4756 1513 4822 deinceps
1536 4752 1812 4821 adjungit:
1848 4770 1866 4802 ι
1907 4752 1972 4804 Et
2005 4752 2179 4805 audivi
2224 4766 2404 4803 vocem

883 4846 1091 4900 Domini
1118 4846 1342 4900 dicentis
1366 4864 1379 4898 :
1405 4842 1573 4908 Quem
1612 4841 1840 4902 mittam,
1873 4848 1926 4895 et
1951 4840 2073 4910 quis
2101 4841 2196 4895 ibit
2224 4840 2289 4891 ad
2319 4855 2408 4908 po-

882 4936 1063 5002 pulum
1092 4936 1255 4987 hunc.
1280 4932 1344 4985 Et
1364 4934 1473 4987 dixi
1503 4950 1516 4985 :
1549 4930 1685 4984 Ecce
1712 4938 1835 4999 ego;
1862 4930 2013 4984 mitte
2042 4944 2144 4982 me.
2180 4927 2242 4980 Et
2273 4926 2407 4979 dixit

883 5023 951 5075 ad
985 5039 1103 5078 me:
1148 5023 1319 5090 Vade,
1352 5033 1405 5079 et
1430 5023 1517 5077 die
1557 5023 1752 5091 populo
1795 5022 1919 5076 huic
1948 5041 1961 5075 :
1998 5021 2195 5074 Auditu
2227 5019 2407 5072 audie-

885 5108 976 5171 tis,
1003 5118 1057 5163 et
1082 5128 1189 5165 non
1215 5114 1556 5184 intelligetis:
1590 5123 1642 5167 et
1665 5113 1932 5167 intuentes
1967 5108 2324 5171 intuebimini,
2355 5116 2408 5160 et

886 5205 995 5244 non
1017 5193 1280 5250 videbitis.
1301 5197 1553 5252 Crassum
1581 5200 1722 5253 enim
1757 5198 1954 5253 factum
1985 5205 2068 5252 est
2090 5211 2185 5250 cor
2223 5195 2402 5264 populi

888 5277 1048 5346 hujus
1068 5318 1083 5341 ,
1123 5290 1176 5334 et
1204 5285 1422 5339 auribus
1453 5290 1567 5342 suis
1591 5291 1818 5357 graviter
1846 5286 2128 5342 audierunt
2147 5324 2162 5347 ,
2193 5292 2246 5338 et
2276 5299 2403 5337 ocu-

888 5369 969 5423 los
1013 5384 1140 5424 suos
1169 5372 1475 5429 clauserunt
1496 5416 1512 5441 ,
1546 5394 1613 5433 ne
1638 5382 1850 5447 quando
1876 5379 2089 5433 videant
2110 5374 2282 5429 oculis
2304 5412 2318 5435 .
2350 5379 2403 5428 et

888 5456 1050 5517 cordo
1074 5456 1401 5528 intelligant,
1444 5471 1499 5518 et
1521 5478 1923 5532 convertantur,
1961 5474 2014 5522 et
2057 5478 2240 5518 sanem
2273 5477 2399 5527 eos,

956 5646 1175 5703 "10m.
1201 5650 1311 5717 nl.
1384 5655 1427 5687 ³⁸
1454 5656 1580 5711 ibid.
1614 5658 1696 5712 tt.
1776 5662 1817 5693 τι
1851 5661 1951 5718 lsa.
1984 5675 2066 5715 γι.
2097 5656 2211 5711 4-3,

2504 4473 2593 4523 τὸν
2626 4472 2826 4542 ἕτερον,
2856 4476 2953 4525 καὶ
2980 4472 3182 4539 ἔλεγον·
3214 4470 3367 4533 Ἃγιο

2507 4560 2748 4624 Σαϐαὼθ,
2782 4561 3000 4633 πλήρης
3030 4562 3180 4613 πᾶσα
3218 4560 3251 4626 ἡ
3285 4555 3356 4622 γῆ

2506 4649 2629 4718 ἑξῆς
2672 4647 2934 4714 ἐπιλέγει·
2981 4668 3000 4698 ι
3039 4649 3148 4699 Καὶ
3178 4646 3368 4714 ἢκουσε

2506 4753 2723 4805 γοντος·
2768 4735 2907 4792 Τίνα
2950 4731 3252 4793 ἀποστελῶ,
3312 4744 3368 4778 κο

2500 4827 2589 4878 τὸν
2625 4826 2748 4878 λαὸν
2775 4826 3001 4890 toﬁ-cev;
3036 4823 3148 4877 Kal.
3183 4816 3327 4872 εἶπα·

2484 4914 2588 4968 Δλόν
2619 4933 2704 4985 με.
2733 4917 2839 4969 Καὶ
2869 4913 2993 4969 εἶπε
3025 4913 3162 4985 πρὸς
3186 4907 3271 4980 μέο
3307 4905 3368 4956 Πς

2501 5007 2612 5076 λαῷ
2638 5006 2831 5076 τούτῳ
2873 5008 3034 5075 Ἀκοῇ
3080 5000 3357 5056 ἀκούσετε,

2504 5098 2784 5167 βλέποντες
2811 5097 3056 5166 βλέψετε,
3086 5092 3179 5144 καὶ
3209 5087 3267 5141 οὐ
3304 5082 3368 5151 μὴ

2504 5190 2538 5258 ἡ
2561 5188 2750 5258 καρδία
2769 5189 2864 5241 τοῦ
2883 5184 3014 5240 λαοῦ
3035 5180 3243 5239 τούτου,
3268 5175 3360 5227 καὶ

2505 5280 2760 5349 ἤκουσαν,
2786 5283 2880 5334 καὶ
2902 5278 3028 5338 τοὺς
3051 5266 3354 5341 ὀφθαλμοὺς

2506 5386 2633 5422 ποτε
2675 5370 2825 5425 ἴδωσι
2857 5372 2971 5431 τοῖς
3009 5359 3319 5433 ὀφθαλμοῖς,
3347 5368 3368 5403 ³

2505 5461 2598 5513 καὶ
2642 5463 2878 5535 ίόισωμαι
2916 5456 3125 5516 αὐτούς.
3157 5447 3263 5503 Καὶ
3303 5437 3368 5494 εἷς
