3738 6324
146 395 237 455 ιιι

973 388 1598 449 DEMONSTRATIONIS
1638 373 2081 443 annosum
2116 377 2241 435 LIB.
2283 380 2397 439 vn.

3154 386 3257 441 490

146 511 235 566 Καὶ
252 503 408 561 εἶπεν
446 525 463 558 ι
489 508 634 570 Ἕως
656 510 724 563 ἀν
750 512 1068 582 ἑρημωθῶσι
1092 514 1287 575 πόλεις,
1320 509 1466 579 παρά
1483 510 1542 562 τὸ
1568 510 1641 579 μὴ
1669 559 1674 570 ,

1759 516 1794 560 :t
1829 506 1937 561 dixi
1964 525 1975 558 :
2007 504 2329 571 Quousque,
2365 502 2624 558 Domine?
2667 506 2731 557 Et
2763 506 2934 559 dixit:
2972 503 3148 559 Donec
3178 508 3262 557 ilv-

144 595 487 659 κατοικεῖσθαι,
504 597 598 648 καὶ
614 593 757 650 οἴκοι
784 599 929 669 παρὰ
948 600 1006 651 τὸ
1029 601 1101 671 μὴ
1121 596 1255 652 εἶναι
1281 598 1603 671 ἀνθρώποις.
1617 617 1635 649 ι

145 615 487 659 κατοικεισοαι,
504 615 598 648 και
614 615 757 650 οικοι
784 615 929 669 παρα
948 615 1006 651 το
1029 615 1101 671 μη
1121 615 1255 652 ειναι
1281 615 1454 667 ανυρω
1562 615 1635 652 ’.ι

145 687 275 738 Ποῖον
309 683 362 735 δὲ
397 682 612 753 θεμιτὸν
654 688 885 753 φάσκειν
920 688 1012 740 τὸν
1044 690 1317 758 προφήτην
1354 615 1642 755 ὲωρζῖιζιαι

143 774 341 844 Κύριον;
370 772 401 842 ἢ
432 772 491 825 όν
538 775 653 836 τοῖς
705 775 837 846 περὶ
870 777 961 828 τὸν
1010 778 1250 847 Ἀϐραὰμ
1287 777 1645 847 προπάτορσιν

143 860 289 932 ὦφθαι
311 880 368 915 τε
396 865 487 915 καὶ
509 864 848 934 ὡμιληκέναι
879 868 936 918 ὲν
961 862 1072 929 τοῖεῦ
1103 868 1201 937 πρὸ
1219 867 1415 918 τούτων
1441 866 1648 919 ἀπεδεί-

141 952 312 1020 ξαμενς
352 948 546 1004 Τοῦτον
592 951 706 1023 γὰρ
754 954 887 1023 ὁμοῦ
932 956 1061 1008 Θεὸν
1089 957 1178 1008 καὶ
1207 954 1421 1025 Κύριον,
1456 955 1548 1007 καὶ
1583 953 1646 1024 δὴ

140 1040 336 1108 ἄγγελον
366 1035 516 1103 εἶναι,
552 1043 653 1095 καὶ
690 1043 1121 1114 ἀρχιστράτηγον
1149 1044 1419 1114 δυνάμεως
1447 1045 1646 1114 Κυρίου

140 1127 630 1199 προμεμαθήκαμεν.
661 1131 890 1185 Μέλλων
918 1132 1194 1202 τοιγαροῦν
1218 1132 1314 1202 τὴν
1336 1135 1414 1195 είς
1443 1132 1647 1202 ἀνθρώ·-

140 1236 254 1281 πους
278 1218 425 1272 αὑτοῦ
455 1219 696 1289 πάροδον
730 1222 763 1273 ὁ
805 1221 991 1292 παρὼν
1032 1221 1184 1289 λόγος
1219 1220 1519 1285 θεσπίζειν,
1552 1222 1650 1292 τὴν

141 1308 290 1361 Mem
309 1307 459 1361 αὐτοῦ
479 1309 795 1380 προθεωρεῖ
817 1311 1100 1380 βασιλείαν,
1123 1312 1186 1364 δι’
1208 1307 1274 1381 ἧς
1296 1329 1454 1381 φησιν
1479 1315 1647 1382 ἑωραη

142 1400 267 1452 κέναι
288 1399 436 1451 αὐτὸν
459 1400 779 1469 καθήμενον
815 1403 904 1453 ἐπὶ
935 1402 1121 1472 θρόνου
1146 1402 1342 1471 ὑψηλοῦ
1369 1403 1459 1455 καὶ
1481 1406 1650 1473 ὲπηρ-

145 1498 296 1559 μενον.
327 1482 487 1551 Οὗτος
524 1489 569 1541 δ’
593 1489 663 1542 ἂν
694 1491 788 1561 εἴη
820 1493 849 1543 ὀ
883 1492 1064 1562 θρόνος
1090 1491 1251 1545 αὑτοῦ
1283 1493 1482 1555 ἐκεῖνος
1506 1494 1534 1544 ό
1561 1494 1652 1545 καὶ

140 1579 189 1631 ιν
207 1579 272 1648 τῷ
296 1580 412 1649 περὶ
437 1578 530 1631 τοῦ
569 1581 866 1650 ἀγαπητοῦ
892 1581 1084 1651 ψαλμῷ
1115 1580 1485 1651 δεδηλωμένος,
1517 1580 1654 1634 κατά

142 1667 205 1720 τό·
230 1683 248 1718 ι
288 1668 338 1719 '0
368 1668 551 1738 θρόνος
593 1687 716 1732 σου,
745 1674 778 1723 ό
808 1671 954 1733 Θεὸς,
984 1672 1061 1732 εἰς
1089 1669 1183 1722 τὸν
1220 1671 1384 1724 αἰῶνα
1408 1671 1499 1723 τοῦ
1522 1671 1652 1724 αἰῶ-

144 1775 231 1820 νος,
258 1778 273 1808 r
302 1760 379 1826 ἐφ’
404 1760 462 1812 ὃν
488 1760 583 1812 καὶ
619 1762 649 1813 ὁ
677 1761 941 1815 ἀνωτάτω
969 1762 1072 1813 τῶν
1100 1761 1237 1813 ὅλων
1268 1762 1487 1830 ποιητής
1525 1760 1653 1823 Θεὸς

1744 605 1899 651 serta:
1925 596 2032 650 sint
2060 592 2328 655 civitates,
2354 608 2420 646 eo
2448 594 2586 662 quod
2622 611 2722 646 non
2746 596 2814 648 sit
2837 597 2928 664 qui
2960 595 3218 649 inhabitet
3243 616 3255 648 :

1742 696 1794 741 et
1824 686 2033 745 domus,
2057 699 2120 739 eo
2149 684 2290 754 quod
2318 699 2426 737 non
2475 684 2582 737 sint
2609 684 2848 737 homines
2876 684 2943 738 ³⁸.
2977 704 2995 736 ι
3022 686 3090 738 At
3116 687 3258 740 enim

1743 790 1899 844 quem
1955 772 2165 828 tandem
2247 769 2527 825 Dominum
2593 770 2675 823 fas
2720 778 2803 825 cst
2858 771 3039 828 dicere
3086 775 3258 829 visum

1744 864 1910 917 fuisse
1939 878 1968 915 a
2006 860 2258 929 propheta
2289 872 2478 929 praeter
2498 875 2641 921 eum,
2680 874 2836 927 quem
2862 869 2916 913 et
2944 861 3185 927 Abrahz,
3207 874 3256 918 et

1746 950 1963 1019 reliquis
1998 949 2221 1002 Ahraha:
2258 947 2521 1003 similibus
2568 948 2760 1015 priscis
2808 948 3048 1015 patribus
3086 953 3258 1007 visum

1745 1040 1933 1102 fuisse,
1958 1049 2013 1094 et
2048 1053 2171 1093 cum
2210 1039 2396 1093 iisdem
2425 1040 2659 1093 locutum
2685 1053 2806 1092 esse
2827 1076 2842 1100 ,
2891 1038 2947 1093 in
2995 1041 3261 1107 prioribus

1746 1129 1895 1184 libris
1940 1128 2304 1183 ostendimus?
2335 1127 2484 1182 Hunc
2511 1129 2652 1182 enim
2686 1129 2883 1195 pariter
2919 1134 2973 1182 et
3013 1126 3179 1184 Deum
3209 1141 3263 1185 et

1747 1220 2047 1285 Dominum,
2067 1229 2120 1274 et
2146 1222 2270 1275 item
2294 1222 2539 1291 angelum
2567 1234 2707 1285 esse,
2739 1231 2791 1276 et
2828 1221 3058 1290 primum
3098 1221 3264 1290 impe—

1746 1320 1976 1367 ratorem
2005 1312 2277 1380 copiarum
2314 1310 2553 1373 Domini,
2584 1318 2740 1365 antea
2773 1310 3076 1364 didicimus.
3132 1309 3265 1363 Cum

1745 1415 1873 1469 ergo
1921 1415 2153 1469 presens
2208 1400 2483 1454 oraculum
2541 1408 2683 1455 esset
2728 1400 2872 1453 illius
2912 1398 2976 1452 ad
3028 1398 3268 1450 homines

1748 1489 2233 1557 comniigrationem
2266 1488 2643 1557 praedicturum
2663 1526 2679 1549 ,
2727 1487 2966 1541 divinum
2995 1493 3150 1540 antea
3205 1486 3272 1539 il-

1750 1577 1854 1633 lius
1878 1593 2095 1648 regnum
2122 1580 2533 1649 contemplatur,
2564 1578 2651 1632 ubi
2685 1580 2759 1631 ait
2787 1592 2844 1632 se
2880 1577 3080 1633 vidisse
3120 1577 3268 1630 illum

1751 1666 2021 1721 sedentem
2049 1668 2103 1720 in
2142 1668 2277 1721 solio
2308 1667 2536 1729 excelso,
2567 1674 2619 1720 et
2647 1666 2880 1720 sublimi.
2936 1664 3047 1719 Hoc
3092 1673 3268 1720 autem

1750 1757 1895 1812 illius
1919 1757 2112 1812 solium
2146 1758 2275 1810 illud
2301 1772 2419 1811 esse
2441 1757 2849 1811 existimandum
2892 1764 2995 1820 est,
3024 1756 3164 1825 quod
3217 1756 3272 1809 in

145 1847 300 1917 Πατήρ
323 1863 378 1899 τε
416 1848 578 1900 αὑτοῦ
609 1849 689 1911 ὡς
728 1850 801 1903 ἂν
836 1853 1108 1919 μονογενεῖ
1136 1850 1228 1901 καὶ¹
1258 1849 1518 1919 ἀγαπητῷ
1553 1865 1651 1902 κα-

1759 1843 1960 1899 Psalmo
2008 1846 2075 1901 de
2115 1847 2309 1901 dilecto
2358 1854 2631 1900 ostensum
2672 1855 2772 1907 est.
2806 1846 2859 1898 in
2906 1844 3012 1898 illis
3054 1846 3268 1900 verbis:

146 1934 352 1997 θέζεσθαι
393 1936 813 2005 παρεκελεύετο,
860 1936 1060 2003 λέγων·
1101 1954 1120 1985 ι
1156 1934 1329 1989 Κάθου
1371 1939 1433 1989 ὲκ
1474 1934 1654 2000 δεξιῶν

150 2038 248 2091 μου,
270 2022 364 2084 ἕως
382 2022 445 2074 ἂν
472 2022 552 2073 θῶ
586 2025 716 2085 τοὺς
748 2024 973 2094 ἐχθρούς
1001 2039 1090 2076 σου
1121 2023 1399 2077 ὑποπόδιον
1424 2024 1528 2077 τῶν
1558 2040 1653 2075 πο-

149 2111 232 2163 δῶν
251 2127 350 2163 σου.
386 2130 404 2164 ι
432 2113 724 2181 Συνίστησι
777 2113 835 2165 δὲ
865 2114 1061 2182 ταύτην
1101 2113 1251 2182 ήμῶν
1288 2114 1385 2182 τὴν
1429 2114 1507 2175 εἰς
1536 2112 1656 2174 τοὺς

150 2201 616 2270 τόπουςὲρμηνείαν
662 2202 917 2269 Ἰωάννης
949 2203 976 2252 ὁ
1010 2202 1415 2271 Εύαγγελιστὴς,
1446 2202 1523 2265 ὃς,
1556 2219 1656 2255 πα-

156 2287 400 2357 ραθέμενος
444 2287 543 2351 τὰς
587 2288 960 2358 προκειμένας
992 2288 1083 2342 τοῦ
1128 2291 1342 2343 Ἡσαΐου
1371 2293 1565 2359 φωνὰς,
1602 2295 1657 2345 ἐν

154 2369 223 2436 si;
246 2376 427 2445 εἴρητοο
459 2395 478 2427 ι
522 2378 841 2447 Ἐπαχύνθη
864 2379 970 2448 γὰρ
1000 2382 1032 2447 ἡ
1060 2379 1250 2446 καρδία
1275 2379 1365 2433 τοῦ
1390 2380 1515 2433 λαοῦ
1539 2382 1658 2434 τού-

155 2481 247 2527 του,
277 2466 359 2518 καὶ⁵
391 2467 498 2529 τοῖς
528 2466 666 2519 ὠσὶν
694 2468 876 2520 αὐτῶν
910 2467 1117 2538 βαρέως
1145 2470 1394 2537 ἤκουσαν,
1422 2471 1512 2523 καὶ
1540 2472 1659 2534 τοὺς

157 2553 415 2624 ὀφθαλμοὺς
445 2555 626 2609 αὐτῶν
670 2557 1020 2626 ἐκάμμυσαν,
1060 2577 1078 2608 ι
1112 2559 1357 2629 ἐπιφέρει
1402 2561 1525 2630 περὶ
1567 2560 1657 2611 τοῦ

161 2644 351 2702 Χριστοῦ
375 2646 562 2713 λέγων·
593 2666 612 2698 ι
651 2646 840 2699 Ταῦτα
869 2644 1018 2699 εἶπεν
1056 2649 1293 2711 Ἡσαΐας,
1320 2650 1406 2701 ὅτε
1434 2645 1540 2702 εἶδε
1564 2651 1660 2716 τὴν

158 2729 283 2796 δόξαν
303 2736 474 2799 αὐτοῦ,
509 2740 603 2790 καὶ
631 2740 982 2811 ἐμαρτύρησε
1020 2742 1143 2810 περὶ
1163 2740 1340 2793 αὑτοῦ.
1372 2762 1390 2793 ι
1440 2742 1578 2795 Ἰδὼν
1597 2744 1660 2813 δὴ

166 2816 288 2875 οὖνὸ
327 2836 601 2897 προφήτης
643 2830 746 2896 τὴν
791 2828 882 2879 ἐπὶ
922 2828 1013 2880 τοῦ
1060 2830 1316 2899 πατρικοῦ
1355 2831 1538 2900 θρόνου
1567 2833 1661 2902 τῆς

163 2909 307 2964 ἐνθέου
336 2914 482 2984 δόξης
510 2933 571 2968 τε
612 2918 709 2969 καὶ
747 2915 1020 2985 βασιλείας
1065 2919 1263 2989 ἵδρυσιν
1295 2920 1386 2973 τοῦ
1420 2921 1661 2992 Σωτῆρος

165 2997 303 3067 ἡμῶν,
325 3002 395 3073 τῷ
419 3020 474 3056 τε
501 3005 643 3074 ἁγίῳ
669 3004 986 3069 ἐπιθειάσας
1017 3007 1307 3076 Πνεύματι,
1340 3010 1429 3061 καὶ
1462 3009 1662 3077 μέλλων

164 3092 261 3161 ἑξῆς
289 3095 376 3163 τὴν
419 3098 500 3159 εἰς
554 3096 880 3167 ἀνθρώπους
933 3098 1095 3150 αὐτοῦ
1137 3099 1391 3169 πάροδον,
1445 3102 1536 3153 καὶ
1568 3102 1662 3172 τὴν

1756 1950 1774 1982 ι
1812 1931 1975 1988 Sedes
2004 1943 2115 1998 tua,
2154 1934 2312 1999 Deus,
2352 1934 2406 1988 in
2456 1936 2705 1989 saeculum
2761 1934 2939 1988 saeculi
2962 1933 3027 1996 ”,
3061 1953 3081 1985 ι
3113 1948 3273 2003 super

1749 2037 1907 2089 quam
1931 2038 2211 2091 supremus
2231 2032 2284 2077 et
2305 2024 2537 2078 universi
2569 2024 2811 2078 conditor
2842 2025 3000 2085 Deus,
3022 2032 3076 2078 et
3098 2014 3271 2091 ipsius

1752 2110 1935 2176 Pater,
1970 2112 2142 2181 ipsum
2172 2121 2421 2182 tanquam
2464 2114 2679 2167 unicum
2709 2128 2773 2167 ac
2803 2114 3056 2168 dilectum
3085 2114 3271 2168 sedere

1747 2201 1993 2268 jubebat,
2014 2201 2234 2256 dicens:
2271 2220 2288 2252 ι
2322 2201 2456 2255 Sede
2497 2216 2526 2254 a
2559 2202 2760 2256 dextris
2788 2204 2948 2266 meis,
2983 2204 3152 2256 donec
3179 2218 3276 2271 po-

1753 2304 1876 2343 nam
1907 2290 2152 2345 inimicos
2195 2299 2316 2344 tuos
2369 2292 2653 2346 scabellum
2688 2292 2875 2359 pedum
2910 2301 3121 2345 tuorum
3147 2292 3213 2347 ³⁷.
3250 2311 3270 2345 ι

1754 2376 2042 2433 Conﬁrmat
2068 2394 2194 2434 vero
2222 2380 2360 2433 hanc
2391 2388 2628 2434 nostram
2660 2381 2710 2433 in
2734 2380 2832 2435 hos
2853 2382 2996 2435 locos
3024 2382 3277 2449 interpre-

1757 2468 2028 2530 tationem,
2051 2466 2283 2524 Joannes
2313 2470 2655 2539 evangelista.
2696 2470 2786 2538 qui
2819 2479 3099 2539 postquam
3142 2471 3276 2524 cita-

1760 2554 1831 2605 rit
1860 2555 2098 2621 proxime
2127 2555 2395 2624 expositas
2423 2555 2573 2610 Isaia:
2606 2572 2762 2612 voces
2784 2597 2800 2621 ,
2857 2559 2909 2610 in
2953 2558 3147 2626 quibus
3192 2556 3277 2612 di-

1756 2651 1900 2695 ctum
1926 2653 2046 2698 est:
2100 2662 2118 2693 x
2157 2643 2411 2699 Crassum
2449 2647 2590 2700 enim
2633 2648 2829 2701 factum
2868 2656 2949 2701 est
2975 2662 3069 2700 cor
3098 2648 3277 2716 populi

1756 2731 1935 2799 hujus,
1969 2740 2023 2785 et
2056 2734 2273 2789 auribus
2297 2735 2408 2788 suis
2429 2735 2659 2804 graviter
2685 2738 2988 2800 audierunt,
3013 2746 3067 2791 et
3093 2738 3277 2791 oculos

1758 2836 1886 2876 suos
1933 2823 2257 2887 clauserunt,
2296 2844 2314 2875 ι
2351 2826 2589 2895 adjungit
2636 2826 2703 2881 de
2736 2827 2965 2891 Christo,
3000 2834 3053 2881 et
3100 2824 3276 2880 dicit:

1763 2927 1783 2960 ι
1817 2907 1935 2963 Haec
1963 2911 2092 2964 dicit
2145 2910 2327 2983 Isaias,
2355 2915 2567 2982 quando
2610 2914 2738 2968 vidit
2782 2916 3005 2984 gloriam
3034 2915 3151 2983 ejus
3175 2953 3191 2977 ,
3224 2923 3278 2969 et

1760 2999 2074 3054 testiﬁcatus
2097 3009 2179 3054 est
2236 3001 2301 3054 de
2347 3018 2412 3055 eo
2440 3002 2503 3057 ³⁸.
2539 3020 2560 3053 ι
2589 3003 2718 3056 Cum
2749 3019 2876 3072 ergo
2903 3004 3123 3058 vidisset
3148 3018 3276 3072 pro-

1759 3088 1916 3158 pheta
1957 3089 2250 3144 Salvatoris
2281 3093 2448 3146 nostri
2496 3107 2654 3162 super
2701 3100 2918 3161 paterna
2947 3094 3140 3147 divina:
3168 3108 3277 3146 ma-

162 3178 211 3231 ἐκ
241 3180 491 3253 Παρθένου
534 3187 796 3254 γέννησιν
840 3185 1184 3257 ὑπογράφειν,
1231 3189 1660 3261 προμαρτύρεται

1759 3180 1968 3249 jestatis
1996 3195 2058 3234 ac
2086 3181 2231 3250 regni
2262 3181 2388 3236 sede
2416 3182 2840 3247 collocationem,
2861 3183 3146 3252 divinoque
3168 3185 3281 3252 ipse

162 3268 238 3337 τήν
258 3272 326 3331 εἰς
354 3273 526 3325 πᾶσαν
556 3273 659 3343 τὴν
684 3273 795 3341 γῆν
833 3273 1124 3343 μέλλουσαν
1147 3275 1355 3328 ἔσεσθαι
1386 3277 1580 3343 γνῶσίν
1604 3294 1663 3329 τι

163 3358 547 3429 καὶδοξολογίαν,
567 3362 641 3415 τὰ
671 3363 917 3432 σεραφὶμ
943 3363 1171 3430 εἰσάγων
1190 3364 1480 3418 κυκλοῦντα
1500 3366 1662 3429 ,αὑτὸν

162 3448 235 3499 καὶ
259 3449 546 3515 φάσκοντα*
577 3469 597 3502 ι
627 3452 852 3517 ”Δγιος,
886 3452 1070 3518 ἅγιος,
1102 3452 1252 3519 ἅγιος
1271 3495 1286 3518 ,
1321 3453 1518 3524 Κύριος
1565 3454 1666 3506 Σα-

164 3532 297 3601 σοὼθ,
331 3539 535 3611 πλήρης
583 3543 744 3595 πᾶσα
775 3543 807 3611 ή
856 3542 925 3610 γῆ
956 3542 1054 3610 τῆς
1087 3542 1239 3611 δόξης
1279 3543 1457 3596 αὐτοῦ.
1484 3563 1501 3593 ι
1538 3545 1666 3597 Τίνα

160 3623 197 3675 δ’
220 3626 276 3679 ἂν
295 3630 372 3699 εἴη
397 3630 464 3684 τά
496 3632 769 3701 σεραφὶμ,
789 3630 860 3683 τά
876 3632 966 3683 τὸν
992 3632 1221 3702 Χριστὸν
1249 3632 1342 3684 τοῦ
1363 3632 1494 3685 Θεοῦ
1516 3633 1667 3703 δορυ-

166 3716 403 3784 φοροῦντα,
436 3718 470 3789 ἢ
502 3720 648 3790 τάχα
684 3719 814 3783 ἴσως
833 3720 1073 3788 ἀγγέλων
1099 3721 1192 3772 καὶ
1219 3720 1374 3773 θείων
1393 3722 1666 3791 δυνάμεων

160 3806 296 3873 χοροὶ,
319 3807 352 3877 ἢ
374 3809 466 3861 καὶ
493 3808 797 3879 προφητῶν
821 3809 913 3860 καὶ
953 3807 1293 3872 ἀποστόλων;
1320 3809 1666 3880 ἑρμηνεύεται

162 3891 247 3961 γὰρ
270 3896 333 3948 τά
372 3899 615 3966 σεραφὶμ
646 3895 807 3965 ἀρχὴ
839 3898 1131 3965 στόματος
1177 3897 1386 3950 αὐτῶν.
1433 3897 1667 3951 Τοιοῦτοι

157 3982 203 4033 ἃ
222 3985 264 4035 oi
290 3987 558 4057 προφῆται
588 3987 690 4040 καὶ
727 3986 1023 4050 ἀπόστολοι,
1050 3982 1125 4040 ὧν
1165 3986 1252 4039 διὰ
1293 3986 1385 4041 τοῦ
1414 3988 1668 4057 στόματος

160 4071 189 4138 ἡ
225 4074 426 4147 ἀπαρχὴ
468 4076 670 4144 γέγονε
710 4074 805 4128 τοῦ
852 4077 1113 4146 σωτηρίου
1166 4074 1546 4146 κηρύγματος·
1588 4077 1671 4130 διὸ

157 4161 326 4233 ταύτης
349 4165 540 4235 ἔτυχον
570 4165 676 4234 τῆς
721 4164 1116 4235 προσηγορίας,
1150 4157 1222 4217 ὧν
1254 4164 1344 4217 καὶ
1380 4165 1472 4218 τοῦ
1516 4165 1667 4233 ἁγίου

160 4246 432 4320 Πνεῦματος
461 4256 518 4306 αἱ
548 4253 831 4321 δυνάμεις,
868 4253 1129 4323 πτέρυγες
1164 4253 1531 4324 ὠνομασμέναι
1550 4292 1566 4317 ,
1602 4254 1669 4308 τά

157 4339 240 4404 μὲν
265 4341 442 4409 πρῶτα
466 4343 565 4396 καὶ
595 4341 668 4394 τά
695 4341 895 4395 ὕστατα
919 4342 1015 4411 τῆς
1046 4341 1135 4393 τοῦ
1160 4341 1290 4395 Θεοῦ
1329 4344 1496 4411 Λόγου
1530 4343 1667 4411 γνώο

1759 3278 1902 3326 esset
1934 3269 2136 3339 Spiritu
2186 3272 2510 3337 instinctus,
2564 3279 2809 3340 essetque
2845 3272 3098 3341 deinceps
3136 3274 3282 3341 ejus-

1760 3361 1879 3417 dem
1909 3368 1972 3415 ad
2014 3361 2255 3417 homines
2286 3376 2595 3427 accessum,
2646 3369 2927 3430 ortumque
2953 3361 3018 3416 de
3069 3362 3284 3433 Virgine

1760 3450 2146 3519 descripturus,
2179 3451 2328 3520 prius
2358 3451 2671 3505 testiﬁcatur
2701 3464 2841 3515 eam,
2871 3451 3026 3520 311
3060 3467 3179 3520 qua:
3225 3453 3280 3505 in

1762 3555 1973 3594 omnem
2035 3548 2231 3593 terram
2264 3547 2579 3608 perventura
2635 3547 2768 3603 erat,
2829 3542 3208 3610 cognitionem,
3231 3550 3285 3594 ct

1762 3630 1943 3699 gloria:
1972 3630 2417 3698 medicationem,
2441 3632 2555 3699 ipsa
2584 3630 2847 3699 seraphim
2873 3630 3150 3695 inducens,
3167 3646 3285 3699 qua:

1762 3721 1962 3775 circum
1987 3719 2134 3773 illum
2159 3726 2381 3785 starent,
2409 3733 2470 3773 ac
2508 3719 2786 3774 dicerent:
2826 3737 2845 3769 ‹
2886 3716 3282 3781 Sanctus,san-

1762 3819 1903 3875 ctus,
1929 3819 2168 3871 sanctus,
2198 3807 2452 3863 Dominus
2489 3807 2743 3870 Sabaoth,
2776 3808 2931 3877 plena
2975 3817 3060 3864 est
3107 3810 3285 3863 omnis

1762 3906 1907 3954 terra
1936 3900 2101 3970 gloria
2125 3900 2261 3967 ejus.
2300 3918 2318 3951 ι
2353 3897 2456 3953 Sed
2493 3912 2735 3968 quaenam
2762 3899 3115 3953 existimanda
3161 3907 3287 3953 sunt

1765 3989 1879 4044 haec
1905 3988 2191 4057 seraphim,
2217 3988 2488 4043 Christum
2519 3987 2612 4043 Dei
2631 3987 2925 4057 stipantia?
2951 3986 3086 4041 Num
3122 3989 3287 4042 forsi-

1764 4084 1855 4132 tan
1882 4079 2187 4148 angelorum
2216 4091 2279 4131 ac
2308 4076 2606 4130 divinarum
2644 4083 2965 4142 potestatum
2994 4076 3145 4130 chori
3170 4115 3188 4139 ,
3219 4090 3288 4130 an

1764 4181 1892 4220 vero
1916 4165 2290 4235 prophetarum
2328 4174 2485 4235 atque
2527 4165 2927 4234 apostolorum?
2968 4178 3090 4219 nam
3137 4178 3291 4218 sera-

1767 4256 1909 4324 phim
1942 4256 1985 4310 si
2024 4256 2417 4324 interpreteris,
2454 4257 2656 4309 initium
2690 4257 2795 4310 oris
2825 4257 3053 4324 ipsorum
3080 4254 3287 4310 audias.

1768 4343 1923 4397 Tales
1955 4358 2081 4398 vero
2110 4352 2163 4397 et
2194 4344 2462 4411 propheta:
2491 4353 2544 4398 et
2578 4343 2824 4414 apostoli,
2850 4357 2943 4411 per
2961 4354 3185 4409 quorum
3203 4355 3288 4406 os,

159 4439 271 4513 sm;
311 4430 740 4501 ἐπικρύπτουσιν
761 4468 776 4492 ,
820 4430 895 4492 ὡς
934 4430 1142 4500 ἄρρητα
1178 4431 1270 4482 καὶ
1322 4431 1669 4500 ἀκατάληπτα

1769 4431 1937 4484 instar
1961 4431 2331 4499 primitiarum,
2373 4431 2583 4486 initium
2613 4431 2862 4486 salutaris
2896 4429 3290 4499 praedicationis

155 4511 262 4569 ὄντα
286 4518 377 4589 τήν
405 4520 596 4588 φύσιν,
630 4519 697 4571 τὰ
722 4518 779 4571 δὲ
808 4518 946 4587 μέσα
971 4518 1069 4587 τῆς
1102 4518 1226 4588 περὶ
1272 4519 1432 4573 αὑτοῦ
1470 4522 1669 4572 οίκονο-

161 4605 265 4672 μίας
286 4609 656 4676 ὲκφαίνουσιν,
676 4610 756 4662 ὅτι
787 4608 849 4679 δὴ
877 4609 1011 4679 μόνα
1030 4608 1240 4676 γνωστὰ
1272 4608 1438 4660 ταῦτα
1470 4608 1672 4677 ἀνθρώ-

161 4698 447 4765 πωνςιύσει,
473 4699 587 4753 τῶν
631 4699 882 4751 ἐπέκεινα
935 4698 1026 4750 καὶ
1080 4698 1184 4750 τῶν
1225 4696 1357 4767 μετά
1402 4697 1570 4752 ταῦτα
1617 4700 1672 4749 ἐν

161 4782 457 4854 ἀπορρήτοις
489 4785 882 4854 σεσιγημένων.
909 4784 1016 4835 Καὶ
1049 4784 1297 4852 δυνάμεις
1333 4783 1389 4835 δὲ
1415 4784 1549 4838 θεῖαι
1582 4786 1673 4838 καὶ

164 4870 368 4941 οὓράνιοι
404 4871 516 4927 εἷεν
544 4876 636 4937 ἀν,
668 4875 754 4927 διά
788 4875 848 4926 τὸ
891 4873 1124 4943 σεραφὶμ
1159 4870 1540 4941 ἑρμηνεύεσθαι
1578 4872 1675 4939 ἐμ-

168 4966 432 5031 ιρησμοί·
466 4965 552 5018 διὸ
588 4963 831 5033 εἴρηταιο
875 4982 895 5014 ι
942 4965 998 5015 'U
1044 4962 1204 5015 ποιῶν
1250 4962 1375 5021 τοὺς
1422 4961 1674 5028 ἀγγέλους

169 5049 304 5103 αὑτοῦ
325 5054 641 5124 πνεύματα,
674 5055 766 5107 καὶ
796 5034 922 5115 τοὺς
957 5052 1288 5120 λειτουργοὺς
1319 5049 1479 5101 αὐτοῦ
1510 5052 1675 5120 πυρὸς

176 5136 335 5204 φλόγα.
365 5160 385 5191 r
410 5142 726 5212 Κεκράγασι
750 5140 808 5192 δὲ
845 5135 988 5191 οὗτοι
1032 5139 1120 5189 καὶ
1150 5136 1339 5204 βοῶσιν
1379 5133 1556 5202 ἔτερος
1601 5135 1675 5205 τῷ

178 5224 319 5296 ἑτέρῳ
341 5230 475 5283 κατά
501 5231 605 5300 τὴν
643 5229 845 5283 οἰκείαν
877 5226 1118 5295 δύναμιν,
1148 5225 1244 5293 τὴν
1290 5221 1544 5290 ἁγιότητα
1583 5226 1674 5278 τοῦ

187 5309 554 5387 θιολογουμένου
577 5315 968 5388 παριστῶντες,
994 5314 1084 5364 καὶ
1107 5311 1166 5364 τό
1178 5327 1239 5378 γε
1267 5308 1479 5361 πάντων
1503 5328 1676 5382 παρα-

184 5397 449 5468 δοξότατον,
492 5404 881 5471 θεολογοῦντες.
929 5402 1048 5453 Ὅτι
1092 5400 1161 5469 μὴ
1200 5398 1357 5467 μόνος
1386 5400 1474 5451 καὶ
1510 5399 1578 5453 τὰ
1617 5403 1675 5454 ἐν

195 5487 367 5559 οὐρανῷ
385 5494 550 5546 πάντα
574 5491 752 5560 πλήρη
777 5487 1030 5555 τυγχάνει
1053 5485 1145 5555 τῆς
1166 5482 1458 5551 δοξολογίας
1484 5488 1671 5554 αὑτοῦ,

1776 4519 1970 4570 laetum
1992 4527 2094 4580 est,
2117 4533 2182 4573 ex
2206 4532 2312 4587 quo
2340 4520 2744 4588 appellationem
2776 4519 2913 4572 hanc
2941 4517 3115 4570 sortiti
3144 4525 3288 4578 sunt.

1774 4605 1912 4657 sicut
1951 4604 2109 4657 etiam
2143 4607 2309 4659 sancti
2334 4604 2563 4674 Spiritus
2603 4613 2912 4675 potestates,
2934 4618 3053 4672 qua:
3077 4603 3172 4656 ala:
3195 4617 3293 4655 no-

1775 4692 1987 4745 minatae
2036 4701 2187 4755 sunt,
2222 4694 2420 4761 primas
2449 4696 2659 4763 quidem
2710 4703 2868 4762 atque
2913 4702 3176 4745 extremas
3226 4691 3292 4745 de

1775 4780 1882 4835 Deo
1908 4779 2083 4835 Verbo
2129 4784 2328 4837 notitia:
2354 4791 2532 4852 partes
2569 4783 2857 4844 occultant,
2894 4791 3148 4850 tanquam
3198 4795 3290 4834 eas

1774 4884 1892 4937 qua:
1916 4874 2104 4935 suapte
2140 4876 2327 4922 natura
2373 4886 2543 4939 neque
2570 4869 2676 4923 dici
2722 4884 2893 4937 neque
2920 4866 3294 4936 comprehendi

1775 4959 2014 5025 possint;
2063 4970 2181 5022 quas
2230 4971 2354 5010 vero
2401 4958 2568 5027 ipsius
2619 4955 2686 5009 de
2739 4956 2830 5009 illo
2877 4954 3296 5023 dispensationis

1776 5043 1960 5099 mediae
1995 5050 2141 5109 sunt,
2166 5058 2258 5098 eas
2289 5046 2574 5099 ostendunt
2601 5083 2615 5108 ,
2671 5051 2951 5112 propterea
3004 5043 3151 5112 quod
3181 5043 3295 5098 sola

1776 5135 1887 5189 haec
1912 5143 2114 5188 natura;
2140 5134 2411 5188 hominum
2460 5134 2860 5203 eognoscibilia,
2896 5150 3017 5189 cum
3066 5148 3129 5188 ea
3180 5149 3296 5202 qua:

1777 5238 1936 5294 supra
1963 5223 2074 5279 haec
2097 5231 2149 5277 et
2179 5230 2300 5292 post
2322 5223 2431 5277 haec
2461 5224 2661 5291 reliqua
2699 5230 2846 5288 sunt,
2875 5222 2930 5276 in
2961 5220 3172 5275 arcanis
3200 5220 3297 5272 ha-

1779 5317 1885 5369 bita
1918 5315 2193 5369 sileantur.
2225 5313 2482 5368 Prmterea
2509 5314 2700 5368 divina:
2743 5328 2809 5367 ac
2852 5313 3099 5368 colestes
3157 5317 3299 5378 pote-

1778 5413 1964 5469 states,
1993 5412 2243 5474 poterunt
2287 5404 2413 5457 item
2458 5403 2718 5460 vocabulo
2758 5403 3023 5473 seraphim
3047 5399 3297 5466 intelligi,

1777 5498 2039 5561 quatenus
2066 5489 2168 5543 alia
2194 5489 2423 5558 quadam
2454 5490 2659 5546 ratione
2677 5528 2693 5554 ,
2726 5490 2994 5558 seraphim
3022 5501 3085 5542 ex
3133 5486 3298 5538 inter-

250 5656 286 5687 “
306 5658 396 5713 \sa.
423 5676 494 5723 vt,
524 5659 678 5714 8-H.
758 5654 800 5686 ³⁸
826 5654 973 5707 Psal.
1009 5671 1148 5717 xuv,
1177 5655 1224 5709 7.
1299 5654 1341 5686 "
1366 5653 1498 5712 Psal.
1528 5673 1641 5725 σει,
1672 5660 1727 5727 1,
1748 5661 1803 5717 2.
1876 5663 1918 5696 ³⁸
1953 5661 2103 5717 Joan.
2134 5676 2237 5728 xu,
2264 5645 2455 5731 40,“.

499 5753 770 5811 ΡΑτ-ιιοι.
808 5744 923 5804 Gn.
974 5748 1175 5811 XXI].

2881 5758 2951 5817 16
