  <div class='ocr_page' id='page_1' title='image "/cluster/home/n/w/nwhite01/storage/ocr_20150623/22 (Eusebius; pt. 4)/nyp.33433081862355/269.png"; bbox 0 0 3738 6278; ppageno 0'>
   <div class='ocr_carea' id='block_1_1' title="bbox 844 328 937 382">
    <p class='ocr_par' dir='ltr' id='par_1_1' title="bbox 844 328 937 382">
     <span class='ocr_line' id='line_1_1' title="bbox 844 328 937 382; baseline -0.022 0"><span class='ocrx_word' id='word_1_1' title='bbox 844 328 937 382; x_wconf 72' lang='grc'><strong>491</strong></span> 
     </span>
    </p>
   </div>
   <div class='ocr_carea' id='block_1_2' title="bbox 1492 313 3318 377">
    <p class='ocr_par' dir='ltr' id='par_1_2' title="bbox 1492 313 3318 377">
     <span class='ocr_line' id='line_1_2' title="bbox 1492 313 3318 377; baseline -0.001 -3"><span class='ocrx_word' id='word_1_2' title='bbox 1492 320 1753 376; x_wconf 79' lang='lat' dir='ltr'><strong>EUSEBH</strong></span> <span class='ocrx_word' id='word_1_3' title='bbox 1789 318 2253 377; x_wconf 63' lang='lat' dir='ltr'><strong>CESARIENSIS</strong></span> <span class='ocrx_word' id='word_1_4' title='bbox 2287 317 2434 373; x_wconf 81' lang='lat' dir='ltr'><strong>OPP.</strong></span> <span class='ocrx_word' id='word_1_5' title='bbox 2477 316 2655 372; x_wconf 77' lang='lat' dir='ltr'><strong>PARS</strong></span> <span class='ocrx_word' id='word_1_6' title='bbox 2690 316 2839 371; x_wconf 83' lang='grc' dir='ltr'><strong>Π.--</strong></span> <span class='ocrx_word' id='word_1_7' title='bbox 2862 313 3318 372; x_wconf 78' lang='lat' dir='ltr'><strong>APOLOGETICA.</strong></span> 
     </span>
    </p>
   </div>
   <div class='ocr_carea' id='block_1_3' title="bbox 847 429 2323 509">
    <p class='ocr_par' dir='ltr' id='par_1_3' title="bbox 847 433 2323 509">
     <span class='ocr_line' id='line_1_3' title="bbox 847 433 2323 509; baseline -0.005 -17"><span class='ocrx_word' id='word_1_8' title='bbox 847 438 1157 509; x_wconf 84' lang='lat' dir='ltr'><strong>pretatione,</strong></span> <span class='ocrx_word' id='word_1_9' title='bbox 1184 433 1424 488; x_wconf 83' lang='lat' dir='ltr'><strong>incendia</strong></span> <span class='ocrx_word' id='word_1_10' title='bbox 1451 434 1771 503; x_wconf 82' lang='lat' dir='ltr'><strong>signiﬁcant,</strong></span> <span class='ocrx_word' id='word_1_11' title='bbox 1794 451 1858 489; x_wconf 88' lang='lat' dir='ltr'><strong>ex</strong></span> <span class='ocrx_word' id='word_1_12' title='bbox 1880 449 1986 504; x_wconf 91' lang='lat' dir='ltr'><strong>quo</strong></span> <span class='ocrx_word' id='word_1_13' title='bbox 2011 434 2138 487; x_wconf 90' lang='lat' dir='ltr'><strong>illud</strong></span> <span class='ocrx_word' id='word_1_14' title='bbox 2164 433 2323 487; x_wconf 77' lang='lat' dir='ltr'><strong>dictul</strong></span> 
     </span>
    </p>
   </div>
   <div class='ocr_carea' id='block_1_4' title="bbox 1863 429 3339 509">
    <p class='ocr_par' dir='ltr' id='par_1_4' title="bbox 1880 429 3339 504">
     <span class='ocr_line' id='line_1_4' title="bbox 1880 429 3339 504; baseline -0.004 -16"><span class='ocrx_word' id='word_1_15' title='bbox 1880 449 1986 504; x_wconf 91' lang='lat' dir='ltr'><strong>quo</strong></span> <span class='ocrx_word' id='word_1_16' title='bbox 2011 434 2138 487; x_wconf 88' lang='lat' dir='ltr'><strong>illud</strong></span> <span class='ocrx_word' id='word_1_17' title='bbox 2164 433 2367 487; x_wconf 90' lang='lat' dir='ltr'><strong>dictum</strong></span> <span class='ocrx_word' id='word_1_18' title='bbox 2395 440 2438 490; x_wconf 77' lang='grc' dir='ltr'><strong>Α</strong></span> <span class='ocrx_word' id='word_1_19' title='bbox 2465 432 2597 485; x_wconf 77' lang='grc' dir='ltr'>ἀλλὰ</span> <span class='ocrx_word' id='word_1_20' title='bbox 2621 433 2716 484; x_wconf 77' lang='grc' dir='ltr'><strong>καὶ</strong></span> <span class='ocrx_word' id='word_1_21' title='bbox 2759 432 2903 483; x_wconf 81' lang='grc' dir='ltr'>πᾶσα</span> <span class='ocrx_word' id='word_1_22' title='bbox 2933 431 2965 499; x_wconf 86' lang='grc' dir='ltr'><strong>ή</strong></span> <span class='ocrx_word' id='word_1_23' title='bbox 3001 429 3068 499; x_wconf 81' lang='grc' dir='ltr'><strong>γῆ</strong></span> <span class='ocrx_word' id='word_1_24' title='bbox 3108 430 3197 499; x_wconf 84' lang='grc' dir='ltr'>τῆς</span> <span class='ocrx_word' id='word_1_25' title='bbox 3226 431 3339 484; x_wconf 67' lang='lat' dir='ltr'><strong>aia-ci</strong></span> 
     </span>
    </p>
   </div>
   <div class='ocr_carea' id='block_1_5' title="bbox 842 523 2370 593">
    <p class='ocr_par' dir='ltr' id='par_1_5' title="bbox 842 523 2370 593">
     <span class='ocr_line' id='line_1_5' title="bbox 842 523 2370 593; baseline -0.006 -10"><span class='ocrx_word' id='word_1_26' title='bbox 842 538 958 584; x_wconf 91' lang='lat' dir='ltr'><strong>est:</strong></span> <span class='ocrx_word' id='word_1_27' title='bbox 993 545 1011 577; x_wconf 73' lang='grc' dir='ltr'><strong>ι</strong></span> <span class='ocrx_word' id='word_1_28' title='bbox 1056 525 1156 589; x_wconf 80' lang='lat' dir='ltr'><strong>Qui</strong></span> <span class='ocrx_word' id='word_1_29' title='bbox 1191 523 1318 577; x_wconf 87' lang='lat' dir='ltr'><strong>facit</strong></span> <span class='ocrx_word' id='word_1_30' title='bbox 1359 526 1575 593; x_wconf 84' lang='lat' dir='ltr'><strong>angelos</strong></span> <span class='ocrx_word' id='word_1_31' title='bbox 1629 539 1756 577; x_wconf 89' lang='lat' dir='ltr'><strong>suos</strong></span> <span class='ocrx_word' id='word_1_32' title='bbox 1812 525 2063 592; x_wconf 88' lang='lat' dir='ltr'><strong>spiritus,</strong></span> <span class='ocrx_word' id='word_1_33' title='bbox 2112 536 2166 577; x_wconf 88' lang='lat' dir='ltr'><strong>et</strong></span> <span class='ocrx_word' id='word_1_34' title='bbox 2208 523 2370 575; x_wconf 87' lang='lat' dir='ltr'><strong>mini-</strong></span> 
     </span>
    </p>
   </div>
   <div class='ocr_carea' id='block_1_6' title="bbox 842 609 2368 679">
    <p class='ocr_par' dir='ltr' id='par_1_6' title="bbox 842 609 2368 679">
     <span class='ocr_line' id='line_1_6' title="bbox 842 609 2368 679; baseline -0.005 -10"><span class='ocrx_word' id='word_1_35' title='bbox 842 626 982 669; x_wconf 84' lang='lat' dir='ltr'><strong>stros</strong></span> <span class='ocrx_word' id='word_1_36' title='bbox 1015 627 1142 667; x_wconf 91' lang='lat' dir='ltr'><strong>suos</strong></span> <span class='ocrx_word' id='word_1_37' title='bbox 1171 611 1310 679; x_wconf 89' lang='lat' dir='ltr'><strong>ignis</strong></span> <span class='ocrx_word' id='word_1_38' title='bbox 1341 611 1607 664; x_wconf 81' lang='lat' dir='ltr'><strong>llammam</strong></span> <span class='ocrx_word' id='word_1_39' title='bbox 1633 613 1695 666; x_wconf 80' lang='lat'><strong>”.</strong></span> <span class='ocrx_word' id='word_1_40' title='bbox 1732 631 1750 662; x_wconf 76' lang='grc' dir='ltr'><strong>ι</strong></span> <span class='ocrx_word' id='word_1_41' title='bbox 1786 611 2030 665; x_wconf 77' lang='lat' dir='ltr'><strong>Clamant</strong></span> <span class='ocrx_word' id='word_1_42' title='bbox 2054 625 2212 679; x_wconf 90' lang='lat' dir='ltr'><strong>porro</strong></span> <span class='ocrx_word' id='word_1_43' title='bbox 2230 609 2286 662; x_wconf 87' lang='lat' dir='ltr'><strong>hi</strong></span> <span class='ocrx_word' id='word_1_44' title='bbox 2315 617 2368 662; x_wconf 91' lang='lat' dir='ltr'><strong>et</strong></span> 
     </span>
    </p>
   </div>
   <div class='ocr_carea' id='block_1_7' title="bbox 842 698 2367 769">
    <p class='ocr_par' dir='ltr' id='par_1_7' title="bbox 842 698 2367 769">
     <span class='ocr_line' id='line_1_7' title="bbox 842 698 2367 769; baseline -0.004 -13"><span class='ocrx_word' id='word_1_45' title='bbox 842 702 1199 757; x_wconf 76' lang='lat' dir='ltr'><strong>vociferantur</strong></span> <span class='ocrx_word' id='word_1_46' title='bbox 1245 701 1379 754; x_wconf 90' lang='lat' dir='ltr'><strong>alter</strong></span> <span class='ocrx_word' id='word_1_47' title='bbox 1407 701 1472 753; x_wconf 89' lang='lat' dir='ltr'><strong>ad</strong></span> <span class='ocrx_word' id='word_1_48' title='bbox 1497 702 1718 754; x_wconf 90' lang='lat' dir='ltr'><strong>alterum</strong></span> <span class='ocrx_word' id='word_1_49' title='bbox 1755 716 1851 769; x_wconf 91' lang='lat' dir='ltr'><strong>pro</strong></span> <span class='ocrx_word' id='word_1_50' title='bbox 1882 702 1994 754; x_wconf 89' lang='lat' dir='ltr'><strong>suis</strong></span> <span class='ocrx_word' id='word_1_51' title='bbox 2031 699 2258 768; x_wconf 87' lang='lat' dir='ltr'><strong>quisque</strong></span> <span class='ocrx_word' id='word_1_52' title='bbox 2285 698 2367 752; x_wconf 88' lang='lat' dir='ltr'><strong>vi-</strong></span> 
     </span>
    </p>
   </div>
   <div class='ocr_carea' id='block_1_8' title="bbox 840 789 2371 859">
    <p class='ocr_par' dir='ltr' id='par_1_8' title="bbox 840 789 2371 859">
     <span class='ocr_line' id='line_1_8' title="bbox 840 789 2371 859; baseline -0.003 -14"><span class='ocrx_word' id='word_1_53' title='bbox 840 793 1007 855; x_wconf 85' lang='lat' dir='ltr'><strong>ribus,</strong></span> <span class='ocrx_word' id='word_1_54' title='bbox 1043 790 1376 844; x_wconf 71' lang='lat' dir='ltr'><strong>sanctitatem</strong></span> <span class='ocrx_word' id='word_1_55' title='bbox 1401 790 1539 857; x_wconf 93' lang='lat' dir='ltr'><strong>ejus,</strong></span> <span class='ocrx_word' id='word_1_56' title='bbox 1566 790 1633 843; x_wconf 89' lang='lat' dir='ltr'><strong>de</strong></span> <span class='ocrx_word' id='word_1_57' title='bbox 1659 806 1762 859; x_wconf 89' lang='lat' dir='ltr'><strong>quo</strong></span> <span class='ocrx_word' id='word_1_58' title='bbox 1786 799 1842 842; x_wconf 92' lang='lat' dir='ltr'><strong>ut</strong></span> <span class='ocrx_word' id='word_1_59' title='bbox 1865 790 1931 843; x_wconf 91' lang='lat' dir='ltr'><strong>de</strong></span> <span class='ocrx_word' id='word_1_60' title='bbox 1970 789 2077 843; x_wconf 90' lang='lat' dir='ltr'><strong>Deo</strong></span> <span class='ocrx_word' id='word_1_61' title='bbox 2135 789 2371 856; x_wconf 81' lang='lat' dir='ltr'><strong>loquitur</strong></span> 
     </span>
    </p>
   </div>
   <div class='ocr_carea' id='block_1_9' title="bbox 839 881 2371 955">
    <p class='ocr_par' dir='ltr' id='par_1_9' title="bbox 839 881 2371 955">
     <span class='ocr_line' id='line_1_9' title="bbox 839 881 2371 955; baseline -0.003 -17"><span class='ocrx_word' id='word_1_62' title='bbox 839 887 1113 955; x_wconf 81' lang='lat' dir='ltr'><strong>propheta,</strong></span> <span class='ocrx_word' id='word_1_63' title='bbox 1139 884 1593 945; x_wconf 86' lang='lat' dir='ltr'><strong>commendantes,</strong></span> <span class='ocrx_word' id='word_1_64' title='bbox 1625 882 1842 951; x_wconf 88' lang='lat' dir='ltr'><strong>etquod</strong></span> <span class='ocrx_word' id='word_1_65' title='bbox 1871 881 2108 935; x_wconf 91' lang='lat' dir='ltr'><strong>omnium</strong></span> <span class='ocrx_word' id='word_1_66' title='bbox 2137 881 2371 934; x_wconf 89' lang='lat' dir='ltr'><strong>admira-</strong></span> 
     </span>
    </p>
   </div>
   <div class='ocr_carea' id='block_1_10' title="bbox 839 972 2369 1043">
    <p class='ocr_par' dir='ltr' id='par_1_10' title="bbox 839 972 2369 1043">
     <span class='ocr_line' id='line_1_10' title="bbox 839 972 2369 1043; baseline -0.003 -13"><span class='ocrx_word' id='word_1_67' title='bbox 839 979 984 1031; x_wconf 86' lang='lat' dir='ltr'><strong>tione</strong></span> <span class='ocrx_word' id='word_1_68' title='bbox 1012 975 1382 1043; x_wconf 87' lang='lat' dir='ltr'><strong>dignissimum</strong></span> <span class='ocrx_word' id='word_1_69' title='bbox 1408 983 1508 1037; x_wconf 89' lang='lat' dir='ltr'><strong>est,</strong></span> <span class='ocrx_word' id='word_1_70' title='bbox 1533 973 1829 1042; x_wconf 90' lang='lat' dir='ltr'><strong>theologice</strong></span> <span class='ocrx_word' id='word_1_71' title='bbox 1850 972 2203 1035; x_wconf 87' lang='lat' dir='ltr'><strong>declarantes,</strong></span> <span class='ocrx_word' id='word_1_72' title='bbox 2226 972 2369 1041; x_wconf 91' lang='lat' dir='ltr'><strong>quod</strong></span> 
     </span>
    </p>
   </div>
   <div class='ocr_carea' id='block_1_11' title="bbox 838 1060 2370 1129">
    <p class='ocr_par' dir='ltr' id='par_1_11' title="bbox 838 1060 2370 1129">
     <span class='ocr_line' id='line_1_11' title="bbox 838 1060 2370 1129; baseline -0.003 -10"><span class='ocrx_word' id='word_1_73' title='bbox 838 1080 946 1119; x_wconf 91' lang='lat' dir='ltr'><strong>non</strong></span> <span class='ocrx_word' id='word_1_74' title='bbox 981 1063 1140 1117; x_wconf 89' lang='lat' dir='ltr'><strong>modo</strong></span> <span class='ocrx_word' id='word_1_75' title='bbox 1168 1062 1381 1124; x_wconf 78' lang='lat' dir='ltr'><strong>calum,</strong></span> <span class='ocrx_word' id='word_1_76' title='bbox 1411 1069 1463 1115; x_wconf 93' lang='lat' dir='ltr'><strong>et</strong></span> <span class='ocrx_word' id='word_1_77' title='bbox 1506 1061 1703 1129; x_wconf 86' lang='lat' dir='ltr'><strong>quain</strong></span> <span class='ocrx_word' id='word_1_78' title='bbox 1742 1061 1879 1114; x_wconf 85' lang='lat' dir='ltr'><strong>coelo</strong></span> <span class='ocrx_word' id='word_1_79' title='bbox 1916 1067 2075 1124; x_wconf 88' lang='lat' dir='ltr'><strong>sunt,</strong></span> <span class='ocrx_word' id='word_1_80' title='bbox 2119 1060 2370 1115; x_wconf 88' lang='lat' dir='ltr'><strong>universa</strong></span> 
     </span>
    </p>
   </div>
   <div class='ocr_carea' id='block_1_12' title="bbox 839 1148 2369 1222">
    <p class='ocr_par' dir='ltr' id='par_1_12' title="bbox 839 1148 2369 1222">
     <span class='ocr_line' id='line_1_12' title="bbox 839 1148 2369 1222; baseline -0.001 -18"><span class='ocrx_word' id='word_1_81' title='bbox 839 1153 995 1222; x_wconf 89' lang='lat' dir='ltr'><strong>plena</strong></span> <span class='ocrx_word' id='word_1_82' title='bbox 1028 1158 1154 1205; x_wconf 92' lang='lat' dir='ltr'><strong>sunt</strong></span> <span class='ocrx_word' id='word_1_83' title='bbox 1189 1150 1465 1217; x_wconf 86' lang='lat' dir='ltr'><strong>majestate</strong></span> <span class='ocrx_word' id='word_1_84' title='bbox 1495 1156 1547 1202; x_wconf 92' lang='lat' dir='ltr'><strong>et</strong></span> <span class='ocrx_word' id='word_1_85' title='bbox 1573 1148 1741 1218; x_wconf 78' lang='lat' dir='ltr'><strong>gloria</strong></span> <span class='ocrx_word' id='word_1_86' title='bbox 1768 1148 1905 1217; x_wconf 90' lang='lat' dir='ltr'><strong>ejus,</strong></span> <span class='ocrx_word' id='word_1_87' title='bbox 1940 1148 2032 1203; x_wconf 89' lang='lat' dir='ltr'><strong>sed</strong></span> <span class='ocrx_word' id='word_1_88' title='bbox 2060 1149 2221 1202; x_wconf 90' lang='lat' dir='ltr'><strong>etiam</strong></span> <span class='ocrx_word' id='word_1_89' title='bbox 2248 1164 2369 1203; x_wconf 82' lang='lat' dir='ltr'><strong>om-</strong></span> 
     </span>
    </p>
   </div>
   <div class='ocr_carea' id='block_1_13' title="bbox 840 1237 2374 1308">
    <p class='ocr_par' dir='ltr' id='par_1_13' title="bbox 840 1237 2374 1308">
     <span class='ocr_line' id='line_1_13' title="bbox 840 1237 2374 1308; baseline -0.003 -12"><span class='ocrx_word' id='word_1_90' title='bbox 840 1259 923 1296; x_wconf 87' lang='lat' dir='ltr'><strong>ms</strong></span> <span class='ocrx_word' id='word_1_91' title='bbox 952 1252 1088 1296; x_wconf 90' lang='lat' dir='ltr'><strong>terra</strong></span> <span class='ocrx_word' id='word_1_92' title='bbox 1119 1239 1353 1307; x_wconf 90' lang='lat' dir='ltr'><strong>ejusdem</strong></span> <span class='ocrx_word' id='word_1_93' title='bbox 1412 1237 1681 1293; x_wconf 77' lang='lat' dir='ltr'><strong>facultatis</strong></span> <span class='ocrx_word' id='word_1_94' title='bbox 1718 1251 1780 1291; x_wconf 90' lang='lat' dir='ltr'><strong>ac</strong></span> <span class='ocrx_word' id='word_1_95' title='bbox 1820 1238 2034 1292; x_wconf 91' lang='lat' dir='ltr'><strong>virtutis</strong></span> <span class='ocrx_word' id='word_1_96' title='bbox 2080 1245 2161 1292; x_wconf 88' lang='lat' dir='ltr'><strong>cst</strong></span> <span class='ocrx_word' id='word_1_97' title='bbox 2206 1240 2374 1308; x_wconf 84' lang='lat' dir='ltr'><strong>parti-</strong></span> 
     </span>
    </p>
   </div>
   <div class='ocr_carea' id='block_1_14' title="bbox 838 1328 2372 1400">
    <p class='ocr_par' dir='ltr' id='par_1_14' title="bbox 838 1328 2372 1400">
     <span class='ocr_line' id='line_1_14' title="bbox 838 1328 2372 1400; baseline -0.001 -15"><span class='ocrx_word' id='word_1_98' title='bbox 838 1347 993 1400; x_wconf 78' lang='lat' dir='ltr'><strong>ceps,</strong></span> <span class='ocrx_word' id='word_1_99' title='bbox 1043 1340 1259 1399; x_wconf 84' lang='lat' dir='ltr'><strong>prepter</strong></span> <span class='ocrx_word' id='word_1_100' title='bbox 1291 1329 1437 1397; x_wconf 86' lang='lat' dir='ltr'><strong>ejus,</strong></span> <span class='ocrx_word' id='word_1_101' title='bbox 1473 1329 1564 1398; x_wconf 88' lang='lat' dir='ltr'><strong>qui</strong></span> <span class='ocrx_word' id='word_1_102' title='bbox 1594 1328 1804 1382; x_wconf 91' lang='lat' dir='ltr'><strong>canitur</strong></span> <span class='ocrx_word' id='word_1_103' title='bbox 1845 1329 1911 1382; x_wconf 89' lang='lat' dir='ltr'><strong>de</strong></span> <span class='ocrx_word' id='word_1_104' title='bbox 1941 1329 2077 1383; x_wconf 84' lang='lat' dir='ltr'><strong>calo</strong></span> <span class='ocrx_word' id='word_1_105' title='bbox 2105 1329 2170 1382; x_wconf 91' lang='lat' dir='ltr'><strong>ad</strong></span> <span class='ocrx_word' id='word_1_106' title='bbox 2197 1329 2372 1384; x_wconf 86' lang='lat' dir='ltr'><strong>homi-</strong></span> 
     </span>
    </p>
   </div>
   <div class='ocr_carea' id='block_1_15' title="bbox 841 1417 2372 1488">
    <p class='ocr_par' dir='ltr' id='par_1_15' title="bbox 841 1417 2372 1488">
     <span class='ocr_line' id='line_1_15' title="bbox 841 1417 2372 1488; baseline 0.001 -15"><span class='ocrx_word' id='word_1_107' title='bbox 841 1437 957 1484; x_wconf 87' lang='lat' dir='ltr'><strong>nes,</strong></span> <span class='ocrx_word' id='word_1_108' title='bbox 988 1420 1326 1482; x_wconf 80' lang='lat' dir='ltr'><strong>descensum,</strong></span> <span class='ocrx_word' id='word_1_109' title='bbox 1356 1418 1421 1472; x_wconf 91' lang='lat' dir='ltr'><strong>de</strong></span> <span class='ocrx_word' id='word_1_110' title='bbox 1454 1433 1560 1487; x_wconf 91' lang='lat' dir='ltr'><strong>quo</strong></span> <span class='ocrx_word' id='word_1_111' title='bbox 1589 1418 1838 1487; x_wconf 85' lang='lat' dir='ltr'><strong>deinceps</strong></span> <span class='ocrx_word' id='word_1_112' title='bbox 1874 1417 2084 1487; x_wconf 88' lang='lat' dir='ltr'><strong>longius</strong></span> <span class='ocrx_word' id='word_1_113' title='bbox 2117 1434 2372 1488; x_wconf 88' lang='lat' dir='ltr'><strong>progres-</strong></span> 
     </span>
    </p>
   </div>
   <div class='ocr_carea' id='block_1_16' title="bbox 841 1508 2372 1571">
    <p class='ocr_par' dir='ltr' id='par_1_16' title="bbox 841 1508 2372 1571">
     <span class='ocr_line' id='line_1_16' title="bbox 841 1508 2372 1571; baseline 0 -6"><span class='ocrx_word' id='word_1_114' title='bbox 841 1524 957 1565; x_wconf 89' lang='lat' dir='ltr'><strong>sum</strong></span> <span class='ocrx_word' id='word_1_115' title='bbox 988 1508 1261 1563; x_wconf 89' lang='lat' dir='ltr'><strong>oraculum</strong></span> <span class='ocrx_word' id='word_1_116' title='bbox 1307 1509 1662 1571; x_wconf 82' lang='lat' dir='ltr'><strong>vaticinatur,</strong></span> <span class='ocrx_word' id='word_1_117' title='bbox 1716 1523 1815 1561; x_wconf 89' lang='lat' dir='ltr'><strong>nec</strong></span> <span class='ocrx_word' id='word_1_118' title='bbox 1845 1522 1953 1561; x_wconf 91' lang='lat' dir='ltr'><strong>non</strong></span> <span class='ocrx_word' id='word_1_119' title='bbox 1990 1518 2044 1563; x_wconf 91' lang='lat' dir='ltr'><strong>et</strong></span> <span class='ocrx_word' id='word_1_120' title='bbox 2098 1517 2276 1563; x_wconf 87' lang='lat' dir='ltr'><strong>ortum</strong></span> <span class='ocrx_word' id='word_1_121' title='bbox 2304 1512 2372 1565; x_wconf 89' lang='lat' dir='ltr'><strong>de</strong></span> 
     </span>
    </p>
   </div>
   <div class='ocr_carea' id='block_1_17' title="bbox 840 1599 2371 1670">
    <p class='ocr_par' dir='ltr' id='par_1_17' title="bbox 840 1599 2371 1670">
     <span class='ocr_line' id='line_1_17' title="bbox 840 1599 2371 1670; baseline 0.001 -16"><span class='ocrx_word' id='word_1_122' title='bbox 840 1600 1077 1670; x_wconf 83' lang='lat' dir='ltr'><strong>Virgine,</strong></span> <span class='ocrx_word' id='word_1_123' title='bbox 1106 1606 1159 1655; x_wconf 95' lang='lat' dir='ltr'><strong>et</strong></span> <span class='ocrx_word' id='word_1_124' title='bbox 1185 1614 1278 1668; x_wconf 91' lang='lat' dir='ltr'><strong>per</strong></span> <span class='ocrx_word' id='word_1_125' title='bbox 1307 1599 1448 1653; x_wconf 90' lang='lat' dir='ltr'><strong>hunc</strong></span> <span class='ocrx_word' id='word_1_126' title='bbox 1480 1599 1639 1655; x_wconf 89' lang='lat' dir='ltr'><strong>latius</strong></span> <span class='ocrx_word' id='word_1_127' title='bbox 1680 1600 1733 1653; x_wconf 93' lang='lat' dir='ltr'><strong>iu</strong></span> <span class='ocrx_word' id='word_1_128' title='bbox 1776 1616 1987 1655; x_wconf 89' lang='lat' dir='ltr'><strong>omnem</strong></span> <span class='ocrx_word' id='word_1_129' title='bbox 2020 1609 2216 1656; x_wconf 89' lang='lat' dir='ltr'><strong>terram</strong></span> <span class='ocrx_word' id='word_1_130' title='bbox 2257 1602 2371 1657; x_wconf 89' lang='lat' dir='ltr'><strong>dis-</strong></span> 
     </span>
    </p>
   </div>
   <div class='ocr_carea' id='block_1_18' title="bbox 838 1689 2367 1759">
    <p class='ocr_par' dir='ltr' id='par_1_18' title="bbox 838 1689 2367 1759">
     <span class='ocr_line' id='line_1_18' title="bbox 838 1689 2367 1759; baseline 0.002 -14"><span class='ocrx_word' id='word_1_131' title='bbox 838 1690 1151 1745; x_wconf 77' lang='lat' dir='ltr'><strong>seininatam</strong></span> <span class='ocrx_word' id='word_1_132' title='bbox 1180 1689 1361 1759; x_wconf 91' lang='lat' dir='ltr'><strong>gloria</strong></span> <span class='ocrx_word' id='word_1_133' title='bbox 1408 1689 1524 1758; x_wconf 90' lang='lat' dir='ltr'><strong>ejus</strong></span> <span class='ocrx_word' id='word_1_134' title='bbox 1575 1689 1980 1745; x_wconf 86' lang='lat' dir='ltr'><strong>celebrationem</strong></span> <span class='ocrx_word' id='word_1_135' title='bbox 2006 1730 2022 1756; x_wconf 86' lang='lat'><strong>,</strong></span> <span class='ocrx_word' id='word_1_136' title='bbox 2070 1691 2367 1748; x_wconf 88' lang='lat' dir='ltr'><strong>denuntiat.</strong></span> 
     </span>
    </p>
   </div>
   <div class='ocr_carea' id='block_1_19' title="bbox 836 1776 2369 1851">
    <p class='ocr_par' dir='ltr' id='par_1_19' title="bbox 836 1776 2369 1851">
     <span class='ocr_line' id='line_1_19' title="bbox 836 1776 2369 1851; baseline 0.003 -19"><span class='ocrx_word' id='word_1_137' title='bbox 836 1780 1094 1834; x_wconf 86' lang='lat' dir='ltr'><strong>Dominus</strong></span> <span class='ocrx_word' id='word_1_138' title='bbox 1140 1788 1315 1833; x_wconf 90' lang='lat' dir='ltr'><strong>autem</strong></span> <span class='ocrx_word' id='word_1_139' title='bbox 1377 1776 1613 1833; x_wconf 88' lang='lat' dir='ltr'><strong>Sabaoth</strong></span> <span class='ocrx_word' id='word_1_140' title='bbox 1664 1795 1730 1834; x_wconf 87' lang='lat' dir='ltr'><strong>ex</strong></span> <span class='ocrx_word' id='word_1_141' title='bbox 1772 1780 2369 1851; x_wconf 71' lang='lat' dir='ltr'><strong>interpretatione,&#39;est</strong></span> 
     </span>
    </p>
   </div>
   <div class='ocr_carea' id='block_1_20' title="bbox 838 1870 2369 1942">
    <p class='ocr_par' dir='ltr' id='par_1_20' title="bbox 838 1870 2369 1942">
     <span class='ocr_line' id='line_1_20' title="bbox 838 1870 2369 1942; baseline 0.002 -18"><span class='ocrx_word' id='word_1_142' title='bbox 838 1870 1086 1924; x_wconf 77' lang='lat' dir='ltr'><strong>Dominus</strong></span> <span class='ocrx_word' id='word_1_143' title='bbox 1114 1871 1428 1924; x_wconf 75' lang='lat' dir='ltr'><strong>exercituum</strong></span> <span class='ocrx_word' id='word_1_144' title='bbox 1452 1885 1471 1922; x_wconf 88' lang='lat'><strong><em>:</em></strong></span> <span class='ocrx_word' id='word_1_145' title='bbox 1501 1872 1546 1926; x_wconf 82' lang='lat' dir='ltr'><strong>is</strong></span> <span class='ocrx_word' id='word_1_146' title='bbox 1578 1879 1755 1925; x_wconf 85' lang='lat' dir='ltr'><strong>autem</strong></span> <span class='ocrx_word' id='word_1_147' title='bbox 1783 1872 1883 1926; x_wconf 92' lang='lat' dir='ltr'><strong>erit</strong></span> <span class='ocrx_word' id='word_1_148' title='bbox 1914 1872 2116 1941; x_wconf 89' lang='lat' dir='ltr'><strong>primus</strong></span> <span class='ocrx_word' id='word_1_149' title='bbox 2146 1871 2369 1942; x_wconf 84' lang='lat' dir='ltr'><strong>impera-</strong></span> 
     </span>
    </p>
   </div>
   <div class='ocr_carea' id='block_1_21' title="bbox 838 1957 2369 2028">
    <p class='ocr_par' dir='ltr' id='par_1_21' title="bbox 838 1957 2369 2028">
     <span class='ocr_line' id='line_1_21' title="bbox 838 1957 2369 2028; baseline 0.004 -19"><span class='ocrx_word' id='word_1_150' title='bbox 838 1966 921 2011; x_wconf 88' lang='lat' dir='ltr'><strong>tor</strong></span> <span class='ocrx_word' id='word_1_151' title='bbox 947 1959 1273 2012; x_wconf 82' lang='lat' dir='ltr'><strong>exercituum</strong></span> <span class='ocrx_word' id='word_1_152' title='bbox 1304 1957 1545 2023; x_wconf 91' lang='lat' dir='ltr'><strong>Domini,</strong></span> <span class='ocrx_word' id='word_1_153' title='bbox 1577 1974 1733 2028; x_wconf 88' lang='lat' dir='ltr'><strong>quem</strong></span> <span class='ocrx_word' id='word_1_154' title='bbox 1770 1961 1821 2013; x_wconf 91' lang='lat' dir='ltr'><strong>in</strong></span> <span class='ocrx_word' id='word_1_155' title='bbox 1849 1960 2005 2014; x_wconf 90' lang='lat' dir='ltr'><strong>tertio</strong></span> <span class='ocrx_word' id='word_1_156' title='bbox 2026 1976 2089 2014; x_wconf 90' lang='lat' dir='ltr'><strong>ac</strong></span> <span class='ocrx_word' id='word_1_157' title='bbox 2113 1961 2369 2016; x_wconf 82' lang='lat' dir='ltr'><strong>vicesimo</strong></span> 
     </span>
    </p>
   </div>
   <div class='ocr_carea' id='block_1_22' title="bbox 840 2046 2369 2119">
    <p class='ocr_par' dir='ltr' id='par_1_22' title="bbox 840 2046 2369 2119">
     <span class='ocr_line' id='line_1_22' title="bbox 840 2046 2369 2119; baseline 0.001 -17"><span class='ocrx_word' id='word_1_158' title='bbox 840 2050 1042 2116; x_wconf 84' lang='lat' dir='ltr'><strong>psalmo</strong></span> <span class='ocrx_word' id='word_1_159' title='bbox 1089 2046 1371 2101; x_wconf 90' lang='lat' dir='ltr'><strong>Dominum</strong></span> <span class='ocrx_word' id='word_1_160' title='bbox 1409 2046 1663 2114; x_wconf 84' lang='lat' dir='ltr'><strong>Sabaoth,</strong></span> <span class='ocrx_word' id='word_1_161' title='bbox 1696 2048 1889 2103; x_wconf 86' lang='lat' dir='ltr'><strong>divina</strong></span> <span class='ocrx_word' id='word_1_162' title='bbox 1920 2065 2108 2105; x_wconf 88' lang='lat' dir='ltr'><strong>rursus</strong></span> <span class='ocrx_word' id='word_1_163' title='bbox 2134 2059 2369 2119; x_wconf 81' lang='lat' dir='ltr'><strong>potesta-</strong></span> 
     </span>
    </p>
   </div>
   <div class='ocr_carea' id='block_1_23' title="bbox 839 2138 2405 2208">
    <p class='ocr_par' dir='ltr' id='par_1_23' title="bbox 839 2138 2405 2208">
     <span class='ocr_line' id='line_1_23' title="bbox 839 2138 2405 2208; baseline 0.003 -17"><span class='ocrx_word' id='word_1_164' title='bbox 839 2147 920 2193; x_wconf 90' lang='lat' dir='ltr'><strong>tes</strong></span> <span class='ocrx_word' id='word_1_165' title='bbox 964 2138 1264 2208; x_wconf 88' lang='lat' dir='ltr'><strong>appellant,</strong></span> <span class='ocrx_word' id='word_1_166' title='bbox 1321 2138 1412 2192; x_wconf 91' lang='lat' dir='ltr'><strong>ubi</strong></span> <span class='ocrx_word' id='word_1_167' title='bbox 1460 2138 1700 2207; x_wconf 87' lang='lat' dir='ltr'><strong>ejusdem</strong></span> <span class='ocrx_word' id='word_1_168' title='bbox 1756 2140 1821 2194; x_wconf 91' lang='lat' dir='ltr'><strong>de</strong></span> <span class='ocrx_word' id='word_1_169' title='bbox 1874 2150 2012 2195; x_wconf 91' lang='lat' dir='ltr'><strong>terra</strong></span> <span class='ocrx_word' id='word_1_170' title='bbox 2060 2140 2127 2193; x_wconf 89' lang='lat' dir='ltr'><strong>ad</strong></span> <span class='ocrx_word' id='word_1_171' title='bbox 2174 2143 2405 2205; x_wconf 71' lang='lat' dir='ltr'><strong>calum,</strong></span> 
     </span>
    </p>
   </div>
   <div class='ocr_carea' id='block_1_24' title="bbox 838 2228 2370 2295">
    <p class='ocr_par' dir='ltr' id='par_1_24' title="bbox 838 2228 2370 2295">
     <span class='ocr_line' id='line_1_24' title="bbox 838 2228 2370 2295; baseline 0.003 -14"><span class='ocrx_word' id='word_1_172' title='bbox 838 2242 1119 2283; x_wconf 64' lang='lat' dir='ltr'><strong>accensum</strong></span> <span class='ocrx_word' id='word_1_173' title='bbox 1140 2228 1399 2295; x_wconf 84' lang='lat' dir='ltr'><strong>divinant,</strong></span> <span class='ocrx_word' id='word_1_174' title='bbox 1421 2236 1473 2282; x_wconf 90' lang='lat' dir='ltr'><strong>et</strong></span> <span class='ocrx_word' id='word_1_175' title='bbox 1500 2236 1698 2282; x_wconf 91' lang='lat' dir='ltr'><strong>canunt</strong></span> <span class='ocrx_word' id='word_1_176' title='bbox 1726 2229 1903 2285; x_wconf 89' lang='lat' dir='ltr'><strong>verbis</strong></span> <span class='ocrx_word' id='word_1_177' title='bbox 1940 2230 2088 2285; x_wconf 86' lang='lat' dir='ltr'><strong>illis:</strong></span> <span class='ocrx_word' id='word_1_178' title='bbox 2123 2246 2144 2280; x_wconf 73' lang='grc' dir='ltr'>α</span> <span class='ocrx_word' id='word_1_179' title='bbox 2179 2229 2370 2287; x_wconf 87' lang='lat' dir='ltr'><strong>Tollite</strong></span> 
     </span>
    </p>
   </div>
   <div class='ocr_carea' id='block_1_25' title="bbox 837 2318 2369 2388">
    <p class='ocr_par' dir='ltr' id='par_1_25' title="bbox 837 2318 2369 2388">
     <span class='ocr_line' id='line_1_25' title="bbox 837 2318 2369 2388; baseline 0.001 -17"><span class='ocrx_word' id='word_1_180' title='bbox 837 2326 1049 2386; x_wconf 85' lang='lat' dir='ltr'><strong>portas,</strong></span> <span class='ocrx_word' id='word_1_181' title='bbox 1099 2318 1403 2387; x_wconf 84' lang='lat' dir='ltr'><strong>principes,</strong></span> <span class='ocrx_word' id='word_1_182' title='bbox 1459 2328 1695 2380; x_wconf 86' lang='lat' dir='ltr'><strong>vestras,</strong></span> <span class='ocrx_word' id='word_1_183' title='bbox 1755 2324 1809 2373; x_wconf 90' lang='lat' dir='ltr'><strong>et</strong></span> <span class='ocrx_word' id='word_1_184' title='bbox 1850 2319 2164 2385; x_wconf 83' lang='lat' dir='ltr'><strong>cievamini,</strong></span> <span class='ocrx_word' id='word_1_185' title='bbox 2206 2329 2369 2388; x_wconf 84' lang='lat' dir='ltr'><strong>porta</strong></span> 
     </span>
    </p>
   </div>
   <div class='ocr_carea' id='block_1_26' title="bbox 837 2406 2364 2477">
    <p class='ocr_par' dir='ltr' id='par_1_26' title="bbox 837 2406 2364 2477">
     <span class='ocr_line' id='line_1_26' title="bbox 837 2406 2364 2477; baseline -0.001 -15"><span class='ocrx_word' id='word_1_186' title='bbox 837 2418 1064 2471; x_wconf 85' lang='lat' dir='ltr'><strong>aterna,</strong></span> <span class='ocrx_word' id='word_1_187' title='bbox 1094 2418 1148 2463; x_wconf 90' lang='lat' dir='ltr'><strong>et</strong></span> <span class='ocrx_word' id='word_1_188' title='bbox 1195 2408 1435 2462; x_wconf 87' lang='lat' dir='ltr'><strong>introibit</strong></span> <span class='ocrx_word' id='word_1_189' title='bbox 1460 2406 1572 2462; x_wconf 81' lang='lat' dir='ltr'><strong>Rex</strong></span> <span class='ocrx_word' id='word_1_190' title='bbox 1598 2407 1796 2477; x_wconf 77' lang='lat' dir='ltr'><strong>gloria.</strong></span> <span class='ocrx_word' id='word_1_191' title='bbox 1854 2407 1985 2473; x_wconf 86' lang='lat' dir='ltr'><strong>Quis</strong></span> <span class='ocrx_word' id='word_1_192' title='bbox 2012 2419 2091 2463; x_wconf 89' lang='lat' dir='ltr'><strong>est</strong></span> <span class='ocrx_word' id='word_1_193' title='bbox 2127 2409 2229 2463; x_wconf 92' lang='lat' dir='ltr'><strong>iste</strong></span> <span class='ocrx_word' id='word_1_194' title='bbox 2274 2424 2364 2463; x_wconf 86' lang='lat' dir='ltr'><strong>rex</strong></span> 
     </span>
    </p>
   </div>
   <div class='ocr_carea' id='block_1_27' title="bbox 837 2497 2360 2568">
    <p class='ocr_par' dir='ltr' id='par_1_27' title="bbox 837 2497 2360 2568">
     <span class='ocr_line' id='line_1_27' title="bbox 837 2497 2360 2568; baseline 0 -18"><span class='ocrx_word' id='word_1_195' title='bbox 837 2499 1051 2568; x_wconf 70' lang='lat' dir='ltr'><strong>gloria?</strong></span> <span class='ocrx_word' id='word_1_196' title='bbox 1071 2498 1326 2553; x_wconf 90' lang='lat' dir='ltr'><strong>Dominus</strong></span> <span class='ocrx_word' id='word_1_197' title='bbox 1344 2498 1692 2561; x_wconf 78' lang='lat' dir='ltr'><strong>exercituum,</strong></span> <span class='ocrx_word' id='word_1_198' title='bbox 1718 2497 1831 2567; x_wconf 89' lang='lat' dir='ltr'><strong>ipse</strong></span> <span class='ocrx_word' id='word_1_199' title='bbox 1846 2505 1928 2553; x_wconf 88' lang='lat' dir='ltr'><strong>est</strong></span> <span class='ocrx_word' id='word_1_200' title='bbox 1945 2514 2036 2552; x_wconf 89' lang='lat' dir='ltr'><strong>rex</strong></span> <span class='ocrx_word' id='word_1_201' title='bbox 2054 2499 2233 2567; x_wconf 86' lang='lat' dir='ltr'><strong>gloria</strong></span> <span class='ocrx_word' id='word_1_202' title='bbox 2250 2499 2314 2551; x_wconf 61' lang='grc' dir='ltr'><strong>ιθ.</strong></span> <span class='ocrx_word' id='word_1_203' title='bbox 2342 2517 2360 2550; x_wconf 77' lang='grc' dir='ltr'><strong>ι</strong></span> 
     </span>
    </p>
   </div>
   <div class='ocr_carea' id='block_1_28' title="bbox 837 2588 2366 2659">
    <p class='ocr_par' dir='ltr' id='par_1_28' title="bbox 837 2588 2366 2659">
     <span class='ocr_line' id='line_1_28' title="bbox 837 2588 2366 2659; baseline 0.002 -19"><span class='ocrx_word' id='word_1_204' title='bbox 837 2589 995 2659; x_wconf 76' lang='lat'><strong>312</strong></span> <span class='ocrx_word' id='word_1_205' title='bbox 1025 2588 1317 2642; x_wconf 84' lang='lat' dir='ltr'><strong>llebraicus</strong></span> <span class='ocrx_word' id='word_1_206' title='bbox 1359 2590 1499 2642; x_wconf 91' lang='lat' dir='ltr'><strong>enim</strong></span> <span class='ocrx_word' id='word_1_207' title='bbox 1543 2595 1821 2643; x_wconf 90' lang='lat' dir='ltr'><strong>contextus</strong></span> <span class='ocrx_word' id='word_1_208' title='bbox 1860 2589 1960 2641; x_wconf 91' lang='lat' dir='ltr'><strong>hoc</strong></span> <span class='ocrx_word' id='word_1_209' title='bbox 2011 2588 2127 2641; x_wconf 89' lang='lat' dir='ltr'><strong>loco</strong></span> <span class='ocrx_word' id='word_1_210' title='bbox 2177 2603 2366 2643; x_wconf 89' lang='lat' dir='ltr'><strong>rursus</strong></span> 
     </span>
    </p>
   </div>
   <div class='ocr_carea' id='block_1_29' title="bbox 840 2676 2367 2747">
    <p class='ocr_par' dir='ltr' id='par_1_29' title="bbox 840 2676 2367 2747">
     <span class='ocr_line' id='line_1_29' title="bbox 840 2676 2367 2747; baseline 0.001 -16"><span class='ocrx_word' id='word_1_211' title='bbox 840 2678 1121 2732; x_wconf 88' lang='lat' dir='ltr'><strong>Dominum</strong></span> <span class='ocrx_word' id='word_1_212' title='bbox 1155 2676 1389 2732; x_wconf 84' lang='lat' dir='ltr'><strong>Sabaoth</strong></span> <span class='ocrx_word' id='word_1_213' title='bbox 1436 2678 1586 2730; x_wconf 90' lang='lat' dir='ltr'><strong>illum</strong></span> <span class='ocrx_word' id='word_1_214' title='bbox 1631 2686 1825 2731; x_wconf 90' lang='lat' dir='ltr'><strong>vocat:</strong></span> <span class='ocrx_word' id='word_1_215' title='bbox 1858 2684 1912 2732; x_wconf 87' lang='lat' dir='ltr'><strong>et</strong></span> <span class='ocrx_word' id='word_1_216' title='bbox 1957 2677 2208 2746; x_wconf 88' lang='lat' dir='ltr'><strong>quoniam</strong></span> <span class='ocrx_word' id='word_1_217' title='bbox 2252 2677 2367 2747; x_wconf 79' lang='lat' dir='ltr'><strong>ipse</strong></span> 
     </span>
    </p>
   </div>
   <div class='ocr_carea' id='block_1_30' title="bbox 838 2766 2364 2837">
    <p class='ocr_par' dir='ltr' id='par_1_30' title="bbox 838 2766 2364 2837">
     <span class='ocr_line' id='line_1_30' title="bbox 838 2766 2364 2837; baseline 0 -16"><span class='ocrx_word' id='word_1_218' title='bbox 838 2780 919 2824; x_wconf 86' lang='lat' dir='ltr'><strong>est</strong></span> <span class='ocrx_word' id='word_1_219' title='bbox 946 2768 1057 2823; x_wconf 81' lang='lat' dir='ltr'><strong>Rex</strong></span> <span class='ocrx_word' id='word_1_220' title='bbox 1079 2769 1280 2837; x_wconf 87' lang='lat' dir='ltr'><strong>gloria,</strong></span> <span class='ocrx_word' id='word_1_221' title='bbox 1317 2778 1370 2823; x_wconf 87' lang='lat' dir='ltr'><strong>et</strong></span> <span class='ocrx_word' id='word_1_222' title='bbox 1402 2776 1617 2837; x_wconf 89' lang='lat' dir='ltr'><strong>propter</strong></span> <span class='ocrx_word' id='word_1_223' title='bbox 1643 2767 1761 2836; x_wconf 88' lang='lat' dir='ltr'><strong>ejus</strong></span> <span class='ocrx_word' id='word_1_224' title='bbox 1790 2766 2093 2829; x_wconf 90' lang='lat' dir='ltr'><strong>adventum,</strong></span> <span class='ocrx_word' id='word_1_225' title='bbox 2129 2766 2364 2821; x_wconf 80' lang='lat' dir='ltr'><strong>futurum</strong></span> 
     </span>
    </p>
   </div>
   <div class='ocr_carea' id='block_1_31' title="bbox 838 2859 2367 2929">
    <p class='ocr_par' dir='ltr' id='par_1_31' title="bbox 838 2859 2367 2929">
     <span class='ocr_line' id='line_1_31' title="bbox 838 2859 2367 2929; baseline -0.001 -15"><span class='ocrx_word' id='word_1_226' title='bbox 838 2868 953 2914; x_wconf 88' lang='lat' dir='ltr'><strong>erat</strong></span> <span class='ocrx_word' id='word_1_227' title='bbox 990 2871 1047 2915; x_wconf 91' lang='lat' dir='ltr'><strong>ut</strong></span> <span class='ocrx_word' id='word_1_228' title='bbox 1071 2862 1245 2915; x_wconf 90' lang='lat' dir='ltr'><strong>omnis</strong></span> <span class='ocrx_word' id='word_1_229' title='bbox 1281 2868 1420 2915; x_wconf 89' lang='lat' dir='ltr'><strong>terra</strong></span> <span class='ocrx_word' id='word_1_230' title='bbox 1461 2859 1768 2927; x_wconf 89' lang='lat' dir='ltr'><strong>impleretur</strong></span> <span class='ocrx_word' id='word_1_231' title='bbox 1796 2859 1962 2929; x_wconf 81' lang='lat' dir='ltr'><strong>gloria</strong></span> <span class='ocrx_word' id='word_1_232' title='bbox 2002 2860 2141 2927; x_wconf 83' lang='lat' dir='ltr'><strong>ejus,</strong></span> <span class='ocrx_word' id='word_1_233' title='bbox 2174 2860 2367 2914; x_wconf 88' lang='lat' dir='ltr'><strong>merito</strong></span> 
     </span>
    </p>
   </div>
   <div class='ocr_carea' id='block_1_32' title="bbox 838 2942 2369 3019">
    <p class='ocr_par' dir='ltr' id='par_1_32' title="bbox 838 2942 2369 3019">
     <span class='ocr_line' id='line_1_32' title="bbox 838 2942 2369 3019; baseline 0.001 -18"><span class='ocrx_word' id='word_1_234' title='bbox 838 2951 977 3019; x_wconf 89' lang='lat' dir='ltr'><strong>quod</strong></span> <span class='ocrx_word' id='word_1_235' title='bbox 1010 2951 1244 3004; x_wconf 89' lang='lat' dir='ltr'><strong>futurum</strong></span> <span class='ocrx_word' id='word_1_236' title='bbox 1275 2959 1408 3013; x_wconf 88' lang='lat' dir='ltr'><strong>erat,</strong></span> <span class='ocrx_word' id='word_1_237' title='bbox 1430 2958 1482 3003; x_wconf 89' lang='lat' dir='ltr'><strong>et</strong></span> <span class='ocrx_word' id='word_1_238' title='bbox 1514 2948 1567 3002; x_wconf 90' lang='lat' dir='ltr'><strong>in</strong></span> <span class='ocrx_word' id='word_1_239' title='bbox 1597 2948 1874 3018; x_wconf 89' lang='lat' dir='ltr'><strong>propheta,</strong></span> <span class='ocrx_word' id='word_1_240' title='bbox 1904 2956 1957 3001; x_wconf 92' lang='lat' dir='ltr'><strong>et</strong></span> <span class='ocrx_word' id='word_1_241' title='bbox 1988 2942 2039 3000; x_wconf 92' lang='lat' dir='ltr'><strong>in</strong></span> <span class='ocrx_word' id='word_1_242' title='bbox 2065 2949 2268 3017; x_wconf 88' lang='lat' dir='ltr'><strong>psalmo</strong></span> <span class='ocrx_word' id='word_1_243' title='bbox 2285 2949 2369 3003; x_wconf 82' lang='lat' dir='ltr'><strong>di-</strong></span> 
     </span>
    </p>
   </div>
   <div class='ocr_carea' id='block_1_33' title="bbox 840 3037 2364 3109">
    <p class='ocr_par' dir='ltr' id='par_1_33' title="bbox 840 3037 2364 3109">
     <span class='ocr_line' id='line_1_33' title="bbox 840 3037 2364 3109; baseline 0 -16"><span class='ocrx_word' id='word_1_244' title='bbox 840 3050 984 3094; x_wconf 87' lang='lat' dir='ltr'><strong>ctum</strong></span> <span class='ocrx_word' id='word_1_245' title='bbox 1015 3051 1115 3096; x_wconf 91' lang='lat' dir='ltr'><strong>est.</strong></span> <span class='ocrx_word' id='word_1_246' title='bbox 1148 3039 1204 3094; x_wconf 90' lang='lat' dir='ltr'><strong>ln</strong></span> <span class='ocrx_word' id='word_1_247' title='bbox 1236 3039 1493 3109; x_wconf 88' lang='lat' dir='ltr'><strong>pr0pheta</strong></span> <span class='ocrx_word' id='word_1_248' title='bbox 1518 3038 1734 3106; x_wconf 89' lang='lat' dir='ltr'><strong>quidem</strong></span> <span class='ocrx_word' id='word_1_249' title='bbox 1772 3038 1879 3093; x_wconf 91' lang='lat' dir='ltr'><strong>illis</strong></span> <span class='ocrx_word' id='word_1_250' title='bbox 1904 3038 2081 3093; x_wconf 85' lang='lat' dir='ltr'><strong>verbis</strong></span> <span class='ocrx_word' id='word_1_251' title='bbox 2107 3056 2120 3091; x_wconf 92' lang='lat'><strong>:</strong></span> <span class='ocrx_word' id='word_1_252' title='bbox 2155 3056 2173 3089; x_wconf 78' lang='grc' dir='ltr'><strong>ι</strong></span> <span class='ocrx_word' id='word_1_253' title='bbox 2202 3037 2364 3093; x_wconf 85' lang='lat' dir='ltr'><strong>Plena</strong></span> 
     </span>
    </p>
   </div>
   <div class='ocr_carea' id='block_1_34' title="bbox 838 3128 2369 3200">
    <p class='ocr_par' dir='ltr' id='par_1_34' title="bbox 838 3128 2369 3200">
     <span class='ocr_line' id='line_1_34' title="bbox 838 3128 2369 3200; baseline -0.001 -16"><span class='ocrx_word' id='word_1_254' title='bbox 838 3140 921 3184; x_wconf 92' lang='lat' dir='ltr'><strong>est</strong></span> <span class='ocrx_word' id='word_1_255' title='bbox 941 3133 1117 3187; x_wconf 92' lang='lat' dir='ltr'><strong>omnis</strong></span> <span class='ocrx_word' id='word_1_256' title='bbox 1149 3140 1287 3185; x_wconf 89' lang='lat' dir='ltr'><strong>terra</strong></span> <span class='ocrx_word' id='word_1_257' title='bbox 1321 3130 1489 3200; x_wconf 87' lang='lat' dir='ltr'><strong>gloria</strong></span> <span class='ocrx_word' id='word_1_258' title='bbox 1514 3128 1669 3198; x_wconf 85' lang='lat' dir='ltr'><strong>ejus;</strong></span> <span class='ocrx_word' id='word_1_259' title='bbox 1705 3148 1723 3181; x_wconf 78' lang='grc' dir='ltr'><strong>ι</strong></span> <span class='ocrx_word' id='word_1_260' title='bbox 1752 3129 1804 3182; x_wconf 92' lang='lat' dir='ltr'><strong>in</strong></span> <span class='ocrx_word' id='word_1_261' title='bbox 1834 3129 2037 3198; x_wconf 90' lang='lat' dir='ltr'><strong>psalmo</strong></span> <span class='ocrx_word' id='word_1_262' title='bbox 2064 3136 2239 3182; x_wconf 91' lang='lat' dir='ltr'><strong>autem</strong></span> <span class='ocrx_word' id='word_1_263' title='bbox 2264 3130 2369 3182; x_wconf 83' lang='lat' dir='ltr'><strong>ini-</strong></span> 
     </span>
    </p>
   </div>
   <div class='ocr_carea' id='block_1_35' title="bbox 837 3217 2369 3286">
    <p class='ocr_par' dir='ltr' id='par_1_35' title="bbox 837 3217 2369 3286">
     <span class='ocr_line' id='line_1_35' title="bbox 837 3217 2369 3286; baseline -0.001 -13"><span class='ocrx_word' id='word_1_264' title='bbox 837 3222 912 3274; x_wconf 82' lang='lat' dir='ltr'><strong>tio</strong></span> <span class='ocrx_word' id='word_1_265' title='bbox 943 3222 1122 3274; x_wconf 85' lang='lat' dir='ltr'><strong>statim</strong></span> <span class='ocrx_word' id='word_1_266' title='bbox 1153 3220 1243 3274; x_wconf 91' lang='lat' dir='ltr'><strong>ubi</strong></span> <span class='ocrx_word' id='word_1_267' title='bbox 1282 3220 1356 3272; x_wconf 89' lang='lat' dir='ltr'><strong>ait</strong></span> <span class='ocrx_word' id='word_1_268' title='bbox 1384 3237 1397 3273; x_wconf 91' lang='lat'><strong>:</strong></span> <span class='ocrx_word' id='word_1_269' title='bbox 1434 3236 1452 3270; x_wconf 79' lang='grc' dir='ltr'><strong>ι</strong></span> <span class='ocrx_word' id='word_1_270' title='bbox 1485 3217 1697 3273; x_wconf 85' lang='lat' dir='ltr'><strong>Domini</strong></span> <span class='ocrx_word' id='word_1_271' title='bbox 1743 3225 1827 3273; x_wconf 88' lang='lat' dir='ltr'><strong>est</strong></span> <span class='ocrx_word' id='word_1_272' title='bbox 1857 3228 1997 3273; x_wconf 88' lang='lat' dir='ltr'><strong>terra</strong></span> <span class='ocrx_word' id='word_1_273' title='bbox 2026 3225 2079 3272; x_wconf 89' lang='lat' dir='ltr'><strong>et</strong></span> <span class='ocrx_word' id='word_1_274' title='bbox 2101 3217 2369 3286; x_wconf 88' lang='lat' dir='ltr'><strong>plenitudo</strong></span> 
     </span>
    </p>
   </div>
   <div class='ocr_carea' id='block_1_36' title="bbox 837 3309 2368 3380">
    <p class='ocr_par' dir='ltr' id='par_1_36' title="bbox 837 3309 2368 3380">
     <span class='ocr_line' id='line_1_36' title="bbox 837 3309 2368 3380; baseline -0.001 -16"><span class='ocrx_word' id='word_1_275' title='bbox 837 3311 991 3380; x_wconf 84' lang='lat' dir='ltr'><strong>ejus,</strong></span> <span class='ocrx_word' id='word_1_276' title='bbox 1044 3311 1191 3364; x_wconf 90' lang='lat' dir='ltr'><strong>orbis</strong></span> <span class='ocrx_word' id='word_1_277' title='bbox 1239 3317 1526 3373; x_wconf 89' lang='lat' dir='ltr'><strong>terrarum,</strong></span> <span class='ocrx_word' id='word_1_278' title='bbox 1557 3316 1610 3363; x_wconf 88' lang='lat' dir='ltr'><strong>et</strong></span> <span class='ocrx_word' id='word_1_279' title='bbox 1661 3323 1848 3363; x_wconf 89' lang='lat' dir='ltr'><strong>omnes</strong></span> <span class='ocrx_word' id='word_1_280' title='bbox 1884 3309 1976 3378; x_wconf 92' lang='lat' dir='ltr'><strong>qui</strong></span> <span class='ocrx_word' id='word_1_281' title='bbox 2022 3309 2263 3363; x_wconf 86' lang='lat' dir='ltr'><strong>habitant</strong></span> <span class='ocrx_word' id='word_1_282' title='bbox 2312 3310 2368 3363; x_wconf 92' lang='lat' dir='ltr'><strong>in</strong></span> 
     </span>
    </p>
   </div>
   <div class='ocr_carea' id='block_1_37' title="bbox 832 3396 2368 3466">
    <p class='ocr_par' dir='ltr' id='par_1_37' title="bbox 832 3396 2368 3466">
     <span class='ocr_line' id='line_1_37' title="bbox 832 3396 2368 3466; baseline -0.001 -14"><span class='ocrx_word' id='word_1_283' title='bbox 832 3399 988 3453; x_wconf 76' lang='lat' dir='ltr'><strong>eo“.</strong></span> <span class='ocrx_word' id='word_1_284' title='bbox 1019 3418 1037 3450; x_wconf 75' lang='grc' dir='ltr'><strong>ι</strong></span> <span class='ocrx_word' id='word_1_285' title='bbox 1078 3397 1172 3453; x_wconf 85' lang='lat' dir='ltr'><strong>His</strong></span> <span class='ocrx_word' id='word_1_286' title='bbox 1192 3406 1368 3452; x_wconf 88' lang='lat' dir='ltr'><strong>autem</strong></span> <span class='ocrx_word' id='word_1_287' title='bbox 1396 3396 1651 3450; x_wconf 86' lang='lat' dir='ltr'><strong>vaticinio</strong></span> <span class='ocrx_word' id='word_1_288' title='bbox 1673 3397 2091 3464; x_wconf 87' lang='lat' dir='ltr'><strong>comprehensis,</strong></span> <span class='ocrx_word' id='word_1_289' title='bbox 2119 3396 2368 3466; x_wconf 84' lang='lat' dir='ltr'><strong>deinceps</strong></span> 
     </span>
    </p>
   </div>
   <div class='ocr_carea' id='block_1_38' title="bbox 840 3487 2368 3558">
    <p class='ocr_par' dir='ltr' id='par_1_38' title="bbox 840 3487 2368 3558">
     <span class='ocr_line' id='line_1_38' title="bbox 840 3487 2368 3558; baseline 0 -17"><span class='ocrx_word' id='word_1_290' title='bbox 840 3504 1154 3558; x_wconf 85' lang='lat' dir='ltr'><strong>progressus</strong></span> <span class='ocrx_word' id='word_1_291' title='bbox 1199 3488 1458 3558; x_wconf 81' lang='lat' dir='ltr'><strong>prepbeta</strong></span> <span class='ocrx_word' id='word_1_292' title='bbox 1490 3487 1813 3542; x_wconf 76' lang='lat' dir='ltr'><strong>testificatur</strong></span> <span class='ocrx_word' id='word_1_293' title='bbox 1852 3487 1994 3556; x_wconf 90' lang='lat' dir='ltr'><strong>quod</strong></span> <span class='ocrx_word' id='word_1_294' title='bbox 2035 3487 2157 3540; x_wconf 87' lang='lat' dir='ltr'><strong>licet</strong></span> <span class='ocrx_word' id='word_1_295' title='bbox 2194 3488 2368 3541; x_wconf 79' lang='lat' dir='ltr'><strong>omnis</strong></span> 
     </span>
    </p>
   </div>
   <div class='ocr_carea' id='block_1_39' title="bbox 834 3577 2368 3647">
    <p class='ocr_par' dir='ltr' id='par_1_39' title="bbox 834 3577 2368 3647">
     <span class='ocr_line' id='line_1_39' title="bbox 834 3577 2368 3647; baseline -0.001 -16"><span class='ocrx_word' id='word_1_296' title='bbox 834 3588 980 3631; x_wconf 82' lang='lat' dir='ltr'><strong>terra</strong></span> <span class='ocrx_word' id='word_1_297' title='bbox 1024 3577 1200 3631; x_wconf 87' lang='lat' dir='ltr'><strong>futura</strong></span> <span class='ocrx_word' id='word_1_298' title='bbox 1236 3579 1307 3631; x_wconf 87' lang='lat' dir='ltr'><strong>sit</strong></span> <span class='ocrx_word' id='word_1_299' title='bbox 1345 3579 1498 3647; x_wconf 88' lang='lat' dir='ltr'><strong>plena</strong></span> <span class='ocrx_word' id='word_1_300' title='bbox 1554 3577 1720 3647; x_wconf 89' lang='lat' dir='ltr'><strong>gloria</strong></span> <span class='ocrx_word' id='word_1_301' title='bbox 1754 3577 1904 3644; x_wconf 87' lang='lat' dir='ltr'><strong>ejus,</strong></span> <span class='ocrx_word' id='word_1_302' title='bbox 1938 3583 2172 3631; x_wconf 79' lang='lat' dir='ltr'><strong>attamen</strong></span> <span class='ocrx_word' id='word_1_303' title='bbox 2219 3577 2368 3630; x_wconf 90' lang='lat' dir='ltr'><strong>illum</strong></span> 
     </span>
    </p>
   </div>
   <div class='ocr_carea' id='block_1_40' title="bbox 837 3663 2370 3735">
    <p class='ocr_par' dir='ltr' id='par_1_40' title="bbox 837 3663 2370 3735">
     <span class='ocr_line' id='line_1_40' title="bbox 837 3663 2370 3735; baseline -0.001 -17"><span class='ocrx_word' id='word_1_304' title='bbox 837 3665 1055 3720; x_wconf 67' lang='lat' dir='ltr'><strong>Iudaica</strong></span> <span class='ocrx_word' id='word_1_305' title='bbox 1086 3682 1216 3735; x_wconf 86' lang='lat' dir='ltr'><strong>gens</strong></span> <span class='ocrx_word' id='word_1_306' title='bbox 1246 3675 1531 3735; x_wconf 88' lang='lat' dir='ltr'><strong>acceptura</strong></span> <span class='ocrx_word' id='word_1_307' title='bbox 1548 3681 1651 3721; x_wconf 91' lang='lat' dir='ltr'><strong>non</strong></span> <span class='ocrx_word' id='word_1_308' title='bbox 1680 3666 1770 3720; x_wconf 92' lang='lat' dir='ltr'><strong>sit.</strong></span> <span class='ocrx_word' id='word_1_309' title='bbox 1799 3664 1984 3734; x_wconf 85' lang='lat' dir='ltr'><strong>Itaque</strong></span> <span class='ocrx_word' id='word_1_310' title='bbox 2014 3666 2119 3719; x_wconf 90' lang='lat' dir='ltr'><strong>ait:</strong></span> <span class='ocrx_word' id='word_1_311' title='bbox 2149 3663 2214 3717; x_wconf 86' lang='lat' dir='ltr'><strong>Et</strong></span> <span class='ocrx_word' id='word_1_312' title='bbox 2234 3664 2370 3718; x_wconf 90' lang='lat' dir='ltr'><strong>dixit</strong></span> 
     </span>
    </p>
   </div>
   <div class='ocr_carea' id='block_1_41' title="bbox 842 3754 2367 3826">
    <p class='ocr_par' dir='ltr' id='par_1_41' title="bbox 842 3754 2367 3826">
     <span class='ocr_line' id='line_1_41' title="bbox 842 3754 2367 3826; baseline 0.001 -20"><span class='ocrx_word' id='word_1_313' title='bbox 842 3754 1099 3811; x_wconf 87' lang='lat' dir='ltr'><strong>Dominus</strong></span> <span class='ocrx_word' id='word_1_314' title='bbox 1144 3756 1256 3823; x_wconf 84' lang='lat' dir='ltr'><strong>(ille</strong></span> <span class='ocrx_word' id='word_1_315' title='bbox 1300 3756 1547 3811; x_wconf 83' lang='lat' dir='ltr'><strong>videlicet</strong></span> <span class='ocrx_word' id='word_1_316' title='bbox 1584 3757 1675 3826; x_wconf 89' lang='lat' dir='ltr'><strong>qui</strong></span> <span class='ocrx_word' id='word_1_317' title='bbox 1721 3755 1872 3810; x_wconf 88' lang='lat' dir='ltr'><strong>visus</strong></span> <span class='ocrx_word' id='word_1_318' title='bbox 1912 3754 2082 3809; x_wconf 84' lang='lat' dir='ltr'><strong>fuerat</strong></span> <span class='ocrx_word' id='word_1_319' title='bbox 2111 3754 2367 3808; x_wconf 86' lang='lat' dir='ltr'><strong>Dominus</strong></span> 
     </span>
    </p>
   </div>
   <div class='ocr_carea' id='block_1_42' title="bbox 842 3842 2365 3914">
    <p class='ocr_par' dir='ltr' id='par_1_42' title="bbox 842 3842 2365 3914">
     <span class='ocr_line' id='line_1_42' title="bbox 842 3842 2365 3914; baseline -0.001 -17"><span class='ocrx_word' id='word_1_320' title='bbox 842 3842 1074 3897; x_wconf 84' lang='lat' dir='ltr'><strong>Sabaoth</strong></span> <span class='ocrx_word' id='word_1_321' title='bbox 1104 3844 1311 3910; x_wconf 84' lang='lat' dir='ltr'><strong>),Quem</strong></span> <span class='ocrx_word' id='word_1_322' title='bbox 1342 3847 1545 3898; x_wconf 90' lang='lat' dir='ltr'><strong>mittam</strong></span> <span class='ocrx_word' id='word_1_323' title='bbox 1564 3887 1578 3907; x_wconf 81' lang='grc'><strong>,</strong></span> <span class='ocrx_word' id='word_1_324' title='bbox 1602 3847 1791 3914; x_wconf 87' lang='lat' dir='ltr'><strong>etquis</strong></span> <span class='ocrx_word' id='word_1_325' title='bbox 1817 3843 1975 3899; x_wconf 83' lang='lat' dir='ltr'><strong>vadet</strong></span> <span class='ocrx_word' id='word_1_326' title='bbox 2023 3845 2087 3897; x_wconf 88' lang='lat' dir='ltr'><strong>ad</strong></span> <span class='ocrx_word' id='word_1_327' title='bbox 2117 3843 2365 3912; x_wconf 89' lang='lat' dir='ltr'><strong>populum</strong></span> 
     </span>
    </p>
   </div>
   <div class='ocr_carea' id='block_1_43' title="bbox 841 3932 2363 4005">
    <p class='ocr_par' dir='ltr' id='par_1_43' title="bbox 841 3932 2363 4005">
     <span class='ocr_line' id='line_1_43' title="bbox 841 3932 2363 4005; baseline 0.001 -19"><span class='ocrx_word' id='word_1_328' title='bbox 841 3933 1019 3986; x_wconf 85' lang='lat' dir='ltr'><strong>hunc?</strong></span> <span class='ocrx_word' id='word_1_329' title='bbox 1056 3932 1119 3985; x_wconf 82' lang='lat' dir='ltr'><strong>Et</strong></span> <span class='ocrx_word' id='word_1_330' title='bbox 1164 3933 1295 3999; x_wconf 86' lang='lat' dir='ltr'><strong>dixi,</strong></span> <span class='ocrx_word' id='word_1_331' title='bbox 1332 3934 1466 3990; x_wconf 86' lang='lat' dir='ltr'><strong>Ecce</strong></span> <span class='ocrx_word' id='word_1_332' title='bbox 1490 3950 1586 4005; x_wconf 86' lang='lat' dir='ltr'><strong>ego</strong></span> <span class='ocrx_word' id='word_1_333' title='bbox 1610 3951 1748 3998; x_wconf 87' lang='lat' dir='ltr'><strong>sum,</strong></span> <span class='ocrx_word' id='word_1_334' title='bbox 1781 3936 1930 3990; x_wconf 88' lang='lat' dir='ltr'><strong>mitte</strong></span> <span class='ocrx_word' id='word_1_335' title='bbox 1958 3949 2060 3989; x_wconf 89' lang='lat' dir='ltr'><strong>me.</strong></span> <span class='ocrx_word' id='word_1_336' title='bbox 2101 3932 2164 3986; x_wconf 83' lang='lat' dir='ltr'><strong>Et</strong></span> <span class='ocrx_word' id='word_1_337' title='bbox 2189 3933 2363 3987; x_wconf 87' lang='lat' dir='ltr'><strong>dixit:</strong></span> 
     </span>
    </p>
   </div>
   <div class='ocr_carea' id='block_1_44' title="bbox 840 4021 2368 4093">
    <p class='ocr_par' dir='ltr' id='par_1_44' title="bbox 840 4021 2368 4093">
     <span class='ocr_line' id='line_1_44' title="bbox 840 4021 2368 4093; baseline 0.002 -18"><span class='ocrx_word' id='word_1_338' title='bbox 840 4021 1074 4085; x_wconf 70' lang='lat' dir='ltr'><strong>Vade,et</strong></span> <span class='ocrx_word' id='word_1_339' title='bbox 1088 4022 1171 4076; x_wconf 91' lang='lat' dir='ltr'><strong>dic</strong></span> <span class='ocrx_word' id='word_1_340' title='bbox 1194 4025 1387 4093; x_wconf 90' lang='lat' dir='ltr'><strong>populo</strong></span> <span class='ocrx_word' id='word_1_341' title='bbox 1410 4025 1554 4087; x_wconf 87' lang='lat' dir='ltr'><strong>huic,</strong></span> <span class='ocrx_word' id='word_1_342' title='bbox 1574 4027 1752 4081; x_wconf 90' lang='lat' dir='ltr'><strong>auditu</strong></span> <span class='ocrx_word' id='word_1_343' title='bbox 1770 4026 1993 4079; x_wconf 87' lang='lat' dir='ltr'><strong>audietis</strong></span> <span class='ocrx_word' id='word_1_344' title='bbox 2017 4035 2070 4079; x_wconf 86' lang='lat' dir='ltr'><strong>et</strong></span> <span class='ocrx_word' id='word_1_345' title='bbox 2086 4038 2192 4077; x_wconf 91' lang='lat' dir='ltr'><strong>non</strong></span> <span class='ocrx_word' id='word_1_346' title='bbox 2214 4024 2368 4078; x_wconf 82' lang='lat' dir='ltr'><strong>intel-</strong></span> 
     </span>
    </p>
   </div>
   <div class='ocr_carea' id='block_1_45' title="bbox 840 4112 2363 4182">
    <p class='ocr_par' dir='ltr' id='par_1_45' title="bbox 840 4112 2363 4182">
     <span class='ocr_line' id='line_1_45' title="bbox 840 4112 2363 4182; baseline 0 -17"><span class='ocrx_word' id='word_1_347' title='bbox 840 4113 1055 4182; x_wconf 79' lang='lat' dir='ltr'><strong>ligetis,</strong></span> <span class='ocrx_word' id='word_1_348' title='bbox 1094 4119 1147 4167; x_wconf 90' lang='lat' dir='ltr'><strong>et</strong></span> <span class='ocrx_word' id='word_1_349' title='bbox 1192 4112 1457 4169; x_wconf 88' lang='lat' dir='ltr'><strong>intuentes</strong></span> <span class='ocrx_word' id='word_1_350' title='bbox 1500 4116 1855 4179; x_wconf 91' lang='lat' dir='ltr'><strong>intuebimini,</strong></span> <span class='ocrx_word' id='word_1_351' title='bbox 1886 4122 1939 4169; x_wconf 92' lang='lat' dir='ltr'><strong>et</strong></span> <span class='ocrx_word' id='word_1_352' title='bbox 1963 4128 2068 4168; x_wconf 91' lang='lat' dir='ltr'><strong>non</strong></span> <span class='ocrx_word' id='word_1_353' title='bbox 2101 4113 2363 4167; x_wconf 85' lang='lat' dir='ltr'><strong>videbitis.</strong></span> 
     </span>
    </p>
   </div>
   <div class='ocr_carea' id='block_1_46' title="bbox 838 4202 2366 4276">
    <p class='ocr_par' dir='ltr' id='par_1_46' title="bbox 838 4202 2366 4276">
     <span class='ocr_line' id='line_1_46' title="bbox 838 4202 2366 4276; baseline 0.001 -19"><span class='ocrx_word' id='word_1_354' title='bbox 838 4202 1091 4257; x_wconf 87' lang='lat' dir='ltr'><strong>Crassum</strong></span> <span class='ocrx_word' id='word_1_355' title='bbox 1109 4203 1250 4257; x_wconf 89' lang='lat' dir='ltr'><strong>enim</strong></span> <span class='ocrx_word' id='word_1_356' title='bbox 1272 4203 1467 4257; x_wconf 87' lang='lat' dir='ltr'><strong>factum</strong></span> <span class='ocrx_word' id='word_1_357' title='bbox 1483 4214 1565 4260; x_wconf 91' lang='lat' dir='ltr'><strong>est</strong></span> <span class='ocrx_word' id='word_1_358' title='bbox 1579 4221 1674 4260; x_wconf 90' lang='lat' dir='ltr'><strong>cor</strong></span> <span class='ocrx_word' id='word_1_359' title='bbox 1688 4206 1866 4276; x_wconf 87' lang='lat' dir='ltr'><strong>populi</strong></span> <span class='ocrx_word' id='word_1_360' title='bbox 1883 4206 2060 4273; x_wconf 88' lang='lat' dir='ltr'><strong>hujus.</strong></span> <span class='ocrx_word' id='word_1_361' title='bbox 2080 4212 2132 4257; x_wconf 88' lang='lat' dir='ltr'><strong>et</strong></span> <span class='ocrx_word' id='word_1_362' title='bbox 2148 4204 2366 4259; x_wconf 87' lang='lat' dir='ltr'><strong>auribus</strong></span> 
     </span>
    </p>
   </div>
   <div class='ocr_carea' id='block_1_47' title="bbox 839 4292 2364 4362">
    <p class='ocr_par' dir='ltr' id='par_1_47' title="bbox 839 4292 2364 4362">
     <span class='ocr_line' id='line_1_47' title="bbox 839 4292 2364 4362; baseline 0.001 -15"><span class='ocrx_word' id='word_1_363' title='bbox 839 4293 954 4347; x_wconf 82' lang='lat' dir='ltr'><strong>suis</strong></span> <span class='ocrx_word' id='word_1_364' title='bbox 981 4292 1211 4362; x_wconf 86' lang='lat' dir='ltr'><strong>graviter</strong></span> <span class='ocrx_word' id='word_1_365' title='bbox 1243 4292 1543 4357; x_wconf 89' lang='lat' dir='ltr'><strong>audierunt,</strong></span> <span class='ocrx_word' id='word_1_366' title='bbox 1575 4304 1627 4348; x_wconf 92' lang='lat' dir='ltr'><strong>et</strong></span> <span class='ocrx_word' id='word_1_367' title='bbox 1656 4296 1841 4349; x_wconf 89' lang='lat' dir='ltr'><strong>oculos</strong></span> <span class='ocrx_word' id='word_1_368' title='bbox 1865 4310 1991 4350; x_wconf 91' lang='lat' dir='ltr'><strong>suos</strong></span> <span class='ocrx_word' id='word_1_369' title='bbox 2038 4294 2364 4359; x_wconf 89' lang='lat' dir='ltr'><strong>clauserunt,</strong></span> 
     </span>
    </p>
   </div>
   <div class='ocr_carea' id='block_1_48' title="bbox 2466 520 3340 592">
    <p class='ocr_par' dir='ltr' id='par_1_48' title="bbox 2466 520 3340 592">
     <span class='ocr_line' id='line_1_48' title="bbox 2466 520 3340 592; baseline -0.003 -16"><span class='ocrx_word' id='word_1_370' title='bbox 2466 522 2678 592; x_wconf 67' lang='lat' dir='ltr'><strong>6t&amp;_&#39;ri&#39;jv</strong></span> <span class='ocrx_word' id='word_1_371' title='bbox 2720 521 2778 587; x_wconf 79' lang='grc' dir='ltr'><strong>ἐξ</strong></span> <span class='ocrx_word' id='word_1_372' title='bbox 2828 520 3061 591; x_wconf 79' lang='grc' dir='ltr'>οὐρανῶν</span> <span class='ocrx_word' id='word_1_373' title='bbox 3089 523 3161 583; x_wconf 85' lang='grc' dir='ltr'><strong>είς</strong></span> <span class='ocrx_word' id='word_1_374' title='bbox 3202 521 3340 591; x_wconf 80' lang='grc' dir='ltr'>ἁνθρι</span> 
     </span>
    </p>
   </div>
   <div class='ocr_carea' id='block_1_49' title="bbox 2471 576 3340 684">
    <p class='ocr_par' dir='ltr' id='par_1_49' title="bbox 2471 576 3340 684">
     <span class='ocr_line' id='line_1_49' title="bbox 2471 576 3340 684; baseline -0.003 -18"><span class='ocrx_word' id='word_1_375' title='bbox 2471 576 2908 684; x_wconf 37' lang='grc' dir='ltr'>μέντχνικάθοδοέ</span> <span class='ocrx_word' id='word_1_376' title='bbox 2932 612 2996 681; x_wconf 83' lang='grc' dir='ltr'>ἢν</span> <span class='ocrx_word' id='word_1_377' title='bbox 3027 576 3216 681; x_wconf 65' lang='grc' dir='ltr'>προῖων</span> <span class='ocrx_word' id='word_1_378' title='bbox 3252 576 3340 680; x_wconf 66' lang='grc' dir='ltr'>ἐέῆ</span> 
     </span>
    </p>
   </div>
   <div class='ocr_carea' id='block_1_50' title="bbox 2466 702 3342 774">
    <p class='ocr_par' dir='ltr' id='par_1_50' title="bbox 2466 702 3342 774">
     <span class='ocr_line' id='line_1_50' title="bbox 2466 702 3342 774; baseline -0.002 -19"><span class='ocrx_word' id='word_1_379' title='bbox 2466 704 2561 774; x_wconf 86' lang='grc' dir='ltr'>τὴν</span> <span class='ocrx_word' id='word_1_380' title='bbox 2580 704 2644 756; x_wconf 83' lang='grc' dir='ltr'><strong>ἐκ</strong></span> <span class='ocrx_word' id='word_1_381' title='bbox 2666 702 2939 773; x_wconf 83' lang='grc' dir='ltr'>Παρθένου</span> <span class='ocrx_word' id='word_1_382' title='bbox 2971 703 3169 769; x_wconf 82' lang='grc' dir='ltr'>γένεσιν</span> <span class='ocrx_word' id='word_1_383' title='bbox 3194 703 3281 754; x_wconf 66' lang='grc' dir='ltr'>καὶ</span> <span class='ocrx_word' id='word_1_384' title='bbox 3304 704 3342 754; x_wconf 64' lang='grc' dir='ltr'>τε</span> 
     </span>
    </p>
   </div>
   <div class='ocr_carea' id='block_1_51' title="bbox 2469 788 3342 862">
    <p class='ocr_par' dir='ltr' id='par_1_51' title="bbox 2469 788 3342 862">
     <span class='ocr_line' id='line_1_51' title="bbox 2469 788 3342 862; baseline -0.003 -16"><span class='ocrx_word' id='word_1_385' title='bbox 2469 811 2565 846; x_wconf 89' lang='grc' dir='ltr'><strong>σαν</strong></span> <span class='ocrx_word' id='word_1_386' title='bbox 2595 793 2687 862; x_wconf 75' lang='grc' dir='ltr'>τὴν</span> <span class='ocrx_word' id='word_1_387' title='bbox 2721 794 2825 861; x_wconf 79' lang='grc' dir='ltr'><strong>γῆν</strong></span> <span class='ocrx_word' id='word_1_388' title='bbox 2852 788 3244 859; x_wconf 66' lang='grc' dir='ltr'>ἐφαπλαῆεῖσαν</span> <span class='ocrx_word' id='word_1_389' title='bbox 3274 791 3342 844; x_wconf 81' lang='grc' dir='ltr'>δοὶ</span> 
     </span>
    </p>
   </div>
   <div class='ocr_carea' id='block_1_52' title="bbox 2466 882 3342 953">
    <p class='ocr_par' dir='ltr' id='par_1_52' title="bbox 2466 882 3342 953">
     <span class='ocr_line' id='line_1_52' title="bbox 2466 882 3342 953; baseline -0.003 -17"><span class='ocrx_word' id='word_1_390' title='bbox 2466 901 2586 936; x_wconf 85' lang='grc' dir='ltr'>των.</span> <span class='ocrx_word' id='word_1_391' title='bbox 2637 883 2836 953; x_wconf 83' lang='grc' dir='ltr'>Κύριος</span> <span class='ocrx_word' id='word_1_392' title='bbox 2878 883 2934 935; x_wconf 79' lang='grc' dir='ltr'>δὲ</span> <span class='ocrx_word' id='word_1_393' title='bbox 2978 882 3195 934; x_wconf 78' lang='grc' dir='ltr'>Σαϐαὼθ</span> <span class='ocrx_word' id='word_1_394' title='bbox 3245 885 3342 953; x_wconf 86' lang='grc' dir='ltr'><strong>ἐρμ</strong></span> 
     </span>
    </p>
   </div>
   <div class='ocr_carea' id='block_1_53' title="bbox 2467 972 3342 1042">
    <p class='ocr_par' dir='ltr' id='par_1_53' title="bbox 2467 972 3342 1042">
     <span class='ocr_line' id='line_1_53' title="bbox 2467 972 3342 1042; baseline -0.001 -17"><span class='ocrx_word' id='word_1_395' title='bbox 2467 973 2799 1041; x_wconf 75' lang='grc' dir='ltr'>δυνάμεων·</span> <span class='ocrx_word' id='word_1_396' title='bbox 2844 973 3002 1035; x_wconf 75' lang='grc' dir='ltr'>αὐτὸς</span> <span class='ocrx_word' id='word_1_397' title='bbox 3032 973 3075 1024; x_wconf 78' lang='grc' dir='ltr'>δ’</span> <span class='ocrx_word' id='word_1_398' title='bbox 3109 972 3173 1025; x_wconf 79' lang='grc' dir='ltr'>ἂν</span> <span class='ocrx_word' id='word_1_399' title='bbox 3211 972 3292 1042; x_wconf 75' lang='grc' dir='ltr'>εἴη</span> <span class='ocrx_word' id='word_1_400' title='bbox 3324 974 3342 1023; x_wconf 78' lang='grc' dir='ltr'><strong>ί</strong></span> 
     </span>
    </p>
   </div>
   <div class='ocr_carea' id='block_1_54' title="bbox 2472 1061 3342 1135">
    <p class='ocr_par' dir='ltr' id='par_1_54' title="bbox 2472 1061 3342 1135">
     <span class='ocr_line' id='line_1_54' title="bbox 2472 1061 3342 1135; baseline 0.002 -20"><span class='ocrx_word' id='word_1_401' title='bbox 2472 1082 2613 1135; x_wconf 82' lang='grc' dir='ltr'><strong>μεως</strong></span> <span class='ocrx_word' id='word_1_402' title='bbox 2634 1065 2857 1135; x_wconf 78' lang='grc' dir='ltr'>Κυρίου,</span> <span class='ocrx_word' id='word_1_403' title='bbox 2881 1063 2938 1115; x_wconf 84' lang='grc' dir='ltr'>ὃν</span> <span class='ocrx_word' id='word_1_404' title='bbox 2974 1063 3065 1115; x_wconf 74' lang='grc' dir='ltr'><strong>καὶ</strong></span> <span class='ocrx_word' id='word_1_405' title='bbox 3102 1065 3157 1114; x_wconf 82' lang='grc' dir='ltr'><strong>ἐν</strong></span> <span class='ocrx_word' id='word_1_406' title='bbox 3199 1068 3280 1129; x_wconf 87' lang='grc' dir='ltr'><strong>κγ’</strong></span> <span class='ocrx_word' id='word_1_407' title='bbox 3308 1061 3342 1129; x_wconf 64' lang='grc' dir='ltr'>ψ</span> 
     </span>
    </p>
   </div>
   <div class='ocr_carea' id='block_1_55' title="bbox 2468 1151 3344 1208">
    <p class='ocr_par' dir='ltr' id='par_1_55' title="bbox 2468 1151 3344 1208">
     <span class='ocr_line' id='line_1_55' title="bbox 2468 1151 3344 1208; baseline -0.005 0"><span class='ocrx_word' id='word_1_408' title='bbox 2468 1156 2522 1208; x_wconf 81' lang='grc' dir='ltr'>αἱ</span> <span class='ocrx_word' id='word_1_409' title='bbox 2553 1154 2688 1206; x_wconf 87' lang='grc' dir='ltr'>Θείαι</span> <span class='ocrx_word' id='word_1_410' title='bbox 2732 1153 2888 1207; x_wconf 78' lang='grc' dir='ltr'>πάλιν</span> <span class='ocrx_word' id='word_1_411' title='bbox 2922 1151 3249 1206; x_wconf 81' lang='grc' dir='ltr'><strong>ἀποκαλοῦσι</strong></span> <span class='ocrx_word' id='word_1_412' title='bbox 3298 1152 3344 1204; x_wconf 76' lang='grc' dir='ltr'><strong>δι</strong></span> 
     </span>
    </p>
   </div>
   <div class='ocr_carea' id='block_1_56' title="bbox 2469 1239 3344 1313">
    <p class='ocr_par' dir='ltr' id='par_1_56' title="bbox 2469 1239 3344 1313">
     <span class='ocr_line' id='line_1_56' title="bbox 2469 1239 3344 1313; baseline -0.006 -18"><span class='ocrx_word' id='word_1_413' title='bbox 2469 1245 2547 1305; x_wconf 86' lang='grc' dir='ltr'><strong>είς</strong></span> <span class='ocrx_word' id='word_1_414' title='bbox 2571 1243 2824 1313; x_wconf 76' lang='grc' dir='ltr'>οὐρανοὺς</span> <span class='ocrx_word' id='word_1_415' title='bbox 2846 1240 3027 1293; x_wconf 80' lang='grc' dir='ltr'>ἄνοδον</span> <span class='ocrx_word' id='word_1_416' title='bbox 3054 1239 3214 1292; x_wconf 76' lang='grc' dir='ltr'>αὐτοῦ</span> <span class='ocrx_word' id='word_1_417' title='bbox 3240 1239 3344 1291; x_wconf 78' lang='grc' dir='ltr'><strong>Θεσ⁴</strong></span> 
     </span>
    </p>
   </div>
   <div class='ocr_carea' id='block_1_57' title="bbox 2475 1330 3341 1401">
    <p class='ocr_par' dir='ltr' id='par_1_57' title="bbox 2475 1330 3341 1401">
     <span class='ocr_line' id='line_1_57' title="bbox 2475 1330 3341 1401; baseline -0.003 -17"><span class='ocrx_word' id='word_1_418' title='bbox 2475 1352 2493 1384; x_wconf 77' lang='grc' dir='ltr'><strong>ι</strong></span> <span class='ocrx_word' id='word_1_419' title='bbox 2524 1333 2715 1401; x_wconf 81' lang='grc' dir='ltr'>’Λρατε</span> <span class='ocrx_word' id='word_1_420' title='bbox 2766 1330 2953 1394; x_wconf 87' lang='grc' dir='ltr'>πύλας,</span> <span class='ocrx_word' id='word_1_421' title='bbox 2990 1331 3039 1382; x_wconf 74' lang='grc' dir='ltr'><strong>οἱ</strong></span> <span class='ocrx_word' id='word_1_422' title='bbox 3068 1330 3341 1400; x_wconf 79' lang='grc' dir='ltr'>ἄρχοντες,</span> 
     </span>
    </p>
   </div>
   <div class='ocr_carea' id='block_1_58' title="bbox 2470 1418 3344 1484">
    <p class='ocr_par' dir='ltr' id='par_1_58' title="bbox 2470 1418 3344 1484">
     <span class='ocr_line' id='line_1_58' title="bbox 2470 1418 3344 1484; baseline -0.009 -8"><span class='ocrx_word' id='word_1_423' title='bbox 2470 1422 2628 1476; x_wconf 84' lang='grc' dir='ltr'><strong>πύλαι</strong></span> <span class='ocrx_word' id='word_1_424' title='bbox 2665 1421 2885 1484; x_wconf 80' lang='grc' dir='ltr'>αίὼνιοι,</span> <span class='ocrx_word' id='word_1_425' title='bbox 2930 1420 3021 1473; x_wconf 79' lang='grc' dir='ltr'><strong>καὶ</strong></span> <span class='ocrx_word' id='word_1_426' title='bbox 3060 1418 3344 1472; x_wconf 67' lang='grc' dir='ltr'>είσελεύσεπ</span> 
     </span>
    </p>
   </div>
   <div class='ocr_carea' id='block_1_59' title="bbox 2470 1506 3342 1581">
    <p class='ocr_par' dir='ltr' id='par_1_59' title="bbox 2470 1506 3342 1581">
     <span class='ocr_line' id='line_1_59' title="bbox 2470 1506 3342 1581; baseline -0.007 -16"><span class='ocrx_word' id='word_1_427' title='bbox 2470 1512 2581 1581; x_wconf 82' lang='grc' dir='ltr'>ξης.</span> <span class='ocrx_word' id='word_1_428' title='bbox 2637 1512 2729 1574; x_wconf 91' lang='grc' dir='ltr'>Τίς</span> <span class='ocrx_word' id='word_1_429' title='bbox 2785 1514 2930 1564; x_wconf 88' lang='grc' dir='ltr'>ἐστιν</span> <span class='ocrx_word' id='word_1_430' title='bbox 2957 1506 3106 1571; x_wconf 73' lang='grc' dir='ltr'>οὗτος</span> <span class='ocrx_word' id='word_1_431' title='bbox 3129 1510 3158 1560; x_wconf 81' lang='grc' dir='ltr'><strong>ὁ</strong></span> <span class='ocrx_word' id='word_1_432' title='bbox 3188 1508 3342 1578; x_wconf 81' lang='grc' dir='ltr'>βασιλ</span> 
     </span>
    </p>
   </div>
   <div class='ocr_carea' id='block_1_60' title="bbox 2468 1597 3346 1670">
    <p class='ocr_par' dir='ltr' id='par_1_60' title="bbox 2468 1597 3346 1670">
     <span class='ocr_line' id='line_1_60' title="bbox 2468 1597 3346 1670; baseline -0.006 -17"><span class='ocrx_word' id='word_1_433' title='bbox 2468 1602 2565 1669; x_wconf 83' lang='grc' dir='ltr'>τῆς</span> <span class='ocrx_word' id='word_1_434' title='bbox 2605 1599 2909 1670; x_wconf 83' lang='grc' dir='ltr'>δυνάμεως,</span> <span class='ocrx_word' id='word_1_435' title='bbox 2945 1598 3104 1660; x_wconf 85' lang='grc' dir='ltr'>αύτός</span> <span class='ocrx_word' id='word_1_436' title='bbox 3149 1597 3346 1649; x_wconf 75' lang='grc' dir='ltr'>ἐστινύ</span> 
     </span>
    </p>
   </div>
   <div class='ocr_carea' id='block_1_61' title="bbox 2470 1683 3346 1754">
    <p class='ocr_par' dir='ltr' id='par_1_61' title="bbox 2470 1683 3346 1754">
     <span class='ocr_line' id='line_1_61' title="bbox 2470 1683 3346 1754; baseline -0.005 -17"><span class='ocrx_word' id='word_1_437' title='bbox 2470 1686 2542 1737; x_wconf 76' lang='grc' dir='ltr'>Τὸ</span> <span class='ocrx_word' id='word_1_438' title='bbox 2575 1685 2699 1753; x_wconf 76' lang='grc' dir='ltr'>γοῦν</span> <span class='ocrx_word' id='word_1_439' title='bbox 2740 1684 3014 1754; x_wconf 73' lang='grc' dir='ltr'>Ἐϐραῖκὸν</span> <span class='ocrx_word' id='word_1_440' title='bbox 3054 1683 3211 1736; x_wconf 82' lang='grc' dir='ltr'>πάλιν</span> <span class='ocrx_word' id='word_1_441' title='bbox 3265 1683 3346 1733; x_wconf 83' lang='grc' dir='ltr'><strong>ἐντ</strong></span> 
     </span>
    </p>
   </div>
   <div class='ocr_carea' id='block_1_62' title="bbox 2470 1770 3346 1840">
    <p class='ocr_par' dir='ltr' id='par_1_62' title="bbox 2470 1770 3346 1840">
     <span class='ocr_line' id='line_1_62' title="bbox 2470 1770 3346 1840; baseline -0.007 -14"><span class='ocrx_word' id='word_1_442' title='bbox 2470 1774 2625 1826; x_wconf 77' lang='grc' dir='ltr'>αὐτὸν</span> <span class='ocrx_word' id='word_1_443' title='bbox 2651 1772 2800 1825; x_wconf 88' lang='grc' dir='ltr'>καλεί</span> <span class='ocrx_word' id='word_1_444' title='bbox 2822 1789 2834 1802; x_wconf 79' lang='grc'><strong>’</strong></span> <span class='ocrx_word' id='word_1_445' title='bbox 2874 1771 2966 1824; x_wconf 61' lang='grc' dir='ltr'><strong>καὶ⁹</strong></span> <span class='ocrx_word' id='word_1_446' title='bbox 3010 1770 3303 1840; x_wconf 79' lang='grc' dir='ltr'>ἐπειδήπερ</span> <span class='ocrx_word' id='word_1_447' title='bbox 3333 1786 3346 1820; x_wconf 86' lang='grc' dir='ltr'><strong>ι</strong></span> 
     </span>
    </p>
   </div>
   <div class='ocr_carea' id='block_1_63' title="bbox 2469 1860 3346 1934">
    <p class='ocr_par' dir='ltr' id='par_1_63' title="bbox 2469 1860 3346 1934">
     <span class='ocr_line' id='line_1_63' title="bbox 2469 1860 3346 1934; baseline -0.007 -17"><span class='ocrx_word' id='word_1_448' title='bbox 2469 1865 2567 1933; x_wconf 84' lang='grc' dir='ltr'>τῆς</span> <span class='ocrx_word' id='word_1_449' title='bbox 2599 1860 2770 1934; x_wconf 74' lang='grc' dir='ltr'>δόξης,</span> <span class='ocrx_word' id='word_1_450' title='bbox 2796 1863 2882 1915; x_wconf 83' lang='grc' dir='ltr'>διά</span> <span class='ocrx_word' id='word_1_451' title='bbox 2906 1879 2965 1914; x_wconf 87' lang='grc' dir='ltr'><strong>τε</strong></span> <span class='ocrx_word' id='word_1_452' title='bbox 2992 1862 3089 1930; x_wconf 82' lang='grc' dir='ltr'>τὴν</span> <span class='ocrx_word' id='word_1_453' title='bbox 3124 1860 3346 1930; x_wconf 87' lang='grc' dir='ltr'>ἐπιδημί</span> 
     </span>
    </p>
   </div>
   <div class='ocr_carea' id='block_1_64' title="bbox 2471 1949 3342 2024">
    <p class='ocr_par' dir='ltr' id='par_1_64' title="bbox 2471 1949 3342 2024">
     <span class='ocr_line' id='line_1_64' title="bbox 2471 1949 3342 2024; baseline -0.002 -20"><span class='ocrx_word' id='word_1_454' title='bbox 2471 1957 2502 2024; x_wconf 86' lang='grc' dir='ltr'><strong>ή</strong></span> <span class='ocrx_word' id='word_1_455' title='bbox 2529 1954 2596 2024; x_wconf 83' lang='grc' dir='ltr'><strong>γῆ</strong></span> <span class='ocrx_word' id='word_1_456' title='bbox 2623 1951 2950 2023; x_wconf 79' lang='grc' dir='ltr'>πληροῦσθαι</span> <span class='ocrx_word' id='word_1_457' title='bbox 2970 1951 3066 2020; x_wconf 86' lang='grc' dir='ltr'><strong>τῆς</strong></span> <span class='ocrx_word' id='word_1_458' title='bbox 3095 1949 3252 2019; x_wconf 81' lang='grc' dir='ltr'><strong>δόξης</strong></span> <span class='ocrx_word' id='word_1_459' title='bbox 3277 1951 3342 2003; x_wconf 85' lang='grc' dir='ltr'>αὑ</span> 
     </span>
    </p>
   </div>
   <div class='ocr_carea' id='block_1_65' title="bbox 2472 2041 3324 2110">
    <p class='ocr_par' dir='ltr' id='par_1_65' title="bbox 2472 2041 3324 2110">
     <span class='ocr_line' id='line_1_65' title="bbox 2472 2041 3324 2110; baseline -0.006 -15"><span class='ocrx_word' id='word_1_460' title='bbox 2472 2043 2682 2095; x_wconf 77' lang='grc' dir='ltr'>ἔσεσθαι</span> <span class='ocrx_word' id='word_1_461' title='bbox 2738 2042 2792 2094; x_wconf 77' lang='grc' dir='ltr'>ἓν</span> <span class='ocrx_word' id='word_1_462' title='bbox 2835 2058 2894 2093; x_wconf 85' lang='grc' dir='ltr'><strong>τε</strong></span> <span class='ocrx_word' id='word_1_463' title='bbox 2940 2041 3018 2110; x_wconf 87' lang='grc' dir='ltr'>τῷ</span> <span class='ocrx_word' id='word_1_464' title='bbox 3070 2042 3324 2110; x_wconf 81' lang='grc' dir='ltr'>προφήτῃ</span> 
     </span>
    </p>
   </div>
   <div class='ocr_carea' id='block_1_66' title="bbox 2471 2130 3346 2203">
    <p class='ocr_par' dir='ltr' id='par_1_66' title="bbox 2471 2130 3346 2203">
     <span class='ocr_line' id='line_1_66' title="bbox 2471 2130 3346 2203; baseline -0.003 -19"><span class='ocrx_word' id='word_1_465' title='bbox 2471 2131 2690 2203; x_wconf 71' lang='grc' dir='ltr'><strong>ψαλμῷ⁸</strong></span> <span class='ocrx_word' id='word_1_466' title='bbox 2719 2133 2777 2183; x_wconf 86' lang='grc' dir='ltr'><strong>ἐν</strong></span> <span class='ocrx_word' id='word_1_467' title='bbox 2812 2131 2907 2200; x_wconf 80' lang='grc' dir='ltr'>μὲν</span> <span class='ocrx_word' id='word_1_468' title='bbox 2934 2130 3011 2200; x_wconf 83' lang='grc' dir='ltr'>τῷ</span> <span class='ocrx_word' id='word_1_469' title='bbox 3034 2131 3285 2201; x_wconf 78' lang='grc' dir='ltr'>προφήτῃ</span> <span class='ocrx_word' id='word_1_470' title='bbox 3317 2130 3346 2181; x_wconf 88' lang='grc' dir='ltr'><strong>δ</strong></span> 
     </span>
    </p>
   </div>
   <div class='ocr_carea' id='block_1_67' title="bbox 2472 2219 3325 2294">
    <p class='ocr_par' dir='ltr' id='par_1_67' title="bbox 2472 2219 3325 2294">
     <span class='ocr_line' id='line_1_67' title="bbox 2472 2219 3325 2294; baseline -0.034 0"><span class='ocrx_word' id='word_1_471' title='bbox 2472 2224 2505 2294; x_wconf 80' lang='grc' dir='ltr'><strong>ἡ</strong></span> <span class='ocrx_word' id='word_1_472' title='bbox 2539 2223 2609 2292; x_wconf 82' lang='grc' dir='ltr'><strong>γῆ</strong></span> <span class='ocrx_word' id='word_1_473' title='bbox 2656 2222 2752 2291; x_wconf 82' lang='grc' dir='ltr'><strong>τῆς</strong></span> <span class='ocrx_word' id='word_1_474' title='bbox 2788 2221 2942 2290; x_wconf 79' lang='grc' dir='ltr'>δόξης</span> <span class='ocrx_word' id='word_1_475' title='bbox 2981 2219 3178 2273; x_wconf 80' lang='grc' dir='ltr'>αὑτοῦ·</span> <span class='ocrx_word' id='word_1_476' title='bbox 3209 2239 3227 2270; x_wconf 77' lang='grc' dir='ltr'><strong><em>ι</em></strong></span> <span class='ocrx_word' id='word_1_477' title='bbox 3268 2221 3325 2271; x_wconf 61' lang='grc' dir='ltr'><strong>ἐν</strong></span> 
     </span>
    </p>
   </div>
   <div class='ocr_carea' id='block_1_68' title="bbox 2471 2311 3350 2383">
    <p class='ocr_par' dir='ltr' id='par_1_68' title="bbox 2471 2311 3350 2383">
     <span class='ocr_line' id='line_1_68' title="bbox 2471 2311 3350 2383; baseline -0.005 -17"><span class='ocrx_word' id='word_1_478' title='bbox 2471 2314 2639 2383; x_wconf 81' lang='grc' dir='ltr'>ἀρχῆς</span> <span class='ocrx_word' id='word_1_479' title='bbox 2678 2312 3016 2383; x_wconf 78' lang='grc' dir='ltr'>φασκούσηςο</span> <span class='ocrx_word' id='word_1_480' title='bbox 3055 2331 3075 2362; x_wconf 75' lang='grc' dir='ltr'><strong>ι</strong></span> <span class='ocrx_word' id='word_1_481' title='bbox 3103 2311 3210 2364; x_wconf 79' lang='grc' dir='ltr'>Τοῦ</span> <span class='ocrx_word' id='word_1_482' title='bbox 3244 2312 3350 2380; x_wconf 62' lang='grc' dir='ltr'><strong>Κυε</strong></span> 
     </span>
    </p>
   </div>
   <div class='ocr_carea' id='block_1_69' title="bbox 2473 2400 3331 2472">
    <p class='ocr_par' dir='ltr' id='par_1_69' title="bbox 2473 2400 3331 2472">
     <span class='ocr_line' id='line_1_69' title="bbox 2473 2400 3331 2472; baseline -0.002 -19"><span class='ocrx_word' id='word_1_483' title='bbox 2473 2418 2627 2472; x_wconf 86' lang='grc' dir='ltr'>ρωμα</span> <span class='ocrx_word' id='word_1_484' title='bbox 2646 2402 2829 2470; x_wconf 79' lang='grc' dir='ltr'>αὐτῆς,</span> <span class='ocrx_word' id='word_1_485' title='bbox 2851 2402 2884 2471; x_wconf 82' lang='grc' dir='ltr'>ἡ</span> <span class='ocrx_word' id='word_1_486' title='bbox 2906 2401 3219 2471; x_wconf 71' lang='grc' dir='ltr'>οἰκουμένη,</span> <span class='ocrx_word' id='word_1_487' title='bbox 3237 2400 3331 2453; x_wconf 71' lang='grc' dir='ltr'>καὶ</span> 
     </span>
    </p>
   </div>
   <div class='ocr_carea' id='block_1_70' title="bbox 2471 2492 3350 2562">
    <p class='ocr_par' dir='ltr' id='par_1_70' title="bbox 2471 2492 3350 2562">
     <span class='ocr_line' id='line_1_70' title="bbox 2471 2492 3350 2562; baseline -0.001 -18"><span class='ocrx_word' id='word_1_488' title='bbox 2471 2495 2527 2544; x_wconf 89' lang='grc' dir='ltr'><strong>ἐν</strong></span> <span class='ocrx_word' id='word_1_489' title='bbox 2555 2493 2710 2562; x_wconf 74' lang='grc' dir='ltr'>αὐτῇ.</span> <span class='ocrx_word' id='word_1_490' title='bbox 2743 2510 2762 2544; x_wconf 85' lang='grc'>›</span> <span class='ocrx_word' id='word_1_491' title='bbox 2811 2492 3025 2545; x_wconf 84' lang='grc' dir='ltr'>Τούτων</span> <span class='ocrx_word' id='word_1_492' title='bbox 3076 2492 3350 2559; x_wconf 70' lang='grc' dir='ltr'>τεθεσπισί</span> 
     </span>
    </p>
   </div>
   <div class='ocr_carea' id='block_1_71' title="bbox 2471 2580 3350 2652">
    <p class='ocr_par' dir='ltr' id='par_1_71' title="bbox 2471 2580 3350 2652">
     <span class='ocr_line' id='line_1_71' title="bbox 2471 2580 3350 2652; baseline -0.001 -18"><span class='ocrx_word' id='word_1_493' title='bbox 2471 2583 2747 2651; x_wconf 76' lang='grc' dir='ltr'>προφήτης</span> <span class='ocrx_word' id='word_1_494' title='bbox 2776 2580 3131 2652; x_wconf 78' lang='grc' dir='ltr'>μαρτύρεται,</span> <span class='ocrx_word' id='word_1_495' title='bbox 3157 2581 3237 2634; x_wconf 84' lang='grc' dir='ltr'>ὅτι</span> <span class='ocrx_word' id='word_1_496' title='bbox 3269 2580 3350 2651; x_wconf 85' lang='grc' dir='ltr'><strong>δὴ,</strong></span> 
     </span>
    </p>
   </div>
   <div class='ocr_carea' id='block_1_72' title="bbox 2471 2670 3350 2741">
    <p class='ocr_par' dir='ltr' id='par_1_72' title="bbox 2471 2670 3350 2741">
     <span class='ocr_line' id='line_1_72' title="bbox 2471 2670 3350 2741; baseline 0 -18"><span class='ocrx_word' id='word_1_497' title='bbox 2471 2673 2613 2723; x_wconf 76' lang='grc' dir='ltr'>πᾶσα</span> <span class='ocrx_word' id='word_1_498' title='bbox 2647 2673 2679 2741; x_wconf 89' lang='grc' dir='ltr'><strong>ή</strong></span> <span class='ocrx_word' id='word_1_499' title='bbox 2711 2672 2780 2740; x_wconf 85' lang='grc' dir='ltr'><strong>γῆ</strong></span> <span class='ocrx_word' id='word_1_500' title='bbox 2809 2672 2904 2741; x_wconf 82' lang='grc' dir='ltr'>τῆς</span> <span class='ocrx_word' id='word_1_501' title='bbox 2946 2671 3106 2740; x_wconf 76' lang='grc' dir='ltr'>δόξης</span> <span class='ocrx_word' id='word_1_502' title='bbox 3154 2670 3315 2723; x_wconf 77' lang='grc' dir='ltr'>αὐτοῦ</span> <span class='ocrx_word' id='word_1_503' title='bbox 3335 2712 3350 2735; x_wconf 91' lang='grc'><strong>,</strong></span> 
     </span>
    </p>
   </div>
   <div class='ocr_carea' id='block_1_73' title="bbox 2469 2761 3352 2830">
    <p class='ocr_par' dir='ltr' id='par_1_73' title="bbox 2469 2761 3352 2830">
     <span class='ocr_line' id='line_1_73' title="bbox 2469 2761 3352 2830; baseline -0.001 -17"><span class='ocrx_word' id='word_1_504' title='bbox 2469 2761 2614 2823; x_wconf 79' lang='grc' dir='ltr'>ἔθνος</span> <span class='ocrx_word' id='word_1_505' title='bbox 2650 2761 2709 2813; x_wconf 73' lang='grc' dir='ltr'>οὗ</span> <span class='ocrx_word' id='word_1_506' title='bbox 2742 2762 3094 2830; x_wconf 85' lang='grc' dir='ltr'>προσήσεται·</span> <span class='ocrx_word' id='word_1_507' title='bbox 3139 2761 3221 2814; x_wconf 86' lang='grc' dir='ltr'>διό</span> <span class='ocrx_word' id='word_1_508' title='bbox 3250 2777 3352 2830; x_wconf 79' lang='grc' dir='ltr'><strong>φησ</strong></span> 
     </span>
    </p>
   </div>
   <div class='ocr_carea' id='block_1_74' title="bbox 2466 2848 3347 2921">
    <p class='ocr_par' dir='ltr' id='par_1_74' title="bbox 2466 2848 3347 2921">
     <span class='ocr_line' id='line_1_74' title="bbox 2466 2848 3347 2921; baseline 0 -18"><span class='ocrx_word' id='word_1_509' title='bbox 2466 2849 2623 2912; x_wconf 77' lang='grc' dir='ltr'>αὐτὸς</span> <span class='ocrx_word' id='word_1_510' title='bbox 2666 2848 2857 2920; x_wconf 79' lang='grc' dir='ltr'>δηλαδὴ</span> <span class='ocrx_word' id='word_1_511' title='bbox 2879 2851 2908 2901; x_wconf 84' lang='grc' dir='ltr'><strong>ὁ</strong></span> <span class='ocrx_word' id='word_1_512' title='bbox 2933 2850 3179 2921; x_wconf 78' lang='grc' dir='ltr'>τεθεωρη</span> <span class='ocrx_word' id='word_1_513' title='bbox 3188 2851 3347 2920; x_wconf 84' lang='grc' dir='ltr'>μένος</span> 
     </span>
    </p>
   </div>
   <div class='ocr_carea' id='block_1_75' title="bbox 2467 2938 3352 3012">
    <p class='ocr_par' dir='ltr' id='par_1_75' title="bbox 2467 2938 3352 3012">
     <span class='ocr_line' id='line_1_75' title="bbox 2467 2938 3352 3012; baseline -0.003 -20"><span class='ocrx_word' id='word_1_514' title='bbox 2467 2938 2801 3003; x_wconf 82' lang='grc' dir='ltr'>ἀποστείλω;</span> <span class='ocrx_word' id='word_1_515' title='bbox 2837 2941 2929 2993; x_wconf 76' lang='grc' dir='ltr'><strong>καὶ</strong></span> <span class='ocrx_word' id='word_1_516' title='bbox 2971 2941 3058 3003; x_wconf 85' lang='grc' dir='ltr'><strong>τίς</strong></span> <span class='ocrx_word' id='word_1_517' title='bbox 3101 2940 3352 3012; x_wconf 52' lang='grc' dir='ltr'>πορεύσει</span> 
     </span>
    </p>
   </div>
   <div class='ocr_carea' id='block_1_76' title="bbox 2467 3025 3352 3100">
    <p class='ocr_par' dir='ltr' id='par_1_76' title="bbox 2467 3025 3352 3100">
     <span class='ocr_line' id='line_1_76' title="bbox 2467 3025 3352 3100; baseline 0.001 -18"><span class='ocrx_word' id='word_1_518' title='bbox 2467 3046 2590 3093; x_wconf 89' lang='grc' dir='ltr'>τον;</span> <span class='ocrx_word' id='word_1_519' title='bbox 2622 3030 2729 3083; x_wconf 79' lang='grc' dir='ltr'><strong>Καὶ</strong></span> <span class='ocrx_word' id='word_1_520' title='bbox 2751 3025 2909 3082; x_wconf 78' lang='grc' dir='ltr'>εἶπα’</span> <span class='ocrx_word' id='word_1_521' title='bbox 2954 3031 3087 3083; x_wconf 83' lang='grc' dir='ltr'>Ἰδού</span> <span class='ocrx_word' id='word_1_522' title='bbox 3144 3033 3263 3100; x_wconf 78' lang='grc' dir='ltr'>εἰμι</span> <span class='ocrx_word' id='word_1_523' title='bbox 3300 3032 3352 3097; x_wconf 56' lang='grc' dir='ltr'>ἐγ</span> 
     </span>
    </p>
   </div>
   <div class='ocr_carea' id='block_1_77' title="bbox 2464 3116 3331 3191">
    <p class='ocr_par' dir='ltr' id='par_1_77' title="bbox 2464 3116 3331 3191">
     <span class='ocr_line' id='line_1_77' title="bbox 2464 3116 3331 3191; baseline 0.003 -19"><span class='ocrx_word' id='word_1_524' title='bbox 2464 3116 2606 3173; x_wconf 75' lang='grc' dir='ltr'>εἶπεο</span> <span class='ocrx_word' id='word_1_525' title='bbox 2654 3119 2988 3191; x_wconf 82' lang='grc' dir='ltr'>Πορεύθητι,</span> <span class='ocrx_word' id='word_1_526' title='bbox 3038 3122 3136 3175; x_wconf 77' lang='grc' dir='ltr'><strong>καὶ</strong></span> <span class='ocrx_word' id='word_1_527' title='bbox 3173 3118 3331 3175; x_wconf 75' lang='grc' dir='ltr'>εἷπον</span> 
     </span>
    </p>
   </div>
   <div class='ocr_carea' id='block_1_78' title="bbox 2466 3213 3328 3288">
    <p class='ocr_par' dir='ltr' id='par_1_78' title="bbox 2466 3213 3328 3288">
     <span class='ocr_line' id='line_1_78' title="bbox 2466 3213 3328 3288; baseline 0.005 -22"><span class='ocrx_word' id='word_1_528' title='bbox 2466 3213 2740 3277; x_wconf 84' lang='grc' dir='ltr'>ἀκούσετε,</span> <span class='ocrx_word' id='word_1_529' title='bbox 2768 3217 2859 3268; x_wconf 75' lang='grc' dir='ltr'><strong>καὶ</strong></span> <span class='ocrx_word' id='word_1_530' title='bbox 2890 3218 2952 3269; x_wconf 87' lang='grc' dir='ltr'><strong>ού</strong></span> <span class='ocrx_word' id='word_1_531' title='bbox 2990 3218 3066 3288; x_wconf 85' lang='grc' dir='ltr'>μὴ</span> <span class='ocrx_word' id='word_1_532' title='bbox 3093 3219 3289 3288; x_wconf 82' lang='grc' dir='ltr'>συνῆτε</span> <span class='ocrx_word' id='word_1_533' title='bbox 3315 3236 3328 3248; x_wconf 86' lang='grc'><strong>·</strong></span> 
     </span>
    </p>
   </div>
   <div class='ocr_carea' id='block_1_79' title="bbox 2465 3306 3354 3377">
    <p class='ocr_par' dir='ltr' id='par_1_79' title="bbox 2465 3306 3354 3377">
     <span class='ocr_line' id='line_1_79' title="bbox 2465 3306 3354 3377; baseline -0.001 -19"><span class='ocrx_word' id='word_1_534' title='bbox 2465 3307 2557 3359; x_wconf 77' lang='grc' dir='ltr'>καὶ</span> <span class='ocrx_word' id='word_1_535' title='bbox 2620 3306 2680 3369; x_wconf 80' lang='grc' dir='ltr'><strong>ού</strong></span> <span class='ocrx_word' id='word_1_536' title='bbox 2736 3306 2808 3376; x_wconf 85' lang='grc' dir='ltr'>μὴ</span> <span class='ocrx_word' id='word_1_537' title='bbox 2856 3306 3027 3377; x_wconf 76' lang='grc' dir='ltr'>ἴδητε.</span> <span class='ocrx_word' id='word_1_538' title='bbox 3084 3306 3354 3376; x_wconf 82' lang='grc' dir='ltr'>Ἐπαχύνϐ</span> 
     </span>
    </p>
   </div>
   <div class='ocr_carea' id='block_1_80' title="bbox 2464 3393 3349 3459">
    <p class='ocr_par' dir='ltr' id='par_1_80' title="bbox 2464 3393 3349 3459">
     <span class='ocr_line' id='line_1_80' title="bbox 2464 3393 3349 3459; baseline 0.001 -12"><span class='ocrx_word' id='word_1_539' title='bbox 2464 3393 2590 3447; x_wconf 82' lang='grc' dir='ltr'>λαοῦ</span> <span class='ocrx_word' id='word_1_540' title='bbox 2620 3394 2826 3458; x_wconf 87' lang='grc' dir='ltr'>τούτου,</span> <span class='ocrx_word' id='word_1_541' title='bbox 2851 3396 2950 3447; x_wconf 71' lang='grc' dir='ltr'>καὶ</span> <span class='ocrx_word' id='word_1_542' title='bbox 2990 3399 3104 3459; x_wconf 85' lang='grc' dir='ltr'>τοῖς</span> <span class='ocrx_word' id='word_1_543' title='bbox 3140 3395 3275 3448; x_wconf 76' lang='grc' dir='ltr'>ὠσὶν</span> <span class='ocrx_word' id='word_1_544' title='bbox 3314 3413 3349 3448; x_wconf 92' lang='grc' dir='ltr'><strong>α</strong></span> 
     </span>
    </p>
   </div>
   <div class='ocr_carea' id='block_1_81' title="bbox 2465 3483 3329 3554">
    <p class='ocr_par' dir='ltr' id='par_1_81' title="bbox 2465 3483 3329 3554">
     <span class='ocr_line' id='line_1_81' title="bbox 2465 3483 3329 3554; baseline 0 -18"><span class='ocrx_word' id='word_1_545' title='bbox 2465 3484 2558 3537; x_wconf 75' lang='grc' dir='ltr'><strong>καὶ</strong></span> <span class='ocrx_word' id='word_1_546' title='bbox 2602 3484 2724 3547; x_wconf 76' lang='grc' dir='ltr'>τοὺς</span> <span class='ocrx_word' id='word_1_547' title='bbox 2778 3483 3092 3554; x_wconf 72' lang='grc' dir='ltr'>ὀφθαλμοὺς</span> <span class='ocrx_word' id='word_1_548' title='bbox 3146 3484 3329 3538; x_wconf 82' lang='grc' dir='ltr'>αὐτῶν</span> 
     </span>
    </p>
   </div>
   <div class='ocr_carea' id='block_1_82' title="bbox 2467 3563 3353 3645">
    <p class='ocr_par' dir='ltr' id='par_1_82' title="bbox 2467 3563 3353 3645">
     <span class='ocr_line' id='line_1_82' title="bbox 2467 3563 3353 3645; baseline 0.005 -20"><span class='ocrx_word' id='word_1_549' title='bbox 2467 3573 2614 3627; x_wconf 76' lang='grc' dir='ltr'>ἴδωσι</span> <span class='ocrx_word' id='word_1_550' title='bbox 2651 3563 2760 3637; x_wconf 87' lang='grc' dir='ltr'>τοῖς</span> <span class='ocrx_word' id='word_1_551' title='bbox 2789 3575 3092 3645; x_wconf 78' lang='grc' dir='ltr'><strong>ὀφθαλμοῖς</strong></span> <span class='ocrx_word' id='word_1_552' title='bbox 3138 3576 3320 3629; x_wconf 80' lang='grc' dir='ltr'>αὐτῶν</span> <span class='ocrx_word' id='word_1_553' title='bbox 3339 3615 3353 3639; x_wconf 91' lang='grc'><strong>,</strong></span> 
     </span>
    </p>
   </div>
   <div class='ocr_carea' id='block_1_83' title="bbox 2464 3664 3354 3738">
    <p class='ocr_par' dir='ltr' id='par_1_83' title="bbox 2464 3664 3354 3738">
     <span class='ocr_line' id='line_1_83' title="bbox 2464 3664 3354 3738; baseline 0.003 -22"><span class='ocrx_word' id='word_1_554' title='bbox 2464 3664 2750 3729; x_wconf 79' lang='grc' dir='ltr'>ἀκούσωσι,</span> <span class='ocrx_word' id='word_1_555' title='bbox 2775 3666 2871 3717; x_wconf 73' lang='grc' dir='ltr'><strong>καὶ</strong></span> <span class='ocrx_word' id='word_1_556' title='bbox 2908 3669 2978 3735; x_wconf 74' lang='grc' dir='ltr'>τῇ</span> <span class='ocrx_word' id='word_1_557' title='bbox 3012 3665 3215 3738; x_wconf 83' lang='grc' dir='ltr'><strong>καρδία</strong></span> <span class='ocrx_word' id='word_1_558' title='bbox 3258 3684 3354 3719; x_wconf 89' lang='grc' dir='ltr'><strong>συν</strong></span> 
     </span>
    </p>
   </div>
   <div class='ocr_carea' id='block_1_84' title="bbox 2465 3751 3338 3825">
    <p class='ocr_par' dir='ltr' id='par_1_84' title="bbox 2465 3751 3338 3825">
     <span class='ocr_line' id='line_1_84' title="bbox 2465 3751 3338 3825; baseline 0.005 -18"><span class='ocrx_word' id='word_1_559' title='bbox 2465 3756 2559 3807; x_wconf 76' lang='grc' dir='ltr'><strong>καὶ</strong></span> <span class='ocrx_word' id='word_1_560' title='bbox 2594 3756 2827 3825; x_wconf 84' lang='grc' dir='ltr'>ίάσωμαι</span> <span class='ocrx_word' id='word_1_561' title='bbox 2851 3758 3073 3821; x_wconf 77' lang='grc' dir='ltr'>αὐτούς.</span> <span class='ocrx_word' id='word_1_562' title='bbox 3100 3776 3119 3810; x_wconf 71' lang='grc' dir='ltr'><strong>ι</strong></span> <span class='ocrx_word' id='word_1_563' title='bbox 3160 3758 3237 3811; x_wconf 82' lang='grc' dir='ltr'><strong>Δι’</strong></span> <span class='ocrx_word' id='word_1_564' title='bbox 3262 3751 3338 3811; x_wconf 80' lang='grc' dir='ltr'>ὧν</span> 
     </span>
    </p>
   </div>
   <div class='ocr_carea' id='block_1_85' title="bbox 2464 3845 3354 3916">
    <p class='ocr_par' dir='ltr' id='par_1_85' title="bbox 2464 3845 3354 3916">
     <span class='ocr_line' id='line_1_85' title="bbox 2464 3845 3354 3916; baseline 0.007 -21"><span class='ocrx_word' id='word_1_565' title='bbox 2464 3845 2723 3915; x_wconf 74' lang='grc' dir='ltr'>ἐσομένην</span> <span class='ocrx_word' id='word_1_566' title='bbox 2765 3848 2843 3909; x_wconf 79' lang='grc' dir='ltr'><strong>είς</strong></span> <span class='ocrx_word' id='word_1_567' title='bbox 2880 3848 3047 3900; x_wconf 79' lang='grc' dir='ltr'>αὑτὸν</span> <span class='ocrx_word' id='word_1_568' title='bbox 3077 3849 3354 3916; x_wconf 82' lang='grc' dir='ltr'>ἀντιλογία</span> 
     </span>
    </p>
   </div>
   <div class='ocr_carea' id='block_1_86' title="bbox 2465 3937 3354 4010">
    <p class='ocr_par' dir='ltr' id='par_1_86' title="bbox 2465 3937 3354 4010">
     <span class='ocr_line' id='line_1_86' title="bbox 2465 3937 3354 4010; baseline 0.008 -23"><span class='ocrx_word' id='word_1_569' title='bbox 2465 3938 2557 3989; x_wconf 75' lang='grc' dir='ltr'><strong>καὶ</strong></span> <span class='ocrx_word' id='word_1_570' title='bbox 2579 3937 2652 3999; x_wconf 83' lang='grc' dir='ltr'>ὡς</span> <span class='ocrx_word' id='word_1_571' title='bbox 2688 3937 2906 4006; x_wconf 70' lang='grc' dir='ltr'>ὄψονται</span> <span class='ocrx_word' id='word_1_572' title='bbox 2941 3940 3040 4010; x_wconf 82' lang='grc' dir='ltr'><strong>μὲν</strong></span> <span class='ocrx_word' id='word_1_573' title='bbox 3078 3940 3266 4003; x_wconf 71' lang='grc' dir='ltr'>αὐτὸν,</span> <span class='ocrx_word' id='word_1_574' title='bbox 3301 3941 3354 3993; x_wconf 71' lang='grc' dir='ltr'>οξ</span> 
     </span>
    </p>
   </div>
   <div class='ocr_carea' id='block_1_87' title="bbox 2465 4025 3354 4097">
    <p class='ocr_par' dir='ltr' id='par_1_87' title="bbox 2465 4025 3354 4097">
     <span class='ocr_line' id='line_1_87' title="bbox 2465 4025 3354 4097; baseline 0.002 -18"><span class='ocrx_word' id='word_1_575' title='bbox 2465 4026 2546 4097; x_wconf 78' lang='grc' dir='ltr'>εἴη</span> <span class='ocrx_word' id='word_1_576' title='bbox 2564 4042 2578 4055; x_wconf 89' lang='grc'><strong>·</strong></span> <span class='ocrx_word' id='word_1_577' title='bbox 2607 4025 2849 4094; x_wconf 82' lang='grc' dir='ltr'>λέγοντός</span> <span class='ocrx_word' id='word_1_578' title='bbox 2874 4045 2937 4081; x_wconf 82' lang='grc' dir='ltr'><strong>τε</strong></span> <span class='ocrx_word' id='word_1_579' title='bbox 2975 4029 3035 4080; x_wconf 89' lang='grc' dir='ltr'><strong>ἐν</strong></span> <span class='ocrx_word' id='word_1_580' title='bbox 3064 4030 3253 4092; x_wconf 80' lang='grc' dir='ltr'>αὐτοῖς</span> <span class='ocrx_word' id='word_1_581' title='bbox 3284 4046 3354 4081; x_wconf 86' lang='grc' dir='ltr'><strong>κα</strong></span> 
     </span>
    </p>
   </div>
   <div class='ocr_carea' id='block_1_88' title="bbox 2463 4118 3349 4191">
    <p class='ocr_par' dir='ltr' id='par_1_88' title="bbox 2463 4118 3349 4191">
     <span class='ocr_line' id='line_1_88' title="bbox 2463 4118 3349 4191; baseline 0.003 -22"><span class='ocrx_word' id='word_1_582' title='bbox 2463 4134 2571 4179; x_wconf 88' lang='grc' dir='ltr'>ται,</span> <span class='ocrx_word' id='word_1_583' title='bbox 2620 4119 2682 4171; x_wconf 82' lang='grc' dir='ltr'><strong>οὐ</strong></span> <span class='ocrx_word' id='word_1_584' title='bbox 2732 4118 2836 4188; x_wconf 81' lang='grc' dir='ltr'>μὴν</span> <span class='ocrx_word' id='word_1_585' title='bbox 2869 4120 2968 4172; x_wconf 74' lang='grc' dir='ltr'><strong>καὶ</strong></span> <span class='ocrx_word' id='word_1_586' title='bbox 3021 4122 3349 4191; x_wconf 83' lang='grc' dir='ltr'>συνήσουσιν</span> 
     </span>
    </p>
   </div>
   <div class='ocr_carea' id='block_1_89' title="bbox 2461 4206 3354 4282">
    <p class='ocr_par' dir='ltr' id='par_1_89' title="bbox 2461 4206 3354 4282">
     <span class='ocr_line' id='line_1_89' title="bbox 2461 4206 3354 4282; baseline 0.004 -21"><span class='ocrx_word' id='word_1_587' title='bbox 2461 4206 2766 4272; x_wconf 79' lang='grc' dir='ltr'>διαλέξοιτο,</span> <span class='ocrx_word' id='word_1_588' title='bbox 2793 4209 2908 4261; x_wconf 76' lang='grc' dir='ltr'>οὗθ’</span> <span class='ocrx_word' id='word_1_589' title='bbox 2932 4210 3082 4282; x_wconf 79' lang='grc' dir='ltr'>ἆπερ</span> <span class='ocrx_word' id='word_1_590' title='bbox 3106 4213 3293 4273; x_wconf 80' lang='grc' dir='ltr'>αὐτοῖς</span> <span class='ocrx_word' id='word_1_591' title='bbox 3332 4229 3354 4264; x_wconf 80' lang='lat'><strong>1</strong></span> 
     </span>
    </p>
   </div>
   <div class='ocr_carea' id='block_1_90' title="bbox 2466 4297 3354 4373">
    <p class='ocr_par' dir='ltr' id='par_1_90' title="bbox 2466 4297 3354 4373">
     <span class='ocr_line' id='line_1_90' title="bbox 2466 4297 3354 4373; baseline 0.006 -22"><span class='ocrx_word' id='word_1_592' title='bbox 2466 4297 2769 4369; x_wconf 82' lang='grc' dir='ltr'>παραδώσει</span> <span class='ocrx_word' id='word_1_593' title='bbox 2810 4300 3138 4371; x_wconf 83' lang='grc' dir='ltr'>μαθήματα.</span> <span class='ocrx_word' id='word_1_594' title='bbox 3177 4303 3354 4373; x_wconf 60' lang='grc' dir='ltr'>Μαρτπ</span> 
     </span>
    </p>
   </div>
   <div class='ocr_carea' id='block_1_91' title="bbox 838 4383 2314 4460">
    <p class='ocr_par' dir='ltr' id='par_1_91' title="bbox 838 4383 2314 4451">
     <span class='ocr_line' id='line_1_91' title="bbox 838 4383 2314 4451; baseline 0.003 -14"><span class='ocrx_word' id='word_1_595' title='bbox 838 4399 908 4438; x_wconf 89' lang='lat' dir='ltr'><strong>ne</strong></span> <span class='ocrx_word' id='word_1_596' title='bbox 946 4383 1158 4451; x_wconf 87' lang='lat' dir='ltr'><strong>quando</strong></span> <span class='ocrx_word' id='word_1_597' title='bbox 1189 4384 1397 4438; x_wconf 89' lang='lat' dir='ltr'><strong>videant</strong></span> <span class='ocrx_word' id='word_1_598' title='bbox 1434 4386 1609 4441; x_wconf 90' lang='lat' dir='ltr'><strong>oculis</strong></span> <span class='ocrx_word' id='word_1_599' title='bbox 1637 4387 1772 4449; x_wconf 89' lang='lat' dir='ltr'><strong>suis,</strong></span> <span class='ocrx_word' id='word_1_600' title='bbox 1802 4394 1856 4441; x_wconf 91' lang='lat' dir='ltr'><strong>et</strong></span> <span class='ocrx_word' id='word_1_601' title='bbox 1883 4386 2103 4442; x_wconf 86' lang='lat' dir='ltr'><strong>auribus</strong></span> <span class='ocrx_word' id='word_1_602' title='bbox 2131 4388 2243 4443; x_wconf 85' lang='lat' dir='ltr'><strong>suis</strong></span> <span class='ocrx_word' id='word_1_603' title='bbox 2269 4403 2314 4442; x_wconf 81' lang='lat' dir='ltr'><strong>at</strong></span> 
     </span>
    </p>
   </div>
   <div class='ocr_carea' id='block_1_92' title="bbox 1877 4383 3353 4460">
    <p class='ocr_par' dir='ltr' id='par_1_92' title="bbox 1883 4386 3353 4460">
     <span class='ocr_line' id='line_1_92' title="bbox 1883 4386 3353 4460; baseline 0.005 -21"><span class='ocrx_word' id='word_1_604' title='bbox 1883 4386 2103 4442; x_wconf 89' lang='lat' dir='ltr'><strong>auribus</strong></span> <span class='ocrx_word' id='word_1_605' title='bbox 2131 4388 2243 4443; x_wconf 85' lang='lat' dir='ltr'><strong>suis</strong></span> <span class='ocrx_word' id='word_1_606' title='bbox 2269 4403 2364 4442; x_wconf 87' lang='lat' dir='ltr'><strong>au-</strong></span> <span class='ocrx_word' id='word_1_607' title='bbox 2392 4388 2436 4444; x_wconf 91' lang='lat' dir='ltr'><strong>D</strong></span> <span class='ocrx_word' id='word_1_608' title='bbox 2463 4387 2891 4458; x_wconf 77' lang='grc' dir='ltr'>ἀποτελέσμασιν</span> <span class='ocrx_word' id='word_1_609' title='bbox 2938 4392 2968 4442; x_wconf 87' lang='grc' dir='ltr'><strong>ὁ</strong></span> <span class='ocrx_word' id='word_1_610' title='bbox 3012 4392 3353 4460; x_wconf 82' lang='grc' dir='ltr'>εύαγγελιστ</span> 
     </span>
    </p>
   </div>
   <div class='ocr_carea' id='block_1_93' title="bbox 838 4470 2362 4543">
    <p class='ocr_par' dir='ltr' id='par_1_93' title="bbox 838 4470 2362 4543">
     <span class='ocr_line' id='line_1_93' title="bbox 838 4470 2362 4543; baseline 0.006 -18"><span class='ocrx_word' id='word_1_611' title='bbox 838 4470 1009 4534; x_wconf 81' lang='lat' dir='ltr'><strong>disnt,</strong></span> <span class='ocrx_word' id='word_1_612' title='bbox 1033 4480 1084 4525; x_wconf 88' lang='lat' dir='ltr'><strong>et</strong></span> <span class='ocrx_word' id='word_1_613' title='bbox 1108 4470 1268 4526; x_wconf 89' lang='lat' dir='ltr'><strong>corde</strong></span> <span class='ocrx_word' id='word_1_614' title='bbox 1293 4472 1606 4543; x_wconf 89' lang='lat' dir='ltr'><strong>intelligant,</strong></span> <span class='ocrx_word' id='word_1_615' title='bbox 1638 4482 1690 4528; x_wconf 85' lang='lat' dir='ltr'><strong>et</strong></span> <span class='ocrx_word' id='word_1_616' title='bbox 1710 4483 2092 4531; x_wconf 88' lang='lat' dir='ltr'><strong>convertantur</strong></span> <span class='ocrx_word' id='word_1_617' title='bbox 2112 4485 2166 4531; x_wconf 87' lang='lat' dir='ltr'><strong>ct</strong></span> <span class='ocrx_word' id='word_1_618' title='bbox 2181 4493 2362 4534; x_wconf 88' lang='lat' dir='ltr'><strong>sanem</strong></span> 
     </span>
    </p>
   </div>
   <div class='ocr_carea' id='block_1_94' title="bbox 838 4558 2361 4628">
    <p class='ocr_par' dir='ltr' id='par_1_94' title="bbox 838 4558 2361 4628">
     <span class='ocr_line' id='line_1_94' title="bbox 838 4558 2361 4628; baseline 0.004 -12"><span class='ocrx_word' id='word_1_619' title='bbox 838 4576 953 4616; x_wconf 86' lang='lat' dir='ltr'><strong>eos.</strong></span> <span class='ocrx_word' id='word_1_620' title='bbox 993 4578 1012 4612; x_wconf 75' lang='grc' dir='ltr'><strong>ι</strong></span> <span class='ocrx_word' id='word_1_621' title='bbox 1056 4558 1262 4628; x_wconf 85' lang='lat' dir='ltr'><strong>Quibus</strong></span> <span class='ocrx_word' id='word_1_622' title='bbox 1290 4562 1471 4617; x_wconf 87' lang='lat' dir='ltr'><strong>verbis</strong></span> <span class='ocrx_word' id='word_1_623' title='bbox 1499 4564 1931 4620; x_wconf 80' lang='lat' dir='ltr'><strong>manifestissime</strong></span> <span class='ocrx_word' id='word_1_624' title='bbox 1961 4568 2103 4621; x_wconf 88' lang='lat' dir='ltr'><strong>canit</strong></span> <span class='ocrx_word' id='word_1_625' title='bbox 2133 4566 2361 4622; x_wconf 88' lang='lat' dir='ltr'><strong>futuram</strong></span> 
     </span>
    </p>
   </div>
   <div class='ocr_carea' id='block_1_95' title="bbox 837 4652 2363 4727">
    <p class='ocr_par' dir='ltr' id='par_1_95' title="bbox 837 4652 2363 4727">
     <span class='ocr_line' id='line_1_95' title="bbox 837 4652 2363 4727; baseline 0.003 -19"><span class='ocrx_word' id='word_1_626' title='bbox 837 4652 1118 4709; x_wconf 80' lang='lat' dir='ltr'><strong>adversum</strong></span> <span class='ocrx_word' id='word_1_627' title='bbox 1144 4667 1203 4707; x_wconf 90' lang='lat' dir='ltr'><strong>se</strong></span> <span class='ocrx_word' id='word_1_628' title='bbox 1237 4654 1632 4707; x_wconf 90' lang='lat' dir='ltr'><strong>accusationem</strong></span> <span class='ocrx_word' id='word_1_629' title='bbox 1669 4653 1995 4721; x_wconf 84' lang='lat' dir='ltr'><strong>Judaorum,</strong></span> <span class='ocrx_word' id='word_1_630' title='bbox 2035 4663 2089 4712; x_wconf 89' lang='lat' dir='ltr'><strong>et</strong></span> <span class='ocrx_word' id='word_1_631' title='bbox 2115 4659 2256 4727; x_wconf 90' lang='lat' dir='ltr'><strong>quod</strong></span> <span class='ocrx_word' id='word_1_632' title='bbox 2281 4658 2363 4712; x_wconf 90' lang='lat' dir='ltr'><strong>in-</strong></span> 
     </span>
    </p>
   </div>
   <div class='ocr_carea' id='block_1_96' title="bbox 837 4745 2361 4816">
    <p class='ocr_par' dir='ltr' id='par_1_96' title="bbox 837 4745 2361 4816">
     <span class='ocr_line' id='line_1_96' title="bbox 837 4745 2361 4816; baseline 0.003 -18"><span class='ocrx_word' id='word_1_633' title='bbox 837 4746 1129 4801; x_wconf 80' lang='lat' dir='ltr'><strong>tuebuntur</strong></span> <span class='ocrx_word' id='word_1_634' title='bbox 1164 4745 1380 4816; x_wconf 90' lang='lat' dir='ltr'><strong>quidem</strong></span> <span class='ocrx_word' id='word_1_635' title='bbox 1426 4745 1623 4815; x_wconf 88' lang='lat' dir='ltr'><strong>ipsum,</strong></span> <span class='ocrx_word' id='word_1_636' title='bbox 1655 4760 1760 4799; x_wconf 91' lang='lat' dir='ltr'><strong>non</strong></span> <span class='ocrx_word' id='word_1_637' title='bbox 1808 4746 1987 4802; x_wconf 79' lang='lat' dir='ltr'><strong>tamen</strong></span> <span class='ocrx_word' id='word_1_638' title='bbox 2028 4749 2361 4803; x_wconf 71' lang='lat' dir='ltr'><strong>animadver~</strong></span> 
     </span>
    </p>
   </div>
   <div class='ocr_carea' id='block_1_97' title="bbox 839 4833 2364 4908">
    <p class='ocr_par' dir='ltr' id='par_1_97' title="bbox 839 4833 2364 4908">
     <span class='ocr_line' id='line_1_97' title="bbox 839 4833 2364 4908; baseline 0.004 -24"><span class='ocrx_word' id='word_1_639' title='bbox 839 4840 954 4885; x_wconf 83' lang='lat' dir='ltr'><strong>teut</strong></span> <span class='ocrx_word' id='word_1_640' title='bbox 1014 4833 1136 4902; x_wconf 90' lang='lat' dir='ltr'><strong>quis</strong></span> <span class='ocrx_word' id='word_1_641' title='bbox 1176 4833 1277 4896; x_wconf 89' lang='lat' dir='ltr'><strong>sit,</strong></span> <span class='ocrx_word' id='word_1_642' title='bbox 1313 4833 1563 4904; x_wconf 90' lang='lat' dir='ltr'><strong>quodque</strong></span> <span class='ocrx_word' id='word_1_643' title='bbox 1609 4834 1911 4903; x_wconf 87' lang='lat' dir='ltr'><strong>loquentem</strong></span> <span class='ocrx_word' id='word_1_644' title='bbox 1956 4837 2096 4893; x_wconf 91' lang='lat' dir='ltr'><strong>inter</strong></span> <span class='ocrx_word' id='word_1_645' title='bbox 2137 4838 2281 4908; x_wconf 88' lang='lat' dir='ltr'><strong>ipsos</strong></span> <span class='ocrx_word' id='word_1_646' title='bbox 2310 4842 2364 4892; x_wconf 83' lang='lat' dir='ltr'><strong>et</strong></span> 
     </span>
    </p>
   </div>
   <div class='ocr_carea' id='block_1_98' title="bbox 840 4920 2362 4995">
    <p class='ocr_par' dir='ltr' id='par_1_98' title="bbox 840 4920 2362 4995">
     <span class='ocr_line' id='line_1_98' title="bbox 840 4920 2362 4995; baseline 0.006 -25"><span class='ocrx_word' id='word_1_647' title='bbox 840 4920 1118 4975; x_wconf 89' lang='lat' dir='ltr'><strong>docentem</strong></span> <span class='ocrx_word' id='word_1_648' title='bbox 1178 4922 1426 4987; x_wconf 87' lang='lat' dir='ltr'><strong>audient,</strong></span> <span class='ocrx_word' id='word_1_649' title='bbox 1480 4938 1591 4976; x_wconf 89' lang='lat' dir='ltr'><strong>non</strong></span> <span class='ocrx_word' id='word_1_650' title='bbox 1635 4930 1814 4977; x_wconf 88' lang='lat' dir='ltr'><strong>tamen</strong></span> <span class='ocrx_word' id='word_1_651' title='bbox 1857 4924 2017 4979; x_wconf 87' lang='lat' dir='ltr'><strong>etiam</strong></span> <span class='ocrx_word' id='word_1_652' title='bbox 2071 4926 2362 4995; x_wconf 87' lang='lat' dir='ltr'><strong>intelligent</strong></span> 
     </span>
    </p>
   </div>
   <div class='ocr_carea' id='block_1_99' title="bbox 840 5009 2360 5087">
    <p class='ocr_par' dir='ltr' id='par_1_99' title="bbox 840 5009 2360 5087">
     <span class='ocr_line' id='line_1_99' title="bbox 840 5009 2360 5087; baseline 0.009 -30"><span class='ocrx_word' id='word_1_653' title='bbox 840 5009 1083 5075; x_wconf 88' lang='lat' dir='ltr'><strong>quisnam</strong></span> <span class='ocrx_word' id='word_1_654' title='bbox 1117 5014 1164 5065; x_wconf 91' lang='lat' dir='ltr'><strong>is</strong></span> <span class='ocrx_word' id='word_1_655' title='bbox 1196 5012 1266 5066; x_wconf 89' lang='lat' dir='ltr'><strong>sit</strong></span> <span class='ocrx_word' id='word_1_656' title='bbox 1297 5014 1388 5083; x_wconf 91' lang='lat' dir='ltr'><strong>qui</strong></span> <span class='ocrx_word' id='word_1_657' title='bbox 1421 5028 1541 5067; x_wconf 89' lang='lat' dir='ltr'><strong>cum</strong></span> <span class='ocrx_word' id='word_1_658' title='bbox 1572 5014 1704 5084; x_wconf 87' lang='lat' dir='ltr'><strong>ipsis</strong></span> <span class='ocrx_word' id='word_1_659' title='bbox 1743 5013 2008 5085; x_wconf 87' lang='lat' dir='ltr'><strong>loquatur,</strong></span> <span class='ocrx_word' id='word_1_660' title='bbox 2033 5030 2204 5087; x_wconf 89' lang='lat' dir='ltr'><strong>neque</strong></span> <span class='ocrx_word' id='word_1_661' title='bbox 2238 5018 2360 5070; x_wconf 90' lang='lat' dir='ltr'><strong>item</strong></span> 
     </span>
    </p>
   </div>
   <div class='ocr_carea' id='block_1_100' title="bbox 838 5104 2360 5175">
    <p class='ocr_par' dir='ltr' id='par_1_100' title="bbox 838 5104 2360 5175">
     <span class='ocr_line' id='line_1_100' title="bbox 838 5104 2360 5175; baseline 0.009 -28"><span class='ocrx_word' id='word_1_662' title='bbox 838 5111 1079 5165; x_wconf 78' lang='lat' dir='ltr'><strong>quanam</strong></span> <span class='ocrx_word' id='word_1_663' title='bbox 1124 5114 1187 5152; x_wconf 89' lang='lat' dir='ltr'><strong>ea</strong></span> <span class='ocrx_word' id='word_1_664' title='bbox 1221 5104 1327 5155; x_wconf 88' lang='lat' dir='ltr'><strong>sint</strong></span> <span class='ocrx_word' id='word_1_665' title='bbox 1353 5119 1503 5159; x_wconf 87' lang='lat' dir='ltr'><strong>nova</strong></span> <span class='ocrx_word' id='word_1_666' title='bbox 1531 5105 1786 5159; x_wconf 85' lang='lat' dir='ltr'><strong>doctrina</strong></span> <span class='ocrx_word' id='word_1_667' title='bbox 1814 5113 2073 5175; x_wconf 87' lang='lat' dir='ltr'><strong>pracepta</strong></span> <span class='ocrx_word' id='word_1_668' title='bbox 2105 5118 2223 5174; x_wconf 84' lang='lat' dir='ltr'><strong>qua</strong></span> <span class='ocrx_word' id='word_1_669' title='bbox 2247 5104 2360 5172; x_wconf 86' lang='lat' dir='ltr'><strong>ipse</strong></span> 
     </span>
    </p>
   </div>
   <div class='ocr_carea' id='block_1_101' title="bbox 841 5183 2359 5265">
    <p class='ocr_par' dir='ltr' id='par_1_101' title="bbox 841 5183 2359 5265">
     <span class='ocr_line' id='line_1_101' title="bbox 841 5183 2359 5265; baseline 0.007 -30"><span class='ocrx_word' id='word_1_670' title='bbox 841 5183 945 5236; x_wconf 87' lang='lat' dir='ltr'><strong>illis</strong></span> <span class='ocrx_word' id='word_1_671' title='bbox 967 5186 1160 5238; x_wconf 88' lang='lat' dir='ltr'><strong>tradet.</strong></span> <span class='ocrx_word' id='word_1_672' title='bbox 1193 5186 1514 5257; x_wconf 89' lang='lat' dir='ltr'><strong>Comprobat</strong></span> <span class='ocrx_word' id='word_1_673' title='bbox 1543 5209 1671 5250; x_wconf 92' lang='lat' dir='ltr'><strong>vero</strong></span> <span class='ocrx_word' id='word_1_674' title='bbox 1698 5194 1859 5265; x_wconf 85' lang='lat' dir='ltr'><strong>hujus</strong></span> <span class='ocrx_word' id='word_1_675' title='bbox 1890 5195 2092 5249; x_wconf 91' lang='lat' dir='ltr'><strong>oraculi</strong></span> <span class='ocrx_word' id='word_1_676' title='bbox 2112 5198 2359 5248; x_wconf 88' lang='lat' dir='ltr'><strong>eventum</strong></span> 
     </span>
    </p>
   </div>
   <div class='ocr_carea' id='block_1_102' title="bbox 837 5268 2356 5349">
    <p class='ocr_par' dir='ltr' id='par_1_102' title="bbox 837 5268 2356 5349">
     <span class='ocr_line' id='line_1_102' title="bbox 837 5268 2356 5349; baseline 0.003 -22"><span class='ocrx_word' id='word_1_677' title='bbox 837 5268 1159 5343; x_wconf 86' lang='lat' dir='ltr'><strong>evangelista</strong></span> <span class='ocrx_word' id='word_1_678' title='bbox 1176 5271 1425 5341; x_wconf 84' lang='lat' dir='ltr'><strong>Joannes,</strong></span> <span class='ocrx_word' id='word_1_679' title='bbox 1447 5284 1536 5349; x_wconf 88' lang='lat' dir='ltr'><strong>qui</strong></span> <span class='ocrx_word' id='word_1_680' title='bbox 1557 5286 1623 5340; x_wconf 90' lang='lat' dir='ltr'><strong>de</strong></span> <span class='ocrx_word' id='word_1_681' title='bbox 1643 5286 1917 5339; x_wconf 88' lang='lat' dir='ltr'><strong>Salvatore</strong></span> <span class='ocrx_word' id='word_1_682' title='bbox 1942 5291 2127 5339; x_wconf 90' lang='lat' dir='ltr'><strong>nostro</strong></span> <span class='ocrx_word' id='word_1_683' title='bbox 2148 5283 2226 5336; x_wconf 88' lang='lat' dir='ltr'><strong>sic</strong></span> <span class='ocrx_word' id='word_1_684' title='bbox 2247 5282 2320 5333; x_wconf 91' lang='lat' dir='ltr'><strong>ait</strong></span> <span class='ocrx_word' id='word_1_685' title='bbox 2341 5298 2356 5333; x_wconf 87' lang='lat'><strong>:</strong></span> 
     </span>
    </p>
   </div>
   <div class='ocr_carea' id='block_1_103' title="bbox 841 5363 2356 5445">
    <p class='ocr_par' dir='ltr' id='par_1_103' title="bbox 841 5363 2356 5445">
     <span class='ocr_line' id='line_1_103' title="bbox 841 5363 2356 5445; baseline 0.014 -29"><span class='ocrx_word' id='word_1_686' title='bbox 841 5385 863 5416; x_wconf 74' lang='grc' dir='ltr'><strong>ε</strong></span> <span class='ocrx_word' id='word_1_687' title='bbox 901 5363 1035 5417; x_wconf 87' lang='lat' dir='ltr'><strong>Cum</strong></span> <span class='ocrx_word' id='word_1_688' title='bbox 1080 5371 1255 5427; x_wconf 83' lang='lat' dir='ltr'><strong>autem</strong></span> <span class='ocrx_word' id='word_1_689' title='bbox 1294 5372 1399 5420; x_wconf 89' lang='lat' dir='ltr'><strong>tam</strong></span> <span class='ocrx_word' id='word_1_690' title='bbox 1429 5373 1590 5427; x_wconf 88' lang='lat' dir='ltr'><strong>multa</strong></span> <span class='ocrx_word' id='word_1_691' title='bbox 1621 5375 1772 5445; x_wconf 88' lang='lat' dir='ltr'><strong>signa</strong></span> <span class='ocrx_word' id='word_1_692' title='bbox 1808 5378 2021 5431; x_wconf 78' lang='lat' dir='ltr'><strong>fecisset</strong></span> <span class='ocrx_word' id='word_1_693' title='bbox 2060 5387 2238 5427; x_wconf 87' lang='lat' dir='ltr'><strong>coram</strong></span> <span class='ocrx_word' id='word_1_694' title='bbox 2258 5373 2356 5437; x_wconf 71' lang='lat' dir='ltr'><strong>eis.</strong></span> 
     </span>
    </p>
   </div>
   <div class='ocr_carea' id='block_1_104' title="bbox 838 5451 2358 5535">
    <p class='ocr_par' dir='ltr' id='par_1_104' title="bbox 838 5451 2358 5535">
     <span class='ocr_line' id='line_1_104' title="bbox 838 5451 2358 5535; baseline 0.005 -25"><span class='ocrx_word' id='word_1_695' title='bbox 838 5470 945 5510; x_wconf 90' lang='lat' dir='ltr'><strong>non</strong></span> <span class='ocrx_word' id='word_1_696' title='bbox 985 5451 1323 5509; x_wconf 80' lang='lat' dir='ltr'><strong>crediderunt</strong></span> <span class='ocrx_word' id='word_1_697' title='bbox 1348 5456 1401 5509; x_wconf 89' lang='lat' dir='ltr'><strong>in</strong></span> <span class='ocrx_word' id='word_1_698' title='bbox 1443 5473 1586 5525; x_wconf 91' lang='lat' dir='ltr'><strong>eum,</strong></span> <span class='ocrx_word' id='word_1_699' title='bbox 1618 5471 1676 5516; x_wconf 88' lang='lat' dir='ltr'><strong>ut</strong></span> <span class='ocrx_word' id='word_1_700' title='bbox 1710 5480 1885 5521; x_wconf 89' lang='lat' dir='ltr'><strong>sermo</strong></span> <span class='ocrx_word' id='word_1_701' title='bbox 1917 5465 2064 5521; x_wconf 80' lang='lat' dir='ltr'><strong>Isaia</strong></span> <span class='ocrx_word' id='word_1_702' title='bbox 2091 5464 2358 5535; x_wconf 79' lang='lat' dir='ltr'><strong>propheta</strong></span> 
     </span>
    </p>
   </div>
   <div class='ocr_carea' id='block_1_105' title="bbox 906 5627 1315 5692">
    <p class='ocr_par' dir='ltr' id='par_1_105' title="bbox 906 5627 1315 5692">
     <span class='ocr_line' id='line_1_105' title="bbox 906 5627 1315 5692; baseline -0.01 -6"><span class='ocrx_word' id='word_1_703' title='bbox 906 5632 955 5666; x_wconf 80' lang='lat'><strong>”</strong></span> <span class='ocrx_word' id='word_1_704' title='bbox 998 5629 1159 5685; x_wconf 82' lang='lat' dir='ltr'><strong>llcbr.</strong></span> <span class='ocrx_word' id='word_1_705' title='bbox 1195 5643 1234 5692; x_wconf 83' lang='grc' dir='ltr'><strong>ι,</strong></span> <span class='ocrx_word' id='word_1_706' title='bbox 1268 5627 1315 5683; x_wconf 85' lang='lat'><strong>7.</strong></span> 
     </span>
    </p>
   </div>
   <div class='ocr_carea' id='block_1_106' title="bbox 1391 5633 2352 5709">
    <p class='ocr_par' dir='ltr' id='par_1_106' title="bbox 1391 5633 2352 5709">
     <span class='ocr_line' id='line_1_106' title="bbox 1391 5633 2352 5709; baseline 0.007 -19"><span class='ocrx_word' id='word_1_707' title='bbox 1391 5633 1434 5665; x_wconf 81' lang='lat'>“</span> <span class='ocrx_word' id='word_1_708' title='bbox 1481 5636 1621 5693; x_wconf 84' lang='lat' dir='ltr'><strong>Psal.</strong></span> <span class='ocrx_word' id='word_1_709' title='bbox 1656 5654 1806 5709; x_wconf 84' lang='lat' dir='ltr'><strong>xxnl,</strong></span> <span class='ocrx_word' id='word_1_710' title='bbox 1844 5643 1958 5707; x_wconf 86' lang='lat'><strong>7,8.</strong></span> <span class='ocrx_word' id='word_1_711' title='bbox 2064 5644 2104 5677; x_wconf 77' lang='lat'>“</span> <span class='ocrx_word' id='word_1_712' title='bbox 2147 5641 2271 5698; x_wconf 89' lang='lat' dir='ltr'><strong>ibid.</strong></span> <span class='ocrx_word' id='word_1_713' title='bbox 2302 5642 2352 5697; x_wconf 74' lang='lat' dir='ltr'><strong>l.</strong></span> 
     </span>
    </p>
   </div>
   <div class='ocr_carea' id='block_1_107' title="bbox 2462 4473 3353 4545">
    <p class='ocr_par' dir='ltr' id='par_1_107' title="bbox 2462 4473 3353 4545">
     <span class='ocr_line' id='line_1_107' title="bbox 2462 4473 3353 4545; baseline 0.006 -17"><span class='ocrx_word' id='word_1_714' title='bbox 2462 4474 2706 4544; x_wconf 81' lang='grc' dir='ltr'>Σωτῆρος</span> <span class='ocrx_word' id='word_1_715' title='bbox 2732 4473 2887 4543; x_wconf 82' lang='grc' dir='ltr'>ἡμῶν</span> <span class='ocrx_word' id='word_1_716' title='bbox 2938 4475 3152 4545; x_wconf 80' lang='grc' dir='ltr'><strong>λέγων·</strong></span> <span class='ocrx_word' id='word_1_717' title='bbox 3189 4498 3207 4530; x_wconf 80' lang='grc' dir='ltr'><strong>ι</strong></span> <span class='ocrx_word' id='word_1_718' title='bbox 3240 4480 3353 4533; x_wconf 87' lang='grc' dir='ltr'>Τοσ</span> 
     </span>
    </p>
   </div>
   <div class='ocr_carea' id='block_1_108' title="bbox 2460 4565 3354 4638">
    <p class='ocr_par' dir='ltr' id='par_1_108' title="bbox 2460 4565 3354 4638">
     <span class='ocr_line' id='line_1_108' title="bbox 2460 4565 3354 4638; baseline 0.004 -19"><span class='ocrx_word' id='word_1_719' title='bbox 2460 4565 2810 4635; x_wconf 78' lang='grc' dir='ltr'>πεποιηκότος</span> <span class='ocrx_word' id='word_1_720' title='bbox 2842 4565 3163 4638; x_wconf 74' lang='grc' dir='ltr'>ἔμπροσθεν</span> <span class='ocrx_word' id='word_1_721' title='bbox 3208 4572 3354 4625; x_wconf 80' lang='grc' dir='ltr'>αὑτῶ</span> 
     </span>
    </p>
   </div>
   <div class='ocr_carea' id='block_1_109' title="bbox 2460 4655 3354 4725">
    <p class='ocr_par' dir='ltr' id='par_1_109' title="bbox 2460 4655 3354 4725">
     <span class='ocr_line' id='line_1_109' title="bbox 2460 4655 3354 4725; baseline 0.006 -16"><span class='ocrx_word' id='word_1_722' title='bbox 2460 4655 2635 4717; x_wconf 79' lang='grc' dir='ltr'>αὑτὸν,</span> <span class='ocrx_word' id='word_1_723' title='bbox 2662 4656 2748 4708; x_wconf 76' lang='grc' dir='ltr'><strong>ἵνα</strong></span> <span class='ocrx_word' id='word_1_724' title='bbox 2780 4658 2809 4709; x_wconf 83' lang='grc' dir='ltr'>ὀ</span> <span class='ocrx_word' id='word_1_725' title='bbox 2832 4655 2995 4725; x_wconf 84' lang='grc' dir='ltr'>λόγος</span> <span class='ocrx_word' id='word_1_726' title='bbox 3039 4661 3273 4717; x_wconf 70' lang='grc' dir='ltr'>Ἡσαΐου</span> <span class='ocrx_word' id='word_1_727' title='bbox 3302 4681 3354 4717; x_wconf 76' lang='grc' dir='ltr'><strong>τι</strong></span> 
     </span>
    </p>
   </div>
   <div class='ocr_carea' id='block_1_110' title="bbox 2456 4742 3351 4816">
    <p class='ocr_par' dir='ltr' id='par_1_110' title="bbox 2456 4742 3351 4816">
     <span class='ocr_line' id='line_1_110' title="bbox 2456 4742 3351 4816; baseline 0.009 -19"><span class='ocrx_word' id='word_1_728' title='bbox 2456 4746 2515 4798; x_wconf 84' lang='grc' dir='ltr'>ὃν</span> <span class='ocrx_word' id='word_1_729' title='bbox 2544 4742 2691 4798; x_wconf 74' lang='grc' dir='ltr'>εἴπεο</span> <span class='ocrx_word' id='word_1_730' title='bbox 2732 4744 2928 4815; x_wconf 86' lang='grc' dir='ltr'>Κύριε,</span> <span class='ocrx_word' id='word_1_731' title='bbox 2969 4752 3055 4816; x_wconf 87' lang='grc' dir='ltr'><strong>τίς</strong></span> <span class='ocrx_word' id='word_1_732' title='bbox 3085 4754 3351 4807; x_wconf 84' lang='grc' dir='ltr'>ἐπίστευσ</span> 
     </span>
    </p>
   </div>
   <div class='ocr_carea' id='block_1_111' title="bbox 2456 4834 3354 4911">
    <p class='ocr_par' dir='ltr' id='par_1_111' title="bbox 2456 4834 3354 4911">
     <span class='ocr_line' id='line_1_111' title="bbox 2456 4834 3354 4911; baseline 0.009 -21"><span class='ocrx_word' id='word_1_733' title='bbox 2456 4840 2486 4890; x_wconf 83' lang='grc' dir='ltr'><strong>ὁ</strong></span> <span class='ocrx_word' id='word_1_734' title='bbox 2520 4834 2751 4907; x_wconf 80' lang='grc' dir='ltr'>βραχίων</span> <span class='ocrx_word' id='word_1_735' title='bbox 2794 4839 3010 4911; x_wconf 80' lang='grc' dir='ltr'>Κυρίου</span> <span class='ocrx_word' id='word_1_736' title='bbox 3041 4845 3150 4899; x_wconf 90' lang='grc' dir='ltr'>τίνι</span> <span class='ocrx_word' id='word_1_737' title='bbox 3193 4847 3354 4901; x_wconf 75' lang='grc' dir='ltr'>ἀπεκε</span> 
     </span>
    </p>
   </div>
   <div class='ocr_carea' id='block_1_112' title="bbox 2456 4925 3354 5008">
    <p class='ocr_par' dir='ltr' id='par_1_112' title="bbox 2456 4925 3354 5008">
     <span class='ocr_line' id='line_1_112' title="bbox 2456 4925 3354 5008; baseline 0.016 -32"><span class='ocrx_word' id='word_1_738' title='bbox 2456 4925 2710 4994; x_wconf 75' lang='grc' dir='ltr'>ἠδύναντο</span> <span class='ocrx_word' id='word_1_739' title='bbox 2733 4932 3038 4996; x_wconf 86' lang='grc' dir='ltr'>πιστεύειν,</span> <span class='ocrx_word' id='word_1_740' title='bbox 3061 4934 3146 4987; x_wconf 74' lang='grc' dir='ltr'>ὅτι</span> <span class='ocrx_word' id='word_1_741' title='bbox 3194 4936 3354 5008; x_wconf 66' lang='grc' dir='ltr'>πάλιν</span> 
     </span>
    </p>
   </div>
   <div class='ocr_carea' id='block_1_113' title="bbox 2459 5014 3354 5099">
    <p class='ocr_par' dir='ltr' id='par_1_113' title="bbox 2459 5014 3354 5099">
     <span class='ocr_line' id='line_1_113' title="bbox 2459 5014 3354 5099; baseline 0.018 -35"><span class='ocrx_word' id='word_1_742' title='bbox 2459 5014 2665 5082; x_wconf 77' lang='grc' dir='ltr'>ῳλωκεν</span> <span class='ocrx_word' id='word_1_743' title='bbox 2716 5017 2894 5073; x_wconf 76' lang='grc' dir='ltr'>αὐτῶν</span> <span class='ocrx_word' id='word_1_744' title='bbox 2946 5025 3079 5088; x_wconf 81' lang='grc' dir='ltr'>τοὺς</span> <span class='ocrx_word' id='word_1_745' title='bbox 3134 5025 3354 5099; x_wconf 72' lang='grc' dir='ltr'>ὁφθαλμ</span> 
     </span>
    </p>
   </div>
   <div class='ocr_carea' id='block_1_114' title="bbox 2458 5104 3313 5187">
    <p class='ocr_par' dir='ltr' id='par_1_114' title="bbox 2458 5104 3313 5187">
     <span class='ocr_line' id='line_1_114' title="bbox 2458 5104 3313 5187; baseline 0.014 -30"><span class='ocrx_word' id='word_1_746' title='bbox 2458 5104 2632 5157; x_wconf 75' lang='grc' dir='ltr'>αὐτῶν</span> <span class='ocrx_word' id='word_1_747' title='bbox 2663 5107 2758 5176; x_wconf 75' lang='grc' dir='ltr'><strong>τὴν</strong></span> <span class='ocrx_word' id='word_1_748' title='bbox 2795 5110 3064 5181; x_wconf 86' lang='grc' dir='ltr'>καρδίαν,</span> <span class='ocrx_word' id='word_1_749' title='bbox 3101 5116 3190 5169; x_wconf 82' lang='grc' dir='ltr'>ἵνα</span> <span class='ocrx_word' id='word_1_750' title='bbox 3237 5117 3313 5187; x_wconf 79' lang='grc' dir='ltr'>μὴ</span> 
     </span>
    </p>
   </div>
   <div class='ocr_carea' id='block_1_115' title="bbox 2457 5192 3354 5275">
    <p class='ocr_par' dir='ltr' id='par_1_115' title="bbox 2457 5192 3354 5275">
     <span class='ocr_line' id='line_1_115' title="bbox 2457 5192 3354 5275; baseline 0.018 -32"><span class='ocrx_word' id='word_1_751' title='bbox 2457 5192 2549 5244; x_wconf 74' lang='grc' dir='ltr'>καὶ</span> <span class='ocrx_word' id='word_1_752' title='bbox 2579 5196 2810 5264; x_wconf 77' lang='grc' dir='ltr'>νοήσωσι</span> <span class='ocrx_word' id='word_1_753' title='bbox 2831 5201 2899 5269; x_wconf 82' lang='grc' dir='ltr'>τῇ</span> <span class='ocrx_word' id='word_1_754' title='bbox 2928 5202 3153 5275; x_wconf 75' lang='grc' dir='ltr'>καρδίᾳ,</span> <span class='ocrx_word' id='word_1_755' title='bbox 3178 5208 3276 5261; x_wconf 76' lang='grc' dir='ltr'><strong>καὶ</strong></span> <span class='ocrx_word' id='word_1_756' title='bbox 3306 5208 3354 5259; x_wconf 77' lang='grc' dir='ltr'>ἐς</span> 
     </span>
    </p>
   </div>
   <div class='ocr_carea' id='block_1_116' title="bbox 2460 5287 3354 5352">
    <p class='ocr_par' dir='ltr' id='par_1_116' title="bbox 2460 5287 3354 5352">
     <span class='ocr_line' id='line_1_116' title="bbox 2460 5287 3354 5352; baseline 0.021 -18"><span class='ocrx_word' id='word_1_757' title='bbox 2460 5300 2555 5351; x_wconf 89' lang='grc' dir='ltr'><strong>μαι</strong></span> <span class='ocrx_word' id='word_1_758' title='bbox 2587 5287 2796 5351; x_wconf 84' lang='grc' dir='ltr'>αύτούς.</span> <span class='ocrx_word' id='word_1_759' title='bbox 2830 5290 3022 5348; x_wconf 79' lang='grc' dir='ltr'>Ταῦτα</span> <span class='ocrx_word' id='word_1_760' title='bbox 3054 5292 3214 5350; x_wconf 79' lang='grc' dir='ltr'>εἶπεν</span> <span class='ocrx_word' id='word_1_761' title='bbox 3241 5300 3354 5352; x_wconf 70' lang='grc' dir='ltr'>Ἦσι</span> 
     </span>
    </p>
   </div>
   <div class='ocr_carea' id='block_1_117' title="bbox 2457 5376 3354 5463">
    <p class='ocr_par' dir='ltr' id='par_1_117' title="bbox 2457 5376 3354 5463">
     <span class='ocr_line' id='line_1_117' title="bbox 2457 5376 3354 5463; baseline 0.02 -37"><span class='ocrx_word' id='word_1_762' title='bbox 2457 5376 2648 5440; x_wconf 77' lang='grc' dir='ltr'>αὑτοῦ,</span> <span class='ocrx_word' id='word_1_763' title='bbox 2694 5381 2787 5433; x_wconf 76' lang='grc' dir='ltr'><strong>καὶ</strong></span> <span class='ocrx_word' id='word_1_764' title='bbox 2826 5382 3187 5459; x_wconf 75' lang='grc' dir='ltr'>ἐμαρτύρησε</span> <span class='ocrx_word' id='word_1_765' title='bbox 3234 5392 3354 5463; x_wconf 58' lang='grc' dir='ltr'>περὶ</span> 
     </span>
    </p>
   </div>
   <div class='ocr_carea' id='block_1_118' title="bbox 2455 5464 3354 5555">
    <p class='ocr_par' dir='ltr' id='par_1_118' title="bbox 2455 5464 3354 5555">
     <span class='ocr_line' id='line_1_118' title="bbox 2455 5464 3354 5555; baseline 0.021 -36"><span class='ocrx_word' id='word_1_766' title='bbox 2455 5481 2564 5533; x_wconf 84' lang='grc' dir='ltr'>γως</span> <span class='ocrx_word' id='word_1_767' title='bbox 2590 5464 2681 5524; x_wconf 82' lang='grc' dir='ltr'><strong>οὖν</strong></span> <span class='ocrx_word' id='word_1_768' title='bbox 2717 5472 2810 5526; x_wconf 73' lang='grc' dir='ltr'>ἐπὶ</span> <span class='ocrx_word' id='word_1_769' title='bbox 2832 5471 2926 5529; x_wconf 81' lang='grc' dir='ltr'><strong>τὸν</strong></span> <span class='ocrx_word' id='word_1_770' title='bbox 2952 5477 3196 5548; x_wconf 78' lang='grc' dir='ltr'>Χριστὸν</span> <span class='ocrx_word' id='word_1_771' title='bbox 3228 5483 3354 5555; x_wconf 67' lang='grc' dir='ltr'>ἀνήι</span> 
     </span>
    </p>
   </div>
  </div>
