3738 6306
150 402 238 457 493

1000 408 1631 466 DEMONSTRATIONIS
1670 400 2111 466 EVANGELICAE
2148 397 2271 455 LIB.
2316 408 2435 468 VII.

3172 414 3277 467 494

144 514 428 580 θεοφάνειαν
500 516 530 566 ό
596 517 983 590 εῦαγγελιστὴς
1011 560 1026 581 ,
1088 524 1179 575 καὶ
1237 523 1325 575 ἐπὶ
1386 524 1475 576 τὸν
1536 526 1634 578 Ἰου

1724 558 1732 583 ι
1763 524 2086 593 impleretur,
2126 529 2281 584 quem
2305 519 2443 574 dixit
2474 540 2484 574 :
2516 521 2750 586 Domine,
2776 525 2899 594 quis
2921 524 3148 579 credidit
3172 541 3273 578 an-

140 607 279 659 δαίων
320 605 443 659 λαδν
492 607 556 659 οὐ
607 610 1076 680 παραδεδεγμένον
1113 615 1199 667 τὸν
1244 616 1542 685 ἑωραμένον
1583 619 1638 686 ac]

1761 612 1890 666 ditui
1911 616 2112 669 nostro,
2129 613 2181 660 et
2202 605 2485 664 brachium
2502 610 2707 664 Domini
2734 614 2818 666 cui
2842 615 3125 668 revelatum
3153 624 3234 666 est
3252 612 3277 666 2

141 695 361 765 πργρήτῃ
393 695 597 766 Κύριον
618 738 635 762 ,
674 700 815 753 κατὰ
851 701 947 769 τὴν
991 705 1116 773 περὶ
1154 705 1310 756 αὐτοῦ
1345 705 1652 775 πρόρρησιν.

139 782 212 852 Τῷ
260 783 382 850 γοῦν
453 788 716 858 προφήτῃ
774 790 1075 860 ,ἑωρακότι
1140 792 1226 844 τόν
1292 794 1489 863 Κύριον
1553 797 1655 847 Σα-

138 872 261 925 ϐαὼθ
312 890 467 941 φησιν
503 878 534 928 ό
577 878 832 949 χρησμός
873 883 1040 934 εἰπεῖν
1069 883 1144 952 τῷ
1181 884 1437 938 Ἰουδαίων
1472 885 1608 937 ἔθνει
1637 926 1651 949 ,

134 964 202 1016 ὃτι
245 963 303 1034 δὴ
340 966 429 1017 καὶ
475 967 635 1020 αὐτοὶ
675 970 894 1038 ὄψονται
935 989 1063 1024 ποτε
1114 974 1202 1026 τὸν
1241 975 1419 1038 αὐτόν,
1452 976 1560 1027 ἀλλ’
1593 978 1651 1028 οὐ

134 1055 416 1122 συνήσουσιν
454 1055 606 1118 ὅστις
633 1057 722 1128 εἴη
744 1100 759 1123 ,
799 1062 890 1112 xui.
920 1062 1232 1115 ἀκούσονται
1274 1065 1433 1117 αὑτοῦ
1476 1064 1651 1131 λέγον-

130 1159 210 1206 τος
239 1145 291 1196 ἐν
315 1145 481 1208 αὐτοῖς
509 1148 606 1199 καὶ
638 1149 1013 1216 διδάσκοντος,
1040 1152 1150 1205 ἀλλ’
1174 1154 1234 1205 οὐ
1268 1156 1529 1224 νοήσουσι,
1565 1157 1648 1209 διὰ

131 1232 183 1283 τὸ
223 1234 569 1303 πεπωρῶσθαι
629 1240 816 1293 αὐτῶν
862 1241 955 1311 τὴν
997 1244 1237 1315 καρδίαν.
1279 1245 1437 1297 Ταῦτ’
1470 1243 1560 1298 οῦν
1619 1250 1648 1299 ό

137 1318 331 1383 Ἡσαΐας
354 1321 417 1373 δι’
437 1316 511 1374 ὧν
538 1327 899 1398 παρεθέμεθα
923 1330 1112 1395 λέξεων
1137 1332 1409 1395 θεσπίσας,
1430 1335 1483 1385 ἐν
1511 1336 1645 1386 ἱστο-

132 1405 229 1475 ρίας
256 1408 512 1479 ἀφηγήσει
538 1414 825 1481 πολεμίων
859 1416 1038 1484 ἔφοδον
1066 1418 1202 1471 κατά
1236 1421 1325 1473 τοῦ
1358 1421 1525 1489 Ἀχαζ
1541 1461 1555 1484 ,
1588 1423 1645 1486 ὃς

127 1496 280 1564 ἐπεῖχε
321 1499 433 1550 τότε
466 1501 533 1553 τε
569 1503 673 1571 τῆς
730 1505 1001 1573 βασιλείας
1036 1507 1140 1561 τῶν
1182 1509 1439 1562 Ἰουδαίων
1476 1510 1600 1564 λαοῦ
1624 1551 1640 1574 ,

126 1587 405 1657 ὑπογράφει,
437 1590 530 1642 καὶ
563 1590 670 1657 τὴν
699 1593 811 1645 τῶν
839 1594 935 1663 μὲν
962 1596 1223 1665 αἰσθητῶν
1255 1599 1516 1668 πολεμίων
1548 1618 1643 1653 κα-

122 1675 325 1745 θαίρεσιν
344 1678 563 1740 αὐτίκα,
598 1682 696 1733 καὶ
733 1683 831 1734 οὐκ
857 1684 933 1746 είς
958 1684 1167 1754 μακρὰν
1193 1687 1504 1756 γενήσεσθαι
1543 1706 1636 1759 ση-

127 1769 296 1836 μαίνειο
333 1763 404 1821 ὧν
440 1771 495 1823 δὲ
536 1771 799 1840 σύμϐολα
840 1774 996 1844 ἔφερε
1043 1776 1240 1846 νοητῶν
1276 1778 1366 1831 καὶ
1402 1779 1638 1849 ἀοράτων

1761 709 2035 769 propterea
2070 710 2178 751 non
2216 704 2465 765 poterant
2503 699 2751 763 credere,
2777 703 2896 768 quia
2922 701 3110 755 iterum
3139 702 3274 755 dixit

1759 789 1922 844 Isaias
1953 809 1966 843 :
1998 788 2291 841 Excaecavit
2313 790 2497 843 oculos
2543 805 2745 852 eorum,
2778 798 2831 842 et
2877 790 3135 847 induravit
3176 807 3273 845 cor

1755 895 1937 933 eorum
1959 918 1972 939 ,
2005 894 2071 933 ne
2103 878 2313 931 videant
2337 878 2542 942 oculis,
2566 888 2618 933 et
2661 879 2821 932 corde
2860 880 3184 949 lntelligant,
3215 890 3271 934 et

1755 974 2149 1030 convertantur,
2174 974 2226 1021 ct
2248 982 2427 1021 sanem
2443 950 2555 1021 eos.
2578 966 2700 1021 Haec
2722 967 2853 1020 dixit
2874 966 3036 1021 lsaias
3052 968 3268 1036 quando

1753 1055 1883 1109 vidit
1903 1056 2121 1124 gloriam
2147 1055 2283 1123 ejus,
2302 1066 2353 1109 et
2374 1055 2683 1110 testificatus
2709 1063 2789 1109 est
2817 1055 2883 1109 de
2901 1070 2964 1110 eo
2984 1055 3046 1108 δ’.
3088 1074 3105 1107 ι
3129 1055 3265 1128 Ergo

1752 1144 1952 1213 absque
1973 1145 2332 1198 controversia
2359 1145 2613 1198 visionem
2632 1146 2774 1198 illam
2794 1144 2886 1197 Dei
2908 1145 2974 1198 ad
2992 1144 3264 1203 Christum

1750 1234 2260 1303 retulitevangelista
2273 1231 2527 1307 Joannes,
2546 1233 2674 1286 etad
2693 1231 2972 1285 Judaicum
2990 1234 3261 1303 populum,

1749 1324 1837 1390 qui
1898 1323 2067 1375 visum
2136 1337 2164 1375 a
2222 1323 2476 1391 propheta
2533 1321 2809 1375 Dominum
2841 1360 2858 1384 ,
2919 1322 3264 1391 quemadmo-

1747 1410 1871 1463 dum
1923 1411 1991 1463 ab
2037 1411 2129 1463 illo
2175 1411 2293 1480 ipso
2341 1396 2650 1479 praedictum
2689 1417 2791 1471 cst,
2838 1425 2944 1464 non
3000 1411 3255 1479 suscepit.

1744 1499 1899 1569 313
1920 1498 2049 1553 Nam
2076 1516 2195 1555 cum
2237 1500 2516 1555 Dominum
2548 1500 2780 1554 Sabaoth
2812 1501 3068 1570 propheta
3094 1502 3260 1554 vidis-

1745 1599 1842 1652 set,
1883 1590 2043 1644 refert
2065 1593 2360 1654 oraculum,
2391 1592 2833 1661 quemadmodum
2869 1592 2966 1659 ipsi
2992 1605 3258 1661 praecepe-

1742 1683 1830 1747 rit,
1867 1693 1923 1736 ut
1951 1684 2015 1737 ad
2043 1683 2253 1739 Judaeos
2277 1687 2474 1740 diceret
2507 1703 2521 1738 :
2556 1685 2696 1754 quod
2723 1685 2823 1753 ipsi
2862 1685 3008 1739 illum
3042 1687 3253 1755 quidem

1742 1772 2025 1841 aliquando
2053 1775 2327 1837 videbunt,
2361 1775 2453 1829 sed
2480 1791 2587 1828 non
2620 1776 2914 1842 intelligent
2939 1775 3062 1843 quis
3087 1775 3179 1836 sit,
3199 1782 3255 1829 et

124 1855 311 1928 ἐχθρῶν,
358 1858 629 1928 δαιμόνων
676 1861 881 1925 τινῶν,
931 1863 1021 1915 καὶ
1066 1864 1281 1933 ἀφανῶν
1338 1867 1637 1937 δυνάμεων,

1739 1861 1953 1915 audient
1999 1862 2146 1915 illum
2176 1864 2473 1931 loquentem
2523 1866 2661 1917 inter
2689 1864 2834 1932 ipsos
2876 1872 2928 1917 et
2952 1864 3251 1926 docentem,

123 1947 223 2015 περὶ
244 1938 310 1998 ὧν
336 1947 623 2018 ἀρχόμενοι
646 1950 758 2018 τῆς
785 1949 910 2019 ὅλης
946 1952 1317 2021 πραγματείας
1336 1954 1639 2023 διεληλύθα-

125 2049 216 2101 μεν,
236 2034 303 2097 ὡς
334 2037 392 2086 οὐ
426 2036 586 2105 μόνον
617 2037 683 2088 τὸ
742 2038 1004 2089 Ἰουδαίων
1033 2039 1198 2103 ἔθνος,
1228 2039 1361 2092 ἀλλὰ
1398 2042 1489 2094 καὶ
1532 2044 1636 2094 πᾶν

122 2123 168 2174 τὺ
196 2123 505 2194 ἀνθρώπειον
544 2125 719 2193 γένος
756 2126 845 2177 ἐπὶ
873 2128 979 2180 πᾶν
1010 2125 1148 2191 εἶδος
1178 2130 1401 2194 κακίας,
1431 2132 1519 2184 καὶ
1546 2134 1636 2185 ἐπὶ

123 2211 256 2279 αὑτήν
281 2227 339 2277 γε
362 2211 455 2282 τὴν
478 2212 641 2265 ἄθεον
666 2214 1019 2285 εἰδωλολατρε
1028 2217 1107 2267 ίαν
1128 2216 1592 2286 καταϐεϐληκότων
1616 2260 1629 2283 ,

122 2301 198 2352 οὐκ
217 2300 370 2364 ἄλλως
400 2301 496 2371 τὴν
529 2298 715 2372 ἧτταν
748 2304 960 2357 ἔσεσθαι
991 2304 1138 2373 δηλοῖ
1167 2304 1198 2375 ἢ
1231 2305 1315 2358 διὰ
1343 2307 1504 2377 μόνης
1536 2310 1631 2377 τῆς

122 2387 461 2460 θεσπιζομένης
516 2396 599 2455 εἷς
660 2393 983 2463 ἀνθρώπους
1035 2395 1317 2464 ἐπιδημίας
1359 2396 1452 2450 τοῦ
1495 2398 1627 2450 Θεοῦ

122 2477 281 2544 Λόγου,
322 2477 378 2542 ἐξ
435 2481 822 2551 ἀπειρογάμου
877 2481 1147 2552 Παρθένου
1193 2484 1384 2553 σκῆνος
1430 2485 1630 2555 ἀνθρώ-

122 2581 238 2617 tam
263 2568 685 2638 ἀναληψομένου,
718 2572 812 2634 Τίς
833 2572 889 2623 δὲ
920 2572 1064 2642 αὐτῷ
1098 2576 1130 2641 ὴ
1157 2572 1338 2626 τούτου
1365 2576 1517 2645 χρεία
1542 2573 1626 2645 ἦν,

121 2651 269 2723 καιρδς
299 2654 359 2707 ἂν
378 2657 458 2724 εἴη
483 2655 793 2709 διαλαϐεῖν.

1735 1950 1829 2005 sed
1855 1966 1959 2004 non
1987 1952 2300 2020 percipient,
2335 1960 2613 2021 propterea
2633 1952 2775 2022 quod
2807 1951 3113 2005 induratum
3147 1952 3253 2004 erit

1732 2053 1828 2091 cor
1852 2054 2060 2093 eorum;
2089 2039 2222 2093 Cum
2266 2040 2377 2094 hac
2419 2041 2580 2111 igitur
2609 2038 2774 2095 lsaias
2811 2042 2893 2094 his
2931 2054 3049 2109 quae
3090 2054 3252 2108 appo-

1733 2129 1960 2189 suimus,
1990 2129 2164 2183 verbis
2191 2138 2369 2192 canat,
2403 2130 2457 2183 in
2496 2131 2730 2183 historiae
2760 2130 2971 2183 modum
3016 2129 3249 2183 hostium

1735 2217 1992 2271 adversus
2030 2217 2207 2271 Achaz
2231 2220 2504 2287 impetum,
2537 2220 2627 2286 qui
2677 2227 2805 2273 tunc
2835 2219 3042 2273 Iudaici
3070 2218 3249 2289 populi

1733 2321 1954 2377 regnum
1983 2310 2305 2371 obtinuerat,
2339 2307 2610 2371 describit,
2655 2316 2708 2362 et
2735 2323 2766 2361 a
2798 2308 3095 2362 visibilibus
3128 2309 3250 2376 qui-

1731 2395 1850 2449 dem
1880 2397 2123 2451 hostibus
2148 2398 2354 2450 ruinam
2380 2398 2546 2459 brevi,
2572 2412 2744 2465 neque
2766 2395 2906 2449 haud
2934 2396 3099 2449 multo
3128 2404 3248 2464 post

1732 2485 1961 2538 futuram
2014 2486 2295 2555 signiﬁcat.
2341 2484 2578 2550 Quorum
2625 2499 2749 2538 vero
2803 2485 2954 2553 signa
3003 2484 3242 2552 quaedam

1729 2574 1988 2628 duntaxat
2025 2577 2203 2628 attulit
2226 2576 2301 2644 (bi
2344 2590 2503 2643 porro
2531 2583 2656 2628 sunt
2694 2574 3045 2643 intelligibilcs
3083 2581 3244 2641 atque

1731 2664 2021 2718 invisibiles
2051 2666 2267 2733 quidam
2308 2665 2508 2725 hostes,
2543 2664 2809 2718 daemones
2841 2663 3022 2732 utique
3053 2676 3116 2714 ac
3143 2661 3247 2716 sub

122 2746 260 2797 risum
290 2763 388 2802 non
414 2748 685 2803 cadentes
711 2758 1026 2820 potestates,
1050 2750 1115 2805 de
1142 2751 1339 2820 quibus
1371 2753 1525 2807 initio
1572 2758 1735 2810 totius
1792 2760 1970 2827 operis
2022 2757 2396 2816 disseruimus,
2436 2756 2578 2825 quod
2626 2771 2733 2809 non
2761 2756 2926 2810 solam
2968 2752 3244 2808 Judaicam

122 2852 310 2912 gentem,
359 2846 451 2901 scd
505 2860 677 2899 omne
726 2859 948 2912 prorsus
990 2845 1282 2897 humanum
1332 2861 1520 2915 genus,
1570 2848 1623 2899 in
1657 2863 1814 2901 omne
1841 2849 2056 2902 malitia:
2076 2864 2263 2917 genus,
2293 2864 2357 2903 ac
2380 2848 2689 2918 deniquein
2738 2849 2911 2917 ipsum
2966 2846 3111 2900 omni
3158 2861 3244 2897 re.

122 2934 266 3001 ligioni
313 2936 644 2990 contrarium
725 2935 1134 2989 simulacrorum
1199 2936 1402 2989 cultum
1470 2939 1881 3008 compulerint),
1946 2940 2045 2994 hos
2092 2955 2201 2993 non
2271 2941 2426 2993 aliter
2478 2941 2618 2993 vinci
2666 2955 2824 3008 posse
2877 2939 3238 2998 demonstrat,

120 3041 244 3093 quam
272 3045 358 3098 per
379 3046 570 3093 unum,
605 3029 711 3098 qui
744 3029 960 3081 canitur
992 3027 1080 3082 Dei
1110 3026 1268 3083 Verbi
1297 3030 1362 3082 ad
1384 3030 1625 3086 homines
1658 3046 1951 3096 accessum,
1989 3034 2129 3102 quod
2177 3034 2389 3101 quidem
2431 3031 2525 3086 Dei
2557 3031 2784 3086 Verbum
2825 3038 2970 3085 esset
3026 3045 3092 3083 ex
3156 3030 3238 3081 in-

120 3129 249 3190 nupta
304 3121 513 3192 Virgine
577 3122 885 3174 humanum
940 3135 1135 3188 corpus
1192 3131 1609 3191 assumpturum.
1683 3124 1786 3179 Sed
1839 3126 1996 3194 hujus
2041 3126 2115 3178 illi
2155 3126 2401 3193 quisnam
2456 3139 2586 3177 usus
2627 3123 2805 3185 fuerit,
2848 3123 2958 3190 jam
3027 3127 3239 3189 tempus

118 3224 208 3265 esse
230 3212 443 3276 videtur,
475 3221 535 3266 ut
565 3213 740 3265 latius
768 3213 1122 3280 inquiramus.

186 3326 248 3378 ra
266 3326 390 3393 περὶ
418 3325 528 3393 τῆς
559 3324 676 3378 τοῦ
717 3322 983 3391 Σωτῆρος
1011 3322 1173 3392 ἡμῶν
1198 3324 1523 3393 ἐπιδημίας.

172 3434 360 3506 Ἐπειδὴ
395 3456 413 3487 ι
452 3435 521 3488 δι’
548 3435 844 3503 ἀνθρώπου
869 3433 1090 3497 θάνατος
1136 3433 1372 3503 εἰσῆλθεν
1413 3437 1489 3497 είς
1526 3433 1614 3486 τόν

113 3521 317 3589 amttam:
332 3525 490 3592 φησιν
512 3526 542 3575 ὁ
570 3522 907 3583 Ἀπόστολος,
921 3524 1053 3592 χρῆν
1066 3523 1230 3592 δήπου
1250 3522 1333 3575 διὰ
1351 3523 1440 3575 τοῦ
1455 3524 1612 3576 αὐτοῦ

111 3611 344 3683 ἀνθρώπου
369 3615 467 3684 τὴν
497 3614 643 3665 κατὰ
674 3611 769 3663 τοῦ
805 3613 1028 3665 θανάτου
1056 3612 1577 3682 βραϐευθῆναι’νίκην
1595 3651 1611 3676 ,

113 3699 183 3750 καὶ
204 3699 257 3752 τὸ
283 3699 430 3770 σῶμα
458 3699 557 3752 τοῦ
590 3698 826 3751 θανάτου
858 3698 1011 3767 σῶμα
1046 3697 1189 3766 ζωῆς
1227 3698 1610 3767 ἀναδειχθῆναι,

110 3788 289 3857 καὶτῆς
317 3788 588 3859 ἁμαρτίας
637 3787 740 3855 τὴν
787 3787 1057 3856 βασιλείαν
1100 3787 1158 3838 ὲν
1194 3785 1269 3854 τῷ
1305 3784 1477 3854 θνητῷ
1517 3785 1612 3837 σώ-

112 3890 205 3940 ματι
228 3878 280 3929 τὸ
297 3879 420 3947 πρὶν
455 3873 789 3946 ἐνεργοῦσαν
816 3874 1192 3943 καταλυθῆναι,
1231 3872 1417 3942 μηκέτι
1447 3874 1613 3943 ἁμαρ-

106 3962 197 4028 τίας
220 3968 389 4033 αὑτοῦ,
423 3968 560 4021 ἀλλὰ
582 3965 924 4036 δικαιοσύνης
955 3963 1251 4035 κρατούσης
1270 3980 1282 3993 ³
1309 3965 1399 4016 καὶ
1429 3965 1607 4035 ἐπειδὴ

104 4051 169 4104 διὰ
192 4057 284 4108 τῶν
312 4059 405 4127 τῆς
437 4058 645 4128 σαρκὸς
677 4055 1078 4125 ἁμαρτημάτων
1109 4051 1271 4105 πάλαι
1297 4053 1547 4121 πρότερον
1573 4057 1605 4122 ἡ

105 4144 267 4208 πτῶσις
313 4148 516 4214 ἐγίνετο
581 4147 749 4198 πᾶσιν
807 4141 1106 4214 ἀνθρώποις
1128 4180 1143 4203 ,
1199 4143 1418 4205 εἰκότως
1450 4142 1604 4195 πάλιν

100 4229 152 4280 δι’
192 4234 558 4307 ἀναμαρτήτου
584 4273 601 4297 ,
648 4233 743 4286 καὶ
781 4232 957 4300 πάσης
1013 4231 1275 4300 ἀχράντου
1313 4231 1502 4294 κακίας
1537 4231 1603 4283 τὰ

102 4322 209 4373 κατά
240 4325 339 4375 τῶν
365 4323 580 4393 ἐχθρῶν
614 4322 930 4391 ἀνηγείρετο
966 4320 1210 4389 τρόπαια.
1246 4318 1411 4370 Τίνων
1431 4319 1485 4370 δὲ
1513 4321 1602 4388 ἑχ-

100 4410 258 4482 θρῶνῆ
288 4414 389 4466 τῶν
412 4414 584 4465 πάλαι
611 4410 699 4464 διὰ
729 4411 836 4462 τῶν
862 4411 961 4479 τῆς
992 4409 1186 4478 σαρκὸς
1207 4407 1400 4476 ἡδονῶν
1434 4426 1600 4462 κατα-
1648 4433 1655 4440 ·

101 4497 383 4553 παλαιόντων
429 4498 493 4552 τὸ
542 4497 874 4566 ἀνθρώπειον
931 4497 1117 4563 γένος;
1172 4496 1263 4548 καὶ
1317 4496 1485 4558 ἄλλως
1543 4496 1598 4548 δὲ

98 4582 251 4655 ἐχρῆν,
275 4588 582 4661 ἀνθρώποις
616 4586 748 4640 Θεοῦ
776 4586 946 4652 Λόγον
981 4583 1182 4654 ὁμιλεῖν
1205 4581 1477 4653 μέλλοντα,
1506 4585 1600 4637 καὶ

1824 3323 1952 3386 Qua
1982 3328 2210 3389 spectant
2241 3319 2308 3371 ad
2330 3318 2615 3373 Saluatoris
2650 3317 2814 3369 nostri
2838 3317 3127 3373 adventum.

1786 3431 1921 3495 Quia
1954 3448 1972 3479 σ
2003 3445 2094 3498 per
2126 3430 2391 3483 hominem
2423 3441 2570 3479 mors
2608 3426 2822 3478 intravit
2858 3426 2911 3478 in
2951 3428 3225 3489 rotundum,

1717 3521 1790 3572 ait
1826 3518 2110 3588 Apostolus
2129 3519 2215 3579 δ”,
2247 3535 2264 3567 ι
2304 3516 2502 3568 idcirco
2532 3513 2786 3565 adversus
2816 3519 3039 3565 mortem
3069 3514 3230 3567 victo-

1715 3610 1846 3662 riam
1884 3607 2109 3661 obtineri
2149 3619 2243 3674 per
2284 3604 2527 3658 eumdem
2571 3602 2833 3655 hominem
2877 3602 3128 3668 Oportuit,
3177 3611 3229 3655 et

1713 3697 1854 3766 quod
1887 3696 2071 3749 mortis
2112 3696 2284 3747 fuerat
2328 3706 2543 3760 corpus,
2576 3691 2695 3743 vita:
2727 3704 2919 3756 corpus
2942 3690 3224 3751 declarari,

1711 3795 1763 3840 et
1804 3784 2004 3854 peccati
2038 3797 2280 3852 regnum,
2308 3781 2448 3850 quod
2483 3780 2631 3847 prius
2672 3780 2725 3831 in
2767 3793 2988 3846 corpore
3015 3781 3226 3833 mortali

1709 3879 1815 3930 vim
1864 3889 2011 3928 suam
2062 3871 2362 3933 exercebat,
2405 3869 2568 3922 deleri
2621 3882 2787 3936 usque
2820 3867 2973 3932 adeo,
3018 3875 3076 3920 ut
3118 3883 3223 3922 non
3328 3877 3334 3882 ‘

1710 3964 1935 4030 amplius
1959 3961 2034 4013 illi
2068 3967 2365 4029 peccatum,
2392 3958 2484 4012 sed
2515 3958 2725 4026 justitia
2757 3957 3139 4025 dominaretur,
3170 3967 3224 4011 et

1706 4057 1955 4124 quoniam
1975 4069 2036 4107 ex
2062 4053 2296 4122 peccatis
2324 4051 2586 4119 corporis,
2622 4057 2775 4103 antea
2816 4050 3026 4104 cunctis
3053 4050 3223 4104 homi-

1709 4146 1865 4197 nibus
1902 4145 2056 4196 ruiua
2103 4140 2242 4194 facta
2281 4149 2384 4203 est,
2430 4141 2620 4193 merito
2659 4155 2849 4194 rursus
2900 4155 2996 4208 per
3043 4140 3219 4193 omnis

1706 4232 1905 4301 peccati
1937 4246 2125 4298 expers
2154 4246 2370 4299 corpus,
2393 4229 2644 4297 omnique
2673 4242 2892 4296 prorsus
2914 4227 3112 4279 malitia
3139 4228 3221 4279 in-

1704 4328 1926 4381 tactum,
1964 4326 2158 4387 tropaea
2196 4318 2451 4370 adversus
2478 4316 2659 4369 hostes
2702 4316 2949 4384 erigenda
2981 4314 3217 4371 fuerunt.

1704 4408 1809 4464 Sed
1841 4424 1975 4479 quos
2002 4408 2211 4461 tandem
2239 4408 2438 4468 hostes,
2469 4406 2569 4459 nisi
2591 4420 2683 4459 eos
2714 4406 2802 4473 qui
2833 4406 2957 4459 olim
2985 4421 3080 4474 per
3097 4420 3218 4459 (τοι-ο

1701 4513 1889 4567 poreas
1917 4497 2214 4566 voluptates
2248 4497 2533 4548 humanum
2572 4509 2741 4562 genus
2779 4495 3223 4562 prasternebant?

1701 4594 1953 4656 prazterea
1999 4600 2118 4639 cum
2167 4583 2260 4639 Dei
2295 4583 2526 4638 Verbum
2575 4590 2717 4635 esset
2756 4597 2876 4635 cum
2917 4583 3217 4635 hominibus

102 4674 261 4743 σαρκὸς
282 4678 465 4740 ἀκοαῖς
502 4677 587 4728 τὰς
605 4676 701 4746 τῆς
731 4672 1005 4735 εὐσεϐείας
1032 4673 1321 4743 μαθήματα
1349 4671 1596 4743 παραδώ-
1628 4686 1638 4739 ι

1724 4676 2105 4734 :ollocutnrum,
2150 4682 2202 4728 et
2248 4673 2521 4741 corporeis
2567 4671 2788 4723 auribus
2838 4678 3098 4737 praecepta
3151 4670 3216 4724 de

98 4775 243 4826 me,
283 4768 566 4838 τερατείας
604 4782 661 4819 τε
698 4765 792 4818 καὶ
826 4761 1268 4834 παραδοξοποιίας
1308 4761 1600 4834 ἀνθρώπων

98 4846 375 4921 ὀφθαλμοῖς,
408 4855 547 4909 Θεοῦ
577 4870 637 4906 τε
667 4853 892 4923 δύναμιν
931 4852 1129 4920 ἐναργῆ
1170 4855 1593 4923 παραστήσοντα,

104 4937 162 5005 μὴ
200 4940 352 5005 ἄλλως
392 4944 427 5013 ἢ
469 4943 561 4995 διὰ
590 4943 678 4995 τοῦ
710 4941 969 5011 συνήθους
1003 4943 1131 5010 ἡμῖν
1174 4941 1396 5011 ὀργάνου
1445 4941 1597 4995 τοῦτο

103 5027 294 5092 πρᾶξιν
323 5034 401 5085 ὃτι
435 5033 559 5085 οὐδὲ
582 5033 737 5086 πλέον
763 5031 912 5083 οὐδὲν
945 5029 1204 5097 σωμάτων
1229 5031 1355 5097 ὁρᾷν
1392 5029 1596 5100 ἀνθρώ-ρ

104 5129 195 5167 ων
216 5118 417 5174 δυνατὸν
440 5118 511 5192 ἦν
537 5121 850 5190 ὀφθαλμοῖς,
880 5118 987 5171 οὐδ’
1008 5117 1221 5170 ἀκούειν
1253 5116 1414 5186 ἀκοὴν
1440 5100 1594 5171 πλέον

103 5208 231 5260 nso-3
246 5210 322 5262 διὰ
337 5211 580 5281 γλώττης
601 5209 996 5282 προφερομένου
1020 5204 1272 5274 facitle
1287 5201 1378 5255 οὖν
1403 5206 1494 5257 καὶ
1511 5207 1595 5260 διὰ

111 5298 326 5363 σωμάτων
350 5300 648 5371 αἰσθήσεως
667 5300 764 5368 τῆς
791 5297 899 5349 τῶν
925 5292 1128 5362 νοητῶν
1164 5291 1253 5342 καὶ
1301 5293 1593 5361 ἀσωμάτων

110 5383 269 5452 Μαίας
292 5389 682 5459 ἐπιλαϐώμεθα,
698 5389 784 5440 τὸν
808 5389 938 5457 ἡμῖν
964 5379 1199 5449 συγγενῆ
1225 5380 1317 5432 καὶ
1333 5384 1592 5450 γνώριμον

110 5468 231 5539 Vivat
245 5478 389 5541 αυτὸς
417 5481 446 5532 ό
478 5478 612 5538 Θεὸς
642 5477 805 5543 Λόγος
833 5471 1192 5540 ἀνελάμϐανε,
1226 5468 1317 5519 καὶ⁸
1343 5469 1507 5521 πάντα
1530 5487 1589 5536 γε

114 5556 164 5607 δι’
194 5565 330 5618 αὐτοῦ
368 5566 433 5618 τά
483 5567 722 5634 σωτήρια
754 5566 858 5622 τοῖς
889 5557 1170 5628 αὑτηκόοις
1198 5557 1290 5612 καὶ
1312 5559 1587 5624 αὑτόπταις

173 5710 206 5744 ⁸³
236 5711 370 5769 Joan.
402 5731 494 5781 xu,
520 5713 705 5767 37-“.
778 5711 840 5743 δ”
869 5711 1025 5763 Rom.
1061 5719 1114 5765 v,
1152 5702 1239 5757 12.
1319 5718 1322 5722 ‘

1700 4767 1893 4836 pietate
1931 4762 2274 4825 traditurum,
2301 4762 2648 4832 prodigiaque
2678 4768 2730 4814 et
2761 4759 3014 4812 miracula
3042 4759 3216 4813 oculis

1702 4855 1995 4917 hominum,
2024 4851 2185 4924 314
2211 4852 2409 4920 Deique
2449 4851 2701 4904 virtutem
2743 4848 3012 4902 evidenter
3056 4856 3214 4916 atque

1698 4949 1878 5014 aperte
1901 4941 2406 5001 demonstraturum,
2439 4954 2545 4992 non
2574 4937 2730 4990 aliter
2758 4949 2918 5005 quam
2952 4949 3048 5002 per
3084 4949 3215 4989 con-

1696 5041 1925 5092 suetum,
1959 5028 2217 5096 nobisque
2254 5028 2513 5080 familiare
2551 5026 2986 5083 instrumentum,
3016 5022 3119 5077 hoc
3134 5021 3211 5076 fa-

1695 5136 1816 5177 cere
1854 5120 2028 5188 ipsum
2074 5116 2329 5184 oportuit,
2376 5115 2623 5183 quoniam
2666 5112 2798 5166 nihil
2834 5108 3046 5178 quidem
3096 5124 3212 5163 am-

1694 5209 1856 5277 plius,
1887 5220 2044 5274 quam
2087 5219 2204 5272 qua:
2230 5217 2455 5270 corpora
2501 5208 2651 5261 sunt,
2699 5197 3013 5252 mortalibus
3042 5199 3216 5251 oculis

1693 5310 1751 5352 ut
1778 5310 2143 5356 cerneremus,
2176 5292 2285 5346 ﬁeri
2315 5297 2540 5360 poterat,
2572 5304 2745 5358 neque
2766 5294 2825 5341 ut
2852 5285 3075 5340 auribus
3095 5302 3216 5354 per—

1690 5388 2006 5456 ciperemus,
2038 5398 2195 5452 quam
2244 5397 2454 5442 sonum,
2494 5380 2582 5449 qui
2615 5380 2793 5449 lingua
2818 5375 3050 5446 proferri
3087 5390 3215 5429 conv

1691 5478 1880 5532 suevit.
1913 5474 1981 5528 Ut
2011 5475 2171 5544 igitur
2201 5472 2471 5540 corporeis
2491 5485 2701 5541 quoque
2728 5466 2980 5523 sensibus
3009 5463 3213 5518 intelli-

1693 5564 1932 5633 gibilium
1962 5561 2497 5629 incorporearumque
2516 5573 2692 5614 rerum
2723 5555 2973 5612 notiones
2988 5563 3218 5619 capere-
