3738 6302
832 390 935 445 495

1481 377 1742 434 EUSEBll
1779 368 2247 431 C/ESARIENSIS
2281 364 2430 420 OPP.
2471 360 2650 417 PARS
2683 354 2749 413 ll.
2771 384 2839 397 —-
2863 347 3328 408 APOLOGETICA

834 518 976 564 mus.
1006 514 1127 555 eum
1165 498 1256 568 qui
1288 495 1441 550 nobis
1482 501 1535 548 et
1583 499 1844 561 cognatus
1879 496 1932 542 et
1962 483 2240 539 familiaris
2280 496 2310 536 e

1879 496 1932 542 et
1962 483 2240 539 familiaris
2280 496 2359 536 es-
2388 486 2429 544 Α
2458 477 2564 530 τῶν
2597 474 2789 528 ἐνθέων
2819 469 2981 524 αὐτοῦ
3020 467 3190 534 λόγων
3227 481 3287 517 τε
3317 480 3335 515 ι

837 602 937 655 set,
978 591 1093 660 ipse
1136 587 1277 642 Deus
1304 586 1533 640 Verbum
1585 580 1894 649 assumpsit,
1945 576 2228 641 omniaque
2266 583 2361 639 per

835 684 985 737 illum
1016 693 1345 750 quaecunque
1370 673 1625 730 salutaria
1658 678 1862 732 essent,
1887 670 1975 729 iis,
2007 666 2097 734 qui
2129 664 2229 733 ipsi
2269 676 2364 713 au-

838 772 1077 833 diebant,
1105 769 1311 839 ipsique
1331 765 1580 826 ﬁdebant,
1616 771 1723 815 tam
1754 774 1872 829 qua:
1899 759 1953 810 in
1977 755 2174 810 divinis
2194 751 2363 821 ipsius

838 861 1036 923 verbis,
1074 873 1233 928 quam
1266 871 1383 924 quae
1415 855 1469 908 in
1506 852 1663 906 factis
1687 850 2064 905 consisterent,
2094 840 2361 911 exposuit.

839 953 1013 1019 Atque
1054 949 1165 1001 haec
1208 946 1384 999 omnia
1416 939 1825 1003 administravit,
1874 949 2139 1004 nusquam
2175 939 2236 985 ut
2265 943 2366 984 nos

842 1038 1004 1096 simili
1026 1037 1235 1091 ratione
1266 1033 1507 1102 corporis
1538 1028 1948 1084 necessitatibus
1977 1025 2233 1093 illigatus,
2273 1034 2367 1073 ne-

843 1142 946 1198 que
971 1126 1083 1196 ipse
1114 1123 1402 1193 quidquam
1437 1126 1529 1173 aut.
1568 1117 1803 1172 deterius
1846 1122 1937 1167 aut
1993 1111 2221 1179 amplius
2268 1121 2366 1163 sua

842 1218 1010 1288 ipsius
1048 1215 1323 1271 divinitate
1356 1211 1676 1283 perpetiens,
1721 1222 1894 1275 neque
1925 1218 2052 1257 vero
2091 1210 2147 1253 ut
2191 1200 2367 1252 anima

842 1309 1099 1373 hominis,
1124 1308 1197 1361 ita
1229 1306 1344 1375 ipse
1372 1304 1461 1357 tali
1487 1315 1710 1371 corpore
1755 1296 2062 1366 impeditus,
2094 1301 2152 1345 ut
2187 1291 2369 1345 divina

846 1399 1057 1453 interim
1082 1411 1302 1451 munera
1318 1394 1466 1449 obire
1485 1406 1589 1445 non
1608 1396 1806 1460 posset,
1838 1396 1929 1440 aut
1943 1385 2137 1453 ubique
2157 1382 2367 1442 adesse,

846 1492 936 1560 qui
978 1489 1068 1544 Dei
1109 1487 1341 1541 Verbum
1365 1492 1466 1548 est,
1500 1482 1783 1549 omniaque
1818 1477 2022 1546 implet,
2068 1488 2162 1543 per
2190 1471 2372 1525 omnia

848 1587 1109 1652 penetrat,
1144 1591 1315 1645 neque
1344 1576 1470 1629 item
1506 1580 1595 1626 aut
1624 1571 1871 1626 sordibus
1899 1568 2040 1628 ullis,
2073 1573 2164 1618 aut
2183 1577 2373 1617 eorm-

852 1672 1052 1741 ptioue,
1083 1676 1174 1723 aut
1201 1666 1457 1729 foeditate,
1487 1679 1551 1718 ex
1572 1677 1636 1716 eo
1666 1673 1889 1727 corpore
1910 1655 2050 1727 quod
2080 1652 2372 1721 assumpsit

852 1762 1183 1830 inquinatus,
1214 1765 1491 1829 propterea
1520 1752 1662 1823 quod
1691 1766 1811 1805 cum
1835 1751 1948 1818 ipse
1972 1753 2160 1800 natura
2182 1744 2254 1797 sit
2280 1759 2372 1797 ειν
2403 1793 2446 1850 Β

853 1868 972 1923 pers
1005 1860 1058 1906 et
1085 1849 1347 1918 corporis,
1378 1852 1431 1901 et
1461 1844 1659 1906 carnis,
1689 1848 1742 1895 et
1773 1838 1947 1894 omnis
1974 1834 2229 1895 materiae,
2254 1842 2374 1885 tan-

852 1922 1010 2013 quam
1057 1940 1145 1994 Dei
1181 1937 1435 1998 Verbum,
1476 1933 1655 1988 divina
1704 1929 1934 2000 quadam
1982 1926 2188 1979 virtute.
2218 1922 2377 1975 ratio-

855 2033 1116 2101 nibusque
1153 2026 1526 2087 ineﬁ‘abilibns,
1558 2036 1767 2076 omnem
1813 2015 2067 2074 sustinuit
2108 2013 2380 2082 dispensa-

856 2126 1077 2186 tionem,
1121 2134 1240 2190 quze
1283 2132 1377 2173 sua
1431 2119 1612 2170 essent
1665 2108 1994 2180 impertiens,
2042 2118 2148 2157 non
2200 2109 2378 2155 autem
2454 2164 2459 2167 _

857 2223 1043 2269 contra
1083 2212 1186 2266 sibi
1229 2207 1525 2265 vindicans.
1580 2210 1670 2256 aut
1715 2213 1978 2268 usurpans
2026 2210 2145 2265 quae
2185 2193 2376 2247 aliena.

858 2302 995 2372 Ergo
1028 2316 1125 2355 cur
1154 2299 1224 2350 ita
1254 2297 1393 2349 hanc
1424 2293 1567 2347 illius
1598 2295 1652 2347 in
1680 2302 1904 2357 corpore
1928 2281 2380 2353 dispensationem

860 2370 1146 2447 formidare
1181 2401 1313 2456 opus
1353 2392 1457 2447 est,
1497 2380 1710 2451 quando
1742 2392 1914 2446 neque
1954 2374 2183 2428 foedatus
2214 2378 2294 2424 est
2334 2370 2381 2421 is

860 2484 950 2551 qui
983 2479 1169 2534 lmdari
1208 2491 1312 2530 non
1361 2480 1554 2543 potest,
1595 2483 1767 2538 neque
1806 2482 1871 2520 ex
1904 2479 2065 2518 carne
2110 2468 2379 2527 assumpta

862 2572 1193 2641 inquinatus,
1234 2564 1327 2634 qui
1366 2578 1470 2616 non
1512 2566 1682 2628 potest
1725 2554 2015 2624 inquinari,
2044 2564 2215 2619 neque
2257 2561 2382 2601 vero

864 2664 1076 2735 propria
1112 2657 1351 2727 corporis
1383 2660 1574 2709 natura
1601 2659 1905 2716 corruptus,
1939 2659 2059 2698 cum
2097 2644 2268 2709 ipsum
2313 2638 2383 2691 sit

865 2726 1221 2808 Dei-Verbum
1245 2746 1312 2799 ab
1342 2743 1487 2798 omni
1524 2738 1757 2811 patiendi
1786 2743 1973 2789 natura
2006 2743 2223 2800 prorsus
2255 2726 2384 2779 alie-

866 2844 1028 2900 num?
1060 2838 1350 2906 Quandone
1382 2833 1513 2888 solis
1554 2828 1771 2900 quidem
1801 2823 1930 2878 radii
1969 2820 2094 2874 dum
2126 2816 2382 2870 cadavera

866 2944 919 2991 et
945 2933 1116 2988 omnis
1151 2927 1360 2999 generis
1386 2934 1609 2990 corpora
1639 2918 1922 2984 attingunt,
1954 2908 2241 2979 quidquam
2269 2918 2385 2958 om-

868 3025 996 3077 nino
1043 2991 1475 3089 pttti'dicuntur?
1522 3008 1590 3062 ab
1631 3007 1746 3076 ipso
1791 3009 1967 3055 autem
1993 2997 2174 3052 divino
2211 2991 2388 3047 Verbo

1043 3068 1147 3089 re,“
1232 3068 1239 3069 γ
1651 3068 1669 3076 _

870 3117 1027 3167 etiam
1083 3114 1289 3169 contra,
1344 3099 1485 3172 quod
1527 3092 1872 3164 corruptibile
1921 3094 2037 3143 erat
2090 3087 2145 3139 in
2195 3083 2346 3137 meliu

1707 3092 1872 3149 itibile
1921 3094 2037 3143 erat
2090 3087 2145 3139 in
2195 3083 2387 3137 melius
2415 3118 2455 3174 ε
2492 3094 2514 3129 ι
2557 3074 2679 3128 Ἐὰν
2723 3072 2797 3143 μὴ
2830 3068 3183 3137 πιστεύσητε,

871 3209 1252 3258 commutatum
1308 3202 1409 3255 est,
1464 3195 1812 3253 sanctumque
1857 3188 2015 3247 atque
2072 3170 2386 3235 immortale,

873 3286 1312 3362 quemadmodum
1353 3281 1521 3352 ipsius
1555 3278 1802 3332 voluntas
1838 3269 1959 3330 l‘uit,
1990 3264 2232 3321 elIectnm
2264 3268 2388 3316 est:

874 3380 1158 3452 quinetiam
1190 3350 1385 3430 divinis
1426 3368 1508 3423 sui
1539 3363 1711 3419 Patris
1739 3358 2001 3417 consiliis,
2032 3363 2191 3421 atque
2219 3350 2389 3403 actio-

876 3436 1053 3529 nibus,
1081 3465 1193 3535 ipse
1232 3459 1447 3515 interim
1485 3450 1824 3509 inserviebat.
1870 3444 2061 3498 Totum
2103 3439 2263 3508 igitur
2291 3436 2392 3489 hoc

878 3557 1149 3612 hominum
1187 3546 1586 3604 amantissimus
1629 3539 1769 3594 Deus
1808 3535 2002 3602 Deique
2042 3528 2268 3582 Verbum
2299 3537 2395 3593 pro

875 3654 1188 3702 cunctorum
1221 3637 1491 3694 hominum
1521 3628 1724 3686 medela
1753 3632 1805 3679 et
1833 3623 2022 3683 salute,
2066 3618 2284 3672 vocibus
2315 3614 2397 3666 in-

879 3739 1030 3793 terim
1085 3730 1457 3804 prophetarnm
1528 3725 1881 3778 consentanea
1947 3726 2134 3783 gerens
2185 3705 2395 3767 eli’ecit,

878 3827 970 3897 qui
1020 3797 1233 3893 quidem
1280 3816 1547 3887 prophetae
1593 3816 1744 3863 tanto
1802 3813 1921 3858 ante
1976 3816 2006 3854 a
2055 3797 2247 3869 priscis
2302 3809 2396 3847 us-

878 3884 983 3988 que
1030 3884 1383 3981 temporibus,
1436 3898 1798 3956 admirabilem
1859 3893 2028 3963 ipsius
2072 3890 2138 3943 de
2183 3884 2399 3954 Virgine

879 3976 1051 4062 ortum
1117 3976 1382 4054 testiﬁcati
1437 3993 1666 4046 fuerant.
1740 3985 1908 4040 Porro
1969 3988 2144 4035 autem
2215 3976 2399 4028 admo-

880 4097 1006 4152 dum
1060 4090 1360 4146 necessario
1421 4085 1546 4137 huic
1591 4076 1788 4134 Christi
1837 4072 1978 4128 ortui
2031 4070 2097 4124 de
2146 4063 2397 4132 Virgine,

883 4186 1136 4257 propheta
1197 4175 1471 4246 anteponit
1527 4171 1580 4224 id
1643 4165 1785 4237 quod
1853 4160 2039 4216 reddat
2105 4161 2397 4213 attentum,

881 4242 1037 4344 ξιξ
1066 4242 1360 4324 inclamans
1390 4260 1458 4314 ad
1483 4274 1576 4314 eos
1593 4257 1686 4327 qui
1707 4256 1818 4323 ipsa
1845 4251 1956 4304 haec
1978 4242 2396 4303 audiant.illud:

888 4383 907 4415 ι
944 4362 1000 4416 Si
1045 4374 1152 4414 non
1196 4351 1547 4411 credideritis,
1584 4360 1689 4400 non
1721 4339 2048 4410 intelligetis;
2077 4354 2095 4386 ›
2129 4335 2214 4387 cui
2244 4331 2398 4385 dein-

881 4467 1006 4522 ceps
1038 4446 1276 4516 adjungit
1320 4458 1382 4496 ea
1419 4452 1536 4510 quae
1572 4437 1624 4489 in
1655 4435 1797 4487 hunc
1827 4427 2037 4482 modum
2065 4441 2122 4479 se
2154 4423 2348 4475 habent
2382 4438 2394 4471 :
2432 4427 2471 4481 υ

887 4562 907 4596 ι
945 4511 1002 4596 ὲὶ
1025 4511 1131 4595 non
1156 4511 1507 4592 credideritis,
1534 4542 1639 4581 non
1662 4519 1987 4589 intelligetis.
2019 4535 2036 4568 ι
2060 4542 2127 4554 -—
2162 4532 2179 4564 ι
2220 4512 2281 4564 Et
2306 4511 2399 4563 ad-

877 4633 1007 4704 jecit
1048 4627 1302 4691 Dominus
1346 4620 1490 4690 loqui
1544 4616 1607 4670 ad
1646 4613 1826 4668 Acha:
1873 4608 2101 4662 dicens:
2141 4603 2262 4656 Pete
2305 4599 2400 4653 tibi

884 4689 1094 4790 signum
1140 4730 1170 4769 a
1217 4689 1440 4775 Domino
1489 4705 1597 4759 Deo
1644 4711 1735 4756 tuo
1766 4702 1822 4754 in
1848 4695 2170 4768 profundum
2216 4697 2305 4743 aut
2348 4689 2401 4740 in

882 4788 1172 4865 excelsum.
1200 4803 1264 4860 Et
1293 4802 1428 4857 dixit
1461 4796 1643 4851 Achaz
1672 4812 1685 4846 :
1714 4791 1829 4864 Non
1864 4798 2058 4857 petam,
2087 4795 2257 4851 neque
2288 4788 2404 4831 ten-

887 4901 1008 4954 tabo
1037 4897 1336 4955 Dominum.
1356 4889 1420 4943 Et
1443 4886 1577 4943 dixit
1598 4901 1612 4937 :
1636 4882 1828 4939 Audite
1849 4879 1978 4949 jam.
1999 4876 2187 4930 domus
2206 4865 2368 4922 David
2386 4883 2400 4919 :

889 4986 1021 5039 Num
1058 4998 1245 5053 parum
1295 4979 1448 5034 vobis
1495 4982 1598 5036 est,
1628 4967 1934 5025 hominibus
1968 4962 2215 5018 exhibere
2236 4962 2404 5008 certa-

890 5049 1123 5125 mentet
1150 5086 1246 5127 cur
1277 5068 1500 5123 Domino
1541 5061 1803 5117 exhibetis
1849 5049 2148 5109 certamen?
2195 5051 2407 5115 propter

893 5159 992 5211 hoc
1013 5158 1160 5209 dabit
1190 5157 1442 5211 Dominus
1483 5154 1597 5223 ipse
1642 5147 1793 5202 vobis
1839 5144 2075 5212 signum:
2098 5146 2220 5189 ecce
2247 5127 2408 5195 Virgo

893 5248 947 5300 in
974 5254 1125 5299 utero
1170 5244 1359 5310 capiet,
1385 5250 1437 5295 et
1468 5241 1637 5310 pariet
1681 5239 1870 5297 lilium,
1897 5240 1949 5286 et
1982 5223 2195 5282 vocabis
2217 5231 2409 5273 nomen

894 5335 1010 5401 ejus
1043 5329 1371 5385 Emmanuel.
1418 5328 1669 5397 Butyrum
1716 5334 1770 5382 et
1807 5322 1910 5377 mel
1959 5312 2409 5377 eomedet,prius-

895 5395 1054 5493 quam
1098 5425 1378 5486 cognoscat
1423 5395 1550 5478 ipse,
1584 5423 1674 5467 aut
1719 5415 1878 5483 eligat
1924 5408 2082 5470 mala,
2113 5406 2170 5454 ut
2222 5395 2411 5462 seligat

899 5519 1095 5569 bonum
1126 5527 1139 5561 :
1173 5506 1297 5575 quia
1329 5506 1474 5572 prius
1517 5518 1672 5570 quam
1705 5505 1987 5571 cognoscat
2036 5506 2166 5564 puer
2215 5488 2409 5540 bonum

901 5610 991 5656 ant
1023 5573 1240 5657 malum,
1271 5609 1377 5645 non
1428 5600 1510 5645 est
1561 5591 1813 5644 obediens
1855 5588 2086 5645 malitiae,
2126 5586 2183 5632 ut
2227 5573 2412 5642 seligat

905 5700 1119 5749 ὶιυιιτιω.
1149 5683 1212 5736 Et
1240 5680 1712 5748 comprehendetur
1739 5688 1901 5743 terra,
1934 5689 2088 5745 quam
2118 5682 2172 5725 tu
2202 5666 2353 5720 times
2382 5674 2412 5713 a

2460 568 2569 621 Καὶ
2590 564 2735 618 ταῦτ’
2756 563 2984 632 ἔπραττε
3006 561 3124 620 ταῖς
3147 555 3241 608 τοῦ
3269 553 3336 606 σά

2459 661 2588 728 ἡμῖν
2640 652 2884 722 οὐδαμῶς
2927 646 3330 716 καταδεσμούμε

2467 748 2643 819 μεῖζον
2695 744 2855 805 αὐτὸς
2893 738 3084 794 ἑαυτοῦ
3127 738 3226 807 τῆς
3267 735 3336 786 ΟΞ(

2462 839 2629 900 οὕτως
2652 835 2779 888 ὥσθ’
2806 828 2896 887 οἶα
2926 828 3209 901 ἀνθρώπου
3230 826 3336 895 ψυχ

2462 927 2593 981 Θεοῦ
2621 926 2788 993 Λόγον
2822 924 2973 985 ὅντα,
3006 919 3104 972 καὶ
3142 916 3212 969 τὰ
3242 916 3336 968 πάι

2466 1021 2673 1074 πάντων
2696 1018 2895 1085 ἥκοντα
2917 1029 2930 1042 ⁸
2955 1010 3069 1064 ἀλλ’
3101 1006 3222 1060 οὐδὲ
3244 1005 3336 1076 ρύτ

2466 1109 2524 1175 ea
2552 1105 2616 1179 ἦς
2653 1105 2905 1174 ἀνείληφε
2939 1099 3140 1171 σαρκὸς
3173 1098 3336 1165 ὲπενη

2471 1217 2630 1271 ματος
2651 1197 2722 1250 ὢν
2748 1196 2845 1264 τὴν
2872 1192 3054 1262 φύσιν,
3084 1189 3179 1242 καὶ
3206 1186 3335 1241 ἄῦλο

2469 1291 2654 1356 Λόγος,
2676 1285 2839 1355 ὲνθέῳ
2863 1283 3089 1350 δυνάμει
3120 1279 3215 1331 καὶ
3237 1276 3336 1343 λόγν

2471 1381 2628 1451 ὑπῄει
2669 1377 2765 1447 τὴν
2797 1371 3131 1441 οἰκονομίαν,
3166 1367 3275 1420 τῶν
3312 1384 3336 1419 ο

2469 1473 2565 1525 οὐκ
2598 1466 3024 1536 ἀντεπαγόμενος
3055 1460 3166 1513 τῶν
3193 1458 3336 1510 ἀλλοτ

2471 1559 2589 1613 σθαι
2616 1556 2717 1627 χρὴ
2752 1553 2847 1624 τὴν
2901 1551 3163 1620 ἑνσαρκον
3200 1548 3336 1598 οίκοι

2469 1665 2586 1702 vero
2627 1647 2656 1697 ὁ
2702 1642 2990 1714 ἀμόλυντος
3010 1681 3025 1704 ,
3073 1635 3206 1707 μηδὲ
3244 1637 3310 1686 ὲκ

2472 1735 2735 1805 ἐμιαίνετο
2755 1771 2769 1796 ,
2795 1729 2924 1799 μηδὲ
2951 1723 3332 1793 συνεφθείρετο

2478 1825 2631 1893 φύσει
2658 1819 2908 1890 ὁάπαθὴς
2939 1815 3032 1870 τοῦ
3060 1812 3197 1867 Θεοῦ
3228 1812 3336 1877 Λόγ

2480 1916 2615 1969 θοιεν
2652 1913 2714 1966 ἄν
2750 1929 2802 1963 τι
2839 1911 3051 1968 ἀκτῖνες
3091 1903 3301 1973 νεκρῶν

2481 2004 2844 2074 ὲπαφώμεναι.
2862 1998 2951 2070 Τῷ
2974 1998 3032 2050 δὲ
3059 1995 3188 2064 θείῳ
3208 1992 3336 2058 Λόγι

2485 2090 2899 2167 μετεσκευάζετο
2917 2128 2932 2152 ,
2954 2089 3049 2141 καὶ
3084 2084 3240 2152 ᾶγιόν
3263 2099 3321 2133 τε

2479 2185 2547 2259 ἦν
2574 2185 2718 2256 αὐτῷ
2748 2179 3018 2253 βουλητὸν,
3038 2173 3336 2229 ἀπετελείτι

2484 2278 2621 2338 θέοις
2648 2273 2739 2326 τοῦ
2777 2269 3084 2338 Πνεύματος
3130 2260 3336 2332 βουλαῖς

2483 2369 2639 2419 νεῖτο.
2663 2361 2828 2414 Τοῦτο
2850 2354 2942 2411 οὖν
2971 2355 3087 2409 ὅλον
3107 2350 3185 2420 τῷ
3207 2348 3335 2417 φιλα

2482 2453 2615 2507 Θεοῦ
2641 2453 2793 2519 Λόγῳ
2816 2447 2956 2517 ὑπὲρ
2985 2445 3081 2513 τῆς
3108 2441 3322 2492 πάντων

2485 2546 2576 2597 καὶ
2600 2540 2864 2610 σωτηρίας
2878 2538 2999 2597 ταῖς
3019 2531 3126 2584 τῶν
3147 2544 3336 2599 προφηλ

2485 2633 2683 2702 φωναῖς
2705 2671 2719 2695 ,
2747 2626 2949 2682 ἀνωθεν
2984 2626 3049 2675 ὲκ
3088 2616 3328 2672 παλαιῶν

2484 2724 2548 2774 ὲκ
2596 2718 2866 2785 Παρθένου
2922 2714 3177 2782 γέννησιν
3245 2707 3336 2761 αὐτ

2485 2808 2692 2877 Σφόδρα
2743 2806 2800 2858 δὲ
2855 2801 3175 2870 ἀναγκαίως
3219 2798 3247 2848 ὁ
3298 2812 3336 2846 π

2486 2899 2551 2952 ὲκ
2596 2892 2867 2964 Παρθένου
2911 2888 3183 2958 γενέσεως
3213 2881 3304 2934 τοῦ

2486 2982 2765 3053 ὶπιφωνῶν
2816 2980 3079 3050 ἄντικρυς
3122 2976 3234 3034 τοῖς
3288 2986 3336 3021 τι

3221 3061 3336 3114 οὐδὲ

2494 3181 2574 3236 ρει
2611 3162 2734 3230 ea;
2782 3159 2853 3212 τὰ
2898 3158 3091 3212 τοῦτον
3123 3153 3311 3222 ἔχοντα

2489 3250 2829 3320 πιστεύσητε,
2857 3248 2984 3300 οὐδὲ
3021 3244 3094 3315 μὴ
3129 3240 3336 3308 συνῆτε.

2490 3357 2602 3411 ριος
2640 3316 2864 3406 λαλῆσαι
2927 3335 3003 3405 τῷ
3038 3329 3232 3401 Ἀχαζ,
3264 3316 3269 3321 ’
3298 3326 3336 3377 λι

2491 3432 2709 3501 σημεῖον
2738 3426 2889 3496 παρά
2920 3423 3127 3495 Κυρίου
3154 3418 3247 3472 τοῦ
3287 3415 3336 3467 Θε

2492 3521 2639 3589 ὕψος.
2699 3518 2808 3570 Καὶ
2849 3512 3003 3568 εἶπεν
3054 3507 3259 3589 Ἀχαζῗ·
3307 3505 3336 3554 C

2492 3588 2731 3677 πειράσω
2783 3603 3008 3672 Κύριον.
3052 3598 3164 3651 Καὶ
3209 3588 3336 3644 εἷπε*

2492 3694 2678 3748 Δαυῖδ·
2716 3691 2800 3761 Μὴ
2838 3688 3032 3761 μικρὸν
3065 3685 3191 3753 ὑμῖν
3218 3677 3336 3746 ἀνθε

2492 3783 2586 3837 καὶ
2627 3779 2751 3842 πῶς-
2768 3778 2959 3848 Κυρίῳ
3002 3770 3266 3842 παρέχετε
3305 3763 3336 3814 ὰ

2492 3870 2690 3939 Κύριος
2719 3865 2880 3927 αὐτὸς
2906 3865 3033 3932 ὑμῖν
3059 3856 3279 3926 σημεῖον
3296 3866 3310 3880 °

2495 3960 2616 4031 στρὶ
2664 3943 2919 4027 λήψεται,
2963 3951 3058 4005 καὶ
3101 3946 3310 4009 τέξεται

2495 4029 2659 4119 ὄνομα
2682 4045 2842 4100 αὑτοῦ
2883 4033 3247 4111 Ἐμμανουήλ.
3283 4029 3336 4079 Β(

2494 4117 2604 4201 ται,
2635 4136 2761 4206 πρὶν
2793 4135 2826 4204 ἢ
2866 4130 3070 4200 γνῶναι
3110 4120 3267 4176 αὑτὸν
3293 4117 3326 4184 ἦ

2495 4228 2701 4292 λέξεται
2727 4226 2787 4278 τὸ
2827 4220 3060 4290 ἀγαθόν’
3104 4212 3237 4265 διότι
3278 4221 3336 4272 πί

2497 4312 2693 4381 ἀγαθὸν
2736 4310 2770 4381 ἢ
2815 4309 3008 4371 κακὸν,
3056 4296 3270 4355 ἀπειθεῖ
3312 4308 3336 4341 τ

2498 4405 2557 4458 τὸ
2586 4401 2803 4470 ἀγαθόν.
2843 4400 2958 4455 Καὶ
2989 4383 3336 4452 καταλειφθήε

2496 4496 2602 4550 ἀπὸ
2631 4492 2918 4563 προσώπου
2943 4486 3050 4540 τῶν
3075 4481 3167 4534 δύο
3206 4470 3336 4546 βασιῖ

2497 4562 2823 4655 προφητείας
2853 4575 2957 4632 ὧδέ
2982 4591 3058 4643 πη
3087 4566 3228 4638 εἶχεν
3246 4580 3259 4593 ·
3293 4562 3336 4655 ει

2497 4648 2652 4741 λόγου
2666 4648 2675 4651 ν
2707 4668 2976 4740 προοιμίῳ
3029 4648 3336 4741 μαρτυρομῆ

2499 4765 2599 4824 ὅτι,
2624 4759 2718 4813 ἐὰν
2746 4761 2820 4829 μὴ
2849 4751 3232 4811 πιστεύσωσιν,
3257 4736 3336 4791 οὐὲ

2501 4850 2665 4911 καίως
2703 4828 2838 4918 χρῆν
2877 4828 3333 4918 ἐπισημήνασθαι,

2502 4956 2589 4993 νον
2621 4914 2907 5000 συνέσεως,
2935 4928 3071 4985 ἀλλά
3097 4922 3190 4976 καὶ
3229 4914 3336 4968 πίση

2503 5044 2631 5091 νοις,
2678 5026 2772 5079 καὶ
2816 5025 2878 5078 οὐ
2935 5017 3091 5091 μόνον
3141 5007 3336 5061 πίστεω

2507 5117 2665 5171 Ὅθεν
2688 5118 2735 5168 οἱ
2769 5117 2833 5167 ὲκ
2863 5100 3160 5179 περιτομῆς
3188 5092 3260 5163 μὴ
3278 5104 3334 5179 ,π

2509 5208 2629 5260 στὸν
2671 5205 2766 5258 τοῦ
2806 5178 2964 5261 Θεοῦ,
3007 5189 3171 5245 εἰσέτι
3208 5178 3297 5233 καὶ
3329 5191 3336 5207 ε

2507 5295 2656 5348 οὔπω
2699 5294 2793 5348 καί⁵
2833 5291 2912 5350 είς
2957 5281 3112 5349 δεῦρο
3156 5266 3336 5332 συνῆκε

2508 5385 2646 5437 ὥστε
2687 5385 2771 5435 ἐπ’
2810 5377 2986 5435 αὐτοῖς
3026 5362 3255 5436 πρώτοις
3284 5354 3336 5402 ἔτ

2512 5491 2625 5526 σινο
2661 5474 2795 5542 ἀκοῇ
2826 5469 2934 5536 γὰρ
2978 5457 3082 5511 τῶν
3127 5444 3251 5542 πξρὶ
3297 5453 3336 5488 τ⁴

2508 5564 2598 5617 διὰ
2630 5535 2803 5631 πάσης
2831 5535 3037 5627 ἡμέρας
3063 5535 3336 5631 ἀκούοντες

2510 5672 2675 5709 ουσιν.
2848 5618 2907 5700 τε
2940 5618 3154 5707 ἀγνοίας
3186 5618 3336 5678 αὐτῶτ
