3738 6326
149 372 235 427 497

966 375 1598 437 neuonsrnmoms
1634 383 2079 444 manusuam
2117 381 2244 444 LIB.
2290 380 2423 453 vu.’

3187 418 3292 477 498

141 481 341 535 ἀπιστία
366 484 643 551 τυγχάνει,
681 488 777 540 καὶ
806 489 963 542 τοῦτο
997 493 1093 561 τῆς
1133 492 1475 564 προρρήσεως
1500 491 1654 560 ἀψευ-

141 572 224 600 ιέα
267 573 379 600 -Αὶ
430 575 606 600 ...ἱ-...η
668 581 757 600 --.Α
808 579 900 600 __\
927 599 937 600 γ
1004 599 1010 600 ,
1038 583 1049 599 ι
1125 585 1136 599 ε
1243 585 1255 600 ν
1292 599 1299 600 ,
1532 582 1544 600 ο

1763 497 1898 555 facie
1924 501 2145 555 duorum
2169 517 2357 576 regum
2372 509 2433 563 δ’.
2465 529 2482 562 ι
2508 511 2572 566 Et
2595 532 2712 586 quae
2740 523 2951 589 quidem
2974 528 3041 582 ad
3061 531 3291 600 prophe-

139 572 224 635 δῶς
267 573 382 643 περὶ
426 575 606 628 αὐτῶν
668 581 764 630 καὶ
805 579 939 650 πρὸς
994 583 1183 646 αὐτοὺς
1232 582 1664 655 ἀποφηναμένης.

144 683 158 710 ι
185 664 291 715 Ἐὰν
314 664 436 733 γὰρ,
459 683 478 714 ι
509 668 670 735 φησι,
699 687 716 718 ι
733 669 807 739 μὴ
823 672 1163 742 πιστεύσητε,
1184 674 1298 726 οὐδὲ
1322 672 1395 743 μὴ
1418 673 1623 741 συνῆτε.
1640 694 1659 726 ι

148 753 263 806 Ἀλλ’
303 758 348 808 εί
378 758 535 822 φαῖεν
586 760 664 828 μὴ
720 762 1015 830 Παρθένον,
1047 765 1222 816 νεᾶνιν
1258 763 1315 817 δὲ
1356 762 1663 834 ὠνομάσθαι

137 846 182 895 ἐν
204 847 261 913 τῇ
287 846 464 915 Γραφῇ
496 846 666 917 (οὕτω
718 851 826 921 γάρ
847 869 976 920 φασι
1005 854 1255 923 φέρεσθαι
1287 858 1412 926 παρ’
1433 857 1659 920 αὐτοῖς),

139 934 213 986 καὶ
254 937 391 986 ποῖον
422 935 488 987 ἂν
531 937 771 1004 γένοιτο,
802 943 1062 1011 φήσομεν,
1094 947 1310 1014 σημεῖον
1340 947 1660 1015 ἐπαγγελίας

135 1025 251 1077 Θεοῦ
278 1025 430 1090 ἄξιον,
474 1029 524 1078 εἰ
573 1030 829 1099 συνήθως
871 1030 1089 1094 τίκτειν.
1118 1030 1205 1088 οἷα
1235 1036 1326 1089 καὶ
1369 1040 1533 1091 πᾶσαι
1560 1055 1657 1106 γυσ

132 1117 312 1177 ναῖκες,
343 1115 395 1180 ἐξ
428 1116 654 1185 ὁμιλίας
693 1121 889 1191 ἀνδρὸς
913 1124 968 1174 ὲν
996 1125 1189 1193 γαστρὶ
1227 1125 1456 1181 λαϐοῦσα
1487 1129 1659 1193 νεᾶνίς

132 1221 201 1267 τις
225 1206 424 1273 Egens;
454 1205 581 1268 Πῶς
610 1206 671 1259 δὲ
698 1209 797 1262 καὶ
825 1209 953 1273 Θεὸς
983 1207 1048 1281 ἦν
1073 1215 1100 1265 ὁ
1127 1214 1181 1279 ἐξ
1208 1215 1372 1285 αὐτῆς
1395 1216 1657 1288 γεννώμε-

134 1314 229 1361 νοςς
256 1298 340 1350 καὶ
372 1298 467 1366 οὐχ
498 1299 702 1364 ἁπλῶς
730 1302 885 1367 Θεὸς,
917 1305 1029 1357 ἀλλ’
1058 1308 1090 1359 d
1116 1307 1241 1373 μεθ’
1270 1306 1467 1375 ήμῶν;
1503 1309 1656 1362 τοῦτο

132 1390 217 1458 γὰρ
251 1389 519 1457 σημαίνειν
558 1389 822 1457 βούλεται
857 1395 918 1447 τὸ
954 1395 1307 1465 Ἐμμανουήλ,
1354 1396 1486 1466 ὅπερ
1526 1398 1654 1467 φησι

128 1479 216 1531 δεῖν
238 1478 507 1547 ὀνομάζειν
545 1480 643 1532 τὸν
685 1483 1043 1553 γεννώμενον.
1082 1504 1100 1536 ι
1142 1486 1266 1538 Ἰδοὺ
1309 1486 1416 1556 γὰρ
1447 1490 1479 1557 ἡ
1512 1489 1655 1558 Παρ-

128 1566 270 1629 θένος,
310 1567 487 1634 φησὶν,
532 1567 594 1619 ὲν
630 1572 840 1642 γαστρὶ
877 1571 1117 1642 λήψεται,
1150 1573 1243 1625 καὶ
1281 1573 1486 1639 τέξεται
1518 1576 1648 1638 υἱὸν,

126 1656 200 1707 καὶ
235 1655 470 1717 καλέσεις
506 1656 572 1709 τὸ
617 1657 803 1725 ὄνομα
828 1659 988 1712 αὐτοῦ
1026 1661 1389 1731 Ἐμμανουήλ·
1429 1682 1446 1714 ι
1475 1664 1502 1716 ὅ
1539 1666 1650 1717 ἐστι

124 1746 646 1816 μεθερμηνευόμενον,
698 1749 836 1817 μεθ’
867 1749 1030 1817 ἡμῶν
1059 1753 1090 1803 ό
1117 1752 1275 1816 Θεός.
1306 1752 1459 1815 Ποίος
1479 1753 1532 1805 δὲ
1557 1756 1649 1807 καὶ

1769 588 1894 643 tiam
1929 592 2210 660 pertinent,
2244 597 2299 652 in
2329 600 2470 656 hunc
2495 607 2708 662 modum
2737 588 2796 664 se
2821 613 3035 674 habent.
3059 588 3286 690 bili-gen-

1767 679 1874 734 tius
1897 698 2017 736 vero
2047 686 2320 744 attendere
2350 706 2444 760 par
2465 701 2547 748 est
2568 696 2736 765 ipsius
2759 707 2960 758 oraculi
2984 710 3283 773 exordium.

1766 771 1909 837 quod
1938 774 2167 842 legentes
2195 779 2464 848 admonet,
2494 784 2540 839 si
2586 803 2693 841 non
2738 792 3077 862 crediderint,
3105 815 3172 853 ne
3201 771 3285 855 in;

1767 858 2067 918 tellecturos
2113 867 2325 935 quidem
2358 886 2511 941 esse;
2543 883 2594 930 et
2617 891 2745 932 sane
2784 881 3036 939 adnotare
3066 903 3283 945 necesse

1765 945 1883 1011 fuit,
1915 958 2071 1019 atque
2113 959 2411 1024 ostendere,
2455 965 2597 1032 quod
2629 982 2734 1022 non
2782 971 2951 1024 solum
2992 974 3278 1044 intellectu,

1763 1039 1855 1093 sed
1880 1042 2037 1096 etiam
2069 1046 2169 1102 lide
2200 1049 2265 1104 iis
2284 1053 2373 1120 qui
2405 1054 2592 1109 lecturi
2615 1066 2760 1122 sunt,
2782 1075 2917 1129 opus
2941 1063 3033 1126 sit,
3051 1072 3104 1118 et
3123 1039 3282 1121 vicis;

1761 1129 1882 1196 sim,
1932 1148 2036 1187 non
2088 1138 2257 1191 solum
2290 1141 2389 1195 [ide
2420 1143 2512 1198 sed
2542 1147 2700 1200 etiam
2750 1149 3038 1206 intellectu.
3070 1154 3144 1208 Ex
3173 1174 3281 1227 quo

1758 1215 1925 1274 Judaei
1969 1224 2059 1292 qui
2098 1226 2151 1279 in
2195 1228 2463 1285 Christum
2488 1233 2578 1289 Dei
2602 1252 2705 1291 non
2748 1239 3088 1297 crediderunt
3119 1215 3274 1301 etiam

1758 1323 1901 1364 nunc
1950 1312 2061 1367 haec
2098 1317 2398 1384 audientes,
2438 1326 2674 1381 nondum
2724 1336 2898 1385 tamen
2942 1333 3063 1401 quis
3105 1335 3277 1402 sit,de

1756 1413 1861 1466 quo
1890 1402 2144 1472 propheta
2172 1406 2404 1477 loquitur
2435 1413 2828 1484 intellexerunt,
2844 1429 2899 1473 ut
2928 1423 2980 1476 in
3007 1424 3140 1493 ipsis
3169 1428 3278 1495 pri-

1756 1488 1857 1542 mis
1890 1494 2161 1549 veritatem
2194 1513 2343 1551 suam
2377 1504 2675 1570 probaverit
2696 1509 3003 1565 vaticinium
3040 1533 3055 1565 :
3091 1516 3274 1571 auditu

1753 1579 1894 1632 enim
1937 1588 2047 1636 tota
2088 1586 2173 1640 die
2211 1590 2514 1657 prophetias
2535 1593 2599 1648 de
2620 1594 2832 1652 Christo
2859 1601 3155 1670 audientes,
3175 1620 3275 1660 au-

1753 1668 1902 1725 ribus
1948 1672 2307 1745 intelligentia
2355 1696 2459 1735 non
2518 1684 2758 1739 audiunt.
2807 1689 2979 1759 Atque
3033 1668 3271 1763 ipsorum

1752 1758 2062 1824 ignorantiae
2103 1765 2205 1817 alia
2233 1767 2376 1821 nulla
2402 1778 2482 1824 est
2511 1786 2672 1825 causa
2706 1790 2863 1842 quam
2898 1758 3270 1851 incredulitas,

125 1833 243 1900 ἀγὼν
271 1834 401 1903 Θεῷ,
443 1836 477 1905 ἢ
529 1839 692 1900 ποῖος
748 1836 813 1890 ἂν
848 1839 929 1908 εἴη
972 1839 1152 1902 κόπος,
1197 1840 1287 1891 καὶ
1332 1841 1523 1938 μόχθος
1562 1843 1650 1895 ἐπὶ

1748 1861 1868 1899 cum
1897 1848 2064 1917 ipsum
2095 1853 2192 1907 hoc
2215 1855 2416 1924 absque
2462 1828 2738 1918 mendacio
2765 1873 2819 1919 et
2848 1865 2914 1921 de
2940 1867 3090 1938 ipsis.
3121 1880 3174 1926 et
3203 1828 3271 1928 ad

126 1923 303 1991 συνήθει
324 1921 506 1992 τρόπῳ
536 1924 815 1990 γυναικὸς
843 1925 1152 1994 τικτούσης;
1188 1927 1272 1979 Ἐν
1300 1927 1394 1995 μὲν
1417 1927 1522 2001 γὰρ
1543 1932 1650 1991 τοῖς

124 2013 367 2081 ἡμετέροις
418 2013 820 2083 ἀντιγράφοις,
870 2014 957 2081 ὑφ’
1013 2015 1397 2085 Ἐϐδομήκοντα
1449 2016 1651 2087 ἀνδρῶν

124 2103 291 2157 ἀνωθεν
325 2103 419 2173 μὲν
454 2103 742 2173 Ἑϐραίων
773 2103 832 2155 τὸ
862 2105 1034 2171 γένος,
1075 2106 1158 2157 ἐπ’
1187 2105 1435 2175 ἀκριϐείᾳ
1459 2107 1514 2158 δὲ
1554 2108 1649 2175 τῆς

126 2195 316 2263 πατρίου
378 2194 633 2257 παιδείας
699 2193 1170 2263 δεδοκιμασμένων
1210 2197 1645 2266 ήρμηνευμένοις,

124 2277 201 2337 ὧδέ
228 2300 332 2346 πως
361 2284 587 2354 φέρεται
614 2302 629 2315 ο
679 2302 704 2333 σ
751 2284 839 2353 Μὴ
886 2285 1077 2355 μικρὸν
1108 2286 1233 2355 ὑμῖν
1265 2286 1448 2354 ἀγῶνα
1514 2304 1649 2359 παρ-

125 2373 239 2440 έχειν
272 2373 573 2443 ἀνθρώποις
599 2390 614 2435 ;
654 2372 761 2425 καὶ
786 2372 901 2435 πῶς
932 2373 1116 2443 Κυρίῳ
1145 2376 1402 2445 παρέχετε
1434 2378 1644 2443 ἁγῶνα;

122 2462 349 2517 ὰὰτοῦτο
376 2463 537 2515 δώσει
573 2463 795 2533 Κύριος
825 2463 983 2525 αὐτὸς
1013 2465 1137 2532 ὑμῖν
1176 2467 1411 2534 σημεῖον·
1454 2467 1579 2519 Ἰδοὺ
1613 2470 1645 2538 ή

126 2554 353 2623 Παρθένος
382 2557 440 2607 ἐν
486 2555 704 2625 γαστρὶ
744 2552 989 2622 λήψεται,
1032 2555 1123 2606 καὶ
1171 2555 1376 2618 τέξεται
1427 2557 1557 2619 υἱὸν,
1588 2558 1645 2621 ὃς

125 2645 401 2715 κεκλήσεται
445 2649 479 2699 ὁ
526 2648 666 2714 μεθ’
716 2643 883 2712 ἡμῶν
929 2646 1086 2709 Θεός.
1122 2663 1141 2695 ι
1194 2646 1360 2699 Τοῦτο
1397 2647 1522 2717 γὰρ,
1571 2648 1645 2709 ὡς

124 2736 249 2804 ἔφην,
282 2737 465 2806 δηλοῦν
496 2736 763 2805 βούλεται
794 2737 854 2788 τὸ
892 2735 1226 2806 Ἐμμανουήλ
1253 2736 1436 2805 ὄνομα.
1474 2738 1558 2789 Ἑν
1587 2737 1641 2788 δὲ

124 2828 210 2888 τοῖς
235 2825 393 2879 αὐτῶν
432 2826 718 2878 Ἰουδαίων
758 2826 1121 2896 ἀντιγράφοις,
1172 2826 1309 2877 κατὰ
1353 2826 1447 2895 τὴν
1488 2826 1643 2879 Ἀκύ-

123 2914 193 2967 ioc
220 2917 499 2986 μεταϐολὴν
540 2915 873 2986 φερομένοις
922 2915 1268 2985 (προσήλυτος
1327 2916 1382 2968 δὲ
1423 2917 1451 2968 ό
1489 2916 1641 2969 Ἀκύ-

122 3002 196 3065 λας
214 3001 290 3074 ἦν,
320 3006 377 3057 οὐ
403 3006 565 3073 φύσει
605 3004 906 3075 Ἰουδαῖος),
932 3005 1076 3072 ὅμως
1103 3005 1145 3056 δ’
1170 3001 1260 3058 οὖν
1293 3005 1384 3057 καὶ
1412 3006 1525 3056 κατ’
1553 3005 1641 3058 αὑ-

121 3096 189 3146 τὸν
231 3095 401 3148 τοῦτον
454 3096 682 3166 εἴρηται
730 3094 818 3145 τὸν
861 3095 1101 3186 τρόπονζ
1157 3112 1175 3145 ι
1222 3094 1505 3186 Ἀκοιὸσατε
1548 3095 1634 3166 δὴ,
1659 3126 1706 3186 c

119 3180 234 3246 οἶκος
255 3186 433 3237 Δαυῖδ·
474 3190 609 3254 μήτι
638 3184 824 3251 ὀλίγον
856 3183 963 3235 ἀπὸ
991 3181 1139 3250 ὑμῶν
1171 3182 1393 3252 μοχθοῦν
1420 3185 1632 3255 ἄνδρας,

117 3275 180 3324 ὅτι
203 3274 441 3345 μοχθοῦτέ
471 3292 541 3341 γε
574 3274 678 3326 καὶ
708 3272 799 3324 τὸν
826 3271 1028 3341 Κύριον
1059 3271 1186 3323 Θεόν
1213 3289 1342 3340 μου;
1367 3272 1460 3325 Διὰ
1486 3275 1637 3327 τοῦτο

117 3361 242 3414 Mm:
272 3365 425 3427 αὐτὸς
462 3366 597 3433 ὑμῖν
625 3364 886 3431 σημεῖονο
927 3361 1055 3413 Ἰδοὺ
1084 3363 1117 3430 ἡ
1161 3363 1334 3424 νεᾶνις
1366 3365 1421 3414 ἐν
1444 3365 1636 3435 γαστρὶ

114 3453 453 3523 συλλαμϐάνει,
480 3455 580 3507 καὶ
606 3453 790 3505 τίκτει
819 3451 950 3515 υἱὸν,
978 3452 1071 3503 καὶ
1094 3452 1334 3514 καλέσεις
1355 3451 1520 3522 ὄνομα
1541 3453 1637 3506 αὐ-

114 3544 188 3594 τοῦ
225 3546 588 3617 Ἐμμανουήλ.
629 3564 651 3596 ι
698 3543 853 3614 Παρὰ
883 3544 940 3595 δὲ
974 3542 1053 3611 τῷ
1077 3543 1347 3612 Συμμάχῳ
1373 3542 1522 3595 ταῦθ’
1552 3543 1633 3595 οὓ-

108 3648 194 3695 τως
216 3635 345 3703 ἔχει’
374 3636 624 3705 (λέγεται
657 3634 718 3686 δὲ
746 3636 774 3686 ὁ
807 3634 1093 3703 Σύμμαχος
1137 3632 1437 3694 Ἐϐιωναῖος
1464 3628 1598 3685 εἶναι
1616 3650 1630 3664 ⁸

112 3722 282 3792 αἵρεσις
317 3725 371 3777 δὲ
400 3722 471 3795 ἦν
498 3724 652 3777 οὕτω
683 3721 1025 3791 καλουμένων
1062 3719 1218 3772 τινῶν
1262 3719 1519 3773 Ἰουδαίων
1555 3722 1633 3783 εἰς

106 3810 300 3881 Χριστὸν
312 3816 596 3868 πιστεύειν
624 3811 953 3882 λεγομένων,
970 3809 1028 3874 ἐξ
1058 3802 1131 3862 ὧν
1152 3811 1180 3861 ὁ
1211 3809 1495 3879 Σύμμαχος
1519 3806 1630 3880 ἦν,)

109 3898 266 3971 παρ’ᾦ
302 3906 395 3957 καὶ
437 3903 597 3974 αὐτῷ
644 3902 819 3955 ταῦτα
863 3900 1032 3964 οὕτως
1070 3900 1210 3970 ἔχει’
1263 3917 1282 3950 ι
1324 3900 1628 3965 Ἀκούσατε,

101 3985 220 4055 οἶκος
244 3995 403 4048 Δαυῖδ
425 4012 440 4025 ·
476 3995 577 4064 Μὴ
620 3994 725 4046 οὐκ
749 3992 1015 4061 αὔταρκες
1046 3991 1172 4060 ὑμῖν
1212 3989 1407 4043 κοποῧν
1435 3990 1633 4061 ἀνθρώ-

103 4096 227 4145 πους,
258 4086 331 4138 ὄτι
369 4085 619 4139 κοποῦτε
663 4085 756 4137 τὸν
792 4084 923 4137 Θεόν
967 4099 1102 4153 μου;
1143 4082 1240 4137 Διὰ
1280 4080 1433 4134 τοῦτο
1476 4081 1632 4137 δώσει

99 4170 230 4234 αὐτὸς
254 4174 378 4244 ὑμῖν
403 4178 646 4246 σημεῖον
671 4191 685 4203 ·
722 4173 850 4226 Ἰδοὺ
872 4175 905 4244 ή
937 4175 1113 4236 νεᾶνις
1141 4171 1513 4240 συλλαμϐάνει,
1538 4170 1630 4223 καὶ

98 4258 238 4313 τίκτει
262 4264 394 4330 υἱὸν,
419 4264 521 4318 καὶ
551 4264 808 4325 καλέσεις
839 4262 1005 4332 ὄνομα
1032 4261 1193 4316 αὑτοῦ
1238 4261 1624 4331 Ἐμμανουήλ.»

1747 1934 1891 2003 ipsos
1911 1939 2241 2006 vaticinium,
2267 1945 2422 2013 plane
2441 1951 2831 2010 enuntiaverit:
2860 1974 2878 2007 ι
2908 1956 2963 2011 Si
2991 1959 3131 2013 enim
3162 1977 3269 2017 non

1745 2025 2097 2090 credideritis,
2134 2030 2325 2099 inquit,
2359 2050 2423 2088 ne
2457 2037 2758 2106 intelligetis
2796 2044 3032 2112 quidem.
3061 2066 3080 2098 ι
3114 2047 3269 2113 Quod

1746 2113 1792 2166 si
1826 2115 2054 2171 dixerint
2093 2135 2200 2174 non
2251 2121 2539 2192 Virginem.
2570 2129 2664 2183 sed
2691 2132 2918 2198 puellam
2960 2137 3098 2204 apud
3123 2137 3268 2192 Scri-

1744 2210 1951 2269 pturam
1996 2211 2319 2266 nominatam
2345 2230 2464 2269 esse
2492 2218 2591 2285 (sic
2613 2221 2752 2273 enim
2777 2224 2926 2278 aiunt
2957 2228 3096 2296 apud
3119 2229 3264 2297 ipsos
3309 2229 3316 2238 ’

1741 2291 1969 2365 haberi),
2018 2298 2317 2368 cujusmodi
2368 2305 2579 2360 tandem
2625 2308 2833 2379 signum
2885 2291 3260 2372 hoc—futurum

1742 2381 2000 2451 dicemus,
2031 2390 2169 2456 quod
2220 2390 2398 2446 divina
2441 2397 2792 2463 promissione
2842 2402 2913 2458 sit
2948 2404 3186 2475 dignum,
3214 2409 3261 2463 si

1741 2474 1954 2539 usitate,
1979 2481 2420 2546 quemadmodum
2441 2496 2643 2544 caztcrze
2660 2506 2845 2548 omnes
2875 2496 3144 2562 mulieres,
3166 2498 3257 2553 ubi

1739 2577 1805 2616 ex
1861 2565 1961 2619 viri
2014 2569 2390 2637 conjunctione
2437 2592 2716 2646 praegnans
2770 2587 3031 2649 evaserit,
3084 2588 3258 2655 puella

1738 2652 1997 2721 quapiam
2050 2655 2149 2711 fuit
2200 2661 2475 2727 paritura?
2520 2667 2796 2730 Quomodo
2837 2652 3101 2739 praeterea
3119 2673 3259 2729 Deus

1737 2741 1839 2793 erit
1867 2744 1957 2811 qui
1988 2760 2054 2799 ex
2083 2746 2172 2800 illa
2229 2764 2499 2818 nascatur,
2530 2770 2701 2824 neque
2750 2759 3063 2829 simpliciter
3091 2762 3253 2828 Deus,

1737 2831 1828 2883 sed
1873 2834 2134 2889 nobiscum
2174 2837 2350 2895 Deus?
2374 2842 2475 2898 hoc
2524 2848 2664 2900 enim
2713 2849 2974 2918 signiﬁcat
3003 2866 3102 2906 vox
3132 2852 3257 2907 Em.

1736 2924 1967 2985 manuel.
1997 2941 2102 2994 quo
2134 2930 2350 2985 nomine
2381 2934 2454 2987 ait
2480 2950 2599 2990 esse
2636 2939 2932 2994 vocandum
2974 2942 3120 2996 illum
3164 2944 3257 3012 qui

1736 3021 2032 3069 nascetur:
2070 3035 2090 3066 ι
2138 3017 2273 3076 Ecce
2312 3024 2472 3087 enim,
2535 3025 2728 3096 inquit,
2778 3027 2939 3098 Virgo
2993 3032 3047 3085 in
3102 3042 3258 3088 utero

1734 3102 1927 3169 capiet,
1948 3105 2107 3176 316
2125 3114 2177 3161 et
2207 3110 2376 3177 pariet
2401 3113 2585 3178 lilium,
2610 3124 2662 3170 et
2691 3119 2900 3174 vocabis
2924 3135 3116 3175 nomen
3139 3123 3256 3189 ejus

1738 3189 2065 3261 Emmanuel,
2093 3215 2112 3248 ι
2143 3200 2283 3267 quod
2316 3209 2418 3267 est,
2445 3204 2490 3259 si
2509 3205 2631 3273 quis
2658 3206 3052 3274 interpretetur,
3079 3211 3258 3267 ηοὺὶεη

1733 3299 1847 3336 cum
1876 3285 2033 3341 Deus.
2073 3287 2387 3358 Cujusmodi
2434 3301 2610 3348 autem
2661 3304 2929 3353 certamen
2982 3298 3110 3363 Deo,
3163 3310 3254 3354 aut

1736 3374 1857 3440 quis
1884 3376 2095 3429 tandem
2129 3377 2298 3442 labor,
2336 3394 2516 3448 quaeve
2543 3382 2824 3438 difﬁcultas
2859 3385 3088 3454 objecta,
3114 3389 3160 3442 si
3187 3389 3255 3443 de

1734 3477 1880 3517 more
1912 3466 2149 3532 paritura
2198 3467 2296 3521 fuit
2338 3470 2564 3524 mulieri
2588 3472 2647 3525 In
2676 3474 2875 3529 nostris
2894 3476 3035 3529 enim
3071 3491 3253 3532 exem-

1732 3551 2008 3619 plaribusﬂ
2035 3569 2153 3622 qua:
2196 3557 2500 3626 quicunque
2550 3558 2878 3629 interpretati
2930 3570 3089 3627 sunt,
3119 3564 3155 3617 ii
3198 3572 3253 3620 et

1729 3655 1921 3710 genere
1943 3642 2010 3723 ab
2041 3642 2274 3701 Hebraeis
2303 3646 2515 3700 oriundi
2545 3646 2782 3713 fuerunt,
2807 3656 2860 3703 et
2882 3651 3066 3719 patriae
3100 3652 3248 3721 ipso-

1733 3746 1851 3784 rum
1894 3733 2087 3803 linguae
2124 3734 2452 3803 peritissimi,
2475 3743 2527 3791 et
2561 3737 2614 3790 in
2640 3753 2703 3793 ea
2730 3740 3025 3796 eruditione
3056 3742 3249 3810 proba-

1729 3819 1945 3883 tissimi,
1968 3822 2047 3875 sic
2070 3821 2294 3876 habetur
2317 3842 2330 3877 :
2364 3841 2382 3873 ι
2412 3825 2545 3877 Νυω
2574 3841 2761 3894 parum
2786 3828 2941 3883 vobis
2960 3837 3252 3889 est.certa-

1730 3923 1852 3961 men
1878 3911 2129 3965 exhibere
2169 3911 2511 3969 hominibus?
2534 3923 2587 3969 et
2613 3931 2709 3969 cur
2736 3916 2962 3971 Domino
2989 3918 3251 3976 exhibetis

1725 4000 2036 4053 certamen?
2094 4010 2307 4070 propter
2369 4002 2469 4056 hoc
2511 4005 2659 4059 dabit
2682 4005 2938 4061 Dominus
2959 4008 3073 4077 ipse
3098 4010 3248 4065 vobis

1727 4088 1959 4157 signum.
2015 4089 2156 4146 Ecce
2212 4092 2375 4163 Virgo
2426 4094 2481 4148 in
2530 4105 2682 4151 utero
2718 4097 2913 4165 capiet,
2971 4107 3023 4153 et
3078 4100 3250 4166 pariet

1729 4177 1914 4242 lilium,
1952 4180 2042 4248 qui
2071 4191 2290 4236 vocatur
2311 4184 2581 4243 nobiscum.
2596 4186 2753 4240 Deus.
2784 4205 2803 4237 ι
2828 4185 2940 4241 Hoc
2974 4188 3117 4242 enim
3146 4188 3248 4243 sibi

1726 4266 1858 4330 vult,
1889 4269 2332 4336 quemadmodum
2363 4273 2497 4335 dixi,
2524 4275 2640 4343 ipsa
2677 4289 2782 4329 vox
2827 4274 3156 4330 Emmanuel.
3188 4275 3247 4330 In

106 4348 290 4423 Ἐπειδὴ
334 4354 446 4426 γάρ
492 4355 597 4408 τοῦ
639 4353 907 4406 Ἰουδαίων
949 4352 1128 4415 ἔθνους
1166 4352 1226 4405 τὸ
1268 4351 1496 4422 σκληρὸν
1535 4350 1625 4402 τοῦ

106 4441 262 4469 “gl-.0
313 4447 403 4469 ...Α
438 4444 585 4469 ..-λη
631 4440 906 4469 ρι’.-.ικιηηη
945 4439 1239 4469 κ...λ.,κ,.-....
1303 4439 1489 4469 ίέλίῗιοι-
1537 4438 1622 4469 ιικῖ

1739 4355 1858 4423 ipsis
1890 4366 2068 4411 autem
2096 4357 2397 4414 Iudaeorum
2447 4363 2854 4431 exemplaribus,
2887 4369 3006 4432 quae
3056 4380 3249 4420 secun-

1739 4447 1850 4469 νΙ--...
1911 4446 2100 4469 Iuntl“
2166 4452 2425 4469 --,,,,__-,!,
2488 4467 2497 4469 _
2524 4468 2529 4469 ,
2616 4452 2639 4469 ιο
2774 4462 2784 4469 .
2910 4456 2921 4469 ι
2974 4455 2989 4469 ι
3102 4459 3176 4469 -L.

93 4441 282 4505 τρόπον,
313 4447 408 4496 καὶ
437 4444 585 4513 πρὸς
630 4440 906 4495 εὐσέϐειαν
944 4439 1259 4502 δυσένδοτον,
1302 4439 1492 4508 ἱδρῶτα
1537 4438 1627 4491 καὶ

1739 4447 1854 4499 ium
1902 4446 2105 4515 Aquilae
2159 4452 2560 4506 conversionem
2615 4452 2858 4508 feruntur
2904 4455 3248 4523 (adventitius

94 4528 247 4593 κόπον,
283 4532 481 4602 μόχθον
515 4549 582 4587 τε
607 4532 669 4584 οὐ
700 4532 792 4584 τὸν
816 4531 1059 4599 τυχόντα,
1084 4530 1176 4581 καὶ
1201 4529 1383 4597 ἀγῶνα
1408 4531 1627 4598 παρεῖχε

92 4619 181 4678 τοίς
202 4621 360 4675 πάλαι
379 4621 665 4692 θεοφιλέσι
689 4622 1015 4692 προφήταις,
1041 4619 1225 4672 τούτου
1250 4619 1426 4688 χάριν,
1459 4638 1476 4670 ι
1515 4619 1627 4671 Οὐκ

94 4706 326 4780 αὔταρκες
368 4714 525 4783 ὑμῖν,
583 4700 610 4763 ῗ
657 4712 810 4782 φησι,
849 4730 868 4762 ι
895 4713 1019 4774 τοὺς
1057 4712 1333 4780 προφήτας
1362 4710 1453 4762 τοῦ
1492 4711 1623 4763 Θεοῦ

98 4799 316 4867 μοχθοῦν.
344 4803 444 4855 καὶ
477 4802 669 4871 ἀγῶνα
697 4801 957 4873 παρέχειν
995 4799 1329 4871 ἀνθρώποις;
1372 4800 1482 4853 ἀλλ’
1524 4801 1624 4871 ήδη

96 4887 174 4938 καὶ
201 4890 283 4942 τὸν
304 4892 439 4944 Θεόν
466 4910 576 4962 μου
618 4891 867 4954 κοποῦτε,
906 4890 998 4942 κα)⁵
1033 4889 1213 4958 ἀγῶνα
1244 4892 1501 4959 παρέχετε
1533 4890 1623 4943 καί

96 4993 146 5042 γε
182 4979 247 5047 τῷ
270 4981 387 5050 Θεῷ
414 4998 562 5051 μου;
602 5001 619 5033 ι
650 4981 806 5035 Οὕτω
853 4981 962 5050 γὰρ
1004 4982 1096 5033 καὶ
1133 4982 1413 5034 Θεοδοτίων
1440 4981 1624 5047 ἐξέδω-

95 5079 186 5117 κεν.
236 5069 292 5121 '0
340 5071 474 5138 γοῦν
524 5074 815 5143 προφήτης
880 5070 1026 5132 ἰδίως
1068 5071 1254 5123 ἑαυτοῦ
1308 5071 1454 5135 Θεὸν,
1510 5075 1622 5127 ἀλλ’

101 5152 195 5221 οὐχὶ
226 5159 311 5209 καὶ
336 5160 446 5211 τῶν
481 5160 625 5229 πρὸς
664 5160 757 5222 οὓς
784 5161 814 5211 ὁ
854 5157 1035 5224 λόγος,
1065 5159 1154 5212 τὸν
1177 5158 1500 5227 κοπούμενον
1532 5166 1621 5217 καὶ

101 5238 171 5291 ἐπὶ
189 5244 271 5297 τὸν
286 5248 469 5313 ἀγῶνα
494 5249 859 5317 ἀποδυόμενον
890 5250 1201 5316 προσεῖπεν,
1222 5248 1318 5299 οὐκ
1345 5246 1407 5299 ἂν
1426 5252 1617 5320 φήσας,

110 5323 211 5378 θεάν
237 5349 328 5399 μου
354 5336 441 5387 τὸν
466 5338 561 5387 ἐπὶ
591 5338 802 5389 πάντων
824 5335 967 5387 Θεὸν
999 5336 1057 5386 έν
1086 5334 1364 5398 Ἰουδαίοις,
1392 5341 1518 5406 παρ’
1540 5337 1620 5405 οἷς

108 5409 156 5461 ἐκ
178 5420 402 5487 πατέρων
426 5423 489 5475 τὸ
516 5425 643 5491 περὶ
665 5424 752 5474 τὸν
769 5422 882 5474 τῶν
912 5422 1133 5474 πάντων
1155 5422 1465 5492 δημιουργὸν
1490 5426 1618 5482 Θεὸν

122 5498 245 5565 δὲϐας
276 5509 606 5574 ἐφυλάττετο.
635 5512 725 5572 Τίς
750 5511 797 5561 δ’
822 5510 894 5563 ἂν
927 5511 1022 5579 εἴη
1061 5514 1087 5565 ὁ
1115 5510 1255 5577 ἀγὼν
1285 5513 1371 5564 καὶ
1402 5516 1611 5586 μόχθ⁰ς’

171 5653 206 5684 ⁸³
226 5655 319 5715 iss.
340 5663 642 5728 νιι,1οο16.

1725 4545 1899 4590 autem
1936 4539 2124 4607 Aquila
2160 4539 2274 4603 fuit,
2307 4556 2413 4595 non
2445 4551 2636 4596 natura
2664 4542 2917 4615 Judaaus),
2946 4547 3039 4600 sed
3068 4555 3244 4600 tamen

1722 4625 1882 4680 etiam
1920 4630 2211 4683 secundum
2245 4632 2407 4694 hunc,
2435 4631 2537 4686 hoc
2562 4648 2691 4688 sane
2726 4634 2981 4702 scriptum
3020 4642 3101 4688 est
3131 4649 3243 4688 mo-

1723 4715 1791 4769 do
1822 4734 1835 4769 ε
1869 4733 1887 4766 ι
1935 4715 2185 4786 Nunquid
2225 4736 2412 4788 parum
2444 4729 2526 4775 est
2558 4736 2587 4774 a
2615 4723 2769 4776 vobis
2813 4721 3023 4791 fatigari
3067 4723 3245 4776 viros?

1722 4806 1861 4874 quod
1912 4806 2144 4862 laborem
2198 4811 2459 4865 exhibetis
2487 4812 2645 4865 etiam
2677 4809 2786 4863 Deo
2833 4811 2990 4864 meo?
3023 4809 3244 4880 Propter

1721 4898 1822 4952 hoc
1847 4896 1994 4951 dabit
2023 4898 2136 4965 ipse
2164 4900 2315 4954 vobis
2351 4901 2562 4969 signum
2599 4919 2612 4954 :
2648 4899 2783 4953 Ecce
2804 4900 2977 4966 puella
3002 4900 3058 4953 in
3091 4910 3244 4954 utero

1720 4984 1980 5051 concipit,
2014 4990 2067 5037 et
2123 4991 2260 5053 parit
2296 4986 2485 5052 lilium,
2528 4995 2581 5042 et
2625 4987 2838 5041 vocabis
2886 5000 3082 5041 nomen
3129 4989 3246 5057 ejus

1719 5070 2051 5124 Emmanuel.
2081 5089 2100 5122 ι
2132 5072 2285 5141 Apud
2323 5072 2698 5142 Symmachum
2756 5087 2882 5125 vero
2924 5072 3041 5129 haec
3072 5075 3146 5128 ita
3188 5092 3247 5131 se

1719 5161 1913 5214 habent
1937 5161 2118 5230 (porro
2143 5160 2494 5230 Symmachus
2518 5163 2716 5217 dicitur
2734 5160 3020 5216 Ebionzeus
3046 5163 3243 5219 fuisse:

1719 5260 1863 5309 secta
1910 5262 2084 5308 autem
2128 5254 2241 5309 haec
2287 5254 2387 5308 fuit
2421 5254 2754 5317 Iudaeorum,
2786 5254 2877 5321 qui
2923 5268 2989 5307 eo
3038 5257 3252 5309 nomine

1718 5343 2065 5409 vocabantur,
2091 5354 2144 5399 et
2179 5345 2233 5398 in
2260 5342 2534 5402 Christum
2567 5343 2795 5400 credere
2820 5342 3162 5403 dicebantur,
3191 5357 3251 5395 ex

1717 5432 1911 5500 quibus
1956 5430 2303 5503 Symmachus
2345 5435 2503 5510 fuit);
2534 5438 2679 5509 apud
2723 5436 2905 5504 ipsum
2933 5437 3082 5490 hunc
3105 5438 3264 5504 igitur

1716 5520 1827 5575 haec
1860 5522 1928 5575 ita
1955 5537 2012 5577 se
2040 5522 2262 5578 habent:
2291 5541 2309 5575 ι
2332 5526 2557 5599 Audite,
2583 5528 2791 5584 domus
2818 5524 3009 5586 David,
3031 5521 3273 5593 nunquid
