3738 6292
843 380 946 440 499

1492 377 1751 434 EUSEBII
1792 370 2268 431 CxESARlENSiS
2300 368 2446 425 OPP.
2490 367 2663 422 PARS
2700 368 2765 422 ιι.
2789 398 2858 408 -
2889 362 3341 420 APOLOGETIC

843 515 948 554 non
981 495 1110 551 satis
1140 493 1289 549 vobis
1318 500 1398 548 est
1437 492 1659 564 fatigare
1682 495 1946 555 homines,
1972 489 2115 560 quod
2136 488 2319 556 fatigat

1866 508 1946 555 es,
1972 489 2115 560 quod
2136 487 2370 556 fatigatis
2399 490 2443 546 Α
2469 487 2501 556 ἢ
2536 487 2565 538 ὁ
2590 486 2755 548 κόπος
2804 484 2898 536 τοῦ
2937 480 3342 553 προφητευομέ

846 591 1010 644 Deum
1057 587 1273 640 meum?
1324 594 1538 655 propter
1587 586 1688 639 hoc
1743 584 1893 637 dabit
1949 581 2207 635 Dominus
2258 579 2372 647 ipse

847 679 999 732 vobis
1033 676 1242 745 signum
1276 694 1290 728 :
1326 675 1461 730 Ecce
1491 676 1662 744 puella
1691 675 1924 742 concipit
1949 681 2001 727 et
2028 671 2165 741 parit
2186 669 2370 731 filium,

848 778 900 820 et
943 766 1158 819 vocabis
1203 778 1396 817 nomen
1424 763 1543 830 ejus
1570 762 1903 816 Emmanuel.
1939 779 1960 811 ι
1997 760 2201 824 Quibus
2231 756 2373 811 enim

847 855 1082 908 Iudaicae
1113 852 1287 923 gentis
1316 866 1493 905 mores
1519 851 1816 920 aSperrimi,
1845 856 1896 903 et
1926 863 1955 900 a
1976 850 2169 917 pietate
2193 846 2377 898 adum-

846 944 974 996 dum
1009 942 1379 1001 ahhor-rentes,
1426 939 1673 993 sudorem
1715 939 2077 1005 laboremque,
2100 950 2163 987 ac
2191 933 2377 1003 fatiga-

848 1034 1044 1086 tionem
1104 1048 1208 1084 non
1270 1031 1564 1098 vulgarem.
1597 1038 1753 1097 atque
1799 1035 2088 1090 certamen,
2142 1025 2377 1094 antiquis

846 1124 955 1176 illis
982 1123 1084 1175 Deo
1101 1123 1285 1176 amicis
1314 1121 1583 1190 prophetis
1606 1121 1945 1183 exhibebant,
1964 1118 2185 1177 idcirco,
2214 1135 2232 1165 σ
2267 1131 2376 1169 non

850 1213 984 1266 satis
1039 1220 1141 1271 est,
1177 1211 1367 1280 inquit.
1404 1211 1577 1276 \obis,
1626 1209 1715 1263 Dei
1774 1209 2062 1277 prophetas
2122 1207 2373 1275 afﬂigere,

851 1281 1261 1368 hominibusque
1310 1298 1562 1352 exhibere
1607 1306 1897 1357 certamen,
1935 1297 2038 1350 nisi
2066 1296 2176 1363 jam
2213 1296 2374 1348 etiam

853 1391 1016 1444 Deum
1041 1404 1214 1442 meum
1239 1388 1491 1457 fatigetis,
1509 1387 1664 1456 eique
1690 1385 1986 1440 exhibeatis
2012 1383 2324 1438 certamen?
2351 1402 2371 1434 ι

852 1496 950 1533 nec
966 1479 1073 1532 Deo
1097 1479 1427 1548 simpliciter,
1446 1477 1538 1532 sed
1561 1477 1669 1530 Deo
1697 1477 1848 1530 meo?
1864 1477 1951 1530 Sic
1969 1477 2110 1530 enim
2132 1474 2378 1529 Theodo-

812 1570 817 1573 ⁷
853 1570 965 1623 tion
986 1584 1196 1637 quoque
1224 1568 1505 1621 convertit.
1524 1567 1784 1635 Propheta
1810 1565 1971 1635 igitur
2017 1580 2170 1620 suum
2211 1580 2376 1633 pecu-

852 1659 1052 1714 liariter
1064 1659 1247 1721 Deum,
1263 1665 1441 1712 etnon
1465 1673 1655 1712 eorum
1675 1656 1739 1710 ad
1760 1672 1895 1725 quos
1921 1670 2095 1709 sermo
2117 1655 2380 1725 dirigeba-

2470 570 2696 643 θρώπων
2724 572 2934 638 γένεσιν
2960 569 3179 634 ὲλθεῖν;
3220 583 3346 620 κατε

2481 661 2869 731 Ἔϐδομήκοντα
2914 658 3250 731 ἑρμηνείαν,
3293 657 3346 708 ὲ)

2471 750 2606 805 κατά
2649 751 2704 803 δὲ
2744 750 2840 819 τὴν
2895 749 2986 802 νῦν
3043 748 3209 818 παρά
3259 747 3346 799 Ἰοι

2472 841 2723 903 νεάνιδος.
2764 840 2954 909 Εὖροις
2996 839 3045 890 δ’
3076 839 3149 891 ἂν
3190 837 3346 907 παρὰ

2472 932 2745 1002 γουμένως
2788 932 3066 1002 Παρθένον
3116 931 3310 983 νεᾶνιν

2471 1022 2599 1092 γοῦν
2636 1023 2800 1092 ἑτέρῳ
2843 1039 2909 1090 με
2918 1036 3171 1090 μνηστευ
3181 1018 3346 1087 μένηι

2474 1113 2764 1183 ϐιασμένην
2809 1111 2977 1179 τούτῳ
3028 1108 3287 1178 κέκληκε
3333 1125 3346 1141 ι

2474 1204 2564 1256 καὶ
2594 1206 2621 1255 ὁ
2652 1204 2714 1255 ἐκ
2755 1201 2853 1270 τῆς
2886 1200 3045 1270 δηλου
3056 1199 3237 1269 μένης
3280 1216 3341 1250 τε

2478 1294 2690 1364 μείζονα
2740 1292 2772 1362 ἦ
2811 1291 2951 1343 κατά
2998 1290 3098 1342 τὸν
3145 1288 3338 1341 κοινὸν

2472 1384 2693 1452 δύναμιν
2718 1421 2731 1443 ,
2781 1379 3142 1448 ἐκλεγόμενος
3199 1377 3266 1430 τὸ
3330 1377 3346 1429 ἐ

2476 1472 2700 1542 πονηρὰ,
2751 1471 2843 1523 καὶ
2888 1467 3142 1522 ἀπειθῶν
3201 1484 3346 1537 πονη

2474 1563 2687 1632 ἀγαθόν’
2712 1565 2800 1616 καὶ
2821 1562 2989 1615 ταῦτα
3012 1562 3120 1615 οὐκ
3143 1563 3204 1613 έν
3229 1560 3299 1625 τῇ
3326 1575 3346 1608 1

2473 1655 2537 1723 τῇ
2554 1652 2644 1705 τοῦ
2664 1650 2992 1707 παιδίου.Διὸ
3021 1652 3272 1722 εἴρηται’
3299 1653 3346 1703 «1

852 1756 961 1810 tur,
982 1764 1103 1803 eum
1129 1748 1219 1816 qui
1258 1754 1559 1809 vexaretur,
1583 1754 1635 1800 et
1657 1747 1707 1799 in
1738 1753 2003 1800 certamen
2023 1744 2259 1805 daretur,
2284 1757 2328 1812 a]

1869 1760 2003 1798 tmen
2023 1744 2259 1805 daretur,
2284 1757 2378 1812 ap-
2408 1807 2445 1816 __
2476 1740 2671 1808 ἀγαθὸν
2706 1740 2737 1810 ῆ
2760 1740 2943 1800 κακὸν,
2974 1739 3206 1791 ἀπειθεῖ
3234 1756 3345 1790 πον

848 1841 1078 1908 pellavit,
1106 1840 1196 1908 qui
1220 1839 1432 1908 quidem
1461 1853 1732 1905 nunquam
1763 1836 1924 1889 Deum
1954 1851 2127 1888 meum
2151 1835 2324 1890 dixissl

1838 1853 1924 1889 um
1954 1851 2127 1888 meum
2151 1807 2376 1890 dixisset
2408 1807 2449 1861 Β
2476 1807 2699 1898 ἀγαθόν’
2728 1807 2751 1881 ⁷»
2791 1831 2857 1882 δι’
2891 1823 2965 1883 ὧν
3017 1828 3313 1890 παντελῶς

847 1941 967 1978 eum
998 1928 1089 1995 qui
1113 1927 1248 1994 apud
1270 1925 1478 1980 Jutlzeos
1501 1939 1782 1993 supremus
1799 1923 2038 1981 habetur,
2060 1922 2197 1990 apud
2218 1939 2371 1991 quos,

852 2027 1010 2079 quem
1062 2026 1090 2062 τι
1141 2012 1377 2079 patribus
1437 2027 1615 2065 rerum
1673 2012 1910 2065 omnium
1967 2013 2257 2066 conditoris
2285 2011 2377 2066 Dei

851 2097 1009 2166 317
1043 2097 1242 2150 cultum
1277 2096 1377 2165 ipsi
1403 2108 1733 2165 acceperant,
1763 2098 1809 2152 is
1836 2098 2238 2166 diligentissime
2270 2113 2382 2153 ser-

851 2187 1096 2249 vabatur,
1137 2187 1229 2241 sed
1263 2188 1404 2255 quod
1456 2185 1664 2248 tandem
1712 2201 1831 2241 esse
1872 2195 2046 2256 potest
2087 2195 2377 2252 certamen,

853 2275 976 2344 quis
1009 2276 1176 2336 labor,
1206 2291 1324 2343 quae
1356 2274 1592 2342 fatigatio
1611 2276 1728 2342 ejus
1758 2274 1871 2336 Dei,
1896 2275 1962 2329 de
1993 2291 2099 2343 quo
2123 2276 2377 2345 propheta

854 2366 1112 2433 loquitur,
1137 2364 1241 2419 nisi
1273 2365 1402 2417 illud
1426 2365 1487 2416 ad
1518 2365 1785 2418 hominum
1814 2365 2209 2432 generationem
2233 2381 2380 2418 acce-

854 2454 999 2515 dere,
1025 2465 1077 2507 et
1101 2460 1215 2505 tum
1242 2452 1531 2506 secundum
1557 2465 1674 2514 nos,
1704 2458 1816 2502 tum
1846 2452 2135 2503 secundum
2165 2449 2380 2517 Septua-

854 2545 1001 2613 ginta
1032 2542 1515 2610 interpretationem
1541 2541 1606 2592 de
1642 2538 1854 2606 Virgine
1886 2541 2057 2591 nasci'
2084 2539 2376 2592 secundum

855 2652 983 2691 vero
1020 2653 1133 2690 eam
1182 2650 1299 2704 quae
1347 2635 1483 2702 apud
1536 2634 1775 2700 juniores
1828 2632 1994 2685 fertur
2038 2631 2270 2694 Judreos,
2312 2630 2378 2683 de

857 2725 1073 2793 puella?
1149 2723 1409 2777 Craterum
1457 2724 1593 2792 apud
1644 2723 1841 2775 Mosem
1888 2736 2099 2790 quoque
2142 2720 2378 2773 invenies

855 2831 995 2875 eam,
1030 2831 1147 2883 qua:
1189 2814 1392 2882 absque
1432 2813 1793 2867 controversia
1828 2813 1897 2864 sit
1926 2811 2099 2878 virgo,
2150 2809 2377 2875 puellam

857 2903 1141 2971 appellari:
1188 2902 1450 2969 siquidem
1496 2914 1614 2953 eam
1659 2915 1776 2967 quae
1807 2899 1895 2950 alii
1940 2898 2257 2966 desponsata
2287 2899 2376 2957 sit,

857 2994 961 3046 alia
1007 3006 1134 3045 vero
1185 2990 1481 3059 repudiata,
1526 2991 1625 3043 hac
1667 2989 2014 3058 appellatione
2055 2988 2282 3041 vocavit.
2332 2988 2379 3040 is

857 3089 1111 3151 praeterea
1157 3082 1247 3151 qui
1288 3080 1354 3134 de
1396 3080 1488 3132 tali
1537 3078 1728 3133 femina
1776 3078 1847 3132 sit
1892 3075 2127 3131 cdendus
2167 3077 2382 3131 nomine
2405 3112 2447 3167 ε

858 3171 1194 3232 Emmanuel,
1228 3169 1427 3237 majore
1459 3168 1626 3223 fertur
1667 3168 1921 3236 potentia,
1952 3182 2110 3236 quam
2145 3165 2380 3220 omnium

860 3261 1086 3314 aliorum
1115 3259 1410 3322 hominum,
1454 3259 1650 3327 quippe
1689 3257 1780 3325 qui
1820 3258 1979 3326 eligat
2007 3257 2203 3310 bonum
2233 3256 2382 3324 prius

858 3367 1016 3421 quam
1059 3352 1367 3422 cognoverit
1398 3351 1556 3413 mala,
1587 3356 1640 3403 et
1669 3349 1881 3402 malitiae
1917 3363 2023 3401 non
2055 3350 2383 3416 obtemperet

861 3443 985 3497 boni
1013 3441 1237 3512 eligendi
1259 3441 1450 3511 gratia,
1480 3455 1544 3495 eo
1561 3440 1731 3504 magis
1750 3440 1889 3507 quod
1911 3439 2022 3492 haec
2045 3446 2255 3507 praestet
2277 3452 2381 3490 non

863 3535 915 3587 in
947 3533 1084 3586 virili
1120 3534 1250 3601 jam,
1281 3532 1374 3586 sed
1420 3532 1474 3584 in
1506 3531 1694 3600 puerili
1732 3531 1907 3583 adhuc
1936 3536 2089 3584 aetate
2125 3529 2385 3582 constitu-

863 3631 977 3686 tus;
1005 3638 1070 3674 ex
1095 3636 1200 3691 quo
1229 3620 1355 3674 illud
1379 3620 1579 3672 dictum
1610 3625 1727 3673 est:
1788 3616 1945 3672 Prius
1987 3631 2146 3692 quam
2175 3616 2384 3670 noverit

861 3728 994 3783 puer
1023 3715 1216 3766 bonum
1246 3718 1338 3764 aut
1366 3711 1584 3775 malum,
1624 3726 1730 3763 non
1761 3720 1908 3778 paret
1929 3709 2163 3769 malitiae,
2203 3715 2261 3760 ut
2288 3708 2385 3761 eli-

860 3811 948 3872 gat
1003 3803 1222 3855 bonum.
1264 3819 1282 3850 ι
1307 3799 1512 3864 Quibus
1547 3799 1721 3853 verbis
1768 3813 1989 3868 prorsus
2025 3797 2167 3866 quod
2204 3797 2290 3849 ille
2321 3795 2387 3850 de

862 3906 970 3960 quo
998 3891 1173 3960 agitur
1197 3891 1395 3942 nullam
1414 3889 1666 3942 malitiam
1690 3890 1942 3957 attigerit,
1973 3887 2385 3941 demonstratur.

864 3981 971 4036 Sed
1000 3980 1429 4035 excellentiorem
1461 3994 1672 4049 quoque
1703 3978 2205 4039 denominationem,
2228 3992 2384 4045 quam

863 4071 1095 4125 hominis
1123 4070 1230 4121 ulla
1261 4084 1381 4123 esse
1426 4071 1593 4137 possit
1621 4068 1925 4136 appellatio,
1966 4067 2297 4120 nanciseitur
2340 4067 2386 4120 is

864 4161 952 4228 qui
985 4160 1264 4213 nobiscum
1292 4168 1374 4213 est
1413 4158 1580 4212 Dens:
1629 4172 1796 4226 quare
1839 4156 2050 4224 signum
2089 4156 2212 4209 item
2244 4155 2386 4224 quod

868 4250 935 4303 de
965 4250 1056 4302 illo
1088 4245 1268 4311 datur,
1299 4246 1713 4314 profunditatem
1755 4244 1914 4298 simul
1948 4244 2143 4297 habere
2169 4245 2384 4309 dicitur,

873 4346 926 4393 et
955 4336 1114 4392 simul
1152 4335 1518 4388 altitudinem:
1547 4334 1957 4403 profunditatem
2016 4331 2227 4401 quidem
2264 4348 2389 4402 pro-

2475 1920 2565 1972 τοῦ
2608 1919 2924 1990 δηλουμένου
2980 1918 3346 1987 παρίσταται.

2475 2009 2508 2079 ἢ
2545 2011 2683 2062 κατά
2721 2009 3003 2079 ἄνθρωπον
3059 2007 3338 2074 ἐπάγεται

2473 2101 2629 2170 ἡμῶν
2648 2102 2902 2171 ὑπάρχων
2930 2098 3070 2161 Θεός
3089 2114 3105 2128 ⁸
3149 2098 3234 2150 διὸ
3262 2098 3346 2149 κα¹

2478 2192 2634 2261 βάθος
2657 2191 2868 2258 ἐλέγετο
2896 2190 3200 2261 περιέχειν,
3221 2187 3346 2258 όμοί

2475 2280 2562 2333 διὰ
2578 2281 2674 2350 τὴν
2696 2283 2772 2342 εἰς
2791 2279 3115 2350 ἀνθρώπους
3137 2276 3346 2330 κάθοδο*

2476 2387 2564 2421 του
2598 2368 2918 2439 παρουσίαν,
2948 2367 3087 2435 ὕψος
3120 2367 3178 2419 δὲ
3205 2366 3297 2419 διὰ
3324 2384 3346 2417 1

2478 2459 2934 2522 ἀποκατάστασιν,
2972 2459 3007 2527 ἢ
3042 2457 3132 2510 διά
3164 2458 3263 2526 τὴν
3297 2456 3346 2508 τί

2475 2543 2634 2594 αὐτοῦ
2677 2544 2974 2610 θεολογίαν.
3020 2544 3119 2606 Τίς
3159 2543 3204 2596 δ’
3247 2542 3314 2595 ἂν

2476 2635 2507 2704 ἢ
2550 2638 2577 2687 ό
2612 2634 2697 2686 διὰ
2734 2635 2841 2687 τῶν
2879 2635 3126 2704 πρόσθεν
3163 2635 3346 2688 ἀποδεί

2475 2726 2504 2776 ό
2530 2727 2621 2777 καὶ
2646 2725 2720 2792 τῷ
2748 2724 3001 2794 Ἀϐραὰμ
3033 2726 3138 2777 οὐκ
3168 2725 3345 2787 ἄλλως

2475 2813 2821 2882 τεθεαμένος;
2849 2814 2913 2865 Εἰ
2947 2814 2992 2865 δ’
3021 2815 3346 2884 ἀναφέροιεν

2477 2904 2768 2974 περιτομῆς
2792 2903 2972 2957 ταῦτα
2991 2944 3006 2965 ,
3042 2904 3135 2956 τὸν
3157 2905 3252 2957 τοῦ
3296 2905 3346 2955 Ἀ

2477 2994 2767 3062 φάσκοντες
2794 2993 2884 3044 τὸν
2919 2993 2999 3063 τῷ
3030 2995 3204 3065 πατρὶ
3232 3010 3345 3065 προ

2477 3082 2505 3134 ό
2537 3081 2648 3150 μεθ’
2679 3080 2831 3149 ἡμῶν
2876 3080 3019 3145 Θεὸς
3069 3084 3320 3147 Ἐζεκίας

2483 3172 2688 3241 πρεπὲς
2733 3171 3056 3241 πέπρακταί
3102 3190 3156 3225 τι
3205 3173 3290 3225 ἐπ’
3343 3202 3346 3221 ι

2480 3262 2512 3331 ἢ
2545 3261 2734 3331 μόχθος
2759 3260 2836 3330 τῷ
2865 3260 2993 3332 Θεῷ
3031 3259 3100 3333 ἦν
3144 3264 3273 3334 περὶ
3305 3268 3346 3315 τέ

2480 3350 2648 3414 ἄλλως
2681 3351 2828 3422 παρὰ
2872 3353 3053 3407 ταῦτα
3098 3354 3346 3407 δείκνυτα

2484 3459 2637 3512 μενος
2672 3442 2776 3494 τῶν
2815 3444 3025 3514 χρόνων
3064 3445 3163 3513 τῆς
3200 3461 3343 3513 προερ

2483 3529 2845 3599 βασιλεύοντος
2879 3528 3047 3583 αὐτοῦ
3086 3529 3270 3600 δήτοῦ
3315 3547 3346 3580 π

2481 3618 2672 3672 λόντων
2693 3618 3007 3683 ὲθεσπίζετο
3021 3637 3036 3650 ·
3072 3622 3101 3673 ὁ
3122 3620 3178 3672 δὲ
3202 3619 3346 3682 Ἐζεν

2482 3709 2571 3761 τὸν
2594 3709 2764 3778 Ἀχαξ
2810 3710 3132 3763 συνίσταται
3170 3726 3346 3777 γεγενι

2481 3797 2664 3850 τοῦτον
2712 3797 2972 3870 ἀναχθείη
3016 3798 3086 3852 τὰ
3131 3799 3231 3867 τῆς
3262 3815 3346 3869 πρε

2484 3886 2672 3940 πολλοῦ
2698 3887 2778 3939 δεῖ
2808 3889 2895 3957 ἐφ’
2916 3889 3105 3960 ἕτερον
3128 3888 3235 3941 τῶν
3259 3905 3346 3959 παι

2482 3978 2579 4046 τῆς
2602 3977 2938 4047 προφητείας
2964 3978 3188 4048 χρόνους
3210 3993 3346 4044 γενοί

2481 4066 2574 4118 τοῦ
2610 4065 2838 4134 ἀληθοῦς
2882 4065 3249 4136 Ἐμμανουὴλ,
3282 4081 3345 4115 το

2487 4156 2602 4226 μεθ’
2633 4156 2789 4225 ἡμῶν
2829 4156 2966 4209 Θεοῦ
3013 4156 3300 4224 γενέσεως,

2484 4247 2728 4316 Σωτῆρος
2790 4247 2947 4316 ήμῶν
3007 4246 3099 4298 τοῦ
3158 4243 3292 4297 Θεοῦ

2483 4335 2799 4405 ἐπιδημίαςο
2841 4335 2950 4388 τῶν
2980 4335 3089 4405 γὰρ
3132 4334 3276 4386 δυεῖν
3321 4331 3346 4399 β

868 4437 985 4499 pter
1032 4429 1345 4483 descensum
1377 4424 1441 4477 ad
1490 4424 1752 4484 homines,
1789 4424 2062 4476 autetiam
2104 4439 2271 4491 usque
2323 4439 2344 4476 a

1869 4431 1880 4474 l
1904 4424 2062 4476 etiam
2104 4439 2271 4491 usque
2323 4423 2389 4477 ad
2419 4445 2462 4499 ι)
2490 4424 2808 4493 κατελείφθη
2841 4424 3045 4495 ἕρημος
3073 4427 3106 4493 ἠ
3135 4422 3240 4475 τῶν
3268 4423 3345 4473 ἰοι

867 4527 1089 4573 mortem
1130 4529 1440 4570 accessum:
1484 4513 1815 4567 altitudinem
1848 4526 1975 4567 vero
1999 4522 2215 4583 propter
2245 4514 2386 4569 divi-

870 4611 1052 4664 nitatis
1111 4623 1141 4661 a
1196 4604 1559 4676 profunditate
1618 4606 2032 4669 restitutionem,
2085 4613 2176 4659 aut
2226 4607 2385 4659 etiam

864 4708 1080 4768 propter
1106 4698 1298 4751 divinae
1327 4696 1443 4765 ejus
1485 4695 1818 4758 substantize,
1862 4711 1981 4766 quae
2013 4696 2158 4750 omni
2191 4703 2386 4750 natura

866 4788 1011 4856 prior
1037 4795 1139 4849 est,
1172 4787 1511 4855 theologiam.
1547 4787 1677 4851 Quis
1700 4801 1823 4840 vero
1852 4787 1987 4840 alius
2013 4789 2082 4841 sit
2110 4785 2387 4839 nobiscum

871 4877 1028 4937 Deus.
1061 4893 1219 4946 quam
1246 4878 1292 4932 is
1325 4892 1480 4946 quem
1505 4876 1869 4945 superioribus
1897 4878 2049 4932 libris
2082 4876 2249 4931 Deum
2287 4873 2391 4927 Do-

866 4966 1172 5035 minumque
1237 4968 1605 5022 ostendimus?
1673 4967 1872 5035 quique
1949 4969 2074 5022 item
2163 4964 2389 5019 Abrahae

867 5057 1132 5120 quondam
1166 5074 1272 5112 non
1302 5060 1404 5111 alia
1451 5073 1607 5127 quam
1640 5057 1868 5112 hominis
1901 5058 2069 5113 forma
2100 5060 2247 5111 visus
2275 5054 2391 5109 est?

868 5142 1018 5205 Quod
1072 5144 1118 5195 si
1162 5144 1328 5200 Judaei
1377 5148 1487 5199 haec
1530 5147 1594 5199 ad
1617 5147 1894 5203 Ezechiam
1941 5148 2171 5202 referant
2223 5144 2387 5198 filium

866 5229 1064 5290 Achaz,
1088 5240 1141 5284 et
1183 5231 1363 5287 dicant
1401 5237 1542 5290 hunc
1583 5255 1702 5294 esse
1738 5241 1827 5309 qui
1870 5239 2008 5309 patri
2045 5251 2143 5290 suo
2174 5234 2388 5288 futurus

866 5318 1085 5370 oraculo
1125 5321 1486 5387 promittatur,
1531 5327 1747 5382 videant
1799 5328 2065 5401 quomodo
2112 5325 2387 5378 nobiscum

866 5406 1009 5459 Deus
1032 5404 1189 5459 fuerit
1222 5407 1494 5469 Ezechias.
1514 5423 1604 5466 aut
1620 5418 1884 5484 quodnam
1914 5421 2121 5489 signum
2158 5429 2251 5468 sua
2277 5429 2391 5467 ma-

863 5495 1056 5563 jestate
1083 5493 1319 5563 dignum,
1353 5494 1494 5550 Deus
1514 5499 1567 5552 in
1597 5504 1690 5556 illo
1726 5510 2051 5565 ostenderit:
2085 5504 2175 5560 sed
2217 5518 2389 5571 neque

869 5592 1139 5639 eertamen
1172 5584 1357 5650 ullum,
1387 5602 1559 5656 neque
1581 5592 1729 5647 labor
1752 5597 1807 5652 in
1831 5602 1975 5656 illius
2008 5605 2128 5652 ortu
2162 5592 2270 5647 Deo
2297 5608 2389 5647 ex-

872 5675 1071 5727 hibitus
1095 5681 1212 5727 est:
1246 5682 1499 5742 praeterea
1530 5681 1687 5747 plane
1713 5700 1741 5737 a
1773 5690 2045 5761 prophetia
2066 5682 2387 5750 excluditur,

2490 4516 2609 4569 σθαί
2649 4532 2808 4586 φησιν
2851 4517 2881 4568 ό
2915 4515 3159 4586 χρησμὸς
3178 4511 3341 4565 εἰπών

2486 4605 2557 4674 γῆ
2599 4603 2703 4656 ἀπὸ
2754 4603 3044 4674 προσώπου
3092 4603 3198 4655 τῶν
3229 4600 3345 4663 δύο,

2489 4692 2660 4765 ῥητῶς
2710 4692 2803 4743 καὶ
2850 4691 2992 4745 κατά
3030 4689 3170 4755 λέξιν
3217 4686 3346 4739 οὕτω

2487 4784 2591 4852 γὰρ
2635 4780 2859 4850 βασιλέα
2890 4782 3084 4851 Ἄχας,
3134 4778 3226 4832 καὶ
3265 4777 3346 4827 'H:

2486 4872 2609 4933 τοὺς
2639 4871 2735 4940 τῆς
2769 4872 3102 4941 προφητείας
3133 4868 3346 4937 χρόνους

2488 4960 2776 5030 Δαμασκῷ,
2812 4964 2906 5014 καὶ
2934 4960 3179 5030 βασιλεὺς
3213 4957 3346 5027 Ίσρα

2487 5056 2514 5105 ὁ
2542 5056 2599 5105 ὲν
2624 5052 2992 5123 Ἰερουσαλὴμ,
3023 5050 3134 5104 ἀλλ’
3165 5051 3192 5100 ὁ
3222 5046 3311 5099 τοῦ

2487 5142 2593 5195 τῶν
2637 5143 2983 5196 ἀποστάντων
3004 5139 3093 5193 τοῦ
3135 5137 3274 5190 θείου
3317 5152 3344 5184 ν

2488 5231 2741 5303 ἀλλήλους
2770 5232 3003 5304 θέμενοι,
3036 5229 3160 5289 τοὺς
3192 5224 3294 5277 ὑπὸ
3320 5239 3346 5268 τ

2490 5320 2928 5392 βασιλευομένους
2950 5318 3304 5387 ἐπολιόρκουν.
3341 5311 3346 5329 '

2487 5414 2804 5482 καθαίρεσιν
2827 5415 2860 5483 ἡ
2883 5408 3177 5482 προφητεία
3208 5402 3345 5455 θεσπη

2488 5503 2790 5563 κατ’ὲκεῖνο
2810 5498 2997 5571 καιροῦ
3024 5492 3293 5550 Ἰουδαίους
3321 5504 3346 5537 τ

2488 5596 2579 5648 τοῦ
2607 5594 2731 5647 λαοῦ
2760 5593 2852 5645 τοῦ
2876 5590 3006 5644 Θεοῦ
3029 5584 3200 5650 δεξιὰς
3224 5579 3346 5646 dm.

2496 5684 2633 5755 μάλα
2674 5678 3075 5753 διαλυθήσεσθαι
3126 5673 3217 5728 καὶ
3262 5670 3346 5724 ἀπε
