  <div class='ocr_page' id='page_1' title='image "/cluster/home/n/w/nwhite01/storage/ocr_20150623/22 (Eusebius; pt. 4)/nyp.33433081862355/274.png"; bbox 0 0 3738 6302; ppageno 0'>
   <div class='ocr_carea' id='block_1_1' title="bbox 140 412 239 468">
    <p class='ocr_par' dir='ltr' id='par_1_1' title="bbox 140 412 239 468">
     <span class='ocr_line' id='line_1_1' title="bbox 140 412 239 468; baseline 0 0"><span class='ocrx_word' id='word_1_1' title='bbox 140 412 239 468; x_wconf 75' lang='lat'><strong>50!</strong></span> 
     </span>
    </p>
   </div>
   <div class='ocr_carea' id='block_1_2' title="bbox 139 515 1711 604">
    <p class='ocr_par' dir='ltr' id='par_1_2' title="bbox 139 515 1711 604">
     <span class='ocr_line' id='line_1_2' title="bbox 139 515 1711 604; baseline -0.003 -23"><span class='ocrx_word' id='word_1_2' title='bbox 139 530 267 601; x_wconf 76' lang='grc' dir='ltr'>φησί</span> <span class='ocrx_word' id='word_1_3' title='bbox 285 545 298 559; x_wconf 92' lang='grc'><strong>·</strong></span> <span class='ocrx_word' id='word_1_4' title='bbox 324 527 414 596; x_wconf 86' lang='grc' dir='ltr'><strong>τήν</strong></span> <span class='ocrx_word' id='word_1_5' title='bbox 441 542 502 593; x_wconf 86' lang='grc' dir='ltr'><strong>γε</strong></span> <span class='ocrx_word' id='word_1_6' title='bbox 525 523 627 595; x_wconf 84' lang='grc' dir='ltr'><strong>μήν</strong></span> <span class='ocrx_word' id='word_1_7' title='bbox 657 524 923 595; x_wconf 83' lang='grc' dir='ltr'>βασιλείαν</span> <span class='ocrx_word' id='word_1_8' title='bbox 950 527 1123 580; x_wconf 80' lang='grc' dir='ltr'>αὐτῶν</span> <span class='ocrx_word' id='word_1_9' title='bbox 1154 523 1245 579; x_wconf 70' lang='grc' dir='ltr'>καὶ</span> <span class='ocrx_word' id='word_1_10' title='bbox 1273 518 1366 589; x_wconf 84' lang='grc' dir='ltr'>τὴν</span> <span class='ocrx_word' id='word_1_11' title='bbox 1395 515 1640 594; x_wconf 82' lang='grc' dir='ltr'>διαδοχὴν</span> <span class='ocrx_word' id='word_1_12' title='bbox 1670 548 1711 604; x_wconf 60' lang='grc' dir='ltr'><strong>Δ</strong></span> 
     </span>
    </p>
   </div>
   <div class='ocr_carea' id='block_1_3' title="bbox 139 606 1641 683">
    <p class='ocr_par' dir='ltr' id='par_1_3' title="bbox 139 606 1641 683">
     <span class='ocr_line' id='line_1_3' title="bbox 139 606 1641 683; baseline -0.002 -13"><span class='ocrx_word' id='word_1_13' title='bbox 139 618 279 679; x_wconf 77' lang='grc' dir='ltr'>εἰςτδ</span> <span class='ocrx_word' id='word_1_14' title='bbox 289 614 524 675; x_wconf 81' lang='grc' dir='ltr'>παντελὲς</span> <span class='ocrx_word' id='word_1_15' title='bbox 538 614 1016 683; x_wconf 76' lang='grc' dir='ltr'><strong>καταλυθήσεσθαι,</strong></span> <span class='ocrx_word' id='word_1_16' title='bbox 1041 616 1130 668; x_wconf 70' lang='grc' dir='ltr'>καὶ</span> <span class='ocrx_word' id='word_1_17' title='bbox 1152 606 1641 679; x_wconf 77' lang='grc' dir='ltr'>ἀποσὸεσθήσεσθαι</span> 
     </span>
    </p>
   </div>
   <div class='ocr_carea' id='block_1_4' title="bbox 137 697 1637 773">
    <p class='ocr_par' dir='ltr' id='par_1_4' title="bbox 137 697 1637 773">
     <span class='ocr_line' id='line_1_4' title="bbox 137 697 1637 773; baseline 0.001 -17"><span class='ocrx_word' id='word_1_18' title='bbox 137 706 224 756; x_wconf 65' lang='grc' dir='ltr'><strong>ἐπὶ</strong></span> <span class='ocrx_word' id='word_1_19' title='bbox 242 704 330 771; x_wconf 80' lang='grc' dir='ltr'>τῆς</span> <span class='ocrx_word' id='word_1_20' title='bbox 351 702 438 754; x_wconf 80' lang='grc' dir='ltr'><strong>τοῦ</strong></span> <span class='ocrx_word' id='word_1_21' title='bbox 465 703 952 773; x_wconf 75' lang='grc' dir='ltr'>προφητευομένου,</span> <span class='ocrx_word' id='word_1_22' title='bbox 988 703 1106 772; x_wconf 80' lang='grc' dir='ltr'>μεθ’</span> <span class='ocrx_word' id='word_1_23' title='bbox 1126 700 1277 773; x_wconf 82' lang='grc' dir='ltr'>ἡμῶν</span> <span class='ocrx_word' id='word_1_24' title='bbox 1303 697 1454 765; x_wconf 82' lang='grc' dir='ltr'>Θεοῦ,</span> <span class='ocrx_word' id='word_1_25' title='bbox 1485 703 1637 770; x_wconf 80' lang='grc' dir='ltr'>γενέ-</span> 
     </span>
    </p>
   </div>
   <div class='ocr_carea' id='block_1_5' title="bbox 139 791 1640 865">
    <p class='ocr_par' dir='ltr' id='par_1_5' title="bbox 139 791 1640 865">
     <span class='ocr_line' id='line_1_5' title="bbox 139 791 1640 865; baseline -0.001 -18"><span class='ocrx_word' id='word_1_26' title='bbox 139 810 285 857; x_wconf 79' lang='grc' dir='ltr'>σεως.</span> <span class='ocrx_word' id='word_1_27' title='bbox 323 793 621 861; x_wconf 83' lang='grc' dir='ltr'>Ἐπίστησον</span> <span class='ocrx_word' id='word_1_28' title='bbox 653 791 827 845; x_wconf 84' lang='grc' dir='ltr'>τοίνυν</span> <span class='ocrx_word' id='word_1_29' title='bbox 882 794 1008 845; x_wconf 87' lang='grc' dir='ltr'>πότε</span> <span class='ocrx_word' id='word_1_30' title='bbox 1038 798 1070 865; x_wconf 81' lang='grc' dir='ltr'><strong>ή</strong></span> <span class='ocrx_word' id='word_1_31' title='bbox 1103 793 1464 865; x_wconf 79' lang='grc' dir='ltr'><strong>Δαμασκηνῶν</strong></span> <span class='ocrx_word' id='word_1_32' title='bbox 1506 794 1640 863; x_wconf 75' lang='grc' dir='ltr'>ὁμοῦ</span> 
     </span>
    </p>
   </div>
   <div class='ocr_carea' id='block_1_6' title="bbox 137 880 1639 951">
    <p class='ocr_par' dir='ltr' id='par_1_6' title="bbox 137 880 1639 951">
     <span class='ocr_line' id='line_1_6' title="bbox 137 880 1639 951; baseline -0.001 -17"><span class='ocrx_word' id='word_1_33' title='bbox 137 883 220 934; x_wconf 78' lang='grc' dir='ltr'>καὶ</span> <span class='ocrx_word' id='word_1_34' title='bbox 254 881 493 934; x_wconf 77' lang='grc' dir='ltr'>Ἰουδαίων</span> <span class='ocrx_word' id='word_1_35' title='bbox 539 880 803 951; x_wconf 70' lang='grc' dir='ltr'>κατελύθη</span> <span class='ocrx_word' id='word_1_36' title='bbox 861 881 1118 951; x_wconf 85' lang='grc' dir='ltr'>βασιλεία,</span> <span class='ocrx_word' id='word_1_37' title='bbox 1162 885 1250 936; x_wconf 75' lang='grc' dir='ltr'>καὶ</span> <span class='ocrx_word' id='word_1_38' title='bbox 1293 882 1429 935; x_wconf 82' lang='grc' dir='ltr'>κατὰ</span> <span class='ocrx_word' id='word_1_39' title='bbox 1460 882 1639 945; x_wconf 81' lang='grc' dir='ltr'>ποίους</span> 
     </span>
    </p>
   </div>
   <div class='ocr_carea' id='block_1_7' title="bbox 135 968 1634 1042">
    <p class='ocr_par' dir='ltr' id='par_1_7' title="bbox 135 968 1634 1042">
     <span class='ocr_line' id='line_1_7' title="bbox 135 968 1634 1042; baseline 0 -20"><span class='ocrx_word' id='word_1_40' title='bbox 135 970 337 1042; x_wconf 73' lang='grc' dir='ltr'>χρόνους</span> <span class='ocrx_word' id='word_1_41' title='bbox 360 968 668 1039; x_wconf 76' lang='grc' dir='ltr'><strong>κατελείφθη</strong></span> <span class='ocrx_word' id='word_1_42' title='bbox 702 972 734 1040; x_wconf 89' lang='grc' dir='ltr'><strong>ή</strong></span> <span class='ocrx_word' id='word_1_43' title='bbox 763 972 830 1041; x_wconf 79' lang='grc' dir='ltr'>γῆ</span> <span class='ocrx_word' id='word_1_44' title='bbox 858 971 964 1024; x_wconf 82' lang='grc' dir='ltr'><strong>τῶν</strong></span> <span class='ocrx_word' id='word_1_45' title='bbox 998 973 1254 1026; x_wconf 77' lang='grc' dir='ltr'><strong>Ἰουδαίων</strong></span> <span class='ocrx_word' id='word_1_46' title='bbox 1280 971 1634 1034; x_wconf 75' lang='grc' dir='ltr'>ἀϐασίλευτος,</span> 
     </span>
    </p>
   </div>
   <div class='ocr_carea' id='block_1_8' title="bbox 134 1056 1637 1130">
    <p class='ocr_par' dir='ltr' id='par_1_8' title="bbox 134 1056 1637 1130">
     <span class='ocr_line' id='line_1_8' title="bbox 134 1056 1637 1130; baseline -0.001 -19"><span class='ocrx_word' id='word_1_47' title='bbox 134 1060 224 1111; x_wconf 69' lang='grc' dir='ltr'>καὶ</span> <span class='ocrx_word' id='word_1_48' title='bbox 273 1059 383 1126; x_wconf 80' lang='grc' dir='ltr'>αὐτή</span> <span class='ocrx_word' id='word_1_49' title='bbox 425 1073 485 1123; x_wconf 86' lang='grc' dir='ltr'><strong>γε</strong></span> <span class='ocrx_word' id='word_1_50' title='bbox 534 1060 566 1127; x_wconf 83' lang='grc' dir='ltr'>ἡ</span> <span class='ocrx_word' id='word_1_51' title='bbox 609 1060 739 1128; x_wconf 74' lang='grc' dir='ltr'>πρὶν</span> <span class='ocrx_word' id='word_1_52' title='bbox 778 1056 951 1111; x_wconf 71' lang='grc' dir='ltr'>πολλὰ</span> <span class='ocrx_word' id='word_1_53' title='bbox 986 1059 1244 1130; x_wconf 85' lang='grc' dir='ltr'>δυναμένη</span> <span class='ocrx_word' id='word_1_54' title='bbox 1278 1059 1637 1129; x_wconf 71' lang='grc' dir='ltr'><strong>Δαμασκηνῶν</strong></span> 
     </span>
    </p>
   </div>
   <div class='ocr_carea' id='block_1_9' title="bbox 132 1144 1636 1218">
    <p class='ocr_par' dir='ltr' id='par_1_9' title="bbox 132 1144 1636 1218">
     <span class='ocr_line' id='line_1_9' title="bbox 132 1144 1636 1218; baseline 0.003 -23"><span class='ocrx_word' id='word_1_55' title='bbox 132 1144 298 1215; x_wconf 81' lang='grc' dir='ltr'>χώρα,</span> <span class='ocrx_word' id='word_1_56' title='bbox 325 1145 510 1215; x_wconf 81' lang='grc' dir='ltr'>μεγάλῃ</span> <span class='ocrx_word' id='word_1_57' title='bbox 546 1146 692 1215; x_wconf 66' lang='grc' dir='ltr'>χειρὶ</span> <span class='ocrx_word' id='word_1_58' title='bbox 731 1148 791 1198; x_wconf 85' lang='grc' dir='ltr'>τὸ</span> <span class='ocrx_word' id='word_1_59' title='bbox 823 1147 1048 1200; x_wconf 79' lang='grc' dir='ltr'>παλαιὸν</span> <span class='ocrx_word' id='word_1_60' title='bbox 1085 1149 1180 1216; x_wconf 85' lang='grc' dir='ltr'>τῆς</span> <span class='ocrx_word' id='word_1_61' title='bbox 1205 1148 1396 1218; x_wconf 80' lang='grc' dir='ltr'>Συρίας</span> <span class='ocrx_word' id='word_1_62' title='bbox 1427 1148 1636 1215; x_wconf 84' lang='grc' dir='ltr'>ἁπάσης</span> 
     </span>
    </p>
   </div>
   <div class='ocr_carea' id='block_1_10' title="bbox 134 1234 1636 1308">
    <p class='ocr_par' dir='ltr' id='par_1_10' title="bbox 134 1234 1636 1308">
     <span class='ocr_line' id='line_1_10' title="bbox 134 1234 1636 1308; baseline 0.003 -23"><span class='ocrx_word' id='word_1_63' title='bbox 134 1234 470 1303; x_wconf 72' lang='grc' dir='ltr'><strong>βασιλεύουσα.</strong></span> <span class='ocrx_word' id='word_1_64' title='bbox 506 1236 631 1286; x_wconf 73' lang='grc' dir='ltr'>Ἐπὶ</span> <span class='ocrx_word' id='word_1_65' title='bbox 662 1236 771 1305; x_wconf 84' lang='grc' dir='ltr'>γὰρ</span> <span class='ocrx_word' id='word_1_66' title='bbox 808 1237 904 1305; x_wconf 76' lang='grc' dir='ltr'>τῆς</span> <span class='ocrx_word' id='word_1_67' title='bbox 941 1236 1138 1289; x_wconf 77' lang='grc' dir='ltr'>τούτων</span> <span class='ocrx_word' id='word_1_68' title='bbox 1167 1237 1522 1308; x_wconf 80' lang='grc' dir='ltr'><strong>καθαιρέσεως</strong></span> <span class='ocrx_word' id='word_1_69' title='bbox 1546 1237 1636 1289; x_wconf 82' lang='grc' dir='ltr'>τὸν</span> 
     </span>
    </p>
   </div>
   <div class='ocr_carea' id='block_1_11' title="bbox 143 1322 1636 1395">
    <p class='ocr_par' dir='ltr' id='par_1_11' title="bbox 143 1322 1636 1395">
     <span class='ocr_line' id='line_1_11' title="bbox 143 1322 1636 1395; baseline 0.002 -21"><span class='ocrx_word' id='word_1_70' title='bbox 143 1322 454 1392; x_wconf 77' lang='grc' dir='ltr'>Ἐμμανουήλ</span> <span class='ocrx_word' id='word_1_71' title='bbox 498 1323 713 1386; x_wconf 87' lang='grc' dir='ltr'>πάντως</span> <span class='ocrx_word' id='word_1_72' title='bbox 748 1340 849 1375; x_wconf 89' lang='grc' dir='ltr'><strong>που</strong></span> <span class='ocrx_word' id='word_1_73' title='bbox 874 1325 1283 1395; x_wconf 83' lang='grc' dir='ltr'>γεννηθήσεσθαι</span> <span class='ocrx_word' id='word_1_74' title='bbox 1331 1325 1497 1389; x_wconf 77' lang='grc' dir='ltr'>εἰκὸς,</span> <span class='ocrx_word' id='word_1_75' title='bbox 1546 1326 1636 1379; x_wconf 80' lang='grc' dir='ltr'>καὶ</span> 
     </span>
    </p>
   </div>
   <div class='ocr_carea' id='block_1_12' title="bbox 130 1412 1635 1484">
    <p class='ocr_par' dir='ltr' id='par_1_12' title="bbox 130 1412 1635 1484">
     <span class='ocr_line' id='line_1_12' title="bbox 130 1412 1635 1484; baseline 0.003 -21"><span class='ocrx_word' id='word_1_76' title='bbox 130 1412 215 1464; x_wconf 75' lang='grc' dir='ltr'><strong>τὸν</strong></span> <span class='ocrx_word' id='word_1_77' title='bbox 258 1412 704 1481; x_wconf 82' lang='grc' dir='ltr'>προφητευόμενον</span> <span class='ocrx_word' id='word_1_78' title='bbox 763 1412 1090 1483; x_wconf 81' lang='grc' dir='ltr'>ἐληλυθέναι.</span> <span class='ocrx_word' id='word_1_79' title='bbox 1150 1415 1213 1466; x_wconf 77' lang='lat' dir='ltr'><strong>Ei</strong></span> <span class='ocrx_word' id='word_1_80' title='bbox 1263 1415 1356 1484; x_wconf 83' lang='grc' dir='ltr'>μὲν</span> <span class='ocrx_word' id='word_1_81' title='bbox 1399 1412 1488 1467; x_wconf 83' lang='grc' dir='ltr'>οὖν</span> <span class='ocrx_word' id='word_1_82' title='bbox 1529 1414 1635 1467; x_wconf 80' lang='grc' dir='ltr'><strong>τῶν</strong></span> 
     </span>
    </p>
   </div>
   <div class='ocr_carea' id='block_1_13' title="bbox 127 1504 1632 1575">
    <p class='ocr_par' dir='ltr' id='par_1_13' title="bbox 127 1504 1632 1575">
     <span class='ocr_line' id='line_1_13' title="bbox 127 1504 1632 1575; baseline 0.002 -19"><span class='ocrx_word' id='word_1_83' title='bbox 127 1506 438 1574; x_wconf 78' lang='grc' dir='ltr'>δηλουμένων</span> <span class='ocrx_word' id='word_1_84' title='bbox 473 1504 652 1574; x_wconf 79' lang='grc' dir='ltr'>παρῆν</span> <span class='ocrx_word' id='word_1_85' title='bbox 684 1506 815 1575; x_wconf 78' lang='grc' dir='ltr'>ὁρᾷν</span> <span class='ocrx_word' id='word_1_86' title='bbox 846 1504 1178 1568; x_wconf 81' lang='grc' dir='ltr'>συνεστώσας</span> <span class='ocrx_word' id='word_1_87' title='bbox 1211 1508 1306 1568; x_wconf 85' lang='grc' dir='ltr'>τὰς</span> <span class='ocrx_word' id='word_1_88' title='bbox 1351 1506 1632 1574; x_wconf 85' lang='grc' dir='ltr'>βασιλείας,</span> 
     </span>
    </p>
   </div>
   <div class='ocr_carea' id='block_1_14' title="bbox 127 1594 1634 1665">
    <p class='ocr_par' dir='ltr' id='par_1_14' title="bbox 127 1594 1634 1665">
     <span class='ocr_line' id='line_1_14' title="bbox 127 1594 1634 1665; baseline 0.001 -19"><span class='ocrx_word' id='word_1_89' title='bbox 127 1594 264 1646; x_wconf 72' lang='grc' dir='ltr'>οὐδὲν</span> <span class='ocrx_word' id='word_1_90' title='bbox 297 1594 418 1664; x_wconf 79' lang='grc' dir='ltr'>χρῆν</span> <span class='ocrx_word' id='word_1_91' title='bbox 452 1594 760 1664; x_wconf 80' lang='grc' dir='ltr'><strong>περαιτέρω</strong></span> <span class='ocrx_word' id='word_1_92' title='bbox 803 1594 1001 1663; x_wconf 79' lang='grc' dir='ltr'>ζητεῖν,</span> <span class='ocrx_word' id='word_1_93' title='bbox 1038 1595 1191 1665; x_wconf 86' lang='grc' dir='ltr'>μόνον</span> <span class='ocrx_word' id='word_1_94' title='bbox 1225 1595 1282 1647; x_wconf 81' lang='grc' dir='ltr'>δὲ</span> <span class='ocrx_word' id='word_1_95' title='bbox 1318 1595 1395 1647; x_wconf 79' lang='grc' dir='ltr'>ἔτι</span> <span class='ocrx_word' id='word_1_96' title='bbox 1424 1596 1515 1647; x_wconf 56' lang='grc' dir='ltr'><strong>καὶ⁸</strong></span> <span class='ocrx_word' id='word_1_97' title='bbox 1541 1594 1634 1647; x_wconf 83' lang='grc' dir='ltr'>νῦν</span> 
     </span>
    </p>
   </div>
   <div class='ocr_carea' id='block_1_15' title="bbox 127 1682 1634 1753">
    <p class='ocr_par' dir='ltr' id='par_1_15' title="bbox 127 1682 1634 1753">
     <span class='ocr_line' id='line_1_15' title="bbox 127 1682 1634 1753; baseline 0 -19"><span class='ocrx_word' id='word_1_98' title='bbox 127 1685 198 1745; x_wconf 81' lang='grc' dir='ltr'><strong>εἰς</strong></span> <span class='ocrx_word' id='word_1_99' title='bbox 222 1682 459 1752; x_wconf 86' lang='grc' dir='ltr'>μέλλοντα</span> <span class='ocrx_word' id='word_1_100' title='bbox 483 1683 670 1752; x_wconf 86' lang='grc' dir='ltr'>χρόνον</span> <span class='ocrx_word' id='word_1_101' title='bbox 695 1685 928 1753; x_wconf 81' lang='grc' dir='ltr'>ἀναρτᾷν</span> <span class='ocrx_word' id='word_1_102' title='bbox 948 1683 1043 1747; x_wconf 74' lang='grc' dir='ltr'><strong>τὰς</strong></span> <span class='ocrx_word' id='word_1_103' title='bbox 1069 1684 1281 1747; x_wconf 79' lang='grc' dir='ltr'>ἐλπίδας</span> <span class='ocrx_word' id='word_1_104' title='bbox 1296 1700 1310 1716; x_wconf 76' lang='grc'><strong><em>⁸</em></strong></span> <span class='ocrx_word' id='word_1_105' title='bbox 1342 1686 1388 1736; x_wconf 84' lang='grc' dir='ltr'><strong>εί</strong></span> <span class='ocrx_word' id='word_1_106' title='bbox 1413 1684 1468 1735; x_wconf 86' lang='grc' dir='ltr'>δὲ</span> <span class='ocrx_word' id='word_1_107' title='bbox 1492 1683 1634 1753; x_wconf 78' lang='grc' dir='ltr'>ἔργῳ</span> 
     </span>
    </p>
   </div>
   <div class='ocr_carea' id='block_1_16' title="bbox 127 1770 1633 1842">
    <p class='ocr_par' dir='ltr' id='par_1_16' title="bbox 127 1770 1633 1842">
     <span class='ocr_line' id='line_1_16' title="bbox 127 1770 1633 1842; baseline 0.002 -21"><span class='ocrx_word' id='word_1_108' title='bbox 127 1772 378 1839; x_wconf 65' lang='grc' dir='ltr'>προςανὴς</span> <span class='ocrx_word' id='word_1_109' title='bbox 418 1773 448 1840; x_wconf 79' lang='grc' dir='ltr'>ἡ</span> <span class='ocrx_word' id='word_1_110' title='bbox 479 1770 794 1839; x_wconf 83' lang='grc' dir='ltr'>καθαίρεσις</span> <span class='ocrx_word' id='word_1_111' title='bbox 830 1771 935 1823; x_wconf 82' lang='grc' dir='ltr'><strong>τῶν</strong></span> <span class='ocrx_word' id='word_1_112' title='bbox 968 1772 1281 1842; x_wconf 74' lang='grc' dir='ltr'>εἰρημένων,</span> <span class='ocrx_word' id='word_1_113' title='bbox 1319 1773 1392 1835; x_wconf 84' lang='grc' dir='ltr'>ὡς</span> <span class='ocrx_word' id='word_1_114' title='bbox 1420 1773 1550 1842; x_wconf 87' lang='grc' dir='ltr'>μήτε</span> <span class='ocrx_word' id='word_1_115' title='bbox 1576 1773 1633 1824; x_wconf 80' lang='grc' dir='ltr'>ὲν</span> 
     </span>
    </p>
   </div>
   <div class='ocr_carea' id='block_1_17' title="bbox 965 386 2387 463">
    <p class='ocr_par' dir='ltr' id='par_1_17' title="bbox 965 386 2387 463">
     <span class='ocr_line' id='line_1_17' title="bbox 965 386 2387 463; baseline -0.001 -3"><span class='ocrx_word' id='word_1_116' title='bbox 965 390 1594 463; x_wconf 76' lang='lat' dir='ltr'><strong>DEHONSTRATIONIS</strong></span> <span class='ocrx_word' id='word_1_117' title='bbox 1630 386 2080 463; x_wconf 66' lang='lat' dir='ltr'><strong>sum;th</strong></span> <span class='ocrx_word' id='word_1_118' title='bbox 2114 387 2242 453; x_wconf 80' lang='lat' dir='ltr'><strong>LIB.</strong></span> <span class='ocrx_word' id='word_1_119' title='bbox 2280 400 2387 461; x_wconf 80' lang='lat' dir='ltr'><strong>vn.</strong></span> 
     </span>
    </p>
   </div>
   <div class='ocr_carea' id='block_1_18' title="bbox 1738 520 3253 597">
    <p class='ocr_par' dir='ltr' id='par_1_18' title="bbox 1738 520 3253 597">
     <span class='ocr_line' id='line_1_18' title="bbox 1738 520 3253 597; baseline 0.003 -19"><span class='ocrx_word' id='word_1_120' title='bbox 1738 527 1942 580; x_wconf 88' lang='lat' dir='ltr'><strong>ratione</strong></span> <span class='ocrx_word' id='word_1_121' title='bbox 1972 527 2278 583; x_wconf 81' lang='lat' dir='ltr'><strong>temporum</strong></span> <span class='ocrx_word' id='word_1_122' title='bbox 2328 520 2597 577; x_wconf 82' lang='lat' dir='ltr'><strong>Ezechias.</strong></span> <span class='ocrx_word' id='word_1_123' title='bbox 2648 524 2770 579; x_wconf 61' lang='lat' dir='ltr'><strong>Haec</strong></span> <span class='ocrx_word' id='word_1_124' title='bbox 2797 526 2936 583; x_wconf 87' lang='lat' dir='ltr'><strong>enim</strong></span> <span class='ocrx_word' id='word_1_125' title='bbox 2986 527 3103 597; x_wconf 92' lang='lat' dir='ltr'><strong>ipso</strong></span> <span class='ocrx_word' id='word_1_126' title='bbox 3140 528 3253 596; x_wconf 85' lang='lat' dir='ltr'><strong>jam</strong></span> 
     </span>
    </p>
   </div>
   <div class='ocr_carea' id='block_1_19' title="bbox 1736 606 3256 684">
    <p class='ocr_par' dir='ltr' id='par_1_19' title="bbox 1736 606 3256 684">
     <span class='ocr_line' id='line_1_19' title="bbox 1736 606 3256 684; baseline 0.001 -15"><span class='ocrx_word' id='word_1_127' title='bbox 1736 624 1847 669; x_wconf 90' lang='lat' dir='ltr'><strong>tum</strong></span> <span class='ocrx_word' id='word_1_128' title='bbox 1874 620 2024 684; x_wconf 88' lang='lat' dir='ltr'><strong>patre</strong></span> <span class='ocrx_word' id='word_1_129' title='bbox 2046 606 2225 662; x_wconf 76' lang='lat' dir='ltr'><strong>Achaz</strong></span> <span class='ocrx_word' id='word_1_130' title='bbox 2254 621 2511 682; x_wconf 83' lang='lat' dir='ltr'><strong>regnante</strong></span> <span class='ocrx_word' id='word_1_131' title='bbox 2539 614 2712 668; x_wconf 80' lang='lat' dir='ltr'><strong>futura</strong></span> <span class='ocrx_word' id='word_1_132' title='bbox 2742 617 3089 672; x_wconf 76' lang='lat' dir='ltr'><strong>canebantur.</strong></span> <span class='ocrx_word' id='word_1_133' title='bbox 3123 615 3256 671; x_wconf 46' lang='lat' dir='ltr'><strong>Eze‘</strong></span> 
     </span>
    </p>
   </div>
   <div class='ocr_carea' id='block_1_20' title="bbox 1736 704 3252 774">
    <p class='ocr_par' dir='ltr' id='par_1_20' title="bbox 1736 704 3252 774">
     <span class='ocr_line' id='line_1_20' title="bbox 1736 704 3252 774; baseline 0.003 -17"><span class='ocrx_word' id='word_1_134' title='bbox 1736 704 1908 759; x_wconf 84' lang='lat' dir='ltr'><strong>chiam</strong></span> <span class='ocrx_word' id='word_1_135' title='bbox 1945 713 2069 755; x_wconf 82' lang='lat' dir='ltr'><strong>vero</strong></span> <span class='ocrx_word' id='word_1_136' title='bbox 2095 704 2377 768; x_wconf 84' lang='lat' dir='ltr'><strong>antequam</strong></span> <span class='ocrx_word' id='word_1_137' title='bbox 2406 716 2622 769; x_wconf 83' lang='lat' dir='ltr'><strong>regnum</strong></span> <span class='ocrx_word' id='word_1_138' title='bbox 2648 705 2908 771; x_wconf 84' lang='lat' dir='ltr'><strong>acceperit</strong></span> <span class='ocrx_word' id='word_1_139' title='bbox 2935 704 3131 767; x_wconf 75' lang='lat' dir='ltr'><strong>Acbaz,</strong></span> <span class='ocrx_word' id='word_1_140' title='bbox 3159 720 3252 774; x_wconf 83' lang='lat' dir='ltr'><strong>ge-</strong></span> 
     </span>
    </p>
   </div>
   <div class='ocr_carea' id='block_1_21' title="bbox 1736 790 3248 863">
    <p class='ocr_par' dir='ltr' id='par_1_21' title="bbox 1736 790 3248 863">
     <span class='ocr_line' id='line_1_21' title="bbox 1736 790 3248 863; baseline 0.001 -17"><span class='ocrx_word' id='word_1_141' title='bbox 1736 794 1902 847; x_wconf 82' lang='lat' dir='ltr'><strong>nitum</strong></span> <span class='ocrx_word' id='word_1_142' title='bbox 1936 804 2056 846; x_wconf 88' lang='lat' dir='ltr'><strong>esse</strong></span> <span class='ocrx_word' id='word_1_143' title='bbox 2091 800 2325 844; x_wconf 81' lang='lat' dir='ltr'><strong>constat.</strong></span> <span class='ocrx_word' id='word_1_144' title='bbox 2361 790 2512 856; x_wconf 84' lang='lat' dir='ltr'><strong>Quod</strong></span> <span class='ocrx_word' id='word_1_145' title='bbox 2545 791 2591 845; x_wconf 91' lang='lat' dir='ltr'><strong>si</strong></span> <span class='ocrx_word' id='word_1_146' title='bbox 2643 795 2709 844; x_wconf 86' lang='lat' dir='ltr'><strong>ad</strong></span> <span class='ocrx_word' id='word_1_147' title='bbox 2752 792 2893 845; x_wconf 87' lang='lat' dir='ltr'><strong>hunc</strong></span> <span class='ocrx_word' id='word_1_148' title='bbox 2932 807 2992 846; x_wconf 82' lang='lat' dir='ltr'><strong>ea</strong></span> <span class='ocrx_word' id='word_1_149' title='bbox 3027 808 3143 863; x_wconf 67' lang='lat' dir='ltr'><strong>qua</strong></span> <span class='ocrx_word' id='word_1_150' title='bbox 3183 794 3248 847; x_wconf 86' lang='lat' dir='ltr'><strong>ad</strong></span> 
     </span>
    </p>
   </div>
   <div class='ocr_carea' id='block_1_22' title="bbox 1736 881 3249 951">
    <p class='ocr_par' dir='ltr' id='par_1_22' title="bbox 1736 881 3249 951">
     <span class='ocr_line' id='line_1_22' title="bbox 1736 881 3249 951; baseline 0.001 -17"><span class='ocrx_word' id='word_1_151' title='bbox 1736 883 2066 951; x_wconf 87' lang='lat' dir='ltr'><strong>propositum</strong></span> <span class='ocrx_word' id='word_1_152' title='bbox 2116 881 2396 934; x_wconf 83' lang='lat' dir='ltr'><strong>oraculum</strong></span> <span class='ocrx_word' id='word_1_153' title='bbox 2452 882 2737 950; x_wconf 83' lang='lat' dir='ltr'><strong>pertinent,</strong></span> <span class='ocrx_word' id='word_1_154' title='bbox 2795 882 3012 938; x_wconf 87' lang='lat' dir='ltr'><strong>minime</strong></span> <span class='ocrx_word' id='word_1_155' title='bbox 3060 883 3249 938; x_wconf 78' lang='lat' dir='ltr'><strong>referri</strong></span> 
     </span>
    </p>
   </div>
   <div class='ocr_carea' id='block_1_23' title="bbox 1734 970 3248 1043">
    <p class='ocr_par' dir='ltr' id='par_1_23' title="bbox 1734 970 3248 1043">
     <span class='ocr_line' id='line_1_23' title="bbox 1734 970 3248 1043; baseline 0.003 -20"><span class='ocrx_word' id='word_1_156' title='bbox 1734 982 1978 1041; x_wconf 83' lang='lat' dir='ltr'><strong>possunt,</strong></span> <span class='ocrx_word' id='word_1_157' title='bbox 2009 970 2176 1023; x_wconf 90' lang='lat' dir='ltr'><strong>multo</strong></span> <span class='ocrx_word' id='word_1_158' title='bbox 2208 971 2385 1043; x_wconf 84' lang='lat' dir='ltr'><strong>minus</strong></span> <span class='ocrx_word' id='word_1_159' title='bbox 2428 972 2492 1025; x_wconf 86' lang='lat' dir='ltr'><strong>ad</strong></span> <span class='ocrx_word' id='word_1_160' title='bbox 2523 971 2682 1024; x_wconf 86' lang='lat' dir='ltr'><strong>alium</strong></span> <span class='ocrx_word' id='word_1_161' title='bbox 2714 972 3012 1041; x_wconf 77' lang='lat' dir='ltr'><strong>quempiam</strong></span> <span class='ocrx_word' id='word_1_162' title='bbox 3040 988 3248 1036; x_wconf 86' lang='lat' dir='ltr'><strong>eorum,</strong></span> 
     </span>
    </p>
   </div>
   <div class='ocr_carea' id='block_1_24' title="bbox 1734 1060 3244 1130">
    <p class='ocr_par' dir='ltr' id='par_1_24' title="bbox 1734 1060 3244 1130">
     <span class='ocr_line' id='line_1_24' title="bbox 1734 1060 3244 1130; baseline 0.001 -16"><span class='ocrx_word' id='word_1_163' title='bbox 1734 1062 1822 1129; x_wconf 90' lang='lat' dir='ltr'><strong>qui</strong></span> <span class='ocrx_word' id='word_1_164' title='bbox 1846 1061 1981 1128; x_wconf 89' lang='lat' dir='ltr'><strong>apud</strong></span> <span class='ocrx_word' id='word_1_165' title='bbox 2006 1061 2214 1115; x_wconf 66' lang='lat' dir='ltr'><strong>Judaaos</strong></span> <span class='ocrx_word' id='word_1_166' title='bbox 2236 1068 2352 1128; x_wconf 89' lang='lat' dir='ltr'><strong>post</strong></span> <span class='ocrx_word' id='word_1_167' title='bbox 2370 1060 2658 1130; x_wconf 68' lang='lat' dir='ltr'><strong>prophetia:</strong></span> <span class='ocrx_word' id='word_1_168' title='bbox 2675 1068 2911 1129; x_wconf 86' lang='lat' dir='ltr'><strong>tempora</strong></span> <span class='ocrx_word' id='word_1_169' title='bbox 2927 1063 3244 1126; x_wconf 80' lang='lat' dir='ltr'><strong>exstiterint,</strong></span> 
     </span>
    </p>
   </div>
   <div class='ocr_carea' id='block_1_25' title="bbox 1734 1150 3249 1219">
    <p class='ocr_par' dir='ltr' id='par_1_25' title="bbox 1734 1150 3249 1219">
     <span class='ocr_line' id='line_1_25' title="bbox 1734 1150 3249 1219; baseline 0.002 -17"><span class='ocrx_word' id='word_1_170' title='bbox 1734 1158 2082 1219; x_wconf 70' lang='lat' dir='ltr'><strong>prazterquam</strong></span> <span class='ocrx_word' id='word_1_171' title='bbox 2117 1150 2183 1203; x_wconf 88' lang='lat' dir='ltr'><strong>ad</strong></span> <span class='ocrx_word' id='word_1_172' title='bbox 2220 1157 2393 1203; x_wconf 89' lang='lat' dir='ltr'><strong>ortum</strong></span> <span class='ocrx_word' id='word_1_173' title='bbox 2423 1151 2560 1218; x_wconf 83' lang='lat' dir='ltr'><strong>ejus,</strong></span> <span class='ocrx_word' id='word_1_174' title='bbox 2593 1153 2681 1218; x_wconf 87' lang='lat' dir='ltr'><strong>qui</strong></span> <span class='ocrx_word' id='word_1_175' title='bbox 2716 1164 2893 1204; x_wconf 82' lang='lat' dir='ltr'><strong>verus.</strong></span> <span class='ocrx_word' id='word_1_176' title='bbox 2919 1158 3002 1205; x_wconf 86' lang='lat' dir='ltr'><strong>est</strong></span> <span class='ocrx_word' id='word_1_177' title='bbox 3041 1150 3249 1205; x_wconf 85' lang='lat' dir='ltr'><strong>Emma-</strong></span> 
     </span>
    </p>
   </div>
   <div class='ocr_carea' id='block_1_26' title="bbox 1740 1238 3249 1307">
    <p class='ocr_par' dir='ltr' id='par_1_26' title="bbox 1740 1238 3249 1307">
     <span class='ocr_line' id='line_1_26' title="bbox 1740 1238 3249 1307; baseline -0.001 -13"><span class='ocrx_word' id='word_1_178' title='bbox 1740 1240 1885 1301; x_wconf 89' lang='lat' dir='ltr'><strong>nuel,</strong></span> <span class='ocrx_word' id='word_1_179' title='bbox 1932 1239 2093 1307; x_wconf 78' lang='lat'><strong>318</strong></span> <span class='ocrx_word' id='word_1_180' title='bbox 2122 1239 2223 1293; x_wconf 89' lang='lat' dir='ltr'><strong>hoc</strong></span> <span class='ocrx_word' id='word_1_181' title='bbox 2251 1247 2333 1292; x_wconf 91' lang='lat' dir='ltr'><strong>est</strong></span> <span class='ocrx_word' id='word_1_182' title='bbox 2364 1239 2478 1306; x_wconf 86' lang='lat' dir='ltr'><strong>ejus</strong></span> <span class='ocrx_word' id='word_1_183' title='bbox 2496 1240 2585 1307; x_wconf 89' lang='lat' dir='ltr'><strong>qui</strong></span> <span class='ocrx_word' id='word_1_184' title='bbox 2627 1238 2887 1293; x_wconf 60' lang='lat' dir='ltr'><strong>exstiterit</strong></span> <span class='ocrx_word' id='word_1_185' title='bbox 2919 1253 3040 1292; x_wconf 81' lang='lat' dir='ltr'><strong>vere</strong></span> <span class='ocrx_word' id='word_1_186' title='bbox 3069 1239 3249 1292; x_wconf 88' lang='lat' dir='ltr'><strong>nobis-</strong></span> 
     </span>
    </p>
   </div>
   <div class='ocr_carea' id='block_1_27' title="bbox 1733 1326 3247 1391">
    <p class='ocr_par' dir='ltr' id='par_1_27' title="bbox 1733 1326 3247 1391">
     <span class='ocr_line' id='line_1_27' title="bbox 1733 1326 3247 1391; baseline -0.001 -9"><span class='ocrx_word' id='word_1_187' title='bbox 1733 1343 1853 1382; x_wconf 89' lang='lat' dir='ltr'><strong>cum</strong></span> <span class='ocrx_word' id='word_1_188' title='bbox 1884 1327 2043 1391; x_wconf 86' lang='lat' dir='ltr'><strong>Deus,</strong></span> <span class='ocrx_word' id='word_1_189' title='bbox 2076 1336 2127 1382; x_wconf 92' lang='lat' dir='ltr'><strong>et</strong></span> <span class='ocrx_word' id='word_1_190' title='bbox 2156 1328 2220 1381; x_wconf 86' lang='lat' dir='ltr'><strong>ad</strong></span> <span class='ocrx_word' id='word_1_191' title='bbox 2249 1344 2412 1380; x_wconf 92' lang='lat' dir='ltr'><strong>unum</strong></span> <span class='ocrx_word' id='word_1_192' title='bbox 2447 1326 2740 1382; x_wconf 87' lang='lat' dir='ltr'><strong>Salvatoris</strong></span> <span class='ocrx_word' id='word_1_193' title='bbox 2770 1329 2939 1382; x_wconf 85' lang='lat' dir='ltr'><strong>nostri</strong></span> <span class='ocrx_word' id='word_1_194' title='bbox 2967 1327 3059 1382; x_wconf 90' lang='lat' dir='ltr'><strong>Dei</strong></span> <span class='ocrx_word' id='word_1_195' title='bbox 3088 1327 3247 1383; x_wconf 74' lang='lat' dir='ltr'><strong>Verbi</strong></span> 
     </span>
    </p>
   </div>
   <div class='ocr_carea' id='block_1_28' title="bbox 1733 1417 3246 1485">
    <p class='ocr_par' dir='ltr' id='par_1_28' title="bbox 1733 1417 3246 1485">
     <span class='ocr_line' id='line_1_28' title="bbox 1733 1417 3246 1485; baseline 0 -15"><span class='ocrx_word' id='word_1_196' title='bbox 1733 1418 1797 1472; x_wconf 89' lang='lat' dir='ltr'><strong>ad</strong></span> <span class='ocrx_word' id='word_1_197' title='bbox 1824 1417 2065 1471; x_wconf 87' lang='lat' dir='ltr'><strong>homines</strong></span> <span class='ocrx_word' id='word_1_198' title='bbox 2090 1431 2399 1470; x_wconf 87' lang='lat' dir='ltr'><strong>accessum:</strong></span> <span class='ocrx_word' id='word_1_199' title='bbox 2440 1417 2649 1471; x_wconf 87' lang='lat' dir='ltr'><strong>duobus</strong></span> <span class='ocrx_word' id='word_1_200' title='bbox 2676 1417 2814 1471; x_wconf 88' lang='lat' dir='ltr'><strong>enim</strong></span> <span class='ocrx_word' id='word_1_201' title='bbox 2853 1417 3078 1471; x_wconf 87' lang='lat' dir='ltr'><strong>sublatis</strong></span> <span class='ocrx_word' id='word_1_202' title='bbox 3104 1418 3246 1485; x_wconf 83' lang='lat' dir='ltr'><strong>regi-</strong></span> 
     </span>
    </p>
   </div>
   <div class='ocr_carea' id='block_1_29' title="bbox 1732 1505 3246 1568">
    <p class='ocr_par' dir='ltr' id='par_1_29' title="bbox 1732 1505 3246 1568">
     <span class='ocr_line' id='line_1_29' title="bbox 1732 1505 3246 1568; baseline -0.001 -7"><span class='ocrx_word' id='word_1_203' title='bbox 1732 1506 1852 1568; x_wconf 88' lang='lat' dir='ltr'><strong>bus,</strong></span> <span class='ocrx_word' id='word_1_204' title='bbox 1892 1507 2102 1561; x_wconf 86' lang='lat' dir='ltr'><strong>deserta</strong></span> <span class='ocrx_word' id='word_1_205' title='bbox 2147 1515 2199 1559; x_wconf 90' lang='lat' dir='ltr'><strong>et</strong></span> <span class='ocrx_word' id='word_1_206' title='bbox 2240 1507 2352 1560; x_wconf 90' lang='lat' dir='ltr'><strong>sola</strong></span> <span class='ocrx_word' id='word_1_207' title='bbox 2401 1506 2583 1560; x_wconf 89' lang='lat' dir='ltr'><strong>relicta</strong></span> <span class='ocrx_word' id='word_1_208' title='bbox 2629 1514 2711 1560; x_wconf 90' lang='lat' dir='ltr'><strong>est</strong></span> <span class='ocrx_word' id='word_1_209' title='bbox 2747 1505 3050 1561; x_wconf 68' lang='lat' dir='ltr'><strong>Judzeorum</strong></span> <span class='ocrx_word' id='word_1_210' title='bbox 3081 1515 3246 1567; x_wconf 89' lang='lat' dir='ltr'><strong>terra,</strong></span> 
     </span>
    </p>
   </div>
   <div class='ocr_carea' id='block_1_30' title="bbox 1733 1594 3249 1663">
    <p class='ocr_par' dir='ltr' id='par_1_30' title="bbox 1733 1594 3249 1663">
     <span class='ocr_line' id='line_1_30' title="bbox 1733 1594 3249 1663; baseline -0.001 -12"><span class='ocrx_word' id='word_1_211' title='bbox 1733 1597 1869 1651; x_wconf 89' lang='lat' dir='ltr'><strong>sicut</strong></span> <span class='ocrx_word' id='word_1_212' title='bbox 1893 1596 2165 1651; x_wconf 87' lang='lat' dir='ltr'><strong>oraculum</strong></span> <span class='ocrx_word' id='word_1_213' title='bbox 2188 1596 2262 1648; x_wconf 88' lang='lat' dir='ltr'><strong>ait</strong></span> <span class='ocrx_word' id='word_1_214' title='bbox 2285 1595 2542 1658; x_wconf 80' lang='lat' dir='ltr'><strong>futurum,</strong></span> <span class='ocrx_word' id='word_1_215' title='bbox 2575 1595 2757 1649; x_wconf 88' lang='lat' dir='ltr'><strong>dicens</strong></span> <span class='ocrx_word' id='word_1_216' title='bbox 2783 1614 2797 1649; x_wconf 87' lang='lat'><strong>:</strong></span> <span class='ocrx_word' id='word_1_217' title='bbox 2826 1613 2845 1645; x_wconf 91' lang='lat'><strong>«</strong></span> <span class='ocrx_word' id='word_1_218' title='bbox 2902 1594 3249 1663; x_wconf 83' lang='lat' dir='ltr'><strong>Relinquetur</strong></span> 
     </span>
    </p>
   </div>
   <div class='ocr_carea' id='block_1_31' title="bbox 1731 1678 3249 1750">
    <p class='ocr_par' dir='ltr' id='par_1_31' title="bbox 1731 1678 3249 1750">
     <span class='ocr_line' id='line_1_31' title="bbox 1731 1678 3249 1750; baseline -0.003 -14"><span class='ocrx_word' id='word_1_219' title='bbox 1731 1690 1872 1736; x_wconf 89' lang='lat' dir='ltr'><strong>terra</strong></span> <span class='ocrx_word' id='word_1_220' title='bbox 1902 1697 1931 1734; x_wconf 87' lang='lat' dir='ltr'><strong>a</strong></span> <span class='ocrx_word' id='word_1_221' title='bbox 1962 1681 2093 1735; x_wconf 76' lang='lat' dir='ltr'><strong>facie</strong></span> <span class='ocrx_word' id='word_1_222' title='bbox 2118 1681 2342 1735; x_wconf 88' lang='lat' dir='ltr'><strong>duorum</strong></span> <span class='ocrx_word' id='word_1_223' title='bbox 2374 1695 2590 1750; x_wconf 82' lang='lat' dir='ltr'><strong>regum;</strong></span> <span class='ocrx_word' id='word_1_224' title='bbox 2631 1699 2650 1731; x_wconf 75' lang='grc' dir='ltr'><strong>ι</strong></span> <span class='ocrx_word' id='word_1_225' title='bbox 2674 1678 2815 1748; x_wconf 91' lang='lat' dir='ltr'><strong>quod</strong></span> <span class='ocrx_word' id='word_1_226' title='bbox 2838 1679 3049 1748; x_wconf 84' lang='lat' dir='ltr'><strong>quidem</strong></span> <span class='ocrx_word' id='word_1_227' title='bbox 3070 1679 3249 1747; x_wconf 86' lang='lat' dir='ltr'><strong>ipsum</strong></span> 
     </span>
    </p>
   </div>
   <div class='ocr_carea' id='block_1_32' title="bbox 1730 1767 3248 1837">
    <p class='ocr_par' dir='ltr' id='par_1_32' title="bbox 1730 1767 3248 1837">
     <span class='ocr_line' id='line_1_32' title="bbox 1730 1767 3248 1837; baseline -0.002 -15"><span class='ocrx_word' id='word_1_228' title='bbox 1730 1771 1885 1823; x_wconf 85' lang='lat' dir='ltr'><strong>etiam</strong></span> <span class='ocrx_word' id='word_1_229' title='bbox 1914 1768 2067 1837; x_wconf 83' lang='lat' dir='ltr'><strong>plane</strong></span> <span class='ocrx_word' id='word_1_230' title='bbox 2098 1768 2163 1820; x_wconf 85' lang='lat' dir='ltr'><strong>ad</strong></span> <span class='ocrx_word' id='word_1_231' title='bbox 2192 1768 2409 1821; x_wconf 79' lang='lat' dir='ltr'><strong>verbum</strong></span> <span class='ocrx_word' id='word_1_232' title='bbox 2454 1767 2533 1820; x_wconf 88' lang='lat' dir='ltr'><strong>sic</strong></span> <span class='ocrx_word' id='word_1_233' title='bbox 2573 1767 3038 1820; x_wconf 77' lang='lat' dir='ltr'><strong>«lt-monstrabitur.</strong></span> <span class='ocrx_word' id='word_1_234' title='bbox 3087 1767 3248 1820; x_wconf 89' lang='lat' dir='ltr'><strong>Tem-</strong></span> 
     </span>
    </p>
   </div>
   <div class='ocr_carea' id='block_1_33' title="bbox 125 1847 1633 1933">
    <p class='ocr_par' dir='ltr' id='par_1_33' title="bbox 125 1861 1626 1933">
     <span class='ocr_line' id='line_1_33' title="bbox 125 1861 1626 1933; baseline 0.002 -20"><span class='ocrx_word' id='word_1_235' title='bbox 125 1861 387 1930; x_wconf 77' lang='grc' dir='ltr'>Δαμασκῷ,</span> <span class='ocrx_word' id='word_1_236' title='bbox 437 1864 573 1930; x_wconf 87' lang='grc' dir='ltr'>μήτε</span> <span class='ocrx_word' id='word_1_237' title='bbox 617 1863 675 1914; x_wconf 87' lang='grc' dir='ltr'>ὲν</span> <span class='ocrx_word' id='word_1_238' title='bbox 714 1865 777 1931; x_wconf 82' lang='grc' dir='ltr'>τῇ</span> <span class='ocrx_word' id='word_1_239' title='bbox 816 1862 1055 1933; x_wconf 74' lang='grc' dir='ltr'>Ἰουδαίᾳ,</span> <span class='ocrx_word' id='word_1_240' title='bbox 1104 1863 1221 1916; x_wconf 78' lang='grc' dir='ltr'>καθ’</span> <span class='ocrx_word' id='word_1_241' title='bbox 1249 1866 1390 1933; x_wconf 79' lang='grc' dir='ltr'>ἡμᾶς</span> <span class='ocrx_word' id='word_1_242' title='bbox 1437 1864 1626 1927; x_wconf 77' lang='grc' dir='ltr'>αὐτοὺς</span> 
     </span>
    </p>
   </div>
   <div class='ocr_carea' id='block_1_34' title="bbox 1718 1847 3250 1933">
    <p class='ocr_par' dir='ltr' id='par_1_34' title="bbox 1723 1853 3250 1930">
     <span class='ocr_line' id='line_1_34' title="bbox 1723 1853 3250 1930; baseline -0.004 -16"><span class='ocrx_word' id='word_1_243' title='bbox 1723 1860 1940 1930; x_wconf 90' lang='lat' dir='ltr'><strong>poribus</strong></span> <span class='ocrx_word' id='word_1_244' title='bbox 1967 1859 2105 1913; x_wconf 90' lang='lat' dir='ltr'><strong>enim</strong></span> <span class='ocrx_word' id='word_1_245' title='bbox 2156 1858 2296 1926; x_wconf 83' lang='lat' dir='ltr'><strong>regis</strong></span> <span class='ocrx_word' id='word_1_246' title='bbox 2328 1856 2524 1919; x_wconf 84' lang='lat' dir='ltr'><strong>Achaz,</strong></span> <span class='ocrx_word' id='word_1_247' title='bbox 2555 1862 2607 1909; x_wconf 91' lang='lat' dir='ltr'><strong>et</strong></span> <span class='ocrx_word' id='word_1_248' title='bbox 2642 1853 2787 1909; x_wconf 84' lang='lat' dir='ltr'><strong>Isaiae</strong></span> <span class='ocrx_word' id='word_1_249' title='bbox 2809 1856 2900 1911; x_wconf 83' lang='lat' dir='ltr'><strong>ﬁlii</strong></span> <span class='ocrx_word' id='word_1_250' title='bbox 2930 1856 3111 1916; x_wconf 79' lang='lat' dir='ltr'><strong>Amos,</strong></span> <span class='ocrx_word' id='word_1_251' title='bbox 3134 1857 3250 1925; x_wconf 88' lang='lat' dir='ltr'><strong>qui-</strong></span> 
     </span>
    </p>
   </div>
   <div class='ocr_carea' id='block_1_35' title="bbox 126 1950 1628 2024">
    <p class='ocr_par' dir='ltr' id='par_1_35' title="bbox 126 1950 1628 2024">
     <span class='ocr_line' id='line_1_35' title="bbox 126 1950 1628 2024; baseline 0.004 -23"><span class='ocrx_word' id='word_1_252' title='bbox 126 1950 374 2016; x_wconf 70' lang='grc' dir='ltr'>φαίνεσθαι</span> <span class='ocrx_word' id='word_1_253' title='bbox 425 1950 645 2019; x_wconf 83' lang='grc' dir='ltr'>βασιλέα</span> <span class='ocrx_word' id='word_1_254' title='bbox 668 1989 684 2013; x_wconf 93' lang='grc'><strong>,</strong></span> <span class='ocrx_word' id='word_1_255' title='bbox 747 1951 1001 2020; x_wconf 82' lang='grc' dir='ltr'>πρόδηλον</span> <span class='ocrx_word' id='word_1_256' title='bbox 1042 1953 1115 2015; x_wconf 83' lang='grc' dir='ltr'>ὡς</span> <span class='ocrx_word' id='word_1_257' title='bbox 1148 1953 1327 2017; x_wconf 83' lang='grc' dir='ltr'>τέλους</span> <span class='ocrx_word' id='word_1_258' title='bbox 1371 1953 1523 2024; x_wconf 78' lang='grc' dir='ltr'>ἔτυχε</span> <span class='ocrx_word' id='word_1_259' title='bbox 1570 1956 1628 2007; x_wconf 77' lang='grc' dir='ltr'>τὸ</span> 
     </span>
    </p>
   </div>
   <div class='ocr_carea' id='block_1_36' title="bbox 124 2036 1630 2108">
    <p class='ocr_par' dir='ltr' id='par_1_36' title="bbox 124 2036 1630 2108">
     <span class='ocr_line' id='line_1_36' title="bbox 124 2036 1630 2108; baseline 0.002 -21"><span class='ocrx_word' id='word_1_260' title='bbox 124 2036 278 2103; x_wconf 78' lang='grc' dir='ltr'>λόγιον</span> <span class='ocrx_word' id='word_1_261' title='bbox 322 2038 527 2106; x_wconf 81' lang='grc' dir='ltr'>φῆσαν·</span> <span class='ocrx_word' id='word_1_262' title='bbox 590 2055 608 2087; x_wconf 93' lang='lat'><strong>«</strong></span> <span class='ocrx_word' id='word_1_263' title='bbox 641 2038 750 2089; x_wconf 82' lang='grc' dir='ltr'><strong>Καὶ</strong></span> <span class='ocrx_word' id='word_1_264' title='bbox 805 2037 1277 2108; x_wconf 61' lang='grc' dir='ltr'>καταλειφθήσεται</span> <span class='ocrx_word' id='word_1_265' title='bbox 1332 2041 1364 2108; x_wconf 87' lang='grc' dir='ltr'><strong>ή</strong></span> <span class='ocrx_word' id='word_1_266' title='bbox 1406 2039 1476 2108; x_wconf 84' lang='grc' dir='ltr'>γῆ</span> <span class='ocrx_word' id='word_1_267' title='bbox 1524 2038 1630 2091; x_wconf 85' lang='grc' dir='ltr'><strong>ἀπὸ</strong></span> 
     </span>
    </p>
   </div>
   <div class='ocr_carea' id='block_1_37' title="bbox 126 2120 1629 2199">
    <p class='ocr_par' dir='ltr' id='par_1_37' title="bbox 126 2120 1629 2199">
     <span class='ocr_line' id='line_1_37' title="bbox 126 2120 1629 2199; baseline 0.001 -24"><span class='ocrx_word' id='word_1_268' title='bbox 126 2122 378 2194; x_wconf 80' lang='grc' dir='ltr'>προσώπου</span> <span class='ocrx_word' id='word_1_269' title='bbox 427 2125 532 2176; x_wconf 87' lang='grc' dir='ltr'>τῶν</span> <span class='ocrx_word' id='word_1_270' title='bbox 572 2124 667 2176; x_wconf 79' lang='grc' dir='ltr'>δύο</span> <span class='ocrx_word' id='word_1_271' title='bbox 728 2124 1018 2194; x_wconf 79' lang='grc' dir='ltr'>βασιλέων,</span> <span class='ocrx_word' id='word_1_272' title='bbox 1066 2120 1140 2179; x_wconf 81' lang='grc' dir='ltr'><strong>ὧν</strong></span> <span class='ocrx_word' id='word_1_273' title='bbox 1183 2127 1245 2178; x_wconf 81' lang='grc' dir='ltr'>σὺ</span> <span class='ocrx_word' id='word_1_274' title='bbox 1299 2126 1469 2199; x_wconf 58' lang='grc' dir='ltr'>(φθῇ,</span> <span class='ocrx_word' id='word_1_275' title='bbox 1523 2126 1629 2178; x_wconf 85' lang='grc' dir='ltr'><strong>ἀπὸ</strong></span> 
     </span>
    </p>
   </div>
   <div class='ocr_carea' id='block_1_38' title="bbox 123 2214 1630 2285">
    <p class='ocr_par' dir='ltr' id='par_1_38' title="bbox 123 2214 1630 2285">
     <span class='ocr_line' id='line_1_38' title="bbox 123 2214 1630 2285; baseline 0.002 -19"><span class='ocrx_word' id='word_1_276' title='bbox 123 2214 379 2285; x_wconf 80' lang='grc' dir='ltr'>προσώπου</span> <span class='ocrx_word' id='word_1_277' title='bbox 421 2215 596 2268; x_wconf 80' lang='grc' dir='ltr'>αὐτῶν</span> <span class='ocrx_word' id='word_1_278' title='bbox 623 2232 637 2245; x_wconf 82' lang='lat'><strong><em>°</em></strong></span> <span class='ocrx_word' id='word_1_279' title='bbox 672 2234 692 2266; x_wconf 85' lang='grc'><strong>›</strong></span> <span class='ocrx_word' id='word_1_280' title='bbox 746 2216 849 2268; x_wconf 86' lang='grc' dir='ltr'>τῶν</span> <span class='ocrx_word' id='word_1_281' title='bbox 898 2216 1182 2285; x_wconf 77' lang='grc' dir='ltr'>βασιλέων,</span> <span class='ocrx_word' id='word_1_282' title='bbox 1229 2217 1345 2269; x_wconf 76' lang='grc' dir='ltr'>ἀντὶ</span> <span class='ocrx_word' id='word_1_283' title='bbox 1385 2217 1489 2270; x_wconf 82' lang='grc' dir='ltr'><strong>τῶν</strong></span> <span class='ocrx_word' id='word_1_284' title='bbox 1538 2217 1630 2285; x_wconf 86' lang='grc' dir='ltr'><strong>βα·-</strong></span> 
     </span>
    </p>
   </div>
   <div class='ocr_carea' id='block_1_39' title="bbox 124 2305 1624 2376">
    <p class='ocr_par' dir='ltr' id='par_1_39' title="bbox 124 2305 1624 2376">
     <span class='ocr_line' id='line_1_39' title="bbox 124 2305 1624 2376; baseline 0.001 -19"><span class='ocrx_word' id='word_1_285' title='bbox 124 2305 309 2357; x_wconf 77' lang='grc' dir='ltr'>σιλειῶν</span> <span class='ocrx_word' id='word_1_286' title='bbox 348 2306 760 2375; x_wconf 84' lang='grc' dir='ltr'>ὠνομασμένων.</span> <span class='ocrx_word' id='word_1_287' title='bbox 830 2307 885 2357; x_wconf 89' lang='grc'><strong>’0</strong></span> <span class='ocrx_word' id='word_1_288' title='bbox 912 2306 1040 2373; x_wconf 81' lang='grc' dir='ltr'>γοῦν</span> <span class='ocrx_word' id='word_1_289' title='bbox 1095 2306 1378 2376; x_wconf 75' lang='grc' dir='ltr'>Σύμμαχος</span> <span class='ocrx_word' id='word_1_290' title='bbox 1430 2323 1624 2375; x_wconf 75' lang='grc' dir='ltr'>φησιν’</span> 
     </span>
    </p>
   </div>
   <div class='ocr_carea' id='block_1_40' title="bbox 129 2391 1625 2465">
    <p class='ocr_par' dir='ltr' id='par_1_40' title="bbox 129 2391 1625 2465">
     <span class='ocr_line' id='line_1_40' title="bbox 129 2391 1625 2465; baseline 0.002 -20"><span class='ocrx_word' id='word_1_291' title='bbox 129 2415 144 2445; x_wconf 82' lang='grc' dir='ltr'><strong>ι</strong></span> <span class='ocrx_word' id='word_1_292' title='bbox 181 2395 743 2465; x_wconf 80' lang='grc' dir='ltr'>Ἐγκαταλειφθήσεται</span> <span class='ocrx_word' id='word_1_293' title='bbox 790 2396 822 2464; x_wconf 84' lang='grc' dir='ltr'><strong>ἡ</strong></span> <span class='ocrx_word' id='word_1_294' title='bbox 869 2396 970 2464; x_wconf 84' lang='grc' dir='ltr'>γῆ,</span> <span class='ocrx_word' id='word_1_295' title='bbox 1011 2395 1100 2462; x_wconf 84' lang='grc' dir='ltr'><strong>ἀφ’</strong></span> <span class='ocrx_word' id='word_1_296' title='bbox 1139 2391 1205 2465; x_wconf 88' lang='grc' dir='ltr'>ἦς</span> <span class='ocrx_word' id='word_1_297' title='bbox 1252 2398 1315 2448; x_wconf 86' lang='grc' dir='ltr'>σὺ</span> <span class='ocrx_word' id='word_1_298' title='bbox 1361 2398 1625 2463; x_wconf 81' lang='grc' dir='ltr'>ὲγκακεῖς,</span> 
     </span>
    </p>
   </div>
   <div class='ocr_carea' id='block_1_41' title="bbox 121 2483 1627 2555">
    <p class='ocr_par' dir='ltr' id='par_1_41' title="bbox 121 2483 1627 2555">
     <span class='ocr_line' id='line_1_41' title="bbox 121 2483 1627 2555; baseline 0.002 -20"><span class='ocrx_word' id='word_1_299' title='bbox 121 2483 209 2535; x_wconf 61' lang='lat' dir='ltr'><strong>dab</strong></span> <span class='ocrx_word' id='word_1_300' title='bbox 252 2483 527 2552; x_wconf 81' lang='grc' dir='ltr'>προσώπου</span> <span class='ocrx_word' id='word_1_301' title='bbox 573 2483 683 2535; x_wconf 83' lang='grc' dir='ltr'><strong>τῶν</strong></span> <span class='ocrx_word' id='word_1_302' title='bbox 727 2484 819 2536; x_wconf 74' lang='grc' dir='ltr'>δύο</span> <span class='ocrx_word' id='word_1_303' title='bbox 863 2483 1121 2552; x_wconf 86' lang='grc' dir='ltr'>βασιλέων</span> <span class='ocrx_word' id='word_1_304' title='bbox 1168 2485 1358 2555; x_wconf 83' lang='grc' dir='ltr'>αὐτῆς·</span> <span class='ocrx_word' id='word_1_305' title='bbox 1391 2504 1409 2535; x_wconf 75' lang='grc' dir='ltr'><strong>ι</strong></span> <span class='ocrx_word' id='word_1_306' title='bbox 1465 2488 1556 2537; x_wconf 81' lang='grc' dir='ltr'>καὶ</span> <span class='ocrx_word' id='word_1_307' title='bbox 1598 2488 1627 2538; x_wconf 84' lang='grc' dir='ltr'>ὁ</span> 
     </span>
    </p>
   </div>
   <div class='ocr_carea' id='block_1_42' title="bbox 130 2571 1625 2643">
    <p class='ocr_par' dir='ltr' id='par_1_42' title="bbox 130 2571 1625 2643">
     <span class='ocr_line' id='line_1_42' title="bbox 130 2571 1625 2643; baseline 0.002 -20"><span class='ocrx_word' id='word_1_308' title='bbox 130 2572 355 2634; x_wconf 63' lang='grc' dir='ltr'>Ἀκύλας·</span> <span class='ocrx_word' id='word_1_309' title='bbox 377 2590 394 2622; x_wconf 84' lang='grc' dir='ltr'><strong>ι</strong></span> <span class='ocrx_word' id='word_1_310' title='bbox 428 2571 1001 2642; x_wconf 82' lang='grc' dir='ltr'>Ἐγκαταλειφθήσεται</span> <span class='ocrx_word' id='word_1_311' title='bbox 1045 2575 1077 2642; x_wconf 84' lang='grc' dir='ltr'>ἡ</span> <span class='ocrx_word' id='word_1_312' title='bbox 1114 2572 1273 2641; x_wconf 85' lang='grc' dir='ltr'>χθὼν,</span> <span class='ocrx_word' id='word_1_313' title='bbox 1317 2574 1382 2643; x_wconf 79' lang='grc' dir='ltr'><strong>ήν</strong></span> <span class='ocrx_word' id='word_1_314' title='bbox 1414 2576 1475 2625; x_wconf 81' lang='grc' dir='ltr'>σὺ</span> <span class='ocrx_word' id='word_1_315' title='bbox 1509 2591 1625 2626; x_wconf 86' lang='grc' dir='ltr'>σικ-</span> 
     </span>
    </p>
   </div>
   <div class='ocr_carea' id='block_1_43' title="bbox 122 2660 1620 2731">
    <p class='ocr_par' dir='ltr' id='par_1_43' title="bbox 122 2660 1620 2731">
     <span class='ocr_line' id='line_1_43' title="bbox 122 2660 1620 2731; baseline 0.002 -19"><span class='ocrx_word' id='word_1_316' title='bbox 122 2662 327 2730; x_wconf 83' lang='grc' dir='ltr'>χαίνεις,</span> <span class='ocrx_word' id='word_1_317' title='bbox 357 2662 460 2713; x_wconf 74' lang='grc' dir='ltr'><strong>ἀπὸ</strong></span> <span class='ocrx_word' id='word_1_318' title='bbox 504 2660 793 2731; x_wconf 81' lang='grc' dir='ltr'>προσώπου</span> <span class='ocrx_word' id='word_1_319' title='bbox 833 2661 939 2713; x_wconf 86' lang='grc' dir='ltr'>τῶν</span> <span class='ocrx_word' id='word_1_320' title='bbox 975 2660 1066 2714; x_wconf 79' lang='grc' dir='ltr'>δύο</span> <span class='ocrx_word' id='word_1_321' title='bbox 1107 2661 1359 2731; x_wconf 87' lang='grc' dir='ltr'>βασιλέων</span> <span class='ocrx_word' id='word_1_322' title='bbox 1404 2663 1620 2731; x_wconf 74' lang='grc' dir='ltr'>αὑτῆς.ι</span> 
     </span>
    </p>
   </div>
   <div class='ocr_carea' id='block_1_44' title="bbox 122 2749 1620 2823">
    <p class='ocr_par' dir='ltr' id='par_1_44' title="bbox 122 2749 1620 2823">
     <span class='ocr_line' id='line_1_44' title="bbox 122 2749 1620 2823; baseline 0.002 -21"><span class='ocrx_word' id='word_1_323' title='bbox 122 2751 209 2802; x_wconf 76' lang='grc' dir='ltr'><strong>Καὶ</strong></span> <span class='ocrx_word' id='word_1_324' title='bbox 253 2750 579 2803; x_wconf 73' lang='grc' dir='ltr'>ὀθεοδοτὶων</span> <span class='ocrx_word' id='word_1_325' title='bbox 626 2751 683 2803; x_wconf 78' lang='grc' dir='ltr'>δὲ</span> <span class='ocrx_word' id='word_1_326' title='bbox 723 2749 907 2804; x_wconf 79' lang='grc' dir='ltr'>τοῦτον</span> <span class='ocrx_word' id='word_1_327' title='bbox 937 2752 1239 2821; x_wconf 77' lang='grc' dir='ltr'>ἡρμήνευσε</span> <span class='ocrx_word' id='word_1_328' title='bbox 1281 2753 1371 2804; x_wconf 85' lang='grc' dir='ltr'>τὸν</span> <span class='ocrx_word' id='word_1_329' title='bbox 1397 2753 1620 2823; x_wconf 85' lang='grc' dir='ltr'>τρόπον·</span> 
     </span>
    </p>
   </div>
   <div class='ocr_carea' id='block_1_45' title="bbox 124 2838 1624 2911">
    <p class='ocr_par' dir='ltr' id='par_1_45' title="bbox 124 2838 1624 2911">
     <span class='ocr_line' id='line_1_45' title="bbox 124 2838 1624 2911; baseline 0.005 -25"><span class='ocrx_word' id='word_1_330' title='bbox 124 2854 140 2886; x_wconf 90' lang='lat'><strong>«</strong></span> <span class='ocrx_word' id='word_1_331' title='bbox 174 2838 727 2908; x_wconf 74' lang='grc' dir='ltr'>Ἐγκαταλειφθήσεται</span> <span class='ocrx_word' id='word_1_332' title='bbox 767 2839 800 2908; x_wconf 89' lang='grc' dir='ltr'><strong>ή</strong></span> <span class='ocrx_word' id='word_1_333' title='bbox 838 2841 944 2908; x_wconf 83' lang='grc' dir='ltr'>γῆ,</span> <span class='ocrx_word' id='word_1_334' title='bbox 990 2840 1056 2909; x_wconf 81' lang='grc' dir='ltr'>ἢν</span> <span class='ocrx_word' id='word_1_335' title='bbox 1090 2841 1153 2892; x_wconf 83' lang='grc' dir='ltr'>σὺ</span> <span class='ocrx_word' id='word_1_336' title='bbox 1197 2839 1448 2911; x_wconf 82' lang='grc' dir='ltr'>βδελύσσῃ</span> <span class='ocrx_word' id='word_1_337' title='bbox 1469 2880 1483 2902; x_wconf 92' lang='grc'><strong>,</strong></span> <span class='ocrx_word' id='word_1_338' title='bbox 1517 2842 1624 2895; x_wconf 82' lang='grc' dir='ltr'><strong>ἀπὸ</strong></span> 
     </span>
    </p>
   </div>
   <div class='ocr_carea' id='block_1_46' title="bbox 121 2927 1624 3000">
    <p class='ocr_par' dir='ltr' id='par_1_46' title="bbox 121 2927 1624 3000">
     <span class='ocr_line' id='line_1_46' title="bbox 121 2927 1624 3000; baseline 0.005 -25"><span class='ocrx_word' id='word_1_339' title='bbox 121 2927 369 2995; x_wconf 79' lang='grc' dir='ltr'>προσώπου</span> <span class='ocrx_word' id='word_1_340' title='bbox 419 2928 525 2980; x_wconf 86' lang='grc' dir='ltr'><strong>τῶν</strong></span> <span class='ocrx_word' id='word_1_341' title='bbox 569 2927 663 2980; x_wconf 78' lang='grc' dir='ltr'>δύο</span> <span class='ocrx_word' id='word_1_342' title='bbox 702 2927 961 2996; x_wconf 82' lang='grc' dir='ltr'>βασιλέων</span> <span class='ocrx_word' id='word_1_343' title='bbox 992 2928 1176 2996; x_wconf 78' lang='grc' dir='ltr'>αὐτῆς.</span> <span class='ocrx_word' id='word_1_344' title='bbox 1215 2948 1234 2979; x_wconf 75' lang='grc' dir='ltr'><strong>ι</strong></span> <span class='ocrx_word' id='word_1_345' title='bbox 1294 2930 1452 3000; x_wconf 79' lang='grc' dir='ltr'>Ὁρᾷς</span> <span class='ocrx_word' id='word_1_346' title='bbox 1480 2932 1624 2993; x_wconf 78' lang='grc' dir='ltr'>ὅπως</span> 
     </span>
    </p>
   </div>
   <div class='ocr_carea' id='block_1_47' title="bbox 119 3014 1620 3086">
    <p class='ocr_par' dir='ltr' id='par_1_47' title="bbox 119 3014 1620 3086">
     <span class='ocr_line' id='line_1_47' title="bbox 119 3014 1620 3086; baseline 0.003 -21"><span class='ocrx_word' id='word_1_347' title='bbox 119 3014 196 3081; x_wconf 81' lang='grc' dir='ltr'>τὴν</span> <span class='ocrx_word' id='word_1_348' title='bbox 237 3016 334 3084; x_wconf 75' lang='grc' dir='ltr'>γῆν</span> <span class='ocrx_word' id='word_1_349' title='bbox 386 3016 903 3086; x_wconf 78' lang='grc' dir='ltr'>καταλειφθήσεσθαι</span> <span class='ocrx_word' id='word_1_350' title='bbox 958 3016 1299 3069; x_wconf 80' lang='grc' dir='ltr'>ὰὸασίλευτον</span> <span class='ocrx_word' id='word_1_351' title='bbox 1348 3017 1620 3083; x_wconf 74' lang='grc' dir='ltr'>θεσπίζεις</span> 
     </span>
    </p>
   </div>
   <div class='ocr_carea' id='block_1_48' title="bbox 121 3100 1622 3175">
    <p class='ocr_par' dir='ltr' id='par_1_48' title="bbox 121 3100 1622 3175">
     <span class='ocr_line' id='line_1_48' title="bbox 121 3100 1622 3175; baseline 0.005 -24"><span class='ocrx_word' id='word_1_352' title='bbox 121 3100 252 3155; x_wconf 81' lang='grc' dir='ltr'>Ποίαν</span> <span class='ocrx_word' id='word_1_353' title='bbox 278 3103 331 3155; x_wconf 84' lang='grc' dir='ltr'>δὲ</span> <span class='ocrx_word' id='word_1_354' title='bbox 363 3104 484 3172; x_wconf 82' lang='grc' dir='ltr'>γῆν,</span> <span class='ocrx_word' id='word_1_355' title='bbox 510 3104 543 3174; x_wconf 78' lang='grc' dir='ltr'><strong>ἢ</strong></span> <span class='ocrx_word' id='word_1_356' title='bbox 579 3104 676 3174; x_wconf 77' lang='grc' dir='ltr'>τὴν</span> <span class='ocrx_word' id='word_1_357' title='bbox 708 3103 816 3156; x_wconf 83' lang='grc' dir='ltr'><strong>τῶν</strong></span> <span class='ocrx_word' id='word_1_358' title='bbox 852 3104 1235 3174; x_wconf 77' lang='grc' dir='ltr'>Δαμασκηνῶν,</span> <span class='ocrx_word' id='word_1_359' title='bbox 1271 3105 1362 3156; x_wconf 81' lang='grc' dir='ltr'>καὶ</span> <span class='ocrx_word' id='word_1_360' title='bbox 1394 3106 1490 3175; x_wconf 85' lang='grc' dir='ltr'>τὴν</span> <span class='ocrx_word' id='word_1_361' title='bbox 1530 3103 1622 3159; x_wconf 78' lang='grc' dir='ltr'>τοῦ</span> 
     </span>
    </p>
   </div>
   <div class='ocr_carea' id='block_1_49' title="bbox 128 3190 1621 3266">
    <p class='ocr_par' dir='ltr' id='par_1_49' title="bbox 128 3190 1621 3266">
     <span class='ocr_line' id='line_1_49' title="bbox 128 3190 1621 3266; baseline 0.005 -25"><span class='ocrx_word' id='word_1_362' title='bbox 128 3191 337 3262; x_wconf 82' lang='grc' dir='ltr'>’1σραήλ;</span> <span class='ocrx_word' id='word_1_363' title='bbox 367 3194 565 3246; x_wconf 81' lang='grc' dir='ltr'>τούτων</span> <span class='ocrx_word' id='word_1_364' title='bbox 601 3195 709 3265; x_wconf 77' lang='grc' dir='ltr'><strong>γὰρ</strong></span> <span class='ocrx_word' id='word_1_365' title='bbox 735 3190 871 3265; x_wconf 81' lang='grc' dir='ltr'>ἦσαν</span> <span class='ocrx_word' id='word_1_366' title='bbox 903 3195 951 3246; x_wconf 73' lang='lat' dir='ltr'><strong>oi</strong></span> <span class='ocrx_word' id='word_1_367' title='bbox 988 3192 1076 3244; x_wconf 81' lang='grc' dir='ltr'>δύο</span> <span class='ocrx_word' id='word_1_368' title='bbox 1108 3193 1339 3262; x_wconf 81' lang='grc' dir='ltr'>βασιλεῖς</span> <span class='ocrx_word' id='word_1_369' title='bbox 1364 3235 1380 3261; x_wconf 91' lang='grc'><strong>,</strong></span> <span class='ocrx_word' id='word_1_370' title='bbox 1412 3197 1461 3249; x_wconf 79' lang='lat' dir='ltr'><strong>oi</strong></span> <span class='ocrx_word' id='word_1_371' title='bbox 1497 3196 1621 3266; x_wconf 79' lang='grc' dir='ltr'>περὶ</span> 
     </span>
    </p>
   </div>
   <div class='ocr_carea' id='block_1_50' title="bbox 117 3273 1623 3354">
    <p class='ocr_par' dir='ltr' id='par_1_50' title="bbox 117 3273 1623 3354">
     <span class='ocr_line' id='line_1_50' title="bbox 117 3273 1623 3354; baseline 0.004 -23"><span class='ocrx_word' id='word_1_372' title='bbox 117 3273 174 3331; x_wconf 74' lang='grc' dir='ltr'><strong>ὧν</strong></span> <span class='ocrx_word' id='word_1_373' title='bbox 193 3283 218 3333; x_wconf 84' lang='grc' dir='ltr'>ὁ</span> <span class='ocrx_word' id='word_1_374' title='bbox 241 3282 405 3349; x_wconf 75' lang='grc' dir='ltr'>λόγος’</span> <span class='ocrx_word' id='word_1_375' title='bbox 432 3278 504 3336; x_wconf 83' lang='grc' dir='ltr'>ὧν</span> <span class='ocrx_word' id='word_1_376' title='bbox 529 3286 559 3336; x_wconf 84' lang='grc' dir='ltr'>ὁ</span> <span class='ocrx_word' id='word_1_377' title='bbox 585 3283 760 3352; x_wconf 80' lang='grc' dir='ltr'><strong>Ἀχαζ</strong></span> <span class='ocrx_word' id='word_1_378' title='bbox 788 3284 884 3354; x_wconf 81' lang='grc' dir='ltr'>τὴν</span> <span class='ocrx_word' id='word_1_379' title='bbox 920 3283 1022 3351; x_wconf 84' lang='grc' dir='ltr'>γῆν</span> <span class='ocrx_word' id='word_1_380' title='bbox 1052 3284 1345 3353; x_wconf 82' lang='grc' dir='ltr'>ὲσίκχαινεν</span> <span class='ocrx_word' id='word_1_381' title='bbox 1363 3324 1377 3347; x_wconf 90' lang='grc'><strong>,</strong></span> <span class='ocrx_word' id='word_1_382' title='bbox 1415 3286 1447 3354; x_wconf 86' lang='grc' dir='ltr'>ἢ</span> <span class='ocrx_word' id='word_1_383' title='bbox 1480 3285 1623 3337; x_wconf 73' lang='grc' dir='ltr'>εὗδε-</span> 
     </span>
    </p>
   </div>
   <div class='ocr_carea' id='block_1_51' title="bbox 117 3368 1620 3444">
    <p class='ocr_par' dir='ltr' id='par_1_51' title="bbox 117 3368 1620 3444">
     <span class='ocr_line' id='line_1_51' title="bbox 117 3368 1620 3444; baseline 0.005 -25"><span class='ocrx_word' id='word_1_384' title='bbox 117 3368 320 3433; x_wconf 72' lang='grc' dir='ltr'>λύσσετο,</span> <span class='ocrx_word' id='word_1_385' title='bbox 340 3373 666 3443; x_wconf 73' lang='grc' dir='ltr'>ἀποκάμνων</span> <span class='ocrx_word' id='word_1_386' title='bbox 696 3373 729 3442; x_wconf 77' lang='grc' dir='ltr'>ἢ</span> <span class='ocrx_word' id='word_1_387' title='bbox 756 3372 1004 3440; x_wconf 82' lang='grc' dir='ltr'>ὲγκακῶν</span> <span class='ocrx_word' id='word_1_388' title='bbox 1035 3373 1126 3425; x_wconf 83' lang='grc' dir='ltr'><strong>ἀπ’</strong></span> <span class='ocrx_word' id='word_1_389' title='bbox 1164 3374 1348 3444; x_wconf 73' lang='grc' dir='ltr'>αὐτῆς.</span> <span class='ocrx_word' id='word_1_390' title='bbox 1382 3375 1504 3426; x_wconf 86' lang='grc' dir='ltr'><strong>Πότ’</strong></span> <span class='ocrx_word' id='word_1_391' title='bbox 1529 3372 1620 3428; x_wconf 78' lang='grc' dir='ltr'>οὖν</span> 
     </span>
    </p>
   </div>
   <div class='ocr_carea' id='block_1_52' title="bbox 116 3456 1618 3531">
    <p class='ocr_par' dir='ltr' id='par_1_52' title="bbox 116 3456 1618 3531">
     <span class='ocr_line' id='line_1_52' title="bbox 116 3456 1618 3531; baseline 0.005 -24"><span class='ocrx_word' id='word_1_392' title='bbox 116 3456 243 3510; x_wconf 72' lang='grc' dir='ltr'>τοῦτο</span> <span class='ocrx_word' id='word_1_393' title='bbox 280 3459 498 3526; x_wconf 84' lang='grc' dir='ltr'>γέγονε;</span> <span class='ocrx_word' id='word_1_394' title='bbox 531 3459 738 3513; x_wconf 73' lang='grc' dir='ltr'>τούτων</span> <span class='ocrx_word' id='word_1_395' title='bbox 769 3459 876 3531; x_wconf 86' lang='grc' dir='ltr'><strong>γὰρ</strong></span> <span class='ocrx_word' id='word_1_396' title='bbox 917 3461 1430 3530; x_wconf 86' lang='grc' dir='ltr'>συμπερασθέντων,</span> <span class='ocrx_word' id='word_1_397' title='bbox 1473 3464 1618 3515; x_wconf 76' lang='grc' dir='ltr'>πᾶσα</span> 
     </span>
    </p>
   </div>
   <div class='ocr_carea' id='block_1_53' title="bbox 120 3545 1619 3622">
    <p class='ocr_par' dir='ltr' id='par_1_53' title="bbox 120 3545 1619 3622">
     <span class='ocr_line' id='line_1_53' title="bbox 120 3545 1619 3622; baseline 0.001 -21"><span class='ocrx_word' id='word_1_398' title='bbox 120 3545 290 3619; x_wconf 76' lang='grc' dir='ltr'>ἀνάγκη</span> <span class='ocrx_word' id='word_1_399' title='bbox 328 3550 418 3601; x_wconf 76' lang='grc' dir='ltr'>καὶ</span> <span class='ocrx_word' id='word_1_400' title='bbox 453 3550 514 3602; x_wconf 85' lang='grc' dir='ltr'>τὸ</span> <span class='ocrx_word' id='word_1_401' title='bbox 547 3549 942 3618; x_wconf 80' lang='grc' dir='ltr'>προλεγὸμενον</span> <span class='ocrx_word' id='word_1_402' title='bbox 977 3550 1136 3621; x_wconf 81' lang='grc' dir='ltr'>μέρος</span> <span class='ocrx_word' id='word_1_403' title='bbox 1171 3552 1265 3621; x_wconf 86' lang='grc' dir='ltr'>τῆς</span> <span class='ocrx_word' id='word_1_404' title='bbox 1295 3552 1619 3622; x_wconf 79' lang='grc' dir='ltr'>προφητείας</span> 
     </span>
    </p>
   </div>
   <div class='ocr_carea' id='block_1_54' title="bbox 119 3635 1617 3710">
    <p class='ocr_par' dir='ltr' id='par_1_54' title="bbox 119 3635 1617 3710">
     <span class='ocr_line' id='line_1_54' title="bbox 119 3635 1617 3710; baseline 0.005 -26"><span class='ocrx_word' id='word_1_405' title='bbox 119 3635 180 3697; x_wconf 81' lang='grc' dir='ltr'><strong>είς</strong></span> <span class='ocrx_word' id='word_1_406' title='bbox 198 3636 336 3706; x_wconf 79' lang='grc' dir='ltr'>ἔργον</span> <span class='ocrx_word' id='word_1_407' title='bbox 361 3639 735 3709; x_wconf 78' lang='grc' dir='ltr'>κεχωρηκέναι</span> <span class='ocrx_word' id='word_1_408' title='bbox 761 3655 776 3670; x_wconf 89' lang='grc'><strong>·</strong></span> <span class='ocrx_word' id='word_1_409' title='bbox 803 3637 959 3691; x_wconf 77' lang='grc' dir='ltr'>τοῦτο</span> <span class='ocrx_word' id='word_1_410' title='bbox 980 3639 1035 3691; x_wconf 80' lang='grc' dir='ltr'>δὲ</span> <span class='ocrx_word' id='word_1_411' title='bbox 1061 3635 1128 3709; x_wconf 83' lang='grc' dir='ltr'>ἦν</span> <span class='ocrx_word' id='word_1_412' title='bbox 1156 3640 1213 3691; x_wconf 86' lang='grc' dir='ltr'>τὸ</span> <span class='ocrx_word' id='word_1_413' title='bbox 1234 3639 1329 3709; x_wconf 76' lang='grc' dir='ltr'><strong>τήν</strong></span> <span class='ocrx_word' id='word_1_414' title='bbox 1352 3640 1617 3710; x_wconf 88' lang='grc' dir='ltr'>Παρθένον</span> 
     </span>
    </p>
   </div>
   <div class='ocr_carea' id='block_1_55' title="bbox 116 3726 1617 3799">
    <p class='ocr_par' dir='ltr' id='par_1_55' title="bbox 116 3726 1617 3799">
     <span class='ocr_line' id='line_1_55' title="bbox 116 3726 1617 3799; baseline 0.006 -26"><span class='ocrx_word' id='word_1_415' title='bbox 116 3726 257 3776; x_wconf 70' lang='grc' dir='ltr'>τεκεῖν</span> <span class='ocrx_word' id='word_1_416' title='bbox 292 3727 379 3779; x_wconf 75' lang='grc' dir='ltr'>τὸν</span> <span class='ocrx_word' id='word_1_417' title='bbox 427 3727 545 3797; x_wconf 78' lang='grc' dir='ltr'>μεθ’</span> <span class='ocrx_word' id='word_1_418' title='bbox 578 3727 733 3798; x_wconf 79' lang='grc' dir='ltr'>ήμῶν</span> <span class='ocrx_word' id='word_1_419' title='bbox 769 3727 918 3779; x_wconf 82' lang='grc' dir='ltr'>Θεόν.</span> <span class='ocrx_word' id='word_1_420' title='bbox 962 3728 1070 3780; x_wconf 74' lang='grc' dir='ltr'><strong>Καὶ</strong></span> <span class='ocrx_word' id='word_1_421' title='bbox 1100 3727 1163 3797; x_wconf 86' lang='grc' dir='ltr'>δὴ</span> <span class='ocrx_word' id='word_1_422' title='bbox 1213 3729 1470 3799; x_wconf 83' lang='grc' dir='ltr'>πρόδηλον</span> <span class='ocrx_word' id='word_1_423' title='bbox 1508 3732 1617 3792; x_wconf 87' lang='grc' dir='ltr'>τοῖς</span> 
     </span>
    </p>
   </div>
   <div class='ocr_carea' id='block_1_56' title="bbox 116 3811 1616 3888">
    <p class='ocr_par' dir='ltr' id='par_1_56' title="bbox 116 3811 1616 3888">
     <span class='ocr_line' id='line_1_56' title="bbox 116 3811 1616 3888; baseline 0.003 -23"><span class='ocrx_word' id='word_1_424' title='bbox 116 3811 192 3875; x_wconf 67' lang='grc' dir='ltr'>τὰς</span> <span class='ocrx_word' id='word_1_425' title='bbox 212 3815 434 3887; x_wconf 75' lang='grc' dir='ltr'>ἱστορίας</span> <span class='ocrx_word' id='word_1_426' title='bbox 462 3816 805 3883; x_wconf 73' lang='grc' dir='ltr'>ἐξετάζουσιν</span> <span class='ocrx_word' id='word_1_427' title='bbox 823 3857 838 3881; x_wconf 96' lang='grc'><strong>,</strong></span> <span class='ocrx_word' id='word_1_428' title='bbox 865 3818 939 3880; x_wconf 89' lang='grc' dir='ltr'><strong>ώς</strong></span> <span class='ocrx_word' id='word_1_429' title='bbox 973 3817 1130 3887; x_wconf 87' lang='grc' dir='ltr'>μέχρι</span> <span class='ocrx_word' id='word_1_430' title='bbox 1171 3816 1267 3886; x_wconf 87' lang='grc' dir='ltr'>μὲν</span> <span class='ocrx_word' id='word_1_431' title='bbox 1288 3818 1392 3870; x_wconf 86' lang='grc' dir='ltr'>τῶν</span> <span class='ocrx_word' id='word_1_432' title='bbox 1417 3818 1616 3888; x_wconf 86' lang='grc' dir='ltr'>χρόνων</span> 
     </span>
    </p>
   </div>
   <div class='ocr_carea' id='block_1_57' title="bbox 115 3898 1614 3978">
    <p class='ocr_par' dir='ltr' id='par_1_57' title="bbox 115 3898 1614 3978">
     <span class='ocr_line' id='line_1_57' title="bbox 115 3898 1614 3978; baseline 0.003 -23"><span class='ocrx_word' id='word_1_433' title='bbox 115 3898 193 3967; x_wconf 80' lang='grc' dir='ltr'>τῆς</span> <span class='ocrx_word' id='word_1_434' title='bbox 210 3904 512 3971; x_wconf 74' lang='grc' dir='ltr'>ἐπιφανείας</span> <span class='ocrx_word' id='word_1_435' title='bbox 532 3905 628 3959; x_wconf 85' lang='grc' dir='ltr'>τοῦ</span> <span class='ocrx_word' id='word_1_436' title='bbox 664 3907 912 3976; x_wconf 82' lang='grc' dir='ltr'>Σωτῆρος</span> <span class='ocrx_word' id='word_1_437' title='bbox 940 3906 1094 3975; x_wconf 84' lang='grc' dir='ltr'>ήμῶν</span> <span class='ocrx_word' id='word_1_438' title='bbox 1138 3905 1307 3977; x_wconf 83' lang='grc' dir='ltr'><strong>Ἰησοῦ</strong></span> <span class='ocrx_word' id='word_1_439' title='bbox 1335 3906 1425 3959; x_wconf 79' lang='grc' dir='ltr'><strong>τοῦ</strong></span> <span class='ocrx_word' id='word_1_440' title='bbox 1483 3908 1614 3978; x_wconf 81' lang='grc' dir='ltr'>Χρι-</span> 
     </span>
    </p>
   </div>
   <div class='ocr_carea' id='block_1_58' title="bbox 115 3988 1616 4065">
    <p class='ocr_par' dir='ltr' id='par_1_58' title="bbox 115 3988 1616 4065">
     <span class='ocr_line' id='line_1_58' title="bbox 115 3988 1616 4065; baseline 0.004 -24"><span class='ocrx_word' id='word_1_441' title='bbox 115 3988 212 4041; x_wconf 75' lang='lat' dir='ltr'><strong>m3</strong></span> <span class='ocrx_word' id='word_1_442' title='bbox 228 3993 311 4045; x_wconf 71' lang='grc' dir='ltr'><strong>καὶ</strong></span> <span class='ocrx_word' id='word_1_443' title='bbox 324 3994 413 4045; x_wconf 75' lang='grc' dir='ltr'><strong>ἐπὶ</strong></span> <span class='ocrx_word' id='word_1_444' title='bbox 424 3995 517 4063; x_wconf 83' lang='grc' dir='ltr'><strong>τῆς</strong></span> <span class='ocrx_word' id='word_1_445' title='bbox 528 3994 819 4064; x_wconf 85' lang='grc' dir='ltr'>Δαμασκοῦ</span> <span class='ocrx_word' id='word_1_446' title='bbox 840 3995 1170 4063; x_wconf 81' lang='grc' dir='ltr'>συνειστήκει</span> <span class='ocrx_word' id='word_1_447' title='bbox 1190 3994 1250 4045; x_wconf 78' lang='grc' dir='ltr'>τὸ</span> <span class='ocrx_word' id='word_1_448' title='bbox 1270 3996 1334 4046; x_wconf 81' lang='grc' dir='ltr'>ὲκ</span> <span class='ocrx_word' id='word_1_449' title='bbox 1348 3995 1616 4065; x_wconf 81' lang='grc' dir='ltr'>προγόνων</span> 
     </span>
    </p>
   </div>
   <div class='ocr_carea' id='block_1_59' title="bbox 113 4075 1616 4153">
    <p class='ocr_par' dir='ltr' id='par_1_59' title="bbox 113 4075 1616 4153">
     <span class='ocr_line' id='line_1_59' title="bbox 113 4075 1616 4153; baseline 0.006 -26"><span class='ocrx_word' id='word_1_450' title='bbox 113 4075 318 4149; x_wconf 71' lang='grc' dir='ltr'>διαδοχῆς</span> <span class='ocrx_word' id='word_1_451' title='bbox 345 4082 629 4150; x_wconf 84' lang='grc' dir='ltr'>βασίλειον.</span> <span class='ocrx_word' id='word_1_452' title='bbox 658 4082 938 4152; x_wconf 84' lang='grc' dir='ltr'>Μέμνηται</span> <span class='ocrx_word' id='word_1_453' title='bbox 959 4081 1085 4148; x_wconf 79' lang='grc' dir='ltr'>γοῦν</span> <span class='ocrx_word' id='word_1_454' title='bbox 1110 4085 1138 4135; x_wconf 81' lang='grc' dir='ltr'>ὁ</span> <span class='ocrx_word' id='word_1_455' title='bbox 1166 4082 1305 4153; x_wconf 86' lang='grc' dir='ltr'>ίερὸς</span> <span class='ocrx_word' id='word_1_456' title='bbox 1331 4083 1616 4147; x_wconf 78' lang='grc' dir='ltr'>ἀπόστολος</span> 
     </span>
    </p>
   </div>
   <div class='ocr_carea' id='block_1_60' title="bbox 125 4162 1614 4241">
    <p class='ocr_par' dir='ltr' id='par_1_60' title="bbox 125 4162 1614 4241">
     <span class='ocr_line' id='line_1_60' title="bbox 125 4162 1614 4241; baseline 0.007 -27"><span class='ocrx_word' id='word_1_457' title='bbox 125 4162 283 4234; x_wconf 76' lang='grc' dir='ltr'>Ἀρέτα</span> <span class='ocrx_word' id='word_1_458' title='bbox 317 4169 410 4223; x_wconf 81' lang='grc' dir='ltr'>τοῦ</span> <span class='ocrx_word' id='word_1_459' title='bbox 457 4170 717 4240; x_wconf 84' lang='grc' dir='ltr'>βασιλέως</span> <span class='ocrx_word' id='word_1_460' title='bbox 763 4170 1126 4241; x_wconf 84' lang='grc' dir='ltr'>Δαμασκηνῶν</span> <span class='ocrx_word' id='word_1_461' title='bbox 1151 4187 1163 4200; x_wconf 88' lang='grc'><strong>·</strong></span> <span class='ocrx_word' id='word_1_462' title='bbox 1205 4172 1297 4224; x_wconf 77' lang='grc' dir='ltr'>καὶ</span> <span class='ocrx_word' id='word_1_463' title='bbox 1339 4171 1431 4225; x_wconf 84' lang='grc' dir='ltr'>τοῦ</span> <span class='ocrx_word' id='word_1_464' title='bbox 1487 4173 1614 4225; x_wconf 78' lang='grc' dir='ltr'>Ἴου·-</span> 
     </span>
    </p>
   </div>
   <div class='ocr_carea' id='block_1_61' title="bbox 112 4250 1613 4331">
    <p class='ocr_par' dir='ltr' id='par_1_61' title="bbox 112 4250 1613 4331">
     <span class='ocr_line' id='line_1_61' title="bbox 112 4250 1613 4331; baseline 0.005 -24"><span class='ocrx_word' id='word_1_465' title='bbox 112 4250 244 4307; x_wconf 71' lang='grc' dir='ltr'>ὰιίων</span> <span class='ocrx_word' id='word_1_466' title='bbox 262 4258 315 4311; x_wconf 78' lang='grc' dir='ltr'>δὲ</span> <span class='ocrx_word' id='word_1_467' title='bbox 342 4259 572 4331; x_wconf 73' lang='grc' dir='ltr'>ἔθνουςὴ</span> <span class='ocrx_word' id='word_1_468' title='bbox 611 4261 860 4323; x_wconf 81' lang='grc' dir='ltr'>ἄτακτος,</span> <span class='ocrx_word' id='word_1_469' title='bbox 884 4259 977 4313; x_wconf 59' lang='grc' dir='ltr'><strong>καὶ⁷</strong></span> <span class='ocrx_word' id='word_1_470' title='bbox 1000 4261 1059 4313; x_wconf 80' lang='grc' dir='ltr'>οὐ</span> <span class='ocrx_word' id='word_1_471' title='bbox 1087 4261 1226 4314; x_wconf 76' lang='grc' dir='ltr'>κατὰ</span> <span class='ocrx_word' id='word_1_472' title='bbox 1253 4261 1411 4331; x_wconf 85' lang='grc' dir='ltr'>νόμον</span> <span class='ocrx_word' id='word_1_473' title='bbox 1449 4263 1613 4315; x_wconf 77' lang='grc' dir='ltr'>εἰσέτι</span> 
     </span>
    </p>
   </div>
   <div class='ocr_carea' id='block_1_62' title="bbox 114 4344 1613 4421">
    <p class='ocr_par' dir='ltr' id='par_1_62' title="bbox 114 4344 1613 4421">
     <span class='ocr_line' id='line_1_62' title="bbox 114 4344 1613 4421; baseline 0.005 -25"><span class='ocrx_word' id='word_1_474' title='bbox 114 4344 206 4398; x_wconf 75' lang='grc' dir='ltr'>τότε</span> <span class='ocrx_word' id='word_1_475' title='bbox 245 4348 441 4418; x_wconf 85' lang='grc' dir='ltr'>διέμενε</span> <span class='ocrx_word' id='word_1_476' title='bbox 490 4350 753 4419; x_wconf 86' lang='grc' dir='ltr'>βασιλεία.</span> <span class='ocrx_word' id='word_1_477' title='bbox 797 4351 872 4402; x_wconf 77' lang='grc' dir='ltr'><strong>Οὐ</strong></span> <span class='ocrx_word' id='word_1_478' title='bbox 926 4350 1032 4421; x_wconf 82' lang='grc' dir='ltr'><strong>γὰρ</strong></span> <span class='ocrx_word' id='word_1_479' title='bbox 1081 4351 1185 4404; x_wconf 85' lang='grc' dir='ltr'><strong>ἀπὸ</strong></span> <span class='ocrx_word' id='word_1_480' title='bbox 1228 4351 1410 4418; x_wconf 84' lang='grc' dir='ltr'>γένους</span> <span class='ocrx_word' id='word_1_481' title='bbox 1455 4350 1613 4403; x_wconf 73' lang='grc' dir='ltr'>Δαυῖδ</span> 
     </span>
    </p>
   </div>
   <div class='ocr_carea' id='block_1_63' title="bbox 1727 1942 3244 2017">
    <p class='ocr_par' dir='ltr' id='par_1_63' title="bbox 1727 1942 3244 2017">
     <span class='ocr_line' id='line_1_63' title="bbox 1727 1942 3244 2017; baseline -0.005 -14"><span class='ocrx_word' id='word_1_482' title='bbox 1727 1950 1826 2003; x_wconf 85' lang='lat' dir='ltr'><strong>bus</strong></span> <span class='ocrx_word' id='word_1_483' title='bbox 1850 1948 2126 2017; x_wconf 89' lang='lat' dir='ltr'><strong>pr0phetia</strong></span> <span class='ocrx_word' id='word_1_484' title='bbox 2160 1946 2248 1998; x_wconf 89' lang='lat' dir='ltr'><strong>illa</strong></span> <span class='ocrx_word' id='word_1_485' title='bbox 2276 1944 2417 1999; x_wconf 88' lang='lat' dir='ltr'><strong>edita</strong></span> <span class='ocrx_word' id='word_1_486' title='bbox 2447 1952 2550 2007; x_wconf 90' lang='lat' dir='ltr'><strong>est,</strong></span> <span class='ocrx_word' id='word_1_487' title='bbox 2606 1959 2697 1997; x_wconf 74' lang='lat' dir='ltr'><strong>rex</strong></span> <span class='ocrx_word' id='word_1_488' title='bbox 2731 1943 2898 2014; x_wconf 65' lang='lat' dir='ltr'><strong>Syriae</strong></span> <span class='ocrx_word' id='word_1_489' title='bbox 2926 1943 3018 2013; x_wconf 90' lang='lat' dir='ltr'><strong>qui</strong></span> <span class='ocrx_word' id='word_1_490' title='bbox 3047 1942 3244 1995; x_wconf 73' lang='lat' dir='ltr'><strong>Dama~</strong></span> 
     </span>
    </p>
   </div>
   <div class='ocr_carea' id='block_1_64' title="bbox 1728 2033 3246 2105">
    <p class='ocr_par' dir='ltr' id='par_1_64' title="bbox 1728 2033 3246 2105">
     <span class='ocr_line' id='line_1_64' title="bbox 1728 2033 3246 2105; baseline -0.006 -11"><span class='ocrx_word' id='word_1_491' title='bbox 1728 2041 1826 2101; x_wconf 89' lang='lat' dir='ltr'><strong>sci,</strong></span> <span class='ocrx_word' id='word_1_492' title='bbox 1855 2046 1907 2092; x_wconf 90' lang='lat' dir='ltr'><strong>et</strong></span> <span class='ocrx_word' id='word_1_493' title='bbox 1935 2054 2024 2091; x_wconf 84' lang='lat' dir='ltr'><strong>rex</strong></span> <span class='ocrx_word' id='word_1_494' title='bbox 2067 2035 2230 2090; x_wconf 84' lang='lat' dir='ltr'><strong>Israel</strong></span> <span class='ocrx_word' id='word_1_495' title='bbox 2280 2050 2389 2089; x_wconf 94' lang='lat' dir='ltr'><strong>non</strong></span> <span class='ocrx_word' id='word_1_496' title='bbox 2431 2036 2477 2091; x_wconf 90' lang='lat' dir='ltr'><strong>is</strong></span> <span class='ocrx_word' id='word_1_497' title='bbox 2510 2035 2600 2105; x_wconf 89' lang='lat' dir='ltr'><strong>qui</strong></span> <span class='ocrx_word' id='word_1_498' title='bbox 2631 2036 2683 2088; x_wconf 90' lang='lat' dir='ltr'><strong>in</strong></span> <span class='ocrx_word' id='word_1_499' title='bbox 2711 2034 3029 2099; x_wconf 79' lang='lat' dir='ltr'><strong>Jerusalem,</strong></span> <span class='ocrx_word' id='word_1_500' title='bbox 3065 2033 3154 2088; x_wconf 90' lang='lat' dir='ltr'><strong>sed</strong></span> <span class='ocrx_word' id='word_1_501' title='bbox 3195 2035 3246 2086; x_wconf 84' lang='lat' dir='ltr'><strong>is</strong></span> 
     </span>
    </p>
   </div>
   <div class='ocr_carea' id='block_1_65' title="bbox 1725 2122 3245 2197">
    <p class='ocr_par' dir='ltr' id='par_1_65' title="bbox 1725 2122 3245 2197">
     <span class='ocr_line' id='line_1_65' title="bbox 1725 2122 3245 2197; baseline -0.003 -18"><span class='ocrx_word' id='word_1_502' title='bbox 1725 2128 1814 2197; x_wconf 92' lang='lat' dir='ltr'><strong>qui</strong></span> <span class='ocrx_word' id='word_1_503' title='bbox 1866 2125 2119 2180; x_wconf 77' lang='lat' dir='ltr'><strong>Samariae</strong></span> <span class='ocrx_word' id='word_1_504' title='bbox 2142 2125 2419 2193; x_wconf 87' lang='lat' dir='ltr'><strong>regnabat,</strong></span> <span class='ocrx_word' id='word_1_505' title='bbox 2477 2133 2528 2179; x_wconf 89' lang='lat' dir='ltr'><strong>et</strong></span> <span class='ocrx_word' id='word_1_506' title='bbox 2552 2124 2880 2177; x_wconf 88' lang='lat' dir='ltr'><strong>multitudini</strong></span> <span class='ocrx_word' id='word_1_507' title='bbox 2915 2122 3245 2183; x_wconf 66' lang='lat' dir='ltr'><strong>Iudaeorum,</strong></span> 
     </span>
    </p>
   </div>
   <div class='ocr_carea' id='block_1_66' title="bbox 1729 2209 3245 2285">
    <p class='ocr_par' dir='ltr' id='par_1_66' title="bbox 1729 2209 3245 2285">
     <span class='ocr_line' id='line_1_66' title="bbox 1729 2209 3245 2285; baseline -0.005 -16"><span class='ocrx_word' id='word_1_508' title='bbox 1729 2215 1821 2285; x_wconf 88' lang='lat' dir='ltr'><strong>qui</strong></span> <span class='ocrx_word' id='word_1_509' title='bbox 1845 2228 1874 2266; x_wconf 90' lang='lat' dir='ltr'><strong>a</strong></span> <span class='ocrx_word' id='word_1_510' title='bbox 1899 2213 2078 2267; x_wconf 80' lang='lat' dir='ltr'><strong>divina</strong></span> <span class='ocrx_word' id='word_1_511' title='bbox 2108 2214 2221 2282; x_wconf 89' lang='lat' dir='ltr'><strong>lege</strong></span> <span class='ocrx_word' id='word_1_512' title='bbox 2242 2210 2569 2269; x_wconf 81' lang='lat' dir='ltr'><strong>defecerant.</strong></span> <span class='ocrx_word' id='word_1_513' title='bbox 2595 2212 2904 2280; x_wconf 85' lang='lat' dir='ltr'><strong>imperabat,</strong></span> <span class='ocrx_word' id='word_1_514' title='bbox 2939 2210 3140 2264; x_wconf 58' lang='lat' dir='ltr'><strong>foedere</strong></span> <span class='ocrx_word' id='word_1_515' title='bbox 3160 2209 3245 2261; x_wconf 77' lang='lat' dir='ltr'><strong>in-</strong></span> 
     </span>
    </p>
   </div>
   <div class='ocr_carea' id='block_1_67' title="bbox 1724 2298 3243 2369">
    <p class='ocr_par' dir='ltr' id='par_1_67' title="bbox 1724 2298 3243 2369">
     <span class='ocr_line' id='line_1_67' title="bbox 1724 2298 3243 2369; baseline -0.007 -11"><span class='ocrx_word' id='word_1_516' title='bbox 1724 2314 1803 2358; x_wconf 91' lang='lat' dir='ltr'><strong>ter</strong></span> <span class='ocrx_word' id='word_1_517' title='bbox 1832 2317 1890 2356; x_wconf 88' lang='lat' dir='ltr'><strong>se</strong></span> <span class='ocrx_word' id='word_1_518' title='bbox 1933 2306 2058 2365; x_wconf 90' lang='lat' dir='ltr'><strong>icto,</strong></span> <span class='ocrx_word' id='word_1_519' title='bbox 2090 2315 2183 2356; x_wconf 89' lang='lat' dir='ltr'><strong>eos</strong></span> <span class='ocrx_word' id='word_1_520' title='bbox 2227 2300 2422 2369; x_wconf 88' lang='lat' dir='ltr'><strong>quibus</strong></span> <span class='ocrx_word' id='word_1_521' title='bbox 2467 2298 2678 2353; x_wconf 83' lang='lat' dir='ltr'><strong>Davidis</strong></span> <span class='ocrx_word' id='word_1_522' title='bbox 2706 2313 3044 2355; x_wconf 88' lang='lat' dir='ltr'><strong>successores</strong></span> <span class='ocrx_word' id='word_1_523' title='bbox 3076 2298 3243 2365; x_wconf 64' lang='lat' dir='ltr'><strong>impe-</strong></span> 
     </span>
    </p>
   </div>
   <div class='ocr_carea' id='block_1_68' title="bbox 1724 2386 3241 2457">
    <p class='ocr_par' dir='ltr' id='par_1_68' title="bbox 1724 2386 3241 2457">
     <span class='ocr_line' id='line_1_68' title="bbox 1724 2386 3241 2457; baseline -0.001 -14"><span class='ocrx_word' id='word_1_524' title='bbox 1724 2391 1932 2451; x_wconf 87' lang='lat' dir='ltr'><strong>rabant,</strong></span> <span class='ocrx_word' id='word_1_525' title='bbox 1987 2389 2234 2442; x_wconf 89' lang='lat' dir='ltr'><strong>obsidere</strong></span> <span class='ocrx_word' id='word_1_526' title='bbox 2280 2395 2578 2457; x_wconf 86' lang='lat' dir='ltr'><strong>coeperunt.</strong></span> <span class='ocrx_word' id='word_1_527' title='bbox 2630 2386 2802 2441; x_wconf 82' lang='lat' dir='ltr'><strong>llosce</strong></span> <span class='ocrx_word' id='word_1_528' title='bbox 2845 2388 3010 2456; x_wconf 80' lang='lat' dir='ltr'><strong>igitur</strong></span> <span class='ocrx_word' id='word_1_529' title='bbox 3055 2386 3241 2441; x_wconf 85' lang='lat' dir='ltr'><strong>ambos</strong></span> 
     </span>
    </p>
   </div>
   <div class='ocr_carea' id='block_1_69' title="bbox 1723 2474 3242 2545">
    <p class='ocr_par' dir='ltr' id='par_1_69' title="bbox 1723 2474 3242 2545">
     <span class='ocr_line' id='line_1_69' title="bbox 1723 2474 3242 2545; baseline -0.003 -15"><span class='ocrx_word' id='word_1_530' title='bbox 1723 2492 1843 2530; x_wconf 90' lang='lat' dir='ltr'><strong>cum</strong></span> <span class='ocrx_word' id='word_1_531' title='bbox 1879 2476 2158 2545; x_wconf 82' lang='lat' dir='ltr'><strong>prophetia</strong></span> <span class='ocrx_word' id='word_1_532' title='bbox 2206 2474 2470 2530; x_wconf 88' lang='lat' dir='ltr'><strong>tollendos</strong></span> <span class='ocrx_word' id='word_1_533' title='bbox 2505 2483 2663 2542; x_wconf 89' lang='lat' dir='ltr'><strong>atque</strong></span> <span class='ocrx_word' id='word_1_534' title='bbox 2704 2474 3019 2528; x_wconf 78' lang='lat' dir='ltr'><strong>everteudos</strong></span> <span class='ocrx_word' id='word_1_535' title='bbox 3059 2481 3242 2536; x_wconf 80' lang='lat' dir='ltr'><strong>canat,</strong></span> 
     </span>
    </p>
   </div>
   <div class='ocr_carea' id='block_1_70' title="bbox 1723 2563 3239 2636">
    <p class='ocr_par' dir='ltr' id='par_1_70' title="bbox 1723 2563 3239 2636">
     <span class='ocr_line' id='line_1_70' title="bbox 1723 2563 3239 2636; baseline -0.002 -17"><span class='ocrx_word' id='word_1_536' title='bbox 1723 2567 1868 2636; x_wconf 91' lang='lat' dir='ltr'><strong>ipsos</strong></span> <span class='ocrx_word' id='word_1_537' title='bbox 1896 2566 2109 2635; x_wconf 85' lang='lat' dir='ltr'><strong>quidem</strong></span> <span class='ocrx_word' id='word_1_538' title='bbox 2155 2565 2298 2619; x_wconf 89' lang='lat' dir='ltr'><strong>illius</strong></span> <span class='ocrx_word' id='word_1_539' title='bbox 2326 2565 2580 2633; x_wconf 89' lang='lat' dir='ltr'><strong>temporis</strong></span> <span class='ocrx_word' id='word_1_540' title='bbox 2620 2563 2833 2618; x_wconf 71' lang='lat' dir='ltr'><strong>Iudaeos</strong></span> <span class='ocrx_word' id='word_1_541' title='bbox 2870 2572 2923 2617; x_wconf 91' lang='lat' dir='ltr'><strong>et</strong></span> <span class='ocrx_word' id='word_1_542' title='bbox 2969 2571 3239 2629; x_wconf 76' lang='lat' dir='ltr'><strong>externos,</strong></span> 
     </span>
    </p>
   </div>
   <div class='ocr_carea' id='block_1_71' title="bbox 1721 2652 3240 2725">
    <p class='ocr_par' dir='ltr' id='par_1_71' title="bbox 1721 2652 3240 2725">
     <span class='ocr_line' id='line_1_71' title="bbox 1721 2652 3240 2725; baseline -0.002 -17"><span class='ocrx_word' id='word_1_543' title='bbox 1721 2656 1810 2725; x_wconf 90' lang='lat' dir='ltr'><strong>qui</strong></span> <span class='ocrx_word' id='word_1_544' title='bbox 1845 2657 2099 2711; x_wconf 79' lang='lat' dir='ltr'><strong>adversus</strong></span> <span class='ocrx_word' id='word_1_545' title='bbox 2131 2655 2382 2723; x_wconf 74' lang='lat' dir='ltr'><strong>populum</strong></span> <span class='ocrx_word' id='word_1_546' title='bbox 2425 2653 2511 2707; x_wconf 89' lang='lat' dir='ltr'><strong>Dei</strong></span> <span class='ocrx_word' id='word_1_547' title='bbox 2540 2655 2639 2708; x_wconf 90' lang='lat' dir='ltr'><strong>sibi</strong></span> <span class='ocrx_word' id='word_1_548' title='bbox 2668 2652 2880 2708; x_wconf 81' lang='lat' dir='ltr'><strong>dextras</strong></span> <span class='ocrx_word' id='word_1_549' title='bbox 2902 2654 3040 2707; x_wconf 88' lang='lat' dir='ltr'><strong>inter</strong></span> <span class='ocrx_word' id='word_1_550' title='bbox 3061 2668 3118 2708; x_wconf 86' lang='lat' dir='ltr'><strong>se</strong></span> <span class='ocrx_word' id='word_1_551' title='bbox 3147 2652 3240 2706; x_wconf 89' lang='lat' dir='ltr'><strong>de-</strong></span> 
     </span>
    </p>
   </div>
   <div class='ocr_carea' id='block_1_72' title="bbox 1720 2741 3244 2811">
    <p class='ocr_par' dir='ltr' id='par_1_72' title="bbox 1720 2741 3244 2811">
     <span class='ocr_line' id='line_1_72' title="bbox 1720 2741 3244 2811; baseline 0.001 -14"><span class='ocrx_word' id='word_1_552' title='bbox 1720 2744 1928 2806; x_wconf 88' lang='lat' dir='ltr'><strong>derant,</strong></span> <span class='ocrx_word' id='word_1_553' title='bbox 1973 2760 2003 2798; x_wconf 90' lang='lat' dir='ltr'><strong>e</strong></span> <span class='ocrx_word' id='word_1_554' title='bbox 2046 2743 2271 2811; x_wconf 82' lang='lat' dir='ltr'><strong>vestigio</strong></span> <span class='ocrx_word' id='word_1_555' title='bbox 2317 2741 2705 2804; x_wconf 86' lang='lat' dir='ltr'><strong>dissolvendos,</strong></span> <span class='ocrx_word' id='word_1_556' title='bbox 2756 2750 2811 2796; x_wconf 88' lang='lat' dir='ltr'><strong>et</strong></span> <span class='ocrx_word' id='word_1_557' title='bbox 2848 2742 3182 2795; x_wconf 85' lang='lat' dir='ltr'><strong>discessuros</strong></span> <span class='ocrx_word' id='word_1_558' title='bbox 3209 2754 3244 2799; x_wconf 71' lang='grc' dir='ltr'><strong>τι,</strong></span> 
     </span>
    </p>
   </div>
   <div class='ocr_carea' id='block_1_73' title="bbox 1720 2831 3241 2904">
    <p class='ocr_par' dir='ltr' id='par_1_73' title="bbox 1720 2831 3241 2904">
     <span class='ocr_line' id='line_1_73' title="bbox 1720 2831 3241 2904; baseline -0.001 -17"><span class='ocrx_word' id='word_1_559' title='bbox 1720 2834 1859 2887; x_wconf 85' lang='lat' dir='ltr'><strong>bello</strong></span> <span class='ocrx_word' id='word_1_560' title='bbox 1890 2834 2164 2903; x_wconf 75' lang='lat' dir='ltr'><strong>praedicit;</strong></span> <span class='ocrx_word' id='word_1_561' title='bbox 2194 2848 2411 2904; x_wconf 79' lang='lat' dir='ltr'><strong>regnum</strong></span> <span class='ocrx_word' id='word_1_562' title='bbox 2449 2844 2624 2887; x_wconf 89' lang='lat' dir='ltr'><strong>tamen</strong></span> <span class='ocrx_word' id='word_1_563' title='bbox 2665 2832 2793 2885; x_wconf 90' lang='lat' dir='ltr'><strong>illud</strong></span> <span class='ocrx_word' id='word_1_564' title='bbox 2834 2847 2896 2886; x_wconf 90' lang='lat' dir='ltr'><strong>ac</strong></span> <span class='ocrx_word' id='word_1_565' title='bbox 2941 2831 3241 2887; x_wconf 86' lang='lat' dir='ltr'><strong>successio-</strong></span> 
     </span>
    </p>
   </div>
   <div class='ocr_carea' id='block_1_74' title="bbox 1715 2915 3237 2991">
    <p class='ocr_par' dir='ltr' id='par_1_74' title="bbox 1715 2915 3237 2991">
     <span class='ocr_line' id='line_1_74' title="bbox 1715 2915 3237 2991; baseline 0.001 -18"><span class='ocrx_word' id='word_1_566' title='bbox 1715 2936 1834 2975; x_wconf 90' lang='lat' dir='ltr'><strong>nem</strong></span> <span class='ocrx_word' id='word_1_567' title='bbox 1856 2937 2037 2975; x_wconf 90' lang='lat' dir='ltr'><strong>eorum</strong></span> <span class='ocrx_word' id='word_1_568' title='bbox 2066 2937 2286 2991; x_wconf 88' lang='lat' dir='ltr'><strong>prorsus</strong></span> <span class='ocrx_word' id='word_1_569' title='bbox 2319 2915 2639 2976; x_wconf 75' lang='lat' dir='ltr'><strong>dissolutum</strong></span> <span class='ocrx_word' id='word_1_570' title='bbox 2668 2922 3104 2991; x_wconf 77' lang='lat' dir='ltr'><strong>exstinctumque</strong></span> <span class='ocrx_word' id='word_1_571' title='bbox 3145 2920 3237 2984; x_wconf 76' lang='lat' dir='ltr'><strong>iri,</strong></span> 
     </span>
    </p>
   </div>
   <div class='ocr_carea' id='block_1_75' title="bbox 1718 3010 3238 3081">
    <p class='ocr_par' dir='ltr' id='par_1_75' title="bbox 1718 3010 3238 3081">
     <span class='ocr_line' id='line_1_75' title="bbox 1718 3010 3238 3081; baseline -0.001 -17"><span class='ocrx_word' id='word_1_572' title='bbox 1718 3010 1818 3064; x_wconf 86' lang='lat' dir='ltr'><strong>sub</strong></span> <span class='ocrx_word' id='word_1_573' title='bbox 1865 3011 2030 3074; x_wconf 88' lang='lat' dir='ltr'><strong>illius,</strong></span> <span class='ocrx_word' id='word_1_574' title='bbox 2084 3012 2148 3066; x_wconf 89' lang='lat' dir='ltr'><strong>de</strong></span> <span class='ocrx_word' id='word_1_575' title='bbox 2191 3026 2299 3080; x_wconf 92' lang='lat' dir='ltr'><strong>quo</strong></span> <span class='ocrx_word' id='word_1_576' title='bbox 2344 3012 2620 3081; x_wconf 85' lang='lat' dir='ltr'><strong>prOphetia</strong></span> <span class='ocrx_word' id='word_1_577' title='bbox 2673 3012 2927 3081; x_wconf 83' lang='lat' dir='ltr'><strong>loquitur,</strong></span> <span class='ocrx_word' id='word_1_578' title='bbox 2958 3012 3238 3065; x_wconf 87' lang='lat' dir='ltr'><strong>nobiscum</strong></span> 
     </span>
    </p>
   </div>
   <div class='ocr_carea' id='block_1_76' title="bbox 1724 3097 3233 3176">
    <p class='ocr_par' dir='ltr' id='par_1_76' title="bbox 1724 3097 3233 3176">
     <span class='ocr_line' id='line_1_76' title="bbox 1724 3097 3233 3176; baseline 0.002 -26"><span class='ocrx_word' id='word_1_579' title='bbox 1724 3097 1835 3161; x_wconf 86' lang='lat' dir='ltr'><strong>Dei,</strong></span> <span class='ocrx_word' id='word_1_580' title='bbox 1865 3109 2062 3155; x_wconf 90' lang='lat' dir='ltr'><strong>ortum.</strong></span> <span class='ocrx_word' id='word_1_581' title='bbox 2096 3100 2321 3155; x_wconf 84' lang='lat' dir='ltr'><strong>Attende</strong></span> <span class='ocrx_word' id='word_1_582' title='bbox 2364 3102 2526 3170; x_wconf 84' lang='lat' dir='ltr'><strong>igitur</strong></span> <span class='ocrx_word' id='word_1_583' title='bbox 2553 3101 2834 3169; x_wconf 81' lang='lat' dir='ltr'><strong>diligenter</strong></span> <span class='ocrx_word' id='word_1_584' title='bbox 2859 3116 2965 3170; x_wconf 91' lang='lat' dir='ltr'><strong>quo</strong></span> <span class='ocrx_word' id='word_1_585' title='bbox 2995 3112 3233 3176; x_wconf 83' lang='lat' dir='ltr'><strong>tempore</strong></span> 
     </span>
    </p>
   </div>
   <div class='ocr_carea' id='block_1_77' title="bbox 1721 3186 3238 3245">
    <p class='ocr_par' dir='ltr' id='par_1_77' title="bbox 1721 3186 3238 3245">
     <span class='ocr_line' id='line_1_77' title="bbox 1721 3186 3238 3245; baseline 0.003 -5"><span class='ocrx_word' id='word_1_586' title='bbox 1721 3186 2164 3243; x_wconf 89' lang='lat' dir='ltr'><strong>Damascenorum</strong></span> <span class='ocrx_word' id='word_1_587' title='bbox 2191 3190 2348 3243; x_wconf 89' lang='lat' dir='ltr'><strong>simul</strong></span> <span class='ocrx_word' id='word_1_588' title='bbox 2376 3205 2437 3243; x_wconf 89' lang='lat' dir='ltr'><strong>ac</strong></span> <span class='ocrx_word' id='word_1_589' title='bbox 2464 3189 2765 3243; x_wconf 67' lang='lat' dir='ltr'><strong>Judaeorum</strong></span> <span class='ocrx_word' id='word_1_590' title='bbox 2813 3190 3131 3245; x_wconf 89' lang='lat' dir='ltr'><strong>dissolutum</strong></span> <span class='ocrx_word' id='word_1_591' title='bbox 3154 3197 3238 3245; x_wconf 80' lang='lat' dir='ltr'><strong>est</strong></span> 
     </span>
    </p>
   </div>
   <div class='ocr_carea' id='block_1_78' title="bbox 1718 3278 3240 3348">
    <p class='ocr_par' dir='ltr' id='par_1_78' title="bbox 1718 3278 3240 3348">
     <span class='ocr_line' id='line_1_78' title="bbox 1718 3278 3240 3348; baseline 0.005 -21"><span class='ocrx_word' id='word_1_592' title='bbox 1718 3291 1958 3346; x_wconf 77' lang='lat' dir='ltr'><strong>regnum,</strong></span> <span class='ocrx_word' id='word_1_593' title='bbox 1995 3286 2048 3333; x_wconf 83' lang='lat' dir='ltr'><strong>et</strong></span> <span class='ocrx_word' id='word_1_594' title='bbox 2076 3279 2291 3348; x_wconf 86' lang='lat' dir='ltr'><strong>quando</strong></span> <span class='ocrx_word' id='word_1_595' title='bbox 2313 3278 2521 3331; x_wconf 86' lang='lat' dir='ltr'><strong>tandem</strong></span> <span class='ocrx_word' id='word_1_596' title='bbox 2555 3280 2741 3335; x_wconf 83' lang='lat' dir='ltr'><strong>relicta</strong></span> <span class='ocrx_word' id='word_1_597' title='bbox 2766 3288 2846 3333; x_wconf 88' lang='lat' dir='ltr'><strong>est</strong></span> <span class='ocrx_word' id='word_1_598' title='bbox 2867 3289 3007 3334; x_wconf 86' lang='lat' dir='ltr'><strong>terra</strong></span> <span class='ocrx_word' id='word_1_599' title='bbox 3027 3278 3240 3335; x_wconf 68' lang='lat' dir='ltr'><strong>Iudaeo-</strong></span> 
     </span>
    </p>
   </div>
   <div class='ocr_carea' id='block_1_79' title="bbox 1718 3368 3233 3437">
    <p class='ocr_par' dir='ltr' id='par_1_79' title="bbox 1718 3368 3233 3437">
     <span class='ocr_line' id='line_1_79' title="bbox 1718 3368 3233 3437; baseline 0.007 -20"><span class='ocrx_word' id='word_1_600' title='bbox 1718 3379 1833 3418; x_wconf 76' lang='lat' dir='ltr'><strong>tum</strong></span> <span class='ocrx_word' id='word_1_601' title='bbox 1886 3368 2000 3422; x_wconf 89' lang='lat' dir='ltr'><strong>sine</strong></span> <span class='ocrx_word' id='word_1_602' title='bbox 2050 3384 2195 3437; x_wconf 82' lang='lat' dir='ltr'><strong>rege,</strong></span> <span class='ocrx_word' id='word_1_603' title='bbox 2246 3382 2453 3423; x_wconf 88' lang='lat' dir='ltr'><strong>necnon</strong></span> <span class='ocrx_word' id='word_1_604' title='bbox 2501 3368 2615 3434; x_wconf 87' lang='lat' dir='ltr'><strong>ipsa</strong></span> <span class='ocrx_word' id='word_1_605' title='bbox 2665 3383 2781 3436; x_wconf 74' lang='lat' dir='ltr'><strong>qua:</strong></span> <span class='ocrx_word' id='word_1_606' title='bbox 2812 3370 2960 3437; x_wconf 87' lang='lat' dir='ltr'><strong>prius</strong></span> <span class='ocrx_word' id='word_1_607' title='bbox 3007 3371 3233 3427; x_wconf 86' lang='lat' dir='ltr'><strong>multum</strong></span> 
     </span>
    </p>
   </div>
   <div class='ocr_carea' id='block_1_80' title="bbox 1716 3457 3230 3530">
    <p class='ocr_par' dir='ltr' id='par_1_80' title="bbox 1716 3457 3230 3530">
     <span class='ocr_line' id='line_1_80' title="bbox 1716 3457 3230 3530; baseline 0.001 -18"><span class='ocrx_word' id='word_1_608' title='bbox 1716 3468 1941 3527; x_wconf 82' lang='lat' dir='ltr'><strong>poterat,</strong></span> <span class='ocrx_word' id='word_1_609' title='bbox 1987 3475 2175 3530; x_wconf 86' lang='lat' dir='ltr'><strong>magna</strong></span> <span class='ocrx_word' id='word_1_610' title='bbox 2224 3474 2386 3513; x_wconf 87' lang='lat' dir='ltr'><strong>manu</strong></span> <span class='ocrx_word' id='word_1_611' title='bbox 2439 3457 2705 3526; x_wconf 89' lang='lat' dir='ltr'><strong>quondam</strong></span> <span class='ocrx_word' id='word_1_612' title='bbox 2748 3458 2916 3529; x_wconf 65' lang='lat' dir='ltr'><strong>Syria:</strong></span> <span class='ocrx_word' id='word_1_613' title='bbox 2967 3462 3230 3514; x_wconf 77' lang='lat' dir='ltr'><strong>universe</strong></span> 
     </span>
    </p>
   </div>
   <div class='ocr_carea' id='block_1_81' title="bbox 1715 3549 3235 3621">
    <p class='ocr_par' dir='ltr' id='par_1_81' title="bbox 1715 3549 3235 3621">
     <span class='ocr_line' id='line_1_81' title="bbox 1715 3549 3235 3621; baseline -0.001 -16"><span class='ocrx_word' id='word_1_614' title='bbox 1715 3552 2049 3621; x_wconf 75' lang='lat' dir='ltr'><strong>imperitans,</strong></span> <span class='ocrx_word' id='word_1_615' title='bbox 2101 3552 2548 3606; x_wconf 86' lang='lat' dir='ltr'><strong>Damascenorum</strong></span> <span class='ocrx_word' id='word_1_616' title='bbox 2602 3552 2768 3618; x_wconf 84' lang='lat' dir='ltr'><strong>regio.</strong></span> <span class='ocrx_word' id='word_1_617' title='bbox 2834 3549 3070 3619; x_wconf 80' lang='lat' dir='ltr'><strong>Namque</strong></span> <span class='ocrx_word' id='word_1_618' title='bbox 3133 3554 3235 3605; x_wconf 79' lang='lat' dir='ltr'><strong>sub</strong></span> 
     </span>
    </p>
   </div>
   <div class='ocr_carea' id='block_1_82' title="bbox 1714 3638 3233 3709">
    <p class='ocr_par' dir='ltr' id='par_1_82' title="bbox 1714 3638 3233 3709">
     <span class='ocr_line' id='line_1_82' title="bbox 1714 3638 3233 3709; baseline -0.003 -16"><span class='ocrx_word' id='word_1_619' title='bbox 1714 3639 1901 3693; x_wconf 86' lang='lat' dir='ltr'><strong>borum</strong></span> <span class='ocrx_word' id='word_1_620' title='bbox 1928 3643 2254 3695; x_wconf 77' lang='lat' dir='ltr'><strong>eversionem</strong></span> <span class='ocrx_word' id='word_1_621' title='bbox 2281 3647 2441 3709; x_wconf 86' lang='lat' dir='ltr'><strong>atque</strong></span> <span class='ocrx_word' id='word_1_622' title='bbox 2484 3641 2777 3705; x_wconf 89' lang='lat' dir='ltr'><strong>interitum,</strong></span> <span class='ocrx_word' id='word_1_623' title='bbox 2817 3638 2988 3708; x_wconf 90' lang='lat' dir='ltr'><strong>ipsum</strong></span> <span class='ocrx_word' id='word_1_624' title='bbox 3020 3638 3233 3699; x_wconf 67' lang='lat' dir='ltr'><strong>Emme.</strong></span> 
     </span>
    </p>
   </div>
   <div class='ocr_carea' id='block_1_83' title="bbox 1714 3714 3220 3797">
    <p class='ocr_par' dir='ltr' id='par_1_83' title="bbox 1714 3714 3220 3797">
     <span class='ocr_line' id='line_1_83' title="bbox 1714 3714 3220 3797; baseline 0.001 -16"><span class='ocrx_word' id='word_1_625' title='bbox 1714 3728 1838 3783; x_wconf 86' lang='lat' dir='ltr'><strong>nucl</strong></span> <span class='ocrx_word' id='word_1_626' title='bbox 1882 3743 2103 3796; x_wconf 82' lang='lat' dir='ltr'><strong>prorsus</strong></span> <span class='ocrx_word' id='word_1_627' title='bbox 2134 3714 2397 3784; x_wconf 86' lang='lat' dir='ltr'><strong>oriturum</strong></span> <span class='ocrx_word' id='word_1_628' title='bbox 2430 3727 2595 3783; x_wconf 81' lang='lat' dir='ltr'><strong>fuisse</strong></span> <span class='ocrx_word' id='word_1_629' title='bbox 2625 3743 2720 3797; x_wconf 89' lang='lat' dir='ltr'><strong>par</strong></span> <span class='ocrx_word' id='word_1_630' title='bbox 2746 3737 2854 3791; x_wconf 79' lang='lat' dir='ltr'><strong>est,</strong></span> <span class='ocrx_word' id='word_1_631' title='bbox 2892 3735 2945 3782; x_wconf 90' lang='lat' dir='ltr'><strong>et</strong></span> <span class='ocrx_word' id='word_1_632' title='bbox 2986 3742 3106 3789; x_wconf 86' lang='lat' dir='ltr'><strong>eum</strong></span> <span class='ocrx_word' id='word_1_633' title='bbox 3154 3728 3220 3782; x_wconf 86' lang='lat' dir='ltr'><strong>de</strong></span> 
     </span>
    </p>
   </div>
   <div class='ocr_carea' id='block_1_84' title="bbox 1715 3813 3228 3891">
    <p class='ocr_par' dir='ltr' id='par_1_84' title="bbox 1715 3813 3228 3891">
     <span class='ocr_line' id='line_1_84' title="bbox 1715 3813 3228 3891; baseline 0.001 -22"><span class='ocrx_word' id='word_1_634' title='bbox 1715 3830 1819 3884; x_wconf 81' lang='lat' dir='ltr'><strong>quo</strong></span> <span class='ocrx_word' id='word_1_635' title='bbox 1842 3816 2118 3885; x_wconf 85' lang='lat' dir='ltr'><strong>prophetia</strong></span> <span class='ocrx_word' id='word_1_636' title='bbox 2146 3816 2381 3884; x_wconf 87' lang='lat' dir='ltr'><strong>loquitur</strong></span> <span class='ocrx_word' id='word_1_637' title='bbox 2409 3824 2714 3876; x_wconf 79' lang='lat' dir='ltr'><strong>venturum.</strong></span> <span class='ocrx_word' id='word_1_638' title='bbox 2761 3813 2815 3870; x_wconf 88' lang='lat' dir='ltr'><strong>Si</strong></span> <span class='ocrx_word' id='word_1_639' title='bbox 2846 3816 3011 3891; x_wconf 78' lang='lat' dir='ltr'><strong>igitur</strong></span> <span class='ocrx_word' id='word_1_640' title='bbox 3039 3816 3228 3871; x_wconf 86' lang='lat' dir='ltr'><strong>borum</strong></span> 
     </span>
    </p>
   </div>
   <div class='ocr_carea' id='block_1_85' title="bbox 1713 3905 3227 3975">
    <p class='ocr_par' dir='ltr' id='par_1_85' title="bbox 1713 3905 3227 3975">
     <span class='ocr_line' id='line_1_85' title="bbox 1713 3905 3227 3975; baseline 0.001 -17"><span class='ocrx_word' id='word_1_641' title='bbox 1713 3905 1970 3974; x_wconf 88' lang='lat' dir='ltr'><strong>ipsorum,</strong></span> <span class='ocrx_word' id='word_1_642' title='bbox 1993 3905 2058 3960; x_wconf 89' lang='lat' dir='ltr'><strong>de</strong></span> <span class='ocrx_word' id='word_1_643' title='bbox 2085 3906 2282 3975; x_wconf 89' lang='lat' dir='ltr'><strong>quibus</strong></span> <span class='ocrx_word' id='word_1_644' title='bbox 2302 3906 2500 3961; x_wconf 89' lang='lat' dir='ltr'><strong>dictum</strong></span> <span class='ocrx_word' id='word_1_645' title='bbox 2531 3912 2632 3965; x_wconf 86' lang='lat' dir='ltr'><strong>est.</strong></span> <span class='ocrx_word' id='word_1_646' title='bbox 2666 3920 2855 3974; x_wconf 75' lang='lat' dir='ltr'><strong>regna,</strong></span> <span class='ocrx_word' id='word_1_647' title='bbox 2877 3905 3051 3961; x_wconf 82' lang='lat' dir='ltr'><strong>adhuc</strong></span> <span class='ocrx_word' id='word_1_648' title='bbox 3085 3916 3227 3960; x_wconf 88' lang='lat' dir='ltr'><strong>stare</strong></span> 
     </span>
    </p>
   </div>
   <div class='ocr_carea' id='block_1_86' title="bbox 1712 3994 3228 4063">
    <p class='ocr_par' dir='ltr' id='par_1_86' title="bbox 1712 3994 3228 4063">
     <span class='ocr_line' id='line_1_86' title="bbox 1712 3994 3228 4063; baseline 0 -14"><span class='ocrx_word' id='word_1_649' title='bbox 1712 3995 1905 4049; x_wconf 82' lang='lat' dir='ltr'><strong>intueri</strong></span> <span class='ocrx_word' id='word_1_650' title='bbox 1937 3995 2142 4059; x_wconf 82' lang='lat' dir='ltr'><strong>liceret,</strong></span> <span class='ocrx_word' id='word_1_651' title='bbox 2176 3994 2310 4051; x_wconf 86' lang='lat' dir='ltr'><strong>nihil</strong></span> <span class='ocrx_word' id='word_1_652' title='bbox 2339 3995 2567 4063; x_wconf 88' lang='lat' dir='ltr'><strong>amplius</strong></span> <span class='ocrx_word' id='word_1_653' title='bbox 2603 4007 2840 4062; x_wconf 64' lang='lat' dir='ltr'><strong>quaerere</strong></span> <span class='ocrx_word' id='word_1_654' title='bbox 2883 4008 3018 4063; x_wconf 91' lang='lat' dir='ltr'><strong>opus</strong></span> <span class='ocrx_word' id='word_1_655' title='bbox 3064 4002 3228 4060; x_wconf 81' lang='lat' dir='ltr'><strong>esset,</strong></span> 
     </span>
    </p>
   </div>
   <div class='ocr_carea' id='block_1_87' title="bbox 1711 4083 3223 4154">
    <p class='ocr_par' dir='ltr' id='par_1_87' title="bbox 1711 4083 3223 4154">
     <span class='ocr_line' id='line_1_87' title="bbox 1711 4083 3223 4154; baseline -0.001 -14"><span class='ocrx_word' id='word_1_656' title='bbox 1711 4086 1805 4141; x_wconf 87' lang='lat' dir='ltr'><strong>sed</strong></span> <span class='ocrx_word' id='word_1_657' title='bbox 1831 4087 1990 4141; x_wconf 88' lang='lat' dir='ltr'><strong>etiam</strong></span> <span class='ocrx_word' id='word_1_658' title='bbox 2021 4100 2165 4139; x_wconf 90' lang='lat' dir='ltr'><strong>nunc</strong></span> <span class='ocrx_word' id='word_1_659' title='bbox 2209 4085 2261 4138; x_wconf 93' lang='lat' dir='ltr'><strong>in</strong></span> <span class='ocrx_word' id='word_1_660' title='bbox 2307 4083 2543 4139; x_wconf 80' lang='lat' dir='ltr'><strong>futurum</strong></span> <span class='ocrx_word' id='word_1_661' title='bbox 2588 4096 2797 4154; x_wconf 89' lang='lat' dir='ltr'><strong>tempus</strong></span> <span class='ocrx_word' id='word_1_662' title='bbox 2822 4099 2967 4153; x_wconf 88' lang='lat' dir='ltr'><strong>spem</strong></span> <span class='ocrx_word' id='word_1_663' title='bbox 3009 4099 3223 4138; x_wconf 91' lang='lat' dir='ltr'><strong>omnem</strong></span> 
     </span>
    </p>
   </div>
   <div class='ocr_carea' id='block_1_88' title="bbox 1710 4174 3221 4243">
    <p class='ocr_par' dir='ltr' id='par_1_88' title="bbox 1710 4174 3221 4243">
     <span class='ocr_line' id='line_1_88' title="bbox 1710 4174 3221 4243; baseline 0.001 -16"><span class='ocrx_word' id='word_1_664' title='bbox 1710 4175 2004 4234; x_wconf 79' lang='lat' dir='ltr'><strong>intendere.</strong></span> <span class='ocrx_word' id='word_1_665' title='bbox 2048 4175 2143 4229; x_wconf 86' lang='lat' dir='ltr'><strong>Sin</strong></span> <span class='ocrx_word' id='word_1_666' title='bbox 2183 4180 2359 4227; x_wconf 90' lang='lat' dir='ltr'><strong>autem</strong></span> <span class='ocrx_word' id='word_1_667' title='bbox 2403 4175 2578 4243; x_wconf 90' lang='lat' dir='ltr'><strong>reipsa</strong></span> <span class='ocrx_word' id='word_1_668' title='bbox 2615 4184 2823 4230; x_wconf 89' lang='lat' dir='ltr'><strong>constat</strong></span> <span class='ocrx_word' id='word_1_669' title='bbox 2848 4192 2908 4228; x_wconf 88' lang='lat' dir='ltr'><strong>ea</strong></span> <span class='ocrx_word' id='word_1_670' title='bbox 2935 4174 3000 4229; x_wconf 83' lang='lat' dir='ltr'><strong>(le</strong></span> <span class='ocrx_word' id='word_1_671' title='bbox 3024 4174 3221 4243; x_wconf 83' lang='lat' dir='ltr'><strong>quibus</strong></span> 
     </span>
    </p>
   </div>
   <div class='ocr_carea' id='block_1_89' title="bbox 1709 4265 3226 4336">
    <p class='ocr_par' dir='ltr' id='par_1_89' title="bbox 1709 4265 3226 4336">
     <span class='ocr_line' id='line_1_89' title="bbox 1709 4265 3226 4336; baseline -0.002 -15"><span class='ocrx_word' id='word_1_672' title='bbox 1709 4266 1908 4321; x_wconf 90' lang='lat' dir='ltr'><strong>dictum</strong></span> <span class='ocrx_word' id='word_1_673' title='bbox 1936 4274 2039 4329; x_wconf 90' lang='lat' dir='ltr'><strong>est,</strong></span> <span class='ocrx_word' id='word_1_674' title='bbox 2073 4281 2257 4321; x_wconf 77' lang='lat' dir='ltr'><strong>eversa</strong></span> <span class='ocrx_word' id='word_1_675' title='bbox 2287 4267 2598 4336; x_wconf 82' lang='lat' dir='ltr'><strong>sublataque</strong></span> <span class='ocrx_word' id='word_1_676' title='bbox 2633 4282 2773 4331; x_wconf 84' lang='lat' dir='ltr'><strong>esse,</strong></span> <span class='ocrx_word' id='word_1_677' title='bbox 2805 4282 2974 4335; x_wconf 90' lang='lat' dir='ltr'><strong>usque</strong></span> <span class='ocrx_word' id='word_1_678' title='bbox 3002 4265 3132 4319; x_wconf 89' lang='lat' dir='ltr'><strong>adeo</strong></span> <span class='ocrx_word' id='word_1_679' title='bbox 3168 4273 3226 4318; x_wconf 92' lang='lat' dir='ltr'><strong>ut</strong></span> 
     </span>
    </p>
   </div>
   <div class='ocr_carea' id='block_1_90' title="bbox 1707 4355 3228 4426">
    <p class='ocr_par' dir='ltr' id='par_1_90' title="bbox 1707 4355 3228 4426">
     <span class='ocr_line' id='line_1_90' title="bbox 1707 4355 3228 4426; baseline -0.001 -16"><span class='ocrx_word' id='word_1_680' title='bbox 1707 4371 1879 4425; x_wconf 90' lang='lat' dir='ltr'><strong>neque</strong></span> <span class='ocrx_word' id='word_1_681' title='bbox 1908 4356 1961 4413; x_wconf 90' lang='lat' dir='ltr'><strong>in</strong></span> <span class='ocrx_word' id='word_1_682' title='bbox 1988 4355 2264 4420; x_wconf 89' lang='lat' dir='ltr'><strong>Damasco,</strong></span> <span class='ocrx_word' id='word_1_683' title='bbox 2299 4371 2469 4426; x_wconf 85' lang='lat' dir='ltr'><strong>neque</strong></span> <span class='ocrx_word' id='word_1_684' title='bbox 2496 4357 2546 4410; x_wconf 89' lang='lat' dir='ltr'><strong>iu</strong></span> <span class='ocrx_word' id='word_1_685' title='bbox 2570 4355 2770 4419; x_wconf 64' lang='lat' dir='ltr'><strong>Iudaea,</strong></span> <span class='ocrx_word' id='word_1_686' title='bbox 2797 4356 2998 4411; x_wconf 84' lang='lat' dir='ltr'><strong>nostris</strong></span> <span class='ocrx_word' id='word_1_687' title='bbox 3022 4363 3228 4423; x_wconf 89' lang='lat' dir='ltr'><strong>tempo-</strong></span> 
     </span>
    </p>
   </div>
   <div class='ocr_carea' id='block_1_91' title="bbox 112 4433 1633 4515">
    <p class='ocr_par' dir='ltr' id='par_1_91' title="bbox 112 4433 1607 4511">
     <span class='ocr_line' id='line_1_91' title="bbox 112 4433 1607 4511; baseline -0.006 -11"><span class='ocrx_word' id='word_1_688' title='bbox 112 4433 267 4506; x_wconf 61' lang='grc' dir='ltr'>ίὲερον</span> <span class='ocrx_word' id='word_1_689' title='bbox 287 4441 378 4510; x_wconf 83' lang='grc' dir='ltr'>τὴν</span> <span class='ocrx_word' id='word_1_690' title='bbox 402 4441 499 4510; x_wconf 80' lang='grc' dir='ltr'>τῆς</span> <span class='ocrx_word' id='word_1_691' title='bbox 523 4441 694 4511; x_wconf 83' lang='grc' dir='ltr'>ἀρχῆς</span> <span class='ocrx_word' id='word_1_692' title='bbox 717 4439 957 4510; x_wconf 79' lang='grc' dir='ltr'>διαδοχὴν</span> <span class='ocrx_word' id='word_1_693' title='bbox 1007 4440 1242 4511; x_wconf 87' lang='grc' dir='ltr'>Ἡρώδης</span> <span class='ocrx_word' id='word_1_694' title='bbox 1281 4441 1372 4492; x_wconf 68' lang='grc' dir='ltr'><strong>κα)⁸</strong></span> <span class='ocrx_word' id='word_1_695' title='bbox 1406 4443 1452 4492; x_wconf 83' lang='grc' dir='ltr'>οἱ</span> <span class='ocrx_word' id='word_1_696' title='bbox 1494 4439 1607 4510; x_wconf 88' lang='grc' dir='ltr'>μετ’</span> 
     </span>
    </p>
   </div>
   <div class='ocr_carea' id='block_1_92' title="bbox 1718 4433 3229 4515">
    <p class='ocr_par' dir='ltr' id='par_1_92' title="bbox 1718 4446 3229 4515">
     <span class='ocr_line' id='line_1_92' title="bbox 1718 4446 3229 4515; baseline 0.001 -17"><span class='ocrx_word' id='word_1_697' title='bbox 1718 4446 1859 4499; x_wconf 83' lang='lat' dir='ltr'><strong>ribus</strong></span> <span class='ocrx_word' id='word_1_698' title='bbox 1890 4460 2065 4514; x_wconf 85' lang='lat' dir='ltr'><strong>regem</strong></span> <span class='ocrx_word' id='word_1_699' title='bbox 2113 4446 2309 4500; x_wconf 88' lang='lat' dir='ltr'><strong>intueri</strong></span> <span class='ocrx_word' id='word_1_700' title='bbox 2353 4446 2529 4509; x_wconf 87' lang='lat' dir='ltr'><strong>liceat,</strong></span> <span class='ocrx_word' id='word_1_701' title='bbox 2568 4447 2694 4515; x_wconf 92' lang='lat' dir='ltr'><strong>quid</strong></span> <span class='ocrx_word' id='word_1_702' title='bbox 2728 4447 2954 4514; x_wconf 89' lang='lat' dir='ltr'><strong>amplius</strong></span> <span class='ocrx_word' id='word_1_703' title='bbox 2976 4446 3229 4500; x_wconf 79' lang='lat' dir='ltr'><strong>dubitan-</strong></span> 
     </span>
    </p>
   </div>
   <div class='ocr_carea' id='block_1_93' title="bbox 112 4524 1609 4601">
    <p class='ocr_par' dir='ltr' id='par_1_93' title="bbox 112 4524 1609 4601">
     <span class='ocr_line' id='line_1_93' title="bbox 112 4524 1609 4601; baseline 0.003 -24"><span class='ocrx_word' id='word_1_704' title='bbox 112 4524 241 4577; x_wconf 69' lang='grc' dir='ltr'>αὒτὺν</span> <span class='ocrx_word' id='word_1_705' title='bbox 266 4529 351 4582; x_wconf 69' lang='grc' dir='ltr'><strong>ἐπὶ</strong></span> <span class='ocrx_word' id='word_1_706' title='bbox 369 4530 461 4583; x_wconf 75' lang='grc' dir='ltr'><strong>τοῦ</strong></span> <span class='ocrx_word' id='word_1_707' title='bbox 491 4531 740 4601; x_wconf 80' lang='grc' dir='ltr'>Σωτῆρος</span> <span class='ocrx_word' id='word_1_708' title='bbox 761 4530 914 4600; x_wconf 84' lang='grc' dir='ltr'>ήμῶν</span> <span class='ocrx_word' id='word_1_709' title='bbox 939 4530 1230 4599; x_wconf 83' lang='grc' dir='ltr'>γενόμενοι.</span> <span class='ocrx_word' id='word_1_710' title='bbox 1264 4530 1411 4584; x_wconf 77' lang='grc' dir='ltr'>Μετὰ</span> <span class='ocrx_word' id='word_1_711' title='bbox 1434 4529 1609 4599; x_wconf 75' lang='grc' dir='ltr'>δὲτὴν</span> 
     </span>
    </p>
   </div>
   <div class='ocr_carea' id='block_1_94' title="bbox 111 4613 1608 4686">
    <p class='ocr_par' dir='ltr' id='par_1_94' title="bbox 111 4613 1608 4686">
     <span class='ocr_line' id='line_1_94' title="bbox 111 4613 1608 4686; baseline 0.003 -21"><span class='ocrx_word' id='word_1_712' title='bbox 111 4613 387 4683; x_wconf 70' lang='grc' dir='ltr'>ἐπιφάνειαν</span> <span class='ocrx_word' id='word_1_713' title='bbox 428 4621 588 4673; x_wconf 75' lang='grc' dir='ltr'><strong>αὐτοῦ</strong></span> <span class='ocrx_word' id='word_1_714' title='bbox 608 4659 624 4683; x_wconf 87' lang='grc'><strong>,</strong></span> <span class='ocrx_word' id='word_1_715' title='bbox 678 4622 771 4673; x_wconf 75' lang='grc' dir='ltr'>καὶ</span> <span class='ocrx_word' id='word_1_716' title='bbox 819 4620 883 4672; x_wconf 79' lang='grc' dir='ltr'>τὸ</span> <span class='ocrx_word' id='word_1_717' title='bbox 926 4619 1267 4686; x_wconf 84' lang='grc' dir='ltr'>εὐαγγελικὸν</span> <span class='ocrx_word' id='word_1_718' title='bbox 1303 4619 1380 4682; x_wconf 81' lang='grc' dir='ltr'><strong>εἰς</strong></span> <span class='ocrx_word' id='word_1_719' title='bbox 1408 4618 1608 4680; x_wconf 77' lang='grc' dir='ltr'>πάντας</span> 
     </span>
    </p>
   </div>
   <div class='ocr_carea' id='block_1_95' title="bbox 112 4700 1605 4778">
    <p class='ocr_par' dir='ltr' id='par_1_95' title="bbox 112 4700 1605 4778">
     <span class='ocr_line' id='line_1_95' title="bbox 112 4700 1605 4778; baseline 0.017 -26"><span class='ocrx_word' id='word_1_720' title='bbox 112 4700 386 4772; x_wconf 73' lang='grc' dir='ltr'>ἀνθρώπους</span> <span class='ocrx_word' id='word_1_721' title='bbox 419 4709 509 4762; x_wconf 82' lang='grc' dir='ltr'>τοῦ</span> <span class='ocrx_word' id='word_1_722' title='bbox 555 4706 620 4761; x_wconf 80' lang='grc' dir='ltr'>ἐκ</span> <span class='ocrx_word' id='word_1_723' title='bbox 666 4710 764 4778; x_wconf 82' lang='grc' dir='ltr'><strong>τῆς</strong></span> <span class='ocrx_word' id='word_1_724' title='bbox 803 4707 1073 4778; x_wconf 84' lang='grc' dir='ltr'>Παρθένου</span> <span class='ocrx_word' id='word_1_725' title='bbox 1105 4707 1288 4770; x_wconf 78' lang='grc' dir='ltr'>παιδὸς</span> <span class='ocrx_word' id='word_1_726' title='bbox 1330 4709 1605 4778; x_wconf 58' lang='grc' dir='ltr'>κήρυγμα,</span> 
     </span>
    </p>
   </div>
   <div class='ocr_carea' id='block_1_96' title="bbox 113 4794 1606 4867">
    <p class='ocr_par' dir='ltr' id='par_1_96' title="bbox 113 4794 1606 4867">
     <span class='ocr_line' id='line_1_96' title="bbox 113 4794 1606 4867; baseline 0.007 -27"><span class='ocrx_word' id='word_1_727' title='bbox 113 4794 476 4852; x_wconf 65' lang='grc' dir='ltr'>καταλέλειπται</span> <span class='ocrx_word' id='word_1_728' title='bbox 535 4798 734 4853; x_wconf 78' lang='grc' dir='ltr'>αὐτίκα</span> <span class='ocrx_word' id='word_1_729' title='bbox 796 4799 831 4867; x_wconf 82' lang='grc' dir='ltr'><strong>ή</strong></span> <span class='ocrx_word' id='word_1_730' title='bbox 879 4797 948 4866; x_wconf 85' lang='grc' dir='ltr'>γῆ</span> <span class='ocrx_word' id='word_1_731' title='bbox 1001 4796 1105 4849; x_wconf 84' lang='grc' dir='ltr'><strong>ἀπὸ</strong></span> <span class='ocrx_word' id='word_1_732' title='bbox 1166 4795 1449 4866; x_wconf 81' lang='grc' dir='ltr'>προσώπου</span> <span class='ocrx_word' id='word_1_733' title='bbox 1497 4800 1606 4851; x_wconf 86' lang='grc' dir='ltr'>τοῖν</span> 
     </span>
    </p>
   </div>
   <div class='ocr_carea' id='block_1_97' title="bbox 112 4878 1605 4957">
    <p class='ocr_par' dir='ltr' id='par_1_97' title="bbox 112 4878 1605 4957">
     <span class='ocr_line' id='line_1_97' title="bbox 112 4878 1605 4957; baseline 0.008 -29"><span class='ocrx_word' id='word_1_734' title='bbox 112 4878 225 4934; x_wconf 65' lang='grc' dir='ltr'>δυεῖν</span> <span class='ocrx_word' id='word_1_735' title='bbox 247 4883 508 4951; x_wconf 74' lang='grc' dir='ltr'>βασιλέων.</span> <span class='ocrx_word' id='word_1_736' title='bbox 565 4886 655 4951; x_wconf 80' lang='grc' dir='ltr'><strong>Ἐξ</strong></span> <span class='ocrx_word' id='word_1_737' title='bbox 685 4887 890 4939; x_wconf 78' lang='grc' dir='ltr'>ἐκείνου</span> <span class='ocrx_word' id='word_1_738' title='bbox 920 4885 1027 4956; x_wconf 81' lang='grc' dir='ltr'>γὰρ</span> <span class='ocrx_word' id='word_1_739' title='bbox 1048 4885 1143 4956; x_wconf 83' lang='grc' dir='ltr'>τῆς</span> <span class='ocrx_word' id='word_1_740' title='bbox 1198 4886 1473 4956; x_wconf 85' lang='grc' dir='ltr'>Ῥωμαίων</span> <span class='ocrx_word' id='word_1_741' title='bbox 1509 4905 1605 4957; x_wconf 90' lang='grc' dir='ltr'>μο-</span> 
     </span>
    </p>
   </div>
   <div class='ocr_carea' id='block_1_98' title="bbox 113 4972 1604 5046">
    <p class='ocr_par' dir='ltr' id='par_1_98' title="bbox 113 4972 1604 5046">
     <span class='ocr_line' id='line_1_98' title="bbox 113 4972 1604 5046; baseline 0.005 -25"><span class='ocrx_word' id='word_1_742' title='bbox 113 4972 296 5037; x_wconf 63' lang='grc' dir='ltr'>ναρχίας</span> <span class='ocrx_word' id='word_1_743' title='bbox 318 4975 418 5026; x_wconf 83' lang='grc' dir='ltr'><strong>τῶν</strong></span> <span class='ocrx_word' id='word_1_744' title='bbox 449 4976 614 5029; x_wconf 75' lang='grc' dir='ltr'>ἐθνῶν</span> <span class='ocrx_word' id='word_1_745' title='bbox 654 4975 1112 5045; x_wconf 82' lang='grc' dir='ltr'>ὲπικρατησάσης,</span> <span class='ocrx_word' id='word_1_746' title='bbox 1150 4975 1363 5030; x_wconf 72' lang='grc' dir='ltr'>ἐλέλυτο</span> <span class='ocrx_word' id='word_1_747' title='bbox 1390 4977 1484 5046; x_wconf 85' lang='grc' dir='ltr'>μὲν</span> <span class='ocrx_word' id='word_1_748' title='bbox 1511 4976 1604 5032; x_wconf 78' lang='grc' dir='ltr'>καὶ</span> 
     </span>
    </p>
   </div>
   <div class='ocr_carea' id='block_1_99' title="bbox 114 5055 1600 5133">
    <p class='ocr_par' dir='ltr' id='par_1_99' title="bbox 114 5055 1600 5133">
     <span class='ocr_line' id='line_1_99' title="bbox 114 5055 1600 5133; baseline 0.011 -33"><span class='ocrx_word' id='word_1_749' title='bbox 114 5055 233 5107; x_wconf 73' lang='grc' dir='ltr'>πᾶσα</span> <span class='ocrx_word' id='word_1_750' title='bbox 255 5061 284 5128; x_wconf 81' lang='grc' dir='ltr'><strong>ἡ</strong></span> <span class='ocrx_word' id='word_1_751' title='bbox 312 5063 442 5114; x_wconf 84' lang='grc' dir='ltr'>κατὰ</span> <span class='ocrx_word' id='word_1_752' title='bbox 468 5064 592 5126; x_wconf 74' lang='grc' dir='ltr'>τοὺς</span> <span class='ocrx_word' id='word_1_753' title='bbox 607 5062 801 5124; x_wconf 85' lang='grc' dir='ltr'>τόπους</span> <span class='ocrx_word' id='word_1_754' title='bbox 826 5062 1078 5133; x_wconf 81' lang='grc' dir='ltr'>ὲθναρχία</span> <span class='ocrx_word' id='word_1_755' title='bbox 1103 5080 1160 5115; x_wconf 89' lang='grc' dir='ltr'><strong>τε</strong></span> <span class='ocrx_word' id='word_1_756' title='bbox 1179 5063 1272 5116; x_wconf 75' lang='grc' dir='ltr'>καὶ</span> <span class='ocrx_word' id='word_1_757' title='bbox 1290 5064 1568 5133; x_wconf 88' lang='grc' dir='ltr'>πολιαρχία</span> <span class='ocrx_word' id='word_1_758' title='bbox 1584 5081 1600 5094; x_wconf 87' lang='grc'><strong>·</strong></span> 
     </span>
    </p>
   </div>
   <div class='ocr_carea' id='block_1_100' title="bbox 113 5140 1603 5221">
    <p class='ocr_par' dir='ltr' id='par_1_100' title="bbox 113 5140 1603 5221">
     <span class='ocr_line' id='line_1_100' title="bbox 113 5140 1603 5221; baseline 0.013 -35"><span class='ocrx_word' id='word_1_759' title='bbox 113 5140 231 5204; x_wconf 71' lang='grc' dir='ltr'>τέλος</span> <span class='ocrx_word' id='word_1_760' title='bbox 264 5145 314 5198; x_wconf 75' lang='grc' dir='ltr'>δὲ</span> <span class='ocrx_word' id='word_1_761' title='bbox 367 5149 497 5217; x_wconf 82' lang='grc' dir='ltr'>μετὰ</span> <span class='ocrx_word' id='word_1_762' title='bbox 549 5150 656 5202; x_wconf 81' lang='grc' dir='ltr'>τῶν</span> <span class='ocrx_word' id='word_1_763' title='bbox 713 5150 886 5221; x_wconf 84' lang='grc' dir='ltr'>ἄλλων</span> <span class='ocrx_word' id='word_1_764' title='bbox 942 5150 1034 5202; x_wconf 68' lang='grc' dir='ltr'>καὶ</span> <span class='ocrx_word' id='word_1_765' title='bbox 1083 5150 1150 5203; x_wconf 84' lang='grc' dir='ltr'><strong>τὰ</strong></span> <span class='ocrx_word' id='word_1_766' title='bbox 1192 5151 1288 5218; x_wconf 84' lang='grc' dir='ltr'>τῆς</span> <span class='ocrx_word' id='word_1_767' title='bbox 1323 5152 1378 5203; x_wconf 76' lang='grc' dir='ltr'>ἐν</span> <span class='ocrx_word' id='word_1_768' title='bbox 1424 5153 1603 5221; x_wconf 72' lang='grc' dir='ltr'>χερσὶν</span> 
     </span>
    </p>
   </div>
   <div class='ocr_carea' id='block_1_101' title="bbox 115 5228 1604 5313">
    <p class='ocr_par' dir='ltr' id='par_1_101' title="bbox 115 5228 1604 5313">
     <span class='ocr_line' id='line_1_101' title="bbox 115 5228 1604 5313; baseline 0.012 -35"><span class='ocrx_word' id='word_1_769' title='bbox 115 5228 336 5299; x_wconf 73' lang='grc' dir='ltr'>ἐλάμϐανε</span> <span class='ocrx_word' id='word_1_770' title='bbox 382 5241 729 5310; x_wconf 76' lang='grc' dir='ltr'>προφητείας.</span> <span class='ocrx_word' id='word_1_771' title='bbox 793 5242 957 5310; x_wconf 77' lang='grc' dir='ltr'>Ῥητὰ</span> <span class='ocrx_word' id='word_1_772' title='bbox 1011 5240 1107 5308; x_wconf 83' lang='grc' dir='ltr'>μὲν</span> <span class='ocrx_word' id='word_1_773' title='bbox 1150 5236 1240 5293; x_wconf 82' lang='grc' dir='ltr'>οὖν</span> <span class='ocrx_word' id='word_1_774' title='bbox 1269 5241 1388 5293; x_wconf 81' lang='grc' dir='ltr'>τάδε</span> <span class='ocrx_word' id='word_1_775' title='bbox 1415 5260 1427 5272; x_wconf 76' lang='grc' dir='ltr'><strong><em>ο</em></strong></span> <span class='ocrx_word' id='word_1_776' title='bbox 1473 5244 1604 5313; x_wconf 78' lang='grc' dir='ltr'>πρὸς</span> 
     </span>
    </p>
   </div>
   <div class='ocr_carea' id='block_1_102' title="bbox 114 5315 1603 5400">
    <p class='ocr_par' dir='ltr' id='par_1_102' title="bbox 114 5315 1603 5400">
     <span class='ocr_line' id='line_1_102' title="bbox 114 5315 1603 5400; baseline 0.008 -27"><span class='ocrx_word' id='word_1_777' title='bbox 114 5315 157 5368; x_wconf 65' lang='grc' dir='ltr'><strong>ἃ</strong></span> <span class='ocrx_word' id='word_1_778' title='bbox 187 5320 397 5379; x_wconf 80' lang='grc' dir='ltr'>διάνοιαν</span> <span class='ocrx_word' id='word_1_779' title='bbox 434 5331 461 5383; x_wconf 87' lang='grc' dir='ltr'><strong>ὸ</strong></span> <span class='ocrx_word' id='word_1_780' title='bbox 528 5331 630 5399; x_wconf 82' lang='grc' dir='ltr'>τῆς</span> <span class='ocrx_word' id='word_1_781' title='bbox 687 5330 1019 5399; x_wconf 74' lang='grc' dir='ltr'>προφητείας</span> <span class='ocrx_word' id='word_1_782' title='bbox 1071 5330 1220 5396; x_wconf 82' lang='grc' dir='ltr'>λόγος</span> <span class='ocrx_word' id='word_1_783' title='bbox 1259 5330 1466 5400; x_wconf 82' lang='grc' dir='ltr'>ἀπάσης</span> <span class='ocrx_word' id='word_1_784' title='bbox 1505 5333 1603 5400; x_wconf 73' lang='grc' dir='ltr'>ψυ-</span> 
     </span>
    </p>
   </div>
   <div class='ocr_carea' id='block_1_103' title="bbox 119 5405 1599 5487">
    <p class='ocr_par' dir='ltr' id='par_1_103' title="bbox 119 5405 1599 5487">
     <span class='ocr_line' id='line_1_103' title="bbox 119 5405 1599 5487; baseline 0.002 -19"><span class='ocrx_word' id='word_1_785' title='bbox 119 5405 192 5473; x_wconf 65' lang='grc' dir='ltr'><strong>πῆς</strong></span> <span class='ocrx_word' id='word_1_786' title='bbox 209 5411 260 5461; x_wconf 81' lang='grc' dir='ltr'>τὸ</span> <span class='ocrx_word' id='word_1_787' title='bbox 284 5415 523 5480; x_wconf 80' lang='grc' dir='ltr'>εὐσταθὲς</span> <span class='ocrx_word' id='word_1_788' title='bbox 543 5419 639 5470; x_wconf 72' lang='grc' dir='ltr'><strong>καὶ</strong></span> <span class='ocrx_word' id='word_1_789' title='bbox 649 5418 952 5487; x_wconf 77' lang='grc' dir='ltr'>γαληναῖον,</span> <span class='ocrx_word' id='word_1_790' title='bbox 972 5416 1064 5468; x_wconf 74' lang='grc' dir='ltr'>καὶ</span> <span class='ocrx_word' id='word_1_791' title='bbox 1083 5416 1343 5485; x_wconf 85' lang='grc' dir='ltr'>είρηναίον</span> <span class='ocrx_word' id='word_1_792' title='bbox 1359 5418 1599 5486; x_wconf 85' lang='grc' dir='ltr'>σημαίνει</span> 
     </span>
    </p>
   </div>
   <div class='ocr_carea' id='block_1_104' title="bbox 118 5492 1623 5576">
    <p class='ocr_par' dir='ltr' id='par_1_104' title="bbox 118 5492 1623 5576">
     <span class='ocr_line' id='line_1_104' title="bbox 118 5492 1623 5576; baseline 0.016 -23"><span class='ocrx_word' id='word_1_793' title='bbox 118 5492 191 5562; x_wconf 77' lang='grc' dir='ltr'><strong>τῆς</strong></span> <span class='ocrx_word' id='word_1_794' title='bbox 215 5499 293 5553; x_wconf 76' lang='grc' dir='ltr'>τὸν</span> <span class='ocrx_word' id='word_1_795' title='bbox 322 5506 643 5576; x_wconf 81' lang='grc' dir='ltr'>γεννηθέντα</span> <span class='ocrx_word' id='word_1_796' title='bbox 670 5505 798 5556; x_wconf 76' lang='grc' dir='ltr'>Θεὸν</span> <span class='ocrx_word' id='word_1_797' title='bbox 831 5504 992 5557; x_wconf 76' lang='grc' dir='ltr'>αιτδν</span> <span class='ocrx_word' id='word_1_798' title='bbox 1030 5502 1092 5570; x_wconf 81' lang='grc' dir='ltr'>δὴ</span> <span class='ocrx_word' id='word_1_799' title='bbox 1130 5503 1219 5553; x_wconf 77' lang='grc' dir='ltr'>τὸν</span> <span class='ocrx_word' id='word_1_800' title='bbox 1270 5503 1623 5576; x_wconf 73' lang='grc' dir='ltr'>Ἐμμανουὴλ’</span> 
     </span>
    </p>
   </div>
   <div class='ocr_carea' id='block_1_105' title="bbox 125 5593 1597 5670">
    <p class='ocr_par' dir='ltr' id='par_1_105' title="bbox 125 5593 1597 5670">
     <span class='ocr_line' id='line_1_105' title="bbox 125 5593 1597 5670; baseline 0.01 -33"><span class='ocrx_word' id='word_1_801' title='bbox 125 5593 524 5670; x_wconf 74' lang='grc' dir='ltr'>παραδεξαμένης,</span> <span class='ocrx_word' id='word_1_802' title='bbox 575 5598 723 5658; x_wconf 76' lang='grc' dir='ltr'>Ἔνος</span> <span class='ocrx_word' id='word_1_803' title='bbox 747 5597 853 5665; x_wconf 83' lang='grc' dir='ltr'>γὰρ</span> <span class='ocrx_word' id='word_1_804' title='bbox 884 5594 1114 5666; x_wconf 80' lang='grc' dir='ltr'>Χριστοῦ</span> <span class='ocrx_word' id='word_1_805' title='bbox 1144 5594 1238 5647; x_wconf 72' lang='grc' dir='ltr'><strong>καὶ</strong></span> <span class='ocrx_word' id='word_1_806' title='bbox 1272 5596 1362 5648; x_wconf 79' lang='grc' dir='ltr'>τοῦ</span> <span class='ocrx_word' id='word_1_807' title='bbox 1406 5616 1597 5667; x_wconf 85' lang='grc' dir='ltr'>καταγ-</span> 
     </span>
    </p>
   </div>
   <div class='ocr_carea' id='block_1_106' title="bbox 123 5671 1590 5754">
    <p class='ocr_par' dir='ltr' id='par_1_106' title="bbox 123 5671 1590 5754">
     <span class='ocr_line' id='line_1_106' title="bbox 123 5671 1590 5754; baseline 0.003 -21"><span class='ocrx_word' id='word_1_808' title='bbox 123 5671 342 5742; x_wconf 71' lang='grc' dir='ltr'>γελοέντος</span> <span class='ocrx_word' id='word_1_809' title='bbox 387 5686 519 5754; x_wconf 81' lang='grc' dir='ltr'>πρὸς</span> <span class='ocrx_word' id='word_1_810' title='bbox 585 5682 748 5735; x_wconf 74' lang='grc' dir='ltr'><strong>αὐτοῦ</strong></span> <span class='ocrx_word' id='word_1_811' title='bbox 807 5683 962 5749; x_wconf 79' lang='grc' dir='ltr'>λόγου</span> <span class='ocrx_word' id='word_1_812' title='bbox 1019 5683 1111 5750; x_wconf 80' lang='grc' dir='ltr'>τῆς</span> <span class='ocrx_word' id='word_1_813' title='bbox 1158 5680 1260 5733; x_wconf 79' lang='grc' dir='ltr'>τῶν</span> <span class='ocrx_word' id='word_1_814' title='bbox 1310 5684 1590 5753; x_wconf 73' lang='grc' dir='ltr'>ἀνθρώπων</span> 
     </span>
    </p>
   </div>
   <div class='ocr_carea' id='block_1_107' title="bbox 1705 4535 3223 4604">
    <p class='ocr_par' dir='ltr' id='par_1_107' title="bbox 1705 4535 3223 4604">
     <span class='ocr_line' id='line_1_107' title="bbox 1705 4535 3223 4604; baseline -0.001 -16"><span class='ocrx_word' id='word_1_815' title='bbox 1705 4535 1828 4588; x_wconf 91' lang='lat' dir='ltr'><strong>dum</strong></span> <span class='ocrx_word' id='word_1_816' title='bbox 1878 4543 1983 4600; x_wconf 90' lang='lat' dir='ltr'><strong>est,</strong></span> <span class='ocrx_word' id='word_1_817' title='bbox 2040 4536 2314 4589; x_wconf 91' lang='lat' dir='ltr'><strong>oraculum</strong></span> <span class='ocrx_word' id='word_1_818' title='bbox 2350 4552 2503 4590; x_wconf 90' lang='lat' dir='ltr'><strong>suum</strong></span> <span class='ocrx_word' id='word_1_819' title='bbox 2551 4536 2706 4589; x_wconf 84' lang='lat' dir='ltr'><strong>linem</strong></span> <span class='ocrx_word' id='word_1_820' title='bbox 2762 4536 3046 4604; x_wconf 87' lang='lat' dir='ltr'><strong>accepisse.</strong></span> <span class='ocrx_word' id='word_1_821' title='bbox 3082 4535 3223 4602; x_wconf 88' lang='lat' dir='ltr'><strong>quod</strong></span> 
     </span>
    </p>
   </div>
   <div class='ocr_carea' id='block_1_108' title="bbox 1705 4623 3219 4692">
    <p class='ocr_par' dir='ltr' id='par_1_108' title="bbox 1705 4623 3219 4692">
     <span class='ocr_line' id='line_1_108' title="bbox 1705 4623 3219 4692; baseline -0.002 -15"><span class='ocrx_word' id='word_1_822' title='bbox 1705 4624 1815 4677; x_wconf 79' lang='lat' dir='ltr'><strong>ait?</strong></span> <span class='ocrx_word' id='word_1_823' title='bbox 1857 4641 1874 4672; x_wconf 94' lang='lat'><strong>«</strong></span> <span class='ocrx_word' id='word_1_824' title='bbox 1899 4623 1964 4675; x_wconf 91' lang='lat' dir='ltr'><strong>Et</strong></span> <span class='ocrx_word' id='word_1_825' title='bbox 2000 4625 2327 4692; x_wconf 88' lang='lat' dir='ltr'><strong>relinquetur</strong></span> <span class='ocrx_word' id='word_1_826' title='bbox 2357 4633 2499 4679; x_wconf 88' lang='lat' dir='ltr'><strong>terra</strong></span> <span class='ocrx_word' id='word_1_827' title='bbox 2539 4640 2568 4677; x_wconf 89' lang='lat' dir='ltr'><strong>a</strong></span> <span class='ocrx_word' id='word_1_828' title='bbox 2608 4624 2740 4677; x_wconf 81' lang='lat' dir='ltr'><strong>facie</strong></span> <span class='ocrx_word' id='word_1_829' title='bbox 2766 4624 2991 4676; x_wconf 85' lang='lat' dir='ltr'><strong>duorum</strong></span> <span class='ocrx_word' id='word_1_830' title='bbox 3017 4638 3219 4691; x_wconf 82' lang='lat' dir='ltr'><strong>regum,</strong></span> 
     </span>
    </p>
   </div>
   <div class='ocr_carea' id='block_1_109' title="bbox 1704 4711 3219 4782">
    <p class='ocr_par' dir='ltr' id='par_1_109' title="bbox 1704 4711 3219 4782">
     <span class='ocr_line' id='line_1_109' title="bbox 1704 4711 3219 4782; baseline -0.001 -17"><span class='ocrx_word' id='word_1_831' title='bbox 1704 4728 1839 4782; x_wconf 89' lang='lat' dir='ltr'><strong>quos</strong></span> <span class='ocrx_word' id='word_1_832' title='bbox 1873 4723 1926 4765; x_wconf 92' lang='lat' dir='ltr'><strong>tu</strong></span> <span class='ocrx_word' id='word_1_833' title='bbox 1977 4713 2132 4767; x_wconf 90' lang='lat' dir='ltr'><strong>times</strong></span> <span class='ocrx_word' id='word_1_834' title='bbox 2155 4729 2185 4766; x_wconf 87' lang='lat' dir='ltr'><strong>a</strong></span> <span class='ocrx_word' id='word_1_835' title='bbox 2214 4714 2346 4767; x_wconf 83' lang='lat' dir='ltr'><strong>facie</strong></span> <span class='ocrx_word' id='word_1_836' title='bbox 2376 4715 2648 4781; x_wconf 85' lang='lat' dir='ltr'><strong>ipsorum;</strong></span> <span class='ocrx_word' id='word_1_837' title='bbox 2674 4731 2691 4763; x_wconf 73' lang='grc' dir='ltr'><strong>ι</strong></span> <span class='ocrx_word' id='word_1_838' title='bbox 2730 4714 2923 4780; x_wconf 82' lang='lat' dir='ltr'><strong>quibus</strong></span> <span class='ocrx_word' id='word_1_839' title='bbox 2965 4712 3015 4764; x_wconf 88' lang='lat' dir='ltr'><strong>in</strong></span> <span class='ocrx_word' id='word_1_840' title='bbox 3045 4711 3219 4764; x_wconf 79' lang='lat' dir='ltr'><strong>verbis</strong></span> 
     </span>
    </p>
   </div>
   <div class='ocr_carea' id='block_1_110' title="bbox 1702 4784 3221 4869">
    <p class='ocr_par' dir='ltr' id='par_1_110' title="bbox 1702 4784 3221 4869">
     <span class='ocr_line' id='line_1_110' title="bbox 1702 4784 3221 4869; baseline -0.003 -17"><span class='ocrx_word' id='word_1_841' title='bbox 1702 4813 1852 4868; x_wconf 80' lang='lat' dir='ltr'><strong>reges</strong></span> <span class='ocrx_word' id='word_1_842' title='bbox 1879 4784 1975 4865; x_wconf 84' lang='lat' dir='ltr'><strong>pro</strong></span> <span class='ocrx_word' id='word_1_843' title='bbox 2025 4800 2204 4869; x_wconf 81' lang='lat' dir='ltr'><strong>regnis</strong></span> <span class='ocrx_word' id='word_1_844' title='bbox 2250 4801 2505 4852; x_wconf 87' lang='lat' dir='ltr'><strong>nominati</strong></span> <span class='ocrx_word' id='word_1_845' title='bbox 2550 4806 2693 4857; x_wconf 86' lang='lat' dir='ltr'><strong>sunt.</strong></span> <span class='ocrx_word' id='word_1_846' title='bbox 2746 4798 3015 4866; x_wconf 86' lang='lat' dir='ltr'><strong>Siquidem</strong></span> <span class='ocrx_word' id='word_1_847' title='bbox 3067 4795 3221 4867; x_wconf 81' lang='lat' dir='ltr'><strong>Sym-</strong></span> 
     </span>
    </p>
   </div>
   <div class='ocr_carea' id='block_1_111' title="bbox 1702 4887 3215 4958">
    <p class='ocr_par' dir='ltr' id='par_1_111' title="bbox 1702 4887 3215 4958">
     <span class='ocr_line' id='line_1_111' title="bbox 1702 4887 3215 4958; baseline -0.003 -17"><span class='ocrx_word' id='word_1_848' title='bbox 1702 4889 1921 4941; x_wconf 87' lang='lat' dir='ltr'><strong>machus</strong></span> <span class='ocrx_word' id='word_1_849' title='bbox 1964 4887 2067 4949; x_wconf 66' lang='lat' dir='ltr'><strong>ita,</strong></span> <span class='ocrx_word' id='word_1_850' title='bbox 2097 4890 2208 4941; x_wconf 89' lang='lat' dir='ltr'><strong>ait:</strong></span> <span class='ocrx_word' id='word_1_851' title='bbox 2265 4888 2654 4958; x_wconf 69' lang='lat' dir='ltr'><strong>«Relinquetur</strong></span> <span class='ocrx_word' id='word_1_852' title='bbox 2713 4894 2875 4949; x_wconf 89' lang='lat' dir='ltr'><strong>terra,</strong></span> <span class='ocrx_word' id='word_1_853' title='bbox 2927 4901 2957 4938; x_wconf 90' lang='lat' dir='ltr'><strong>a</strong></span> <span class='ocrx_word' id='word_1_854' title='bbox 3007 4901 3109 4954; x_wconf 82' lang='lat' dir='ltr'><strong>qua</strong></span> <span class='ocrx_word' id='word_1_855' title='bbox 3161 4903 3215 4938; x_wconf 83' lang='grc' dir='ltr'><strong>ιιι</strong></span> 
     </span>
    </p>
   </div>
   <div class='ocr_carea' id='block_1_112' title="bbox 1699 4975 3213 5047">
    <p class='ocr_par' dir='ltr' id='par_1_112' title="bbox 1699 4975 3213 5047">
     <span class='ocr_line' id='line_1_112' title="bbox 1699 4975 3213 5047; baseline -0.001 -17"><span class='ocrx_word' id='word_1_856' title='bbox 1699 4978 1837 5031; x_wconf 90' lang='lat' dir='ltr'><strong>mala</strong></span> <span class='ocrx_word' id='word_1_857' title='bbox 1899 4976 2127 5045; x_wconf 88' lang='lat' dir='ltr'><strong>pateris,</strong></span> <span class='ocrx_word' id='word_1_858' title='bbox 2170 4992 2200 5029; x_wconf 88' lang='lat' dir='ltr'><strong>a</strong></span> <span class='ocrx_word' id='word_1_859' title='bbox 2258 4975 2391 5032; x_wconf 87' lang='lat' dir='ltr'><strong>faeie</strong></span> <span class='ocrx_word' id='word_1_860' title='bbox 2456 4978 2681 5031; x_wconf 89' lang='lat' dir='ltr'><strong>duorum</strong></span> <span class='ocrx_word' id='word_1_861' title='bbox 2744 4993 2928 5046; x_wconf 85' lang='lat' dir='ltr'><strong>regum</strong></span> <span class='ocrx_word' id='word_1_862' title='bbox 2988 4977 3213 5047; x_wconf 65' lang='lat' dir='ltr'><strong>ipsius.»</strong></span> 
     </span>
    </p>
   </div>
   <div class='ocr_carea' id='block_1_113' title="bbox 1698 5064 3215 5140">
    <p class='ocr_par' dir='ltr' id='par_1_113' title="bbox 1698 5064 3215 5140">
     <span class='ocr_line' id='line_1_113' title="bbox 1698 5064 3215 5140; baseline 0.001 -22"><span class='ocrx_word' id='word_1_863' title='bbox 1698 5065 1888 5134; x_wconf 85' lang='lat' dir='ltr'><strong>Aquila</strong></span> <span class='ocrx_word' id='word_1_864' title='bbox 1936 5079 2129 5119; x_wconf 78' lang='lat' dir='ltr'><strong>.vero:</strong></span> <span class='ocrx_word' id='word_1_865' title='bbox 2239 5064 2623 5140; x_wconf 67' lang='lat' dir='ltr'><strong>«Relinquetur</strong></span> <span class='ocrx_word' id='word_1_866' title='bbox 2684 5074 2858 5130; x_wconf 90' lang='lat' dir='ltr'><strong>terra,</strong></span> <span class='ocrx_word' id='word_1_867' title='bbox 2923 5083 3082 5137; x_wconf 91' lang='lat' dir='ltr'><strong>quam</strong></span> <span class='ocrx_word' id='word_1_868' title='bbox 3158 5076 3215 5133; x_wconf 79' lang='lat' dir='ltr'><strong>tu</strong></span> 
     </span>
    </p>
   </div>
   <div class='ocr_carea' id='block_1_114' title="bbox 1699 5152 3210 5223">
    <p class='ocr_par' dir='ltr' id='par_1_114' title="bbox 1699 5152 3210 5223">
     <span class='ocr_line' id='line_1_114' title="bbox 1699 5152 3210 5223; baseline -0.002 -14"><span class='ocrx_word' id='word_1_869' title='bbox 1699 5154 1909 5209; x_wconf 79' lang='lat' dir='ltr'><strong>fastidis</strong></span> <span class='ocrx_word' id='word_1_870' title='bbox 1934 5191 1951 5217; x_wconf 91' lang='lat'><strong>,</strong></span> <span class='ocrx_word' id='word_1_871' title='bbox 2013 5167 2044 5206; x_wconf 87' lang='lat' dir='ltr'><strong>a</strong></span> <span class='ocrx_word' id='word_1_872' title='bbox 2084 5152 2219 5208; x_wconf 77' lang='lat' dir='ltr'><strong>facie</strong></span> <span class='ocrx_word' id='word_1_873' title='bbox 2268 5154 2494 5208; x_wconf 87' lang='lat' dir='ltr'><strong>duorum</strong></span> <span class='ocrx_word' id='word_1_874' title='bbox 2533 5168 2714 5222; x_wconf 84' lang='lat' dir='ltr'><strong>regum</strong></span> <span class='ocrx_word' id='word_1_875' title='bbox 2757 5155 2939 5223; x_wconf 91' lang='lat' dir='ltr'><strong>ipsius.</strong></span> <span class='ocrx_word' id='word_1_876' title='bbox 2972 5174 2990 5207; x_wconf 78' lang='grc' dir='ltr'><strong>ι</strong></span> <span class='ocrx_word' id='word_1_877' title='bbox 3034 5155 3210 5207; x_wconf 81' lang='lat' dir='ltr'><strong>Theo-</strong></span> 
     </span>
    </p>
   </div>
   <div class='ocr_carea' id='block_1_115' title="bbox 1698 5243 3203 5312">
    <p class='ocr_par' dir='ltr' id='par_1_115' title="bbox 1698 5243 3203 5312">
     <span class='ocr_line' id='line_1_115' title="bbox 1698 5243 3203 5312; baseline -0.001 -14"><span class='ocrx_word' id='word_1_878' title='bbox 1698 5243 1882 5298; x_wconf 88' lang='lat' dir='ltr'><strong>dotion</strong></span> <span class='ocrx_word' id='word_1_879' title='bbox 1931 5258 2142 5312; x_wconf 90' lang='lat' dir='ltr'><strong>quoque</strong></span> <span class='ocrx_word' id='word_1_880' title='bbox 2199 5244 2383 5310; x_wconf 86' lang='lat' dir='ltr'><strong>eodem</strong></span> <span class='ocrx_word' id='word_1_881' title='bbox 2446 5245 2827 5311; x_wconf 86' lang='lat' dir='ltr'><strong>interpretatus</strong></span> <span class='ocrx_word' id='word_1_882' title='bbox 2881 5253 2962 5300; x_wconf 89' lang='lat' dir='ltr'><strong>est</strong></span> <span class='ocrx_word' id='word_1_883' title='bbox 3017 5247 3203 5298; x_wconf 79' lang='lat' dir='ltr'><strong>modo-</strong></span> 
     </span>
    </p>
   </div>
   <div class='ocr_carea' id='block_1_116' title="bbox 1696 5322 3180 5411">
    <p class='ocr_par' dir='ltr' id='par_1_116' title="bbox 1696 5322 3180 5411">
     <span class='ocr_line' id='line_1_116' title="bbox 1696 5322 3180 5411; baseline 0.001 -23"><span class='ocrx_word' id='word_1_884' title='bbox 1696 5335 1856 5405; x_wconf 78' lang='lat'><strong>319</strong></span> <span class='ocrx_word' id='word_1_885' title='bbox 1882 5322 2296 5405; x_wconf 69' lang='lat' dir='ltr'><strong>«Relinquetur,</strong></span> <span class='ocrx_word' id='word_1_886' title='bbox 2334 5335 2525 5411; x_wconf 85' lang='lat' dir='ltr'><strong>inquit,</strong></span> <span class='ocrx_word' id='word_1_887' title='bbox 2558 5342 2697 5390; x_wconf 89' lang='lat' dir='ltr'><strong>terra</strong></span> <span class='ocrx_word' id='word_1_888' title='bbox 2731 5352 2888 5404; x_wconf 89' lang='lat' dir='ltr'><strong>quam</strong></span> <span class='ocrx_word' id='word_1_889' title='bbox 2930 5346 2987 5390; x_wconf 93' lang='lat' dir='ltr'><strong>tu</strong></span> <span class='ocrx_word' id='word_1_890' title='bbox 3009 5338 3180 5390; x_wconf 87' lang='lat' dir='ltr'><strong>abomi</strong></span> 
     </span>
    </p>
   </div>
   <div class='ocr_carea' id='block_1_117' title="bbox 1697 5418 3091 5495">
    <p class='ocr_par' dir='ltr' id='par_1_117' title="bbox 1697 5418 3091 5495">
     <span class='ocr_line' id='line_1_117' title="bbox 1697 5418 3091 5495; baseline 0.003 -20"><span class='ocrx_word' id='word_1_891' title='bbox 1697 5418 1904 5477; x_wconf 43' lang='lat' dir='ltr'><strong>naris‘a</strong></span> <span class='ocrx_word' id='word_1_892' title='bbox 1935 5423 2069 5478; x_wconf 80' lang='lat' dir='ltr'><strong>facie</strong></span> <span class='ocrx_word' id='word_1_893' title='bbox 2113 5424 2338 5493; x_wconf 81' lang='lat' dir='ltr'><strong>duorum</strong></span> <span class='ocrx_word' id='word_1_894' title='bbox 2384 5439 2565 5495; x_wconf 79' lang='lat' dir='ltr'><strong>regum</strong></span> <span class='ocrx_word' id='word_1_895' title='bbox 2611 5425 2799 5494; x_wconf 87' lang='lat' dir='ltr'><strong>ipsius.</strong></span> <span class='ocrx_word' id='word_1_896' title='bbox 2841 5444 2860 5477; x_wconf 77' lang='grc' dir='ltr'><strong>ι</strong></span> <span class='ocrx_word' id='word_1_897' title='bbox 2902 5425 3091 5479; x_wconf 88' lang='lat' dir='ltr'><strong>Cernis</strong></span> 
     </span>
    </p>
   </div>
   <div class='ocr_carea' id='block_1_118' title="bbox 1694 5510 3162 5583">
    <p class='ocr_par' dir='ltr' id='par_1_118' title="bbox 1694 5510 3162 5583">
     <span class='ocr_line' id='line_1_118' title="bbox 1694 5510 3162 5583; baseline 0.003 -20"><span class='ocrx_word' id='word_1_898' title='bbox 1694 5510 2007 5564; x_wconf 74' lang='lat' dir='ltr'><strong>vaticinatur</strong></span> <span class='ocrx_word' id='word_1_899' title='bbox 2038 5518 2233 5570; x_wconf 88' lang='lat' dir='ltr'><strong>terram</strong></span> <span class='ocrx_word' id='word_1_900' title='bbox 2276 5513 2675 5583; x_wconf 87' lang='lat' dir='ltr'><strong>relinquendam</strong></span> <span class='ocrx_word' id='word_1_901' title='bbox 2726 5530 2845 5570; x_wconf 86' lang='lat' dir='ltr'><strong>esse</strong></span> <span class='ocrx_word' id='word_1_902' title='bbox 2877 5516 2991 5570; x_wconf 89' lang='lat' dir='ltr'><strong>sine</strong></span> <span class='ocrx_word' id='word_1_903' title='bbox 3041 5530 3162 5582; x_wconf 81' lang='lat' dir='ltr'><strong>rege</strong></span> 
     </span>
    </p>
   </div>
   <div class='ocr_carea' id='block_1_119' title="bbox 1697 5597 3209 5671">
    <p class='ocr_par' dir='ltr' id='par_1_119' title="bbox 1697 5597 3209 5671">
     <span class='ocr_line' id='line_1_119' title="bbox 1697 5597 3209 5671; baseline 0.002 -20"><span class='ocrx_word' id='word_1_904' title='bbox 1697 5597 1799 5653; x_wconf 85' lang='lat' dir='ltr'><strong>Sed</strong></span> <span class='ocrx_word' id='word_1_905' title='bbox 1825 5614 1980 5667; x_wconf 88' lang='lat' dir='ltr'><strong>quam</strong></span> <span class='ocrx_word' id='word_1_906' title='bbox 2013 5600 2224 5671; x_wconf 81' lang='lat' dir='ltr'><strong>tandem</strong></span> <span class='ocrx_word' id='word_1_907' title='bbox 2258 5612 2448 5658; x_wconf 88' lang='lat' dir='ltr'><strong>terram</strong></span> <span class='ocrx_word' id='word_1_908' title='bbox 2468 5643 2484 5668; x_wconf 93' lang='lat'><strong>,</strong></span> <span class='ocrx_word' id='word_1_909' title='bbox 2516 5603 2617 5657; x_wconf 89' lang='lat' dir='ltr'><strong>nisi</strong></span> <span class='ocrx_word' id='word_1_910' title='bbox 2646 5602 3091 5659; x_wconf 88' lang='lat' dir='ltr'><strong>Damascenorum</strong></span> <span class='ocrx_word' id='word_1_911' title='bbox 3128 5611 3209 5655; x_wconf 81' lang='lat' dir='ltr'><strong>at-</strong></span> 
     </span>
    </p>
   </div>
   <div class='ocr_carea' id='block_1_120' title="bbox 1694 5675 3209 5762">
    <p class='ocr_par' dir='ltr' id='par_1_120' title="bbox 1694 5675 3209 5762">
     <span class='ocr_line' id='line_1_120' title="bbox 1694 5675 3209 5762; baseline -0.001 -22"><span class='ocrx_word' id='word_1_912' title='bbox 1694 5703 1800 5757; x_wconf 90' lang='lat' dir='ltr'><strong>que</strong></span> <span class='ocrx_word' id='word_1_913' title='bbox 1824 5675 2025 5742; x_wconf 84' lang='lat' dir='ltr'><strong>lsrael?</strong></span> <span class='ocrx_word' id='word_1_914' title='bbox 2052 5686 2255 5744; x_wconf 80' lang='lat' dir='ltr'><strong>llorum</strong></span> <span class='ocrx_word' id='word_1_915' title='bbox 2295 5694 2435 5747; x_wconf 88' lang='lat' dir='ltr'><strong>enim</strong></span> <span class='ocrx_word' id='word_1_916' title='bbox 2486 5694 2594 5747; x_wconf 84' lang='lat' dir='ltr'><strong>duo</strong></span> <span class='ocrx_word' id='word_1_917' title='bbox 2621 5706 2771 5762; x_wconf 77' lang='lat' dir='ltr'><strong>reges</strong></span> <span class='ocrx_word' id='word_1_918' title='bbox 2797 5698 2969 5756; x_wconf 86' lang='lat' dir='ltr'><strong>erant,</strong></span> <span class='ocrx_word' id='word_1_919' title='bbox 3001 5690 3066 5744; x_wconf 88' lang='lat' dir='ltr'><strong>de</strong></span> <span class='ocrx_word' id='word_1_920' title='bbox 3088 5690 3209 5757; x_wconf 84' lang='lat' dir='ltr'><strong>qui-</strong></span> 
     </span>
    </p>
   </div>
  </div>
