  <div class='ocr_page' id='page_1' title='image "/cluster/home/n/w/nwhite01/storage/ocr_20150623/22 (Eusebius; pt. 4)/nyp.33433081862355/276.png"; bbox 0 0 3738 6300; ppageno 0'>
   <div class='ocr_carea' id='block_1_1' title="bbox 138 391 242 449">
    <p class='ocr_par' dir='ltr' id='par_1_1' title="bbox 138 391 242 449">
     <span class='ocr_line' id='line_1_1' title="bbox 138 391 242 449; baseline 0 0"><span class='ocrx_word' id='word_1_1' title='bbox 138 391 242 449; x_wconf 73' lang='lat'><strong>505</strong></span> 
     </span>
    </p>
   </div>
   <div class='ocr_carea' id='block_1_2' title="bbox 975 335 2404 451">
    <p class='ocr_par' dir='ltr' id='par_1_2' title="bbox 975 335 2404 451">
     <span class='ocr_line' id='line_1_2' title="bbox 975 335 2404 451; baseline 0.003 -3"><span class='ocrx_word' id='word_1_2' title='bbox 975 335 1607 448; x_wconf 62' lang='lat' dir='ltr'><strong>neMONS&#39;I‘RA‘t‘IONIs</strong></span> <span class='ocrx_word' id='word_1_3' title='bbox 1644 375 2092 451; x_wconf 62' lang='lat' dir='ltr'><strong>EVANGELICE</strong></span> <span class='ocrx_word' id='word_1_4' title='bbox 2122 378 2249 447; x_wconf 75' lang='lat' dir='ltr'><strong>LIB.</strong></span> <span class='ocrx_word' id='word_1_5' title='bbox 2291 394 2404 451; x_wconf 85' lang='lat' dir='ltr'><strong>vn.</strong></span> 
     </span>
    </p>
   </div>
   <div class='ocr_carea' id='block_1_3' title="bbox 3153 406 3255 461">
    <p class='ocr_par' dir='ltr' id='par_1_3' title="bbox 3153 406 3255 461">
     <span class='ocr_line' id='line_1_3' title="bbox 3153 406 3255 461; baseline -0.01 0"><span class='ocrx_word' id='word_1_6' title='bbox 3153 406 3255 461; x_wconf 73' lang='lat'><strong>506</strong></span> 
     </span>
    </p>
   </div>
   <div class='ocr_carea' id='block_1_4' title="bbox 209 496 1659 580">
    <p class='ocr_par' dir='ltr' id='par_1_4' title="bbox 209 496 1640 574">
     <span class='ocr_line' id='line_1_4' title="bbox 209 496 1640 574; baseline 0.002 -18"><span class='ocrx_word' id='word_1_7' title='bbox 209 504 353 574; x_wconf 73' lang='grc' dir='ltr'><strong>Ἑξῆς</strong></span> <span class='ocrx_word' id='word_1_8' title='bbox 378 504 432 557; x_wconf 71' lang='grc' dir='ltr'><strong>δὲ</strong></span> <span class='ocrx_word' id='word_1_9' title='bbox 472 502 671 556; x_wconf 87' lang='grc' dir='ltr'><strong>τούτων</strong></span> <span class='ocrx_word' id='word_1_10' title='bbox 701 502 818 555; x_wconf 88' lang='grc' dir='ltr'><strong>τίνα</strong></span> <span class='ocrx_word' id='word_1_11' title='bbox 858 505 950 557; x_wconf 76' lang='grc' dir='ltr'><strong>καὶ</strong></span> <span class='ocrx_word' id='word_1_12' title='bbox 986 507 1153 559; x_wconf 84' lang='grc' dir='ltr'><strong>ὁπόσα</strong></span> <span class='ocrx_word' id='word_1_13' title='bbox 1182 501 1390 569; x_wconf 79' lang='grc' dir='ltr'><strong>λέγεται</strong></span> <span class='ocrx_word' id='word_1_14' title='bbox 1424 496 1640 559; x_wconf 70' lang='grc' dir='ltr'><strong>ἔσεσθαι</strong></span> 
     </span>
    </p>
   </div>
   <div class='ocr_carea' id='block_1_5' title="bbox 1746 496 3258 580">
    <p class='ocr_par' dir='ltr' id='par_1_5' title="bbox 1805 503 3258 580">
     <span class='ocr_line' id='line_1_5' title="bbox 1805 503 3258 580; baseline 0.008 -23"><span class='ocrx_word' id='word_1_15' title='bbox 1805 508 1931 564; x_wconf 87' lang='lat' dir='ltr'><strong>Post</strong></span> <span class='ocrx_word' id='word_1_16' title='bbox 1944 505 2058 558; x_wconf 66' lang='lat' dir='ltr'><strong>haec</strong></span> <span class='ocrx_word' id='word_1_17' title='bbox 2081 503 2283 568; x_wconf 80' lang='lat' dir='ltr'><strong>autem,</strong></span> <span class='ocrx_word' id='word_1_18' title='bbox 2312 523 2552 576; x_wconf 66' lang='lat' dir='ltr'><strong>quaenam</strong></span> <span class='ocrx_word' id='word_1_19' title='bbox 2580 518 2632 565; x_wconf 91' lang='lat' dir='ltr'><strong>et</strong></span> <span class='ocrx_word' id='word_1_20' title='bbox 2657 521 2786 580; x_wconf 89' lang='lat' dir='ltr'><strong>quot</strong></span> <span class='ocrx_word' id='word_1_21' title='bbox 2820 513 3000 569; x_wconf 80' lang='lat' dir='ltr'><strong>futura</strong></span> <span class='ocrx_word' id='word_1_22' title='bbox 3027 529 3148 570; x_wconf 81' lang='lat' dir='ltr'><strong>esse</strong></span> <span class='ocrx_word' id='word_1_23' title='bbox 3179 515 3258 569; x_wconf 88' lang='lat' dir='ltr'><strong>di-</strong></span> 
     </span>
    </p>
   </div>
   <div class='ocr_carea' id='block_1_6' title="bbox 132 589 1637 665">
    <p class='ocr_par' dir='ltr' id='par_1_6' title="bbox 132 589 1637 665">
     <span class='ocr_line' id='line_1_6' title="bbox 132 589 1637 665; baseline -0.004 -15"><span class='ocrx_word' id='word_1_24' title='bbox 132 613 189 652; x_wconf 86' lang='grc' dir='ltr'><strong>εν</strong></span> <span class='ocrx_word' id='word_1_25' title='bbox 219 598 278 665; x_wconf 72' lang='grc' dir='ltr'><strong>τῇ</strong></span> <span class='ocrx_word' id='word_1_26' title='bbox 307 594 475 664; x_wconf 73' lang='grc' dir='ltr'><strong>ἡμέρᾳ</strong></span> <span class='ocrx_word' id='word_1_27' title='bbox 499 592 677 663; x_wconf 76' lang='grc' dir='ltr'><strong>ἐκείνῃ</strong></span> <span class='ocrx_word' id='word_1_28' title='bbox 703 632 719 656; x_wconf 94' lang='grc'><strong>,</strong></span> <span class='ocrx_word' id='word_1_29' title='bbox 762 594 915 663; x_wconf 86' lang='grc' dir='ltr'><strong>δῆλον</strong></span> <span class='ocrx_word' id='word_1_30' title='bbox 940 595 1016 660; x_wconf 81' lang='grc' dir='ltr'><strong>δὲ,</strong></span> <span class='ocrx_word' id='word_1_31' title='bbox 1047 599 1126 649; x_wconf 77' lang='grc' dir='ltr'><strong>ὅτι</strong></span> <span class='ocrx_word' id='word_1_32' title='bbox 1157 596 1215 647; x_wconf 79' lang='grc' dir='ltr'><strong>ὲν</strong></span> <span class='ocrx_word' id='word_1_33' title='bbox 1240 590 1316 662; x_wconf 82' lang='grc' dir='ltr'><strong>τῷ</strong></span> <span class='ocrx_word' id='word_1_34' title='bbox 1341 589 1509 663; x_wconf 80' lang='grc' dir='ltr'>χρόνῳ</span> <span class='ocrx_word' id='word_1_35' title='bbox 1538 599 1637 665; x_wconf 74' lang='grc' dir='ltr'><strong>τῆς</strong></span> 
     </span>
    </p>
   </div>
   <div class='ocr_carea' id='block_1_7' title="bbox 133 680 1632 757">
    <p class='ocr_par' dir='ltr' id='par_1_7' title="bbox 133 680 1632 757">
     <span class='ocr_line' id='line_1_7' title="bbox 133 680 1632 757; baseline 0 -19"><span class='ocrx_word' id='word_1_36' title='bbox 133 683 421 753; x_wconf 71' lang='grc' dir='ltr'><strong>ἐπιφανείας</strong></span> <span class='ocrx_word' id='word_1_37' title='bbox 454 680 544 733; x_wconf 87' lang='grc' dir='ltr'><strong>τοῦ</strong></span> <span class='ocrx_word' id='word_1_38' title='bbox 595 682 966 753; x_wconf 75' lang='grc' dir='ltr'><strong>Ἐμμανουήλ,</strong></span> <span class='ocrx_word' id='word_1_39' title='bbox 1008 686 1168 757; x_wconf 77' lang='grc' dir='ltr'><strong>φέρε,</strong></span> <span class='ocrx_word' id='word_1_40' title='bbox 1207 684 1632 753; x_wconf 75' lang='grc' dir='ltr'><strong>κατανοήσωμεν·</strong></span> 
     </span>
    </p>
   </div>
   <div class='ocr_carea' id='block_1_8' title="bbox 138 770 1638 847">
    <p class='ocr_par' dir='ltr' id='par_1_8' title="bbox 138 770 1638 847">
     <span class='ocr_line' id='line_1_8' title="bbox 138 770 1638 847; baseline 0 -22"><span class='ocrx_word' id='word_1_41' title='bbox 138 793 157 824; x_wconf 76' lang='grc' dir='ltr'><strong>ι</strong></span> <span class='ocrx_word' id='word_1_42' title='bbox 188 770 793 842; x_wconf 74' lang='grc' dir='ltr'><strong>Συριεῖ,ιφησί,ιΚύριος</strong></span> <span class='ocrx_word' id='word_1_43' title='bbox 823 772 1025 842; x_wconf 85' lang='grc' dir='ltr'><strong>μυίαις,</strong></span> <span class='ocrx_word' id='word_1_44' title='bbox 1042 775 1097 829; x_wconf 80' lang='grc' dir='ltr'><strong>αἳ</strong></span> <span class='ocrx_word' id='word_1_45' title='bbox 1117 773 1415 847; x_wconf 88' lang='grc' dir='ltr'><strong>κυριεύουσι</strong></span> <span class='ocrx_word' id='word_1_46' title='bbox 1445 773 1638 844; x_wconf 78' lang='grc' dir='ltr'><strong>μέρους</strong></span> 
     </span>
    </p>
   </div>
   <div class='ocr_carea' id='block_1_9' title="bbox 130 856 1639 937">
    <p class='ocr_par' dir='ltr' id='par_1_9' title="bbox 130 856 1639 937">
     <span class='ocr_line' id='line_1_9' title="bbox 130 856 1639 937; baseline 0.003 -26"><span class='ocrx_word' id='word_1_47' title='bbox 130 858 350 929; x_wconf 77' lang='grc' dir='ltr'><strong>ποταμοῦ</strong></span> <span class='ocrx_word' id='word_1_48' title='bbox 395 856 697 925; x_wconf 74' lang='grc' dir='ltr'><strong>Αἰγύπτου,</strong></span> <span class='ocrx_word' id='word_1_49' title='bbox 743 861 840 913; x_wconf 79' lang='grc' dir='ltr'><strong>καὶ</strong></span> <span class='ocrx_word' id='word_1_50' title='bbox 870 864 936 931; x_wconf 76' lang='grc' dir='ltr'><strong>τῇ</strong></span> <span class='ocrx_word' id='word_1_51' title='bbox 985 865 1241 937; x_wconf 84' lang='grc' dir='ltr'><strong>μελίσσῃ,</strong></span> <span class='ocrx_word' id='word_1_52' title='bbox 1302 864 1336 932; x_wconf 77' lang='grc' dir='ltr'><strong>ἥ</strong></span> <span class='ocrx_word' id='word_1_53' title='bbox 1381 865 1522 915; x_wconf 79' lang='grc' dir='ltr'><strong>ἐστιν</strong></span> <span class='ocrx_word' id='word_1_54' title='bbox 1582 866 1639 916; x_wconf 72' lang='grc' dir='ltr'><strong>ὲν</strong></span> 
     </span>
    </p>
   </div>
   <div class='ocr_carea' id='block_1_10' title="bbox 127 947 1637 1017">
    <p class='ocr_par' dir='ltr' id='par_1_10' title="bbox 127 947 1637 1017">
     <span class='ocr_line' id='line_1_10' title="bbox 127 947 1637 1017; baseline 0.005 -19"><span class='ocrx_word' id='word_1_55' title='bbox 127 948 274 1017; x_wconf 63' lang='grc' dir='ltr'><strong>χώρα</strong></span> <span class='ocrx_word' id='word_1_56' title='bbox 305 947 602 1017; x_wconf 73' lang='grc' dir='ltr'><strong>Ἀσσυρίων,</strong></span> <span class='ocrx_word' id='word_1_57' title='bbox 635 949 729 1001; x_wconf 73' lang='grc' dir='ltr'><strong>καὶ</strong></span> <span class='ocrx_word' id='word_1_58' title='bbox 756 950 1088 1016; x_wconf 67' lang='grc' dir='ltr'><strong>ἐλεύσονται,</strong></span> <span class='ocrx_word' id='word_1_59' title='bbox 1123 956 1214 1006; x_wconf 80' lang='grc' dir='ltr'><strong>καὶ</strong></span> <span class='ocrx_word' id='word_1_60' title='bbox 1250 952 1637 1007; x_wconf 75' lang='grc' dir='ltr'><strong>ἀναπαύσονται</strong></span> 
     </span>
    </p>
   </div>
   <div class='ocr_carea' id='block_1_11' title="bbox 126 1036 1639 1112">
    <p class='ocr_par' dir='ltr' id='par_1_11' title="bbox 126 1036 1639 1112">
     <span class='ocr_line' id='line_1_11' title="bbox 126 1036 1639 1112; baseline 0.005 -26"><span class='ocrx_word' id='word_1_61' title='bbox 126 1039 180 1087; x_wconf 81' lang='grc' dir='ltr'><strong>ἐν</strong></span> <span class='ocrx_word' id='word_1_62' title='bbox 202 1040 316 1098; x_wconf 82' lang='grc' dir='ltr'><strong>ταῖς</strong></span> <span class='ocrx_word' id='word_1_63' title='bbox 332 1036 548 1106; x_wconf 79' lang='grc' dir='ltr'><strong>φάραγξι</strong></span> <span class='ocrx_word' id='word_1_64' title='bbox 574 1038 674 1106; x_wconf 84' lang='grc' dir='ltr'><strong>τῆς</strong></span> <span class='ocrx_word' id='word_1_65' title='bbox 704 1038 884 1110; x_wconf 81' lang='grc' dir='ltr'><strong>χώρας</strong></span> <span class='ocrx_word' id='word_1_66' title='bbox 897 1080 912 1104; x_wconf 90' lang='grc'><strong>,</strong></span> <span class='ocrx_word' id='word_1_67' title='bbox 932 1043 1023 1093; x_wconf 76' lang='grc' dir='ltr'><strong>καὶ</strong></span> <span class='ocrx_word' id='word_1_68' title='bbox 1044 1043 1098 1094; x_wconf 82' lang='grc' dir='ltr'><strong>ἐν</strong></span> <span class='ocrx_word' id='word_1_69' title='bbox 1112 1046 1227 1105; x_wconf 90' lang='grc' dir='ltr'><strong>ταῖς</strong></span> <span class='ocrx_word' id='word_1_70' title='bbox 1248 1042 1506 1112; x_wconf 83' lang='grc' dir='ltr'><strong>τρώγλαις</strong></span> <span class='ocrx_word' id='word_1_71' title='bbox 1535 1042 1639 1094; x_wconf 82' lang='grc' dir='ltr'><strong>τῶν</strong></span> 
     </span>
    </p>
   </div>
   <div class='ocr_carea' id='block_1_12' title="bbox 129 1124 1635 1202">
    <p class='ocr_par' dir='ltr' id='par_1_12' title="bbox 129 1124 1635 1202">
     <span class='ocr_line' id='line_1_12' title="bbox 129 1124 1635 1202; baseline 0.008 -29"><span class='ocrx_word' id='word_1_72' title='bbox 129 1124 343 1192; x_wconf 78' lang='grc' dir='ltr'><strong>πετρῶν,</strong></span> <span class='ocrx_word' id='word_1_73' title='bbox 370 1125 454 1176; x_wconf 78' lang='grc' dir='ltr'><strong>καὶ</strong></span> <span class='ocrx_word' id='word_1_74' title='bbox 478 1126 558 1186; x_wconf 86' lang='grc' dir='ltr'><strong>εἰς</strong></span> <span class='ocrx_word' id='word_1_75' title='bbox 591 1126 660 1178; x_wconf 69' lang='grc' dir='ltr'><strong>τὰ</strong></span> <span class='ocrx_word' id='word_1_76' title='bbox 690 1128 945 1193; x_wconf 87' lang='grc' dir='ltr'><strong>σπήλαια,</strong></span> <span class='ocrx_word' id='word_1_77' title='bbox 984 1130 1074 1182; x_wconf 73' lang='grc' dir='ltr'><strong>καί⁵</strong></span> <span class='ocrx_word' id='word_1_78' title='bbox 1096 1133 1174 1193; x_wconf 88' lang='grc' dir='ltr'><strong>εἰς</strong></span> <span class='ocrx_word' id='word_1_79' title='bbox 1203 1133 1377 1184; x_wconf 80' lang='grc' dir='ltr'><strong>πᾶσαν</strong></span> <span class='ocrx_word' id='word_1_80' title='bbox 1411 1132 1635 1202; x_wconf 80' lang='grc' dir='ltr'><strong>ῥαγάδα,</strong></span> 
     </span>
    </p>
   </div>
   <div class='ocr_carea' id='block_1_13' title="bbox 129 1213 1639 1291">
    <p class='ocr_par' dir='ltr' id='par_1_13' title="bbox 129 1213 1639 1291">
     <span class='ocr_line' id='line_1_13' title="bbox 129 1213 1639 1291; baseline 0.007 -29"><span class='ocrx_word' id='word_1_81' title='bbox 129 1213 219 1263; x_wconf 81' lang='grc' dir='ltr'><strong>καὶ</strong></span> <span class='ocrx_word' id='word_1_82' title='bbox 250 1214 302 1263; x_wconf 78' lang='grc' dir='ltr'><strong>ἐν</strong></span> <span class='ocrx_word' id='word_1_83' title='bbox 325 1213 468 1265; x_wconf 76' lang='grc' dir='ltr'><strong>παντὶ</strong></span> <span class='ocrx_word' id='word_1_84' title='bbox 500 1213 663 1282; x_wconf 80' lang='grc' dir='ltr'><strong>ξύλῳ.</strong></span> <span class='ocrx_word' id='word_1_85' title='bbox 704 1216 793 1268; x_wconf 87' lang='grc' dir='ltr'><strong>Ἐν</strong></span> <span class='ocrx_word' id='word_1_86' title='bbox 812 1218 1070 1288; x_wconf 73' lang='grc' dir='ltr'><strong>τῇὴμέρᾳ</strong></span> <span class='ocrx_word' id='word_1_87' title='bbox 1089 1220 1267 1291; x_wconf 76' lang='grc' dir='ltr'><strong>ἐκείνῃ</strong></span> <span class='ocrx_word' id='word_1_88' title='bbox 1295 1220 1509 1291; x_wconf 80' lang='grc' dir='ltr'><strong>ξυρήσει</strong></span> <span class='ocrx_word' id='word_1_89' title='bbox 1532 1220 1639 1273; x_wconf 84' lang='grc' dir='ltr'><strong>Κύ-</strong></span> 
     </span>
    </p>
   </div>
   <div class='ocr_carea' id='block_1_14' title="bbox 133 1304 1637 1383">
    <p class='ocr_par' dir='ltr' id='par_1_14' title="bbox 133 1304 1637 1383">
     <span class='ocr_line' id='line_1_14' title="bbox 133 1304 1637 1383; baseline 0.009 -12"><span class='ocrx_word' id='word_1_90' title='bbox 133 1319 236 1371; x_wconf 84' lang='grc' dir='ltr'><strong>ριος</strong></span> <span class='ocrx_word' id='word_1_91' title='bbox 277 1306 326 1355; x_wconf 70' lang='grc' dir='ltr'><strong>ἐν</strong></span> <span class='ocrx_word' id='word_1_92' title='bbox 356 1304 428 1373; x_wconf 73' lang='grc' dir='ltr'><strong>τῷ</strong></span> <span class='ocrx_word' id='word_1_93' title='bbox 470 1304 612 1374; x_wconf 78' lang='grc' dir='ltr'><strong>ξυρῷ</strong></span> <span class='ocrx_word' id='word_1_94' title='bbox 652 1306 730 1375; x_wconf 76' lang='grc' dir='ltr'><strong>τῷ</strong></span> <span class='ocrx_word' id='word_1_95' title='bbox 757 1309 991 1379; x_wconf 62' lang='grc' dir='ltr'><strong>μεγάλῳ,</strong></span> <span class='ocrx_word' id='word_1_96' title='bbox 1024 1311 1099 1381; x_wconf 80' lang='grc' dir='ltr'><strong>τῷ</strong></span> <span class='ocrx_word' id='word_1_97' title='bbox 1124 1312 1508 1383; x_wconf 79' lang='grc' dir='ltr'><strong>μεμισθωμένῳ</strong></span> <span class='ocrx_word' id='word_1_98' title='bbox 1541 1313 1637 1365; x_wconf 85' lang='grc' dir='ltr'><strong>πέ-</strong></span> 
     </span>
    </p>
   </div>
   <div class='ocr_carea' id='block_1_15' title="bbox 131 1395 1635 1474">
    <p class='ocr_par' dir='ltr' id='par_1_15' title="bbox 131 1395 1635 1474">
     <span class='ocr_line' id='line_1_15' title="bbox 131 1395 1635 1474; baseline 0.005 -27"><span class='ocrx_word' id='word_1_99' title='bbox 131 1413 221 1466; x_wconf 90' lang='grc' dir='ltr'><strong>ραν</strong></span> <span class='ocrx_word' id='word_1_100' title='bbox 241 1395 324 1448; x_wconf 92' lang='grc' dir='ltr'><strong>τοῦ</strong></span> <span class='ocrx_word' id='word_1_101' title='bbox 357 1398 588 1466; x_wconf 77' lang='grc' dir='ltr'><strong>ποταμοῦ</strong></span> <span class='ocrx_word' id='word_1_102' title='bbox 612 1397 872 1466; x_wconf 81' lang='grc' dir='ltr'><strong>βασιλέως</strong></span> <span class='ocrx_word' id='word_1_103' title='bbox 916 1400 1229 1472; x_wconf 83' lang='grc' dir='ltr'><strong>Ἀσσυρίων,</strong></span> <span class='ocrx_word' id='word_1_104' title='bbox 1260 1404 1354 1472; x_wconf 81' lang='grc' dir='ltr'><strong>τὴν</strong></span> <span class='ocrx_word' id='word_1_105' title='bbox 1385 1403 1635 1474; x_wconf 68' lang='grc' dir='ltr'><strong>κεφαλὴν,</strong></span> 
     </span>
    </p>
   </div>
   <div class='ocr_carea' id='block_1_16' title="bbox 128 1486 1639 1561">
    <p class='ocr_par' dir='ltr' id='par_1_16' title="bbox 128 1486 1639 1561">
     <span class='ocr_line' id='line_1_16' title="bbox 128 1486 1639 1561; baseline 0.005 -23"><span class='ocrx_word' id='word_1_106' title='bbox 128 1487 212 1538; x_wconf 65' lang='grc' dir='ltr'><strong>καὶ</strong></span> <span class='ocrx_word' id='word_1_107' title='bbox 242 1486 331 1547; x_wconf 71' lang='grc' dir='ltr'><strong>τὰς</strong></span> <span class='ocrx_word' id='word_1_108' title='bbox 365 1486 546 1556; x_wconf 79' lang='grc' dir='ltr'><strong>τρίχας</strong></span> <span class='ocrx_word' id='word_1_109' title='bbox 595 1488 705 1539; x_wconf 81' lang='grc' dir='ltr'><strong>τῶν</strong></span> <span class='ocrx_word' id='word_1_110' title='bbox 757 1489 947 1554; x_wconf 81' lang='grc' dir='ltr'><strong>ποδῶν,</strong></span> <span class='ocrx_word' id='word_1_111' title='bbox 995 1492 1086 1544; x_wconf 78' lang='grc' dir='ltr'><strong>καὶ</strong></span> <span class='ocrx_word' id='word_1_112' title='bbox 1121 1492 1208 1543; x_wconf 81' lang='grc' dir='ltr'><strong>τὸν</strong></span> <span class='ocrx_word' id='word_1_113' title='bbox 1253 1491 1484 1559; x_wconf 85' lang='grc' dir='ltr'><strong>πώγωνα</strong></span> <span class='ocrx_word' id='word_1_114' title='bbox 1512 1495 1639 1561; x_wconf 75' lang='grc' dir='ltr'><strong>ἀφε-</strong></span> 
     </span>
    </p>
   </div>
   <div class='ocr_carea' id='block_1_17' title="bbox 128 1575 1639 1653">
    <p class='ocr_par' dir='ltr' id='par_1_17' title="bbox 128 1575 1639 1653">
     <span class='ocr_line' id='line_1_17' title="bbox 128 1575 1639 1653; baseline 0.005 -26"><span class='ocrx_word' id='word_1_115' title='bbox 128 1575 501 1629; x_wconf 71' lang='grc' dir='ltr'><strong>λεῖ.1ίαίἕσται</strong></span> <span class='ocrx_word' id='word_1_116' title='bbox 555 1577 615 1629; x_wconf 82' lang='grc' dir='ltr'><strong>ἐν</strong></span> <span class='ocrx_word' id='word_1_117' title='bbox 661 1581 727 1649; x_wconf 83' lang='grc' dir='ltr'><strong>τῇ</strong></span> <span class='ocrx_word' id='word_1_118' title='bbox 756 1581 935 1649; x_wconf 72' lang='grc' dir='ltr'><strong>ήμέρᾳ</strong></span> <span class='ocrx_word' id='word_1_119' title='bbox 977 1580 1175 1651; x_wconf 80' lang='grc' dir='ltr'><strong>ἐκείνῃ,</strong></span> <span class='ocrx_word' id='word_1_120' title='bbox 1216 1580 1402 1651; x_wconf 77' lang='grc' dir='ltr'>θρέψει</span> <span class='ocrx_word' id='word_1_121' title='bbox 1438 1582 1639 1653; x_wconf 78' lang='grc' dir='ltr'><strong>ἄνθρω-</strong></span> 
     </span>
    </p>
   </div>
   <div class='ocr_carea' id='block_1_18' title="bbox 130 1666 1640 1741">
    <p class='ocr_par' dir='ltr' id='par_1_18' title="bbox 130 1666 1640 1741">
     <span class='ocr_line' id='line_1_18' title="bbox 130 1666 1640 1741; baseline 0.005 -25"><span class='ocrx_word' id='word_1_122' title='bbox 130 1683 218 1727; x_wconf 79' lang='grc' dir='ltr'><strong>πος</strong></span> <span class='ocrx_word' id='word_1_123' title='bbox 236 1666 446 1735; x_wconf 84' lang='grc' dir='ltr'><strong>δάμαλιν</strong></span> <span class='ocrx_word' id='word_1_124' title='bbox 479 1666 615 1735; x_wconf 81' lang='grc' dir='ltr'><strong>βοῶν</strong></span> <span class='ocrx_word' id='word_1_125' title='bbox 639 1706 655 1729; x_wconf 90' lang='grc'><strong>,</strong></span> <span class='ocrx_word' id='word_1_126' title='bbox 699 1669 791 1721; x_wconf 78' lang='grc' dir='ltr'><strong>καὶ</strong></span> <span class='ocrx_word' id='word_1_127' title='bbox 820 1669 912 1722; x_wconf 90' lang='grc' dir='ltr'><strong>δύο</strong></span> <span class='ocrx_word' id='word_1_128' title='bbox 938 1670 1206 1741; x_wconf 90' lang='grc' dir='ltr'><strong>πρόϐατα,</strong></span> <span class='ocrx_word' id='word_1_129' title='bbox 1241 1672 1333 1724; x_wconf 79' lang='grc' dir='ltr'><strong>καὶ</strong></span> <span class='ocrx_word' id='word_1_130' title='bbox 1356 1671 1503 1724; x_wconf 76' lang='grc' dir='ltr'><strong>ἔσται</strong></span> <span class='ocrx_word' id='word_1_131' title='bbox 1535 1672 1640 1724; x_wconf 77' lang='grc' dir='ltr'><strong>άπὸ</strong></span> 
     </span>
    </p>
   </div>
   <div class='ocr_carea' id='block_1_19' title="bbox 128 1756 1638 1831">
    <p class='ocr_par' dir='ltr' id='par_1_19' title="bbox 128 1756 1638 1831">
     <span class='ocr_line' id='line_1_19' title="bbox 128 1756 1638 1831; baseline 0.004 -25"><span class='ocrx_word' id='word_1_132' title='bbox 128 1756 209 1807; x_wconf 81' lang='grc' dir='ltr'><strong>τοῦ</strong></span> <span class='ocrx_word' id='word_1_133' title='bbox 248 1756 479 1807; x_wconf 84' lang='grc' dir='ltr'><strong>πλεῖστον</strong></span> <span class='ocrx_word' id='word_1_134' title='bbox 528 1760 703 1809; x_wconf 79' lang='grc' dir='ltr'><strong>ποιεῖν</strong></span> <span class='ocrx_word' id='word_1_135' title='bbox 742 1757 914 1823; x_wconf 86' lang='grc' dir='ltr'><strong>γάλα·</strong></span> <span class='ocrx_word' id='word_1_136' title='bbox 955 1759 1180 1826; x_wconf 84' lang='grc' dir='ltr'><strong>φάγεται</strong></span> <span class='ocrx_word' id='word_1_137' title='bbox 1229 1759 1505 1831; x_wconf 81' lang='grc' dir='ltr'><strong>βούτυρον,</strong></span> <span class='ocrx_word' id='word_1_138' title='bbox 1559 1761 1638 1812; x_wconf 78' lang='grc' dir='ltr'><strong>ὅτι</strong></span> 
     </span>
    </p>
   </div>
   <div class='ocr_carea' id='block_1_20' title="bbox 1740 587 3255 676">
    <p class='ocr_par' dir='ltr' id='par_1_20' title="bbox 1740 587 3255 676">
     <span class='ocr_line' id='line_1_20' title="bbox 1740 587 3255 676; baseline 0.007 -24"><span class='ocrx_word' id='word_1_139' title='bbox 1740 606 1947 659; x_wconf 83' lang='lat' dir='ltr'><strong>cantur,</strong></span> <span class='ocrx_word' id='word_1_140' title='bbox 1969 590 2051 649; x_wconf 89' lang='lat' dir='ltr'><strong>vel</strong></span> <span class='ocrx_word' id='word_1_141' title='bbox 2079 587 2241 656; x_wconf 81' lang='lat' dir='ltr'><strong>bona,</strong></span> <span class='ocrx_word' id='word_1_142' title='bbox 2274 597 2357 650; x_wconf 90' lang='lat' dir='ltr'><strong>vel</strong></span> <span class='ocrx_word' id='word_1_143' title='bbox 2381 598 2516 651; x_wconf 86' lang='lat' dir='ltr'><strong>mala</strong></span> <span class='ocrx_word' id='word_1_144' title='bbox 2538 599 2591 652; x_wconf 92' lang='lat' dir='ltr'><strong>in</strong></span> <span class='ocrx_word' id='word_1_145' title='bbox 2617 600 2702 654; x_wconf 90' lang='lat' dir='ltr'><strong>die</strong></span> <span class='ocrx_word' id='word_1_146' title='bbox 2725 602 2833 664; x_wconf 89' lang='lat' dir='ltr'><strong>illa,</strong></span> <span class='ocrx_word' id='word_1_147' title='bbox 2863 604 2963 658; x_wconf 85' lang='lat' dir='ltr'><strong>hoc</strong></span> <span class='ocrx_word' id='word_1_148' title='bbox 2995 614 3096 667; x_wconf 83' lang='lat' dir='ltr'><strong>est,</strong></span> <span class='ocrx_word' id='word_1_149' title='bbox 3146 624 3255 676; x_wconf 88' lang='lat' dir='ltr'><strong>quo</strong></span> 
     </span>
    </p>
   </div>
   <div class='ocr_carea' id='block_1_21' title="bbox 1741 678 3256 758">
    <p class='ocr_par' dir='ltr' id='par_1_21' title="bbox 1741 678 3256 758">
     <span class='ocr_line' id='line_1_21' title="bbox 1741 678 3256 758; baseline 0.007 -18"><span class='ocrx_word' id='word_1_150' title='bbox 1741 694 1976 755; x_wconf 89' lang='lat' dir='ltr'><strong>tempore</strong></span> <span class='ocrx_word' id='word_1_151' title='bbox 2023 678 2270 738; x_wconf 77' lang='lat' dir='ltr'><strong>adveniet</strong></span> <span class='ocrx_word' id='word_1_152' title='bbox 2301 684 2628 749; x_wconf 83' lang='lat' dir='ltr'><strong>Emmanuel,</strong></span> <span class='ocrx_word' id='word_1_153' title='bbox 2661 688 2785 742; x_wconf 82' lang='lat' dir='ltr'><strong>hinc</strong></span> <span class='ocrx_word' id='word_1_154' title='bbox 2809 691 2916 758; x_wconf 87' lang='lat' dir='ltr'><strong>jam</strong></span> <span class='ocrx_word' id='word_1_155' title='bbox 2949 695 3256 750; x_wconf 81' lang='lat' dir='ltr'><strong>considere-</strong></span> 
     </span>
    </p>
   </div>
   <div class='ocr_carea' id='block_1_22' title="bbox 1741 770 3255 853">
    <p class='ocr_par' dir='ltr' id='par_1_22' title="bbox 1741 770 3255 853">
     <span class='ocr_line' id='line_1_22' title="bbox 1741 770 3255 853; baseline 0.006 -23"><span class='ocrx_word' id='word_1_156' title='bbox 1741 792 1860 830; x_wconf 86' lang='lat' dir='ltr'><strong>mus</strong></span> <span class='ocrx_word' id='word_1_157' title='bbox 1893 794 1904 827; x_wconf 92' lang='lat'>:</span> <span class='ocrx_word' id='word_1_158' title='bbox 1943 793 1961 824; x_wconf 69' lang='grc' dir='ltr'><strong>ι</strong></span> <span class='ocrx_word' id='word_1_159' title='bbox 2002 770 2277 836; x_wconf 89' lang='lat' dir='ltr'><strong>Sibilabit,</strong></span> <span class='ocrx_word' id='word_1_160' title='bbox 2334 775 2538 843; x_wconf 91' lang='lat' dir='ltr'><strong>inquit,</strong></span> <span class='ocrx_word' id='word_1_161' title='bbox 2584 775 2835 833; x_wconf 86' lang='lat' dir='ltr'><strong>Dominus</strong></span> <span class='ocrx_word' id='word_1_162' title='bbox 2871 784 3101 846; x_wconf 85' lang='lat' dir='ltr'><strong>muscis,</strong></span> <span class='ocrx_word' id='word_1_163' title='bbox 3135 800 3255 853; x_wconf 67' lang='lat' dir='ltr'><strong>qua:</strong></span> 
     </span>
    </p>
   </div>
   <div class='ocr_carea' id='block_1_23' title="bbox 1741 864 3256 945">
    <p class='ocr_par' dir='ltr' id='par_1_23' title="bbox 1741 864 3256 945">
     <span class='ocr_line' id='line_1_23' title="bbox 1741 864 3256 945; baseline 0.001 -25"><span class='ocrx_word' id='word_1_164' title='bbox 1741 866 2081 920; x_wconf 74' lang='lat' dir='ltr'><strong>dominantur</strong></span> <span class='ocrx_word' id='word_1_165' title='bbox 2108 864 2160 916; x_wconf 91' lang='lat' dir='ltr'><strong>in</strong></span> <span class='ocrx_word' id='word_1_166' title='bbox 2208 872 2360 933; x_wconf 85' lang='lat' dir='ltr'><strong>parte</strong></span> <span class='ocrx_word' id='word_1_167' title='bbox 2387 864 2620 919; x_wconf 79' lang='lat' dir='ltr'><strong>ﬂuminis</strong></span> <span class='ocrx_word' id='word_1_168' title='bbox 2668 864 2902 936; x_wconf 66' lang='lat' dir='ltr'><strong>Egypti,</strong></span> <span class='ocrx_word' id='word_1_169' title='bbox 2931 877 2984 923; x_wconf 90' lang='lat' dir='ltr'><strong>et</strong></span> <span class='ocrx_word' id='word_1_170' title='bbox 3019 874 3103 941; x_wconf 86' lang='lat' dir='ltr'><strong>api</strong></span> <span class='ocrx_word' id='word_1_171' title='bbox 3137 890 3256 945; x_wconf 68' lang='lat' dir='ltr'><strong>qua:</strong></span> 
     </span>
    </p>
   </div>
   <div class='ocr_carea' id='block_1_24' title="bbox 1740 951 3255 1027">
    <p class='ocr_par' dir='ltr' id='par_1_24' title="bbox 1740 951 3255 1027">
     <span class='ocr_line' id='line_1_24' title="bbox 1740 951 3255 1027; baseline 0.007 -19"><span class='ocrx_word' id='word_1_172' title='bbox 1740 962 1823 1008; x_wconf 90' lang='lat' dir='ltr'><strong>est</strong></span> <span class='ocrx_word' id='word_1_173' title='bbox 1845 953 1896 1006; x_wconf 93' lang='lat' dir='ltr'><strong>in</strong></span> <span class='ocrx_word' id='word_1_174' title='bbox 1924 960 2064 1011; x_wconf 79' lang='lat' dir='ltr'><strong>terra</strong></span> <span class='ocrx_word' id='word_1_175' title='bbox 2089 951 2449 1021; x_wconf 79' lang='lat' dir='ltr'><strong>Assyriorum,</strong></span> <span class='ocrx_word' id='word_1_176' title='bbox 2477 962 2529 1007; x_wconf 90' lang='lat' dir='ltr'><strong>et</strong></span> <span class='ocrx_word' id='word_1_177' title='bbox 2557 955 2787 1018; x_wconf 90' lang='lat' dir='ltr'><strong>venient,</strong></span> <span class='ocrx_word' id='word_1_178' title='bbox 2821 967 2872 1010; x_wconf 90' lang='lat' dir='ltr'><strong>et</strong></span> <span class='ocrx_word' id='word_1_179' title='bbox 2900 959 3173 1027; x_wconf 84' lang='lat' dir='ltr'><strong>quiescent</strong></span> <span class='ocrx_word' id='word_1_180' title='bbox 3200 964 3255 1017; x_wconf 89' lang='lat' dir='ltr'><strong>in</strong></span> 
     </span>
    </p>
   </div>
   <div class='ocr_carea' id='block_1_25' title="bbox 1740 1042 3252 1117">
    <p class='ocr_par' dir='ltr' id='par_1_25' title="bbox 1740 1042 3252 1117">
     <span class='ocr_line' id='line_1_25' title="bbox 1740 1042 3252 1117; baseline 0.007 -21"><span class='ocrx_word' id='word_1_181' title='bbox 1740 1044 2071 1097; x_wconf 81' lang='lat' dir='ltr'><strong>cbnvallibus</strong></span> <span class='ocrx_word' id='word_1_182' title='bbox 2098 1043 2328 1111; x_wconf 80' lang='lat' dir='ltr'><strong>regionis</strong></span> <span class='ocrx_word' id='word_1_183' title='bbox 2352 1084 2367 1106; x_wconf 93' lang='lat'><strong>,</strong></span> <span class='ocrx_word' id='word_1_184' title='bbox 2394 1051 2447 1096; x_wconf 91' lang='lat' dir='ltr'><strong>et</strong></span> <span class='ocrx_word' id='word_1_185' title='bbox 2481 1044 2533 1096; x_wconf 91' lang='lat' dir='ltr'><strong>in</strong></span> <span class='ocrx_word' id='word_1_186' title='bbox 2561 1042 2912 1100; x_wconf 81' lang='lat' dir='ltr'><strong>foraminibus</strong></span> <span class='ocrx_word' id='word_1_187' title='bbox 2952 1057 3217 1117; x_wconf 84' lang='lat' dir='ltr'><strong>petrarum</strong></span> <span class='ocrx_word' id='word_1_188' title='bbox 3234 1091 3252 1117; x_wconf 94' lang='lat'><strong>,</strong></span> 
     </span>
    </p>
   </div>
   <div class='ocr_carea' id='block_1_26' title="bbox 1739 1133 3256 1201">
    <p class='ocr_par' dir='ltr' id='par_1_26' title="bbox 1739 1133 3256 1201">
     <span class='ocr_line' id='line_1_26' title="bbox 1739 1133 3256 1201; baseline 0.005 -14"><span class='ocrx_word' id='word_1_189' title='bbox 1739 1144 1791 1187; x_wconf 87' lang='lat' dir='ltr'><strong>et</strong></span> <span class='ocrx_word' id='word_1_190' title='bbox 1812 1133 1863 1186; x_wconf 92' lang='lat' dir='ltr'><strong>in</strong></span> <span class='ocrx_word' id='word_1_191' title='bbox 1890 1133 2177 1201; x_wconf 88' lang='lat' dir='ltr'><strong>speluncis,</strong></span> <span class='ocrx_word' id='word_1_192' title='bbox 2210 1140 2263 1185; x_wconf 92' lang='lat' dir='ltr'><strong>et</strong></span> <span class='ocrx_word' id='word_1_193' title='bbox 2294 1133 2345 1185; x_wconf 91' lang='lat' dir='ltr'><strong>in</strong></span> <span class='ocrx_word' id='word_1_194' title='bbox 2377 1134 2522 1186; x_wconf 89' lang='lat' dir='ltr'><strong>omni</strong></span> <span class='ocrx_word' id='word_1_195' title='bbox 2549 1135 2807 1199; x_wconf 88' lang='lat' dir='ltr'><strong>scissura,</strong></span> <span class='ocrx_word' id='word_1_196' title='bbox 2851 1144 2905 1190; x_wconf 91' lang='lat' dir='ltr'><strong>et</strong></span> <span class='ocrx_word' id='word_1_197' title='bbox 2931 1138 2987 1191; x_wconf 87' lang='lat' dir='ltr'><strong>in</strong></span> <span class='ocrx_word' id='word_1_198' title='bbox 3017 1142 3160 1193; x_wconf 92' lang='lat' dir='ltr'><strong>omni</strong></span> <span class='ocrx_word' id='word_1_199' title='bbox 3193 1143 3256 1196; x_wconf 89' lang='lat' dir='ltr'><strong>li-</strong></span> 
     </span>
    </p>
   </div>
   <div class='ocr_carea' id='block_1_27' title="bbox 1741 1221 3256 1296">
    <p class='ocr_par' dir='ltr' id='par_1_27' title="bbox 1741 1221 3256 1296">
     <span class='ocr_line' id='line_1_27' title="bbox 1741 1221 3256 1296; baseline 0.004 -20"><span class='ocrx_word' id='word_1_200' title='bbox 1741 1238 1865 1292; x_wconf 89' lang='lat' dir='ltr'><strong>gno.</strong></span> <span class='ocrx_word' id='word_1_201' title='bbox 1889 1222 1944 1275; x_wconf 88' lang='lat' dir='ltr'><strong>In</strong></span> <span class='ocrx_word' id='word_1_202' title='bbox 1967 1222 2053 1275; x_wconf 90' lang='lat' dir='ltr'><strong>die</strong></span> <span class='ocrx_word' id='word_1_203' title='bbox 2080 1222 2167 1274; x_wconf 88' lang='lat' dir='ltr'><strong>illa</strong></span> <span class='ocrx_word' id='word_1_204' title='bbox 2201 1222 2350 1276; x_wconf 90' lang='lat' dir='ltr'><strong>radet</strong></span> <span class='ocrx_word' id='word_1_205' title='bbox 2375 1221 2630 1277; x_wconf 85' lang='lat' dir='ltr'><strong>Dominus</strong></span> <span class='ocrx_word' id='word_1_206' title='bbox 2667 1223 2720 1276; x_wconf 91' lang='lat' dir='ltr'><strong>in</strong></span> <span class='ocrx_word' id='word_1_207' title='bbox 2757 1226 3011 1279; x_wconf 84' lang='lat' dir='ltr'><strong>novacula</strong></span> <span class='ocrx_word' id='word_1_208' title='bbox 3043 1242 3256 1296; x_wconf 84' lang='lat' dir='ltr'><strong>magna,</strong></span> 
     </span>
    </p>
   </div>
   <div class='ocr_carea' id='block_1_28' title="bbox 1739 1308 3256 1382">
    <p class='ocr_par' dir='ltr' id='par_1_28' title="bbox 1739 1308 3256 1382">
     <span class='ocr_line' id='line_1_28' title="bbox 1739 1308 3256 1382; baseline 0.005 -21"><span class='ocrx_word' id='word_1_209' title='bbox 1739 1325 1858 1378; x_wconf 69' lang='lat' dir='ltr'><strong>qua:</strong></span> <span class='ocrx_word' id='word_1_210' title='bbox 1883 1309 2121 1363; x_wconf 84' lang='lat' dir='ltr'><strong>mercede</strong></span> <span class='ocrx_word' id='word_1_211' title='bbox 2153 1309 2415 1363; x_wconf 85' lang='lat' dir='ltr'><strong>conducta</strong></span> <span class='ocrx_word' id='word_1_212' title='bbox 2441 1316 2542 1372; x_wconf 87' lang='lat' dir='ltr'><strong>est,</strong></span> <span class='ocrx_word' id='word_1_213' title='bbox 2566 1310 2703 1363; x_wconf 88' lang='lat' dir='ltr'><strong>ultra</strong></span> <span class='ocrx_word' id='word_1_214' title='bbox 2730 1308 2949 1365; x_wconf 82' lang='lat' dir='ltr'><strong>ﬂuvium</strong></span> <span class='ocrx_word' id='word_1_215' title='bbox 2983 1313 3123 1382; x_wconf 88' lang='lat' dir='ltr'><strong>regis</strong></span> <span class='ocrx_word' id='word_1_216' title='bbox 3154 1313 3256 1368; x_wconf 89' lang='lat' dir='ltr'><strong>As-</strong></span> 
     </span>
    </p>
   </div>
   <div class='ocr_carea' id='block_1_29' title="bbox 1742 1399 3259 1468">
    <p class='ocr_par' dir='ltr' id='par_1_29' title="bbox 1742 1399 3259 1468">
     <span class='ocr_line' id='line_1_29' title="bbox 1742 1399 3259 1468; baseline 0.003 -16"><span class='ocrx_word' id='word_1_217' title='bbox 1742 1400 2026 1468; x_wconf 86' lang='lat' dir='ltr'><strong>syriorum,</strong></span> <span class='ocrx_word' id='word_1_218' title='bbox 2053 1399 2205 1467; x_wconf 72' lang='lat'><strong>321</strong></span> <span class='ocrx_word' id='word_1_219' title='bbox 2247 1407 2406 1466; x_wconf 88' lang='lat' dir='ltr'><strong>caput</strong></span> <span class='ocrx_word' id='word_1_220' title='bbox 2433 1408 2485 1453; x_wconf 92' lang='lat' dir='ltr'><strong>et</strong></span> <span class='ocrx_word' id='word_1_221' title='bbox 2518 1400 2652 1467; x_wconf 84' lang='lat' dir='ltr'><strong>pilus</strong></span> <span class='ocrx_word' id='word_1_222' title='bbox 2687 1400 2900 1467; x_wconf 91' lang='lat' dir='ltr'><strong>pedum,</strong></span> <span class='ocrx_word' id='word_1_223' title='bbox 2948 1409 3001 1454; x_wconf 91' lang='lat' dir='ltr'><strong>et</strong></span> <span class='ocrx_word' id='word_1_224' title='bbox 3041 1402 3259 1458; x_wconf 82' lang='lat' dir='ltr'><strong>barbam</strong></span> 
     </span>
    </p>
   </div>
   <div class='ocr_carea' id='block_1_30' title="bbox 1741 1487 3260 1558">
    <p class='ocr_par' dir='ltr' id='par_1_30' title="bbox 1741 1487 3260 1558">
     <span class='ocr_line' id='line_1_30' title="bbox 1741 1487 3260 1558; baseline 0.003 -18"><span class='ocrx_word' id='word_1_225' title='bbox 1741 1487 1965 1550; x_wconf 84' lang='lat' dir='ltr'><strong>auferet,</strong></span> <span class='ocrx_word' id='word_1_226' title='bbox 1995 1496 2048 1543; x_wconf 91' lang='lat' dir='ltr'><strong>et</strong></span> <span class='ocrx_word' id='word_1_227' title='bbox 2076 1490 2179 1543; x_wconf 91' lang='lat' dir='ltr'><strong>erit</strong></span> <span class='ocrx_word' id='word_1_228' title='bbox 2223 1489 2277 1541; x_wconf 91' lang='lat' dir='ltr'><strong>in</strong></span> <span class='ocrx_word' id='word_1_229' title='bbox 2308 1488 2394 1543; x_wconf 89' lang='lat' dir='ltr'><strong>die</strong></span> <span class='ocrx_word' id='word_1_230' title='bbox 2422 1488 2547 1550; x_wconf 70' lang='lat' dir='ltr'><strong>illa,</strong></span> <span class='ocrx_word' id='word_1_231' title='bbox 2567 1488 2765 1541; x_wconf 91' lang='lat' dir='ltr'><strong>nutriet</strong></span> <span class='ocrx_word' id='word_1_232' title='bbox 2790 1487 2951 1542; x_wconf 86' lang='lat' dir='ltr'><strong>homo</strong></span> <span class='ocrx_word' id='word_1_233' title='bbox 2974 1490 3260 1558; x_wconf 85' lang='lat' dir='ltr'><strong>juvencam</strong></span> 
     </span>
    </p>
   </div>
   <div class='ocr_carea' id='block_1_31' title="bbox 1741 1577 3261 1647">
    <p class='ocr_par' dir='ltr' id='par_1_31' title="bbox 1741 1577 3261 1647">
     <span class='ocr_line' id='line_1_31' title="bbox 1741 1577 3261 1647; baseline 0.001 -15"><span class='ocrx_word' id='word_1_234' title='bbox 1741 1579 1900 1632; x_wconf 87' lang='lat' dir='ltr'><strong>boum</strong></span> <span class='ocrx_word' id='word_1_235' title='bbox 1928 1586 1982 1632; x_wconf 91' lang='lat' dir='ltr'><strong>et</strong></span> <span class='ocrx_word' id='word_1_236' title='bbox 2006 1578 2141 1632; x_wconf 88' lang='lat' dir='ltr'><strong>duas</strong></span> <span class='ocrx_word' id='word_1_237' title='bbox 2170 1592 2317 1640; x_wconf 89' lang='lat' dir='ltr'><strong>oves,</strong></span> <span class='ocrx_word' id='word_1_238' title='bbox 2360 1586 2413 1632; x_wconf 91' lang='lat' dir='ltr'><strong>et</strong></span> <span class='ocrx_word' id='word_1_239' title='bbox 2438 1578 2541 1631; x_wconf 88' lang='lat' dir='ltr'><strong>erit</strong></span> <span class='ocrx_word' id='word_1_240' title='bbox 2574 1592 2639 1631; x_wconf 79' lang='lat' dir='ltr'><strong>ex</strong></span> <span class='ocrx_word' id='word_1_241' title='bbox 2684 1592 2747 1631; x_wconf 92' lang='lat' dir='ltr'><strong>eo</strong></span> <span class='ocrx_word' id='word_1_242' title='bbox 2773 1577 2915 1645; x_wconf 88' lang='lat' dir='ltr'><strong>quod</strong></span> <span class='ocrx_word' id='word_1_243' title='bbox 2975 1579 3261 1647; x_wconf 85' lang='lat' dir='ltr'><strong>plurimum</strong></span> 
     </span>
    </p>
   </div>
   <div class='ocr_carea' id='block_1_32' title="bbox 1743 1666 3265 1737">
    <p class='ocr_par' dir='ltr' id='par_1_32' title="bbox 1743 1666 3265 1737">
     <span class='ocr_line' id='line_1_32' title="bbox 1743 1666 3265 1737; baseline 0.004 -21"><span class='ocrx_word' id='word_1_244' title='bbox 1743 1666 1900 1720; x_wconf 76' lang='lat' dir='ltr'><strong>faciet</strong></span> <span class='ocrx_word' id='word_1_245' title='bbox 1945 1666 2047 1727; x_wconf 85' lang='lat' dir='ltr'><strong>lac,</strong></span> <span class='ocrx_word' id='word_1_246' title='bbox 2079 1666 2319 1720; x_wconf 88' lang='lat' dir='ltr'><strong>comedet</strong></span> <span class='ocrx_word' id='word_1_247' title='bbox 2347 1666 2621 1735; x_wconf 87' lang='lat' dir='ltr'><strong>butyrum:</strong></span> <span class='ocrx_word' id='word_1_248' title='bbox 2652 1667 2900 1733; x_wconf 91' lang='lat' dir='ltr'><strong>quoniam</strong></span> <span class='ocrx_word' id='word_1_249' title='bbox 2930 1666 3173 1737; x_wconf 87' lang='lat' dir='ltr'><strong>butyrum</strong></span> <span class='ocrx_word' id='word_1_250' title='bbox 3208 1675 3265 1729; x_wconf 84' lang='lat' dir='ltr'><strong>et</strong></span> 
     </span>
    </p>
   </div>
   <div class='ocr_carea' id='block_1_33' title="bbox 1741 1752 3260 1821">
    <p class='ocr_par' dir='ltr' id='par_1_33' title="bbox 1741 1752 3260 1821">
     <span class='ocr_line' id='line_1_33' title="bbox 1741 1752 3260 1821; baseline 0.001 -14"><span class='ocrx_word' id='word_1_251' title='bbox 1741 1756 1841 1809; x_wconf 87' lang='lat' dir='ltr'><strong>mel</strong></span> <span class='ocrx_word' id='word_1_252' title='bbox 1868 1755 2107 1808; x_wconf 88' lang='lat' dir='ltr'><strong>comedet</strong></span> <span class='ocrx_word' id='word_1_253' title='bbox 2177 1754 2350 1807; x_wconf 90' lang='lat' dir='ltr'><strong>omnis</strong></span> <span class='ocrx_word' id='word_1_254' title='bbox 2405 1754 2497 1821; x_wconf 90' lang='lat' dir='ltr'><strong>qui</strong></span> <span class='ocrx_word' id='word_1_255' title='bbox 2540 1753 2758 1807; x_wconf 86' lang='lat' dir='ltr'><strong>relictus</strong></span> <span class='ocrx_word' id='word_1_256' title='bbox 2789 1752 2948 1807; x_wconf 82' lang='lat' dir='ltr'><strong>fuerit</strong></span> <span class='ocrx_word' id='word_1_257' title='bbox 2992 1754 3048 1806; x_wconf 92' lang='lat' dir='ltr'><strong>in</strong></span> <span class='ocrx_word' id='word_1_258' title='bbox 3096 1762 3260 1818; x_wconf 88' lang='lat' dir='ltr'><strong>terra,</strong></span> 
     </span>
    </p>
   </div>
   <div class='ocr_carea' id='block_1_34' title="bbox 130 1841 1659 1919">
    <p class='ocr_par' dir='ltr' id='par_1_34' title="bbox 130 1845 1639 1919">
     <span class='ocr_line' id='line_1_34' title="bbox 130 1845 1639 1919; baseline 0.007 -24"><span class='ocrx_word' id='word_1_259' title='bbox 130 1845 358 1915; x_wconf 80' lang='grc' dir='ltr'><strong>βούτυρον</strong></span> <span class='ocrx_word' id='word_1_260' title='bbox 390 1846 480 1897; x_wconf 76' lang='grc' dir='ltr'><strong>καὶ</strong></span> <span class='ocrx_word' id='word_1_261' title='bbox 527 1846 650 1914; x_wconf 82' lang='grc' dir='ltr'><strong>μέλι</strong></span> <span class='ocrx_word' id='word_1_262' title='bbox 694 1847 921 1914; x_wconf 83' lang='grc' dir='ltr'><strong>φάγεται</strong></span> <span class='ocrx_word' id='word_1_263' title='bbox 953 1850 1060 1911; x_wconf 79' lang='grc' dir='ltr'><strong>πᾶς</strong></span> <span class='ocrx_word' id='word_1_264' title='bbox 1086 1852 1115 1901; x_wconf 87' lang='grc' dir='ltr'><strong>ό</strong></span> <span class='ocrx_word' id='word_1_265' title='bbox 1146 1849 1513 1919; x_wconf 72' lang='grc' dir='ltr'><strong>καταλειφθεὶς</strong></span> <span class='ocrx_word' id='word_1_266' title='bbox 1548 1854 1639 1905; x_wconf 75' lang='grc' dir='ltr'><strong>ἐπὶ</strong></span> 
     </span>
    </p>
   </div>
   <div class='ocr_carea' id='block_1_35' title="bbox 1746 1841 3264 1919">
    <p class='ocr_par' dir='ltr' id='par_1_35' title="bbox 1746 1842 3264 1912">
     <span class='ocr_line' id='line_1_35' title="bbox 1746 1842 3264 1912; baseline -0.001 -14"><span class='ocrx_word' id='word_1_267' title='bbox 1746 1852 1787 1897; x_wconf 70' lang='lat' dir='ltr'><strong>at</strong></span> <span class='ocrx_word' id='word_1_268' title='bbox 1813 1846 1916 1898; x_wconf 90' lang='lat' dir='ltr'><strong>erit</strong></span> <span class='ocrx_word' id='word_1_269' title='bbox 1957 1844 2012 1896; x_wconf 90' lang='lat' dir='ltr'><strong>in</strong></span> <span class='ocrx_word' id='word_1_270' title='bbox 2054 1843 2141 1897; x_wconf 90' lang='lat' dir='ltr'><strong>die</strong></span> <span class='ocrx_word' id='word_1_271' title='bbox 2167 1844 2278 1907; x_wconf 90' lang='lat' dir='ltr'><strong>illa,</strong></span> <span class='ocrx_word' id='word_1_272' title='bbox 2308 1844 2483 1896; x_wconf 89' lang='lat' dir='ltr'><strong>omnis</strong></span> <span class='ocrx_word' id='word_1_273' title='bbox 2520 1843 2672 1897; x_wconf 90' lang='lat' dir='ltr'><strong>locus</strong></span> <span class='ocrx_word' id='word_1_274' title='bbox 2724 1842 3027 1912; x_wconf 88' lang='lat' dir='ltr'><strong>ubicunque</strong></span> <span class='ocrx_word' id='word_1_275' title='bbox 3065 1844 3264 1898; x_wconf 73' lang='lat' dir='ltr'><strong>luerim.</strong></span> 
     </span>
    </p>
   </div>
   <div class='ocr_carea' id='block_1_36' title="bbox 127 1935 1636 2012">
    <p class='ocr_par' dir='ltr' id='par_1_36' title="bbox 127 1935 1636 2012">
     <span class='ocr_line' id='line_1_36' title="bbox 127 1935 1636 2012; baseline 0.005 -25"><span class='ocrx_word' id='word_1_276' title='bbox 127 1937 213 2003; x_wconf 71' lang='grc' dir='ltr'><strong>τῆς</strong></span> <span class='ocrx_word' id='word_1_277' title='bbox 234 1935 346 2003; x_wconf 80' lang='grc' dir='ltr'><strong>γῆς.</strong></span> <span class='ocrx_word' id='word_1_278' title='bbox 382 1936 490 1989; x_wconf 73' lang='grc' dir='ltr'><strong>Καὶ</strong></span> <span class='ocrx_word' id='word_1_279' title='bbox 522 1937 677 1989; x_wconf 76' lang='grc' dir='ltr'><strong>ἔσται</strong></span> <span class='ocrx_word' id='word_1_280' title='bbox 707 1939 765 1990; x_wconf 85' lang='grc' dir='ltr'><strong>ὲν</strong></span> <span class='ocrx_word' id='word_1_281' title='bbox 788 1941 851 2008; x_wconf 79' lang='grc' dir='ltr'><strong>τῇ</strong></span> <span class='ocrx_word' id='word_1_282' title='bbox 878 1939 1058 2010; x_wconf 78' lang='grc' dir='ltr'><strong>ἡμέρᾳ</strong></span> <span class='ocrx_word' id='word_1_283' title='bbox 1083 1940 1260 2012; x_wconf 80' lang='grc' dir='ltr'><strong>ἐκείνῃ</strong></span> <span class='ocrx_word' id='word_1_284' title='bbox 1279 1980 1293 2003; x_wconf 92' lang='grc'><strong>,</strong></span> <span class='ocrx_word' id='word_1_285' title='bbox 1320 1944 1423 2003; x_wconf 80' lang='grc' dir='ltr'><strong>πᾶς</strong></span> <span class='ocrx_word' id='word_1_286' title='bbox 1447 1942 1605 2005; x_wconf 86' lang='grc' dir='ltr'><strong>τόπος</strong></span> <span class='ocrx_word' id='word_1_287' title='bbox 1622 1983 1636 2007; x_wconf 88' lang='grc'><strong>,</strong></span> 
     </span>
    </p>
   </div>
   <div class='ocr_carea' id='block_1_37' title="bbox 126 2017 1639 2101">
    <p class='ocr_par' dir='ltr' id='par_1_37' title="bbox 126 2017 1639 2101">
     <span class='ocr_line' id='line_1_37' title="bbox 126 2017 1639 2101; baseline 0.008 -28"><span class='ocrx_word' id='word_1_288' title='bbox 126 2017 179 2073; x_wconf 79' lang='grc' dir='ltr'><strong>οῦ</strong></span> <span class='ocrx_word' id='word_1_289' title='bbox 198 2024 258 2075; x_wconf 75' lang='grc' dir='ltr'><strong>ἂν</strong></span> <span class='ocrx_word' id='word_1_290' title='bbox 282 2018 375 2075; x_wconf 79' lang='grc' dir='ltr'><strong>ὦσι</strong></span> <span class='ocrx_word' id='word_1_291' title='bbox 406 2023 570 2093; x_wconf 81' lang='grc' dir='ltr'><strong>χίλιαι</strong></span> <span class='ocrx_word' id='word_1_292' title='bbox 598 2026 827 2094; x_wconf 77' lang='grc' dir='ltr'><strong>ἄμπελοι</strong></span> <span class='ocrx_word' id='word_1_293' title='bbox 856 2028 1038 2095; x_wconf 91' lang='grc' dir='ltr'><strong>χιλίων</strong></span> <span class='ocrx_word' id='word_1_294' title='bbox 1080 2029 1272 2081; x_wconf 83' lang='grc' dir='ltr'><strong>σίκλων</strong></span> <span class='ocrx_word' id='word_1_295' title='bbox 1290 2067 1304 2093; x_wconf 96' lang='grc'><strong>,</strong></span> <span class='ocrx_word' id='word_1_296' title='bbox 1344 2032 1424 2093; x_wconf 87' lang='grc' dir='ltr'><strong>εἰς</strong></span> <span class='ocrx_word' id='word_1_297' title='bbox 1454 2032 1639 2101; x_wconf 83' lang='grc' dir='ltr'><strong>χέρσον</strong></span> 
     </span>
    </p>
   </div>
   <div class='ocr_carea' id='block_1_38' title="bbox 129 2114 1640 2188">
    <p class='ocr_par' dir='ltr' id='par_1_38' title="bbox 129 2114 1640 2188">
     <span class='ocr_line' id='line_1_38' title="bbox 129 2114 1640 2188; baseline 0.005 -24"><span class='ocrx_word' id='word_1_298' title='bbox 129 2114 315 2166; x_wconf 73' lang='grc' dir='ltr'><strong>ἔσονται</strong></span> <span class='ocrx_word' id='word_1_299' title='bbox 335 2115 423 2167; x_wconf 82' lang='grc' dir='ltr'><strong>καὶ</strong></span> <span class='ocrx_word' id='word_1_300' title='bbox 446 2117 526 2177; x_wconf 88' lang='grc' dir='ltr'><strong>εἰς</strong></span> <span class='ocrx_word' id='word_1_301' title='bbox 547 2116 805 2177; x_wconf 80' lang='grc' dir='ltr'><strong>ἄκανθαν,</strong></span> <span class='ocrx_word' id='word_1_302' title='bbox 835 2118 967 2185; x_wconf 75' lang='grc' dir='ltr'><strong>μετὰ</strong></span> <span class='ocrx_word' id='word_1_303' title='bbox 996 2118 1177 2187; x_wconf 79' lang='grc' dir='ltr'><strong>βέλους</strong></span> <span class='ocrx_word' id='word_1_304' title='bbox 1204 2120 1294 2171; x_wconf 75' lang='grc' dir='ltr'><strong>καὶ</strong></span> <span class='ocrx_word' id='word_1_305' title='bbox 1320 2118 1640 2188; x_wconf 79' lang='grc' dir='ltr'><strong>τοξεύματος</strong></span> 
     </span>
    </p>
   </div>
   <div class='ocr_carea' id='block_1_39' title="bbox 130 2201 1641 2274">
    <p class='ocr_par' dir='ltr' id='par_1_39' title="bbox 130 2201 1641 2274">
     <span class='ocr_line' id='line_1_39' title="bbox 130 2201 1641 2274; baseline 0.008 -23"><span class='ocrx_word' id='word_1_306' title='bbox 130 2201 482 2255; x_wconf 74' lang='grc' dir='ltr'><strong>εἰσελεύσονται</strong></span> <span class='ocrx_word' id='word_1_307' title='bbox 508 2206 643 2265; x_wconf 72' lang='grc' dir='ltr'><strong>ἐκεῖ,</strong></span> <span class='ocrx_word' id='word_1_308' title='bbox 660 2205 739 2256; x_wconf 82' lang='grc' dir='ltr'><strong>ὅτι</strong></span> <span class='ocrx_word' id='word_1_309' title='bbox 762 2205 951 2274; x_wconf 82' lang='grc' dir='ltr'><strong>χέρσος</strong></span> <span class='ocrx_word' id='word_1_310' title='bbox 969 2208 1062 2258; x_wconf 79' lang='grc' dir='ltr'><strong>καὶ</strong></span> <span class='ocrx_word' id='word_1_311' title='bbox 1089 2206 1293 2259; x_wconf 78' lang='grc' dir='ltr'><strong>ἄκανθα</strong></span> <span class='ocrx_word' id='word_1_312' title='bbox 1317 2208 1466 2262; x_wconf 76' lang='grc' dir='ltr'><strong>ἔσται</strong></span> <span class='ocrx_word' id='word_1_313' title='bbox 1495 2212 1641 2263; x_wconf 82' lang='grc' dir='ltr'><strong>πᾶσα</strong></span> 
     </span>
    </p>
   </div>
   <div class='ocr_carea' id='block_1_40' title="bbox 128 2288 1635 2367">
    <p class='ocr_par' dir='ltr' id='par_1_40' title="bbox 128 2288 1635 2367">
     <span class='ocr_line' id='line_1_40' title="bbox 128 2288 1635 2367; baseline 0.006 -26"><span class='ocrx_word' id='word_1_314' title='bbox 128 2288 161 2358; x_wconf 65' lang='grc' dir='ltr'>ἡ</span> <span class='ocrx_word' id='word_1_315' title='bbox 186 2289 247 2357; x_wconf 58' lang='grc' dir='ltr'><strong>τῇ</strong></span> <span class='ocrx_word' id='word_1_316' title='bbox 271 2329 285 2352; x_wconf 91' lang='grc'><strong>,</strong></span> <span class='ocrx_word' id='word_1_317' title='bbox 326 2290 414 2341; x_wconf 66' lang='grc' dir='ltr'><strong>καί⁵</strong></span> <span class='ocrx_word' id='word_1_318' title='bbox 445 2292 554 2342; x_wconf 79' lang='grc' dir='ltr'><strong>πᾶν</strong></span> <span class='ocrx_word' id='word_1_319' title='bbox 584 2291 711 2360; x_wconf 71' lang='grc' dir='ltr'><strong>ὅρος</strong></span> <span class='ocrx_word' id='word_1_320' title='bbox 748 2292 1146 2363; x_wconf 85' lang='grc' dir='ltr'><strong>ἀροτριώμενον</strong></span> <span class='ocrx_word' id='word_1_321' title='bbox 1173 2296 1635 2367; x_wconf 84' lang='grc' dir='ltr'><strong>ἀροτριαθήσεται.</strong></span> 
     </span>
    </p>
   </div>
   <div class='ocr_carea' id='block_1_41' title="bbox 130 2379 1640 2455">
    <p class='ocr_par' dir='ltr' id='par_1_41' title="bbox 130 2379 1640 2455">
     <span class='ocr_line' id='line_1_41' title="bbox 130 2379 1640 2455; baseline 0.003 -23"><span class='ocrx_word' id='word_1_322' title='bbox 130 2380 191 2432; x_wconf 77' lang='grc' dir='ltr'><strong>οὐ</strong></span> <span class='ocrx_word' id='word_1_323' title='bbox 222 2379 291 2449; x_wconf 80' lang='grc' dir='ltr'><strong>μή</strong></span> <span class='ocrx_word' id='word_1_324' title='bbox 316 2379 507 2451; x_wconf 80' lang='grc' dir='ltr'><strong>ἐπέλθῃ</strong></span> <span class='ocrx_word' id='word_1_325' title='bbox 531 2383 650 2433; x_wconf 77' lang='grc' dir='ltr'><strong>ἐκεῖ</strong></span> <span class='ocrx_word' id='word_1_326' title='bbox 680 2380 837 2448; x_wconf 81' lang='grc' dir='ltr'><strong>φόϐος</strong></span> <span class='ocrx_word' id='word_1_327' title='bbox 858 2398 873 2412; x_wconf 73' lang='grc'><strong>⁸</strong></span> <span class='ocrx_word' id='word_1_328' title='bbox 906 2382 1054 2434; x_wconf 76' lang='grc' dir='ltr'><strong>ἔσται</strong></span> <span class='ocrx_word' id='word_1_329' title='bbox 1079 2383 1183 2453; x_wconf 86' lang='grc' dir='ltr'><strong>γὰρ</strong></span> <span class='ocrx_word' id='word_1_330' title='bbox 1205 2386 1308 2437; x_wconf 84' lang='grc' dir='ltr'><strong>ἀπὸ</strong></span> <span class='ocrx_word' id='word_1_331' title='bbox 1325 2386 1423 2453; x_wconf 78' lang='grc' dir='ltr'><strong>τῆς</strong></span> <span class='ocrx_word' id='word_1_332' title='bbox 1452 2386 1640 2455; x_wconf 82' lang='grc' dir='ltr'><strong>χέρσου</strong></span> 
     </span>
    </p>
   </div>
   <div class='ocr_carea' id='block_1_42' title="bbox 131 2470 1643 2542">
    <p class='ocr_par' dir='ltr' id='par_1_42' title="bbox 131 2470 1643 2542">
     <span class='ocr_line' id='line_1_42' title="bbox 131 2470 1643 2542; baseline 0.004 -21"><span class='ocrx_word' id='word_1_333' title='bbox 131 2486 211 2521; x_wconf 87' lang='grc' dir='ltr'><strong>σου</strong></span> <span class='ocrx_word' id='word_1_334' title='bbox 241 2471 329 2522; x_wconf 76' lang='grc' dir='ltr'><strong>καὶ</strong></span> <span class='ocrx_word' id='word_1_335' title='bbox 354 2470 592 2540; x_wconf 82' lang='grc' dir='ltr'><strong>ἀκάνθης</strong></span> <span class='ocrx_word' id='word_1_336' title='bbox 624 2474 705 2533; x_wconf 81' lang='grc' dir='ltr'><strong>εἰς</strong></span> <span class='ocrx_word' id='word_1_337' title='bbox 748 2471 994 2542; x_wconf 81' lang='grc' dir='ltr'><strong>βόσκημα</strong></span> <span class='ocrx_word' id='word_1_338' title='bbox 1027 2472 1320 2542; x_wconf 87' lang='grc' dir='ltr'><strong>προϐάτου,</strong></span> <span class='ocrx_word' id='word_1_339' title='bbox 1354 2475 1446 2526; x_wconf 79' lang='grc' dir='ltr'><strong>καὶ</strong></span> <span class='ocrx_word' id='word_1_340' title='bbox 1476 2491 1643 2527; x_wconf 74' lang='grc' dir='ltr'><strong>καταο</strong></span> 
     </span>
    </p>
   </div>
   <div class='ocr_carea' id='block_1_43' title="bbox 133 2559 1640 2635">
    <p class='ocr_par' dir='ltr' id='par_1_43' title="bbox 133 2559 1640 2635">
     <span class='ocr_line' id='line_1_43' title="bbox 133 2559 1640 2635; baseline 0.005 -25"><span class='ocrx_word' id='word_1_341' title='bbox 133 2560 329 2629; x_wconf 81' lang='grc' dir='ltr'><strong>πάτημα</strong></span> <span class='ocrx_word' id='word_1_342' title='bbox 365 2559 497 2629; x_wconf 81' lang='grc' dir='ltr'><strong>βοός.</strong></span> <span class='ocrx_word' id='word_1_343' title='bbox 528 2581 546 2611; x_wconf 73' lang='grc' dir='ltr'><strong>ι</strong></span> <span class='ocrx_word' id='word_1_344' title='bbox 579 2562 824 2614; x_wconf 80' lang='grc' dir='ltr'><strong>Τοσαῦτα</strong></span> <span class='ocrx_word' id='word_1_345' title='bbox 856 2561 1067 2615; x_wconf 70' lang='grc' dir='ltr'><strong>ἔσεσθαι</strong></span> <span class='ocrx_word' id='word_1_346' title='bbox 1115 2564 1171 2615; x_wconf 81' lang='grc' dir='ltr'><strong>ὲν</strong></span> <span class='ocrx_word' id='word_1_347' title='bbox 1204 2567 1269 2634; x_wconf 83' lang='grc' dir='ltr'><strong>τῇ</strong></span> <span class='ocrx_word' id='word_1_348' title='bbox 1328 2565 1505 2635; x_wconf 81' lang='grc' dir='ltr'><strong>ἡμέρᾳ</strong></span> <span class='ocrx_word' id='word_1_349' title='bbox 1548 2565 1640 2617; x_wconf 90' lang='grc' dir='ltr'><strong>τοῦ</strong></span> 
     </span>
    </p>
   </div>
   <div class='ocr_carea' id='block_1_44' title="bbox 146 2649 1642 2724">
    <p class='ocr_par' dir='ltr' id='par_1_44' title="bbox 146 2649 1642 2724">
     <span class='ocr_line' id='line_1_44' title="bbox 146 2649 1642 2724; baseline 0.005 -25"><span class='ocrx_word' id='word_1_350' title='bbox 146 2649 455 2718; x_wconf 78' lang='grc' dir='ltr'><strong>Ἐμμανουήλ</strong></span> <span class='ocrx_word' id='word_1_351' title='bbox 482 2655 514 2721; x_wconf 87' lang='grc' dir='ltr'><strong>ή</strong></span> <span class='ocrx_word' id='word_1_352' title='bbox 548 2651 797 2721; x_wconf 83' lang='grc' dir='ltr'><strong>παροῦσα</strong></span> <span class='ocrx_word' id='word_1_353' title='bbox 844 2654 1140 2721; x_wconf 76' lang='grc' dir='ltr'><strong>προφητεία</strong></span> <span class='ocrx_word' id='word_1_354' title='bbox 1187 2654 1456 2724; x_wconf 74' lang='grc' dir='ltr'><strong>περιέχει⁸</strong></span> <span class='ocrx_word' id='word_1_355' title='bbox 1502 2654 1642 2724; x_wconf 79' lang='grc' dir='ltr'><strong>ἅπερ</strong></span> 
     </span>
    </p>
   </div>
   <div class='ocr_carea' id='block_1_45' title="bbox 134 2740 1643 2812">
    <p class='ocr_par' dir='ltr' id='par_1_45' title="bbox 134 2740 1643 2812">
     <span class='ocr_line' id='line_1_45' title="bbox 134 2740 1643 2812; baseline 0.004 -23"><span class='ocrx_word' id='word_1_356' title='bbox 134 2740 295 2802; x_wconf 74' lang='grc' dir='ltr'><strong>ὁποίας</strong></span> <span class='ocrx_word' id='word_1_357' title='bbox 320 2741 493 2810; x_wconf 76' lang='grc' dir='ltr'><strong>ἔχεται</strong></span> <span class='ocrx_word' id='word_1_358' title='bbox 533 2741 771 2810; x_wconf 87' lang='grc' dir='ltr'><strong>θεωρίας</strong></span> <span class='ocrx_word' id='word_1_359' title='bbox 813 2740 929 2811; x_wconf 83' lang='grc' dir='ltr'><strong>ὥρα</strong></span> <span class='ocrx_word' id='word_1_360' title='bbox 976 2742 1225 2806; x_wconf 82' lang='grc' dir='ltr'><strong>διελθεῖν,</strong></span> <span class='ocrx_word' id='word_1_361' title='bbox 1275 2744 1371 2812; x_wconf 76' lang='grc' dir='ltr'><strong>τὴν</strong></span> <span class='ocrx_word' id='word_1_362' title='bbox 1413 2743 1643 2796; x_wconf 88' lang='grc' dir='ltr'><strong>διάνοιαν</strong></span> 
     </span>
    </p>
   </div>
   <div class='ocr_carea' id='block_1_46' title="bbox 135 2827 1642 2900">
    <p class='ocr_par' dir='ltr' id='par_1_46' title="bbox 135 2827 1642 2900">
     <span class='ocr_line' id='line_1_46' title="bbox 135 2827 1642 2900; baseline 0.004 -25"><span class='ocrx_word' id='word_1_363' title='bbox 135 2827 571 2897; x_wconf 73' lang='grc' dir='ltr'><strong>ἰπιτεμνομένους.</strong></span> <span class='ocrx_word' id='word_1_364' title='bbox 605 2849 622 2879; x_wconf 74' lang='grc' dir='ltr'><strong>ι</strong></span> <span class='ocrx_word' id='word_1_365' title='bbox 653 2829 851 2898; x_wconf 83' lang='grc' dir='ltr'><strong>Συριεῖ,</strong></span> <span class='ocrx_word' id='word_1_366' title='bbox 882 2847 900 2878; x_wconf 73' lang='grc' dir='ltr'><strong>ι</strong></span> <span class='ocrx_word' id='word_1_367' title='bbox 924 2831 1083 2898; x_wconf 77' lang='grc' dir='ltr'>φησὶ,</span> <span class='ocrx_word' id='word_1_368' title='bbox 1110 2848 1129 2879; x_wconf 73' lang='grc' dir='ltr'><strong>ε</strong></span> <span class='ocrx_word' id='word_1_369' title='bbox 1160 2829 1357 2900; x_wconf 79' lang='grc' dir='ltr'><strong>Κύριος</strong></span> <span class='ocrx_word' id='word_1_370' title='bbox 1383 2832 1563 2900; x_wconf 88' lang='grc' dir='ltr'><strong>μυίαις</strong></span> <span class='ocrx_word' id='word_1_371' title='bbox 1587 2834 1642 2882; x_wconf 84' lang='grc' dir='ltr'><strong>ὲν</strong></span> 
     </span>
    </p>
   </div>
   <div class='ocr_carea' id='block_1_47' title="bbox 134 2917 1644 2989">
    <p class='ocr_par' dir='ltr' id='par_1_47' title="bbox 134 2917 1644 2989">
     <span class='ocr_line' id='line_1_47' title="bbox 134 2917 1644 2989; baseline 0.001 -20"><span class='ocrx_word' id='word_1_372' title='bbox 134 2918 188 2984; x_wconf 74' lang='grc' dir='ltr'><strong>τῇ</strong></span> <span class='ocrx_word' id='word_1_373' title='bbox 214 2918 383 2988; x_wconf 73' lang='grc' dir='ltr'><strong>ἡμέρᾳ</strong></span> <span class='ocrx_word' id='word_1_374' title='bbox 412 2918 612 2988; x_wconf 74' lang='grc' dir='ltr'><strong>ἐκείνῃ,</strong></span> <span class='ocrx_word' id='word_1_375' title='bbox 640 2919 696 2971; x_wconf 81' lang='grc' dir='ltr'><strong>αἶ</strong></span> <span class='ocrx_word' id='word_1_376' title='bbox 725 2917 1031 2988; x_wconf 89' lang='grc' dir='ltr'><strong>κυριεύουσι</strong></span> <span class='ocrx_word' id='word_1_377' title='bbox 1061 2919 1252 2989; x_wconf 88' lang='grc' dir='ltr'><strong>μέρους</strong></span> <span class='ocrx_word' id='word_1_378' title='bbox 1280 2918 1521 2989; x_wconf 87' lang='grc' dir='ltr'><strong>ποταμοῦ</strong></span> <span class='ocrx_word' id='word_1_379' title='bbox 1551 2920 1644 2971; x_wconf 80' lang='grc' dir='ltr'><strong>Αί-</strong></span> 
     </span>
    </p>
   </div>
   <div class='ocr_carea' id='block_1_48' title="bbox 134 3005 1639 3077">
    <p class='ocr_par' dir='ltr' id='par_1_48' title="bbox 134 3005 1639 3077">
     <span class='ocr_line' id='line_1_48' title="bbox 134 3005 1639 3077; baseline 0 -19"><span class='ocrx_word' id='word_1_380' title='bbox 134 3005 332 3070; x_wconf 81' lang='grc' dir='ltr'><strong>τύπτου,</strong></span> <span class='ocrx_word' id='word_1_381' title='bbox 348 3008 436 3059; x_wconf 77' lang='grc' dir='ltr'><strong>καὶ</strong></span> <span class='ocrx_word' id='word_1_382' title='bbox 455 3010 519 3077; x_wconf 78' lang='grc' dir='ltr'><strong>τῇ</strong></span> <span class='ocrx_word' id='word_1_383' title='bbox 547 3007 797 3076; x_wconf 84' lang='grc' dir='ltr'><strong>μελίσσῃ,</strong></span> <span class='ocrx_word' id='word_1_384' title='bbox 814 3008 849 3075; x_wconf 81' lang='grc' dir='ltr'>ἦ</span> <span class='ocrx_word' id='word_1_385' title='bbox 879 3008 1020 3058; x_wconf 77' lang='grc' dir='ltr'><strong>ἐστιν</strong></span> <span class='ocrx_word' id='word_1_386' title='bbox 1040 3009 1096 3059; x_wconf 81' lang='grc' dir='ltr'><strong>ὲν</strong></span> <span class='ocrx_word' id='word_1_387' title='bbox 1121 3006 1270 3077; x_wconf 78' lang='grc' dir='ltr'><strong>χώρᾳ</strong></span> <span class='ocrx_word' id='word_1_388' title='bbox 1298 3008 1639 3077; x_wconf 59' lang='grc' dir='ltr'><strong>Ἀσσυρίων»</strong></span> 
     </span>
    </p>
   </div>
   <div class='ocr_carea' id='block_1_49' title="bbox 133 3095 1640 3167">
    <p class='ocr_par' dir='ltr' id='par_1_49' title="bbox 133 3095 1640 3167">
     <span class='ocr_line' id='line_1_49' title="bbox 133 3095 1640 3167; baseline 0.001 -20"><span class='ocrx_word' id='word_1_389' title='bbox 133 3097 234 3157; x_wconf 75' lang='grc' dir='ltr'><strong>ταῖς</strong></span> <span class='ocrx_word' id='word_1_390' title='bbox 270 3096 361 3165; x_wconf 79' lang='grc' dir='ltr'><strong>μὲν</strong></span> <span class='ocrx_word' id='word_1_391' title='bbox 406 3096 691 3166; x_wconf 83' lang='grc' dir='ltr'><strong>προτέραις</strong></span> <span class='ocrx_word' id='word_1_392' title='bbox 720 3095 1111 3165; x_wconf 59' lang='grc' dir='ltr'><strong>εἰδωλολατριῖω</strong></span> <span class='ocrx_word' id='word_1_393' title='bbox 1158 3096 1358 3166; x_wconf 82' lang='grc' dir='ltr'><strong>ἀνδρῶν</strong></span> <span class='ocrx_word' id='word_1_394' title='bbox 1385 3097 1577 3165; x_wconf 79' lang='grc' dir='ltr'><strong>ψυχαῖς</strong></span> <span class='ocrx_word' id='word_1_395' title='bbox 1608 3097 1640 3167; x_wconf 78' lang='grc' dir='ltr'>ἢ</span> 
     </span>
    </p>
   </div>
   <div class='ocr_carea' id='block_1_50' title="bbox 1740 1933 3261 2001">
    <p class='ocr_par' dir='ltr' id='par_1_50' title="bbox 1740 1933 3261 2001">
     <span class='ocr_line' id='line_1_50' title="bbox 1740 1933 3261 2001; baseline 0.001 -16"><span class='ocrx_word' id='word_1_396' title='bbox 1740 1934 1882 1987; x_wconf 90' lang='lat' dir='ltr'><strong>mille</strong></span> <span class='ocrx_word' id='word_1_397' title='bbox 1903 1933 2037 1987; x_wconf 83' lang='lat' dir='ltr'><strong>vites</strong></span> <span class='ocrx_word' id='word_1_398' title='bbox 2056 1948 2153 2001; x_wconf 91' lang='lat' dir='ltr'><strong>pro</strong></span> <span class='ocrx_word' id='word_1_399' title='bbox 2171 1933 2313 1987; x_wconf 91' lang='lat' dir='ltr'><strong>mille</strong></span> <span class='ocrx_word' id='word_1_400' title='bbox 2334 1934 2502 1996; x_wconf 90' lang='lat' dir='ltr'><strong>siclis,</strong></span> <span class='ocrx_word' id='word_1_401' title='bbox 2523 1934 2576 1987; x_wconf 91' lang='lat' dir='ltr'><strong>in</strong></span> <span class='ocrx_word' id='word_1_402' title='bbox 2602 1941 2801 1989; x_wconf 89' lang='lat' dir='ltr'><strong>terram</strong></span> <span class='ocrx_word' id='word_1_403' title='bbox 2819 1936 3070 1989; x_wconf 90' lang='lat' dir='ltr'><strong>incultam</strong></span> <span class='ocrx_word' id='word_1_404' title='bbox 3081 1945 3261 1998; x_wconf 81' lang='lat' dir='ltr'><strong>erunt,</strong></span> 
     </span>
    </p>
   </div>
   <div class='ocr_carea' id='block_1_51' title="bbox 1737 2022 3263 2094">
    <p class='ocr_par' dir='ltr' id='par_1_51' title="bbox 1737 2022 3263 2094">
     <span class='ocr_line' id='line_1_51' title="bbox 1737 2022 3263 2094; baseline 0 -18"><span class='ocrx_word' id='word_1_405' title='bbox 1737 2030 1791 2076; x_wconf 92' lang='lat' dir='ltr'><strong>et</strong></span> <span class='ocrx_word' id='word_1_406' title='bbox 1821 2023 1876 2074; x_wconf 90' lang='lat' dir='ltr'><strong>in</strong></span> <span class='ocrx_word' id='word_1_407' title='bbox 1907 2022 2132 2090; x_wconf 87' lang='lat' dir='ltr'><strong>spinam,</strong></span> <span class='ocrx_word' id='word_1_408' title='bbox 2165 2036 2285 2075; x_wconf 91' lang='lat' dir='ltr'><strong>cum</strong></span> <span class='ocrx_word' id='word_1_409' title='bbox 2303 2024 2489 2091; x_wconf 78' lang='lat' dir='ltr'><strong>sagitta</strong></span> <span class='ocrx_word' id='word_1_410' title='bbox 2509 2031 2563 2078; x_wconf 91' lang='lat' dir='ltr'><strong>et</strong></span> <span class='ocrx_word' id='word_1_411' title='bbox 2583 2039 2709 2077; x_wconf 88' lang='lat' dir='ltr'><strong>arcu</strong></span> <span class='ocrx_word' id='word_1_412' title='bbox 2732 2024 3263 2094; x_wconf 85' lang='lat' dir='ltr'><strong>ingredienturilluc,</strong></span> 
     </span>
    </p>
   </div>
   <div class='ocr_carea' id='block_1_52' title="bbox 1738 2111 3267 2181">
    <p class='ocr_par' dir='ltr' id='par_1_52' title="bbox 1738 2111 3267 2181">
     <span class='ocr_line' id='line_1_52' title="bbox 1738 2111 3267 2181; baseline 0.001 -17"><span class='ocrx_word' id='word_1_413' title='bbox 1738 2112 1989 2181; x_wconf 89' lang='lat' dir='ltr'><strong>quoniam</strong></span> <span class='ocrx_word' id='word_1_414' title='bbox 2027 2111 2379 2166; x_wconf 90' lang='lat' dir='ltr'><strong>terrainculta</strong></span> <span class='ocrx_word' id='word_1_415' title='bbox 2398 2120 2449 2166; x_wconf 90' lang='lat' dir='ltr'><strong>et</strong></span> <span class='ocrx_word' id='word_1_416' title='bbox 2474 2113 2628 2181; x_wconf 87' lang='lat' dir='ltr'><strong>spina</strong></span> <span class='ocrx_word' id='word_1_417' title='bbox 2674 2115 2777 2167; x_wconf 88' lang='lat' dir='ltr'><strong>erit</strong></span> <span class='ocrx_word' id='word_1_418' title='bbox 2813 2114 2988 2168; x_wconf 91' lang='lat' dir='ltr'><strong>omnis</strong></span> <span class='ocrx_word' id='word_1_419' title='bbox 3015 2120 3178 2178; x_wconf 85' lang='lat' dir='ltr'><strong>terra,</strong></span> <span class='ocrx_word' id='word_1_420' title='bbox 3210 2120 3267 2167; x_wconf 87' lang='lat' dir='ltr'><strong>et</strong></span> 
     </span>
    </p>
   </div>
   <div class='ocr_carea' id='block_1_53' title="bbox 1738 2200 3269 2269">
    <p class='ocr_par' dir='ltr' id='par_1_53' title="bbox 1738 2200 3269 2269">
     <span class='ocr_line' id='line_1_53' title="bbox 1738 2200 3269 2269; baseline 0.001 -17"><span class='ocrx_word' id='word_1_421' title='bbox 1738 2202 1911 2254; x_wconf 90' lang='lat' dir='ltr'><strong>omnis</strong></span> <span class='ocrx_word' id='word_1_422' title='bbox 1942 2215 2096 2255; x_wconf 91' lang='lat' dir='ltr'><strong>mons</strong></span> <span class='ocrx_word' id='word_1_423' title='bbox 2121 2201 2214 2269; x_wconf 90' lang='lat' dir='ltr'><strong>qui</strong></span> <span class='ocrx_word' id='word_1_424' title='bbox 2244 2209 2448 2264; x_wconf 88' lang='lat' dir='ltr'><strong>aratur,</strong></span> <span class='ocrx_word' id='word_1_425' title='bbox 2482 2200 2737 2256; x_wconf 82' lang='lat' dir='ltr'><strong>arabitur.</strong></span> <span class='ocrx_word' id='word_1_426' title='bbox 2768 2201 2883 2255; x_wconf 85' lang='lat' dir='ltr'><strong>Non</strong></span> <span class='ocrx_word' id='word_1_427' title='bbox 2916 2201 3126 2255; x_wconf 90' lang='lat' dir='ltr'><strong>accedet</strong></span> <span class='ocrx_word' id='word_1_428' title='bbox 3139 2200 3269 2254; x_wconf 89' lang='lat' dir='ltr'><strong>illuc</strong></span> 
     </span>
    </p>
   </div>
   <div class='ocr_carea' id='block_1_54' title="bbox 1740 2289 3271 2358">
    <p class='ocr_par' dir='ltr' id='par_1_54' title="bbox 1740 2289 3271 2358">
     <span class='ocr_line' id='line_1_54' title="bbox 1740 2289 3271 2358; baseline 0 -16"><span class='ocrx_word' id='word_1_429' title='bbox 1740 2299 1930 2353; x_wconf 89' lang='lat' dir='ltr'><strong>terror,</strong></span> <span class='ocrx_word' id='word_1_430' title='bbox 1961 2289 2062 2342; x_wconf 89' lang='lat' dir='ltr'><strong>erit</strong></span> <span class='ocrx_word' id='word_1_431' title='bbox 2087 2290 2226 2343; x_wconf 90' lang='lat' dir='ltr'><strong>enim</strong></span> <span class='ocrx_word' id='word_1_432' title='bbox 2259 2303 2289 2341; x_wconf 90' lang='lat' dir='ltr'><strong>a</strong></span> <span class='ocrx_word' id='word_1_433' title='bbox 2315 2300 2458 2343; x_wconf 87' lang='lat' dir='ltr'><strong>terra</strong></span> <span class='ocrx_word' id='word_1_434' title='bbox 2496 2289 2696 2343; x_wconf 89' lang='lat' dir='ltr'><strong>inculta</strong></span> <span class='ocrx_word' id='word_1_435' title='bbox 2721 2298 2773 2343; x_wconf 92' lang='lat' dir='ltr'><strong>et</strong></span> <span class='ocrx_word' id='word_1_436' title='bbox 2802 2289 2953 2358; x_wconf 89' lang='lat' dir='ltr'><strong>spina</strong></span> <span class='ocrx_word' id='word_1_437' title='bbox 2982 2290 3035 2342; x_wconf 92' lang='lat' dir='ltr'><strong>in</strong></span> <span class='ocrx_word' id='word_1_438' title='bbox 3069 2301 3271 2357; x_wconf 80' lang='lat' dir='ltr'><strong>pascua</strong></span> 
     </span>
    </p>
   </div>
   <div class='ocr_carea' id='block_1_55' title="bbox 1738 2375 3265 2443">
    <p class='ocr_par' dir='ltr' id='par_1_55' title="bbox 1738 2375 3265 2443">
     <span class='ocr_line' id='line_1_55' title="bbox 1738 2375 3265 2443; baseline -0.003 -9"><span class='ocrx_word' id='word_1_439' title='bbox 1738 2379 1874 2443; x_wconf 91' lang='lat' dir='ltr'><strong>ovis,</strong></span> <span class='ocrx_word' id='word_1_440' title='bbox 1906 2388 1959 2433; x_wconf 89' lang='lat' dir='ltr'><strong>et</strong></span> <span class='ocrx_word' id='word_1_441' title='bbox 2007 2379 2062 2432; x_wconf 90' lang='lat' dir='ltr'><strong>in</strong></span> <span class='ocrx_word' id='word_1_442' title='bbox 2094 2378 2556 2432; x_wconf 86' lang='lat' dir='ltr'><strong>conculcationem</strong></span> <span class='ocrx_word' id='word_1_443' title='bbox 2613 2379 2764 2433; x_wconf 81' lang='lat' dir='ltr'><strong>bovis</strong></span> <span class='ocrx_word' id='word_1_444' title='bbox 2808 2378 2875 2434; x_wconf 78' lang='lat'><strong>&quot;.</strong></span> <span class='ocrx_word' id='word_1_445' title='bbox 2916 2397 2935 2429; x_wconf 69' lang='grc' dir='ltr'><strong>ι</strong></span> <span class='ocrx_word' id='word_1_446' title='bbox 2975 2375 3096 2433; x_wconf 66' lang='lat' dir='ltr'><strong>Haec</strong></span> <span class='ocrx_word' id='word_1_447' title='bbox 3155 2384 3265 2431; x_wconf 92' lang='lat' dir='ltr'><strong>tam</strong></span> 
     </span>
    </p>
   </div>
   <div class='ocr_carea' id='block_1_56' title="bbox 1738 2467 3268 2537">
    <p class='ocr_par' dir='ltr' id='par_1_56' title="bbox 1738 2467 3268 2537">
     <span class='ocr_line' id='line_1_56' title="bbox 1738 2467 3268 2537; baseline -0.001 -14"><span class='ocrx_word' id='word_1_448' title='bbox 1738 2470 1905 2523; x_wconf 88' lang='lat' dir='ltr'><strong>multa</strong></span> <span class='ocrx_word' id='word_1_449' title='bbox 1952 2468 2130 2522; x_wconf 81' lang='lat' dir='ltr'><strong>futura</strong></span> <span class='ocrx_word' id='word_1_450' title='bbox 2161 2470 2213 2522; x_wconf 91' lang='lat' dir='ltr'><strong>in</strong></span> <span class='ocrx_word' id='word_1_451' title='bbox 2247 2469 2334 2523; x_wconf 92' lang='lat' dir='ltr'><strong>die</strong></span> <span class='ocrx_word' id='word_1_452' title='bbox 2367 2467 2699 2531; x_wconf 84' lang='lat' dir='ltr'><strong>Emmanuel,</strong></span> <span class='ocrx_word' id='word_1_453' title='bbox 2733 2484 2965 2537; x_wconf 75' lang='lat' dir='ltr'><strong>przesens</strong></span> <span class='ocrx_word' id='word_1_454' title='bbox 2992 2468 3268 2537; x_wconf 86' lang='lat' dir='ltr'><strong>prophetia</strong></span> 
     </span>
    </p>
   </div>
   <div class='ocr_carea' id='block_1_57' title="bbox 1739 2554 3267 2625">
    <p class='ocr_par' dir='ltr' id='par_1_57' title="bbox 1739 2554 3267 2625">
     <span class='ocr_line' id='line_1_57' title="bbox 1739 2554 3267 2625; baseline -0.003 -15"><span class='ocrx_word' id='word_1_455' title='bbox 1739 2556 2011 2625; x_wconf 76' lang='lat' dir='ltr'><strong>complexa</strong></span> <span class='ocrx_word' id='word_1_456' title='bbox 2038 2563 2143 2617; x_wconf 83' lang='lat' dir='ltr'><strong>est,</strong></span> <span class='ocrx_word' id='word_1_457' title='bbox 2172 2570 2290 2623; x_wconf 80' lang='lat' dir='ltr'><strong>quae</strong></span> <span class='ocrx_word' id='word_1_458' title='bbox 2313 2555 2461 2624; x_wconf 89' lang='lat' dir='ltr'><strong>quali</strong></span> <span class='ocrx_word' id='word_1_459' title='bbox 2491 2555 2937 2624; x_wconf 85' lang='lat' dir='ltr'><strong>contemplatione</strong></span> <span class='ocrx_word' id='word_1_460' title='bbox 2977 2554 3267 2609; x_wconf 85' lang='lat' dir='ltr'><strong>scrutanda</strong></span> 
     </span>
    </p>
   </div>
   <div class='ocr_carea' id='block_1_58' title="bbox 1740 2644 3269 2713">
    <p class='ocr_par' dir='ltr' id='par_1_58' title="bbox 1740 2644 3269 2713">
     <span class='ocr_line' id='line_1_58' title="bbox 1740 2644 3269 2713; baseline -0.002 -14"><span class='ocrx_word' id='word_1_461' title='bbox 1740 2648 1870 2708; x_wconf 88' lang='lat' dir='ltr'><strong>sint,</strong></span> <span class='ocrx_word' id='word_1_462' title='bbox 1900 2646 2008 2713; x_wconf 86' lang='lat' dir='ltr'><strong>jam</strong></span> <span class='ocrx_word' id='word_1_463' title='bbox 2040 2645 2269 2713; x_wconf 82' lang='lat' dir='ltr'><strong>experiri</strong></span> <span class='ocrx_word' id='word_1_464' title='bbox 2301 2651 2512 2712; x_wconf 87' lang='lat' dir='ltr'><strong>tempus</strong></span> <span class='ocrx_word' id='word_1_465' title='bbox 2557 2654 2656 2705; x_wconf 86' lang='lat' dir='ltr'><strong>est,</strong></span> <span class='ocrx_word' id='word_1_466' title='bbox 2689 2645 2857 2713; x_wconf 89' lang='lat' dir='ltr'><strong>ipsam</strong></span> <span class='ocrx_word' id='word_1_467' title='bbox 2905 2644 3114 2697; x_wconf 87' lang='lat' dir='ltr'><strong>interim</strong></span> <span class='ocrx_word' id='word_1_468' title='bbox 3143 2659 3269 2698; x_wconf 53' lang='lat' dir='ltr'><strong>seu-</strong></span> 
     </span>
    </p>
   </div>
   <div class='ocr_carea' id='block_1_59' title="bbox 1741 2732 3268 2803">
    <p class='ocr_par' dir='ltr' id='par_1_59' title="bbox 1741 2732 3268 2803">
     <span class='ocr_line' id='line_1_59' title="bbox 1741 2732 3268 2803; baseline -0.002 -14"><span class='ocrx_word' id='word_1_469' title='bbox 1741 2736 1957 2789; x_wconf 87' lang='lat' dir='ltr'><strong>tentiam</strong></span> <span class='ocrx_word' id='word_1_470' title='bbox 1988 2733 2330 2789; x_wconf 84' lang='lat' dir='ltr'><strong>dividentes:</strong></span> <span class='ocrx_word' id='word_1_471' title='bbox 2397 2752 2416 2784; x_wconf 84' lang='grc'><strong><em>‹</em></strong></span> <span class='ocrx_word' id='word_1_472' title='bbox 2455 2732 2720 2795; x_wconf 87' lang='lat' dir='ltr'><strong>Sibilabit,</strong></span> <span class='ocrx_word' id='word_1_473' title='bbox 2771 2734 2961 2803; x_wconf 79' lang='lat' dir='ltr'><strong>inquit,</strong></span> <span class='ocrx_word' id='word_1_474' title='bbox 3012 2733 3268 2788; x_wconf 84' lang='lat' dir='ltr'><strong>Dominus</strong></span> 
     </span>
    </p>
   </div>
   <div class='ocr_carea' id='block_1_60' title="bbox 1740 2823 3271 2892">
    <p class='ocr_par' dir='ltr' id='par_1_60' title="bbox 1740 2823 3271 2892">
     <span class='ocr_line' id='line_1_60' title="bbox 1740 2823 3271 2892; baseline -0.001 -15"><span class='ocrx_word' id='word_1_475' title='bbox 1740 2824 1939 2878; x_wconf 88' lang='lat' dir='ltr'><strong>muscis</strong></span> <span class='ocrx_word' id='word_1_476' title='bbox 1962 2825 2017 2877; x_wconf 88' lang='lat' dir='ltr'><strong>in</strong></span> <span class='ocrx_word' id='word_1_477' title='bbox 2050 2824 2137 2877; x_wconf 90' lang='lat' dir='ltr'><strong>die</strong></span> <span class='ocrx_word' id='word_1_478' title='bbox 2165 2824 2274 2885; x_wconf 90' lang='lat' dir='ltr'><strong>illa,</strong></span> <span class='ocrx_word' id='word_1_479' title='bbox 2321 2839 2442 2892; x_wconf 69' lang='lat' dir='ltr'><strong>quae</strong></span> <span class='ocrx_word' id='word_1_480' title='bbox 2470 2823 2815 2876; x_wconf 85' lang='lat' dir='ltr'><strong>dominantur</strong></span> <span class='ocrx_word' id='word_1_481' title='bbox 2844 2823 2897 2876; x_wconf 91' lang='lat' dir='ltr'><strong>in</strong></span> <span class='ocrx_word' id='word_1_482' title='bbox 2926 2829 3074 2891; x_wconf 88' lang='lat' dir='ltr'><strong>parte</strong></span> <span class='ocrx_word' id='word_1_483' title='bbox 3094 2823 3271 2876; x_wconf 81' lang='lat' dir='ltr'><strong>ﬂumi-</strong></span> 
     </span>
    </p>
   </div>
   <div class='ocr_carea' id='block_1_61' title="bbox 1741 2912 3263 2985">
    <p class='ocr_par' dir='ltr' id='par_1_61' title="bbox 1741 2912 3263 2985">
     <span class='ocr_line' id='line_1_61' title="bbox 1741 2912 3263 2985; baseline -0.003 -17"><span class='ocrx_word' id='word_1_484' title='bbox 1741 2916 1826 2968; x_wconf 85' lang='lat' dir='ltr'><strong>nis</strong></span> <span class='ocrx_word' id='word_1_485' title='bbox 1855 2914 2090 2985; x_wconf 65' lang='lat' dir='ltr'><strong>Aigypti,</strong></span> <span class='ocrx_word' id='word_1_486' title='bbox 2124 2922 2177 2969; x_wconf 91' lang='lat' dir='ltr'><strong>et</strong></span> <span class='ocrx_word' id='word_1_487' title='bbox 2209 2916 2295 2983; x_wconf 90' lang='lat' dir='ltr'><strong>api</strong></span> <span class='ocrx_word' id='word_1_488' title='bbox 2319 2928 2438 2982; x_wconf 71' lang='lat' dir='ltr'><strong>qua:</strong></span> <span class='ocrx_word' id='word_1_489' title='bbox 2457 2921 2539 2967; x_wconf 89' lang='lat' dir='ltr'><strong>est</strong></span> <span class='ocrx_word' id='word_1_490' title='bbox 2572 2914 2627 2967; x_wconf 89' lang='lat' dir='ltr'><strong>in</strong></span> <span class='ocrx_word' id='word_1_491' title='bbox 2664 2921 2803 2967; x_wconf 81' lang='lat' dir='ltr'><strong>terra</strong></span> <span class='ocrx_word' id='word_1_492' title='bbox 2836 2912 3198 2984; x_wconf 83' lang='lat' dir='ltr'><strong>Assyriorum,</strong></span> <span class='ocrx_word' id='word_1_493' title='bbox 3243 2931 3263 2964; x_wconf 76' lang='grc' dir='ltr'><strong>ε</strong></span> 
     </span>
    </p>
   </div>
   <div class='ocr_carea' id='block_1_62' title="bbox 1744 3002 3267 3072">
    <p class='ocr_par' dir='ltr' id='par_1_62' title="bbox 1744 3002 3267 3072">
     <span class='ocr_line' id='line_1_62' title="bbox 1744 3002 3267 3072; baseline -0.001 -16"><span class='ocrx_word' id='word_1_494' title='bbox 1744 3005 1834 3057; x_wconf 88' lang='lat' dir='ltr'><strong>ubi</strong></span> <span class='ocrx_word' id='word_1_495' title='bbox 1864 3005 2100 3057; x_wconf 78' lang='lat' dir='ltr'><strong>virorum</strong></span> <span class='ocrx_word' id='word_1_496' title='bbox 2134 3005 2285 3072; x_wconf 80' lang='lat' dir='ltr'><strong>prius</strong></span> <span class='ocrx_word' id='word_1_497' title='bbox 2317 3004 2602 3057; x_wconf 87' lang='lat' dir='ltr'><strong>simulacra</strong></span> <span class='ocrx_word' id='word_1_498' title='bbox 2655 3003 2987 3056; x_wconf 84' lang='lat' dir='ltr'><strong>adorantium</strong></span> <span class='ocrx_word' id='word_1_499' title='bbox 3039 3002 3267 3065; x_wconf 85' lang='lat' dir='ltr'><strong>animas,</strong></span> 
     </span>
    </p>
   </div>
   <div class='ocr_carea' id='block_1_63' title="bbox 1742 3090 3272 3160">
    <p class='ocr_par' dir='ltr' id='par_1_63' title="bbox 1742 3090 3272 3160">
     <span class='ocr_line' id='line_1_63' title="bbox 1742 3090 3272 3160; baseline 0 -17"><span class='ocrx_word' id='word_1_500' title='bbox 1742 3092 2011 3145; x_wconf 88' lang='lat' dir='ltr'><strong>autetiam</strong></span> <span class='ocrx_word' id='word_1_501' title='bbox 2040 3093 2295 3160; x_wconf 86' lang='lat' dir='ltr'><strong>quasdam</strong></span> <span class='ocrx_word' id='word_1_502' title='bbox 2330 3100 2381 3143; x_wconf 86' lang='lat' dir='ltr'><strong>et</strong></span> <span class='ocrx_word' id='word_1_503' title='bbox 2411 3090 2708 3144; x_wconf 87' lang='lat' dir='ltr'><strong>immundas</strong></span> <span class='ocrx_word' id='word_1_504' title='bbox 2742 3098 2794 3143; x_wconf 91' lang='lat' dir='ltr'><strong>et</strong></span> <span class='ocrx_word' id='word_1_505' title='bbox 2841 3090 3065 3145; x_wconf 81' lang='lat' dir='ltr'><strong>infestas</strong></span> <span class='ocrx_word' id='word_1_506' title='bbox 3121 3098 3272 3159; x_wconf 87' lang='lat' dir='ltr'><strong>pote-</strong></span> 
     </span>
    </p>
   </div>
   <div class='ocr_carea' id='block_1_64' title="bbox 137 3154 1659 3254">
    <p class='ocr_par' dir='ltr' id='par_1_64' title="bbox 137 3154 1643 3254">
     <span class='ocr_line' id='line_1_64' title="bbox 137 3154 1643 3254; baseline 0.002 -20"><span class='ocrx_word' id='word_1_507' title='bbox 137 3154 228 3235; x_wconf 54' lang='lat' dir='ltr'><strong>ut</strong></span> <span class='ocrx_word' id='word_1_508' title='bbox 254 3154 530 3253; x_wconf 73' lang='grc' dir='ltr'><strong>δυνάμεσιν</strong></span> <span class='ocrx_word' id='word_1_509' title='bbox 554 3154 580 3247; x_wconf 46' lang='grc' dir='ltr'><strong>,Ι</strong></span> <span class='ocrx_word' id='word_1_510' title='bbox 613 3154 689 3245; x_wconf 82' lang='grc' dir='ltr'><strong>ὡς</strong></span> <span class='ocrx_word' id='word_1_511' title='bbox 728 3179 916 3252; x_wconf 76' lang='grc' dir='ltr'><strong>οἶμαι,</strong></span> <span class='ocrx_word' id='word_1_512' title='bbox 964 3154 1281 3251; x_wconf 71' lang='grc' dir='ltr'><strong>ἀκαθάρτοις</strong></span> <span class='ocrx_word' id='word_1_513' title='bbox 1326 3154 1415 3237; x_wconf 66' lang='grc' dir='ltr'><strong>καί</strong></span> <span class='ocrx_word' id='word_1_514' title='bbox 1461 3154 1643 3254; x_wconf 63' lang='grc' dir='ltr'><strong>άηδέσι</strong></span> 
     </span>
    </p>
   </div>
   <div class='ocr_carea' id='block_1_65' title="bbox 1746 3154 3274 3254">
    <p class='ocr_par' dir='ltr' id='par_1_65' title="bbox 1746 3179 3274 3249">
     <span class='ocr_line' id='line_1_65' title="bbox 1746 3179 3274 3249; baseline -0.003 -12"><span class='ocrx_word' id='word_1_515' title='bbox 1746 3189 1929 3245; x_wconf 79' lang='lat' dir='ltr'><strong>uates,</strong></span> <span class='ocrx_word' id='word_1_516' title='bbox 1956 3196 2169 3236; x_wconf 76' lang='lat' dir='ltr'><strong>muscas</strong></span> <span class='ocrx_word' id='word_1_517' title='bbox 2192 3182 2422 3234; x_wconf 85' lang='lat' dir='ltr'><strong>arbitror</strong></span> <span class='ocrx_word' id='word_1_518' title='bbox 2452 3180 2734 3243; x_wconf 86' lang='lat' dir='ltr'><strong>nominari,</strong></span> <span class='ocrx_word' id='word_1_519' title='bbox 2767 3188 2819 3233; x_wconf 90' lang='lat' dir='ltr'><strong>et</strong></span> <span class='ocrx_word' id='word_1_520' title='bbox 2848 3194 3061 3235; x_wconf 90' lang='lat' dir='ltr'><strong>muscas</strong></span> <span class='ocrx_word' id='word_1_521' title='bbox 3104 3179 3274 3249; x_wconf 66' lang='lat' dir='ltr'><strong>Egy-</strong></span> 
     </span>
    </p>
   </div>
   <div class='ocr_carea' id='block_1_66' title="bbox 139 3268 1647 3339">
    <p class='ocr_par' dir='ltr' id='par_1_66' title="bbox 139 3268 1647 3339">
     <span class='ocr_line' id='line_1_66' title="bbox 139 3268 1647 3339; baseline 0.002 -19"><span class='ocrx_word' id='word_1_522' title='bbox 139 3268 293 3336; x_wconf 79' lang='grc' dir='ltr'><strong>μυίαις</strong></span> <span class='ocrx_word' id='word_1_523' title='bbox 313 3270 731 3339; x_wconf 78' lang='grc' dir='ltr'><strong>ὀνομαζομέναις</strong></span> <span class='ocrx_word' id='word_1_524' title='bbox 747 3305 766 3331; x_wconf 88' lang='grc'>,</span> <span class='ocrx_word' id='word_1_525' title='bbox 798 3269 890 3322; x_wconf 77' lang='grc' dir='ltr'><strong>καὶ</strong></span> <span class='ocrx_word' id='word_1_526' title='bbox 920 3270 1099 3339; x_wconf 88' lang='grc' dir='ltr'><strong>μυίαις</strong></span> <span class='ocrx_word' id='word_1_527' title='bbox 1120 3272 1523 3337; x_wconf 82' lang='grc' dir='ltr'><strong>Αίγυπτιακαῖς,</strong></span> <span class='ocrx_word' id='word_1_528' title='bbox 1556 3272 1647 3323; x_wconf 89' lang='grc' dir='ltr'><strong>θυ-</strong></span> 
     </span>
    </p>
   </div>
   <div class='ocr_carea' id='block_1_67' title="bbox 138 3358 1648 3431">
    <p class='ocr_par' dir='ltr' id='par_1_67' title="bbox 138 3358 1648 3431">
     <span class='ocr_line' id='line_1_67' title="bbox 138 3358 1648 3431; baseline 0.004 -22"><span class='ocrx_word' id='word_1_529' title='bbox 138 3361 255 3420; x_wconf 72' lang='grc' dir='ltr'><strong>σίαις</strong></span> <span class='ocrx_word' id='word_1_530' title='bbox 293 3361 383 3412; x_wconf 72' lang='grc' dir='ltr'><strong>καὶ</strong></span> <span class='ocrx_word' id='word_1_531' title='bbox 422 3360 648 3428; x_wconf 81' lang='grc' dir='ltr'><strong>αῖμασιν</strong></span> <span class='ocrx_word' id='word_1_532' title='bbox 700 3358 929 3411; x_wconf 84' lang='grc' dir='ltr'><strong>εἰδώλων</strong></span> <span class='ocrx_word' id='word_1_533' title='bbox 973 3360 1314 3430; x_wconf 78' lang='grc' dir='ltr'><strong>χαιρούσαιςο</strong></span> <span class='ocrx_word' id='word_1_534' title='bbox 1349 3365 1413 3431; x_wconf 80' lang='grc' dir='ltr'><strong>τῇ</strong></span> <span class='ocrx_word' id='word_1_535' title='bbox 1448 3363 1504 3414; x_wconf 86' lang='grc' dir='ltr'><strong>δὲ</strong></span> <span class='ocrx_word' id='word_1_536' title='bbox 1555 3380 1648 3431; x_wconf 83' lang='grc' dir='ltr'><strong>με-</strong></span> 
     </span>
    </p>
   </div>
   <div class='ocr_carea' id='block_1_68' title="bbox 137 3448 1647 3519">
    <p class='ocr_par' dir='ltr' id='par_1_68' title="bbox 137 3448 1647 3519">
     <span class='ocr_line' id='line_1_68' title="bbox 137 3448 1647 3519; baseline 0.003 -20"><span class='ocrx_word' id='word_1_537' title='bbox 137 3448 266 3519; x_wconf 73' lang='grc' dir='ltr'><strong>λίστῃ</strong></span> <span class='ocrx_word' id='word_1_538' title='bbox 293 3449 413 3518; x_wconf 76' lang='grc' dir='ltr'><strong>ζὼῳ</strong></span> <span class='ocrx_word' id='word_1_539' title='bbox 451 3450 672 3519; x_wconf 83' lang='grc' dir='ltr'><strong>κέντρον</strong></span> <span class='ocrx_word' id='word_1_540' title='bbox 703 3449 1075 3519; x_wconf 75' lang='grc' dir='ltr'><strong>ἐπιφερομένῳ</strong></span> <span class='ocrx_word' id='word_1_541' title='bbox 1096 3488 1109 3509; x_wconf 93' lang='grc'>,</span> <span class='ocrx_word' id='word_1_542' title='bbox 1141 3448 1440 3518; x_wconf 82' lang='grc' dir='ltr'><strong>βασιλεύειν</strong></span> <span class='ocrx_word' id='word_1_543' title='bbox 1466 3469 1523 3503; x_wconf 90' lang='grc' dir='ltr'><strong>τε</strong></span> <span class='ocrx_word' id='word_1_544' title='bbox 1557 3454 1647 3504; x_wconf 78' lang='grc' dir='ltr'><strong>καὶ</strong></span> 
     </span>
    </p>
   </div>
   <div class='ocr_carea' id='block_1_69' title="bbox 140 3537 1648 3609">
    <p class='ocr_par' dir='ltr' id='par_1_69' title="bbox 140 3537 1648 3609">
     <span class='ocr_line' id='line_1_69' title="bbox 140 3537 1648 3609; baseline 0.003 -20"><span class='ocrx_word' id='word_1_545' title='bbox 140 3537 515 3604; x_wconf 83' lang='grc' dir='ltr'><strong>βασιλεύεσθαι,</strong></span> <span class='ocrx_word' id='word_1_546' title='bbox 561 3539 657 3591; x_wconf 72' lang='grc' dir='ltr'><strong>καὶ</strong></span> <span class='ocrx_word' id='word_1_547' title='bbox 687 3538 938 3607; x_wconf 77' lang='grc' dir='ltr'><strong>πολεμεῖν</strong></span> <span class='ocrx_word' id='word_1_548' title='bbox 969 3540 1326 3609; x_wconf 76' lang='grc' dir='ltr'><strong>ἐπισταμένῳ,</strong></span> <span class='ocrx_word' id='word_1_549' title='bbox 1358 3539 1648 3609; x_wconf 83' lang='grc' dir='ltr'><strong>ἀμύνεσθαί</strong></span> 
     </span>
    </p>
   </div>
   <div class='ocr_carea' id='block_1_70' title="bbox 137 3625 1651 3696">
    <p class='ocr_par' dir='ltr' id='par_1_70' title="bbox 137 3625 1651 3696">
     <span class='ocr_line' id='line_1_70' title="bbox 137 3625 1651 3696; baseline 0.003 -21"><span class='ocrx_word' id='word_1_550' title='bbox 137 3641 184 3675; x_wconf 82' lang='grc' dir='ltr'><strong>τε</strong></span> <span class='ocrx_word' id='word_1_551' title='bbox 203 3628 283 3677; x_wconf 75' lang='grc' dir='ltr'><strong>καὶ</strong></span> <span class='ocrx_word' id='word_1_552' title='bbox 305 3626 620 3696; x_wconf 83' lang='grc' dir='ltr'><strong>τιτρώσκειν</strong></span> <span class='ocrx_word' id='word_1_553' title='bbox 652 3625 814 3678; x_wconf 88' lang='grc' dir='ltr'><strong>εἰδότι</strong></span> <span class='ocrx_word' id='word_1_554' title='bbox 837 3626 960 3689; x_wconf 81' lang='grc' dir='ltr'><strong>τοὺς</strong></span> <span class='ocrx_word' id='word_1_555' title='bbox 983 3625 1410 3695; x_wconf 85' lang='grc' dir='ltr'><strong>ἀνθισταμένους.</strong></span> <span class='ocrx_word' id='word_1_556' title='bbox 1442 3627 1651 3689; x_wconf 85' lang='grc' dir='ltr'><strong>Ταύτας</strong></span> 
     </span>
    </p>
   </div>
   <div class='ocr_carea' id='block_1_71' title="bbox 139 3710 1648 3783">
    <p class='ocr_par' dir='ltr' id='par_1_71' title="bbox 139 3710 1648 3783">
     <span class='ocr_line' id='line_1_71' title="bbox 139 3710 1648 3783; baseline 0.003 -20"><span class='ocrx_word' id='word_1_557' title='bbox 139 3710 212 3765; x_wconf 73' lang='grc' dir='ltr'><strong>οὖν</strong></span> <span class='ocrx_word' id='word_1_558' title='bbox 233 3714 358 3782; x_wconf 85' lang='grc' dir='ltr'><strong>όμοῦ</strong></span> <span class='ocrx_word' id='word_1_559' title='bbox 393 3714 743 3777; x_wconf 84' lang='grc' dir='ltr'><strong>συνελθούσας</strong></span> <span class='ocrx_word' id='word_1_560' title='bbox 765 3753 780 3775; x_wconf 91' lang='grc'><strong>,</strong></span> <span class='ocrx_word' id='word_1_561' title='bbox 808 3715 907 3776; x_wconf 75' lang='grc' dir='ltr'><strong>τὰς</strong></span> <span class='ocrx_word' id='word_1_562' title='bbox 941 3715 1035 3783; x_wconf 83' lang='grc' dir='ltr'><strong>μὲν</strong></span> <span class='ocrx_word' id='word_1_563' title='bbox 1067 3716 1131 3766; x_wconf 84' lang='grc' dir='ltr'><strong>ὲκ</strong></span> <span class='ocrx_word' id='word_1_564' title='bbox 1180 3715 1279 3782; x_wconf 81' lang='grc' dir='ltr'><strong>τῆς</strong></span> <span class='ocrx_word' id='word_1_565' title='bbox 1307 3716 1411 3767; x_wconf 84' lang='grc' dir='ltr'><strong>τῶν</strong></span> <span class='ocrx_word' id='word_1_566' title='bbox 1441 3716 1648 3768; x_wconf 84' lang='grc' dir='ltr'><strong>εἰδωλο-</strong></span> 
     </span>
    </p>
   </div>
   <div class='ocr_carea' id='block_1_72' title="bbox 139 3800 1650 3874">
    <p class='ocr_par' dir='ltr' id='par_1_72' title="bbox 139 3800 1650 3874">
     <span class='ocr_line' id='line_1_72' title="bbox 139 3800 1650 3874; baseline 0.003 -22"><span class='ocrx_word' id='word_1_567' title='bbox 139 3800 320 3872; x_wconf 75' lang='grc' dir='ltr'><strong>λατρῶν</strong></span> <span class='ocrx_word' id='word_1_568' title='bbox 362 3803 570 3874; x_wconf 83' lang='grc' dir='ltr'><strong>χώρας,</strong></span> <span class='ocrx_word' id='word_1_569' title='bbox 610 3804 709 3865; x_wconf 82' lang='grc' dir='ltr'><strong>τὰς</strong></span> <span class='ocrx_word' id='word_1_570' title='bbox 754 3804 809 3855; x_wconf 83' lang='grc' dir='ltr'><strong>δὲ</strong></span> <span class='ocrx_word' id='word_1_571' title='bbox 845 3804 950 3855; x_wconf 82' lang='grc' dir='ltr'><strong>ἀπὸ</strong></span> <span class='ocrx_word' id='word_1_572' title='bbox 975 3804 1072 3872; x_wconf 85' lang='grc' dir='ltr'><strong>τῆς</strong></span> <span class='ocrx_word' id='word_1_573' title='bbox 1097 3803 1203 3855; x_wconf 82' lang='grc' dir='ltr'><strong>τῶν</strong></span> <span class='ocrx_word' id='word_1_574' title='bbox 1231 3805 1650 3857; x_wconf 87' lang='grc' dir='ltr'><strong>κατευθυνόντων</strong></span> 
     </span>
    </p>
   </div>
   <div class='ocr_carea' id='block_1_73' title="bbox 138 3890 1650 3962">
    <p class='ocr_par' dir='ltr' id='par_1_73' title="bbox 138 3890 1650 3962">
     <span class='ocr_line' id='line_1_73' title="bbox 138 3890 1650 3962; baseline 0.002 -19"><span class='ocrx_word' id='word_1_575' title='bbox 138 3890 222 3957; x_wconf 69' lang='grc' dir='ltr'><strong>γῆς</strong></span> <span class='ocrx_word' id='word_1_576' title='bbox 258 3892 748 3960; x_wconf 78' lang='grc' dir='ltr'><strong>(κατευθύνοντες</strong></span> <span class='ocrx_word' id='word_1_577' title='bbox 801 3890 906 3961; x_wconf 78' lang='grc' dir='ltr'><strong>γὰρ</strong></span> <span class='ocrx_word' id='word_1_578' title='bbox 933 3893 981 3943; x_wconf 87' lang='grc' dir='ltr'><strong>οί</strong></span> <span class='ocrx_word' id='word_1_579' title='bbox 1017 3892 1283 3961; x_wconf 73' lang='grc' dir='ltr'><strong>’Δσσύριοι</strong></span> <span class='ocrx_word' id='word_1_580' title='bbox 1328 3894 1650 3962; x_wconf 78' lang='grc' dir='ltr'><strong>ἑρμηνεύον-</strong></span> 
     </span>
    </p>
   </div>
   <div class='ocr_carea' id='block_1_74' title="bbox 138 3979 1652 4051">
    <p class='ocr_par' dir='ltr' id='par_1_74' title="bbox 138 3979 1652 4051">
     <span class='ocr_line' id='line_1_74' title="bbox 138 3979 1652 4051; baseline 0.004 -21"><span class='ocrx_word' id='word_1_581' title='bbox 138 3979 249 4046; x_wconf 68' lang='lat' dir='ltr'><strong>tat),</strong></span> <span class='ocrx_word' id='word_1_582' title='bbox 295 3980 536 4033; x_wconf 87' lang='grc' dir='ltr'><strong>κελεύσει</strong></span> <span class='ocrx_word' id='word_1_583' title='bbox 589 3979 778 4048; x_wconf 84' lang='grc' dir='ltr'><strong>ὥσπερ</strong></span> <span class='ocrx_word' id='word_1_584' title='bbox 810 3980 1046 4049; x_wconf 87' lang='grc' dir='ltr'><strong>σύρισμά</strong></span> <span class='ocrx_word' id='word_1_585' title='bbox 1091 3997 1143 4031; x_wconf 90' lang='grc' dir='ltr'><strong>τι</strong></span> <span class='ocrx_word' id='word_1_586' title='bbox 1176 3981 1267 4032; x_wconf 91' lang='grc' dir='ltr'><strong>τοῦ</strong></span> <span class='ocrx_word' id='word_1_587' title='bbox 1314 3982 1515 4051; x_wconf 79' lang='grc' dir='ltr'><strong>Κυρίου</strong></span> <span class='ocrx_word' id='word_1_588' title='bbox 1563 3986 1652 4036; x_wconf 79' lang='grc' dir='ltr'><strong>καὶ</strong></span> 
     </span>
    </p>
   </div>
   <div class='ocr_carea' id='block_1_75' title="bbox 138 4065 1651 4140">
    <p class='ocr_par' dir='ltr' id='par_1_75' title="bbox 138 4065 1651 4140">
     <span class='ocr_line' id='line_1_75' title="bbox 138 4065 1651 4140; baseline 0.005 -24"><span class='ocrx_word' id='word_1_589' title='bbox 138 4065 249 4118; x_wconf 88' lang='grc' dir='ltr'><strong>Θεοῦ</strong></span> <span class='ocrx_word' id='word_1_590' title='bbox 281 4067 389 4120; x_wconf 85' lang='grc' dir='ltr'><strong>τῶν</strong></span> <span class='ocrx_word' id='word_1_591' title='bbox 420 4068 553 4120; x_wconf 81' lang='grc' dir='ltr'><strong>ὅλων</strong></span> <span class='ocrx_word' id='word_1_592' title='bbox 595 4069 693 4136; x_wconf 81' lang='grc' dir='ltr'><strong>τῆς</strong></span> <span class='ocrx_word' id='word_1_593' title='bbox 741 4068 996 4130; x_wconf 86' lang='grc' dir='ltr'><strong>Ἰουδαίας</strong></span> <span class='ocrx_word' id='word_1_594' title='bbox 1027 4069 1239 4137; x_wconf 83' lang='grc' dir='ltr'><strong>ἁπάσης</strong></span> <span class='ocrx_word' id='word_1_595' title='bbox 1277 4070 1651 4140; x_wconf 73' lang='grc' dir='ltr'><strong>ἐπικρατήσειν</strong></span> 
     </span>
    </p>
   </div>
   <div class='ocr_carea' id='block_1_76' title="bbox 137 4152 1653 4228">
    <p class='ocr_par' dir='ltr' id='par_1_76' title="bbox 137 4152 1653 4228">
     <span class='ocr_line' id='line_1_76' title="bbox 137 4152 1653 4228; baseline 0.003 -23"><span class='ocrx_word' id='word_1_596' title='bbox 137 4152 210 4206; x_wconf 75' lang='grc' dir='ltr'><strong>διὰ</strong></span> <span class='ocrx_word' id='word_1_597' title='bbox 244 4154 334 4225; x_wconf 79' lang='grc' dir='ltr'><strong>τήν</strong></span> <span class='ocrx_word' id='word_1_598' title='bbox 373 4156 454 4217; x_wconf 84' lang='grc' dir='ltr'><strong>εἰς</strong></span> <span class='ocrx_word' id='word_1_599' title='bbox 485 4156 718 4225; x_wconf 81' lang='grc' dir='ltr'><strong>Χριστὸν</strong></span> <span class='ocrx_word' id='word_1_600' title='bbox 767 4155 1019 4207; x_wconf 84' lang='grc' dir='ltr'><strong>ἀπιστίαν</strong></span> <span class='ocrx_word' id='word_1_601' title='bbox 1051 4156 1224 4209; x_wconf 80' lang='grc' dir='ltr'><strong>αὐτῶν</strong></span> <span class='ocrx_word' id='word_1_602' title='bbox 1246 4195 1261 4219; x_wconf 94' lang='grc'>,</span> <span class='ocrx_word' id='word_1_603' title='bbox 1295 4158 1352 4208; x_wconf 83' lang='grc' dir='ltr'><strong>ὲν</strong></span> <span class='ocrx_word' id='word_1_604' title='bbox 1380 4160 1444 4227; x_wconf 77' lang='grc' dir='ltr'><strong>τῇ</strong></span> <span class='ocrx_word' id='word_1_605' title='bbox 1478 4158 1653 4228; x_wconf 73' lang='grc' dir='ltr'><strong>ἡμέρᾳ</strong></span> 
     </span>
    </p>
   </div>
   <div class='ocr_carea' id='block_1_77' title="bbox 137 4242 1653 4318">
    <p class='ocr_par' dir='ltr' id='par_1_77' title="bbox 137 4242 1653 4318">
     <span class='ocr_line' id='line_1_77' title="bbox 137 4242 1653 4318; baseline 0.005 -25"><span class='ocrx_word' id='word_1_606' title='bbox 137 4242 214 4295; x_wconf 81' lang='grc' dir='ltr'><strong>τοῦ</strong></span> <span class='ocrx_word' id='word_1_607' title='bbox 247 4246 602 4316; x_wconf 78' lang='grc' dir='ltr'><strong>Ἐμμανουήλ,</strong></span> <span class='ocrx_word' id='word_1_608' title='bbox 627 4247 778 4315; x_wconf 80' lang='grc' dir='ltr'><strong>φησί.</strong></span> <span class='ocrx_word' id='word_1_609' title='bbox 819 4246 1076 4313; x_wconf 84' lang='grc' dir='ltr'><strong>Σημαίνει</strong></span> <span class='ocrx_word' id='word_1_610' title='bbox 1099 4246 1155 4298; x_wconf 78' lang='grc' dir='ltr'><strong>δὲ</strong></span> <span class='ocrx_word' id='word_1_611' title='bbox 1197 4246 1283 4298; x_wconf 78' lang='grc' dir='ltr'><strong>διὰ</strong></span> <span class='ocrx_word' id='word_1_612' title='bbox 1308 4246 1504 4299; x_wconf 89' lang='grc' dir='ltr'><strong>τούτων</strong></span> <span class='ocrx_word' id='word_1_613' title='bbox 1528 4247 1653 4318; x_wconf 74' lang='grc' dir='ltr'><strong>ἔθνη</strong></span> 
     </span>
    </p>
   </div>
   <div class='ocr_carea' id='block_1_78' title="bbox 139 4332 1652 4407">
    <p class='ocr_par' dir='ltr' id='par_1_78' title="bbox 139 4332 1652 4407">
     <span class='ocr_line' id='line_1_78' title="bbox 139 4332 1652 4407; baseline 0.003 -23"><span class='ocrx_word' id='word_1_614' title='bbox 139 4332 378 4400; x_wconf 63' lang='grc' dir='ltr'><strong>ἀλλόφυλα</strong></span> <span class='ocrx_word' id='word_1_615' title='bbox 405 4336 497 4388; x_wconf 79' lang='grc' dir='ltr'><strong>καὶ</strong></span> <span class='ocrx_word' id='word_1_616' title='bbox 530 4334 893 4403; x_wconf 82' lang='grc' dir='ltr'><strong>στρατιωτικὰ</strong></span> <span class='ocrx_word' id='word_1_617' title='bbox 916 4336 1153 4403; x_wconf 76' lang='grc' dir='ltr'><strong>οἰκήσειν</strong></span> <span class='ocrx_word' id='word_1_618' title='bbox 1178 4334 1273 4405; x_wconf 81' lang='grc' dir='ltr'><strong>τὴν</strong></span> <span class='ocrx_word' id='word_1_619' title='bbox 1307 4335 1652 4407; x_wconf 80' lang='grc' dir='ltr'><strong>Ἰερουσαλὴμ</strong></span> 
     </span>
    </p>
   </div>
   <div class='ocr_carea' id='block_1_79' title="bbox 1744 3268 3265 3341">
    <p class='ocr_par' dir='ltr' id='par_1_79' title="bbox 1744 3268 3265 3341">
     <span class='ocr_line' id='line_1_79' title="bbox 1744 3268 3265 3341; baseline -0.003 -16"><span class='ocrx_word' id='word_1_620' title='bbox 1744 3274 1968 3341; x_wconf 83' lang='lat' dir='ltr'><strong>ptiacas,</strong></span> <span class='ocrx_word' id='word_1_621' title='bbox 1999 3286 2117 3339; x_wconf 62' lang='lat' dir='ltr'><strong>qua</strong></span> <span class='ocrx_word' id='word_1_622' title='bbox 2165 3271 2444 3325; x_wconf 81' lang='lat' dir='ltr'><strong>sacriﬁciis</strong></span> <span class='ocrx_word' id='word_1_623' title='bbox 2506 3279 2561 3323; x_wconf 89' lang='lat' dir='ltr'><strong>et</strong></span> <span class='ocrx_word' id='word_1_624' title='bbox 2614 3269 2895 3323; x_wconf 89' lang='lat' dir='ltr'><strong>cruoribus</strong></span> <span class='ocrx_word' id='word_1_625' title='bbox 2948 3268 3265 3322; x_wconf 81' lang='lat' dir='ltr'><strong>simulacro-</strong></span> 
     </span>
    </p>
   </div>
   <div class='ocr_carea' id='block_1_80' title="bbox 1746 3359 3269 3431">
    <p class='ocr_par' dir='ltr' id='par_1_80' title="bbox 1746 3359 3269 3431">
     <span class='ocr_line' id='line_1_80' title="bbox 1746 3359 3269 3431; baseline -0.002 -18"><span class='ocrx_word' id='word_1_626' title='bbox 1746 3377 1862 3415; x_wconf 90' lang='lat' dir='ltr'><strong>rum</strong></span> <span class='ocrx_word' id='word_1_627' title='bbox 1889 3362 2140 3431; x_wconf 75' lang='lat' dir='ltr'><strong>gaudent.</strong></span> <span class='ocrx_word' id='word_1_628' title='bbox 2172 3360 2300 3428; x_wconf 83' lang='lat' dir='ltr'><strong>Apis</strong></span> <span class='ocrx_word' id='word_1_629' title='bbox 2331 3374 2457 3412; x_wconf 84' lang='lat' dir='ltr'><strong>vero</strong></span> <span class='ocrx_word' id='word_1_630' title='bbox 2509 3365 2591 3412; x_wconf 88' lang='lat' dir='ltr'><strong>est</strong></span> <span class='ocrx_word' id='word_1_631' title='bbox 2620 3359 2813 3410; x_wconf 86' lang='lat' dir='ltr'><strong>animal</strong></span> <span class='ocrx_word' id='word_1_632' title='bbox 2867 3360 3053 3412; x_wconf 90' lang='lat' dir='ltr'><strong>aculeo</strong></span> <span class='ocrx_word' id='word_1_633' title='bbox 3089 3372 3269 3410; x_wconf 89' lang='lat' dir='ltr'><strong>arma-</strong></span> 
     </span>
    </p>
   </div>
   <div class='ocr_carea' id='block_1_81' title="bbox 1746 3446 3273 3517">
    <p class='ocr_par' dir='ltr' id='par_1_81' title="bbox 1746 3446 3273 3517">
     <span class='ocr_line' id='line_1_81' title="bbox 1746 3446 3273 3517; baseline -0.002 -16"><span class='ocrx_word' id='word_1_634' title='bbox 1746 3458 1878 3512; x_wconf 88' lang='lat' dir='ltr'><strong>tum,</strong></span> <span class='ocrx_word' id='word_1_635' title='bbox 1911 3457 1965 3503; x_wconf 91' lang='lat' dir='ltr'><strong>et</strong></span> <span class='ocrx_word' id='word_1_636' title='bbox 1998 3450 2139 3517; x_wconf 89' lang='lat' dir='ltr'><strong>quod</strong></span> <span class='ocrx_word' id='word_1_637' title='bbox 2178 3448 2464 3517; x_wconf 78' lang='lat' dir='ltr'><strong>regnandi,</strong></span> <span class='ocrx_word' id='word_1_638' title='bbox 2507 3461 2569 3500; x_wconf 90' lang='lat' dir='ltr'><strong>ac</strong></span> <span class='ocrx_word' id='word_1_639' title='bbox 2601 3447 2702 3501; x_wconf 92' lang='lat' dir='ltr'><strong>sub</strong></span> <span class='ocrx_word' id='word_1_640' title='bbox 2726 3462 2850 3515; x_wconf 78' lang='lat' dir='ltr'><strong>rege</strong></span> <span class='ocrx_word' id='word_1_641' title='bbox 2881 3446 3127 3515; x_wconf 89' lang='lat' dir='ltr'><strong>degendi,</strong></span> <span class='ocrx_word' id='word_1_642' title='bbox 3158 3446 3273 3499; x_wconf 86' lang='lat' dir='ltr'><strong>bel-</strong></span> 
     </span>
    </p>
   </div>
   <div class='ocr_carea' id='block_1_82' title="bbox 1746 3534 3274 3606">
    <p class='ocr_par' dir='ltr' id='par_1_82' title="bbox 1746 3534 3274 3606">
     <span class='ocr_line' id='line_1_82' title="bbox 1746 3534 3274 3606; baseline -0.001 -14"><span class='ocrx_word' id='word_1_643' title='bbox 1746 3539 1992 3606; x_wconf 88' lang='lat' dir='ltr'><strong>landique</strong></span> <span class='ocrx_word' id='word_1_644' title='bbox 2038 3537 2313 3591; x_wconf 89' lang='lat' dir='ltr'><strong>scientiam</strong></span> <span class='ocrx_word' id='word_1_645' title='bbox 2345 3536 2518 3600; x_wconf 86' lang='lat' dir='ltr'><strong>habet,</strong></span> <span class='ocrx_word' id='word_1_646' title='bbox 2556 3542 2609 3590; x_wconf 90' lang='lat' dir='ltr'><strong>et</strong></span> <span class='ocrx_word' id='word_1_647' title='bbox 2650 3535 2831 3589; x_wconf 89' lang='lat' dir='ltr'><strong>ulcisci</strong></span> <span class='ocrx_word' id='word_1_648' title='bbox 2884 3549 2946 3587; x_wconf 87' lang='lat' dir='ltr'><strong>ac</strong></span> <span class='ocrx_word' id='word_1_649' title='bbox 2991 3534 3274 3590; x_wconf 74' lang='lat' dir='ltr'><strong>vulnerare</strong></span> 
     </span>
    </p>
   </div>
   <div class='ocr_carea' id='block_1_83' title="bbox 1746 3623 3270 3692">
    <p class='ocr_par' dir='ltr' id='par_1_83' title="bbox 1746 3623 3270 3692">
     <span class='ocr_line' id='line_1_83' title="bbox 1746 3623 3270 3692; baseline -0.003 -12"><span class='ocrx_word' id='word_1_650' title='bbox 1746 3627 2088 3681; x_wconf 82' lang='lat' dir='ltr'><strong>adversantes</strong></span> <span class='ocrx_word' id='word_1_651' title='bbox 2145 3627 2396 3679; x_wconf 90' lang='lat' dir='ltr'><strong>idoneum</strong></span> <span class='ocrx_word' id='word_1_652' title='bbox 2454 3633 2557 3679; x_wconf 89' lang='lat' dir='ltr'><strong>est.</strong></span> <span class='ocrx_word' id='word_1_653' title='bbox 2603 3623 2774 3678; x_wconf 78' lang='lat' dir='ltr'><strong>Hasce</strong></span> <span class='ocrx_word' id='word_1_654' title='bbox 2821 3624 2982 3692; x_wconf 90' lang='lat' dir='ltr'><strong>igitur</strong></span> <span class='ocrx_word' id='word_1_655' title='bbox 3008 3624 3061 3676; x_wconf 91' lang='lat' dir='ltr'><strong>in</strong></span> <span class='ocrx_word' id='word_1_656' title='bbox 3095 3623 3270 3676; x_wconf 88' lang='lat' dir='ltr'><strong>locum</strong></span> 
     </span>
    </p>
   </div>
   <div class='ocr_carea' id='block_1_84' title="bbox 1749 3713 3274 3783">
    <p class='ocr_par' dir='ltr' id='par_1_84' title="bbox 1749 3713 3274 3783">
     <span class='ocr_line' id='line_1_84' title="bbox 1749 3713 3274 3783; baseline -0.001 -14"><span class='ocrx_word' id='word_1_657' title='bbox 1749 3732 1909 3769; x_wconf 86' lang='lat' dir='ltr'><strong>unum</strong></span> <span class='ocrx_word' id='word_1_658' title='bbox 1955 3716 2365 3777; x_wconf 87' lang='lat' dir='ltr'><strong>convenientes,</strong></span> <span class='ocrx_word' id='word_1_659' title='bbox 2399 3715 2533 3769; x_wconf 90' lang='lat' dir='ltr'><strong>alias</strong></span> <span class='ocrx_word' id='word_1_660' title='bbox 2567 3714 2782 3783; x_wconf 90' lang='lat' dir='ltr'><strong>quidem</strong></span> <span class='ocrx_word' id='word_1_661' title='bbox 2821 3714 2889 3769; x_wconf 89' lang='lat' dir='ltr'><strong>de</strong></span> <span class='ocrx_word' id='word_1_662' title='bbox 2937 3713 3153 3781; x_wconf 80' lang='lat' dir='ltr'><strong>regione</strong></span> <span class='ocrx_word' id='word_1_663' title='bbox 3180 3728 3274 3767; x_wconf 79' lang='lat' dir='ltr'><strong>eo-</strong></span> 
     </span>
    </p>
   </div>
   <div class='ocr_carea' id='block_1_85' title="bbox 1748 3798 3275 3871">
    <p class='ocr_par' dir='ltr' id='par_1_85' title="bbox 1748 3798 3275 3871">
     <span class='ocr_line' id='line_1_85' title="bbox 1748 3798 3275 3871; baseline -0.005 -15"><span class='ocrx_word' id='word_1_664' title='bbox 1748 3819 1864 3856; x_wconf 91' lang='lat' dir='ltr'><strong>rum</strong></span> <span class='ocrx_word' id='word_1_665' title='bbox 1896 3804 1984 3871; x_wconf 91' lang='lat' dir='ltr'><strong>qui</strong></span> <span class='ocrx_word' id='word_1_666' title='bbox 2010 3803 2296 3857; x_wconf 88' lang='lat' dir='ltr'><strong>simulacra</strong></span> <span class='ocrx_word' id='word_1_667' title='bbox 2321 3802 2562 3866; x_wconf 85' lang='lat' dir='ltr'><strong>adorant,</strong></span> <span class='ocrx_word' id='word_1_668' title='bbox 2605 3800 2737 3853; x_wconf 88' lang='lat' dir='ltr'><strong>alias</strong></span> <span class='ocrx_word' id='word_1_669' title='bbox 2762 3813 2889 3853; x_wconf 91' lang='lat' dir='ltr'><strong>vero</strong></span> <span class='ocrx_word' id='word_1_670' title='bbox 2919 3798 2985 3851; x_wconf 89' lang='lat' dir='ltr'><strong>de</strong></span> <span class='ocrx_word' id='word_1_671' title='bbox 3006 3805 3146 3851; x_wconf 87' lang='lat' dir='ltr'><strong>terra</strong></span> <span class='ocrx_word' id='word_1_672' title='bbox 3176 3812 3275 3866; x_wconf 80' lang='lat' dir='ltr'><strong>gu-</strong></span> 
     </span>
    </p>
   </div>
   <div class='ocr_carea' id='block_1_86' title="bbox 1748 3887 3274 3962">
    <p class='ocr_par' dir='ltr' id='par_1_86' title="bbox 1748 3887 3274 3962">
     <span class='ocr_line' id='line_1_86' title="bbox 1748 3887 3274 3962; baseline -0.005 -15"><span class='ocrx_word' id='word_1_673' title='bbox 1748 3894 2082 3947; x_wconf 86' lang='lat' dir='ltr'><strong>bernantium</strong></span> <span class='ocrx_word' id='word_1_674' title='bbox 2107 3892 2332 3962; x_wconf 83' lang='lat' dir='ltr'><strong>(Assyrii</strong></span> <span class='ocrx_word' id='word_1_675' title='bbox 2363 3892 2502 3945; x_wconf 81' lang='lat' dir='ltr'><strong>enini</strong></span> <span class='ocrx_word' id='word_1_676' title='bbox 2539 3906 2603 3944; x_wconf 77' lang='lat' dir='ltr'><strong>ex</strong></span> <span class='ocrx_word' id='word_1_677' title='bbox 2631 3889 3066 3958; x_wconf 87' lang='lat' dir='ltr'><strong>interpretatione</strong></span> <span class='ocrx_word' id='word_1_678' title='bbox 3099 3887 3274 3941; x_wconf 82' lang='lat' dir='ltr'><strong>nomi-</strong></span> 
     </span>
    </p>
   </div>
   <div class='ocr_carea' id='block_1_87' title="bbox 1748 3976 3274 4049">
    <p class='ocr_par' dir='ltr' id='par_1_87' title="bbox 1748 3976 3274 4049">
     <span class='ocr_line' id='line_1_87' title="bbox 1748 3976 3274 4049; baseline -0.002 -14"><span class='ocrx_word' id='word_1_679' title='bbox 1748 3983 1833 4035; x_wconf 88' lang='lat' dir='ltr'><strong>nis</strong></span> <span class='ocrx_word' id='word_1_680' title='bbox 1866 3981 2202 4049; x_wconf 69' lang='lat' dir='ltr'><strong>gubernante:</strong></span> <span class='ocrx_word' id='word_1_681' title='bbox 2230 3979 2804 4049; x_wconf 87' lang='lat' dir='ltr'><strong>intelliguntur),jussu</strong></span> <span class='ocrx_word' id='word_1_682' title='bbox 2828 3987 2881 4032; x_wconf 88' lang='lat' dir='ltr'><strong>et</strong></span> <span class='ocrx_word' id='word_1_683' title='bbox 2906 3978 3059 4047; x_wconf 90' lang='lat' dir='ltr'><strong>quasi</strong></span> <span class='ocrx_word' id='word_1_684' title='bbox 3089 3976 3274 4032; x_wconf 82' lang='lat' dir='ltr'><strong>sibila-</strong></span> 
     </span>
    </p>
   </div>
   <div class='ocr_carea' id='block_1_88' title="bbox 1751 4068 3275 4135">
    <p class='ocr_par' dir='ltr' id='par_1_88' title="bbox 1751 4068 3275 4135">
     <span class='ocr_line' id='line_1_88' title="bbox 1751 4068 3275 4135; baseline -0.001 -12"><span class='ocrx_word' id='word_1_685' title='bbox 1751 4073 1893 4125; x_wconf 91' lang='lat' dir='ltr'><strong>tione</strong></span> <span class='ocrx_word' id='word_1_686' title='bbox 1919 4070 2125 4124; x_wconf 88' lang='lat' dir='ltr'><strong>Domini</strong></span> <span class='ocrx_word' id='word_1_687' title='bbox 2152 4078 2205 4124; x_wconf 93' lang='lat' dir='ltr'><strong>et</strong></span> <span class='ocrx_word' id='word_1_688' title='bbox 2235 4070 2327 4124; x_wconf 90' lang='lat' dir='ltr'><strong>Dei</strong></span> <span class='ocrx_word' id='word_1_689' title='bbox 2356 4085 2533 4124; x_wconf 87' lang='lat' dir='ltr'><strong>rerum</strong></span> <span class='ocrx_word' id='word_1_690' title='bbox 2560 4071 2818 4135; x_wconf 88' lang='lat' dir='ltr'><strong>omnium,</strong></span> <span class='ocrx_word' id='word_1_691' title='bbox 2850 4068 3043 4123; x_wconf 65' lang='lat' dir='ltr'><strong>Judaeaa</strong></span> <span class='ocrx_word' id='word_1_692' title='bbox 3067 4069 3275 4123; x_wconf 81' lang='lat' dir='ltr'><strong>univer-</strong></span> 
     </span>
    </p>
   </div>
   <div class='ocr_carea' id='block_1_89' title="bbox 1751 4160 3277 4229">
    <p class='ocr_par' dir='ltr' id='par_1_89' title="bbox 1751 4160 3277 4229">
     <span class='ocr_line' id='line_1_89' title="bbox 1751 4160 3277 4229; baseline -0.001 -15"><span class='ocrx_word' id='word_1_693' title='bbox 1751 4175 1823 4214; x_wconf 76' lang='lat' dir='ltr'><strong>sae</strong></span> <span class='ocrx_word' id='word_1_694' title='bbox 1846 4162 2219 4229; x_wconf 83' lang='lat' dir='ltr'><strong>imperaturas,</strong></span> <span class='ocrx_word' id='word_1_695' title='bbox 2252 4168 2463 4228; x_wconf 88' lang='lat' dir='ltr'><strong>propter</strong></span> <span class='ocrx_word' id='word_1_696' title='bbox 2491 4160 2661 4229; x_wconf 84' lang='lat' dir='ltr'><strong>ipsius</strong></span> <span class='ocrx_word' id='word_1_697' title='bbox 2691 4160 2746 4213; x_wconf 90' lang='lat' dir='ltr'><strong>in</strong></span> <span class='ocrx_word' id='word_1_698' title='bbox 2772 4160 3044 4213; x_wconf 84' lang='lat' dir='ltr'><strong>Christum</strong></span> <span class='ocrx_word' id='word_1_699' title='bbox 3096 4160 3277 4212; x_wconf 84' lang='lat' dir='ltr'><strong>incre-</strong></span> 
     </span>
    </p>
   </div>
   <div class='ocr_carea' id='block_1_90' title="bbox 1751 4248 3277 4312">
    <p class='ocr_par' dir='ltr' id='par_1_90' title="bbox 1751 4248 3277 4312">
     <span class='ocr_line' id='line_1_90' title="bbox 1751 4248 3277 4312; baseline 0.001 -9"><span class='ocrx_word' id='word_1_700' title='bbox 1751 4250 2024 4304; x_wconf 82' lang='lat' dir='ltr'><strong>dulitatem</strong></span> <span class='ocrx_word' id='word_1_701' title='bbox 2058 4250 2152 4312; x_wconf 90' lang='lat' dir='ltr'><strong>ait,</strong></span> <span class='ocrx_word' id='word_1_702' title='bbox 2184 4249 2238 4302; x_wconf 91' lang='lat' dir='ltr'><strong>in</strong></span> <span class='ocrx_word' id='word_1_703' title='bbox 2262 4248 2350 4303; x_wconf 91' lang='lat' dir='ltr'><strong>die</strong></span> <span class='ocrx_word' id='word_1_704' title='bbox 2376 4248 2708 4303; x_wconf 85' lang='lat' dir='ltr'><strong>Emmanuel.</strong></span> <span class='ocrx_word' id='word_1_705' title='bbox 2753 4248 2847 4303; x_wconf 77' lang='lat' dir='ltr'><strong>His</strong></span> <span class='ocrx_word' id='word_1_706' title='bbox 2876 4256 3052 4302; x_wconf 88' lang='lat' dir='ltr'><strong>autem</strong></span> <span class='ocrx_word' id='word_1_707' title='bbox 3094 4248 3277 4305; x_wconf 81' lang='lat' dir='ltr'><strong>verbis</strong></span> 
     </span>
    </p>
   </div>
   <div class='ocr_carea' id='block_1_91' title="bbox 1752 4338 3317 4409">
    <p class='ocr_par' dir='ltr' id='par_1_91' title="bbox 1752 4338 3317 4409">
     <span class='ocr_line' id='line_1_91' title="bbox 1752 4338 3317 4409; baseline 0 -16"><span class='ocrx_word' id='word_1_708' title='bbox 1752 4341 2012 4408; x_wconf 77' lang='lat' dir='ltr'><strong>signiﬁcat</strong></span> <span class='ocrx_word' id='word_1_709' title='bbox 2035 4347 2217 4409; x_wconf 88' lang='lat' dir='ltr'><strong>gentes</strong></span> <span class='ocrx_word' id='word_1_710' title='bbox 2264 4347 2510 4393; x_wconf 79' lang='lat' dir='ltr'><strong>externas</strong></span> <span class='ocrx_word' id='word_1_711' title='bbox 2537 4346 2590 4393; x_wconf 90' lang='lat' dir='ltr'><strong>et</strong></span> <span class='ocrx_word' id='word_1_712' title='bbox 2630 4339 2912 4400; x_wconf 88' lang='lat' dir='ltr'><strong>militares,</strong></span> <span class='ocrx_word' id='word_1_713' title='bbox 2942 4338 3277 4393; x_wconf 80' lang='lat' dir='ltr'><strong>habitaturas</strong></span> <span class='ocrx_word' id='word_1_714' title='bbox 3304 4357 3317 4366; x_wconf 68' lang='grc'><em>’</em></span> 
     </span>
    </p>
   </div>
   <div class='ocr_carea' id='block_1_92' title="bbox 140 4420 1659 4510">
    <p class='ocr_par' dir='ltr' id='par_1_92' title="bbox 140 4420 1654 4492">
     <span class='ocr_line' id='line_1_92' title="bbox 140 4420 1654 4492; baseline 0.003 -21"><span class='ocrx_word' id='word_1_715' title='bbox 140 4422 217 4472; x_wconf 80' lang='grc' dir='ltr'><strong>καὶ</strong></span> <span class='ocrx_word' id='word_1_716' title='bbox 238 4421 327 4492; x_wconf 84' lang='grc' dir='ltr'><strong>τὴν</strong></span> <span class='ocrx_word' id='word_1_717' title='bbox 362 4423 617 4475; x_wconf 83' lang='grc' dir='ltr'><strong>Ἰουδαίαν</strong></span> <span class='ocrx_word' id='word_1_718' title='bbox 645 4423 747 4491; x_wconf 84' lang='grc' dir='ltr'><strong>γῆν</strong></span> <span class='ocrx_word' id='word_1_719' title='bbox 769 4438 784 4451; x_wconf 88' lang='grc'><strong>·</strong></span> <span class='ocrx_word' id='word_1_720' title='bbox 812 4422 945 4492; x_wconf 83' lang='grc' dir='ltr'><strong>ὅπερ</strong></span> <span class='ocrx_word' id='word_1_721' title='bbox 969 4423 1061 4474; x_wconf 77' lang='grc' dir='ltr'><strong>καὶ</strong></span> <span class='ocrx_word' id='word_1_722' title='bbox 1089 4422 1118 4473; x_wconf 89' lang='grc' dir='ltr'><strong>ό</strong></span> <span class='ocrx_word' id='word_1_723' title='bbox 1146 4420 1329 4492; x_wconf 82' lang='grc' dir='ltr'><strong>Σωτὴρ</strong></span> <span class='ocrx_word' id='word_1_724' title='bbox 1357 4423 1508 4492; x_wconf 86' lang='grc' dir='ltr'><strong>ήμῶν</strong></span> <span class='ocrx_word' id='word_1_725' title='bbox 1538 4424 1654 4476; x_wconf 85' lang='grc' dir='ltr'><strong>λευ-</strong></span> 
     </span>
    </p>
   </div>
   <div class='ocr_carea' id='block_1_93' title="bbox 1746 4420 3273 4510">
    <p class='ocr_par' dir='ltr' id='par_1_93' title="bbox 1752 4426 3273 4496">
     <span class='ocr_line' id='line_1_93' title="bbox 1752 4426 3273 4496; baseline -0.004 -11"><span class='ocrx_word' id='word_1_726' title='bbox 1752 4430 2044 4485; x_wconf 78' lang='lat' dir='ltr'><strong>Jerusalem</strong></span> <span class='ocrx_word' id='word_1_727' title='bbox 2092 4439 2146 4484; x_wconf 87' lang='lat' dir='ltr'><strong>et</strong></span> <span class='ocrx_word' id='word_1_728' title='bbox 2167 4428 2402 4483; x_wconf 65' lang='lat' dir='ltr'><strong>Judaaam</strong></span> <span class='ocrx_word' id='word_1_729' title='bbox 2429 4436 2650 4482; x_wconf 89' lang='lat' dir='ltr'><strong>terram.</strong></span> <span class='ocrx_word' id='word_1_730' title='bbox 2679 4426 2831 4493; x_wconf 88' lang='lat' dir='ltr'><strong>Quod</strong></span> <span class='ocrx_word' id='word_1_731' title='bbox 2860 4426 3073 4496; x_wconf 89' lang='lat' dir='ltr'><strong>quidem</strong></span> <span class='ocrx_word' id='word_1_732' title='bbox 3103 4426 3273 4495; x_wconf 86' lang='lat' dir='ltr'><strong>ipsum</strong></span> 
     </span>
    </p>
   </div>
   <div class='ocr_carea' id='block_1_94' title="bbox 142 4511 1654 4583">
    <p class='ocr_par' dir='ltr' id='par_1_94' title="bbox 142 4511 1654 4583">
     <span class='ocr_line' id='line_1_94' title="bbox 142 4511 1654 4583; baseline 0.003 -21"><span class='ocrx_word' id='word_1_733' title='bbox 142 4512 354 4580; x_wconf 64' lang='grc' dir='ltr'><strong>ποτέροις</strong></span> <span class='ocrx_word' id='word_1_734' title='bbox 388 4514 645 4582; x_wconf 84' lang='grc' dir='ltr'><strong>ὀνόμασιν</strong></span> <span class='ocrx_word' id='word_1_735' title='bbox 676 4511 990 4575; x_wconf 71' lang='grc' dir='ltr'><strong>ἐθέσπιζεν,</strong></span> <span class='ocrx_word' id='word_1_736' title='bbox 1033 4511 1198 4563; x_wconf 84' lang='grc' dir='ltr'><strong>εἰπὼν</strong></span> <span class='ocrx_word' id='word_1_737' title='bbox 1220 4550 1235 4575; x_wconf 91' lang='grc'><strong>,</strong></span> <span class='ocrx_word' id='word_1_738' title='bbox 1270 4528 1289 4561; x_wconf 75' lang='grc' dir='ltr'><strong>ε</strong></span> <span class='ocrx_word' id='word_1_739' title='bbox 1319 4513 1427 4564; x_wconf 76' lang='grc' dir='ltr'><strong>Καὶ</strong></span> <span class='ocrx_word' id='word_1_740' title='bbox 1462 4512 1654 4583; x_wconf 87' lang='grc' dir='ltr'><strong>Ἰερου-</strong></span> 
     </span>
    </p>
   </div>
   <div class='ocr_carea' id='block_1_95' title="bbox 144 4592 1656 4670">
    <p class='ocr_par' dir='ltr' id='par_1_95' title="bbox 144 4592 1656 4670">
     <span class='ocr_line' id='line_1_95' title="bbox 144 4592 1656 4670; baseline 0.003 -20"><span class='ocrx_word' id='word_1_741' title='bbox 144 4600 299 4670; x_wconf 73' lang='grc' dir='ltr'><strong>σαλήμ</strong></span> <span class='ocrx_word' id='word_1_742' title='bbox 331 4592 479 4654; x_wconf 72' lang='grc' dir='ltr'><strong>ἔσται</strong></span> <span class='ocrx_word' id='word_1_743' title='bbox 518 4599 824 4670; x_wconf 78' lang='grc' dir='ltr'><strong>πατουμένη</strong></span> <span class='ocrx_word' id='word_1_744' title='bbox 861 4599 962 4652; x_wconf 79' lang='grc' dir='ltr'><strong>ὑπὸ</strong></span> <span class='ocrx_word' id='word_1_745' title='bbox 997 4599 1191 4651; x_wconf 73' lang='grc' dir='ltr'><strong>ὲθνῶνο</strong></span> <span class='ocrx_word' id='word_1_746' title='bbox 1227 4619 1247 4651; x_wconf 75' lang='grc' dir='ltr'><strong>ι</strong></span> <span class='ocrx_word' id='word_1_747' title='bbox 1292 4599 1320 4651; x_wconf 82' lang='grc' dir='ltr'><strong>ὃ</strong></span> <span class='ocrx_word' id='word_1_748' title='bbox 1357 4601 1450 4654; x_wconf 61' lang='grc' dir='ltr'><strong>καὶ⁸</strong></span> <span class='ocrx_word' id='word_1_749' title='bbox 1477 4602 1656 4666; x_wconf 84' lang='grc' dir='ltr'><strong>τέλους</strong></span> 
     </span>
    </p>
   </div>
   <div class='ocr_carea' id='block_1_96' title="bbox 143 4687 1657 4761">
    <p class='ocr_par' dir='ltr' id='par_1_96' title="bbox 143 4687 1657 4761">
     <span class='ocr_line' id='line_1_96' title="bbox 143 4687 1657 4761; baseline 0.006 -25"><span class='ocrx_word' id='word_1_750' title='bbox 143 4687 274 4757; x_wconf 57' lang='grc' dir='ltr'><strong>ἔτυχε</strong></span> <span class='ocrx_word' id='word_1_751' title='bbox 293 4729 307 4751; x_wconf 93' lang='grc'>,</span> <span class='ocrx_word' id='word_1_752' title='bbox 332 4693 446 4759; x_wconf 84' lang='grc' dir='ltr'><strong>μετ’</strong></span> <span class='ocrx_word' id='word_1_753' title='bbox 474 4692 535 4742; x_wconf 84' lang='grc' dir='ltr'><strong>ού</strong></span> <span class='ocrx_word' id='word_1_754' title='bbox 570 4689 737 4742; x_wconf 80' lang='grc' dir='ltr'><strong>πολὺν</strong></span> <span class='ocrx_word' id='word_1_755' title='bbox 771 4690 958 4759; x_wconf 84' lang='grc' dir='ltr'><strong>χρόνον</strong></span> <span class='ocrx_word' id='word_1_756' title='bbox 986 4688 1092 4740; x_wconf 85' lang='grc' dir='ltr'><strong>τῶν</strong></span> <span class='ocrx_word' id='word_1_757' title='bbox 1121 4690 1213 4742; x_wconf 86' lang='grc' dir='ltr'><strong>τοῦ</strong></span> <span class='ocrx_word' id='word_1_758' title='bbox 1237 4690 1481 4760; x_wconf 80' lang='grc' dir='ltr'><strong>Σωτῆρος</strong></span> <span class='ocrx_word' id='word_1_759' title='bbox 1505 4692 1657 4761; x_wconf 76' lang='grc' dir='ltr'><strong>ήμῶν</strong></span> 
     </span>
    </p>
   </div>
   <div class='ocr_carea' id='block_1_97' title="bbox 144 4775 1659 4847">
    <p class='ocr_par' dir='ltr' id='par_1_97' title="bbox 144 4775 1659 4847">
     <span class='ocr_line' id='line_1_97' title="bbox 144 4775 1659 4847; baseline 0.003 -20"><span class='ocrx_word' id='word_1_760' title='bbox 144 4776 331 4842; x_wconf 76' lang='grc' dir='ltr'><strong>φωνῶν,</strong></span> <span class='ocrx_word' id='word_1_761' title='bbox 367 4778 644 4847; x_wconf 81' lang='grc' dir='ltr'><strong>Ῥωμαίων</strong></span> <span class='ocrx_word' id='word_1_762' title='bbox 674 4777 770 4847; x_wconf 81' lang='grc' dir='ltr'><strong>τὴν</strong></span> <span class='ocrx_word' id='word_1_763' title='bbox 795 4776 946 4828; x_wconf 90' lang='grc' dir='ltr'><strong>πόλιν</strong></span> <span class='ocrx_word' id='word_1_764' title='bbox 974 4775 1194 4829; x_wconf 78' lang='grc' dir='ltr'><strong>ἑλόντων</strong></span> <span class='ocrx_word' id='word_1_765' title='bbox 1212 4817 1228 4842; x_wconf 95' lang='grc'><strong>,</strong></span> <span class='ocrx_word' id='word_1_766' title='bbox 1250 4777 1569 4847; x_wconf 79' lang='grc' dir='ltr'><strong>ἀλλοφύλους</strong></span> <span class='ocrx_word' id='word_1_767' title='bbox 1600 4797 1659 4833; x_wconf 84' lang='grc' dir='ltr'><strong>τε</strong></span> 
     </span>
    </p>
   </div>
   <div class='ocr_carea' id='block_1_98' title="bbox 145 4863 1658 4933">
    <p class='ocr_par' dir='ltr' id='par_1_98' title="bbox 145 4863 1658 4933">
     <span class='ocr_line' id='line_1_98' title="bbox 145 4863 1658 4933; baseline 0.004 -18"><span class='ocrx_word' id='word_1_768' title='bbox 145 4863 316 4933; x_wconf 73' lang='grc' dir='ltr'><strong>ἄνδρας</strong></span> <span class='ocrx_word' id='word_1_769' title='bbox 377 4867 550 4920; x_wconf 78' lang='grc' dir='ltr'><strong>αὐτόθι</strong></span> <span class='ocrx_word' id='word_1_770' title='bbox 598 4867 1017 4921; x_wconf 85' lang='grc' dir='ltr'><strong>κατοικισάντων</strong></span> <span class='ocrx_word' id='word_1_771' title='bbox 1064 4865 1155 4918; x_wconf 77' lang='grc' dir='ltr'><strong>καὶ</strong></span> <span class='ocrx_word' id='word_1_772' title='bbox 1199 4867 1293 4918; x_wconf 76' lang='grc' dir='ltr'><strong>ἐπὶ</strong></span> <span class='ocrx_word' id='word_1_773' title='bbox 1355 4867 1447 4920; x_wconf 84' lang='grc' dir='ltr'><strong>τοῦ</strong></span> <span class='ocrx_word' id='word_1_774' title='bbox 1496 4868 1658 4921; x_wconf 85' lang='grc' dir='ltr'><strong>τόπου</strong></span> 
     </span>
    </p>
   </div>
   <div class='ocr_carea' id='block_1_99' title="bbox 148 4954 1662 5027">
    <p class='ocr_par' dir='ltr' id='par_1_99' title="bbox 148 4954 1662 5027">
     <span class='ocr_line' id='line_1_99' title="bbox 148 4954 1662 5027; baseline 0.004 -23"><span class='ocrx_word' id='word_1_775' title='bbox 148 4959 579 5027; x_wconf 76' lang='grc' dir='ltr'><strong>καταστησάντων.</strong></span> <span class='ocrx_word' id='word_1_776' title='bbox 598 4957 764 5010; x_wconf 85' lang='grc' dir='ltr'><strong>Πάλιν</strong></span> <span class='ocrx_word' id='word_1_777' title='bbox 789 4955 845 5007; x_wconf 82' lang='grc' dir='ltr'><strong>δὲ</strong></span> <span class='ocrx_word' id='word_1_778' title='bbox 866 4958 894 5008; x_wconf 91' lang='grc' dir='ltr'><strong>ό</strong></span> <span class='ocrx_word' id='word_1_779' title='bbox 914 4954 1070 5017; x_wconf 76' lang='grc' dir='ltr'><strong>αὐτὸς</strong></span> <span class='ocrx_word' id='word_1_780' title='bbox 1091 4954 1288 5025; x_wconf 86' lang='grc' dir='ltr'><strong>Κύριος</strong></span> <span class='ocrx_word' id='word_1_781' title='bbox 1306 4955 1554 5026; x_wconf 81' lang='grc' dir='ltr'><strong>ξυρήσειν</strong></span> <span class='ocrx_word' id='word_1_782' title='bbox 1579 4958 1662 5010; x_wconf 80' lang='grc' dir='ltr'><strong>λέ-</strong></span> 
     </span>
    </p>
   </div>
   <div class='ocr_carea' id='block_1_100' title="bbox 148 5043 1656 5117">
    <p class='ocr_par' dir='ltr' id='par_1_100' title="bbox 148 5043 1656 5117">
     <span class='ocr_line' id='line_1_100' title="bbox 148 5043 1656 5117; baseline 0.002 -22"><span class='ocrx_word' id='word_1_783' title='bbox 148 5058 277 5106; x_wconf 75' lang='grc' dir='ltr'><strong>γεται</strong></span> <span class='ocrx_word' id='word_1_784' title='bbox 307 5047 364 5099; x_wconf 72' lang='grc' dir='ltr'><strong>ὲν</strong></span> <span class='ocrx_word' id='word_1_785' title='bbox 393 5047 466 5117; x_wconf 84' lang='grc' dir='ltr'><strong>τῷ</strong></span> <span class='ocrx_word' id='word_1_786' title='bbox 494 5046 587 5100; x_wconf 89' lang='grc' dir='ltr'><strong>τοῦ</strong></span> <span class='ocrx_word' id='word_1_787' title='bbox 625 5044 887 5116; x_wconf 85' lang='grc' dir='ltr'><strong>βασιλέως</strong></span> <span class='ocrx_word' id='word_1_788' title='bbox 920 5044 1210 5111; x_wconf 75' lang='grc' dir='ltr'><strong>’Δσσυρίων</strong></span> <span class='ocrx_word' id='word_1_789' title='bbox 1243 5043 1418 5114; x_wconf 79' lang='grc' dir='ltr'><strong>ξυρῷ,</strong></span> <span class='ocrx_word' id='word_1_790' title='bbox 1446 5047 1562 5115; x_wconf 76' lang='grc' dir='ltr'><strong>ἦτοι</strong></span> <span class='ocrx_word' id='word_1_791' title='bbox 1593 5049 1656 5117; x_wconf 77' lang='grc' dir='ltr'><strong>τῇ</strong></span> 
     </span>
    </p>
   </div>
   <div class='ocr_carea' id='block_1_101' title="bbox 150 5130 1658 5204">
    <p class='ocr_par' dir='ltr' id='par_1_101' title="bbox 150 5130 1658 5204">
     <span class='ocr_line' id='line_1_101' title="bbox 150 5130 1658 5204; baseline 0.002 -22"><span class='ocrx_word' id='word_1_792' title='bbox 150 5131 407 5204; x_wconf 75' lang='grc' dir='ltr'><strong>κολαστικῇ</strong></span> <span class='ocrx_word' id='word_1_793' title='bbox 427 5136 648 5204; x_wconf 81' lang='grc' dir='ltr'><strong>δυνάμει</strong></span> <span class='ocrx_word' id='word_1_794' title='bbox 677 5133 770 5186; x_wconf 84' lang='grc' dir='ltr'><strong>τοῦ</strong></span> <span class='ocrx_word' id='word_1_795' title='bbox 803 5132 1055 5200; x_wconf 78' lang='grc' dir='ltr'><strong>ἄρχοντος</strong></span> <span class='ocrx_word' id='word_1_796' title='bbox 1089 5130 1180 5182; x_wconf 80' lang='grc' dir='ltr'><strong>τοῦ</strong></span> <span class='ocrx_word' id='word_1_797' title='bbox 1224 5130 1413 5193; x_wconf 85' lang='grc' dir='ltr'><strong>αίῶνος</strong></span> <span class='ocrx_word' id='word_1_798' title='bbox 1442 5132 1625 5185; x_wconf 88' lang='grc' dir='ltr'><strong>τούτου</strong></span> <span class='ocrx_word' id='word_1_799' title='bbox 1644 5172 1658 5194; x_wconf 92' lang='grc'><strong>,</strong></span> 
     </span>
    </p>
   </div>
   <div class='ocr_carea' id='block_1_102' title="bbox 150 5219 1661 5295">
    <p class='ocr_par' dir='ltr' id='par_1_102' title="bbox 150 5219 1661 5295">
     <span class='ocr_line' id='line_1_102' title="bbox 150 5219 1661 5295; baseline 0.004 -26"><span class='ocrx_word' id='word_1_800' title='bbox 150 5219 230 5289; x_wconf 71' lang='grc' dir='ltr'><strong>τήν</strong></span> <span class='ocrx_word' id='word_1_801' title='bbox 250 5224 472 5295; x_wconf 77' lang='grc' dir='ltr'><strong>κεφαλήν</strong></span> <span class='ocrx_word' id='word_1_802' title='bbox 489 5264 505 5287; x_wconf 91' lang='grc'><strong>,</strong></span> <span class='ocrx_word' id='word_1_803' title='bbox 530 5224 627 5277; x_wconf 81' lang='grc' dir='ltr'><strong>καὶ</strong></span> <span class='ocrx_word' id='word_1_804' title='bbox 656 5224 782 5284; x_wconf 77' lang='grc' dir='ltr'><strong>τοὺς</strong></span> <span class='ocrx_word' id='word_1_805' title='bbox 805 5221 970 5283; x_wconf 82' lang='grc' dir='ltr'><strong>πόδας</strong></span> <span class='ocrx_word' id='word_1_806' title='bbox 993 5259 1008 5283; x_wconf 88' lang='grc'><strong>,</strong></span> <span class='ocrx_word' id='word_1_807' title='bbox 1041 5220 1132 5272; x_wconf 74' lang='grc' dir='ltr'><strong>καὶ</strong></span> <span class='ocrx_word' id='word_1_808' title='bbox 1158 5220 1248 5271; x_wconf 73' lang='grc' dir='ltr'><strong>τὸν</strong></span> <span class='ocrx_word' id='word_1_809' title='bbox 1276 5219 1505 5287; x_wconf 83' lang='grc' dir='ltr'><strong>πώγωνα</strong></span> <span class='ocrx_word' id='word_1_810' title='bbox 1523 5260 1539 5284; x_wconf 92' lang='grc'><strong>,</strong></span> <span class='ocrx_word' id='word_1_811' title='bbox 1564 5223 1661 5275; x_wconf 81' lang='grc' dir='ltr'><strong>οὐκ</strong></span> 
     </span>
    </p>
   </div>
   <div class='ocr_carea' id='block_1_103' title="bbox 148 5309 1659 5387">
    <p class='ocr_par' dir='ltr' id='par_1_103' title="bbox 148 5309 1659 5387">
     <span class='ocr_line' id='line_1_103' title="bbox 148 5309 1659 5387; baseline 0.001 -22"><span class='ocrx_word' id='word_1_812' title='bbox 148 5309 283 5365; x_wconf 70' lang='grc' dir='ltr'><strong>ἄλλου</strong></span> <span class='ocrx_word' id='word_1_813' title='bbox 318 5317 451 5379; x_wconf 75' lang='grc' dir='ltr'><strong>τινὸς</strong></span> <span class='ocrx_word' id='word_1_814' title='bbox 474 5318 507 5387; x_wconf 71' lang='grc' dir='ltr'>ἦ</span> <span class='ocrx_word' id='word_1_815' title='bbox 539 5313 697 5378; x_wconf 80' lang='grc' dir='ltr'><strong>αὖθις</strong></span> <span class='ocrx_word' id='word_1_816' title='bbox 722 5314 815 5367; x_wconf 90' lang='grc' dir='ltr'><strong>τοῦ</strong></span> <span class='ocrx_word' id='word_1_817' title='bbox 851 5313 1112 5366; x_wconf 86' lang='grc' dir='ltr'><strong>Ἰουδαίων</strong></span> <span class='ocrx_word' id='word_1_818' title='bbox 1141 5311 1352 5374; x_wconf 72' lang='grc' dir='ltr'><strong>ἔθνους,</strong></span> <span class='ocrx_word' id='word_1_819' title='bbox 1378 5313 1522 5365; x_wconf 76' lang='grc' dir='ltr'><strong>τοῦτ’</strong></span> <span class='ocrx_word' id='word_1_820' title='bbox 1546 5313 1659 5367; x_wconf 71' lang='grc' dir='ltr'><strong>ἔστι</strong></span> 
     </span>
    </p>
   </div>
   <div class='ocr_carea' id='block_1_104' title="bbox 154 5398 1660 5473">
    <p class='ocr_par' dir='ltr' id='par_1_104' title="bbox 154 5398 1660 5473">
     <span class='ocr_line' id='line_1_104' title="bbox 154 5398 1660 5473; baseline 0.004 -22"><span class='ocrx_word' id='word_1_821' title='bbox 154 5398 225 5451; x_wconf 77' lang='grc' dir='ltr'><strong>τὸν</strong></span> <span class='ocrx_word' id='word_1_822' title='bbox 261 5403 445 5473; x_wconf 71' lang='grc' dir='ltr'><strong>κόσμον</strong></span> <span class='ocrx_word' id='word_1_823' title='bbox 486 5405 672 5459; x_wconf 76' lang='grc' dir='ltr'><strong>αὐτῶν</strong></span> <span class='ocrx_word' id='word_1_824' title='bbox 702 5404 791 5457; x_wconf 80' lang='grc' dir='ltr'><strong>καὶ</strong></span> <span class='ocrx_word' id='word_1_825' title='bbox 833 5401 933 5472; x_wconf 80' lang='grc' dir='ltr'><strong>τὴν</strong></span> <span class='ocrx_word' id='word_1_826' title='bbox 961 5401 1116 5465; x_wconf 76' lang='grc' dir='ltr'><strong>δόξαν</strong></span> <span class='ocrx_word' id='word_1_827' title='bbox 1156 5400 1413 5468; x_wconf 83' lang='grc' dir='ltr'><strong>περιελεῖν</strong></span> <span class='ocrx_word' id='word_1_828' title='bbox 1446 5402 1532 5455; x_wconf 77' lang='grc' dir='ltr'><strong>διὰ</strong></span> <span class='ocrx_word' id='word_1_829' title='bbox 1562 5404 1660 5472; x_wconf 80' lang='grc' dir='ltr'><strong>τῆς</strong></span> 
     </span>
    </p>
   </div>
   <div class='ocr_carea' id='block_1_105' title="bbox 155 5488 1660 5562">
    <p class='ocr_par' dir='ltr' id='par_1_105' title="bbox 155 5488 1660 5562">
     <span class='ocr_line' id='line_1_105' title="bbox 155 5488 1660 5562; baseline 0.003 -20"><span class='ocrx_word' id='word_1_830' title='bbox 155 5488 238 5538; x_wconf 68' lang='grc' dir='ltr'><strong>τῶν</strong></span> <span class='ocrx_word' id='word_1_831' title='bbox 264 5493 472 5547; x_wconf 84' lang='grc' dir='ltr'><strong>καθόλου</strong></span> <span class='ocrx_word' id='word_1_832' title='bbox 502 5493 940 5562; x_wconf 68' lang='grc' dir='ltr'><strong>ἐπικρατούντων</strong></span> <span class='ocrx_word' id='word_1_833' title='bbox 966 5491 1157 5560; x_wconf 77' lang='grc' dir='ltr'><strong>ἀρχῆς.</strong></span> <span class='ocrx_word' id='word_1_834' title='bbox 1187 5491 1482 5558; x_wconf 84' lang='grc' dir='ltr'><strong>Ῥωμαίους</strong></span> <span class='ocrx_word' id='word_1_835' title='bbox 1506 5492 1560 5544; x_wconf 77' lang='grc' dir='ltr'><strong>δὲ</strong></span> <span class='ocrx_word' id='word_1_836' title='bbox 1586 5490 1660 5547; x_wconf 78' lang='grc' dir='ltr'><strong>εἰ·</strong></span> 
     </span>
    </p>
   </div>
   <div class='ocr_carea' id='block_1_106' title="bbox 160 5577 1657 5651">
    <p class='ocr_par' dir='ltr' id='par_1_106' title="bbox 160 5577 1657 5651">
     <span class='ocr_line' id='line_1_106' title="bbox 160 5577 1657 5651; baseline 0.003 -18"><span class='ocrx_word' id='word_1_837' title='bbox 160 5591 228 5628; x_wconf 74' lang='grc' dir='ltr'><strong>ναι</strong></span> <span class='ocrx_word' id='word_1_838' title='bbox 253 5580 447 5645; x_wconf 85' lang='grc' dir='ltr'><strong>τούτους</strong></span> <span class='ocrx_word' id='word_1_839' title='bbox 473 5583 794 5637; x_wconf 79' lang='grc' dir='ltr'><strong>αἰνίττεται.</strong></span> <span class='ocrx_word' id='word_1_840' title='bbox 831 5582 926 5634; x_wconf 79' lang='grc' dir='ltr'><strong>Διὰ</strong></span> <span class='ocrx_word' id='word_1_841' title='bbox 957 5581 1063 5648; x_wconf 77' lang='grc' dir='ltr'><strong>γὰρ</strong></span> <span class='ocrx_word' id='word_1_842' title='bbox 1109 5577 1199 5631; x_wconf 89' lang='grc' dir='ltr'><strong>τοῦ</strong></span> <span class='ocrx_word' id='word_1_843' title='bbox 1231 5578 1334 5631; x_wconf 85' lang='grc' dir='ltr'><strong>τῶν</strong></span> <span class='ocrx_word' id='word_1_844' title='bbox 1372 5580 1657 5651; x_wconf 75' lang='grc' dir='ltr'><strong>Ἀσσυρίων</strong></span> 
     </span>
    </p>
   </div>
   <div class='ocr_carea' id='block_1_107' title="bbox 219 5729 756 5804">
    <p class='ocr_par' dir='ltr' id='par_1_107' title="bbox 219 5729 756 5804">
     <span class='ocr_line' id='line_1_107' title="bbox 219 5729 756 5804; baseline -0.002 -19"><span class='ocrx_word' id='word_1_845' title='bbox 219 5729 257 5761; x_wconf 64' lang='grc'><strong>⁸⁸</strong></span> <span class='ocrx_word' id='word_1_846' title='bbox 280 5730 379 5788; x_wconf 78' lang='lat' dir='ltr'><strong>lsa.</strong></span> <span class='ocrx_word' id='word_1_847' title='bbox 409 5752 504 5804; x_wconf 87' lang='lat' dir='ltr'><strong>vn,</strong></span> <span class='ocrx_word' id='word_1_848' title='bbox 546 5732 756 5787; x_wconf 73' lang='lat'><strong>18-25.</strong></span> 
     </span>
    </p>
   </div>
   <div class='ocr_carea' id='block_1_108' title="bbox 1751 4515 3275 4578">
    <p class='ocr_par' dir='ltr' id='par_1_108' title="bbox 1751 4515 3275 4578">
     <span class='ocr_line' id='line_1_108' title="bbox 1751 4515 3275 4578; baseline -0.005 -4"><span class='ocrx_word' id='word_1_849' title='bbox 1751 4518 2167 4574; x_wconf 85' lang='lat' dir='ltr'><strong>evidentioribus</strong></span> <span class='ocrx_word' id='word_1_850' title='bbox 2196 4519 2373 4573; x_wconf 89' lang='lat' dir='ltr'><strong>verbis</strong></span> <span class='ocrx_word' id='word_1_851' title='bbox 2424 4516 2668 4572; x_wconf 87' lang='lat' dir='ltr'><strong>Salvator</strong></span> <span class='ocrx_word' id='word_1_852' title='bbox 2711 4525 2893 4572; x_wconf 89' lang='lat' dir='ltr'><strong>noster</strong></span> <span class='ocrx_word' id='word_1_853' title='bbox 2939 4516 3154 4578; x_wconf 87' lang='lat' dir='ltr'><strong>cecinit,</strong></span> <span class='ocrx_word' id='word_1_854' title='bbox 3184 4515 3275 4568; x_wconf 88' lang='lat' dir='ltr'><strong>ubi</strong></span> 
     </span>
    </p>
   </div>
   <div class='ocr_carea' id='block_1_109' title="bbox 1754 4596 3273 4671">
    <p class='ocr_par' dir='ltr' id='par_1_109' title="bbox 1754 4596 3273 4671">
     <span class='ocr_line' id='line_1_109' title="bbox 1754 4596 3273 4671; baseline -0.008 -10"><span class='ocrx_word' id='word_1_855' title='bbox 1754 4608 1828 4661; x_wconf 90' lang='lat' dir='ltr'><strong>ait</strong></span> <span class='ocrx_word' id='word_1_856' title='bbox 1855 4623 1870 4659; x_wconf 91' lang='lat'><strong>:</strong></span> <span class='ocrx_word' id='word_1_857' title='bbox 1903 4622 1922 4655; x_wconf 72' lang='grc' dir='ltr'><strong>ι</strong></span> <span class='ocrx_word' id='word_1_858' title='bbox 1956 4604 2018 4658; x_wconf 84' lang='grc' dir='ltr'><strong>Ει</strong></span> <span class='ocrx_word' id='word_1_859' title='bbox 2035 4605 2329 4660; x_wconf 74' lang='lat' dir='ltr'><strong>Jerusalem</strong></span> <span class='ocrx_word' id='word_1_860' title='bbox 2350 4604 2750 4659; x_wconf 90' lang='lat' dir='ltr'><strong>conculcabitur</strong></span> <span class='ocrx_word' id='word_1_861' title='bbox 2765 4615 2796 4654; x_wconf 90' lang='lat' dir='ltr'><strong>a</strong></span> <span class='ocrx_word' id='word_1_862' title='bbox 2812 4601 3076 4671; x_wconf 88' lang='lat' dir='ltr'><strong>gentibus.</strong></span> <span class='ocrx_word' id='word_1_863' title='bbox 3092 4617 3111 4649; x_wconf 74' lang='grc' dir='ltr'><strong>ι</strong></span> <span class='ocrx_word' id='word_1_864' title='bbox 3130 4596 3273 4665; x_wconf 85' lang='lat' dir='ltr'><strong>quod</strong></span> 
     </span>
    </p>
   </div>
   <div class='ocr_carea' id='block_1_110' title="bbox 1754 4686 3277 4760">
    <p class='ocr_par' dir='ltr' id='par_1_110' title="bbox 1754 4686 3277 4760">
     <span class='ocr_line' id='line_1_110' title="bbox 1754 4686 3277 4760; baseline -0.007 -12"><span class='ocrx_word' id='word_1_865' title='bbox 1754 4693 2027 4749; x_wconf 87' lang='lat' dir='ltr'><strong>oraculum</strong></span> <span class='ocrx_word' id='word_1_866' title='bbox 2066 4693 2208 4745; x_wconf 62' lang='lat' dir='ltr'><strong>bauil</strong></span> <span class='ocrx_word' id='word_1_867' title='bbox 2239 4692 2312 4745; x_wconf 90' lang='lat' dir='ltr'><strong>ita</strong></span> <span class='ocrx_word' id='word_1_868' title='bbox 2366 4692 2534 4745; x_wconf 89' lang='lat' dir='ltr'><strong>multo</strong></span> <span class='ocrx_word' id='word_1_869' title='bbox 2563 4698 2682 4760; x_wconf 89' lang='lat' dir='ltr'><strong>post</strong></span> <span class='ocrx_word' id='word_1_870' title='bbox 2706 4690 2826 4743; x_wconf 89' lang='lat' dir='ltr'><strong>illas</strong></span> <span class='ocrx_word' id='word_1_871' title='bbox 2863 4686 3151 4741; x_wconf 89' lang='lat' dir='ltr'><strong>Salvatoris</strong></span> <span class='ocrx_word' id='word_1_872' title='bbox 3178 4699 3277 4738; x_wconf 90' lang='lat' dir='ltr'><strong>no-</strong></span> 
     </span>
    </p>
   </div>
   <div class='ocr_carea' id='block_1_111' title="bbox 1756 4773 3275 4844">
    <p class='ocr_par' dir='ltr' id='par_1_111' title="bbox 1756 4773 3275 4844">
     <span class='ocr_line' id='line_1_111' title="bbox 1756 4773 3275 4844; baseline -0.007 -7"><span class='ocrx_word' id='word_1_873' title='bbox 1756 4783 1853 4837; x_wconf 83' lang='lat' dir='ltr'><strong>stri</strong></span> <span class='ocrx_word' id='word_1_874' title='bbox 1876 4795 2034 4835; x_wconf 89' lang='lat' dir='ltr'><strong>voces</strong></span> <span class='ocrx_word' id='word_1_875' title='bbox 2062 4782 2264 4835; x_wconf 80' lang='lat' dir='ltr'><strong>exitum</strong></span> <span class='ocrx_word' id='word_1_876' title='bbox 2322 4781 2543 4842; x_wconf 88' lang='lat' dir='ltr'><strong>invenit,</strong></span> <span class='ocrx_word' id='word_1_877' title='bbox 2571 4778 2826 4831; x_wconf 82' lang='lat' dir='ltr'><strong>Romanis</strong></span> <span class='ocrx_word' id='word_1_878' title='bbox 2882 4777 3050 4844; x_wconf 90' lang='lat' dir='ltr'><strong>ipsam</strong></span> <span class='ocrx_word' id='word_1_879' title='bbox 3088 4773 3275 4827; x_wconf 87' lang='lat' dir='ltr'><strong>urbem</strong></span> 
     </span>
    </p>
   </div>
   <div class='ocr_carea' id='block_1_112' title="bbox 1757 4863 3276 4939">
    <p class='ocr_par' dir='ltr' id='par_1_112' title="bbox 1757 4863 3276 4939">
     <span class='ocr_line' id='line_1_112' title="bbox 1757 4863 3276 4939; baseline -0.007 -14"><span class='ocrx_word' id='word_1_880' title='bbox 1757 4870 2206 4939; x_wconf 80' lang='lat' dir='ltr'><strong>expugnantibus,</strong></span> <span class='ocrx_word' id='word_1_881' title='bbox 2246 4870 2458 4938; x_wconf 91' lang='lat' dir='ltr'><strong>illicque</strong></span> <span class='ocrx_word' id='word_1_882' title='bbox 2486 4867 2679 4921; x_wconf 79' lang='lat' dir='ltr'><strong>diversi</strong></span> <span class='ocrx_word' id='word_1_883' title='bbox 2712 4866 2923 4935; x_wconf 87' lang='lat' dir='ltr'><strong>generis</strong></span> <span class='ocrx_word' id='word_1_884' title='bbox 2942 4864 3088 4917; x_wconf 90' lang='lat' dir='ltr'><strong>viros</strong></span> <span class='ocrx_word' id='word_1_885' title='bbox 3109 4863 3276 4916; x_wconf 81' lang='lat' dir='ltr'><strong>collo-</strong></span> 
     </span>
    </p>
   </div>
   <div class='ocr_carea' id='block_1_113' title="bbox 1757 4949 3275 5013">
    <p class='ocr_par' dir='ltr' id='par_1_113' title="bbox 1757 4949 3275 5013">
     <span class='ocr_line' id='line_1_113' title="bbox 1757 4949 3275 5013; baseline -0.005 0"><span class='ocrx_word' id='word_1_886' title='bbox 1757 4958 1999 5013; x_wconf 84' lang='lat' dir='ltr'><strong>cautibus</strong></span> <span class='ocrx_word' id='word_1_887' title='bbox 2038 4965 2090 5011; x_wconf 90' lang='lat' dir='ltr'><strong>et</strong></span> <span class='ocrx_word' id='word_1_888' title='bbox 2121 4958 2174 5011; x_wconf 91' lang='lat' dir='ltr'><strong>in</strong></span> <span class='ocrx_word' id='word_1_889' title='bbox 2204 4958 2318 5011; x_wconf 90' lang='lat' dir='ltr'><strong>loco</strong></span> <span class='ocrx_word' id='word_1_890' title='bbox 2339 4956 2714 5011; x_wconf 87' lang='lat' dir='ltr'><strong>statuentibus.</strong></span> <span class='ocrx_word' id='word_1_891' title='bbox 2749 4954 2954 5007; x_wconf 80' lang='lat' dir='ltr'><strong>Rursus</strong></span> <span class='ocrx_word' id='word_1_892' title='bbox 2995 4950 3132 5005; x_wconf 90' lang='lat' dir='ltr'><strong>idem</strong></span> <span class='ocrx_word' id='word_1_893' title='bbox 3170 4949 3275 5005; x_wconf 86' lang='lat' dir='ltr'><strong>Do-</strong></span> 
     </span>
    </p>
   </div>
   <div class='ocr_carea' id='block_1_114' title="bbox 1757 5043 3278 5113">
    <p class='ocr_par' dir='ltr' id='par_1_114' title="bbox 1757 5043 3278 5113">
     <span class='ocr_line' id='line_1_114' title="bbox 1757 5043 3278 5113; baseline -0.005 -11"><span class='ocrx_word' id='word_1_894' title='bbox 1757 5050 1935 5102; x_wconf 85' lang='lat' dir='ltr'><strong>minus</strong></span> <span class='ocrx_word' id='word_1_895' title='bbox 1980 5047 2273 5101; x_wconf 90' lang='lat' dir='ltr'><strong>abrasurus</strong></span> <span class='ocrx_word' id='word_1_896' title='bbox 2300 5046 2494 5101; x_wconf 91' lang='lat' dir='ltr'><strong>dicitur</strong></span> <span class='ocrx_word' id='word_1_897' title='bbox 2540 5046 2595 5097; x_wconf 86' lang='lat' dir='ltr'><strong>in</strong></span> <span class='ocrx_word' id='word_1_898' title='bbox 2636 5045 2774 5112; x_wconf 87' lang='lat' dir='ltr'><strong>regis</strong></span> <span class='ocrx_word' id='word_1_899' title='bbox 2810 5043 3152 5113; x_wconf 84' lang='lat' dir='ltr'><strong>Assyriorum</strong></span> <span class='ocrx_word' id='word_1_900' title='bbox 3178 5056 3278 5094; x_wconf 82' lang='lat' dir='ltr'><strong>no-</strong></span> 
     </span>
    </p>
   </div>
   <div class='ocr_carea' id='block_1_115' title="bbox 1756 5130 3276 5205">
    <p class='ocr_par' dir='ltr' id='par_1_115' title="bbox 1756 5130 3276 5205">
     <span class='ocr_line' id='line_1_115' title="bbox 1756 5130 3276 5205; baseline -0.006 -14"><span class='ocrx_word' id='word_1_901' title='bbox 1756 5139 1966 5199; x_wconf 88' lang='lat' dir='ltr'><strong>vacula,</strong></span> <span class='ocrx_word' id='word_1_902' title='bbox 1985 5138 2086 5190; x_wconf 81' lang='lat' dir='ltr'><strong>hoc</strong></span> <span class='ocrx_word' id='word_1_903' title='bbox 2111 5144 2213 5199; x_wconf 88' lang='lat' dir='ltr'><strong>est,</strong></span> <span class='ocrx_word' id='word_1_904' title='bbox 2238 5135 2578 5205; x_wconf 83' lang='lat' dir='ltr'><strong>castigatoria</strong></span> <span class='ocrx_word' id='word_1_905' title='bbox 2606 5134 2656 5186; x_wconf 88' lang='lat' dir='ltr'><strong>vi</strong></span> <span class='ocrx_word' id='word_1_906' title='bbox 2684 5132 2941 5202; x_wconf 90' lang='lat' dir='ltr'><strong>principis</strong></span> <span class='ocrx_word' id='word_1_907' title='bbox 2974 5131 3153 5185; x_wconf 61' lang='lat' dir='ltr'><strong>saeculi</strong></span> <span class='ocrx_word' id='word_1_908' title='bbox 3175 5130 3276 5183; x_wconf 86' lang='lat' dir='ltr'><strong>bu-</strong></span> 
     </span>
    </p>
   </div>
   <div class='ocr_carea' id='block_1_116' title="bbox 1754 5218 3279 5297">
    <p class='ocr_par' dir='ltr' id='par_1_116' title="bbox 1754 5218 3279 5297">
     <span class='ocr_line' id='line_1_116' title="bbox 1754 5218 3279 5297; baseline -0.006 -16"><span class='ocrx_word' id='word_1_909' title='bbox 1754 5229 1865 5297; x_wconf 83' lang='lat' dir='ltr'><strong>jus,</strong></span> <span class='ocrx_word' id='word_1_910' title='bbox 1887 5235 2048 5295; x_wconf 87' lang='lat' dir='ltr'><strong>caput</strong></span> <span class='ocrx_word' id='word_1_911' title='bbox 2074 5235 2127 5281; x_wconf 88' lang='lat' dir='ltr'><strong>et</strong></span> <span class='ocrx_word' id='word_1_912' title='bbox 2155 5226 2314 5295; x_wconf 88' lang='lat' dir='ltr'><strong>pedes</strong></span> <span class='ocrx_word' id='word_1_913' title='bbox 2338 5234 2392 5279; x_wconf 91' lang='lat' dir='ltr'><strong>et</strong></span> <span class='ocrx_word' id='word_1_914' title='bbox 2426 5224 2668 5287; x_wconf 89' lang='lat' dir='ltr'><strong>barbam,</strong></span> <span class='ocrx_word' id='word_1_915' title='bbox 2698 5237 2805 5276; x_wconf 91' lang='lat' dir='ltr'><strong>non</strong></span> <span class='ocrx_word' id='word_1_916' title='bbox 2853 5220 3073 5275; x_wconf 85' lang='lat' dir='ltr'><strong>alterius</strong></span> <span class='ocrx_word' id='word_1_917' title='bbox 3095 5218 3279 5286; x_wconf 58' lang='lat' dir='ltr'><strong>cuius.</strong></span> 
     </span>
    </p>
   </div>
   <div class='ocr_carea' id='block_1_117' title="bbox 1761 5307 3279 5386">
    <p class='ocr_par' dir='ltr' id='par_1_117' title="bbox 1761 5307 3279 5386">
     <span class='ocr_line' id='line_1_117' title="bbox 1761 5307 3279 5386; baseline -0.004 -17"><span class='ocrx_word' id='word_1_918' title='bbox 1761 5319 1899 5386; x_wconf 90' lang='lat' dir='ltr'><strong>piam</strong></span> <span class='ocrx_word' id='word_1_919' title='bbox 1925 5331 2084 5385; x_wconf 90' lang='lat' dir='ltr'><strong>quam</strong></span> <span class='ocrx_word' id='word_1_920' title='bbox 2132 5330 2320 5369; x_wconf 87' lang='lat' dir='ltr'><strong>rursus</strong></span> <span class='ocrx_word' id='word_1_921' title='bbox 2370 5313 2603 5369; x_wconf 61' lang='lat' dir='ltr'><strong>Iudaicae</strong></span> <span class='ocrx_word' id='word_1_922' title='bbox 2629 5311 2821 5381; x_wconf 85' lang='lat' dir='ltr'><strong>gentis,</strong></span> <span class='ocrx_word' id='word_1_923' title='bbox 2850 5311 2952 5363; x_wconf 90' lang='lat' dir='ltr'><strong>hoc</strong></span> <span class='ocrx_word' id='word_1_924' title='bbox 2986 5317 3089 5373; x_wconf 84' lang='lat' dir='ltr'><strong>est,</strong></span> <span class='ocrx_word' id='word_1_925' title='bbox 3120 5307 3279 5377; x_wconf 68' lang='grc'><strong>322</strong></span> 
     </span>
    </p>
   </div>
   <div class='ocr_carea' id='block_1_118' title="bbox 1760 5396 3275 5474">
    <p class='ocr_par' dir='ltr' id='par_1_118' title="bbox 1760 5396 3275 5474">
     <span class='ocr_line' id='line_1_118' title="bbox 1760 5396 3275 5474; baseline -0.007 -13"><span class='ocrx_word' id='word_1_926' title='bbox 1760 5413 2131 5461; x_wconf 88' lang='lat' dir='ltr'><strong>ornamentum</strong></span> <span class='ocrx_word' id='word_1_927' title='bbox 2152 5412 2206 5460; x_wconf 90' lang='lat' dir='ltr'><strong>et</strong></span> <span class='ocrx_word' id='word_1_928' title='bbox 2237 5404 2458 5474; x_wconf 90' lang='lat' dir='ltr'><strong>gloriam</strong></span> <span class='ocrx_word' id='word_1_929' title='bbox 2490 5403 2765 5456; x_wconf 88' lang='lat' dir='ltr'><strong>ablaturus</strong></span> <span class='ocrx_word' id='word_1_930' title='bbox 2812 5416 2907 5470; x_wconf 90' lang='lat' dir='ltr'><strong>per</strong></span> <span class='ocrx_word' id='word_1_931' title='bbox 2952 5413 3159 5463; x_wconf 89' lang='lat' dir='ltr'><strong>eorum,</strong></span> <span class='ocrx_word' id='word_1_932' title='bbox 3183 5396 3275 5466; x_wconf 78' lang='lat' dir='ltr'><strong>qni</strong></span> 
     </span>
    </p>
   </div>
   <div class='ocr_carea' id='block_1_119' title="bbox 1765 5490 3274 5565">
    <p class='ocr_par' dir='ltr' id='par_1_119' title="bbox 1765 5490 3274 5565">
     <span class='ocr_line' id='line_1_119' title="bbox 1765 5490 3274 5565; baseline -0.007 -17"><span class='ocrx_word' id='word_1_933' title='bbox 1765 5496 2014 5551; x_wconf 88' lang='lat' dir='ltr'><strong>universo</strong></span> <span class='ocrx_word' id='word_1_934' title='bbox 2058 5495 2316 5563; x_wconf 88' lang='lat' dir='ltr'><strong>imperant</strong></span> <span class='ocrx_word' id='word_1_935' title='bbox 2344 5532 2359 5558; x_wconf 94' lang='lat'><strong>,</strong></span> <span class='ocrx_word' id='word_1_936' title='bbox 2392 5494 2767 5565; x_wconf 87' lang='lat' dir='ltr'><strong>principatum.</strong></span> <span class='ocrx_word' id='word_1_937' title='bbox 2805 5490 2913 5546; x_wconf 79' lang='lat' dir='ltr'><strong>Hos</strong></span> <span class='ocrx_word' id='word_1_938' title='bbox 2941 5497 3116 5543; x_wconf 88' lang='lat' dir='ltr'><strong>autem</strong></span> <span class='ocrx_word' id='word_1_939' title='bbox 3166 5501 3274 5539; x_wconf 86' lang='lat' dir='ltr'><strong>non</strong></span> 
     </span>
    </p>
   </div>
   <div class='ocr_carea' id='block_1_120' title="bbox 1766 5574 3270 5655">
    <p class='ocr_par' dir='ltr' id='par_1_120' title="bbox 1766 5574 3270 5655">
     <span class='ocr_line' id='line_1_120' title="bbox 1766 5574 3270 5655; baseline -0.007 -17"><span class='ocrx_word' id='word_1_940' title='bbox 1766 5588 1897 5640; x_wconf 79' lang='lat' dir='ltr'><strong>alios</strong></span> <span class='ocrx_word' id='word_1_941' title='bbox 1929 5599 2086 5655; x_wconf 88' lang='lat' dir='ltr'><strong>quam</strong></span> <span class='ocrx_word' id='word_1_942' title='bbox 2117 5583 2386 5642; x_wconf 84' lang='lat' dir='ltr'><strong>Romanos</strong></span> <span class='ocrx_word' id='word_1_943' title='bbox 2411 5602 2529 5643; x_wconf 81' lang='lat' dir='ltr'><strong>esse</strong></span> <span class='ocrx_word' id='word_1_944' title='bbox 2557 5584 2749 5641; x_wconf 81' lang='lat' dir='ltr'><strong>innuit.</strong></span> <span class='ocrx_word' id='word_1_945' title='bbox 2776 5582 2998 5637; x_wconf 79' lang='lat' dir='ltr'><strong>Nomine</strong></span> <span class='ocrx_word' id='word_1_946' title='bbox 3009 5578 3150 5634; x_wconf 86' lang='lat' dir='ltr'><strong>enim</strong></span> <span class='ocrx_word' id='word_1_947' title='bbox 3173 5574 3270 5628; x_wconf 70' lang='lat' dir='ltr'><strong>Aa-</strong></span> 
     </span>
    </p>
   </div>
  </div>
