3738 6298
822 371 925 426 507

1464 356 1731 414 EUSEBll
1769 346 2243 411 CIESARIENSIS
2276 343 2422 400 OPP.
2461 342 2637 397 PARS
2669 341 2733 396 ll.
2767 369 2838 380 —
2874 333 3332 393 APOLOGETICA.

819 486 1110 557 syriorum,
1144 479 1498 549 quodcunque
1528 493 1620 546 per
1665 475 1874 544 singula
1906 480 2146 539 tempora
2191 481 2290 557 gen

1855 488 1874 526 ι
1906 480 2146 539 tempora
2191 465 2357 536 genti-
2383 468 2429 522 Α
2453 461 2710 531 ὀνόματος
2752 455 2986 527 ἡγοῦμαι
3014 452 3107 523 τὴν
3135 450 3254 557 me:
3287 449 3331 502 ἐι

819 556 920 628 hos
965 570 1278 639 impositum
1326 576 1409 621 est
1456 580 1704 635 regnum,
1759 559 2051 631 significari
2100 556 2353 617 arbitror,

821 670 1106 732 propterea
1135 658 1360 726 quodex
1388 654 1647 709 llebraica
1671 654 1850 721 lingua
1881 644 2356 716 interpretantibus

816 751 1020 820 Assyrii
1058 748 1396 818 gubernante:
1431 741 1958 813 signiﬁcantltaque
1984 751 2128 791 nunc
2165 736 2356 805 guber-

818 850 1007 895 nantes
1052 839 1275 893 Romani
1322 845 1465 892 sunt.
1518 834 1647 887 Nam
1688 846 1871 887 revera
1907 829 2048 882 Deus
2087 825 2351 886 universi,

818 930 1180 986 Romanorum
1227 928 1483 983 novacula
1516 965 1530 984 .
1566 925 1668 977 hoc
1723 930 1804 977 est
1837 959 1854 983 ,
1888 920 2029 973 civili
2070 932 2135 979 ac
2168 916 2354 970 bellica

821 1022 863 1067 vi
903 1033 1115 1074 omnem
1158 1017 1390 1071 Judaieze
1417 1017 1589 1084 gentis
1610 1013 1853 1081 gloriam,
1885 1009 2062 1075 inqua
2092 1007 2241 1074 prius
2264 1020 2357 1059 su-

824 1107 1120 1176 perbichat,
1173 1120 1490 1171 omnemque
1546 1104 1782 1170 ipsorum
1811 1099 2194 1158 fortitudinem,
2239 1109 2356 1163 qua:

825 1213 920 1266 per
966 1196 1261 1249 harbamet
1292 1195 1428 1262 pilos
1466 1194 1656 1263 pedum
1705 1190 2053 1260 signiﬁcatur,
2110 1188 2353 1240 abstulit.

824 1287 1006 1354 Neque
1039 1288 1180 1339 enim
1208 1285 1311 1337 alio
1358 1298 1589 1352 unquam
1613 1291 1850 1348 tempore
1871 1279 2017 1348 prius
2044 1292 2201 1345 quam
2237 1282 2355 1343 post

828 1376 1120 1430 Saivatoris
1161 1375 1350 1433 nostri,
1386 1375 1489 1427 hoc
1531 1382 1632 1432 est.
1681 1378 1797 1440 post
1847 1370 2017 1438 ipsius
2044 1366 2355 1420 Emmanuel

825 1475 1024 1522 ortum,
1077 1478 1232 1516 omne
1270 1463 1377 1515 illis
1405 1467 1775 1514 ornamentum
1808 1457 2026 1511 abstulit
2073 1454 2212 1508 Deus
2262 1469 2356 1522 per

828 1558 1181 1626 principatum
1230 1554 1611 1607 Romanorum.
1647 1550 1748 1604 Sed
1782 1565 1875 1619 pro
1909 1568 1927 1600 ι
1954 1562 2076 1617 rege
2105 1546 2356 1615 Assyrio-

828 1661 946 1699 rum
985 1663 1003 1696 ι
1037 1643 1226 1711 Aquila
1263 1640 1515 1710 quidem,
1552 1656 1571 1689 ι
1612 1638 1666 1690 in
1711 1650 1874 1704 regno
1914 1632 2282 1702 Assyriorum,
2329 1649 2349 1681 ι

827 1732 1156 1787 Theodotion
1180 1736 1380 1790 autem,
1416 1745 1434 1778 ι
1461 1727 1514 1781 in
1545 1740 1666 1795 rege
1701 1723 2042 1792 Assyriorum
2078 1746 2097 1772 ι
2130 1735 2354 1773 conver-

824 1822 910 1884 tit,
935 1814 1170 1888 itemque
1201 1817 1550 1889 Symmachus
1572 1833 1587 1881 ;
1608 1815 1697 1884 qui
1725 1814 1937 1884 quidem
1969 1811 2048 1865 sic
2067 1810 2352 1864 ostendunt

825 1911 966 1980 quod
995 1926 1100 1964 non
1123 1908 1267 1975 regis
1288 1909 1628 1969 Assyriorum
1659 1913 1819 1973 caput
1849 1900 2210 1957 abradeudum
2231 1913 2350 1953 esse

826 2002 1056 2055 minetur
1075 2000 1371 2059 oraculum.
1390 1998 1481 2052 sed
1507 1996 1646 2066 regis
1672 1996 1790 2063 ejus
1820 1992 2095 2056 novacula,
2114 2000 2270 2058 atque
2296 1988 2349 2040 in

823 2102 890 2142 eo
915 2088 1031 2155 ipso
1055 2100 1177 2155 rege
1202 2085 1564 2155 Assyriorum,
1601 2084 1666 2136 iis
1689 2096 1807 2150 qua:
1837 2083 1891 2136 in
1928 2080 2028 2133 hac
2075 2077 2351 2147 prophetia

826 2178 1167 2232 continentur
1182 2174 1508 2234 aliiciendam
1538 2189 1658 2228 esse
1683 2171 1959 2225 Iudaicam
1988 2166 2351 2239 gentemJlaac

826 2276 1001 2322 autem
1032 2267 1191 2322 etiam
1216 2267 1332 2335 ipso
1355 2274 1549 2327 eventu
1582 2263 2016 2331 comprobantur.
2050 2258 2152 2313 Pcr
2181 2259 2349 2312 otium

826 2373 953 2414 vero
1001 2359 1368 2426 unusquisque
1410 2357 1512 2408 alia
1541 2355 1817 2423 complura
1839 2392 1854 2415 ,
1885 2353 1929 2407 si
1960 2350 2348 2411 observaverit,

827 2450 966 2518 apud
988 2449 1275 2517 prophetas
1301 2446 1552 2505 inveniet,
1574 2444 1725 2512 quasi
1749 2443 1815 2495 de
1841 2455 2068 2509 persona
2112 2438 2352 2507 Assyrio-

826 2554 942 2591 rutu
996 2537 1158 2597 dicta,
1191 2550 1309 2603 quae
1335 2534 1480 2587 nullo
1502 2533 1660 2585 modo
1692 2528 2087 2583 accommodari
2114 2525 2351 2595 Assyriis

826 2631 1063 2694 possunt,
1101 2622 1193 2677 sed
1222 2638 1383 2690 regno
1412 2621 1552 2689 quod
1600 2634 1691 2687 per
1733 2617 1939 2684 singula
1971 2622 2210 2681 tempora
2240 2613 2354 2666 uni-

826 2714 995 2768 versis
1016 2713 1259 2780 gentibus
1304 2711 1624 2764 dominetur.
1657 2705 1863 2759 Etenim
1892 2705 2003 2772 jam
2033 2704 2194 2757 etiam
2225 2702 2352 2754 Per-

826 2813 915 2852 sas
949 2798 1087 2865 apud
1119 2796 1366 2850 llebrzeos
1413 2796 1710 2850 invenimus
1760 2790 2006 2860 Assyrios
2069 2790 2348 2844 nominari.

826 2889 1089 2954 Quocirca
1115 2901 1254 2940 nunc
1286 2900 1495 2954 quoque
1528 2883 1829 2950 putavimus
1857 2881 2213 2949 principatum
2251 2880 2352 2934 Ro-

826 2992 1104 3031 manorum
1130 2976 1232 3028 hoc
1250 2976 1467 3031 oraculo
1515 2971 1825 3043 signiﬁcari.
1866 2972 2176 3026 Gubernare
2209 2972 2350 3027 enim

825 3067 999 3135 ipsum
1032 3067 1196 3129 hmo,
1224 3073 1276 3119 et
1300 3064 1540 3118 eumdem
1569 3063 1850 3132 gubernari
1873 3079 1901 3116 a
1924 3066 2047 3124 Deo,
2081 3069 2201 3132 post
2233 3062 2349 3115 Sal-
2370 3088 2421 3155 α

825 3156 1026 3208 vatoris
1079 3154 1249 3208 nostri
1304 3154 1586 3206 adventum
1629 3153 1916 3205 cernimus.
1960 3149 2141 3205 Nemo.
2176 3158 2352 3202 tamen

827 3245 1129 3314 suspicetur
1155 3244 1332 3295 omnia
1365 3258 1463 3296 nos
1491 3242 1689 3304 dicere,
1715 3256 2043 3311 quazcunque
2074 3241 2128 3293 in
2158 3239 2353 3293 divinis

827 3334 982 3387 libris
1012 3331 1077 3386 de
1106 3331 1340 3401 Assyriis
1371 3332 1634 3399 leguntur,
1677 3330 1742 3383 ad
1774 3328 2042 3383 Romanos
2078 3343 2196 3384 esse
2225 3329 2354 3383 refe-

827 3424 990 3478 renda
1016 3422 1238 3493 (fatuum
1266 3422 1406 3476 enim
1426 3421 1477 3474 id
1490 3431 1646 3490 atque
1664 3420 2004 3489 impudentiae
2021 3419 2351 3488 obnoxium),

828 3515 921 3569 sed
954 3513 1215 3583 quasdam
1260 3528 1379 3566 esse
1427 3512 1765 3581 propheticas
1806 3526 1982 3573 voces,
2013 3511 2350 3573 testimoniis,

828 3619 948 3673 quae
976 3604 1042 3657 de
1081 3603 1292 3657 Christo
1318 3601 1582 3666 feruntur,
1617 3603 1926 3671 implicitas,
1958 3617 2095 3672 quas
2126 3601 2354 3655 dicimus

829 3696 895 3749 de
928 3694 1180 3748 Romanis
1237 3709 1329 3762 per
1377 3692 1711 3763 Assyriorum
1764 3694 2166 3762 appellationem
2212 3691 2354 3744 acci-

830 3787 1050 3854 plenius
1105 3799 1171 3837 ex
1229 3784 1461 3838 nominis
1518 3787 1975 3854 interpretatione,
2024 3783 2166 3853 quod
2206 3797 2349 3837 sem-

829 3888 925 3943 per
963 3865 1180 3940 reguum
1243 3870 1392 3930 illud,
1424 3870 1563 3939 quod
1593 3887 1686 3941 per
1713 3872 1918 3939 singula
1951 3880 2183 3939 tempora
2229 3884 2356 3937 gen-

831 3960 975 4013 tibus
1028 3959 1331 4026 irnpositum
1383 3966 1496 4023 est,
1562 3965 1934 4028 repraesentat,
2014 3956 2355 4025 quemadmo-

830 4048 957 4103 dum
1004 4063 1102 4101 suo
1166 4055 1405 4116 tempore
1458 4047 1966 4102 demonstrabimus.
2028 4048 2200 4113 Atque
2258 4060 2356 4114 ego

831 4135 1042 4204 quidem
1074 4173 1092 4199 ,
1146 4133 1271 4188 dum
1326 4135 1486 4202 hujus
1539 4134 1889 4199 expositionis
1941 4133 2198 4186 rationem
2244 4146 2356 4184 me-

833 4239 955 4279 cum
1003 4223 1233 4292 inquiro,
1298 4223 1528 4277 arbitror
1578 4225 1646 4277 ob
1690 4223 1821 4277 nihil
1861 4220 2003 4274 aliud
2043 4219 2199 4289 323
2237 4233 2357 4272 ora-

789 4314 951 4365 'cula
1025 4312 1330 4381 prophetica
1386 4327 1495 4366 non
1553 4325 1969 4367 commemorare
2042 4308 2355 4362 nominatim

2452 552 2646 606 τοῠσαν
2690 550 2799 603 τῶν
2848 544 3011 599 ἐθνῶν
3060 540 3317 612 βασιλείαν

2452 620 2921 702 κατευθύνίοντας
2950 634 3053 688 ἀπὸ
3086 633 3182 700 τῆς
3222 629 3332 699 Ἐὁε

2452 730 2603 783 εσθαι
2646 728 2769 790 τοὺς
2816 723 3147 795 Ἀσσυρίους·
3178 717 3313 771 ὥστε

2451 823 2545 877 νῦν
2574 819 3010 880 κατευθύνοντας.
3049 817 3197 870 Ἐπεὶ
3224 816 3315 868 καὶ

2455 911 2615 984 ξυρῷ,
2634 913 2748 981 ἦτοι
2778 914 2843 980 τῇ
2869 910 3109 977 πολιτικῇ
3142 907 3232 958 καὶ
3260 904 3332 956 πο

2451 1004 2546 1072 τὴν
2574 1001 2724 1066 δόξαν
2748 1000 2843 1051 τοῦ
2881 998 3141 1051 Ἰουδαίων
3170 994 3332 1047 ἔθνουέ

2453 1092 2545 1145 καὶ
2573 1093 2745 1144 πᾶσαν
2779 1089 2954 1142 αὐτῶν
2975 1087 3074 1155 τὴν
3102 1085 3332 1154 ἀνδρείαν

2452 1182 2557 1233 τῶν
2588 1180 2783 1250 τριχῶν
2816 1179 2909 1231 καὶ
2936 1178 3042 1228 τῶν
3077 1174 3251 1227 ποδῶν
3286 1190 3332 1224 σῖ

2451 1272 2479 1323 ὁ
2507 1271 2609 1323 τῶν
2641 1270 2771 1323 ὅλων
2801 1268 2949 1329 Θεός.
2989 1265 3122 1318 Οὐδὲ
3156 1264 3332 1318 ἄλλοτε

2453 1359 2641 1421 αἰῶνος
2665 1358 2696 1427 ἢ
2731 1356 2866 1426 μετὰ
2894 1355 2989 1424 τὴν
3016 1353 3111 1406 τοῦ
3144 1353 3332 1421 Σωτῆρ

2464 1446 2802 1518 Ἑμμανουὴλ
2831 1445 3038 1511 γένεσιν
3058 1481 3073 1503 .
3104 1441 3332 1512 περιεῖλε

2450 1538 2537 1591 τὸν
2564 1537 2779 1607 κόσμον,
2808 1535 2893 1589 διὰ
2924 1535 3021 1603 τῆς
3051 1531 3159 1583 τῶν
3200 1532 3332 1597 Ῥωρ

2452 1627 2542 1680 τοῦ
2570 1626 2823 1697 βασιλέως
2866 1623 3182 1693 Ἀσσυρίων,
3217 1622 3245 1672 ὁ
3277 1620 3332 1688 μὲ

2451 1717 2568 1788 λείᾳ
2608 1717 2926 1786 Ἀσσυρίων,
2960 1733 2979 1764 ι
3027 1715 3056 1764 ὁ
3089 1712 3146 1764 δὲ
3193 1709 3332 1762 Θεοδ‹

2382 1773 2426 1831 Β
2453 1807 2556 1858 τῶν
2594 1805 2906 1875 Ἀσσυρίων,
2941 1823 2958 1853 ι
2994 1800 3287 1853 ἐκδέδωκεν
3308 1816 3319 1827 ·

2453 1912 2542 1965 χος
2563 1912 2576 1924 ο
2607 1895 2772 1960 σαφὲς
2800 1892 3073 1953 ποιοῦντες
3092 1929 3106 1952 ,
3146 1890 3227 1942 ὅτι
3274 1888 3332 1957 μὶ

2457 1985 2580 2055 ρίων
2610 1983 2704 2052 τὴν
2733 1981 2968 2050 κεφαλὴν
3002 1980 3252 2050 ξυρήσειν
3285 1980 3312 2029 ὁ

2452 2071 2527 2140 τῷ
2560 2070 2717 2123 αὑτοῦ
2749 2068 2919 2139 ξυρῷ,
2949 2069 3044 2120 καὶ
3068 2069 3126 2118 ὲν
3156 2065 3332 2134 αὐτῷ’

2458 2160 2650 2231 συρίων
2695 2158 2761 2210 τὰ
2814 2156 3257 2229 προφητευόμενα
3302 2155 3330 2206 δ

2453 2253 2620 2315 ἔθνος.
2648 2251 2864 2314 Τούτοις
2894 2247 2988 2303 οὖν
3015 2250 3109 2301 καὶ
3156 2250 3189 2318 ἡ
3226 2247 3332 2300 ἕκόι

2452 2344 2637 2410 λόγων.
2675 2343 2793 2394 Ἐπὶ
2827 2341 3019 2411 σχολῆς
3048 2340 3104 2392 δέ
3130 2355 3214 2402 τις
3241 2339 3331 2389 καὶ

2453 2434 2530 2494 είς
2569 2432 2860 2501 Ἀσσυρίων
2891 2431 3183 2500 πρόσωπον
3217 2431 3273 2480 ὲν
3304 2445 3332 2479 τ

2457 2521 2591 2590 μένα
2620 2521 2766 2590 εὖροι
2797 2519 2862 2573 ἂν
2898 2520 3259 2589 ἐπιτηρήσας,
3282 2517 3332 2568 οἱ

2456 2608 2586 2677 ρίοις
2611 2608 2910 2676 ἐφαρμόσαι
2940 2607 3236 2676 δυνάμενα,
3260 2607 3323 2674 τῇ

2451 2696 2539 2749 λου
2570 2695 2675 2747 τῶν
2708 2696 2845 2747 κατὰ
2869 2697 3097 2765 χρόνους
3118 2695 3288 2747 ἐθνῶν
3322 2695 3332 2762 ξ

2454 2787 2662 2858 Πέρσας
2711 2786 2944 2855 εὕρομεν
2994 2786 3146 2856 παρὰ
3201 2786 3332 2854 Ἐΰρ

2455 2876 2774 2945 μασμένους.
2826 2876 2916 2927 Διὸ
2960 2877 3056 2928 καὶ
3106 2875 3202 2927 νῦν
3258 2876 3332 2927 ὑπ

2451 2967 2540 3020 τὸν
2572 2967 2722 3033 λόγον
2747 2965 2843 3035 τὴν
2871 2967 3164 3036 Ῥωμαίων
3214 2969 3332 3038 ἁρχι

2453 3055 2545 3108 καὶ
2570 3053 3042 3125 κατευθυνομένην
3074 3055 3181 3108 ὑπὸ
3209 3056 3300 3108 τοῦ
3322 3058 3332 3103 t

2450 3144 2602 3214 ἡμῶν
2644 3143 2946 3212 παρουσίαν
2996 3144 3231 3214 ὁρῶμεν.
3268 3147 3332 3198 Μ·

2451 3234 2625 3287 πάντα
2681 3234 2825 3303 ἡμᾶς
2869 3232 3056 3300 λέγειν
3101 3234 3171 3286 τὰ
3244 3252 3332 3305 πεε

2451 3325 2616 3385 θείαις
2666 3322 2941 3392 φερόμενα
2971 3324 3214 3394 Γραφαῖς
3254 3325 3332 3375 ἐππ

2452 3413 2668 3483 (ἠλίθιον
2705 3413 2812 3484 γὰρ
2844 3414 2939 3466 καὶ
2979 3416 3193 3478 ἀναιδὲς
3236 3415 3328 3468 τοῦ

2451 3502 2785 3573 προφητικὰς
2830 3503 3017 3571 φωνὰς
3054 3507 3173 3568 ταῖς
3227 3522 3332 3575 περ

2453 3592 2592 3662 ρίαις
2660 3592 3310 3662 συμπεριπεπλεγμένας,

2456 3682 2622 3752 μαίων
2658 3680 2987 3734 αἰνίττεσθαι
3017 3682 3104 3735 διὰ
3135 3683 3240 3751 τῆς
3271 3681 3332 3734 τᾶ

2456 3772 2573 3842 ρίας
2595 3810 2611 3835 ,
2647 3773 2710 3822 ὲκ
2740 3771 2837 3841 τῆς
2874 3771 2970 3824 τοῦ
3011 3771 3274 3841 ὀνόματος
3301 3773 3326 3823 ὲ

2455 3860 2620 3930 μένης
2660 3861 2757 3934 τῆς
2803 3861 2947 3914 κατὰ
2980 3861 3205 3931 χρόνους
3254 3863 3331 3913 ὲπη

2455 3950 2741 4019 βασιλείας,
2770 3949 2845 4012 ὡς
2872 3951 2966 4004 ἐπὶ
3002 3951 3195 4022 καιροῦ
3227 3951 3321 4004 τοῦ

2454 4056 2632 4108 σομεν.
2653 4039 2760 4090 Καὶ
2791 4038 2968 4108 ἔγωγε
2995 4042 3088 4094 τὸν
3120 4042 3332 4112 λογισμὶ

2455 4129 2590 4199 πρὸς
2617 4129 2846 4198 ἐμαυτὸν
2885 4131 3313 4202 διερευνώμενος

2456 4218 2528 4287 μὴ
2550 4218 2805 4287 ὀνομαστὶ
2834 4220 2944 4272 τῶν
2983 4222 3266 4290 Ῥωμαίων
3303 4239 3332 4290 μ

2451 4306 2578 4358 τικὰ
2608 4305 2759 4373 λόγια
2788 4306 2934 4377 ἢδιὰ
2964 4309 3024 4361 τὸ
3058 4309 3268 4378 μέλλειν
3299 4312 3331 4361 ὲλ

833 4398 1122 4464 Romanos,
1151 4416 1310 4470 quam
1343 4402 1482 4470 quod
1518 4401 1768 4455 Romanis
1811 4398 2175 4467 regnantibus,
2236 4395 2304 4449 Sa

1855 4398 2175 4467 agitantibus,
2236 4395 2352 4449 Sal-
2382 4395 2595 4459 υλείας
2632 4397 2726 4465 τὴν
2770 4396 2862 4447 τοῦ
2916 4398 3170 4467 Σωτῆρος
3214 4398 3331 4467 ήμῶ

833 4493 1034 4545 vatoris
1092 4491 1259 4545 nostri
1321 4490 1562 4544 doctrina
1595 4492 1646 4544 in
1679 4505 1864 4543 omnes
1895 4489 2135 4541 homines
2198 4501 2354 4540 suum

832 4581 1008 4634 lumen
1061 4588 1173 4634 erat
1222 4580 1472 4643 missura,
1517 4588 1569 4634 et
1614 4577 1901 4647 Scriptura:
1943 4576 2263 4646 prophetica:
2303 4576 2354 4628 in

835 4670 947 4738 ipSa
984 4668 1338 4722 Romanorum
1380 4672 1508 4724 urbe
1528 4678 1582 4724 et
1617 4670 1669 4722 in
1708 4668 1954 4721 omnibus
1979 4667 2222 4730 gentibus
2247 4665 2355 4719 Ro-

836 4772 995 4810 mano
1034 4758 1256 4827 imperio
1290 4758 1546 4824 subjectis
1586 4756 1934 4826 publicandre.
1970 4755 2046 4809 Ne
2093 4756 2254 4824 igitur
2291 4754 2357 4807 iis

836 4845 927 4912 qui
970 4845 1249 4913 imperium
1283 4845 1594 4898 obtinebant
1636 4843 1739 4895 tilla
1773 4842 2004 4895 oriretur
2034 4839 2276 4897 oll'ensio.
2309 4838 2355 4892 si

839 4930 904 4983 de
924 4933 1053 5000 ipsis
1086 4935 1419 5001 apertissime
1448 4934 1705 5002 scriptum
1729 4939 1891 4994 esset,
1921 4931 2185 4986 sermonis
2212 4928 2359 4981 adhic

839 5020 947 5071 hita
977 5031 1057 5073 est
1090 5026 1142 5075 in
1174 5025 1406 5079 oraculis
1428 5006 1746 5084 obscuritas,
1771 5038 1891 5076 cum
1922 5022 2132 5089 quidem
2158 5020 2211 5072 in
2239 5017 2360 5072 aliis

845 5109 1101 5173 pluribus.
1123 5119 1231 5162 tum
1261 5130 1384 5166 vero
1411 5116 1462 5167 in
1488 5112 1721 5167 Danielis
1751 5112 2046 5166 visionibus
2074 5105 2360 5176 :quemad—

844 5197 1055 5247 modum
1093 5196 1143 5248 in
1178 5198 1274 5252 hac
1309 5219 1537 5273 quoque,
1574 5219 1690 5272 quae
1716 5218 1855 5256 nunc
1903 5199 2226 5255 inmanibus
2253 5203 2356 5255 est,

845 5282 1138 5350 prophetia,
1168 5299 1283 5351 qua:
1308 5305 1427 5343 cum
1464 5292 1710 5361 Assyrios
1732 5293 1975 5362 appellet,
2006 5288 2359 5358 gubernantes

848 5371 1111 5444 intelligit.
1134 5370 1327 5430 Horum
1355 5396 1481 5452 ergo
1503 5385 1779 5449 novacula,
1800 5385 2102 5438 universum
2129 5376 2362 5431 Judaica:

846 5460 1020 5528 gentis
1048 5473 1431 5537 ornamentum,
1470 5479 1588 5537 post
1631 5475 1798 5542 ipsius
1830 5469 2137 5527 Emmanuel
2185 5474 2361 5519 ortum

847 5544 1220 5611 θδτίὶάθηάυων
1264 5550 1363 5613 hoc
1403 5565 1489 5618 est
1518 5557 1854 5621 abolendum,
1902 5561 2061 5613 canit.
2108 5555 2363 5609 Pratterea

848 5637 901 5689 in
928 5650 986 5690 ea
1009 5635 1091 5689 die
1119 5635 1179 5690 de
1203 5655 1305 5708 qua
1323 5649 1525 5710 diuum
1549 5658 1647 5717 est,
1671 5649 1858 5720 ipsius,
1896 5652 2131 5719 inquam,
2157 5644 2363 5698 Emma-

2457 4485 2684 4555 λάμπειν
2716 4487 2793 4548 εἰς
2826 4486 3036 4549 πάντας
3063 4486 3332 4559 ἀνθρωττοι

2459 4573 2793 4644 προφητικὰς
2818 4574 3044 4644 Γραφὰς
3068 4579 3152 4629 ἐπ’
3180 4579 3332 4647 αὑτῆι

2458 4662 2609 4724 λεως,
2638 4663 2730 4715 καὶ
2770 4664 2824 4714 ὲν
2857 4666 2992 4716 πᾶσι
3025 4668 3136 4727 τοῖς
3181 4666 3283 4718 ὑπὸ
3315 4668 3324 4681 ’

2461 4751 2745 4804 σιεύεσθαι.
2775 4753 2868 4804 ”Ιν’
2902 4750 2996 4807 οὖν
3024 4759 3137 4818 τοῖς
3175 4756 3274 4824 τῆς
3309 4759 3332 4808 ό

2460 4857 2643 4909 στησις
2689 4839 2924 4911 μηδεμία
2966 4843 3188 4914 γένηται
3224 4845 3289 4895 ὲκ
3320 4861 3332 4876 ν

2460 4927 2565 4980 τῶν
2595 4930 2931 4999 ἀναγραφῆς,
2963 4932 3031 4983 δι’
3058 4934 3332 5003 αἰνιγμάτι

2462 5016 2518 5068 ἐν
2550 5032 2605 5067 τε
2635 5016 2834 5086 ἑτέροις
2866 5017 3129 5085 πλείοσιν,
3161 5021 3221 5072 οὐ
3258 5020 3331 5090 μὴ

2461 5104 2653 5175 Δανιὴλ
2688 5105 2960 5177 θεωρίαις,
2993 5109 3274 5180 ὡσπεροῦν
3318 5127 3332 5161 ι

2463 5196 2791 5265 προφητείᾳ,
2851 5199 2908 5249 ὲν
3047 5199 3332 5253 κατευθύνε

2464 5282 2770 5354 προσειπὼν
2809 5285 3144 5357 Ἀσσυρίους.
3193 5287 3282 5356 Τῷ
3329 5308 3332 5320 ι

2462 5375 2549 5426 τὸν
2580 5374 2861 5444 σύμπαντα
2891 5377 3105 5446 κόσμον·
3122 5377 3213 5430 τοῦ
3252 5378 3332 5429 Ἰοι

2464 5463 2554 5517 τοῦ
2611 5466 2951 5535 Ἑμμανουὴλ
2999 5467 3206 5534 γένεσιν
3254 5469 3331 5533 ἀφ,

2471 5554 2587 5606 Ἔτι
2613 5554 2691 5617 δὲ,
2724 5557 2780 5607 ὲν
2829 5557 2896 5624 τῇ
2934 5555 3234 5626 δηλουμένη
3273 5560 3332 5627 ἦε·

2468 5643 2559 5696 τοῦ
2601 5643 2959 5718 Ἑμμανουὴλ,
3004 5646 3146 5699 τοῦτ’
3192 5647 3302 5702 εστι
