3738 6330
63 382 276 530 Α

1067 405 1698 464 ΒΕΜΟΝΞΤΒΑΤΙΟΝΙΒ
1726 403 2172 463 EVANGELICE
2208 402 2340 466 LIB.
2374 406 2485 462 VH.

3285 410 3387 466 διο

150 495 412 592 Λείας.)
449 523 472 557 ι
528 504 792 581 Θρέψει,
826 533 844 567 ι
900 519 1083 587 φησὶν,
1131 538 1151 569 σ
1202 520 1474 592 ἄνθρωπος
1526 520 1749 590 δάμαλιν

1848 520 2136 589 ηυθι,,(ιιιω
2152 526 2235 573 est
2257 519 2374 574 dies
2399 519 2659 573 adventus
2682 518 2903 583 Christi,
2930 537 2952 570 ι
2979 518 3209 585 Nutriet,
3247 540 3266 573 ι
3300 522 3381 573 in-

74 588 321 689 im,
344 596 445 689 ut
467 594 907 689 8607n966aca.‘
935 609 1028 660 καὶ
1057 608 1226 672 ἔσται,
1259 588 1363 661 ἀπὸ
1398 608 1489 661 τοῦ
1515 588 1755 662 πλεῖστον

82 668 533 793 ῗνρὒεἷνὶῒάξλσςε
566 668 854 790 ξούτυρον
883 697 979 748 καὶ
1013 697 1131 765 μέλι
1159 668 1383 764 φάγεται
1407 699 1510 759 πᾶς
1535 699 1562 750 ό
1593 713 1755 749 κατα-

106 770 191 874 ῑε
208 770 401 874 ιίξθεὶς
414 775 520 874 ξπῖ
546 776 816 874 τῆἶλγῆς·
860 800 878 832 ι
904 784 987 874 ρι’
1012 778 1086 835 ὧν
1109 785 1234 853 φαίη
1264 785 1327 837 ἄν
1354 801 1435 846 τις
1459 786 1573 853 ἦτοι
1604 784 1754 874 λιμὸν

128 863 528 955 ὶινὶττεσθαι,
578 869 684 922 καὶ
734 863 1012 941 πτωχέίαν
1068 874 1495 945 ὑπερϐάλλουσαν
1552 873 1643 926 τοῦ
1691 876 1754 926 ὲκ

148 956 480 1037 ιεεριτομῆς
509 958 669 1020 λαοῦ,
708 960 787 1031 μὴ
822 962 1171 1032 εὐποροῦντος
1206 963 1300 1031 μὲν
1332 962 1428 1031 τῆς
1473 963 1578 1015 άπὸ
1608 963 1750 1015 σίτου

157 1047 346 1123 ³,σπεα
389 1048 536 1116 φύσιν
582 1051 820 1120 τροςῆς,
856 1052 987 1121 μηδὲ
1023 1052 1125 1120 γῆν
1160 1051 1426 1117 ἀροῦντος,
1468 1052 1559 1103 καὶ
1600 1053 1751 1104 σπεί-

173 1156 427 1222 ροντας,
467 1140 558 1192 καὶ
602 1138 944 1211 θερίζοντος,
1001 1142 1131 1211 μηδὲ
1182 1143 1406 1212 ποίμνας
1453 1144 1747 1214 προϐάτων,

184 1232 350 1314 μηδὲ
382 1230 503 1301 βοῶν
524 1230 723 1299 ἀγέλας
756 1232 1108 1300 κεκτημένου,
1139 1232 1388 1302 ἐχομένου
1414 1233 1469 1285 δὲ
1501 1232 1591 1285 δύο
1623 1250 1749 1301 προ-

190 1326 391 1381 ϐάτων)
420 1320 506 1373 καὶ
529 1319 814 1390 δαμάλεως
851 1323 996 1389 μιᾶς,
1036 1321 1094 1373 τὸ
1134 1321 1330 1373 τούτων
1366 1322 1501 1390 γάλα
1536 1324 1748 1392 ποριζο-

198 1416 396 1485 μένου.
428 1412 492 1463 Ἥ
518 1410 685 1471 άλλως
711 1411 1069 1481 τροπολογῶν,
1098 1411 1186 1464 τὸν
1217 1413 1312 1480 μὲν
1336 1412 1747 1480 καταλειφθέντα

199 1502 307 1554 ὶπὶ
341 1498 438 1566 τῆς¹
459 1498 555 1566 γῆς
580 1497 907 1551 αἰνίττεσθαι
934 1500 1061 1567 φαίη
1098 1498 1161 1551 ἂν
1200 1499 1287 1551 τὸν
1310 1500 1416 1553 τῶν
1440 1501 1503 1552 ἐκ
1536 1516 1745 1570 περιτο-

199 1591 328 1659 μῆς
347 1590 421 1650 είς
441 1589 523 1640 τὸν
545 1589 771 1658 Σωτῆρα
796 1591 890 1641 καὶ
918 1590 1114 1659 Κύριον
1141 1590 1293 1660 ἡμῶν
1323 1591 1746 1643 πεπιστευκότων

198 1676 512 1729 επηστόλων
539 1693 599 1729 τε
644 1678 736 1729 καὶ
764 1677 1152 1744 εὐαγγελιστῶν
1182 1678 1361 1748 χορόν·
1390 1672 1463 1731 ὧν
1502 1678 1743 1742 ἕκαστος,

197 1769 420 1837 λεῖμμα
443 1769 555 1820 κατ’
581 1767 809 1838 ἐκλογὴν
836 1768 1051 1837 χάριτος
1073 1766 1324 1835 γεγονὼς,
1358 1769 1450 1821 καὶ
1478 1767 1564 1820 διὰ
1591 1767 1745 1819 τοῦτο

197 1866 227 1914 ι’,
280 1840 643 1924 καταλειιρθεὶς
686 1858 778 1908 ὲπὶ
815 1857 913 1925 τῆς
956 1857 1057 1925 γῆς
1090 1856 1483 1926 ὠνομασμένος,
1529 1855 1743 1926 θρέψειν

198 1946 425 2013 Σὲγεται
463 1946 680 2016 δάμαλιν
724 1946 881 2015 βοῶν,
915 1948 1006 2000 καὶ
1046 1947 1136 1999 δύο
1169 1947 1426 2016 πρόϐατα,
1466 1948 1588 2017 τρία
1626 1948 1743 2001 καθ’

196 2037 443 2107 ἑκάστην
456 2037 768 2106 Ἐκκλησίαν
796 2038 1066 2105 τάγματα,
1097 2036 1153 2088 ἒν
1186 2037 1283 2106 μὲν
1306 2037 1365 2089 τὸ
1388 2036 1492 2089 τῶν
1514 2038 1743 2107 ἡγουμέ-

192 2144 339 2188 νων,
359 2128 446 2180 δύο
470 2128 522 2180 δὲ
550 2126 617 2179 τὰ
654 2127 762 2179 τῶν
807 2126 1231 2195 ὑποϐεϐηκότων,
1265 2126 1355 2179 τοῦ
1381 2128 1478 2195 τῆς
1514 2126 1739 2196 Ἐκκλη-

197 2215 335 2277 cia;
358 2217 447 2269 τοῦ
473 2213 699 2287 Χριστοῦ
732 2214 863 2267 λαοῦ
897 2215 973 2277 εἰς
1005 2213 1096 2266 δύο
1127 2214 1373 2283 τάγματα
1400 2214 1736 2284 διῃρημένου,

191 2317 209 2345 τ
228 2302 286 2365 ῖς
323 2323 379 2358 τε
403 2306 459 2359 τὸ
480 2306 579 2358 τῶν
606 2303 830 2362 πιστῶν.
861 2303 953 2355 καλ⁵
980 2302 1085 2354 τῶν
1142 2302 1358 2372 μηόέπω
1387 2303 1481 2372 τῆς
1508 2302 1595 2355 διὰ
1624 2303 1742 2355 λου-

202 2392 341 2457 τροῦ
366 2391 765 2461 παλιγγενεσίας
785 2391 1113 2461 ἠξιωμένων,
1136 2386 1214 2453 οἷς
1240 2391 1328 2443 καί
1362 2407 1518 2459 φησιν
1545 2392 1573 2443 ό
1603 2391 1741 2453 θεῖος

201 2474 549 2545 ’Δπόστολοςσ
582 2482 756 2535 «Γάλα
790 2482 932 2550 ὑμᾶς
957 2481 1196 2540 ἐπότισα,
1225 2479 1283 2531 οὐ
1314 2478 1521 2549 βρῶμα.
1555 2498 1572 2529 ι
1606 2480 1740 2542 Τοὺς

180 2563 243 2617 δὲ
284 2572 350 2623 ὲν
372 2572 463 2642 ἠδη
493 2571 793 2643 τελεωτέρα
828 2569 1165 2631 καθεστῶτας
1190 2566 1316 2631 ἕξει,
1356 2567 1578 2637 δάμαλιν
1607 2568 1738 2637 βοῶν

179 2654 423 2725 εἰκότως
480 2661 775 2717 ἀποκαλεῖ.
835 2664 1139 2728 γεννήματα
1200 2658 1537 2728 τελειοτέρων
1602 2657 1737 2726 βοῶν

176 2752 570 2821 τυγχάνοντας,
598 2747 709 2812 οἷος
739 2749 899 2811 αὐτὸς
940 2745 1006 2819 ἦν
1036 2749 1064 2800 ὁ
1098 2746 1425 2809 ’Δπόστολος,
1460 2747 1583 2816 περὶ
1613 2748 1736 2799 ἐαυ-

165 2835 288 2888 τοῦ
323 2844 411 2893 καὶ
441 2842 542 2894 τῶν
586 2840 978 2910 παραπλησίως
1022 2836 1167 2906 αύτῷ
1198 2836 1501 2905 καμνόντων
1533 2835 1698 2903 λέγων
1717 2853 1730 2867 ~

169 2940 190 2973 ⁸
230 2925 349 3002 λίὴ
372 2932 471 2984 τῶν
496 2930 629 3001 βοῶν
663 2930 816 3000 μέλει
845 2928 921 2998 τῷ
941 2927 1094 2996 Θεῷ;
1128 2946 1145 2977 ›
1183 2927 1215 2998 ἦ
1250 2926 1315 2979 δι’
1351 2928 1494 2996 ἡμᾶς
1527 2927 1735 2989 πάντως

156 3012 368 3086 λέγεις
411 3024 502 3093 Εἶη
532 3022 587 3074 δὲ
630 3021 698 3074 ἂν
722 3020 817 3072 καὶ
846 3022 951 3071 πᾶν
977 3019 1036 3071 τὸ
1060 3018 1238 3087 τάγμα
1252 3016 1357 3070 τῶν
1384 3017 1479 3086 τῆς
1515 3016 1736 3087 Ἐκκλη-

154 3106 317 3175 σίεις
346 3111 707 3183 προεστώτων,
754 3108 917 3179 ἀροῦν
952 3126 1010 3161 τε
1058 3108 1149 3161 καὶ
1199 3110 1455 3179 γεωργεῖν
1493 3108 1591 3171 τὰς
1627 3108 1732 3159 τῶν
1757 3147 1796 3200 C

150 3198 481 3275 ἀνθρώπων
507 3202 682 3272 ψυχάς
724 3197 1225 3269 ἐγκεχειρισμένων,
1257 3196 1480 3266 δάμαλις
1518 3197 1727 3267 ὠνομα-

154 3294 365 3361 σμένη
392 3293 537 3362 βοῶν,
562 3290 873 3359 γεννήματα
896 3287 1226 3356 τυγχάνουσα
1248 3284 1349 3336 τῶν
1372 3284 1743 3365 άποστολικῶν.

151 3377 402 3441 τρόπων
419 3396 473 3431 τε
499 3379 591 3431 καί
618 3376 969 3446 μαθημάτων,
985 3374 1033 3425 οἳ
1058 3374 1149 3425 καὶ
1178 3374 1255 3435 εἰς
1279 3372 1518 3425 τοσοῦτον
1536 3374 1729 3442 ἀρετῆς

151 3463 461 3522 ἐπιδώσειν
478 3469 740 3535 λέγονται,
753 3465 827 3528 ὡς
841 3466 903 3517 ὲκ
919 3462 1230 3529 πολυγονίας
1246 3464 1488 3515 τοσοῦτον
1509 3462 1729 3532 προϐάλ-

150 3549 372 3610 λεσθαι
391 3560 599 3626 γόνιμον
623 3557 714 3609 καὶ
733 3555 943 3621 λογικὸν
961 3557 1078 3615 ταῖς
1098 3555 1473 3621 είσαγωγικαίς
1490 3552 1729 3605 διδασκα-

152 3636 277 3695 λία.
290 3667 332 3710 ις
344 3649 488 3716 γάλα,
501 3648 574 3710 ὡς
591 3647 683 3699 καὶ
697 3645 910 3715 ἐτέρους
928 3643 1143 3713 μυρίους
1160 3641 1316 3712 τρέφε
1324 3641 1437 3692 σθαι
1459 3639 1515 3704 ἐξ
1531 3640 1721 3693 αὐτῶν.

152 3729 400 3788 Τούτων
418 3737 470 3789 δὲ
494 3738 619 3806 napi.
650 3735 761 3787 τῶν
789 3731 1245 3799 καταλειφθέντων
1278 3731 1367 3782 ἐπὶ
1392 3730 1489 3798 τῆς
1512 3729 1613 3798 γῆς
1634 3745 1724 3797 γε-

151 3826 506 3893 νηεομένων,
531 3823 716 3895 ἕτερόν
742 3840 793 3875 τι
819 3818 1184 3890 συμϐήσεσθαι
1212 3819 1270 3870 ὲν
1294 3821 1356 3887 τῇ
1385 3819 1560 3888 ἡμέρα
1588 3818 1726 3870 ἐκεί-

153 3922 275 3975 νῃ..
318 3914 477 3983 (δῆλον
519 3914 575 3966 δὲ
603 3915 685 3967 ὅτι
734 3914 791 3963 ὲν
819 3909 895 3979 τῷ
926 3908 1097 3979 χρόνῳ
1132 3907 1229 3977 τῆς
1266 3906 1357 3959 τοῦ
1393 3906 1723 3976 Ἐμμανουὴλ

158 4008 251 4044 πει
270 4001 520 4069 pausia.)
544 4000 939 4071 rrpoavaqawvst.
960 3998 1023 4048 Τί
1045 3996 1102 4048 δὲ
1123 3995 1272 4047 τοῦτο
1295 4013 1344 4058 ;‹
1369 3997 1479 4057 Πᾶς
1497 3996 1675 4057 τόπος,
1697 4014 1716 4045 ι

155 4090 348 4148 φησὶ,
377 4107 394 4139 ι
426 4088 512 4142 τοῦ
556 4092 620 4142 ὲκ
671 4087 969 4156 περιτομῆς
1011 4082 1263 4152 λαοῦ,ὲφ’
1287 4080 1346 4136 οῦ
1384 4079 1518 4153 ἦσαν
1562 4083 1719 4152 χίλιαι

153 4168 251 4236 ἆμ-
266 4177 418 4230 Ἴτελοι
459 4179 637 4249 χιλίων
684 4175 902 4239 σίκλων,
930 4177 1005 4237 εἰς
1055 4174 1243 4245 χέρσον
1276 4173 1479 4226 ἔσονται
1524 4174 1615 4225 καὶ
1641 4175 1719 4237 εἰς

147 4256 438 4321 ἀκξινθαν.
470 4268 616 4321 Μετὰ
647 4265 756 4336 γάρ
790 4265 970 4334 βέλους
1016 4264 1107 4315 καὶ
1144 4263 1461 4331 τοξεύματος
1488 4262 1717 4313 είσελεύυ

147 4359 371 4408 συῒ-’ται
400 4359 504 4410 ἐκεῖ
525 4355 700 4425 (δῆλον
722 4356 767 4408 δ’
794 4356 875 4406 ὅτι
909 4354 957 4404 οἱ
982 4350 1261 4421 πολέμιοι),
1296 4351 1374 4403 ὅτι
1408 4351 1594 4421 χέρσος
1627 4351 1718 4403 καὶ

1850 612 1987 679 quit,
2021 626 2040 659 ι
2069 609 2226 662 homo
2252 610 2535 677 juvencam
2562 608 2742 671 boum,
2772 618 2827 663 et
2863 610 2999 664 duas
3027 615 3234 674 oves,et
3256 609 3380 670 erit.

1850 714 1915 753 ex
1953 714 2017 754 eo
2049 698 2192 767 quod
2233 699 2521 767 plurimum
2556 697 2713 750 faciet
2754 698 2853 760 lac,
2886 698 3135 768 butyrum
3179 708 3234 753 et
3260 697 3386 753 .mel

1850 787 2109 853 comedet,
2155 790 2332 845 omnis
2378 788 2468 858 qui
2504 789 2722 842 relictus
2768 788 2928 840 fuerit
2969 789 3023 841 in
3072 799 3231 843 terra.
3264 806 3286 841 ι
3328 786 3384 839 in

1849 880 2042 946 quibus
2084 878 2262 933 verbis
2302 893 2429 933 sane
2477 878 2673 931 dixerit
2702 877 2915 946 aliquis.
2945 876 3151 931 Judaici
3193 878 3382 947 populi

1851 968 2042 1022 famem
2114 975 2589 1038 paupertatemque
2656 969 2969 1020 immenSnm
3036 968 3327 1036 signiﬁcari
3364 1004 3381 1029 ,

1848 1056 2041 1123 quippe
2061 1056 2151 1124 qui
2180 1071 2347 1125 neque
2378 1056 2585 1109 triticeo
2608 1055 2943 1122 naturalique
2972 1055 3090 1107 cibo
3111 1056 3179 1107 sit
3200 1056 3371 1109 abun-

1846 1143 2088 1204 daturus,
2119 1159 2183 1197 ex
2222 1159 2286 1198 eo
2328 1145 2468 1213 quod
2512 1159 2682 1212 neque
2729 1142 2922 1196 t'erram
2975 1145 3165 1205 arabit,
3202 1161 3373 1214 neque

1847 1232 2147 1295 seminabit,
2176 1248 2345 1301 neque
2369 1239 2549 1296 metet,
2569 1247 2739 1301 neque
2767 1247 2952 1301 greges
2976 1234 3174 1291 ovium.
3202 1249 3373 1301 neque

1845 1319 2002 1372 boum
2052 1329 2289 1373 armenta
2343 1336 2710 1390 possessurus,
2766 1320 2859 1373 sed
2913 1321 3195 1374 habiturus
3235 1321 3373 1376 duas

1844 1425 1971 1463 oves
1999 1417 2051 1463 et
2075 1409 2357 1477 juvencam
2392 1425 2575 1473 unam,
2602 1411 2797 1478 quibus
2827 1411 2909 1463 lac
2942 1412 3148 1479 sibiipsi
3178 1426 3372 1480 suppe-

1842 1501 1972 1553 ditet
1999 1516 2012 1550 :
2037 1509 2129 1553 aut
2158 1501 2328 1562 aliter,
2363 1502 2582 1569 ﬁgurate
2610 1504 2851 1570 loquens,
2878 1517 2998 1556 eum
3028 1503 3120 1571 qui
3153 1504 3370 1557 interra

1842 1591 2058 1645 relictus
2089 1590 2179 1655 sit,
2214 1591 2513 1659 signiﬁcare
2543 1590 2737 1644 dixerit
2759 1607 2823 1645 ex
2842 1591 3037 1645 Judaais
3061 1594 3150 1659 qui
3174 1594 3227 1645 in
3258 1590 3371 1645 Sal-

1842 1688 2074 1734 vatorem
2108 1696 2170 1733 ac
2205 1680 2481 1735 Dominum
2508 1690 2750 1735 nostrum
2778 1681 3117 1745 crediderint,
3149 1690 3367 1751 aposto-

1842 1771 2013 1824 lorum
2074 1782 2235 1840 atque
2285 1773 2732 1841 evangelistarum
2798 1773 3051 1836 chorum,
3098 1788 3129 1827 e
3171 1775 3368 1842 quibus

1843 1859 2227 1928 unusquisque,
2253 1874 2372 1912 cum
2404 1858 2693 1912 secundum
2722 1859 3032 1913 electionem
3062 1861 3245 1929 gratia:
3277 1874 3363 1915 re-

1841 1947 1999 1999 lictus
2024 1948 2113 2005 sit,
2143 1954 2196 2000 et
2225 1947 2295 1999 ob
2326 1946 2399 2007 id,
2438 1946 2653 1998 relictus
2682 1945 2732 1998 iu
2761 1956 2900 1999 terra
2926 1946 3248 2010 nominatus,
3276 1946 3368 2013 ju-

1841 2048 2055 2087 vencam
2082 2034 2240 2086 boum
2273 2043 2326 2087 et
2351 2031 2485 2085 duas
2521 2046 2647 2085 oves
2675 2031 2872 2084 dicitur
2900 2032 3222 2093 nutritur-us,
3257 2040 3368 2085 ter-

1838 2136 1935 2173 nos
1958 2122 2200 2175 videlicet
2226 2136 2317 2189 per
2345 2120 2580 2185 singulas
2622 2119 2887 2173 Ecclesias
2930 2120 3167 2179 ordines.
3198 2134 3363 2173 unum

1836 2210 2046 2277 quidem
2072 2224 2255 2262 eorum
2280 2210 2369 2277 qui
2406 2209 2643 2276 praesint,
2677 2208 2814 2261 duos
2847 2215 3021 2259 autem
3055 2221 3238 2260 eorum
3270 2207 3362 2275 qui

1837 2296 2059 2363 subjecti
2089 2298 2217 2361 sint,
2244 2311 2364 2349 cum
2394 2296 2641 2350 Ecclesia:
2659 2295 2855 2349 Christi
2887 2295 3113 2364 populus
3142 2294 3194 2348 in
3225 2295 3363 2351 duos

1834 2386 2050 2439 ordines
2069 2386 2137 2439 sit
2163 2385 2475 2450 divisus,qin
2498 2400 2680 2437 eorum
2710 2386 2800 2452 qui
2828 2384 3070 2446 credunt,
3097 2393 3149 2437 et
3176 2398 3362 2438 eorum

1834 2476 1924 2544 qui
1971 2475 2202 2529 nondum
2249 2476 2313 2528 ad
2356 2476 2552 2527 lavacri
2604 2474 3057 2544 regenerationem
3099 2472 3362 2541 assumpti

1834 2567 1961 2627 sint,
1998 2567 2083 2637 ad,
2110 2583 2244 2636 quos
2288 2568 2447 2621 etiam
2478 2567 2692 2619 divinus
2734 2564 3021 2634 Apostolus
3051 2563 3125 2616 ait
3154 2582 3168 2617 :
3202 2580 3220 2612 ι
3255 2561 3362 2616 Lac

1832 2653 1984 2706 vobis
2009 2661 2190 2722 potum
2228 2654 2370 2716 dedi,
2402 2668 2507 2705 non
2537 2666 2715 2705 eseam
2738 2652 2801 2704 “.
2821 2671 2839 2703 ι
2869 2651 2970 2705 Eos
3002 2666 3125 2704 vero
3140 2652 3229 2719 qui
3248 2650 3361 2718 jam

1833 2748 1942 2794 tum
1983 2743 2036 2794 in
2079 2742 2260 2795 habitu
2309 2740 2624 2811 perfectiora
2664 2740 3032 2799 constiterint,
3074 2738 3361 2806 juvencatn

1830 2833 1987 2886 boum
2005 2833 2193 2886 merito
2214 2834 2461 2902 appellat,
2484 2833 2679 2902 quippe
2701 2831 2791 2900 qui
2812 2830 3180 2899 perfectiorum
3201 2829 3362 2883 boum

1829 2921 1967 2976 fetus
2000 2923 2127 2986 sint,
2160 2922 2463 2990 cujusiuodi
2509 2922 2622 2989 ipse
2674 2919 2773 2973 fuit
2815 2920 3122 2988 Apostolus,
3162 2918 3253 2987 qui
3293 2917 3363 2973 de

1831 3010 2007 3079 seipse
2040 3019 2199 3081 atque
2247 3012 2313 3063 iis
2341 3011 2430 3078 qui
2475 3009 2634 3063 simili
2678 3009 2837 3061 modo
2863 3017 2921 3061 ut
2951 3008 3064 3077 ipse
3094 3008 3357 3070 laborant.

1832 3098 1903 3149 ita
1939 3099 2053 3150 ait:
2099 3116 2117 3148 ι
2158 3097 2406 3165 Nunquid
2441 3096 2507 3149 de
2552 3095 2721 3149 bobus
2751 3110 2879 3148 cura
2907 3103 2988 3148 est
3032 3094 3169 3148 Deo?
3199 3092 3360 3166 326

1829 3202 1894 3238 an
1927 3194 2140 3256 propter
2168 3202 2266 3240 nos
2289 3187 2507 3239 omnino
2535 3185 2665 3238 dicit
2689 3185 2767 3236 ’δτῖ
2800 3204 2817 3235 ι
2851 3185 2954 3238 erit
2978 3195 3151 3239 autem
3182 3187 3358 3241 omnis

1827 3290 2038 3343 quoque
2067 3276 2199 3329 ordo
2230 3290 2412 3329 eorum
2446 3275 2535 3344 qui
2565 3274 2818 3327 Ecclesiae
2846 3281 3102 3342 praesunt,
3135 3274 3357 3342 quibus—

1825 3381 1929 3434 que
1958 3366 2142 3419 arandi
2175 3374 2226 3417 et
2264 3365 2470 3417 colendi
2510 3364 2717 3416 animas
2748 3363 3020 3416 hominum
3048 3378 3174 3414 cura
3204 3377 3356 3415 nian-

1825 3453 1946 3506 data
1968 3461 2069 3516 est,
2084 3452 2325 3519 juvenea:
2352 3452 2508 3505 boum
2541 3452 2752 3505 nomine
2781 3451 3131 3520 signiﬁcatus,
3159 3452 3357 3519 quippe

1824 3542 1913 3610 qui
1955 3542 2369 3610 apostolicorum
2423 3542 2620 3594 rituum
2672 3556 2734 3593 ac
2789 3548 3174 3610 praeceptorum
3215 3539 3356 3594 fetus

1822 3631 2064 3695 exsistat,
2103 3630 2302 3698 quique
2328 3629 2487 3682 etiam
2518 3632 2571 3682 in
2599 3632 2790 3683 virtute
2817 3646 2984 3698 usque
3014 3630 3145 3682 adeo
3178 3628 3355 3681 incre-

1822 3726 2056 3773 mentum
2095 3727 2420 3788 accepturus
2459 3720 2677 3781 dicitur,
2710 3727 2767 3771 ut
2793 3735 2858 3772 ex
2887 3720 3024 3772 fetus
3054 3716 3355 3786 multiplicio

1819 3813 1948 3868 tate,
1973 3815 2177 3860 tantum
2212 3807 2457 3877 genitalis
2492 3807 2876 3876 rationalisque
2926 3808 3079 3860 lactis
3109 3804 3351 3859 introdu-

1819 3897 2005 3949 ctoriis
2034 3898 2296 3950 doctrinis
2330 3899 2399 3950 sit
2445 3897 2787 3959 suffecturus,
2814 3907 2872 3950 ut
2914 3912 2979 3950 ex
3013 3911 3077 3951 eo
3107 3896 3352 3953 innume-

1819 3982 2014 4036 rabiles
2038 3982 2131 4036 alii
2159 3984 2427 4038 nutriendi
2457 3985 2582 4037 sint.
2612 3982 2777 4036 Porro
2806 3998 2926 4036 cum
2947 3981 3062 4035 haec
3091 3982 3157 4036 iis
3181 3985 3271 4051 qui
3293 3984 3349 4039 in

1819 4080 1961 4127 terra
1988 4074 2156 4128 relicti
2183 4073 2401 4136 fuerint,
2439 4074 2613 4128 futura
2651 4086 2764 4127 tum
2792 4082 2994 4135 essent,
3025 4074 3166 4128 aliud
3195 4075 3350 4143 quid-

1816 4163 1936 4215 dam
1968 4162 2021 4215 in
2052 4162 2138 4216 die
2158 4163 2266 4227 illa,
2300 4170 2537 4231 tempore
2571 4162 2815 4216 videlicet
2845 4162 3106 4219 adventus
3136 4161 3348 4214 Emma-

1815 4250 1961 4313 nuel,
1983 4259 2294 4305 eventurum
2320 4252 2577 4320 prazdicit.
2608 4250 2761 4315 Quod
2799 4258 2977 4303 autem
3011 4250 3145 4305 hoc?
3173 4268 3192 4301 ι
3222 4248 3351 4304 0m-

1814 4342 1918 4403 nis,
1958 4359 1976 4390 ι
2011 4340 2202 4409 inquit.
2238 4357 2258 4390 ι
2296 4341 2444 4395 locus
2475 4338 2682 4393 Judaiei
2723 4340 2925 4408 populi,
2958 4339 3011 4392 in
3043 4354 3151 4408 quo
3188 4344 3348 4392 erant

141 4433 395 4500 ἀκενθα
434 4448 576 4501 ἔσται
624 4448 774 4500 πᾶσα
811 4445 844 4513 ὴ
883 4443 973 4511 γῆ.
1016 4460 1036 4493 ι
1070 4442 1179 4494 Καὶ
1221 4440 1314 4493 θέα
1356 4457 1417 4507 γε
1447 4441 1543 4493 ὃσα
1575 4443 1629 4492 ὲν
1652 4443 1715 4508 τῇ
1748 4447 1776 4500 ῑ

1830 4430 1960 4486 mille
1984 4432 2119 4485 vites
2157 4446 2253 4500 pro
2282 4431 2425 4484 mille
2450 4432 2617 4491 siclis,
2645 4431 2695 4483 in
2728 4438 2923 4483 terram
2946 4430 3198 4482 incultam
3220 4429 3345 4491 erit,

135 4524 255 4589 ήιι
286 4536 477 4607 ἐρατοῦ
508 4533 867 4607 Ἐμμανουῆλ,
920 4532 1061 4598 λέγω
1124 4531 1177 4582 δὲ
1224 4532 1279 4582 ἐν
1331 4529 1406 4598 τῷ
1444 4531 1541 4598 τῆς
1574 4530 1704 4582 awa-

132 4611 351 4691 τολῆς
376 4627 534 4695 καιρῷ
586 4623 802 4693 λογικοῦ
845 4622 1037 4690 φωτὸς,
1081 4618 1171 4671 τοῦ
1212 4618 1296 4670 διὰ
1338 4618 1429 4670 τοῦ
1476 4619 1717 4688 Σωτῆρος

122 4699 347 4765 ἡμῶν
373 4718 440 4779 είς
468 4717 667 4777 πάντας
694 4711 1011 4784 ἀνθρώπους
1061 4707 1470 4776 ἐπιλάμψαντος,
1506 4708 1630 4777 περὶ
1660 4706 1718 4759 τὸ

132 4785 449 4857 Ἶσῆυδαίων
471 4806 614 4867 ἔθνος
643 4803 858 4856 ἔσεσθαι
900 4802 928 4852 ὁ
976 4798 1131 4865 λόγος
1172 4796 1425 4860 θεσπίζει,
1471 4798 1718 4867 δυνάμεις

111 4890 179 4926 τε
297 4893 630 4965 ἀκαθάρτους,
679 4893 772 4947 καὶ
820 4888 1117 4958 πολεμικάς
1160 4886 1255 4949 τὰς
1302 4889 1463 4941 πάλαι
1512 4889 1567 4939 ὲν
1610 4889 1719 4949 τοῖς

113 4965 388 5057 εΝσιν
418 4984 731 5057 ἐνεργούσας
761 4982 816 5034 ἐν
850 4997 909 5032 τε
942 4977 1196 5046 Αἰγύπτῳ
1226 4978 1317 5029 καὶ
1342 4980 1406 5047 τῇ
1435 4977 1582 5048 χώρᾳ
1612 4976 1718 5029 τῶν

139 5055 510 5145 ’μσσυρίωνέ
534 5075 598 5138 ἃς
624 5073 718 5126 τοῦ
762 5070 969 5141 Κυρίου
1011 5066 1339 5137 συρίσαντος,
1370 5069 1461 5119 καὶ
1485 5068 1719 5136 ὡσπερεὶ

174 5163 635 5234 προρμήσαντος,
676 5164 769 5215 καὶ⁸
807 5155 1345 5229 παρακελευσαμένου
1390 5156 1606 5218 αὐταῖς,
1651 5159 1715 5225 τῇ

189 5235 337 5313 χώρᾳ
371 5255 518 5323 φησὶν
566 5252 749 5305 αὐτῶν
796 5243 1201 5306 ἐπελεύσεσθαι,
1242 5243 1326 5295 διά
1366 5244 1424 5295 τὸ
1470 5245 1717 5297 τοιούτων

187 5320 338 5384 ἀξίαν
370 5320 664 5406 γεγονέναι
712 5338 807 5391 καὶ
860 5328 1265 5386 ἀναπαύσεσθαι
1301 5329 1395 5392 τάς
1434 5331 1717 5400 εἰρημένας

188 5406 422 5503 Eoum“
442 5430 598 5503 φησιν
630 5430 688 5480 ἐν
712 5423 977 5496 φάραγξι,
1009 5418 1105 5472 καὶ
1131 5419 1185 5469 ἐν
1205 5418 1461 5487 τρώγλαις
1488 5422 1712 5491 πετρῶν,

184 5497 344 5569 είςτε
377 5497 736 5589 dcimam,
795 5514 889 5566 καὶ
939 5512 1019 5571 εἰς
1069 5508 1240 5559 πᾶσαν
1270 5509 1472 5576 ραγάδα
1519 5512 1711 5576 αὐτῶν,

253 5670 292 5707 δ’
321 5691 475 5750 lCor.
515 5712 594 5756 ιιι,
626 5693 680 5746 2.
769 5692 813 5720 ⁸⁷
853 5684 1036 5739 lCor.
1073 5696 1144 5742 ix,
1182 5680 1230 5734 9.

1817 4530 1868 4572 et
1893 4520 1945 4572 in
1975 4521 2200 4589 spinam.
2233 4520 2364 4573 Nam
2385 4535 2504 4573 cum
2534 4520 2721 4590 sagitta
2753 4529 2802 4572 et
2833 4533 2959 4571 arcu
2985 4519 3346 4587 ingrcdieutur

1816 4610 1943 4661 illuc
1979 4610 2209 4677 (constat
2245 4626 2372 4665 vero
2401 4613 2499 4665 hoc
2526 4612 2629 4665 diei
2662 4610 2726 4664 de
2758 4610 3043 4677 hostibus),
3091 4610 3343 4676 quoniam

1814 4708 1955 4753 terra
2009 4701 2206 4754 inculta
2252 4710 2305 4755 et
2333 4703 2484 4771 spina
2507 4703 2608 4756 erit
2635 4703 2810 4754 omnis
2851 4709 3014 4752 terra.
3049 4718 3069 4749 ι
3105 4698 3166 4750 Ει
3216 4712 3344 4752 sane

1815 4796 1993 4857 specta
2024 4804 2181 4857 quam
2225 4792 2388 4843 multa
2419 4792 2472 4843 in
2514 4792 2601 4844 die
2642 4789 2971 4851 Emmanuel,
3013 4788 3135 4839 dico
3164 4795 3340 4840 autem

1815 4895 1919 4948 quo
1955 4886 2191 4947 tempore
2232 4881 2492 4935 rationale
2540 4880 2716 4932 lumen
2760 4887 2843 4931 est
2887 4878 3169 4934 oriturum.
3199 4875 3342 4943 quod

1816 4979 1909 5032 per
1940 4961 2265 5017 Salvatorem
2291 4973 2530 5018 nostrum
2561 4966 2613 5017 in
2649 4978 2833 5017 omnes
2876 4964 3116 5017 homines
3145 4964 3342 5017 emica-

1815 5053 1909 5117 bit,
1953 5050 2187 5107 Judaicae
2216 5054 2360 5122 genti
2400 5060 2653 5107 eventura
2699 5053 2974 5105 oraculum
3022 5060 3198 5105 canat.
3241 5051 3340 5105 ltu-

1816 5142 2040 5207 mundas
2067 5142 2206 5194 enim
2238 5132 2397 5209 atque
2425 5142 2648 5194 hostiles
2687 5147 2998 5207 potestates,
3032 5155 3148 5207 qua:
3169 5154 3342 5207 quon-

1815 5230 1935 5282 dam
1963 5232 2101 5284 inter
2135 5237 2319 5300 gentes
2351 5230 2636 5284 efﬁcaciam
2671 5230 3167 5283 suam'exercebaut
3199 5236 3252 5282 et
3287 5230 3341 5282 in

1816 5320 2067 5391 Egypto,
2103 5329 2155 5375 et
2182 5321 2235 5374 in
2288 5323 2503 5389 regione
2543 5318 2910 5387 Assyriorum,
2955 5315 3174 5370 Domino
3204 5317 3341 5370 sibi-

1814 5410 1958 5465 laute
1979 5418 2033 5465 et
2060 5411 2213 5480 quasi
2237 5411 2541 5481 impellente
2583 5417 2741 5478 atque
2769 5410 3086 5463 adhortante
3111 5420 3224 5468 eas,
3250 5422 3340 5459 re-

1814 5500 2022 5570 gionem
2053 5502 2290 5571 ipsorum
2326 5502 2606 5559 invasuras
2635 5501 2730 5565 ait,
2765 5508 3049 5568 propterea
3077 5495 3219 5566 quod
3254 5501 3342 5547 ta-
