3738 6270
128 390 218 446 Elii

993 389 1624 446 DEMONSTIHTIONIS
1648 391 2090 447 EV’ANGELICE
2130 394 2257 449 LIB.
2303 395 2414 452 VH.

3169 398 3272 455 εει

129 506 305 573 Ὥσπερ
353 500 406 554 δὲ
454 503 482 555 6
523 503 903 572 καταλειφθεὶς
950 500 1103 572 οὗτος
1151 509 1383 575 τοιοῦτος
1429 509 1643 563 ἔσεσθαι

1744 525 1772 562 a
1809 511 1961 566 nobis
2005 513 2057 565 in
2108 513 2340 566 secunda
2380 515 2711 584 expositione
2743 517 2917 570 omnis
2947 517 3272 586 apostolicus

127 589 505 660 προφητεύεται,
530 590 674 643 οὕτω
700 595 795 647 καὶ
822 596 920 664 τῆς
952 596 1129 666 χώρας
1156 598 1367 668 ἀπάσης
1391 597 1479 652 τοῦ
1519 598 1647 651 'lou-

125 682 262 734 δαίων
293 682 482 745 ἔθνους,
516 681 611 734 τοῦ
658 700 717 736 τε
760 686 1075 755 ἀμπελῶνος
1120 688 1295 742 αὐτῶν
1332 691 1412 752 εἰς
1460 689 1647 760 χέρσον

129 770 206 822 καὶ
252 770 471 823 ἄκανθαν
517 773 1012 844 μεταϐεϐλημένου,
1065 778 1157 830 καὶ
1193 777 1279 831 διὰ
1325 776 1496 832 ταῦτα
1538 780 1646 840 τοῖς

129 860 368 930 πολεμίοις
406 861 856 931 παραδεδομένου,
896 863 1125 934 ἔμπαλιν
1172 867 1236 921 ὲκ
1283 867 1504 937 θατέρου
1554 870 1647 938 μέ-

132 965 240 1018 ρους
279 950 374 1001 πᾶν
401 948 522 1018 ὅρος
566 950 964 1021 ἀροτριώμενον
1005 954 1480 1025 ἀροτριαθήσεσθαι
1520 973 1647 1026 προ-

130 1036 403 1105 φητεύεται.
429 1038 698 1108 Ἠγοῦμαι
720 1040 775 1092 δὲ
794 1041 889 1112 τὴν
913 1042 1004 1094 τοῦ
1031 1043 1272 1115 Σωτῆρος
1296 1044 1446 1114 ἡμῶν
1475 1044 1644 1115 Ἰησοῦ

129 1124 339 1195 Χριστοῦ
373 1127 690 1196 Ἐκκλησίαν
725 1128 895 1193 οὕτως
923 1131 1266 1197 αἰνίττεσθαι,
1296 1135 1422 1204 περὶ
1453 1129 1519 1203 ἦς
1556 1134 1646 1185 καὶ

128 1216 271 1277 αὐτός
301 1232 479 1285 φησιν·
515 1233 535 1266 t
571 1216 646 1269 Ού
702 1217 921 1272 δύναται
971 1220 1121 1283 πόλις
1164 1221 1422 1292 κρυϐῆναι
1468 1220 1646 1274 ὲπάνω

127 1303 265 1374 ὅρους
305 1303 532 1373 κειμένη.
575 1323 595 1355 ι
640 1305 716 1357 Τὸ
757 1306 865 1377 γὰρ
917 1308 1217 1378 ἐπηρμένον
1273 1308 1536 1380 μετέωρόν
1587 1325 1645 1360 τε

128 1392 209 1444 καὶ
232 1390 468 1458 terms;
497 1390 593 1443 τοῦ
625 1393 724 1462 τῆς
759 1393 1075 1464 Ἐκκλησίας
1120 1394 1496 1464 πολιτεύματος
1525 1395 1646 1466 ὅρος

127 1483 340 1555 ἠγοῦμαι
384 1484 464 1536 διά
508 1483 713 1536 τούτων
763 1484 1171 1556 ἀνηγορεῢσθαι.
1228 1484 1392 1537 Τοῦτο
1441 1486 1485 1538 δ’
1534 1482 1643 1549 οὖν,

128 1575 256 1643 φησι,
283 1575 343 1626 τὸ
368 1575 483 1644 ὅρος
517 1573 915 1644 ἅροτριώμενον
960 1576 1431 1645 ἀροτριαθήσεται·
1466 1575 1540 1638 ὡς
1574 1576 1645 1645 μὴ

128 1664 343 1717 ἐπελθεῖν
365 1667 474 1716 ἐκεῖ
496 1664 680 1732 φόϐον,
703 1663 836 1717 ἀλλά
863 1666 953 1717 καὶ
980 1668 1057 1727 εἰς
1079 1665 1323 1717 τοσοῦτον
1346 1666 1473 1719 αὐτὸ
1496 1683 1648 1735 μετα-

126 1753 374 1805 ϐαλεῖσθαι
403 1754 507 1806 άπὸ
531 1754 632 1823 τῆς
653 1754 921 1825 προτέρας
947 1754 1195 1824 ἐρημίας,
1222 1757 1311 1808 καὶ
1340 1755 1529 1825 χέρσου
1554 1758 1645 1807 καὶ

125 1842 370 1913 ἀκάνθης,
414 1843 485 1905 ὡς
537 1820 838 1911 ἐπιτήδειον
891 1820 1213 1912 καταστῆναι
1267 1820 1373 1907 εἰς-ν
1400 1820 1640 1913 βόσκημα
1675 1820 1717 1879 Β

124 1934 389 2002 προϐάτου,
419 1932 509 1984 καὶ
551 1930 921 2001 καταπάτημα
967 1929 1103 1999 βοός.
1151 1931 1257 1983 Καὶ
1313 1931 1536 2000 πάρεστί
1579 1948 1639 1998 γε

126 2022 523 2090 ἐπιλογίσασθαι,
552 2021 700 2082 ὅπως
741 2023 774 2091 ἡ
814 2019 905 2072 τοῦ
946 2019 1176 2091 Χριστοῦ
1217 2020 1519 2089 Ἐκκλησία,
1543 2022 1641 2073 πά-

125 2115 195 2166 λαι
238 2110 372 2165 οὖσα
418 2111 609 2181 χέρσος
645 2109 737 2161 καὶ⁵
777 2108 1004 2175 ἄκανθα,
1035 2110 1122 2162 διά
1162 2110 1258 2178 τῆς
1290 2093 1448 2162 αύτοῦ
1489 2112 1639 2180 χάρι-

125 2219 197 2265 τος
241 2206 315 2265 εἰς
360 2202 607 2254 τοσοῦτον
650 2201 816 2271 ῆλασε
864 2201 1174 2271 μεταϐολῆς,
1205 2201 1339 2255 ὥστε
1377 2204 1506 2254 πόαν
1550 2205 1641 2256 καὶ

129 2293 324 2362 βοτάνην
380 2291 591 2343 εὔθετον
632 2291 733 2359 τῆς
778 2289 997 2360 λογικῆς
1030 2291 1393 2361 καρποφορίας
1432 2293 1520 2343 ἐπὶ
1556 2310 1642 2344 το-

129 2382 285 2434 σοῦτον
318 2380 641 2450 βλαστῆσαι,
707 2378 780 2441 ὡς
827 2380 918 2431 καὶ
971 2380 1095 2440 τοὺς
1146 2379 1500 2449 προϐατώδεις
1551 2381 1642 2432 καὶ

128 2472 485 2536 ἁπλουστέρους
527 2467 818 2522 ἀπολαύειν
847 2469 1013 2539 αὐτῆς
1038 2468 1309 2531 δύνασθαι,
1343 2468 1462 2531 τούς
1501 2486 1557 2521 τε
1587 2472 1641 2521 ἐν

127 2561 214 2623 ἕξει
247 2560 542 2630 τελιιιοτέρᾳ⁴
578 2557 985 2628 προϐεϐηκότας
1038 2558 1199 2626 ἀροῦν
1250 2559 1341 2611 καὶ
1384 2562 1641 2627 γεωργεῖν

127 2651 283 2722 αὐτὴν,
308 2650 431 2719 βόας
470 2648 1053 2719 προσαγορευομένους,
1077 2647 1354 2718 ὼσπεροῦν
1385 2648 1475 2700 τὸν
1506 2648 1641 2700 θεῖον

137 2741 421 2793 ’Δπόστολον
449 2738 772 2792 παιδεύοντα
818 2739 1233 2808 παρεστήσαμεν
1261 2740 1317 2790 ἐν
1343 2739 1418 2808 τῷ
1449 2740 1607 2807 φάναι
1624 2756 1637 2769 °

132 2848 147 2878 ι
175 2832 253 2901 Μὴ
286 2830 392 2881 τῶν
421 2828 556 2897 βοῶν
596 2827 745 2896 μέλει
789 2825 867 2895 τῷ
895 2825 1048 2895 Θεῷ;
1084 2826 1116 2895 ἢ
1154 2826 1219 2878 δι’
1262 2827 1401 2895 ὑμᾶς
1432 2827 1643 2891 πάντως

126 2919 279 2986 Mysi;
304 2918 369 2972 δι’
403 2918 543 2987 ὑμᾶς
568 2915 679 2986 γὰρ
713 2915 947 2985 ἐγράφη,
983 2915 1061 2966 ὅτι
1096 2914 1294 2981 ὀφείλει
1324 2916 1351 2965 6
1382 2915 1643 2985 ἀροτριῶν

126 3010 194 3060 ἐπ’
220 3009 378 3061 ἐλπίδι
404 3008 682 3079 ἀροτριᾷν,
706 2991 800 3059 acati.
828 3007 856 3058 6
884 3004 1050 3057 ἀλοῶν
1072 3005 1154 3057 ἐπ’
1182 3005 1348 3058 ἐλπίδι
1377 3006 1468 3057 τοῦ
1522 3023 1644 3075 μετ-

127 3098 263 3167 έχειν.
298 3117 317 3149 ι
348 3098 531 3158 Οὕτως
568 3098 603 3166 ἡ
648 3095 814 3148 πάλαι
836 3093 1036 3164 ἕρημος
1077 3094 1169 3147 καὶ
1208 3094 1394 3164 χέρσος
1420 3093 1641 3163 μεταϐέ-

1665 3140 1713 3203 (3

1743 598 2123 666 discipulorum
2165 597 2456 655 Salvatoris
2486 605 2652 656 nostri
2684 602 2812 658 Jesu
2846 603 3045 658 Christi
3068 604 3271 658 chorus

1744 689 2141 741 demonstratus
2180 696 2263 740 est
2292 705 2304 739 :
2338 689 2430 741 sed
2464 690 2907 757 quemadmodum
2938 690 3026 745 hic
3066 691 3156 767 qui
3187 707 3274 746 re-

1746 777 1904 830 lictus
1947 777 2036 841 sit,
2072 778 2197 831 talis
2246 777 2457 833 futurus
2506 794 2571 832 ex
2624 780 2902 849 prOphetia
2947 781 3272 843 declaratur,

1745 862 1818 916 ita
1870 870 2152 933 postquam
2197 866 2446 919 universa
2493 863 2730 919 Iudaica:
2778 868 2950 936 gentis
3003 868 3168 937 regio,
3221 875 3274 922 et

1743 954 1893 1006 vinea
1917 953 2174 1022 ejusdem,
2203 956 2256 1008 in
2293 961 2489 1008 terram
2525 956 2779 1008 incultam
2807 965 2859 1009 et
2890 956 3094 1025 spinam
3126 971 3274 1010 com-

1746 1051 1950 1097 mutata
1982 1045 2160 1107 fuerit,
2191 1053 2243 1099 et
2266 1053 2546 1114 propterea
2570 1045 2814 1100 hostibus
2840 1046 3056 1111 tradita,
3082 1061 3273 1101 rursus

1743 1149 1807 1186 ex
1852 1135 2015 1188 altera
2059 1142 2210 1204 parte
2243 1135 2417 1188 omnis
2457 1150 2610 1189 mons
2660 1136 2751 1203 qui
2794 1143 2996 1197 aratur,
3043 1134 3273 1188 arandus

1744 1239 1862 1278 esse
1889 1225 1955 1277 ab
1982 1225 2164 1277 eadem
2192 1225 2467 1294 prophetia
2493 1224 2818 1293 praedicitur.
2847 1223 3007 1293 326
3031 1221 3275 1276 Arbitror

1743 1320 1919 1366 autem
1950 1312 2240 1369 Salvatoris
2272 1315 2441 1368 nostri
2480 1312 2605 1369 Jesu
2630 1311 2829 1367 Christi
2887 1311 3179 1366 Ecclesiam
3208 1328 3273 1367 eo

1745 1404 1904 1456 modo
1934 1404 2246 1473 signiﬁcari,
2272 1406 2337 1459 de
2375 1418 2477 1473 qua
2509 1404 2622 1473 ipse
2657 1404 2729 1455 ait
2763 1422 2774 1456 :
2815 1421 2833 1452 ι
2864 1402 2977 1456 Non
3004 1410 3180 1471 potest
3198 1404 3277 1457 ci-

1743 1494 1878 1547 vitas
1900 1494 2152 1549 abscondi
2185 1510 2344 1565 supra
2371 1502 2601 1547 montem
2626 1493 2795 1562 posita
2818 1494 2896 1559 ‘9;
2928 1512 2945 1544 ι
2971 1493 3113 1562 quod
3134 1494 3274 1547 enim

1744 1583 1797 1637 in
1822 1582 2056 1638 Ecclesia
2090 1585 2314 1652 publicis
2338 1584 2637 1637 actionibus
2661 1583 2853 1636 elatum
2882 1591 2935 1637 et
2972 1584 3198 1638 soblime
3221 1590 3275 1636 et

1746 1674 1810 1727 ad
1836 1689 2065 1743 superna
2091 1675 2315 1729 tendens
2348 1676 2436 1739 sit,
2470 1684 2699 1729 montem
2725 1674 2955 1727 arbitror
2986 1674 3070 1728 his
3102 1673 3277 1729 verbis

1745 1760 1999 1830 appellari
2030 1781 2041 1815 :
2070 1761 2212 1815 hunc
2248 1761 2406 1832 igitur
2428 1769 2679 1827 montem,
2706 1761 2795 1830 qui
2820 1768 3022 1824 aratur,
3064 1768 3274 1813 aratum

1744 1852 1807 1905 iri
1845 1853 1938 1913 ait,
1984 1852 2056 1905 ita
2090 1852 2302 1921 quidem
2345 1859 2401 1905 ut
2430 1852 2555 1906 illuc
2595 1859 2770 1905 terror
2807 1866 3124 1906 accessurus
3166 1865 3275 1905 non

1742 1944 1832 2003 sit,
1861 1943 1988 2010 quin
2018 1942 2195 2010 potius
2225 1957 2394 2009 usque
2418 1940 2557 1995 adeo
2595 1955 2624 1993 a
2657 1942 2835 2010 priore
2877 1938 3183 2001 solitudine,
3221 1948 3277 1993 et

1744 2037 1883 2080 terra
1912 2029 2111 2081 inculta
2135 2038 2184 2082 et
2209 2028 2361 2096 spina
2385 2027 2843 2090 commutandum,
2867 2034 2925 2079 ut
2950 2027 3174 2080 idoneus
3203 2025 3287 2079 fu-

1744 2126 1895 2170 turus
1924 2118 1994 2171 sit
2028 2119 2116 2186 qui
2143 2116 2331 2170 evadat
2370 2116 2423 2168 in
2457 2130 2653 2184 pascua
2686 2118 2801 2170 ovis
2836 2124 2888 2170 et
2915 2114 3274 2169 conculcatio-

1744 2222 1864 2261 nem
1916 2207 2088 2260 bovis.
2136 2206 2200 2258 Et
2251 2222 2380 2260 sane
2427 2206 2634 2258 ratione
2684 2206 2934 2275 colligere
2985 2190 3273 2274 possumus

1744 2293 2187 2361 quemadmodum
2207 2291 2404 2346 Christi
2427 2291 2686 2354 Ecclesia,
2712 2305 2829 2359 qua:
2847 2290 2973 2344 olim
2994 2299 3108 2344 erat
3134 2297 3275 2343 terra

1744 2382 1942 2435 inculta
1977 2390 2029 2435 et
2074 2381 2248 2449 spina,
2295 2381 2361 2433 ad
2414 2390 2613 2433 tantam
2660 2380 3128 2434 commutationem
3183 2393 3277 2449 per

1744 2470 1912 2539 ipsius
1967 2471 2187 2541 gratiam
2233 2472 2565 2539 pervenerit,
2622 2478 2678 2523 ut
2733 2470 2951 2523 herbam
3000 2470 3276 2523 rationalis

1745 2559 2036 2613 fertilitatis
2065 2567 2117 2613 et
2144 2558 2394 2627 pabulum
2426 2568 2779 2631 Opportunum
2801 2573 2969 2627 usque
3001 2558 3132 2612 adeo
3154 2573 3277 2627 pro.

1746 2648 1949 2711 tulerit,
1986 2656 2043 2702 ut
2078 2655 2131 2703 et
2162 2649 2352 2703 ovibus
2382 2648 2584 2702 similes
2607 2655 2658 2700 et
2698 2646 3050 2715 simpliciores
3079 2662 3139 2700 ea
3169 2646 3275 2701 frui

1743 2739 1971 2809 possint,
2015 2747 2068 2792 et
2096 2738 2188 2807 qui
2229 2738 2295 2792 ad
2326 2737 2565 2791 habitum
2615 2737 2985 2806 perfectiorem
3024 2752 3278 2806 pervene-

1745 2828 1870 2890 rint,
1908 2827 2000 2896 qui
2047 2827 2210 2881 boves
2243 2828 2594 2896 appellantur,
2635 2826 3069 2889 eamdent.,arare
3101 2833 3154 2877 et
3188 2840 3279 2878 co—

1745 2917 1872 2981 lere,
1906 2933 1969 2972 eo
2017 2932 2146 2973 sane
2188 2918 2346 2971 modo
2395 2932 2500 2986 quo
2537 2916 2774 2970 divinum
2823 2915 3129 2983 Apostolum
3181 2915 3277 2968 do-

1745 3015 1950 3062 centem
1997 3006 2349 3070 ostendimus,
2391 3007 2480 3059 ubi
2517 3006 2628 3059 ait:
2664 3023 2683 3055 ι
2714 3005 2963 3075 Nunquid
3007 3006 3072 3059 de
3106 3007 3277 3060 bobus

1746 3111 1874 3149 cura
1890 3102 1972 3150 est
1994 3094 2135 3148 Deo?
2154 3095 2234 3148 An
2265 3102 2483 3164 propter
2519 3111 2612 3148 vos
2638 3097 2857 3148 omnino
2885 3094 3030 3159 dicit,
3061 3103 3278 3165 propter

125 3186 264 3255 ϐληκε
294 3186 429 3240 κατά
452 3184 548 3254 τὴν
572 3184 667 3237 τοῦ
696 3182 930 3255 Χριστοῦ
960 3183 1273 3253 παρουσίαν,
1312 3182 1386 3244 ὡς
1417 3182 1507 3234 καὶ
1534 3185 1643 3243 τοῖς

1744 3200 1838 3238 vos
1868 3184 2009 3239 enim
2046 3185 2245 3253 scripta
2278 3191 2422 3245 sunt,
2457 3184 2708 3251 quoniam
2740 3184 2896 3237 debet
2925 3184 3015 3251 qui
3048 3191 3183 3245 arat,
3221 3184 3274 3236 in

123 3273 241 3329 οὕτω
276 3273 610 3344 νενοημένοις
670 3272 851 3343 βουσὶν
882 3271 959 3333 εἰς
992 3271 1088 3339 τὴν
1126 3269 1447 3338 κατάλληλον
1472 3287 1644 3339 γεωρ-

123 3365 226 3429 γίαν
268 3367 578 3437 ἐπιτηδείως
628 3364 791 3433 ἔχειν.
830 3361 1145 3429 Ἑπίστησον
1185 3358 1239 3411 δὲ
1289 3359 1407 3410 τίνα
1454 3359 1646 3428 τρόπον

124 3454 208 3507 ὑπὸ
234 3456 353 3526 μίαν
386 3459 479 3509 καὶ
508 3456 609 3526 τὴν
642 3453 814 3522 αὐτὴν
853 3450 1086 3504 διάνοιαν
1115 3448 1321 3516 γένεσις
1349 3448 1411 3499 ὲκ
1440 3446 1645 3517 Παρθέ-

122 3561 197 3598 νου
226 3546 632 3618 προφητεύεται,
665 3544 760 3596 καὶ
795 3540 932 3595 κατὰ
971 3540 1032 3591 τὸ
1067 3538 1191 3591 αὐτό
1236 3553 1394 3606 φησιν
1433 3538 1462 3589 6
1496 3537 1647 3603 λόγος

122 3630 203 3699 τὴν
235 3632 326 3701 μὲν
368 3633 532 3686 πάλαι
576 3628 921 3700 καρποφόρον
952 3626 1074 3695 γῆν,
1115 3624 1174 3677 τὸ
1207 3625 1331 3695 πρὶν
1363 3621 1520 3676 οὖσαν
1562 3642 1640 3692 χι-

121 3716 228 3773 λέων
269 3723 482 3786 σίκλων,
519 3723 601 3783 είς
638 3720 832 3789 χέρσον
876 3716 1089 3769 ἔσεσθαι
1144 3715 1236 3767 καὶ
1285 3717 1362 3777 εἰς
1392 3713 1644 3777 ἄκανθαν,

123 3813 278 3866 πᾶσάν
306 3830 365 3866 τε
398 3814 492 3884 τὴν
521 3814 627 3882 γῆν
665 3809 861 3871 αὐτῶν,
895 3808 980 3861 διὰ
1016 3807 1076 3859 τὸ
1108 3804 1354 3874 γενέσθαι
1386 3807 1463 3868 εἰς
1489 3804 1650 3857 ἅκαν-

121 3900 203 3953 θαν
223 3904 310 3957 καὶ
334 3904 412 3964 είς
433 3902 647 3973 χέρσον,
675 3895 1135 3969 παραδοθήσεσθαι
1161 3896 1270 3956 τοῖς
1303 3892 1435 3963 μετά
1469 3893 1649 3962 βέλους

121 3990 199 4041 καὶ
232 3991 553 4060 τοξεύματος
596 3986 1070 4056 εἰσελευσομένοις.
1110 3983 1419 4035 Τούναντίον
1449 3983 1504 4034 δὲ
1536 3982 1649 4033 πεί-

122 4079 285 4131 ςεσθαι
312 4082 420 4133 πᾶν
455 4080 609 4151 ὅρος*
643 4078 751 4131 ἀπὸ
781 4075 908 4144 γοῦν
935 4074 1032 4143 τῆς
1057 4072 1321 4144 προτέρας
1345 4071 1531 4142 χέρσου
1557 4070 1648 4124 καὶ

120 4163 333 4236 ἀκάνθης
377 4165 797 4238 μεταϐαλεῖσθαι
841 4166 921 4225 εἰς
961 4162 1205 4231 βόσκημα
1244 4161 1525 4230 προϐάτου,
1554 4159 1648 4213 καὶ

117 4257 466 4326 καταπάτημα
492 4256 632 4325 βοδς,
669 4254 808 4307 ὥστε
836 4251 964 4305 αὐτὸ
990 4250 1380 4323 ἀροτριώμενον
1406 4251 1649 4320 ἀροτρια-

120 4339 377 4410 θήσισθαι,
423 4346 516 4399 καὶ
564 4345 640 4415 μὴ
678 4340 1058 4396 ἐπελεύσεσθαι
1106 4341 1218 4392 ἐκεῖ
1261 4339 1436 4406 φόϐον.
1471 4340 1544 4391 Δι’
1575 4333 1649 4392 ὧν

1744 3290 1836 3342 spe
1880 3288 2051 3337 arare,
2085 3281 2137 3326 et
2180 3272 2269 3342 qui
2302 3273 2536 3334 triturat,
2579 3273 2633 3323 in
2674 3287 2768 3340 spe
2811 3272 3208 3339 participare”.
3251 3290 3270 3323 ο

1748 3362 1822 3414 Ita
1869 3377 1987 3430 qua:
2014 3362 2140 3415 olim
2170 3362 2383 3414 deserta
2436 3360 2743 3429 incultaque
2786 3366 2902 3412 erat
2945 3368 3110 3421 terra,
3157 3368 3276 3428 post

1723 3435 1948 3508 .Christi
1982 3454 2266 3507 adventum
2298 3458 2624 3504 commutata
2653 3459 2753 3511 est,
2783 3457 2839 3501 ut
2870 3464 3005 3519 quos
3032 3464 3095 3501 eo
3122 3450 3277 3502 modo

1744 3545 1908 3599 boves
1954 3543 2329 3601 intelleximus,
2363 3539 2430 3593 iis
2476 3537 2843 3592 convenientis
2873 3547 3111 3606 aptaeque
3135 3538 3277 3605 agri-

1745 3629 2026 3685 colationis
2081 3644 2239 3682 usum
2285 3627 2534 3681 idoneum
2580 3625 2830 3694 praebeat.
2881 3623 3106 3677 Attende
3151 3639 3276 3677 vero

1744 3735 1973 3790 quonam
2006 3718 2162 3771 modo
2195 3716 2295 3773 sub
2339 3730 2447 3769 uno
2481 3714 2773 3783 eodemque
2813 3728 2975 3767 sensu
3014 3722 3164 3767 ortus
3210 3712 3276 3768 de

1745 3810 1961 3881 Virgine
1997 3810 2207 3863 canitur
2241 3827 2253 3861 :
2289 3815 2342 3861 et
2373 3807 2592 3877 pariter,
2617 3806 2807 3874 inquit.
2840 3804 3134 3867 oraculum,
3158 3820 3276 3874 qua:
3348 3802 3351 3805 λ

1744 3900 1869 3955 olim
1902 3898 2091 3952 fertilis
2112 3905 2252 3958 terra
2281 3905 2334 3951 et
2364 3911 2481 3965 quae
2512 3896 2662 3963 prius
2687 3896 2829 3949 inille
2856 3894 3107 3948 siclorum
3137 3902 3272 3955 erat,

1745 3990 1799 4043 in
1848 3997 2042 4042 terram
2096 3988 2348 4041 incultam
2395 3988 2516 4050 erit,
2547 3996 2599 4039 et
2645 3985 2697 4037 in
2731 3986 2960 4053 spinam,
2997 3984 3275 4052 omnisque

1745 4091 1927 4130 eorum
1959 4084 2119 4137 terra,
2161 4082 2441 4143 prepterea
2491 4073 2633 4143 quod
2666 4071 2841 4125 futura
2869 4077 2935 4125 sit
2982 4073 3033 4126 in
3066 4074 3273 4142 Spiuam

1745 4170 1797 4215 et
1824 4168 2017 4215 terram
2043 4162 2317 4225 incultam,
2355 4160 2594 4213 tradetur
2637 4160 2702 4213 iis
2731 4160 2821 4228 qui
2850 4174 2968 4211 cum
3001 4163 3189 4228 sagitta
3222 4168 3275 4212 et

1748 4263 1875 4302 arcu
1930 4249 2205 4302 accedent.
2254 4248 2595 4302 Contrarium
2643 4264 2768 4303 vero
2820 4250 3051 4317 patietur
3098 4250 3273 4304 omnis

1745 4353 1901 4393 mons
1931 4356 1944 4392 :
1977 4352 2098 4391 nam
2129 4351 2157 4389 a
2196 4337 2375 4407 priore
2414 4339 2615 4391 inculta
2643 4346 2784 4391 terra
2813 4350 2864 4391 et
2898 4339 3052 4406 spina
3100 4346 3273 4391 mnta-

118 4430 285 4496 σαφῶς
311 4430 553 4501 ⁴ἠγοῦμαι
579 4426 934 4499 σημαίνεσθαι
959 4426 1057 4495 τὴν
1094 4423 1184 4476 τοῦ
1228 4423 1471 4493 Σωτῆρος
1496 4421 1648 4492 ἡμῶν

1750 4428 1893 4481 bitur
1921 4428 1975 4481 in
2021 4442 2217 4496 pascua
2248 4427 2364 4482 ovis
2389 4436 2441 4481 et
2472 4427 2928 4480 conculcationcm
2958 4427 3139 4492 bovis;
3170 4427 3272 4479 ita-

116 4516 173 4571 ὲκ
194 4520 463 4591 Παρθένου
495 4521 730 4589 γένεσιν,
760 4518 853 4570 καὶ
886 4515 951 4568 τά
998 4513 1130 4584 μετά
1166 4512 1363 4582 ταύτην
1392 4510 1524 4580 ὁμοῦ
1557 4512 1648 4563 καὶ

116 4606 305 4679 ἀθρόως
335 4610 609 4672 Ἰουδαίοις
627 4624 688 4660 τε
710 4605 805 4659 καὶ⁸
831 4607 941 4666 τοῖς
963 4604 1163 4664 λοιποῖς
1184 4601 1355 4654 ἔθνεσι
1380 4599 1647 4669 συμϐεϐη-

117 4695 234 4750 κότα
248 4715 262 4728 ·
289 4699 390 4770 τὴν
420 4698 549 4767 γοῦν
579 4695 852 4766 ἑκατέρων
888 4694 995 4745 τῶν
1025 4691 1310 4760 ταγμάτων
1331 4690 1409 4750 είς
1436 4689 1648 4741 τούναν-

118 4786 214 4839 τίον
231 4790 545 4859 μεταϐολὴν,
560 4789 669 4841 τῶν
691 4786 787 4856 μὲν
806 4784 905 4855 τὴν
925 4783 1030 4836 ἀπὸ
1042 4781 1149 4834 τῶν
1162 4779 1474 4849 κρειττόνων
1488 4779 1578 4830 ἐπὶ
1589 4776 1650 4830 τδ

119 4877 296 4944 χεῖρον,
317 4877 419 4945 τῆς
437 4875 492 4927 δὲ
511 4874 572 4938 ἐξ
594 4873 762 4926 ἐθνῶν
794 4868 1114 4939 Ἐκκλησίας
1132 4866 1229 4934 τὴν
1250 4865 1353 4917 ἀπὸ
1373 4865 1469 4934 τῆς
1486 4864 1649 4917 πάλαι

122 4963 331 5034 ἐρημίαις
366 4966 462 5018 ἐπὶ
493 4965 592 5036 τὴν
616 4962 759 5016 κατά
783 4961 912 5014 Θεὸν
944 4954 1331 5029 καρποφορίαν,
1353 4954 1509 5022 άπερ,
1530 4954 1649 5008 καθ’

124 5052 206 5104 ινα
220 5056 310 5106 καὶ
332 5055 426 5108 τὸν
453 5055 612 5107 αὑτὸν
636 5050 826 5123 καιρὸν
847 5048 948 5118 τῆς
969 5048 1062 5100 τοῦ
1104 5042 1439 5113 Ἐμμανουὴλ
1460 5043 1651 5109 ἐπιφα-

125 5138 253 5203 νείας
270 5139 774 5213 ὲπιτελεσθήσεσθαι
800 5132 1262 5207 προφητευθέντα,
1279 5129 1393 5189 ταῖς
1414 5130 1650 5199 προῤῥή-

128 5245 257 5285 σεσιν
282 5232 583 5294 ἀκολούθως
605 5230 707 5283 οὐκ
727 5227 933 5289 ἄλλοτε,
956 5225 989 5294 ἢ
1019 5220 1155 5293 μετὰ
1172 5218 1270 5286 τὴν
1292 5218 1381 5269 τοῦ
1408 5219 1649 5290 Σωτῆρος

129 5321 266 5388 ἡμῶν
291 5321 585 5393 παρουσίαν
607 5317 758 5378 τέλος
785 5314 1037 5384 εἰληφότα
1054 5308 1340 5367 δείκνυται,
1363 5305 1449 5357 διά
1461 5323 1519 5359 τε
1544 5310 1648 5364 τῶν

134 5408 362 5476 ἐμφανῶς
391 5408 698 5480 εἰρημένων
724 5404 861 5457 κατά
892 5396 1170 5455 Ἰουδαίους
1198 5396 1541 5464 πραγμάτων,
1559 5401 1646 5452 καὶ

136 5493 558 5569 eamagema;
581 5482 1381 5560 Ἐκκλησιας.Ε1ριιὲνγᾲρ-κατά
1396 5485 1485 5561 δὴ»
1508 5506 1646 5560 κπαρ-

219 5678 260 5713 δ’
287 5675 465 5730 Matth.
497 5691 551 5738 ν,
580 5670 674 5723 M.
741 5669 782 5700 “
805 5667 825 5719 Ι
845 5666 955 5720 Cor
1010 5677 1083 5724 ix,
1113 5659 1165 5722 9,
1195 5659 1276 5714 lO.

1745 4532 1849 4588 que
1876 4518 1989 4585 ipse
2011 4517 2101 4585 qui
2136 4524 2320 4569 aratur
2344 4516 2603 4579 arabitur,
2637 4531 2808 4584 neque
2830 4516 2955 4568 illuc
2977 4523 3147 4568 terror
3177 4515 3271 4567 ad-

1745 4604 1939 4659 veniet.
1961 4603 2164 4669 Quibus
2186 4605 2363 4659 verbis
2387 4606 2544 4674 plane
2570 4604 2798 4657 arbitror
2829 4602 3125 4673 signiﬁcare
3153 4602 3270 4654 Sal-

1746 4695 1947 4749 vatoris
1979 4695 2148 4748 nostri
2174 4702 2350 4747 ortum
2385 4695 2451 4748 de
2474 4692 2708 4761 Virgine,
2739 4699 2791 4746 et
2813 4706 2929 4760 quae
2962 4698 3081 4759 post
3122 4692 3270 4744 illum

1748 4784 1907 4843 simul
1932 4792 2090 4851 atque
2119 4785 2426 4849 acervatim,
2454 4792 2506 4837 et
2526 4782 2721 4836 Judaris
2749 4792 2800 4836 et
2838 4780 3055 4850 reliquis
3100 4781 3271 4851 genti-

1738 4870 1846 4929 bus
1901 4879 2155 4926 eventura
2214 4880 2367 4926 erant
2414 4891 2427 4925 :
2476 4872 2737 4940 siquidem
2799 4873 3076 4941 utriusque
3124 4873 3272 4927 ordi-

1746 4965 1831 5017 nis
1871 4964 2211 5015 mutationem
2258 4961 2314 5013 in
2358 4961 2681 5014 contrarium
2738 4962 3011 5030 prophetia
3052 4962 3269 5017 demon»

1749 5059 1902 5114 strat,
1946 5048 2182 5103 Iudaicae
2214 5049 2426 5117 quidem
2472 5049 2643 5118 gentis
2676 5063 2705 5100 a
2735 5051 2951 5104 meliore
2993 5051 3046 5104 in
3085 5053 3269 5121 pejus,

1748 5143 1979 5197 collecta:
2025 5146 2200 5194 autem
2260 5138 2327 5193 de
2374 5140 2619 5208 gentibus
2674 5138 2960 5202 Ecclesiaz,
3012 5154 3043 5192 a
3094 5142 3275 5210 priore

1748 5233 2026 5289 sterilitate
2078 5244 2142 5284 ac
2198 5229 2524 5294 solitudine,
2584 5230 2635 5282 in
2695 5229 3020 5283 fertilitatem
3072 5246 3270 5284 secun-

1748 5322 1873 5377 dum
1927 5319 2122 5385 Deum;
2162 5332 2280 5386 qua:
2329 5316 2541 5387 quidem
2573 5316 2698 5370 dum
2752 5319 2853 5371 sub
2897 5333 3060 5370 unum
3111 5317 3268 5386 327

1747 5419 1801 5467 et
1858 5410 1997 5464 idem
2033 5415 2241 5476 tempus
2282 5423 2388 5475 quo
2439 5405 2747 5461 Emmanuel
2798 5406 3040 5459 adveniet
3090 5408 3265 5458 absol-

1747 5503 1919 5560 venda
1963 5508 2247 5563 canuntur,
2284 5498 2486 5555 oraculi
2535 5498 2805 5553 veritatem
2856 5504 3076 5552 eventus
3120 5510 3265 5549 com-
