3738 6280
792 359 894 416 515

789 486 885 545 pro

792 541 887 615 stri
918 555 1221 611 adventum,
1254 547 1409 600 tinem
1436 546 1708 614 accepisse
1734 543 2189 600 demonstrantur,
2207 541 2320 584 tum

792 663 854 701 e-x
888 646 953 698 iis
982 641 1138 694 rebus
1165 651 1284 703 quae
1309 638 1465 705 plane
1502 635 1567 689 de
1597 632 1795 686 Judreis
1848 630 2004 683 dicta:
2031 632 2178 683 sunt,
2209 630 2322 673 tum

794 752 857 791 ex
887 736 997 802 ipsa
1030 744 1147 797 quze
1177 727 1242 779 de
1271 726 1514 794 gentibus
1540 724 1760 777 collecta
1795 730 1877 775 est
1913 717 2167 771 Ecclesia.
2193 713 2321 765 Nam

794 826 838 877 si
864 829 978 890 post
998 818 1280 870 adventum
1309 813 1603 866 Salvatoris
1641 811 1834 871 nostri,
1861 808 2051 875 ipsius,
2083 806 2323 871 inquam,
2357 816 2359 819 ·

793 910 920 963 Jesu
941 896 1157 965 Christi,
1189 916 1411 970 regnum
1461 915 1521 951 ac
1557 897 1886 966 principatus
1931 894 2070 962 apud
2115 891 2326 944 Judazos

794 1008 847 1053 et
874 996 1011 1066 apud
1035 994 1391 1047 Damascenos
1412 1003 1530 1042 esse
1553 1003 1657 1040 non
1689 985 1969 1048 desiisset;
1993 991 2045 1037 et
2069 981 2175 1036 nisi
2206 990 2329 1034 ante

797 1088 982 1141 oculos
998 1091 1231 1141 nostros,
1262 1081 1418 1133 nobis
1464 1079 1593 1147 ipsis
1642 1077 1836 1129 intueri
1870 1076 2051 1127 liceret
2089 1073 2330 1125 relictam

801 1176 868 1228 ab
886 1176 1225 1233 illistcrram,
1257 1180 1308 1223 et
1337 1170 1402 1222 ab
1435 1168 1668 1223 externis
1698 1182 1759 1219 ac
1782 1166 2190 1220 simulacrorum
2217 1161 2331 1215 cul-

803 1265 1027 1317 tricibus
1056 1262 1361 1315 nationibus
1390 1260 1678 1312 habitatam
1704 1274 1719 1322 ;
1761 1264 2034 1325 praeterea,
2071 1253 2115 1307 si
2141 1268 2247 1305 non
2279 1252 2331 1303 in

802 1363 997 1407 terram
1032 1353 1281 1405 incultam
1305 1359 1357 1403 et
1386 1350 1614 1417 spinam,
1647 1361 1804 1399 omne
1825 1346 2183 1414 quodcunque
2204 1342 2333 1395 olim

805 1442 1318 1500 venerabilissimum
1352 1439 1490 1492 sacri
1519 1437 1655 1506 apud
1698 1437 1817 1489 illos
1856 1434 2143 1489 sanctuarii
2169 1432 2334 1485 decus

808 1534 1124 1592 habebatur,
1157 1534 1539 1583 commutatum
1574 1532 1735 1585 esset,
1776 1531 1827 1577 et
1866 1523 1971 1577 nisi
1999 1523 2232 1575 cultores
2262 1519 2337 1571 si-

810 1624 1163 1677 mulacrorum
1198 1659 1212 1683 ,
1265 1617 1610 1685 impurissimi
1681 1615 1923 1667 homines
1956 1653 1970 1678 ,
2020 1613 2336 1678 illorumque

809 1714 991 1767 hostes
1020 1725 1138 1764 cum
1171 1710 1361 1778 sagitta
1413 1713 1467 1760 et
1520 1720 1647 1758 arcu
1683 1704 2013 1765 invadentes,
2046 1709 2097 1755 et
2130 1701 2195 1753 ab
2220 1701 2338 1768 ipso

812 1803 1033 1855 Domino
1083 1799 1292 1868 impulsi
1318 1797 1384 1850 ab
1409 1795 1642 1849 externis
1685 1793 1990 1862 regionibus
2046 1791 2333 1853 venissent,

811 1903 863 1946 et
895 1892 947 1944 in
978 1891 1212 1959 ipsorum
1244 1888 1401 1940 terris
1432 1885 1778 1954 quievissent,
1822 1896 2140 1949 omnemque
2162 1882 2336 1932 locum

812 1993 1127 2047 onmemque
1152 1977 1417 2030 civitatem
1461 1976 1697 2043 ipsorum
1730 1979 2080 2040 occupassent
2106 1988 2117 2022 :
2143 1978 2193 2023 et
2219 1984 2339 2021 rure

814 2086 928 2134 sus,
963 2069 1063 2122 nisi
1097 2076 1288 2120 aterra
1343 2066 1544 2118 inculta
1588 2072 1641 2117 et
1682 2063 1857 2132 spina,
1911 2068 1964 2112 et
2017 2060 2083 2112 ab
2134 2074 2194 2113 ea
2224 2073 2340 2127 qua}

815 2159 965 2228 prius
993 2163 1108 2209 erat
1130 2152 1338 2208 colendi
1364 2150 1705 2220 negligentia,
1745 2163 1837 2217 per
1859 2140 2151 2199 Salvatoris
2173 2143 2340 2197 nostri

814 2245 1109 2301 doctrinam
1129 2248 1462 2295 commutatae
1493 2254 1679 2293 omnes
1703 2276 1716 2298 ,
1742 2249 2071 2305 quaecunque
2095 2234 2146 2285 in
2170 2232 2342 2300 ipsum

817 2334 1175 2395 crediderunt,
1208 2338 1413 2400 gentes,
1440 2328 1740 2396 religiosam
1786 2332 1838 2377 et
1863 2322 2154 2378 secundum
2178 2321 2343 2374 Deum

818 2422 1128 2477 rationalem
1163 2419 1486 2473 fertilitatem
1530 2416 1842 2482 cultumque
1890 2408 2345 2478 accepissent;ad

817 2512 952 2574 haec,
975 2510 1078 2564 nisi
1106 2508 1277 2562 oculis
1305 2505 1576 2559 Christum
1613 2501 1943 2567 intuiti,non
1968 2497 2342 2558 credidissent,

821 2610 874 2655 et
902 2603 1003 2655 nisi
1035 2600 1311 2653 docentem
1334 2595 1696 2656 audivissent,’
1725 2592 2073 2657 auditumque
2113 2587 2346 2654 respuis-

823 2690 1149 2757 sent,etnisi
1182 2688 1379 2755 reliqua
1411 2700 1529 2753 quae
1572 2684 1624 2735 in
1649 2681 1831 2735 eadem
1882 2677 2157 2747 prophetia
2178 2675 2348 2729 ecnti-

826 2792 1035 2842 nentur,
1070 2786 1183 2847 post
1219 2786 1452 2842 tempora
1484 2772 1608 2826 Jesu
1630 2770 1919 2823 Salvatoris
1949 2766 2119 2820 nostri
2146 2765 2347 2818 exitum

827 2871 1011 2923 sortita
1041 2862 1620 2924 esse'ostenderentur,
1654 2873 1782 2913 sane
1811 2872 1914 2910 non
1936 2856 2051 2924 ipse.
2082 2861 2222 2907 esset
2257 2854 2352 2905 ha-

829 2958 1062 3019 bendus,
1103 2970 1258 3025 quem
1290 2952 1558 3021 prophetm
1604 2947 1923 3016 intelligunt.
1959 2943 2060 2998 Sed
2090 2943 2132 2998 si
2158 2943 2348 3005 cuivis,

829 3050 911 3103 vel
938 3064 1096 3108 caeco,
1142 3054 1200 3100 ut
1243 3045 1413 3105 aiunt,
1453 3043 1733 3110 perspicua
1789 3037 2125 3092 oraculorum
2166 3042 2353 3087 eventa

830 3138 1116 3196 exsistunt,
1149 3150 1265 3202 qua:
1313 3131 1523 3200 quidem
1555 3144 1658 3181 non
1701 3127 1834 3180 alias
1879 3139 2036 3193 quam
2080 3129 2200 3192 post
2222 3129 2357 3175 tem-

832 3241 959 3295 pora
989 3227 1247 3279 adventus
1305 3225 1448 3276 illius
1482 3220 1742 3288 completa
1796 3224 1939 3276 sunt,
1975 3214 2099 3283 quid
2131 3213 2358 3281 amplius

831 3333 966 3387 opus
988 3328 1069 3371 est
1092 3318 1157 3372 de
1199 3317 1342 3369 illius
1375 3322 1496 3367 ortu
1524 3327 1588 3364 ex
1617 3308 1834 3376 Virgine
1861 3306 2125 3366 dubitare,
2153 3318 2215 3355 ac
2254 3317 2358 3355 non

834 3409 1009 3478 potius
1056 3408 1285 3475 benigna
1333 3403 1561 3474 quadam
1591 3397 2001 3452 ratiocinatione
2039 3410 2103 3448 ex
2135 3394 2200 3447 iis
2243 3407 2373 3460 qua;

836 3496 1009 3549 adhuc
1034 3503 1350 3553 cernuntur,
1394 3505 1570 3546 rerum
1615 3501 1825 3556 quoque
1855 3485 2089 3552 ipsarum
2120 3482 2270 3534 initio
2301 3479 2361 3532 li-

835 3586 953 3639 dem
990 3582 1198 3636 facere?
1221 3581 1342 3633 Haec
1368 3594 1495 3633 vero
1524 3579 1636 3644 ipsa
1691 3590 1808 3643 qua:
1845 3573 2017 3626 adhuc
2047 3577 2359 3631 cernuntur,

839 3687 955 3741 qum
981 3671 1191 3725 tandem
1217 3679 1370 3729 sunt,
1403 3667 1505 3719 nisi
1533 3663 1836 3716 Judteorum
1867 3662 1918 3714 in
1949 3659 2093 3712 illum
2113 3656 2365 3710 heredu-

840 3763 963 3814 litas
995 3758 1133 3827 (quae
1161 3757 1471 3825 planissime
1519 3752 1812 3807 secundum
1864 3750 2036 3817 ipsum
2089 3746 2362 3799 oraculum

842 3848 1161 3916 completur,
1194 3846 1332 3913 quod
1385 3845 1492 3897 ait:
1531 3864 1549 3893 ι
1579 3842 1773 3895 Audittt
1818 3838 2043 3893 audietis
2068 3843 2121 3890 et
2148 3852 2252 3888 non
2280 3837 2363 3889 in-

846 3936 1113 4005 telligetis,
1136 3942 1185 3987 et
1215 3931 1854 3990 intuentesintuellimini,
1879 3939 1928 3983 et
1961 3945 2069 3982 non
2088 3926 2361 3980 videbitis:

844 4039 1087 4081 crassum
1142 4022 1282 4079 enim
1332 4022 1524 4075 factum
1572 4030 1655 4074 est
1683 4036 1776 4074 cor
1826 4019 2003 4089 populi
2039 4017 2195 4085 hujus
2216 4016 2281 4082 ι),
2315 4020 2367 4068 et

847 4119 1017 4189 ipsius
1065 4112 1353 4168 Jerusalem
1384 4111 1611 4171 obsidio,
1642 4117 1697 4162 et
1722 4110 1888 4178 prisci
1908 4108 2051 4160 illius
2079 4101 2367 4159 sanctuarii

846 4216 1082 4263 extrema
1116 4201 1367 4265 solitudo,
1398 4210 1449 4254 et
1471 4206 1807 4254 externarum
1831 4198 2086 4267 gentium,
2121 4208 2238 4262 quae
2268 4191 2367 4245 sti-

849 4296 1032 4356 mulis,
1064 4292 1166 4345 boc
1215 4296 1297 4343 est
1324 4290 1685 4358 asperioribus
1712 4288 1968 4358 imperiis,
2005 4286 2150 4354 ipsos
2175 4284 2225 4334 in
2256 4295 2370 4333 ser-

1442 341 1700 399 EUSEBH
1733 333 2197 395 CIESARIENSIS
2235 330 2381 384 OPP.
2422 323 2677 379 PARS“.
2712 349 2780 360 —
2808 314 3339 373 APOLOGETICA.

887 465 1047 523 bavit.
1082 462 1196 514 Non
1220 458 1363 512 enim
1392 457 1525 509 alias
1552 469 1711 524 quam
1740 459 1862 522 post
1891 445 2187 503 Salvatoris
2214 457 2295 495 no-
2344 449 2363 501 ,Α

1893 445 2187 503 Salvatoris
2214 457 2295 495 no-
2344 449 2385 501 Λ
2415 440 2598 490 ουσίαν
2643 433 2736 487 τοῦ
2765 432 3003 500 ᾓυτῆρος
3019 427 3217 499 ἡμῶν,
3250 425 3369 476 αὐτ

2422 526 2567 589 στοῦ,
2599 525 2671 596 μὴ
2693 523 2957 576 πέπαυται
2986 514 3370 589 βασιλευομέπ

2421 616 2558 687 ἀρχὴ
2580 616 2671 667 καὶ
2693 614 2797 665 τῶν
2812 610 3087 672 Ἰουδαίων,
3109 608 3221 660 καὶ
3241 608 3298 659 εἰ
3323 624 3369 675 μ

2422 708 2515 759 νύν
2561 706 2840 775 θεωρεῖται
2871 698 3370 767 καταλελειμμέντ

2424 798 2510 849 ὑπ’
2530 795 2694 848 ἐθνῶν
2713 791 3016 860 ἀλλοφύλων
3038 790 3139 842 καὶ
3162 786 3370 839 εἰδωλε

2425 886 2516 937 καὶ
2540 884 2670 953 πρὸς
2698 881 2905 941 τούτοις
2932 882 2980 931 εί
3019 878 3091 949 μὴ
3119 877 3370 946 γέγονεκ

2428 975 2522 1027 θαν
2553 974 2695 1026 πᾶσα
2735 974 2768 1042 ἡ
2822 969 2986 1023 πάλαι
3020 966 3367 1037 σεμνοτάτη

2428 1061 2600 1115 αὐτῶν
2620 1061 2947 1129 ἁγιάσματος
2969 1058 3111 1127 ῶρα,
3139 1057 3254 1108 καὶ
3286 1057 3344 1106 εἰ

2431 1167 2612 1235 θαρτοι
2642 1164 2845 1234 ἄνδρες,
2876 1163 2929 1214 οἵ
2948 1179 3007 1214 τε
3041 1160 3329 1229 πολέμιοι
3364 1182 3370 1209 ι

2429 1256 2750 1324 τοξεύματος
2775 1253 3115 1315 ἐπελθόντες,
3142 1251 3252 1303 ὑπ’
3287 1251 3366 1303 αὖ

2431 1345 2751 1416 ορμηθέντες
2785 1345 2847 1396 ἐκ
2899 1343 2996 1412 τῆς
3043 1341 3370 1411 ἀλλοδαπῇ.

2435 1435 2591 1488 σαντὸ
2606 1452 2659 1487 τε
2686 1437 2739 1485 ὲν
2754 1435 2869 1494 ταῖς
2892 1431 3101 1501 χώραις
3127 1430 3335 1484 αὐτῶν

2432 1525 2527 1588 τὰς
2572 1524 2745 1585 πόλεις
2783 1521 2957 1574 αὐτῶν
3007 1520 3370 1589 ἱδιοποιησάλ

2439 1615 2511 1685 μὴ
2531 1614 2633 1667 ἀπὸ
2663 1614 2853 1683 χέρσου
2879 1612 2971 1663 καὶ
3002 1609 3276 1680 ἀκάνθης
3311 1611 3370 1661 τί

2437 1707 2532 1775 τῆς
2584 1704 2675 1756 τοῦ
2720 1704 2967 1773 Σωτῆρος
3015 1702 3194 1771 ἡμῶν
3252 1701 3370 1753 διδο

2442 1798 2609 1849 πάντα
2642 1794 2707 1846 τὰ
2747 1796 2824 1856 εἰς
2866 1794 3023 1847 αὐτὸν
3071 1809 3370 1845 πεπιστευ

2410 1889 2531 1940 ’καὶ
2567 1885 2704 1938 κατὰ
2742 1884 2870 1936 Θεὸν
2913 1881 3147 1951 λογικὴν
3186 1882 3370 1934 ἀπείλ

2442 1977 2530 2027 ὲπὶ
2554 1974 2774 2036 τούτοις,
2806 1975 2853 2025 εἰ
2888 1971 2959 2041 μὴ
2989 1970 3318 2041 ὀφθαλμοῖς
3350 1988 3370 2022 τ

2443 2067 2781 2127 ἐπίστευσαν,
2805 2064 2896 2116 καὶ
2926 2061 3300 2124 διδάσκοντος
3336 2064 3370 2114 ἀ

2445 2160 2696 2229 ήκουσαν,
2736 2156 2827 2207 καὶ
2870 2155 2916 2205 εί
2959 2152 3033 2223 μὴ
3074 2152 3151 2204 τὰ
3183 2152 3365 2205 λοιπὰ

2444 2244 2675 2312 γέστατα
2700 2241 2879 2303 τέλους
2909 2239 3152 2308 τυχόντα
3195 2240 3312 2291 ἀπὸ
3345 2257 3370 2291 τ

2447 2332 2690 2399 Σωτῆρος
2711 2328 2863 2399 ἡμῶν
2887 2328 3198 2392 δείκνυται,
3218 2330 3341 2381 ὀὐκ

2446 2421 2740 2489 τευόμενος.
2784 2419 2845 2469 Εί
2885 2418 2941 2470 δὲ
2977 2419 3078 2473 καὶ
3118 2419 3345 2489 τυφλῷ,

2447 2520 2614 2587 λόγων
2653 2518 3083 2588 ἀποτελέσματα,
3119 2522 3228 2573 οὐκ
3258 2521 3370 2574 ἆλλι

2449 2611 2544 2679 τῆς
2584 2609 2895 2675 ἐπιφανείας
2935 2609 3112 2661 αὑτοῦ
3150 2612 3370 2681 πεπληε

2450 2699 2541 2750 κα)⁸
2562 2697 2684 2767 περὶ
2708 2696 2805 2764 τῆς
2826 2698 2886 2748 ἐκ
2910 2698 3202 2767 Παρθένου
3226 2701 3370 2768 γενέι

2453 2786 2610 2856 ἔχειν,
2634 2785 2748 2855 οὐχ).
2775 2786 2830 2838 δὲ
2855 2786 3171 2856 εὐγνώμονι
3201 2788 3365 2855 λογισ

2452 2875 2731 2945 ὁρωμένων
2752 2875 2845 2927 καὶ
2864 2875 2962 2945 τὴν
2998 2877 3296 2947 καταρχὴν
3319 2879 3370 2929 τι

2457 2965 2608 3028 sliat;
2659 2964 2904 3036 ὁρώμενα
2950 2964 3013 3016 δὲ
3048 2968 3228 3019 εἰσέτι
3274 2967 3370 3020 νῦν

2468 3052 2723 3105 Ἰουδαίων
2751 3056 2829 3115 είς
2852 3053 3016 3106 αὐτὸν
3047 3056 3307 3118 ἀπιστία,
3336 3059 3370 3127 (ἐ

2457 3141 2587 3211 σμδν
2600 3139 2701 3209 πλη
2710 3156 2799 3210 ρου
2808 3139 2940 3209 μένη
2961 3141 3058 3192 τὸν
3081 3144 3370 3210 φάσκοντα

2454 3232 2512 3283 οὐ
2564 3230 2634 3301 μὴ
2685 3229 2892 3297 συνῆτε,
2927 3232 3025 3283 καὶ
3080 3231 3370 3300 βλέποντες

2458 3323 2625 3391 ἴδητε·
2661 3319 2932 3389 ἐπαχύνθη
2982 3323 3097 3392 γὰρ
3126 3326 3160 3392 ἡ
3199 3326 3369 3395 καρδίη

2456 3412 2547 3464 καὶ
2570 3413 2601 3480 ἡ
2639 3409 2915 3479 πολιορκία
2946 3411 3051 3480 τῆς
3078 3411 3370 3482 ’Ἱερουσαλ

2456 3503 2561 3553 τῶν
2589 3500 2915 3568 ἁγιὰσματος
2946 3501 2981 3570 ἡ
3018 3501 3297 3572 παντελὴς
3324 3506 3370 3573 ὲε

2459 3591 2632 3661 φύλων
2669 3589 2831 3642 ἐθνῶν
2855 3591 2949 3642 ἐπὶ
2978 3591 3082 3660 τῆς
3115 3591 3305 3663 χώρας
3330 3611 3369 3645 α

2460 3680 2691 3749 κέντρων
2720 3679 2933 3743 αὐτοὺς,
2958 3678 3108 3731 τοῦτ’
3145 3680 3265 3733 ἐστι
3291 3699 3370 3750 με’

2457 3786 2584 3830 των,
2610 3766 3120 3837 καταδουλουμένων
3136 3807 3152 3831 ,
3185 3768 3369 3839 (τοῦτο

2460 3856 2551 3908 καὶ
2581 3852 2836 3931 μελιττῶν
2857 3854 2925 3907 τὰ
2950 3856 3370 3925 παραδείγματα

2462 3945 2625 3997 ὲθνῶν
2657 3945 2763 3996 ἀπὸ
2791 3944 2886 4012 τῆς
2916 3946 3197 4017 προτέρας
3230 3949 3370 4017 ὲρημ

2460 4032 2724 4104 γεωργίαν
2777 4034 3083 4105 μεταδολή;
3114 4036 3300 4088 Ταῦτα
3332 4036 3370 4088 δέ

2466 4140 2599 4193 μενα
2624 4124 2704 4185 τίς
2718 4125 2813 4175 οὐκ
2843 4123 2909 4175 ἂν
2935 4108 3239 4196 ἐκπλαγείη
3275 4125 3370 4177 θαυ

2464 4213 2538 4273 ὡς
2564 4211 2770 4282 ἀληθῶς
2813 4213 3200 4284 ὁμολογήσειεν
3239 4215 3305 4268 ἂν
3336 4232 3365 4267 τ

2466 4302 2664 4357 ἄνωθεν
2692 4300 2795 4371 πρὸ
2836 4303 3027 4372 χιλίων
3071 4304 3209 4356 ὅλων
3227 4303 3363 4356 ἐτῶν

851 4387 1070 4439 vitutem
1104 4380 1365 4447 redigunt,
1395 4378 1447 4429 in
1473 4379 1709 4446 ipsorum
1738 4388 1881 4430 terra
1916 4374 2188 4433 habitatio,
2209 4370 2327 4439 321

1839 4392 1881 4429 'a
1916 4376 2188 4433 Ιιίὶιηιειιιοι
2209 4369 2373 4460 328,
2401 4401 2443 4455 D
2468 4401 2636 4455 ταῦτα
2676 4402 2767 4453 καὶ
2823 4402 3204 4472 μελετώμενα,
3256 4402 3315 4455 οὑ

853 4475 976 4545 (hoc
1029 4470 1169 4525 enim
1223 4466 1589 4534 significabant
1635 4482 1936 4522 muscarum
2002 4472 2156 4532 atque
2213 4473 2369 4526 apum

852 4559 1133 4630 exempla),
1161 4564 1212 4610 et
1234 4555 1460 4623 denique
1491 4554 1725 4622 ipsarum
1757 4557 1993 4624 gentium
2014 4567 2044 4604 a
2078 4550 2253 4619 priore
2287 4561 2374 4601 so-

856 4652 1075 4706 litudine
1103 4646 1168 4701 ad
1198 4645 1458 4698 culturam
1483 4643 1773 4697 secundum
1802 4644 1967 4698 Deum
2000 4636 2376 4695 commutatio?

856 4739 979 4794 llzee
1028 4738 1186 4808 igitur
1212 4747 1330 4803 quae
1368 4732 1538 4786 oculis
1567 4741 1879 4795 cernuntur,
1911 4732 2031 4801 quis
2059 4745 2165 4783 non
2205 4724 2375 4779 admi-

857 4836 1003 4883 retur
1020 4841 1177 4899 sitque
1191 4822 1550 4887 Obstupescat?
1576 4821 1707 4886 Quis
1757 4838 1915 4892 porro
1941 4837 2047 4875 non
2095 4830 2214 4873 vere
2244 4813 2379 4885 divi;

859 4931 984 4969 num
1035 4916 1259 4967 fateatur
1289 4910 1637 4962 vaticinium?
1690 4925 1811 4963 eum
1842 4910 2020 4963 audiat
2073 4912 2193 4959 ante
2238 4908 2377 4955 totos

863 5003 1003 5054 inille
1033 5016 1201 5054 annos
1253 4998 1392 5068 apud
1437 4998 1669 5066 majores
1715 4999 1827 5052 haec
1849 5000 1903 5050 in
1952 4998 2102 5050 libris
2145 4995 2378 5062 ipsorum

864 5088 1123 5140 contineri
1158 5096 1210 5142 et
1234 5088 1456 5151 versari,
1487 5082 1797 5156 quzetamen
1819 5103 1927 5141 non
1965 5088 2095 5139 alias
2128 5083 2191 5135 ad
2226 5081 2378 5132 ﬁnem

865 5175 1220 5242 pervenerint,
1249 5191 1405 5242 quam
1427 5185 1546 5245 post
1568 5175 1860 5231 Salvatoris
1881 5175 2047 5229 nostri
2068 5168 2383 5228 adventum?

869 5263 1017 5327 Quod
1047 5262 1093 5315 si
1125 5263 1449 5318 admirabilis
1490 5275 1572 5320 est
1619 5268 1912 5337 praedictio,
1938 5267 2168 5331 itemque
2216 5258 2385 5311 admi-

869 5351 1091 5403 rabilior
1149 5357 1202 5402 et
1253 5364 1412 5417 supra
1461 5366 1670 5410 omnem
1720 5358 1976 5412 rationem
2000 5354 2166 5424 ipsius
2197 5346 2385 5416 praedi-

872 5436 1069 5491 ctionis
1100 5445 1339 5499 eventus,
1367 5436 1494 5504 quid
1550 5445 1778 5513 amplius
1825 5445 2067 5500 dubitare
2109 5452 2243 5507 opus
2281 5442 2382 5498 est,

2469 4491 2697 4560 ἀχθέντα
2732 4490 2765 4560 ἢ
2798 4492 2937 4560 μετὰ
2972 4493 3073 4562 τὴν
3099 4493 3193 4546 τοῦ
3230 4492 3370 4544 Σωτῐ

2471 4582 2532 4634 Εἰ
2563 4582 2626 4651 δὴ
2646 4578 2737 4634 οὖν
2764 4580 3070 4652 θαυμάσιος
3096 4585 3129 4652 ἠ
3162 4583 3370 4653 πρόρρη

2471 4671 2622 4740 τέρα,
2655 4672 2747 4723 καὶ
2767 4673 2907 4744 ὑπὲρ
2938 4675 3116 4727 πάντα
3131 4673 3286 4738 λόγον
3310 4672 3340 4738 ὴ
3366 4690 3370 4703 ι

2476 4777 2576 4822 σις,
2599 4761 2651 4813 τί
2671 4760 2751 4812 δεῖ
2793 4764 3044 4815 ἀπιστεῖν
3082 4763 3129 4815 εί
3162 4762 3255 4814 καὶ⁵
3276 4763 3310 4829 ἡ
3354 4776 3370 4809 1

2478 4848 2633 4917 μένου
2668 4848 2903 4919 πάροδος
2933 4850 3233 4922 παράδοξον
3263 4846 3353 4900 καὶ

2477 4937 2633 5007 φύσιν
2671 4938 2768 5009 τὴν
2806 4942 2906 5011 τῆς
2951 4941 3213 5009 γενέσεως
3259 4952 3370 4990 κατι

2478 5040 2567 5092 καὶ
2596 5041 2629 5109 ἡ
2658 5038 2764 5093 τῶν
2808 5041 3012 5095 λοιπῶν
3045 5040 3332 5109 θαυμάτων

2476 5155 2581 5191 των
2608 5134 2760 5202 οὖσα,
2787 5141 2896 5193 ἀπὸ
2922 5141 3020 5210 τῆς
3054 5139 3313 5208 γενέσεως
3340 5151 3370 5186 α

2478 5237 2584 5290 τῶν
2619 5237 2786 5292 ἄλλων
2810 5240 2919 5292 τῶν
2958 5240 3079 5292 κατ’
3109 5237 3270 5290 αὐτὸν
3296 5248 3369 5302 πρ

2485 5340 2814 5410 μαρτυρίαν;
2858 5339 3017 5393 Ἀλλὰ
3056 5338 3163 5406 γὰρ
3186 5334 3370 5392 τούτοις

2486 5428 2732 5501 βόσκημα
2748 5431 3019 5501 προϐάτου
3042 5429 3134 5483 καὶ
3156 5422 3369 5477 καταπά

874 5532 1048 5579 utrmn
1092 5522 1295 5589 primus
1350 5524 1465 5592 ejus
1515 5526 1581 5581 de
1638 5547 1744 5599 quo
1785 5533 2054 5603 propheta:
2098 5528 2350 5593 loquuntu

1893 5533 2054 5603 pheta:
2098 5528 2389 5593 loquuntur
2484 5518 2703 5589 δευτέρα.
2746 5535 2831 5581 τις
2875 5517 3170 5589 πρόρρησις
3213 5524 3369 5575 συγγε

874 5624 1145 5675 accessus,
1194 5611 1559 5670 admirabilem
1609 5627 1661 5673 et
1701 5635 1860 5690 supra
1913 5635 2122 5678 omnem
2154 5613 2386 5671 hominis

2488 5612 2754 5685 ἀρχυμένη
2780 5613 2886 5667 ἀπὸ
2913 5609 3024 5674 τοῦ,
3060 5626 3078 5659 ι
3114 5603 3214 5658 Καὶ
3242 5599 3353 5653 εἷπε
