3738 6298
870 361 971 416 519

1537 357 1795 412 EUSEBII
1838 355 2305 414 CESARIENSIS
2343 355 2490 409 OPP.
2533 354 2708 410 PARS
2736 357 2816 411 ll.
2853 386 2921 395 —
2954 355 3013 410 Al

1873 355 2305 414 LESARIENSIS
2343 355 2490 409 OPP.
2533 354 2708 410 PARS
2736 357 2816 411 ll.
2853 386 2921 395 —
2954 354 3349 411 APOLOGETN

871 476 935 529 ιοῖι
970 476 1034 530 ad
1065 475 1280 530 verbum
1309 474 1520 543 quidem
1551 474 1605 528 in
1629 475 1817 530 diebus
1855 475 2033 529 Achaz
2061 473 2198 543 regis
2225 471 2347 525 Jud:

1873 475 2033 529 \chaz
2061 473 2198 543 regis
2225 471 2384 535 Juda,
2414 477 2458 531 Α
2486 471 2758 545 Αἰσθητῶς
2790 473 2886 542 μὲν
2926 469 3015 525 οῦν
3040 475 3098 525 ἐν
3139 475 3316 544 ἡμέρᾳ
3341 479 3349 493 '

868 574 921 617 et
949 564 1117 632 ipsius
1150 563 1417 633 propheta:
1446 563 1609 624 Isaiae,
1640 562 1746 616 duo
1781 578 1933 632 reges
1978 579 2042 616 ex
2073 563 2389 632 composito,

868 670 961 707 eos
982 655 1072 723 qui
1102 652 1536 709 successionibus
1569 651 1731 705 David
1761 653 2389 721 parebant,obsoderunt,

868 744 1007 798 sicut
1044 744 1199 798 etiam
1237 743 1382 811 prius
1419 749 1692 796 ostensum
1736 750 1838 807 est,
1895 743 2028 797 alter
2051 741 2266 811 quidem
2296 741 2393 794 Da-

866 833 1035 887 masci
1089 832 1320 902 gentium
1373 832 1656 885 simulacra
1705 831 2036 886 adorantium
2089 847 2202 894 rex,
2255 833 2390 886 alter

866 939 993 980 vero
1018 921 1251 978 Iudaicae
1280 921 1638 977 multitudinis
1678 923 1730 976 in
1755 938 1816 975 ea
1848 922 2145 976 Palaestinas
2174 922 2391 977 civitate

864 1030 983 1083 quae
1014 1022 1142 1068 tunc
1174 1014 1386 1081 quidem
1410 1014 1696 1066 vocabatur
1747 1012 2006 1072 Samaria,
2030 1026 2175 1065 nunc
2209 1019 2388 1065 autem

865 1120 895 1157 a
922 1103 1122 1158 nostris
1151 1103 1372 1158 Sebaste
1402 1104 1709 1156 nominatur
1736 1121 1748 1155 :
1780 1102 1936 1172 330
1960 1103 2024 1157 de
2041 1103 2235 1171 quibus
2250 1103 2388 1156 Deus

865 1193 1281 1263 perprophetam
1305 1194 1369 1247 ad
1400 1194 1577 1246 Acbaz
1606 1192 1737 1245 dixit
1767 1210 1780 1246 :
1821 1212 1838 1243 ι
1864 1192 1939 1248 Ne
1966 1193 2177 1251 timeas.
2213 1208 2388 1260 neque

864 1285 1039 1336 anima
1069 1291 1158 1336 tua
1184 1282 1430 1351 langueat
1459 1298 1487 1335 a
1510 1283 1716 1337 duobus
1754 1282 1929 1351 lignis,
1968 1296 1997 1333 a
2041 1282 2278 1336 torribus
2305 1281 2388 1334 bis

864 1366 1284 1436 fumigantibus;
1323 1386 1340 1417 ι
1390 1374 1581 1420 etcum
1637 1367 1905 1420 interitum
1953 1368 2187 1421 virorum
2251 1383 2384 1421 con-

862 1457 1014 1509 tinuo
1058 1472 1230 1523 neque
1252 1456 1420 1508 multo
1468 1464 1589 1525 post
1634 1456 1866 1511 futurum
1903 1456 2164 1520 dixisset,
2231 1457 2384 1511 dein-

861 1562 988 1615 ceps
1053 1556 1196 1600 canit
1255 1547 1696 1615 quemadmodum
1752 1548 1803 1601 in
1867 1548 2142 1602 nobiscum
2213 1549 2381 1602 futuri

863 1634 955 1687 Dei
1004 1643 1144 1697 ortu,
1200 1634 1411 1703 penitus
1475 1635 1748 1689 amborum
1793 1637 2155 1704 exstinguetur
2198 1645 2250 1690 et
2273 1638 2384 1690 dis-

863 1726 1095 1778 solvetur
1134 1740 1373 1793 regnum.
1430 1723 1769 1781 Ostendimus
1825 1734 1999 1780 autem
2051 1728 2118 1780 ab
2162 1728 2383 1782 historia

862 1816 1303 1885 quemadmodum
1326 1831 1495 1884 usque
1527 1815 1593 1868 ad
1649 1826 1881 1885 tempora
1905 1817 2164 1872 adventus
2197 1819 2383 1873 Salva-
2416 1796 2454 1849 Β

860 1907 994 1962 toris
1020 1908 1188 1962 nostri
1245 1906 1371 1961 Jesn
1395 1906 1615 1969 Christi,
1656 1915 1939 1976 utrumque
1976 1914 2028 1961 et
2079 1906 2379 1962 Judaeorum

859 2003 912 2047 et
941 1994 1387 2050 Damascenorum
1421 1997 1772 2064 permanserit
1810 2012 2049 2065 regnum.
2092 1995 2379 2066 Postquam

862 2100 985 2139 vero
1010 2086 1097 2140 ille
1112 2086 1177 2140 ad
1205 2101 1391 2141 omnes
1420 2086 1661 2140 homines
1684 2086 1915 2150 advenit,
1940 2088 2077 2141 sicut
2106 2089 2379 2141 oraculum

861 2174 1033 2245 ipsum
1057 2178 1396 2246 praedixerat,
1421 2177 1746 2241 defecerunt,
1780 2192 1886 2247 quo
1931 2186 2167 2248 tempore
2214 2180 2379 2248 impe-

859 2266 998 2319 rium
1023 2264 1381 2320 Romanorum
1402 2283 1507 2321 una
1528 2282 1646 2321 cum
1688 2268 1977 2324 Salvatoris
2016 2269 2188 2322 nostri
2211 2269 2381 2337 publi-

858 2357 1068 2410 catione
1099 2357 1320 2410 invaluit
1344 2371 1357 2408 :
1380 2365 1433 2411 et
1461 2357 1571 2409 haec
1602 2356 1667 2410 ad
1694 2359 1910 2412 verbum
1949 2373 2068 2410 cum
2098 2358 2382 2411 cecinisset

858 2445 1153 2506 oraculum,
1197 2445 1437 2499 transivit
1461 2444 1525 2497 ad
1554 2461 1766 2500 sensum
1808 2458 1859 2501 et
1886 2447 2301 2515 intelligentiam,
2328 2455 2381 2501 et

860 2536 926 2588 ad
983 2536 1332 2589 univerSalem
1380 2536 1599 2602 majoris
1629 2538 1847 2605 spiritus
1894 2537 1946 2591 in
1975 2538 2380 2606 contemplando

858 2621 1242 2688 expositionem
1268 2660 1283 2684 ,
1317 2632 1367 2675 et
1396 2636 1515 2673 cum
1546 2622 1680 2676 duos
1725 2622 1937 2677 ordines
1966 2624 2197 2678 hostium
2223 2632 2381 2692 atque

858 2710 1193 2762 inimicorum
1227 2709 1595 2772 invisibilium,
1645 2711 1744 2764 hoc
1785 2720 1868 2765 est
1897 2713 2154 2765 malorum
2184 2712 2379 2767 daemo-

857 2814 1009 2861 num,
1042 2798 1381 2860 instituisset,
1412 2799 1501 2866 qui
1524 2814 1679 2854 omne
1726 2800 1993 2853 hominum
2024 2818 2190 2870 genus
2220 2804 2379 2858 variis

857 2887 1029 2944 modis
1053 2895 1377 2956 Oppugnaut,
1406 2903 1566 2940 unum
1613 2889 1823 2956 quidem
1855 2905 2035 2943 eorum
2078 2892 2166 2959 qui
2203 2899 2254 2943 et
2284 2908 2379 2944 un-

812 2998 815 3001 ·
857 2978 1017 3046 dique
1046 2985 1098 3031 et
1120 2992 1325 3045 semper
1357 2977 1493 3029 inter
1513 2976 1752 3031 homines
1781 2979 1953 3033 cultus
1978 2979 2378 3032 simulacrorum

857 3075 909 3120 et
932 3066 986 3119 in
1010 3064 1350 3133 opinionibus
1400 3064 1563 3118 falsas
1615 3066 1903 3119 sententias
1930 3071 2184 3135 generant
2221 3073 2379 3134 atque

856 3156 1103 3222 eﬂiciunt,
1133 3156 1358 3209 alterum
1390 3171 1514 3210 vero
1564 3171 1748 3209 eorum
1778 3156 1869 3225 qui
1917 3158 1968 3209 in
2001 3158 2236 3211 moribus
2262 3159 2377 3210 ani-

857 3262 1062 3301 marum
1118 3244 1464 3314 perditionem
1530 3254 1687 3314 atque
1743 3246 2012 3300 interitum
2065 3246 2376 3309 moliuntur,

857 3352 1085 3409 cumque
1117 3339 1316 3392 erroris
1360 3338 1414 3390 in
1477 3337 1778 3391 simulacris
1831 3337 2067 3392 colendis
2095 3337 2377 3409 imaginem

858 3429 996 3484 ferre
1026 3428 1345 3482 ostendisset
1370 3443 1491 3481 eum
1520 3428 1610 3496 qui
1660 3427 1901 3480 Damasci
1928 3427 2232 3496 imperaret,
2266 3405 2393 3496 ejus.

855 3531 986 3570 vero
1016 3532 1109 3585 per
1134 3531 1289 3585 quem
1313 3516 1553 3570 homines
1580 3530 1609 3567 a
1638 3514 1952 3584 temperanti
1982 3530 2218 3584 saneque
2239 3515 2380 3567 victu

857 3608 1212 3669 deducuntur,
1268 3606 1486 3676 ﬁguram
1515 3620 1653 3668 esse,
1685 3621 1805 3658 eum
1834 3605 1924 3673 qui
1960 3604 2245 3659 Samarim:
2276 3620 2378 3658 non

856 3700 1006 3767 prius
1048 3699 1121 3752 ait
1168 3705 1361 3752 terram
1409 3697 1475 3750 ab
1526 3697 1673 3752 hisce
1729 3696 2049 3750 liberandam
2081 3696 2180 3765 (sic
2200 3696 2380 3765 utique

857 3803 1054 3842 vocans
1076 3788 1317 3841 homines
1347 3787 1399 3839 in
1438 3794 1580 3841 terra
1617 3786 1934 3855 habitantes)
1965 3801 2123 3856 quam
2159 3787 2212 3839 in
2240 3795 2379 3840 terra

857 3875 1221 3943 conspiciatur
1276 3873 1585 3929 Emmanuel
1640 3875 1819 3929 Deus:
1850 3877 1938 3929 ubi
1991 3884 2164 3929 autem
2204 3875 2291 3929 hic
2317 3876 2379 3929 il-

858 3964 1072 4025 luxerit,
1102 3973 1155 4017 et
1186 3964 1239 4016 in
1289 3964 1518 4019 hominis
1552 3965 1726 4018 anima
1758 3966 2080 4034 regnaverit,
2115 3966 2376 4018 neminem

857 4054 1079 4122 posthac
1099 4052 1494 4121 superfuturum
1520 4069 1702 4107 eorum
1721 4055 1810 4124 qui
1831 4061 1983 4106 antea
2010 4054 2180 4122 ipsum
2207 4054 2378 4121 possi-

856 4143 1071 4197 debant.
1106 4141 1195 4196 Sic
1227 4158 1357 4197 sane
1384 4143 1545 4197 etiam
1569 4143 1669 4197 hoc
1694 4143 1746 4197 in
1789 4143 1909 4197 loco
1938 4142 2137 4196 dictum
2168 4156 2286 4197 esse
2317 4142 2379 4195 il-

857 4234 969 4298 lud,
1019 4252 1038 4285 ι
1061 4234 1286 4302 accipiet
1324 4242 1635 4303 potestatem
1679 4232 1942 4294 Damasci,
1976 4240 2028 4286 et
2077 4233 2246 4301 spolia
2282 4230 2378 4285 Sa-

857 4325 1057 4387 marite,
1085 4343 1103 4375 ι
1134 4331 1315 4392 utpote
1343 4337 1462 4376 cum
1487 4321 1776 4376 Salvatoris
1799 4320 1969 4375 nostri
2017 4318 2144 4374 Jesu
2178 4319 2377 4374 Christi

2494 564 2585 613 καὶ
2611 562 2725 614 κατ’
2754 562 2912 613 αὐτὸν
2951 563 3170 614 Ἡσαΐαν
3191 564 3278 615 τὸν
3302 580 3350 631 π,

2496 650 2761 721 συνθήκης
2781 652 2901 712 τοὺς
2916 650 3018 702 ὑπὸ
3030 652 3142 711 τοῖς
3152 649 3350 719 διαδόχο

2494 740 2851 811 ὲπολιόρκουν,
2882 740 2958 800 ὡς
2985 740 3085 809 ήδη
3124 738 3350 809 πρότερο

2492 830 2586 899 τῆς
2617 828 2902 899 Δαμασκοῦ
2939 828 3044 881 τῶν
3077 828 3350 881 εἰδωλολατ

2490 918 2545 971 δὲ
2574 919 2663 971 τοῦ
2696 918 2929 989 πλήθους
2974 918 3081 970 τῶν
3117 914 3350 971 Ἰουδαιω

2496 1010 2690 1081 μαρείᾳ.
2716 1009 2865 1061 πόλει
2896 1008 2993 1075 τῆς
3033 1007 3350 1060 Παλαιστίνη

2492 1101 2634 1169 ἡμᾶς
2661 1097 3005 1167 ὀνομάζουσι’
3039 1100 3165 1167 περὶ
3203 1092 3277 1149 ὧν
3309 1099 3337 1148 ὁ

2489 1187 2564 1256 τῷ
2585 1186 2753 1256 "Axe;
2779 1183 2894 1239 εἷπε
2918 1204 2931 1217 ·
2975 1206 2993 1237 ι
3026 1187 3119 1258 Μὴ
3153 1187 3339 1255 φοϐοῦ,

2489 1278 2643 1330 νείτω
2682 1278 2785 1330 ἀπὸ
2820 1278 2926 1330 τῶν
2958 1278 3050 1330 δύο
3090 1277 3282 1342 ξύλων,
3313 1294 3349 1329 τ‹

2492 1368 2661 1437 μένων
2696 1368 2893 1421 τούτων
2916 1385 2929 1397 ·
2980 1387 2997 1418 ι
3039 1369 3133 1419 καὶ
3162 1369 3261 1438 τὴν
3290 1368 3350 1419 ἅτ

2488 1440 2678 1510 αὐτίκα
2705 1457 2843 1528 μάλα
2862 1460 2953 1510 καὶ
2973 1458 3073 1510 οὐκ
3101 1461 3181 1520 εἰς
3218 1475 3350 1527 μακε

2488 1546 2827 1615 προφητεύει,
2857 1548 2930 1609 ὡς
2954 1548 3047 1599 ἐπὶ
3070 1551 3136 1617 τῇ
3168 1546 3262 1599 τοῦ
3302 1565 3350 1615 με

2486 1639 2690 1706 γενέσει
2725 1640 2948 1709 πάμπαν
2993 1640 3319 1709 ἀμφοτέρων

2486 1728 2814 1799 λυθήσεταιή
2842 1729 3102 1799 βασιλεία.
3130 1729 3350 1797 Δείκνυι

2485 1818 2558 1879 ὡς
2586 1819 2739 1889 μέχρι
2768 1820 2871 1872 τῶν
2896 1820 3102 1889 χρόνων
3126 1822 3224 1890 τῆς
3249 1818 3343 1870 τοῦ

2484 1907 2575 1959 τοῦ
2599 1908 2826 1978 Χριστοῦ
2863 1908 3184 1978 παρουσίας,
3209 1909 3350 1977 διαμί

2484 1996 2641 2050 δαίων
2671 2000 2763 2050 καὶ
2808 1997 3177 2068 Δαμασκηνῶν
3223 1998 3347 2065 βασι

2486 2089 2685 2151 πάντας
2717 2087 3029 2158 ἀνθρώπους
3071 2088 3350 2155 ἐπιφάνεια

2486 2179 2775 2247 προρρήσει
2833 2176 3222 2240 διαλελοίπασι,
3259 2176 3350 2244 τῆς

2484 2266 2918 2338 ὲπικρατησάσης
2941 2267 3036 2318 σὺν
3057 2265 3135 2334 τῷ
3150 2265 3242 2317 τοῦ
3265 2266 3348 2316 Σω

2485 2357 2592 2409 Καὶ
2618 2355 2783 2409 ταῦτά
2805 2372 2866 2421 γε
2891 2356 3027 2425 πρὸς
3047 2355 3189 2417 λέξιν
3213 2354 3350 2406 θεσπ

2483 2449 2573 2502 ἐπὶ
2600 2449 2695 2517 τὴν
2724 2447 2975 2508 διάνοιαν,
3011 2448 3105 2499 καὶ
3146 2447 3243 2517 τὴν
3269 2449 3350 2499 καί

2483 2541 2539 2590 ἐν
2566 2538 2811 2607 θεωρίαις
2848 2537 3133 2588 ἀπόδοσιν·
3180 2537 3349 2588 ὑποστ-

2482 2628 2719 2694 ἅορὰτων
2768 2624 2975 2693 ἐχθρῶν
3023 2625 3119 2678 καὶ
3168 2626 3350 2695 πολεμέ

2480 2715 2538 2766 τὸ
2564 2716 2772 2766 πάντων
2809 2714 3117 2783 ἀνθρώπων
3151 2717 3305 2783 γένος
3345 2740 3350 2759 ι

2481 2802 2537 2853 ἒν
2580 2804 2675 2870 μὲν
2718 2801 2944 2865 τῶντὰς
2970 2805 3030 2856 ὲν
3074 2804 3349 2874 ἀνθρώποι

2481 2890 2702 2942 πάντοτε
2726 2890 3190 2960 εἰδωλολατρείας,
3222 2894 3314 2945 καὶ
3340 2911 3350 2926 ί

2483 2977 2614 3043 ξίας,
2639 2978 2856 3046 θάτερον
2884 2979 2947 3032 δὲ
2979 2982 3088 3035 τῶν
3124 2984 3183 3035 ὲν
3205 2984 3350 3054 ἤθεσι

2480 3066 2863 3138 εργαξομένωνο
2904 3069 3001 3121 καὶ
3036 3070 3097 3121 τὸ
3136 3072 3232 3140 μὲν
3272 3073 3350 3139 τῇ,

2478 3156 2655 3209 εἰκόνα
2687 3156 2867 3227 φέρειν
2896 3158 3206 3223 ἀποδείξας,
3229 3160 3320 3212 τὸν

2476 3246 2536 3298 τὸ
2558 3245 2609 3298 δὲ
2638 3245 2742 3297 τῶν
2770 3247 2825 3298 ὲν
2846 3230 3164 3302 ἁτέοπτώσει
3189 3250 3282 3302 τοῦ
3314 3267 3345 3302 σ

2476 3334 2640 3386 τύπον
2674 3330 2828 3397 εἶναι,
2863 3336 2961 3389 τὸν
3005 3338 3104 3407 τῆς
3140 3339 3344 3409 Σαμαρι

2476 3424 2673 3478 τούτων
2714 3424 3191 3498 ἀπαλλαγήσεσθαι
3234 3429 3329 3499 τὴν

2477 3517 2566 3568 ἐπὶ
2590 3517 2688 3585 γῆς
2714 3517 3101 3581 κατοικοῦντας
3122 3520 3340 3591 ἀνθρώπ

2476 3603 2564 3655 τὸν
2602 3604 2945 3674 Ἑμμανουὴλ
2982 3605 3142 3659 Θεόνο
3177 3607 3338 3659 τοῦτον

2480 3689 2843 3760 βασιλεύοντος
2874 3693 3164 3766 ἀνθρώπου

2476 3781 2579 3832 τῶν
2601 3780 2762 3833 πάλαι
2804 3785 3284 3855 κατακρατοῦντων
3319 3803 3334 3838 c

2476 3870 2654 3922 ἐνθάδε
2687 3870 2811 3940 περὶ
2834 3871 2945 3923 τῶν
2970 3873 3149 3925 αὐτῶν
3178 3874 3332 3942 εἰρῆσ

2473 3974 2561 4010 ται
2596 3958 2816 4025 δύναμιν
2855 3960 3171 4029 Δαμασκοῦ,
3203 3954 3296 4014 καὶ

2473 4048 2569 4116 τῆς
2600 4047 2691 4099 τοῦ
2725 4049 2978 4119 Σωτῆρος
2997 4051 3029 4119 ή
3040 4049 3155 4119 μῶν
3191 4048 3326 4120 Ἰησο

2476 4134 2761 4206 θαιρούσης
2799 4137 3009 4208 ἀθρόως
3050 4138 3257 4200 πάντας
3288 4156 3324 4190 τι

2476 4223 2651 4295 θροῦς,
2673 4225 2721 4277 οἳ
2745 4224 2807 4296 δὴ
2829 4227 2997 4280 πάλαι
3018 4228 3321 4299 πρότεροντ

2474 4313 2566 4366 καὶ
2598 4314 2947 4368 ὲπιδλαϐέσιν
2990 4317 3320 4387 ἐνεργείαις⁴

855 4413 939 4468 vis
990 4410 1275 4465 acervatim
1318 4422 1567 4462 eversura
1617 4416 1759 4462 esset
1805 4415 2027 4459 cunctos
2082 4405 2331 4460 invisibile

1838 4415 2027 4459 unctos
2082 4405 2372 4460 invisibiles
2405 4413 2445 4466 D
2472 4404 2731 4474 λιόρκουν.
2761 4406 2870 4457 Καὶ
2916 4406 3051 4476 πρὸς
3091 4406 3232 4471 λέξιν
3254 4407 3309 4459 δὲ

857 4502 1012 4556 nobis
1059 4500 1281 4561 hostes,
1310 4498 1400 4567 qui
1451 4496 1767 4566 jampridem
1803 4495 1909 4557 his,
1955 4509 2074 4564 qua:
2132 4496 2376 4564 superius

855 4586 1010 4641 dicta
1036 4591 1180 4648 sunt,
1205 4598 1235 4637 a
1263 4582 1371 4637 Deo
1417 4583 1603 4637 alienis
1643 4588 1697 4636 et
1736 4582 1911 4636 noxiis
1957 4581 2374 4651 operationibus.

855 4678 1132 4731 universos
1157 4674 1397 4729 homines
1456 4672 1787 4728 occidebant.
1815 4670 1923 4727 Nec
1973 4688 2079 4726 non
2109 4687 2295 4727 rursus
2331 4672 2374 4725 si

856 4766 920 4819 ad
953 4766 1172 4819 verbum
1228 4763 1614 4831 interpreteris,
1660 4760 1843 4816 videas
1892 4762 2139 4832 protinus
2165 4762 2219 4814 in
2257 4768 2375 4814 ortu

856 4866 1015 4926 atque
1043 4857 1273 4912 adventu
1324 4853 1612 4909 Salvatoris
1668 4854 1862 4916 nostri,
1910 4852 2157 4907 Damasci
2190 4857 2375 4922 poten-

857 4947 981 4999 tiam
1035 4962 1309 5010 eversam,
1352 4954 1404 4998 et
1453 4943 1622 5012 spolia
1672 4941 1928 4997 Samaria:
1965 4942 2173 4996 sublata
2200 4978 2217 5005 ,
2276 4939 2375 4993 hoc

855 5044 957 5096 est,
993 5050 1175 5088 carum
1204 5048 1384 5103 regna,
1408 5048 1527 5101 quae
1555 5047 1725 5102 usque
1771 5033 1836 5087 ad
1887 5042 2125 5104 tempora
2162 5031 2228 5085 de
2254 5030 2375 5099 qui-

856 5121 957 5174 bus
986 5121 1183 5173 dictum
1204 5132 1304 5183 est,
1337 5122 1671 5186 duraverint,
1720 5138 1784 5177 ex
1814 5122 1905 5176 illo
1932 5123 1997 5177 ad
2022 5123 2165 5175 hunc
2208 5134 2376 5188 usque

860 5208 999 5261 diem
1051 5216 1112 5260 ut
1139 5209 1205 5261 ah
1247 5212 1478 5266 oraculis
1510 5214 1822 5281 praedictum
1863 5222 1946 5267 est
1970 5252 1984 5274 ,
2046 5210 2372 5265 defecerunt.

860 5297 1012 5367 331
1046 5295 1271 5361 Quidam
1292 5314 1417 5353 vero
1444 5302 1603 5356 etiam
1637 5306 1790 5360 aliter
1842 5303 2048 5363 dicunt,
2070 5299 2250 5368 Magos
2282 5298 2374 5368 qui

859 5386 928 5438 ab
958 5383 1171 5439 Oriente
1192 5392 1469 5450 venerunt,
1514 5400 1567 5443 et
1602 5393 1892 5459 Christum,
1925 5392 2014 5463 qui
2040 5404 2169 5460 puer
2202 5387 2375 5443 adhuc

858 5487 994 5537 erat,
1019 5476 1392 5540 adoraverunt,
1425 5477 1526 5533 hos
1562 5482 1706 5552 ipsos
1730 5503 1849 5543 esse
1866 5527 1882 5551 ,
1904 5490 2216 5556 potestatem
2267 5478 2371 5533 Da-

861 5568 1051 5622 masci.
1104 5566 1262 5622 Potes
1316 5571 1473 5623 etiam
1523 5578 1690 5645 magis
1726 5581 1779 5633 in
1837 5581 2141 5635 universum
2173 5573 2371 5636 dicere,

861 5669 1046 5716 Omnes
1087 5658 1390 5729 quicunque
1442 5661 1666 5721 alienam
1721 5684 1751 5722 a
1791 5670 1899 5727 Deo
1946 5663 2374 5735 multitudinique

2475 4494 2678 4562 γενέσει
2703 4495 2796 4546 καὶ
2828 4496 3120 4567 ἐπιφανείᾳ
3145 4496 3238 4549 τοῦ
3277 4497 3315 4548 Σ

2478 4602 2565 4654 μιν
2586 4584 2874 4653 Δαμασκοῦ
2897 4588 3301 4658 καθῃρημένην,

2474 4674 2701 4744 ἠρμένοι,
2729 4675 2874 4728 τοῦτ’
2900 4677 3016 4730 ἐστι
3053 4677 3156 4740 τὰς
3200 4676 3312 4745 βασι

2472 4766 2577 4817 τῶν
2599 4764 2937 4835 δηλουμένων
2980 4768 3183 4839 χρόνων
3211 4769 3310 4838 διαι

2473 4857 2550 4919 εἰς
2578 4855 2734 4927 δεῦρο
2762 4856 3145 4922 διαλελοὶπασι,
3178 4857 3308 4911 κατὰ

2472 4945 2604 4999 Φασὶ
2630 4945 2687 4997 δέ
2718 4964 2861 5011 τινες
2900 4950 2994 5001 καὶ
3036 4950 3209 5011 ἄλλως
3231 4988 3245 5010 ,
3273 4964 3303 5000 τ

2472 5034 2693 5099 λυθότας
2754 5038 2979 5106 Μάγους
3004 5078 3020 5102 ,
3100 5040 3192 5091 καὶ
3257 5036 3304 5089 τί

2473 5129 2978 5199 προσκεκυνηκότας
3000 5169 3015 5194 ,
3075 5128 3291 5190 τούτους

2474 5217 2703 5286 μασκοῦ.
2791 5219 2979 5281 Εῖποις
3037 5219 3083 5271 δ’
3142 5216 3211 5270 ἂν
3275 5234 3298 5270 an

2470 5306 2593 5369 τοὺς
2646 5307 2746 5379 τὴν
2798 5308 2894 5379 μὲν
2932 5307 3087 5363 ἄθεον
3135 5309 3228 5362 καὶ
3283 5324 3296 5360 1

2471 5396 2907 5467 ἀποστραφέντας
2934 5436 2950 5462 ,
3007 5397 3085 5468 τῷ
3140 5398 3195 5451 δὲ
3247 5404 3294 5450 τι

2470 5484 2822 5551 δουλωθέντας
2846 5526 2862 5551 ,
2941 5487 3172 5558 μάλιστα
3230 5486 3276 5539 ει

2469 5574 2609 5645 λόγῳ
2664 5576 2756 5629 καὶ
2812 5577 2973 5647 σοφίᾳ
3014 5575 3105 5629 τοῦ
3137 5574 3290 5628 αῑῶνο

2470 5664 2593 5727 τοὺς
2616 5663 3035 5744 ὀνομαζομένους
3061 5662 3282 5737 δύναμιν
