3738 6330
118 431 200 485 sat

990 419 1616 480 DEIONSTRATIONIS
1652 411 2098 476 EVANGELICE
2130 414 2262 474 LIB.
2300 415 2422 475 V11.

3123 418 3229 473 522

107 552 155 608 δὲ
179 548 259 603 καὶ
284 518 348 600 τὰ
377 545 544 598 σκῦλα
572 542 873 615 Σαμαρείας
905 544 1113 616 νοήσεις
1133 583 1149 607 ,
1202 544 1325 606 τοὺς
1369 540 1475 595 ἀπὸ
1516 538 1608 594 τοῦ

1710 539 1926 594 deorum
1954 535 2218 591 addictam
2251 534 2654 592 simulacrorum
2682 537 2944 592 culturam
2969 542 3240 608 aspernati

117 634 352 691 Ἰουδαίων
402 633 597 699 ἔθνους
643 631 732 685 τοῦ
766 633 1011 703 Σωτῆρος
1055 632 1208 703 ἡμῶν
1256 631 1494 702 μαθητὰς
1520 632 1612 683 καὶ⁵

107 727 397 789 ἀποστόλους
418 765 433 788 ,
476 725 573 788 οὓς
617 725 801 795 ὥσπερ
824 727 891 780 ἐκ
923 725 1186 794 πολεμίων
1225 725 1329 779 τῶν
1359 725 1422 776 ἐκ
1463 740 1614 794 περι-

105 820 250 888 τομῆς
294 817 410 870 κατ’
450 814 615 868 αὑτοῦ
665 815 1138 885 στρατευσαμένων
1183 813 1350 866 σκῦλα
1395 814 1481 881 ὑφ’
1514 814 1613 865 αύ-

106 909 180 962 τδν
226 906 391 961 λαϐὼν
438 906 495 972 ἐξ
555 905 799 969 ἐναντίας
852 905 1154 958 καθώπλισε
1205 904 1297 959 τοῦ
1350 906 1457 963 τῶν
1501 906 1613 957 Ἀσ-

103 998 276 1070 συρίων
332 996 592 1066 βασιλέως
611 1035 625 1059 ,
678 995 821 1048 οὕτω
881 994 1039 1048 πάλιν
1101 994 1367 1065 τροπικῶς
1421 995 1611 1064 δηλου-

107 1088 248 1158 μένου
291 1085 374 1139 τοῦ
417 1086 677 1155 ἄρχοντος
723 1084 816 1138 τοῦ
860 1085 1050 1147 αἰῶνος
1095 1089 1299 1139 τούτου.
1382 1085 1530 1138 Ἐπεὶ
1556 1087 1613 1139 δὲ

100 1178 156 1231 τὸ
198 1196 215 1227 ι
244 1177 462 1229 ἐναντίον
520 1176 784 1245 βασιλέως
820 1177 1128 1249 Ἀσσυρίων,
1168 1196 1185 1229 ι
1214 1177 1536 1249 σαφέστερον
1585 1179 1613 1230 6

111 1266 308 1329 Ἀκύλας
357 1266 615 1329 ἐξέδωκεν
639 1306 654 1329 ,
687 1265 878 1329 εἰπὼν,
918 1284 937 1317 ι
990 1269 1067 1328 είς
1114 1266 1396 1336 πρόσωπον
1456 1263 1610 1335 βασι-

100 1358 215 1420 λέως
269 1357 579 1428 Ἀσσυρίων,
617 1376 635 1408 ι
670 1358 957 1427 ἐπίστησον
1000 1359 1202 1427 μήποτε
1249 1357 1357 1427 ἄρα
1412 1356 1504 1408 καὶ
1554 1356 1612 1411 ὲν

98 1445 273 1507 τούτοις
306 1446 400 1517 τὴν
433 1445 722 1515 Ῥωμαίων
766 1445 938 1516 ἀρχὴν
981 1444 1161 1514 δηλοῖ,
1218 1443 1271 1498 εί
1310 1461 1373 1512 γε
1422 1459 1612 1497 κατευ-

97 1531 336 1597 θύνοντες,
387 1532 420 1604 ἢ
479 1534 936 1604 κατευθυνόμενοι
1007 1533 1272 1604 ’Δσσύριοι
1339 1532 1612 1603 μεθερμη-

96 1623 339 1686 νεύονται,
409 1623 554 1681 κατά
605 1625 674 1678 τὰ
729 1624 908 1694 μικρῷ
962 1623 1190 1694 πρόσθεν
1232 1621 1608 1691 ἀποδεδομένα.

105 1713 230 1767 Ἐπεὶ
280 1713 454 1767 τοίνυν
501 1716 569 1785 τῇ
626 1716 755 1786 περὶ
805 1715 897 1768 τοῦ
951 1715 1193 1784 Σωτῆρος
1244 1713 1395 1783 ήμῶν
1443 1713 1611 1785 προρ-

97 1804 225 1872 ρήσει
285 1804 374 1859 καὶ
441 1803 538 1856 νῦν
595 1805 626 1858 6
684 1804 792 1856 τῶν
859 1803 1149 1873 ’Δσσυρίων
1209 1801 1612 1873 συμπέπλεκται

1713 640 1856 693 sunt,
1880 640 1931 685 et
1958 628 2159 684 Christi
2204 628 2368 683 verbo
2397 630 2603 697 seipsos
2642 628 2971 696 addixerunt,
3009 645 3238 701 preser-

1712 720 1804 772 tim
1827 719 1948 778 siin
1982 718 2146 773 verbo
2188 727 2245 772 et
2278 718 2535 788 sapientia
2568 721 2751 777 saeculi
2798 720 2956 788 hujus
2992 728 3237 790 potentes

1711 810 1861 872 sint,
1922 823 2014 863 eos
2062 810 2208 878 ipsos
2253 824 2375 864 esse
2418 807 2507 878 qui
2563 807 2803 863 Damasci
2854 811 3087 878 potentia
3137 826 3237 865 no-

1712 899 1995 953 minentur.
2025 898 2220 953 Eodem
2256 914 2416 954 sensu
2462 898 2626 952 etiam
2658 899 2826 966 spolia
2862 898 3115 959 Samaria:
3141 915 3235 954 ac-

1710 988 1899 1056 cipies,
1930 989 1996 1043 de
2031 987 2250 1042 Iudaica
2301 997 2454 1058 gente
2486 997 2790 1056 assumptus
2824 986 3113 1045 Salvatoris
3134 1005 3235 1044 no-

1711 1077 1809 1131 stri
1834 1077 2129 1147 discipulos
2161 1086 2214 1133 et
2246 1079 2536 1147 apostolos,
2562 1092 2696 1146 quos
2724 1078 2877 1146 quasi
2900 1079 2964 1133 de
2992 1079 3234 1136 hostibus

1710 1166 1775 1219 ad
1795 1150 2255 1225 circumcisionem
2286 1168 2674 1236 spectantibus,
2718 1167 2811 1237 qui
2850 1169 3129 1223 adversum
3174 1185 3236 1224 se

1710 1257 2074 1317 militaverint,
2135 1256 2324 1327 praeda:
2384 1258 2556 1312 instar
2605 1259 2707 1312 sibi
2764 1258 2865 1328 ipsi
2922 1259 3234 1328 subiiciens,

1708 1354 1896 1401 contra
1919 1348 2258 1415 Assyriorum
2301 1362 2477 1417 regem
2528 1347 2774 1417 armavit,
2810 1349 3240 1417 quandoquidem

1706 1437 1787 1490 sic
1819 1451 2006 1492 rursus
2059 1452 2153 1506 per
2180 1436 2403 1506 ﬁguram
2453 1437 2632 1493 saeculi
2667 1412 2827 1506 hujus
2863 1439 3110 1507 princeps
3163 1438 3238 1493 si-

1707 1525 2006 1595 gniﬁcatur.
2072 1528 2141 1578 At
2192 1540 2320 1581 vero
2368 1527 2616 1595 quoniam
2679 1527 2809 1580 illud
2844 1535 3007 1581 «ante
3057 1541 3234 1596 regem

1706 1614 2065 1685 Assyriorum,
2089 1634 2109 1667 ι
2146 1615 2479 1672 manifestius
2509 1616 2700 1687 Aquila
2732 1617 2983 1681 reddidit,
3034 1618 3125 1671 ubi
3153 1617 3235 1670 sic

1709 1706 1803 1768 ait,
1839 1725 1856 1757 ι
1886 1707 1940 1761 in
1970 1705 2155 1761 facient
2184 1709 2325 1778 regis
2355 1708 2714 1778 Assyriorum,
2738 1725 2756 1759 ι
2787 1709 2907 1762 vide
2930 1725 2996 1764 ne
3017 1708 3153 1764 forte
3180 1709 3237 1763 in

1708 1793 1793 1849 his
1827 1796 2001 1850 verbis
2024 1794 2385 1851 Romanorum
2416 1798 2697 1866 imperium
2750 1797 3034 1867 signiﬁcet,
3066 1798 3237 1867 siqui-

95 1888 307 1956 βασιλεὺς
330 1929 345 1955 ,
417 1891 647 1955 εἰκότως
672 1948 677 1954 _
701 1893 830 1962 ἡμῖν
884 1890 1154 1955 κάνταῦθα
1218 1891 1252 1960 ή
1327 1889 1607 1958 Ῥωμαίων

1710 1880 1824 1934 dem
1854 1897 1918 1935 ex
1954 1883 2020 1937 iis
2065 1899 2184 1953 quae
2214 1885 2371 1953 paulo
2399 1893 2521 1939 ante
2544 1899 2575 1937 a
2607 1885 2760 1938 nobis
2797 1888 3038 1963 exposita
3085 1893 3232 1945 sunt,

96 1982 210 2050 ἀρχὴ
265 1981 672 2052 παρείληπται,
752 1980 838 2033 διὰ
900 1980 959 2034 τὸ
1019 1980 1153 2051 πρὸς
1204 1978 1293 2032 τοῦ
1347 1977 1477 2032 Θεοῦ
1534 1980 1610 2040 είς

94 2071 174 2140 τὴν
238 2071 339 2124 τῶν
402 2070 572 2123 sava»
661 2071 932 2141 ὑποταγὴν
987 2068 1419 2124 κατευθύνεσθαι.
1505 2068 1613 2137 Λή-

93 2156 254 2222 ψεσθαι
337 2157 631 2229 τοιγαροῦν
703 2158 763 2211 τὸ
834 2157 1142 2228 τικτόμενον
1227 2156 1431 2210 παιδίον
1513 2156 1612 2225 τὴν

93 2240 281 2314 δύναμιν
335 2244 636 2314 Δαμασκοῦ
660 2286 677 2309 ,
756 2246 849 2297 καὶ
907 2244 979 2298 τὰ
1054 2244 1221 2301 σκῦλα.
1283 2244 1609 2315 Σαμαρείας,

92 2334 166 2384 καὶ
211 2333 534 2402 παραδώσειν
574 2336 660 2395 είς
694 2334 979 2404 πρόσωπον
1023 2333 1352 2411 Ἀσσυρίων,
1407 2333 1499 2386 καὶ
1555 2335 1613 2386 ὲν

93 2419 341 2490 άφθαλμοῖς
414 2422 524 2475 τῶν
603 2422 711 2475 ὑπὸ
760 2420 876 2487 ⁴τοῦ
954 2419 1085 2473 Θεοῦ
1150 2421 1611 2491 κατευθυνομένων

92 2507 379 2573 θεσπίζεται*
410 2512 507 2565 καὶ
553 2511 732 2564 ταῦτα
784 2511 1027 2580 ποιήσειν
1057 2509 1171 2579 ἅμα
1216 2512 1279 2581 τῇ
1324 2511 1485 2564 αὑτοῦ
1524 2527 1613 2579 γε-

92 2598 245 2664 νέσει,
298 2602 519 2672 ἀρρήτῳ
578 2602 681 2655 καὶ
739 2600 905 2670 ενθέῳ
956 2600 1222 2669 δυνάμει,
1284 2598 1361 2652 ἔτι
1423 2602 1612 2670 νηπιά-

92 2686 208 2750 ζοντι
257 2688 462 2759 σώματι
527 2687 776 2745 τοσαῦτα
843 2690 900 2742 ἐν
953 2687 1250 2759 ἀνθρώποις
1309 2688 1613 2759 οίκονομού⁹

93 2793 237 2844 μενος.
300 2780 480 2832 Πάντα
504 2779 564 2831 δὲ
614 2779 786 2832 ταῦτα
819 2781 848 2832 6
878 2780 1158 2849 προφήτης
1190 2780 1246 2831 ὲν
1271 2779 1416 2849 τᾴμῳ
1446 2779 1612 2850 καινῷ

89 2865 164 2919 καὶ
205 2869 409 2939 μεγάλῳ
478 2870 676 2939 γραφῇ
737 2868 1066 2941 παραδοῦναι
1122 2867 1401 2940 ἀνθρώπου
1457 2886 1614 2940 προσ-

89 2951 323 3019 τάσσεται,
373 2957 564 3009 τοῦτον
606 2957 704 3008 καὶ
749 2956 849 3025 τῆς
892 2957 1079 3025 καινῆς
1132 2958 1397 3026 Διαθήκης
1435 2957 1615 3028 δηλου-

91 3042 226 3113 μένης
288 3047 377 3099 τὸν
450 3048 683 3118 τρόπον.
785 3045 1338 3115 Προσπαραλαμϐάνει
1395 3048 1452 3099 δὲ
1507 3048 1611 3100 τῶν

1708 1970 1910 2041 Assyrii
1941 1988 2186 2028 sermone
2213 1982 2417 2037 nostro,
2462 1984 2516 2029 et
2554 1976 2645 2044 qui
2670 1976 2926 2045 dirigunt,
2958 1983 3012 2029 et
3034 1976 3125 2044 qui
3154 1973 3238 2028 di-

1710 2061 1955 2129 riguntur
2005 2063 2226 2133 intelligi
2262 2064 2455 2117 solent.
2478 2063 2743 2129 Quoniam
2798 2065 2963 2134 igitur
3016 2066 3235 2118 oraculo

1706 2148 1850 2215 quod
1879 2164 2021 2202 nunc
2052 2150 2118 2203 de
2143 2150 2419 2206 Salvatore
2450 2163 2631 2207 nostro
2660 2153 2921 2215 redditur,
2953 2153 3112 2207 etiam
3141 2167 3233 2206 rex

1708 2238 2047 2307 Assyriorum
2095 2240 2384 2308 implicitus
2421 2248 2505 2296 est
2530 2281 2547 2305 ,
2603 2243 2794 2296 merito
2827 2244 2912 2297 hic
2967 2256 3180 2311 quoque
3203 2256 3236 2293 a

1710 2326 1865 2379 nobis
1895 2324 2256 2385 Romanorum
2287 2329 2566 2397 imperium
2592 2337 2870 2397 acceptum
2902 2338 3004 2391 est,
3039 2329 3237 2398 quippe

1708 2412 1851 2481 quod
1881 2414 1946 2467 ad
1974 2414 2334 2483 subjiciendas
2361 2423 2544 2486 gentes
2559 2417 2625 2470 ab
2648 2417 2763 2485 ipso
2810 2417 2919 2471 Deo
2951 2418 3232 2488 dirigatur.

1710 2501 1850 2571 Ergo
1885 2503 1977 2572 qui
1999 2506 2238 2559 nascitur
2262 2522 2411 2576 puer,
2444 2514 2762 2576 accepturus
2815 2508 3104 2577 potentiam
3135 2508 3237 2560 Da-

1711 2595 1899 2656 masci,
1930 2601 1983 2649 et
2013 2596 2182 2663 spolia
2218 2594 2489 2661 Samaria),
2522 2606 2573 2652 et
2599 2599 2892 2654 traditurus
2938 2600 2991 2653 in
3046 2599 3236 2654 facient

1710 2683 2050 2754 Assyriorum
2070 2693 2126 2739 et
2153 2685 2207 2738 in
2238 2688 2409 2741 oculis
2440 2702 2624 2742 eorum
2666 2690 2757 2759 qui
2790 2705 2820 2744 a
2860 2690 2964 2745 Deo
2994 2691 3235 2760 dirigun-

1712 2780 1819 2836 tur,
1849 2775 2099 2830 canitur:
2127 2784 2284 2844 atque
2323 2776 2433 2831 hcc
2483 2779 2596 2847 ipsa
2629 2779 2681 2832 in
2715 2787 2834 2833 ortu
2869 2795 2967 2835 suo
2996 2781 3238 2838 facturus

1712 2862 1761 2916 vi
1791 2864 2019 2932 quadam
2043 2864 2221 2918 divina
2249 2872 2409 2935 atque
2435 2865 2707 2933 inell’abili,
2757 2869 2847 2938 qui
2898 2868 3111 2939 quidem
3143 2872 3240 2924 ad-

1708 2952 1816 3007 huc
1848 2954 1900 3008 in
1928 2956 2116 3022 puerili
2146 2970 2374 3023 corpore
2420 2959 2745 3013 constitutus
2775 2967 2922 3013 tanta
2976 2962 3118 3015 inter
3140 2962 3240 3015 ho-

1711 3043 1883 3093 mines
1940 3041 2338 3111 dispensatione
2385 3044 2653 3113 fungetur.
2702 3046 2892 3102 Omnia
2941 3064 3069 3104 vero
3124 3051 3239 3106 lucc

90 3135 351 3203 εἰρημένων
420 3136 717 3207 μάρτυρας
789 3135 936 3207 ἱερέα
988 3136 1083 3189 καὶ
1148 3138 1419 3207 προφήτην
1446 3176 1461 3199 ,
1517 3137 1611 3190 τοῦ

1711 3132 1969 3200 propheta
1999 3133 2050 3185 in
2085 3147 2225 3188 novo
2250 3141 2302 3188 et
2329 3137 2513 3203 grandi
2552 3138 2692 3191 libro
2722 3140 2861 3209 ston
2884 3150 2936 3194 et
2960 3142 3239 3211 scriptum

87 3219 215 3291 λόγου
250 3227 623 3291 παιδεύοντος,
680 3226 757 3288 ὠς
793 3226 874 3278 ὅτι
920 3224 1097 3295 δεήσει
1132 3227 1189 3278 ἐν
1246 3230 1364 3289 ταῖς
1405 3228 1613 3281 ἀποδεί-

92 3312 185 3374 ξεσι
226 3319 337 3380 ταῖς
378 3317 507 3389 περὶ
558 3315 661 3369 τοῦ
720 3314 955 3386 Χριστοῦ
987 3314 1084 3379 τὰς
1134 3315 1239 3368 ἀπὸ
1279 3316 1377 3386 τῆς
1435 3318 1492 3369 ὲν
1523 3316 1609 3369 νό-

89 3418 157 3473 μῳ
219 3406 522 3479 ἱερουργίας
602 3403 702 3459 καὶ
767 3404 874 3456 τῶν
933 3403 1069 3473 μετὰ
1115 3404 1281 3458 ταῦτα
1326 3406 1611 3476 προφητῶν

90 3494 354 3565 μαρτυρίας
409 3493 885 3568 παραλαμϐάνειν.
976 3495 1207 3556 Πιστοὺς
1264 3495 1318 3547 δὲ
1373 3495 1612 3565 βούλεται

85 3583 159 3635 καὶ
194 3584 357 3650 ἄλλως
410 3587 706 3658 μάρτυρας
748 3580 885 3638 εῐναι
937 3587 1059 3647 τοὺς
1110 3585 1206 3655 τὴν
1258 3585 1465 3652 γένεσιν
1518 3586 1611 3638 τοῦ

85 3670 366 3743 δηλούμενον
409 3675 636 3729 παιδίου
684 3673 967 3744 μέλλοντας
1023 3673 1332 3726 ἐποπτεύειν
1354 3712 1368 3736 ,
1420 3674 1499 3736 είς
1554 3674 1614 3727 τὸ

88 3762 286 3817 συνιέναι
360 3763 635 3817 δύνασθαι
707 3761 777 3815 τὰ
857 3762 1319 3833 προφητευόμενα.
1383 3779 1402 3811 t
1491 3761 1613 3816 Ἐὰν

86 3848 174 3920 γὰρ
231 3853 300 3922 μὴ
361 3852 705 3920 πιστεύσητε
727 3889 743 3913 ,
810 3850 927 3903 οὐδὲ
980 3851 1052 3921 μὴ
1110 3849 1316 3920 συνῆτε,
1360 3868 1378 3901 ι
1407 3848 1616 3917 ἐλέγετο

88 3938 343 4012 ἀνωτέρω·
401 3933 503 3995 καὶ
552 3940 653 3994 τὸν
712 3940 810 4008 μὲν
882 3939 1023 4009 ἔχειν
1055 3938 1168 4006 φῶς
1217 3938 1387 3992 Θεοῦο
1423 3937 1610 4011 (τοῦτο

91 4028 179 4097 γὰρ
226 4032 253 4081 6
318 4030 528 4101 Οὐρίας
592 4026 1012 4099 ἑρμηνεύεται),
1064 4026 1155 4079 τὸν
1209 4026 1265 4079 δὲ
1320 4027 1431 4079 υἱὸν
1488 4025 1615 4082 ὄντα

86 4115 299 4185 εὐλογίας
328 4158 342 4183 ,
425 4118 529 4190 τὴν
614 4117 835 4189 μνήμην
909 4114 1002 4169 τοῦ
1082 4115 1214 4168 Θεοῦ
1306 4117 1363 4169 ὲν
1443 4116 1615 4187 ἑαυτῷ

84 4205 274 4273 φέρειν’
350 4209 518 4262 τοῦτο
581 4205 694 4277 γὰρ
754 4206 851 4259 καὶ
899 4207 929 4258 6
979 4204 1071 4258 τοῦ
1123 4205 1390 4276 Βαραχίου
1444 4208 1617 4275 Ζαχα-

87 4294 185 4365 pla;
226 4298 386 4367 δηλοῑ.
469 4297 665 4352 Ταῦτα
722 4298 823 4369 μὲν
856 4293 947 4350 οὖν
974 4299 1052 4358 είς
1092 4297 1214 4358 τοὺς
1240 4296 1429 4359 τύπους
1461 4299 1614 4367 ἡμεῖς

83 4382 510 4458 ιπιοεσλήκαμεν.
624 4387 689 4439 Et
762 4385 821 4438 δέ
890 4402 977 4449 τις
1028 4386 1135 4438 τῶν
1203 4386 1266 4437 ὲκ
1325 4386 1614 4465 περιτομῆς

1711 3220 1940 3274 hominis
1966 3222 2178 3277 tradere
2221 3222 2440 3289 jubetur
2471 3242 2484 3277 :
2516 3227 2615 3278 hoc
2662 3226 2803 3280 enim
2858 3242 3104 3283 sermone
3132 3228 3241 3283 No-

1708 3323 1833 3363 vum
1892 3309 2222 3379 signiﬁcatur
2275 3311 2692 3370 Testamentum.
2752 3315 2995 3371 Assumit
3060 3327 3237 3372 autem

1709 3413 1894 3453 eorum
1922 3415 2042 3469 qua:
2073 3401 2214 3455 dicta
2251 3411 2376 3457 sunt
2416 3411 2579 3458 testes
2633 3407 2965 3461 sacerdotem
3021 3416 3074 3462 et
3113 3424 3237 3477 pro-

1713 3490 1942 3557 phetam,
1967 3492 2183 3546 oraculo
2222 3493 2444 3546 docente
2465 3533 2478 3555 ,
2507 3493 2618 3548 fore
2642 3510 2776 3564 Opus
2806 3498 2856 3549 in
2899 3498 3235 3552 demonstra.

1710 3579 1943 3633 tionibus
1973 3580 2038 3633 de
2060 3580 2280 3635 Christo
2308 3590 2419 3635 tum
2454 3598 2485 3636 a
2506 3584 2804 3637 sacerdotio
2832 3585 2973 3653 quod
3026 3586 3080 3640 in
3124 3587 3239 3657 lege

1712 3668 2031 3732 continetur,
2085 3677 2194 3722 tum
2231 3685 2260 3722 a
2303 3671 2575 3741 prophetis
2629 3673 2721 3742 qui
2765 3683 2950 3741 postea
2999 3674 3233 3742 fuerunt,

1712 3759 1953 3825 accipere
1990 3758 2327 3826 testimonia;
2378 3769 2431 3815 et
2480 3762 2677 3831 alioqui
2724 3762 2908 3820 ﬁdeles
2957 3766 3070 3818 vult
3115 3782 3236 3823 esse

1713 3854 1894 3912 testes,
1926 3863 2019 3903 eos
2038 3850 2126 3918 qui
2158 3851 2307 3918 pueri
2332 3850 2398 3905 de
2421 3865 2529 3918 quo
2576 3853 2772 3921 agitur,
2803 3853 3095 3924 inspecturi
3127 3857 3236 3910 sint

1709 3946 1905 3999 ortum,
1936 3945 1994 3991 ut
2034 3952 2094 3992 ea
2152 3954 2270 4008 quae
2307 3940 2361 3992 in
2410 3941 2522 4009 ipsa
2555 3942 2831 4012 prophetia
2876 3946 3236 4009 continentur,

1713 4026 2001 4095 intelligere
2022 4029 2248 4096 possint.
2275 4027 2445 4098 Supra
2473 4032 2615 4086 enim
2652 4033 2951 4100 dicebatur,
3010 4054 3030 4087 ι
3047 4035 3107 4089 Si
3129 4018 3239 4093 non

1711 4114 2062 4177 credideritis,
2117 4133 2222 4172 non
2244 4119 2578 4188 intelligetis,
2611 4140 2628 4172 ι
2664 4131 2717 4175 et
2744 4122 2968 4177 alterum
3024 4124 3238 4194 quidem

1713 4204 1887 4256 lumen
1921 4202 2009 4257 Dei
2031 4203 2226 4259 habere
2256 4221 2270 4256 :
2303 4206 2460 4277 332
2494 4207 2545 4261 id
2578 4209 2719 4262 enim
2752 4196 2908 4266 Urias
2953 4227 3019 4266 ex
3075 4214 3242 4267 inter-

1713 4295 2008 4361 pretatione
2036 4295 2299 4366 signiﬁcat
2329 4313 2345 4349 :
2375 4299 2600 4353 alterum
2633 4317 2782 4365 vero,
2803 4303 3239 4372 quibenedictio-

1712 4385 1798 4438 nis
1823 4386 1893 4438 sit
1924 4385 2083 4450 ﬁlius,
2109 4386 2198 4442 Dei
2222 4388 2273 4442 in
2307 4390 2484 4458 seipse
2512 4393 2818 4448 memoriam
2845 4393 3002 4451 ferre.
3026 4394 3082 4449 Id
3097 4396 3240 4450 enim

81 4471 134 4523 σὺ
169 4475 325 4529 ταῦτα
371 4478 557 4539 οὕτως
608 4475 752 4545 ἔχειν
803 4472 1080 4543 βούλεται,
1136 4472 1252 4544 ὥρα
1293 4475 1420 4544 ἡμῖν
1458 4474 1614 4526 αὐτὸν

1716 4474 1816 4527 sibi
1844 4476 1953 4528 vult
1982 4474 2249 4532 Barachite
2295 4476 2631 4534 Zacharias:
2692 4482 2803 4535 haec
2844 4482 3005 4552 igitur
3061 4499 3160 4538 nos
3185 4484 3241 4538 in

80 4558 430 4620 ἀποδεικνύναι
453 4606 469 4630 ,
564 4564 653 4627 τίς
728 4561 943 4616 πώποτε
1016 4563 1143 4632 παρ’
1222 4563 1396 4625 αὐτοῖς
1491 4563 1616 4633 Ἐμ-

85 4653 293 4723 sumet).
368 4656 572 4723 γέγονε
593 4692 610 4715 ,
693 4652 789 4706 καὶ⁹
848 4651 963 4714 πῶς
1015 4653 1043 4704 6
1101 4654 1376 4723 προφήτης
1452 4670 1617 4724 προσ-

80 4735 191 4806 ῆλθε
263 4744 399 4814 πρὸς
471 4740 581 4810 τὴν
651 4739 918 4812 προφῆτιν
941 4778 957 4801 ,
1033 4739 1129 4792 καὶ⁵
1201 4740 1321 4793 τίνα
1394 4741 1614 4811 ταύτην,

84 4830 161 4880 καὶ
213 4833 326 4895 πῶς
405 4834 754 4904 παραχρῆμα
813 4830 1067 4884 συνέλαϐε
1092 4870 1107 4895 ,
1184 4832 1276 4885 καὶ
1328 4832 1410 4896 τίς
1470 4834 1497 4885 6
1555 4833 1618 4884 ὲκ

81 4919 164 4989 τῆς
214 4924 544 4995 προφήτιδος
598 4921 916 4991 ἀππεχθεὶς
968 4921 1114 4984 υίὸς,
1172 4914 1215 4987 ᾧ
1263 4922 1420 4985 αὐτὸς
1446 4923 1475 4974 6
1506 4922 1620 4974 Κύ-

89 5022 182 5075 ρως
211 5014 540 5066 ἐπιτέθειται
576 5012 764 5082 δνομα,
813 5029 830 5060 ι
862 5010 1089 5079 Ταχέως
1122 5010 1428 5075 σκύλευσον,
1466 5030 1485 5062 ι
1523 5012 1617 5064 καὶ

84 5096 155 5161 τίς
217 5104 248 5171 ή
306 5103 459 5157 αἰτία
532 5102 631 5170 τῆς
694 5100 905 5152 τοιᾶσδε
965 5099 1055 5151 τοῦ
1121 5098 1393 5168 τεχθέντος
1452 5118 1616 5171 προσ-

86 5190 305 5259 ηγορίας.
373 5190 755 5245 Δεικνύτωσαν
800 5189 855 5242 δὲ
886 5189 978 5242 καὶ
1033 5188 1092 5241 τὸ
1113 5228 1127 5251 ,
1162 5206 1181 5239 ι
1218 5189 1349 5259 Πρὶν
1399 5190 1431 5259 ἢ
1478 5191 1615 5259 γνῶο

88 5294 163 5331 ναι
206 5281 264 5334 τὺ
298 5282 512 5336 παιδίον
571 5280 750 5334 καλεῖν
801 5280 1011 5350 πατέρα
1037 5279 1129 5330 καὶ
1177 5279 1415 5348 μητέρα,
1451 5299 1468 5330 ι
1521 5282 1617 5350 τὴν

91 5365 290 5438 δύναμιν
341 5370 608 5439 εἰληφότα
657 5367 945 5438 Δαμασκοῦ
969 5406 985 5430 ,
1044 5367 1137 5419 καὶ
1191 5365 1255 5418 τὰ
1305 5366 1471 5420 σκῦλα
1518 5369 1618 5422 Σα-

99 5458 296 5528 μαρείας
321 5500 336 5523 ,
374 5461 562 5512 ἔναντι
596 5457 853 5526 βασιλέως
897 5455 1209 5525 Ἀσσυρίων.
1299 5456 1481 5525 Ἡμεῖς
1510 5457 1616 5528 γὰρ

96 5541 239 5599 ταῦτα
260 5586 274 5609 ,
333 5548 431 5600 καὶ
493 5549 635 5617 πρὸς
692 5544 832 5609 λέξιν
854 5584 868 5608 ,
954 5544 1051 5596 καὶ
1104 5544 1371 5614 τροπικῶς
1419 5547 1618 5618 ἐξειλη-

100 5631 265 5700 φθτες,
320 5635 727 5707 πεπληρῶσθαι
772 5634 907 5688 αὐτὰ
933 5634 1211 5703 δείκνυμεν
1260 5634 1352 5687 επὶ
1397 5636 1493 5705 τῆς
1522 5637 1614 5690 τοῦ

105 5716 314 5793 θυτῆρος
359 5725 523 5794 ήμῶν
579 5723 876 5792 γενέσεως,
949 5724 1310 5790 παριστὼντες
1357 5726 1470 5778 τοτε
1520 5727 1615 5796 μὲν

384 5813 666 5873 Parnm.
720 5811 828 5871 Gn.
864 5810 1062 5873 XXII.

1718 4561 1912 4631 ﬁguras
1936 4563 2281 4633 coniecimus.
2347 4565 2404 4621 Si
2440 4569 2566 4638 quis
2603 4579 2777 4624 autem
2805 4584 2871 4622 ex
2918 4569 3116 4625 Iudaeis
3142 4572 3244 4626 hoc

1719 4651 1848 4703 nolit
1878 4653 1956 4704 sic
1983 4668 2041 4707 se
2074 4653 2287 4719 habere,
2316 4656 2381 4717 is,
2409 4672 2607 4726 quasso,
2633 4658 2789 4712 nobis
2819 4660 3087 4723 ostendat,
3123 4662 3246 4729 quis

1716 4754 1949 4808 unquam
1980 4742 2119 4815 apud
2146 4744 2290 4812 ipsos
2322 4744 2632 4801 Emmanuel
2663 4746 2842 4809 fuerit,
2878 4754 2933 4800 et
2980 4751 3247 4816 quomodo

1716 4828 1971 4898 propheta
2000 4829 2062 4882 ad
2097 4834 2487 4900 prophetissam
2542 4834 2853 4897 accesserit,
2891 4844 3082 4906 etquae
3129 4846 3253 4892 tan-

1714 4921 1833 4973 dem
1861 4934 1922 4971 ea
1957 4919 2046 4981 sit,
2084 4931 2137 4974 et
2174 4925 2442 4991 quomodo
2490 4935 2521 4975 e
2570 4925 2797 4993 vestigio
2842 4928 3181 4994 conceperit,
3202 4937 3257 4980 et

1714 5009 1959 5078 quisnam
1989 5010 2089 5063 iste
2111 5026 2171 5065 ex
2201 5014 2533 5081 prophetissa
2556 5025 2713 5069 natus
2742 5013 2913 5077 ﬁlius,
2951 5017 3043 5068 cui
3074 5030 3265 5068 nomen

1716 5100 1828 5169 ipse
1850 5099 2103 5155 Dominus
2126 5101 2458 5171 imposuerit,
2484 5122 2503 5154 ι
2520 5103 2787 5159 Celeriter
2814 5100 3057 5157 detrahe
3082 5104 3271 5170 spolia,

1713 5187 1834 5240 Cito
1861 5188 2116 5255 praedare,
2151 5207 2170 5240 ο
2203 5200 2256 5243 et
2287 5205 2526 5259 quanam
2561 5193 2631 5246 sit
2658 5204 2837 5245 causa
2856 5189 3130 5256 hujusce,
3165 5188 3283 5254 eius

1715 5277 1805 5345 qui
1836 5284 1994 5332 natus
2054 5279 2144 5345 sit,
2196 5281 2586 5349 appellationis.
2638 5278 2982 5337 Ostendaut
3048 5285 3294 5346 praeterea

1715 5366 1844 5439 "iud
1871 5368 1998 5437 (Ῑυίά
2027 5370 2117 5431 sit.
2160 5388 2178 5420 ε
2201 5372 2350 5438 prius
2396 5388 2553 5446 qpam
2587 5374 2731 5429 sciat
2763 5384 2912 5439 puer
2948 5379 3168 5418 vocare
3208 5375 3301 5446 pa-

1716 5466 1845 5512 trem
1875 5465 1929 5511 εί
1980 5467 2220 5519 matrem,
2250 5476 2269 5508 ι
2303 5444 2615 5529 potestatem
2673 5457 3012 5526 accepisse
3049 5444 3310 5529 Damasci.

1712 5557 1766 5601 et
1815 5548 1981 5616 spolia
2027 5546 2278 5600 Samaria
2314 5528 2511 5603 coram
2558 5563 2689 5619 rege
2734 5544 3181 5615 Assyriorum.
3217 5528 3325 5581 ﬂos

1712 5636 1853 5689 enim
1880 5634 2002 5697 ista,
2049 5642 2102 5689 et
2121 5633 2185 5687 ad
2217 5636 2462 5700 verbum,
2517 5646 2570 5694 et
2619 5640 2895 5706 ﬁgurate
2954 5620 3337 5706 accipientes.

1711 5727 1819 5796 jam
1850 5740 1992 5782 nunc
2037 5727 2301 5796 completa
2354 5742 2477 5788 esse
2527 5705 3070 5785 demonstremus
3129 5709 3192 5763 ίιδ
3242 5705 3357 5753 (πω

2936 5806 3044 5871 17
