3738 6302
846 394 971 452 Ἒῖὅ

1520 385 1779 439 EUSEBII
1817 381 2283 439 CIESARIENSIS
2320 379 2466 435 OPP.
2491 377 2674 429 PARS
2708 377 2773 429 Il.
2815 373 2996 426 ‘A‘POLl

1818 381 2283 439 (ΞᾹΞΒΔΒΙΕΝΞΙΞ
2320 379 2466 435 οΡΡ.
2491 377 2674 429 PARS
2708 377 2773 429 Il.
2815 369 3294 426 ‘A‘POLOGETICA.

871 505 1162 562 Salvatoris
1208 502 1398 563 nostri,
1451 502 1643 568 quippe
1683 499 1772 566 qui
1819 497 1948 551 illud
1986 497 2111 548 item
2142 491 2347 547 ostendi

1859 497 1948 550 lud
1986 497 2111 548 item
2142 491 2391 547 ostende-
2418 497 2464 549 Α
2493 488 2664 559 ῥητῶς
2732 485 2871 537 κατὰ
2922 482 3017 551 τὴν
3091 480 3335 551 πρόχειρο

869 603 1039 653 rimus
1086 595 1216 647 alias
1247 592 1457 661 quidem
1504 589 1569 641 ad
1593 589 1832 650 verbum,
1861 594 1913 639 et
1941 584 2234 639 secundum
2279 595 2394 635 eam

871 686 1186 744 sententiam
1211 698 1328 753 qua:
1355 683 1408 734 in
1457 685 1701 749 promptu
1728 678 1818 739 sit,
1851 676 1983 729 alias
2010 687 2139 727 vero
2180 670 2397 740 ﬁgurate

852 783 1116 847 oportere
1143 773 1199 826 in
1225 773 1369 841 ipsas
1411 768 1735 838 prephetias
1768 765 2104 827 incumbere;
2147 762 2397 816 continuo

870 878 1102 934 namque
1141 867 1262 931 post
1302 873 1394 913 eas
1440 872 1555 925 quae
1584 863 1739 908 antea
1768 853 1924 906 dictae
1947 858 2072 906 sunt
2095 865 2272 914 voces,
2306 864 2400 916 per

872 953 1208 1009 obscuriores
1250 950 1509 1018 quasdam
1558 945 1753 1014 ﬁguras
1783 941 2127 1011 adiungitur:
2163 957 2181 989 ι
2216 938 2281 990 Et
2308 938 2401 990 ad-

867 1043 998 1112 jecit
1023 1039 1279 1094 Dominus
1332 1036 1478 1106 loqui
1516 1034 1584 1087 ad
1626 1049 1710 1087 me
1737 1031 1910 1085 adhuc
1940 1073 1954 1097 ,
1994 1046 2057 1086 eo
2096 1029 2237 1112 quod
2270 1029 2401 1081 nolit

872 1111 1102 1202 populus
1156 1130 1259 1184 iste
1313 1140 1505 1196 aquam
1555 1123 1774 1186 Siloam,
1821 1138 1938 1192 qua:
1974 1121 2118 1175 vadit
2172 1111 2295 1174 cum
2328 1120 2403 1175 si.-

872 1222 1054 1284 lentio,
1085 1218 1177 1273 sed
1190 1218 1316 1272 velit
1346 1216 1543 1270 habere
1571 1212 1842 1278 Rhaasim,
1882 1222 1936 1266 et
1969 1211 2134 1264 ﬁlium
2201 1210 2401 1264 Rome-

865 1312 974 1365 Μαι.
1008 1309 1210 1363 Idcirco
1231 1322 1355 1362 ecce
1376 1304 1630 1359 Dominus
1660 1302 1884 1357 adducet
1909 1315 2173 1371 supervos
2209 1313 2400 1368 aquam
2444 1333 2450 1341 -

864 1402 1108 1457 ﬂuminis
1145 1390 1347 1454 fortem'
1373 1406 1426 1454 et
1450 1398 1675 1452 multam
1700 1436 1714 1461 ,
1747 1409 1923 1466 regem
1954 1393 2320 1460 Assyriorum,
2345 1396 2405 1443 et

876 1492 1098 1561 gloriam
1152 1489 1268 1558 ejus
1306 1507 1318 1541 :
1356 1496 1407 1542 et
1440 1487 1687 1542 ascendet
1742 1500 1901 1554 super
1940 1497 2150 1536 omnem
2183 1479 2403 1534 conval-

876 1583 978 1635 lem
1001 1586 1252 1643 vestram,
1306 1584 1361 1632 et
1398 1577 1688 1631 ambulabit
1739 1589 1899 1644 super
1925 1586 2135 1626 omnem
2188 1582 2403 1623 murum

872 1678 1134 1732 vestrum,
1155 1676 1207 1723 et
1233 1666 1436 1722 auferet
1466 1667 1532 1721 de
1560 1666 1739 1721 Judaea
1782 1664 2070 1723 hominem.
2120 1660 2211 1729 qui
2235 1657 2404 1727 possit

875 1767 1037 1830 caput
1065 1758 1251 1812 tollere
1288 1773 1300 1807 :
1332 1750 1423 1810 aut
1449 1756 1539 1826 qui
1570 1756 1794 1809 idoneus
1818 1754 1887 1807 sit
1909 1763 2283 1806 consummare
2303 1747 2402 1799 ali-

877 1848 1023 1920 quid,
1066 1854 1119 1904 et
1171 1854 1325 1901 erunt
1358 1854 1536 1900 castra
1564 1845 1704 1916 ejus,
1739 1840 1814 1896 ita
1845 1849 1901 1896 ut
1934 1841 2187 1909 impleant
2225 1837 2406 1890 latitu-

859 1939 1052 1994 ‘dinem
1094 1936 1327 2006 regionis
1376 1944 1497 2000 tuae,
1544 1935 1821 1989 nobiscum
1879 1931 2037 1986 Deus.
2090 1926 2407 1998 Cognoscite

878 2037 1061 2098 gentes
1092 2035 1144 2080 et
1172 2025 1471 2088 vincimini,
1526 2024 1774 2079 exaudite
1808 2036 1977 2090 usque
2016 2020 2081 2074 ad
2110 2026 2406 2074 extremum

776 2126 781 2133 '
879 2125 1035 2172 terra
1063 2115 1126 2169 ⁸⁸.
1156 2132 1175 2165 ι
1209 2113 1526 2168 Planissime
1554 2114 1696 2167 enim
1723 2112 1836 2165 haec
1866 2110 2014 2164 nulla
2041 2109 2144 2162 alia
2174 2107 2403 2169 ratione,

878 2222 1038 2278 quam
1075 2222 1139 2260 ex
1174 2205 1360 2274 ﬁgura,
1413 2211 1466 2258 et
1499 2203 1890 2266 immutatione,
1951 2197 2407 2265 conversioneque

866 2298 1161 2360 sermonis,
1179 2295 1492 2350 sententiam
1507 2301 1720 2348 servant
1739 2314 1750 2346 :
1765 2290 2062 2362 signiﬁcant
2079 2300 2304 2357 namque
2314 2300 2408 2353 per

874 2402 1072 2456 aquam
1100 2385 1296 2440 Siloam
1317 2399 1436 2454 qua:
1470 2384 1612 2438 vadit
1636 2397 1757 2436 cum
1786 2382 2017 2442 silentio,
2048 2376 2403 2445 evangelicam

882 2474 1133 2530 salutaris
1160 2473 1309 2527 verbi
1353 2472 1648 2525 doctrinam
1677 2488 1691 2523 :
1719 2485 1842 2523 nam
1860 2484 1929 2524 ex
1948 2464 2402 2532 interpretatione,

876 2565 1081 2620 Siloam
1107 2564 1303 2620 dicitur
1327 2563 1535 2615 missus.
1567 2560 1735 2615 Porro
1766 2559 1855 2612 hic
1882 2558 2127 2626 quisnam
2155 2554 2291 2607 alius
2313 2553 2404 2616 sit,

884 2656 988 2708 nisi
1032 2653 1125 2723 qui
1154 2666 1184 2704 a
1220 2649 1377 2703 Patre
1410 2648 1475 2701 ad
1506 2662 1604 2701 nos
1638 2646 1837 2700 missus
1876 2644 2017 2698 Deus
2043 2640 2275 2694 Verbum
2296 2639 2319 2690 ?
2340 2637 2407 2691 de

867 2756 989 2811 quo
1029 2742 1189 2795 etiam
1236 2737 1410 2792 Moses
1436 2735 1510 2789 ait
1542 2754 1554 2787 :
1601 2753 1620 2785 ‹
1648 2733 1764 2788 Non
1795 2732 2003 2787 deﬁciet
2048 2728 2296 2799 princeps
2340 2727 2407 2781 de

876 2830 1037 2894 Juda,
1066 2842 1237 2896 neque
1265 2826 1374 2879 dux
1423 2824 1489 2878 de
1538 2823 1830 2878 femoribus
1860 2821 2000 2890 ejus,
2032 2820 2201 2873 donec
2232 2817 2407 2873 veniat

883 2922 969 2975 cui
998 2919 1287 2988 repositum
1298 2922 1400 2984 cst,
1412 2924 1464 2971 et
1482 2915 1596 2986 ipse
1608 2914 1709 2969 crit
1721 2910 2045 2982 exspectatio
2057 2910 2290 2980 gentium
2306 2909 2369 2962 ⁸³.
2381 2925 2400 2959 ι

883 3011 1039 3081 333
1073 3009 1175 3063 Pro
1207 3008 1298 3061 illo
1327 3007 1469 3061 enim
1489 3045 1504 3068 ,
1535 3023 1554 3055 ι
1582 3005 1668 3058 cui
1702 3003 1993 3073 repositum
2023 3008 2135 3063 est,
2173 3018 2192 3050 ι
2220 2999 2275 3052 in
2302 2996 2406 3051 He-

884 3100 1070 3154 braico
1093 3098 1318 3152 habetur
1339 3116 1358 3146 ι
1380 3094 1611 3158 Siloam,
1628 3113 1645 3143 ι
1665 3107 1787 3147 eum
1816 3092 2063 3147 videlicet
2086 3089 2178 3159 qui
2198 3088 2287 3143 hic
2312 3089 2405 3142 ha-

886 3193 1041 3246 betur
1069 3187 1299 3251 Siloam,
1334 3187 1435 3240 hoc
1466 3192 1578 3248 est,
1612 3185 1835 3238 missum
1859 3221 1875 3247 ,
1905 3183 2065 3237 etiam
2096 3182 2206 3235 illic
2242 3181 2410 3250 signi-

882 3283 1079 3336 ﬁcante
1122 3279 1359 3334 oraculo.
1409 3274 1577 3329 Porro
1628 3272 1881 3326 Rhaasim
1932 3287 2029 3327 rex
2081 3270 2182 3325 fuit
2226 3284 2410 3324 earum

872 3370 1125 3439 gentium
1167 3381 1285 3436 qua:
1327 3364 1615 3420 simulacra
1656 3360 1903 3415 Damasci
1938 3359 2220 3422 colebant,
2271 3359 2412 3412 sicut

891 3459 1141 3513 llomelia:
1172 3456 1313 3510 ﬁlius
1342 3456 1458 3523 ejus
1483 3452 1718 3507 Judaica:
1743 3450 1945 3520 gentis,
1979 3462 2098 3518 quae
2127 3448 2180 3500 in
2225 3446 2411 3501 Sama-

876 3550 970 3603 ria
1011 3547 1235 3617 patriam
1283 3545 1593 3614 religionem
1635 3542 1961 3596 deseruerat.
2007 3536 2238 3591 Minatur
2285 3549 2411 3603 ergo

878 3639 1029 3692 .Deus
1059 3637 1126 3692 iis
1153 3636 1247 3706 qui
1278 3632 1512 3697 Siloam,
1541 3633 1643 3686 hoc
1672 3638 1788 3698 est,
1822 3630 2046 3683 missum
2076 3624 2408 3686 Emmanuel,

880 3734 944 3778 .ct
969 3740 1089 3779 eum
1116 3724 1210 3792 qui
1230 3738 1295 3776 ex
1321 3722 1541 3776 muliere
1565 3719 1874 3789 prophetica
1900 3724 2060 3772 natus
2088 3716 2190 3778 sit,
2222 3714 2408 3776 ﬁlium,

880 3815 1226 3884 .potabileque
1256 3827 1322 3865 ac
1350 3812 1634 3866 fecundum
1664 3810 1782 3878 ejus
1814 3808 2046 3863 Verbum
2081 3821 2188 3860 non
2228 3819 2412 3859 susce-

892 3905 1104 3973 perint,
1137 3903 1231 3957 sed
1264 3902 1393 3956 illud
1425 3901 1670 3969 quamvis
1702 3906 1978 3953 mansuete
2008 3904 2061 3950 et
2092 3910 2212 3949 cum
2245 3895 2411 3948 silen-

891 3994 967 4046 tio
1018 3992 1243 4057 feratur,
1296 3991 1691 4051 recusaverint,
1743 3995 1796 4042 et
1842 3994 2028 4040 contra
2071 3985 2277 4055 seipsos
2322 3992 2414 4036 aut

894 4082 1132 4152 gentium
1162 4079 1448 4151 simulacra
1477 4078 1798 4139 colentium,
1839 4082 1930 4128 aut
1972 4073 2151 4143 populi
2189 4073 2280 4126 Dei
2322 4072 2414 4125 de-

890 4171 1142 4229 fectionis
1188 4168 1491 4239 principem
1554 4164 1899 4235 optaverint,
1958 4177 2017 4216 se
2068 4160 2412 4214 inducturum

892 4275 1083 4331 aquam
1138 4263 1374 4319 ﬂuminis
1437 4258 1636 4313 fortem
1706 4262 1758 4309 et
1796 4252 2049 4311 multam,
2080 4263 2237 4317 quam
2285 4262 2414 4300 sane

894 4365 1086 4420 aquam
1113 4386 1130 4415 ,
1181 4349 1356 4417 ipsum
1393 4346 1682 4415 prophetiae
1717 4342 1991 4397 oraculum
2039 4339 2415 4404 interpretatur

2432 1806 2475 1860 Β
2503 1786 2812 1859 παρεμϐολὴ
2873 1780 3033 1836 αὐτοῦ
3063 1820 3077 1845 ,

2493 575 2762 647 τροπικῶς
2813 574 2920 626 δεῖν
2974 569 3269 623 ἐπιϐάλλειν
3319 582 3336 617 οι

2494 678 2619 730 τίκα
2673 674 2796 745 ἑξῆς
2847 674 2967 734 ταῖς
3022 666 3336 739 προειρημέν

2494 768 2712 837 γμάτων
2765 760 2919 825 αὖθις
2959 760 3257 825 ὲπιλέγεται
3283 772 3296 787 ο
3334 788 3335 793 η

2495 857 2716 926 λαλῆσαί
2768 872 2855 925 μοι
2905 853 3023 915 ἐτι,
3083 849 3170 902 διὰ
3200 848 3259 900 τὸ
3318 864 3336 916 ι

2493 946 2674 1000 τοῦτον
2714 945 2774 996 τὸ
2805 943 2945 1011 ὕδωρ
2980 938 3074 991 τοῦ
3105 935 3319 1005 Σιλωὰμ

2497 1037 2627 1092 ἀλλὰ
2683 1032 2960 1105 βούλεσθαι
3018 1030 3159 1099 ἔχειν
3209 1028 3295 1079 τὸν

2508 1125 2795 1197 Ῥομελίου.
2847 1123 2946 1175 Διά
3005 1120 3158 1172 τοῦτο
3192 1118 3336 1171 ἰδοὺ]

2496 1218 2557 1271 τὸ
2585 1216 2723 1286 ὕδωρ
2751 1212 2844 1266 τοῦ
2878 1210 3124 1281 ποταμοῦ
3154 1208 3213 1262 τὸ
3245 1209 3336 1276 ίσχν

2500 1312 2716 1383 βασιλέα
2755 1309 2860 1363 τῶν
2906 1307 3206 1376 Ἀσσυρίων
3231 1343 3244 1366 ,
3279 1319 3336 1355 ira

2498 1403 2820 1472 ἀναϐήσεται
2868 1399 2961 1450 ἐπὶ
3014 1397 3192 1449 πᾶσαν
3243 1393 3336 1461 φάε

2500 1504 2726 1571 πατήσει
2784 1498 2873 1550 ἐπὶ
2925 1498 3032 1549 πᾶν
3086 1497 3261 1562 τεῖχος
3312 1490 3336 1542 ὑ

2499 1605 2595 1673 τῆς
2655 1600 2904 1660 Ἰουδαίας
2964 1596 3247 1665 ἄνθρωπον
3273 1630 3286 1652 ,

2501 1694 2628 1767 ἆραι
2650 1734 2664 1758 ,
2714 1694 2747 1763 ἢ
2797 1690 3012 1744 δυνατὸν
3065 1685 3336 1738 συντελέσι

3161 1779 3302 1831 ὥστε

2503 1889 2602 1956 τῆς
2651 1883 2828 1955 χώρας
2884 1897 2976 1932 σου
3004 1896 3019 1908 °
3065 1876 3183 1947 μεθ’
3219 1874 3336 1945 ήμῶ

2503 1975 2597 2028 καὶ
2647 1969 2873 2041 ἡττᾶσθε
2899 2006 2913 2030 ,
2966 1963 3303 2017 ὲπακοὺσατε

2502 2061 2694 2132 Σαφῶς
2738 2059 2842 2129 γὰρ
2891 2054 3062 2109 ταῦτα
3092 2052 3212 2105 οὐδὲ
3262 2051 3336 2104 ἀλῖ

2504 2153 2642 2206 κατὰ
2694 2150 2861 2220 μόνην
2893 2144 3244 2216 τροπολογίαν
3276 2140 3336 2210 τὴ

2503 2241 2584 2292 λοῖ
2633 2236 2781 2305 γοῦνι
2815 2235 2907 2288 καὶ
2952 2231 3092 2286 αὐτὰ
3129 2229 3217 2283 διὰ
3259 2228 3336 2298 μὲν

2503 2336 2658 2406 λωὲιμ
2708 2331 2801 2385 τοῦ
2848 2330 3021 2400 ἠσυχῆ
3065 2324 3335 2396 πορευομέ

2505 2423 2770 2495 σωτηρίου
2842 2419 2997 2487 λόγου
3072 2413 3336 2468 διδασκαλι

2503 2519 2723 2589 Σιλωὰμ
2750 2514 3218 2584 ἀπεσταλμένος.
3315 2511 3336 2562 (

2504 2614 2713 2683 Πατρδς
2761 2612 2888 2681 ἡμῖν
2939 2604 3336 2676 ἀπεσταλμένος

2503 2714 2596 2766 καὶ
2632 2711 2835 2781 Μωσῆς
2867 2726 3027 2779 φησιν
3050 2723 3064 2737 ·
3105 2725 3123 2757 ί
3151 2705 3263 2758 Οὐκ
3311 2704 3336 2753 ὲ

2502 2802 2621 2855 οὐδὲ
2647 2801 2942 2872 ἡγούμενος
2971 2801 3036 2851 ἐκ
3066 2795 3172 2849 τῶν
3218 2810 3336 2865 μηρι

2501 2888 2546 2960 ᾦ
2595 2893 2912 2961 ἀπόκειται,
2972 2889 3067 2942 καὶ
3114 2886 3273 2948 αὐτὸς
3319 2884 3336 2935 ἔ

2516 2982 2657 3034 Ἀντὶ
2678 2980 2770 3033 τοῦ
2797 2981 2903 3050 γὰρ
2941 2973 3015 3047 ιῷ
3031 2978 3331 3039 ἀπόκειται,

2432 3107 2474 3164 c
2509 3072 2764 3143 περιέχει,
2794 3072 2884 3123 τὸν
2937 3068 3171 3123 ἐνταῦθα
3211 3066 3336 3118 Σιλα

2507 3160 2825 3230 εσταλμένον
2848 3159 3010 3211 κάκεῖ
3041 3154 3321 3226 δηλοῦντος

2508 3246 2753 3317 βασιλεὺς
2788 3240 2856 3313 ἦν
2885 3244 3053 3297 πάλιν
3111 3243 3219 3296 τῶν
3260 3242 3315 3293 έν

2507 3344 2691 3407 ἐθνῶν,
2737 3345 2812 3406 ὡς
2859 3345 2957 3396 καὶ
3000 3345 3029 3395 ὁ
3076 3342 3189 3405 υίὸς
3224 3341 3336 3408 Ῥοε

2506 3433 2597 3486 τοῦ
2634 3432 2899 3485 Ἰουδαίων
2943 3431 3129 3495 ἔθνους
3162 3432 3333 3483 ἀποστ

2510 3522 2711 3584 σκείας.
2776 3521 3016 3573 Ἀπειλεῖ
3044 3519 3326 3591 τοιγαροῦν

2506 3609 2682 3679 λωάμ,
2706 3608 2845 3662 τοῦτ’
2877 3608 2995 3661 ἔστι
3026 3609 3115 3661 τὸν
3140 3609 3336 3660 ἀπεστο

2505 3706 2595 3758 τὸν
2628 3706 2690 3756 ἐκ
2713 3704 2811 3773 τῆς
2842 3701 3174 3773 προφήτιδος
3206 3716 3331 3769 γεγε

2507 3810 2659 3864 τιμον
2688 3795 2779 3845 καὶ
2799 3793 3023 3863 γόνιμον
3048 3790 3212 3845 αὑτοῦ
3243 3790 3336 3857 Λόγ

2507 3884 2705 3936 τοῦτον
2746 3884 2860 3952 μὲν,
2923 3882 3101 3935 καίτοι
3156 3881 3336 3951 πράως

2510 3972 3023 4043 παραιτησαμένοις,
3065 3971 3185 4024 καθ’
3210 3972 3335 4022 ὲαυτ

2510 4060 2778 4129 λολατρῶν
2806 4058 2982 4112 ἐθνῶν
3024 4061 3280 4129 ἄρχοντα,
3314 4058 3336 4109 ἱ

2511 4148 2635 4201 λαοῦ
2657 4147 2749 4201 τοῦ
2778 4148 2915 4201 Θεοῦ
2967 4148 3242 4218 ἑλομένοις
3276 4150 3336 4199 ὲπ

2517 4238 2615 4308 μοῦ
2636 4239 2695 4291 τὸ
2724 4238 2943 4308 ἰσχυρὸν
2987 4240 3082 4291 καὶ
3117 4238 3178 4290 τὸ
3214 4237 3336 4289 πολὶ

2514 4328 2842 4398 προφητείας
2866 4327 3027 4396 λόγος
3078 4327 3336 4399 ἐρμηνεύε

894 4442 1116 4502 dicens,
1150 4437 1326 4506 ipsum
1361 4449 1482 4489 esse
1523 4448 1699 4502 regem
1734 4430 2095 4499 Assyriorum.
2145 4424 2232 4480 Sic
2273 4426 2370 4479 enin

1859 4430 2095 4487 rriorum.
2145 4424 2232 4480 Sic
2273 4426 2414 4479 enim
2448 4416 2488 4469 ι)
2518 4417 2736 4487 βασιλέα
2769 4417 2879 4469 τῶν
2928 4419 3229 4489 Ἀσσυρίων
3251 4434 3262 4446 ·
3299 4418 3335 4469 oi

896 4544 1084 4585 rursus
1118 4525 1410 4581 secundum
1442 4521 1756 4577 sententiam
1780 4559 1795 4583 ,
1830 4528 1920 4572 aut
1962 4516 2225 4586 signiﬁcat
2265 4515 2414 4583 prin-

894 4619 1064 4690 cipem
1093 4616 1275 4674 saeculi
1300 4615 1478 4687 hujus,
1506 4622 1632 4675 aut,
1656 4610 1796 4680 quod
1826 4624 1968 4662 nunc
1996 4624 2169 4664 rerum
2197 4608 2414 4675 potitur,

894 4711 1256 4765 Romanorum
1285 4705 1600 4775 imperium,
1637 4701 1724 4754 cui
1770 4700 1995 4768 imperio
2036 4698 2217 4752 traditi
2262 4705 2414 4759 sunt,

896 4799 989 4868 qui
1022 4812 1137 4853 eam
1161 4835 1176 4861 ,
1213 4795 1279 4850 de
1305 4808 1412 4863 qua
1439 4792 1639 4847 dictum
1667 4797 1785 4853 est,
1815 4804 2007 4856 aquam
2035 4786 2268 4851 Siloam,
2302 4799 2418 4854 quae

901 4902 1026 4942 cum
1059 4885 1271 4943 silentio
1312 4883 1490 4947 vadit,
1523 4887 1936 4944 recusaverunt,
1966 4876 2286 4932 adversariis
2323 4889 2419 4929 au-

898 4990 1004 5036 tem
1038 4991 1196 5053 atque
1228 4982 1469 5036 hostibus
1499 4984 1657 5033 rectae
1684 4974 1909 5029 rationis
1938 4971 2220 5027 sententiis
2260 4976 2418 5037 atque

899 5068 1237 5134 opinionibus
1253 5109 1267 5129 ,
1291 5070 1497 5138 seipsos
1523 5066 1869 5135 subjecerunt
1893 5083 1905 5119 :
1939 5080 1969 5120 e
1993 5065 2216 5133 vestigio
2241 5057 2383 5114 enim
2400 5095 2415 5120 ,

902 5170 1077 5223 neque
1107 5156 1182 5208 ita
1212 5165 1335 5223 post
1364 5159 1590 5212 multum
1629 5165 1838 5225 tempus
1858 5195 1873 5219 ,
1904 5156 1959 5208 in
1990 5169 2084 5209 eos
2113 5152 2205 5222 qui
2235 5149 2420 5203 Salva-

903 5244 1039 5296 toris
1063 5244 1233 5295 nostri
1267 5243 1606 5314 Evangelium
1641 5262 1749 5300 non
1785 5249 2166 5312 susceperant,
2200 5238 2295 5295 sed
2326 5252 2419 5306 p0-

904 5338 1018 5383 tum
1049 5328 1246 5382 Siloam
1267 5368 1282 5391 ,
1316 5331 1408 5397 qui
1450 5334 1647 5387 labitur
1683 5350 1808 5389 cum
1841 5332 2080 5394 silentio,
2129 5340 2417 5385 recusave-

903 5425 1059 5478 rant,
1092 5416 1451 5472 Romanorum
1481 5421 1547 5474 ab
1575 5412 1693 5490 ipso
1724 5424 1833 5480 Deo
1863 5424 2101 5479 directus
2130 5420 2416 5479 exercitus,

906 5506 1051 5559 facto
1084 5505 1281 5572 impetu
1301 5542 1317 5566 ,
1352 5509 1648 5572 penetravit
1680 5510 1736 5563 in
1768 5527 1981 5569 omnem
2014 5510 2308 5567 convallem
2341 5507 2420 5574 ip-

886 5608 1125 5655 40mm,
1170 5600 1222 5645 et
1267 5594 1555 5649 ambulavit
1597 5612 1756 5665 super
1798 5617 2009 5658 omnem
2038 5614 2247 5657 murum
2277 5598 2420 5667 ipso-

969 5711 1015 5743 ι·
1047 5705 1151 5763 lsa.
1178 5718 1297 5772 vni,
1335 5704 1448 5761 5-8.
1496 5706 1568 5797 ’δ’
1598 5706 1728 5767 Gen.
1761 5727 1903 5784 xuii,
1935 5715 2020 5772 10.

2515 4525 2657 4560 νοιαν
2709 4508 2991 4576 σημαίνων
3036 4508 3127 4561 τὸν
3176 4509 3336 4578 ἄρχον

2515 4597 2607 4664 τὴν
2638 4596 2730 4649 νῦν
2751 4599 3154 4667 ἐπικρατοῦσαν
3181 4598 3336 4665 Ῥωμε

2515 4688 2769 4757 εδόθησαν
2825 4690 2874 4740 οἱ
2923 4688 2985 4741 τὸ
3049 4690 3147 4761 μὲν
3197 4688 3336 4759 δηλω

2516 4777 2871 4848 πορευόμενον
2895 4781 3074 4851 ἡσυχῆ
3104 4796 3336 4850 παραιτη

2515 4870 2605 4921 καὶ
2638 4867 2915 4937 πολεμίοις
2933 4870 3027 4923 τοῦ
3049 4870 3209 4941 ὀρθοῦ
3232 4869 3336 4935 Myl

2515 4957 2855 5026 ϐεϐληκότες.
2873 4959 3083 5013 Αὐτίκα
3094 4959 3221 5028 γοῦν
3246 4958 3336 5010 καὶ

2514 5046 2821 5117 δεξαμένοις
2837 5049 3022 5111 αὐτοῖς
3051 5050 3111 5103 τὸ
3146 5049 3237 5102 τοῦ
3263 5050 3336 5100 Σιι

2516 5139 3015 5208 παραιτησαμένοις
3043 5140 3100 5192 δὲ
3128 5139 3191 5191 τὸ
3214 5137 3306 5190 τοῦ
3331 5138 3336 5189 Ζ

2518 5238 2674 5289 μενον
2698 5224 2896 5294 ἡσυχῆ,
2928 5223 3167 5277 ἐπελθὼν
3199 5223 3303 5276 ὑπὸ

2528 5313 2807 5382 Ῥωμαίων
2842 5316 3090 5385 στρατὸς,
3123 5314 3336 5384 ἀνελήλι

2517 5403 2713 5467 αὐτῶν,
2739 5406 2835 5458 καὶ
2859 5408 3259 5478 περιεπάτησεν
3286 5408 3336 5457 ἐπ

2517 5505 2730 5573 ἀφεῖλεν
2773 5507 2878 5559 ἀπὸ
2925 5505 3025 5575 τῆς
3062 5505 3321 5567 Ἰουδαίας

2520 5595 2753 5666 κεφαλὴν
2794 5594 2943 5669 ἆραι,
2980 5598 3071 5652 καὶ
3124 5596 3336 5650 δυνατὸν
