3738 6300
117 409 209 469 5‘35

993 405 1628 462 DEMONSTRATLONIS
1657 399 2100 460 EVANGELICJ‘I
2121 400 2248 456 LIB.
2281 399 2391 485 Vl},

3159 405 3269 460 526

110 524 312 595 γέγονεν
340 522 368 592 ἡ
393 520 710 590 παρεμϐολὴ
741 521 834 573 τοῦ
859 521 1178 592 δηλωθέντος
1202 523 1455 591 τοσαύτη,
1495 522 1627 574 ὥστε

1733 533 1882 580 rum,
1911 526 1962 572 et
1992 515 2212 570 abstulit
2249 515 2317 570 de
2361 515 2544 570 Judaea
2590 516 2902 580 hominem,
2949 517 3042 588 qui
3087 529 3272 588 posset

111 613 372 684 πληρῶσαι
423 611 482 663 τὸ
523 612 726 673 πλάτος
779 611 879 680 τῆς
943 613 1192 674 Ἰουδαίας
1241 612 1471 682 ἁπάσης.
1525 612 1632 664 Καὶ

110 704 248 756 τοῦτό
271 719 332 770 γε
362 701 491 772 πρὸς
519 699 664 764 λέξιν
692 700 861 763 οὕτως
899 703 976 763 εἰς
1017 702 1250 764 ἐκείνους
1283 703 1630 770 ἐκπεπλήρω-

109 811 204 846 ται.
251 791 347 844 Διὰ
393 791 548 844 ποίαν
597 790 796 850 αἰτίαν,
823 791 869 842 εἰ
893 789 954 842 δὴ
983 791 1168 860 μαθεῖν
1201 791 1418 852 ἐθέλεις,
1445 791 1627 844 ἄκουε.

112 884 217 936 Ὅτι
247 882 358 951 μεθ’
382 880 574 948 ήμῶνό
594 879 728 942 Θεὸς
765 881 1125 948 Ἑμμανουὴλ,
1157 884 1185 932 6
1208 883 1270 931 ἐκ
1298 881 1396 947 τῆς
1426 881 1630 950 Παρθέ-

112 987 190 1024 νου
211 968 604 1038 γεγεννημένος,
625 969 742 1021 ἀλλ’
783 968 842 1021 ού
893 970 981 1020 καὶ
1015 971 1126 1036 μετ’
1153 968 1326 1022 αὐτῶν
1352 965 1418 1038 ἦν
1436 985 1448 998 ο
1476 969 1634 1029 ὡςέῑ

111 1075 170 1126 γε
197 1054 328 1127 εἶχον
355 1055 525 1119 αὐτὸν,
562 1057 664 1108 οὐκ
713 1055 778 1110 ἂν
804 1056 972 1110 ταῦτα
1024 1057 1392 1110 πεπόνθεισαν.
1436 1058 1524 1110 Διὸ
1565 1057 1628 1128 δὴ

111 1149 229 1218 ἑξῆς
249 1150 276 1200 6
299 1147 437 1214 λόγος
466 1149 574 1208 τοῖς
601 1147 812 1199 ἔθνεσιν
840 1145 1116 1200 ἐπιϐοᾶται
1147 1149 1235 1200 τὸν
1270 1147 1626 1217 Ἐμμανουήλ,

110 1220 290 1303 λέγων·
325 1254 342 1284 ι
376 1233 504 1287 Μεθ’
543 1233 702 1303 ἡμῶν
745 1247 774 1284 ο
815 1234 944 1296 Θεός
967 1251 980 1264 ·
1012 1233 1204 1302 γνῶτε,
1240 1233 1384 1303 ἔθνη,
1409 1235 1500 1287 καὶ
1535 1235 1628 1302 ἡτ-

110 1325 276 1376 τᾶσθε.
301 1347 317 1373 ι
345 1324 448 1375 Καὶ
468 1322 639 1374 ταῦτα
671 1323 717 1374 δ’
747 1325 875 1392 ἡμῖν
899 1323 1285 1392 ἑρμηνεύεται,
1314 1325 1392 1383 είς
1433 1323 1494 1376 τὸ
1521 1340 1624 1374 πα-

113 1409 372 1478 ραστῆσαι,
405 1409 477 1471 ὼς
504 1408 636 1460 ποτὲ
665 1409 764 1478 μὲν
796 1409 935 1462 κατὰ
962 1409 1120 1472 λέξιν,
1147 1411 1273 1462 ποτὲ
1317 1410 1374 1462 δὲ
1399 1410 1463 1462 δι’
1489 1413 1626 1463 αἰνι-

107 1497 243 1565 γμῶν
263 1498 326 1550 τὰ
358 1497 581 1551 πλεῖστα
616 1497 726 1549 τῶν
773 1498 1114 1568 προφητειῶν
1147 1498 1494 1568 ἐκλαμϐάνειν
1518 1500 1622 1552 δεῖ·

107 1587 237 1639 ἐνθεν
277 1587 330 1638 δὲ
379 1589 731 1656 ὁρμωμένους
758 1589 1020 1659 προσήκει
1053 1588 1143 1640 καὶ
1168 1587 1234 1641 τὰ
1253 1588 1410 1641 λοιπὰ
1442 1589 1534 1660 τῆς
1573 1591 1628 1642 ὲν

108 1679 239 1747 χερσὶ
268 1680 596 1749 προφητείας
621 1679 824 1749 ὁμοίως
856 1680 1190 1752 ὲπιθεωρεῖν.

1735 613 1896 676 caput
1942 605 2129 659 tollere
2149 643 2162 668 ,
2199 611 2292 657 aut
2321 603 2414 674 qui
2446 603 2670 658 idoneus
2701 615 2846 660 esset
2891 621 3268 661 consummare

1735 693 1938 764 aliquid
1965 711 1979 747 :
2014 701 2064 746 et
2098 691 2240 746 facta
2272 699 2398 748 sunt
2426 691 2556 762 ejus
2577 699 2754 747 castra
2787 693 2921 748 adeo
2953 710 3176 766 magna,
3209 705 3268 750 ut

1735 785 1998 840 universae
2044 783 2239 838 Judaeze
2282 783 2619 836 latitudinem
2666 783 3020 852 impleverint.
3066 785 3132 839 Et
3164 787 3268 840 hoc

1733 875 1945 945 quidem
1967 888 2062 926 cur
2078 875 2150 926 ita
2169 872 2234 926 ad
2252 874 2470 928 verbum
2500 880 2689 927 contra
2707 873 2826 926 illos
2839 875 3156 943 completum
3175 877 3266 939 sit,

1731 966 1778 1020 si
1809 965 1888 1019 vis
1918 963 2158 1026 discere,
2189 963 2314 1017 audi
2341 963 2472 1032 jam.
2504 961 2705 1031 Nempe
2729 963 2980 1032 quoniam
3009 963 3096 1018 ille
3129 967 3268 1018 Deus

1735 1052 2086 1117 Emmanuel,
2132 1053 2224 1122 qui
2270 1054 2336 1108 de
2367 1051 2585 1122 Virgine
2626 1061 2784 1106 natus
2825 1061 2940 1116 est,
2986 1055 3267 1109 nobiscum

1733 1141 1864 1207 fuit,
1891 1157 1999 1195 non
2025 1156 2148 1194 cum
2178 1141 2285 1196 illis
2309 1159 2324 1207 ;
2350 1157 2470 1194 nam
2503 1142 2547 1196 si
2578 1141 2724 1194 illum
2753 1141 3066 1197 habuissent
3091 1182 3106 1207 ,
3134 1159 3268 1198 nun-

1728 1248 1888 1302 quam
1920 1235 2047 1287 talia
2083 1235 2224 1302 passi
2259 1242 2458 1288 essent.
2494 1233 2834 1302 QuaprOpter
2859 1233 2972 1302 jam
3005 1234 3261 1304 deinceps

1729 1324 2002 1377 oraculum
2051 1324 2116 1376 ad
2161 1333 2347 1392 gentes
2399 1323 2650 1376 inclamat
2701 1325 2875 1390 ipsum
2919 1322 3264 1390 Emmanuel,

1731 1414 1916 1466 dicens
1951 1431 1964 1466 :
1997 1432 2013 1462 ι
2050 1412 2341 1468 Nobiscum
2393 1411 2532 1466 Deus
2553 1453 2567 1476 ,
2621 1413 2948 1480 cognoscite,
2975 1423 3178 1482 gentes,
3213 1422 3268 1469 et

1733 1504 2028 1558 vincimiui.
2063 1524 2080 1552 ι
2114 1504 2176 1557 Et
2221 1504 2334 1558 haec
2374 1504 2589 1572 quidem
2631 1519 2730 1558 nos
2765 1504 2865 1558 hoc
2908 1503 3068 1557 modo
3099 1503 3268 1558 inter-

1733 1596 1920 1663 pretati
1969 1609 2155 1648 sumus
2179 1636 2193 1658 ,
2225 1604 2282 1648 ut
2322 1595 2726 1648 ostenderemus
2749 1633 2763 1656 ,
2811 1595 3265 1664 quemadmodum

1733 1701 1877 1738 nunc
1924 1685 2137 1754 quidem
2171 1685 2236 1738 ad
2271 1685 2488 1738 verbum
2509 1723 2524 1748 ,
2560 1699 2705 1737 nunc
2737 1695 2912 1737 autem
2944 1699 3038 1753 per
3071 1685 3268 1739 obscu-

109 1773 256 1825 riores
286 1771 488 1840 ﬁguras
519 1772 812 1825 maximam
859 1772 1262 1841 prophetiarum
1297 1779 1503 1841 partem
1548 1773 1843 1844 intelligere
1867 1786 2110 1846 oportet;
2156 1784 2404 1830 cmtcrum
2461 1775 2572 1844 jam
2627 1777 2751 1831 inde
2797 1777 3076 1844 abeuntes,
3139 1795 3269 1834 con-

105 1863 228 1915 venit
254 1863 422 1915 etiam
450 1864 502 1916 id
531 1863 674 1931 quod
709 1863 776 1917 de
808 1864 994 1917 eadem
1029 1865 1310 1934 prophetia
1343 1875 1624 1934 superest,
1665 1870 1826 1922 simili
1879 1870 2087 1924 ratione
2139 1869 2508 1938 contemplari.

161 1956 216 2007 Εἰ
229 1955 279 2006 δὲ
291 1955 366 2007 ἔτι
398 1957 490 2008 καὶ
507 1955 599 2008 νῦν
618 1959 698 2018 είς
715 1953 972 2026 μέλλοντὰ
983 1973 1107 2008 ποτε
1124 1957 1308 2026 χρόνον
1321 1959 1627 2028 γενήσεσθαι

1803 1961 1960 2032 33ἇ¹
1990 1963 2138 2026 Quod
2173 1962 2217 2016 si
2252 1962 2409 2014 etiam
2449 1977 2590 2015 nunc
2618 1961 2785 2018 Judaei
2805 2006 2819 2028 ,
2860 1965 2973 2019 haec
3001 1966 3107 2020 alio
3133 1981 3266 2035 quo-

107 2043 253 2097 ταῦτα
271 2047 316 2104 οἱ
349 2047 414 2097 ἐκ
437 2047 737 2116 περιτομῆς
764 2046 944 2113 φασὶν,
963 2047 1052 2097 ἐπὶ
1076 2047 1166 2098 τοῦ
1192 2047 1622 2117 προσδοκωμένου
1672 2043 1682 2056 ’

113 2135 264 2198 αὐτοῖς
289 2136 544 2206 Χριστοῦ,
583 2136 761 2206 ῥητῶς
793 2137 948 2206 μόνον
976 2138 1067 2190 καὶ
1096 2138 1230 2206 πρὸς
1253 2139 1393 2204 λέξιν
1412 2140 1623 2194 ἔσεσθαι

113 2225 225 2289 αὸτᾲ
270 2225 702 2294 προσδεχόμενοι,
729 2227 1028 2296 ἐρωτητέον
1060 2228 1271 2290 αὐτοὺς,
1300 2227 1411 2290 πῶς
1448 2231 1476 2280 6
1505 2230 1626 2298 μέλ-

113 2313 198 2365 λων
220 2315 357 2382 ἥξειν
390 2315 511 2368 κατ’
543 2315 736 2376 αὐτοὺς
769 2315 994 2384 λήψεται
1041 2315 1263 2384 δύναμιν
1317 2318 1622 2386 Δαμασκοῦ,

114 2407 188 2457 aui.
208 2407 266 2458 τὰ
294 2407 462 2459 σκῦλα
486 2407 798 2476 Σαμαρείας
814 2407 990 2460 ἔναντι
1022 2406 1274 2475 βασιλέως
1314 2409 1622 2478 Ἀσσυρίων,

113 2495 464 2568 καθῃρημένης
499 2497 597 2566 μὲν
776 2500 874 2567 τῆς
908 2498 1211 2568 Σαμαρείας
1237 2497 1374 2550 κατὰ
1405 2497 1494 2550 τὸν
1521 2516 1622 2550 πα-

116 2587 246 2655 ρόντα
283 2587 491 2658 καιρὸν,
543 2588 640 2640 καὶ
679 2587 872 2657 μηκέτι
901 2586 1084 2657 οὔσης,
1121 2587 1252 2640 ἀλλὰ
1287 2589 1492 2656 καὶτῆς
1514 2590 1626 2640 ὀνο-

118 2679 386 2750 μαζομένης
433 2680 716 2748 δυνάμεως
758 2679 1048 2748 Δαμασκοῦ
1083 2679 1337 2749 μηδαμῶς
1359 2681 1626 2750 ὑπαρχού-

117 2786 213 2837 σης,
239 2769 360 2838 μηδὲ
387 2770 489 2840 τῆς
520 2769 629 2821 τῶν
669 2769 966 2838 Ἀσσυρίων
987 2769 1315 2832 δυναστείας,
1354 2771 1419 2840 ἢν
1441 2771 1624 2840 Μῆδοι

115 2859 190 2910 καὶ
231 2859 422 2929 Πέρσαι
483 2859 802 2922 καθελόντες
838 2859 1004 2912 πάλαι
1035 2859 1161 2912 ποτὲ
1193 2858 1522 2923 διεδέξαντο;
1551 2853 1623 2911 ὧν

115 2947 222 3015 ὁμοῦ
263 2949 474 3002 πάντων
523 2949 666 3002 κατὰ
695 2949 788 3001 τὸν
834 2946 1103 3001 ἐνεστῶτα
1150 2948 1334 3016 καιρὸν
1356 2947 1488 3016 μηδὲ
1529 2949 1624 3018 τὴν

114 3037 254 3106 ἀρχὴν
281 3037 620 3107 ὑφεστώτων,
649 3038 764 3100 πῶς
790 3037 1010 3089 δυνατὸν
1052 3038 1129 3098 είς
1159 3036 1412 3105 μέλλοντα
1441 3036 1624 3104 χρόνον

114 3127 193 3194 τὴν
220 3127 523 3198 καθαίρεσιν
545 3127 726 3180 αὐτῶν
762 3126 1094 3198 προσδοκᾷνς
1135 3125 1268 3178 Ἀλλ’
1295 3125 1414 3178 οὔτε
1441 3125 1625 3179 ἄλλοτε

117 3212 295 3266 πώποτε
329 3216 495 3268 πάλαι
549 3217 812 3286 πρότερον
860 3215 1173 3284 γεγενῆσθαι
1205 3215 1272 3267 τὰ
1300 3216 1625 3284 προφητευό-

1728 2053 1848 2105 dam
1895 2061 2131 2120 tempore
2172 2051 2348 2104 t‘utura
2390 2067 2508 2106 esse
2546 2053 2756 2115 dicant,
2811 2063 2990 2122 utpote
3038 2069 3160 2107 cum
3201 2071 3264 2109 ea

1729 2158 1794 2196 ex
1839 2141 2040 2208 scripto
2082 2140 2372 2202 duntaxat,
2426 2150 2584 2210 atque
2631 2143 2694 2194 ad
2747 2144 3002 2206 verbum,
3049 2143 3116 2197 de
3163 2160 3260 2207 eo,

1730 2230 1818 2298 qui
1861 2229 1928 2284 ab
1972 2229 2103 2297 ipsis
2145 2228 2316 2282 adhuc
2360 2239 2717 2298 exspectatur.
2771 2231 2982 2286 Christo
3023 2232 3268 2300 accipere

1731 2321 1969 2380 soleant,
2015 2320 2524 2390 interrogandisunt
2546 2323 2825 2390 protinus,
2859 2322 3126 2391 quomodo
3171 2325 3263 2391 qui

1730 2419 1988 2464 venturus
2031 2421 2145 2472 est,
2178 2419 2234 2462 ut
2265 2411 2365 2478 ipsi
2397 2412 2576 2473 aiunt,
2622 2421 2934 2480 potestatem
2980 2412 3262 2478 Damasci,

1727 2507 1780 2552 et
1829 2499 1999 2568 spolia
2048 2497 2302 2552 Samariae
2348 2500 2572 2566 accipiet
2614 2515 2795 2554 coram
2845 2516 2968 2570 rege
3017 2502 3267 2571 Assyrio-

1730 2605 1867 2654 rum,
1897 2604 2016 2642 cum
2056 2589 2110 2641 in
2135 2589 2378 2657 praesenti
2402 2596 2638 2658 tempore
2667 2589 2906 2644 Samaria
2931 2591 3137 2646 sublata
3161 2591 3260 2654 sit,

1728 2691 1900 2745 neque
1943 2676 2172 2745 amplius
2215 2675 2466 2736 exsistat,
2509 2684 2562 2729 et
2617 2691 2676 2730 ea
2727 2692 2846 2744 qua:
2901 2684 3134 2744 potestas
3161 2677 3264 2730 Da-

1729 2765 1894 2819 masci
1935 2765 2261 2828 nominatur,
2309 2781 2570 2834 nusquam
2611 2774 2892 2835 appareat,
2935 2782 3111 2835 neque
3137 2767 3264 2822 item

1729 2855 1963 2923 potentia
2009 2855 2376 2924 Assyriorum,
2409 2871 2566 2924 quam
2612 2857 2824 2925 quidem
2869 2871 2991 2910 cum
3026 2856 3162 2910 Medi
3202 2871 3266 2910 ac

1728 2943 1904 2998 Persae
1947 2943 2294 3006 evertissent,
2341 2945 2394 2997 in
2425 2945 2542 3010 ejus
2577 2946 2753 2998 locum
2782 2945 3102 3014 jampridem
3139 2961 3265 3000 suc-

1728 3035 2049 3088 cesserunt?
2082 3049 2200 3102 quae
2250 3035 2407 3088 simul
2459 3035 2636 3087 omnia
2685 3049 2805 3087 cum
2859 3033 2941 3088 sui
2988 3035 3262 3102 ipsorum,

1728 3124 1830 3178 hoc
1876 3123 1992 3193 ipso
2048 3132 2283 3192 tempore
2336 3125 2422 3176 vix
2475 3125 2725 3192 exiguum
2781 3125 3046 3192 quoddam
3099 3127 3263 3181 vesti-

1729 3215 1872 3283 gium
1923 3213 2316 3276 demonstrent,
2366 3228 2472 3280 quo
2521 3214 2788 3280 possimus
2837 3229 2900 3268 ea
2948 3213 3116 3271 fuisse
3165 3219 3264 3271 ali—-

115 3310 226 3376 μενά
255 3313 392 3362 ἐστιν
427 3310 626 3362 εἰπεῖν.
675 3305 863 3367 Οὐδεὶς
906 3304 1031 3371 γοῦν
1053 3306 1178 3374 παρ’
1224 3304 1486 3374 Ἑϐραίοις
1521 3305 1627 3356 πώ-

1734 3303 1944 3371 quando
1987 3303 2289 3370 conjicere,
2335 3303 2426 3370 qui
2469 3306 2679 3358 tandem
2731 3303 2842 3356 lieri
2895 3312 3070 3370 potest
3119 3307 3262 3360 utin

116 3413 220 3450 ποτε
256 3402 314 3451 ὲκ
342 3399 672 3470 προφήτιδος
721 3397 943 3465 μητρὸς,
972 3396 1063 3446 καὶ
1108 3395 1322 3446 Ἡσαΐου
1355 3393 1446 3445 τοῦ
1495 3411 1625 3462 προ-

111 3489 251 3556 φήτου
284 3488 582 3558 γεννηθεὶς,
633 3485 804 3537 σκῦλα
837 3485 1142 3554 Σαμαρείας
1170 3485 1260 3535 καὶ
1279 3483 1498 3553 δύναμιν
1525 3487 1626 3536 Δα-

115 3577 287 3642 μασκοῦ
306 3578 444 3630 κατὰ
496 3577 590 3630 τοῦ
629 3575 890 3645 βασιλέως
932 3573 1222 3642 Ἀσσυρίων
1270 3573 1626 3642 στρατεύσας,

109 3664 170 3724 ὡς
194 3667 313 3735 πρὸς
345 3665 516 3737 ῥητὴν
569 3663 809 3716 διάνοιαν
856 3661 1031 3713 λαϐὼν
1067 3660 1335 3729 ἱστόρηται
1359 3677 1373 3690 ο
1408 3659 1543 3712 ὥστε
1571 3659 1627 3724 ἐξ

112 3754 312 3816 amato;
358 3753 664 3826 ὁμολογεῖν,
700 3751 841 3804 αὐτὰ
863 3748 1001 3803 κατὰ
1025 3748 1120 3818 τὴν
1153 3749 1493 3801 ἀποδοθεῖσαν
1518 3749 1630 3800 διά-
1663 3815 1668 3819 _

105 3861 224 3897 νοιαν
251 3847 421 3914 μόνως
455 3841 870 3913 πεπληρῶσθαι,
905 3841 1003 3892 οὐκ
1024 3838 1205 3892 ἄλλοτε
1232 3835 1471 3908 δηλαδὴῆ
1494 3837 1630 3890 κατὰ

107 3932 185 4002 τὴν
201 3935 488 4004 γενομένην
511 3930 815 4002 παρουσίαν
860 3928 1031 3999 Ἰησοῦ
1051 3927 1144 3980 τοῦ
1183 3928 1426 3998 Σωτῆρος
1455 3927 1625 3996 ἡμῶν,

103 4019 202 4071 καθ’
225 4024 281 4074 ὃν
313 4023 680 4092 ἀπεδείξαμεν
718 4019 870 4080 τέλος
900 4018 1173 4087 εἰληφέναι
1204 4017 1269 4068 τὰ
1301 4033 1630 4086 προηγορευο

107 4111 238 4176 μένα.
292 4115 536 4184 Ἐγράφη
564 4112 608 4163 δ’
642 4107 736 4162 οὖν
787 4108 924 4160 κατὰ
970 4107 1065 4174 τὴν
1116 4107 1440 4176 προφητείαν
1482 4107 1571 4158 καὶ
1602 4107 1629 4156 6

102 4200 258 4262 καινὸς
289 4201 456 4271 τόμος
485 4200 579 4251 ἐπὶ
605 4199 708 4266 τῆς
742 4195 902 4248 αὐτοῦ
934 4193 1246 4264 παρουσίας,
1268 4195 1296 4244 6
1319 4194 1414 4262 τῆς
1439 4194 1628 4261 καινῆς

101 4288 340 4359 Διαθήκης
381 4291 538 4357 λόγος
587 4289 689 4357 τὴν
718 4287 926 4353 γένεσιν
961 4281 1222 4352 περιέχων
1251 4282 1342 4333 τοῦ
1369 4281 1466 4350 τῆς
1501 4298 1630 4350 προ-

101 4373 290 4440 φήτιδας
328 4375 474 4438 υἱοῦ,
502 4376 562 4437 ὃς
616 4374 712 4426 καὶ
749 4372 884 4442 πρὸς
910 4369 1051 4435 λέξιν
1085 4369 1176 4421 καὶ
1203 4369 1506 4439 Δαμασκοῦ,
1538 4370 1629 4420 καὶ

99 4457 270 4527 Συρίας
301 4463 522 4532 ἁπάσης
554 4461 656 4532 τὴν
685 4458 969 4529 βασιλικὴν
1011 4457 1256 4526 δύναμιν,
1288 4459 1356 4511 τά
1377 4475 1435 4510 τε
1463 4461 1630 4529 ἑρμη-

99 4543 322 4598 νευθέντα
375 4550 511 4616 ἡμῖν
539 4545 714 4598 σκῦλα
757 4543 1066 4613 Σαμαρείας
1094 4544 1309 4614 ἀρρήτῳ
1337 4546 1426 4598 καὶ
1467 4547 1630 4614 ὲνθέῳ

1728 3392 1969 3446 futurum
2002 3403 2214 3460 tempus
2243 3407 2430 3444 eorum
2463 3399 2805 3461 exspectetur
2837 3393 3086 3446 eversio?
3113 3398 3258 3464 atqui

1729 3497 1794 3535 ne
1833 3491 1988 3534 antea
2032 3480 2249 3550 quidem
2293 3483 2402 3534 ullo
2436 3497 2668 3549 unquam
2701 3489 2938 3548 tempore
2967 3481 3109 3535 facta
3141 3499 3262 3539 esse

1729 3589 1790 3625 ea
1816 3587 1934 3640 quae
1958 3573 2010 3624 in
2043 3570 2352 3639 hujusmodi
2379 3571 2655 3640 prophetia
2683 3572 3049 3634 continentur,
3076 3572 3258 3627 dicere

1729 3665 1838 3716 ullo
1863 3663 2023 3716 modo
2050 3671 2295 3730 possunt.
2323 3661 2511 3716 Nullus
2545 3668 2690 3716 certe
2722 3675 2956 3729 unquam
2987 3663 3128 3730 apud
3155 3661 3258 3715 He-

1729 3753 1899 3806 braeos
1925 3768 1987 3806 ex
2019 3750 2326 3821 prophetica
2359 3758 2530 3806 matre
2553 3759 2606 3804 et
2631 3748 2766 3804 Isaia
2791 3750 3050 3820 propheta
3077 3759 3254 3814 natus,

1728 3843 1898 3910 spolia
1945 3839 2204 3892 Samarize
2241 3847 2294 3892 et
2335 3846 2648 3907 potestatem
2695 3839 2974 3902 Damasci,
3015 3841 3256 3894 exercitu

1727 3939 1911 3984 contra
1947 3944 2125 3999 regem
2149 3929 2493 3998 Assyriorum
2523 3935 2834 3997 comparato
2859 3930 2954 3996 (ut
2981 3942 3098 3982 eam
3130 3945 3257 3984 selt-

1729 4021 1947 4073 tentiam
1981 4035 2270 4088 sequamur
2297 4035 2417 4088 qua:
2445 4035 2474 4071 a
2506 4019 2686 4072 verbis
2719 4034 2824 4072 non
2850 4017 3058 4072 recedit
3079 4018 3098 4086 )
3118 4059 3133 4083 ,
3168 4034 3260 4074 ac-

1726 4111 1932 4179 cepisse
1965 4119 2310 4162 memoratur.
2346 4109 2499 4162 Omni
2533 4109 2710 4178 itaque
2743 4110 2950 4162 ratione
2981 4107 3134 4164 fateri
3165 4125 3259 4165 co—

1725 4199 1900 4268 gimur
1919 4215 1980 4253 ea
2005 4200 2371 4254 tantummodo
2396 4200 2692 4253 secundum
2719 4199 2966 4268 superius
2993 4199 3258 4254 redditam

1728 4305 1757 4340 a
1789 4289 1944 4342 nobis
1976 4289 2296 4342 sententiam
2331 4289 2598 4356 completa
2631 4304 2751 4342 esse
2774 4328 2790 4352 ,
2836 4289 2938 4342 hoc
2966 4294 3086 4352 est,
3123 4305 3257 4345 nus-

1727 4395 1884 4448 quam
1927 4380 2059 4433 alias
2101 4395 2260 4447 quam
2307 4390 2425 4447 post
2466 4380 2748 4434 adventum
2791 4377 2918 4432 Jesu
2965 4378 3260 4434 Salvatoris

1727 4469 1933 4535 nostri,
1963 4483 2071 4538 quo
2104 4477 2341 4536 tempore
2367 4469 2884 4530 demonstravimus,
2913 4482 2978 4522 ea
3006 4483 3126 4536 quae
3157 4469 3260 4524 hoc

1729 4557 1886 4610 modo
1915 4557 2168 4624 praedicta
2200 4564 2360 4621 sunt,
2395 4556 2548 4610 linem
2581 4557 2875 4622 accepisse.
2904 4555 3044 4625 Ergo
3073 4557 3128 4609 in
3160 4558 3261 4610 hu-

98 4629 297 4702 δυνάμει
316 4637 397 4698 εις
427 4641 613 4708 χεῖρας
645 4635 746 4704 τῆς
783 4634 1066 4702 Ῥωμαίων
1099 4632 1364 4700 βασιλείας
1387 4635 1624 4704 παρέδω-

1729 4645 1815 4714 jus
1859 4644 2126 4709 adventu,
2172 4646 2312 4700 sicut
2361 4647 2412 4700 in
2461 4647 2576 4716 ipsa
2617 4645 2891 4714 praphetia
2930 4646 3258 4710 continetur,

101 4735 205 4771 κεν
255 4726 314 4778 οὐ
352 4730 462 4796 μὴν
511 4725 647 4780 ἀλλὰ
688 4725 783 4778 καὶ
814 4723 952 4776 κατὰ
988 4723 1221 4775 διάνοιαν
1249 4725 1370 4786 τοὺς
1407 4725 1464 4790 ἐξ
1501 4727 1627 4776 Ἰου-

100 4809 236 4864 δαίων
255 4817 416 4870 αύτοῦ
449 4817 716 4888 μαθητὰς,
741 4816 928 4886 ὥσπερ
947 4815 1068 4866 τινὰ
1089 4812 1254 4864 σκῦλα
1283 4831 1630 4886 περιπεποιη-

106 4900 255 4966 μένος,
304 4911 516 4976 νοητοῖς
539 4909 634 4960 καὶ
671 4906 907 4973 λογικοῖς
950 4903 1135 4964 ὅπλοις
1182 4904 1530 4973 περιφράξας,
1552 4909 1630 4968 είς

107 4990 362 5055 πρόσωπον
390 4997 486 5048 τοῦ
525 4995 855 5068 δηλωθέντος
887 4991 1148 5062 βασιλέως
1191 4991 1478 5060 Ἀσσυρίων
1502 5011 1630 5048 κατ·

106 5081 358 5149 κτήσατο,
405 5088 502 5138 καὶ
528 5087 749 5146 τούτους
785 5086 882 5155 μὲν
921 5083 997 5143 ὡς
1028 5079 1258 5140 οἰκείους
1305 5083 1630 5150 στρατιώτας

111 5167 298 5236 ὁπλίτας
324 5181 729 5246 παρεσκεύασεν
749 5193 762 5206 ν
787 5173 910 5236 τούς
922 5188 987 5239 γε
1009 5170 1116 5240 μὴν
1141 5175 1632 5241 παραιτησαμένους

111 5256 159 5306 τὸ
185 5259 384 5332 γόνιμον
417 5267 510 5318 καὶ
537 5265 764 5332 ζωτικὸν
802 5263 948 5330 ὕδωρ
990 5260 1091 5326 τῆς
1113 5259 1267 5308 αὐτοῦ
1295 5258 1634 5327 διδασκαλίας

122 5341 514 5420 τδπυρευόμενον
537 5354 734 5424 ἡσυχῆ,
769 5349 1062 5418 ἑλομένους
1089 5343 1220 5396 δὲτὰ
1249 5344 1516 5416 πολεμικὰ
1547 5353 1634 5405 καὶ

121 5430 254 5512 ἐχθρὲ
274 5439 345 5507 τῷ
371 5441 508 5510 Θεῷ,
543 5443 624 5512 τῷ
651 5441 756 5492 τῶν
804 5432 1113 5502 Ἀσσυρίων
1139 5430 1348 5494 ἐξέδωκε
1395 5435 1628 5508 βασιλεῖ,

129 5511 254 5582 iam
282 5530 432 5583 εἰσέτι
485 5532 574 5584 νῦν
613 5529 938 5596 τυγχάνουσι
996 5519 1373 5590 δεδουλωμένοι.
1429 5527 1630 5599 Ἀνέϐη

127 5609 224 5671 γοῦν
249 5610 384 5681 οὗτθς
416 5621 506 5672 ἐπὶ
535 5621 714 5672 πᾶσαν
767 5613 1039 5681 φάραγγα
1077 5609 1254 5671 αὐτῶν,
1283 5619 1368 5664 καὶ
1397 5615 1502 5666 ἐπὶ
1526 5619 1631 5670 πᾶν

139 5700 268 5770 τεῖχος
290 5708 465 5774 αὐτῶν,
503 5709 593 5764 καὶ
642 5703 850 5772 ἀφεῖλεν
890 5695 1010 5751 ἀπὸ
1034 5698 1132 5768 τῆς
1166 5701 1398 5766 ἰουδαίας
1436 5707 1624 5761 πάντα

1731 4732 1964 4800 scriptus
2005 4740 2086 4786 est
2133 4749 2304 4788 novos
2351 4735 2505 4795 liber,
2539 4733 2670 4787 Novi
2708 4732 2896 4802 utique
2925 4731 3256 4788 Testamenti

1729 4821 1892 4875 verba
1920 4821 2279 4889 complectens
2299 4862 2312 4886 ,
2342 4831 2396 4878 et
2423 4824 2474 4876 in
2508 4823 2590 4876 his
2617 4831 2767 4876 ortus
2795 4823 3120 4890 prophetica:
3147 4839 3260 4877 mu-

1731 4911 1879 4964 lieris
1911 4909 2002 4962 lilii
2025 4947 2039 4971 ,
2074 4911 2164 4978 qui
2198 4911 2493 4965 secundum
2527 4913 2686 4964 verba
2721 4910 3038 4979 prophetize,
3073 4920 3126 4965 et
3159 4912 3260 4966 Da-

1731 4998 1897 5053 masci
1939 5004 1992 5050 et
2043 4996 2211 5066 Syriae
2257 4999 2517 5051 universas
2561 4998 2791 5066 regalem
2841 4997 3169 5064 potentiam,
3207 5010 3261 5054 et

1729 5103 1846 5158 quae
1873 5101 1971 5140 nos
1994 5088 2330 5155 interpretati
2359 5101 2574 5148 smnus,
2607 5087 2776 5154 spolia
2808 5084 3062 5140 Samaria:
3085 5128 3102 5153 ,
3133 5090 3266 5144 inef-

1729 5179 1876 5232 fabili
1909 5177 2138 5247 quadam
2179 5177 2465 5243 divinaque
2509 5175 2704 5230 virtute
2745 5176 2800 5228 in
2843 5189 3034 5230 manus
3074 5192 3262 5246 regum

1728 5267 2088 5321 Romanorum
2117 5265 2368 5328 tradidit;
2398 5272 2764 5320 verumtamen
2789 5265 3114 5330 sententiam
3140 5282 3268 5336 quo-

1730 5373 1833 5426 que
1865 5357 2241 5425 sequentibus,
2277 5369 2404 5409 suos
2435 5353 2572 5406 idem
2605 5354 2671 5408 de
2695 5353 2898 5410 Iudaeis
2925 5354 3270 5421 discipulos,

1729 5431 1885 5514 quasi
1937 5439 2102 5514 spolia
2141 5442 2380 5510 quaedam
2416 5441 2671 5510 adeptus,
2701 5438 3158 5508 intelligibilibus
3185 5453 3275 5492 ra-

1733 5533 2126 5600 tionalibusque
2171 5531 2336 5584 armis
2383 5533 2648 5595 munitos,
2691 5533 2746 5585 in
2792 5531 3014 5584 faciem'
3043 5527 3180 5594 ejus
3225 5529 3291 5580 de

1731 5637 1840 5692 quo
1881 5622 2079 5675 dictum
2122 5628 2203 5674 est
2247 5623 2385 5690 regis
2412 5621 2755 5693 Assyriorum
2783 5659 2798 5684 ,
2837 5615 3146 5674 constituit
3168 5652 3186 5676 ,
3219 5620 3300 5666 at-

1733 5723 1836 5778 que
1880 5709 1978 5764 hos
2019 5715 2274 5778 tanquam
2319 5724 2448 5778 suos
2482 5711 2731 5781 proprios
2761 5714 3034 5782 _scutatos
3080 5701 3309 5758 milites
