3738 6270
848 381 954 436 527

1413 403 1419 408 ’
1466 380 1725 436 EUSEBII
1764 381 2231 437 CAESABIENSIS
2269 376 2416 438 OPP.
2460 379 2634 436 PARS
2673 380 2732 436 ll.
2766 408 2834 420 --
2866 374 3335 435 APOLOGETICA.

849 487 1193 558 comparavit.
1221 484 1463 581 Attamen
1490 504 1582 543 eos
1613 492 1699 559 qui
1732 490 2015 545 fecundam
2057 491 2325 558 vitalemqt

1895 493 2015 544 dam
2057 491 2373 558 vitalemqtte
2405 497 2448 550 Α
2476 491 2703 563 ἄρχοντα
2749 491 2841 542 καὶ
2894 489 3127 558 βασιλέα,
3180 487 3371 559 κεφαλὴ

850 579 1106 636 doctrina:
1134 592 1245 631 sua:
1274 579 1464 646 aquam
1485 619 1499 642 ,
1529 595 1648 649 qua:
1677 594 1796 633 cum
1830 582 2042 636 silentio
2075 582 2274 635 labitur
2303 594 2386 634 re-

850 672 1156 727 cusaverint
1176 708 1190 728 ,
1219 675 1271 721 et
1297 669 1520 724 hostiles
1552 668 1765 738 Deoque
1794 671 2041 724 inimicas
2073 683 2250 739 partes
2280 672 2387 726 ele-

849 759 1052 831 gerint,
1078 758 1187 827 regi
1214 757 1556 828 Assyriorum
1585 759 1837 821 tradidit,
1866 760 1951 813 cui
1978 760 2193 828 quidem
2224 760 2383 814 etiam

849 862 991 903 nunc
1019 847 1216 903 addicti
1242 848 1499 903 serviunt.
1522 848 1679 920 335
1705 850 1958 904 Ascendit
1989 849 2153 918 igitur
2180 849 2266 903 hic
2297 866 2387 904 su—

851 955 944 1009 per
972 954 1183 992 omnem
1227 940 1524 992 convallem
1563 941 1800 1009 ipsorum
1833 979 1846 1002 ,
1876 949 1931 994 et
1974 957 2140 1010 super
2169 955 2381 996 omnem

849 1044 1060 1083 murum
1090 1029 1327 1097 ipsorum
1351 1068 1365 1090 ,
1391 1036 1444 1082 et
1468 1030 1689 1083 abstulit
1712 1031 1777 1084 de
1800 1028 1981 1084 Iudaea
2008 1046 2217 1084 omnem
2245 1030 2389 1099 prin-

849 1121 1020 1190 cipem
1049 1134 1110 1173 ac
1137 1133 1313 1188 regem
1337 1162 1350 1184 ,
1379 1120 1470 1189 qui
1500 1120 1602 1173 hoc
1634 1120 1688 1173 in
1722 1120 1840 1174 loco
1865 1128 2025 1189 caput
2051 1121 2382 1185 nominatur,

849 1217 904 1265 et
930 1225 1141 1265 omnem
1172 1218 1470 1279 potentem,
1502 1211 1591 1280 qui
1623 1211 1820 1282 aliquid
1850 1211 2174 1275 conficeret;
2207 1211 2386 1280 itaque

849 1314 913 1354 ex
944 1299 1035 1353 illo
1062 1299 1116 1352 in
1147 1299 1290 1353 hunc
1319 1315 1491 1366 usque
1516 1300 1655 1354 diem
1689 1301 1763 1354 illi
1830 1316 2002 1370 neque
2030 1301 2196 1354 ullum
2223 1307 2386 1368 caput

850 1388 1076 1451 habent,
1107 1404 1279 1458 neque
1309 1390 1539 1458 aliquem
1569 1389 1620 1442 in
1652 1389 1847 1444 divinis
1876 1396 2141 1457 potentem
2160 1426 2178 1452 ,
2208 1388 2384 1457 qualis

848 1478 1116 1547 quondam
1144 1487 1293 1542 erat,
1326 1481 1416 1548 qui
1445 1481 1549 1533 illis
1581 1488 1952 1533 ornamentum
1986 1478 2259 1548 decusque
2289 1478 2386 1531 ad-

847 1569 1039 1633 debat,
1073 1570 1187 1624 sive
1230 1575 1523 1641 propheta,
1568 1571 1681 1625 sive
1722 1571 1918 1639 alioqui
1954 1570 2132 1639 justus
2170 1568 2383 1639 Deoque

848 1658 1054 1712 amicus
1081 1659 1183 1712 vir.
1216 1658 1441 1712 Constat
1471 1667 1647 1713 autem
1683 1657 1812 1712 illud
1845 1673 2086 1727 quoque,
2123 1657 2383 1726 quemad-

845 1748 1063 1802 modum
1097 1749 1273 1803 omnis
1305 1750 1542 1818 ipsorum
1578 1749 1726 1818 regio
1755 1747 1988 1801 inimicis
2027 1746 2381 1815 hostibusque

2486 582 2657 634 πάντα
2710 579 2932 631 δυνατὸν
2962 577 3359 630 συντελέσασθαί

2486 670 2576 722 καὶ
2594 671 2671 729 είς
2694 668 2849 738 δεῦρο
2885 670 3021 738 μήτε
3065 665 3293 735 κεφαλὴν
3316 665 3372 718 αὖ

2483 759 2599 811 τινὰ
2632 760 2854 812 δυνατὸν
2887 760 2942 810 ὲν
2969 760 3078 818 τοῖς
3121 755 3292 818 θείοις,
3320 750 3371 806 οἷ

2486 863 2598 900 πων
2626 850 2682 899 ὲν
2728 847 2929 909 αὐτοῖς,
2980 845 3085 897 εἴτε
3137 846 3372 913 προφήτη

2483 934 2573 984 καὶ
2622 931 2870 1003 θεοφιλὴς
2928 932 3084 1002 ἀνήρ.
3122 929 3372 1000 Πρόδηλοκ

2482 1022 2655 1077 αὐτῶν
2678 1024 2711 1092 ὴ
2737 1021 2888 1092 χώρα
2920 1020 3226 1090 ὑποχείριος
3250 1023 3359 1082 τοῖς

2481 1111 2682 1181 λεμίοις
2706 1113 2869 1163 εἰσέτι
2918 1110 3012 1164 νῦν
3055 1110 3372 1180 καθέστηκε,

2482 1202 2571 1253 ἐπὶ
2601 1204 2663 1271 τῇ
2685 1200 2952 1271 παρουσίᾳ
3002 1200 3093 1254 τοῦ
3141 1201 3372 1269 Ἐμμανς

2482 1291 2609 1358 γοῦν
2652 1292 2684 1360 ἠ
2728 1291 2987 1361 Ἑϐραίων
3017 1291 3203 1361 γραφὴ
3239 1307 3372 1361 περιι

2481 1396 2661 1441 νουσα,
2716 1379 2805 1432 τὸν
2870 1379 3214 1450 Ἐμμανουὴλ
3272 1381 3363 1431 τὸν

2493 1469 2773 1528 Ἰουδαίων.
2808 1471 2900 1523 καὶ
2929 1471 3098 1522 αἴτιον
3127 1471 3310 1531 αὐτοῖς
3341 1481 3372 1520 τ

2483 1560 2787 1629 συμφορῶν,
2815 1563 2945 1629 ἡμῖν
2966 1559 3020 1611 δὲ
3040 1562 3153 1618 τοῖς
3173 1559 3348 1612 ἔθνεσι

2479 1665 2537 1699 τε
2571 1648 2661 1700 καὶ
2717 1647 2964 1715 γνώσεως
3003 1647 3139 1700 Θεοῦ
3179 1648 3372 1718 παραίτ

2482 1736 2608 1806 ἑξῆς
2656 1738 2956 1805 ὲπιλέγεται
2979 1754 2993 1767 ·
3031 1757 3049 1788 ι
3074 1737 3209 1791 Μεθ’
3242 1738 3372 1807 ἡμῶν

849 1838 1085 1907 ipsorum
1115 1838 1387 1907 subjecta,
1421 1839 1473 1890 in
1510 1838 1651 1891 hunc
1685 1854 1855 1908 usque
1883 1837 2024 1891 diem
2055 1845 2295 1900 vexetur,

1895 1837 2024 1891 diem
2055 1845 2295 1900 vexetur,
2327 1844 2379 1889 et
2413 1824 2451 1876 Β
2481 1829 2572 1879 καὶ
2601 1828 2849 1897 ἡττᾶσθε.
2889 1848 2908 1883 ι
2944 1827 3254 1898 Ἠττήμεθα
3286 1827 3371 1894 γοί

844 1927 960 1982 haec
996 1928 1247 1983 universa
1288 1928 1354 1990 in,
1387 1929 1558 1998 ipsius
1599 1928 1910 1983 Emmanuel
1948 1928 2179 1981 adventu
2222 1942 2378 1981 suum

848 2019 1005 2072 tinem
1049 2017 1241 2072 sortita
1281 2018 1410 2073 sint.
1457 2017 1570 2071 Hoc
1619 2018 1797 2087 ipsum
1851 2033 1984 2072 sane
2032 2017 2375 2071 Hebraeorum

847 2108 1046 2176 scripta
1089 2107 1396 2173 continent,
1450 2123 1569 2177 quae
1613 2107 1997 2177 propemodum
2045 2106 2379 2176 significant,

847 2196 1025 2266 ipsum
1074 2194 1419 2259 Emmanuel,
1469 2198 1553 2250 cui
1598 2197 1817 2251 credere
1852 2197 2139 2250 noluerunt
2179 2193 2377 2260 Judaei,

848 2286 1118 2341 auctorem
1144 2286 1247 2341 illis
1277 2294 1545 2341 tantarum
1569 2287 1933 2341 calamitatum
1957 2287 2229 2341 exstitisse
2255 2303 2268 2350 ;
2294 2301 2383 2338 no-

846 2375 930 2430 bis
957 2382 1132 2429 autem
1156 2375 1401 2444 gentibus
1420 2414 1436 2440 ,
1467 2391 1586 2445 quae
1607 2376 1681 2429 illi
1707 2375 2055 2438 credidimus,
2079 2381 2131 2427 et
2156 2374 2377 2428 salutem

847 2473 901 2518 et
932 2463 1022 2518 Dei
1050 2464 1313 2527 notitiam,
1353 2465 1535 2531 utjam
1558 2464 1977 2518 demonstratum
2016 2471 2129 2524 est,
2167 2461 2377 2515 attulis~

846 2568 925 2608 se.
958 2553 1133 2618 Quare
1162 2552 1411 2621 deinceps
1459 2552 1797 2621 adjungitur:
1838 2570 1857 2603 ι
1891 2550 2179 2605 Nobiscum
2208 2549 2373 2604 Deus:

844 2643 1173 2709 cognoscite,
1207 2650 1408 2710 gentes,
1438 2649 1494 2694 et
1524 2640 1820 2694 vincimini.
1850 2658 1867 2690 ι
1897 2638 2168 2707 Siquidem
2193 2653 2290 2691 nos
2312 2653 2375 2691 ex

846 2727 1092 2795 gentibus
1121 2727 1246 2780 victi
1276 2740 1462 2779 sumus
1497 2741 1554 2780 re
1586 2741 1711 2780 vera
1735 2765 1751 2789 ,
1786 2726 1877 2795 qui
1910 2726 2010 2794 ipsi
2046 2727 2258 2780 veritati
2281 2765 2294 2786 ,
2323 2735 2376 2780 et

847 2816 1040 2870 stantis
1085 2816 1369 2869 nobiscum
1415 2815 1509 2869 Dei
1562 2815 1745 2869 virtuti
1793 2814 2073 2877 cedentes,
2119 2814 2172 2868 in
2227 2814 2375 2867 illum

844 2904 1203 2965 credidimus,
1252 2903 1607 2972 cedentesque
1654 2904 1824 2959 eidem
1874 2905 2150 2973 paruimus
2190 2918 2375 2958 omnes

844 2994 1064 3062 pariter,
1095 2997 1400 3063 quicunque
1442 3009 1612 3063 usque
1651 2994 1717 3048 ad
1756 3003 1993 3049 extrema
2027 3002 2181 3049 terra:
2219 2994 2373 3049 habi-

2482 1916 2540 1980 ἐξ
2596 1918 2758 1969 ὲθνῶν
2788 1920 2864 1979 είς
2912 1918 3071 1971 αὐτὸν
3119 1933 3372 1969 πεπιστει

2481 2008 2578 2076 τῆς
2610 2007 2858 2079 ἀληθείας
2881 2008 2973 2061 καὶ
3003 2009 3101 2078 τῆς
3128 2008 3222 2059 τοῦ
3251 2024 3372 2074 γενο

2478 2095 2753 2167 δυνάμεως
2772 2113 2785 2125 ⁸
2823 2095 3143 2166 ἡττηθέντες
3170 2112 3230 2147 τε
3253 2097 3372 2165 ὑπη-

2478 2184 2609 2255 ὁμοῦ
2642 2187 2689 2238 οί
2725 2186 2884 2257 μέχρι
2921 2185 3028 2239 τῶν
3058 2187 3321 2254 ὲσχατιῶν
3365 2203 3372 2236 1

2480 2274 2616 2327 κατὰ
2645 2276 2742 2345 τὴν
2780 2278 3027 2346 φήσασαν
3067 2276 3372 2347 προφητεία

2478 2366 2701 2433 ἐσχάτου
2745 2366 2844 2436 τῆς
2886 2367 3008 2436 γῆς.
3041 2385 3059 2417 ι
3102 2366 3238 2418 Ἀλλ’
3272 2370 3372 2436 ἡμε

2477 2455 2569 2505 καὶ
2622 2454 2868 2507 καλοῦντι
2923 2457 3348 2527 ὑπηκούσαμεν

2475 2543 2757 2597 ἀπειθοῦσι
2789 2546 2858 2598 τὰ
2896 2548 3025 2617 ἑξῆς
3065 2548 3372 2601 ἀποτείνετο

2478 2632 2727 2701 ἡττᾶσθε.
2796 2637 2891 2688 Ἂν
2924 2637 3038 2706 γὰρ
3068 2638 3232 2691 πάλιν
3298 2640 3372 2707 ia)

2477 2722 2662 2776 σεσθε’
2693 2725 2783 2776 καὶ
2814 2724 2973 2793 λόγον
2996 2728 3056 2780 ὃν
3091 2729 3158 2781 ἂν
3198 2728 3372 2798 βονλεί

2478 2812 2537 2863 ὲν
2571 2812 2717 2881 ὑμῖν,
2752 2814 2830 2866 ὅτι
2866 2816 2989 2885 μεθ’
3014 2817 3174 2888 ἡμῶν
3198 2821 3225 2872 ὁ
3257 2818 3372 2881 Θεός

2473 2904 2538 2971 τῇ
2581 2903 2772 2974 ίσχυρᾷ
2821 2909 2967 2977 χειρὶ
3024 2908 3372 2962 ἀπειθοῦσιν·

2472 2992 2735 3061 ἁφηνιῶσι
2779 2996 2873 3048 καὶ⁵
2910 2999 3372 3070 ἀντιταττομένοις

842 3094 1049 3146 tamus,
1104 3092 1163 3137 ut
1204 3085 1263 3136 in
1313 3083 1589 3153 prophetia
1635 3085 1894 3154 scriptum
1935 3093 2052 3147 est,
2099 3099 2217 3153 qum
2260 3085 2318 3136 ait

1935 3093 2052 3147 est,
2099 3099 2217 3153 qum
2260 3085 2369 3137 ait:
2402 3123 2442 3180 ο
2477 3082 2686 3152 σκαλίᾳ,
2718 3085 2956 3148 καὶτοῖς
3000 3089 3285 3141 ἀπειθοῦσι
3325 3093 3371 3160 τῇ

850 3192 869 3225 ι
909 3172 1166 3227 Exaudite
1191 3188 1361 3244 usque
1392 3174 1458 3226 ad
1487 3181 1782 3228 extremum
1809 3182 1984 3236 terrae,
2015 3193 2032 3225 ι
2068 3182 2119 3228 et
2136 3189 2233 3228 nos
2261 3190 2326 3243 qu

1863 3187 1984 3236 me,
2015 3193 2032 3225 ι
2068 3182 2119 3228 et
2136 3189 2233 3228 nos
2261 3175 2378 3243 qui-
2408 3172 2442 3180 '
2479 3172 2739 3236 θεσπίζει,
2790 3174 2872 3226 ὅτι
2910 3177 3049 3247 μηδὲ
3093 3179 3339 3248 ἰσχύουσι

840 3262 963 3318 dem
985 3301 1000 3324 ,
1033 3270 1087 3316 et
1120 3263 1244 3316 victi
1277 3278 1497 3326 sumus,
1527 3270 1582 3317 et
1622 3264 1833 3317 vocanti
1867 3264 2370 3333 obtemperavimus.

842 3352 927 3407 Ad
953 3367 1047 3406 eos
1072 3366 1196 3406 vero
1224 3352 1316 3422 qui
1344 3351 1411 3407 de
1441 3352 1573 3422 ipsis
1597 3352 1846 3423 gentibus
1873 3367 1980 3406 non
2009 3353 2369 3418 crediderint,

839 3457 906 3499 ea
957 3442 1141 3512 dirigit
1190 3458 1310 3512 qum
1360 3450 1681 3512 sequuntur,
1736 3442 1926 3497 dicens
1959 3460 1973 3496 :
2001 3462 2019 3494 ι
2057 3442 2160 3509 Qui
2209 3443 2374 3499 fortes

841 3533 1053 3599 fuistis,
1097 3531 1390 3586 vincimini.
1436 3531 1494 3586 Si
1523 3533 1665 3586 enim
1701 3548 1890 3588 rursus
1923 3531 2091 3587 fortes
2136 3533 2374 3600 fueritis,

838 3638 1033 3677 rursus
1070 3621 1362 3677 vincemini
1388 3660 1402 3684 ,
1435 3628 1488 3675 et
1515 3635 1891 3693 quamcunque
1943 3624 2202 3676 rationem
2239 3624 2373 3676 inie-

842 3709 994 3769 ritis,
1043 3724 1151 3762 non
1204 3708 1447 3762 manebit
1492 3708 1547 3762 in
1589 3709 1776 3772 vobis,
1815 3710 2065 3775 quoniam
2096 3710 2373 3765 nobiscum

841 3796 984 3852 Deus
1011 3799 1075 3853 ⁸⁸.
1107 3816 1126 3848 ι
1155 3796 1243 3851 Sic
1272 3798 1403 3851 dicit
1438 3796 1707 3853 Dominus
1738 3798 1862 3855 forti
1890 3799 2071 3853 manui
2097 3813 2206 3853 non
2249 3813 2365 3854 cre-

840 3887 1131 3941 dentibus:
1185 3888 1382 3956 quibus
1425 3887 1607 3943 verbis
1655 3889 1932 3942 oraculum
1984 3888 2049 3943 ad
2097 3902 2228 3965 eos,
2275 3889 2368 3958 qui

2477 3260 2628 3333 ἡμῶν
2656 3260 2785 3315 Θεὸν
2807 3265 3165 3335 πειρώμενοι,
3203 3271 3295 3321 καὶ
3326 3270 3372 3321 ὄπ

2474 3368 2561 3403 ται
2580 3351 2697 3404 καθ’
2722 3352 2900 3422 ἡμῶν,
2953 3355 3016 3407 οὐ
3058 3357 3133 3427 μὴ
3186 3359 3372 3429 ἐμμείκ.

2475 3442 2626 3512 ἡμῶν
2652 3438 2786 3496 εἶναι
2828 3444 2925 3497 τὸν
2976 3447 3344 3519 Ἐμμανουήλ.

2474 3532 2780 3602 περάσματι
2808 3534 2994 3604 ῥᾴδιον
3027 3539 3321 3609 ἐπιστῆσαι

2472 3621 2586 3683 λὰς,
2609 3623 2702 3675 καὶ
2727 3622 2825 3684 τὰς
2869 3625 3019 3678 κατὰ
3047 3628 3277 3697 χρόνους
3306 3629 3372 3682 τᾶ

2470 3726 2585 3773 σεις
2619 3710 2952 3782 συνορῶντα,
3001 3718 3098 3769 καὶ
3147 3718 3225 3781 ὡς
3269 3718 3372 3790 ἄτερ

2477 3800 2592 3871 μεθ’
2635 3802 2789 3871 ἡμῶν
2840 3803 2981 3857 Θεὺν
3013 3808 3103 3859 ἀεὶ
3162 3808 3372 3862 καθίστι

2471 3890 2637 3954 τέλος.

835 3979 1023 4048 iugum
1073 3976 1404 4040 detrectant,
1456 3987 1510 4033 et
1558 3979 1817 4032 doctrina:
1861 3977 2064 4032 Christi
2109 3979 2399 4043 resistunt,
2449 3991 2501 4035 et
2545 3981 2744 4050 potenti
2795 3983 2977 4051 ipsius
3029 3989 3219 4042 manui
3267 4004 3372 4044 non

840 4070 1186 4131 vaticinatur,
1231 4070 1375 4138 quod
1427 4069 1664 4125 futurum
1711 4072 1816 4137 sit,
1865 4077 1926 4124 ut
1973 4085 2042 4125 ne
2096 4071 2307 4126 valeant
2343 4071 2558 4141 quidem
2603 4088 2924 4143 oppugnare
2980 4080 3275 4135 nobiscum
3322 4081 3372 4133 1).

840 4162 1070 4223 rlantur,
1121 4167 1175 4214 et
1220 4159 1364 4229 quod
1412 4174 1570 4215 omne
1617 4162 1974 4231 quodcunque
2022 4160 2305 4215 adversum
2357 4178 2454 4217 nos
2493 4165 3003 4233 comminiscentur,
3043 4171 3183 4240 ipsls
3222 4187 3331 4225 non

839 4258 1018 4322 pterea
1052 4249 1195 4317 quod
1232 4250 1509 4305 nobiscum
1558 4249 1629 4304 sit
1666 4249 2009 4313 Emmanuel,
2054 4256 2109 4304 et
2153 4249 2293 4305 hanc
2334 4252 2548 4321 quidem
2592 4254 2918 4310 sententiam
2963 4258 3127 4316 facile
3162 4270 3287 4326 est,
3334 4279 3369 4315 ιι

837 4341 1223 4406 assentiamur,
1265 4341 1356 4410 qui
1400 4341 1577 4396 minas
1620 4342 1902 4396 adversum
1952 4357 2091 4409 nos,
2129 4349 2183 4396 et
2226 4343 2524 4414 principum
2575 4361 2671 4415 per
2719 4349 2937 4418 singula
2990 4362 3245 4424 tempora
3300 4356 3372 4410 int

837 4441 929 4487 tus
978 4432 1484 4496 animadverterint,
1535 4441 1695 4504 atque
1747 4442 1807 4487 ut
1856 4433 2128 4491 incassum
2181 4440 2259 4492 eis
2314 4441 2556 4492 omnium
2608 4441 2881 4496 minarum
2939 4454 3175 4512 eventa,
3233 4464 3372 4520 prop

835 4521 1124 4580 evaserint.

1028 4636 1106 4693 Ab
1131 4637 1333 4715 eodem.
1364 4667 1431 4715 _——
1461 4637 1905 4715 Quemadmodum
1949 4650 2102 4715 nam!
2133 4656 2197 4695 ex
2227 4656 2310 4715 Erg

1895 4657 1905 4692 ι
1949 4650 2102 4715 natus
2133 4656 2197 4695 ea:
2227 4656 2365 4715 pra:-
2397 4643 2440 4697 D
2481 4641 2612 4715 Ἀπῤ
2631 4639 2735 4694 τοῦ
2764 4644 2978 4698 αὐτοῦ.
3018 4679 3090 4689 --
3128 4648 3223 4715 Ὡς
3255 4654 3287 4704 ὀ
3332 4668 3371 4703 τ⁴

901 4707 1066 4792 αῇὲια.
1097 4708 1202 4792 sive
1247 4707 1481 4792 virgine,
1509 4709 1612 4792 sine.
1659 4707 2364 4792 ρνορῇειξεσαηῇίὶιιεηυειῃ

904 4777 1066 4848 simul
1107 4786 1155 4829 et
1196 4776 1370 4848 magni
1410 4776 1612 4848 consilii
1650 4778 1895 4847 angelus,
1939 4776 2156 4848 aliisque
2197 4779 2365 4848 inopi-

904 4846 1041 4897 natis
1068 4843 1357 4898 nominibus
1398 4844 1683 4911 appellatus
1710 4843 1826 4909 est;
1854 4856 1903 4900 et
1934 4843 2361 4911 queinadmoditm

903 4922 1046 4987 ortus
1075 4913 1424 4987 ejtts‘lumiut's
1451 4914 1654 4980 pietatis
1686 4931 1847 4969 causa
1892 4913 2145 4987 adjuvans
2196 4917 2361 4986 genti-

908 4977 1000 5032 bus
1033 4977 1391 5035 constituetur.

909 5106 928 5138 ι
957 5086 1070 5141 Hoc
1098 5091 1361 5156 primum,
1397 5092 1552 5156 bibe,
1585 5093 1695 5148 cito
1739 5092 1822 5149 fac
1848 5135 1864 5160 ,
1900 5097 2046 5166 regio
2085 5092 2361 5158 Zabulon,

831 5181 889 5231 et
918 5181 1062 5228 terra
1088 5173 1423 5243 Nephthalitn
1442 5218 1457 5240 .
1490 5190 1543 5234 et
1568 5181 1761 5253 reliqui
1788 5183 1880 5253 qui
1911 5182 2234 5237 maritimam
2264 5181 2365 5235 ba-

833 5262 1008 5318 hitant
1037 5273 1184 5317 trans
1211 5261 1492 5320 Iordanem
1515 5306 1532 5332 ,
1561 5268 1777 5327 Galilzea
1826 5273 2063 5345 gentium
2089 5313 2103 5338 ,
2132 5271 2361 5340 populus

832 5350 1027 5409 sedens
1054 5352 1107 5405 in
1133 5354 1395 5418 tenebris,
1421 5355 1594 5413 videte
1622 5361 1793 5418 lucem
1824 5379 2100 5436 magnam,
2128 5362 2364 5418 sedenti-

832 5442 935 5499 bus
979 5441 1035 5495 in
1080 5441 1296 5510 regione
1344 5452 1397 5499 et
1443 5446 1632 5501 umbra
1678 5461 1901 5521 mortis,
1939 5455 2030 5510 lux
2058 5459 2244 5508 exorta
2276 5457 2361 5506 est

829 5532 908 5591 eis
937 5531 1001 5596 ⁶¹,
1030 5548 1048 5582 ι
1074 5535 1126 5585 et
1156 5545 1274 5601 qua:
1299 5544 1625 5605 sequuntur;
1654 5543 1849 5610 quibus
1880 5541 2152 5617 adjungit,
2184 5560 2203 5593 ι
2223 5555 2359 5610 quo-

899 5683 944 5718 “
975 5680 1081 5741 Isa.
1110 5699 1215 5753 vn,
1244 5683 1393 5745 9v“.
1468 5689 1513 5725 “
1549 5688 1651 5749 lsa.
1685 5705 1770 5759 ιι,
1800 5696 1852 5763 1,
1879 5698 1938 5755 3.

2540 4707 2651 4785 τῆς
2674 4707 3235 4785 ἱεροφῃτᾷυομένηςῖ,
3274 4720 3372 4772 εἴτι

2536 4777 2802 4855 testatior,
2825 4777 2973 4848 Θεὸς
3002 4777 3285 4853 ὁμοῖίᾶιάι
3314 4804 3372 4855 με

2532 4849 2660 4910 λος,
2693 4846 2925 4922 ἑτέραις
2949 4846 3020 4906 τε
3035 4846 3372 4922 ’παραδόξα

2525 4930 2729 4994 gstitat
2759 4931 2772 4945 '
2806 4919 2905 4972 καὶ
2958 4922 3048 4994 ᾡς
3086 4919 3151 4994 ἦ
3172 4926 3372 4994 γένεσι

2536 4983 2692 5049 ϐείας
2723 4990 3008 5054 παραιτία
3025 4983 3161 5058 τοῖς
3179 4983 3372 5049 ἔθνεσι

2539 5112 2559 5143 ι
2598 5093 2768 5148 Τοῦτο
2817 5098 3062 5169 πρῶτον,
3110 5103 3222 5166 πίε,
3274 5122 3372 5174 ταχ

2465 5182 2592 5246 λὼν,
2618 5184 2712 5237 καὶ
2754 5187 2824 5257 γῆ
2858 5188 3203 5264 Νεφθαλεὶμ,
3247 5196 3340 5249 καὶ
3368 5218 3372 5241 α

2465 5272 2581 5327 λίαν
2607 5276 2987 5343 κατοικοῦντες
3009 5282 3185 5354 πέραν
3203 5285 3298 5337 τοῦ
3330 5287 3372 5338 Ἱο

2468 5361 2634 5417 ἐθνῶν
2652 5381 2665 5394 ο
2683 5367 2712 5419 ὁ
2726 5363 2855 5429 λαὸς
2875 5369 2905 5421 ὁ
2932 5369 3243 5442 καθήμενος
3261 5375 3319 5427 ἐν
3341 5392 3372 5427 σ

2464 5453 2557 5505 καὶ
2583 5455 2693 5518 τοῖς
2726 5455 3064 5528 καθημένοις
3096 5464 3154 5518 ὲν
3183 5464 3365 5518 σκότει

2463 5543 2728 5602 ἀνέτειλεν
2760 5547 2967 5617 αὐτοῖς,
3002 5571 3021 5604 ι
3060 5553 3156 5607 καὶ
3213 5555 3281 5610 τὰ
3313 5556 3371 5621 ἐξ
