3738 6320
161 390 248 448 τις

1000 396 1634 468 υευοιςετιιΑῖιοΝιε
1672 408 2115 468 armemus
2151 408 2279 466 LIB.
2322 412 2433 471 vn.

3197 424 3301 477 530

161 509 316 602 πδπῗ
345 511 533 602 πῩλῆν
568 515 1005 594 ικηἰνντιηνιιένην
1029 526 1288 596 δόλῳίκαὶ
1305 520 1513 593 ἱμάτιον
1536 525 1662 593 μετέ

1736 528 1919 588 ,ιιὶαω
1950 542 2157 582 omnem
2194 536 2397 585 vestem
2427 538 2802 602 congregatam
2846 532 2998 600 dolo,
3045 544 3094 593 et
3140 538 3294 591 indu-

158 597 465 669 καειλλατῆς
485 602 861 672 ἀποτίσουσιν,
888 613 980 664 καὶ
1011 614 1314 686 θελήσουσιν
1347 614 1395 667 εί
1422 612 1673 685 ἐγενήθη-

1771 624 2037 678 ωειιιυω.
2081 620 2201 670 cum
2245 619 2616 674 consiliatione
2659 623 2882 677 soluturi
2922 634 3078 689 sunt,
3110 634 3163 681 et
3198 644 3287 682 vo-

158 703 241 740 m
294 688 684 758 πυρίκαυστον
721 698 805 750 ὅτι
858 702 1062 755 παιδίον
1103 702 1353 775 ἐγεννήθη
1382 705 1530 773 ἡμῖν,
1582 706 1662 758 ml

1769 705 1875 761 leut
1919 706 1965 761 si
2006 705 2200 758 fuerint
2238 706 2358 777 igne
2399 709 2704 762 combusti:
2748 714 2996 779 quoniam
3035 688 3289 783 puerulus

153 777 247 837 υίὸς
262 774 408 847 ὶδόθη
437 780 591 848 ήμτν,
615 778 683 835 οὗ
710 787 746 855 ἡ
785 787 925 860 ἀρχὴ
958 792 1046 843 ἐπὶ
1075 792 1165 844 τοῦ
1193 774 1521 862 ὦμουαύτοῦ
1542 811 1555 824 ’
1582 795 1662 848 καὶ

1768 802 1925 849 natus
1948 802 2027 849 est
2053 795 2236 858 nobis,
2264 774 2316 848 et
2344 796 2482 849 ﬁlius
2511 797 2668 852 datus
2693 807 2775 852 est
2802 799 2954 854 nobis
2972 841 2986 866 ,
3016 802 3170 870 cujus
3195 805 3289 857 inl-

153 867 361 919 καλεῖται
406 870 468 921 τὸ
515 870 693 943 ὄνομα
743 878 909 931 αὐτοῦ
941 881 1175 952 μεγάλης
1212 883 1399 953 βουλῆς
1428 884 1667 952 ἅγγελος,

149 956 419 1026 Θαυμαστὸς
468 959 803 1030 σύμόουλος,
850 968 980 1031 Θεὸς
1026 972 1265 1040 ἰσχυρὸς,
1309 972 1666 1043 ἐξουσιαστὴς,

146 1044 305 1113 ἅρχων
328 1047 561 1116 εἰρήνης,
608 1051 800 1123 πατὴρ
831 1059 923 1107 τοῦ
973 1057 1248 1125 μέλλοντος
1277 1059 1482 1122 αἰῶνος.
1526 1063 1667 1126 Ἀξω

142 1133 237 1204 γὰρ
270 1135 469 1206 εἰρήνην
530 1138 627 1190 ἐπὶ
666 1142 800 1202 τοὺς
856 1142 1134 1212 ἄρχοντας,
1164 1148 1251 1199 καὶ
1286 1148 1467 1216 ὑγείαν
1499 1150 1661 1220 αὐτῷ.

140 1221 335 1291 Μεγάλη
374 1225 406 1292 ή
438 1224 583 1295 ἀρχὴ
608 1228 811 1293 αὑτοῦ,
846 1233 938 1284 καὶ
986 1234 1083 1302 τῆς
1125 1236 1339 1307 εἰρήνης
1366 1238 1526 1291 αὑτοῦ
1566 1241 1662 1292 οὐκ

137 1309 261 1364 ἔστιν
281 1312 435 1382 ὃρισν,
468 1313 564 1366 ἐπὶ
596 1314 692 1369 τὸν
726 1317 914 1388 θρόνον
944 1322 1123 1383 Δαόιδ,
1153 1325 1244 1376 καὶ
1274 1326 1369 1395 τὴν
1395 1328 1659 1396 βασιλείαν

135 1401 289 1465 αὐτοῦ,
340 1403 688 1473 κατορθῶσαι
723 1409 916 1478 αὐτὴν,
946 1411 1036 1463 καὶ
1073 1412 1443 1469 ἀντιλαϐέσθαι
1470 1418 1527 1469 ὲν
1546 1419 1659 1489 κρί-

136 1506 241 1557 ματι
263 1492 347 1544 καὶ
389 1492 709 1567 δικαιοσύνῃ
746 1498 854 1551 ἀπὸ
877 1500 966 1553 τοῦ
990 1500 1082 1554 νῦν
1125 1503 1217 1555 καὶ
1241 1506 1318 1568 είς
1350 1507 1437 1559 τὸν
1468 1509 1652 1561 αἰῶνα.

141 1579 187 1631 '0
213 1580 355 1648 ζῆλος
409 1584 617 1651 Κυρίου
666 1585 900 1640 Σαϐαὼθ
944 1591 1151 1660 ποιήσει
1207 1592 1393 1646 ταῦτα.
1431 1614 1448 1646 ›
1492 1596 1655 1651 Τοῦτο

132 1667 278 1736 τρίτον
303 1669 395 1740 ήδη
427 1671 489 1723 τὸ
514 1672 741 1725 παιδίον
771 1678 1180 1745 προφητεύεται,
1218 1681 1309 1734 τοῦ
1353 1683 1511 1735 αὑτοῦ
1539 1701 1654 1736 ποι-

1767 884 1973 952 perium
2007 898 2165 951 super
2202 883 2482 937 humerum
2523 886 2727 953 ipsius,
2761 893 2814 938 et
2843 895 3063 941 vocatur
3088 904 3285 944 nomen

1763 971 1879 1040 ejus
1911 973 2087 1041 magni
2122 975 2329 1027 consilii
2372 977 2627 1044 angelus,
2662 973 2991 1031 admirabilis
3032 981 3287 1033 consilia-

1761 1061 1875 1115 rius
1894 1099 1911 1124 ,
1942 1060 2080 1115 Deus
2110 1061 2291 1128 fortis,
2324 1064 2615 1134 potentiam
2649 1061 2852 1118 habens
2873 1104 2887 1127 ,
2916 1066 3162 1134 princeps
3189 1078 3286 1136 pa-

1759 1150 1866 1213 cis,
1899 1159 2049 1220 pater
2076 1151 2239 1205 futuri
2272 1155 2469 1207 saeculi.
2505 1152 2778 1208 Adducam
2807 1155 2947 1208 enim
2979 1171 3159 1224 pacein
3191 1173 3283 1210 su-

1760 1254 1853 1308 per
1882 1239 2151 1310 principes
2171 1280 2186 1305 ,
2219 1253 2269 1294 et
2302 1242 2582 1296 sanitatem
2611 1244 2688 1306 ei,
2720 1256 2966 1313 magnum
3002 1245 3280 1315 imperium

1756 1327 1874 1394 ejus
1894 1369 1908 1392 ,
1935 1337 1987 1382 et
2020 1330 2166 1398 paris
2192 1330 2309 1397 ejus
2339 1346 2445 1383 non
2476 1339 2558 1384 est
2587 1332 2739 1393 ﬁnis,
2771 1346 2931 1401 super
2957 1334 3146 1387 solium
3176 1334 3279 1388 Da-

1753 1412 1837 1467 vid
1869 1423 1921 1468 et
1951 1430 2172 1484 regnum
2203 1418 2320 1486 ejus
2348 1427 2406 1472 ut
2435 1419 2628 1489 dirigat
2659 1421 2821 1484 illud,
2853 1430 2905 1475 et
2935 1423 3191 1492 suscipiat
3222 1427 3274 1480 in

1746 1501 1946 1571 judicio
1975 1512 2028 1558 et
2063 1505 2271 1574 justitia
2309 1524 2375 1561 ex
2421 1509 2519 1562 hoc
2548 1517 2785 1577 tempore
2812 1520 2862 1565 et
2892 1528 3059 1581 usque
3090 1515 3141 1567 in
3173 1530 3274 1568 saa-

1751 1591 1927 1646 culum
1953 1611 1967 1648 :
2002 1595 2149 1649 zelus
2182 1593 2390 1649 Domini
2426 1595 2657 1651 Sabaoth
2689 1598 2847 1654 faciet
2875 1601 2985 1655 hac
3015 1603 3079 1657 “.
3114 1623 3131 1654 ι
3156 1602 3271 1657 1am

1750 1696 1890 1735 nunc
1921 1684 2079 1737 tertio
2108 1699 2328 1752 puerum
2370 1685 2513 1740 hunc
2557 1686 2830 1755 prophetia
2860 1701 3267 1756 commemorat,

132 1759 266 1821 κίλως
300 1763 720 1832 σημαινομένου.
777 1767 990 1836 Ἐπειδὴ
1016 1769 1190 1822 τοίνυν
1229 1773 1504 1842 πρόκειται
1556 1776 1648 1828 νῦν

1748 1785 1864 1838 quis
1892 1772 2128 1826 eamdem
2159 1789 2268 1828 rem
2299 1775 2464 1830 variis
2488 1777 2659 1831 modis
2693 1778 2975 1846 signiﬁcat.
3008 1780 3268 1844 Quoniam

131 1849 236 1918 ἡμῖν
258 1848 339 1901 τὸν
368 1851 567 1921 τρόπον
597 1854 706 1923 τῆς
727 1857 812 1917 εἰς
834 1857 1146 1926 ἀνθρώπους
1167 1861 1256 1912 τοῦ
1274 1838 1413 1915 -Θεοῦ
1447 1882 1645 1934 παρου-

1749 1858 1908 1928 igitur
1957 1877 2099 1915 nunc
2150 1865 2479 1931 propositum
2528 1867 2684 1920 nobis
2730 1878 2840 1932 est,
2879 1869 3137 1927 adventus
3174 1872 3268 1928 Dei

132 1938 225 1999 σίας
245 1939 510 2004 ἐπιδεῖξαι,
546 1941 648 1994 θέα
668 1944 743 1994 δι’
779 1945 916 1996 ὅσων
947 1941 1094 2009 οὗτος
1113 1949 1205 2000 καὶ
1225 1949 1366 2012 ὅπως
1393 1952 1651 2021 παρίσταο

128 2041 213 2079 τοι.
259 2028 575 2083 Ἐδεικνύετο
607 2032 837 2102 πρῶτον
873 2037 900 2086 ὁ
935 2036 1240 2106 ἐπικληθεὶς
1292 2041 1643 2113 Ἐμμανουήλ,

130 2114 234 2177 Θεὸς
270 2118 330 2170 ἐκ
378 2120 653 2190 παρθένου
676 2122 1045 2192 γεννώμενος·
1094 2125 1337 2198 δεύτερον
1371 2130 1430 2181 τὸ
1463 2131 1526 2183 ὲκ
1548 2131 1646 2200 τῆς

131 2205 406 2274 προφήτιδας
452 2209 547 2260 καὶ
587 2208 688 2261 τοῦ
750 2210 903 2276 ἁγίου
949 2211 1256 2280 Πνεύματος
1285 2215 1507 2279 παιδίον,
1548 2220 1643 2271 οὐκ

131 2290 229 2343 ἄλλο
272 2295 526 2362 τυγχάνον
555 2296 654 2348 τοῦ
688 2300 1195 2368 προηγορευμένου·
1240 2302 1415 2371 τρίτον
1455 2307 1482 2356 ὁ
1508 2306 1643 2374 μετά

130 2384 295 2451 χεῖρας,
345 2380 422 2447 εἷς
461 2385 538 2439 ὢν
585 2389 684 2441 καὶ
719 2392 752 2441 ὁ
782 2390 942 2451 αὐτὸς
994 2393 1104 2453 τοῖς
1146 2393 1440 2463 προτέροις.
1478 2414 1497 2446 ι
1535 2397 1640 2448 Καὶ

130 2472 264 2541 τούτῳ
315 2473 437 2540 γοῦν
488 2474 665 2543 ὄνομα
716 2474 857 2531 εἶναι
898 2479 1130 2546 λέγεται,
1186 2482 1322 2534 κατά
1368 2483 1464 2550 μὲν
1514 2486 1638 2548 τοὺς

138 2561 483 2632 Ἐδδομήκοντα
502 2582 522 2616 ι
554 2567 809 2637 μεγάλης
832 2568 1021 2637 βουλῆς
1035 2570 1278 2638 ἄγγελος,
1301 2592 1318 2622 ι
1336 2574 1425 2626 καὶ
1435 2574 1507 2636 ὦς
1518 2592 1635 2628 τινα

129 2650 210 2702 τῶν
253 2653 583 2725 ἀντιγράφων
635 2657 788 2727 ἔχει,
873 2677 894 2709 ι
955 2658 1258 2729 θαυμαστὸς
1309 2663 1630 2731 σύμϐουλος,

128 2737 227 2802 θεὸς
265 2743 487 2813 ἰσχυρὸς,
520 2745 901 2817 ὲξουσιαστὴς,
947 2747 1125 2818 ἄρχων
1168 2751 1404 2821 εἰρήνης,
1456 2753 1631 2825 πατὴρ

128 2828 197 2880 τοῦ
220 2831 475 2898 μέλλοντος
504 2835 707 2898 αἰῶνος
728 2852 744 2865 ·
777 2853 797 2887 ι
829 2836 968 2890 κατά
1000 2837 1055 2891 δὲ
1080 2838 1141 2890 τὸ
1171 2840 1471 2911 Ἐϐραῖκὸν,
1502 2844 1575 2905 ὡς
1602 2845 1630 2896 ό

130 2918 204 2984 μὲν
238 2922 442 2986 ’Δκύλας
486 2926 691 2995 φησίν·
736 2927 887 2979 «Ὅτι
933 2928 1137 2982 παιδίον
1183 2931 1432 3003 ἐγεννήθη
1474 2936 1624 3004 ἡμῖν,

126 3007 214 3070 υἱὸς
239 3010 373 3084 ὲδόθη
397 3015 544 3084 ἡμῖν,
574 3016 669 3068 καὶ
693 3016 910 3083 ἐγένετο
943 3019 1137 3089 μέτρον
1162 3021 1245 3072 ἐπ’
1268 3020 1413 3091 ὤμου
1442 3024 1622 3079 αὐτοῦ.

127 3095 209 3195 lict
229 3100 404 3171 ἐκλήθη
448 3102 508 3154 τὸ
555 3103 734 3173 ὄνομα
763 3106 926 3158 αὐτοῦ
959 3109 1269 3177 Θαυμαστὸς
1307 3110 1619 3180 σύμϐουλος,
1650 3140 1692 3202 c

127 3183 317 3257 ἰσχυρὸς,
357 3191 599 3255 δυνατὸς,
653 3193 860 3264 πατὴρ,
913 3195 992 3248 ἔτι
1027 3197 1203 3266 ἄρχων
1243 3201 1476 3273 εἰρήνης,
1529 3204 1622 3256 καὶ

124 3275 196 3342 τῆς
218 3280 417 3350 είρήνης
440 3281 609 3334 αὐτοῦ
637 3283 743 3334 οὐκ
774 3282 888 3335 ἔστι
921 3285 1088 3356 πέρας
1107 3303 1119 3316 ο
1158 3307 1176 3337 ι
1208 3288 1281 3350 ὡς
1310 3289 1364 3341 δὲ
1411 3292 1439 3342 ό
1480 3292 1622 3360 Σύμ-

98 3380 284 3435 μαχος*
319 3387 336 3419 ι
360 3370 594 3435 Νεανίας
620 3371 736 3442 γὰρ
773 3373 925 3444 ἐδόθη
970 3377 1115 3444 ήμίν,
1153 3379 1264 3440 υἱὸς
1288 3379 1436 3450 ἐδόθη
1469 3384 1616 3450 ἡμῖν.

121 3453 203 3505 Καὶ
232 3457 365 3509 ἔσται
405 3461 438 3529 ή
479 3460 701 3514 παιδεία
728 3462 892 3514 αὐτοῦ
919 3463 1007 3516 ἐπὶ
1038 3463 1129 3516 τοῦ
1152 3464 1297 3535 ὤμου
1324 3468 1504 3530 αὑτοῦ,
1528 3470 1619 3522 καὶ

120 3538 389 3614 κληθήσεται
410 3549 471 3601 τὸ
500 3549 678 3619 δνομα
706 3549 870 3602 αὑτοῦ
896 3552 1326 3623 Παραδοξασμὸς,
1355 3555 1619 3623 βουλευτι-

117 3629 204 3694 κδς,
235 3636 455 3707 ἰσχυρὸς,
496 3639 749 3703 δυνατὸς,
791 3640 970 3711 πατὴρ
1007 3642 1217 3705 αἰῶνος.
1253 3645 1429 3714 ἄρχων
1470 3648 1616 3717 εἰρή-

118 3735 203 3789 νης,
227 3725 419 3790 καὶτῆς
439 3730 669 3800 είρήνης
696 3729 863 3782 αὐτοῦ
888 3731 986 3783 οὐκ
1010 3731 1120 3784 ἔστι
1144 3734 1330 3802 πέρας.
1362 3753 1380 3784 ι
1413 3735 1615 3789 Οὐκοῦν

112 3808 183 3878 οὔχ
204 3813 367 3878 ἁπλῶς
409 3819 645 3885 ἄγγελος
678 3819 821 3872 κατά
860 3823 983 3884 τοὺς
1020 3822 1430 3892 Ἐϐδομήκοντα,
1475 3824 1609 3879 ἀλλὰ

117 3915 131 3945 σ
147 3900 223 3970 τῆς
244 3906 469 3977 μεγάλης
489 3908 693 3977 βουλῆς
708 3909 953 3977 ἄγγελος.
969 3913 1061 3964 καὶ
1074 3912 1377 3981 θαυμαστὸς
1391 3915 1613 3984 σύμϐου-

1745 1947 1809 2000 ad
1850 1949 2092 2004 homines
2134 1952 2347 2003 modum
2393 1956 2703 2018 ostendere,
2747 1957 2900 2022 vide,
2941 1974 3147 2026 quaeso,
3178 1963 3264 2016 hic

1743 2050 1897 2103 quam
1915 2037 2097 2091 multis
2124 2039 2295 2092 modis
2319 2039 2729 2097 demonstretur.
2760 2044 2936 2101 Primo
2954 2049 3163 2116 quidem
3190 2052 3267 2103 di-

1741 2132 1858 2177 ctus
1885 2131 1969 2178 est
2010 2124 2360 2190 Emmanuel,
2395 2127 2534 2183 Deus
2578 2131 2666 2199 qui
2718 2133 2784 2186 de
2822 2130 3038 2204 Virgine
3077 2152 3263 2191 nasce-

1740 2218 1903 2264 retur.
1961 2212 2242 2278 Secundo,
2303 2230 2364 2269 ex
2420 2219 2726 2287 prophetica
2774 2222 2996 2278 muliere
3043 2235 3096 2279 et
3138 2223 3262 2296 Spi-

1736 2297 1840 2352 ritu
1875 2309 2064 2354 sancto
2101 2304 2385 2370 puerulus,
2431 2307 2521 2373 qui
2564 2323 2667 2361 non
2711 2309 2849 2366 alius
2892 2320 2974 2365 est
3014 2330 3172 2383 quam
3211 2317 3260 2372 is

1735 2386 1801 2440 de
1838 2403 1945 2456 quo
1984 2392 2094 2457 jam
2128 2390 2380 2447 diximus.
2416 2390 2597 2450 Tertio
2627 2398 2673 2452 is
2697 2439 2711 2462 ,
2745 2400 2810 2456 de
2838 2418 2944 2472 quo
2975 2421 3115 2460 nunc
3147 2408 3260 2478 agi-

1734 2488 1883 2538 mus,
1939 2475 2029 2543 qui
2080 2492 2199 2530 cum
2250 2481 2516 2548 prioribus
2566 2501 2703 2541 unus
2754 2497 2834 2542 est
2885 2498 3041 2559 atque
3094 2475 3252 2550 idem.

1733 2560 1865 2617 Huic
1911 2565 2073 2634 igitur
2117 2581 2237 2622 esse
2277 2584 2467 2625 nomen
2525 2573 2738 2638 dicitur,
2789 2587 2846 2631 ιιι
2886 2580 3075 2650 legitur
3115 2587 3252 2652 apud

1732 2648 2105 2721 Septuaginta,
2130 2674 2147 2706 ι
2172 2658 2349 2725 magni
2375 2662 2587 2715 consilii
2621 2667 2840 2733 angelus
2868 2687 2880 2722 :
2905 2648 3023 2732 let,
3059 2680 3114 2723 ut
3142 2648 3255 2740 qui-

1728 2739 1848 2794 dam
1869 2742 2079 2798 codices
2104 2744 2320 2810 habent,
2346 2766 2365 2799 ‹
2386 2749 2713 2808 admirabilis
2734 2758 3091 2822 consiliarius,
3115 2739 3253 2817 Deus

1728 2828 1913 2898 fortis,
1965 2834 2256 2903 potentiam
2306 2836 2539 2904 habens,
2582 2841 2832 2914 princeps
2875 2848 3059 2914 pacis.
3103 2861 3244 2916 pater

1723 2918 1876 2990 337
1902 2921 2064 2977 futuri
2093 2925 2293 2981 sicculi.
2334 2946 2352 2980 ι
2388 2927 2456 2982 Ut
2484 2945 2609 2985 vero
2625 2942 2701 2988 est
2727 2935 2780 2988 in
2808 2934 3089 3000 Hebraico,
3113 2939 3250 2996 sicut

1722 3008 1912 3079 Aquila
1958 3014 2281 3068 testiﬁcatur
2310 3033 2322 3069 :
2362 3035 2380 3068 ι
2410 3018 2669 3084 Quoniam
2706 3026 2960 3092 puerulus
2983 3035 3138 3082 natus
3168 3037 3248 3083 est

1724 3099 1898 3165 nobis,
1931 3100 2072 3157 ﬁlius
2101 3102 2258 3159 datus
2290 3114 2371 3160 est
2397 3109 2573 3172 nobis,
2604 3119 2657 3165 et
2688 3112 2823 3166 facta
2875 3121 2957 3170 est
2999 3132 3246 3172 mensura

1721 3204 1882 3259 super
1904 3191 2180 3248 humerum
2215 3195 2352 3264 ejus,
2386 3205 2438 3251 et
2465 3209 2708 3254 vocatum
2752 3211 2835 3257 est
2871 3220 3060 3261 nomen
3104 3210 3240 3276 ejus,

1716 3283 2058 3341 Admirabilis
2084 3288 2441 3352 consiliarius,
2469 3289 2642 3355 fortis,
2663 3302 2872 3361 potens,
2895 3306 3063 3365 pater,
3083 3301 3241 3353 etiam

1719 3371 1967 3441 princeps
1992 3375 2158 3442 pacis,
2183 3385 2235 3431 et
2263 3378 2410 3446 pacis
2437 3379 2553 3446 ejus
2593 3396 2699 3434 non
2732 3391 2815 3436 est
2854 3384 2989 3439 ﬁnis.
3032 3406 3051 3439 ι
3086 3388 3238 3442 Sicut

1717 3467 1891 3513 autem
1925 3460 2275 3531 Symmachus
2312 3484 2324 3520 :
2358 3484 2377 3516 ι
2414 3466 2858 3527 Adulescentulus
2906 3474 3050 3528 enim
3083 3477 3239 3533 datus

1713 3559 1798 3606 est
1838 3554 2013 3613 nobis,
2051 3556 2189 3611 ﬁlius
2230 3556 2388 3612 datus
2425 3568 2507 3613 est
2534 3561 2709 3626 nobis,
2744 3572 2798 3616 et
2825 3564 2928 3618 erit
2957 3566 3235 3636 disciplina

1713 3641 1830 3710 ejus
1866 3658 2027 3713 super
2052 3644 2329 3701 humerum
2359 3647 2494 3716 ejus,
2529 3656 2581 3704 et
2602 3651 2877 3706 vocabitur
2893 3670 3088 3711 nomen
3119 3658 3238 3729 ejus

1713 3727 2126 3795 Admirabilitas,
2168 3734 2526 3799 consiliarius,
2584 3738 2761 3804 fortis,
2814 3749 3026 3809 potens,
3085 3727 3236 3814 pater

1711 3816 1911 3881 saeculi,
1945 3819 2193 3890 princeps
2225 3823 2392 3891 pacis,
2421 3831 2472 3877 et
2495 3826 2641 3892 pacis
2659 3826 2776 3896 ejus
2802 3844 2907 3884 non
2928 3838 3009 3885 est
3030 3832 3165 3889 ﬁnis.
3207 3853 3227 3887 ι

1712 3904 1847 3991 Ergo
1908 3923 2014 3962 non
2080 3910 2391 3980 simpliciter
2441 3917 2661 3985 angelus
2738 3919 3029 3973 secundum
3085 3924 3233 3991 ipsos

107 3984 291 4051 λοςςκαὶ
327 3996 455 4059 Θεὸς
500 3998 747 4068 ἰσχυρὸς,
777 4001 867 4052 καὶ
910 4001 1269 4072 ὲξουσιαστὴς,
1296 4005 1387 4055 καὶ
1433 4004 1609 4075 ἀρχων

1736 3991 1866 4057 .ΧΧ,
1899 3995 1990 4048 sed
2023 4013 2040 4046 ι
2081 3999 2255 4065 magni
2300 3984 2788 4072 consiliiiangelus,
2821 4015 2873 4060 et
2900 3984 3230 4067 admirabilis

107 4077 299 4151 είρήνης,
331 4087 420 4138 καὶ
459 4090 650 4158 πατὴρ
674 4090 766 4142 τοῦ
795 4090 1071 4158 μέλλοντος
1092 4090 1281 4155 αίῶνος
1307 4110 1325 4141 ι
1353 4093 1607 4164 γεννηθή-

1738 4082 2066 4147 onsiliarius,
2098 4092 2150 4137 et
2172 4085 2311 4140 Deus
2337 4087 2517 4154 fortis,
2545 4100 2600 4144 et
2622 4094 2911 4160 potentiam
2945 4097 3162 4162 habens,
3175 4108 3231 4154 et

104 4166 270 4232 ασθαι,
302 4175 393 4226 καὶ
436 4176 654 4229 παιδίον
683 4177 896 4230 ἔσεσθαι
937 4177 1024 4231 διὰ
1058 4177 1259 4231 τούτων
1281 4178 1600 4245 ἐθεσπίζετο.
1707 4170 1954 4240 Ρτίηεεβε
1979 4173 2146 4240 Pacis:
2165 4180 2218 4227 εί
2244 4182 2395 4244 Pater
2416 4177 2581 4232 Ῐυίῑπί
2614 4183 2791 4235 533w“
2821 4202 2840 4234 ³
2873 4186 3112 4242 οΐίεηηῧ
3136 4189 3231 4242 ali‘

105 4252 248 4323 Ἔχεις
268 4259 319 4313 δὲ
355 4264 410 4314 ὲν
448 4269 565 4327 τοῖς
602 4267 885 4336 προτέροις
907 4268 998 4319 τὸν
1022 4267 1113 4319 τοῦ
1139 4267 1269 4319 Θεοῦ
1296 4270 1481 4337 Λόγον,
1513 4274 1606 4324 καὶ¹

1742 4260 1937 4323 nando,
1973 4271 2024 4316 ει
2073 4265 2328 4331 puerulus
2382 4265 2616 4331 futurus,
2661 4271 2727 4324 iis
2772 4274 2946 4329 verbis
2996 4277 3228 4331 caneba-

99 4339 217 4428 θεὸν,
239 4347 323 4398 καὶ
345 4348 549 4419 Κύριον
585 4351 852 4421 διαφόρως
894 4353 1333 4423 ἀνηγορευμένον,
1377 4356 1506 4425 ὁμοῦ
1547 4359 1603 4410 δὲ

1736 4360 1810 4399 ur.
1879 4347 2053 4404 llabes
2088 4351 2246 4404 etiam
2281 4352 2334 4405 in
2369 4355 2434 4409 iis
2464 4370 2582 4424 quae
2612 4360 2761 4427 prius
2792 4361 2933 4415 dicta
2963 4373 3108 4428 sunt,
3130 4366 3227 4421 Del

97 4426 166 4478 τὸν
185 4434 325 4487 αὐτὸν
348 4438 579 4506 ἄγγελον
606 4441 986 4510 ὠνομασμένον
1012 4443 1102 4494 τοῦ
1131 4444 1356 4513 Πατρὸς,
1383 4445 1473 4497 καὶ
1508 4445 1603 4517 ἀρ-
1636 4445 1662 4499 Ι]

1736 4435 1956 4501 ’erbum,
1978 4447 2031 4493 et
2057 4438 2244 4503 Deum,
2267 4449 2321 4496 et
2351 4426 2633 4500 Dominum
2668 4449 2893 4505 diversis
2924 4426 3102 4511 modis
3130 4470 3225 4526 ap-

98 4521 405 4593 Ιίστράτηγον
435 4527 721 4598 δυνάμεως
746 4531 968 4600 Κυρίου.
1006 4532 1099 4594 Τίς
1121 4532 1166 4584 δ’
1190 4533 1254 4585 ἂν
1288 4530 1378 4586 οὖν
1403 4535 1604 4601 γένοιτο

1736 4525 1970 4587 ellatum,
2001 4536 2054 4581 et
2085 4530 2283 4596 pariter
2310 4534 2552 4589 eumdem
2587 4538 2831 4608 angelum
2862 4542 3030 4608 patris
3051 4521 3224 4598 nomi-

96 4608 205 4659 κατὰ
224 4613 310 4678 μὲν
332 4615 421 4666 τὸν
458 4617 688 4671 ’Δκύλαν
721 4621 813 4674 καὶ
843 4621 943 4684 τὰς
967 4622 1130 4674 εἰσέτι
1174 4620 1266 4674 νῦν
1308 4624 1603 4692 φερομένας

1736 4623 1902 4679 atum,
1926 4626 1979 4673 et
2008 4623 2238 4689 primum
2281 4626 2657 4694 imperatorem
2680 4633 2953 4699 copiarum
2988 4634 3219 4692 Domini.

95 4697 195 4765 παρ’
218 4700 467 4773 Ἑϐραίοις
497 4710 820 4780 μαρτυρίας,
851 4713 907 4762 ὲν
932 4710 1229 4782 ἀνθρώποις
1252 4712 1598 4781 γεννώμενος,

1736 4706 1799 4759 ed
1827 4705 1948 4774 quis
1978 4711 2191 4764 tandem
2222 4714 2309 4768 hic
2348 4717 2463 4770 sit?
2497 4697 2797 4773 Secundum
2826 4721 3076 4790 Aquilam
3101 4726 3218 4793 qni-

98 4786 167 4877 ξιιὶ
190 4805 205 4835 ι
221 4794 419 4877 παιδίον
443 4814 462 4845 ι
487 4797 788 4867 γινόμενος,
812 4818 830 4850 ι
861 4799 1167 4869 θαυμαστὸς
1184 4800 1243 4852 σύ
1251 4801 1490 4869 μὸουλος,
1507 4805 1598 4856 καὶ

1736 4810 1810 4848 ειη
1833 4793 2199 4853 ει“εεευηίίιιηι
2221 4817 2281 4856 ea
2305 4819 2423 4871 quin
2441 4808 2600 4860 etiam
2632 4823 2774 4862 nunc
2797 4786 2939 4877 apud
2969 4786 3222 4871 Hebraeos

98 4863 289 4963 ιξχυρὸς.
314 4863 554 4944 δυνατὸς,
574 4863 665 4937 καὶ
690 4885 887 4955 πατὴρ,
907 4863 986 4938 ετὶ
1001 4887 1093 4939 καὶ
1116 4863 1293 4955 ἄρκιον
1320 4863 1550 4958 εἰρήνης,
1566 4909 1583 4941 ι

1736 4889 1939 4935 eruntur
1969 4886 2295 4951 testimonia,
2316 4891 2408 4958 qui
2446 4892 2585 4948 inter
2611 4895 2854 4947 hoines
2876 4908 3151 4963 nascetur,
3170 4908 3226 4954 et

98 4952 271 5049 οἶδ-ποτέ
286 4963 356 5028 (1)
376 4984 540 5036 φησιν
556 4968 769 5024 ἔσεσθαι
789 4952 956 5033 τέλοςο
975 4973 1117 5024 κατὰ
1130 4952 1288 5025 sicci:
1305 4952 1588 5045 Σύμμαχον

1757 4970 2009 5037 puerulus
2047 4989 2066 5024 ι
2120 4952 2364 5042 exsistet,
2418 4996 2437 5028 ι
2479 4981 2918 5049 admirabilisque
2971 4989 3225 5043 consilia-

104 5041 539 5145 t‘uupaooﬁacpbc,
570 5056 924 5124 βουλευτικὸς,
956 5060 1191 5128 ίσχυρὺς,
1217 5041 1451 5123 δυνατδέ,
1480 5041 1583 5115 ἰέᾶ-

1742 5074 1823 5123 us,
1852 5066 1907 5113 et
1934 5058 2108 5124 fortis,
2131 5072 2185 5117 et
2212 5077 2420 5133 potens,
2449 5077 2501 5123 et
2530 5079 2678 5138 pater
2705 5041 2866 5121 etiam
2893 5078 2952 5124 et
2979 5076 3228 5145 princeps

102 5128 180 5225 ξὴρ
202 5140 388 5205 αἰῶνος,
414 5146 599 5215 ἄρχων
622 5150 862 5218 εἰρήνης,
889 5150 981 5200 καὶ
1016 5148 1218 5214 ταύτης
1254 5149 1468 5217 ἀπείρου
1494 5155 1582 5206 καὶ

1736 5149 1859 5211 acis,
1899 5169 1917 5201 ι
1961 5151 2117 5220 cujus
2163 5128 2310 5221 pacis
2350 5128 2620 5225 nunquam
2670 5156 2749 5208 ait
2773 5128 3021 5212 futurum
3052 5128 3228 5217 ﬁnem.

103 5216 429 5315 ξτιλιυτήτουο
465 5253 483 5283 ι
515 5236 608 5287 και
648 5216 805 5289 uti
827 5235 1174 5296 Θεοδοτίωνα,
1226 5255 1243 5283 ι
1274 5216 1584 5304 θαυμαστῶς

1736 5238 1997 5293 ecundum
2029 5216 2425 5310 'Sym-machum
2480 5216 2666 5299 autem
2736 5263 2757 5296 ι
2802 5244 3235 5315 Δόωὶτιὼίὶὶιιιε,

114 5303 339 5404 βῗυλελύων,
366 5322 593 5393 ἰσχυρὸς,
616 5324 894 5394 δυνάστης,
922 5324 1130 5391 πατὴρ,
1160 5323 1334 5390 ἄρχων
1352 5327 1575 5399 εἰρήνης.

1736 5327 2047 5392 msiliarius,
2081 5303 2254 5393 fortis,
2301 5338 2507 5400 potens,
2537 5344 2695 5402 pater
2747 5334 2966 5396 seculi,
2997 5338 3244 5404 princeps

109 5393 168 5491 τῆ
190 5400 442 5472 πληθύνειν
481 5412 581 5480 τὴν
622 5393 878 5474 παιδείαν,
903 5405 964 5465 οὗ
991 5411 1093 5477 τῆς
1119 5411 1330 5481 εἰρήνης
1350 5393 1572 5474 ού-κνέστι

1736 5416 1858 5478 scis,
1886 5424 1940 5470 et
1996 5419 2141 5487 pacis
2181 5393 2398 5475 inﬁnita:
2446 5393 2608 5491 atque
2661 5393 3065 5479 interminatus
3102 5442 3122 5474 ι
3164 5425 3253 5485 At,

289 5509 305 5539 ι
334 5495 432 5546 Καὶ
454 5496 596 5565 αὐτῷ
633 5514 715 5550 σοι
742 5498 807 5550 τὰ
831 5498 954 5565 ἑξῆς
996 5479 1303 5549 καταλείπώ
1343 5507 1563 5569 σκοπετν,

1739 5514 1829 5560 cut
1866 5479 2194 5563 Tlleodolion
2222 5512 2407 5578 voluit,
2438 5532 2457 5565 ι
2491 5479 2906 5569 admirabiliter
2945 5514 3260 5573 consulens,

168 5565 204 5597 ⁵⁸
225 5568 313 5626 lsa.
347 5594 416 5637 ix.
436 5580 548 5634 5-7.

180 5651 237 5719 il)
253 5661 317 5712 ob
334 5678 477 5717 ποτε,
497 5666 637 5735 Lege
666 5661 726 5719 οἶ)
736 5682 825 5735 pro
845 5666 923 5729 ού,
948 5671 1005 5719 et
1030 5666 1220 5737 accipe
1243 5670 1356 5726 ποτέ
1380 5688 1523 5733 sensu
1544 5680 1662 5735 οὔτι

1740 5701 1784 5750 ε,
1800 5684 1878 5738 vel
1890 5689 2016 5752 puta
2036 5685 2297 5745 excidisse
2323 5692 2568 5747 voculam
2591 5684 2679 5763 ἦς
2710 5700 2847 5748 ante
2868 5689 3101 5745 οὒποτε.
3118 5681 3285 5732 Enn.
