3738 6298
815 433 913 489 53!

820 544 996 604 tortis,
1032 542 1242 607 potens,
1274 536 1423 600 pater
1443 567 1457 592 ,
1498 527 1748 596 princeps

820 634 1044 688 caudam
1089 622 1449 692 disciplinam,
1481 620 1637 684 cujus
1681 612 1830 682 pacis
1876 622 1984 662 non
2030 609 2113 659 est
2158 599 2299 653 ﬁnis.
2332 614 2350 646 ι

820 726 1105 779 ϐαδιοτυηι,
1137 687 1254 782 (ιυῷ
1309 715 1607 779 sequuntur
1646 704 1746 757 tibi
1792 700 1895 769 ipsi
1948 687 2357 759 contemplanda

820 814 1087 879 relinquo,
1124 807 1226 859 hoc
1254 815 1420 855 unum
1439 798 1699 851 duntaxat
1729 792 2016 845 adnotasse
2048 787 2356 840 contentus,

821 870 1108 974 quod-ipse
1130 896 1236 959 hic,
1267 892 1360 961 qui
1390 889 1586 943 dicitur
1610 904 1628 936 ι
1657 892 1809 952 pater
1838 876 2111 939 saeculi,et
2140 870 2361 925 inﬁnita:

815 994 970 1062 pacis
1004 990 1252 1060 princeps
1276 1023 1289 1046 ,
1322 981 1604 1050 magnique
1638 971 1847 1028 consilii
1881 969 2122 1038 angelus,
2147 984 2164 1014 ι
2185 962 2359 1016 oritu-

820 1052 917 1136 rus
951 1052 1236 1147 aliquando
1260 1082 1315 1127 et
1343 1068 1600 1141 puerulus
1636 1065 1846 1117 futurus
1875 1055 2155 1128 prophetia
2182 1052 2363 1106 decla-

824 1177 997 1230 ratur,
1026 1174 1079 1219 et
1109 1164 1161 1217 in
1200 1170 1321 1215 ortu
1345 1173 1443 1213 suo
1471 1157 1609 1208 inter
1640 1151 1885 1204 homines
1916 1147 2055 1200 volet
2082 1143 2209 1196 olim
2242 1155 2363 1194 esse

826 1259 948 1327 igne
980 1254 1290 1309 combustos
1320 1264 1415 1303 eos
1447 1247 1538 1314 qui
1564 1245 1616 1297 in
1637 1258 1696 1295 ea
1723 1240 1893 1295 salute
1915 1226 2171 1305 gentium,
2207 1230 2362 1298 cujus

828 1351 944 1417 ipse
990 1355 1175 1398 auctor
1207 1342 1331 1402 erit,
1365 1336 1535 1390 odiosi
1589 1330 1754 1386 futuri
1809 1333 1956 1390 sunt,
1984 1324 2096 1377 sive
2144 1322 2182 1375 ii
2238 1319 2363 1373 mali

825 1436 1044 1505 quidam
1074 1434 1366 1488 daamones,
1402 1427 1512 1479 sive
1544 1422 1701 1475 etiam
1756 1418 1904 1487 impii
1933 1414 2179 1469 homines
2208 1410 2365 1464 intel-

829 1529 1082 1594 ligantur,
1117 1524 1183 1576 de
1230 1520 1428 1589 quibus
1473 1514 1594 1568 ait:
1648 1529 1666 1561 ι
1711 1508 1863 1575 Quod
1916 1519 2125 1560 onmem
2165 1508 2363 1554 vestem

829 1618 1114 1672 collectam
1146 1612 1291 1672 dolo,
1322 1619 1375 1664 et
1398 1607 1798 1663 vestimentum,
1830 1614 1952 1652 cum
1992 1592 2367 1649 conciliatione

831 1708 1058 1765 solvent.
1092 1724 1109 1753 ι
1141 1702 1244 1758 Sed
1266 1701 1355 1770 qui
1380 1698 1593 1751 tandem
1628 1693 1681 1747 bi
1706 1690 1923 1754 fuerint,
1949 1687 2052 1741 nisi
2075 1686 2140 1739 de
2170 1683 2366 1753 quibus

832 1799 956 1854 alibi
996 1813 1060 1851 ex
1105 1795 1273 1864 ipsius
1319 1786 1612 1843 Salvatoris
1663 1782 1834 1838 nostri
1881 1793 2110 1850 persona
2163 1776 2365 1829 dictum

831 1895 915 1943 est
947 1906 959 1939 :
1001 1904 1017 1933 ι
1055 1882 1242 1937 Partiti
1287 1886 1413 1933 sunt
1442 1875 1760 1930 vestimenta
1808 1885 1921 1923 mea
1971 1867 2095 1928 sibi,
2127 1872 2179 1917 et
2207 1876 2368 1929 super

833 1983 1034 2029 vestem
1065 1984 1235 2024 meam
1266 1969 1529 2020 miserunt
1576 1969 1774 2017 sortem
1807 1959 1872 2021 ⁸³,
1922 1976 1939 2005 ›
1981 1965 2034 2008 et
2063 1952 2368 2021 quicunque

834 2064 1076 2131 ejusdem
1103 2058 1392 2129 impietatis
1439 2072 1502 2108 ac
1540 2053 1761 2108 sceleris
1788 2048 2074 2119 participes
2120 2037 2370 2095 fuerunt?

834 2155 995 2226 338
1031 2151 1133 2217 Qui
1166 2149 1380 2219 quidem
1410 2147 1535 2200 dum
1564 2144 1771 2212 seipsos
1817 2139 1881 2191 ad
1913 2146 2207 2191 extremum
2248 2146 2370 2183 con-

834 2219 1116 2296 demiratos
1144 2238 1418 2297 videbunt,
1458 2234 1721 2303 optabunt
1758 2244 1815 2282 se
1847 2236 1969 2280 ante
2003 2224 2159 2276 talem
2193 2219 2373 2287 impie-

836 2340 999 2386 tatem
1053 2332 1177 2401 igne
1229 2327 1395 2382 fuisse
1433 2325 1763 2381 combustos,
1794 2317 1973 2387 potius
1995 2328 2152 2383 quam
2197 2307 2373 2377 magni

837 2423 1049 2477 consilii
1080 2421 1325 2489 angelum
1358 2434 1386 2470 a
1421 2416 1615 2486 seipsis
1645 2414 1901 2466 violatum
1929 2407 2113 2460 fuisse.
2135 2401 2213 2454 Tu
2245 2412 2371 2453 vero

835 2521 1012 2568 tecum
1044 2512 1160 2580 ipse
1190 2509 1473 2564 considera
1498 2521 1625 2559 num
1658 2516 1869 2557 omnem
1901 2499 2185 2551 humanam
2213 2497 2371 2543 natu-

838 2618 951 2656 ram
981 2602 1266 2660 transiliat,
1301 2598 1441 2667 quod
1470 2598 1614 2650 illius
1657 2609 1759 2664 pax
1804 2590 2010 2643 nullum
2040 2585 2194 2638 linem
2225 2581 2376 2634 habi-

837 2701 959 2747 tura
989 2709 1109 2747 esse
1137 2693 1366 2749 dicatur,
1395 2699 1445 2743 et
1468 2686 1607 2756 quod
1637 2696 1784 2754 pater
1816 2679 1997 2736 saeculi
2037 2674 2372 2734 nominetur;

835 2792 1093 2855 praterea
1122 2783 1263 2852 quod
1296 2796 1402 2835 non
1434 2777 1747 2846 simpliciter
1778 2772 1998 2841 angelus
2023 2772 2263 2827 vocetur,
2282 2763 2375 2816 sed

844 2894 862 2926 ι
905 2875 1085 2943 magni
1116 2873 1324 2927 consilii
1358 2870 1598 2938 angelus,
1625 2875 1676 2919 et
1699 2864 1841 2917 Deus
1878 2859 2055 2921 fortis,
2098 2877 2116 2907 ι
2150 2863 2205 2910 et
2233 2868 2378 2921 quae-

838 2980 1051 3033 cunque
1078 2979 1182 3016 uua
1216 2976 1336 3014 cum
1362 2959 1445 3013 his
1478 2948 1826 3010 adnumerata
1860 2954 2002 3003 sunt.
2029 2945 2158 2998 Item
2183 2944 2256 2996 ait
2283 2957 2377 3010 per

839 3055 989 3108 illum
1032 3068 1253 3121 regnum
1296 3048 1456 3101 David
1485 3060 1604 3100 esse
1651 3035 2167 3109 dirigcndum,quod
2201 3035 2374 3102 ipsum

841 3156 972 3195 sane
1002 3142 1101 3194 hoc
1131 3138 1394 3205 intelliges
1430 3134 1607 3187 modo.
1649 3130 1880 3182 Plurima
1913 3126 2125 3194 quidem
2149 3139 2210 3177 ea
2253 3127 2377 3176 sunt

842 3245 961 3299 quae
990 3230 1092 3299 ipsi
1118 3229 1278 3281 David
1309 3225 1550 3296 promisit
1571 3222 1728 3283 Deus,
1748 3221 1802 3273 in
1832 3219 2025 3286 quibus
2051 3216 2210 3269 etiam
2247 3213 2334 3264 illa
2360 3229 2372 3263 :

846 3339 866 3373 ‹
901 3319 967 3373 Ει
996 3334 1190 3388 ponam
1224 3320 1278 3370 in
1328 3315 1464 3369 mari
1511 3327 1723 3365 manum
1748 3309 1885 3378 ejus,
1908 3315 1961 3360 et
1990 3306 2043 3358 in
2066 3302 2375 3357 ﬂuminibus

842 3411 1117 3465 dexteram
1161 3409 1295 3478 ejus,
1329 3406 1443 3475 ipse
1489 3401 1762 3457 invocabit
1811 3414 1916 3460 me,
1949 3405 2101 3467 pater
2134 3410 2287 3448 meus
2317 3408 2377 3446 es

844 3511 924 3568 tu,
954 3503 1096 3556 Deus
1131 3517 1302 3562 meus,
1339 3506 1392 3552 et
1439 3501 1718 3562 susceptor
1765 3490 1956 3545 salutis
2004 3502 2154 3548 meae,
2198 3492 2251 3538 ct
2282 3499 2379 3554 ego

844 3591 1257 3662 primogenitum
1288 3602 1480 3657 ponam
1512 3586 1683 3644 illum,
1710 3581 1980 3636 excelsum
2030 3591 2137 3645 pra:
2164 3573 2379 3642 regibus

844 3699 1037 3751 terrae,
1088 3688 1142 3740 in
1220 3694 1476 3738 aeternum
1525 3679 1752 3735 servabo
1832 3674 1910 3727 illi
1959 3667 2377 3726 misericordiam

845 3791 1044 3835 meam,
1080 3781 1130 3827 et
1161 3779 1539 3826 testamentum
1564 3781 1739 3820 meum
1769 3763 1921 3817 ﬁdele
1949 3759 2071 3828 ipsi,
2102 3764 2154 3811 et
2187 3767 2380 3824 ponam

847 3873 902 3924 in
957 3867 1211 3922 saeculum
1263 3865 1441 3919 saeculi
1495 3876 1678 3916 semen
1725 3859 1862 3927 ejus,
1898 3864 1951 3909 et
1986 3855 2233 3906 thronum
2265 3849 2380 3917 ejus

849 3959 990 4013 sicut
1021 3956 1136 4008 dies
1165 3954 1287 4007 οωιί
1316 3952 1376 4004 ⁸⁸.
1416 3971 1434 4002 ι
1473 3950 1536 4003 Et
1577 3963 1765 4003 rursus
1796 3966 1807 3998 :
1843 3924 1861 3994 ἆ
1905 3942 2077 3997 Semel
2108 3938 2280 4007 juravi
2328 3937 2381 3988 in

850 4055 1041 4104 sancto
1073 4060 1212 4106 meo,
1239 4042 1285 4097 si
1320 4041 1487 4094 David
1517 4039 1766 4098 mentiar,
1790 4048 1971 4090 semen
1998 4030 2117 4098 ejus
2147 4029 2201 4081 in
2229 4033 2382 4079 aeter—

850 4150 979 4192 num
1013 4133 1271 4191 manebit,
1303 4139 1357 4184 et
1403 4130 1631 4182 thronus
1676 4126 1793 4194 ejus
1841 4122 1979 4177 sicut
2036 4117 2117 4172 sol
2167 4116 2222 4168 in
2255 4128 2384 4166 con-

851 4236 1038 4297 spectu
1066 4237 1205 4284 meo,
1238 4228 1290 4274 et
1324 4220 1461 4273 sicut
1486 4219 1611 4271 luna
1653 4214 1888 4285 perfecta
1919 4211 1974 4263 in
2005 4215 2260 4261 aeternum
2282 4204 2379 4258 ⁸⁸.»

853 4294 985 4373 dum
1013 4318 1066 4369 in
1102 4312 1329 4368 Psalmis
1364 4310 1502 4363 Deus
1533 4309 1633 4377 ipsi
1658 4305 1822 4359 David
1845 4313 1951 4357 tam
1987 4299 2153 4352 multa
2181 4294 2384 4364 promi-

855 4408 1006 4470 serit,
1029 4403 1300 4458 contraria
1325 4408 1501 4452 tamen
1526 4399 1593 4451 iis
1624 4410 1742 4464 quae
1772 4392 2037 4462 promissa
2076 4395 2222 4449 sunt,
2244 4386 2387 4439 illius

856 4494 1266 4556 successoribus
1320 4488 1563 4544 evenisse
1619 4491 1828 4538 constat
1877 4487 2093 4550 propter
2150 4477 2387 4547 ipsorum
2420 4480 2464 4533 D

858 4589 1178 4659 impietates.
1224 4581 1433 4635 Etenim
1484 4592 1607 4659 cum
1649 4591 1715 4629 ex
1763 4574 1965 4629 semine
2014 4569 2178 4623 David
2241 4582 2391 4637 reges

856 4652 1028 4750 usque
1073 4677 1138 4731 ad
1195 4652 1528 4731 Jechoniam'
1559 4674 1610 4721 et
1663 4681 1832 4734 usque
1890 4664 1959 4718 ad
2017 4660 2391 4730 Babylonicam

855 4770 1037 4839 templi
1061 4766 1394 4822 obsidionem
1424 4758 1835 4830 permanserint,
1861 4755 1950 4809 ubi
1969 4755 2070 4809 hoc
2096 4753 2269 4821 ipsum
2302 4763 2392 4801 ae-

857 4862 1005 4925 eidit,
1032 4867 1145 4911 tum
1167 4871 1294 4911 vero
1333 4852 1656 4907 dissolutum
1704 4855 1787 4903 cst
1837 4860 2081 4915 regnum,
2106 4842 2239 4895 adeo
2270 4839 2391 4908 qui-

858 4949 998 5009 dem,
1031 4956 1089 5000 ut
1117 4963 1181 5001 ex
1211 4947 1301 4999 illo
1334 4952 1570 5012 tempore
1600 4955 1706 4993 non
1736 4937 1964 5006 amplius
2008 4933 2161 4989 sedes
2206 4926 2388 4989 David,

860 5050 1030 5103 neque
1076 5037 1141 5089 de
1186 5036 1388 5090 semine
1427 5034 1545 5102 ejus
1588 5031 1869 5101 quisquam
1927 5026 2066 5097 apud
2116 5022 2389 5077 Judaicam

862 5130 1070 5189 gentem
1114 5125 1434 5190 regnaverit,
1465 5129 1520 5175 et
1550 5120 1688 5173 hanc
1716 5117 1929 5187 quidem
1964 5127 2146 5170 earum
2189 5122 2389 5169 rerum,

861 5224 998 5275 ⁸1⁸138,
1036 5216 1095 5259 ιιι
1136 5211 1374 5274 proxime
1411 5210 1584 5278 posita
1626 5207 1818 5276 psalmi
1864 5203 2125 5275 particula
2177 5198 2396 5251 demon-

862 5315 1020 5370 strat,
1053 5307 1155 5373 ipsi
1185 5306 1351 5360 David
1371 5312 1649 5376 promissae
1678 5317 1824 5373 sunt,
1847 5308 2135 5378 jacturam,
2163 5297 2393 5367 Spiritus

863 5409 1078 5464 divinus
1109 5410 1165 5461 in
1196 5409 1338 5462 hunc
1361 5409 1579 5461 modum
1611 5413 1754 5466 canit
1790 5432 1805 5468 :
1845 5432 1865 5465 ι
1898 5413 1978 5467 Tu
2003 5422 2129 5465 vero
2151 5400 2391 5473 repulisti

868 5520 920 5564 ct
959 5510 1271 5578 despcxisli,
1321 5510 1581 5564 distulisti
1630 5513 1903 5572 Christum
1953 5526 2126 5573 tuum,
2159 5496 2395 5564 evertisti

865 5620 1243 5672 testamentum
1273 5614 1412 5668 servi
1445 5614 1539 5676 tui,
1566 5616 1861 5681 profanasti
1891 5624 1945 5677 in
1971 5630 2110 5678 terra
2145 5620 2392 5670 sanctua-

1439 411 1705 470 EUSEBII
1743 395 2212 465 CESARIENSIS
2250 390 2395 446 OPP.
2436 385 2634 440 PARS.
2676 383 2815 436 11-
2842 368 3332 434 APOLOGETICA.

1794 520 1963 590 pacis,
1991 514 2057 567 ad
2102 505 2357 574 multipli-
2384 504 2431 560 Α
2453 496 2704 551 τοσοῦτον
2748 486 3237 563 ἐπισημηνάμενος.
3261 480 3339 541 ὼς

2456 588 2682 658 γόμενος
2712 604 2731 635 ‹
2761 582 2940 652 πατὴρ
2968 577 3177 638 αἰῶνος,
3202 571 3299 625 καὶ
3321 570 3357 621 ἀ

2461 679 2697 751 μεγάλης
2721 693 2779 728 τε
2816 673 3002 743 βουλῆς
3020 667 3248 736 ἅγγελος
3266 682 3284 713 ι
3307 676 3358 727 γε

2457 772 2564 823 δίον
2590 766 2804 821 ἔσεσθαι
2839 757 3262 833 προφητεύεται,
3298 752 3358 801 ὲτι

2459 858 2617 913 αὑτοῦ
2643 856 2853 925 γενέσει
2888 847 3291 921 πυρικαύστους
3334 841 3358 889 ὲ

2459 949 2549 1001 ἐπὶ
2590 950 2655 1017 τῇ
2691 946 2755 997 δι’
2779 940 2941 995 αὑτοῦ
2965 935 3238 1007 γενομένῃ
3284 947 3358 981 σω

2461 1036 2865 1106 φθονουμένους,
2902 1031 3009 1083 εἴτε
3031 1026 3299 1095 δαίμονας
3327 1037 3358 1069 π

2462 1128 2573 1189 ϐεἶς
2599 1125 2809 1193 ἄνδρας,
2837 1120 2961 1189 περὶ⁸
2991 1111 3066 1169 ὧν
3103 1125 3291 1181 φησιν’
3325 1129 3343 1155 ι

2468 1216 2802 1285 συνηγμένην
2824 1212 2978 1278 δόλῳ,
3008 1206 3104 1258 καὶ
3127 1203 3345 1272 ἱμάτιον

2463 1311 2684 1362 τίσουσι.
2718 1324 2735 1354 ι
2776 1303 2927 1362 Τίνες
2954 1299 3008 1349 δὲ
3037 1297 3149 1364 ἄρα
3175 1289 3320 1361 ἦσαν

2465 1398 2556 1469 χοῦ
2595 1394 2650 1458 ἐξ
2678 1391 2837 1445 αὐτοῦ
2873 1386 3173 1458 προσώπου
3200 1378 3297 1431 τοῦ
3327 1378 3358 1428 Σ

2473 1507 2489 1536 ι
2516 1482 2890 1554 Διεμερίσαντο
2932 1475 3001 1527 τὰ
3048 1471 3249 1543 ἱμάτιά
3282 1484 3358 1537 μα

2470 1575 2752 1650 ἱματισμόν
2781 1588 2877 1641 μου
2906 1566 3094 1620 ἔϐαλον
3129 1563 3357 1631 κλῆρον,

2465 1686 2608 1737 τοχοι
2633 1661 2961 1721 δυσσεϐείας,
2987 1656 3036 1708 οἶ
3086 1654 3183 1706 καὶ
3230 1650 3358 1718 θελή

2468 1757 2642 1827 κρίσιν
2667 1749 2887 1817 ὕστερόν
2914 1761 3044 1796 ποτε
3088 1741 3351 1810 ὀψόμενοι

2401 1830 2441 1882 Β
2470 1845 2643 1900 αὐτῶν
2669 1838 3000 1908 ἐγεγόνεισαν
3026 1851 3101 1883 πυ
3112 1832 3358 1900 ρίκαυστι

2468 1937 2565 2006 λης
2595 1931 2782 2002 βουλῆς
2807 1926 3031 1994 ἄγγελον
3072 1919 3212 1991 πρὸς
3238 1918 3358 1970 αὐτ(

2468 2027 2523 2078 δὲ
2552 2020 2700 2091 παρὰ
2721 2016 2897 2085 σαυτῷ
2925 2012 3124 2079 σκέψαι
3154 2012 3203 2061 εἰ
3234 2007 3309 2076 μὴ
3341 2007 3358 2057 ί

2470 2111 2764 2181 ἀνθρώπων
2791 2106 2852 2157 τὸ
2879 2104 2951 2174 μὴ
2976 2100 3132 2160 τέλος
3158 2096 3305 2165 ἔχειν
3329 2110 3358 2144 τ

2472 2201 2614 2263 σθαι,
2641 2198 2731 2251 καὶ
2755 2196 2814 2247 τὸ
2838 2193 3048 2261 πατέρα
3070 2184 3358 2257 ὁνομάζεσ(

2469 2291 2528 2342 τὸ
2562 2286 2841 2341 καλεῖσθαι
2892 2282 3054 2335 αὑτὸν
3103 2278 3204 2346 οὐχ
3252 2274 3358 2327 ἁπλ

2477 2380 2713 2450 μεγάλης
2741 2374 2933 2445 βουλῆς
2953 2369 3210 2439 ἄγγελον,
3233 2366 3327 2418 καὶ
3353 2374 3358 2405 l

2471 2468 2678 2528 τούτοις
2708 2456 3354 2531 ωγκαταλέλεκταιΰἘτι

2473 2553 2872 2626 ορθωθήσεσθαι
2909 2550 3009 2619 τὴν
3046 2545 3141 2599 τοῦ
3194 2543 3356 2596 Δαϐὶδ

2472 2643 2654 2696 τοῦτον
2701 2641 2910 2708 νοήσεις
2950 2635 3043 2688 τὸν
3086 2632 3309 2702 τρόπον.
3352 2630 3358 2680 1

2473 2724 3127 2799 γεγόνασιν,ὲπαγγελίαι,
3155 2723 3214 2772 ὲν
3247 2714 3358 2780 αἷςι

2474 2825 2528 2874 ὲν
2556 2820 2794 2889 Θαλάσσῃ
2837 2819 2997 2887 χεῖρα
3038 2812 3223 2874 αὐτοῦ,
3254 2809 3344 2862 καὶ

2473 2912 2585 2965 τοῦ.
2622 2909 2789 2970 Αὐτὸς
2818 2903 3204 2958 ὲπικαλέσεταί
3236 2917 3300 2971 με
3320 2918 3331 2928 ·

2482 3020 2580 3073 μου
2626 3000 2718 3053 καὶ
2746 2997 3094 3064 ἁντιλήπτωρ
3121 2993 3222 3061 τῆς
3257 3007 3358 3042 σωτ

2479 3095 2694 3146 τότοκον
2738 3089 2977 3157 θήσομαι
3020 3086 3205 3147 αὑτὸν,
3236 3081 3358 3150 ί)ψηί

2405 3151 2446 3208 C
2480 3182 2577 3251 τῆς
2614 3180 2736 3247 γῆς.
2764 3151 2856 3238 Ei;
2878 3151 2998 3227 ’τὸν
3041 3174 3213 3225 αἰῶνα
3242 3169 3358 3238 φυλι

2482 3273 2572 3324 καὶ
2598 3272 2630 3340 ἡ
2655 3267 2881 3337 διαθήκη
2928 3283 3029 3335 μου
3063 3261 3227 3332 πιστὴ
3266 3262 3358 3313 αὐτ

2483 3360 2650 3413 αἰῶνα
2694 3356 2786 3409 τοῦ
2819 3355 3017 3417 αἰῶνος
3045 3353 3106 3406 τὸ
3142 3351 3358 3419 σπέρμα

2484 3449 2664 3511 αὐτοῦ,
2690 3447 2763 3509 ὡς
2804 3444 2903 3507 τὰς
2946 3443 3159 3514 ἡμέρας
3214 3438 3307 3491 τοῦ

2490 3560 2507 3591 ι
2523 3538 2699 3600 ’Ἂπαξ
2722 3536 2913 3605 ὤμοσα
2930 3537 2987 3587 ὲν
3000 3532 3079 3602 τῷ
3106 3531 3246 3599 ἁγίῳ
3277 3547 3358 3598 μοι

2484 3630 2542 3682 τὸ
2570 3629 2786 3697 σπέρμα
2808 3624 2974 3677 αὐτοῦ
3007 3625 3086 3685 εἰς
3126 3622 3217 3673 τὸν
3267 3619 3358 3671 ait?

2486 3718 2646 3772 αὐτοῦ
2677 3716 2957 3785 ὼςόἦλιος
2990 3712 3230 3766 ἐναντίον
3260 3727 3358 3779 μου

2486 3808 2781 3878 ηρτισμένη
2805 3809 2884 3868 είς
2908 3806 3000 3858 τὸν
3025 3804 3215 3856 αἰῶνα.
3255 3821 3271 3849 ι
3311 3801 3357 3850 Ti

2485 3898 2578 3950 τοῦ
2622 3897 2754 3950 Θεοῦ
2796 3896 2873 3966 τῷ
2910 3896 3073 3949 Δαϐὶδ
3107 3892 3358 3964 ὲπηγγελι

2486 3992 2603 4051 ταῖς
2636 3989 2989 4056 ἐπαγγελίαις
3022 3985 3264 4040 ἐπελθεῖν
3309 3983 3355 4033 δι

2487 4078 2581 4132 τοῦ
2626 4080 3051 4142 δυσσεϐείας.Ἡ
3092 4074 3220 4144 γοῦν
3255 4074 3318 4125 ὲκ

2488 4170 2625 4231 λεία,
2656 4170 2992 4239 διαρκέσασα
3030 4168 3218 4237 μέχρις
3247 4164 3358 4229 Ἰεχ<

2489 4259 2695 4321 λωνίοις
2740 4259 2832 4311 τοῦ
2879 4258 3030 4329 ἱεροῦ
3069 4252 3358 4323 πολιορκία‹

2496 4350 2688 4420 μηκέτι
2713 4349 2802 4401 τὸν
2829 4349 3016 4420 θρόνον
3043 4343 3223 4404 Δαϐὶδ,
3246 4339 3358 4412 μηδὶ

2491 4437 2583 4491 τοῦ
2614 4438 2926 4507 βασιλεῦσαι
2971 4436 3065 4490 τοῦ
3104 4430 3358 4486 Ἰουδαίων

2494 4532 2594 4600 τὴν
2638 4531 2938 4601 γενομένην
2969 4529 3262 4580 διάπτωσιν
3293 4521 3355 4588 τῆ

2496 4621 2679 4689 γελίας
2705 4620 2848 4673 κατὰ
2870 4622 2969 4691 τὴν
2991 4612 3358 4689 προειρημένη

2495 4712 2556 4763 τὸ
2588 4711 2725 4763 θεῖον
2756 4704 2860 4763 ῶδὲ
2910 4728 3026 4773 πως
3056 4705 3279 4774 Πνεῦμα
3305 4702 3358 4753 θε

2496 4801 2588 4853 καὶ
2619 4799 3003 4865 ὲξουδένωσας,
3046 4795 3298 4852 ἀνεϐάλου
3349 4808 3358 4824 ι

2497 4889 2763 4960 έστρεψας
2794 4893 2896 4962 τὴν
2934 4890 3198 4959 διαθήκην
3229 4883 3320 4935 τοῦ
3347 4881 3358 4931 ἐ

2496 4981 2573 5041 εἰς
2604 4978 2700 5047 τὴν
2726 4979 2828 5049 γῆν
2857 4979 2918 5032 τὸ
2956 4978 3196 5045 ἁγίασμα
3215 4967 3358 5024 αὑτοὶ

2498 5072 2783 5140 φραγμοὺς
2817 5070 2982 5124 αὐτοῦ
3002 5086 3014 5099 ·
3060 5087 3078 5117 ι
3108 5066 3199 5118 καὶ
3234 5062 3345 5132 μετ’

2497 5159 2589 5211 τοῦ
2623 5161 2701 5221 εἰς
2730 5160 2974 5230 τὴν’γῆν
3008 5151 3358 5225 κατέῤῥαξας·

2502 5266 2597 5317 ρας
2652 5248 2747 5301 τοῦ
2810 5250 3002 5322 χρόνου
3067 5240 3255 5303 αὐτοῦ,
3324 5253 3357 5288 κ

2499 5356 2613 5407 νην.
2646 5342 2746 5392 »Ἃ
2790 5342 2885 5394 καὶ
2929 5335 3169 5409 ἐναργῶς
3216 5328 3357 5399 ἀρξάη

2495 5428 2593 5499 τῆς
2645 5433 2723 5493 εἰς
2768 5430 3060 5483 Βαϐυλῶνα
3096 5420 3358 5492 αἰχμαλωι

2510 5522 2795 5590 Ῥωμαίων
2831 5522 2926 5576 καὶ
2959 5514 3204 5585 Τιϐερίου
3240 5526 3358 5579 παρι

2453 5655 2457 5657 .
2500 5607 2608 5672 δεὶς
2632 5608 2762 5677 γοῦν
2796 5614 2859 5664 ὲκ
2902 5609 2999 5677 τῆς
3038 5601 3126 5657 τοῦ
3167 5598 3326 5654 Δαϐὶδ

936 5706 978 5737 ⁸³
1000 5703 1145 5760 Psal.
1174 5720 1287 5771 xxx,
1320 5704 1380 5760 i8
1409 5722 1422 5772 ;
1464 5703 1646 5762 Matth.
1685 5724 1851 5779 xxvii,
1889 5715 1975 5771 55.
2054 5715 2098 5746 "
2124 5707 2267 5765 Psal.
2298 5719 2375 5758 LXI

1794 5727 1851 5779 ιι,
1889 5715 1975 5771 55,
2054 5715 2098 5746 ⁸⁸
2124 5707 2267 5765 Psal.
2298 5717 2562 5765 Lxxxvm,
2590 5703 2779 5761 26-30.
2857 5705 2919 5771 “ﬁ
2942 5690 3085 5757 ibid,
3106 5692 3282 5751 36-38.
