3738 6318
94 377 201 434 533

1004 380 1639 442 DEMONSTRATIONIS‘
1666 382 2111 440 EVANGELICE
2146 383 2270 441 LIB.
2312 384 2423 441 VII“.

3159 391 3289 450 δεῖ

92 490 305 561 χρόνοις
375 490 625 560 φαίνεται
672 495 764 548 ἐπὶ
813 494 900 549 τὸν
952 496 1221 566 βασιλικὸν
1267 499 1358 553 τοῦ
1393 501 1624 572 Ἐϐραίω·

1709 500 1884 571 _rium
1920 500 2055 568 ejus,
2090 498 2399 556 destruxisti
2451 514 2637 557 omnes
2692 519 2844 575 sepes
2888 503 3007 576 ejus
3043 507 3108 561 ".
3146 525 3167 558 ι
3199 504 3267 559 Et

91 582 271 645 ἔθνους
337 583 631 665 καθεσθεὶς
686 585 868 656 θρόνον
920 589 1077 661 μέχρι
1133 592 1229 662 τῆς
1274 591 1366 645 τοῦ
1414 594 1640 664 Χριστοῦ

93 671 412 741 παρουσίας.
446 673 551 725 Τοῦ
602 675 662 727 δὲ
707 678 769 728 ἐκ
812 677 1116 749 σπέρματος
1160 681 1318 734 Δαὸὶδ
1360 685 1640 754 γενομένου

93 761 290 830 Κυρίου
323 765 426 814 καὶ
465 764 721 835 Σωτῆρος
743 767 895 836 ήμῶν
935 770 1106 838 Ἰησοῦ
1132 773 1361 843 Χριστοῦ
1388 774 1641 843 βασιλέως

92 854 175 904 ἐπὶ
219 854 408 907 πᾶσαν
448 851 555 921 τὴν
583 857 903 928 οἰκουμένην
954 862 1427 933 ἀνακηρυχθέντος,
1458 864 1639 934 ὥσπερ

89 942 188 993 ἀπὸ
229 942 340 1010 γῆς
383 945 477 996 καὶ
509 944 801 1015 πτώματος
840 949 1154 1015 ἀνανεωθεὶς
1192 952 1347 1016 αὐτὸς
1390 956 1587 1015 ἐκεῖνος
1610 956 1638 1006 6

86 1033 269 1101 θρόνος
299 1033 466 1086 Δαόὶδ
495 1034 583 1086 διὰ
619 1037 722 1105 τῆς
753 1038 845 1090 τοῦ
876 1041 1119 1111 Σωτῆρος
1160 1042 1308 1112 ἡμῶν
1334 1043 1509 1096 ἐνθέου
1544 1042 1636 1111 βα-

86 1121 289 1185 σιλείας
331 1122 672 1192 ἀνώρθωται,
708 1128 800 1179 καὶ
840 1129 1075 1199 διαμενεῖ
1102 1134 1179 1194 εἰς
1217 1131 1304 1185 τὸν
1336 1133 1518 1195 αἰῶνα,
1547 1133 1636 1185 καὶ

83 1213 244 1264 εἰσέτι
277 1230 363 1280 γε,
405 1215 483 1276 ὡς
513 1217 542 1268 6
573 1216 727 1285 ἥλιος
765 1219 999 1273 ἐναντίον
1030 1220 1120 1273 τοῦ
1147 1221 1297 1286 Θεοῦ,
1328 1223 1425 1293 τὴν
1462 1225 1634 1276 πᾶσαν

82 1303 453 1372 καταλάμπων
482 1307 806 1377 οἰκουμένην
829 1312 945 1373 ταῖς
976 1311 1150 1363 ἀκτῖσι
1195 1311 1285 1364 τοῦ
1328 1314 1497 1381 φωτὸς
1536 1313 1634 1383 τῆς

80 1390 420 1456 διδασκαλίας
451 1394 641 1459 αὑτοῦ,
676 1397 978 1461 ἀκολούθως
1010 1403 1073 1471 τῇ
1100 1417 1157 1453 τε
1190 1402 1293 1454 ἀπὸ
1310 1402 1400 1455 τοῦ
1421 1402 1629 1474 ψαλμοῦ

83 1483 365 1553 μαρτυρίᾳ,
406 1487 503 1538 καὶ
538 1486 635 1539 τοῦ
667 1489 806 1558 μετά
850 1493 1033 1561 χεῖρας
1060 1494 1350 1563 προφήτου,
1385 1495 1508 1563 περὶ
1538 1494 1629 1548 τοῦ

80 1572 538 1643 γεννηθησομένου
566 1578 782 1630 παιδίου
808 1579 1066 1647 λέγοντος,
1093 1582 1182 1634 ἐπὶ
1207 1583 1296 1635 τὸν
1326 1582 1506 1654 θρόνον
1526 1587 1629 1639 Δα-

79 1658 171 1721 σίδ,
204 1660 404 1732 δηλαδὴ
428 1664 524 1716 τὸν
558 1665 775 1719 αἰώνιον
802 1671 893 1721 καὶ
918 1670 1128 1741 διαρκῆ,
1150 1672 1237 1724 τὸν
1262 1673 1323 1743 δὴ
1349 1675 1438 1727 καὶ
1463 1677 1629 1743 ἐπηγ-

79 1748 320 1818 γελμένον
350 1751 435 1821 τῷ
466 1754 635 1806 Δαὸὶδ
659 1756 1081 1826 καθεσθήσεσθαι
1115 1760 1269 1812 αὑτὸν
1300 1761 1389 1813 ἐπὶ
1420 1760 1513 1831 τὴν
1537 1762 1628 1831 βα-

1739 597 1859 659 post
1884 603 2053 659 pauca
2084 607 2097 643 :
2135 608 2154 640 ι
2198 588 2386 645 Sedem
2414 589 2531 658 ejus
2556 591 2612 644 in
2642 592 2837 647 terram
2865 595 3131 661 cullisisti,
3159 595 3262 649 mi-

1740 680 1902 735 nuisti
1925 679 2036 734 dies
2059 679 2312 749 temporis
2336 678 2473 749 ejus,
2516 679 2796 749 perfudisti
2837 697 2955 737 eum
2985 682 3260 740 confusio-

1740 784 1804 821 ne
1830 770 1895 821 ⁸⁷.
1936 787 1955 820 ι
1982 768 2110 834 Quae
2140 771 2318 823 omnia
2375 784 2495 823 cum
2540 768 2652 838 jam
2701 770 2882 839 perlici
2940 772 3259 843 inceperim,

1738 858 1805 912 ab
1822 873 1884 912 eo
1914 867 2151 929 tempore
2179 874 2284 929 quo
2316 860 2542 928 populus
2572 859 2628 912 in
2670 858 2989 930 Babylonem
3016 863 3262 932 captivus

1735 948 1926 1004 ductus
1956 957 2055 1013 est,
2086 965 2252 1019 usque
2284 949 2349 1002 ad
2392 949 2750 1004 Romanorum
2771 957 2823 1003 et
2853 950 3051 1007 Tiberii
3092 954 3263 1021 impe-

1733 1037 1870 1091 rium
1896 1039 2102 1107 prolata
2147 1049 2497 1108 provectaque
2546 1046 2684 1093 sunt.
2716 1039 2875 1109 339
2900 1039 3087 1096 Nullus
3114 1042 3255 1096 enim

1732 1139 1795 1177 ex
1837 1140 2028 1195 genere
2079 1125 2242 1181 David
2296 1126 2396 1180 hoc
2422 1133 2534 1181 toto
2570 1126 2888 1181 intermedio
2931 1134 3169 1198 tempore
3200 1129 3255 1182 in

1731 1213 2002 1293 Hebraicae
2031 1218 2202 1285 gentis
2244 1218 2387 1288 regia
2442 1217 2566 1273 sede
2593 1216 2805 1272 videtur
2839 1217 3061 1281 sedisse,
3087 1234 3256 1288 usque

1731 1303 1795 1357 ad
1817 1305 2015 1359 Christi
2037 1307 2340 1360 adventum.
2365 1305 2466 1360 Ubi
2495 1321 2621 1361 vero
2653 1308 2906 1362 Dominus
2933 1316 2985 1363 et
3017 1307 3256 1362 Salvator

1729 1401 1911 1449 noster
1939 1393 2094 1450 Jesus
2140 1394 2406 1461 Christus,
2440 1396 2529 1465 qui
2555 1396 2622 1450 de
2675 1397 2877 1451 semine
2909 1396 3074 1451 David
3104 1405 3255 1451 ortus

1727 1489 1829 1545 est,
1870 1482 1925 1536 in
1962 1490 2131 1536 totum
2158 1485 2339 1538 orbem
2368 1498 2465 1539 rex
2498 1484 2843 1540 denuntiatus
2871 1493 2973 1551 est,
2998 1492 3268 1556 tanquam‘

1725 1585 1787 1625 ea
1815 1587 1933 1642 qua:
1974 1571 2041 1628 de
2070 1581 2213 1628 terra
2242 1584 2295 1629 et
2326 1574 2482 1628 ruina
2530 1574 2828 1630 instaurata
2882 1577 2971 1642 sit,
3000 1578 3114 1647 ipsa
3164 1578 3256 1633 illa

1726 1665 1877 1720 sedes
1904 1663 2070 1719 David
2102 1681 2197 1735 per
2223 1667 2461 1721 divinum
2494 1666 2786 1724 Salvatoris
2831 1667 3001 1721 nostri
3030 1682 3253 1738 regnum

1724 1760 1899 1809 erecta
1921 1763 2021 1818 est,
2049 1762 2104 1808 et
2126 1757 2458 1824 permanebit
2484 1758 2536 1810 in
2577 1765 2857 1822 aeternum,
2893 1758 3056 1812 veluti
3089 1758 3170 1811 sol
3195 1758 3251 1811 in

81 1838 266 1891 σιλείαν
306 1842 505 1904 αὐτοῦ,
533 1845 878 1915 κατορθῶσαι
924 1847 1086 1917 αὐτὴν
1135 1850 1225 1900 καὶ
1257 1850 1623 1903 ἀντιλαϐέσθαι

1722 1852 2010 1912 conspectu
2045 1843 2159 1907 Dei,
2208 1845 2351 1900 illius
2404 1846 2539 1900 lucis
2588 1846 2772 1909 radiis,
2799 1860 2956 1916 quam
3006 1846 3250 1901 doctrina

79 1928 129 1980 ἐν
156 1928 377 1999 κρίματι
428 1929 528 1981 καὶ
575 1930 886 2003 δικαιοσύνῃ
927 1936 1032 1987 ἀπὸ
1063 1935 1154 1987 τοῦ
1188 1936 1280 1989 νῦν
1310 1938 1398 1989 καὶ
1427 1939 1505 2000 είς
1534 1939 1622 1992 τὸν

76 2016 451 2082 αἰῶνα.”οπως
484 2019 541 2071 δὲ
566 2020 739 2073 ταῦτα
772 2023 1086 2092 ἐπληροῦτο,
1108 2025 1415 2090 διδάσκαλος
1435 2028 1641 2095 γένοιτ”

79 2107 135 2160 ἂν
174 2108 476 2180 ἀξιόχρεως
531 2111 770 2182 Γαϐριὴλ
815 2115 844 2165 6
890 2114 1115 2181 ἄγγελος
1155 2118 1212 2169 ἐν
1257 2117 1332 2186 τῷ
1365 2119 1495 2188 πρὸς
1528 2120 1622 2189 τὴν

78 2199 326 2269 Παρθένον
378 2202 757 2273 χρηματισμῷ
807 2206 1053 2275 φάσκωψ
1114 2226 1131 2256 ι
1160 2207 1249 2277 Μή
1293 2208 1473 2275 φοϐοῦ,
1506 2211 1622 2261 Μα-

82 2289 223 2359 ριάμο
250 2285 412 2361 εὗρες
447 2291 563 2362 γάρ
597 2293 754 2364 χάριν
787 2294 935 2364 παρά
966 2295 1043 2365 τῷ
1075 2296 1215 2365 Θεῷ·
1246 2299 1335 2349 καὶ
1363 2297 1466 2350 ίδοὺ
1501 2299 1621 2350 συλ-

78 2378 200 2451 λήψῃ
226 2383 281 2432 ἐν
304 2382 537 2451 γαστρὶ,
557 2383 652 2434 καὶ
674 2383 803 2455 τέξῃ
829 2386 958 2448 υἱὸν,
992 2387 1083 2438 καὶ
1106 2386 1346 2449 καλέσεις
1375 2389 1433 2439 τὸ
1456 2389 1619 2457 ὄνομα

77 2469 216 2521 αὑτοῦ
247 2472 485 2543 Ἰησοῦν.
519 2470 689 2536 Οὗτος
722 2474 870 2527 ἔσται
901 2475 1089 2545 μέγας,
1112 2477 1201 2528 καὶ
1232 2479 1342 2539 υίὸς
1371 2479 1615 2546 Ὑψίστου

77 2558 398 2630 κληθήσεται,
442 2564 543 2616 καὶ
577 2563 740 2616 δώσει
769 2564 915 2633 αὐτῷ
943 2565 1143 2636 Κύριος
1168 2568 1196 2619 6
1226 2567 1354 2630 Θεὸς
1377 2569 1465 2620 τὸν
1493 2569 1615 2639 θρό-

76 2664 152 2700 νον
178 2650 332 2702 Δασίδ
367 2652 466 2704 τοῦ
498 2655 712 2723 πατρὸς
745 2655 927 2718 αὑτοῦ,
955 2657 1046 2709 καὶ
1080 2656 1376 2725 βασιλεύσει
1407 2659 1495 2711 ἐπὶ
1526 2659 1615 2711 τὸν

76 2733 199 2790 οἷκον
237 2740 431 2793 Ἰακὼϐ
466 2744 551 2805 είς
578 2743 670 2795 τὸν
703 2744 894 2807 αίῶνα,
918 2748 1010 2797 καὶ
1034 2746 1132 2814 τῆς
1160 2746 1425 2816 βασιλείας
1454 2747 1613 2799 αὐτοῦ

75 2830 158 2879 οὐκ
181 2830 322 2883 ἔσται
346 2833 528 2895 τέλος.
566 2853 583 2883 ι
622 2834 836 2903 Ταύτην
875 2838 930 2887 ἐν
960 2835 1038 2904 τῷ
1080 2837 1450 2907 προειρημένῳ
1479 2837 1611 2906 ψαλ-

78 2919 147 2988 μῷ
169 2923 254 2974 καὶ
280 2924 309 2974 6
345 2924 642 2993 προφήτης
677 2923 982 2992 προσδοκῶν
1017 2926 1114 2995 τὴν
1142 2924 1233 2977 τοῦ
1259 2926 1485 2996 Χριστοῦ
1519 2927 1610 2994 γέ-

75 3024 211 3071 νεσιν,
238 3014 333 3079 τήν
369 3029 430 3063 τε
471 3013 769 3082 ὑπέρθεσιν
796 3014 983 3083 αὐτῆς,
1018 3015 1108 3065 καὶ
1146 3014 1401 3085 ἀναϐολὴν
1428 3015 1611 3087 ὥσπερ

76 3097 223 3149 αἰτίαν
268 3101 516 3171 συνορῶν
562 3102 661 3171 τῆς
702 3102 796 3154 τοῦ
823 3103 1009 3173 θρόνου
1042 3103 1199 3154 Δαϐὶδ
1230 3104 1605 3169 ἀποπτώσεως,

76 3186 408 3242 ἀτεοδυσπετεῖ
432 3191 615 3258 λέγων
634 3208 648 3221 ’
679 3210 697 3242 ι
726 3192 796 3243 Σὺ
816 3192 872 3244 δὲ
896 3192 1096 3245 ἀπώσω
1119 3193 1210 3245 καὶ
1238 3193 1604 3257 ἐξουδένωσας,

74 3277 300 3331 ἀνεϐάλου
329 3281 422 3332 τὸν
453 3282 695 3351 Χριστόν
729 3298 843 3333 σου.
877 3300 896 3331 ι
936 3280 1163 3352 Εὖχεται
1193 3283 1248 3334 δὲ
1278 3282 1458 3354 ῶσπερ
1489 3284 1610 3335 δυσ-

73 3366 211 3418 ωπῶν
250 3368 309 3419 τὸ
350 3369 532 3430 Θεῖον,
637 3368 801 3436 τάχος
834 3367 1179 3438 πληρωθῆναι
1217 3370 1284 3422 τά
1318 3370 1415 3438 τῆς
1443 3373 1608 3437 ἐπαγ-

72 3453 246 3519 γελίας,
273 3457 505 3524 φάσκων
533 3474 549 3487 ο
586 3476 603 3506 ι
634 3456 745 3508 Ποῦ
787 3459 900 3509 ἐστι
930 3459 995 3510 τὰ
1024 3459 1144 3528 ἐλέη
1177 3475 1266 3511 σου
1296 3460 1360 3512 τὰ
1392 3462 1604 3530 ἀρχαῖα,

71 3541 236 3613 Κύριε,
269 3545 303 3597 ἃ
334 3546 564 3615 ὤμοσας
598 3545 677 3615 τῷ
704 3546 865 3597 Δαϐὶδ
908 3548 964 3598 ἐν
1011 3549 1075 3615 τῇ
1108 3547 1329 3616 ἀληθείᾳ
1358 3565 1480 3611 anu;
1516 3567 1532 3598 ι
1571 3549 1606 3601 ἀ

70 3628 121 3702 δή
166 3634 469 3701 σαφέστατα
523 3634 623 3686 καὶ
674 3634 813 3685 αὑτά
860 3634 922 3704 δὴ
972 3635 1139 3687 ταῦτα
1166 3635 1603 3706 πληρωθήσεσθαι

72 3720 145 3770 ἐπὶ
165 3726 223 3791 τῇ
250 3724 462 3790 γενέσει
493 3723 591 3775 τοῦ
627 3723 726 3792 τῆς
763 3724 998 3793 μεγάλης
1029 3724 1219 3793 βουλῆς
1252 3726 1475 3792 ἀγγέλου
1519 3727 1604 3778 θε-

73 3811 252 3874 σπίζει·
293 3815 409 3883 Ἐφ’
436 3808 484 3880 ᾧ
532 3813 843 3883 θελήσουσι,
871 3815 1051 3884 φησιν,
1081 3816 1128 3865 οἱ
1156 3816 1603 3884 προαποδοθέντες

70 3905 107 3953 εί
138 3905 461 3976 ἐγενήθησαν
532 3906 912 3975 πυρίκαυστον
946 3923 965 3955 ι
1012 3906 1140 3958 διότι
1199 3906 1400 3959 παιδίον
1450 3910 1599 3975 ἐγεν-

70 3993 177 4063 νήθη
207 3998 352 4065 ήμῖν,
391 3998 491 4049 καὶ
531 3996 647 4058 υίὸς
675 3995 824 4063 ἐδόθη
859 3997 985 4065 ἡμῖν
1015 3998 1043 4047 ὁ
1068 3995 1164 4064 τῆς
1206 3996 1442 4067 μεγάλης
1479 4010 1598 4065 ρου-

68 4080 143 4148 λῆς
170 4085 407 4151 ἄγγελος.
455 4104 476 4137 ι
516 4085 641 4140 Τίσι
666 4084 721 4136 δὲ
752 4087 882 4153 ἡμῖν
924 4086 957 4155 ἢ
1008 4088 1118 4147 τοῖς
1150 4086 1228 4148 είς
1251 4086 1406 4138 αὐτὸν
1439 4104 1598 4139 πεπι-

71 4175 283 4225 στευκόσι
310 4178 427 4239 τοῖς
460 4178 524 4227 ὲν
568 4176 635 4243 τῇ
684 4173 938 4243 Γαλιλαίᾳ
965 4174 1071 4227 τῶν
1097 4174 1289 4236 ἐθνῶν,
1322 4171 1401 4237 οτς
1433 4176 1598 4239 αἴτιος

66 4262 318 4331 γεγένηται
349 4265 537 4333 φωτὸς
571 4265 665 4315 καὶ
690 4262 1039 4334 εὐφροσύνης,
1072 4263 1251 4317 καινοῦ
1284 4281 1340 4316 τε
1367 4267 1455 4317 καὶ
1478 4266 1594 4317 νέου

65 4353 219 4416 ποτοῦ,
249 4355 349 4424 τῆς
395 4355 595 4424 καινῆς
643 4352 911 4423 Διαθήκης
960 4356 1268 4424 μυστηρίου,
1319 4355 1453 4407 κατὰ
1500 4357 1593 4426 τὴν

65 4446 278 4511 ςήσασαν
328 4446 703 4516 προφητείαν,
762 4463 780 4495 ι
806 4443 973 4495 Τοῦτο
1022 4444 1249 4513 πρῶτον,
1298 4445 1405 4506 πίε,
1456 4446 1588 4513 ταχὺ
1623 4479 1664 4531 D

65 4531 200 4595 ποίει,
227 4533 377 4605 χώρα
428 4531 739 4593 Ζαϐουλὼν,
777 4533 869 4583 καὶ
916 4531 988 4601 γῆ
1040 4532 1367 4601 Νεφθαλεὶμ,
1407 4535 1497 4586 καὶ
1542 4536 1589 4586 οἱ

63 4618 209 4674 λοιποὶ
243 4627 288 4676 οἱ
329 4624 429 4693 τὴν
473 4621 750 4693 παραλίαν
781 4621 1047 4683 οἰκοῦντες
1073 4622 1239 4692 πέραν
1265 4622 1356 4674 τοῦ
1396 4622 1589 4693 Ἰορδά-

64 4722 157 4769 νου,
186 4710 436 4763 Γαλιλαία
462 4708 574 4761 τῶν
602 4708 788 4761 ἐθνῶν·
816 4711 844 4761 6
862 4709 986 4771 λαὸς
1005 4711 1032 4761 6
1059 4710 1354 4780 καθήμενος
1385 4712 1440 4762 ἐν
1471 4712 1590 4763 σκό-

65 4797 269 4863 τει,ς>ῶς
312 4800 451 4851 ἴδετε
492 4799 666 4867 μέγα·
703 4800 932 4860 καὶτοῖς
970 4798 1284 4868 καθημένοις
1318 4802 1375 4851 ἐν
1417 4801 1589 4853 σκότει

64 4887 139 4937 καὶ
159 4893 274 4959 σκιᾷ
298 4891 555 4954 θανάτου,
591 4889 708 4960 φῶς
732 4889 995 4942 ἀνέτειλεν
1018 4891 1226 4956 αὑτοῖς;
1263 4909 1279 4939 ι
1311 4886 1429 4941 Εἶεν
1453 4890 1495 4941 δ’
1526 4889 1588 4942 ἂν

64 4971 110 5022 ἐν
136 4974 324 5040 τοῦτοις
351 4977 677 5047 δηλούμενοι
710 4978 835 5029 οἵτε
870 4977 926 5039 ἐξ
955 4978 1118 5029 ἐθνῶν
1146 4980 1222 5041 εἰς
1246 4980 1333 5030 τὸν
1362 4983 1587 5051 Χριστὸν

64 5059 137 5110 τοῦ
166 5063 287 5117 Θεοῦ
312 5065 766 5132 πεπιστευκότες,
796 5063 887 5115 καὶ
935 5065 983 5115 οἱ
1024 5064 1114 5116 τοῦ
1162 5065 1404 5135 Σωτῆρος
1431 5071 1462 5137 ἡ
1472 5068 1584 5136 μῶν

72 5150 271 5220 μαθηταὶ
317 5156 409 5208 καί
456 5155 766 5215 ἀπόστολοι,
797 5153 888 5217 οὒς
916 5153 1019 5205 ἀπὸ
1050 5154 1149 5222 γῆς
1189 5153 1462 5206 Ζαϐουλὼν
1495 5157 1585 5207 καὶ

69 5234 340 5313 Νεφθαλείμ
380 5245 882 5312 ἀνακαλεσάμενος,
917 5241 1186 5305 ἐξελέξατο
1218 5244 1457 5312 κήρυκας
1490 5245 1581 5297 τοῦ

72 5322 375 5398 Εὖτιγγελίου.
409 5334 641 5393 Τούτοις
672 5332 767 5397 μὲν
815 5328 904 5383 οῦν
944 5334 972 5382 6
1009 5330 1105 5398 τῆς
1134 5331 1365 5401 μεγάλης
1391 5332 1580 5403 βουλῆς

287 5426 397 5487 υἱὸς
430 5423 617 5493 ἐδόθη,
653 5422 922 5491 σωτηρίας
954 5423 1135 5483 αἴτιος·
1156 5423 1262 5484 τοῖς
1289 5423 1345 5475 δὲ
1376 5427 1451 5487 είς
1482 5427 1577 5478 αὐ-

77 5503 145 5557 θλν
165 5510 496 5581 ⁴ῐτιτιστηκόσι,
516 5511 696 5579 πυρὸς
735 5508 926 5577 δηλαδὴ
959 5509 1051 5562 καὶ
1076 5509 1498 5583 καύσεως.”ολης
1523 5514 1578 5566 δὲ

1725 1931 1866 1985 illius
1891 1946 1999 2001 pra:
2018 1946 2076 1987 se
2098 1930 2220 1995 fert,
2259 1939 2428 1988 totum
2452 1934 2635 1989 orbem
2662 1941 2926 1989 terrarum
2949 1935 3246 1999 illustrans;

1720 2020 1861 2088 quod
1887 2019 2099 2090 quidem
2129 2028 2181 2076 et
2209 2022 2398 2089 psalmi
2426 2024 2666 2091 proximo
2695 2024 3001 2079 testimonio
3022 2037 3250 2077 consen-

1720 2117 1931 2164 laneum
1959 2120 2057 2174 est,
2083 2120 2134 2166 et
2162 2111 2287 2166 huic
2301 2114 2593 2182 prophetae,
2629 2112 2695 2167 de
2717 2128 2822 2182 quo
2843 2128 2986 2167 nunc
3015 2113 3242 2183 agimus,

1717 2199 1808 2269 qui
1870 2200 1936 2254 de
1979 2216 2149 2269 puero
2179 2202 2387 2256 orituro
2426 2202 2520 2264 ait,
2553 2203 2726 2271 ipsum
2782 2202 2837 2255 in
2881 2201 3007 2257 sede
3055 2200 3247 2263 David,

1716 2295 1914 2342 aeterna
1935 2288 2179 2344 videlicet
2201 2304 2264 2344 ac
2294 2298 2655 2360 permanente,
2686 2304 2803 2359 quae
2825 2291 2982 2345 etiam
3014 2291 3113 2360 ipsi
3141 2290 3244 2345 Da-

1716 2379 1802 2433 vid
1826 2380 2087 2449 promissa
2121 2389 2221 2444 est,
2242 2396 2514 2436 sessurum
2544 2383 2595 2435 in
2626 2398 2787 2451 regno
2816 2382 3005 2451 ipsius,
3034 2393 3091 2437 ut
3118 2383 3244 2437 diri-

1715 2475 1803 2537 gat
1829 2467 1959 2521 illud
1992 2475 2046 2523 et
2078 2468 2339 2538 suscipiat
2390 2471 2446 2523 in
2480 2469 2684 2539 judicio
2707 2481 2760 2524 et
2798 2470 3008 2537 justitia
3049 2470 3117 2524 ab
3139 2470 3241 2524 hoc

1714 2557 1831 2625 ipso
1860 2567 2095 2627 tempore
2132 2574 2303 2627 usque
2326 2560 2379 2612 in
2410 2559 2683 2613 saeculum.
2706 2557 2873 2614 Porro
2904 2567 3080 2614 autem
3109 2575 3239 2629 quo-

1713 2648 1869 2701 modo
1902 2648 2012 2701 haec
2041 2648 2154 2716 ipsa
2181 2649 2441 2717 completa
2471 2648 2599 2711 sint,
2651 2650 2781 2704 satis
2839 2647 3049 2703 abunde
3079 2650 3241 2704 doce-

1712 2753 1768 2790 re
1790 2752 1886 2790 nos
1907 2744 2082 2804 potest
2104 2738 2321 2808 angelus
2350 2735 2584 2800 Gabriel,
2610 2739 2664 2792 in
2690 2753 2754 2792 ea
2788 2740 3105 2794 allocutione
3133 2756 3239 2811 qua

1710 2826 1774 2880 ad
1803 2826 2071 2897 Virginem
2108 2842 2239 2881 usus
2286 2834 2368 2881 est
2420 2827 2497 2881 sic
2546 2827 2729 2882 dicens
2774 2842 2788 2878 :
2829 2846 2847 2875 ι
2900 2825 2976 2880 Ne
3023 2828 3235 2893 timeas,

1711 2914 1893 2977 Maria,
1934 2915 2185 2969 invenisti
2236 2916 2375 2969 enim
2428 2915 2651 2984 gratiam
2704 2915 2843 2984 apud
2874 2914 3077 2982 Deum;
3110 2930 3241 2971 ecce

1708 3004 1976 3073 concipies
2011 3005 2064 3057 in
2105 3012 2257 3058 utero
2290 3011 2342 3057 et
2389 3004 2564 3073 paries
2603 3002 2787 3067 ﬁlium,
2813 3013 2866 3059 et
2892 3006 3110 3063 vocabis
3136 3022 3263 3061 noo‘

1708 3111 1825 3149 men
1850 3096 1967 3163 ejus
1995 3094 2199 3159 Jesum,
2228 3096 2313 3149 hic
2338 3096 2439 3148 erit
2480 3110 2725 3165 magnus,
2756 3105 2807 3150 et
2852 3096 2992 3153 ﬁlius
3020 3098 3245 3152 Altissi-

1707 3185 1776 3236 mi
1808 3186 2103 3246 vocabitur,
2136 3192 2188 3239 et
2215 3185 2362 3239 dabit
2388 3186 2435 3238 ei
2471 3184 2727 3241 Dominus
2745 3186 2885 3241 Deus
2922 3188 3100 3242 sedem
3131 3188 3236 3241 Da-

1707 3272 1791 3323 vid
1821 3273 1984 3339 patris
2019 3272 2154 3339 ejus,
2183 3279 2234 3325 et
2266 3272 2507 3341 regnabit
2541 3274 2592 3324 in
2620 3273 2777 3325 domo
2800 3271 2966 3325 Jacob
2998 3274 3049 3326 in
3074 3283 3231 3328 teter-

1705 3376 1850 3418 nutn.
1887 3368 1938 3413 et
1960 3363 2106 3430 regni
2144 3362 2262 3428 ejus
2306 3377 2411 3414 non
2444 3362 2546 3414 erit
2592 3362 2712 3416 ﬁnis
2736 3363 2803 3423 “,
2846 3383 2864 3413 ι
2890 3363 3062 3431 ipsum
3089 3364 3233 3417 hunc

1704 3451 1758 3504 in
1815 3453 2017 3522 psalmo
2068 3453 2343 3521 superiore
2391 3453 2548 3504 etiam
2605 3454 2862 3523 propheta
2912 3462 3230 3522 exspectans

1703 3542 1897 3595 Christi
1933 3552 2126 3604 ortum,
2154 3551 2203 3596 et
2236 3558 2435 3594 moram
2461 3543 2596 3608 ejus,
2628 3544 3047 3612 dilationemque
3077 3548 3227 3614 quasi

1702 3632 1869 3683 ruina:
1894 3631 2035 3685 sedis
2069 3631 2228 3684 David
2259 3647 2473 3684 causam
2510 3632 2818 3699 inspiciens,
2849 3634 3005 3689 taedio
3027 3635 3229 3703 ingenti

1700 3720 1945 3785 allicitur,
1970 3732 2021 3774 et
2063 3721 2137 3774 ait
2175 3740 2188 3775 :
2230 3740 2247 3771 ι
2285 3720 2363 3773 Tu
2395 3736 2519 3774 vero
2552 3722 2792 3790 repulisti
2824 3731 2876 3777 et
2915 3723 3226 3793 despexisti,

1699 3810 1951 3863 distulisti
2010 3809 2284 3864 Christum
2341 3819 2509 3864 tuum.
2547 3831 2566 3863 ι
2607 3812 2805 3867 Deinde
2852 3816 3005 3884 quasi
3032 3815 3233 3869 timens

1699 3915 1759 3952 ac
1784 3900 2083 3967 suspicans,
2114 3899 2279 3954 Deum
2303 3901 2476 3969 ipsum
2503 3912 2639 3966 orat,
2672 3911 2732 3956 ut
2760 3919 2920 3973 quam
2951 3905 3230 3962 celerrime

1697 4008 1756 4045 ea
1787 4007 1904 4060 quae
1926 3992 2188 4060 promissa
2230 4002 2356 4045 sunt
2391 3992 2763 4059 exhibeantur,
2795 3993 2981 4051 dicens
3019 4015 3031 4050 :
3070 4014 3088 4047 ι
3123 3995 3225 4051 Ubi

1697 4091 1820 4135 sunt
1852 4081 2231 4137 misericordia:
2263 4090 2366 4137 tuae
2402 4083 2663 4151 antiquae,
2697 4083 2939 4148 Domine,
2970 4102 3105 4157 quas
3130 4086 3222 4155 ju-

1695 4173 1827 4224 rasti
1860 4172 2020 4227 David
2048 4172 2099 4225 in
2132 4172 2355 4226 veritate
2397 4180 2487 4226 tua
2517 4174 2599 4227 "‘2
2636 4194 2654 4226 ι
2693 4190 2810 4244 qua:
2837 4176 3054 4245 quidem
3083 4177 3220 4247 ipsa,

1695 4262 1829 4329 ipsa,
1861 4262 2096 4331 inquam,
2134 4262 2246 4316 haec
2273 4261 2586 4332 planissime
2643 4266 2959 4334 complenda
3006 4281 3125 4322 esse
3165 4267 3221 4322 in

1692 4359 1813 4405 ortu
1844 4352 2017 4421 magni
2052 4352 2265 4408 consilii
2304 4353 2477 4422 angeli
2509 4353 2833 4410 vaticinatur
2864 4375 2877 4409 :
2910 4356 2966 4410 in
2998 4372 3105 4427 quo
3128 4375 3222 4412 vo-

1694 4446 1821 4508 lent,
1846 4446 2038 4515 inquit,
2064 4446 2100 4499 ii
2134 4445 2199 4502 de
2228 4447 2422 4517 quibus
2448 4456 2604 4503 antea
2633 4450 2838 4503 dictum
2867 4459 2971 4516 est,
3005 4453 3051 4506 si
3088 4452 3221 4509 fuis-

1691 4541 1808 4589 sent
1854 4534 1975 4602 igne
2002 4537 2289 4592 combusti.
2327 4536 2593 4602 Quoniam
2631 4541 2889 4609 puerulus
2934 4549 3093 4598 natus
3139 4552 3221 4598 est

1687 4624 1861 4686 nobis,
1885 4632 1937 4677 et
1976 4624 2115 4680 (ilius
2145 4625 2302 4681 datus
2332 4636 2415 4682 est
2458 4629 2634 4694 nobis,
2671 4633 2850 4701 magni
2888 4634 3098 4686 consilii
3132 4648 3220 4685 an-

1686 4714 1853 4784 gelus.
1885 4713 2089 4778 Quibus
2141 4722 2316 4770 autem
2348 4718 2524 4782 nobis,
2550 4719 2651 4773 nisi
2707 4719 2775 4774 iis
2802 4718 2893 4790 qui
2938 4721 2991 4775 in
3040 4722 3215 4791 ipsum

1686 4800 2030 4866 credidimus,
2056 4803 2145 4870 qui
2176 4803 2229 4855 in
2261 4800 2476 4858 Galilaza
2508 4807 2744 4877 gentium
2784 4824 2991 4874 sumus,
3022 4810 3216 4878 quibus

1686 4903 1871 4946 auctor
1893 4892 2067 4947 factus
2099 4899 2180 4947 est
2210 4894 2426 4949 luminis
2455 4904 2507 4950 et
2546 4898 2762 4963 laetitia,
2793 4906 2846 4953 et
2867 4901 3098 4955 recentis
3118 4918 3216 4955 ηοω

1686 4980 1844 5050 vique
1890 4978 2080 5050 'potus,
2115 4981 2247 5037 Novi
2303 4983 2630 5041 Testamenti
2686 4988 3041 5055 mysteriixut
3097 4992 3215 5059 ipsa

1648 5144 1653 5148 _
1685 5084 1895 5139 quoque
1933 5071 2209 5140 prophetia
2266 5074 2335 5125 ait
2367 5116 2380 5140 ,
2415 5076 2574 5147 3&0
2608 5096 2625 5127 ι
2667 5077 2903 5131 Primum
2931 5079 3073 5142 bibe,
3105 5081 3212 5134 cito

1683 5160 1788 5227 fac,
1812 5159 1955 5229 regio
1992 5159 2250 5226 Zabulon,
2284 5172 2336 5216 ct
2367 5173 2503 5218 terra
2535 5165 2893 5233 Nephthalim,
2944 5177 2995 5222 et
3018 5169 3212 5239 reliqui

1683 5249 2004 5303 maritimam
2066 5250 2358 5307 incolentes
2417 5254 2555 5307 ultra
2613 5254 2933 5321 Iordanem,
2994 5258 3213 5315 Galilara

1651 5323 1655 5327 ’
1681 5339 1916 5409 gentium
1941 5358 1955 5393 :
1991 5343 2216 5410 populus
2242 5343 2432 5398 sedens
2457 5344 2510 5397 in
2544 5346 2801 5411 tenebris,
2828 5347 3003 5403 videte
3034 5350 3205 5406 lucem

1683 5444 1947 5497 magnam,
1971 5438 2023 5485 et
2045 5432 2351 5486 sedentibus
2372 5433 2422 5486 in
2451 5434 2685 5490 tenebris
2710 5443 2763 5491 et
2778 5438 2965 5491 umbra
2996 5442 3201 5505 mortis,

1683 5514 1923 5570 lux‘orta
1946 5529 2027 5572 cst
2048 5522 2197 5574 eis”°
2240 5540 2258 5572 ι
2284 5522 2306 5574 ?
2337 5521 2472 5577 Sunt
2498 5541 2623 5582 vero
2644 5528 2680 5581 ii
2701 5527 2792 5598 qui
2831 5528 2882 5579 in
2911 5528 2994 5583 his
3026 5529 3199 5588 verbis

151 5660 330 5721 “Psal.
363 5668 639 5730 Lxxxvm,
678 5661 861 5749 5.941.
914 5660 979 5695 ’⁸⁷
1027 5664 1154 5718 ibid.
1184 5666 1271 5733 45,
1302 5667 1365 5720 46
1422 5652 1427 5657 ’
1460 5671 1501 5701 ⁸⁸
1527 5671 1624 5727 Luc

1709 5690 1732 5741 ί,
1773 5674 1946 5731 30-35.
2024 5675 2226 5731 “Psal.
2254 5694 2510 5747 Lxxxvm,
2551 5682 2636 5737 50.
2713 5684 2757 5716 ⁷⁸
2785 5682 2885 5738 isa.
2921 5698 2992 5748 ιι,
3027 5685 3077 5748 1,
3108 5683 3161 5737 2.
