3738 6298
827 338 929 391 55⁸3

1476 331 1738 388 EUSEBII
1776 329 2243 388 CESARIENSIS
2279 327 2424 384 OPP.
2452 328 2628 382 PARS
2666 330 2725 383 il.
2766 355 2834 369 —
2869 325 3356 384 APOLOGETICA‘

828 446 1190 515 signiﬁcantur
1218 450 1272 497 et
1299 442 1601 517 quicunque
1620 461 1681 499 ex
1704 444 1950 512 gentibus
1986 443 2037 493 in
2069 442 2304 495 Christut

1879 459 1950 496 ius
1986 443 2037 493 in
2069 442 2340 495 Christum
2370 450 2413 505 Α
2439 438 2634 508 ταύτης
2672 439 2770 507 τῆς
2818 441 3117 506 οἰκονομίας
3157 436 3355 489 ὑπόθες

832 536 920 591 Dei
943 534 1305 596 crediderunt,
1340 540 1394 586 et
1436 532 1726 587 Salvatoris
1769 533 1937 586 nostri
1987 529 2235 598 discipuli
2267 536 2346 582 at.

827 642 929 695 que
956 624 1203 693 apostoli,
1232 639 1367 692 quos
1389 624 1454 678 de
1480 632 1621 677 terra
1664 623 1900 677 'Labulon
1929 633 1982 676 et
2012 620 2347 689 Neplithalim

824 721 1089 771 evocatos.
1118 726 1385 779 praecones
1413 696 1680 779 Evangelii
1705 712 1784 763 sui
1815 710 1989 778 elegit.
2022 708 2176 762 Hisce
2206 707 2346 760 enim

823 799 999 867 magni
1017 797 1223 853 consilii
1246 799 1462 866 angelus
1490 798 1632 852 Iilius
1645 800 1799 853 datus
1819 806 1900 851 est
1927 804 2113 849 auctor
2138 795 2344 848 salutis.

823 884 892 943 Iis
921 890 1047 941 vero
1077 887 1169 956 qui
1203 888 1451 953 inipsum
1478 903 1586 940 non
1619 888 1961 944 crediderint.
1997 886 2135 954 ignis
2156 884 2348 939 videli-

822 983 906 1029 cet
939 983 1097 1043 alque
1126 976 1377 1029 incendii.
1428 973 1700 1028 Universae
1750 980 1927 1026 autem
1981 966 2204 1038 hujusce
2233 971 2347 1024 dis—

820 1064 1149 1132 peusationis
1178 1072 1392 1117 causam
1435 1063 1599 1118 fuisse
1657 1063 1731 1115 ait
1785 1061 1953 1115 zelum
2006 1050 2234 1121 Domini,
2268 1057 2348 1112 sic

821 1154 1045 1208 dicens:
1082 1171 1099 1203 ι
1131 1142 1287 1207 Zelus
1329 1144 1534 1209 Domini
1587 1137 1816 1206 Sabaoth
1864 1146 2019 1203 faciet
2062 1149 2174 1201 haec
2215 1147 2281 1200 τί.
2321 1166 2339 1199 ι

828 1240 929 1297 Sed
964 1243 1087 1311 quis
1120 1242 1331 1296 tandem
1366 1243 1451 1296 hic
1485 1243 1554 1295 sit
1595 1241 1741 1295 zelus
1770 1239 1872 1293 nisi
1902 1238 1948 1292 is
1980 1237 2135 1304 cujus
2159 1234 2346 1289 memi-

822 1333 901 1386 nit
932 1325 1123 1396 Moses,
1159 1332 1249 1385 uhi
1301 1334 1374 1386 ait
1405 1351 1419 1385 :
1457 1351 1475 1382 ι
1511 1318 1613 1400 ipsi
1655 1330 1782 1383 mihi
1829 1327 1996 1381 zelum
2048 1325 2346 1392 injecerunt

820 1423 874 1476 in
908 1437 972 1476 eo
1002 1422 1091 1491 qui
1117 1437 1226 1475 non
1251 1431 1366 1476 erat
1400 1408 1562 1482 Deus,
1596 1427 1649 1473 et
1684 1412 2026 1472 irritavcrunt
2067 1430 2151 1467 me
2178 1414 2230 1466 in
2271 1411 2347 1467 si-

820 1513 1077 1568 mulacris
1108 1513 1254 1575 suis;
1276 1522 1328 1566 et
1354 1527 1450 1580 ego
1485 1498 1653 1564 zelum
1684 1508 1918 1576 iujiciam
1941 1507 2021 1560 eis
2052 1505 2105 1557 in
2134 1518 2196 1558 ea
2226 1517 2345 1570 qua:

2442 529 2596 598 δῆλον
2637 528 2858 598 κυρίου,
2907 526 3069 593 λέγων
3090 541 3105 555 ο
3158 543 3179 574 ς
3215 525 3276 575 ου
3319 522 3356 585 ζι

2442 619 2649 687 ποιήσει
2699 616 2886 668 ταῦτα.
2919 634 2938 667 ι
2980 615 3135 673 Ποῖος
3181 612 3242 665 δὲ
3292 611 3356 679 ζῆ

2440 705 2671 774 Μωσῆς,
2719 702 2920 769 λέγων’
2971 720 2989 753 ι
3038 701 3201 754 Αὐτοὶ
3256 717 3356 768 παι

2442 794 2574 864 Θεῷ,
2602 793 2949 866 παρώργισάν
2982 810 3047 863 με
3085 794 3144 844 ἐν
3173 793 3292 853 τοῖς
3328 807 3355 841 ε

2441 878 2809 956 παραζηλώσω
2844 883 3034 944 αὐτοὺς
3062 884 3146 933 ἐπ’
3183 882 3287 933 οὐκ
3315 880 3356 954 ξ(

2439 993 2513 1045 τῳ
2552 974 2828 1045 παροργιῶ
2855 974 3066 1037 αὐτούς.
3098 992 3118 1023 ι
3139 972 3285 1024 Ἀλλ’
3319 975 3355 1023 ὲί

2437 1062 2534 1132 τῆς
2569 1063 2657 1116 τοῦ
2693 1062 3169 1133 προφητευομένου
3221 1065 3302 1123 εἰς
3343 1063 3356 1114 ἐ

2438 1156 2497 1208 οὐ
2527 1154 2626 1225 μὴν
2653 1154 2783 1207 ἀλλὰ
2810 1156 2901 1207 καὶ
2943 1155 2971 1206 ὁ
3011 1155 3230 1223 τρόπος
3262 1155 3356 1224 τῆς

2436 1238 2541 1290 τῶν
2584 1238 2926 1310 προφητικῶν
2951 1239 3337 1293 ἀποδέδεικται

2436 1328 2518 1398 εἴη
2550 1330 2792 1391 συνιδεῖν,
2819 1328 2919 1382 ποῦ
2945 1330 3046 1398 γῆς
3070 1329 3356 1398 γεννηθήσ

2437 1417 2600 1486 ἥξειν,
2635 1417 2692 1481 ἒξ
2733 1418 2919 1481 ὁποίας
2962 1435 3021 1470 τε
3057 1418 3333 1489 Ἐϐραίων

2440 1502 2783 1570 ὲκηρύττετο’
2813 1504 2848 1556 ἂ
2878 1505 2969 1556 καὶ
2995 1505 3158 1564 αὐτὰ,
3190 1504 3351 1575 φέρε,

819 1620 924 1658 non
974 1611 1057 1658 est
1105 1619 1270 1674 gens,
1305 1605 1358 1656 in
1399 1612 1554 1672 gente
1602 1601 1764 1654 stulta
1814 1594 2036 1651 irritabo
2074 1596 2194 1648 illos
2222 1594 2287 1647 ⁷³.
2317 1612 2336 1642 ι
2383 1588 2485 1643 Sed
2509 1592 2754 1659 quoniam
2793 1592 2999 1646 favente
3024 1592 3138 1646 Deo
3165 1595 3282 1660 jam
3317 1611 3352 1646 ιι

819 1696 1100 1748 adventum
1135 1694 1198 1748 ad
1229 1694 1470 1746 homines
1510 1691 1795 1761 pertinent,
1823 1684 1888 1742 de
1918 1701 2024 1757 quo
2051 1680 2187 1754 apud
2213 1681 2495 1751 prophetas
2558 1683 2749 1750 agitur,
2816 1696 3023 1735 necnon
3073 1683 3330 1750 ejusdem

818 1785 1145 1855 propheticis
1186 1784 1505 1837 testimoniis
1550 1781 1911 1834 demonstrata
1945 1785 2089 1838 Sunt,
2131 1785 2338 1840 tempus
2369 1770 2478 1837 jam
2514 1780 2633 1824 esse
2660 1770 2866 1825 videtur
2896 1778 2954 1824 ut
2985 1772 3355 1840 inspiciamus

817 1888 990 1940 turus,
1022 1885 1075 1930 et
1129 1892 1195 1929 ex
1245 1891 1351 1944 quo
1387 1889 1580 1944 genere
1631 1881 1909 1934 venturus,
1958 1871 2082 1923 item
2122 1883 2186 1921 ex
2231 1879 2336 1932 qua
2381 1862 2719 1917 Hebraeorum
2784 1864 2926 1918 tribu
3006 1864 3356 1935 profecturus

819 1968 1031 2040 quidem
1066 1968 1181 2037 ipsa
1214 1967 1259 2020 si
1288 1968 1481 2036 placet,
1515 1968 1756 2029 obsecro,
1783 1970 2101 2019 scrutemur.

1413 2082 1632 2137 CAPUT
1665 2082 1726 2137 Il.

817 2197 861 2251 Δ
893 2195 1128 2250 Michael}.
1172 2224 1241 2234 —-
1272 2193 1345 2247 De
1377 2194 1486 2246 loco
1526 2193 1614 2246 att
1660 2196 1788 2246 esset
1839 2195 2062 2245 oriturm
2103 2192 2147 2244 is
2183 2180 2338 2255 Deus,

883 2278 1037 2339 quem
1075 2264 1335 2339 propheta;
1374 2264 1723 2339 nuntiarunt:
1760 2261 2249 2339 atqueat-admodum
2279 2260 2342 2339 (te

886 2330 1177 2388 Bethleltcm
1220 2333 1423 2399 regione
1466 2330 1765 2383 Palwstina:
1795 2331 2028 2398 procedet
2074 2347 2105 2380 a
2152 2330 2339 2383 sa’culo

886 2403 1237 2470 prwea'sistens
1261 2398 1457 2467 piorum
1490 2399 1651 2470 gentis
1667 2400 1919 2470 princeps,
1947 2408 1994 2450 et
2015 2398 2336 2459 quemadmo-

885 2468 1006 2523 dum
1056 2470 1141 2522 ille
1174 2468 1421 2520 Dominus
1469 2468 1717 2518 ducturus
1757 2468 2017 2518 divinatur
2043 2480 2126 2517 eos
2161 2468 2247 2532 qui
2275 2468 2338 2517 ab

887 2541 1088 2592 ultimis
1115 2551 1272 2606 usque
1297 2545 1446 2588 terra:
1466 2534 1654 2602 ﬁnibus
1674 2536 1727 2586 in
1752 2550 1865 2586 eum
1889 2532 2215 2586 crediderint.

895 2691 1005 2744 «Et
1072 2698 1168 2754 tu,
1230 2687 1573 2753 Bethlehcm,
1629 2686 1821 2740 domus
1869 2685 2120 2754 Ephrata.
2180 2684 2339 2738 mini-

818 2795 902 2834 ma
972 2796 1030 2833 es
1095 2788 1152 2830 ιιι
1231 2778 1306 2832 sis
1364 2779 1418 2831 in
1476 2776 1711 2829 millibus
1767 2774 1935 2839 Juda;
1982 2789 2045 2827 ex
2100 2785 2150 2828 te
2209 2774 2335 2827 mihi

816 2870 1118 2937 egredietur
1175 2866 1265 2936 qui
1318 2865 1534 2934 praesit,
1596 2874 1655 2917 ut
1733 2864 1803 2918 sit
1865 2864 2114 2933 princeps
2179 2862 2332 2933 341

814 2963 870 3014 in
915 2957 1094 3017 Israel,
1137 2965 1187 3010 et
1226 2955 1403 3011 exitus
1431 2954 1549 3024 ejus
1581 2954 1649 3008 ab
1690 2954 1840 3008 initio
1869 2970 1934 3008 ex
1991 2953 2179 3007 diebus
2238 2968 2338 3007 sae-

813 3046 940 3099 culi.
992 3044 1192 3098 Idcirco
1226 3042 1375 3096 dabit
1414 3057 1507 3097 eos
1553 3057 1723 3111 usque
1764 3042 1827 3095 ad
1874 3048 2083 3109 tempus
2128 3041 2338 3109 parien-

814 3138 920 3199 tis;
954 3135 1141 3202 pariet,
1182 3140 1235 3185 et
1272 3131 1463 3200 reliqui
1492 3129 1717 3184 fratrum
1757 3130 1991 3198 ipsorum
2022 3136 2339 3183 converten—

816 3234 903 3279 tur
926 3223 992 3277 ad
1026 3223 1162 3278 lilios
1188 3223 1439 3285 Israel,et
1464 3222 1740 3282 consistet,
1769 3228 1822 3274 et
1847 3218 2066 3280 videbit,
2089 3226 2141 3271 et
2157 3225 2339 3287 pascet

816 3327 1026 3383 gregem
1057 3326 1211 3366 suum
1243 3313 1295 3364 in
1330 3311 1520 3365 robore
1548 3308 1824 3369 Dominus,
1856 3316 1910 3361 et
1939 3308 1994 3361 in
2038 3307 2205 3376 gloria
2236 3321 2336 3360 no-

2950 2080 3352 2133 ΚΕΦΑΛΔΙΟΝ

2452 2191 2590 2242 Ἀπὸ
2614 2190 2717 2244 τοῦ
2747 2191 3058 2259 Μιχαία.-
3070 2192 3211 2257 Περὶ
3235 2192 3342 2244 τοῦ

2506 2259 2609 2312 τοῦ
2631 2259 3183 2327 προκηρυττομένου
3203 2260 3350 2314 Θεοῦ

2506 2330 2717 2395 χωρίου
2760 2326 2866 2394 τῆς
2909 2326 3339 2393 Παλαιστίνης,

2504 2396 2799 2465 ϋπάρχων,
2823 2398 3152 2465 ἡγούμενος
3179 2397 3284 2450 τοῦ
3319 2414 3356 2447 τι

2509 2465 2946 2529 προελεύσεται,
2986 2465 3086 2517 καὶ
3140 2467 3220 2530 ὡς
3249 2468 3356 2517 αὐτ

2503 2532 2628 2602 νεῖν
2657 2533 2980 2602 θεσπίζεται
3024 2534 3164 2598 τοὺς
3205 2534 3356 2602 μέχρ

2505 2598 2610 2666 γῆς
2644 2603 2729 2665 εὶς
2753 2601 2938 2652 αὐτὸν
2971 2598 3356 2655 memoravit}:

2509 2708 2527 2738 ι
2556 2692 2663 2743 Καὶ
2704 2692 2789 2753 σὺ,
2817 2692 3065 2762 Βηθλεὲμ
3096 2689 3243 2755 οἶκος
3279 2692 3356 2745 τοί

2434 2776 2480 2831 εἷ
2514 2779 2604 2832 τοῦ
2634 2776 2769 2833 εἶναι
2816 2782 2873 2833 ἐν
2908 2783 3144 2851 χιλιάσιν
3177 2784 3343 2837 Ἰούδα

2436 2887 2581 2921 σεται
2613 2868 2941 2940 ἡγούμενος,
2980 2870 3075 2924 τοῦ
3118 2867 3252 2925 εἶναι
3283 2875 3352 2944 ἄρ

2434 2960 2525 3011 καὶ
2572 2962 2624 3011 αξ
2653 2960 2817 3022 ἔξοδοι
2851 2962 3022 3015 αὐτοῦ
3079 2964 3174 3016 ἀπ’
3219 2964 3356 3032 ἁρχῆ

2434 3050 2530 3101 Διὰ
2565 3049 2719 3103 τοῦτο
2762 3050 2924 3105 δώσει
2954 3054 3150 3117 αὐτοὺς
3186 3054 3289 3115 ἕως
3321 3072 3354 3107 κ

2435 3136 2599 3200 ξεται,
2623 3141 2715 3191 καὶ
2743 3140 2792 3192 οἱ
2826 3140 3097 3195 ἐπίλοιποι
3120 3143 3227 3195 τῶν
3258 3143 3356 3195 ἀδε]

2433 3227 2618 3295 ψουσιν
2658 3228 2748 3281 ἐπὶ
2792 3232 2922 3294 τοὺς
2973 3233 3122 3295 υἱοὺς
3163 3233 3356 3303 Ίσραή]

2433 3315 2637 3385 ὄψεται,
2674 3318 2767 3371 καὶ
2815 3325 3075 3390 ποιμανεῖ
3120 3323 3179 3375 τὸ
3218 3323 3356 3391 ποίμν

815 3404 978 3457 minis
1007 3399 1213 3454 Domini
1235 3400 1325 3454 Dei
1355 3398 1587 3468 ipsorum
1616 3399 1895 3461 exsistent,
1919 3398 2167 3466 quoniam
2194 3412 2291 3450 nur

1879 3434 1895 3461 ,
1919 3398 2167 3466 quoniam
2194 3411 2336 3488 nllan
2362 3399 2403 3458 C
2437 3407 2650 3478 Κύριος,
2706 3411 2797 3463 καὶ
2846 3412 2914 3465 ὲν
2962 3416 3029 3484 τῇ
3062 3415 3187 3488 δόξῃ
3224 3416 3317 3468 τοῦ
3344 3420 3355 3469 ε

814 3491 1297 3563 magniﬁcabuntur
1346 3504 1512 3559 usque
1553 3490 1615 3541 ad
1666 3495 1901 3542 extrema
1940 3493 2114 3549 terrae,
2153 3494 2208 3540 et
2236 3487 2338 3539 erit

816 3583 927 3636 haec
959 3597 1059 3650 pax
1080 3581 1143 3634 "'.
1182 3599 1200 3631 ι
1231 3579 1379 3645 Quod
1414 3580 1628 3649 quidem
1664 3578 1774 3647 ipse
1802 3575 2132 3636 Emmanuel,
2161 3577 2252 3644 qui
2273 3591 2338 3628 ex

814 3673 1249 3740 interpretatione
1291 3678 1373 3725 est
1401 3671 1664 3722 nobiscum
1712 3667 1867 3726 Deus.
1895 3666 1962 3720 de
1992 3665 2207 3736 Virgine
2242 3680 2339 3718 na-

815 3770 1013 3825 scatur,
1045 3759 1270 3830 etquod
1327 3775 1452 3827 puer
1500 3759 1589 3812 ﬁat
1633 3757 1806 3827 magni
1855 3756 2063 3811 consilii
2094 3755 2333 3825 angelus,

816 3851 1126 3920 planissime
1154 3864 1217 3903 ex
1250 3849 1313 3903 iis
1346 3863 1463 3916 qua:
1488 3856 1608 3899 ante
1647 3845 1919 3914 proposita
1948 3853 2091 3907 sunt,
2118 3844 2338 3897 demou-

816 3947 1041 3992 stratum
1072 3947 1174 3992 est.
1208 3936 1489 4001 therum,
1529 3937 1806 4006 Oportebat
1846 3935 2004 3987 etiam
2051 3934 2247 3996 locum,
2281 3934 2336 3987 in

812 4043 918 4098 quo
956 4029 1042 4083 ille
1085 4027 1320 4081 oriturus
1350 4034 1513 4086 esset,
1548 4024 1856 4094 signiﬁcari.
1901 4016 2161 4077 Divinitus
2210 4038 2338 4092 ergo

814 4117 1121 4190 prredicitur
1155 4117 1221 4171 de
1252 4115 1552 4170 Bethlehem
1591 4115 1805 4184 quidam
1836 4126 2153 4180 egressurus
2185 4115 2335 4183 prin-

813 4223 938 4279 ceps
960 4209 1013 4260 in
1042 4205 1223 4271 Israel,
1249 4206 1424 4259 exitus
1449 4206 1515 4258 ab
1539 4205 1692 4258 initio
1724 4218 1786 4257 ex
1817 4202 2004 4256 diebus
2033 4203 2213 4255 saeculi
2240 4203 2334 4256 ha.

812 4299 965 4352 hens.
1003 4286 1115 4349 Hoc
1144 4304 1317 4349 autem
1351 4296 1523 4363 ipsum
1553 4304 1825 4362 nunquam
1861 4293 2104 4347 humana:
2133 4301 2337 4347 natura:

813 4384 1206 4441 accommodari
1235 4384 1448 4453 poterit,
1477 4383 1567 4435 sed
1604 4383 1701 4435 soli
1736 4376 2042 4436 Emmanuel
2072 4391 2124 4438 et
2157 4386 2333 4452 magni

811 4475 1021 4531 consilii
1054 4475 1261 4544 angelo.
1299 4472 1447 4539 Quod
1477 4472 1614 4525 enim
1652 4470 1725 4527 ab
1750 4480 1948 4526 aeterno
1974 4475 2217 4540 exsistat,
2248 4476 2334 4529 cui

812 4566 1026 4622 tandem
1075 4566 1146 4620 sit
1181 4564 1689 4619 accommodandum
1722 4563 1825 4618 nisi
1859 4564 1955 4617 soli
1989 4563 2132 4619 Deo?
2170 4564 2336 4636 Igitur

812 4659 877 4711 de
908 4655 1215 4710 Bethlehem
1258 4654 1362 4721 (est
1403 4660 1576 4707 autem
1636 4650 1721 4705 hic
1774 4644 1968 4706 ludicre
2023 4654 2192 4718 locus,
2224 4670 2331 4709 non

810 4745 997 4814 procul
1030 4744 1097 4798 ab
1118 4743 1230 4814 ipsa
1260 4734 1552 4797 Ierusalem
1582 4734 1739 4808 situs)
1795 4741 1993 4796 dicitur
2021 4744 2236 4812 quidam
2266 4744 2332 4798 ab

810 4841 1010 4887 aeterno
1051 4832 1316 4888 exsistens
1361 4840 1761 4902 progreSsurus.
1811 4831 2021 4887 Nullum
2062 4849 2189 4888 vero
2230 4834 2335 4888 nisi

814 4937 976 4975 unum
1016 4921 1179 5001 David
1210 4923 1510 4978 invenimus
1555 4923 1725 4992 gloria
1766 4922 2043 4993 prmditum
2091 4939 2154 4977 ac
2186 4922 2330 4977 cele-

813 5006 982 5069 brem,
1027 5011 1116 5077 qui
1160 5010 1282 5063 inde
1314 5011 1384 5064 sit
1422 5020 1659 5072 exortus,
1693 5004 1746 5063 et
1790 5016 1911 5078 past
1942 5010 2114 5078 ipsum
2148 5002 2333 5075 David,

816 5094 1038 5146 alterum
1077 5098 1353 5159 duntaxat,
1382 5106 1620 5153 nostrum
1651 5100 1833 5167 utique
1876 5095 2204 5155 Salvatorem
2245 5086 2333 5152 Je-

815 5193 955 5241 sum,
986 5180 1076 5246 qui
1105 5181 1350 5239 Christus
1385 5194 1468 5240 est
1497 5187 1625 5242 Dei:
1654 5196 1843 5258 prmter
1877 5188 1974 5243 hos
2005 5194 2179 5242 autem
2213 5188 2335 5241 nul-

817 5270 927 5321 lum
959 5268 1118 5319 alium
1141 5282 1379 5335 prorsus.
1404 5275 1471 5327 At
1494 5291 1620 5331 vero
1657 5279 1770 5348 ipse
1795 5280 2004 5350 quidem
2034 5278 2196 5332 David
2230 5271 2331 5333 hu-

815 5356 965 5426 jusce
1013 5357 1305 5424 prephetlze
1340 5365 1576 5429 tempora
1625 5372 1929 5435 antecessit,
1987 5378 2040 5425 et
2090 5369 2333 5440 plurimis

883 5456 929 5501 ¹¹¹
962 5465 1065 5521 Isa.
1092 5482 1292 5530 xxxv",
1322 5470 1408 5524 52.

885 5554 1129 5624 ¹ι)οὑδ’.
1163 5554 1300 5623 lege
1334 5561 1448 5630 οὐχ.
1483 5562 1637 5619 Ευιτ.

885 5596 963 5702 ὶῖ)
982 5622 1133 5679 Οὐδὲ
1146 5622 1231 5677 δέ.
1260 5623 1415 5696 Lege,
1439 5640 1495 5684 ut
1525 5648 1637 5702 saep

2437 3497 2609 3549 αὐτῶν
2687 3498 2989 3568 ὑπάρξουσι
3024 3520 3037 3533 ν
3118 3504 3248 3557 διότι
3333 3524 3356 3557 ν

2435 3585 2535 3648 ἕως
2563 3585 2743 3657 ἄκρων
2772 3588 2877 3656 τῆς
2911 3591 3014 3661 γῆς
3035 3630 3049 3654 ,
3098 3593 3190 3646 καὶ
3225 3593 3350 3647 ἔστα

2439 3673 2672 3743 μανουὴλ
2701 3675 3240 3750 μεθερμηνευόμενος
3273 3699 3356 3751 μει

2435 3762 2704 3832 Παρθένου
2738 3765 3115 3837 γεννώμενος,
3148 3770 3239 3822 καὶ
3287 3787 3356 3822 πα

2438 3851 2673 3920 μεγάλης
2703 3851 2907 3924 βουλῆς
2960 3856 3190 3925 ἄγγελος
3207 3897 3222 3919 ,
3276 3876 3356 3910 σαι

2435 3939 2949 4010 προεκτεθειμένων.
2992 3945 3127 3998 Ἀλλ’
3157 3947 3320 4019 ἐχρῆν

2434 4029 2593 4082 αὑτοῦ
2646 4033 2987 4103 σημανθῆναι
3043 4036 3224 4092 τόπον.
3287 4038 3356 4107 II;

2434 4118 2673 4189 Βηθλεέμ
2698 4137 2781 4185 τις
2804 4123 3178 4187 ἐξελεύσεσθαι
3219 4126 3356 4196 ἄρχοι

2435 4209 2636 4272 ἐξόδους
2666 4211 2759 4261 ἀπ’
2782 4213 2961 4283 ἀρχῆς
2984 4216 3043 4281 ἐξ
3068 4220 3288 4290 ἡμερῶν
3315 4221 3355 4268 αξ

2432 4301 2529 4352 οὐκ
2554 4299 2617 4352 ἂν
2648 4303 3008 4372 ἐφαρμόσειεν
3042 4308 3320 4377 ἀνθρώπου
3350 4327 3356 4355 ι

2446 4390 2805 4461 Ἐμμανουήλ,
2839 4396 2933 4447 καὶ
2958 4396 3037 4465 τῷ
3064 4399 3167 4467 τῆς
3183 4399 3351 4468 μεγάλ

2432 4478 2603 4549 γάρὲξ
2614 4479 2808 4543 αἰῶνος
2822 4485 3139 4552 ὑφεστάναι,
3153 4488 3255 4540 τίνι
3270 4488 3356 4558 ἄρα

2431 4566 2581 4635 Θεῷξ
2628 4567 2718 4619 Ἐκ
2744 4571 2926 4624 τοίνυν
2965 4574 3063 4645 τῆς
3115 4576 3355 4646 Βηθλεὲμ

2362 4702 2406 4756 D
2444 4656 2721 4756 Ἰομδαῑαςἱ
2742 4661 2804 4712 οὐ
2827 4662 3014 4734 πόρρω
3038 4664 3138 4733 τῆς
3169 4667 3356 4736 Ἰερουο

2431 4747 2519 4800 ταί
2547 4763 2626 4809 τις
2665 4747 2723 4812 ἐξ
2755 4751 2948 4816 αἰῶνος
2974 4755 3229 4825 ὑπάρχων
3263 4771 3356 4822 προ

2432 4837 2610 4906 ἕτερον
2631 4837 2686 4889 δὲ
2720 4839 2930 4895 ἐνθένδε
2966 4843 3000 4913 ἢ
3034 4845 3189 4914 μόνον
3208 4845 3293 4896 τὸν
3311 4848 3356 4894 Δε

2430 4923 2811 4994 γεγενημένον,
2844 4929 2939 4981 καὶ
2991 4931 3176 4982 ἔπειτα
3204 4929 3314 4998 μετ’
3340 4930 3356 4979 ἑ

2431 5013 2653 5084 Σωτῆρα
2705 5015 2911 5086 Ἰησοῦν
2956 5020 3045 5072 τὸν
3077 5019 3301 5089 Χριστὸν
3354 5042 3355 5047 η

2431 5101 2579 5173 παρὰ
2604 5102 2824 5168 τούτους
2852 5107 3057 5161 οὐδένα.
3092 5107 3226 5161 Ἀλλ’
3246 5109 3275 5160 ὁ
3297 5106 3356 5175 μὲ

2431 5190 2528 5260 τῆς
2554 5196 2885 5262 προφητείας
2914 5196 3267 5266 προειληφὼς,
3307 5210 3356 5245 τε

2433 5281 2690 5352 πρότερον
2723 5284 2867 5338 ἔτεσι
2919 5288 3018 5356 τῆς
3062 5287 3356 5356 προρρήσεις

2430 5370 2523 5437 ἀφ’
2576 5372 2792 5442 ἡμερῶν
2840 5375 3030 5440 αἰῶνος
3088 5370 3235 5437 οὗτος
3281 5374 3356 5425 τὰ(

1499 5475 1543 5506 ἠ
1567 5477 1717 5536 Deut.
1742 5501 1910 5552 xxxu,
1934 5486 1992 5540 2t
2013 5527 2025 5542 .
2099 5486 2144 5516 ⁷⁸
2165 5484 2324 5538 Μὶοιι.
2359 5501 2411 5548 v,
2443 5485 2560 5542 2-5.

907 5622 963 5693 ³)
982 5622 1133 5679 οὐδὲ
1146 5622 1231 5677 δέ·
1250 5622 1495 5696 Ῑιθεεῖυι
1525 5648 1689 5703 ωερε,
1730 5657 1824 5710 pro
1847 5645 1984 5710 οὐδε,
2009 5646 2096 5713 οὐ,
2133 5651 2185 5699 et
2216 5642 2340 5697 huic
2370 5656 2383 5694 ι

1864 5645 1984 5710 ibat,
2009 5646 2096 5713 οὐ,
2133 5651 2185 5699 et
2216 5642 2340 5697 huic
2370 5640 2632 5705 coniunge
2661 5642 2716 5697 δέ
2762 5658 3015 5708 sequens.
3046 5650 3103 5699 nt
3130 5645 3198 5699 sit
3228 5644 3340 5696 οὐδέ
