3738 6322
129 349 219 405 537
1018 362 1658 425 DEMONSTRATIONIS
1689 361 2130 423 annosum
2169 365 2296 423 ιω.
2335 366 2448 427 vn.

3181 377 3283 430 538

129 463 315 518 οὐκοῦν
357 462 608 524 λείπεται.
645 471 736 525 ἐπὶ
784 473 872 526 τδν
922 476 1055 544 μετὰ
1097 477 1262 532 ταῦτα
1304 481 1365 531 ἐκ
1419 477 1656 548 Βηθλεέμ

1759 488 1884 535 ante
1911 480 2011 533 hoc
2037 479 2312 532 oraculum
2347 482 2506 536 annis
2535 489 2778 536 mortuus
2803 489 2917 548 est;
2948 489 3198 551 prterea
3216 499 3284 539 ne

128 555 392 625 γενόμενον
422 557 514 610 τὸν
556 560 772 629 ἀληθῶς
821 563 1156 636 Ἐμμανουήλ
1175 605 1192 628 ,
1217 569 1305 619 τὸν
1337 566 1440 636 πρὸ
1484 568 1658 636 πάσης

127 645 333 706 κτίσεως
358 647 602 714 προόντα
630 650 759 704 Θεὸν
790 653 958 720 Λόγον
985 657 1075 707 καὶ
1105 656 1216 726 μεθ’
1242 657 1390 726 ἡμῶν
1419 655 1546 709 Θεὸν
1573 657 1658 708 λε-

130 732 352 800 γόμενον,
388 737 846 807 συμπληροῦσθαι
900 743 966 794 τὰ
996 745 1374 816 γεγραμμένα·
1402 747 1522 798 ἐπεὶ
1570 747 1660 798 καὶ

131 824 224 888 ἡέν
244 822 435 892 Βηθλεὲ
444 843 483 892 μ
511 825 730 892 γένεσις
753 831 914 884 αὐτοῦ
940 833 1188 904 ἄντικρυς
1214 836 1344 888 Θεοῦ
1367 837 1659 905 παρουσίαν

129 911 294 978 ἐδήλου
322 913 406 964 διὰ
433 915 544 966 τῶν
569 920 694 970 κατ’
733 922 901 990 αὐτὴν
949 924 1276 994 παραδόξων.
1307 927 1503 996 Γράφει
1534 925 1660 993 γοῦν

127 1003 366 1064 όΛουκΞς
402 1004 597 1056 τοῦτον
647 1009 872 1080 ἱστορῶν
907 1012 995 1062 τὸν
1031 1015 1253 1082 τρόπον’
1283 1034 1300 1064 ι
1337 1016 1574 1081 Ἐγένετο
1603 1017 1658 1068 δὲ

127 1091 178 1143 ἐν
209 1097 315 1155 ταῖς
349 1095 578 1163 ἡμέραις
625 1099 892 1162 ἐκείναις.
937 1102 1122 1171 ἐξῆλθε
1149 1104 1315 1172 δόγμα
1355 1105 1500 1174 παρὰ
1531 1106 1661 1157 Καί-

128 1198 276 1250 σαρος
330 1183 646 1250 Αὐγούστου
713 1189 807 1240 τοῦ
871 1192 1280 1262 ἀπογράψασθαι
1336 1196 1510 1246 πᾶσαν
1564 1195 1660 1263 τὴν

124 1273 450 1342 οίκουμένην’
489 1276 638 1346 αὕτη
678 1280 970 1351 ἀπογραφὴ
1002 1283 1186 1352 πρώτη
1215 1285 1422 1351 ἐγένετο
1460 1288 1659 1355 ἠγεμο-

125 1362 340 1425 νεύοντος
365 1364 463 1433 τῆς
488 1361 701 1435 Συρίας
730 1371 1016 1439 Κυρηνίου.
1045 1375 1151 1425 Καὶ
1183 1375 1494 1444 ἐπορεύοντο
1526 1377 1658 1428 πάν-

123 1469 198 1514 τες
224 1453 656 1521 ἀπογράφεσθαι,
695 1458 920 1522 ἕκαστος
978 1463 1056 1523 είς
1104 1463 1202 1533 τὴν
1251 1464 1439 1516 ἐαυτοῦ
1490 1466 1655 1518 πόλιν.

135 1541 296 1610 ’Ᾱνέεη
321 1542 374 1594 δὲ
407 1544 502 1595 καὶ
547 1543 757 1615 Ἰωσὴφ
782 1548 887 1599 ἀπὸ
913 1550 1010 1619 τῆς
1040 1551 1343 1618 Γαλιλαίας,
1365 1556 1428 1606 ἐκ
1461 1554 1660 1618 πόλεως

123 1631 344 1700 Ναζαρὲθ
374 1636 454 1695 είς
497 1636 604 1706 τὴν
665 1637 956 1701 Ἰουδαίαν,
983 1643 1062 1703 είς
1115 1642 1265 1694 πόλιν
1312 1644 1496 1706 Δαϐιδ,
1542 1645 1660 1712 ἥτις

123 1719 334 1773 καλεῖται
374 1723 630 1793 Βηθλεὲμ
659 1765 674 1787 ,
722 1725 808 1778 διὰ
838 1727 898 1778 τὸ
929 1725 1062 1780 εἶναι
1091 1730 1248 1782 αὐτὸν
1292 1731 1349 1793 ἐξ
1391 1732 1535 1783 οἴκου
1569 1732 1660 1784 καὶ

1759 584 1790 623 a
1819 570 2005 625 diebus
2051 569 2265 638 quidem
2317 572 2498 625 saeculi
2545 571 2723 625 exitus
2775 587 2902 626 suos
2941 571 3066 626 fecit
3097 572 3280 628 David.

1761 658 2014 727 Superest
2040 659 2200 728 igitur
2228 666 2288 711 ut
2316 659 2370 712 in
2401 674 2486 720 eo,
2515 659 2605 727 qui
2638 659 2858 727 posthac
2889 659 2956 713 de
2978 659 3280 714 Bethlehem

1757 746 2130 813 proﬁciscitur,
2182 759 2240 798 re
2279 762 2405 799 vera
2455 745 2802 808 Emmanuel,
2859 748 3054 815 quippe
3103 750 3280 800 omnia

1758 850 1876 904 quae
1901 846 2077 890 creata
2107 844 2232 889 sunt
2257 836 2543 897 antecedit,
2572 844 2624 889 et
2649 835 2787 888 Deus
2813 835 3067 899 Verbum,
3097 847 3150 891 et
3181 852 3282 890 no-

1758 925 1962 980 biscum
1991 925 2129 979 Deus
2154 927 2471 994 appellatur,
2506 940 2623 993 qua:
2652 926 2738 977 hic
2769 925 2968 993 scripta
2991 935 3113 980 sunt
3134 942 3273 978 corn-

1759 1017 2000 1084 pleautur
2033 1035 2046 1069 :
2077 1018 2326 1084 quoniam
2351 1017 2463 1084 ipse
2492 1032 2701 1084 quoque
2732 1016 2874 1069 illius
2899 1017 2952 1068 in
2979 1015 3278 1069 Bethlehem

1757 1116 1926 1163 ortus.
1953 1107 2261 1174 planissime
2298 1106 2388 1160 Dei
2425 1107 2709 1160 adventum
2744 1106 3084 1174 signiﬁcavit,
3120 1123 3183 1160 ex
3215 1108 3283 1162 iis

1758 1193 2158 1250 admirabilibus
2198 1196 2377 1254 rebus,
2401 1211 2518 1263 qua:
2557 1194 2698 1262 apud
2750 1195 2916 1262 ipsam
2953 1196 3096 1247 illam
3126 1195 3283 1250 Beth-

1757 1285 1926 1338 lehem
1957 1297 2265 1340 evenerunt.
2302 1288 2574 1355 Siquidem
2610 1287 2781 1342 Lucas
2815 1289 2867 1340 in
2890 1289 3032 1342 hunc
3063 1289 3282 1343 modum

1755 1391 2013 1429 enarrans
2035 1375 2292 1430 describit
2323 1397 2336 1431 :
2383 1395 2401 1427 ι
2440 1376 2661 1430 Factum
2704 1388 2786 1431 est
2815 1389 2987 1432 autem
3019 1381 3071 1431 in
3096 1379 3281 1434 diebus

1755 1463 1880 1516 illis.
1909 1462 2049 1516 Exiit
2073 1465 2304 1518 edictuin
2330 1479 2358 1517 a
2393 1465 2602 1520 Cmsare
2629 1465 2892 1535 Augusto,
2929 1475 2985 1519 ut
3013 1467 3284 1520 describe-

1756 1559 1904 1604 retur
1930 1554 2214 1608 universus
2243 1555 2390 1608 orbis
2431 1573 2443 1607 :
2481 1556 2591 1608 haec
2629 1555 2917 1621 descriptio
2945 1555 3112 1622 prima
3146 1555 3284 1608 facta

1755 1647 1838 1691 est
1866 1639 2089 1706 praeside
2123 1637 2288 1708 Syria:
2316 1640 2563 1709 Cyrenio.
2584 1639 2646 1692 Et
2688 1641 2839 1693 ibant
2877 1656 3064 1695 omnes
3089 1649 3146 1694 ut
3167 1655 3287 1710 pro-

1757 1729 2032 1782 ﬁterentur
2060 1730 2254 1798 singuli
2287 1729 2338 1781 in
2369 1744 2520 1782 suam
2551 1730 2843 1783 civitatem.
2896 1729 3153 1784 Ascendit
3184 1745 3282 1784 au-

125 1812 326 1878 ⁴πατριᾶς
354 1812 548 1874 Δαόὶδ,
602 1814 1027 1886 ἀπογράψασθαι
1063 1819 1156 1870 σὺν
1198 1821 1424 1889 Μαριὰμ
1463 1824 1526 1890 τῇ
1567 1837 1656 1890 με·

1759 1825 1861 1870 tem
1892 1825 1946 1870 et
1974 1795 2169 1885 Ioseph
2201 1834 2230 1870 a
2261 1818 2472 1871 Galilaza
2525 1819 2592 1871 de
2642 1819 2855 1872 civitate
2896 1819 3178 1880 Nazareth,
3229 1820 3284 1873 in

123 1901 468 1972 μνηστευμένῃ
503 1903 667 1973 αὐτῷ
692 1905 909 1970 γυναικὶ
939 1905 1070 1978 οὔσῃ
1093 1908 1284 1978 ἐγκύῳ.
1330 1911 1568 1978 Ἐγένετο
1603 1913 1658 1964 δὲ

122 1991 168 2039 ἐν
197 1990 264 2058 τῷ
289 1993 483 2054 αὐτοὺς
518 1988 673 2046 εἶναι
715 1995 859 2058 ἐκεῖ,
886 1996 1224 2066 ἐπλήσθησαν
1259 2002 1310 2051 αἱ
1344 2001 1538 2070 ἡμέραι
1568 2001 1657 2053 τοῦ

124 2084 269 2131 τεκεῖν
307 2083 476 2152 αὑτήν
530 2083 655 2136 Καὶ
691 2087 844 2138 ἔτεκε
889 2087 978 2139 τὸν
1025 2089 1135 2140 υἱὸν
1177 2090 1338 2159 αὐτῆς
1381 2091 1470 2142 τὸν
1508 2109 1658 2161 πρω-

122 2172 304 2224 τότοκον
332 2213 347 2235 ,
401 2176 496 2239 καὶ
551 2177 982 2246 ἐσπαργάνωσεν
1024 2180 1214 2242 αὑτὸν,
1261 2183 1350 2233 καὶ
1391 2182 1658 2234 ἀνέκλινεν

122 2261 255 2312 αὑτὸν
280 2261 333 2313 ἐν
363 2267 428 2334 τῇ
461 2265 677 2336 φάτνῃ,
718 2267 848 2318 διότι
876 2269 974 2319 οὐκ
999 2265 1065 2338 ἦν
1098 2270 1276 2330 αὐτοῖς
1300 2270 1456 2332 τόπος
1489 2274 1545 2322 ἐν
1582 2271 1658 2340 τῷ

124 2349 443 2419 καταλύματι.
475 2353 590 2404 Καὶ
625 2356 885 2423 ποιμένες
912 2351 1048 2424 ἦσαν
1075 2358 1132 2408 ἐν
1154 2361 1218 2426 τῇ
1249 2357 1396 2428 χώρα
1425 2362 1489 2428 τῇ
1525 2361 1655 2429 αὐτῇ

124 2438 511 2507 ἀγραυλοῦντες,
541 2445 646 2495 καὶ
678 2443 1038 2512 φυλάσσοντες
1070 2445 1308 2514 φυλακὰς
1347 2449 1442 2517 τῆς
1471 2449 1658 2510 νυκτὸς

123 2528 196 2576 ἐπὶ
213 2530 298 2597 τὴν
333 2531 570 2600 ποίμνην
611 2533 796 2586 αὐτῶν
817 2550 829 2564 ⁸
856 2535 949 2587 καὶ
976 2535 1198 2602 ἄγγελος
1225 2538 1422 2606 Κυρίου
1458 2539 1655 2608 ἐπέστη

126 2615 292 2677 αὺτοῖς.
325 2619 416 2670 καὶ
445 2620 576 2684 δόξα
602 2620 747 2673 Θεοῦ
781 2622 1142 2691 περιέλαμψεν
1177 2625 1387 2687 αὐτοὺς,
1409 2627 1499 2678 καὶ
1538 2628 1658 2694 ἐφο-

126 2703 335 2776 εῆθησαν
373 2709 536 2777 φόϐον
571 2712 772 2780 μέγαν.
812 2714 919 2764 Καὶ
949 2712 1097 2765 εἶπεν
1139 2715 1315 2777 αὐτοῖς
1337 2717 1364 2766 ὁ
1396 2717 1615 2783 ἄγγελος
1639 2734 1652 2747 ·

135 2792 207 2858 Μὴ
239 2793 509 2859 φοϐεῖσθε·
565 2799 684 2850 ίδοὺ
729 2799 836 2869 γὰρ
866 2801 1275 2870 εὐαγγελίζομαι
1321 2805 1444 2871 ὑμῖν
1487 2804 1656 2874 χαρὰν

126 2883 351 2953 μεγάλην,
383 2887 506 2955 ἥτις
536 2889 699 2940 ἔσται
736 2891 896 2942 παντὶ
919 2891 996 2959 τῷ
1023 2891 1161 2960 λαῴο
1201 2893 1281 2944 ὅτι
1320 2893 1506 2962 ἐτέχθη
1534 2897 1656 2964 ὑμῖν

127 2975 329 3042 σήμερον
371 2979 603 3047 Σωτὴρ,
639 2980 699 3042 ὃς
745 2982 855 3032 ἐστι
904 2983 1132 3051 Χριστὸς
1172 2983 1389 3051 Κύριος,
1427 2987 1481 3036 ἐν
1511 2985 1655 3038 πόλει

1753 1903 2007 1969 Iudaeam,
2057 1905 2111 1957 in
2154 1905 2426 1959 civitatem
2457 1905 2644 1968 David,
2676 1922 2794 1974 qua:
2825 1915 3046 1960 vocatur
3074 1907 3284 1961 Bethlco

1756 1992 1896 2056 lien),
1930 2008 1994 2046 eo
2021 1993 2162 2060 quod
2189 2000 2330 2046 esset
2372 1994 2437 2046 de
2476 1993 2634 2046 domo
2677 2000 2730 2046 et
2773 1993 2973 2046 familia
3016 1994 3199 2053 David.
3226 2001 3285 2046 ut

1756 2081 2090 2150 profiteretur
2109 2096 2230 2132 cum
2264 2080 2426 2133 Maria
2453 2081 2776 2150 desponsata
2807 2083 2905 2135 sibi
2937 2081 3094 2151 342
3119 2097 3283 2136 uxore

1757 2177 2077 2238 prmgnante.
2111 2167 2332 2222 Factum
2356 2177 2438 2223 est
2471 2179 2668 2232 autem,
2693 2185 2814 2222 cum
2851 2179 3031 2224 essent
3059 2171 3150 2230 ibi,
3184 2172 3285 2222 in»

1756 2259 1879 2327 pleti
1926 2266 2050 2310 sunt
2089 2256 2203 2311 dies
2233 2266 2290 2310 ut
2340 2267 2573 2326 pareret,
2605 2267 2654 2312 et
2693 2260 2894 2327 peperit
2930 2259 3093 2311 lilium
3127 2275 3282 2313 suum

1755 2348 2186 2416 primogenitum,
2207 2354 2260 2399 et
2287 2349 2479 2416 pannis
2507 2363 2628 2402 eum
2655 2348 2899 2410 involvit,
2921 2356 2975 2402 et
3004 2349 3286 2402 reclinavit

1754 2451 1873 2489 eum
1905 2436 1956 2488 in
1996 2437 2274 2505 przssepio,
2306 2438 2432 2505 quia
2454 2453 2559 2490 non
2584 2445 2698 2490 erat
2730 2437 2809 2490 eis
2848 2437 2999 2491 locus
3032 2436 3086 2490 in
3109 2437 3286 2490 diver-

1755 2527 1916 2581 sorio.
1957 2526 2019 2578 Et
2051 2537 2294 2596 pastores
2319 2536 2472 2581 erant
2505 2528 2558 2579 in
2587 2529 2804 2595 regione
2843 2528 3026 2581 eadem
3059 2527 3285 2596 vigilan-

1753 2625 1854 2679 tes,
1883 2625 1933 2669 et
1967 2618 2333 2672 custodientes
2384 2618 2593 2685 vigilias
2639 2619 2812 2672 noctis
2860 2633 3022 2685 super
3070 2634 3282 2688 gregem

1753 2723 1908 2761 suum
1935 2725 1948 2760 :
1979 2715 2028 2761 el
2053 2709 2274 2776 angelus
2305 2706 2514 2761 Domini
2545 2709 2691 2761 stetit
2716 2723 2877 2776 super
2898 2723 3012 2770 eos,
3035 2718 3088 2761 et
3116 2709 3285 2776 gloria

1755 2796 1844 2850 Dei
1875 2797 2230 2851 circumlulsit
2260 2799 2399 2859 illos,
2425 2805 2478 2852 et
2519 2799 2813 2851 timuerunt
2851 2799 3040 2852 timore
3071 2813 3282 2866 magno.

1755 2885 1817 2938 Et
1848 2887 1983 2939 dixit
2029 2887 2136 2942 illis
2185 2887 2408 2955 angelus
2461 2884 2680 2940 :Nolite
2726 2887 2934 2946 timere,
2970 2900 3096 2938 ecce
3142 2885 3283 2939 enim

1753 2975 2056 3043 evangelizo
2087 2975 2238 3028 vobis
2261 2973 2512 3042 gaudium
2544 2987 2816 3041 magnum,
2839 2973 2980 3040 quod
3009 2974 3112 3025 erit
3138 2972 3285 3024 omni

123 3061 273 3115 Δαείδ.
307 3067 413 3119 Καὶ
450 3069 614 3120 τοῦτο
649 3071 776 3138 ὑμῖν
807 3071 864 3122 τὸ
892 3075 1141 3139 σημεῖονο
1174 3073 1425 3142 εὑρήσετε
1464 3074 1655 3145 βρέφος

1757 3065 1969 3132 populo,
2020 3065 2271 3132 quoniam
2317 3072 2478 3116 natus
2526 3070 2609 3115 est
2639 3063 2789 3116 vobis
2832 3061 2989 3114 hodie
3021 3060 3284 3123 Salvator,

123 3154 582 3226 ἐσπαργανωμένον
610 3161 672 3210 ἐν
697 3160 889 3230 φάτνῃ.
918 3162 1025 3214 Καὶ
1051 3159 1302 3230 ἐξαίφνης
1323 3163 1532 3229 ἐγένετο
1559 3164 1652 3216 σὺν

121 3239 182 3306 τῷ
205 3242 404 3314 ἀγγέλῳ
445 3247 661 3317 πλῆθος
688 3251 943 3317 στρατιᾶς
979 3249 1227 3318 οὐρανίου
1259 3251 1540 3303 αἰνούντων
1564 3253 1652 3305 τὸν

121 3325 246 3391 Θεὸν,
274 3333 361 3383 καὶ
393 3333 698 3400 λεγόντων·
734 3335 869 3400 Δόξα
898 3337 956 3388 ἐν
986 3337 1226 3403 ὑψίστοις
1268 3337 1404 3404 Θεῷ,
1436 3339 1530 3391 καὶ
1562 3339 1652 3390 ἐπὶ

122 3415 203 3484 γῆς
231 3421 428 3491 εἰρήνη,
466 3425 526 3474 ἐν
554 3423 870 3492 ἀνθρώποις
907 3424 1285 3479 εὐδοκία.’Καὶ
1324 3428 1552 3494 ἐγένετο,
1580 3428 1654 3489 ὡς

121 3507 326 3576 ἀπῆλθον
367 3514 462 3565 ἀπ’
505 3515 697 3567 αὐτῶν
739 3518 818 3578 είς
857 3517 943 3568 τὸν
982 3517 1205 3587 οὐρανὸν
1245 3518 1292 3569 oi
1329 3517 1572 3584 ἄγγελοι,
1605 3517 1653 3568 οἱ

123 3600 342 3666 ποιμένες
390 3600 547 3656 εἷπον
597 3605 738 3674 πρὸς
792 3606 1083 3675 ἀλλήλους’
1113 3607 1406 3676 Διέλθωμεν
1459 3607 1521 3676 δὴ
1553 3607 1654 3668 ἕως

124 3685 350 3759 Βηθλεέμ,
391 3694 486 3744 καὶ
527 3694 733 3763 ἴδωμεν
763 3694 822 3746 τὸ
850 3695 1000 3764 ῥῆμα
1031 3694 1184 3746 τοῦτο
1211 3696 1270 3747 τὸ
1297 3696 1598 3764 γενόμενον,
1624 3694 1653 3746 ὃ

123 3771 145 3821 ὁ
168 3776 345 3846 Κύριος
369 3781 676 3852 ἐγνώρισεν
704 3785 852 3852 ἡμῖν.
883 3785 987 3836 Καὶ
1008 3781 1166 3853 ἦλθον
1197 3785 1537 3848 σπεύσαντες,
1562 3787 1653 3838 καὶ

121 3858 250 3933 εὗρον
280 3870 371 3940 τὴν
427 3873 675 3942 Μαριὰμ
718 3873 809 3924 καὶ
846 3874 934 3924 τὸν
984 3874 1210 3942 Ἰωσὴφ,
1247 3874 1414 3926 καὶτὸ
1463 3874 1653 3944 βρέφος

123 3952 337 4018 κείμενον
378 3959 437 4009 ἐν
475 3962 545 4026 τῇ
593 3961 789 4030 φάτνῃ.
837 3959 1051 4020 Ἰδόντες
1095 3959 1151 4011 δὲ
1200 3959 1490 4029 ἐγνώρισαν
1530 3962 1653 4030 περὶ

121 4039 196 4090 τοῦ
226 4046 460 4114 ῥήματος
487 4047 589 4098 τοῦ
618 4047 937 4116 λαληθέντος
962 4050 1140 4110 αὐτοῖς
1171 4049 1295 4117 περὶ
1327 4048 1415 4100 τοῦ
1449 4049 1650 4101 παιδίου

123 4125 309 4180 τούτου·
365 4135 462 4186 καὶ
513 4136 720 4196 πάντες
742 4137 790 4186 οί
837 4135 1159 4197 ἀκούσαντες
1192 4135 1498 4204 ἐθαύμασαν
1531 4137 1654 4208 περὶ

121 4217 209 4266 τῶν
232 4218 570 4292 λαληθέντων
609 4225 714 4276 ὑπὸ
756 4225 863 4276 τῶν
896 4225 1158 4293 ποιμένων
1202 4225 1334 4296 πρὸς
1384 4225 1592 4286 αὐτούςο
1631 4243 1648 4275 ³

123 4305 279 4360 Ταῦτα
320 4315 414 4379 μὲν
467 4317 497 4366 ὁ
545 4315 782 4376 Λουκᾶς.
834 4315 943 4366 Καὶ
974 4317 1002 4366 ὁ
1037 4315 1307 4377 Ματθαῖος
1339 4315 1394 4368 δὲ
1433 4315 1501 4368 τὰ
1530 4317 1654 4385 περὶ

1755 3154 1844 3222 qui
1874 3162 1956 3208 est
1986 3154 2233 3208 Christus
2257 3154 2512 3211 Dominus
2534 3158 2585 3208 in
2616 3156 2830 3209 civitate
2859 3154 3023 3206 David
3059 3172 3071 3207 :
3103 3163 3156 3207 et
3187 3154 3287 3206 hoc

1755 3244 1906 3297 vobis
1937 3245 2167 3312 signum.
2201 3243 2485 3298 Invenietis
2532 3243 2786 3297 infantem
2843 3241 3037 3311 pannis
3079 3242 3286 3294 involu-

1756 3339 1887 3390 tum,
1927 3339 1977 3383 et
2011 3333 2239 3398 positum
2290 3331 2343 3384 in
2386 3333 2664 3398 praesepio.
2713 3329 2777 3381 Et
2815 3330 2990 3382 subito
3034 3328 3170 3380 facta
3203 3336 3287 3380 est

1755 3435 1874 3472 cum
1904 3423 2092 3488 angelo
2122 3419 2407 3472 multitudo
2442 3420 2644 3472 militia!
2687 3421 2921 3474 caelestis
2952 3419 3284 3470 laudantium

1758 3507 1920 3561 Deum
1970 3517 2024 3561 et
2065 3507 2355 3561 dicentium
2409 3526 2420 3561 :
2454 3507 2635 3560 Gloria
2678 3509 2728 3560 in
2763 3508 3041 3561 altissimis
3073 3507 3200 3568 Deo,
3233 3515 3287 3560 et

1757 3597 1808 3649 in
1833 3607 1972 3650 terra
1999 3613 2120 3664 pax,
2144 3597 2196 3648 in
2216 3597 2519 3650 hominibus
2539 3597 2674 3648 bona
2702 3598 2969 3650 voluntas.
2996 3595 3061 3648 Et
3089 3594 3285 3648 factum

1755 3694 1856 3746 est,
1893 3695 1950 3738 ut
1981 3687 2345 3740 discesserunt
2374 3687 2442 3738 ab
2482 3687 2548 3739 iis
2572 3687 2622 3738 in
2650 3686 2843 3738 coelum
2871 3685 3068 3753 angeli,
3099 3693 3286 3752 pasto-

1755 3790 1840 3827 res
1861 3773 2109 3827 dixerunt
2130 3775 2194 3828 ad
2217 3791 2274 3828 se
2300 3776 2546 3836 invicem,
2575 3784 2911 3829 transeamus
2942 3788 3110 3843 usque
3132 3775 3290 3827 Beth-

1757 3862 1950 3924 lehem,
1992 3870 2045 3914 et
2075 3862 2349 3916 videamus
2378 3864 2480 3917 hoc
2506 3863 2726 3917 verbum
2757 3863 2898 3930 quod
2955 3863 3150 3916 factum
3181 3871 3285 3924 est,

1756 3951 1897 4018 quod
1933 3950 2188 4004 Dominus
2224 3953 2461 4006 ostendit
2513 3954 2668 4008 nobis
2703 3972 2716 4006 :
2752 3961 2804 4006 et
2845 3960 3104 4006 venerunt
3147 3951 3291 4004 festi-

1757 4049 1964 4105 nantes,
1993 4051 2046 4096 et
2080 4043 2397 4095 invenerunt
2427 4043 2643 4096 Mariam
2675 4053 2726 4096 et
2757 4043 2974 4111 Joseph,
3020 4052 3072 4097 et
3114 4042 3289 4095 infan-

1755 4139 1860 4185 tem
1893 4133 2119 4200 positum
2157 4133 2208 4186 in
2239 4135 2516 4201 praesepio.
2565 4133 2818 4187 Videntes
2859 4143 3034 4187 autem
3090 4147 3290 4202 cogno-

1756 4214 1948 4273 verunt
1981 4221 2048 4274 de
2080 4222 2259 4282 verbo,
2305 4223 2447 4290 quod
2501 4223 2703 4275 dictum
2735 4232 2850 4277 erat
2889 4224 2994 4275 illis
3026 4222 3092 4276 de
3124 4237 3290 4290 pueto

1759 4311 1858 4363 hoc
1892 4330 1908 4364 :
1940 4319 1993 4364 et
2019 4327 2202 4366 omnes
2223 4313 2312 4380 qui
2331 4313 2615 4368 audierunt
2639 4316 2812 4367 mirati
2835 4323 2960 4368 sunt
2989 4313 3054 4367 de
3083 4315 3149 4367 iis
3170 4328 3289 4381 qua:

120 4397 202 4464 τὴν
227 4401 428 4464 γένεσιν
455 4404 553 4456 τοῦ
581 4405 832 4473 Σωτῆρος
861 4403 1012 4472 ἡμῶν
1054 4405 1292 4475 ἱστορῶν,
1318 4405 1500 4458 τοῦτον
1524 4407 1653 4474 γρά-

1757 4399 1900 4452 dicta
1929 4408 2082 4454 erant
2111 4417 2140 4454 a
2169 4403 2472 4470 pastoribus
2511 4403 2573 4456 ad
2609 4403 2754 4471 ipsos
2777 4404 2842 4456 “.
2873 4425 2892 4454 ι
2927 4401 3046 4456 l-lcec
3072 4402 3286 4471 quidem

124 4502 195 4550 φει
222 4489 305 4540 τὸν
327 4494 550 4561 τρόπον’
593 4513 609 4544 ι
645 4494 751 4545 Τοῦ
782 4493 837 4545 δέ
883 4492 1051 4560 Ἰησοῦ
1077 4493 1414 4562 γεννηθέντος
1445 4497 1500 4545 ἐν
1522 4494 1657 4563 Βηθ-

124 4574 234 4646 λεέμ
254 4581 346 4650 τῆς
383 4585 644 4646 Ἰουδαίας
668 4585 724 4635 ἐν
743 4583 978 4652 ἡμέραις
1007 4583 1239 4649 Ἡρώδου
1260 4583 1351 4635 τοῦ
1378 4584 1651 4652 βασιλέως,

127 4666 214 4720 ἰδοὺ
238 4672 408 4738 Μάγοι
440 4675 806 4744 παρεγένοντο
832 4672 939 4725 ἀπὶ
986 4672 1250 4724 ἀνατολῶν
1280 4675 1357 4734 είς
1393 4675 1650 4744 Ἰερουσα-

124 4751 247 4824 λὴμ,
276 4759 553 4826 λέγοντεςο
588 4763 696 4817 Ποῦ
742 4765 890 4814 ἐστιν
936 4762 966 4812 ὁ
1009 4761 1212 4830 τεχθεὶς
1258 4762 1502 4830 βασιλεὺς
1551 4765 1656 4819 τῶν

136 4842 389 4903 Ἰουδαίωνο
431 4853 644 4922 εἴδομεν
665 4853 774 4924 γὰρ
803 4849 974 4906 αὐτοῦ
1006 4850 1094 4903 τὸν
1142 4852 1341 4920 ἀστέρα
1369 4853 1425 4903 ἐν
1443 4856 1507 4923 τῇ
1534 4856 1660 4908 ἀνα-

129 4933 253 5004 sui?"
291 4942 381 4992 καὶ
409 4943 642 5011 ἤλθομεν
671 4942 1053 5013 προσκυνῆσαι
1086 4940 1248 5008 αὐτῷ.
1298 4942 1550 5007 Ἀκούσας
1603 4946 1657 4998 δὲ

131 5019 399 5089 ὁβασιλεὺς
439 5028 680 5099 Ἡρώδης
715 5026 1028 5098 ἐταράχθη,
1064 5027 1156 5078 καὶ
1193 5028 1398 5096 πᾶσαή
1436 5029 1658 5100 Ἰεροσόο

131 5105 251 5174 lupa
272 5117 376 5180 μετ’
398 5118 584 5169 αὐτοῦ,
606 5121 712 5171 Καὶ
741 5114 1077 5180 συναγαγὼν
1104 5116 1306 5177 πάντας
1330 5118 1451 5179 τοὺς
1479 5120 1660 5188 ἀρχιε-

137 5201 225 5263 ρεῑς
253 5204 335 5255 καὶ
363 5213 700 5276 γραμματεῖς
725 5205 822 5258 τοῦ
852 5202 1022 5266 λαοῦ,
1053 5202 1370 5255 ἐπυνθάνετο
1404 5210 1530 5276 παρ’
1563 5211 1660 5262 αὑ-

134 5287 238 5349 τῶν,
265 5295 355 5344 ποῦ
379 5297 406 5346 ὁ
438 5298 658 5364 Χριστὸς
688 5295 995 5362 γεννᾶται.
1023 5294 1084 5344 0i
1109 5293 1163 5343 δὲ
1190 5287 1336 5343 εἶπον
1358 5295 1501 5364 αὐτῷ
1520 5314 1533 5326 ο
1571 5299 1658 5354 Ἐν

143 5373 340 5448 Βηθλεὲμ
361 5385 454 5448 τῆς
486 5387 747 5445 Ἰουδαίας.
772 5381 960 5434 υῦτω
1001 5383 1107 5451 γὰρ
1135 5381 1422 5449 γέγραπται
1443 5385 1528 5438 διὰ
1561 5390 1658 5442 τοῦ

140 5466 387 5533 ιεοηξήτουο
419 5471 524 5521 Καὶ
545 5471 622 5530 σὺ,
656 5467 956 5537 Βηθλεὲμ,
993 5463 1139 5527 οἶκος
1166 5465 1251 5517 τοῦ
1284 5469 1530 5539 Ἐφραθὰ,
1563 5478 1660 5528 οὑ-

148 5544 287 5612 δαμῶς
315 5556 545 5624 ἐλαχίστη
573 5553 620 5607 εἷ
651 5559 706 5608 έν
729 5557 856 5614 τοῖς
903 5555 1178 5623 ἡγεμόσιν
1216 5555 1383 5611 Ἰούδα.
1421 5561 1506 5613 Ἐκ
1552 5566 1655 5618 σοῦ

194 5635 228 5662 ’⁸
255 5635 368 5694 Luc.
394 5658 449 5706 ιι,
485 5643 616 5695 l-l8.

1757 4488 1948 4541 Lucas.
1977 4489 2253 4546 Mattheus
2282 4500 2457 4546 autem
2483 4494 2573 4546 ubi
2607 4509 2670 4547 ea
2697 4509 2814 4562 quae
2844 4495 2908 4546 ad
2938 4501 3113 4546 ortum
3166 4493 3286 4546 Sai-

1753 4577 1952 4632 vatoris
1995 4582 2164 4633 nostri
2207 4582 2444 4648 exponit,
2484 4583 2673 4635 scribit
2720 4584 2772 4634 in
2821 4581 2964 4633 hunc
3004 4580 3218 4634 modum
3270 4597 3286 4633 :

1758 4685 1776 4717 ι
1811 4666 1943 4719 Cum
1963 4677 2138 4721 autem
2164 4680 2318 4724 natus
2339 4682 2480 4724 esset
2499 4671 2656 4725 Jcsus
2680 4672 2732 4723 in
2762 4670 3069 4723 Bethlehem
3096 4669 3288 4721 Iudam

1754 4758 1806 4810 in
1835 4756 2027 4810 diebus
2056 4755 2280 4812 Herodis
2321 4762 2484 4827 regis,
2517 4775 2643 4813 ecce
2683 4758 2816 4825 Magi
2849 4759 2916 4809 ab
2953 4759 3162 4810 oriente
3195 4769 3284 4808 ve-

1753 4851 1946 4899 nerunt
1979 4844 2031 4897 in
2061 4843 2381 4909 Jerusalem,
2416 4847 2656 4901 dicentes
2697 4863 2710 4898 :
2762 4844 2860 4896 Ubi
2894 4852 2979 4896 est
3009 4845 3101 4912 qui
3134 4851 3292 4897 natus

1753 4948 1834 4995 est
1857 4955 1946 4992 rex
1975 4938 2318 4992 Judaeorum?
2367 4941 2600 4994 vidimus
2629 4939 2770 4992 enim
2825 4937 3040 4990 stellam
3075 4937 3194 5002 eius
3239 4936 3294 4989 in

1754 5031 1979 5091 oriente,
2009 5037 2062 5082 et
2093 5030 2336 5082 venimus
2371 5038 2427 5081 ut
2460 5032 2745 5084 adoremus
2767 5041 2908 5078 eum.
2928 5025 3176 5078 Audiens
3207 5040 3300 5078 au-

1755 5127 1860 5173 tem
1877 5117 2113 5172 Herodes
2141 5133 2232 5171 rex
2251 5120 2499 5174 turbatus
2520 5128 2622 5183 est,
2655 5125 2711 5170 et
2733 5115 2910 5169 omnis
2928 5113 3308 5180 Hierosolyma

1753 5221 1876 5260 cum
1905 5207 1996 5259 illo
2029 5225 2041 5260 :
2075 5215 2128 5261 et
2159 5222 2489 5276 congregans
2525 5219 2719 5260 omnes
2746 5202 3036 5270 principes
3067 5202 3314 5253 sacerdo-

1755 5303 1865 5346 tum
1913 5301 1966 5348 et
2018 5296 2224 5350 scribas
2279 5297 2482 5364 papuli,
2523 5291 2922 5349 sciscitabatur
2979 5289 3059 5341 ab
3107 5290 3190 5341 eis
3237 5287 3324 5338 ubi

1755 5386 1998 5440 Christus
2026 5397 2354 5440 nasceretur.
2397 5390 2464 5441 At
2505 5389 2582 5442 illi
2616 5387 2889 5440 dixerunt
2913 5381 2989 5439 ei,
3027 5377 3089 5429 in
3124 5373 3335 5428 Bethle-

1756 5475 1874 5529 hem
1926 5473 2138 5528 Iudaeae.
2177 5473 2266 5528 Sic
2311 5476 2452 5530 enim
2503 5477 2789 5544 scriptum
2828 5477 2910 5524 est
2947 5481 3056 5538 per
3108 5465 3343 5531 prophe-

1755 5577 1860 5622 tam
1892 5567 2085 5630 :Ettu,
2115 5567 2420 5623 Bethlehem
2443 5568 2640 5623 domus
2666 5559 3352 5630 Ephratha,neqnaquam
