3738 6324
809 352 911 409 35.)

1472 347 1733 402 EUSEBll
1770 344 2235 402 CASSARIENSIS
2270 340 2437 397 ΟΡΡ..
2460 342 2633 399 PARS
2668 345 2826 398 Π.-
2859 343 3372 401 APOLOGETICA

811 461 1032 516 minima
1065 473 1123 513 es
1151 457 1207 510 in
1254 456 1584 526 principibus
1611 457 1768 512 Juda.
1804 457 1882 511 Ex
1910 466 1963 513 te
1997 459 2140 512 enim
2170 456 2287 511 exib

1910 466 1963 513 te
1997 459 2140 512 enim
2170 455 2337 511 exibit
2364 458 2408 512 Α
2435 453 2541 525 γὰρ
2569 455 2898 519 ἐξελεύσεται
2939 457 3290 527 ἡγούμενος,
3334 458 3371 508 ὃ

812 552 939 612 dux,
974 548 1066 617 qui
1097 556 1279 611 pascet
1307 548 1560 616 populum
1597 564 1770 602 meum
1813 548 1996 603 Israel.
2047 547 2197 600 Tunc
2228 544 2329 599 lie-

815 639 971 691 rodes
998 638 1137 690 clam
1169 636 1374 689 vocatis
1408 635 1592 704 Magis,
1624 638 1902 706 diligenter
1929 637 2117 691 didicit
2153 637 2220 689 ab
2257 637 2337 689 eis

813 737 1021 794 tempus
1064 727 1230 779 stella:
1256 740 1371 793 qua:
1401 726 1645 794 apparuit
1683 727 1781 788 eis,
1812 734 1864 780 et
1906 727 2123 779 mittens
2160 740 2251 778 eos
2283 725 2337 778 in

815 816 1139 877 Bethlehem,
1172 813 1327 883 343
1362 813 1495 865 dixit
1524 830 1537 867 :
1565 814 1639 866 lte
1667 825 1720 866 et
1747 815 2068 881 interrogate
2115 813 2338 880 diligen-

813 919 895 964 ter
928 909 993 962 de
1040 920 1228 976 puero,
1272 914 1468 957 etcum
1501 905 1830 968 inveneritis,
1862 905 2162 956 renuntiate
2185 904 2337 967 mihi.

812 1005 872 1051 ut
901 1004 954 1051 et
978 1010 1076 1065 ego
1099 994 1320 1048 veniens
1350 993 1563 1046 adorem
1591 1008 1731 1046 eum.
1757 992 1858 1057 Qui
1888 1007 2007 1044 cum
2045 994 2342 1047 audiissent

816 1103 1010 1157 regem,
1058 1087 1322 1146 abierunt,
1371 1092 1422 1137 et
1452 1099 1578 1136 ecce
1620 1084 1791 1145 stella,
1824 1097 1983 1151 quam
2013 1084 2256 1136 viderant
2286 1085 2342 1137 in

815 1177 1040 1239 oriente,
1064 1174 1410 1228 antecedebat
1442 1188 1554 1235 eos,
1587 1173 1756 1226 donec
1790 1174 2006 1227 veniens
2041 1182 2207 1227 staret
2251 1189 2344 1227 su-

784 1280 909 1333 -pra
941 1264 1026 1316 ubi
1056 1271 1169 1316 erat
1214 1278 1363 1331 puer.
1406 1262 1656 1316 Videntes
1704 1269 1878 1315 autem
1925 1263 2130 1315 stellam
2172 1263 2344 1331 gavisi

815 1364 943 1408 sunt
967 1353 1160 1422 gaudio
1189 1368 1382 1421 magno
1411 1353 1584 1413 valde,
1618 1360 1671 1405 et
1717 1352 1980 1405 intrantes
2010 1353 2226 1405 domum
2260 1353 2344 1406 vi-

815 1443 1007 1496 derunt
1034 1457 1254 1510 puerum
1286 1456 1405 1493 cum
1436 1440 1600 1493 Maria
1624 1449 1791 1494 matre
1810 1441 1948 1508 ejus,
1982 1448 2035 1494 et
2065 1440 2344 1509 prociden-

816 1539 896 1583 tes
923 1529 1279 1581 adoraverunt
1305 1543 1447 1590 eum,
1474 1534 1526 1580 et
1555 1530 1754 1595 apertis
1790 1529 2055 1583 thesauris
2086 1530 2220 1593 suis,
2246 1529 2343 1583 ob—

815 1620 1051 1672 tulerunt
1085 1619 1134 1673 ei
1158 1633 1399 1679 munera,
1433 1632 1621 1670 aurum
1652 1627 1705 1672 et
1726 1620 1848 1673 thus
1877 1629 1927 1672 et
1959 1620 2264 1689 myrrham;
2289 1629 2344 1674 et

815 1723 1075 1776 responso
1114 1715 1334 1775 accepto
1364 1707 1417 1759 in
1449 1709 1652 1762 somnis
1684 1723 1749 1761 ne
1792 1710 2026 1763 redirent
2075 1709 2140 1762 ad
2176 1709 2343 1763 Hero-

814 1798 956 1860 dem,
1027 1812 1121 1865 per
1167 1798 1324 1849 aliam
1370 1799 1507 1850 viam
1558 1798 1757 1852 reversi
1791 1806 1917 1853 sunt
1968 1800 2022 1852 in
2067 1801 2340 1869 regionem

815 1878 969 1942 suam
993 1888 1059 1940 ⁷⁵.
1101 1907 1121 1937 ι
1155 1886 1277 1940 Haec
1302 1895 1477 1941 autem
1504 1890 1752 1942 universa
1775 1891 2017 1957 exposui,
2045 1898 2103 1943 ut
2125 1892 2344 1944 demon-

812 1987 1038 2030 Strarem
1074 1990 1137 2029 ea
1164 1990 1282 2044 qua:
1307 1976 1361 2027 in
1388 1984 1510 2027 ortu
1539 1974 1832 2030 Salvatoris
1862 1977 2026 2030 nostri
2058 1978 2111 2030 in
2133 1977 2342 2031 Bethle-

816 2066 935 2118 hem
968 2075 1115 2134 gesta
1147 2074 1291 2128 sunt,
1321 2065 1621 2118 certissima
1653 2066 1888 2133 praabere
1915 2074 2248 2134 argumenta,
2273 2067 2342 2118 il-

816 2157 926 2209 lum
953 2171 1071 2209 csse
1102 2155 1167 2210 de
1196 2170 1302 2224 quo
1353 2156 1590 2224 loquitur
1638 2156 1933 2224 prophetia.
1983 2157 2155 2226 Atque
2188 2157 2343 2211 hodie

814 2260 1048 2314 quoque,
1083 2245 1173 2314 qui
1205 2247 1381 2298 locum
1412 2246 1559 2299 illum
1591 2246 1852 2308 incolunt,
1894 2256 2142 2315 tanquam
2192 2264 2221 2299 a
2256 2263 2343 2316 pa-

813 2334 987 2387 tribus
1032 2335 1270 2402 ipsorum
1307 2343 1523 2403 accepta
1555 2337 1833 2395 memoria.
1883 2337 1969 2396 iis,
2003 2337 2093 2404 qui
2137 2336 2339 2389 visendi

815 2425 920 2478 loci
963 2426 1132 2492 gratia
1181 2423 1486 2478 Betblebem
1520 2434 1697 2493 petere
1745 2436 2157 2489 consueverunt,
2189 2428 2338 2481 testi-

814 2514 1051 2565 monium
1101 2528 1257 2566 suum
1303 2514 1551 2577 aﬂ'erunt,
1602 2517 1809 2567 veritati
1857 2516 2010 2568 ﬁdem
2062 2516 2335 2577 facientes,

813 2617 1105 2671 agrumque
1152 2601 1598 2661 demonstrantes.
1635 2606 1725 2657 ubi
1771 2604 1931 2672 Virgo
1973 2608 2126 2658 enixa
2159 2607 2337 2659 infan-

814 2699 920 2743 tem
956 2691 1202 2759 deposuit
1237 2710 1249 2743 :
1282 2706 1383 2760 qua
1433 2692 1498 2746 de
1544 2707 1603 2747 re
1639 2694 1751 2761 ipsa
1781 2694 2053 2763 prophetia
2108 2696 2184 2748 sic
2216 2697 2289 2747 ait
2320 2718 2334 2749 ;

818 2798 837 2829 ‹
876 2777 1080 2832 Idcirco
1123 2780 1276 2833 dabis
1333 2797 1424 2835 eos
1476 2798 1645 2849 usque
1679 2783 1741 2835 ad
1777 2791 1984 2851 tempus
2018 2789 2273 2851 parientis
2320 2805 2333 2839 :

813 2867 1099 2935 pariet,.et
1133 2867 1320 2933 reliqui
1359 2867 1581 2921 fratrum
1616 2870 1852 2937 ipsorum
1879 2878 2271 2926 convertentur.
2315 2892 2331 2923 ι

812 2954 1182 3009 Consentanee
1212 2966 1386 3010 autem
1438 2959 1525 3011 hic
1580 2975 1790 3029 quoque
1822 2962 2115 3029 parientem
2144 2963 2337 3017 intelli-

2440 562 2537 615 μου
2563 547 2651 599 τὸν
2687 545 2914 615 Ἰσραήλ.
2938 547 3065 598 Τότε
3096 546 3366 617 Ἡρώδη

2443 629 2664 705 μάγους,
2682 635 2959 705 ήκρίϐωσε
2995 637 3119 706 παρ’
3155 636 3372 689 αὐτῶκ

2443 727 2596 794 μένου
2618 727 2840 797 ἀστέρος
2858 744 2870 756 ·
2898 726 2989 778 καὶ
3010 725 3251 795 πέμψας
3274 726 3372 777 αὐι

2439 818 2790 888 Πορευθέντες
2825 815 3111 882 ἐξετάσατε
3156 815 3372 885 ἀκριϐι

2451 908 2613 960 Ἐπάν
2635 909 2689 960 δὲ
2724 907 2938 977 εὕρητε,
2963 905 3363 974 ἀναγγείλατέ

2440 1000 2790 1069 προσκυνήσω
2831 998 2995 1068 αὐτῷ.
3046 999 3108 1050 Ol
3143 999 3210 1050 δὲ
3263 1000 3372 1049 ἀκ(

2441 1088 2822 1159 επορεύθησαν.
2850 1088 2960 1141 Καὶ
2989 1087 3099 1139 ἰδοὺ
3138 1089 3172 1138 ὁ
3233 1089 3372 1141 ἀστέ

2440 1179 2583 1248 τολῇ,
2608 1178 2837 1248 προῆγεν
2863 1178 3077 1241 αὐτοὺς,
3114 1177 3239 1239 ἕως
3285 1176 3372 1228 ελ(

2439 1270 2498 1321 τὸ
2537 1270 2755 1323 παιδίον.
2802 1269 3019 1328 ’ἰδόντες
3042 1269 3101 1320 δὲ
3143 1267 3252 1320 τὸν
3311 1269 3372 1319 ἀι

2446 1360 2677 1430 μεγάλην
2704 1361 2901 1430 σφόδρα
2924 1377 2937 1389 ·
2967 1359 3064 1411 καὶ
3101 1357 3372 1418 ἐλθόντες

2440 1448 2499 1500 τὸ
2557 1447 2760 1499 παιδίον
2806 1446 2942 1516 μετὰ
2982 1448 3220 1516 Μαρίας
3269 1448 3372 1514 τῆς

2441 1538 2689 1600 πεσόντες
2728 1538 3141 1607 προσεκύνησαν
3182 1538 3357 1607 αὐτῷ

2442 1627 2736 1695 θησαυροὺς
2766 1625 2961 1690 αὐτῶν,
3004 1627 3372 1696 προσήνεγκε

2442 1720 2533 1770 καὶ
2569 1717 2794 1780 λίϐανον,
2821 1718 2914 1770 καὶ
2940 1717 3224 1788 σμύρναν.
3262 1720 3372 1771 Κα

2441 1807 2568 1877 ὄναρ
2613 1807 2683 1877 μὴ
2723 1806 3034 1877 ἀνακάμψαι
3063 1808 3215 1879 πρὸς
3281 1808 3372 1880 ἹέΙι

2442 1896 2785 1967 ἀνεχώρησαν
2814 1899 2891 1959 εἰς
2924 1898 3021 1968 τὴν
3067 1898 3273 1969 χώραν
3308 1899 3372 1951 αἱ

2442 1986 2697 2054 ἐξεθέμην
2746 1989 2823 2048 εἰς
2864 1989 3219 2057 παράστασιν
3255 1989 3372 2041 τῶι

2441 2075 2497 2125 ὲν
2548 2075 2787 2145 Βηθλεὲμ
2842 2077 3050 2144 γενέσει
3105 2078 3206 2130 τοῦ
3276 2081 3372 2131 Σω

2438 2165 2705 2233 τεκμήρια
2740 2166 3041 2236 παρέχοντα
3085 2168 3266 2221 αὐτὸν
3313 2165 3372 2220 εἳ

2440 2255 2662 2322 φητείας
2685 2256 3025 2326 δηλούμενον.
3071 2260 3189 2312 Καὶ
3237 2260 3332 2322 εὶς
3362 2264 3372 2311 t'

2438 2343 2722 2406 οἰκοῦντες,
2760 2345 2834 2407 ὡς
2875 2347 2938 2397 ὲκ
2981 2347 3249 2417 πατέρων
3298 2351 3372 2409 είς

2444 2430 2803 2499 παραδόσεως,
2827 2436 2938 2495 τοῖς
2980 2435 3093 2487 τῶν
3125 2437 3330 2491 τόπων

2439 2518 2675 2588 Βηθλεὲμ
2707 2521 3124 2591 ἀφικνουμένοις
3165 2543 3367 2597 μαρτυ

2439 2607 2713 2674 στούμενοι
2745 2609 2841 2678 τὴν
2870 2611 3130 2681 ἀλήθειαν
3175 2615 3273 2668 διὰ
3316 2619 3372 2669 τὶ

2437 2695 2492 2745 ἐν
2519 2689 2561 2761 ᾦ
2589 2696 2815 2749 τεκοῦσα
2861 2701 2894 2768 ὴ
2943 2700 3235 2771 Παρθένος
3284 2722 3372 2758 και

2437 2785 2517 2851 ἐφ’
2545 2779 2622 2846 οἷς
2645 2788 2676 2854 ἡ
2708 2788 3010 2857 προφητεία
3033 2793 3173 2860 φησί
3198 2810 3212 2822 ·
3257 2811 3279 2844 ι
3316 2797 3361 2846 Δ

2437 2871 2537 2933 ἕως
2570 2874 2756 2943 καιροῦ
2784 2877 3094 2948 τικτούσης.
3122 2880 3372 2945 Τέξεται

2437 2955 2671 3023 ἀδελφῶν
2695 2960 2870 3013 αὐτῶν
2902 2965 3372 3036 ἐπιστρέφουσιν.

814 3044 890 3114 git
917 3058 1051 3104 eam,
1081 3059 1199 3111 qum
1227 3044 1281 3096 in
1313 3046 1678 3114 superioribus
1704 3049 1934 3101 oraculis
1977 3048 2137 3118 Virgo
2165 3065 2287 3102 nom

1852 3049 1934 3101 ilis
1977 3048 2137 3118 Virgo
2165 3051 2333 3103 nomi-
2362 3089 2407 3147 ϐ
2437 3047 2603 3147 ταῦθα
2634 3049 2914 3103 τίκτουσαν
2938 3053 3093 3123 δηλοῖ
3115 3057 3222 3128 τὴν
3263 3061 3328 3113 ὲν

813 3144 937 3186 nata
974 3141 1074 3197 est,
1107 3141 1159 3187 et
1186 3135 1495 3203 prophetica
1529 3137 1740 3199 mulier,
1773 3153 1889 3204 qua:
1923 3139 2095 3206 ipsum
2126 3138 2337 3191 Emma-

814 3222 941 3275 nuel
964 3230 1016 3275 et
1044 3223 1222 3292 magni
1256 3224 1466 3277 consilii
1501 3224 1745 3292 angelum
1778 3226 1880 3278 erit
1910 3226 2170 3293 paritura.
2204 3225 2336 3279 Nam

813 3325 984 3379 usque
1012 3311 1078 3364 ad
1107 3312 1328 3379 hujusce
1359 3319 1617 3379 tempora,
1645 3312 1867 3380 ejusque
1885 3314 1974 3381 qui
1994 3314 2059 3368 de
2085 3314 2200 3381 ipsa
2223 3321 2337 3367 erat

811 3398 1070 3460 oriturus,
1103 3414 1220 3466 quae
1249 3398 1320 3450 ad'
1345 3399 1860 3468 priorempopulum
1908 3402 2194 3469 pertinent,
2225 3411 2334 3457 ste-

815 3496 1012 3551 terunt,
1042 3489 1236 3557 quippe
1267 3503 1388 3542 cum
1428 3488 1506 3542 eis
1540 3491 1871 3558 praescriptio
1913 3494 2165 3560 temporis
2215 3494 2337 3547 data

813 3586 956 3632 esset
987 3592 1155 3646 usque
1188 3577 1256 3631 ad
1300 3589 1505 3646 tempus
1558 3580 1836 3646 parientis,
1887 3581 1988 3636 hoc
2031 3589 2133 3647 est,
2168 3600 2336 3653 usque

814 3667 878 3721 ad
910 3667 1206 3720 mirabilem
1238 3676 1413 3720 ortum
1446 3668 1586 3735 ejus,
1616 3671 1708 3738 qui
1736 3670 1803 3726 de
1843 3671 2061 3742 Virgine
2089 3689 2337 3729 nascere-

813 3767 900 3809 tur
927 3773 938 3807 :
972 3763 1093 3823 post
1122 3770 1299 3825 quem,
1329 3757 1596 3810 sublatum
1636 3758 1850 3826 quidem
1879 3769 1961 3816 est
1989 3760 2224 3830 ipsorum
2251 3777 2335 3817 re-

810 3859 998 3913 gnum;
1026 3845 1116 3912 qui
1144 3860 1267 3897 vero
1300 3845 1488 3914 reliqui
1522 3845 1744 3900 fratrum
1786 3848 2020 3917 ipsorum
2063 3849 2332 3916 dicuntur,

782 3972 787 3975 τ
811 3932 850 3987 ii
875 3946 1000 3986 sunt
1025 3933 1339 4001 accipiendi,
1365 3938 1454 4002 qui
1482 3936 1537 3988 in
1561 3935 1832 3991 Christum
1850 3937 1942 3992 Dei
1972 3940 2332 4005 crediderunt,

810 4022 1037 4091 apostoli
1070 4030 1120 4076 et
1145 4023 1393 4090 discipuli
1432 4032 1485 4080 et
1532 4029 1871 4097 evangelista;
1917 4026 2209 4085 Salvatoris
2236 4046 2334 4084 no-

809 4112 907 4167 stri
950 4130 962 4164 :
999 4127 1133 4180 quos
1163 4127 1454 4169 conversos
1501 4120 1615 4185 ipse
1660 4117 1917 4175 Dominus
1956 4133 2176 4187 pascere
2202 4122 2335 4174 dici-

807 4208 915 4266 tur,
949 4216 1056 4253 non
1089 4201 1227 4254 sicut
1273 4203 1420 4269 prius
1446 4220 1541 4272 per
1584 4207 1821 4274 angelos,
1854 4215 1945 4259 aut
1983 4222 2078 4277 per
2108 4210 2335 4263 admini-

807 4299 948 4343 stros
984 4290 1245 4351 homines,
1279 4291 1370 4344 sed
1406 4293 1519 4361 ipse
1548 4309 1641 4362 per
1668 4295 1926 4363 seipsum,
1984 4312 2154 4366 usque
2200 4299 2333 4354 adeo

807 4387 865 4432 ut
891 4390 1106 4449 propter
1134 4382 1233 4433 ltoc
1262 4383 1590 4451 magniﬁcari
1622 4401 1714 4441 eos
1753 4389 2035 4457 contigerit
2063 4405 2233 4459 usque
2263 4392 2327 4445 ad

805 4480 1099 4522 extremum
1133 4476 1306 4522 terrae.
1340 4470 1658 4541 Magniﬁcati
1688 4476 1829 4528 enim
1868 4485 2014 4540 sunt,
2061 4493 2168 4547 quo
2205 4486 2331 4532 tem-

805 4572 932 4626 pore
959 4557 1013 4610 in
1050 4572 1260 4611 omnem
1307 4566 1504 4613 terram
1538 4563 1701 4616 exivit
1745 4577 1909 4619 sonus
1951 4582 2157 4631 eorum,
2193 4575 2246 4622 et
2274 4570 2329 4622 in

803 4648 935 4701 lines
961 4647 1107 4702 orbis
1132 4654 1287 4702 terrae
1321 4651 1479 4703 verba
1521 4668 1728 4706 eorum.
1768 4652 1989 4709 Constat
2015 4672 2142 4712 vero
2169 4659 2328 4712 etiam

802 4736 955 4799 illud,
980 4752 1138 4805 quam
1162 4753 1384 4807 magnus
1413 4755 1542 4809 grex
1582 4756 1675 4808 per
1714 4741 2014 4799 universam
2044 4753 2238 4800 terram
2269 4757 2329 4800 ut

803 4828 1149 4882 rationalibus
1182 4828 1535 4901 humanisque
1566 4832 1755 4888 ovibus
1788 4824 2077 4907 ipsi-‘3“
2106 4837 2327 4892 Domino

804 4930 895 4983 per
921 4921 1191 4985 apostolos
1212 4936 1338 4977 suos
1364 4923 1624 4978 collectus
1643 4912 1920 4988 sit.'Quem
1956 4943 2085 4982 sane
2115 4943 2324 4998 gregem

801 5002 913 5068 ipse
947 5004 1198 5064 Dominus
1226 5027 1319 5080 per
1350 5014 1611 5084 seipsum,
1655 5014 1745 5083 qui
1780 5015 1898 5083 ejus
1944 5025 2126 5086 pastor
2165 5017 2324 5071 simul

801 5097 855 5142 (ει
879 5088 1123 5179 Dominus
1147 5107 1247 5162 est.
1265 5104 1480 5164 visurus
1502 5115 1862 5179 pasturusque
1890 5109 1942 5161 in
1975 5109 2164 5163 robore
2192 5109 2325 5162 dici-

800 5184 908 5275 ”:-
931 5176 1060 5275 θάΫο
1080 5185 1308 5254 quidem,
1334 5204 1389 5248 ut
1409 5198 1460 5254 in
1485 5176 1644 5256 manu
1667 5196 1788 5252 forti
1809 5206 1862 5252 et
1881 5199 2098 5252 brachio
2112 5199 2324 5252 excelso

801 5277 831 5313 a
862 5261 1082 5359 Domino
1109 5275 1161 5359 et
1201 5287 1414 5359 pastore
1462 5297 1795 5353 conservatae
1841 5303 1966 5343 oves
2014 5289 2147 5342 nihil
2198 5291 2319 5341 mali

801 5354 1069 5453 patiantur
1099 5354 1177 5453 ab.
1199 5357 1579 5453 insidiantibus
1610 5378 1815 5449 asperis
1843 5386 1896 5433 et
1921 5377 2215 5431 immitibus
2244 5377 2322 5432 fe—

798 5435 892 5489 ris.
922 5434 985 5487 Et
1005 5451 1066 5488 ea
1093 5442 1300 5505 quidem
1325 5470 1444 5525 qua:
1469 5473 1531 5526 ad
1557 5434 1732 5526 ortum
1756 5470 1808 5523 in
1832 5466 2152 5531 Bethlehem,
2174 5482 2346 5535 quaer

864 5616 911 5646 τι
948 5613 1128 5667 Matth.
1165 5635 1220 5683 ll,
1260 5628 1393 5690 loli.

2436 3136 2602 3200 τείαις
2634 3139 2903 3209 Παρθένον
2947 3144 3372 3220 ὠνομασμένην

2435 3226 2523 3279 τὸν
2555 3228 2891 3301 Ἐμμανουήλ
2949 3234 3045 3285 καὶ¹
3087 3236 3185 3289 τὸν
3220 3240 3334 3309 τῆς

2436 3317 2522 3368 λον
2548 3318 2963 3392 ἀποτεξομένην.
2993 3327 3142 3391 Ἕως
3172 3329 3294 3400 γὰρ
3319 3335 3372 3385 τε

2434 3408 2524 3460 τοῦ
2558 3408 2616 3471 ἐξ
2661 3410 2830 3479 αὐτῆς
2869 3413 3280 3485 ἀποτεχθέντος
3344 3441 3372 3475 κ

2434 3498 2560 3552 λαοῦ
2597 3504 2933 3572 συνειστήκει
2953 3544 2968 3567 ,
2996 3507 3259 3581 δοθείσης
3313 3516 3372 3567 αἱ

2435 3587 2623 3658 καιροῦ
2655 3591 2969 3663 τικτούσης,
3017 3596 3169 3649 τοῦτ’
3208 3601 3372 3657 ἐστιν

2432 3678 2692 3743 γενέσεως
2730 3679 2822 3731 τοῦ
2867 3684 2927 3733 ὲκ
2980 3684 3082 3753 τῆς
3116 3688 3372 3760 Παρθέν<

2432 3768 2571 3838 ἤρθη
2614 3770 2709 3838 μὲν
2752 3773 2929 3825 αὐτῶν
2983 3776 3017 3845 ἡ
3060 3777 3346 3845 βασιλεία.

2432 3856 2670 3925 ἀδελφῶν
2698 3860 2893 3926 αὐτῶν,
2927 3857 3074 3919 οὗτοι
3101 3867 3169 3920 ἂν
3196 3865 3318 3925 εἷεν
3346 3891 3372 3926 ο

2432 3946 2564 4000 Θεοῦ
2610 3953 3029 4017 πεπιστευκότες
3064 3957 3372 4019 ἀπόστολοι

2431 4038 2807 4105 εύαγγελισταὶ
2836 4042 2929 4096 τοῦ
2951 4045 3208 4118 Σωτῆρος
3238 4056 3372 4124 ήμᾶ

2431 4126 2589 4189 αὐτὸς
2613 4132 2641 4181 ὁ
2663 4131 2865 4203 Κύριος
2890 4142 3175 4206 ποιμανεῖν
3198 4141 3370 4211 λέγετ

2428 4216 2493 4267 δι’
2521 4218 2761 4285 ἀγγέλων
2792 4223 2825 4291 ἢ
2846 4224 2932 4276 διὰ
2965 4226 3320 4296 θεραπόντων
3350 4239 3372 4289 ὁ

2429 4304 2493 4356 δι’
2520 4308 2731 4372 ἑαυτοῦ,
2752 4311 2889 4364 ὥστε
2915 4314 3004 4367 διὰ
3041 4318 3204 4373 τοῦτο
3235 4340 3372 4394 μεγο

2360 4428 2403 4482 D
2431 4392 2721 4483 expetiti];
2750 4400 2871 4469 γῆς.
2918 4392 3372 4483 Ἐμεγαλύνθησα

2428 4480 2525 4551 τὴν
2552 4482 2654 4550 γῆν
2679 4484 2896 4554 ἐξῆλθεν
2918 4491 2947 4542 ὁ
2971 4491 3208 4562 φθόγγος
3234 4480 3372 4555 αῦτᾶ

2427 4570 2524 4639 τῆς
2549 4573 2868 4645 οἰκουμένης
2894 4578 2965 4630 τὰ
3014 4583 3217 4652 ῥήματ’
3259 4592 3372 4644 αὐτ.

2427 4658 2603 4748 όποίον
2622 4660 2761 4728 μέγα
2778 4664 3026 4735 ποίμνιον
3047 4669 3169 4725 καθ’
3186 4675 3317 4748 ὅλης
3334 4688 3372 4733 τέ

2427 4745 2772 4842 ἀνθρωπείων
2794 4756 3081 4822 προϐάτων
3098 4762 3176 4833 τῷ
3207 4745 3372 4842 Κῦρε(

2427 4836 2587 4935 ξιῦτξῦ
2606 4842 2848 4935 σννέστη·
2865 4847 2894 4898 ὂ
2910 4850 3005 4901 καὶ
3019 4853 3182 4918 αὐτὸς
3200 4860 3228 4910 ὁ
3244 4836 3367 4935 Κύρ

2423 4925 2555 5023 ὁμοῦ
2579 4930 2670 5023 καὶ
2685 4932 2887 5004 Κύριος
2900 4937 2976 4992 ὢν
2987 4942 3087 5012 τῆς
3101 4925 3350 5023 ποίμνης,
3368 4978 3372 5004 ι

2422 5020 2530 5116 νεῖν
2542 5020 2597 5116 ἐν
2617 5022 2761 5116 ίσχύί
2776 5026 3014 5096 λέγεται,
3031 5034 3169 5088 ὥστε
3185 5040 3241 5091 ὲν
3256 5020 3372 5116 χειρ

2422 5112 2554 5180 χίονι
2566 5114 2754 5187 ὑψηλῷ
2767 5121 2903 5190 πρὸς
2915 5124 3011 5177 τοῦ
3026 5127 3276 5186 δεσπότου
3292 5112 3372 5190 καὶ

2420 5216 2486 5252 να
2527 5202 2598 5255 τὰ
2622 5205 2867 5274 πρόϐατα
2893 5215 3061 5285 μηδέν
3083 5236 3134 5271 τι
3161 5224 3343 5280 παθεῖν
3365 5233 3372 5279 ἑ

2420 5288 2715 5359 δρευόντων
2743 5299 2926 5367 αὐτοῖς
2943 5306 3147 5379 ἀγρίων
3171 5316 3260 5368 καὶ
3284 5319 3372 5374 dm

2425 5378 2521 5480 μὲν
2551 5386 2680 5454 περὶ
2706 5390 2805 5460 τῆς
2824 5394 2884 5477 εν
2922 5397 3185 5475 Βηθλεὲμ,
3203 5411 3291 5464 καὶ
3305 5415 3371 5486 τῆη

2420 5485 2511 5523 του
2537 5488 3054 5558 προκηρυττομένου
3070 5496 3215 5567 Θεοῦ,
3231 5505 3372 5562 τοῦτο
