3738 6282
179 353 273 429 ei

1037 363 1667 422 DEMOhSTRATlONlS
1691 356 2128 418 ΕΥᾹΝΕΕΙᾸΟΑ]
2157 352 2290 411 LIB.
2328 361 2438 418 νη.

3182 365 3284 419 διει

190 487 232 538 δὲ
258 483 306 546 ἐξ
331 478 550 551 οὐρανῶν
576 481 653 540 εἰς
701 478 1011 549 ἀνθρώπους
1057 480 1341 551 ἐπιδημίαν
1373 477 1530 530 αὐτοῦ
1575 495 1639 529 το·

1767 492 1868 546 que
1901 475 1964 529 ad
1993 483 2336 544 progressum
2362 490 2426 528 ex
2449 489 2512 528 eo
2541 474 2823 541 pertinent,
2853 476 2970 542 ejus
3005 473 3096 528 Dei
3125 490 3281 542 quem

187 574 347 643 Κυρίου
377 571 461 622 καὶ
497 567 744 636 ποιμένος
773 570 869 638 ἥδη
896 569 986 621 καὶ
1018 571 1271 640 πρότερον
1302 569 1358 632 ἐξ
1386 568 1542 620 αὐτοῦ
1567 565 1656 618 τοῦ

186 664 291 731 μετὰ
313 665 474 729 χεῖρας
500 661 771 728 προξήτου
799 659 1190 728 παρατέθειμαι
1219 699 1232 720 ,
1261 659 1324 710 δι’
1352 653 1424 709 ὧν
1448 658 1622 724 ἔλεγεν
1641 673 1653 686 ·

186 776 196 802 ι
228 749 494 810 ’Δκούσατε,
531 748 644 800 λαοὶ
682 749 899 810 πάντες,
925 751 1016 801 καὶ
1051 749 1352 818 προσεχέτω
1387 749 1534 817 ἡγῇ,
1569 749 1658 800 καὶ

181 843 336 900 πάντες
363 839 406 889 οἰ
429 840 480 888 ἐν
509 837 667 904 αὐτῇ,
705 839 796 889 καὶ
831 837 980 890 ἔσται
1020 839 1213 906 Κύριος
1246 838 1369 904 ύμῖν
1410 840 1485 898 είς
1523 854 1658 906 μαρ-

172 932 346 998 τῦριονι
390 926 578 994 Κύριος
623 926 682 990 ἐξ
728 925 873 977 οἴκου
927 927 1077 992 ἁγίου
1131 926 1318 978 αύτοῦο
1373 926 1500 977 διότι
1551 926 1654 978 ίδοῦ

172 1017 338 1086 Κύριος
382 1015 565 1084 Κύριος
613 1015 966 1084 ἐκπορεύεται
1010 1017 1072 1067 ἐκ
1123 1016 1210 1067 τοῦ
1264 1016 1424 1067 τόπου
1471 1017 1654 1077 αὐτοῦ,

167 1108 241 1158 καὶ
263 1105 607 1172 καταϐήσεται,
637 1123 655 1154 ι
682 1103 862 1156 καὶτὰ
891 1103 1030 1172 ἐξῆςσ
1050 1099 1127 1166 οἷς
1149 1103 1404 1170 ἐπιλέγων
1428 1105 1623 1172 ἔφασκε
1638 1123 1652 1136 ο

166 1213 178 1239 ι
206 1191 504 1244 Δι’ἀσέὁειαν
539 1189 736 1242 Ἰακὼϐ
769 1191 940 1242 πάντα
973 1189 1157 1249 ταῦτα,
1191 1193 1282 1242 καὶ.
1306 1190 1370 1242 δι’
1392 1193 1654 1262 ἁμαρτίαν

165 1286 284 1336 οἴκου
321 1281 532 1350 Ἰσραήλ’
577 1301 594 1329 ι
650 1281 828 1347 Σαφὲς
874 1281 928 1332 δὲ
975 1281 1070 1332 καὶ
1109 1281 1212 1332 ἀπὸ
1243 1281 1346 1332 τῶν
1399 1282 1520 1351 ἐξῆς
1561 1282 1652 1335 τοῦ

167 1372 292 1425 αὑτοῦ
317 1372 595 1439 προφήτου,
638 1371 721 1422 ὃτι
745 1371 818 1440 μὴ
852 1372 1006 1440 μόνον
1046 1371 1131 1424 διὰ
1161 1371 1255 1432 τὰς
1289 1372 1532 1434 ἀσεϐείας
1563 1375 1651 1426 τοῦ

174 1459 388 1511 Ἰουδαίων
411 1456 586 1518 ἔθνους
610 1458 710 1526 τὴν
751 1456 809 1521 ἐξ
841 1458 1076 1526 οὐρανῶν
1117 1459 1146 1508 ὁ
1177 1457 1371 1526 Κύριος
1400 1457 1653 1526 πεποίητο

163 1547 357 1608 κάθοδον,
382 1545 508 1597 ἀλλὰ
530 1547 624 1598 καλ⁸
647 1545 737 1596 διὰ
771 1547 869 1616 τὴν
903 1545 1166 1614 σωτηρίαν
1205 1547 1293 1597 καὶ
1330 1546 1518 1613 κλῆσιν
1547 1547 1654 1598 τῶν

162 1637 294 1689 ὲθνιῖιν
331 1637 586 1688 ἁπάντων.
625 1635 893 1700 Ἐπιλέγει
921 1633 963 1684 δ’
993 1629 1081 1685 οὗν
1127 1633 1250 1701 ἐξῆς
1269 1651 1282 1664 ·
1331 1653 1347 1683 ι
1374 1636 1479 1686 Καὶ
1506 1634 1650 1686 ἔσται

161 1729 224 1777 ἐπ’
252 1725 463 1793 ἐσχάτων
493 1725 602 1775 τίιζν
638 1722 858 1792 ἡμερῶν
893 1723 1126 1790 ἐμφανὲς
1163 1723 1223 1774 τὸ
1261 1722 1381 1792 ὅρος
1429 1723 1648 1794 Κυρίου,

160 1817 232 1868 καὶ
251 1814 536 1866 σπεύσουσιν
559 1811 647 1863 ἐπ’
678 1812 808 1863 αὐτὸ
838 1811 952 1863 λαοὶ
978 1811 1174 1871 πολλοὶ,
1197 1813 1287 1863 καὶ
1311 1811 1654 1880 πορεύσονται.

158 1905 252 1973 ἔθνη
281 1902 466 1962 πολλὰ,
499 1903 598 1954 καὶ
649 1901 867 1971 ἐροῦσιο
923 1901 1101 1962 Δεῦτε,
1149 1900 1425 1968 ἀναθῶμεν
1473 1901 1550 1961 είς
1596 1900 1654 1951 τὸ

155 1994 249 2062 ὅρος
272 1992 473 2061 Κυρίου.
509 2011 526 2040 ι
565 1991 658 2042 Διὸ
692 1993 784 2042 καὶ
815 1990 947 2059 μετὰ
987 1989 1154 2041 ταῦτα
1185 1989 1273 2041 τὸν
1320 1989 1422 2058 πρὸ
1451 1987 1654 2040 αἰώνων

155 2082 234 2133 ἀπὸ
261 2083 346 2150 τῆς
376 2081 622 2150 Βηθλεὲμ
651 2079 1021 2145 ἐξελεύσεσθαι
1052 2079 1390 2148 ἁνακηρύξας
1413 2117 1426 2138 ,
1475 2079 1651 2129 ούκὲτι

151 2166 223 2218 τοῦ
251 2166 440 2236 Ἰσραὴλ
472 2167 660 2235 μόνου,
695 2165 828 2217 ἀλλὰ
865 2166 1072 2234 ἀθρόως
1119 2165 1328 2217 πάντων
1360 2163 1651 2233 ἀνθρώπων

149 2252 229 2312 ἓως
247 2252 324 2304 καὶ
343 2251 442 2302 τῶν
469 2253 660 2322 ἄκρων
687 2253 784 2321 τῆς
811 2253 912 2320 γῆς
939 2251 1120 2320 ἄρξειν
1139 2253 1296 2304 αὐτόν
1320 2268 1445 2320 φησι
1468 2268 1481 2281 ·
1507 2252 1648 2318 λέγει

148 2336 181 2387 δ’
205 2334 308 2389 οὖν·
342 2358 357 2387 ι
388 2342 490 2392 Καὶ
518 2342 801 2408 στήσεται,
833 2342 923 2392 καὶ
955 2340 1158 2407 ὄψεται,
1185 2342 1275 2392 καὶ
1311 2342 1557 2408 ποιμανεῖ
1592 2340 1652 2391 τὸ

147 2427 347 2496 ποίμνιον
369 2427 529 2479 αὐτοῦ
562 2430 620 2478 ἐν
666 2428 807 2496 ἰσχύϊ
847 2427 1066 2498 Κύριος,
1103 2429 1191 2480 καὶ
1219 2431 1274 2479 ὲν
1299 2431 1362 2497 τῇ
1405 2428 1528 2500 δόξῃ
1557 2429 1648 2480 τοῦ

144 2516 357 2584 ὀνόματος
399 2519 608 2588 Κυρίου
661 2516 794 2569 Θεοῦ
845 2518 1020 2568 αὐτῶν
1047 2517 1367 2588 ὑπάρξουσι·
1399 2519 1526 2570 διότι
1557 2518 1650 2569 νῦν

145 2602 590 2673 μεγαλυνθήσονται
647 2603 752 2664 ἓως
797 2603 979 2673 ἄκρων
1029 2606 1126 2673 τῆς
1168 2606 1269 2674 γῆς
1295 2645 1310 2668 ,
1370 2608 1462 2658 καὶ
1503 2606 1647 2660 ἐσται

142 2692 248 2762 αῦτη
268 2694 461 2763 εἰρήνη.
498 2713 516 2743 ι
552 2693 673 2745 Τίνι
697 2693 752 2744 δέ
785 2693 934 2745 ἔσται
979 2694 1113 2764 αῦτη
1151 2695 1334 2764 εἰρήνη
1373 2695 1485 2747 ἀλλ’
1518 2696 1549 2764 ἦ
1581 2697 1644 2765 τῇ

142 2783 209 2849 τῇ,
228 2777 316 2852 ἐνῇ
336 2782 830 2850 μεγαλυνθήσονται
855 2783 923 2834 τὰ
945 2784 1161 2852 ποίμνια
1177 2783 1266 2835 τοῦ
1288 2784 1484 2853 Κυρίου
1505 2800 1518 2848 ;
1542 2786 1647 2837 Καὶ

137 2867 260 2921 τοῦτο
281 2871 350 2932 δὲ,
382 2871 568 2922 ὁποίου
597 2871 781 2932 τέλους
809 2870 961 2940 ἔτυχε
992 2875 1132 2939 μετὰ
1167 2871 1241 2941 (1)
1280 2871 1370 2924 τοῦ
1405 2873 1647 2943 Σωτῆρος

139 2959 259 3026 ἡμῶν
282 2960 442 3029 Ἰησοῦ
469 2961 714 3033 Χριστοῦ
741 2962 1059 3030 παρουσίαν,
1091 2961 1248 3013 παντί
1269 2979 1344 3032 τῳ
1367 2963 1641 3032 πρόδηλον·

133 3048 296 3117 πολλῆς
324 3049 426 3120 γὰρ
453 3050 628 3120 οὔσης
672 3051 778 3120 πρὸ
804 3051 990 3102 τούτου
1039 3051 1376 3121 πολυαρχίας,
1417 3053 1510 3104 καὶ
1540 3051 1642 3104 τῶν

133 3138 268 3189 ἐθνῶν
299 3141 545 3194 ἁπάντων
570 3142 1010 3211 τυραννουμένων
1033 3142 1065 3210 ἢ
1093 3142 1600 3212 δημοκρατουμένων
1623 3181 1636 3203 ,

126 3226 184 3288 ὡς
249 3230 504 3299 μηδεμίαν
589 3231 728 3300 πρὸς
809 3229 1065 3298 ἀλλήλους
1144 3231 1421 3299 ἐπιμιξίαν
1515 3235 1639 3294 τοὺς

128 3314 402 3383 ἀνθρώπους
459 3317 649 3386 ἔχειν,
707 3316 850 3378 ἰδίως
895 3317 981 3379 δὲ,
1045 3317 1172 3386 φέρε
1213 3320 1416 3379 εἰπεῖν,
1480 3319 1640 3384 Αἰγυ-

123 3405 262 3458 πτίων
322 3407 424 3459 ὑπὸ
496 3408 689 3476 οἰκείῳ
753 3406 970 3476 ἄρχοντι
1027 3407 1441 3476 βασιλευομένων
1465 3445 1478 3468 ,
1547 3408 1638 3459 καὶ

133 3491 338 3559 ’Δράδων
389 3494 679 3557 ὡσαύτως,
744 3495 836 3547 καί¹
897 3495 1224 3562 Ἰδουμαίων,
1279 3495 1530 3546 Φοινίκων
1579 3512 1634 3547 τε

116 3579 192 3629 καὶ
217 3581 408 3651 Σύρων,
445 3584 550 3635 καὶ
578 3581 686 3634 τῶν
716 3582 886 3635 ἄλλων
919 3582 1104 3645 ἐθνῶν,
1128 3582 1555 3651 ἐπανισταμένων
1577 3599 1634 3634 τε

116 3669 256 3720 ἐθνῶν
283 3671 479 3732 ἔθνεσι,
504 3673 606 3724 καὶ
638 3671 844 3723 πόλεων
873 3671 1072 3730 πόλεσι,
1107 3670 1419 3740 πολιορκιῶν
1447 3689 1504 3723 τε
1539 3689 1634 3740 μυ-

111 3758 218 3824 ρίων
246 3762 333 3812 καὶ
363 3761 762 3830 αἰχμαλωσιῶν
797 3761 931 3812 κατὰ
959 3761 1131 3812 πάντα
1162 3761 1319 3812 τόπον
1339 3777 1397 3812 τε
1421 3762 1512 3813 καὶ
1531 3761 1633 3830 χώ-

111 3861 190 3913 ραν
219 3851 670 3920 ἐπιτελουμένων,
705 3850 888 3920 ἐπειδὴ
926 3851 1102 3921 παρῆν
1133 3851 1160 3901 ὁ
1194 3851 1377 3920 Σωτὴρ
1404 3853 1494 3903 καὶ
1521 3851 1630 3903 Κύ-

103 3951 214 4003 ριος,
247 3939 377 4008 ἐμοῦ
409 3943 479 4010 τῇ
519 3942 602 4000 εἰς
634 3937 945 4008 ἀνθρώπους
972 3939 1132 3991 αὐτοῦ
1163 3939 1390 4008 παρόδῳ,
1421 3939 1629 4010 πρώτου

101 4037 149 4073 τε
183 4026 458 4096 Ῥωμαίων
490 4027 806 4094 Αὐγούστου
835 4028 940 4079 τῶν
965 4027 1130 4079 ἐθνῶν
1158 4029 1626 4097 ἐπικρατήσαντος,

96 4110 258 4168 λέλυτο
287 4119 386 4186 μὲν
418 4121 454 4188 ἡ
489 4119 720 4186 πλείστη
755 4116 1070 4186 πολυαρχία,
1106 4117 1288 4186 εἰρήνη
1327 4116 1382 4168 δὲ
1413 4116 1628 4186 διελάμ-

95 4199 200 4253 ϐανε
241 4205 336 4274 τὴν
368 4207 669 4276 σύμπασαν
701 4207 822 4275 γῆν,
856 4209 920 4275 τῇ
959 4205 1090 4274 μετὰ
1122 4209 1303 4275 χεῖρας
1332 4205 1629 4268 ἀκολούθως

93 4293 392 4362 προρρήσει,
416 4295 720 4366 διαρρήδην
746 4294 962 4364 φησάσῃ
989 4295 1112 4363 περὶ
1137 4294 1244 4345 τῶν
1274 4293 1365 4346 τοῦ
1396 4295 1624 4364 Χριστοῦ

91 4379 342 4472 μαθητῶν
383 4403 402 4434 ι
434 4385 583 4436 Διότι
605 4385 699 4435 νῦν
723 4381 1204 4472 μεγαλυνθησονται
1228 4383 1328 4444 ἓως
1347 4383 1509 4452 ἄκρου
1531 4385 1626 4452 τῆς
1657 4419 1702 4472 D

89 4465 194 4535 τῆς·
229 4472 322 4523 καὶ
350 4472 513 4524 ἔσται
538 4472 677 4541 αὓτη
701 4473 909 4542 εἰρήνη·
941 4489 959 4520 ι
999 4466 1043 4537 ᾧ
1076 4471 1278 4540 συνᾴδει
1306 4471 1364 4522 τὸ
1395 4473 1450 4523 ἐν
1481 4473 1627 4524 Ψαλ-

85 4561 190 4622 μοῖς
210 4561 421 4625 φάσκον
460 4565 590 4632 περὶ
618 4563 713 4615 τοῦ
747 4560 979 4632 Χριστοῦ
1000 4561 1190 4628 λόγιον·
1222 4580 1240 4610 ί
1286 4561 1542 4614 Ἀνατελεῖ
1570 4567 1627 4617 ἐν

80 4650 186 4709 ταῖς
211 4652 454 4722 ἡμέραις
475 4653 638 4705 αὑτοῦ
658 4649 990 4720 δικαιοσύνη,
1013 4651 1104 4702 καὶ
1122 4648 1318 4719 πλῆθος
1337 4651 1567 4721 εἰρήνης.
1602 4670 1621 4701 ι

80 4737 158 4786 Διό
190 4755 275 4806 μοι
309 4741 466 4793 δοκεῖ
497 4741 679 4812 ἄρχων
709 4742 931 4810 εἰρήνης
969 4741 1023 4797 ἐν
1063 4741 1127 4807 τῇ
1173 4738 1278 4808 πρὸ
1305 4737 1498 4810 ταύτης
1525 4757 1628 4792 πα-

82 4827 351 4901 ρατεθείση
381 4833 694 4902 προφητείᾳ
713 4827 1040 4898 ὠνομάσθαι.
1094 4828 1406 4896 Ἑπίστησόν
1436 4845 1496 4895 γε
1521 4829 1622 4899 μὴν

77 4913 186 4965 τίνα
203 4919 406 4986 τρόπον
430 4921 463 4970 ὁ
495 4919 625 4988 μετὰ
645 4921 832 4988 χεῖρας
853 4919 1130 4986 προφήτης
1151 4916 1242 4968 καὶ
1262 4914 1621 4977 ἐξελεύσεσθαι

82 5000 168 5065 μὲν
204 5002 262 5064 ἐξ
297 5005 555 5074 οὐρανῶν
584 5007 674 5057 τὸν
715 5003 916 5074 Κύριον
959 5004 1254 5073 ἀρχόμενος
1298 5001 1509 5070 ἔφησεν,
1559 5007 1620 5057 οὐ

80 5091 328 5162 πρότερον
359 5094 424 5146 δὲ
460 5097 742 5164 ποιμανείν
773 5094 899 5154 τοὺς
930 5091 1261 5162 ἀνθρώπους,
1297 5090 1328 5158 ἦ
1363 5093 1620 5164 γεννηθῆ-

80 5194 157 5230 ναι
179 5181 267 5234 τὸν
295 5182 689 5252 θεσπιζόμενον
720 5185 779 5234 ἐν
810 5185 878 5250 τῇ
908 5179 1162 5248 Βηθλεέμ·
1196 5178 1340 5238 ὅπως
1370 5177 1426 5230 δὲ
1453 5182 1621 5236 ταῦτα

85 5268 165 5321 ἐπὶ
186 5274 273 5323 τὸν
303 5274 541 5343 Σωτῆρα
569 5275 662 5327 καὶ
686 5272 890 5340 Κύριον
925 5273 956 5338 ὴ
966 5269 1075 5338 μῶν
1100 5265 1430 5335 ἐπεραιοῦτο,
1456 5269 1623 5340 ἐμαρ-

84 5355 299 5426 τύρησεν
327 5363 357 5412 6
391 5361 816 5428 Εὑαγγελιστὴς,
859 5359 935 5410 δι’.
955 5352 1026 5410 ὧν
1062 5353 1414 5426 προεξεθέμην
1457 5359 1618 5412 αὐτοῦ

93 5445 290 5506 νωνῶν.
315 5447 536 5517 Ποιμήν
567 5447 630 5517 δέ
660 5448 754 5498 καὶ
785 5443 1076 5512 ἡγούμενος
1103 5443 1130 5492 ό
1157 5441 1382 5508 Χριστὸς
1406 5443 1618 5499 ἀναδει-

1763 566 2026 636 propheta:
2055 561 2395 626 nuntiabant,
2432 567 2486 616 in
2516 563 2656 616 hunc
2694 565 2905 617 modum
2957 583 3014 620 se
3061 566 3278 619 habent.

1759 657 2054 713 Adventum
2085 659 2258 706 autem
2291 653 2463 722 ipsius
2491 651 2694 706 Domini
2725 664 2776 704 et
2804 655 3030 720 pastoris
3053 653 3118 706 de
3141 654 3278 706 emlo

1760 749 1826 802 ad
1873 748 2114 800 homines
2161 744 2478 813 jampridem
2525 758 2587 795 ex
2641 739 2824 794 eodem
2873 743 3144 810 propheta,
3186 741 3277 810 qui

1760 851 1903 890 nunc
1937 837 1988 888 in
2043 835 2287 886 manibus
2335 841 2436 891 est,
2491 831 2766 899 proposui,
2809 831 2896 882 ubi
2941 831 3019 883 sic
3055 831 3274 885 aiebat:

1764 945 1782 972 ε
1823 925 2030 985 Audite,
2057 923 2236 993 populi
2266 937 2470 979 omnes.
2495 929 2547 975 et
2567 919 2800 973 attendat
2825 925 2987 981 terra,
3020 929 3072 972 et
3093 934 3275 975 omnes

1760 1014 1849 1082 qui
1889 1020 2012 1066 sunt
2055 1015 2107 1064 in
2135 1026 2214 1072 ea,
2247 1018 2299 1064 et
2336 1010 2436 1062 erit
2473 1008 2727 1060 Dominus
2760 1007 2910 1060 vobis
2955 1005 3007 1056 in
3033 1007 3274 1059 testimo-

1757 1105 1902 1156 nium
1933 1120 1945 1153 :
1973 1100 2226 1153 Dominus
2254 1116 2314 1154 ex
2344 1101 2504 1152 domo
2528 1104 2711 1151 saneta
2743 1109 2860 1154 sua,
2889 1095 3012 1162 quia
3039 1109 3160 1146 ecce
3183 1092 3293 1168 Do-

1758 1193 1934 1245 minus
1965 1191 2218 1241 Dominus
2265 1187 2564 1257 egredietur
2585 1186 2650 1237 de
2681 1186 2796 1235 loco
2822 1198 2939 1243 suo,
2969 1191 3020 1234 et
3049 1181 3276 1233 descen-

1755 1281 1842 1333 det
1873 1281 1938 1341 "°,
1983 1299 2000 1329 ι
2034 1285 2085 1332 et
2133 1285 2362 1340 cmtera;
2414 1276 2609 1343 quibus
2648 1272 2888 1340 adiungit
2933 1291 2945 1324 :
3000 1289 3016 1320 ι
3055 1271 3276 1338 Propter

1755 1367 2076 1434 impietatem
2105 1365 2270 1418 Jacob
2298 1363 2476 1416 omnia
2506 1363 2638 1423 hazc,
2674 1369 2727 1413 et
2755 1367 2970 1429 propter
2998 1368 3276 1428 peccatum

1711 1448 1716 1454 ’
1754 1457 1943 1508 dooms
1972 1457 2133 1509 Israel
2161 1456 2226 1506 ⁷⁷.
2283 1474 2301 1503 ι
2348 1454 2427 1505 Ab
2477 1453 2542 1506 iis
2595 1461 2770 1504 autem
2818 1466 2936 1519 qua:
2978 1457 3274 1518 sequuntur

1755 1543 1892 1612 apud
1924 1544 2165 1597 eumdem
2212 1543 2521 1612 prophetam
2551 1543 2708 1596 etiam
2759 1542 2885 1594 illud
2917 1541 3129 1608 planum
3169 1546 3271 1604 est,

1753 1634 1892 1701 quod
1925 1649 2030 1686 non
2059 1636 2230 1686 solum
2265 1641 2477 1701 propter
2504 1633 2802 1701 impietates
2839 1629 3070 1684 Iudaica:
3097 1629 3272 1698 gentis

1756 1719 2008 1773 Dominus
2035 1722 2100 1772 de
2125 1722 2264 1773 cmlo
2297 1721 2592 1780 descendit,
2628 1719 2720 1774 sed
2747 1720 2904 1772 etiam
2936 1726 3151 1787 propter
3185 1732 3273 1771 sa-

1688 1804 1723 1854 n
1753 1810 1911 1861 lutem
1942 1820 1990 1862 et
2015 1811 2348 1862 vocationem
2376 1810 2612 1878 gentium
2641 1817 2976 1862 cunctarum.
3019 1808 3272 1887 Adjung'it

1753 1897 1913 1963 igitur
1938 1897 2190 1965 deinceps
2223 1915 2236 1949 :
2275 1916 2292 1946 ι
2325 1897 2388 1948 Ει
2407 1898 2509 1950 erit
2535 1898 2588 1949 in
2615 1897 2922 1950 novissimis
2956 1895 3144 1949 diebus
3164 1909 3271 1948 ma-

1753 1986 1979 2038 nifestus
2009 2000 2160 2039 mons
2187 1985 2414 2048 Domini,
2439 1994 2492 2038 et
2523 1986 2846 2038 festinabunt
2876 1985 2941 2038 ad
2964 1985 3138 2052 ipsum
3171 1999 3262 2050 po-

1751 2073 1858 2140 puli
1889 2073 2062 2131 tnulti,
2091 2081 2144 2126 et
2189 2073 2338 2126 ibunt
2379 2080 2561 2142 gentes
2603 2076 2800 2136 multae,
2831 2084 2882 2126 et
2912 2075 3088 2126 dicent
3126 2091 3137 2125 :
3169 2071 3270 2127 Vc-

1750 2163 1878 2223 nite,
1929 2163 2280 2216 ascendamus
2338 2164 2391 2216 in
2436 2172 2670 2216 montem
2703 2164 2910 2216 Domini
2939 2165 3004 2216 ⁷⁸.
3044 2181 3061 2213 ι
3095 2163 3269 2227 Quare

1749 2253 1968 2322 posthac
2000 2253 2089 2306 ubi
2113 2269 2232 2306 eum
2259 2253 2354 2322 qui
2393 2259 2475 2306 est
2497 2261 2618 2305 ante
2647 2253 2839 2305 smcula
2871 2253 2936 2306 de
2965 2251 3267 2305 Bethlehem

1747 2355 2084 2409 egressurum
2113 2340 2396 2401 nuntiavit,
2438 2353 2544 2391 non
2576 2339 2672 2392 soli
2704 2337 2865 2392 Israel
2896 2339 3144 2406 amplius,
3173 2337 3267 2390 sed

1747 2430 2024 2482 confertim
2055 2430 2300 2483 omnibus
2343 2429 2590 2496 gentibus
2619 2443 2785 2494 usque
2806 2427 2871 2480 ad
2894 2435 3129 2480 extrema
3161 2433 3267 2479 ter-

1747 2531 1820 2569 rte
1869 2517 2015 2568 illum
2047 2518 2426 2584 imperaturum
2457 2515 2700 2567 aﬂirmat.
2735 2515 2869 2568 Dicit
2898 2515 3058 2582 igitur
3095 2532 3106 2566 :
3147 2530 3165 2562 ί
3203 2513 3268 2564 Et

1747 2608 1928 2662 stabit.
1962 2615 2015 2660 et
2042 2605 2260 2667 videbit,
2281 2613 2334 2659 et
2355 2613 2538 2674 pascet
2567 2621 2778 2673 gregem
2799 2620 2953 2658 suum
2976 2605 3029 2657 in
3058 2605 3266 2657 lortitu-

1745 2698 1869 2752 dine
1905 2695 2180 2760 Dominus,
2207 2703 2258 2749 et
2281 2696 2334 2747 in
2367 2695 2535 2763 gloria
2558 2693 2789 2747 nominis
2819 2693 3026 2746 Domini
3062 2693 3153 2746 Dei
3187 2694 3266 2762 ip-

1745 2801 1926 2842 sorum
1967 2787 2244 2840 exsistent.
2293 2784 2555 2848 Quoniam
2601 2797 2744 2835 nunc
2790 2781 3265 2851 magniﬁcabuntur

1745 2891 1914 2944 usque
1947 2876 2011 2929 ad
2034 2885 2269 2927 extrema
2295 2884 2450 2927 terra:
2483 2892 2496 2926 ι
2529 2881 2581 2928 et
2609 2875 2710 2927 erit
2735 2873 2847 2926 inec
2876 2890 2978 2943 pax
3001 2873 3067 2928 "’.
3112 2893 3131 2924 ι
3167 2873 3264 2926 Cui

1743 2979 1903 3033 porro
1934 2965 2037 3017 erit
2063 2964 2174 3016 hare
2205 2978 2329 3030 pax,
2361 2962 2465 3016 nisi
2493 2971 2646 3016 terra:
2699 2964 2754 3016 in
2809 2979 2914 3032 qua
2958 2961 3265 3032 magniﬁca--

1743 3055 1941 3107 buntur
1972 3068 2157 3122 greges
2192 3051 2436 3104 Domini?
2488 3053 2544 3105 1d
2593 3053 2764 3120 ipsum
2797 3058 2992 3113 autem,
3021 3067 3177 3119 quem
3204 3051 3259 3104 ft.

1743 3161 1861 3198 nem
1893 3146 2136 3199 sortitum
2167 3145 2235 3197 sit
2264 3152 2384 3212 post
2419 3142 2710 3197 Salvatoris
2739 3144 2904 3197 nostri
2935 3142 3060 3197 Jesu
3109 3142 3266 3196 Chri‘

1742 3235 1810 3288 sti
1836 3235 2143 3295 adventum,
2179 3233 2375 3285 nemini
2425 3233 2712 3286 obscurum
2739 3249 2856 3287 esse
2888 3239 3060 3301 potest
3090 3251 3102 3285 :
3137 3247 3262 3284 nam

1741 3339 1858 3376 cum
1889 3335 2010 3376 ante
2036 3323 2178 3376 hunc
2207 3323 2512 3384 adventum,
2546 3322 2842 3390 principum
2887 3331 3027 3376 esset
3077 3323 3258 3375 multi-

1738 3411 1888 3472 tudo,
1923 3421 1974 3465 et
1995 3412 2252 3464 universa:
2277 3417 2458 3478 gentes
2531 3418 2622 3462 aut
2649 3387 2755 3462 sui;
2787 3410 3049 3479 tyrannis,
3083 3421 3175 3462 aut
3206 3411 3258 3462 in

1738 3508 1876 3554 statu
1908 3499 2146 3568 populari
2177 3503 2354 3550 essent
2381 3497 2698 3556 constituta},
2730 3504 2786 3548 ut
2815 3497 3016 3548 nullum
3045 3497 3184 3549 inter
3203 3511 3263 3550 si)

1737 3588 2107 3642 commercium
2132 3585 2372 3637 homines
2393 3585 2668 3646 traherent,
2685 3585 2774 3638 sed
2795 3585 3038 3652 privatim
3055 3601 3070 3638 :
3087 3601 3242 3637 exem-

1737 3672 1808 3742 pli
1833 3673 2024 3740 gratia,
2049 3670 2187 3738 apud
2214 3667 2496 3738 Egyptios
2533 3687 2663 3724 suus
2703 3673 2948 3740 princeps
2991 3680 3258 3738 regnaret,

1735 3763 1872 3830 apud
1901 3763 2101 3815 Arabas
2130 3763 2255 3815 item
2284 3779 2436 3825 suus,
2465 3761 2603 3830 apud
2631 3761 2911 3824 ldumaaos,
2953 3759 3256 3823 Phoenicas,

1733 3850 1888 3921 345
1935 3849 2097 3920 Syros
2141 3851 2378 3918 aliasque
2409 3852 2533 3904 item
2585 3859 3046 3919 gentes;cumque
3073 3859 3259 3920 gentes

1731 3941 1982 3995 adversus
1997 3949 2253 4009 gentes,et
2264 3941 2504 3994 civitates
2519 3941 2770 3994 adversus
2787 3941 3024 3993 civitates
3037 3955 3256 3994 consur-

1729 4030 2338 4098 gerent,ohsidionesque
2354 4029 2758 4083 innumerabiles
2769 4037 2820 4082 et
2835 4029 3252 4096 captivitatesper

1730 4132 1936 4172 omnem
1955 4119 2125 4170 locum
2143 4133 2205 4171 ac
2221 4117 2484 4187 regionem
2505 4118 2821 4176 tierent.tum
2837 4133 2960 4171 vero
2977 4117 3063 4172 ubi
3082 4116 3258 4170 Salva-

1728 4211 1813 4259 tor
1839 4215 2018 4260 noster
2036 4222 2098 4260 ac
2120 4207 2372 4262 Dominus
2402 4207 2591 4270 adfuit,
2623 4221 2725 4260 una
2747 4223 2866 4260 cum
2893 4208 3032 4262 illius
3059 4207 3124 4260 ad
3153 4207 3255 4259 Ιιοα-

1729 4295 1900 4349 mines
1931 4295 2184 4358 adventu,
2214 4297 2324 4364 jam
2377 4303 2490 4348 tum
2537 4296 2709 4364 primo
2747 4295 3105 4349 Romanorum
3145 4295 3255 4349 Au-

1729 4392 1882 4451 gusto
1913 4384 2186 4453 imperium
2231 4385 2284 4437 in
2316 4385 2462 4437 orbis
2507 4387 2750 4440 nationes
2787 4386 3078 4449 obtinente,
3109 4386 3254 4440 solu-
3287 4406 3292 4411 ·

1727 4477 1814 4522 tus
1841 4470 1985 4523 illico
2013 4478 2094 4525 est
2124 4471 2210 4524 ille
2257 4472 2526 4540 n‘iultiplex
2551 4473 2896 4540 principatus.
2928 4483 2980 4527 et
3005 4489 3104 4542 pax
3135 4472 3255 4526 uni-

1727 4573 1932 4612 versam
1983 4567 2177 4612 terram
2232 4561 2456 4629 accepit,
2506 4562 2555 4615 ei
2612 4563 2902 4631 prephetiw
2953 4577 3070 4630 quae
3109 4578 3252 4615 nunc

1727 4650 1984 4698 tractatur
2005 4647 2357 4710 coneordans,
2391 4650 2722 4716 apertissime
2759 4650 2824 4703 de
2859 4649 3057 4702 Christi
3087 4648 3251 4702 disci-

1725 4733 1862 4803 pulis
1894 4733 2122 4786 dicenti:
2161 4752 2178 4784 ι
2203 4735 2462 4798 Quoniam
2484 4752 2625 4789 nunc
2652 4738 3126 4805 magniﬁcahuntur
3163 4751 3250 4789 us-

1723 4837 1827 4892 que
1865 4821 1930 4874 ad
1959 4829 2252 4876 extremum
2297 4831 2482 4878 terra}:
2527 4836 2578 4878 et
2621 4826 2720 4879 erit
2773 4826 2882 4878 hare
2949 4841 3070 4892 pax.
3113 4823 3247 4878 »(ἷυί

1724 4917 2137 4965 consentaneum
2159 4917 2242 4965 est
2257 4913 2395 4979 quod
2425 4913 2476 4964 in
2499 4911 2721 4966 Psalmis
2745 4913 3011 4980 legiturde
3033 4910 3248 4966 Christo

1723 4999 2016 5061 oraculum,
2046 4999 2256 5054 dicens:
2295 5019 2312 5049 ι
2343 4999 2555 5055 Orietur
2581 5003 2632 5054 in
2668 5001 2852 5054 diebus
2894 5001 3007 5062 eius
3038 5002 3246 5068 justitia

1722 5099 1776 5146 et
1803 5090 2123 5144 abundantia
2152 5091 2299 5160 pacis
2315 5091 2382 5144 '°.
2409 5110 2426 5140 ι
2469 5091 2543 5144 Ex
2579 5106 2684 5160 quo
2709 5091 2837 5144 mihi
2870 5092 3076 5144 videtur
3099 5095 3245 5160 prin-

1721 5193 1845 5247 ceps
1892 5178 2040 5247 pacis
2067 5179 2119 5230 in
2146 5192 2228 5241 ea,
2279 5193 2396 5246 qua:
2441 5179 2678 5246 proxime
2708 5181 2944 5247 exposita
2977 5185 3078 5239 est.
3117 5194 3242 5248 pro-

1724 5269 1899 5338 phetia
1930 5268 2214 5321 nominari.
2246 5268 2620 5322 Animadverte
2651 5275 2848 5331 tamen,
2873 5284 3075 5338 quasso,
3107 5283 3243 5338 quo-

1721 5371 1842 5409 nam
1883 5365 2038 5423 pacto
2072 5356 2117 5410 is
2154 5355 2220 5410 de
2255 5372 2362 5424 quo
2393 5373 2534 5411 nunc
2571 5359 2777 5426 agimus
2818 5358 3093 5426 propheta,
3136 5355 3242 5408 Do-

1722 5445 1922 5500 minum
1950 5446 2015 5512 de
2033 5448 2168 5499 emlo
2192 5461 2528 5514 egressurum
2558 5448 2710 5500 initio
2734 5448 2827 5512 ait,
2863 5463 2926 5502 ac
2955 5463 3059 5501 non
3089 5447 3241 5518 prius

151 5533 193 5564 τι
219 5534 356 5588 κίοι,
406 5553 449 5597 ι,
483 5535 538 5598 ε,
579 5537 634 5588 3,
710 5534 754 5564 π
793 5531 928 5582 ibid.
961 5531 1010 5582 5.
1079 5527 1121 5560 η
1148 5526 1307 5580 Mieb.
1335 5545 1406 5593 IV,
1450 5531 1600 5596 1,2.“

1741 5537 1875 5592 dich.
1908 5554 1960 5604 ν,
1993 5537 2044 5599 4,
2077 5536 2127 5589 5.
2199 5538 2243 5568 ⁸ο
2276 5535 2416 5592 Psal.
2446 5555 2588 5601 Lxxt,
2623 5540 2670 5590 7.

158 5619 734 5694 ll,'fypographorum
766 5619 978 5672 incuria
1005 5615 1326 5674 intercidisse
1356 5621 1578 5679 videtur
1600 5627 1719 5696 τήν,
1745 5625 1884 5696 quod
1915 5624 2175 5681 referatur
2206 5626 2271 5680 ad
2297 5629 2609 5700 παρουσίαν.
2639 5627 2794 5683 Ευιτ.
2864 5703 2870 5710 _
