3738 6268
843 286 942 340 54-3

1526 281 1792 336 EUSEBI!
1831 283 2299 339 CAESARIENSIS
2336 283 2481 338 OPP.
2517 281 2694 336 PARS
2725 282 2786 337 ll.
2822 314 2891 323 —
2926 283 3002 337 AP

1899 283 2299 339 ESARIENSIS
2336 283 2481 338 OPP.
2517 281 2694 336 PARS
2725 282 2786 337 ll.
2822 314 2891 323 —
2926 283 3375 341 Αροιοοετιαε

838 408 962 463 erga
1014 392 1254 446 homines
1307 393 1538 461 pastoris
1589 390 1761 447 ollicio
1825 393 2157 459 iuncturum,
2217 407 2314 462 qua

1899 401 2157 459 acturum,
2217 407 2379 462 quam
2409 401 2449 453 Α
2481 391 2768 463 χθὴσεσθαι
2796 392 2886 445 τοῦ
2940 394 3148 464 Ἰσραὴλ
3188 397 3375 465 είρητε

838 481 1089 539 nascetur
1119 483 1163 534 is
1191 481 1279 549 qui
1305 495 1334 533 a
1366 483 1645 551 prophetis
1677 483 1910 546 canitur,
1943 483 1995 537 in
2028 482 2372 537 Bethlehem:

835 572 1102 644 quomodo
1138 586 1264 624 vero
1294 571 1406 625 hagc
1440 572 1494 624 in
1539 571 1818 627 Salvatore
1849 587 1911 634 ac
1940 573 2167 627 Domino
2196 576 2378 650 termi-

2487 480 2704 550 Γραφῆς
2731 480 2819 533 τὸν
2852 479 3022 551 ἀληθῆ
3063 480 3275 552 Ἰσραὴλ
3313 500 3376 534 κο

2475 570 2792 641 διορατικὸν,
2825 571 2919 622 καὶ
2948 569 3147 640 ἀρετῶς
3177 570 3301 639 Θεῷ
3337 570 3369 639 β

836 670 956 717 nata
989 662 1118 717 sint.
1151 661 1458 715 testimonio
1497 677 1596 715 suo
1639 663 1856 731 planum
1902 663 2027 718 fecit
2050 664 2312 732 evangelis

1902 663 2027 718 fecit
2050 664 2374 732 evangelista
2474 660 2548 721 ὼς
2584 659 2811 729 ἔμπαλιν
2849 660 2974 720 τοὺς
3004 659 3065 711 ὲκ
3105 660 3375 730 περιτομί

836 754 888 805 in
920 751 984 805 iis
1016 750 1208 814 verbis,
1241 766 1358 819 quae
1380 752 1447 805 ab
1479 752 1568 804 illo
1589 767 1761 819 nuper
1799 752 2069 819 accipiens
2097 754 2370 822 proposui.

831 837 1021 892 Pastor
1061 847 1237 891 autem
1279 849 1330 892 et
1354 840 1462 893 dux
1492 840 1661 907 ipsius
1713 838 1880 894 lsrael
1904 840 2264 897 declarandus
2290 842 2374 897 di-

2473 749 2799 811 Χαναναίους
2827 751 2921 803 καὶ
2951 750 3168 820 σπέρμα
3197 748 3376 801 Χαναέ

2471 842 2659 909 χοντάς
2686 857 2744 891 τε
2769 839 3035 908 Σοδόμων,
3057 838 3152 891 καὶ
3180 837 3314 889 λαὸν
3346 838 3376 888 Ῐ

828 930 970 983 citur
1016 930 1282 991 Christus,
1340 944 1461 983 cum
1506 932 1620 985 haec
1665 944 1939 984 sacrarum
1971 932 2304 986 litterarum:

1894 947 1939 983 m
1971 932 2269 986 litterarum
2302 934 2372 988 sit
2470 929 2576 980 τῶν
2609 932 2718 991 τοῖς
2737 929 2959 1000 τρόποις
2982 927 3370 996 ἀποκαλούσης

829 1017 1181 1077 consuetudo,
1213 1024 1271 1069 ut
1312 1019 1630 1071 sententiam
1671 1018 2047 1086 sequentibus,
2080 1034 2266 1072 verum
2291 1018 2369 1073 ls-

2468 1020 2500 1089 ὴ
2534 1021 2678 1072 πᾶσα
2708 1017 2800 1071 τοῦ
2833 1018 3084 1088 Σωτῆρος
3113 1017 3275 1088 ἡμῶν
3320 1017 3370 1068 δι

830 1108 938 1160 rael
973 1107 1247 1160 nominent
1280 1121 1491 1159 omnem
1539 1122 1661 1159 eum
1704 1108 1795 1175 qui
1831 1108 2177 1175 contemplari
2213 1108 2306 1161 faci

1900 1108 2177 1175 ntemplari
2213 1108 2368 1162 facile
2465 1107 2622 1160 δαίων
2656 1107 2794 1159 ἔθνει
2824 1108 3034 1175 γέγονε,
3060 1108 3155 1159 καὶ
3191 1105 3375 1158 πολλῶ

826 1200 1019 1266 possit,
1050 1205 1103 1251 et
1132 1206 1335 1267 gratam
1367 1196 1474 1250 Deo
1503 1199 1665 1250 vitam
1699 1204 1981 1266 sequatur:
2019 1197 2158 1251 sicut
2185 1212 2215 1250 e
2235 1212 2300 1251 co

1899 1212 1981 1250 ur:
2019 1197 2158 1251 sicut
2185 1212 2367 1251 econ-
2467 1213 2612 1258 σατο,
2657 1197 2767 1248 ὅσοι
2810 1195 2872 1266 δὴ
2917 1195 3160 1264 ἔγνωσαν
3208 1195 3375 1247 αὑτὸν

824 1291 992 1342 trario
1014 1287 1223 1343 Iudaeos
1241 1296 1358 1357 post
1381 1296 1683 1357 peccatum,
1707 1288 2059 1350 Chananaeos,
2082 1296 2132 1342 et
2152 1303 2358 1350 semen,

2464 1288 2718 1341 στεύκασι
2757 1286 2862 1339 τῶν
2891 1288 2954 1339 ὲκ
2988 1286 3326 1357 περιτομῆς.

821 1389 930 1432 non
975 1376 1128 1438 Juda,
1162 1377 1253 1432 sed
1280 1378 1557 1442 Chanaan,
1588 1386 1642 1432 et
1682 1379 1951 1448 principes
2002 1377 2297 1432 Sodomoru

1899 1395 1951 1434 es
2002 1377 2360 1432 Sodomorum
2429 1377 2641 1447 ’θείσης
2670 1377 3021 1447 προρρήσεως
3051 1375 3320 1445 τοιαύτην
3363 1391 3375 1426 ε

820 1474 876 1521 οι
900 1469 1151 1537 populum
1196 1467 1506 1523 Gomorrhaa
1551 1469 1619 1522 ad
1663 1484 1839 1524 mores
1874 1470 2086 1522 illorum
2116 1468 2361 1521 alluden-

821 1566 904 1610 tcs
935 1571 1127 1611 vocare
1156 1558 1325 1610 solita:
1356 1565 1516 1611 sunt:
1552 1557 1751 1626 alioqui
1792 1572 1918 1611 vero
1948 1559 2109 1611 etiam
2143 1557 2208 1610 ad
2234 1573 2358 1611 ver-

820 1648 945 1700 bum
974 1647 1467 1716 interpretantibus.
1498 1650 1674 1703 omnis
1702 1647 1999 1703 Salvatoris
2028 1648 2199 1703 nostri
2233 1649 2356 1703 vita:

2458 1468 2513 1521 δὲ
2546 1468 2666 1537 ἑξῆς
2688 1470 2777 1535 ἀφ’
2799 1468 2989 1537 ἐτέρας
3008 1465 3376 1535 ἀναγνωστέο

2462 1572 2479 1604 ι
2528 1554 2803 1624 Ἀσσύριος
2821 1554 2945 1605 ὅταν
2967 1553 3171 1624 ἐπέλθῃ
3205 1553 3304 1605 ἐπὶ
3332 1571 3376 1605 τ⁴

2457 1643 2615 1714 ἐπιϐῇ
2649 1644 2737 1695 ἐπὶ
2775 1644 2870 1714 τὴν
2902 1642 3084 1714 χώραν
3118 1643 3306 1713 ὑμῶν,
3343 1661 3376 1696 κ

819 1740 1153 1792 consuetudo
1185 1738 1325 1808 apud
1353 1737 1631 1793 Judaicam
1675 1747 1885 1808 gentem
1926 1740 2045 1802 fuit,
2076 1747 2129 1794 et
2157 1741 2295 1792 multi

1926 1740 2045 1802 fuit,
2076 1747 2129 1794 et
2157 1741 2353 1793 multo-
2386 1719 2426 1770 Β
2454 1732 2608 1785 αὑτὸν
2632 1732 2767 1784 ἑπτὰ
2794 1734 3064 1803 ποιμένες,
3089 1734 3185 1785 καὶ
3209 1731 3366 1785 ὀκτὼ

817 1842 934 1879 rum
990 1842 1054 1881 ex
1090 1826 1251 1883 Israel
1278 1828 1386 1883 dux
1442 1830 1668 1890 exstitit,
1727 1845 1910 1883 eorum
1969 1829 2215 1883 videlicet
2258 1845 2292 1898 q

1899 1846 1910 1883 I
1969 1829 2215 1883 videlicet
2258 1829 2353 1898 qui
2454 1825 2546 1875 καὶ
2575 1822 2880 1885 τὰ¹τούτοις
2913 1822 3202 1876 ἀκόλουθα·
3256 1822 3295 1876 ἃ
3342 1841 3375 1876 κ

816 1915 987 1982 ipsum
1013 1926 1359 1984 agnoverunt,
1380 1926 1541 1985 atque
1560 1932 1626 1971 ex
1655 1917 2065 1971 circumcisione
2094 1917 2145 1969 in
2176 1915 2292 1985 ipsu

1899 1917 2065 1970 isione
2094 1917 2145 1969 in
2176 1915 2350 1985 ipsum
2450 1914 2616 1975 νοίας,
2639 1914 2698 1965 οὐ
2727 1913 2819 1965 τοῦ
2848 1913 3109 1983 παρόντος
3131 1914 3375 1983 τυγχάνε

813 2003 1176 2067 crediderunt,
1201 2014 1253 2058 et
1283 2007 1334 2058 id
1365 2006 1582 2075 quidem
1623 1991 1767 2076 quod
1800 2007 1866 2059 ad
1894 2005 2195 2075 expositum
2227 2019 2289 2058 or

1899 2005 2195 2075 expositum
2227 2019 2351 2058 ora-
2450 2003 2605 2055 Εἴποι
2637 2003 2680 2055 δ’
2710 2003 2772 2056 ἄν
2806 2020 2890 2065 τις
2915 2002 3051 2072 μετὰ
3075 2003 3174 2074 τὴν
3213 2004 3375 2055 Ἀσσι

812 2093 990 2146 culum
1018 2096 1267 2163 pertinet,
1304 2096 1458 2149 talem
1510 2096 1712 2150 exitum
1761 2097 1983 2163 invenit;
2018 2111 2135 2164 qua:
2171 2103 2288 2149 aute

1895 2097 1983 2163 nit;
2018 2111 2135 2164 qua:
2171 2103 2348 2149 autem
2448 2092 2754 2162 ἐπιδημίαν,
2787 2092 2905 2164 καθ’
2938 2092 3003 2161 ἣν
3037 2086 3182 2144 εἷλον
3217 2092 3284 2144 τὸ
3331 2093 3371 2144 Ἰ

812 2193 1110 2253 sequuntur
1133 2186 1300 2239 altero
1321 2194 1601 2256 assumpto
1622 2187 1776 2241 initio
1804 2187 2025 2255 legenda
2050 2193 2197 2248 sunt,
2229 2201 2288 2253 qu

1899 2187 2025 2240 anda
2050 2193 2197 2248 sunt,
2229 2200 2349 2253 qua
2444 2198 2542 2243 τας
2586 2181 2977 2244 ἐπαναστάσεις
3029 2183 3150 2234 κατ’
3202 2183 3375 2235 αὐτῶ*

808 2274 887 2326 sic
915 2275 1127 2342 quidem
1161 2289 1220 2329 se
1266 2272 1493 2329 habent:
1536 2295 1554 2326 ι
1579 2277 1833 2346 Assyrius
1878 2289 2000 2330 cum
2046 2275 2250 2328 venerit

1899 2289 2000 2328 :um
2046 2275 2250 2328 venerit
2289 2274 2343 2327 in
2444 2267 2657 2321 λοῦνται
2687 2268 2773 2322 διὰ
2814 2269 2919 2320 τῶν
2964 2269 3104 2321 ἑπτὰ
3155 2272 3375 2340 ποιμένι

806 2369 1003 2417 terram
1037 2373 1288 2428 vestram,
1336 2374 1390 2421 et
1441 2381 1565 2420 cum
1615 2365 1916 2422 ascenderit
1966 2364 2019 2417 in
2070 2364 2282 2432 regione

1899 2373 1916 2417 t
1966 2364 2019 2417 in
2070 2364 2341 2432 regionem
2442 2358 2748 2429 δηγμάτων
2774 2358 2947 2411 ταῦτα
2971 2359 3027 2411 δὲ
3053 2358 3327 2413 δύνασθαι
3352 2379 3375 2414 ε

806 2463 1057 2515 vestram,
1089 2455 1469 2508 excitabuntur
1497 2456 1549 2508 in
1581 2456 1730 2507 illum
1766 2460 1967 2521 septem
2000 2460 2264 2519 pastores,

1899 2467 1967 2506 3m
2000 2460 2264 2519 pastores,
2287 2458 2340 2505 et
2442 2449 2569 2519 ρίων
2608 2450 2974 2520 ἱστορηκότας,
3010 2445 3085 2502 ὧν
3117 2451 3213 2502 ἐπὶ
3256 2452 3375 2503 τέλε

803 2524 923 2596 οι·ιὸ
973 2558 1182 2599 morsus
1231 2544 1506 2598 hominum
1533 2546 1600 2608 ⁸⁸,
1632 2564 1652 2596 ι
1707 2551 1760 2598 et
1808 2544 2046 2611 reliqua;
2089 2555 2207 2609 qua:
2234 2556 2279 2608 qI

1899 2548 2046 2611 iqua;
2089 2555 2207 2609 qua:
2234 2554 2340 2608 quo
2439 2538 2904 2608 προφητευόμενον
2937 2540 3245 2606 γεγονέναι,
3302 2558 3375 2593 κα

802 2645 965 2686 sensu
1013 2633 1124 2686 sint
1174 2634 1507 2702 accipienda,
1567 2648 1671 2686 non
1723 2640 1806 2685 est
1852 2645 1996 2684 nunc
2049 2643 2278 2683 enarrari

1899 2645 1996 2683 unc
2049 2628 2339 2683 enarrandi
2441 2628 2697 2696 ποιμένας
2731 2629 2825 2680 καὶ
2852 2628 2920 2681 τὰ
2947 2629 3091 2681 ὀκτὼ
3116 2630 3375 2700 δήγματι

803 2716 973 2774 locus.
1038 2720 1241 2775 Dixerit
1290 2731 1465 2776 autem
1513 2722 1779 2790 quispiam
1834 2728 1954 2788 post
1993 2719 2277 2787 Assyrioru

1899 2728 1954 2773 st
1993 2719 2334 2787 Assyriorum
2442 2717 2608 2770 ϐάντα
2638 2720 2693 2770 ἐν
2722 2719 2965 2788 ὑστέροις
2985 2720 3204 2789 χρόνοις
3226 2722 3335 2791 τῆς
3356 2740 3375 2774 ε

803 2808 855 2860 in
887 2808 1125 2864 Judacam
1159 2812 1464 2875 adventum,
1502 2811 1661 2882 356
1694 2827 1801 2879 quo
1842 2809 2060 2865 Judaica
2094 2825 2226 2878 gens
2267 2825 2279 2862 ε

1894 2810 2060 2865 idaica
2094 2825 2226 2878 gens
2267 2809 2337 2863 ab
2441 2808 2646 2875 ἐφόδου.
2683 2808 2867 2861 Ταῦτα
2902 2810 2958 2862 δὲ
3002 2811 3271 2882 πλείστης
3299 2817 3370 2884 ἐρ

800 2897 906 2953 illis
938 2909 1092 2969 capta
1131 2910 1235 2964 est,
1268 2908 1375 2954 tam
1421 2903 1615 2954 multas
1669 2901 2005 2955 incursiones
2050 2906 2210 2967 atque
2252 2899 2276 2951 ἰ]

1669 2901 2005 2955 incursiones
2050 2906 2210 2967 atque
2252 2899 2336 2951 in-
2441 2895 2903 2968 πολυπραγμονεῖν
2931 2900 3144 2969 καιρός.

797 2991 1048 3048 solentias
1081 3003 1267 3049 contra
1316 2995 1435 3048 illos
1467 2995 1758 3056 exstitisse,
1785 3011 1945 3063 quam
1991 2995 2171 3047 multa:
2246 3001 2448 3062 septem
2491 2993 2798 3060 pastoribus
2846 3000 2900 3047 et
2946 3003 3073 3049 octo
3139 3000 3372 3053 morsib

796 3089 974 3136 autem
1033 3084 1159 3137 sciri
1200 3100 1356 3154 posse
1423 3085 1490 3138 ab
1537 3084 1604 3139 iis
1636 3087 1726 3142 aui
1771 3099 1857 3139 res
1895 3084 2239 3154 Assyriorum
2295 3085 2566 3137 memoria:
2613 3082 2949 3152 prodiderint
2994 3103 3009 3139 :
3078 3102 3331 3156 quorum

793 3191 902 3244 quo
932 3178 1205 3247 prophetae
1246 3180 1540 3246 loquuntur
1577 3179 1645 3233 de
1681 3177 1986 3233 Bethlehem
2034 3178 2325 3241 exstitisse,
2369 3184 2489 3246 post
2523 3187 2727 3245 septem
2751 3176 3005 3231 videlicet
3034 3191 3299 3249 pastores
3336 3201 3370 3238 e

793 3265 885 3332 qui
947 3266 1198 3337 Assyrios
1242 3271 1555 3334 invaserint,
1601 3270 1929 3340 temporibus
1979 3284 2098 3338 quae
2159 3269 2369 3322 illorum
2435 3269 2490 3322 in
2533 3266 2771 3322 Judaeam
2824 3284 3111 3327 accessum
3168 3276 3376 3331 subset

795 3357 906 3412 haec
952 3360 1235 3429 plurimam
1265 3363 1593 3432 postulantia
1619 3363 2035 3437 indagationem,
2066 3377 2172 3417 non
2216 3370 2300 3417 est
2338 3377 2488 3416 nunc
2514 3363 2787 3416 curiosius
2810 3362 3136 3432 explorandi
3163 3373 3371 3438 tempu

789 3493 834 3547 Δ
858 3493 1060 3561 psalmo
1095 3510 1276 3577 exist.
1309 3527 1377 3577 -έ
1405 3497 1668 3577 Quwrenti
1691 3497 1897 3577 “David
1950 3500 2190 3577 quisuum
2244 3499 2265 3551 ιι

1950 3500 2190 3577 ιιιιῑειιᾳηι
2244 3499 2320 3551 ιο·
2347 3508 2388 3564 c
2434 3498 2582 3577 ’Argd.
2612 3498 2858 3577 ψξαλέιοῖί
2888 3499 3117 3577 ρλαξ-
3142 3504 3375 3573 Πυθομ

857 3579 950 3616 cus
993 3573 1123 3639 esset
1166 3563 1420 3631 Ephrata,
1453 3570 1648 3639 inqua
1685 3566 1819 3620 Deus
1864 3563 2248 3639 praénuntiutus
2290 3584 2323 3620 α

1899 3563 2248 3639 ηὲηᾳηιίιιιιιε
2290 3584 2323 3620 a
2494 3569 2582 3633 ἄρ’
2610 3563 2701 3633 ἑιη
2786 3563 2900 3634 τῆξ
2923 3570 3032 3622 τοῦ
3065 3563 3375 3639 προκηρὶη

857 3632 1117 3700 prophetis
1166 3646 1485 3697 nasceretur,
1521 3632 1636 3700 ipsa
1678 3632 1960 3690 autemest
2006 3637 2320 3699 Bethlehem,

856 3698 948 3768 per
978 3698 1226 3765 Spiritum
1253 3716 1489 3755 sanctum
1520 3698 1907 3771 manifestatur.

862 3827 881 3859 ι
902 3807 1186 3870 Memento,
1223 3808 1465 3873 Domine,
1510 3812 1696 3875 David,
1725 3825 1779 3868 et
1805 3815 1980 3870 omnis
2008 3822 2322 3869 mansuetu-

788 3896 931 3952 dinis
952 3897 1104 3965 ejus:
1139 3897 1280 3952 sicut
1301 3898 1502 3966 juravit
1533 3901 1780 3964 Domino,
1818 3912 1999 3957 votum
2035 3905 2179 3958 vovit
2216 3903 2323 3956 Deo

784 3985 981 4041 Jacob:
1029 3985 1076 4040 si
1127 3985 1386 4041 introiere
1419 3990 1472 4043 in
1501 3991 1905 4045 tabernaculum
1935 3991 2124 4045 domus
2168 4007 2317 4051 ruere.

787 4077 835 4131 si
864 4073 1157 4138 ascendero
1184 4074 1237 4126 in
1273 4074 1469 4129 lectum
1512 4079 1668 4132 strati
1699 4080 1838 4133 mei:
1882 4081 1927 4132 si
1957 4078 2152 4132 dedero
2176 4093 2321 4131 som-

784 4182 914 4221 num
940 4164 1111 4220 oculis
1138 4164 1292 4227 meis,
1322 4176 1374 4220 et
1401 4168 1667 4236 palpebris
1687 4171 1818 4224 meis
1855 4168 2312 4232 dormitationem,

787 4255 866 4329 [et
902 4255 1142 4325 requiem
1172 4257 1502 4324 temporibus
1531 4258 1711 4330 meis,]
1743 4258 1916 4312 donec
1947 4259 2212 4312 inveniam
2242 4259 2322 4313 lo-

776 4363 909 4402 cum
968 4346 1218 4411 Domino,
1286 4348 1690 4401 tabernaculum
1749 4348 1858 4403 Deo
1918 4346 2104 4404 Jacob.
2182 4348 2320 4403 Ecce

783 4438 1090 4493 audivimus
1169 4452 1285 4491 eam
1366 4438 1422 4491 in
1502 4437 1754 4507 Ephrata,
1824 4439 2126 4494 invenimus
2201 4454 2318 4493 eam

782 4528 841 4584 in
903 4528 1107 4598 campis
1174 4526 1368 4596 sylvas:
1456 4527 1795 4581 introibimus
1858 4526 1914 4581 in
1974 4527 2320 4582 tabernacula

782 4619 923 4686 ejus,
964 4617 1308 4673 adorabimus
1366 4617 1421 4670 in
1487 4617 1605 4671 loco
1671 4616 1762 4671 ubi
1821 4625 2084 4673 steterunt
2159 4620 2320 4688 pedes

781 4708 981 4774 ejus".
1034 4727 1053 4759 ι
1092 4706 1226 4760 Tum
1309 4705 1560 4777 deinceps
1657 4707 1899 4778 adjungit
1945 4727 1957 4763 :
2034 4726 2053 4761 ι
2093 4708 2321 4778 Propter

2490 3652 2643 3706 σεως
2665 3637 2861 3706 τόπος,
2889 3639 2929 3706 ζὴ
2973 3637 3376 3706 Ἐφραθὰίαί

2489 3705 2654 3773 λεὲμ,
2685 3705 2780 3758 διὰ
2810 3705 2913 3759 τοῦ
2945 3705 3107 3761 θείου
3138 3712 3376 3781 Πνεύμι

2497 3832 2518 3862 ‹
2551 3814 2855 3883 Μνήσθητι,
2908 3814 3104 3886 Κύριε,
3154 3817 3257 3871 τοῦ
3328 3826 3373 3873 Δ

2420 3891 2724 3974 πραότητος
2762 3905 2946 3957 αὐτοῦ·
2989 3906 3067 3969 ὡς
3097 3906 3295 3978 ὤμοσε
3335 3930 3370 3964 τ

2420 3993 2539 4062 Θεῷ
2574 3993 2786 4046 Ἰακώϐ·
2816 3996 2879 4047 Et
2905 3996 3297 4069 εἰσελεύσομαι
3322 4006 3376 4055 εἰ

2420 4085 2469 4134 εί
2500 4084 2841 4155 ἀναϐήσομαι
2888 4088 2981 4139 ἐπὶ
3020 4087 3215 4159 κλίνης
3267 4110 3376 4165 στρ

2424 4172 2588 4226 ὕπνον
2630 4178 2744 4238 τοῖς
2788 4176 3085 4247 ὀφθαλμοῖς
3137 4196 3270 4249 μου,
3315 4202 3376 4237 κε

2421 4264 2749 4333 νυσταγμὸν,
2778 4266 2884 4329 ἕως
2916 4262 2977 4319 οὗ
3006 4267 3168 4338 εὕρω,
3192 4272 3376 4329 τόπον

2418 4351 2497 4420 τῷ
2523 4352 2640 4421 Θεῷ
2680 4354 2893 4410 Ἰακώϐ.
2932 4358 3064 4412 Ἰδοὺ
3087 4361 3376 4436 ἡκούσαμι

2421 4440 2647 4511 εὕρομεν
2676 4444 2847 4515 αὐτὴν
2875 4447 2933 4499 ὲν
2954 4450 3068 4512 τοῖς
3089 4450 3308 4516 πεδίοις
3333 4474 3376 4509 τι

2424 4528 2561 4598 μεθα
2603 4533 2683 4593 εἰς
2720 4532 2791 4586 τὰ
2841 4536 3180 4608 σκηνώματα
3221 4544 3372 4599 αὐτο

2416 4618 2506 4670 τὸν
2552 4620 2734 4685 τόπον,
2775 4618 2838 4675 οὗ
2882 4626 3118 4697 ἔστησαν
3162 4634 3217 4685 οἱ
3267 4638 3376 4691 πόδ

2419 4707 2672 4776 ἐπιλέγει·
2689 4727 2710 4762 ι
2723 4711 2950 4767 Ἕνεκεν
2966 4720 3133 4774 Δαϐὶδ
3154 4724 3253 4778 τοῦ
3278 4727 3376 4782 δού

784 4793 951 4850 David
998 4812 1210 4853 servum
1254 4804 1425 4864 tuum,
1485 4813 1555 4853 ne
1600 4804 1814 4854 avertas
1863 4799 2051 4856 faciem
2119 4799 2260 4855 Chris

1898 4799 2051 4856 aciem
2119 4799 2316 4855 Christi
2349 4817 2393 4874 ο
2417 4797 2523 4869 ψῃς
2559 4798 2622 4851 τδ
2660 4803 2954 4875 πρόσωπον
2983 4809 3081 4863 τοῦ
3117 4814 3374 4885 Χριστοῦ

785 4885 886 4939 tui.
926 4886 1131 4942 Juravit
1190 4888 1444 4942 Dominus
1516 4887 1681 4941 David
1733 4889 2035 4954 veritatem,
2102 4898 2156 4946 et
2212 4905 2318 4943 non

786 4972 1131 5029 frustrabitur
1176 4993 1319 5041 eum,
1380 4980 1444 5033 de
1496 4977 1673 5032 fructu
1720 4982 1924 5036 ventris
1981 4982 2059 5040 tui
2123 4992 2317 5050 ponam

789 5074 951 5127 super
978 5063 1155 5116 sedem
1185 5072 1330 5120 tuam
1350 5069 1415 5122 ⁸⁸.
1444 5088 1461 5120 ι
1491 5068 1557 5121 Et
1578 5068 1820 5140 adiungit
1844 5070 1929 5126 his
1952 5071 2076 5124 item
2100 5070 2314 5125 dicens:

791 5165 812 5199 ι
841 5147 971 5201 llluc
1017 5150 1305 5217 producam
1350 5173 1517 5215 cornu
1567 5158 1755 5224 David,
1811 5162 1994 5230 paravi
2040 5161 2311 5215 lucernam

787 5232 1005 5288 Christo
1051 5250 1199 5288 meo:
1253 5238 1498 5316 inimicos
1541 5247 1660 5314 ejus
1702 5248 1919 5303 induam
1972 5247 2309 5309 confusione,

788 5336 951 5391 super
980 5321 1153 5390 ipsum
1190 5335 1362 5380 autem
1395 5331 1648 5390 eﬂlorebit
1680 5339 2033 5393 sanctiﬁcatio
2063 5352 2176 5391 mea
2195 5336 2260 5390 “.
2288 5354 2306 5386 ι

786 5411 960 5466 Etiam
983 5410 1096 5464 hac
1127 5416 1401 5483 prophetia
1422 5434 1541 5474 cum
1573 5430 1845 5494 superiore
1869 5428 2176 5489 concordat,
2196 5440 2314 5496 qua:

855 5564 896 5595 ⁸¹
938 5563 1097 5620 Mich.
1122 5580 1175 5629 v,
1208 5564 1259 5619 5.
1332 5569 1376 5600 ⁸²
1406 5569 1544 5627 Psal.
1585 5576 1702 5642 l3],
1740 5581 1841 5638 1-7.
1915 5586 1960 5617 ”
1994 5583 2125 5640 ibid.
2157 5583 2241 5645 10,
2284 5582 2370 5637 ll.

2417 4886 2578 4940 Δαὸὶδ
2597 4888 2902 4982 *ἀλήθειαν
2948 4902 3046 4955 καὶ
3094 4906 3158 4958 οὐ
3210 4910 3290 4981 μὴ
3325 4914 3376 4982 δέ

2414 4977 2626 5073 scopum")
2652 4982 2756 5053 τῆς
2780 4988 2991 5054 κοιλίας
3016 5009 3114 5046 σου
3146 4977 3376 5073 θήήσομα

2413 5069 2518 5121 Καὶ
2541 5071 2792 5148 ἐπιφέρει
2807 5081 3018 5148 τούτοις
3039 5088 3236 5157 λέγων·
3279 5069 3309 5145 ι.
3328 5099 3376 5152 Ἐ

2526 5161 2716 5231 dum,
2763 5170 3042 5243 ἡτοίμασα
3075 5156 3274 5251 λύχνον
3327 5205 3376 5240 τι

2410 5248 2647 5354 ξγθροὺς.
2676 5262 2846 5354 αὐτοῦ
2890 5268 3098 5325 ἐνδύσω
3136 5248 3376 5354 αἰσχύνη

2411 5337 2564 5433 θήσει
2600 5347 2663 5401 τὸ
2698 5352 2951 5430 ἁγίασμά
2981 5378 3104 5433 μου.
3137 5386 3156 5419 ι
3192 5337 3376 5427 Σύνώέ

2410 5431 2445 5501 ἡ
2479 5439 2739 5523 παροῖξσα
2772 5431 3104 5524 προφητεία,
3140 5460 3204 5515 ὲκ
3235 5432 3376 5537 Βηθλ

2448 5584 2489 5616 ⁸⁴⁸
2528 5587 2666 5653 ibid.
2712 5601 2802 5672 Π,
2850 5608 2934 5665 l8.
