3738 6308
153 392 238 449 με
986 398 1625 458 DEMONSTRATIONIS
1665 402 2112 459 evascwcm
2152 405 2280 461 us.
2322 406 2433 463 vn.
3191 421 3294 479 sta

157 524 287 582 μενον
309 506 430 559 Θεὸν
458 508 883 577 προελεύσεσθαι
912 514 1259 584 σημαίνουσα.
1297 516 1461 569 Τοῦτο
1493 517 1547 570 δὲ
1570 513 1628 571 οῦ

1761 516 1909 571 illum
1940 516 2129 581 Deum,
2159 519 2251 587 qui
2282 519 2562 575 nuntiatur
2589 532 2870 594 venturus,
2897 529 2963 586 de
2984 529 3292 592 Bethlehem

151 598 256 652 αὐτὸ
302 597 385 649 καὶ
425 598 453 650 ὁ
500 598 687 665 Δαὸὶδ,
735 602 997 672 πρότερον
1038 603 1133 673 μὲν
1172 605 1397 672 ἀγνοῶν,
1448 606 1633 676 εῦχετα

1758 622 2169 678 progressurum
2204 609 2491 681 signiﬁcat.
2543 614 2719 682 Ipsum
2776 618 2878 674 hoc
2928 623 3090 693 igitur
3125 623 3291 679 David

153 689 276 760 παρὰ
308 687 395 740 τοῦ
436 688 568 741 Θεοῦ
615 690 829 759 μαθεῖν,
866 689 965 746 εἴτ’
1006 693 1294 765 εὐξάμενος
1334 698 1633 750 παιδεύεται

1758 714 1988 767 quoque,
2021 698 2171 768 prius
2220 701 2433 769 quidem
2465 701 2744 772 ignorans.
2774 720 2923 779 optat
2950 687 3175 772 vdiseere
3222 716 3289 770 ab

159 777 338 846 Ἐπειδὴ
358 777 461 847 γὰρ
480 778 747 850 τετύχηκε
775 783 1018 852 χρησμοῦ
1050 785 1137 837 τοῦ
1165 786 1296 855 πρὸς
1321 785 1476 839 αὐτὸν
1504 788 1560 840 ἐν
1582 789 1633 857 τί

1760 785 1874 853 ipso
1904 784 2029 848 Deo,
2061 794 2171 839 tum
2207 803 2334 841 vero
2371 789 2463 842 ubi
2502 793 2702 860 optavit
2744 777 2974 866 votoque
3019 803 3283 873 poposcit,

147 868 310 938 ψαλμῷ
341 869 624 938 φήσαντος,
666 890 685 921 ‹
733 872 827 925 Ἐκ
858 874 1065 941 καρποῦ
1096 875 1191 943 τῆς
1219 875 1419 938 κοιλίας
1453 894 1542 928 σου
1567 877 1657 947 θή-

150 976 280 1029 σομαι
309 959 392 1012 ἐπὶ
423 959 513 1011 τὸν
541 960 734 1030 θρόνον
764 980 877 1026 σου,
917 984 935 1014 ι
975 966 1066 1017 καὶ
1096 962 1267 1029 αὖθις,
1318 985 1335 1018 ι
1386 969 1529 1022 Ἐκεῖ
1572 969 1656 1036 ἐξ·

144 1049 347 1103 ανατελῶ
366 1050 526 1118 κέρας
549 1050 631 1119 τῷ
643 1053 828 1114 Δαϐὶδ,
851 1055 1114 1124 ήτοίμασα
1139 1056 1324 1125 λύχνον
1345 1058 1421 1127 τῷ
1441 1061 1653 1131 Χριστῷ

142 1156 249 1209 μου,
276 1159 293 1191 ›
319 1139 529 1201 εἰκότως
564 1143 902 1210 προσπίπτει
930 1143 1006 1213 τῷ
1037 1144 1172 1215 Θεῷ,
1208 1147 1298 1198 καὶ
1336 1150 1652 1218 προσπεσὼν

139 1227 213 1278 ἐπ’
236 1227 439 1293 ἐδάφους
475 1229 794 1280 ποτνιᾶται·
850 1229 941 1281 ἐπὶ
992 1229 1167 1281 πλέον
1189 1231 1242 1283 δὲ
1272 1234 1336 1301 τῇ
1381 1237 1649 1304 προσευχῇ

139 1314 510 1390 προσκαρτερῶν
536 1316 738 1384 ὄμνυσι
770 1317 849 1386 τῷ
875 1317 1011 1387 Θεῷ,
1048 1318 1121 1389 μὴ
1147 1320 1400 1390 πρότερον
1429 1321 1653 1374 εἰσελεύ-

139 1406 290 1458 σεσθαι
325 1407 397 1466 είς
439 1406 706 1474 σκήνωμα
741 1406 894 1458 οἴκου
932 1407 1115 1470 αὑτοῦ,
1156 1409 1287 1479 μηδὲ
1326 1409 1511 1463 δώσειν
1540 1415 1650 1474 τοῖς

136 1493 384 1564 ὀφθαλμοῖς
429 1495 592 1547 αὐτοῦ
644 1495 837 1560 ὕπνον,
888 1498 981 1549 καὶ
1022 1500 1131 1561 τοῖς
1168 1498 1449 1570 βλεφάροις
1486 1501 1647 1553 αὑτοῦ

135 1585 410 1654 νυσταγμὸν,
452 1585 585 1654 μηδὲ
627 1586 999 1656 ἀναϐήσεσθαι
1030 1589 1120 1639 ἐπὶ
1152 1588 1333 1658 κλίνης
1367 1592 1648 1661 στρωμνῆς

136 1674 288 1737 αὐτοῦ,
316 1673 518 1726 κεῖσθαι
542 1675 600 1726 δὲ
634 1678 820 1744 χαμαὶ
853 1676 1274 1746 προσκυνοῦντα,
1308 1680 1400 1731 καὶ
1426 1678 1646 1732 ποτνιώ-

137 1778 289 1829 μενον,
318 1761 420 1814 ἐστ⁹
450 1761 515 1814 ἂν
544 1761 682 1832 εὕρῃ
716 1765 885 1816 τόπον
916 1763 991 1833 τῷ
1023 1766 1226 1834 Κυρίῳ,
1261 1767 1354 1818 καὶ
1387 1768 1645 1836 σκήνωμα

1760 875 1810 928 id
1847 874 2021 943 ipsum
2048 876 2302 943 docetur,
2334 877 2490 950 347
2521 877 2807 953 Postquam
2837 889 2978 940 enim
3010 893 3284 945 oraculum

1761 966 1989 1033 accepit,
2017 965 2157 1033 quod
2190 966 2255 1020 ad
2285 967 2458 1036 ipsum
2495 968 2546 1021 in
2580 973 2784 1038 psalmo
2815 976 2924 1039 ait,
2963 995 2981 1027 ί
3013 978 3083 1033 De
3107 981 3284 1035 fructu

1753 1056 1952 1109 ventris
1983 1057 2059 1109 tui
2091 1071 2283 1126 ponam
2314 1073 2474 1126 super
2499 1061 2674 1113 sedem
2720 1071 2900 1129 tuam;
2926 1083 2947 1117 ι
2984 1074 3036 1120 et
3072 1084 3281 1135 rursus,

1760 1161 1777 1191 ι
1807 1143 1934 1197 llluc
1976 1146 2266 1213 producam
2308 1162 2475 1200 cornu
2530 1147 2722 1213 David,
2776 1155 2961 1222 paravi
3005 1157 3281 1212 lucernam

1751 1235 1968 1288 Christo
1998 1250 2138 1298 meo,
2170 1255 2189 1287 ι
2240 1236 2434 1290 merito
2481 1241 2784 1307 procumbit
2823 1244 2924 1313 ipsi
2958 1244 3084 1307 Deo,
3124 1256 3284 1316 atque

1753 1324 1822 1374 ita
1856 1322 2062 1377 haerens
2087 1325 2221 1387 solo,
2249 1326 2516 1395 supplicat
2540 1336 2592 1381 ct
2621 1339 2908 1398 precatur:
2940 1335 3151 1404 longius
3181 1351 3279 1389 au-

1752 1417 1854 1463 tom
1885 1413 2330 1482 constantiusque
2370 1414 2425 1467 in
2463 1417 2704 1471 oratione
2740 1434 3109 1489 perseverans,
3135 1424 3283 1492 jurat

1750 1498 1877 1561 Deo.
1930 1517 2036 1554 non
2077 1503 2227 1570 prius
2279 1518 2337 1559 se
2385 1506 2749 1575 ingressurum
2794 1512 2849 1563 in
2881 1513 3281 1567 tabernaculum

1748 1586 1938 1641 domus
1968 1604 2098 1651 suae,
2128 1605 2300 1659 neque
2343 1590 2592 1647 daturum
2631 1597 2803 1651 oculis
2845 1598 2959 1652 suis
3006 1615 3277 1664 somnum,

1745 1681 1797 1727 et
1823 1676 2090 1743 palpebris
2112 1679 2225 1733 suis
2248 1680 2700 1747 dormitationem,
2730 1700 2903 1754 neque
2924 1703 3277 1744 ascensurum

1747 1764 1798 1816 in
1845 1765 2039 1818 lectum
2070 1767 2221 1820 strati
2268 1770 2372 1832 sui,
2409 1771 2556 1824 humi
2580 1781 2806 1827 stratum
2840 1778 3062 1846 soloque
3092 1780 3276 1834 adita:-

133 1849 193 1921 τῷ
217 1850 317 1920 Θεῷ
349 1850 559 1912 Ἰακὼϐ,
593 1850 747 1902 τοῦτ’
775 1852 918 1906 ἔστιν
939 1853 1039 1918 ἓως
1062 1854 1126 1907 ἂν
1147 1854 1311 1925 μάθῃ,
1335 1855 1423 1907 τοῦ
1446 1858 1633 1927 Κυρίοι

1746 1858 1968 1916 rentem,
1999 1870 2167 1925 eoque
2216 1858 2375 1912 modo
2427 1861 2739 1916 adorantem
2785 1881 2847 1918 ac
2888 1869 3278 1937 supplicantem

132 1940 489 2010 φανερώσαντος
521 1940 696 2010 αύτῷ,
726 1941 828 2011 τὴν
849 1943 1056 2010 γένεσιν
1080 1944 1171 1997 τοῦ
1193 1945 1443 2015 Χριστοῦ·
1479 1945 1639 2009 εύξά-

131 2044 255 2096 μενος
280 2027 349 2089 δὲ,
384 2031 473 2081 καὶ
512 2028 751 2081 τοιαῦτα
774 2030 971 2096 γνῶναι
1004 2030 1262 2101 ποθήσας,
1297 2033 1395 2085 οὐκ
1424 2035 1501 2096 είς
1536 2051 1640 2103 μα-

1743 1955 2080 2007 mansurum,
2111 1944 2280 1999 donec
2312 1947 2548 2002 inveniat
2600 1951 2774 2005 locum
2820 1954 3066 2021 Domino,
3095 1966 3149 2011 et
3190 1970 3275 2013 ta-

1742 2030 2088 2086 bernaculum
2148 2035 2254 2089 Deo
2313 2035 2499 2103 Jacob,
2544 2041 2645 2095 hoc
2717 2051 2820 2107 est,
2862 2045 3033 2100 donec
3080 2047 3274 2112 discat,

1742 2118 1970 2174 Domino
2001 2123 2105 2175 sibi
2137 2124 2430 2193 indicante,
2461 2127 2634 2197 ipsius
2665 2130 2863 2187 Christi
2895 2144 3106 2191 ortum:
3150 2154 3276 2194 cum

1741 2217 1914 2259 autem
1946 2218 2072 2262 voto
2102 2211 2153 2263 id
2184 2215 2528 2280 postulasset,
2566 2226 2618 2271 et
2649 2220 2772 2273 talia
2808 2236 3135 2292 cognoscere
3175 2242 3274 2281 ex-

1740 2296 2037 2362 petivisset,
2071 2300 2210 2353 haud
2243 2301 2315 2354 ita
2347 2306 2515 2358 multo
2547 2315 2689 2375 post,
2745 2324 2865 2378 qua)
2896 2311 3073 2367 futura
3118 2326 3273 2370 erant

1737 2383 1918 2438 divino
1946 2386 2218 2443 indicante
2251 2388 2449 2459 Spiritu
2481 2399 2894 2464 contemplatur,
2927 2404 3122 2472 quippe
3146 2421 3270 2459 cum

1737 2474 1853 2527 suis
1870 2473 2013 2530 Deus
2042 2478 2314 2546 pollicitus
2343 2483 2433 2546 sit,
2462 2499 2523 2538 se
2550 2489 2779 2555 amplius
2803 2489 3085 2559 loquentes
3104 2510 3271 2549 exau-

1736 2563 1992 2619 diturum.
2029 2568 2213 2637 itaque
2247 2571 2323 2623 illi
2356 2572 2409 2625 in
2432 2574 2575 2628 hunc
2600 2579 2817 2631 modum
2849 2583 3123 2648 exaudito,
3154 2600 3275 2639 ora-

1735 2654 1914 2707 culum
1944 2655 2205 2722 redditur,
2257 2675 2364 2727 quo
2413 2663 2529 2731 ipsa
2576 2663 2881 2721 Bcthlehem
2927 2670 3268 2741 inclamatur,

1734 2749 1986 2811 tanquam
2021 2745 2130 2799 illic
2160 2747 2314 2802 locus
2345 2748 2592 2812 Domino.
2624 2764 2680 2807 et
2714 2757 3125 2812 tabernaculum
3154 2760 3266 2814 Deo

1733 2829 2294 2891 Jacobconstituenda
2345 2840 2471 2894 sint.
2540 2841 2663 2897 Haec
2705 2845 2869 2915 igitur
2912 2849 3003 2902 ubi
3050 2849 3267 2906 divinus

130 2917 249 2985 δῆλόν
276 2921 376 2972 ὲστι
405 2920 510 2972 ἀπὺ
543 2920 642 2989 τῆς
677 2918 972 2981 Γενέσεως,
1008 2919 1133 2972 ἔνθα
1158 2922 1282 2990 «περὶ
1302 2922 1399 2990 τῆς
1440 2924 1633 2993 Ῥαχὴλ

1735 2923 1968 2990 Spiritus
1993 2928 2133 2996 apud
2162 2943 2219 2983 se
2252 2929 2424 2997 ipsum
2452 2933 2669 2999 cecinit,
2699 2936 2810 3004 ipse
2834 2938 3071 3007 seipsum
3103 2956 3269 2995 exau-

132 3008 325 3077 εἴρηται,
378 3010 455 3062 ὅτι
506 3029 523 3060 ι
559 3007 816 3076 Ἔθαψαν
867 3008 1030 3078 αὐτὴν
1088 3011 1145 3061 ὲν
1193 3009 1268 3080 τῷ
1322 3012 1632 3082 ἱπποδρόμῳ

1734 3009 1886 3065 diens
1934 3013 2197 3083 adjungit,
2228 3036 2246 3066 ι
2283 3016 2417 3072 Ecce
2444 3021 2746 3078 audivimus
2772 3040 2887 3078 eam
2919 3027 2972 3080 in
3002 3027 3263 3098 Ephrata:

140 3094 351 3165 Ἐρραθὰ,
384 3098 517 3169 αῦτη
553 3098 675 3150 emt
716 3097 983 3166 Βηθλεέμ.
1023 3117 1041 3149 ι
1081 3099 1189 3151 Καὶ
1222 3101 1254 3169 ὴ
1296 3100 1631 3194 πρὸ-ταύτης

1738 3114 1756 3145 ι
1787 3097 2017 3166 prrata
2048 3118 2177 3157 vero
2223 3105 2410 3194 eadem
2459 3115 2541 3161 est
2576 3118 2630 3163 et
2663 3111 2968 3167 Bethlehem
2996 3132 3010 3179 ;
3042 3094 3181 3171 sicut
3211 3119 3264 3171 in

192 3188 398 3255 περιεῖχε
430 3186 762 3257 προφητεία·
799 3204 816 3235 ‹
849 3187 959 3238 Καὶ
992 3185 1076 3247 σὺ,
1112 3185 1351 3257 Βηθλεὲμ
1375 3184 1517 3264 οἶκος
1539 3192 1629 3243 τοῦ

1734 3190 1925 3246 Genesi
1977 3201 2209 3256 constat,
2248 3195 2337 3248 ubi
2389 3180 2456 3250 de
2485 3197 2684 3254 Rachel
2727 3201 2930 3257 dictum
2980 3214 3103 3260 est:
3139 3225 3157 3257 ι
3200 3208 3266 3262 Ει

137 3270 345 3340 Ἑφραθά.
379 3295 494 3325 »-«
520 3278 676 3338 Ἰδοὺ,
711 3276 893 3344 φησὶν,
922 3294 941 3325 ι
972 3274 1276 3345 ἠκούσαμεν
1290 3279 1470 3347 αὐτήνο
1498 3300 1515 3331 ι
1541 3280 1631 3349 δῆ-

1734 3282 2058 3351 sepelierunt
2110 3298 2226 3338 eam
2255 3284 2309 3338 in
2352 3286 2704 3355 hippodromo
2760 3290 3011 3361 Ephrata,
3046 3298 3155 3350 haec
3183 3309 3266 3352 est

129 3359 194 3411 λον
219 3363 255 3414 δ’
281 3364 352 3416 δτι
382 3365 475 3435 τὴν
501 3364 595 3417 τοῦ
626 3362 869 3434 Χριστοῦ
900 3363 1129 3431 γένεσιν,
1155 3365 1246 3416 καὶ
1272 3364 1367 3434 τὴν
1386 3366 1478 3418 τοῦ
1500 3367 1629 3420 Θεοῦ

1734 3370 2034 3424 Bethlehem
2057 3371 2124 3425 ⁸⁸.
2196 3380 2234 3423 ἰ
2258 3373 2322 3426 Et
2370 3377 2618 3444 superior
2682 3359 2961 3447 prophetia
3031 3383 3265 3439 habebat

135 3451 286 3504 Ἰακὼὸ
314 3456 745 3525 κατασκήνωσιν.
790 3454 946 3505 Ποῖον
976 3452 1020 3503 δ’
1069 3453 1134 3505 ἃν
1169 3453 1252 3524 εἴη
1285 3455 1343 3506 τὸ
1376 3457 1633 3525 σκήνωμα

1734 3458 1861 3512 illud
1884 3477 1897 3512 :
1928 3478 1947 3509 ι
1968 3458 2034 3512 Et
2063 3469 2118 3513 tu
2144 3460 2448 3517 Bethiehem
2475 3465 2666 3521 domus
2690 3467 2974 3536 Ephrataa
2996 3490 3090 3521 -ι
3107 3472 3261 3537 Ecce.

126 3538 197 3590 τοῦ
231 3542 345 3596 Θεοῦ
394 3539 587 3597 Ἰακὼὸ
626 3543 661 3614 ἢ
696 3543 757 3596 τὸ
789 3542 945 3613 σῶμα
975 3541 1067 3595 τοῦ
1100 3544 1331 3628 Χριστοῦ
1367 3544 1426 3596 τὸ
1468 3547 1524 3597 ὲν
1555 3545 1631 3614 τῷ

1735 3546 1931 3615 inquit,
1982 3548 2284 3602 audivimus
2316 3566 2432 3604 eam
2481 3552 2560 3605 "z
2600 3572 2617 3604 ι
2646 3563 2858 3609 constat
2909 3567 3082 3612 autem
3119 3563 3262 3628 quod

126 3630 240 3700 τόπῳ
260 3635 346 3704 τῆς
373 3634 618 3704 Βηθλεὲμ
642 3633 1070 3703 γεγεννημένονς
1093 3634 1149 3685 ὲν
1173 3626 1216 3700 ᾧ
1241 3634 1314 3697 ὡς
1335 3637 1391 3687 ὲν
1423 3634 1629 3705 σκηνώ-

1734 3650 1821 3702 per
1849 3637 1978 3689 illud
2019 3651 2138 3690 eam
2168 3637 2372 3694 Christi
2399 3641 2662 3710 originem
2692 3644 2963 3714 intelligit,
2991 3655 3045 3702 et
3087 3626 3260 3718 ipsius

129 2118 235 2187 κραν
254 2117 322 2186 τῷ
351 2117 474 2187 θείῳ
507 2118 806 2188 Πνεύματι
827 2118 894 2171 τὰ
921 2119 1174 2188 μέλλοντα
1196 2120 1409 2175 ἔσεσθαι
1431 2121 1637 2193 θεωρεῖ,

130 2204 201 2256 τοῦ
214 2204 327 2257 Θεοῦ
357 2208 463 2267 τοῖς
492 2205 731 2268 οἰκείοις
757 2206 1211 2276 ἐπαγγειλαμένου
1236 2208 1313 2261 ἔτι
1341 2225 1404 2276 γε
1426 2209 1642 2262 λαλούν-

128 2308 210 2344 nov
235 2292 626 2345 ἑπακούσεσθαι.
689 2293 1085 2358 Ἐπακουσθεὶς
1128 2295 1258 2366 δῆτα
1304 2297 1639 2362 καταξιοῦται

128 2382 325 2452 χρησμοῦ
355 2383 445 2452 τήν
478 2382 739 2453 Βηθλεὲμ
761 2383 1145 2450 ἐπιφωνοῦντος
1168 2386 1329 2455 αὐτῷ,
1355 2387 1429 2450 ὡς
1458 2388 1522 2441 ἂν
1553 2390 1637 2439 ὲν-

131 2471 226 2524 θὰδε
251 2473 389 2526 τοῦτό
419 2489 519 2526 που
548 2472 645 2525 τοῦ
682 2472 920 2543 Κυρίου,
947 2475 1040 2526 καὶ
1060 2474 1151 2527 τοῦ
1176 2475 1519 2546 σκηνώματος
1547 2479 1635 2531 τοῦ

131 2561 233 2614 Θεοῦ
283 2562 461 2615 Ἰακὼὸ
507 2561 941 2631 συστησομένου.
997 2563 1176 2616 Ταῦτα
1218 2567 1499 2636 τοιγαροῦν
1544 2568 1637 2619 τοῦ

131 2649 241 2705 θείου
275 2653 568 2724 Πνεύματος
602 2656 662 2707 ὲν
711 2653 859 2724 αὐτῷ
891 2653 1259 2717 θεσπίσαντος,
1286 2655 1444 2717 αὐτὸς
1475 2656 1634 2708 αὑτοῦ

131 2742 381 2805 ἐπακούσας
427 2743 689 2809 ὲπιλέγεισ
762 2761 780 2791 ι
833 2742 958 2795 Ἰδοὺ
1005 2742 1309 2811 ἠκούσαμεν
1361 2744 1524 2814 αὐτὴν
1578 2747 1634 2796 ἐν

140 2830 348 2900 Ἑφραθά.
378 2850 395 2882 δ
429 2832 675 2903 Ἐξρραθὰ
718 2832 774 2884 δὲ
806 2834 838 2902 ὴ
872 2833 1004 2902 αὐτή
1040 2834 1152 2883 ἐστι
1184 2835 1246 2902 τῇ
1280 2832 1536 2902 Βηθλεὲμ,
1561 2835 1631 2899 ὼς

1725 3725 1818 3779 Dei
1840 3724 2025 3788 Jacob,
2060 3726 2464 3783 habitationem.
2504 3730 2605 3785 Sed
2622 3747 2740 3801 quas
2766 3735 2978 3789 tandem
3004 3737 3115 3792 haec
3143 3738 3232 3794 fue

1723 3818 1792 3869 rit
1823 3818 2083 3871 habitatio
2124 3818 2214 3872 Dei
2241 3817 2427 3886 Jacob,
2461 3822 2563 3877 nisi
2593 3824 2762 3893 ipsius
2798 3826 2997 3882 Christi
3028 3844 3249 3900 corpus,

1722 3906 1866 3974 quod
1925 3906 1980 3959 in
2033 3905 2340 3961 Bethlebem
2386 3916 2570 3961 natum
2612 3919 2717 3977 est,
2748 3913 2801 3965 in
2850 3929 2957 3983 quo
3000 3924 3254 3988 tanquam

1723 3992 1777 4045 in
1806 3993 2173 4054 tabernaculo,
2206 3994 2348 4047 unici
2383 3995 2473 4048 tilii
2502 3996 2763 4053 divinitas
2793 4001 3091 4058 habitavit?
3142 4006 3253 4062 Ca-

127 3736 242 3787 ματι,
280 3726 309 3793 ή
348 3724 532 3794 θεότης
563 3724 663 3777 τοῦ
709 3721 1039 3791 Μονογενοῦς
1080 3724 1471 3793 κατεσκήνωσε.
1521 3724 1629 3794 Οὐχ

124 3810 269 3875 ἁπλῶς
299 3813 351 3865 δὲ
401 3812 560 3878 Θεοῦ,
612 3811 754 3866 ἀλλὰ
807 3798 943 3881 μετά
988 3810 1297 3881 προσθήκης
1346 3812 1440 3881 τῆς
1483 3831 1501 3860 ‹
1539 3813 1628 3865 τοῦ

123 3897 224 3951 θεοῦ
263 3902 459 3967 Ἰακὼϐ,
499 3923 519 3954 ι
555 3904 780 3971 λέγεται
808 3902 869 3954 τὸ
895 3903 1155 3973 σκήνωμα
1187 3899 1341 3966 εἶναι,
1364 3902 1449 3955 διὰ
1473 3904 1531 3956 τὸ
1554 3904 1626 3974 μή

118 3987 214 4039 ἄλλο
230 3986 421 4046 εἶναιτὸ
441 3993 739 4064 σκηνῶσαν
773 3994 829 4044 ὲν
867 3991 1012 4061 αὐτῷ
1041 3992 1073 4061 ἢ
1108 3992 1195 4043 τὸν
1224 3992 1303 4061 τῷ
1346 3992 1534 4045 Ἰακὼὸ
1568 3996 1626 4046 ὲν

121 4073 355 4145 ἀνθρώπου
383 4081 513 4133 εῖδει
548 4081 649 4133 καὶ
683 4081 920 4150 σχήματι
932 4078 1159 4147 ὀφθέντα
1188 4079 1337 4144 Θεὸν,
1362 4081 1426 4133 δι’
1456 4081 1512 4133 ὃν
1533 4083 1625 4134 καὶ

116 4159 191 4228 τῆς
215 4165 296 4217 ἐπὶ
313 4166 387 4236 τῷ
401 4169 621 4239 Ἰσραὴλ
642 4169 1024 4237 προσωνυμίας
1045 4167 1267 4240 ἠξιώθη,
1289 4170 1440 4237 ὀρῶν
1459 4173 1621 4224 Θεόν·

1731 4090 1906 4135 terum
1955 4096 2061 4134 non
2120 4082 2437 4151 simpliciter
2474 4083 2591 4145 Dei.
2642 4090 2735 4143 sed
2789 4104 2912 4143 cum
2962 4093 3253 4157 additione,

1728 4189 1746 4221 ι
1770 4169 1863 4224 Dei
1885 4169 2053 4225 Iacob
2066 4171 2109 4203 ⁸⁷
2146 4190 2165 4221 ι
2194 4172 2599 4228 tabernaculum
2626 4192 2747 4232 esse
2759 4179 2976 4243 dicitur,
3010 4190 3257 4251 propter-

115 4248 238 4303 τοῦτο
260 4255 359 4325 γὰρ
382 4257 749 4327 ἑρμηνεύεται
767 4256 828 4308 τὸ
847 4256 1014 4327 ὄνομα
1043 4257 1506 4327 προσαγορευθείς·
1529 4260 1624 4312 οὐκ

1734 4274 1785 4313 ea
1833 4259 1973 4329 quod
2005 4274 2112 4315 non
2156 4260 2301 4315 aliud
2344 4263 2414 4317 sit
2442 4265 2733 4333 quidquam
2765 4270 2907 4337 quod
2940 4272 2993 4324 in
3014 4248 3126 4326 nn;
3153 4273 3252 4331 ba-

112 4339 236 4392 ἆλλον
252 4343 301 4397 δὲ
324 4346 447 4400 ὄντα
479 4348 575 4400 τοῦ
600 4346 736 4399 Θεοῦ
761 4347 934 4415 Λόγου
961 4345 1049 4398 τὸν
1081 4347 1157 4416 τῷ
1190 4347 1376 4400 Ἰακὼὸ
1397 4347 1624 4417 ὀφθέντα

1734 4350 1873 4411 bitet,
1910 4363 2069 4418 quam
2101 4350 2149 4404 is
2173 4348 2315 4405 Deus
2342 4355 2434 4421 qui
2473 4353 2575 4423 ipsi
2599 4354 2766 4412 Jacob
2790 4359 2842 4413 in
2873 4360 3106 4416 hominis
3132 4376 3252 4430 spe-

111 4431 155 4479 ἑν
177 4436 274 4497 τοῖς
314 4437 547 4508 πρώτοις
588 4437 691 4506 τῆς
736 4437 873 4507 μετὰ
916 4439 1101 4507 χεῖρας
1144 4438 1441 4502 ὑποθέσεως
1486 4456 1623 4510 παρ-

1734 4439 1803 4492 cie
1831 4454 1894 4494 ac
1927 4439 2095 4509 ﬁgura
2124 4441 2195 4495 sit
2219 4442 2389 4498 visus.
2421 4445 2592 4513 Cujus
2618 4451 2941 4519 sanegratia
2968 4452 3060 4506 illo
3082 4454 3249 4507 etiam
3285 4477 3299 4490 -

110 4523 391 4595 εστήσαμεν.
439 4526 685 4597 Ἐδείχθη
716 4526 1000 4597 τοιγαροῦν
1032 4526 1109 4596 τῷ
1138 4528 1299 4580 Δαὸὶδ
1327 4528 1618 4600 εὐξαμένῳ,

1734 4529 2040 4596 :ognomine
2095 4529 2256 4589 Israel
2282 4533 2476 4602 dignus
2523 4544 2606 4591 est
2655 4538 2889 4605 habitus,
2924 4549 3174 4608 tanquam
3202 4544 3252 4595 is

1721 4619 1812 4687 qui
1846 4618 2009 4671 Deum
2044 4620 2266 4686 viderit;
2300 4637 2422 4676 nam
2470 4624 2523 4678 id
2552 4640 2746 4680 nomen
2773 4628 2818 4682 si
2859 4628 3244 4697 interpreteris,

1719 4723 1863 4768 eum,
1897 4710 1983 4778 qui
2018 4707 2176 4767 Deum
2224 4712 2416 4775 videat,
2469 4714 2723 4768 habebis:
2773 4714 2918 4784 quod
2972 4731 3101 4771 vero
3138 4731 3246 4771 non

1720 4798 1860 4852 alius
1887 4797 1957 4851 sit
1984 4813 2143 4867 quam
2182 4798 2324 4879 Deus
2358 4801 2612 4869 Verbum,
2643 4806 2734 4872 qui
2773 4805 2873 4874 ipsi
2910 4804 3076 4858 Jacob
3100 4807 3247 4861 visus

1721 4887 1808 4948 sit,
1848 4886 1899 4938 in
1933 4886 2157 4954 hujusce
2197 4890 2376 4957 operis
2398 4892 2707 4960 primordiis
2736 4895 3240 4952 demonstravimus.

109 4609 183 4660 tui.
210 4613 489 4686 ποθήσαντι
513 4615 610 4669 τοῦ
635 4615 836 4686 Κυρίου
861 4617 954 4668 καὶ
975 4616 1106 4667 Θεοῦ
1140 4615 1328 4669 Ἰακὼό
1348 4618 1438 4671 τὸν
1460 4619 1619 4672 τόπον

109 4697 184 4749 καὶ
214 4701 267 4753 τὺ
304 4705 565 4775 σκήνωμα
600 4706 798 4776 εὑρεῖν,
841 4705 870 4756 ὁ
900 4705 990 4756 ἐπὶ
1032 4704 1129 4774 τῆς
1161 4704 1399 4775 Βηθλεὲμ
1440 4708 1618 4772 ceno;-

108 4784 260 4859 διόπερ
285 4793 467 4856 εἰπὼν,
497 4814 518 4845 ‹
558 4794 686 4848 Ἰδοὺ
709 4793 1018 4864 ἠκούσαμεν
1036 4792 1200 4863 αὐτὴν
1229 4796 1285 4845 ὲν
1316 4796 1567 4866 Ἐφραθὰ,
1594 4817 1612 4850 ι

110 4876 315 4951 ἐπιφέρει
343 4883 539 4950 λέγων·
583 4903 599 4933 ι
623 4884 1090 4955 Ιίροσκυνήσωμεν
1122 4885 1199 4945 είς
1231 4884 1318 4935 τὸν
1350 4886 1508 4939 τόπον
1556 4881 1615 4941 οῦ

108 4962 299 5033 ἔστησαν
335 4973 382 5021 οἱ
422 4972 587 5032 πόδες
614 4972 796 5025 αὐτοῦ.
829 4991 847 5023 ι
879 4971 1069 5040 Σαφῶς
1107 4972 1386 5041 τοιγαροῦν
1432 4977 1523 5027 καὶ
1561 4979 1618 5029 ἐν

109 5048 278 5115 τούτοις
301 5059 355 5108 ὲν
383 5060 448 5127 τῇ
491 5058 759 5131 Ἑφραθὰ,
786 5060 908 5129 ἥτις
940 5059 1086 5112 ἐστὶν
1122 5060 1154 5129 ή
1182 5058 1437 5129 Βηθλεὲμ,
1460 5065 1618 5128 αὐτὸς

110 5136 134 5187 ὁ
156 5138 329 5210 Κύριος
350 5147 441 5197 καὶ
470 5144 603 5210 Θεὸς
639 5147 834 5200 Ἰακὼϐ
864 5146 1022 5198 τόπον
1051 5144 1224 5213 ἑαυτῷ
1247 5146 1336 5197 καλ⁵
1363 5150 1618 5222 σκήνωμα

113 5232 424 5300 συστήσεσθαι
446 5236 867 5306 προεφητεύετο,
890 5233 1182 5304 ὁμοφώνως
1201 5235 1262 5302 τῇ
1286 5234 1372 5285 τοῦ
1391 5236 1615 5307 Μιχαίου

118 5323 373 5394 προφητείᾳ
416 5326 665 5397 φήσασῃ’
725 5345 743 5376 ι
772 5325 880 5378 Καὶ
924 5324 1012 5383 σὺ,
1072 5319 1309 5390 Βηθλεὲμ
1342 5319 1482 5387 οἶκος
1524 5331 1613 5383 τοῦ

127 5404 346 5476 Ἐφραθὰ,
379 5417 443 5468 ὲκ
472 5416 568 5468 σοῦ
601 5434 691 5487 μοι
724 5414 1057 5481 ἐξελεύσεται
1099 5410 1402 5481 ἡγούμενος,
1440 5419 1531 5471 καὶ
1557 5422 1614 5473 αἱ

126 5492 256 5557 ἱξοδοι
294 5502 447 5556 αὐτοῦ
479 5505 573 5559 ἀπ’
609 5505 783 5575 ἀρχῆς
813 5504 872 5568 ἐξ
907 5499 1131 5573 ἡμερῶν
1167 5500 1364 5564 αἰῶνοΐ
1419 5523 1438 5555 ι
1472 5507 1615 5580 ἅπερ

1720 4975 1966 5028 Precanti
2012 4989 2139 5044 ergo
2169 4974 2357 5043 David,
2388 4988 2441 5033 et
2485 4980 2663 5035 videre
2710 4984 2941 5050 cupienti
2975 4985 3150 5039 locum
3180 5001 3245 5042 ac

1719 5065 2122 5119 tabernaculum
2153 5066 2360 5121 Domini
2404 5068 2604 5138 Deique
2648 5069 2835 5135 Jacob,
2874 5074 2986 5141 ipse
3030 5073 3244 5132 Bethle-

1721 5156 1839 5209 hem
1899 5155 2047 5211 iocus
2090 5165 2340 5213 ostensus
2391 5167 2504 5213 est;
2555 5159 2717 5230 35.8
2756 5176 3083 5233 quapropter
3121 5180 3243 5220 cum

1717 5244 1961 5308 dixisset,
1994 5263 2014 5295 ι
2042 5244 2175 5299 Ecce
2202 5247 2503 5302 audivimus
2539 5263 2654 5304 eam
2684 5266 2740 5306 ιιι
2756 5251 3244 5324 prrata,nadjun-

1718 5333 1793 5402 git
1832 5333 2056 5387 dicens:
2095 5352 2113 5384 ί
2153 5334 2447 5391 Adoremus
2486 5338 2685 5394 inloco
2733 5342 2822 5401 ubi
2858 5351 3124 5401 steterunt
3154 5362 3248 5415 pe-

1716 5423 1811 5477 des
1836 5422 1952 5490 ejus
1970 5423 2035 5475 3'.
2060 5441 2078 5475 ι
2118 5423 2437 5483 Planissime
2462 5429 2623 5499 igitur
2650 5432 2707 5486 in
2755 5433 2841 5489 bis
2865 5450 3083 5504 quoque
3124 5451 3249 5492 ver-

1716 5511 1800 5566 bis
1830 5512 1886 5567 in
1910 5511 2161 5583 prrata,
2187 5530 2305 5591 qua:
2351 5526 2434 5576 est
2476 5519 2804 5591 Bethlebem,
2833 5526 2949 5596 ipse
2986 5524 3254 5585 Dominus

181 5691 222 5725 ⁸³
243 5692 360 5756 Gen.
389 5716 553 5769 xxxv,
582 5700 674 5754 t9.
748 5698 792 5731 ⁸⁸
825 5697 965 5754 Psal.
992 5708 1177 5762 cum,
1209 5694 1258 5753 6.
1325 5699 1367 5738 ⁸⁷
1387 5699 1524 5758 ibid.
1554 5702 1609 5760 5.
1686 5707 1707 5739 '
1752 5707 1880 5765 ibid.
1922 5708 1971 5763 7.
