3738 6308
829 398 930 494 537

1480 422 1740 478 EUSEBll
1774 410 2243 472 CESARIENSIS
2284 407 2432 462 OPP.
2475 404 2656 458 PARS
2693 399 2756 456 ll.
2781 394 3350 453 -—APOLOGETICA

832 563 894 601 ac
919 545 1052 596 Deus
1076 539 1241 592 Jacob
1277 538 1451 590 locum
1490 534 1592 589 sibi
1631 547 1693 585 ac
1725 526 2134 583 tabernaculum
2165 531 2308 575 const

1873 526 2134 581 ’naculum
2165 521 2369 575 consti-
2397 528 2441 584 Α
2470 517 2667 588 ἀρτίως
2700 513 3047 579 ἐξετάσαντες
3073 509 3349 574 ὲδείκνυμπ

832 644 1046 691 tuturus
1071 630 1307 689 canitur,
1338 625 1481 695 quod
1509 626 1684 693 ipsum
1718 636 1860 695 eum.
1873 617 2104 670 Michveae
2141 610 2374 681 prophe-

834 728 904 778 tia
934 718 1225 774 concordat
1259 716 1469 769 dicente
1503 731 1516 764 :
1573 729 1591 758 «
1622 708 1685 760 Et
1716 717 1794 771 tu,
1829 702 2135 757 Bethlchem
2182 699 2374 752 domus

832 810 1123 883 Ephratba.
1158 806 1236 858 Ex
1263 813 1316 858 te
1344 803 1474 855 mihi
1507 799 1812 869 egredietur
1853 795 1990 847 dux:
2027 798 2080 845 et
2122 803 2375 859 egressus

831 881 948 973 ejus
983 902 1049 954 ab
1080 899 1232 952 initio
1257 912 1320 949 ex
1343 894 1532 948 diebus
1555 889 1769 950 sazculi;
1796 906 1813 936 ι
1849 901 1967 953 qum
1986 899 2107 936 cum
2135 881 2378 950 proxime

835 1014 1221 1061 scrutaremur,
1263 995 1593 1051 ostendimus
1626 992 1692 1044 ad
1722 991 1926 1043 nullum
1958 989 2120 1041 alium
2144 1002 2263 1040 esse
2294 1000 2379 1038 re-

839 1093 1076 1158 ferenda,
1105 1105 1263 1160 quam
1299 1087 1366 1139 ad
1401 1100 1566 1138 unum
1618 1081 1946 1134 Salvator-em
1989 1095 2051 1132 ac
2093 1078 2376 1130 Dominum

838 1198 1081 1240 nostrum
1126 1182 1309 1235 Jesum
1357 1178 1447 1246 qui
1496 1176 1741 1229 Christus
1791 1182 1872 1225 est
1912 1169 2026 1231 Dei,
2078 1170 2276 1237 quique
2327 1168 2378 1219 in

841 1278 1172 1333 Bethlehem,
1197 1273 1337 1325 sicut
1362 1266 1656 1337 prophetia:
1686 1262 2062 1331 praedixerant,
2094 1267 2252 1310 natus
2276 1266 2373 1310 est.

841 1366 1058 1419 Nullum
1108 1364 1249 1415 enim
1296 1361 1458 1411 alium
1504 1356 1770 1424 quispiam
1823 1365 2056 1418 unquam
2107 1348 2377 1407 ostendet,

843 1458 936 1525 qui
985 1456 1107 1508 inde
1145 1467 1265 1506 cum
1301 1450 1467 1518 gloria
1509 1456 1623 1516 post
1676 1445 1843 1512 ipsius
1900 1440 2193 1509 prophetia:
2245 1448 2380 1489 tem-

845 1560 973 1615 pora
999 1543 1294 1612 prodierit:
1325 1541 1505 1592 nullus
1535 1537 1675 1590 enim
1713 1547 1883 1600 neque
1909 1547 2021 1591 rex.
2052 1544 2224 1597 neque
2257 1543 2383 1595 pro-

844 1638 1026 1706 pheta.
1058 1647 1231 1700 neque
1276 1632 1417 1682 alius
1454 1625 1721 1695 quispiam
1757 1634 1942 1674 eorum
1974 1619 2065 1686 qui
2103 1617 2243 1686 apud
2276 1616 2382 1669 He-

843 1727 1014 1780 braeos
1050 1721 1156 1774 Deo
1191 1719 1348 1771 amici
1386 1716 1605 1774 fuerint,
1641 1722 1834 1780 praeter
1866 1725 2028 1787 unum
2052 1706 2379 1760 Salvatorem

845 1828 907 1865 ac
941 1812 1221 1863 Dominum
1252 1814 1495 1859 nostrum
1529 1803 1621 1871 qui
1654 1802 1899 1855 Christus
1932 1807 2012 1852 est
2036 1797 2147 1858 Dei,
2171 1803 2379 1847 utrum-

845 1918 949 1970 que
994 1901 1245 1953 habuisse
1300 1896 1724 1952 demonstratur,
1776 1901 1827 1941 et
1877 1887 2016 1957 quod
2062 1887 2128 1939 de
2176 1884 2381 1938 semine

850 2004 1044 2064 David.
1075 2013 1127 2056 et
1154 2002 1292 2069 quod
1322 2000 1373 2051 in
1405 2014 1467 2052 eo
1498 2000 1616 2050 loco
1650 2000 1718 2049 sit
1747 2003 1926 2047 natus.
1959 1992 2190 2060 Tempus
2223 1990 2385 2058 igitur

843 2100 953 2166 jam
980 2104 1059 2150 est
1087 2103 1146 2148 ut
1172 2095 1317 2145 illum
1360 2093 1534 2160 ipsum
1575 2104 1694 2142 esse
1732 2102 1837 2140 non
1882 2086 2043 2137 alium
2079 2084 2384 2151 quempiam

851 2188 1132 2246 tateamur,
1157 2184 1246 2251 qui
1272 2184 1325 2234 in
1357 2182 1441 2233 his
1472 2178 1796 2247 propheticis
1823 2176 2002 2228 verbis
2032 2172 2384 2242 signiﬁcatur,

848 2275 1228 2341 evidentertu
1282 2273 1333 2324 in
1369 2271 1434 2323 iis
1482 2285 1600 2337 qum
1638 2274 1940 2335 sequuntur
1967 2264 2212 2318 eumdem
2243 2264 2384 2330 psal-

851 2379 1016 2424 mum,
1036 2363 1158 2415 dum
1184 2360 1496 2414 nominatim
1515 2358 1790 2411 Christum
1814 2357 2063 2425 appellat,
2087 2355 2187 2407 hoc
2210 2355 2385 2421 ipsum

852 2450 1152 2512 ostendere,
1191 2449 1279 2501 ubi
1326 2449 1428 2500 ait:
1463 2465 1481 2496 ‹
1506 2445 1733 2514 Propter
1761 2445 1925 2496 David
1971 2459 2184 2498 servum
2210 2452 2382 2506 tuum,

854 2556 920 2592 ne
948 2548 1155 2593 avertas
1186 2538 1374 2591 faciem
1400 2537 1601 2590 Christi
1634 2537 1712 2587 tui
1732 2535 1796 2595 δέ.
1823 2533 1923 2586 »Ει
1954 2549 2176 2610 rursus:
2218 2551 2235 2581 ι
2258 2531 2387 2585 lllue

852 2628 1144 2697 producam
1174 2642 1341 2679 cornu
1374 2625 1570 2679 David:
1619 2625 1800 2693 paravi
1848 2624 2120 2676 lucernam
2169 2622 2386 2675 Christo

855 2731 992 2770 meo.
1059 2715 1309 2769 Inimicos
1368 2716 1485 2782 ejus
1551 2716 1768 2789 induam
1836 2712 2172 2769 confusione.
2225 2725 2388 2779 super

857 2807 1032 2874 ipsum
1076 2814 1253 2860 autem
1282 2805 1542 2859 elllorebit
1576 2804 1930 2858 sanctiﬁcatio
1976 2817 2095 2854 mea
2113 2802 2180 2855 9°.
2210 2820 2227 2851 ι
2282 2801 2388 2854 Sed

859 2894 948 2945 ubi
975 2893 1187 2956 tandem
1240 2895 1315 2946 ait
1339 2909 1396 2947 se
1433 2893 1817 2962 producturum
1853 2907 2020 2946 cornu
2052 2890 2240 2955 David,
2281 2891 2389 2945 nisi

858 2981 911 3034 in
942 2982 1245 3038 Bethlehem
1275 2992 1433 3052 atque
1457 2985 1510 3036 in
1538 2982 1848 3051 Ephratha?
1884 2980 2008 3035 lnde
2041 2983 2183 3036 enim
2218 2997 2389 3034 cornu

857 3072 1023 3126 David
1053 3074 1302 3129 Christus
1346 3084 1611 3142 quatenus
1651 3074 1716 3126 ad
1745 3084 1989 3125 naturam
2022 3074 2252 3140 pertinet
2296 3072 2391 3125 hu-

858 3191 1090 3240 manam,
1123 3180 1275 3245 quasi
1306 3179 1495 3247 ingens
1525 3154 1704 3230 lumen
1733 3184 1979 3229 exortum
2010 3183 2114 3229 est.
2141 3173 2239 3228 Hic
2260 3175 2386 3228 item
2417 3172 2456 3227 C

857 3264 1053 3318 Christi
1086 3267 1302 3320 lucerna
1324 3267 1391 3320 ab
1423 3269 1539 3335 ipso
1561 3266 1929 3319 Deo‘universi
1958 3274 2252 3333 praeparata
2273 3274 2383 3319 est:

860 3353 1020 3405 fuerit
1051 3363 1224 3407 autem
1270 3356 1382 3408 haec
1412 3357 1629 3409 lucerna
1655 3356 1808 3423 quasi
1841 3354 2188 3422 intelligihilis
2230 3354 2385 3417 lucis,

857 3440 1148 3493 humanum
1198 3457 1416 3510 corpus,
1459 3457 1552 3510 per
1593 3443 1736 3510 quod
1766 3443 1936 3495 instar
1974 3443 2192 3495 testacei
2223 3445 2386 3505 vasis,

856 3534 1109 3596 tanquam
1144 3546 1237 3598 per
1283 3532 1575 3593 lucernam,
1611 3531 1812 3600 pr0prii
1857 3531 2076 3584 luminis
2108 3532 2286 3584 radios
2334 3533 2387 3583 in

857 3632 1064 3679 onmes,
1099 3620 1409 3687 quicunque
1440 3621 1737 3687 ignorantia
1771 3619 1866 3673 Dei
1896 3628 1948 3672 et
1988 3620 2269 3688 profundis
2311 3628 2388 3673 tc-

858 3707 1037 3760 nebris
1069 3708 1466 3773 premebantur,
1494 3708 1691 3761 emisit.
1731 3708 1934 3761 Etenim
1981 3712 2031 3760 in
2062 3710 2144 3762 his
2175 3723 2389 3777 quoque

857 3795 1211 3846 demonstrari
1228 3796 1539 3862 planissime
1551 3799 1783 3851 arbitror
1806 3797 1968 3850 Deum
1990 3797 2174 3860 Jacob,
2201 3800 2292 3866 qui
2322 3800 2389 3851 ab

858 3883 1010 3935 initio
1032 3889 1162 3935 etex
1182 3884 1371 3937 diebus
1393 3887 1572 3939 saaculi
1591 3888 1822 3950 exsistit,
1842 3888 1906 3940 ad
1930 3889 2169 3942 homines
2194 3898 2387 3942 ventu-

859 3988 996 4032 rum,
1011 3982 1062 4025 et
1085 3973 1347 4026 oriturum
1371 3991 1476 4030 non
1499 3980 1622 4032 alibi
1653 3987 1912 4033 terrarum
1931 3993 2089 4046 quam
2114 3979 2168 4030 in
2190 3977 2390 4033 Bethle-

834 4063 975 4143 ‘hem
1001 4062 1138 4122 loco,
1162 4063 1252 4129 qui
1270 4078 1375 4116 non
1394 4070 1581 4133 procul
1603 4070 1670 4122 ab
1693 4069 2072 4138 Hierosolymis
2089 4068 2244 4121 hodie
2258 4085 2390 4136 quo-

856 4166 960 4218 que
978 4150 1190 4214 visitur,
1220 4153 1308 4205 ubi
1324 4168 1452 4207 sane
1468 4171 1573 4209 non
1588 4158 1725 4211 alius
1742 4165 1861 4226 post
1874 4157 2247 4226 prophetarum
2263 4168 2392 4211 tem-

856 4256 985 4307 pora
1008 4241 1249 4303 illustris,
1267 4250 1319 4294 et
1338 4244 1478 4311 apud
1497 4260 1683 4301 omnes
1704 4248 1947 4301 homines
1960 4248 2126 4316 gloria
2139 4248 2388 4313 celebris,

858 4342 1018 4413 359
1047 4357 1205 4411 quam
1237 4360 1376 4397 unus
1412 4344 1568 4400 Jesus
1596 4347 1842 4403 Christus
1876 4350 1943 4402 ab
1989 4350 2239 4404 omnibus
2272 4351 2390 4417 ejus

861 4432 963 4484 loci
994 4432 1183 4485 incolis
1214 4432 1326 4499 (qui
1361 4434 1574 4501 quidem
1622 4435 1699 4488 sic
1727 4451 1848 4489 cum
1878 4438 2200 4505 evangelicis
2241 4442 2391 4492 voci-

844 4521 961 4574 ‘bus
987 4521 1336 4589 concordant)
1374 4530 1534 4576 natus
1577 4539 1695 4577 esse
1721 4524 2047 4591 perhibetur.
2081 4526 2174 4579 Est
2213 4537 2388 4581 autem

862 4611 1305 4676 Bethlehem,>ex
1335 4612 1792 4681 interpretatione,
1830 4614 2013 4669 domus
2052 4620 2222 4686 panis,
2273 4637 2390 4689 qua:

861 4702 941 4756 sic
981 4702 1197 4771 quidem
1242 4702 1481 4769 ejusdem
1535 4711 1616 4756 est
1649 4705 1880 4759 nominis
1924 4720 2044 4761 cum
2093 4724 2155 4762 eo
2191 4713 2279 4780 qui
2322 4711 2388 4764 de

863 4793 977 4860 ipsa
1010 4793 1277 4861 profectus
1319 4802 1426 4853 est,
1466 4793 1739 4848 Salvatore
1761 4805 1992 4879 ,nostro,
2041 4802 2127 4868 qui
2165 4817 2284 4854 cum
2318 4803 2386 4855 sit

866 4879 957 4934 Dei
998 4881 1230 4936 Verbum
1273 4882 1517 4944 et‘ratio,
1569 4884 1877 4938 animalium
1913 4888 2252 4942 rationalium
2304 4900 2385 4943 est

862 4966 1193 5025 alimentum.
1251 4969 1419 5035 Quam
1465 4985 1576 5024 rem
1619 4973 1733 5040 ipse
1776 4989 1988 5044 quoque
2034 4976 2383 5040 demonstrat,

866 5052 956 5104 ubi
996 5056 1098 5109 ait:
1129 5076 1146 5105 ‹
1169 5059 1282 5127 “Ego
1311 5074 1428 5113 sunt
1455 5061 1607 5128 panis
1634 5063 1723 5129 qui
1758 5063 1823 5117 de
1844 5067 1981 5121 cmlo
2008 5067 2255 5121 descendi
2273 5068 2335 5120 θ’.
2362 5087 2380 5119 ›

868 5138 1062 5193 Verum
1106 5151 1355 5211 quoniam
1399 5153 1510 5206 hzec
1560 5154 1742 5209 eadem
1794 5157 1961 5224 ipsius
2012 5157 2174 5209 David
2218 5156 2383 5226 patria

867 5227 985 5292 luit,
1010 5232 1199 5283 merito
1221 5237 1311 5301 qui
1338 5243 1541 5295 ratione
1560 5244 1802 5297 humana:
1824 5253 2026 5299 natura:
2050 5246 2212 5299 David
2242 5248 2382 5301 lilius

866 5326 989 5389 fuit.
1008 5345 1070 5381 ex
1091 5329 1191 5385 hoc
1224 5333 1345 5401 ipso
1361 5338 1477 5391 loco
1505 5344 1776 5408 profectus
1800 5354 1903 5412 est,
1934 5350 1986 5400 in
2020 5364 2085 5403 eo
2113 5364 2240 5403 sane
2259 5364 2379 5403 cum

866 5416 1192 5487 propheticis
1232 5427 1564 5481 concerdans
1606 5438 1836 5492 oraculis
1881 5458 1893 5492 :
1937 5440 2114 5509 itaque
2154 5442 2384 5495 obscura

860 5515 986 5559 esse
1010 5509 1237 5578 amplius
1268 5527 1428 5567 causa
1459 5531 1561 5568 non
1594 5533 1785 5588 potest,
1823 5544 1921 5583 cur
1947 5532 2047 5586 sibi
2082 5531 2383 5587 Bethlehem

2474 608 2655 674 ἕτερον
2695 604 2727 673 ἦ
2777 602 2868 653 ἐπὶ
2909 600 3069 669 μόνον
3113 597 3208 649 τὸν
3249 596 3350 646 Σω¹

2487 693 2689 765 Ἰησοῦν
2708 693 2797 744 τὸν
2822 689 3053 760 Χριστὸν
3071 685 3170 737 τοῦ
3201 682 3341 735 Θεοῦ

2478 788 2694 856 ρήσεσιν
2710 778 3021 839 ἀκολούθως
3044 791 3286 843 γεγεννη
3297 791 3350 842 με

2475 893 2557 937 τις
2587 871 2895 935 ἐπιδείξειεν
2927 870 2987 918 ἐκ
3015 865 3231 933 ταύτης
3266 864 3350 914 ενδ

2476 965 2621 1025 τείας
2666 960 2886 1030 χρόνους
2934 955 3350 1027 προελθόντα·‹

2478 1051 2779 1119 προφήτης,
2811 1046 2915 1097 οὐδ’
2944 1043 3143 1113 ἕτερός
3175 1058 3265 1101 τις
3292 1041 3350 1091 τῦ

2477 1140 2601 1200 λῶν,
2640 1140 2672 1207 ἢ
2708 1138 2861 1206 μόνος
2894 1137 2921 1185 ὁ
2954 1132 3156 1202 Σωτὴρ
3205 1131 3303 1182 καὶ
3341 1132 3350 1181 l

2478 1229 2568 1281 τοῦ
2601 1228 2753 1289 (θεοῦ,
2794 1224 2927 1294 ὁμοῦ
2956 1225 3054 1276 καὶ
3087 1226 3155 1274 ὲκ
3191 1222 3350 1291 σπέρ,

2480 1319 2862 1390 γεγεννημένος
2907 1314 3334 1367 ἀποδείκνυται.

2481 1414 2680 1463 ἐκεῖνον
2711 1405 2868 1467 εἶναι,
2906 1405 2997 1457 καὶ
3037 1404 3167 1454 οὐδὲ
3219 1402 3299 1469 (1)
3339 1404 3350 1453 ἐ

2482 1495 2778 1568 προφητευό
2786 1511 2940 1564 μενον
2972 1492 3275 1562 ὁμολογεῖν
3287 1533 3300 1548 ,
3324 1492 3350 1540 ὅ

2480 1592 2507 1641 6
2529 1589 2684 1650 αὐτὸς
2711 1587 2918 1654 ψαλμὸς
2949 1583 3223 1652 ὀνομαστὶ
3253 1583 3350 1633 τὸν

2480 1680 2632 1733 τοῦτο
2664 1679 2972 1748 παρίστησι,
3020 1674 3089 1725 δι’
3125 1667 3203 1725 ὧν
3240 1691 3350 1743 φησ

2481 1771 2658 1823 δούλου
2702 1786 2793 1820 σου
2840 1767 2912 1837 μὴ
2951 1766 3326 1835 ἀποστρέψῃς

2414 1855 2451 1906 Β
2487 1861 2608 1913 στοῦ
2651 1877 2763 1911 σου·
2799 1879 2816 1909 ι
2855 1860 2945 1911 καὶ
2979 1858 3171 1910 πάλιν·
3220 1877 3239 1906 ι
3291 1858 3349 1908 Ἐ

2485 1952 2665 2014 Δαῧὶδ,
2684 1950 2949 2018 ἡτοίμασα
2978 1947 3182 2016 λύχνον
3211 1947 3292 2017 τῷ
3312 1949 3350 1999 Χ

2486 2041 2645 2093 αὑτοῦ
2690 2040 2886 2091 ἐνδύσω
2919 2039 3213 2108 αἰσχύνην,
3262 2038 3350 2089 ἐπὶ

2485 2132 2728 2202 ἁγίασμά
2755 2148 2873 2200 μου.
2910 2151 2927 2180 ι
2960 2130 3077 2182 Ποῦ
3108 2129 3167 2181 δέ
3200 2146 3350 2199 φησιε

2489 2241 2584 2293 ρας
2615 2223 2690 2293 τῷ
2718 2216 2898 2282 Ᾱαὸὶδ,
2934 2240 2951 2271 ι
2987 2222 3023 2289 ἦ
3063 2222 3121 2272 ὲν
3168 2222 3237 2289 τῇ
3285 2221 3350 2269 Βτ

2483 2313 2669 2365 τεῦθεν
2694 2313 2801 2382 γὰρ
2830 2313 2890 2363 τὸ
2936 2313 3108 2381 κέρας
3152 2311 3250 2362 τοῦ
3283 2315 3350 2365 Aa

2488 2406 2661 2474 σάρκα
2682 2400 2790 2456 οἶόν
2813 2421 2865 2455 τι
2895 2404 3040 2473 μέγα
3070 2403 3191 2469 φῶς
3220 2404 3347 2467 ἐξαν

2488 2512 2658 2564 μαστο
2684 2495 2787 2545 ὑπὸ
2815 2493 2906 2544 τοῦ
2934 2493 3073 2545 Θεοῦ
3108 2493 3220 2545 τῶν
3251 2494 3350 2545 ὅλιι

2487 2585 2584 2653 Εἵη
2614 2586 2656 2637 δ’
2684 2585 2748 2637 ἂν
2778 2584 2969 2653 λύχνος
2995 2583 3190 2646 αὑτοῦ,
3222 2580 3311 2635 οἶα
3343 2602 3350 2616 ε

2487 2692 2632 2726 πειον
2664 2675 2877 2743 σκῆνος,
2899 2674 2966 2726 δι’
2998 2668 3061 2725 οῦ
3091 2674 3250 2744 δίκην
3273 2676 3350 2724 ὀσ’

2484 2763 2571 2815 διὰ
2596 2763 2806 2832 λύχνου,
2832 2763 2932 2826 τὰς
2962 2763 3060 2815 τοῦ
3097 2765 3229 2816 ἰδίου
3262 2781 3347 2831 cpe»

2486 2851 2675 2919 ἀγνοίᾳ
2703 2851 2836 2902 Θεοῦ
2867 2852 2961 2903 καὶ
2994 2853 3178 2921 σκότῳ
3206 2851 3350 2921 βαθεῖ

2499 2938 2653 2990 Ἀλλὰ
2721 2939 2827 3008 γὰρ
2891 2940 2989 2990 καὶ
3045 2941 3106 2991 ἑν
3163 2942 3347 2991 τούτοι

2488 3028 2724 3098 ἡγοῦμαι
2772 3029 2904 3082 Θεὸν
2952 3028 3153 3082 Ἰακὼϐ
3210 3031 3306 3081 ἀπ’

2488 3122 2814 3187 τυγχάνοντα
2833 3120 3031 3183 αἰῶνος
3058 3120 3350 3190 ἀνθρώποις

2490 3210 2740 3281 θήσεσθαι
2765 3211 2863 3262 οὐκ
2884 3210 3146 3280 ἀλλαχόθι
3176 3212 3282 3280 γῆς
3310 3212 3350 3262 ἀί

2489 3302 2654 3370 τόπῳ,
2671 3301 2802 3370 πρὸς
2819 3305 2932 3363 τοῖς
2961 3303 3029 3353 Ἰε
3039 3302 3229 3372 ροσολύ
3239 3320 3350 3371 μοις

2493 3392 2637 3460 μένῳ
2656 3390 2855 3459 χωρίῳ,
2882 3390 3014 3443 ἔνθα
3040 3392 3149 3443 οὐδ’
3172 3392 3332 3455 ἄλλος

2490 3482 2711 3553 χρόνους
2728 3483 3001 3551 ἐπιφανὴς
3031 3484 3126 3534 καὶ
3157 3486 3238 3544 εἰς
3256 3484 3350 3536 πάι

2489 3573 2520 3641 ἢ
2546 3572 2699 3642 μόνος
2726 3572 2934 3640 Ἰησοῦς
2960 3575 2988 3624 6
3012 3574 3248 3644 Χριστὸς
3279 3592 3350 3644 πρ

2488 3678 2592 3713 των
2630 3661 2939 3725 ἀκολούθως
2992 3666 3113 3726 ταῖς
3162 3665 3350 3731 εύαγγι

2492 3767 2564 3818 μα
2571 3768 2663 3819 ρτυ
2672 3754 2857 3819 ρεῖται.
2908 3753 3302 3825 Ἐρμηνεύεται
3348 3786 3349 3791 η

2488 3855 2613 3903 του,
2647 3840 2965 3910 φερώνυμος
2994 3839 3129 3894 οῦσα
3160 3844 3254 3896 τοῦ
3290 3860 3350 3911 πε

2487 3928 2647 3997 τῆρος
2692 3930 2845 3999 ἡμῶν
2879 3932 3033 3995 ὄντος
3068 3932 3203 3984 Θεοῦ
3233 3933 3350 3999 Λόγ·

2490 4018 2679 4070 πτικοῦ
2700 4036 2712 4048 ’
2748 4020 2775 4071 6
2799 4022 2893 4072 καὶ
2929 4022 3261 4092 παρίστησιν
3282 4024 3347 4072 αύ

2488 4110 2515 4158 ὀ
2549 4108 2709 4178 ἄρτος
2740 4113 2767 4161 ὁ
2815 4112 2880 4162 ἐκ
2929 4115 3025 4166 τοῦ
3060 4113 3289 4184 ούρανοῦ
3326 4130 3350 4163 κ

2488 4200 2582 4249 καὶ
2623 4197 2714 4250 τοῦ
2762 4202 2931 4254 Δαϐὶδ
2957 4205 3178 4271 γέγονεν
3219 4202 3350 4271 αὕτη

2490 4287 2627 4339 κατὰ
2663 4289 2837 4360 σάρκα
2869 4295 3166 4364 γενόμενος
3189 4294 3301 4354 υἱὸς
3328 4295 3350 4343 Α

2489 4379 2584 4447 τῆς
2611 4382 2925 4449 ἐποιήσατο,
2959 4383 3266 4445 ἀκολούθως
3292 4400 3350 4434 τα

2422 4479 2465 4534 ι)
2494 4483 2667 4518 σεσιν·
2705 4469 2842 4521 ὥστε
2886 4475 2991 4526 οὐκ
3024 4473 3215 4543 ἄδηλον
3250 4469 3350 4524 εἷνο

2492 4557 2716 4625 πατρίδα
2742 4560 2839 4628 τὴν
2870 4562 3123 4633 Βηθλεὲμ
3156 4562 3350 4632 ὲπεγρέ

2492 4644 2672 4714 ζάροις
2720 4648 3059 4720 ἀνατραφεὶς
3109 4653 3341 4720 λέγεται,

2492 4733 2866 4804 κληθήσεσθαι.
2893 4742 3094 4794 ’ἰστέον
3118 4739 3230 4801 οὖν,
3255 4743 3335 4793 ὅτι

2503 4824 2777 4893 Ἐϐραῖκδν
2810 4834 3074 4901 τυγχάνει
3108 4834 3165 4885 ὲν
3210 4833 3350 4884 Λευῖ’

2484 4910 2579 4963 τοῦ
2611 4916 2740 4985 παρ’
2770 4920 2960 4984 αὐτοῖς
2993 4921 3247 4993 Χριστοῦ.
3278 4916 3350 4972 ’Ἥ

2486 5002 2665 5055 εἰκόνα
2690 5006 2782 5058 τοῦ
2823 5013 3064 5080 μεγάλου
3098 5014 3189 5065 καὶ
3221 5010 3350 5079 ἀληθ

2487 5091 2609 5143 στοῦ
2630 5094 2723 5147 τοῦ
2756 5098 2916 5166 Θεοῦ,
2942 5102 3139 5173 σκιώδη
3170 5100 3285 5153 τινὰ
3315 5117 3346 5151 κ

2488 5182 2802 5252 φερόμενος.
2837 5190 2925 5244 Ἐν
2957 5188 3038 5254 οἷς
3066 5193 3192 5259 γοῦν
3222 5190 3350 5261 εἴρη⁴

2491 5288 2654 5325 κοντα
2685 5281 2811 5351 περὶ
2843 5283 2936 5336 τοῦ
2979 5283 3295 5353 Ἀρχιερέως
3319 5298 3330 5310 ”

2487 5364 2818 5436 ἡγιασμένον
2864 5373 2956 5425 τοῦ
3013 5372 3146 5426 Θεοῦ
3197 5370 3350 5425 αὑτοῦ

2489 5452 2725 5521 Χριστοῦ
2749 5460 2839 5514 τοῦ
2864 5461 2998 5514 Θεοῦ
3030 5459 3189 5513 αὑτοῦ
3207 5475 3219 5487 ·
3265 5476 3283 5506 ι
3314 5474 3350 5506 τι

2490 5538 2675 5614 Ναζὲρ
2708 5547 2901 5613 ἔλαιον,
2935 5570 2953 5601 ι
2985 5547 3244 5617 περιέχει·
3279 5546 3306 5596 6
3333 5543 3350 5595 ἱ

933 5609 1148 5707 ῗξΡδθιο
1176 5631 1350 5687 CXXXI,
1384 5622 1468 5675 10-
1545 5624 1588 5654 ⁹⁰
1611 5626 1738 5685 ibid.
1772 5635 1855 5700 l7,
1884 5641 1967 5693 18.
2047 5645 2088 5675 ⁹¹
2120 5641 2364 5707 Joan.v1,
2396 5641 2482 5698 41.

933 5702 1175 5775 (λι)οῠδ’.
1207 5707 1341 5783 Lege
1368 5714 1495 5783 οὐχ’
1530 5717 1652 5773 item
1693 5732 1743 5776 cl.
1780 5733 1937 5794 paulo
1970 5744 2123 5804 post.
2154 5738 2306 5792 Enn.

2454 5856 2509 5865 ι...
