3738 6268
82 403 174 459 549

957 398 1591 454 DEMONSTRATIONIS
1630 398 2073 453 EVANGELICJ‘J
2118 400 2242 456 LIB.
2287 401 2394 456 VH.

3120 387 3226 464 5’50

82 523 283 585 ὀρισμα,
304 512 475 566 ἔλαιον
496 513 821 582 ἀλείμματος
845 510 976 563 Θεοῦ
1001 511 1162 565 αὐτοῦ
1192 513 1274 564 ἐπ’
1306 511 1449 564 αὑτῶ
1470 526 1483 538 ·
1522 530 1541 562 ι
1577 511 1604 562 ὁ

1702 512 1923 580 patriam
1947 513 2271 581 ascripserit.
2303 513 2562 568 Cmterum
2584 518 2739 571 etiam
2767 521 2821 574 in
2849 521 3067 577 Nazaris
3089 526 3226 578 edu-

82 606 131 658 δὲ
157 605 437 673 Σύμμαχος
458 618 472 631 ·
518 621 538 652 ι
580 603 698 654 ’Ότι
728 602 942 654 ἄθικτον
984 603 1158 655 ἔλαιον
1199 604 1290 655 τοῦ
1316 603 1602 673 χρίσματος

83 697 164 747 τοῦ
190 692 319 746 Θεοῦ
342 690 505 743 αὑτοῦ
539 692 629 742 ἐπ’
660 690 802 759 αὑτῷ
822 708 834 719 ·
879 710 896 741 ι
934 694 962 744 ὀ
1002 692 1058 744 δὲ
1088 691 1398 744 Θεοδοτίων·
1437 711 1454 740 ι
1486 692 1602 742 Ὀτι

82 783 133 835 τὸ
159 780 331 850 Ναζὲρ
354 780 529 833 ἔλαιον
554 780 617 831 τὸ
639 779 847 848 χριστὸν
881 780 1029 850 παρά
1056 780 1186 832 Θεοῦ
1210 780 1369 832 αὑτοῦ
1398 782 1481 832 ἐπ’
1510 781 1604 832 αὐ-

82 872 165 940 τῷ·
222 889 240 921 ι
270 868 398 920 ὥστε
430 864 653 921 εἶναιτὸ
685 867 881 937 Ναζὲρ,
916 868 1053 920 κατά
1086 870 1180 938 μὲν
1202 870 1322 931 τοὺς
1355 869 1604 938 Ἐϐδομή-

82 975 252 1019 κοντα,
275 957 451 1025 ἅγιον,
487 957 632 1009 κατά
660 958 718 1009 δὲ
738 958 826 1008 τὸν
840 957 1086 1021 Ἀκύλαν,
1120 959 1432 1025 ἀφόρισμα,
1465 957 1602 1010 κατὰ

77 1048 127 1099 δὲ
148 1046 240 1099 τδν
270 1046 568 1116 Σύμμαχον,
604 1046 873 1099 ἄθικτον·
900 1046 1035 1098 ὥστε
1064 1049 1126 1098 ἐκ
1156 1046 1336 1098 τούτου
1358 1047 1417 1098 τὸ
1440 1047 1613 1121 Nait-~

78 1139 222 1205 ραῖον
268 1136 417 1203 ὄνομα
465 1134 754 1204 σημαίνειν
799 1135 913 1204 ἦτοι
946 1135 1033 1186 τὸν
1080 1136 1309 1204 ἆγιον,ἢ
1351 1136 1439 1188 τὸν
1499 1137 1600 1204 ἀφ-

77 1225 423 1294 ωρισμένον,ἢ
451 1224 544 1276 τὸν
575 1224 810 1278 ἄθικτον.
854 1226 986 1277 Ἀλλ’
1016 1228 1062 1278 οἱ
1103 1226 1196 1295 μὲν
1227 1227 1388 1279 πάλαι
1421 1230 1597 1297 ἱερεῖς,

77 1315 134 1366 δι’
155 1314 322 1367 ἐλαίου
346 1313 660 1376 σκευαστοῦ,
691 1312 781 1365 τοῦ
806 1314 950 1384 παρὰ
992 1316 1175 1366 Μωσεῖ
1214 1315 1389 1384 Ναζὲρ
1416 1316 1600 1367 καλου-

79 1401 242 1470 μένου,
275 1401 562 1470 χριόμενοι,
611 1399 955 1470 παραγώγως
993 1401 1099 1452 ἀπὸ
1141 1401 1231 1452 τοῦ
1266 1400 1440 1472 Ναζὲρ
1473 1403 1598 1454 ἐκα-

75 1489 244 1542 λοῦντο
290 1490 567 1559 Ναζιραῖοι
595 1506 608 1518 ·
666 1491 695 1541 ὁ
731 1489 787 1540 δὲ
835 1491 1018 1559 Σωτὴρ
1063 1492 1153 1541 καὶ
1202 1491 1399 1560 Κύριος
1448 1491 1599 1559 ἡμῶν

75 1579 200 1631 κατά
233 1577 385 1646 φύσιν
418 1577 553 1646 ἔχων
600 1577 663 1629 τὸ
696 1578 868 1643 ἄγιον,
911 1578 1001 1628 καὶ
1034 1578 1093 1628 τὸ
1135 1576 1365 1637 ἄθικτον,
1408 1578 1498 1629 καὶ
1541 1577 1598 1628 τὸ

72 1667 441 1738 ἀφωρισμένον,
471 1667 533 1717 οὑ
562 1666 814 1734 δεόμενός
845 1682 905 1732 γε
932 1665 1220 1737 χρίσματος
1246 1667 1594 1736 ἀνθρωπίνου,

74 1758 203 1826 ὅμως
228 1757 324 1824 τῆς
364 1755 453 1807 τοῦ
494 1752 797 1825 Ναζιραίου
844 1754 1202 1824 προσηγορίας
1248 1756 1372 1824 παρ’
1397 1753 1599 1824 ἀνθρώ-

1699 611 1849 654 catus
1880 616 1997 654 esse
2018 602 2235 668 dicitur,
2261 612 2312 656 et
2338 603 2417 657 sic
2444 603 2729 659 Nazarteus
2757 612 3045 666 vocandus.
3071 612 3226 671 Scire

1700 688 1862 755 igitur
1903 695 2110 757 oportet
2150 690 2292 757 quod
2339 705 2531 745 nomen
2563 701 2645 746 est
2694 693 3011 752 Hebraicum
3056 701 3219 755 Nazi~

1697 789 1859 827 ratum
1903 775 1955 827 in
2003 775 2260 841 Levitico,
2307 778 2358 830 in
2394 779 2511 847 ejus
2539 780 2738 836 Christi
2774 787 3025 842 unctione
3060 806 3220 858 quem

1696 861 1797 929 ipsi
1826 862 2106 916 habebant.
2138 864 2305 917 Porro
2324 865 2408 918 hic
2440 876 2553 921 erat
2587 870 2943 938 principatum
2974 877 3222 932 obtinens

1699 952 1988 1003 secundum
2024 953 2303 1020 imaginem
2332 958 2504 1023 magni
2538 965 2591 1009 et
2612 960 2723 1011 veri
2759 959 3033 1017 Pontiﬁcis
3062 965 3219 1020 Chri-

1699 1039 1765 1090 sti
1797 1037 1908 1101 Dei,
1952 1041 2320 1095 adumhratum
2349 1044 2593 1097 videlicet
2621 1048 2902 1115 quemdam
2948 1058 2999 1103 et
3033 1052 3223 1119 ﬁgura-

1697 1135 1806 1180 tum
1833 1129 2101 1184 Christum
2127 1143 2530 1199 repraesentans.
2566 1135 2659 1189 Ubi
2678 1153 2802 1190 vero
2828 1136 2967 1190 LXX
2984 1140 3047 1192 de
3078 1140 3219 1194 Pon-

1700 1215 1839 1269 tiﬁce
1874 1218 1944 1269 ita
1989 1219 2320 1288 interpretati
2374 1233 2516 1287 sunt,
2568 1243 2585 1273 ι
2617 1234 2668 1277 et
2713 1242 2818 1278 non
2857 1229 3053 1295 polluet
3081 1233 3223 1299 quod

1697 1305 2079 1358 sanctiﬁcatum
2109 1317 2191 1362 est
2222 1310 2310 1364 Dei
2340 1315 2442 1374 sui,
2476 1315 2725 1381 quoniam
2758 1325 3000 1369 sanctum
3042 1319 3221 1373 oleum

1696 1394 1961 1448 unctionis
1984 1396 2071 1450 Dei
2098 1399 2180 1450 sui
2203 1399 2267 1462 9’,
2294 1419 2311 1450 ι
2342 1400 2395 1452 in
2420 1399 2677 1455 Hebraico
2698 1405 2907 1473 legitur,
2935 1424 2951 1455 ι
2971 1409 3221 1475 quoniam

1696 1481 1865 1535 Nazer
1894 1485 2065 1538 oleum
2100 1505 2113 1540 :
2148 1506 2165 1537 ›
2198 1489 2386 1554 Aquila
2421 1500 2593 1543 autem
2631 1492 2707 1546 sic
2734 1498 3013 1561 convertit,
3049 1515 3067 1547 ι
3100 1512 3226 1565 quo-

1696 1573 1835 1625 niam
1876 1577 2208 1644 segregatio,
2253 1579 2426 1631 oleum
2476 1581 2747 1634 unctionis
2782 1582 2871 1636 Dei
2929 1587 3011 1639 sui
3066 1601 3227 1654 super

1696 1663 1885 1731 ipsum.
1920 1685 1939 1714 ι
1981 1665 2331 1737 Symmachus
2376 1677 2573 1732 autem,
2615 1690 2632 1721 ι
2663 1675 2912 1741 quoniam
2965 1679 3221 1730 intactum

1695 1753 1867 1805 oleum
1897 1756 2163 1809 unctionis
2197 1755 2288 1809 Dei
2317 1758 2398 1810 sui
2423 1773 2582 1826 super
2612 1760 2803 1827 ipsum.
2842 1781 2860 1811 ι
2890 1761 3221 1817 Theodotiou

77 1862 178 1907 ποις
202 1844 402 1913 ἔτυχεν,
430 1845 529 1896 οὒκ
574 1843 683 1896 ἀπὺ
726 1842 816 1895 τοῦ
850 1843 1172 1912 καλουμένου
1207 1844 1384 1914 Ναζὲρ
1425 1843 1598 1895 ἐλαίου

1697 1856 1833 1904 vero,
1871 1861 1887 1891 ι
1912 1848 2160 1909 quoniam
2200 1843 2372 1897 Nazer
2409 1846 2581 1899 oleum
2615 1849 2882 1902 unctionis
2923 1866 2952 1903 a
2988 1851 3093 1905 Deo
3125 1868 3223 1906 suo

75 1934 340 2004 Ναζιραῖος
380 1931 637 2000 γεγονὼς,
669 1932 780 1983 ἀλλ’
819 1931 891 1984 ὥν
939 1933 1035 2001 μὲν
1065 1936 1129 2002 τῇ
1163 1932 1316 1999 φύσει
1342 1932 1592 1995 τοιοῦτος,

1698 1943 1858 1998 super
1886 1930 2077 1999 ipsum.
2113 1950 2131 1981 ι
2164 1933 2338 1996 Quare
2367 1932 2536 1987 Nazer
2569 1936 2712 2004 ipsos
2736 1938 2949 2004 quidem
2974 1938 3110 1991 LXX
3138 1956 3224 1994 sec

75 2023 266 2091 κληθεὶς
302 2023 360 2075 δὲ
405 2023 498 2074 καὶ
528 2023 660 2091 παρ’
697 2020 995 2090 ἀνθρώποις
1034 2022 1318 2090 Ναζιραῖος
1362 2022 1466 2074 ἀπὸ
1501 2022 1597 2090 τῆς

77 2111 316 2183 Ναζαρὲθ,
352 2110 478 2164 ἔνθα
502 2111 653 2178 παρά
682 2113 792 2172 τοῖς
817 2109 953 2161 κατὰ
985 2110 1157 2177 σάρκα
1188 2108 1395 2176 γονεῦσι
1415 2108 1511 2177 τὴν
1541 2110 1598 2160 ἐν

76 2203 237 2253 παισὶν
289 2200 599 2270 ἀνατροφὴν
647 2198 864 2267 ἔσχηκε.
920 2196 1010 2248 Διὸ
1052 2196 1290 2249 λέλεκται
1329 2196 1476 2265 παρά
1522 2195 1597 2264 τῷ

74 2291 308 2359 Ματθαίῳ
334 2307 347 2319 ο
404 2308 421 2340 ι
454 2287 862 2359 Χρηματισθεὶς
899 2286 953 2338 δὲ
996 2287 1112 2337 κατ’
1142 2287 1269 2356 ὄναρ
1318 2286 1489 2356 (δῆλον
1519 2286 1595 2347 δὲ,

74 2381 140 2432 ὅτι
168 2381 194 2430 ὁ
230 2379 466 2448 Ἰωσὴφ),
519 2375 863 2445 ἀνεχώρησεν
908 2376 986 2436 είς
1016 2375 1082 2427 τὰ
1126 2374 1260 2444 μέρη
1306 2374 1402 2443 τῆς
1448 2371 1600 2426 Γαλι-

72 2468 206 2545 λαίας
222 2485 235 2498 ’
262 2470 354 2522 καὶ
370 2467 548 2520 ἐλθὼν
574 2466 888 2535 κατῴκησεν
918 2467 996 2528 είς
1017 2465 1167 2516 πόλιν
1180 2465 1469 2534 λεγομένην
1485 2465 1598 2515 Να-

73 2557 211 2625 ζαρὰ,
239 2558 384 2619 ὅπως
429 2554 695 2626 πληρωθῇ
745 2554 805 2606 τὸ
837 2554 993 2623 ῥηθὲν
1020 2553 1106 2606 διὰ
1147 2553 1251 2605 τῶν
1295 2553 1595 2623 προφητῶν,

74 2644 139 2695 ὅτι
166 2643 467 2715 Ναζαραῖος
514 2644 863 2713 κληθήσεται.
918 2661 936 2693 ι
976 2641 1120 2694 Ἔδει
1165 2642 1261 2711 μὲν
1294 2641 1396 2713 γὰρ
1443 2642 1598 2695 αὐτὸν

73 2734 121 2796 ἐξ
141 2734 364 2797 ἄπαντος
396 2734 559 2803 φύσει
593 2734 686 2785 καὶ
721 2731 944 2802 ἀληθείᾳ
973 2730 1261 2804 Ναζιραῖον
1288 2732 1433 2792 ὄντα,
1457 2731 1596 2784 τοῦτ’

73 2823 194 2875 ἐστιν
220 2824 371 2891 ἅγιον
394 2823 489 2875 καὶ
522 2822 743 2876 ἄθικτον
774 2822 867 2874 καὶ
892 2820 1277 2891 ἀφωρισμένον,
1310 2818 1368 2883 ἐξ
1398 2818 1600 2890 ἀνθρὼ-

74 2929 170 2965 πων
187 2913 443 2982 κληθῆναι
471 2911 645 2981 ταύτῃ
677 2914 740 2980 τῇ
759 2910 1093 2980 προσηγορίᾳ
1117 2923 1130 2937 ⁸
1160 2909 1267 2962 ἀλλ’
1301 2910 1419 2962 ἐπεὶ
1441 2909 1514 2980 μὴ
1536 2912 1599 2963 ὲκ

72 3001 149 3053 τοῦ
175 3002 351 3073 Ναζὲρ
379 3001 562 3054 ἐλαίου
593 3000 796 3069 ταύτης
820 2999 974 3067 ἔτυχε
996 2998 1089 3067 τῆς
1117 2998 1491 3069 προσηγορίας,
1526 3000 1597 3069 μὴ

72 3090 252 3161 δεηθεὶς
276 3090 621 3160 ἀνθρωπίνου
653 3088 968 3158 χρίσματος,
991 3088 1053 3138 ὲκ
1080 3086 1169 3139 τοῦ
1197 3087 1354 3139 τόπου
1379 3088 1474 3157 τῆς
1492 3089 1600 3139 Να-

74 3180 212 3249 ζαρὲθ
239 3180 336 3250 τὴν
364 3180 685 3248 ἐπωνυμίαν
714 3179 996 3247 ἐκτήσατο.
1024 3176 1232 3228 Τούτων
1272 3177 1438 3239 οὕτως
1470 3178 1600 3230 ἀπο-

1693 2019 1979 2086 quentibus
2004 2030 2238 2072 sanctum
2267 2022 2387 2083 erit,
2420 2023 2593 2090 ipsum
2620 2040 2743 2077 vero
2769 2027 3036 2102 Aquilam,
3069 2044 3221 2094 sepa-

1694 2107 1851 2169 ratio,
1884 2106 2259 2177 Symmachum
2287 2120 2484 2174 autem,
2516 2115 2802 2176 intactum;
2837 2116 3015 2183 itaque
3043 2132 3106 2169 ex
3140 2118 3224 2171 his

1693 2194 1986 2248 Nazirazum
2034 2212 2227 2251 nomen
2277 2200 2624 2268 signiﬁcabit,
2675 2210 2765 2255 aut
2810 2212 3083 2269 sanctum,
3133 2218 3225 2260 aut

1696 2294 2049 2355 segregatum,
2093 2295 2183 2340 aut
2229 2289 2508 2343 intactum.
2546 2291 2615 2344 At
2649 2309 2775 2346 vero
2821 2295 2981 2361 prisci
3011 2296 3224 2362 quidem

1697 2373 2036 2437 sacerdotes,
2107 2390 2228 2428 cum
2284 2378 2401 2430 oleo
2459 2388 2805 2448 comparato,
2880 2383 3020 2449 quod
3085 2383 3225 2451 apud

1697 2461 1877 2517 Mosen
1925 2462 2094 2516 Nazer
2147 2465 2459 2532 appellatur,
2512 2480 2865 2537 ungerentur,
2914 2486 2978 2524 ex
3017 2472 3224 2525 deriva-

1694 2551 1840 2605 tione
1882 2566 1912 2603 a
1939 2551 2108 2604 Nazer
2168 2552 2499 2608 vocabantur
2539 2556 2781 2611 Nazirazi.
2832 2557 2936 2612 Sed
2987 2558 3224 2612 Salvator

1696 2646 1748 2692 et
1774 2636 2029 2693 Dominus
2056 2648 2259 2704 noster,
2289 2652 2473 2709 suapte
2508 2652 2699 2697 natura
2731 2647 2783 2697 in
2817 2661 2873 2699 se
2914 2646 3138 2711 habens,
3174 2657 3222 2701 et

1697 2734 1960 2791 sanctum,
1994 2738 2041 2782 et
2065 2729 2346 2796 intactum,
2373 2738 2423 2784 et
2443 2742 2766 2798 separatum,
2802 2750 2975 2804 neque
2998 2737 3224 2803 alicujus

1696 2817 1938 2886 indigens
1963 2818 2210 2873 humana:
2253 2822 2540 2884 unctionis,
2571 2832 2750 2877 tamen
2789 2823 3009 2877 Νειιίτωὶ
3041 2827 3223 2893 appel-

1696 2904 1948 2959 lationem
1982 2907 2121 2975 apud
2145 2908 2387 2963 homines
2413 2910 2662 2973 obtinuit,
2686 2927 2795 2966 non
2832 2914 2974 2982 quod
3004 2914 3070 2967 ab
3103 2916 3224 2968 oleo

1697 2992 1837 3059 quod
1869 2991 2035 3044 Nazer
2049 3005 2329 3048 vocaretur
2351 2995 2621 3052 Naziraeus
2654 2998 2939 3063 exstiterit,
2964 3001 3056 3054 sed
3082 3004 3223 3070 quod

1697 3082 1939 3150 quamvis
1973 3089 2163 3136 natura
2189 3085 2401 3153 quidem
2446 3086 2568 3140 talis
2612 3095 2773 3149 esset,
2808 3098 2983 3142 tamen
3026 3104 3057 3141 a
3098 3089 3221 3142 civi-

1696 3178 1806 3225 tate
1836 3171 2097 3227 Nazareth
2140 3175 2278 3242 apud
2304 3175 2548 3232 homines
2575 3176 2848 3231 Naziraaus
2884 3189 3105 3234 vocatus
3134 3181 3222 3244 sit,

70 3248 416 3341 δεδειγμένων,
450 3271 644 3341 καιρὸς
678 3267 1068 3336 ἐπισκέψασθαι
1092 3267 1181 3319 καὶ
1208 3266 1265 3330 ἐξ
1298 3267 1476 3319 ὁποίου
1503 3267 1596 3335 γέ-

1697 3263 1788 3315 ubi
1817 3262 1955 3330 apud
1981 3278 2129 3328 suos,
2160 3279 2265 3332 qua
2296 3264 2456 3317 homo
2493 3274 2627 3327 erat,
2663 3274 2931 3335 parentes,
2964 3269 3222 3336 puerilem

72 3377 189 3421 κους,
214 3360 269 3425 ἐξ
299 3360 491 3421 ὁποίας
512 3375 573 3410 τε
611 3355 870 3425 Ἐϐραίων
897 3354 1067 3423 φυλῆς
1092 3356 1119 3406 ὁ
1142 3354 1325 3424 Σωτὴρ
1356 3355 1463 3407 τῶν
1493 3355 1593 3423 ψυ-

68 3448 161 3515 χῶν
184 3448 355 3519 ἡμῶν,
390 3450 420 3500 ὁ
466 3445 702 3516 Χριστὸς
733 3443 826 3496 τοῦ
866 3442 999 3496 Θεοῦ
1044 3442 1451 3511 προελεύσεσθαι
1475 3444 1599 3510 ἑκη-

72 3538 282 3606 ρύττετο.
317 3536 555 3606 Πρώτας
587 3534 646 3586 δὲ
675 3534 774 3595 τὰς
821 3531 1173 3599 εὐαγγελικὼς
1209 3532 1300 3583 καὶ
1329 3531 1453 3601 περὶ
1481 3529 1601 3581 τού-

68 3639 143 3675 του
170 3617 553 3694 παραθήσομαι
573 3621 749 3685 λέξεις
773 3637 785 3649 ·
812 3616 909 3671 εἷθ’
931 3619 1115 3687 ὥσπερ
1134 3619 1415 3688 ἀρμονίους
1436 3635 1603 3687 σφρα-

68 3710 198 3772 γῖδας
225 3711 322 3773 τὰς
344 3706 693 3780 πῳφητικάς
721 3707 908 3769 αὐταῖς
933 3706 1169 3774 ἐπιθήσω
1196 3707 1506 3775 μαρτυρίας.
1544 3707 1600 3757 '0

70 3798 152 3864 μὲν
186 3794 275 3851 οὖν
304 3798 592 3861 Ματθαῖος
626 3790 729 3849 ὧδε
765 3796 855 3849 τὸν
882 3796 1111 3866 Χριστὸν
1139 3795 1275 3847 κατὰ
1309 3796 1480 3865 σάρκα
1514 3812 1603 3862 γει

67 3888 316 3955 νεαλογεί·
359 3907 380 3937 ‹
423 3888 616 3950 Βίϐλος
668 3886 927 3954 γενέσεως
974 3884 1143 3955 Ἰησοῦ
1198 3885 1449 3955 Χριστοῦ,
1486 3885 1600 3937 υἱοῦ

66 3978 221 4041 suos,
263 3978 383 4031 υἱοῦ
420 3977 693 4048 Ἀϐραάμ.
741 3974 982 4045 Ἀϐραὰμ
1001 3975 1248 4043 ἐγέννησε
1275 3975 1362 4027 τὸν
1402 3976 1600 4037 Ἰσαὰκ,

74 4067 240 4119 Ἰσαὰκ
280 4068 338 4119 δὲ
371 4066 635 4134 ἐγέννησε
666 4061 756 4115 τὸν
794 4060 1003 4122 Ἰακὼϐ,
1042 4060 1228 4112 Ἰακὼϐ
1267 4061 1322 4112 δὲ
1356 4061 1602 4130 ἐγέννησε

66 4152 141 4202 cev
175 4154 399 4217 Ἰούδαν,
473 4154 567 4205 καὶ
631 4149 700 4202 τὰ
740 4148 882 4218 ἑξῆς.
917 4147 1132 4216 Συνᾴδει
1176 4148 1229 4200 δὲ
1273 4148 1416 4216 αὐτῷ
1448 4150 1537 4200 καὶ
1577 4152 1604 4201 ὁ

74 4243 399 4307 Ἀπόστολος,
423 4244 597 4309 λέγων
631 4239 932 4309 ἀφωρίσθαι
968 4256 985 4288 ι
1005 4239 1083 4299 εἰς
1115 4237 1430 4303 Εὐαγγέλιον
1451 4236 1602 4301 Θεοῦ,

62 4328 85 4377 ὅ
117 4332 585 4400 προεπηγγείλατο
612 4328 701 4380 διὰ
731 4327 839 4378 τῶν
874 4323 1159 4394 προφητῶν
1200 4325 1358 4376 αὑτοῦ
1386 4326 1441 4375 ἐν
1469 4322 1606 4393 Γραὲ-

61 4422 172 4483 ςαίς
200 4420 387 4487 ἁγίαις
434 4418 563 4487 περ)⁸
594 4414 690 4467 τοῦ
734 4412 863 4465 Υίοῦ
898 4411 1058 4463 αὐτοῦ
1088 4409 1180 4462 τοῦ
1218 4409 1499 4479 γενομένου
1542 4411 1604 4461 ἐκ

62 4508 359 4577 σπέρματος
393 4506 558 4559 Δαϐὶδ
606 4502 747 4556 κατά
781 4502 976 4571 σάρκα.
1012 4518 1030 4548 ι
1057 4499 1266 4551 Γένοιτο
1294 4498 1337 4550 δ’
1376 4498 1441 4550 ἂν
1474 4498 1606 4567 σύμ-

62 4614 193 4662 φωνα
214 4599 396 4652 ταῦτα
430 4600 551 4659 ταῖς
575 4594 749 4655 οὕτως
787 4591 1032 4660 ἐχούσαις
1058 4590 1432 4660 προρρήσεσιν.

1693 3347 2060 3402 educationem
2094 3350 2340 3404 obtinuit.
2381 3350 2459 3404 Ex
2488 3368 2595 3420 quo
2636 3353 2775 3420 apud
2804 3353 3103 3408 Matthazum
3143 3356 3219 3407 di-

1696 3443 1840 3489 ctum
1889 3444 2007 3490 est:
2039 3436 2197 3505 350
2222 3456 2240 3487 ι
2269 3438 2546 3506 Responso
2577 3449 2754 3494 autem
2793 3440 2848 3493 in
2894 3444 3099 3496 somnis
3130 3458 3222 3495 ac-

1695 3532 1848 3590 cepto
1877 3523 2012 3591 (ipse
2036 3524 2284 3579 videlicet
2310 3525 2527 3596 Ioseph)
2562 3528 2784 3581 secessit
2814 3528 2867 3580 in
2913 3536 3094 3596 partes
3123 3527 3228 3581 Ga-

1698 3610 1876 3676 lilaaae;
1921 3618 1973 3664 et
2000 3613 2216 3668 veniens
2252 3614 2512 3668 habitavit
2541 3617 2596 3668 in
2635 3617 2847 3669 civitate
2878 3632 2996 3684 qua:
3026 3617 3226 3670 dicitur

1698 3698 1923 3765 Nagara,
1957 3708 2016 3752 ut
2049 3702 2359 3771 impleretur
2380 3707 2520 3773 quod
2544 3704 2744 3758 dictum
2771 3712 2853 3758 est
2882 3721 2974 3774 per
2997 3706 3227 3774 pr0phe-

1697 3797 1823 3849 tam,
1843 3788 1983 3854 quod
2010 3788 2293 3845 Nazarteus
2317 3793 2591 3846 vocabitur
2608 3794 2675 3845 ’³.
2697 3812 2722 3843 ο
2765 3791 3056 3862 Oportebat
3079 3796 3223 3848 enim

1698 3887 2080 3942 usquequaque
2105 3889 2225 3928 cum
2254 3877 2368 3945 ipse
2393 3884 2578 3946 suapte
2607 3887 2797 3932 natura
2825 3888 2879 3934 et
2910 3895 3092 3934 revera
3120 3880 3229 3934 Na—

1698 3962 1886 4016 zirmus
1910 3973 2071 4025 esset,
2098 3964 2196 4017 hoc
2224 3974 2307 4019 est
2333 3973 2571 4032 sanctus,
2594 3967 2848 4031 intactus,
2890 3978 3220 4039 segregatus,

1698 4051 1847 4103 illum
1897 4052 1963 4105 ab
1994 4053 2299 4108 hominibus
2341 4056 2439 4109 hac
2483 4057 2837 4125 appellatione
2876 4060 3085 4122 vocari;
3134 4059 3227 4112 sed

1700 4140 1952 4208 quoniam
1994 4156 2101 4195 non
2148 4157 2178 4194 a
2209 4141 2378 4197 Nazer
2405 4144 2523 4198 oleo
2555 4144 2693 4197 hanc
2735 4147 2966 4199 obtinuit
2998 4146 3216 4214 appella-

1700 4230 1917 4292 tionem,
1946 4231 2141 4300 quippe
2169 4234 2258 4300 qui
2288 4234 2531 4287 humanae
2561 4235 2761 4289 nullius
2794 4237 3063 4289 unctionis
3086 4235 3227 4288 indiv

1702 4327 1867 4387 geret,
1924 4335 1951 4372 a
1996 4322 2113 4374 loco
2156 4320 2418 4377 Nazareth
2466 4324 2949 4379 denominationem
2996 4326 3205 4394 accepit

1701 4407 1831 4462 Cum
1857 4408 2019 4476 igitur
2049 4410 2159 4464 hate
2184 4411 2238 4464 in
2267 4412 2410 4465 hunc
2439 4413 2654 4467 modum
2688 4422 2900 4469 ostensa
2931 4416 3057 4478 sint,
3090 4424 3228 4469 tem-

1703 4517 1806 4569 pus
1830 4503 1939 4569 jam
1971 4517 2089 4556 esse
2124 4503 2332 4556 videtur
2362 4504 2643 4573 inspicere,
2690 4514 2742 4560 et
2773 4522 2835 4559 ex
2867 4522 2972 4575 quo
3005 4521 3220 4575 genere.

1638 4584 1680 4637 D
1703 4599 1756 4643 et
1777 4605 1841 4642 ex
1874 4603 1978 4657 qua
2015 4588 2353 4644 Hebraeorum
2394 4593 2560 4653 tribu,
2596 4593 2892 4646 animarum
2923 4602 3227 4647 nostrarum

61 4687 294 4745 Salvator
320 4692 588 4745 Christus
649 4686 739 4740 Dei
779 4684 1088 4754 proditurus
1155 4680 1509 4734 nuntiaretur.
1547 4679 1805 4735 Craterum
1847 4680 1947 4733 hac
1975 4680 2042 4734 de
2086 4696 2143 4734 re
2167 4683 2395 4750 primum
2430 4684 2593 4736 verba
2659 4683 2839 4736 citabo
2891 4683 3224 4750 evangelica,

60 4781 236 4835 deinde
263 4791 534 4850 tanquam
574 4785 734 4831 notas
754 4785 915 4843 atque
943 4771 1322 4840 impressiones
1362 4771 1591 4826 maxime
1626 4770 2073 4833 accommodatas,
2135 4773 2444 4840 prophetica
2483 4773 2589 4827 illis
2655 4773 2937 4842 adjungam
2998 4773 3229 4826 testimo-

62 4870 158 4924 nia.
191 4871 487 4925 Matthaaus
510 4881 647 4936 ergo
700 4864 905 4919 Christi
966 4877 1153 4930 genus,
1224 4872 1485 4930 quatenus
1525 4862 1590 4915 ad
1639 4862 1921 4915 humanam
1975 4861 2091 4927 ejus
2132 4870 2377 4916 naturam
2420 4864 2671 4932 pertinet,
2718 4865 2774 4917 in
2820 4864 2962 4915 hunc
3010 4862 3227 4916 modum

63 4960 303 5016 describit
335 4979 350 5014 :
392 4979 413 5011 ι
445 4959 608 5012 Liber
643 4950 1010 5025 generationis
1051 4950 1175 5006 Jesu
1216 4950 1450 5013 Christi,
1502 4951 1596 5004 ﬁlii
1634 4951 1819 5012 David,
1856 4951 1948 5003 lilii
1981 4951 2269 5006 Abraham.
2304 4952 2570 5006 Abraham
2632 4954 2837 5021 genuit
2870 4953 3038 5007 Isaac.
3082 4952 3231 5007 Isaac

63 5056 224 5101 autem
283 5047 484 5119 genuit
543 5042 736 5097 Jacob.
788 5039 962 5094 Iacob
1022 5045 1196 5091 autem
1270 5039 1451 5106 genuit
1505 5036 1696 5092 ludam
1746 5038 1861 5103 “,i
1912 5044 1966 5091 et
2027 5052 2146 5106 quae
2211 5046 2528 5107 sequuntur.
2570 5037 2708 5092 Huic
2762 5054 2891 5093 vero
2943 5039 3231 5108 Apostolus

65 5151 262 5208 quoque
284 5133 617 5193 concordat,
654 5128 745 5197 qui
772 5127 926 5187 dicit,
972 5141 991 5174 ι
1021 5130 1353 5219 segregatum
1389 5139 1447 5177 se
1474 5139 1592 5219 esse
1630 5127 1682 5180 in
1716 5125 2054 5195 Evangelium
2092 5124 2206 5191 Dei,
2234 5127 2396 5219 quod
2434 5136 2556 5219 ante
2618 5128 2933 5195 promiserat
2961 5144 3055 5219 per
3107 5142 3229 5219 pro-

67 5226 238 5291 phetas
265 5220 490 5280 suos'in
524 5217 823 5286 Scripturis
862 5213 1066 5269 sanctis
1094 5213 1160 5266 de
1185 5211 1316 5266 Filio
1345 5226 1464 5275 suo,
1500 5215 1591 5282 qui
1630 5219 1803 5270 factus
1853 5224 1935 5270 est
1995 5231 2061 5269 ex
2115 5218 2316 5273 semine
2346 5217 2510 5272 David
2546 5222 2836 5272 secundum
2870 5212 3084 5275 carnem
3104 5218 3175 5278 “.
3203 5233 3229 5271 ι

67 5310 269 5369 κύει-ἰπὶ
287 5328 428 5369 vero
467 5306 590 5365 haec
615 5313 977 5362 consentanea
1016 5302 1105 5366 iis,
1148 5318 1266 5372 quae
1296 5304 1371 5356 ita
1409 5318 1466 5357 se
1506 5304 1618 5359 hab

1697 5322 1724 5371 ι,
1757 5307 2008 5362 oraculis.

134 5500 175 5541 ι
203 5501 375 5561 Luat,
410 5517 529 5566 χχι,
567 5496 663 5551 12.
734 5493 776 5525 ’³
806 5491 1075 5555 Μοιιιωι,
1098 5491 1189 5558 22,
1208 5491 1295 5547 2'5.
1368 5491 1412 5523 “
1433 5489 1617 5548 Matth.

1706 5495 1827 5560 l,2.
1899 5498 1942 5529 ³⁵
1970 5494 2123 5549 Rom.
2157 5511 2196 5561 ι,
2231 5497 2334 5551 ινδ.

1615 5723 1690 5752 η
