3738 6302
858 381 951 438 851

1450 474 1672 531 CAPUT
1713 472 1798 531 Ill.

860 600 900 652 Α
952 590 1174 648 secundo
1225 586 1679 654 Paralipomenon.
1717 612 1785 625 -—-
1816 582 1897 636 Ea:
1920 589 2209 654 qua_g_ente
2246 588 2294 632 et
2334 592 2400 631 ea:

928 679 1029 727 qua
1057 658 1362 712 Judworum
1399 649 1537 709 tribu
1577 649 1947 724 progressurus
1984 649 2226 704 Christus
2265 662 2402 716 prte-

928 731 1216 789 dicebatur.

932 906 1187 961 Dominus
1215 917 1310 973 per
1341 900 1553 954 Nathan
1582 894 1894 966 prophetam
1924 892 2037 946 haec
2068 889 2234 944 David
2266 904 2406 958 prae-

864 997 1017 1059 dicit,
1043 995 1096 1047 iu
1127 990 1366 1047 secundo
1389 985 1609 1060 [primo]
1633 983 2116 1052 Paralipomenon:
2143 996 2161 1029 ‹
2196 978 2259 1031 Ει
2279 978 2402 1041 erit,

870 1103 993 1140 cum
1037 1083 1286 1152 completi
1333 1081 1531 1133 fuerint
1560 1077 1675 1130 dies
1701 1074 1799 1135 lui,
1855 1082 1909 1126 et
1948 1070 2235 1125 dormieris
2280 1083 2403 1122 cum

865 1177 1101 1247 patribus
1128 1174 1254 1233 tuis,
1290 1170 1563 1225 suscitabo
1606 1181 1788 1219 semen
1820 1171 1970 1216 tuum
2003 1168 2123 1232 post
2155 1169 2228 1226 te,
2259 1159 2404 1230 quod

861 1268 963 1322 erit
991 1282 1052 1320 ex
1075 1272 1260 1317 ventre
1287 1269 1399 1322 tuo,
1432 1272 1483 1313 et
1505 1257 1703 1329 parabo
1726 1269 1948 1322 regnum
1974 1253 2112 1320 ejus.
2137 1248 2257 1320 lpse
2279 1249 2409 1304 tedi-

865 1358 1045 1412 iicabit
1071 1355 1201 1408 mibi
1233 1354 1450 1407 domum
1478 1350 1533 1403 in
1563 1347 1782 1402 nomine
1810 1358 1949 1405 meo,
1998 1350 2052 1396 et
2082 1341 2284 1410 erigam
2323 1354 2408 1394 se-

863 1444 983 1500 dem
1013 1445 1129 1513 ejus
1161 1458 1331 1511 usque
1358 1441 1412 1494 in
1444 1438 1847 1506 sempiternum.
1878 1433 1987 1502 Ego
2008 1447 2101 1485 ero
2122 1431 2197 1484 illi
2226 1431 2279 1484 in
2309 1445 2407 1501 pa-

863 1544 1032 1597 trem,
1080 1532 1233 1603 351
1263 1536 1316 1584 et
1370 1529 1484 1596 ipse
1535 1525 1639 1579 erit
1696 1521 1827 1575 mihi
1870 1519 1927 1572 in
1971 1517 2229 1573 lilium".
2273 1535 2292 1567 ι
2347 1514 2407 1568 1n

865 1634 1056 1679 octavo
1084 1631 1262 1675 autem
1300 1625 1354 1672 et
1384 1611 1715 1683 octogesimo
1738 1608 1946 1678 psalmo
1974 1605 2041 1660 de
2069 1604 2257 1660 eodem
2293 1613 2409 1657 tan-

864 1727 1026 1783 quam
1069 1711 1135 1764 de
1173 1708 1336 1762 David
1394 1705 1539 1758 dicta
1578 1703 1690 1755 haec
1725 1707 1890 1754 sunt:
1922 1718 1940 1751 ι
1976 1695 2094 1766 Ipse
2139 1694 2409 1749 invocabit

1521 363 1783 420 EUSEBll
1817 357 2287 418 CESARIENSIS
2320 355 2472 412 OPP.
2509 352 2686 408 PARS
2714 351 2779 408 ll.
2818 378 2886 391 -
2922 348 3322 405 APOLOGETIC

3016 462 3322 514 KEbAAAIl

2515 569 2646 632 Ἀπὸ
2708 567 2814 636 τῆς
2867 568 3137 636 δευτέρας
3190 566 3303 621 τῶν

2585 639 2721 707 Ἆπὸᾲ
2763 638 2936 692 ποίου
2982 637 3186 707 γένους
3228 635 3321 688 καὶ

2570 705 2771 795 ερυελῆς
2837 705 3291 774 προελεύσεσθαι

2569 792 2790 829 τευετο.

2585 883 2640 934 Ὁ
2662 881 2862 952 Κύριος
2890 881 2979 941 διὰ
3007 880 3187 934 Νάθαν
3214 879 3302 933 τοῦ

2506 971 2590 1024 διδ
2642 971 2880 1035 θεσπίζει
2932 974 2989 1025 ὲν
3034 972 3253 1041 δευτέρᾳ
3308 971 3322 1021 l

2505 1062 2673 1128 ἔσται,
2701 1063 2793 1116 ἐὰν
2826 1063 3181 1134 πληρωθῶσιν
3224 1065 3278 1116 αἱ
3318 1082 3322 1092 λ

2507 1154 2644 1225 θήσῃ
2699 1154 2831 1223 μετὰ
2863 1153 2973 1206 τῶν
3029 1153 3271 1224 πατέρων

2509 1241 2723 1311 σπέρμα
2773 1259 2864 1293 σου
2901 1241 3038 1310 μετὰ
3075 1241 3153 1304 σὲ,
3185 1241 3242 1304 ὃς
3281 1241 3322 1292 ἔ(

2507 1331 2601 1383 καὶ
2640 1330 2907 1400 ἑτοιμάσω
2935 1332 3033 1401 τὴν
3072 1329 3322 1399 βασιλείαη

2511 1434 2591 1470 σει
2620 1415 2763 1472 οἶκον
2787 1418 2864 1487 τῷ
2887 1418 3109 1488 ὀνόματι
3136 1435 3259 1487 μου,
3290 1434 3322 1469 κ

2507 1507 2599 1559 τοῦ
2632 1511 2708 1571 εις
2751 1508 2841 1560 τὸν
2881 1509 3063 1561 αἰῶνα.
3109 1506 3245 1576 Ἐγὼ
3285 1508 3322 1559 ἒς

2508 1601 2601 1652 καὶ⁸
2628 1600 2786 1662 αὐτὸς
2809 1599 2958 1652 ἔσται
3000 1616 3090 1669 μοι
3132 1601 3209 1655 εἰς
3237 1599 3319 1651 uid

2508 1692 2844 1764 ὀγδοηκοστῷ
2867 1691 3064 1762 ψαλμῷ
3086 1691 3215 1762 περὶ
3260 1708 3322 1743 το

867 1781 971 1867 me,
997 1808 1145 1863 pater
1181 1812 1331 1850 meus
1358 1810 1417 1849 es
1457 1803 1535 1855 tu,
1559 1791 1702 1846 Deus
1736 1805 1888 1844 meus
1914 1795 1967 1842 et
2005 1794 2283 1854 susceptor
2320 1799 2343 1838 s

1845 1805 1888 1844 IS
1914 1795 1967 1842 et
2005 1794 2283 1854 susceptor
2320 1799 2407 1838 sa-
2439 1812 2477 1869 Β
2507 1783 2630 1836 τάδε
2658 1782 2868 1854 εἴρηται
2890 1799 2904 1812 ο
2938 1801 2956 1832 ι
2996 1781 3166 1843 Αὐτὸς
3200 1783 3321 1833 em

870 1891 996 1945 Iutis
1025 1902 1174 1942 meze.
1199 1885 1264 1939 Et
1296 1899 1395 1954 ego
1428 1882 1838 1952 primogenitum
1873 1891 2067 1948 ponam
2110 1875 2282 1940 illum,
2312 1888 2406 1926 ex-

867 1981 1071 2035 celsum
1101 1991 1208 2046 prae
1251 1975 1466 2047 regibus
1491 1981 1681 2037 terrm;
1710 1970 1765 2023 in
1794 1976 2047 2022 aeternum
2081 1963 2306 2019 servabo
2331 1962 2407 2015 illi

871 2068 1298 2126 misericordiam
1327 2079 1521 2128 meam,
1552 2070 1605 2118 et
1638 2066 2016 2116 testamentum
2050 2071 2226 2110 meum
2255 2055 2409 2110 ﬁdele

872 2160 975 2229 ipsi
1002 2159 1068 2211 ’⁷.
1103 2176 1121 2209 ι
1159 2156 1223 2210 Ει
1253 2170 1444 2209 rursus
1473 2172 1487 2208 :
1521 2171 1539 2203 ι
1565 2150 1751 2205 Juravi
1784 2149 1950 2203 David
1996 2161 2152 2202 servo
2178 2159 2318 2210 meo,
2353 2145 2407 2198 in

873 2247 1126 2303 saeculum
1148 2245 1347 2314 parabo
1374 2257 1557 2298 semen
1583 2247 1757 2305 tuum,
1780 2245 1833 2292 et
1855 2236 2133 2297 aediﬁcabo
2162 2234 2216 2291 in
2247 2249 2410 2305 gene-

873 2333 1135 2385 rationem
1184 2338 1237 2385 et
1289 2328 1686 2399 generationem
1750 2325 1931 2381 sedem
1991 2330 2137 2376 tuam
2166 2322 2232 2375 ".
2265 2339 2285 2373 ι
2347 2320 2412 2373 Et

876 2436 1105 2474 rursus:
1142 2436 1160 2468 ι
1193 2415 1368 2472 Semel
1412 2415 1589 2485 juravi
1631 2415 1686 2467 in
1722 2422 1911 2467 sancto
1964 2425 2104 2472 meo,
2158 2410 2203 2465 si
2246 2407 2408 2461 David

876 2510 1124 2574 mentiar,
1154 2522 1336 2561 semen
1362 2506 1481 2574 ejus
1513 2507 1571 2560 in
1601 2512 1863 2558 :eternum
1893 2500 2150 2563 manebit,
2179 2507 2231 2552 et
2262 2498 2413 2551 thro-

876 2615 978 2653 nus
1001 2599 1118 2665 ejus
1142 2598 1282 2651 sicut
1312 2597 1393 2651 sol
1422 2597 1476 2649 in
1518 2602 1810 2663 conspectu
1857 2608 1996 2653 meo,
2027 2598 2081 2644 et
2119 2591 2260 2644 sicut
2287 2590 2412 2642 luna

876 2688 1111 2759 perfecta
1139 2689 1193 2741 in
1225 2695 1482 2740 aeternum
1498 2685 1563 2738 ".
1594 2703 1612 2735 ι
1643 2681 1706 2735 Ει
1730 2697 1918 2737 rursus
1949 2699 1962 2735 :
1997 2700 2015 2731 ι
2043 2679 2109 2733 Et
2131 2692 2326 2749 ponam
2356 2676 2412 2729 in

878 2779 1130 2832 saeculum
1175 2777 1361 2833 saeculi
1406 2790 1590 2829 semen
1635 2772 1753 2842 ejus
1778 2773 1818 2824 ¹.
1855 2790 1873 2823 ι
1915 2769 2136 2823 Fuerint
2162 2781 2290 2822 vero
2330 2766 2413 2819 bis

878 2867 1073 2923 similia
1104 2869 1263 2920 etiam
1309 2866 1399 2919 illa
1437 2866 1491 2917 in
1522 2863 1719 2933 quibus
1746 2861 1967 2915 'dictum
1999 2866 2082 2914 est
2110 2877 2121 2912 :
2159 2876 2177 2908 ι
2207 2856 2415 2910 Juravit

881 2957 1137 3010 Dominus
1168 2954 1332 3009 David
1358 2955 1657 3016 veritatem,
1679 2962 1731 3006 et
1750 2966 1858 3006 non
1889 2946 2235 3009 frustrabitur
2254 2959 2409 2999 eum:

878 3045 945 3100 de
975 3048 1150 3100 fructu
1185 3046 1386 3109 ventris
1421 3045 1498 3098 tui
1528 3057 1719 3112 ponam
1751 3055 1913 3109 super
1934 3039 2113 3093 sedem
2144 3046 2288 3088 tuam
2314 3034 2356 3088 '.
2389 3051 2409 3085 ι

2511 1869 2562 1925 εἴ
2585 1872 2669 1936 σὺ,
2699 1871 2829 1935 Θεός
2855 1888 2973 1942 μου,
3008 1872 3103 1923 καὶ
3128 1870 3322 1941 ἁντιλή

2511 1960 2663 2030 κάγὼ
2700 1961 3032 2030 πρωτότοκον
3053 1959 3289 2030 θήσομαι
3320 1990 3321 1997 ι

2513 2051 2784 2122 βασιλεῦσι
2808 2053 2905 2121 τῆς
2941 2052 3074 2122 γῆς·
3112 2052 3193 2115 εἰς
3224 2051 3314 2103 τὸν

2510 2143 2655 2207 ἔλεός
2694 2159 2817 2213 μου,
2865 2142 2960 2195 καὶ
3001 2141 3035 2210 ἡ
3078 2140 3313 2210 διαθήκη

2509 2231 2661 2297 αὖθις
2684 2250 2698 2263 ·
2734 2252 2752 2282 ι
2788 2232 2996 2301 Ὢμοσα
3026 2230 3193 2284 Δαϐὶδ
3218 2229 3297 2299 τῷ

2510 2321 2778 2390 ἑτοιμάσω
2800 2319 2860 2372 τὸ
2886 2320 3106 2390 σπέρμα
3141 2336 3258 2381 σου,
3286 2336 3321 2371 κ

2511 2411 2601 2462 καὶ
2639 2408 2828 2477 γενεὰν
2854 2407 2944 2460 τὸν
2991 2407 3183 2479 θρόνον
3230 2424 3322 2460 σου

2511 2496 2696 2568 ὤμοσα
2735 2499 2791 2549 ἐν
2830 2495 2908 2566 τῷ
2938 2497 3080 2566 ἁγίῳ
3129 2514 3261 2566 μουο
3298 2499 3322 2548 Ε

2513 2586 2725 2658 σπέρμα
2752 2585 2913 2638 αὐτοῦ
2942 2587 3024 2649 εἰς
3055 2587 3149 2639 τὸν
3183 2586 3319 2647 αἱῶν

2512 2676 2620 2739 τοῦ,
2646 2675 2719 2738 ὡς
2743 2675 2890 2745 ἥλιος
2921 2677 3168 2730 ἐναντίον
3206 2695 3322 2747 μου,

2510 2764 2732 2835 τισρένη
2762 2766 2841 2826 εἰς
2867 2764 2957 2816 τὸν
2996 2765 3175 2818 αἰῶνα
3199 2782 3213 2795 ο
3260 2786 3280 2817 ι
3313 2782 3322 2818 :

2512 2856 2589 2916 εἰς
2611 2853 2701 2907 τὸν
2725 2852 2894 2906 αἰῶνα
2922 2854 3022 2906 τοῦ
3054 2854 3255 2919 αἰῶνος
3282 2857 3322 2908 τί

2511 2946 2555 2998 δ’
2588 2946 2652 2999 ἂν
2688 2946 2771 3016 εἴη
2813 2945 3028 3011 τούτοις
3076 2948 3174 3000 καὶ
3211 2948 3283 3000 τὰ

2515 3032 2714 3105 Κύριος
2737 3033 2814 3103 τῷ
2852 3033 3018 3087 Δαϐὶδ
3060 3035 3322 3106 ἀλήθειαν

881 3134 1419 3205 Salomon.quidem,
1463 3149 1584 3189 cum
1632 3142 1775 3187 esset
1819 3130 1962 3184 [ilius
2011 3126 2198 3190 David,
2241 3124 2357 3179 eide

1845 3130 1962 3184 llius
2011 3126 2198 3190 David,
2241 3124 2413 3179 eidem
2440 3136 2481 3192 (ζ
2514 3122 2602 3177 τόν
2624 3140 2638 3153 ·
2673 3124 2735 3176 ὲκ
2767 3122 2983 3193 καρποῦ
3012 3125 3113 3193 τῆς
3134 3125 3321 3177 κοιλία

881 3226 1053 3294 palam
1095 3226 1148 3278 in
1180 3241 1344 3296 regno
1377 3224 1641 3281 successit
1670 3241 1684 3276 :
1711 3221 1799 3275 hic
1839 3221 1997 3274 etiam
2028 3215 2415 3286 Hierosolymis

882 3314 1086 3383 primus
1125 3315 1230 3368 Deo
1276 3315 1533 3384 templum
1577 3310 1880 3368 aediﬁcavit.
1917 3308 2071 3362 llunc
2104 3308 2287 3375 itaque
2324 3320 2417 3360 su-

882 3405 1075 3473 spicari
1118 3403 1331 3460 Judaeos
1361 3406 1511 3459 illum
1554 3419 1696 3469 esse,
1743 3402 1809 3456 de
1844 3416 1960 3469 quo
2004 3397 2298 3470 prOphetiaa
2337 3396 2417 3448 lo-

881 3500 1138 3563 quuntur,
1161 3494 1450 3549 verisimile
1468 3500 1571 3549 est.
1598 3490 1702 3546 Sed
1734 3489 1969 3553 videant,
1992 3501 2194 3557 quaeso,
2224 3484 2414 3547 Judaei,

882 3598 1011 3636 num
1076 3582 1144 3636 ad
1201 3580 1542 3638 Salomonem
1611 3580 1814 3636 referre
1879 3579 2153 3634 oraculum
2209 3575 2418 3645 possint

882 3673 1026 3744 quod
1073 3674 1146 3726 ita
1187 3674 1262 3725 ait
1295 3691 1307 3726 :
1347 3692 1365 3722 ι
1396 3670 1462 3726 Et
1513 3673 1715 3741 erigant
1773 3670 1953 3731 sedem
1991 3668 2110 3737 ejus
2150 3680 2319 3734 usque
2363 3666 2417 3718 in

884 3763 1309 3831 sempiternum;
1340 3779 1359 3813 ι
1406 3770 1461 3815 et
1508 3776 1699 3819 rursus
1746 3759 1891 3830 quod
1915 3772 2034 3813 cum
2062 3753 2417 3824 jurisjurandi

884 3849 1237 3904 allirmatione
1273 3850 1573 3918 pollicitum
1621 3863 1743 3905 esse
1793 3846 1957 3903 Deum
1993 3847 2047 3903 in
2088 3850 2278 3900 sancto
2319 3858 2420 3897 suo

885 3939 1113 4001 inducit,
1145 3936 1377 3992 futuram
1414 3938 1594 3993 sedem
1626 3937 1765 4007 ejus,
1801 3949 1956 4005 quem
1983 3939 2265 3987 venturum
2293 3943 2420 3999 pro-

885 4030 1057 4099 lbette
1082 4033 1302 4091 canunt,
1334 4026 1472 4079 sicut
1498 4026 1687 4088 solem,
1724 4033 1779 4079 et
1801 4027 1937 4078 sicut
1972 4022 2088 4077 dies
2115 4020 2255 4074 cmli.
2287 4018 2419 4072 Nam

886 4120 933 4175 si
962 4118 1084 4188 quis
1119 4116 1269 4185 regni
1311 4114 1615 4169 Salomonis
1655 4122 1867 4184 tempus
1906 4110 2164 4180 inquirat,
2194 4107 2422 4176 quadra-

888 4211 1032 4280 ginta
1052 4222 1159 4260 non
1190 4205 1419 4274 amplius
1454 4219 1626 4259 annos
1666 4203 1935 4266 inveniet;
1968 4198 2108 4268 quod
2141 4198 2189 4252 si
2227 4211 2414 4251 eorum

888 4299 981 4370 qui
1012 4297 1088 4350 illi
1126 4293 1489 4350 successerint
1521 4293 1577 4346 in
1621 4304 1883 4347 summam
1925 4288 2146 4356 redigat,
2186 4299 2254 4339 ne
2280 4292 2421 4339 totos

887 4389 1102 4460 quidem
1155 4384 1478 4455 quingentos
1540 4396 1711 4439 annos
1754 4382 1875 4434 illos
1931 4392 2118 4430 omnes
2171 4389 2422 4442 regnasse

2517 3230 2605 3266 vov
2633 3229 2746 3264 σου.
2780 3231 2797 3263 ι
2828 3213 3112 3283 Σολομὼν,
3139 3219 3272 3277 παῖς
3298 3234 3322 3285 p

2520 3301 2786 3372 βασιλείας
2813 3301 3063 3372 διάδοχος
3093 3304 3322 3372 πέφηνεη

2518 3393 2613 3446 καὶ⁵
2640 3393 2728 3445 τὸν
2768 3395 2824 3457 ὲν
2862 3393 3269 3465 Ἰεροσολύμοις
3298 3415 3322 3448 ν

2522 3495 2677 3550 ματο.
2713 3479 2821 3531 Καὶ
2843 3479 3041 3532 τοῦτον
3068 3482 3220 3545 εἰκὸς
3255 3485 3322 3535 ὑπ

2524 3568 2628 3637 μῆς
2655 3568 2745 3619 τὸν
2776 3569 3267 3639 προφητευόμενον
3294 3588 3321 3623 ε

2520 3661 2569 3713 εἰ
2589 3656 2697 3712 οἶόν
2727 3675 2785 3711 τε
2807 3654 2920 3711 εἶεν
2958 3661 3038 3731 (1)
3071 3662 3169 3714 ἐπὶ
3199 3663 3322 3716 Σολι

2521 3749 2824 3817 φάσκοντα·
2855 3767 2876 3799 ι
2912 3752 3027 3821 Καὶ.
3060 3752 3319 3824 ἁνορθώσ

2522 3837 2721 3892 αἰῶναο
2756 3858 2774 3890 ι
2812 3841 2909 3892 καὶ
2937 3835 3101 3904 αὖθις
3137 3843 3261 3912 μεθ’
3289 3844 3317 3895 ὃ

2521 3942 2609 3978 ναι
2653 3925 2743 3979 τὸν
2782 3926 2921 3981 Θεὸν
2969 3930 3030 3982 ὲν
3062 3930 3142 4002 τῷ
3174 3931 3319 4003 ἁγίῳ

2523 4012 2706 4083 θρόνος
2737 4015 2830 4067 τοῦ
2866 4023 3322 4090 προφητευομένε

2525 4119 2615 4173 ραι
2646 4102 2740 4154 τοῦ
2803 4105 3082 4176 οὐρανοῦ·
3149 4112 3201 4163 εἱ
3246 4111 3322 4180 γὰ

2524 4191 2732 4244 ετάσειε
2759 4192 2861 4262 τῆς
2908 4195 3008 4248 τοῦ
3040 4198 3322 4270 Σολομῶνε

2524 4282 2640 4350 ἐτη,
2669 4284 2731 4334 οὐ
2760 4282 2991 4339 πλείονα
3023 4289 3274 4361 εὑρήσει.
3308 4292 3322 4345 l

2524 4370 2617 4425 τοῦ
2643 4372 2884 4438 συνάξοι,
2926 4377 3039 4431 οὐδ’
3068 4381 3159 4451 ἐφ’
3193 4382 3322 4444 ὅλοις

888 4474 1195 4546 comperiet.
1248 4470 1353 4527 Sed
1397 4468 1756 4525 concedamus
1802 4480 1895 4520 eos
1926 4478 2098 4532 iisque
2140 4462 2205 4517 ad
2252 4470 2364 4516 extr

1845 4480 1895 4520 os
1926 4478 2098 4532 itaque
2140 4462 2205 4517 ad
2252 4470 2428 4516 extre-
2457 4460 2502 4518 υ
2529 4460 2593 4513 ἂν
2622 4461 2745 4523 τοὺς
2770 4463 2992 4531 πάντας
3032 4469 3321 4544 διαγενομέ

889 4583 1031 4624 mam
1062 4563 1298 4621 iudaice:
1333 4559 1507 4631 gentis
1540 4556 1896 4618 obsidionem.
1920 4568 2025 4625 qua
2047 4551 2273 4608 Romani
2305 4552 2365 4606 ill

1845 4570 1896 4618 η.
1920 4568 2025 4625 qua
2047 4551 2273 4608 Romani
2305 4552 2427 4606 illos
2524 4554 2647 4615 τοὺς
2672 4554 2768 4605 καὶ
2814 4555 2985 4628 μέχρι
3030 4561 3135 4631 τῆς
3164 4565 3321 4618 ὑστάπ

889 4658 1368 4731 expugnaverunt,
1411 4663 1636 4719 regnum
1683 4658 2052 4708 conservasse,
2104 4640 2233 4712 quid
2280 4640 2424 4695 istud

892 4729 1104 4805 tandem
1142 4747 1210 4801 ad
1247 4742 1579 4815 prophetiam
1612 4752 1730 4807 quae
1777 4737 1872 4797 ait,
1924 4753 1943 4786 ι
1972 4735 2024 4793 in
2070 4729 2370 4787 aeternum?
2399 4748 2417 4781 ι

900 4851 954 4896 et
983 4855 1101 4910 quae
1129 4847 1186 4891 ut
1215 4836 1380 4911 solem
1418 4839 1579 4899 atque
1622 4835 1681 4881 ut
1711 4826 1825 4879 dies
1869 4825 1990 4879 creti
2020 4831 2422 4893 permansuram

896 4906 1040 4983 illam
1074 4906 1253 4985 sedem
1296 4920 1477 4979 canit?
1502 4916 1633 4971 lllud
1671 4930 1819 4978 vero,
1860 4931 1878 4964 ι
1918 4912 1981 4966 Ει
2016 4927 2114 4983 ego
2145 4923 2238 4965 ero
2264 4907 2339 4962 illi
2370 4906 2425 4958 in

896 5028 1120 5087 patrem,
1168 5027 1220 5072 et
1265 5019 1378 5087 ipse
1424 5013 1529 5070 erit
1585 5010 1715 5067 mihi
1762 5009 1818 5063 in
1868 5006 2055 5071 ﬁlium,
2089 5023 2108 5056 ι
2159 5004 2250 5071 qui
2307 4996 2422 5052 ﬁeri

896 5114 1070 5174 potest
1113 5113 1171 5159 ut
1211 5104 1483 5159 Salomoni
1528 5101 1832 5161 conveniat,
1884 5095 2099 5166 quando
2144 5091 2319 5162 palam
2367 5087 2422 5141 in

895 5191 1117 5248 historia
1158 5208 1275 5261 quae
1321 5200 1387 5247 de
1424 5196 1516 5247 illo
1565 5198 1762 5254 exstat,
1800 5184 2141 5245 abhorrentia
2182 5177 2426 5248 longissi-

900 5297 1086 5349 meque
1109 5289 1307 5333 remota
1332 5281 1398 5331 ab
1418 5280 1699 5347 adeptione
1721 5280 1814 5334 Dei
1846 5278 1912 5332 de
1940 5277 2032 5331 illo
2054 5272 2253 5342 prodit.
2284 5269 2424 5323 Audi

901 5371 1067 5441 igitur
1095 5384 1255 5436 quam
1287 5369 1433 5421 illius
1462 5374 1856 5429 accusationem
1889 5367 2166 5436 complexa
2197 5361 2295 5416 sit:
2320 5379 2339 5410 ι
2361 5359 2427 5412 Et

969 5477 1015 5510 ’⁸
1052 5476 1075 5529 l
1118 5474 1225 5528 Par
1248 5515 1263 5530 .
1301 5477 1627 5539 “11,1144.

899 5560 1080 5605 cum,
1113 5545 1199 5596 il.

2524 4644 2645 4707 xla;
2674 4644 2768 4698 τοῦ
2805 4647 3089 4706 Ἰουδαίων
3135 4654 3322 4721 ἔθνους

2520 4734 2614 4791 οὖν
2641 4738 2800 4793 τοῦτο
2831 4742 2976 4813 πρὸς
3009 4746 3113 4817 τὴν
3158 4765 3322 4820 προφπ

2522 4828 2616 4881 καὶ
2641 4827 2715 4889 ὡς
2761 4829 2859 4884 τὸν
2891 4833 3074 4902 ἣλιον,
3104 4840 3202 4892 καὶ
3242 4840 3318 4904 ὡς

2522 4916 2794 4985 διαμενεῖν
2858 4922 2957 4977 τὸν
3006 4925 3201 4997 θρόνον
3253 4933 3322 4983 αὐ

2529 5024 2548 5057 ι
2575 5008 2683 5060 Καὶ
2708 5008 2824 5076 ἐγὼ
2863 5012 3068 5086 ἔσομαι
3102 5020 3258 5092 αὐτῷ
3286 5026 3322 5075 ei

2527 5111 2615 5165 μοι
2644 5096 2723 5157 εἰς
2750 5098 2893 5163 υἱὸν,
2922 5120 2945 5151 ι
2979 5104 3099 5168 πῶς
3131 5107 3201 5160 ἂν
3225 5110 3304 5179 τῷ

2523 5181 2819 5255 διαρρήδην
2854 5190 2889 5260 ἡ
2924 5192 3073 5248 κατὰ
3109 5197 3274 5253 αὐτὸν
3307 5201 3322 5253 ἱ

2526 5273 2759 5342 κισμένα
2791 5278 2895 5349 τῆς
2924 5284 3023 5338 τοῦ
3055 5285 3195 5342 Θεοῦ
3223 5293 3322 5343 eis".

2528 5377 2666 5414 σκει.
2695 5363 2909 5422 Ἀκουε
2947 5371 2996 5424 δ’
3027 5370 3123 5428 οὖν
3166 5378 3286 5430 οἵαν

1718 5483 1761 5516 ⁸⁷
1790 5483 1932 5541 Psal.
1972 5493 2230 5543 txxxvut.
2256 5472 2437 5528 27-29.
2509 5472 2554 5503 ⁹⁸¹
2584 5473 2718 5531 ibid.
2741 5477 2800 5542 4,
2827 5481 2885 5537 5,
2965 5485 3012 5518 os
3053 5487 3191 5547 ibid.
3222 5492 3322 5548 36.:

971 5634 1047 5705 (ι)
1084 5627 1219 5685 Οἶόν
1246 5648 1310 5686 τε
1332 5627 1470 5688 εἷεν.
1500 5631 1657 5691 Forte
1687 5638 1965 5711 legendum
1996 5639 2083 5709 vel
2118 5629 2217 5689 οἷοί
2238 5647 2294 5686 τε
2320 5625 2447 5695 εἷεν,

1687 5638 1965 5711 legendum
1996 5639 2083 5709 uel
2118 5629 2294 5689 οἷοίτε
2320 5625 2448 5695 εἷεν,
2475 5629 2556 5684 vel
2587 5626 2697 5682 οἶόν
2726 5648 2789 5686 τε
2820 5638 2930 5710 εἴη.
2975 5642 3133 5702 Enn,
