3738 6278
149 368 243 424 δῶ

997 368 1629 427 DEMONSTRATIONIS
1667 360 2106 428 EVANGELICE
2145 360 2276 424 LIB.
2323 372 2433 428 ΠΙ.

3145 378 3249 435 εει

145 503 251 555 γει·
276 503 293 537 ι
318 487 416 538 Kal
451 484 692 556 Σολομὼν
717 484 784 555 ἧν
820 487 1203 556 φιλογύναικος,
1246 492 1340 543 καὶ
1364 490 1517 543 ἔλαϐε
1542 507 1632 557 γυ-

1732 489 1978 544 Salomon
2009 483 2105 539 fuit
2149 487 2436 543 mulierum
2479 498 2699 550 amator.
2731 499 2780 544 et
2826 494 3028 560 accepit
3071 504 3248 547 exter-

144 579 307 638 ναῖκες
335 575 606 646 ἀλλοτρίας
640 576 851 641 πολλὰς,
887 578 977 630 καὶ
1008 577 1101 648 τὴν
1131 578 1395 648 θυγατέρα
1422 578 1631 648 Φαραὼ,

1732 594 1830 634 nas
1867 577 2087 633 feminas
2113 579 2333 642 multas,
2360 588 2413 633 et
2444 577 2603 631 ﬁliam
2633 577 2948 644 Pharaonis,
2972 591 3023 636 et
3050 582 3247 639 Moabio

143 664 465 726 Μωαϐίτιδας,
520 666 917 735 ’Δμμανίτιδας,
963 668 1053 720 καὶ
1106 668 1415 736 Ἰδουμαίας,
1465 668 1632 739 Σύρας

1731 669 1890 723 tidas.
1932 675 1984 722 et
2018 664 2426 732 Ammanitidas,
2468 675 2521 722 et
2550 666 2825 727 Idumaeas.
2872 678 2926 724 et
2969 670 3152 741 Syras,
3191 680 3246 726 et

143 755 224 807 καὶ
259 754 515 816 Χετταίας,
543 755 636 806 καὶ
690 756 1030 827 Ἀμορραίας,
1076 759 1139 809 ὲκ
1177 757 1283 808 τῶν
1329 756 1516 821 ὲθνῶν,
1561 752 1633 811 ὧν

143 844 315 896 ἀπεῖπε
359 844 553 914 Κύριος
577 844 607 895 ὁ
634 843 765 908 Θεὸς
804 848 915 907 τοῖς
960 847 1091 909 υίοῖς
1130 845 1357 917 Ἰσραὴλ,
1388 848 1484 899 οὐκ
1521 848 1631 899 ela-

138 932 411 987 ελεύσεσθαι
435 936 510 996 είς
536 934 723 997 αὐτάς.
762 954 782 986 ι
810 935 917 987 Kal
944 937 1183 1006 ἐπιφέρει
1207 936 1410 1000 τούτοις
1433 953 1447 967 ·
1481 955 1500 988 ι
1526 939 1632 991 Καὶ

134 1023 227 1075 οὐκ
248 1019 306 1092 ἦν
332 1024 362 1092 η
387 1022 575 1093 καρδία
610 1023 773 1076 αὑτοῦ
804 1023 981 1077 εὐθεῖα
1002 1025 1135 1094 μετὰ
1154 1027 1350 1095 Κυρίου
1377 1026 1468 1080 τοῦ
1500 1025 1629 1080 Θεοῦ

135 1108 305 1172 αὐτοῦ,
326 1108 535 1178 καθὼςή
564 1110 760 1180 καρδία
790 1111 948 1163 Δαϐὶδ
975 1111 1064 1163 τοῦ
1098 1112 1294 1181 πατρὸς
1315 1112 1474 1165 αὐτοῦ
1494 1130 1509 1145 ο
1539 1114 1631 1167 καὶ

132 1199 368 1269 ἐπορεύθη
397 1197 640 1268 Σολομὼν
666 1200 839 1252 ὀπίσω
863 1201 961 1269 τῆς
999 1201 1305 1271 Ἀστάρτης,
1341 1202 1629 1272 βδελύγμα-

132 1304 214 1351 τος
235 1288 488 1351 Σιδωνίων,
518 1287 610 1340 καὶ
639 1287 814 1341 ὀπίσω
839 1288 931 1340 τοῦ
971 1288 1223 1357 βασιλέως
1250 1289 1446 1353 αὐτῶν,
1479 1289 1628 1342 εἰδῶ-

133 1376 213 1428 λου
238 1376 351 1428 υίῶν
382 1375 592 1446 ’Δμμὼν
613 1392 628 1406 ·
678 1377 772 1428 καὶ
807 1377 1024 1447 ἐποίησε
1046 1377 1288 1447 Σολομὼν
1314 1378 1375 1431 τὸ
1402 1379 1628 1449 πονηρὸν
1659 1372 1664 1381 ’

130 1463 334 1517 ὲνῶπιον
361 1466 574 1535 Κυρίου.
607 1484 626 1516 ι
675 1466 785 1519 Kal
823 1462 974 1529 αὖθις
1003 1466 1125 1536 ἑξῆς
1160 1467 1429 1535 ἐπιλέγειο
1465 1486 1484 1519 ι
1522 1470 1628 1521 Καὶ

130 1555 299 1623 ηγειρε
340 1553 525 1623 Κύριος
569 1553 746 1607 Σατάν
775 1554 855 1624 τῷ
885 1555 1168 1625 Σολομῶνι,
1216 1558 1305 1611 τὸν
1336 1558 1494 1628 Ἄδερ
1538 1559 1626 1611 τὸν

141 1644 418 1714 Ἰδουμαίον.
455 1662 473 1694 ι
506 1644 608 1696 Τὸν
633 1644 700 1715 δὴ
728 1646 820 1697 ἐπὶ
843 1647 1108 1709 τοσούτοις
1132 1647 1224 1700 καὶ
1252 1647 1503 1711 τοιούτοις
1522 1649 1628 1701 δια·

130 1732 423 1803 σεδλημένον
455 1733 538 1794 τίς
561 1732 627 1787 ἀν
659 1736 806 1803 αίρεῖ
840 1734 991 1803 λόγος
1019 1737 1222 1809 πατέρα
1243 1738 1334 1791 τὸν
1363 1738 1491 1792 Θεὸν
1518 1738 1627 1791 τολ-

132 1826 222 1893 μᾷν
246 1823 635 1894 ἐπιγράφεσθαι,
660 1825 752 1876 καὶ
775 1825 865 1877 τὸν
885 1828 974 1879 ἐπὶ
997 1828 1205 1881 πάντων
1225 1829 1353 1881 Θεὸν
1377 1830 1488 1882 υἱὸν
1512 1832 1626 1883 ἑαυ-

126 1913 206 1966 τοῦ
232 1913 546 1982 πρωτότοκον
589 1913 938 1984 ἀναγορεύειν
976 1917 1161 1981 αὐτόν;
1199 1919 1319 1982 Πῶς
1362 1919 1418 1971 δὲ
1460 1919 1624 1973 ταῦτα

127 2000 230 2053 τοτὲ
257 2000 350 2069 μὲν
375 1999 446 2062 ὡς
486 2001 610 2071 περὶ
653 2001 815 2054 αὐτοῦ
859 2003 1067 2070 λέγεται
1098 2006 1189 2059 τοῦ
1220 2007 1398 2069 Δαὸὶδ,
1426 2009 1542 2061 τοτέ
1566 2009 1623 2061 δὲ

128 2089 193 2152 ὡς
211 2091 327 2162 περὶ
347 2090 642 2160 σπέρματος
663 2092 860 2157 αὐτοῦς
892 2094 1026 2147 Ἀλλ’
1054 2096 1170 2148 οὐδὲ
1192 2096 1265 2166 τῷ
1290 2098 1448 2149 Δασὶδ
1466 2100 1624 2169 ἐφαρ-

128 2179 256 2248 μόζοι
293 2179 375 2243 ἂν,
420 2180 491 2243 ὡς
519 2182 867 2252 ὲπιστήσαντί
907 2200 986 2235 σοι
1030 2184 1181 2254 δῆλον
1214 2185 1380 2238 ἔσται.
1419 2186 1622 2242 Οὐκοῦν

125 2267 200 2320 τὸν
241 2270 303 2321 ἐκ
345 2269 643 2340 σπέρματος
683 2271 845 2325 Δαὸὶδ
884 2272 1272 2343 ἀναστήσεσθαι
1318 2278 1373 2329 ὲν
1419 2277 1622 2340 τούτοις

122 2355 408 2426 δηλούμενον
443 2358 631 2429 ἕτερον
655 2359 931 2430 ζητητέον.
972 2361 1107 2414 Ἀλλ’
1143 2363 1309 2426 οὐδεὶς
1339 2364 1493 2427 ἀλλος
1518 2383 1622 2420 τοι-

120 2446 251 2509 οὗτος
271 2446 325 2512 ἐξ
346 2447 502 2500 αὑτοῦ
524 2447 763 2517 γέγονεν,
793 2450 867 2512 ὡς
897 2450 1199 2521 ἱστορεῖται,
1223 2452 1254 2522 ἢ
1284 2454 1363 2505 ὅτι
1392 2471 1455 2522 γε
1487 2451 1564 2518 εἷς
1592 2456 1621 2507 ὁ

123 2535 284 2606 Σωτήρ
309 2538 396 2590 καὶ
417 2536 614 2608 Κύριος
641 2537 797 2607 ήμῶν
831 2539 1032 2607 Ἰησοῦς
1053 2541 1082 2592 ό
1107 2542 1332 2611 Χριστὸς
1353 2542 1445 2595 τοῦ
1467 2543 1618 2609 Θεοῦ,

121 2624 170 2687 ὃς
197 2625 340 2693 μόνος
363 2627 463 2678 τῶν
487 2627 704 2680 πώποτε
729 2629 794 2680 ἐκ
814 2628 1121 2699 σπέρματος
1147 2630 1304 2682 Δαόὶδ
1326 2630 1622 2700 βεϐασιλευ-

123 2715 267 2768 κότιιιν
299 2715 413 2768 καθ’
448 2717 573 2787 ὅλης
614 2718 969 2789 ἀνηγόρευται
1013 2719 1109 2788 τῆς
1150 2721 1463 2791 οἰκουμένης
1510 2723 1619 2785 υίὸς

119 2808 271 2872 sane,
299 2809 430 2863 κατὰ
455 2811 553 2881 τὴν
583 2811 841 2882 ἔνσαρκον
887 2811 1048 2866 αὐτοῦ
1092 2814 1296 2882 γένεσιν
1343 2815 1620 2883 ὁμολογού-

123 2911 271 2962 μενος,
304 2899 393 2951 καὶ
415 2899 603 2951 τούτου
630 2909 695 2966 γε
729 2899 878 2968 μένει
914 2900 1006 2953 καὶ
1040 2900 1273 2971 διαμενεῖ
1304 2903 1335 2972 ἠ
1362 2901 1616 2971 βασιλεία,

118 2985 184 3046 εἰς
207 2985 288 3039 τὸν
317 2987 533 3057 ἄπειρον
571 2987 744 3043 αἰῶνα
786 2988 1194 3059 παρατείνουσα,
1240 2990 1409 3044 καίτοι
1454 2992 1618 3063 μυρία

119 3075 199 3171 μὲν
237 3076 729 3148 ἑπιὸεσουλευμένη,
771 3077 891 3150 θείᾳ
934 3078 990 3131 δὲ
1036 3079 1127 3132 καὶ
1166 3080 1302 3152 ὑπὲρ
1342 3080 1617 3153 ἄνθρωπον
1642 3115 1682 3171 C

115 3164 307 3234 δυνάμει
330 3168 388 3220 τὸ
412 3168 591 3220 ἔνθεον
614 3170 709 3221 καὶ
739 3168 999 3238 ἀήττητον
1030 3169 1126 3238 τῆς
1146 3170 1270 3240 περὶ
1297 3170 1455 3223 αὐτοῦ
1487 3188 1615 3242 προ-

116 3254 308 3321 φητείας
331 3257 631 3320 ἀκολούθως
660 3256 1084 3327 ἐπιδεικνυμένη.
1113 3258 1175 3310 Ei
1197 3258 1251 3310 δὲ
1276 3258 1504 3328 ὀμνύντα
1526 3260 1614 3314 τὸν

114 3342 220 3396 Θεὸν
246 3346 451 3411 ἀκούεις
477 3346 620 3400 κατά
638 3346 730 3399 τοῦ
750 3347 902 3414 ἀγίου
935 3346 1117 3410 αὐτοῦ,
1145 3348 1217 3410 ὡς
1239 3349 1435 3419 πατρὸς
1455 3349 1613 3402 ἄκουε

111 3434 338 3501 ὀμνύντος
369 3437 506 3490 κατά
531 3436 627 3490 τοῦ
654 3436 787 3489 Θεοῦ
823 3437 1013 3504 Λόγου,
1047 3436 1139 3488 τοῦ
1165 3437 1373 3490 πάντων
1410 3436 1612 3491 αἰώνων

111 3524 506 3592 προῦφεστῶτος,
538 3524 696 3592 ἁγίου
741 3524 835 3577 καὶ
871 3524 1183 3595 μονογενοῦς
1213 3524 1368 3577 αὐτοῦ
1403 3525 1611 3591 Παιδὸς,

104 3607 155 3661 όν
174 3613 411 3679 ποικίλως
431 3613 785 3683 ὲθεολόγησαν
812 3615 867 3666 al
895 3613 1125 3684 πρόσθεν
1156 3615 1283 3682 ἡμῖν
1302 3614 1614 3683 παρατεθεῖ-

107 3715 179 3754 aut
198 3704 381 3770 φωναὶ,
409 3704 531 3757 καθ’
555 3699 618 3758 οὗ
647 3703 868 3773 ὄμνυσιν
889 3704 918 3754 ὁ
943 3702 1073 3764 Θεὸς
1099 3703 1191 3755 καὶ
1236 3702 1408 3772 πατὴρ
1431 3703 1609 3765 αὐτοῦ,

100 3789 164 3853 ὡς
200 3794 331 3846 κατά
371 3794 745 3863 ἠγαπημένου,
775 3794 867 3846 τὸν
909 3794 972 3845 ὲκ
1004 3792 1303 3862 σπέρματος
1344 3792 1502 3845 Δαὸὶδ
1524 3792 1612 3845 τὸν

101 3880 294 3952 ἄπειρον
325 3884 496 3936 αἰῶνα
529 3883 772 3948 δοξάσειν
790 3901 803 3913 ·
831 3882 860 3935 ὃ
888 3882 980 3935 καὶ
1012 3881 1224 3950 γέγονεν
1266 3884 1352 3935 ὅτε
1392 3885 1421 3935 ὀ
1446 3883 1611 3949 Λόγος

99 3968 213 4041 σὰρξ
239 3973 525 4043 γενόμενος
549 3971 644 4023 τὸν
671 3974 735 4025 ὲκ
767 3970 1072 4041 σπέρματος
1091 3969 1251 4023 Δασὶδ
1275 3970 1522 4041 ἀνείληφέ
1551 3988 1609 4023 τε

96 4061 173 4111 καὶ.
197 4062 523 4134 ὲθεοποίησε.
546 4062 640 4115 Διὸ
661 4061 754 4114 καὶ
776 4061 888 4113 υἱὸν
909 4060 1065 4112 αὐτὸν
1085 4060 1393 4131 ἀναγορεύει
1420 4059 1608 4127 λέγων,

99 4160 115 4191 ι
132 4144 257 4212 Ἐγὼ
275 4147 469 4217 ἔσομαι
490 4146 638 4217 αὐτῷ
650 4148 729 4208 εἰς
743 4143 969 4217 πατέρα,
986 4144 1079 4199 καί⁵
1094 4145 1249 4208 αὐτὸς
1263 4146 1407 4198 ἔσται
1425 4163 1511 4216 μοι
1533 4148 1610 4209 εἰς

91 4233 246 4288 υἱόν)
274 4238 371 4289 καὶ
411 4237 601 4291 πάλινο
639 4253 659 4288 r
697 4234 867 4303 Κάγὼ
898 4234 1229 4306 πρωτότοκον
1258 4233 1484 4304 θήσομαι
1516 4237 1610 4287 αὐ-

88 4321 178 4375 τόν.
204 4341 224 4375 ι
249 4326 447 4394 Σαφῶς
474 4324 759 4396 τοιγαροῦν
781 4327 844 4377 ὲκ
874 4324 1073 4378 τούτων
1101 4325 1131 4376 ό
1158 4324 1280 4387 Υἱὸς
1308 4325 1397 4378 τοῦ
1429 4325 1561 4378 Θεοῦ
1583 4327 1610 4378 ό

1728 761 1884 830 352
1907 760 2186 817 Chettaaas.
2217 768 2271 814 et
2312 759 2666 824 Amorrhzeas,
2713 776 2778 814 ex
2820 763 3063 829 gentibus
3107 778 3245 831 quas

1727 851 2004 905 interdixit
2042 849 2296 905 Dominus
2342 849 2480 904 Deus
2516 850 2638 904 ﬁliis
2674 848 2856 913 Israel,
2900 867 3003 904 non
3037 853 3243 922 ingredi

1729 939 1795 993 ad
1817 955 1907 994 eas
1928 940 1968 991 ³.
2001 957 2019 990 ι
2050 938 2117 992 Et
2145 939 2384 1008 adjungit
2416 958 2429 993 :
2461 958 2479 989 ι
2508 938 2569 992 Et
2609 953 2716 992 non
2755 946 2869 993 erat
2897 954 2988 993 cor
3011 944 3127 1007 eius
3154 958 3242 997 τεο

1728 1038 1868 1082 ctum
1900 1044 2018 1083 cum
2053 1027 2276 1081 Domino
2306 1028 2415 1082 Deo
2450 1043 2569 1093 suo,
2599 1017 2739 1082 sicut
2771 1042 2865 1082 cor
2888 1028 3053 1082 David
3077 1031 3242 1099 patris

1727 1114 1843 1184 eius
1868 1132 1882 1180 ;
1910 1123 1963 1168 et
1986 1115 2116 1167 abiit
2149 1113 2397 1169 Salomon
2430 1122 2549 1184 post
2576 1116 2865 1177 Astartem,
2899 1117 3243 1171 abominatio-

1725 1219 1846 1258 nem
1889 1201 2246 1268 Sidoniorum,
2288 1210 2342 1259 et
2383 1213 2505 1273 post
2564 1219 2741 1273 regem
2780 1220 2986 1269 eorum,
3025 1208 3244 1262 simula-

1725 1309 1873 1349 crum
1905 1294 2132 1349 ﬁliorum
2162 1294 2407 1356 Ammon,
2437 1301 2490 1347 et
2524 1293 2646 1348 fecit
2679 1294 2928 1349 Salomon
2959 1296 3150 1351 malum
3185 1297 3241 1352 in

1724 1391 2009 1451 conspectu
2047 1381 2255 1436 Domini
2280 1382 2319 1435 ⁸.
2355 1400 2374 1433 ι
2399 1380 2465 1434 Ει
2510 1396 2698 1435 rursus
2743 1382 2889 1436 addit
2935 1384 2987 1437 in
3022 1384 3090 1438 iis
3124 1401 3244 1454 quas

1725 1479 2060 1541 sequuntur:
2089 1490 2109 1522 ι
2141 1469 2204 1525 Et
2251 1471 2529 1525 suscitavit
2573 1470 2828 1526 Dominus
2874 1469 3037 1527 Satan
3090 1473 3242 1528 Salo-

1722 1561 1888 1624 moni,
1920 1560 2060 1615 Ader
2085 1560 2367 1614 ldumaeum
2390 1560 2431 1614 ⁵.
2466 1579 2485 1612 ι
2519 1559 2648 1613 Eum
2675 1560 2836 1630 igitur
2852 1562 2943 1630 qui
2966 1563 3020 1616 in
3041 1564 3239 1619 talibus

1721 1659 1775 1704 et
1816 1650 1977 1704 tantis
2018 1657 2320 1713 accusetur,
2370 1664 2489 1718 quae
2524 1664 2757 1717 unquam
2811 1651 2944 1704 ratio
2997 1652 3236 1716 dictabit,

1721 1747 1925 1809 patrem
1958 1739 2059 1793 sibi
2087 1739 2283 1793 audere
2323 1738 2487 1793 Deum
2518 1741 2806 1805 ascribere,
2837 1741 3117 1809 ipsumque
3147 1758 3241 1795 su-

1722 1844 1959 1898 premum
1985 1829 2145 1882 Deum
2176 1829 2339 1882 ﬁlium
2363 1829 2506 1882 hunc
2529 1844 2682 1882 suum
2713 1829 3121 1899 primogenitum
3145 1846 3240 1899 ap-

1722 1918 1956 1989 pellare?
1995 1917 2164 1983 Quam
2209 1926 2383 1972 autem
2416 1919 2485 1972 ob
2528 1933 2741 1974 causam
2790 1921 2901 1977 haec
2937 1922 3070 1977 alias
3118 1924 3238 1990 qui«

1719 2008 1837 2063 dem
1865 2008 2016 2077 quasi
2047 2009 2114 2062 de
2134 2007 2252 2076 ipso
2274 2008 2526 2062 dicuntur
2547 2008 2734 2073 David,
2765 2011 2898 2065 alias
2929 2026 3053 2066 vero
3081 2013 3235 2081 quasi

1719 2099 1785 2152 de
1812 2097 1955 2152 illius
1988 2098 2225 2152 semine?
2262 2097 2423 2166 Atqui
2458 2099 2574 2167 ipsa
2610 2099 2721 2152 haec
2755 2100 2857 2168 ipsi
2889 2101 3101 2169 quidem
3135 2100 3237 2153 Da-

1718 2185 1807 2240 vid
1845 2201 2117 2254 nunquam
2164 2172 2552 2240 accommddari
2602 2189 3237 2256 poterunt,quemadmo-

1717 2277 1841 2330 dum
1888 2276 1985 2331 tibi
2037 2277 2314 2345 diligenter
2362 2279 2666 2332 observanti
2714 2280 2803 2334 ﬁet
2837 2279 3176 2333 manifestum
3219 2297 3230 2329 :

1719 2366 1880 2435 igitur
1910 2366 2072 2419 alium
2098 2382 2162 2421 ex
2192 2366 2394 2420 semine
2429 2365 2595 2419 David
2625 2375 3009 2431 surrecturum,
3036 2368 3102 2422 de
3127 2382 3235 2435 quo

1717 2453 1829 2508 haec
1870 2455 2085 2509 oracula
2130 2455 2434 2523 loquantur,
2462 2469 2697 2523 quaerere
2728 2463 2955 2524 Oportet.
2985 2455 3053 2508 At
3087 2456 3231 2519 enim

1716 2558 1781 2598 ex
1809 2544 1901 2597 illo
1922 2552 2186 2613 quatenus
2218 2553 2309 2598 aut
2352 2553 2693 2598 monumenta
2732 2545 3026 2597 litterarum
3054 2543 3232 2611 prodi-

1716 2631 1911 2696 derint,
1942 2639 2034 2685 aut
2073 2632 2127 2684 in
2167 2631 2421 2685 memoria
2452 2630 2725 2683 hominum
2764 2631 3014 2695 resideat,
3053 2632 3231 2685 nullus

1716 2722 1853 2776 alius
1889 2722 2007 2776 talis
2038 2720 2261 2783 exstitit,
2290 2720 2395 2775 nisi
2436 2735 2574 2773 unus
2619 2718 2861 2775 Salvator
2887 2728 2940 2775 et
2977 2720 3233 2775 Dominus

1716 2818 1899 2865 noster
1924 2810 2081 2865 Jesus
2108 2813 2197 2880 qui
2226 2810 2473 2865 Christus
2499 2819 2581 2866 est
2607 2809 2718 2875 Dei,
2744 2811 2833 2878 qui
2855 2810 3068 2880 quidem
3092 2827 3231 2867 unus

1716 2918 1779 2957 ex
1817 2900 2066 2965 omnibus
2087 2901 2176 2969 qui
2209 2915 2440 2969 unquam
2464 2900 2529 2954 de
2558 2898 2761 2953 semine
2787 2899 2949 2954 David
2978 2899 3243 2969 regnave?

1716 2991 1842 3054 rint,
1874 2991 1929 3044 in
1957 2997 2069 3043 toto
2100 2989 2226 3043 orbe
2252 2996 2511 3043 terrarum
2547 2989 2684 3043 ﬁlius
2718 2988 2882 3042 David
2912 2991 3229 3059 appellatur,

1716 3082 1922 3150 hocque
1970 3078 2261 3134 secundum
2299 3079 2442 3133 illius
2484 3088 2659 3132 ortum
2708 3080 2799 3148 qui
2830 3080 2895 3132 ad
2943 3080 3227 3133 humanam

1713 3179 1955 3224 naturam
1997 3168 2225 3237 pertinet
2256 3182 2441 3222 omnes
2481 3166 2800 3220 conﬁtentur
2830 3184 2843 3218 :
2874 3176 3032 3234 atque
3068 3165 3229 3234 hujus

1709 3274 1929 3328 regnum
1959 3266 2011 3312 et
2037 3265 2212 3312 manet
2235 3272 2376 3310 nunc
2403 3263 2454 3310 et
2473 3270 2878 3325 permansurum
2906 3265 2985 3309 est
3006 3256 3229 3323 posthac

1711 3348 1767 3400 in
1810 3346 2071 3399 inﬁnitum
2100 3360 2267 3398 aevum
2307 3357 2669 3411 perseverans,
2719 3356 2890 3410 neque
2926 3341 3229 3394 innumera-

1709 3437 1841 3490 biles
1878 3435 2131 3489 adversus
2160 3432 2289 3486 illud
2324 3430 2525 3486 insidiae
2574 3431 2870 3499 proﬁcient,
2920 3429 3011 3484 sed
3045 3430 3225 3483 divina

1711 3535 1805 3574 sua
1836 3526 1887 3574 et
1917 3521 2037 3589 plus
2082 3534 2239 3587 quam
2273 3519 2503 3570 humana
2546 3518 2757 3580 virtute,
2788 3515 2927 3585 quod
2968 3516 3225 3570 divinitus

1711 3610 1942 3681 aﬁlatum
1987 3616 2143 3678 atque
2182 3607 2539 3676 insuperabile
2586 3606 2770 3660 habuit
2800 3607 3077 3675 pmphetia
3104 3622 3222 3676 quae

1709 3701 1774 3754 de
1809 3700 1925 3769 ipso
1952 3706 2146 3760 exstat,
2181 3698 2354 3766 palam
2385 3696 2529 3750 omni
2559 3704 2794 3765 tempore
2816 3696 3220 3750 demonstrabit.

1714 3787 1810 3842 Ubi
1836 3802 1961 3842 vero
1986 3786 2148 3840 Deum
2187 3801 2279 3855 per
2303 3793 2542 3840 sanctum
2582 3799 2735 3838 suum
2760 3785 3020 3850 iurantem
3047 3785 3222 3848 audis,

1708 3874 1919 3929 Patrem
1963 3876 2142 3942 accipe
2176 3872 2445 3940 jurautem
2488 3888 2582 3942 per
2631 3871 2793 3927 Deum
2832 3870 3086 3938 Verbum,
3131 3873 3223 3941 qui

1706 3965 1885 4019 omnia
1914 3966 2108 4019 saecula
2133 3965 2414 4029 antecedit,
2445 3970 2687 4017 sanctum
2710 3963 2892 4032 utique
2919 3971 3076 4033 atque
3105 3965 3225 4018 uni—

1708 4069 1828 4108 cum
1850 4071 2002 4110 suum
2035 4053 2245 4117 Filium,
2269 4070 2426 4123 quem
2458 4054 2603 4107 varie
2636 4061 2694 4106 ut
2718 4051 2881 4108 Deum
2913 4062 3034 4110 ante
3063 4071 3093 4108 a
3125 4071 3223 4108 no-

1707 4145 1789 4200 bis
1817 4146 2042 4215 expositi
2077 4161 2350 4201 sermones
2380 4145 2802 4209 celebraverunt,
2833 4160 2928 4215 per
2951 4161 3107 4214 quem
3132 4146 3222 4214 ju-

1709 4243 1790 4288 rat
1819 4234 1959 4292 Deus
1999 4244 2053 4290 et
2079 4245 2225 4305 pater
2248 4236 2415 4304 ipsius
2436 4244 2686 4303 tanquam
2726 4250 2821 4306 per
2855 4236 3127 4299 dilectum,
3163 4251 3222 4289 se

1707 4340 1828 4378 eum
1856 4326 1946 4394 qui
1971 4326 2036 4380 de
2057 4326 2256 4380 semine
2275 4325 2436 4379 David
2467 4326 2669 4379 oriatur
2692 4326 2744 4379 in
2767 4325 3029 4378 inﬁnitum
3052 4341 3222 4380 sacu-

84 4414 404 4482 ⁴ιρωτιίτοκος
437 4418 503 4470 ὲκ
531 4414 846 4487 σπέρματος
880 4413 1095 4467 ἔσεσθαι
1123 4414 1282 4467 Δαύὶδ
1310 4415 1604 4485 ἀνείρηται,

1714 4415 1816 4468 lum
1854 4414 2306 4484 gloriﬁcaturum;
2341 4414 2482 4483 quod
2516 4414 2687 4482 ipsum
2712 4413 2870 4468 etiam
2903 4422 2986 4468 est
3026 4414 3221 4469 factum

82 4497 204 4555 ὥστε
231 4504 325 4557 ἕνα
358 4504 458 4558 καὶ
486 4505 578 4557 τὸν
618 4503 780 4557 αὐτὸν
808 4499 945 4557 εἶναι
969 4502 1056 4556 τὸν
1087 4504 1197 4556 υἱὸν
1227 4502 1316 4555 τοῦ
1347 4503 1505 4556 Δαὸὶδ
1534 4503 1610 4574 τῷ

79 4589 195 4644 Θεοῦ
224 4593 377 4664 Υίῷ,
409 4594 503 4648 xal
533 4594 626 4647 τὸν
657 4594 783 4646 Υἰὸν
813 4591 903 4646 τοῦ
941 4590 1073 4645 Θεοῦ
1105 4591 1179 4662 τῷ
1210 4591 1308 4662 υἱῷ
1330 4591 1506 4644 Δαϐίδ·
1542 4592 1607 4644 δι’

78 4670 141 4732 ὧν
173 4683 418 4754 ἐναργῶς
456 4685 485 4736 ό
531 4682 877 4752 Πρωτότοκος
926 4680 1099 4751 πάσης
1137 4680 1358 4743 κτίσεως
1397 4682 1554 4745 αὐτὸς
1579 4684 1608 4734 ὁ

79 4766 187 4834 Υἱὸς
230 4772 321 4825 τοῦ
354 4770 496 4826 Θεοῦ
541 4772 658 4834 υίὸς
694 4769 978 4841 ἀνθρώπου
1028 4768 1339 4841 γενήσεσθαι
1373 4788 1608 4841 προεφη-

75 4860 257 4913 τεύετο.
300 4862 418 4915 Kal
468 4861 626 4914 τοῦτο
672 4860 731 4913 δὲ
772 4859 831 4913 τὸ
872 4859 1045 4927 λόγιον
1085 4861 1116 4928 ἡ
1162 4858 1251 4911 τοῦ
1284 4860 1607 4927 Εὐαγγελίου

76 4951 238 5021 γραφὴ
265 4951 744 5021 ὲπισιρραγίζεται,
779 4950 846 5002 δι’
876 4941 950 5003 ὧν
993 4965 1151 5018 φησιν
1189 4950 1476 5001 ἐπιστάντα
1517 4951 1604 5003 τὸν

76 5033 288 5110 Γαϐριὴλ
320 5045 387 5113 τῇ
431 5042 564 5112 ἁγίᾳ
592 5039 854 5112 Παρθένῳ
894 5039 1054 5107 φάναι
1085 5040 1208 5109 περὶ
1239 5038 1329 5091 τοῦ
1362 5039 1605 5110 Σωτῆρος

79 5125 230 5193 ἡμῶν
262 5151 279 5181 ι
307 5128 480 5195 Οὗτος
510 5131 664 5184 ἔσται
698 5129 893 5200 μέγας,
925 5128 1016 5181 καὶ
1048 5128 1158 5190 υίὸς
1197 5126 1443 5196 Ὑψίστου
1474 5127 1601 5196 κλη-

81 5212 295 5285 θήσεται,
331 5222 429 5274 καὶ
466 5220 632 5275 δώσει
672 5217 823 5287 αὐτῷ
853 5218 1049 5287 Κύριος
1079 5219 1108 5269 ὁ
1150 5216 1278 5278 Θεὸς
1304 5216 1392 5268 τὸν
1419 5214 1601 5285 θρόνον

87 5305 220 5361 tam
264 5310 356 5363 τοῦ
408 5309 619 5378 πατρὸς
670 5304 861 5367 αὑτοῦ,
905 5305 995 5356 καὶ
1042 5302 1339 5371 βασιλεύσει
1382 5302 1472 5354 ἐπὶ
1511 5305 1600 5357 τὸν

86 5388 202 5447 οἷκον
241 5398 433 5452 Ἰακὼϐ
479 5401 560 5461 εις
610 5395 745 5454 τοὺς
795 5392 1020 5454 αἰῶνας,
1064 5391 1157 5443 καὶ
1197 5390 1296 5458 τῆς
1339 5388 1600 5458 βασιλείας

93 5483 220 5540 ω.τῶ
244 5489 338 5542 οὺχ
367 5488 518 5541 εσται
548 5485 737 5544 τέλος.
780 5499 801 5531 ι
827 5481 932 5534 Καὶ
968 5480 1099 5548 μετὰ
1129 5478 1333 5549 βραχέα
1358 5479 1412 5532 δὲ
1444 5480 1499 5535 ἐν
1526 5482 1598 5552 τῷ

123 5656 443 5731 nummi,
488 5656 536 5709 ι.
610 5646 948 5703 δὶιήᾱμῐ-θ.
1009 5648 1297 5705 ⁸ἰδίά.1ι.

352 5752 628 5807 ΡΑτιιοι..
667 5741 721 5800 G
736 5757 801 5797 ιι.
844 5739 1034 5799 XXII.

1705 4518 1810 4573 quo
1839 4510 2071 4572 tempore
2093 4504 2321 4560 Verbum
2347 4520 2471 4560 caro
2498 4505 2739 4559 ell‘ectum
2768 4513 2869 4567 est,
2906 4514 2957 4560 et
2983 4521 3104 4560 eum
3130 4508 3221 4575 qui

1705 4592 1772 4646 de
1816 4592 2017 4645 semine
2067 4591 2231 4648 David
2276 4595 2574 4656 oriebatur,
2620 4593 2911 4661 assumpsit
2952 4592 3222 4662 Deumque

1704 4680 1893 4735 eﬁ‘ecit.
1916 4678 2177 4744 Quocirca
2193 4681 2383 4735 Filium
2406 4698 2615 4752 quoque
2634 4684 2876 4736 eumdem
2894 4683 3119 4750 appellat
3139 4683 3190 4736 di
3207 4710 3218 4720 -

1703 4784 1832 4824 cens
1864 4786 1877 4821 :
1909 4787 1927 4819 ι
1954 4766 2064 4837 Ego
2092 4784 2184 4822 ero
2214 4769 2289 4821 illi
2314 4770 2370 4823 in
2401 4779 2625 4837 patrem,
2660 4778 2711 4823 et
2738 4768 2853 4838 ipse
2882 4769 2984 4821 erit
3011 4769 3139 4821 mihi
3164 4770 3219 4822 in

1704 4857 1889 4911 lilium.
1921 4875 1939 4906 ι
1974 4853 2040 4907 Et
2075 4871 2262 4910 rursus
2290 4875 2302 4909 :
2330 4874 2348 4906 ι
2377 4854 2442 4908 Et
2465 4869 2563 4924 ego
2594 4851 3001 4923 primogenitum
3024 4866 3218 4921 ponam

1703 4948 1870 5000 illum.
1895 4964 1914 4998 ι
1956 4943 2271 4999 Planissime
2304 4944 2462 5013 igitur
2494 4945 2549 4997 in
2594 4944 2679 4996 his
2715 4941 2891 4995 verbis
2920 4937 3082 4995 Filius
3125 4927 3234 4994 Dei.

1701 5036 1856 5108 353
1879 5036 2256 5105 primogenitus
2284 5034 2351 5089 de
2388 5034 2587 5089 semine
2616 5031 2778 5084 David
2804 5030 3016 5084 futurus
3044 5030 3218 5083 dictus

1703 5136 1805 5192 est,
1855 5125 1986 5180 adeo
2016 5125 2247 5195 quidem,
2296 5133 2354 5179 ut
2386 5142 2524 5181 unus
2572 5134 2730 5195 atque
2776 5123 2912 5180 idem
2963 5127 3032 5179 sit
3076 5122 3216 5177 ﬁlius

1703 5218 1865 5273 David
1893 5233 2011 5272 cum
2042 5216 2174 5272 Filio
2204 5217 2315 5281 Dei,
2340 5226 2391 5271 et
2429 5216 2593 5271 Filius
2625 5216 2715 5272 Dei
2742 5232 2862 5271 cum
2893 5215 3002 5270 ﬁlio
3032 5213 3216 5277 David,

1703 5306 1760 5360 in
1802 5306 1997 5375 quibus
2024 5305 2418 5360 evidentissime
2441 5295 2828 5374 primogenitus
2866 5303 3040 5357 omnis
3068 5317 3219 5356 crea-

1703 5404 1837 5450 tura:
1865 5396 1975 5459 ipse
1998 5395 2163 5448 Filius
2200 5393 2308 5458 Dei,
2332 5392 2474 5448 ﬁlius
2502 5394 2729 5448 hominis
2756 5391 2967 5447 futurus
2994 5391 3219 5445 caneba-

1704 5493 1809 5540 tur.
1858 5482 1968 5539 Hoc
2028 5494 2203 5538 autem
2249 5484 2523 5539 oraculum
2586 5479 2859 5550 Scriptura
2919 5479 3222 5550 evangelica

2846 5741 2918 5798 18
