3738 6308
849 383 948 438 555
1529 363 1787 420 EUSEBll
1823 352 2289 416 CESARIENSIS
2325 348 2472 406 OPP.
2497 342 2676 402 PARS
2711 341 2753 398 l.
2793 371 2862 382 —
2898 336 3314 394 APOLOGETlCl

853 501 1007 571 quasi
1044 495 1192 563 signo
1232 491 1493 558 impresso
1527 484 1827 546 conﬁrmat,
1874 480 1965 533 ubi
2004 477 2099 540 ait,
2141 471 2329 527 Gabrie

1874 480 1965 533 ubi
2004 477 2099 540 ait,
2141 471 2374 535 Gabriel,
2403 473 2450 530 Α
2475 463 2620 535 αὐτῷ
2667 458 2976 528 Εὑαγγελίῳ
3021 454 3268 526 Ζαχαρίας
3308 473 3313 501 ι

1879 569 1894 571 “
2527 555 2575 571 ἐ-
2685 553 2748 571 νλ
2803 549 2889 571 με
2939 545 3158 571 v-...-::
3204 543 3313 571 τι--.

857 543 976 647 cum
1012 585 1266 642 astitisset
1293 579 1518 650 Virgini,
1553 576 1753 630 dixisse
1776 573 1842 626 de
1872 569 2146 624 Salvatore
2173 572 2333 618 nostri

1837 569 2146 624 :Salvatore
2173 572 2379 626 nostro,
2481 555 2602 610 τάδε
2633 553 2758 622 περὶ
2802 549 2893 602 τοῦ
2939 545 3160 616 Χριστοῦ
3204 543 3313 594 (iam

862 702 880 734 ε
908 681 1004 733 Hic
1035 677 1137 732 erit
1165 634 1416 742 magnus:
1439 677 1492 723 et
1517 666 1684 720 Filius
1707 660 1969 716 Altissimi
2003 656 2303 717 vocabitur,
2331 670 2338 701 4

1832 660 1969 716 ssimi
2003 656 2303 717 vocabitur,
2331 659 2384 706 et
2485 663 2596 718 ριος
2620 646 2648 696 ὁ
2674 642 2802 705 Θεὸς
2826 638 2919 692 τοῦ
2948 634 3166 706 Ἰσραὴλ,
3183 634 3256 684 ὅτι
3286 634 3308 682 ὲ

857 769 1002 824 dabit
1034 766 1081 820 ei
1108 720 1363 816 Dominus
1398 757 1535 811 Deus
1567 754 1743 809 sedem
1773 748 1938 802 David
1975 745 2144 817 patris
2165 743 2306 812 ejus,

1827 748 1938 802 avid
1975 745 2144 817 patris
2165 743 2306 812 ejus,
2334 748 2386 796 et
2483 737 2742 807 λύτρωσιν
2773 730 2850 800 τῷ
2876 726 2991 796 λαῷ
3022 722 3198 783 αὑτοῦ,
3217 720 3303 772 καὶ

863 857 1106 929 regnabit
1136 855 1192 908 in
1219 853 1376 906 domo
1416 847 1579 901 Jacob
1613 846 1665 898 in
1692 850 1970 902 aeternum,
1999 846 2054 892 et
2093 836 2244 905 regni
2271 833 2339 902 ejt

1837 811 2054 902 tum,-et
2093 811 2244 905 regni
2271 833 2386 902 ejus
2485 831 2611 899 ἡμῖν
2642 829 2698 878 ὲν
2729 822 2860 892 οἴκῳ
2903 815 3066 870 Δαὸὶδ
3107 811 3192 865 τοῦ
3225 826 3313 862 παι

1847 928 1854 929 '
2008 924 2022 929 ·
2151 921 2189 929 ·“
2485 918 2501 929 ι
2651 915 2674 929 σ-
2706 913 2718 929 ε
2851 909 3044 929 ι------
3095 904 3196 929 ..:'...
3254 903 3313 929 ι...

865 903 972 1000 no‘ii
995 945 1098 999 erit
1139 941 1257 994 ﬁnis
1280 941 1318 991 ⁸.
1358 956 1375 987 ι
1406 935 1469 989 Ει
1495 939 1614 1003 post
1653 943 1819 1000 pauca
1845 928 1897 979 in
1926 924 2110 979 eodem
2151 903 2341 988 Evangt

1845 928 1897 979 in
1926 924 2110 979 eodem
2151 903 2389 988 Evange—
2485 918 2610 987 λησε
2647 913 2732 966 διὰ
2779 904 3196 979 πόματος.τῶν
3252 903 3313 968 ἀγ

867 989 972 1096 lio,-
997 989 1545 1084 'Joannis
1575 989 1726 1088 pater
1754 1016 1868 1068 haec
1909 1013 1974 1066 de
2003 1009 2218 1066 Christo
2255 1005 2341 1058 div

1833 1029 1868 1067 *c
1909 1013 1974 1066 de
2003 1009 2218 1066 Christo
2255 1004 2392 1058 divi-
2488 1000 2792 1075 προφητῶν.
2835 1016 2854 1049 ι
2912 993 3049 1046 Ἀλλ’
3086 992 3165 1044 ὅτι
3217 989 3309 1059 μὲν

864 1131 957 1178 nat
983 1138 996 1172 :
1027 1139 1046 1172 ι
1082 1117 1400 1175 Benedictus
1429 1111 1687 1164 Dominus
1709 1106 1851 1159 Deus
1872 1102 2058 1165 lsrael,
2089 1099 2214 1168 quia
2261 1095 2340 1150 vis

1837 1102 2058 1165 slsrael,
2089 1099 2214 1168 quia
2261 1095 2391 1150 visio
2490 1091 2645 1145 Δαϐὶδ
2693 1088 2899 1141 αἰώνιον
2953 1082 3136 1152 Θρόνον
3177 1081 3205 1131 ὁ
3249 1078 3313 1129 Συ

866 1213 999 1269 tavit
1026 1219 1078 1267 et
1110 1209 1236 1264 fecit
1275 1201 1694 1270 redemptionem
1734 1195 1928 1265 populo
1976 1205 2094 1253 suo,
2132 1196 2185 1242 et
2224 1185 2393 1240 erexit

865 1318 1033 1358 cornu
1073 1298 1260 1355 salutis
1289 1296 1342 1348 in
1381 1291 1538 1346 nobis
1567 1290 1622 1343 in
1659 1287 1823 1341 domo
1871 1280 2040 1336 David
2090 1277 2241 1348 pueri
2283 1274 2390 1338 sui,

867 1393 1004 1447 sicut
1026 1391 1240 1442 locutus
1285 1390 1369 1438 est
1413 1396 1507 1451 per
1538 1393 1600 1433 os
1644 1383 1970 1435 sanctorum,
2001 1371 2092 1440 qui
2129 1383 2159 1421 a
2197 1366 2393 1422 saeculo

869 1489 994 1538 sunt
1029 1477 1405 1548 prophetarum
1442 1471 1620 1538 ejus".
1661 1487 1679 1519 ι
1715 1465 1864 1532 Quod
1905 1477 2031 1516 vero
2074 1458 2392 1530 promissam

870 1571 973 1641 ipsi
1026 1547 1188 1621 David
1233 1572 1487 1618 aeternam
1538 1558 1716 1614 sedem
1769 1553 2013 1607 Salvator
2053 1557 2105 1603 et
2136 1547 2396 1601 Dominus

871 1638 1051 1715 noster
1077 1656 1254 1720 Jesus,
1293 1654 1384 1722 qui
1419 1651 1667 1706 Christus
1700 1655 1780 1701 est
1815 1643 1928 1708 Dei,
1963 1654 2133 1708 neque
2165 1638 2300 1690 alius
2331 1650 2397 1686 ex

866 1751 1139 1804 hominum
1168 1758 1359 1815 genere
1391 1741 1655 1811 quispiam
1699 1732 1982 1803 acceperit,
2022 1729 2152 1785 satis
2190 1742 2252 1782 ea
2281 1739 2400 1794 qua!

2502 1178 2701 1250 Ἰησοῦς
2729 1178 2756 1228 ὁ
2789 1173 3020 1246 Χριστὸς
3053 1170 3143 1223 τοῦ
3177 1166 3308 1220 Θεοῦ

2493 1287 2606 1322 πων
2647 1265 2968 1334 ἀπείληφεν,
3014 1259 3192 1312 ἱκανα)⁴
3242 1275 3314 1309 πκ

2491 1361 2719 1414 τεθεῖσαι
2773 1353 3093 1427 μαρτυρίαι,
3133 1351 3168 1420 ἦ
3218 1367 3276 1401 τε

2494 1451 2775 1521 Ζαχαρίου,
2808 1447 2873 1498 δι’
2905 1439 2977 1498 ὧν
3014 1443 3107 1496 καὶ
3151 1440 3314 1493 συνίσ⁴

2495 1541 2659 1611 γονὼς
2692 1537 2850 1591 Δαὸὶδ
2885 1535 3020 1589 κατὰ
3056 1535 3256 1603 σάρκα.
3307 1532 3314 1549 ⁴

2497 1628 2896 1702 γενεαλογοῦσιν
2953 1627 2999 1678 οἱ
3059 1624 3196 1694 ἱεροὶ
3249 1620 3309 1672 εὑ

2497 1723 2644 1783 ὄντος
2684 1718 2774 1773 τοῦ
2807 1716 3053 1786 Σωτῆρος
3095 1711 3258 1782 ἡμῶν
3311 1733 3314 1757 ι

871 1839 1116 1909 superius
1157 1835 1331 1904 posita
1377 1838 1503 1885 sunt
1545 1825 1855 1883 testimonia
1900 1818 2347 1890 comprobaverinl

1806 1800 1855 1876 ia
1900 1818 2395 1890 comprobaverint,
2429 1844 2469 1897 Β
2496 1811 2798 1880 Πνεύματος
2844 1805 2935 1858 καὶ
2979 1803 3081 1873 τ’ἡς
3116 1800 3275 1866 ἁγίας

871 1942 1076 1984 necnon
1100 1925 1267 1996 ipsius
1300 1919 1513 1977 Gabriel
1544 1926 1596 1972 et
1623 1914 1910 1974 Zacharias,
1937 1911 1991 1964 in
2023 1909 2216 1977 quibus
2235 1906 2347 1959 etiai

1802 1914 1910 1974 riaa,
1937 1911 1991 1964 in
2023 1909 2216 1977 quibus
2235 1906 2396 1959 etiam
2431 1892 2465 1897 ”
2500 1902 2634 1970 αὕτη
2666 1896 2820 1968 ἢτοῦ
2853 1893 3054 1964 Κυρίου
3094 1892 3278 1962 μήτηρ

869 2018 1000 2073 illud
1026 1977 1568 2081 conlirmatur,quod,
1587 2014 1850 2078 quatenus
1875 2003 1942 2056 ad
1962 2003 2248 2054 humanam
2277 1995 2345 2063 eji

1836 2020 1850 2057 ς
1875 2003 1942 2056 ad
1962 2003 2248 2054 humanam
2277 1995 2397 2063 ejus
2500 2009 2588 2052 τος
2619 1987 2988 2044 ἀποδείκνυται
3025 1977 3169 2034 εἶναι
3199 1977 3312 2031 Δαϐ

871 2117 1117 2164 naturam
1146 2107 1394 2176 pertinet,
1425 2067 1493 2157 de
1525 2067 1725 2156 semine
1759 2095 1924 2149 David
1955 2101 2115 2148 natus
2150 2095 2252 2144 est.
2281 2085 2347 2140 Ca

1838 2095 1924 2149 vid
1955 2101 2115 2148 natus
2150 2095 2252 2144 est.
2281 2085 2397 2140 Cae-
2501 2079 2597 2148 τὴν
2622 2072 2959 2144 γενεαλογίαν
2985 2067 3082 2120 τοῦ
3115 2067 3312 2135 Σωτῆρ

2503 2167 2518 2176 ⁸
2548 2166 2560 2176 ¹
2733 2163 2756 2176 ⁵
2829 2161 2846 2176 ‘
2946 2159 2959 2176 ¹
2978 2175 2989 2176 κ
3008 2175 3016 2176 κ
3045 2175 3052 2176 κ
3109 2155 3194 2176 ί-Ί
3233 2156 3312 2176 ι---

873 2207 1066 2259 terum,
1100 2209 1202 2264 qua
1222 2193 1427 2246 ratione
1453 2191 1623 2261 ipsius
1648 2187 1842 2256 Joseph
1865 2199 2032 2254 genus
2053 2180 2220 2236 sancti
2245 2191 2402 2231 evan-

874 2286 1078 2356 gelista:
1103 2281 1430 2343 describant,
1465 2277 1715 2348 quamvis
1756 2274 2000 2328 Salvator
2031 2275 2214 2324 noster
2240 2280 2304 2319 ex
2337 2278 2400 2316 eo

873 2352 1030 2430 natus
1049 2388 1154 2427 non
1184 2372 1274 2437 sit,
1307 2370 1401 2426 sed
1432 2370 1497 2424 de
1527 2366 1729 2438 Spiritu
1771 2370 1959 2420 sancto
1992 2368 2045 2415 et
2068 2364 2252 2415 sancta
2277 2352 2401 2407 Vir-

2503 2166 2700 2218 λύσεων
2730 2159 3078 2230 διειληφότες,
3107 2155 3194 2207 ὲπ’
3231 2156 3314 2206 ὲκε

2504 2256 2808 2325 πέμπομεν,
2856 2250 2937 2318 ἐφ’
2965 2247 3163 2318 ἑτέραν
3197 2246 3314 2314 ἡμᾶ

2503 2346 2595 2400 τοῦ
2624 2343 2882 2413 παρόντος
2913 2336 3136 2409 καιροῦ.

875 2470 1016 2542 gine,
1063 2483 1273 2539 quoque
1317 2465 1475 2521 modo
1510 2465 1623 2518 haec
1671 2460 1840 2531 ipsius
1882 2454 2091 2511 Domini
2125 2459 2294 2506 mater
2339 2447 2404 2501 de
2433 2455 2627 2514 genere
2653 2455 2720 2494 ex
2743 2435 2949 2491 semine
2967 2431 3149 2486 David
3179 2429 3314 2485 fuiss

875 2569 927 2618 et
953 2561 1304 2632 quaestionum
1331 2567 1384 2614 et
1423 2557 1745 2613 solutionum
1785 2566 1901 2621 quae
1937 2549 2003 2602 ad
2046 2543 2257 2617 generis
2306 2535 2598 2594 Salvatoris
2617 2529 2791 2587 nostri
2837 2527 3038 2584 seriem
3102 2534 3276 2595 atque

877 2657 1274 2725 explicavimus.
1294 2654 1378 2708 Ad
1405 2653 1494 2707 illa
1519 2651 1680 2722 igitur
1729 2619 1821 2702 eos
1849 2645 1939 2715 qui
1969 2643 2179 2696 discere
2219 2636 2442 2705 cupiunt
2478 2628 2822 2688 remittimus,
2874 2621 3105 2693 quando
3167 2619 3240 2674 ad
3295 2633 3314 2672 ε

880 2754 990 2800 tum
1018 2763 1251 2818 presens
1280 2763 1377 2803 nos
1403 2754 1610 2814 tempus
1638 2746 1851 2795 revocat
1878 2744 2036 2806 atque
2064 2731 2312 2801 impellit.

881 2859 920 2912 Α
946 2861 1144 2932 psalmo
1167 2878 1308 2918 Lm.
1338 2888 1406 2901 —
1430 2858 1501 2932 De
1541 2855 1817 2932 Salomone
1837 2861 1885 2906 et
1905 2867 1961 2905 eo
2003 2848 2087 2919 qui
2113 2861 2176 2900 ex
2220 2845 2410 2899 semine

1444 2927 1554 2996 ejus
1579 2922 1832 2992 procedet.

955 3057 974 3090 ‹
1013 3039 1174 3101 Deus,
1196 3035 1454 3107 judicium
1477 3041 1628 3086 tuum
1651 3031 1761 3100 regi
1789 3029 1876 3095 da,
1901 3034 1953 3082 et
1977 3022 2240 3094 justitiam
2266 3029 2410 3075 tuam
2440 3043 2480 3099 ε

887 3130 992 3183 lilio
1016 3130 1209 3199 regis“,
1243 3146 1262 3179 ι
1291 3141 1354 3182 ac
1369 3125 1620 3192 deinceps
1647 3120 1807 3192 35aI
1831 3117 2072 3188 adjungit
2103 3132 2115 3166 :
2155 3132 2173 3164 ι
2200 3113 2265 3166 Et
2291 3127 2414 3181 per-

885 3217 1120 3271 manebit
1154 3228 1274 3268 cum
1323 3213 1435 3269 sole
1477 3219 1531 3265 et
1558 3216 1681 3262 ante
1708 3209 1909 3267 lunam,
1941 3199 2307 3273 generationes
2334 3212 2418 3267 ge-

889 3303 1249 3365 nerationum,
1299 3296 1587 3356 descendet
1631 3295 1770 3350 sicut
1821 3292 2001 3363 pluvia
2052 3291 2108 3342 in
2141 3287 2333 3348 vellus,
2366 3291 2418 3339 et

890 3393 1028 3448 sicut
1055 3390 1322 3448 stillicidia
1358 3387 1612 3444 stillantia
1650 3399 1810 3453 super
1870 3392 2086 3442 terram,
2118 3377 2322 3432 orietur
2364 3375 2420 3428 in

891 3484 1077 3539 diebus
1098 3484 1215 3552 ejus
1239 3480 1467 3551 justitia,
1499 3487 1548 3533 et
1582 3473 1905 3531 abundantia
1935 3471 2106 3541 pacis,
2132 3468 2300 3522 donec
2327 3481 2421 3519 au-

890 3573 1092 3628 feratur
1123 3573 1269 3636 luua,
1300 3578 1352 3624 et
1377 3567 1734 3623 dominabitur
1756 3579 1786 3618 a
1814 3563 1947 3616 mari
1979 3575 2148 3630 usque
2169 3557 2235 3611 ad
2254 3570 2418 3618 mare,

893 3673 946 3716 et
974 3676 1004 3715 a
1039 3661 1256 3714 ﬂumine
1295 3675 1465 3728 usque
1500 3657 1568 3711 ad
1608 3655 1870 3710 terminos
1904 3653 2051 3706 orbis
2100 3643 2296 3703 terrae“.
2329 3644 2422 3698 »Ει

894 3758 1015 3820 post
1033 3764 1222 3820 pauca,
1241 3749 1319 3802 sic
1343 3750 1446 3801 ait:
1466 3765 1484 3798 ι
1511 3745 1964 3816 Superextolletur
1981 3755 2140 3809 super
2162 3738 2422 3790 Libanum

895 3843 1100 3898 fructus
1128 3838 1386 3906 ejus,erit
1404 3853 1596 3892 nomen
1620 3836 1736 3905 ejus
1763 3832 2100 3888 benedictum
2130 3830 2184 3882 in
2206 3826 2420 3888 saecula,

897 3938 1022 3986 ante
1051 3929 1214 3983 solem
1250 3926 1580 3995 permanebit
1623 3939 1816 3979 nomen
1845 3923 1985 3991 ejus,
2029 3926 2081 3974 et
2104 3915 2425 3972 benedicen-

901 4027 986 4072 tur
1019 4017 1073 4070 in
1094 4014 1210 4083 ipso
1239 4027 1422 4065 omnes
1449 4012 1627 4065 tribus
1657 4017 1834 4070 terrae,
1874 4018 2060 4060 omnes
2086 4009 2270 4071 gentes
2302 3998 2426 4050 bea-

899 4104 1174 4160 tilicabunt
1188 4114 1306 4153 eum
1327 4099 1391 4152 η.
1423 4118 1442 4150 ι
1469 4098 1692 4164 Quando
1707 4110 1833 4165 ergo
1849 4095 1902 4147 in
1933 4091 2268 4146 Salomonem
2296 4084 2427 4138 scri-

899 4204 1020 4265 ptus
1071 4204 1154 4248 est
1203 4189 1464 4259 psalmus,
1508 4187 1714 4257 primus
1772 4181 1961 4254 psalmi
2012 4175 2311 4232 versiculus
2360 4172 2427 4226 ad

901 4286 1047 4340 illum
1064 4281 1346 4343 referatur;
1363 4293 1481 4347 qua:
1506 4292 1632 4332 vero
1661 4281 1957 4344 sequuntur
1972 4269 2148 4324 omnia
2170 4264 2236 4320 ad
2261 4264 2426 4317 ﬁlium

2525 2812 2660 2867 Ἀπὸ
2701 2807 2944 2878 ψαλμοῦ
2977 2812 3094 2861 oa’.
3126 2836 3200 2846 —
3223 2806 3314 2878 ᾼΠε

2683 2876 2751 2932 ἐκ
2775 2876 3132 2945 σπέρματος
3165 2876 3314 2926 αὐτο

2590 3011 2608 3044 ι
2653 2991 2710 3044 '0
2741 2989 2891 3052 Θεὸς,
2927 2987 2996 3040 τὸ
3032 2985 3225 3059 κρϊμά.
3259 3002 3314 3038 σε

2512 3083 2847 3150 δικαιοσύνην
2897 3093 2998 3130 σου
3053 3076 3141 3146 τῷ
3196 3075 3304 3145 υἱῷ

2514 3172 2766 3238 ἐπιλέγει·
2805 3187 2824 3218 ι
2867 3167 2984 3219 Καὶ
3040 3181 3314 3236 συμπαρο

2515 3265 2611 3334 τῆς
2642 3261 2864 3329 σελήνης
2913 3257 3123 3325 γενεὰς
3169 3273 3314 3324 γενεσ

2517 3354 2608 3406 ἐπὶ
2654 3351 2836 3415 πόκον,
2888 3349 2990 3401 καὶ
3051 3347 3197 3400 ὡσεὶ
3251 3363 3314 3400 στ

2515 3445 2648 3514 γῆνο
2698 3439 2945 3494 ἀνατελεῖ
2991 3440 3056 3492 ὲν
3111 3441 3243 3502 ταῖς
3291 3441 3314 3490 ’ί

2520 3534 2612 3586 καὶ
2653 3530 2850 3601 πλῆθος
2883 3530 3124 3601 εἰρήνης
3146 3569 3162 3593 ,
3201 3529 3314 3591 ἕως

2522 3624 2614 3676 καί⁵
2638 3620 3069 3690 κατακυριεύσει
3106 3621 3226 3672 ἀπὸ
3264 3619 3314 3672 θ(

2524 3712 2630 3766 ἀπὸ
2667 3708 2911 3780 ποταμοῦ
2955 3709 3073 3774 ἕως
3117 3710 3313 3781 περάτ

2526 3801 2662 3872 μετὰ
2715 3799 2921 3870 βραχέα
2978 3799 3199 3870 φησίνο
3256 3820 3276 3850 ι

2523 3891 2747 3944 Λίϐανον
2775 3891 2803 3941 ὁ
2833 3888 3062 3959 καρπὸς
3097 3889 3300 3942 αὑτοῦ·

2524 3982 2759 4052 γημένον
2792 3983 2870 4042 είς
2924 3980 3026 4034 τὸν
3073 3981 3289 4046 αίῶνα,

2525 4072 2692 4142 ὄνομα
2722 4070 2910 4135 αὐτοῦ,
2956 4072 3064 4124 καὶ
3120 4072 3314 4124 ὲνευλο

2527 4163 2582 4214 αἱ
2627 4161 2791 4230 φυλαὶ
2827 4160 2934 4230 τῆς
2967 4163 3107 4233 γῆς,
3146 4163 3314 4216 πάντ(

2527 4251 2635 4304 τόν.
2673 4269 2690 4301 ι
2731 4250 2960 4322 Ἐπειδὴ
2993 4253 3314 4324 γέγραπτα

905 4367 1228 4429 Salomonis,
1278 4381 1384 4419 non
1417 4363 1677 4425 Roboam,
1713 4360 1804 4430 qui
1838 4364 1959 4427 post
2009 4356 2155 4408 illum
2190 4365 2381 4420 regnav

1838 4364 1959 4427 post
2009 4356 2155 4408 illum
2190 4351 2428 4420 regnavit
2459 4350 2502 4403 D
2530 4339 2742 4410 πρῶτος
2772 4338 2864 4392 τοῦ
2897 4340 3143 4412 ψαλμοῦ
3174 4345 3313 4414 στίχι

903 4463 959 4515 in
1001 4457 1354 4521 Hierusalem,
1387 4454 1480 4508 sed
1521 4452 1586 4504 ad
1630 4467 1752 4504 eum
1793 4449 1887 4523 qui
1937 4445 2002 4500 de
2039 4445 2154 4513 ejus
2208 4441 2429 4504 semine,

903 4553 1112 4606 ratione
1157 4547 1404 4600 humana:
1449 4550 1652 4596 naturae
1696 4539 1968 4610 profectus
2010 4543 2113 4597 est,
2160 4531 2432 4587 Christum

904 4642 1017 4696 Dei.
1048 4637 1200 4706 Quod
1246 4637 1385 4690 enim
1429 4647 1600 4700 neque
1643 4629 1710 4682 ad
1756 4627 2110 4686 Salomonem,
2144 4637 2315 4692 neque
2364 4623 2432 4674 ad

906 4733 1024 4800 ejus
1057 4740 1425 4786 successorem
1465 4721 1652 4776 referri
1679 4718 1888 4788 possint
1914 4731 1976 4771 ea
1999 4730 2116 4785 quae
2144 4715 2198 4768 in
2229 4713 2433 4782 psalmo

910 4823 1273 4883 continentur,
1306 4821 1521 4887 propter
1553 4825 1648 4877 ea,
1697 4825 1813 4879 qure
1849 4809 1916 4863 de
1957 4807 2047 4860 illo
2080 4805 2292 4876 cognita
2346 4803 2437 4856 ha-

909 4913 1122 4976 bentur,
1147 4909 1452 4979 quicunque
1500 4901 1796 4956 divmarum
1847 4895 2242 4965 Scripturarum
2273 4891 2438 4958 impe-

914 4999 1052 5054 ritus
1088 4978 1194 5054 non
1219 5009 1319 5062 est,
1356 4997 1510 5050 facile
1551 4989 1908 5046 conﬁtebitur.
1963 4986 2171 5040 Etenim
2203 4982 2293 5050 qui
2325 4978 2440 5032 ﬁeri

918 5093 1093 5154 potest
1135 5097 1194 5140 ut
1233 5091 1298 5140 de
1329 5085 1635 5144 Salomone,
1669 5087 1761 5132 aut
1792 5080 1856 5132 de
1901 5076 2018 5144 ejus
2061 5073 2168 5126 ﬁlio
2200 5069 2436 5122 Roboam

919 5175 1266 5258 accipiantur,
1314 5189 1431 5244 quae
1482 5188 1574 5240 per
1620 5177 1789 5225 totum
1850 5166 2113 5237 psalmum
2175 5159 2436 5220 feruntur,

921 5243 1078 5331 quale
1113 5265 1194 5310 est
1223 5257 1353 5309 illud
1391 5275 1404 5308 :
1443 5275 1460 5306 ι
1506 5257 1874 5311 Dominabitur
1915 5268 1945 5306 a
1986 5248 2121 5304 mari
2173 5259 2340 5313 usque
2374 5243 2439 5296 ad

923 5361 1089 5408 mare,
1123 5351 1174 5396 et
1201 5359 1230 5395 a
1252 5343 1464 5397 ﬂumine
1493 5360 1660 5413 usque
1688 5347 1753 5399 ad
1786 5343 2038 5400 terminos
2065 5336 2209 5392 orbis
2232 5344 2436 5395 terram

923 5446 978 5494 et
1009 5432 1137 5488 illud
1167 5449 1180 5484 :
1211 5450 1230 5482 ι
1258 5431 1596 5489 Permanebit
1627 5450 1746 5488 cum
1777 5437 1888 5491 sole
1915 5441 1967 5488 et
1991 5437 2113 5485 ante
2143 5428 2320 5480 lunam
2351 5437 2444 5491 ge-

925 5524 1229 5583 nerationes
1273 5520 1692 5591 generationum,
1727 5541 1745 5574 ι
1779 5531 1831 5578 et
1878 5530 2205 5594 quaecunque
2237 5512 2338 5566 alia
2360 5508 2444 5563 his

2528 4429 2584 4481 δὲ
2632 4429 2871 4499 ἑπόμενα
2921 4432 3129 4487 πάντα.
3181 4436 3271 4498 είς

2545 4517 2797 4586 Ῥοδοάμ›
2851 4518 2916 4581 ὃς
2967 4525 3100 4591 μετ’
3155 4525 3314 4576 αὐτδε

2533 4606 2668 4660 ἀλλὰ
2708 4606 2799 4659 τὸν
2846 4609 2916 4661 ἐκ
2956 4612 3314 4685 σπέρματος

2535 4711 2643 4759 νον,
2690 4695 2781 4747 τὸν
2827 4697 3094 4768 Χριστὸν
3129 4705 3234 4756 τοῦ
3279 4706 3314 4758 G

2536 4785 2839 4854 Σολομῶνα,
2891 4790 3033 4844 οὐδὲ
3083 4796 3187 4848 ἐπὶ
3219 4797 3314 4849 τὸν

2537 4877 2755 4931 δυνατὸν
2785 4879 2856 4930 τὰ
2893 4883 2959 4935 ὲν
2991 4885 3081 4955 τῷ
3123 4889 3314 4959 ψαλμί

2543 4967 2695 5035 μένα,
2723 4968 2829 5029 πᾶς
2872 4971 2905 5022 ὁ
2948 4973 3034 5045 μὴ
3068 4977 3314 5032 ἀνεπιστ

2542 5055 2793 5125 Γραφῶν.
2833 5059 3016 5116 Ἀλλὰ
3073 5069 3180 5120 και
3237 5072 3314 5121 πᾶ

2543 5147 2635 5198 ἐπὶ
2659 5147 2749 5198 τὸν
2778 5148 2985 5204 τούτου
3027 5156 3157 5210 υἱὸν
3203 5159 3314 5212 'Pol

2550 5238 2747 5306 ρόμενα
2782 5237 2848 5290 δι’
2887 5241 3029 5297 ὅλου
3060 5249 3166 5301 τοῦ
3199 5251 3314 5319 ψαλ

2549 5345 2630 5379 σει
2668 5327 2774 5380 ἀπὸ
2803 5328 3114 5408 θαλάσσης
3148 5340 3265 5405 ἕως
3299 5342 3314 5395 ί

2546 5417 2650 5480 ἕως
2682 5419 2950 5489 περάτων
2998 5429 3114 5498 τῆς
3161 5435 3314 5487 οἰκοι

2554 5510 2700 5578 μενεῖ
2730 5509 2808 5579 τῷ
2829 5512 3013 5585 ἡλίῳ,
3040 5521 3150 5573 καὶ
3183 5525 3306 5596 πρὸ

997 5677 1020 5709 ⁸
1048 5675 1178 5731 Luc.
1212 5688 1251 5740 t,
1272 5673 1362 5741 52,
1395 5677 1480 5732 3'5.
1514 5679 1534 5711 "
1571 5678 1702 5746 ibid,
1735 5679 1908 5735 68-70.
1937 5680 1957 5713 ⁸
1985 5679 2126 5734 Psal.
2157 5687 2301 5738 LXXI,
2326 5670 2378 5726 2.
2439 5670 2459 5702 '
2489 5668 2618 5725 ibid.
2647 5669 2756 5725 5-8.
2813 5668 2862 5702 ¹⁰
2897 5671 3049 5730 ibid.
3092 5681 3194 5740 16,
3241 5685 3314 5739 17
