3738 6306
140 440 242 494 τοι
999 437 1624 504 DEMONSTBATlONIS
1659 448 2095 506 EVANGELICE
2125 450 2249 507 LIB.
2293 450 2400 507 VH.
3217 460 3318 514 362

136 556 221 608 In
252 554 406 619 θεοῖς
433 557 684 628 ἑτέροις,
711 560 842 615 ἀλλά
867 562 1129 632 ὲργῶνται
1157 569 1338 639 Κυρίῳ
1371 564 1446 636 τῷ
1467 561 1583 636 Θεῷ
1607 591 1612 616 ‹

1839 578 1852 622 L
1881 585 2054 640 regem
2079 569 2240 624 David
2273 569 2546 625 suscita-bo
2577 563 2654 626 eis
2681 573 2741 626 ".
2782 593 2800 626 ι
2827 573 3005 644 Longo
3033 575 3315 632 admodum

134 645 246 734 τῶν
266 682 285 706 ,
342 646 442 698 καὶ
491 648 586 699 τὸν
617 650 784 703 Δαϐὶδ
829 651 1048 720 βασιλέα
1080 656 1250 709 αὐτῶν
1285 657 1562 725 ἀναστήσω
1587 677 1610 720 ,ι

1839 676 2039 730 empore
2078 669 2196 730 post
2231 668 2452 716 mortem
2482 677 2586 716 non
2623 663 2792 717 solum
2823 663 3004 734 David,
3035 666 3126 723 sed
3155 669 3315 722 etiam

130 733 268 796 τοῖς.
301 752 325 785 ι
359 736 522 788 Μετά
557 737 810 792 πλεῖστον
835 742 932 810 τῆς
953 744 1202 815 τελευτῆς
1235 746 1326 799 τοῦ
1354 745 1512 799 Δαϐὶδ
1531 785 1545 808 ,
1573 747 1606 798 ἀ

1838 749 2116 812 alomonis,
2139 749 2250 802 haec
2275 747 2530 804 Jercmias
2559 749 2623 804 de
2651 765 2714 804 eo
2742 766 2882 821 rege,
2909 754 2996 821 qui
3020 754 3085 808 de
3114 755 3314 808 semine

254 822 362 875 τοῦ
386 824 711 894 Σολομῶνος
736 829 942 898 χρόνον,
965 833 1135 887 ταῦτα
1162 836 1254 888 καὶ
1292 835 1547 907 Ἱερεμίας
1578 854 1608 888 ’π

1835 839 1962 894 ιονίᾱ
1991 846 2134 895 esset
2156 840 2408 904 oriturus,
2439 839 2640 896 divinat
2670 858 2683 893 :
2712 855 2868 908 quem
2901 842 3069 910 primo
3099 843 3311 912 quidem

128 911 223 963 τοῦ
255 912 562 982 μέλλοντος
590 917 657 968 ἐκ
691 919 998 990 σπέρματος
1022 924 1407 994 ἀναστήσεσθαι
1432 926 1591 980 Δαϐὶδ

1833 935 1971 983 rtum
2001 935 2175 993 vocat,
2220 944 2390 999 neque
2436 928 2750 997 simpliciter
2787 939 2983 994 ortum,
3014 933 3104 985 sed
3134 941 3305 986 ortum

129 1003 335 1066 σιλὲως
367 1003 623 1068 θεσπίζει
647 1024 662 1040 ο
685 1009 746 1061 ὃν
781 1011 990 1080 πρῶτον
1018 1015 1112 1082 μέν
1137 1015 1389 1087 ἀνατολὴν
1410 1017 1575 1081 καλεῖ,

1832 1028 2020 1088 istum,
2049 1028 2298 1090 tanquam
2328 1035 2448 1074 eum
2483 1021 2571 1088 qui
2596 1035 2662 1074 ex
2697 1020 2807 1074 sole
2829 1020 3050 1090 justitia:
3085 1023 3154 1076 sit
3182 1038 3308 1076 con-

123 1093 228 1162 οὐχ
261 1093 478 1157 ἁπλῶς,
505 1094 647 1148 ἀλλὰ
674 1097 907 1162 δικαίαν,
931 1100 1004 1163 ὡς
1027 1101 1091 1153 ἂν
1113 1101 1171 1165 ἐξ
1198 1103 1342 1174 ἡλίου
1364 1105 1599 1158 δικαιοσύ

1833 1109 2125 1171 Lituendus,
2158 1109 2223 1164 de
2251 1123 2356 1179 quo
2394 1123 2522 1162 sane
2563 1099 2911 1164 disseruimus
2952 1111 3006 1163 in
3035 1110 3101 1165 iis
3131 1150 3146 1173 ,
3193 1126 3309 1180 quae

124 1185 568 1253 συστησόμενον,
614 1189 742 1258 περὶ
774 1183 834 1240 οὗ
862 1189 1201 1262 διειλήφαμεν
1223 1197 1278 1246 ἐν
1305 1198 1419 1258 ταῖς
1453 1198 1576 1268 περ).

1831 1207 1947 1252 ntea
1984 1199 2050 1251 de
2079 1197 2186 1252 Deo
2224 1197 2399 1252 Verbo
2444 1197 2923 1253 demonstravimus
2945 1237 2960 1262 ,
3013 1200 3066 1253 in
3116 1201 3307 1269 quibus

121 1271 385 1340 δευτέρου
407 1275 592 1326 αἰτίου
623 1277 978 1346 ἀποδείξεσιν,
1025 1282 1081 1333 ἐν
1112 1280 1195 1346 αἷς
1220 1283 1308 1336 τὸν
1337 1287 1564 1355 προόντα

1837 1290 1884 1343 ei
1916 1287 2164 1354 Verbum,
2195 1291 2335 1359 quod
2365 1301 2518 1346 antea
2559 1298 2672 1344 erat
2711 1289 3184 1344 innumerabilibus
3212 1305 3313 1358 apo

120 1358 258 1413 Θεοῦ
292 1362 516 1430 Λόγον,
572 1366 796 1436 μυρίαις
839 1371 1168 1440 κεχρημένον
1215 1375 1569 1442 ἐπωνυμίαις,

1842 1379 2038 1432 allatum
2067 1358 2390 1445 nominibus,
2420 1382 2577 1435 etiam
2601 1380 2821 1448 justitia:
2852 1380 3016 1434 solem
3047 1379 3318 1434 nominari.

119 1449 272 1517 ἥλιον
320 1449 690 1522 δικαιοσύνης
731 1457 1087 1526 ὀνομάζεσθαι
1142 1461 1553 1533 ἀπεδείκνυμεν,

1847 1483 2004 1524 anum
2035 1469 2276 1534 fecimus,
2307 1471 2391 1525 ubi
2422 1471 2748 1540 prophetiam
2795 1486 2911 1539 quae
2939 1471 3008 1524 ita
3041 1471 3113 1523 ait
3140 1490 3151 1524 :
3185 1489 3203 1521 ι
3238 1469 3319 1526 lis

119 1537 451 1628 φάσκουσαν
497 1545 873 1611 προφητείαν,
925 1564 944 1596 ι
976 1547 1096 1610 Τοῖς
1138 1549 1191 1602 δέ
1240 1552 1579 1620 φοϐουμένοις

1833 1565 1962 1612 utem
1984 1559 2074 1628 qui
2097 1575 2180 1614 me
2209 1537 2646 1628 timent,_orietur
2673 1561 2751 1615 sol
2784 1537 3004 1628 iustitiae
3034 1560 3096 1624 ιδ,
3132 1579 3150 1612 ι
3184 1561 3309 1614 οἰιερ

119 1627 378 1718 ἀνατελεῖ
405 1629 567 1718 ἥλιος
605 1631 974 1705 δικαιοσύνης,
1018 1660 1036 1688 ο
1084 1640 1458 1710 παραθέμενοι.
1490 1645 1595 1696 Ὤσι

1835 1627 2166 1702 ιωιιεξδίουι
2203 1664 2327 1718 ergo
2360 1651 2523 1705 solem
2567 1627 2804 1718 justitiaa,
2841 1650 2909 1702 ita
2947 1650 3102 1703 etiam
3131 1658 3311 1704 ortum

115 1709 207 1766 ὠν
238 1715 400 1782 ἥλιον
438 1717 831 1790 δικαιοσύνης,
867 1723 1004 1777 οὕτω
1036 1727 1128 1778 xui.
1157 1728 1410 1801 ἀνατολὴν
1433 1732 1591 1786 δικαία

1829 1744 1986 1790 istum
2015 1752 2248 1806 praesens
2292 1740 2565 1794 oraculum
2610 1752 2971 1796 surrecturum
3015 1743 3114 1810 ipsi
3142 1742 3305 1797 David

119 1804 271 1871 λόγος
299 1807 401 1858 ἐπὶ
433 1807 536 1859 τοῦ
571 1811 838 1879 παρόντος
865 1814 1184 1884 ἀναστήσειν
1208 1818 1282 1888 τῷ
1306 1820 1464 1872 Δαϐὶδ
1486 1840 1595 1892 προ‹

1829 1804 2121 1883 aticinatur.
2162 1829 2328 1884 Porro
2360 1830 2600 1884 eumdem
2635 1845 2807 1900 regem
2850 1832 3221 1903 intelligentem
3253 1843 3305 1888 et

116 1893 282 1945 τεύει.
325 1895 440 1947 Τὸν
485 1897 657 1950 αὑτὸν
696 1899 752 1951 δὲ
791 1900 973 1954 τοῦτον
1015 1903 1232 1972 βασιλέα
1278 1889 1548 1975 συνιέντα,

1825 1917 2064 1973 icientem
2104 1919 2366 1988 judicium
2399 1928 2452 1974 et
2477 1889 2740 1991 justitiam
2784 1923 2835 1975 in
2867 1889 3301 1992 terravappellat.

121 1985 376 2038 ποιοῦντα
414 1990 604 2056 κρῖμα
652 1990 742 2041 καὶ
780 1990 1116 2064 δικαιοσύνην
1160 1996 1250 2048 ἐπὶ
1297 1997 1394 2067 τῆς
1429 2001 1530 2070 γῆς
1561 2021 1597 2054 π

1825 2008 1983 2063 ιείηίιο
2026 2009 2268 2064 eumdem
2310 2018 2462 2063 vocat
2499 2026 2605 2084 uno
2643 2018 2694 2065 et
2725 2013 2910 2066 eodem
2940 2014 3154 2067 nomine
3182 2028 3301 2066 cum

119 2075 394 2144 αγορεύει.
430 2073 579 2128 Εἶτα
628 2080 722 2130 καὶ
758 2081 1056 2152 ὁμωνύμως
1096 2085 1184 2138 τὸν
1233 2087 1388 2140 αὐτὸν
1429 2091 1580 2144 καλεί

1821 2113 1864 2161 o,
1895 2098 1984 2167 qui
2031 2099 2198 2152 multo
2238 2108 2360 2154 ante
2387 2082 2635 2164 decessit,
2677 2101 2859 2156 David.
2895 2103 3118 2158 Attende
3159 2103 3297 2156 enim

121 2166 277 2218 πάλαι
327 2168 620 2237 πρότερον
666 2171 1068 2242 τετελευτηκότι
1097 2176 1271 2228 Δαϐίδ.
1319 2180 1597 2251 Πρόσχεςπ

1823 2166 2072 2260 iligenter'
2106 2206 2226 2244 cum
2269 2191 2399 2244 illud
2428 2195 2672 2262 superius
2705 2213 2717 2247 :
2751 2212 2769 2244 ι
2810 2193 2872 2245 Ει
2901 2195 3168 2248 suscitabo
3199 2195 3299 2262 ipsi

117 2255 393 2323 ἐπιμελῶς
421 2257 510 2326 τῷ
545 2259 805 2329 ἀνωτέρω
840 2261 964 2330 μὲν,
1002 2283 1018 2313 ι
1051 2265 1157 2317 Καὶ
1187 2267 1464 2342 ἀναστήσω
1482 2272 1556 2341 τῷ
1581 2291 1593 2324 Α

1822 2255 1946 2334 avid
1978 2289 2151 2335 ortum
2198 2283 2422 2351 justum,
2473 2255 2634 2337 i-tum
2677 2284 2806 2338 illud
2839 2285 2980 2352 quod
3027 2284 3091 2338 ad
3123 2255 3298 2339 extre-

117 2343 196 2396 ϐιδ
214 2344 498 2415 ἀνατολὴν
520 2345 762 2410 δικαίαν,
789 2367 807 2398 ι
834 2349 925 2400 ἐπὶ
946 2349 1084 2401 τέλει
1115 2351 1170 2404 δὲ
1199 2353 1564 2427 ἐπιφερομένῳ
1589 2378 1593 2392 ι

1825 2388 1922 2424 ιυιιι
1952 2343 2291 2428 additum-est
2323 2394 2335 2428 :
2369 2392 2387 2424 ι
2418 2375 2480 2428 Ει
2510 2374 2675 2429 David
2709 2389 2882 2445 regem
2926 2390 3079 2429 suum
3129 2377 3301 2429 susci-

122 2451 139 2481 ι
180 2434 286 2486 Καὶ
331 2433 432 2485 τὸν
470 2434 648 2486 Δαϐὶδ
695 2434 913 2503 βασιλέα
954 2438 1114 2490 αὐτοῦ
1156 2441 1434 2511 ἀναστήσω
1466 2445 1598 2515 αὐτῷ

1821 2463 1902 2515 ibo
1923 2462 1994 2517 ei.
2040 2483 2059 2515 ι
2105 2463 2200 2518 Cui
2241 2481 2365 2519 vero
2393 2467 2466 2530 ei,
2501 2466 2604 2520 nisi
2637 2467 2737 2535 ipsi
2768 2433 2980 2520 David?
3005 2465 3130 2519 huic
3157 2465 3297 2518 enim

117 2523 226 2575 Τίνι
252 2523 310 2575 δὲ
339 2523 510 2592 αὐτῷ
534 2523 568 2592 ἢ
593 2523 673 2592 τῷ
701 2524 890 2590 Δαϐίδ;
910 2526 1082 2597 τούτῳ
1107 2528 1212 2599 γὰρ
1235 2531 1426 2600 ἔφησεν
1453 2535 1593 2588 ἀνασι

1821 2552 1908 2605 ixit
1942 2568 1999 2608 se
2045 2555 2422 2609 suscitaturum
2451 2567 2622 2610 orlum
2662 2557 2887 2626 justum.
2914 2555 3075 2624 358
3097 2553 3297 2608 Zacha-

118 2628 220 2663 σειν
257 2612 359 2681 τὴν
393 2610 682 2680 ἀνατολὴν
727 2611 824 2682 τὴν
856 2612 1084 2666 δικαίαν.
1121 2617 1228 2668 Kal
1270 2618 1298 2668 ὁ
1340 2621 1594 2691 Ζαχαρίας

1826 2655 1885 2693 as
1911 2640 2034 2693 item
2064 2641 2128 2695 de
2165 2643 2347 2697 eodem
2375 2610 2704 2708 vaticinans,
2748 2610 3084 2698 ortum'iﬁu'd
3113 2643 3297 2698 simili—

116 2703 356 2774 περὶτοῦ
394 2703 582 2755 αὐτοῦ
615 2703 969 2774 προφητεύων
1005 2705 1200 2774 ὁμοίως
1243 2710 1498 2780 ἀνατολὴν
1525 2706 1588 2764 αὖ

1822 2743 1855 2780 κιο
1881 2738 2034 2783 vocat
2070 2749 2082 2784 :
2139 2749 2156 2781 ι
2196 2731 2332 2786 Ecce
2357 2734 2456 2798 vir,
2497 2742 2646 2789 ortus
2675 2749 2867 2789 nomen
2911 2735 3004 2797 ei,
3029 2741 3083 2789 et
3113 2734 3298 2790 subter

115 2795 272 2855 καλεῐ,
299 2795 492 2862 λέγων
515 2810 528 2822 ⁸
561 2811 582 2844 ‹
625 2793 755 2845 Ἰδοὺ
785 2793 941 2863 ἀνὴρ,
970 2795 1198 2867 ἀνατολὴ
1221 2797 1385 2868 ὄνομα
1406 2801 1591 2871 αὐτῷ,

1816 2837 1892 2872 um
1923 2822 2123 2876 orietur
2149 2823 2354 2890 justitia
2390 2824 2448 2878 ¹⁸.
2484 2843 2501 2874 ι
2525 2822 2589 2877 Ει
2620 2839 2846 2879 rursus:
2881 2842 2900 2875 ι
2937 2821 3148 2879 Vocabo
3175 2839 3292 2880 ser-

115 2883 466 2936 ὑποκάτωθεν
518 2881 690 2935 αὑτοῦ
730 2883 976 2936 ἀνατελεῖ
1015 2885 1318 2957 δικαιοσύνη
1342 2907 1354 2918 ·
1396 2909 1416 2941 ι
1447 2893 1539 2944 καὶ
1577 2911 1591 2945 1

1820 2925 1894 2962 1m
1939 2925 2134 2974 meum,
2187 2919 2362 2967 ortum
2402 2913 2446 2944 ¹⁸
2484 2931 2496 2966 :
2538 2931 2557 2962 ι
2611 2911 2714 2966 Sed
2765 2914 2907 2967 enim
2956 2915 3134 2968 nullus
3179 2925 3296 2982 post

112 2977 185 3027 λιν
203 2993 216 3005 ·
267 2995 286 3027 r
314 2977 571 3030 Καλέσω
603 2974 695 3026 τὸν
721 2975 905 3027 δοῦλόν
935 2994 1033 3046 μου
1060 2979 1334 3050 ἀνατολήν.
1366 3000 1383 3032 ι
1429 2983 1561 3036 Ἀλλ’

1815 3001 2008 3056 :remiae
2047 3009 2302 3070 tempora,
2358 3017 2421 3056 ac
2465 3019 2532 3058 ne
2583 3011 2704 3073 post
2757 3004 3029 3059 Zachariae
3077 3004 3291 3074 quidem

112 3063 209 3126 δείς
233 3081 295 3132 γε
327 3065 483 3134 μετὰ
511 3065 645 3125 τοὺς
685 3063 944 3132 Ἱερεμίου
973 3066 1194 3134 χρόνους
1215 3109 1229 3132 ,
1261 3071 1372 3122 ἀλλ’
1400 3072 1516 3124 οὐδὲ
1545 3090 1588 3142 μέ

1820 3090 1909 3156 )ud
1936 3090 2144 3145 Judazos
2167 3092 2286 3145 talis
2313 3093 2535 3156 exstitit,
2565 3063 2620 3146 ut
2638 3113 2655 3144 ι
2696 3095 2873 3148 oriens
2901 3095 3075 3162 justus
3141 3109 3296 3149 voca-

110 3154 221 3216 τοὺς
260 3153 358 3205 τοῦ
389 3152 684 3222 Ζαχαρίου
710 3151 948 3214 τοιοῦτος
975 3154 1167 3225 ἀνέστη
1205 3161 1313 3220 τοῖς
1353 3161 1415 3212 ἐκ
1462 3178 1584 3230 περι

1817 3151 1918 3233 itur
1941 3189 1994 3235 et
2027 3199 2044 3232 ‹
2081 3181 2377 3250 intelligens
2403 3197 2515 3244 rex,
2544 3189 2596 3235 et
2617 3181 2814 3237 faciens
2842 3151 3100 3250 judicium
3130 3192 3181 3236 et
3201 3184 3293 3252 ju-

112 3241 208 3310 μῆς
225 3281 240 3305 ,
269 3242 348 3305 ὡς
378 3261 400 3294 ‹
436 3242 690 3313 ἀνατολὴ
715 3242 896 3296 δικαία
925 3263 943 3295 ι
981 3245 1265 3317 κληθῆναι,
1311 3249 1404 3302 καὶ
1435 3270 1453 3300 r
1478 3268 1588 3305 συνι

1810 3269 1974 3321 titiam
1996 3270 2049 3323 in
2087 3241 2278 3324 terra;
2316 3270 2469 3336 Quod
2498 3241 2541 3325 si
2571 3274 2694 3340 quis
2725 3241 2872 3324 dica't
2903 3273 2955 3325 in
2988 3273 3070 3328 his
3103 3241 3286 3328 Jesum

111 3331 348 3396 βασιλεὺς
373 3373 390 3396 ,
424 3332 536 3385 καὶ
569 3331 740 3385 ποιῶν
773 3335 943 3403 κρῖμα
975 3336 1067 3388 καὶ
1099 3335 1434 3408 δικαιοσύνην
1460 3341 1550 3393 ἐπὶ
1580 3359 1587 3375 ι

1815 3359 1934 3412 lium
1967 3359 2188 3415 Josedec
2214 3331 2520 3430 signiﬁcari,
2551 3331 2830 3415 dicendum
2857 3363 2956 3416 erit
2983 3364 3123 3431 quod
3156 3363 3291 3417 ratio

107 3422 216 3489 γῆς.
247 3442 266 3474 ι
314 3425 380 3478 Et
434 3424 504 3476 δὲ
551 3423 702 3490 λέγοι
743 3441 828 3486 τις
867 3424 953 3478 διὰ
1001 3426 1203 3480 τούτων
1244 3429 1441 3499 Ἰησοῦν
1467 3432 1583 3484 τὸν‹

1815 3462 1882 3502 acc
1934 3449 2010 3501 illi
2065 3422 2310 3504 constare
2358 3465 2464 3503 non
2496 3458 2687 3518 potest.
2737 3449 2868 3504 Nam
2911 3452 2995 3506 hic
3027 3466 3198 3521 neque
3224 3453 3291 3506 de

115 3513 348 3567 Ἰωσεδὲκ
379 3513 718 3584 δηλοῦσθαι,
743 3515 979 3580 λεκτέον,
997 3517 1076 3568 ὃτι
1108 3518 1168 3568 ού
1200 3520 1518 3590 συνέστηκεν
1546 3525 1573 3574 ὁ

1810 3552 1959 3591 enere
2002 3537 2169 3592 David
2198 3538 2318 3600 fuit,
2363 3554 2534 3607 neque
2586 3548 2832 3607 tanquam
2884 3556 2974 3594 rex
3032 3540 3286 3608 regnavit.

103 3619 186 3666 τος
214 3605 387 3674 αὐτῷ.
417 3603 576 3658 Οὔτε
599 3605 706 3674 γὰρ
733 3606 838 3657 ἀπὸ
869 3606 1054 3672 γένους
1083 3607 1243 3658 Δαϐὶδ
1269 3602 1418 3670 οὗτος
1439 3606 1525 3678 ἦν,
1552 3629 1579 3662 ο

1819 3628 2043 3680 uomodo
2075 3635 2248 3682 autem
2278 3629 2349 3681 illi
2377 3602 2550 3697 potest
2582 3602 2972 3683 accommodari
2993 3602 3152 3688 illud,
3189 3647 3210 3680 ι
3238 3637 3291 3684 et

99 3693 164 3754 rb;
188 3694 453 3762 βασιλεὺς
479 3695 861 3749 ἐϐασίλευσεν.
888 3695 1010 3759 Πῶς
1036 3695 1092 3748 δὲ
1125 3697 1209 3747 ἐπ’
1240 3699 1434 3750 ἐκεῖνον
1457 3699 1575 3754 δύ.να

1816 3715 1933 3770 avid
1959 3730 2134 3784 regem
2174 3718 2446 3772 suscitabo
2477 3719 2566 3772 ei?
2604 3739 2622 3770 ι
2660 3733 2780 3772 cum
2813 3728 2865 3772 et
2895 3733 2959 3773 ex
2991 3719 3131 3773 tribu
3163 3717 3289 3773 Levi

101 3785 382 3852 ἁρμόττειν
408 3787 482 3837 τὸ
499 3823 514 3848 ,
550 3803 571 3834 r
600 3785 711 3836 Kal
738 3785 828 3838 τὸν
852 3786 1014 3838 Δαϐὶδ
1041 3787 1256 3856 βασιλέα
1277 3790 1553 3860 ἀναστήσω

1811 3816 1820 3857 ι
1865 3819 1930 3858 ex
1961 3805 2148 3859 ordine
2201 3806 2472 3873 pontiﬁcio
2514 3805 2690 3868 fuerit,
2721 3814 2772 3859 et
2823 3821 3014 3876 genere
3043 3821 3072 3859 a
3123 3805 3287 3859 David

96 3871 194 3940 τῷ;
223 3893 244 3925 ›
279 3875 460 3925 ὁπότε
501 3872 679 3942 φυλῆς
711 3873 811 3941 μὲν
839 3869 906 3944 ἦν
928 3875 1086 3938 Λευὶ,
1115 3875 1316 3940 τάξεως
1346 3876 1389 3928 δ’
1418 3878 1570 3947 ὰρχιε

1809 3893 1993 3954 lienus,
2045 3908 2216 3962 neque
2253 3909 2344 3948 rex
2396 3895 2505 3948 ullo
2542 3896 2698 3949 modo
2739 3897 3007 3950 exstitisse
3029 3909 3285 3950 memore~

95 3967 238 4035 τικῆς
257 4007 272 4030 ,
313 3969 418 4020 καὶ
467 3967 670 4033 γένους
713 3966 898 4036 ἐτέρου
928 3967 1073 4037 ποιρά
1100 3967 1186 4019 τὸν
1217 3969 1393 4032 Δαϐὶδ,
1426 3970 1571 4038 βασιλ

1809 3983 1885 4034 ir?
1913 3996 2078 4051 quare
2109 3983 2154 4038 si
2189 3985 2366 4040 nullus
2395 3986 2533 4041 alius
2581 3985 2846 4040 invenitur
2887 3988 3008 4041 talis
3031 4026 3045 4048 ,
3077 3993 3285 4055 tempus

88 4057 130 4108 δ’
151 4059 414 4129 οὐδαμῶς
455 4055 711 4124 γεγονὼς
738 4058 1029 4127 ίστορῆται.
1059 4059 1238 4121 Ὥστε,
1274 4060 1320 4110 εί
1355 4059 1536 4130 μηδεὶς

1807 4085 1869 4123 im
1902 4070 2060 4126 fuerit
2084 4087 2202 4126 eum
2234 4072 2300 4128 de
2323 4089 2428 4142 quo
2465 4074 2516 4128 in
2553 4075 2636 4130 bis
2665 4077 2896 4130 oraculis
2923 4075 3120 4130 mentio
3150 4073 3283 4129 facta

93 4164 173 4215 ρος
211 4150 556 4218 εὑρίσκοιτο
605 4145 846 4209 τοιοῦτος
869 4186 883 4210 ,
930 4147 1045 4217 ὥρα
1077 4149 1164 4200 τὸν
1210 4151 1569 4221 προφητευόμε

1805 4165 1863 4222 st,
1893 4165 1944 4213 et
1970 4158 2035 4214 de
2061 4175 2166 4230 quo
2195 4162 2281 4215 illa
2313 4164 2575 4232 praecipue
2631 4165 3096 4234 loquunturJateri
3121 4181 3281 4218 unum

87 4240 171 4290 καὶ
202 4239 296 4292 διὰ
350 4239 587 4292 τούτων
626 4236 904 4306 ὁμολογεῖν
941 4237 1097 4306 μόνον
1135 4233 1268 4291 εἶναι
1315 4240 1402 4292 τὸν
1446 4241 1563 4294 Σωτ⁴

1813 4263 1882 4302 sse
1917 4247 2242 4304 Salvatorem
2271 4267 2332 4305 ac
2357 4251 2635 4307 Dominum
2665 4233 2928 4319 nostrum,
2961 4255 3050 4324 qui
3083 4255 3207 4308 alibi
3235 4261 3289 4308 et

87 4329 169 4378 καὶ
219 4329 446 4397 Κύριον
504 4327 701 4397 ἡμῶν,
745 4325 835 4378 τὸν
880 4327 972 4379 καὶ
1024 4328 1081 4378 ἐν
1128 4329 1328 4398 ἐτέροις
1375 4348 1393 4380 ι
1423 4331 1534 4399 φῶς

1819 4337 1902 4389 lux
1918 4338 2098 4392 mundi
2119 4346 2171 4394 et
2191 4341 2368 4394 lumen
2395 4343 2627 4411 gentium
2658 4362 2676 4394 ι
2715 4352 2956 4398 vocatur.
2990 4345 3106 4412 Ipse
3127 4343 3295 4414 igitur.

85 4417 279 4487 κόσμου
313 4420 422 4471 καὶ
460 4417 587 4485 φῶς
613 4415 722 4469 τῶν
758 4415 926 4468 ἐθνῶν
958 4436 976 4467 ι
1017 4418 1460 4488 ἀνηγορευμένον.
1498 4423 1561 4474 At‘

1823 4425 1917 4478 iam
1954 4427 2056 4482 hoc
2085 4428 2204 4482 loco
2241 4428 2400 4484 fuerit
2427 4431 2492 4486 de
2520 4447 2627 4500 quo
2652 4433 2905 4502 propheta
2953 4434 3205 4503 loquitur,
3235 4441 3299 4486 ειν

82 4508 372 4576 τοιγαροῦν
422 4508 519 4577 εἴη
567 4505 636 4558 ἂν
678 4505 954 4557 κάνταῦθα
979 4507 1006 4558 ὁ
1042 4509 1532 4578 προφητευὸμενος,

1808 4529 1889 4568 me
1923 4516 2120 4585 absque
2156 4519 2429 4575 mendacio
2471 4523 2713 4576 constitit
2762 4524 3092 4578 vaticinium.
3129 4523 3284 4576 Solus

84 4596 420 4665 συνέστηκεν
480 4594 726 4664 ἀψευδὴς
772 4596 805 4664 ἡ
851 4595 1168 4666 πρόρρησις.
1227 4597 1396 4661 Μόνος
1449 4599 1553 4670 γὰρ

1804 4605 1900 4657 nim
1957 4605 2022 4658 de
2073 4610 2274 4664 semine
2316 4608 2480 4664 David
2533 4613 2624 4679 qui
2683 4613 2866 4667 eodem
2919 4616 3130 4668 nomine
3159 4625 3280 4666 cum

83 4687 404 4757 σπέρματος
465 4685 638 4738 Δαϐὶδ
700 4684 1002 4754 ὁμωνύμως
1054 4684 1131 4754 τῷ
1185 4688 1478 4760 προπάτορι
1523 4708 1557 4743 κ

1807 4693 1940 4748 risco
1976 4708 2074 4747 suo
2112 4707 2330 4764 parente
2361 4699 2426 4753 ad
2476 4715 2692 4756 sensum
2738 4701 2808 4754 sit
2833 4701 3033 4762 dictus,
3071 4700 3283 4769 quando

79 4773 345 4840 διάνοιαν,
396 4777 535 4829 ἐπεὶ
571 4776 933 4845 ἑρμηνεύεται
979 4793 997 4824 ι
1026 4774 1240 4838 δυνατὸς
1271 4781 1441 4848 χειρὶ,
1475 4799 1493 4832 ι
1530 4800 1555 4851 χ

1801 4800 1827 4836 ι
1866 4784 2296 4852 interpretatione
2337 4789 2425 4843 ille
2450 4797 2532 4844 est
2576 4804 2734 4843 manu
2772 4798 2980 4858 potens,
3018 4788 3277 4858 judicium

83 4867 316 4929 ματίσας
341 4907 356 4928 ,
402 4886 424 4917 ‹
461 4869 644 4936 κρῖμα
690 4864 785 4917 καὶ
827 4864 1162 4935 δικαιοσύνην
1192 4886 1209 4917 ›
1248 4867 1334 4920 διὰ
1371 4871 1465 4940 τῆς
1496 4872 1559 4923 αὑ

1807 4873 2098 4942 :justitiam
2149 4890 2244 4944 per
2285 4892 2435 4931 suam
2477 4880 2646 4947 ipsius
2690 4878 2986 4932 doctrinam
3034 4875 3283 4931 omnibus

79 4951 438 5016 διδασκαλίας
472 4958 592 5016 τοῖς
623 4955 717 5006 ἐπὶ
737 4955 841 5022 γῆς
869 4953 1064 5006 ἅπασιν
1095 4955 1319 5025 ἐκήρυξε
1337 4995 1352 5019 ,
1383 4961 1474 5010 κοιλ¹
1502 4969 1555 5028 με

1808 4964 1849 5016 ni
1893 4970 2071 5017 essent
2098 4963 2151 5017 in
2186 4971 2328 5020 terra
2356 4969 2648 5031 nuntiavit,
2679 4976 2732 5022 et
2755 4968 2902 5023 solus
2931 4966 3169 5020 omnium
3191 4981 3284 5020 eo-

82 5041 181 5092 τῶν
208 5044 446 5096 πώποτε
483 5044 585 5096 οὐκ
617 5045 712 5096 ἐπὶ
740 5044 936 5113 μέρους
963 5045 1267 5097 ἐϐασίλευσε
1296 5045 1390 5113 τῆς
1415 5049 1556 5100 οἰκου

1806 5071 1876 5109 im
1921 5056 2010 5124 qui
2045 5071 2288 5124 unquam.
2311 5057 2506 5111 fuerint
2531 5073 2638 5111 non
2675 5058 2727 5110 in
2750 5065 2900 5126 parte
2927 5057 3104 5126 aliqua
3133 5055 3282 5110 orbis

81 5147 168 5200 γης
189 5172 205 5194 ,
231 5133 379 5191 ἀλλὰ
411 5134 518 5185 ἐπὶ
540 5135 723 5218 πᾶσαν
757 5132 854 5200 τὴν
883 5133 1001 5202 γῆν,
1026 5134 1117 5185 καὶ
1148 5133 1304 5200 μόνος
1330 5133 1557 5186 ἀνέτειλε

1805 5149 2015 5218 ξεηονίῑ,
2049 5147 2139 5200 sed
2178 5149 2231 5202 in
2275 5150 2418 5202 omni
2472 5163 2694 5218 prorsus
2731 5157 2894 5211 terra,
2945 5156 3000 5202 et
3044 5149 3191 5202 solus
3223 5158 3281 5200 ut

86 5223 374 5292 καιοσύνην
395 5263 412 5287 ,
454 5211 777 5281 ἀκολούθως
817 5221 908 5272 καὶ
931 5221 1006 5291 τῷ
1032 5223 1088 5272 ἐν
1113 5218 1306 5287 ψαλμῷ
1342 5223 1466 5288 περὶ
1498 5225 1561 5275 αύ

1810 5211 2051 5290 ιοτίνειιιτ
2085 5236 2294 5303 jusﬁtia
2325 5211 2511 5289 auctor
2554 5235 2654 5289 fuit
2685 5277 2700 5300 ,
2737 5236 3180 5304 quemadmodum
3214 5235 3286 5291 de

82 5307 352 5384 λεγομένῳ
379 5327 395 5342 ⁸
456 5329 479 5361 ε
525 5309 808 5364 ’Δνατελεί
842 5311 896 5360 ἐν
943 5312 1060 5370 ταῖς
1107 5307 1335 5376 ἡμέραις
1377 5312 1537 5364 αὐτοῦ

1803 5335 1872 5375 »³ο
1899 5305 1955 5372 in
1980 5321 2186 5388 psalmo
2215 5321 2414 5387 dictum
2441 5329 2543 5383 est,
2573 5337 2591 5371 ‹
2623 5321 2825 5374 orietur
2851 5321 2907 5374 in
2939 5319 3128 5374 diebus
3159 5318 3279 5385 ejus

93 5400 359 5470 καιοσύνη,
405 5401 511 5454 καὶ
551 5399 773 5468 πλῆθος
810 5399 1039 5466 εἰρήνης.
1089 5416 1107 5446 ι
1155 5395 1350 5460 Ἰούδας
1394 5400 1449 5452 δὲ
1493 5417 1569 5455 σωι

1803 5410 1954 5464 ιειίιίο
1975 5417 2028 5464 et
2049 5410 2372 5464 abundantia
2394 5413 2542 5480 pacis
2569 5413 2631 5468 ".
2670 5431 2688 5462 ι
2722 5410 2888 5465 Judas
2913 5414 3091 5464 autem
3118 5420 3279 5477 atque

91 5487 294 5554 σέμενος
329 5493 432 5543 καὶ
493 5487 723 5561 Ἰσραὴλ
759 5488 818 5536 ὲν
849 5490 958 5549 ταῖς
984 5487 1213 5555 ἡμέραις
1258 5487 1414 5542 αὐτοῦ
1459 5493 1567 5544 πάν

1801 5502 1938 5562 ποθι,
1970 5499 2059 5567 qui
2101 5500 2154 5552 in
2179 5500 2368 5554 diebus
2397 5501 2538 5556 illius
2593 5502 2840 5556 servandi
2897 5508 3044 5561 sunt,
3090 5513 3277 5553 omnes

99 5577 212 5626 ﬁs.”
238 5580 286 5630 Ol
326 5581 395 5648 τῇ
430 5578 507 5629 δι’
535 5574 723 5632 αὐτοῦ
774 5571 1036 5642 θεοσεϐείᾳ
1071 5573 1521 5645 προσεληλυθότες
1553 5601 1575 5636 τ

1803 5594 1878 5640 mt
1909 5588 1995 5657 qui
2031 5588 2172 5642 illius
2206 5588 2451 5656 pietatem
2489 5605 2550 5642 ac
2589 5591 2791 5643 cultum
2839 5606 2907 5644 ex
2933 5587 3154 5643 Iudaico
3185 5601 3279 5653 μου

161 5718 201 5775 ιῖ
234 5745 338 5802 ιω..
376 5765 524 5811 ιη,
552 5748 622 5807 3‘
650 5743 690 5796 9
781 5741 824 5775 ιι
866 5740 1065 5795 Malach.
1100 5756 1187 5804 iv,
1227 5745 1278 5798 2.
1356 5749 1394 5779 ¹⁸
1431 5751 1637 5811 Zachar.

1577 5771 1648 5815 Il‘._
1679 5771 1733 5809 γι
1758 5792 1777 5821 ,
1812 5757 1893 5812 19..
1972 5758 2011 5788 ¹⁶
2038 5756 2258 5812 Zacliar.
2293 5775 2384 5823 ιη,
2421 5760 2471 5815 8,
2547 5762 2585 5790 ⁸⁷
2625 5759 2764 5814 Psal.
2802 5774 2968 5822 ιςιι,
3005 5760 3053 5810 ’1.
