  <div class='ocr_page' id='page_1' title='image "/cluster/home/n/w/nwhite01/storage/ocr_20150623/22 (Eusebius; pt. 4)/nyp.33433081862355/305.png"; bbox 0 0 3738 6424; ppageno 0'>
   <div class='ocr_carea' id='block_1_1' title="bbox 349 457 449 512">
    <p class='ocr_par' dir='ltr' id='par_1_1' title="bbox 349 457 449 512">
     <span class='ocr_line' id='line_1_1' title="bbox 349 457 449 512; baseline -0.02 0"><span class='ocrx_word' id='word_1_1' title='bbox 349 457 449 512; x_wconf 73' lang='grc'><strong>5155</strong></span> 
     </span>
    </p>
   </div>
   <div class='ocr_carea' id='block_1_2' title="bbox 998 415 2474 496">
    <p class='ocr_par' dir='ltr' id='par_1_2' title="bbox 998 418 2474 496">
     <span class='ocr_line' id='line_1_2' title="bbox 998 418 2474 496; baseline -0.015 0"><span class='ocrx_word' id='word_1_2' title='bbox 998 438 1256 496; x_wconf 80' lang='lat' dir='ltr'><strong>EUSEBII</strong></span> <span class='ocrx_word' id='word_1_3' title='bbox 1294 430 1756 491; x_wconf 62' lang='lat' dir='ltr'><strong>CxESARlENSlS</strong></span> <span class='ocrx_word' id='word_1_4' title='bbox 1795 427 1941 485; x_wconf 82' lang='lat' dir='ltr'><strong>OPP.</strong></span> <span class='ocrx_word' id='word_1_5' title='bbox 1985 424 2157 480; x_wconf 79' lang='lat' dir='ltr'><strong>PARS</strong></span> <span class='ocrx_word' id='word_1_6' title='bbox 2195 418 2474 480; x_wconf 79' lang='lat' dir='ltr'><strong>ll.--APO</strong></span> 
     </span>
    </p>
   </div>
   <div class='ocr_carea' id='block_1_3' title="bbox 1370 415 2846 496">
    <p class='ocr_par' dir='ltr' id='par_1_3' title="bbox 1370 415 2846 488">
     <span class='ocr_line' id='line_1_3' title="bbox 1370 415 2846 488; baseline -0.014 0"><span class='ocrx_word' id='word_1_7' title='bbox 1370 430 1756 488; x_wconf 80' lang='lat' dir='ltr'><strong>ESARIENSIS</strong></span> <span class='ocrx_word' id='word_1_8' title='bbox 1795 427 1941 485; x_wconf 83' lang='lat' dir='ltr'><strong>OPP.</strong></span> <span class='ocrx_word' id='word_1_9' title='bbox 1985 424 2157 480; x_wconf 79' lang='lat' dir='ltr'><strong>PARS</strong></span> <span class='ocrx_word' id='word_1_10' title='bbox 2195 415 2846 480; x_wconf 80' lang='lat' dir='ltr'><strong>ll.-APOLOGET1CA.</strong></span> 
     </span>
    </p>
   </div>
   <div class='ocr_carea' id='block_1_4' title="bbox 3511 425 3599 480">
    <p class='ocr_par' dir='ltr' id='par_1_4' title="bbox 3511 425 3599 480">
     <span class='ocr_line' id='line_1_4' title="bbox 3511 425 3599 480; baseline 0 0"><span class='ocrx_word' id='word_1_11' title='bbox 3511 425 3599 480; x_wconf 62' lang='lat'><strong>56$</strong></span> 
     </span>
    </p>
   </div>
   <div class='ocr_carea' id='block_1_5' title="bbox 350 529 1826 646">
    <p class='ocr_par' dir='ltr' id='par_1_5' title="bbox 350 541 1826 646">
     <span class='ocr_line' id='line_1_5' title="bbox 350 541 1826 646; baseline -0.016 -16"><span class='ocrx_word' id='word_1_12' title='bbox 350 576 475 646; x_wconf 90' lang='lat' dir='ltr'><strong>pulo</strong></span> <span class='ocrx_word' id='word_1_13' title='bbox 528 572 846 640; x_wconf 84' lang='lat' dir='ltr'><strong>acceperint,</strong></span> <span class='ocrx_word' id='word_1_14' title='bbox 897 541 1123 635; x_wconf 91' lang='lat' dir='ltr'><strong>apostoli</strong></span> <span class='ocrx_word' id='word_1_15' title='bbox 1169 559 1407 628; x_wconf 98' lang='lat' dir='ltr'><strong>ejusdem</strong></span> <span class='ocrx_word' id='word_1_16' title='bbox 1441 567 1492 612; x_wconf 87' lang='lat' dir='ltr'><strong>et</strong></span> <span class='ocrx_word' id='word_1_17' title='bbox 1533 555 1778 624; x_wconf 81' lang='lat' dir='ltr'><strong>discipuli</strong></span> <span class='ocrx_word' id='word_1_18' title='bbox 1815 570 1826 606; x_wconf 72' lang='grc' dir='ltr'>ε</span> 
     </span>
    </p>
   </div>
   <div class='ocr_carea' id='block_1_6' title="bbox 2121 529 3597 646">
    <p class='ocr_par' dir='ltr' id='par_1_6' title="bbox 2121 529 3597 646">
     <span class='ocr_line' id='line_1_6' title="bbox 2121 529 3597 646; baseline -0.001 -49"><span class='ocrx_word' id='word_1_19' title='bbox 2121 547 2349 619; x_wconf 77' lang='grc' dir='ltr'>ςριτομῆς</span> <span class='ocrx_word' id='word_1_20' title='bbox 2374 543 2526 605; x_wconf 80' lang='grc' dir='ltr'>λαοῦ,</span> <span class='ocrx_word' id='word_1_21' title='bbox 2549 536 2837 594; x_wconf 73' lang='grc' dir='ltr'>ἀπόστολοί</span> <span class='ocrx_word' id='word_1_22' title='bbox 2864 551 2928 587; x_wconf 84' lang='grc' dir='ltr'><strong>τε</strong></span> <span class='ocrx_word' id='word_1_23' title='bbox 2958 529 3144 646; x_wconf 52' lang='grc' dir='ltr'>αύτοῗ</span> <span class='ocrx_word' id='word_1_24' title='bbox 3163 538 3335 590; x_wconf 44' lang='lat' dir='ltr'><strong>xui.</strong></span> <span class='ocrx_word' id='word_1_25' title='bbox 3366 539 3597 611; x_wconf 63' lang='grc' dir='ltr'>μαθηταὶ,</span> 
     </span>
    </p>
   </div>
   <div class='ocr_carea' id='block_1_7' title="bbox 350 643 1868 734">
    <p class='ocr_par' dir='ltr' id='par_1_7' title="bbox 350 643 1868 734">
     <span class='ocr_line' id='line_1_7' title="bbox 350 643 1868 734; baseline -0.015 -15"><span class='ocrx_word' id='word_1_26' title='bbox 350 643 706 734; x_wconf 70' lang='lat' dir='ltr'><strong>evangelistze,</strong></span> <span class='ocrx_word' id='word_1_27' title='bbox 755 665 843 712; x_wconf 90' lang='lat' dir='ltr'><strong>aut</strong></span> <span class='ocrx_word' id='word_1_28' title='bbox 874 656 1029 708; x_wconf 81' lang='lat' dir='ltr'><strong>etiam</strong></span> <span class='ocrx_word' id='word_1_29' title='bbox 1081 665 1267 704; x_wconf 90' lang='lat' dir='ltr'><strong>omnes</strong></span> <span class='ocrx_word' id='word_1_30' title='bbox 1289 649 1378 718; x_wconf 88' lang='lat' dir='ltr'><strong>qui</strong></span> <span class='ocrx_word' id='word_1_31' title='bbox 1448 649 1506 701; x_wconf 91' lang='lat' dir='ltr'><strong>in</strong></span> <span class='ocrx_word' id='word_1_32' title='bbox 1536 647 1748 700; x_wconf 91' lang='lat' dir='ltr'><strong>occulto</strong></span> <span class='ocrx_word' id='word_1_33' title='bbox 1773 643 1868 697; x_wconf 85' lang='lat' dir='ltr'><strong>Ju-</strong></span> 
     </span>
    </p>
   </div>
   <div class='ocr_carea' id='block_1_8' title="bbox 351 734 1870 814">
    <p class='ocr_par' dir='ltr' id='par_1_8' title="bbox 351 734 1870 814">
     <span class='ocr_line' id='line_1_8' title="bbox 351 734 1870 814; baseline -0.015 -6"><span class='ocrx_word' id='word_1_34' title='bbox 351 755 544 814; x_wconf 62' lang='lat' dir='ltr'><strong>daeum,</strong></span> <span class='ocrx_word' id='word_1_35' title='bbox 566 759 852 814; x_wconf 87' lang='lat' dir='ltr'><strong>verumque</strong></span> <span class='ocrx_word' id='word_1_36' title='bbox 875 741 1038 795; x_wconf 84' lang='lat' dir='ltr'><strong>Israel</strong></span> <span class='ocrx_word' id='word_1_37' title='bbox 1066 745 1400 799; x_wconf 88' lang='lat' dir='ltr'><strong>conservent,</strong></span> <span class='ocrx_word' id='word_1_38' title='bbox 1425 751 1545 790; x_wconf 90' lang='lat' dir='ltr'><strong>eum</strong></span> <span class='ocrx_word' id='word_1_39' title='bbox 1569 735 1752 803; x_wconf 79' lang='lat' dir='ltr'><strong>utique</strong></span> <span class='ocrx_word' id='word_1_40' title='bbox 1779 734 1870 802; x_wconf 91' lang='lat' dir='ltr'><strong>qui</strong></span> 
     </span>
    </p>
   </div>
   <div class='ocr_carea' id='block_1_9' title="bbox 352 823 1871 899">
    <p class='ocr_par' dir='ltr' id='par_1_9' title="bbox 352 823 1871 899">
     <span class='ocr_line' id='line_1_9' title="bbox 352 823 1871 899; baseline -0.016 -1"><span class='ocrx_word' id='word_1_41' title='bbox 352 841 643 899; x_wconf 87' lang='lat' dir='ltr'><strong>secundum</strong></span> <span class='ocrx_word' id='word_1_42' title='bbox 695 832 1002 890; x_wconf 86' lang='lat' dir='ltr'><strong>sententiam</strong></span> <span class='ocrx_word' id='word_1_43' title='bbox 1059 829 1224 882; x_wconf 87' lang='lat' dir='ltr'><strong>Deum</strong></span> <span class='ocrx_word' id='word_1_44' title='bbox 1271 825 1469 880; x_wconf 91' lang='lat' dir='ltr'><strong>videat.</strong></span> <span class='ocrx_word' id='word_1_45' title='bbox 1506 844 1524 875; x_wconf 77' lang='grc' dir='ltr'><strong>ι</strong></span> <span class='ocrx_word' id='word_1_46' title='bbox 1567 823 1685 878; x_wconf 82' lang='grc' dir='ltr'>Νοιι</span> <span class='ocrx_word' id='word_1_47' title='bbox 1731 823 1871 876; x_wconf 90' lang='lat' dir='ltr'><strong>enim</strong></span> 
     </span>
    </p>
   </div>
   <div class='ocr_carea' id='block_1_10' title="bbox 349 916 1873 1003">
    <p class='ocr_par' dir='ltr' id='par_1_10' title="bbox 349 916 1873 1003">
     <span class='ocr_line' id='line_1_10' title="bbox 349 916 1873 1003; baseline -0.014 -15"><span class='ocrx_word' id='word_1_48' title='bbox 349 933 442 1003; x_wconf 84' lang='lat' dir='ltr'><strong>qui</strong></span> <span class='ocrx_word' id='word_1_49' title='bbox 475 933 528 985; x_wconf 93' lang='lat' dir='ltr'><strong>in</strong></span> <span class='ocrx_word' id='word_1_50' title='bbox 557 937 736 997; x_wconf 87' lang='lat' dir='ltr'><strong>aperto</strong></span> <span class='ocrx_word' id='word_1_51' title='bbox 767 921 983 976; x_wconf 62' lang='lat' dir='ltr'><strong>Iudaeus</strong></span> <span class='ocrx_word' id='word_1_52' title='bbox 1018 929 1119 981; x_wconf 90' lang='lat' dir='ltr'><strong>est,</strong></span> <span class='ocrx_word' id='word_1_53' title='bbox 1159 917 1331 986; x_wconf 82' lang='lat' dir='ltr'><strong>inquit</strong></span> <span class='ocrx_word' id='word_1_54' title='bbox 1365 916 1674 986; x_wconf 80' lang='lat' dir='ltr'><strong>Apostolus,</strong></span> <span class='ocrx_word' id='word_1_55' title='bbox 1700 928 1873 982; x_wconf 91' lang='lat' dir='ltr'><strong>neque</strong></span> 
     </span>
    </p>
   </div>
   <div class='ocr_carea' id='block_1_11' title="bbox 355 1002 1873 1091">
    <p class='ocr_par' dir='ltr' id='par_1_11' title="bbox 355 1002 1873 1091">
     <span class='ocr_line' id='line_1_11' title="bbox 355 1002 1873 1091; baseline -0.014 -17"><span class='ocrx_word' id='word_1_56' title='bbox 355 1002 474 1091; x_wconf 70' lang='lat' dir='ltr'><strong>qua:</strong></span> <span class='ocrx_word' id='word_1_57' title='bbox 500 1020 551 1070; x_wconf 92' lang='lat' dir='ltr'><strong>in</strong></span> <span class='ocrx_word' id='word_1_58' title='bbox 582 1020 764 1082; x_wconf 85' lang='lat' dir='ltr'><strong>aperto</strong></span> <span class='ocrx_word' id='word_1_59' title='bbox 797 1012 850 1063; x_wconf 92' lang='lat' dir='ltr'><strong>in</strong></span> <span class='ocrx_word' id='word_1_60' title='bbox 882 1023 1045 1062; x_wconf 88' lang='lat' dir='ltr'><strong>carne</strong></span> <span class='ocrx_word' id='word_1_61' title='bbox 1070 1014 1153 1060; x_wconf 90' lang='lat' dir='ltr'><strong>est</strong></span> <span class='ocrx_word' id='word_1_62' title='bbox 1183 1005 1540 1067; x_wconf 88' lang='lat' dir='ltr'><strong>circumcisio,</strong></span> <span class='ocrx_word' id='word_1_63' title='bbox 1579 1003 1670 1058; x_wconf 91' lang='lat' dir='ltr'><strong>sed</strong></span> <span class='ocrx_word' id='word_1_64' title='bbox 1700 1003 1788 1071; x_wconf 94' lang='lat' dir='ltr'><strong>qui</strong></span> <span class='ocrx_word' id='word_1_65' title='bbox 1818 1002 1873 1054; x_wconf 90' lang='lat' dir='ltr'><strong>in</strong></span> 
     </span>
    </p>
   </div>
   <div class='ocr_carea' id='block_1_12' title="bbox 352 1093 1870 1164">
    <p class='ocr_par' dir='ltr' id='par_1_12' title="bbox 352 1093 1870 1164">
     <span class='ocr_line' id='line_1_12' title="bbox 352 1093 1870 1164; baseline -0.014 1"><span class='ocrx_word' id='word_1_66' title='bbox 352 1109 558 1164; x_wconf 85' lang='lat' dir='ltr'><strong>occulto</strong></span> <span class='ocrx_word' id='word_1_67' title='bbox 577 1103 809 1160; x_wconf 69' lang='lat' dir='ltr'><strong>Iudaeus.</strong></span> <span class='ocrx_word' id='word_1_68' title='bbox 837 1108 891 1154; x_wconf 89' lang='lat' dir='ltr'><strong>et</strong></span> <span class='ocrx_word' id='word_1_69' title='bbox 918 1097 1257 1152; x_wconf 81' lang='lat' dir='ltr'><strong>circumcisio</strong></span> <span class='ocrx_word' id='word_1_70' title='bbox 1280 1093 1456 1149; x_wconf 82' lang='lat' dir='ltr'><strong>cordis</strong></span> <span class='ocrx_word' id='word_1_71' title='bbox 1477 1093 1530 1147; x_wconf 95' lang='lat' dir='ltr'><strong>in</strong></span> <span class='ocrx_word' id='word_1_72' title='bbox 1548 1093 1870 1162; x_wconf 85' lang='lat' dir='ltr'><strong>spiritu,non</strong></span> 
     </span>
    </p>
   </div>
   <div class='ocr_carea' id='block_1_13' title="bbox 352 1183 1874 1261">
    <p class='ocr_par' dir='ltr' id='par_1_13' title="bbox 352 1183 1874 1261">
     <span class='ocr_line' id='line_1_13' title="bbox 352 1183 1874 1261; baseline -0.012 -10"><span class='ocrx_word' id='word_1_73' title='bbox 352 1201 403 1252; x_wconf 92' lang='lat' dir='ltr'><strong>in</strong></span> <span class='ocrx_word' id='word_1_74' title='bbox 429 1199 620 1256; x_wconf 89' lang='lat' dir='ltr'><strong>littera,</strong></span> <span class='ocrx_word' id='word_1_75' title='bbox 651 1193 804 1261; x_wconf 79' lang='lat' dir='ltr'><strong>cujus</strong></span> <span class='ocrx_word' id='word_1_76' title='bbox 829 1191 946 1243; x_wconf 88' lang='lat' dir='ltr'><strong>laus</strong></span> <span class='ocrx_word' id='word_1_77' title='bbox 974 1203 1078 1241; x_wconf 92' lang='lat' dir='ltr'><strong>non</strong></span> <span class='ocrx_word' id='word_1_78' title='bbox 1094 1202 1156 1241; x_wconf 71' lang='lat' dir='ltr'><strong>ex</strong></span> <span class='ocrx_word' id='word_1_79' title='bbox 1188 1183 1516 1247; x_wconf 87' lang='lat' dir='ltr'><strong>hominibus,</strong></span> <span class='ocrx_word' id='word_1_80' title='bbox 1552 1184 1643 1236; x_wconf 86' lang='lat' dir='ltr'><strong>sed</strong></span> <span class='ocrx_word' id='word_1_81' title='bbox 1669 1197 1734 1236; x_wconf 80' lang='lat' dir='ltr'><strong>ex</strong></span> <span class='ocrx_word' id='word_1_82' title='bbox 1768 1183 1874 1235; x_wconf 91' lang='lat' dir='ltr'><strong>Deo</strong></span> 
     </span>
    </p>
   </div>
   <div class='ocr_carea' id='block_1_14' title="bbox 349 1270 1870 1350">
    <p class='ocr_par' dir='ltr' id='par_1_14' title="bbox 349 1270 1870 1350">
     <span class='ocr_line' id='line_1_14' title="bbox 349 1270 1870 1350; baseline -0.014 -7"><span class='ocrx_word' id='word_1_83' title='bbox 349 1295 430 1344; x_wconf 82' lang='lat' dir='ltr'><strong>est</strong></span> <span class='ocrx_word' id='word_1_84' title='bbox 452 1287 514 1348; x_wconf 78' lang='grc'>¹⁸,</span> <span class='ocrx_word' id='word_1_85' title='bbox 556 1304 574 1336; x_wconf 74' lang='grc' dir='ltr'><strong>ι</strong></span> <span class='ocrx_word' id='word_1_86' title='bbox 605 1283 712 1336; x_wconf 87' lang='lat' dir='ltr'><strong>llos</strong></span> <span class='ocrx_word' id='word_1_87' title='bbox 741 1280 906 1350; x_wconf 77' lang='lat' dir='ltr'><strong>igitur</strong></span> <span class='ocrx_word' id='word_1_88' title='bbox 932 1294 996 1332; x_wconf 79' lang='lat' dir='ltr'><strong>ex</strong></span> <span class='ocrx_word' id='word_1_89' title='bbox 1016 1275 1212 1330; x_wconf 85' lang='lat' dir='ltr'><strong>Christi</strong></span> <span class='ocrx_word' id='word_1_90' title='bbox 1255 1274 1530 1328; x_wconf 83' lang='lat' dir='ltr'><strong>vocatione</strong></span> <span class='ocrx_word' id='word_1_91' title='bbox 1557 1271 1798 1325; x_wconf 74' lang='lat' dir='ltr'><strong>Judzeum</strong></span> <span class='ocrx_word' id='word_1_92' title='bbox 1817 1270 1870 1322; x_wconf 88' lang='lat' dir='ltr'><strong>in</strong></span> 
     </span>
    </p>
   </div>
   <div class='ocr_carea' id='block_1_15' title="bbox 349 1361 1875 1428">
    <p class='ocr_par' dir='ltr' id='par_1_15' title="bbox 349 1361 1875 1428">
     <span class='ocr_line' id='line_1_15' title="bbox 349 1361 1875 1428; baseline -0.01 0"><span class='ocrx_word' id='word_1_93' title='bbox 349 1374 556 1428; x_wconf 86' lang='lat' dir='ltr'><strong>occulto</strong></span> <span class='ocrx_word' id='word_1_94' title='bbox 586 1381 635 1426; x_wconf 91' lang='lat' dir='ltr'><strong>et</strong></span> <span class='ocrx_word' id='word_1_95' title='bbox 666 1383 846 1423; x_wconf 87' lang='lat' dir='ltr'><strong>verum</strong></span> <span class='ocrx_word' id='word_1_96' title='bbox 867 1366 1028 1421; x_wconf 85' lang='lat' dir='ltr'><strong>lsrael</strong></span> <span class='ocrx_word' id='word_1_97' title='bbox 1057 1365 1346 1418; x_wconf 72' lang='lat' dir='ltr'><strong>referentes</strong></span> <span class='ocrx_word' id='word_1_98' title='bbox 1374 1362 1480 1415; x_wconf 89' lang='lat' dir='ltr'><strong>alio</strong></span> <span class='ocrx_word' id='word_1_99' title='bbox 1510 1361 1727 1415; x_wconf 86' lang='lat' dir='ltr'><strong>nomine</strong></span> <span class='ocrx_word' id='word_1_100' title='bbox 1754 1374 1875 1414; x_wconf 85' lang='lat' dir='ltr'><strong>esse</strong></span> 
     </span>
    </p>
   </div>
   <div class='ocr_carea' id='block_1_16' title="bbox 349 1449 1874 1523">
    <p class='ocr_par' dir='ltr' id='par_1_16' title="bbox 349 1449 1874 1523">
     <span class='ocr_line' id='line_1_16' title="bbox 349 1449 1874 1523; baseline -0.008 -9"><span class='ocrx_word' id='word_1_101' title='bbox 349 1462 617 1517; x_wconf 85' lang='lat' dir='ltr'><strong>vocandos</strong></span> <span class='ocrx_word' id='word_1_102' title='bbox 639 1459 791 1520; x_wconf 88' lang='lat' dir='ltr'><strong>dicit,</strong></span> <span class='ocrx_word' id='word_1_103' title='bbox 821 1471 928 1510; x_wconf 89' lang='lat' dir='ltr'><strong>non</strong></span> <span class='ocrx_word' id='word_1_104' title='bbox 969 1454 1150 1523; x_wconf 86' lang='lat' dir='ltr'><strong>utique</strong></span> <span class='ocrx_word' id='word_1_105' title='bbox 1191 1453 1400 1507; x_wconf 69' lang='lat' dir='ltr'><strong>Judaaos</strong></span> <span class='ocrx_word' id='word_1_106' title='bbox 1430 1459 1520 1504; x_wconf 89' lang='lat' dir='ltr'><strong>aut</strong></span> <span class='ocrx_word' id='word_1_107' title='bbox 1561 1450 1745 1512; x_wconf 85' lang='lat' dir='ltr'><strong>Israel,</strong></span> <span class='ocrx_word' id='word_1_108' title='bbox 1781 1449 1874 1503; x_wconf 91' lang='lat' dir='ltr'><strong>sed</strong></span> 
     </span>
    </p>
   </div>
   <div class='ocr_carea' id='block_1_17' title="bbox 349 1538 1876 1620">
    <p class='ocr_par' dir='ltr' id='par_1_17' title="bbox 349 1538 1876 1620">
     <span class='ocr_line' id='line_1_17' title="bbox 349 1538 1876 1620; baseline -0.01 -14"><span class='ocrx_word' id='word_1_109' title='bbox 349 1566 487 1605; x_wconf 88' lang='lat' dir='ltr'><strong>novo</strong></span> <span class='ocrx_word' id='word_1_110' title='bbox 532 1550 759 1620; x_wconf 77' lang='lat' dir='ltr'><strong>quodam</strong></span> <span class='ocrx_word' id='word_1_111' title='bbox 802 1557 991 1616; x_wconf 63' lang='lat' dir='ltr'><strong>praeter</strong></span> <span class='ocrx_word' id='word_1_112' title='bbox 1048 1546 1178 1598; x_wconf 68' lang='lat' dir='ltr'><strong>haec.</strong></span> <span class='ocrx_word' id='word_1_113' title='bbox 1217 1541 1376 1612; x_wconf 80' lang='lat'><strong>359</strong></span> <span class='ocrx_word' id='word_1_114' title='bbox 1411 1539 1522 1592; x_wconf 85' lang='lat' dir='ltr'><strong>Hoc</strong></span> <span class='ocrx_word' id='word_1_115' title='bbox 1563 1538 1739 1600; x_wconf 79' lang='lat' dir='ltr'><strong>enim.</strong></span> <span class='ocrx_word' id='word_1_116' title='bbox 1793 1538 1876 1591; x_wconf 89' lang='lat' dir='ltr'><strong>in-</strong></span> 
     </span>
    </p>
   </div>
   <div class='ocr_carea' id='block_1_18' title="bbox 349 1627 1872 1710">
    <p class='ocr_par' dir='ltr' id='par_1_18' title="bbox 349 1627 1872 1710">
     <span class='ocr_line' id='line_1_18' title="bbox 349 1627 1872 1710; baseline -0.011 -15"><span class='ocrx_word' id='word_1_117' title='bbox 349 1642 483 1710; x_wconf 87' lang='lat' dir='ltr'><strong>quit.</strong></span> <span class='ocrx_word' id='word_1_118' title='bbox 515 1655 726 1701; x_wconf 89' lang='lat' dir='ltr'><strong>nomen,</strong></span> <span class='ocrx_word' id='word_1_119' title='bbox 769 1653 876 1706; x_wconf 89' lang='lat' dir='ltr'><strong>quo</strong></span> <span class='ocrx_word' id='word_1_120' title='bbox 903 1633 1113 1689; x_wconf 87' lang='lat' dir='ltr'><strong>vocabit</strong></span> <span class='ocrx_word' id='word_1_121' title='bbox 1141 1647 1233 1686; x_wconf 93' lang='lat' dir='ltr'><strong>eos</strong></span> <span class='ocrx_word' id='word_1_122' title='bbox 1270 1629 1527 1683; x_wconf 87' lang='lat' dir='ltr'><strong>Dominus</strong></span> <span class='ocrx_word' id='word_1_123' title='bbox 1553 1627 1872 1689; x_wconf 82' lang='lat' dir='ltr'><strong>Josedecim,</strong></span> 
     </span>
    </p>
   </div>
   <div class='ocr_carea' id='block_1_19' title="bbox 350 1714 1872 1800">
    <p class='ocr_par' dir='ltr' id='par_1_19' title="bbox 350 1714 1872 1800">
     <span class='ocr_line' id='line_1_19' title="bbox 350 1714 1872 1800; baseline -0.01 -16"><span class='ocrx_word' id='word_1_124' title='bbox 350 1731 490 1800; x_wconf 89' lang='lat' dir='ltr'><strong>quod</strong></span> <span class='ocrx_word' id='word_1_125' title='bbox 540 1745 604 1783; x_wconf 83' lang='lat' dir='ltr'><strong>ex</strong></span> <span class='ocrx_word' id='word_1_126' title='bbox 643 1726 1075 1796; x_wconf 90' lang='lat' dir='ltr'><strong>interpretatione</strong></span> <span class='ocrx_word' id='word_1_127' title='bbox 1125 1729 1252 1782; x_wconf 89' lang='lat' dir='ltr'><strong>est,</strong></span> <span class='ocrx_word' id='word_1_128' title='bbox 1299 1719 1386 1788; x_wconf 88' lang='lat' dir='ltr'><strong>qui</strong></span> <span class='ocrx_word' id='word_1_129' title='bbox 1423 1717 1555 1785; x_wconf 81' lang='lat' dir='ltr'><strong>justi</strong></span> <span class='ocrx_word' id='word_1_130' title='bbox 1595 1726 1713 1769; x_wconf 83' lang='lat' dir='ltr'><strong>sunt</strong></span> <span class='ocrx_word' id='word_1_131' title='bbox 1758 1714 1872 1769; x_wconf 83' lang='lat' dir='ltr'><strong>Dei.</strong></span> 
     </span>
    </p>
   </div>
   <div class='ocr_carea' id='block_1_20' title="bbox 348 1807 1874 1875">
    <p class='ocr_par' dir='ltr' id='par_1_20' title="bbox 348 1807 1874 1875">
     <span class='ocr_line' id='line_1_20' title="bbox 348 1807 1874 1875; baseline -0.01 -1"><span class='ocrx_word' id='word_1_132' title='bbox 348 1820 638 1875; x_wconf 81' lang='lat' dir='ltr'><strong>Considera</strong></span> <span class='ocrx_word' id='word_1_133' title='bbox 685 1825 866 1871; x_wconf 89' lang='lat' dir='ltr'><strong>autem</strong></span> <span class='ocrx_word' id='word_1_134' title='bbox 923 1830 1050 1869; x_wconf 93' lang='lat' dir='ltr'><strong>num</strong></span> <span class='ocrx_word' id='word_1_135' title='bbox 1108 1813 1330 1866; x_wconf 78' lang='lat' dir='ltr'><strong>forsitan</strong></span> <span class='ocrx_word' id='word_1_136' title='bbox 1377 1825 1408 1862; x_wconf 87' lang='lat' dir='ltr'><strong>a</strong></span> <span class='ocrx_word' id='word_1_137' title='bbox 1458 1808 1621 1863; x_wconf 84' lang='lat' dir='ltr'><strong>Josue</strong></span> <span class='ocrx_word' id='word_1_138' title='bbox 1678 1807 1874 1860; x_wconf 79' lang='lat' dir='ltr'><strong>factum</strong></span> 
     </span>
    </p>
   </div>
   <div class='ocr_carea' id='block_1_21' title="bbox 1970 617 3599 705">
    <p class='ocr_par' dir='ltr' id='par_1_21' title="bbox 1970 617 3599 705">
     <span class='ocr_line' id='line_1_21' title="bbox 1970 617 3599 705; baseline -0.015 -13"><span class='ocrx_word' id='word_1_139' title='bbox 1970 641 2061 693; x_wconf 77' lang='grc' dir='ltr'>καὶ</span> <span class='ocrx_word' id='word_1_140' title='bbox 2095 617 2488 705; x_wconf 60' lang='grc' dir='ltr'>εύαγγελισταὶ,</span> <span class='ocrx_word' id='word_1_141' title='bbox 2521 631 2554 700; x_wconf 86' lang='grc' dir='ltr'>ἢ</span> <span class='ocrx_word' id='word_1_142' title='bbox 2583 631 2676 683; x_wconf 76' lang='grc' dir='ltr'><strong>καὶ</strong></span> <span class='ocrx_word' id='word_1_143' title='bbox 2715 627 2927 687; x_wconf 84' lang='grc' dir='ltr'>πάντες</span> <span class='ocrx_word' id='word_1_144' title='bbox 2977 622 3029 674; x_wconf 73' lang='grc' dir='ltr'>οἱ</span> <span class='ocrx_word' id='word_1_145' title='bbox 3081 617 3178 672; x_wconf 79' lang='grc' dir='ltr'>τὸν</span> <span class='ocrx_word' id='word_1_146' title='bbox 3295 630 3362 680; x_wconf 72' lang='grc' dir='ltr'><strong>έν</strong></span> <span class='ocrx_word' id='word_1_147' title='bbox 3398 630 3599 702; x_wconf 66' lang='grc' dir='ltr'>κρυπτῷ</span> 
     </span>
    </p>
   </div>
   <div class='ocr_carea' id='block_1_22' title="bbox 1982 709 3595 788">
    <p class='ocr_par' dir='ltr' id='par_1_22' title="bbox 1982 709 3595 788">
     <span class='ocr_line' id='line_1_22' title="bbox 1982 709 3595 788; baseline -0.014 -7"><span class='ocrx_word' id='word_1_148' title='bbox 1982 729 2224 781; x_wconf 81' lang='grc' dir='ltr'>Ἰουδαῖον</span> <span class='ocrx_word' id='word_1_149' title='bbox 2249 725 2344 779; x_wconf 81' lang='lat' dir='ltr'><strong>xui</strong></span> <span class='ocrx_word' id='word_1_150' title='bbox 2372 723 2466 775; x_wconf 85' lang='grc' dir='ltr'><strong>τὸν</strong></span> <span class='ocrx_word' id='word_1_151' title='bbox 2486 718 2736 788; x_wconf 80' lang='grc' dir='ltr'>ἀληθινὸν</span> <span class='ocrx_word' id='word_1_152' title='bbox 2766 712 2998 785; x_wconf 83' lang='grc' dir='ltr'>Ἰσραὴλ</span> <span class='ocrx_word' id='word_1_153' title='bbox 3027 709 3122 762; x_wconf 79' lang='grc' dir='ltr'>τὸν</span> <span class='ocrx_word' id='word_1_154' title='bbox 3147 718 3358 770; x_wconf 58' lang='grc' dir='ltr'><strong>κιτά</strong></span> <span class='ocrx_word' id='word_1_155' title='bbox 3381 718 3595 776; x_wconf 63' lang='grc' dir='ltr'><strong>διάνοιαν</strong></span> 
     </span>
    </p>
   </div>
   <div class='ocr_carea' id='block_1_23' title="bbox 1969 801 3590 893">
    <p class='ocr_par' dir='ltr' id='par_1_23' title="bbox 1969 801 3590 893">
     <span class='ocr_line' id='line_1_23' title="bbox 1969 801 3590 893; baseline -0.018 -19"><span class='ocrx_word' id='word_1_156' title='bbox 1969 821 2172 893; x_wconf 83' lang='grc' dir='ltr'>ὁρῶντα</span> <span class='ocrx_word' id='word_1_157' title='bbox 2215 817 2346 870; x_wconf 87' lang='grc' dir='ltr'>Θεὸν</span> <span class='ocrx_word' id='word_1_158' title='bbox 2388 809 2785 872; x_wconf 79' lang='grc' dir='ltr'>ἀποσώζοντες.</span> <span class='ocrx_word' id='word_1_159' title='bbox 2828 825 2848 857; x_wconf 80' lang='grc' dir='ltr'><strong>ι</strong></span> <span class='ocrx_word' id='word_1_160' title='bbox 2878 801 3110 893; x_wconf 77' lang='grc' dir='ltr'>Ούγὰρ</span> <span class='ocrx_word' id='word_1_161' title='bbox 3152 802 3182 852; x_wconf 99' lang='lat'><strong>6</strong></span> <span class='ocrx_word' id='word_1_162' title='bbox 3289 810 3351 860; x_wconf 76' lang='grc' dir='ltr'><strong>έν</strong></span> <span class='ocrx_word' id='word_1_163' title='bbox 3399 808 3590 880; x_wconf 68' lang='grc' dir='ltr'>φανερῷ</span> 
     </span>
    </p>
   </div>
   <div class='ocr_carea' id='block_1_24' title="bbox 1981 892 3588 971">
    <p class='ocr_par' dir='ltr' id='par_1_24' title="bbox 1981 892 3588 971">
     <span class='ocr_line' id='line_1_24' title="bbox 1981 892 3588 971; baseline -0.017 -7"><span class='ocrx_word' id='word_1_164' title='bbox 1981 892 2220 970; x_wconf 81' lang='grc' dir='ltr'>Ἰουδαῖός</span> <span class='ocrx_word' id='word_1_165' title='bbox 2251 910 2364 959; x_wconf 82' lang='grc' dir='ltr'>ἐστι</span> <span class='ocrx_word' id='word_1_166' title='bbox 2383 944 2397 967; x_wconf 96' lang='grc'><strong>,</strong></span> <span class='ocrx_word' id='word_1_167' title='bbox 2430 923 2449 954; x_wconf 87' lang='grc'><strong>›</strong></span> <span class='ocrx_word' id='word_1_168' title='bbox 2482 900 2647 970; x_wconf 68' lang='grc' dir='ltr'>φησιν</span> <span class='ocrx_word' id='word_1_169' title='bbox 2671 900 2702 951; x_wconf 93' lang='lat'><strong>6</strong></span> <span class='ocrx_word' id='word_1_170' title='bbox 2736 892 3099 953; x_wconf 81' lang='grc' dir='ltr'>Ἀπόστολος,</span> <span class='ocrx_word' id='word_1_171' title='bbox 3134 908 3153 941; x_wconf 79' lang='grc' dir='ltr'><strong>ι</strong></span> <span class='ocrx_word' id='word_1_172' title='bbox 3181 897 3359 950; x_wconf 58' lang='grc' dir='ltr'><strong>οῦδὲ</strong></span> <span class='ocrx_word' id='word_1_173' title='bbox 3384 896 3416 963; x_wconf 68' lang='grc' dir='ltr'><em>ἡ</em></span> <span class='ocrx_word' id='word_1_174' title='bbox 3442 901 3496 951; x_wconf 70' lang='grc' dir='ltr'>ιν</span> <span class='ocrx_word' id='word_1_175' title='bbox 3523 903 3588 971; x_wconf 69' lang='grc' dir='ltr'>τῷ</span> 
     </span>
    </p>
   </div>
   <div class='ocr_carea' id='block_1_25' title="bbox 1973 981 3586 1070">
    <p class='ocr_par' dir='ltr' id='par_1_25' title="bbox 1973 981 3586 1070">
     <span class='ocr_line' id='line_1_25' title="bbox 1973 981 3586 1070; baseline -0.012 -17"><span class='ocrx_word' id='word_1_176' title='bbox 1973 998 2180 1070; x_wconf 80' lang='grc' dir='ltr'>φανερῷ</span> <span class='ocrx_word' id='word_1_177' title='bbox 2209 1001 2265 1049; x_wconf 83' lang='grc' dir='ltr'>ὲν</span> <span class='ocrx_word' id='word_1_178' title='bbox 2300 994 2463 1064; x_wconf 72' lang='grc' dir='ltr'>σαρκὶ</span> <span class='ocrx_word' id='word_1_179' title='bbox 2511 987 2790 1060; x_wconf 87' lang='grc' dir='ltr'>περιτομὴ</span> <span class='ocrx_word' id='word_1_180' title='bbox 2813 1027 2831 1051; x_wconf 92' lang='grc'><strong>,</strong></span> <span class='ocrx_word' id='word_1_181' title='bbox 2879 983 2998 1036; x_wconf 81' lang='grc' dir='ltr'>ἀλλ’</span> <span class='ocrx_word' id='word_1_182' title='bbox 3030 983 3059 1034; x_wconf 93' lang='lat'><strong>6</strong></span> <span class='ocrx_word' id='word_1_183' title='bbox 3109 981 3168 1033; x_wconf 79' lang='grc' dir='ltr'>ὲν</span> <span class='ocrx_word' id='word_1_184' title='bbox 3203 986 3340 1052; x_wconf 67' lang='grc' dir='ltr'><strong>’τῷ</strong></span> <span class='ocrx_word' id='word_1_185' title='bbox 3383 989 3586 1054; x_wconf 80' lang='grc' dir='ltr'><strong>κρυπτῷ</strong></span> 
     </span>
    </p>
   </div>
   <div class='ocr_carea' id='block_1_26' title="bbox 1984 1071 3578 1152">
    <p class='ocr_par' dir='ltr' id='par_1_26' title="bbox 1984 1071 3578 1152">
     <span class='ocr_line' id='line_1_26' title="bbox 1984 1071 3578 1152; baseline -0.014 -9"><span class='ocrx_word' id='word_1_186' title='bbox 1984 1089 2259 1151; x_wconf 86' lang='grc' dir='ltr'>Ἰουδαῖος,</span> <span class='ocrx_word' id='word_1_187' title='bbox 2300 1085 2394 1138; x_wconf 88' lang='lat' dir='ltr'><strong>xui.</strong></span> <span class='ocrx_word' id='word_1_188' title='bbox 2441 1078 2719 1152; x_wconf 82' lang='grc' dir='ltr'>περιτομὴ</span> <span class='ocrx_word' id='word_1_189' title='bbox 2752 1073 2987 1145; x_wconf 83' lang='grc' dir='ltr'><strong>καρδίας</strong></span> <span class='ocrx_word' id='word_1_190' title='bbox 3030 1071 3090 1122; x_wconf 80' lang='grc' dir='ltr'>ἐν</span> <span class='ocrx_word' id='word_1_191' title='bbox 3139 1071 3480 1139; x_wconf 66' lang='grc' dir='ltr'>πνεύματι,</span> <span class='ocrx_word' id='word_1_192' title='bbox 3526 1077 3578 1129; x_wconf 76' lang='grc' dir='ltr'>οὐ</span> 
     </span>
    </p>
   </div>
   <div class='ocr_carea' id='block_1_27' title="bbox 1973 1159 3587 1252">
    <p class='ocr_par' dir='ltr' id='par_1_27' title="bbox 1973 1159 3587 1252">
     <span class='ocr_line' id='line_1_27' title="bbox 1973 1159 3587 1252; baseline -0.007 -22"><span class='ocrx_word' id='word_1_193' title='bbox 1973 1180 2251 1252; x_wconf 79' lang='grc' dir='ltr'><strong>γράμματι</strong></span> <span class='ocrx_word' id='word_1_194' title='bbox 2273 1216 2288 1240; x_wconf 94' lang='grc'><strong>,</strong></span> <span class='ocrx_word' id='word_1_195' title='bbox 2323 1171 2384 1228; x_wconf 72' lang='grc' dir='ltr'><strong>οἶ)</strong></span> <span class='ocrx_word' id='word_1_196' title='bbox 2414 1174 2444 1224; x_wconf 89' lang='grc' dir='ltr'>ὁ</span> <span class='ocrx_word' id='word_1_197' title='bbox 2467 1173 2693 1230; x_wconf 75' lang='grc' dir='ltr'>ἔπαινος</span> <span class='ocrx_word' id='word_1_198' title='bbox 2731 1167 2838 1219; x_wconf 85' lang='grc' dir='ltr'><strong>οὐκ</strong></span> <span class='ocrx_word' id='word_1_199' title='bbox 2865 1162 2928 1227; x_wconf 78' lang='grc' dir='ltr'>ἐξ</span> <span class='ocrx_word' id='word_1_200' title='bbox 2953 1159 3304 1230; x_wconf 65' lang='grc' dir='ltr'>ἀνθρώπιον</span> <span class='ocrx_word' id='word_1_201' title='bbox 3323 1199 3339 1222; x_wconf 93' lang='grc'><strong>,</strong></span> <span class='ocrx_word' id='word_1_202' title='bbox 3373 1161 3506 1216; x_wconf 79' lang='grc' dir='ltr'>ἀλλὰ</span> <span class='ocrx_word' id='word_1_203' title='bbox 3533 1167 3587 1218; x_wconf 55' lang='lat' dir='ltr'><strong>ex</strong></span> 
     </span>
    </p>
   </div>
   <div class='ocr_carea' id='block_1_28' title="bbox 1973 1249 3587 1323">
    <p class='ocr_par' dir='ltr' id='par_1_28' title="bbox 1973 1249 3587 1323">
     <span class='ocr_line' id='line_1_28' title="bbox 1973 1249 3587 1323; baseline -0.018 0"><span class='ocrx_word' id='word_1_204' title='bbox 1973 1249 2065 1322; x_wconf 82' lang='grc' dir='ltr'>τοῦ</span> <span class='ocrx_word' id='word_1_205' title='bbox 2088 1249 2249 1320; x_wconf 14' lang='grc' dir='ltr'>ίΘεοῦ.</span> <span class='ocrx_word' id='word_1_206' title='bbox 2285 1284 2304 1315; x_wconf 75' lang='grc' dir='ltr'><strong>ι</strong></span> <span class='ocrx_word' id='word_1_207' title='bbox 2343 1263 2587 1323; x_wconf 76' lang='grc' dir='ltr'><strong>Τούτους·</strong></span> <span class='ocrx_word' id='word_1_208' title='bbox 2611 1256 2706 1312; x_wconf 80' lang='grc' dir='ltr'><strong>οὖν</strong></span> <span class='ocrx_word' id='word_1_209' title='bbox 2733 1255 2825 1308; x_wconf 80' lang='grc' dir='ltr'>διὰ</span> <span class='ocrx_word' id='word_1_210' title='bbox 2853 1254 2960 1322; x_wconf 80' lang='grc' dir='ltr'><strong>τῆς</strong></span> <span class='ocrx_word' id='word_1_211' title='bbox 3001 1250 3095 1304; x_wconf 79' lang='grc' dir='ltr'>τοῦ</span> <span class='ocrx_word' id='word_1_212' title='bbox 3136 1249 3427 1320; x_wconf 70' lang='grc' dir='ltr'>Χριστοῦ</span> <span class='ocrx_word' id='word_1_213' title='bbox 3475 1251 3587 1321; x_wconf 62' lang='grc' dir='ltr'>κλή.</span> 
     </span>
    </p>
   </div>
   <div class='ocr_carea' id='block_1_29' title="bbox 1977 1333 3596 1423">
    <p class='ocr_par' dir='ltr' id='par_1_29' title="bbox 1977 1333 3596 1423">
     <span class='ocr_line' id='line_1_29' title="bbox 1977 1333 3596 1423; baseline -0.012 -14"><span class='ocrx_word' id='word_1_214' title='bbox 1977 1373 2108 1418; x_wconf 85' lang='grc' dir='ltr'>σεως</span> <span class='ocrx_word' id='word_1_215' title='bbox 2132 1355 2221 1407; x_wconf 86' lang='grc' dir='ltr'><strong>τὸν</strong></span> <span class='ocrx_word' id='word_1_216' title='bbox 2243 1355 2300 1405; x_wconf 82' lang='grc' dir='ltr'><strong>ἐν</strong></span> <span class='ocrx_word' id='word_1_217' title='bbox 2318 1349 2549 1423; x_wconf 87' lang='grc' dir='ltr'>κρυπτῷ</span> <span class='ocrx_word' id='word_1_218' title='bbox 2577 1347 2838 1400; x_wconf 78' lang='grc' dir='ltr'><strong>Ἰουδαῖον</strong></span> <span class='ocrx_word' id='word_1_219' title='bbox 2866 1343 2964 1394; x_wconf 76' lang='grc' dir='ltr'><strong>καὶ</strong></span> <span class='ocrx_word' id='word_1_220' title='bbox 2987 1338 3081 1393; x_wconf 78' lang='grc' dir='ltr'><strong>τὸν</strong></span> <span class='ocrx_word' id='word_1_221' title='bbox 3103 1338 3212 1407; x_wconf 73' lang='grc' dir='ltr'>ἄλη</span> <span class='ocrx_word' id='word_1_222' title='bbox 3231 1333 3374 1398; x_wconf 61' lang='grc' dir='ltr'>θῶς</span> <span class='ocrx_word' id='word_1_223' title='bbox 3397 1337 3596 1411; x_wconf 71' lang='grc' dir='ltr'>Ἰσραὴλ</span> 
     </span>
    </p>
   </div>
   <div class='ocr_carea' id='block_1_30' title="bbox 1975 1431 3606 1518">
    <p class='ocr_par' dir='ltr' id='par_1_30' title="bbox 1975 1431 3606 1518">
     <span class='ocr_line' id='line_1_30' title="bbox 1975 1431 3606 1518; baseline -0.01 -18"><span class='ocrx_word' id='word_1_224' title='bbox 1975 1448 2228 1518; x_wconf 83' lang='grc' dir='ltr'>φέροντας</span> <span class='ocrx_word' id='word_1_225' title='bbox 2269 1443 2437 1513; x_wconf 81' lang='grc' dir='ltr'><strong>ἑτέρῳ</strong></span> <span class='ocrx_word' id='word_1_226' title='bbox 2466 1441 2598 1511; x_wconf 76' lang='grc' dir='ltr'>φησὶ</span> <span class='ocrx_word' id='word_1_227' title='bbox 2641 1435 3028 1507; x_wconf 80' lang='grc' dir='ltr'><strong>κληθήσεσθαι</strong></span> <span class='ocrx_word' id='word_1_228' title='bbox 3057 1431 3389 1518; x_wconf 63' lang='grc' dir='ltr'>ὀνόματι,</span> <span class='ocrx_word' id='word_1_229' title='bbox 3421 1433 3536 1503; x_wconf 72' lang='grc' dir='ltr'><strong>οὺχὶ</strong></span> <span class='ocrx_word' id='word_1_230' title='bbox 3560 1433 3606 1486; x_wconf 74' lang='grc' dir='ltr'>δι</span> 
     </span>
    </p>
   </div>
   <div class='ocr_carea' id='block_1_31' title="bbox 1974 1517 3616 1604">
    <p class='ocr_par' dir='ltr' id='par_1_31' title="bbox 1974 1517 3616 1604">
     <span class='ocr_line' id='line_1_31' title="bbox 1974 1517 3616 1604; baseline -0.009 -17"><span class='ocrx_word' id='word_1_231' title='bbox 1974 1517 2171 1604; x_wconf 84' lang='grc' dir='ltr'><strong>τῷτοῦ</strong></span> <span class='ocrx_word' id='word_1_232' title='bbox 2200 1532 2478 1593; x_wconf 81' lang='grc' dir='ltr'>Ἰουδαίου,</span> <span class='ocrx_word' id='word_1_233' title='bbox 2521 1527 2641 1581; x_wconf 78' lang='grc' dir='ltr'>οὐδὲ</span> <span class='ocrx_word' id='word_1_234' title='bbox 2673 1526 2758 1596; x_wconf 87' lang='grc' dir='ltr'><strong>τῷ</strong></span> <span class='ocrx_word' id='word_1_235' title='bbox 2789 1523 2889 1577; x_wconf 81' lang='grc' dir='ltr'>τοῦ</span> <span class='ocrx_word' id='word_1_236' title='bbox 2946 1519 3210 1594; x_wconf 76' lang='grc' dir='ltr'>Ἰσραὴλ,</span> <span class='ocrx_word' id='word_1_237' title='bbox 3314 1517 3458 1574; x_wconf 76' lang='grc' dir='ltr'>ἀλλὰ</span> <span class='ocrx_word' id='word_1_238' title='bbox 3501 1522 3616 1599; x_wconf 73' lang='grc' dir='ltr'><strong>ξένῳ</strong></span> 
     </span>
    </p>
   </div>
   <div class='ocr_carea' id='block_1_32' title="bbox 1973 1609 3621 1694">
    <p class='ocr_par' dir='ltr' id='par_1_32' title="bbox 1973 1609 3621 1694">
     <span class='ocr_line' id='line_1_32' title="bbox 1973 1609 3621 1694; baseline -0.013 -18"><span class='ocrx_word' id='word_1_239' title='bbox 1973 1624 2079 1676; x_wconf 74' lang='grc' dir='ltr'>τινὶ</span> <span class='ocrx_word' id='word_1_240' title='bbox 2106 1620 2254 1694; x_wconf 83' lang='grc' dir='ltr'>παρὰ</span> <span class='ocrx_word' id='word_1_241' title='bbox 2294 1619 2484 1673; x_wconf 83' lang='grc' dir='ltr'>ταῦτα.</span> <span class='ocrx_word' id='word_1_242' title='bbox 2513 1617 2691 1670; x_wconf 81' lang='grc' dir='ltr'>Τοῦτο</span> <span class='ocrx_word' id='word_1_243' title='bbox 2719 1616 2832 1686; x_wconf 77' lang='grc' dir='ltr'><strong>γάρ</strong></span> <span class='ocrx_word' id='word_1_244' title='bbox 2861 1629 3004 1682; x_wconf 84' lang='grc' dir='ltr'>φησι</span> <span class='ocrx_word' id='word_1_245' title='bbox 3033 1609 3099 1662; x_wconf 79' lang='grc' dir='ltr'><strong>τὸ</strong></span> <span class='ocrx_word' id='word_1_246' title='bbox 3130 1609 3395 1677; x_wconf 70' lang='grc' dir='ltr'>δνωνμα,</span> <span class='ocrx_word' id='word_1_247' title='bbox 3427 1610 3456 1663; x_wconf 75' lang='grc' dir='ltr'><strong>ὃ</strong></span> <span class='ocrx_word' id='word_1_248' title='bbox 3479 1614 3621 1669; x_wconf 70' lang='grc' dir='ltr'>καλέ-</span> 
     </span>
    </p>
   </div>
   <div class='ocr_carea' id='block_1_33' title="bbox 1977 1699 3631 1779">
    <p class='ocr_par' dir='ltr' id='par_1_33' title="bbox 1977 1699 3631 1779">
     <span class='ocr_line' id='line_1_33' title="bbox 1977 1699 3631 1779; baseline -0.002 -13"><span class='ocrx_word' id='word_1_249' title='bbox 1977 1731 2057 1766; x_wconf 89' lang='grc' dir='ltr'>σει</span> <span class='ocrx_word' id='word_1_250' title='bbox 2089 1713 2282 1774; x_wconf 77' lang='grc' dir='ltr'>αὐτοὺς</span> <span class='ocrx_word' id='word_1_251' title='bbox 2318 1709 2520 1779; x_wconf 84' lang='grc' dir='ltr'>Κύριος</span> <span class='ocrx_word' id='word_1_252' title='bbox 2557 1704 2915 1774; x_wconf 67' lang='grc' dir='ltr'>Ἰωσεδεκεὶμ</span> <span class='ocrx_word' id='word_1_253' title='bbox 2939 1742 2958 1768; x_wconf 93' lang='grc'><strong>,</strong></span> <span class='ocrx_word' id='word_1_254' title='bbox 2995 1701 3142 1770; x_wconf 82' lang='grc' dir='ltr'>ὅπερ</span> <span class='ocrx_word' id='word_1_255' title='bbox 3173 1699 3631 1779; x_wconf 63' lang='grc' dir='ltr'>ἑρμηνεύεται,</span> 
     </span>
    </p>
   </div>
   <div class='ocr_carea' id='block_1_34' title="bbox 1977 1791 3631 1881">
    <p class='ocr_par' dir='ltr' id='par_1_34' title="bbox 1977 1791 3631 1881">
     <span class='ocr_line' id='line_1_34' title="bbox 1977 1791 3631 1881; baseline 0.002 -24"><span class='ocrx_word' id='word_1_256' title='bbox 1977 1808 2028 1858; x_wconf 85' lang='grc' dir='ltr'>οὶ</span> <span class='ocrx_word' id='word_1_257' title='bbox 2054 1803 2156 1857; x_wconf 85' lang='grc' dir='ltr'>τοῦ</span> <span class='ocrx_word' id='word_1_258' title='bbox 2178 1802 2322 1855; x_wconf 85' lang='grc' dir='ltr'>Θεοῦ</span> <span class='ocrx_word' id='word_1_259' title='bbox 2349 1801 2559 1854; x_wconf 82' lang='grc' dir='ltr'>δίκαοι.</span> <span class='ocrx_word' id='word_1_260' title='bbox 2617 1796 2926 1865; x_wconf 84' lang='grc' dir='ltr'>Ἐφίστημι</span> <span class='ocrx_word' id='word_1_261' title='bbox 2961 1792 3023 1845; x_wconf 83' lang='grc' dir='ltr'>δὲ</span> <span class='ocrx_word' id='word_1_262' title='bbox 3049 1791 3382 1881; x_wconf 13' lang='grc' dir='ltr'>γμήῗπηοτε</span> <span class='ocrx_word' id='word_1_263' title='bbox 3417 1820 3631 1881; x_wconf 76' lang='grc' dir='ltr'>πεποιη-</span> 
     </span>
    </p>
   </div>
   <div class='ocr_carea' id='block_1_35' title="bbox 350 1879 1826 1970">
    <p class='ocr_par' dir='ltr' id='par_1_35' title="bbox 350 1897 1826 1969">
     <span class='ocr_line' id='line_1_35' title="bbox 350 1897 1826 1969; baseline -0.01 -7"><span class='ocrx_word' id='word_1_264' title='bbox 350 1909 421 1963; x_wconf 90' lang='lat' dir='ltr'><strong>sit</strong></span> <span class='ocrx_word' id='word_1_265' title='bbox 465 1921 679 1966; x_wconf 81' lang='lat' dir='ltr'><strong>nomen,</strong></span> <span class='ocrx_word' id='word_1_266' title='bbox 717 1913 769 1958; x_wconf 88' lang='lat' dir='ltr'><strong>et</strong></span> <span class='ocrx_word' id='word_1_267' title='bbox 789 1901 1084 1956; x_wconf 80' lang='lat' dir='ltr'><strong>Josedecim</strong></span> <span class='ocrx_word' id='word_1_268' title='bbox 1131 1899 1374 1969; x_wconf 89' lang='lat' dir='ltr'><strong>discipuli</strong></span> <span class='ocrx_word' id='word_1_269' title='bbox 1394 1897 1520 1953; x_wconf 85' lang='lat' dir='ltr'><strong>Jesu</strong></span> <span class='ocrx_word' id='word_1_270' title='bbox 1547 1897 1826 1966; x_wconf 62' lang='lat' dir='ltr'><strong>appellent!</strong></span> 
     </span>
    </p>
   </div>
   <div class='ocr_carea' id='block_1_36' title="bbox 2156 1879 3632 1970">
    <p class='ocr_par' dir='ltr' id='par_1_36' title="bbox 2173 1879 3632 1970">
     <span class='ocr_line' id='line_1_36' title="bbox 2173 1879 3632 1970; baseline 0.008 -27"><span class='ocrx_word' id='word_1_271' title='bbox 2173 1891 2290 1942; x_wconf 73' lang='grc' dir='ltr'>ἐστὶ</span> <span class='ocrx_word' id='word_1_272' title='bbox 2324 1888 2559 1958; x_wconf 72' lang='grc' dir='ltr'>τοῦνομα</span> <span class='ocrx_word' id='word_1_273' title='bbox 2585 1886 2693 1938; x_wconf 83' lang='grc' dir='ltr'>ἀπὸ</span> <span class='ocrx_word' id='word_1_274' title='bbox 2721 1882 2821 1936; x_wconf 77' lang='grc' dir='ltr'>τοῦ</span> <span class='ocrx_word' id='word_1_275' title='bbox 2860 1880 3076 1935; x_wconf 83' lang='grc' dir='ltr'>Ἰοσουὲ</span> <span class='ocrx_word' id='word_1_276' title='bbox 3127 1879 3632 1970; x_wconf 36' lang='grc' dir='ltr'>Ἰευηξτεδεκεὶμςζ</span> 
     </span>
    </p>
   </div>
   <div class='ocr_carea' id='block_1_37' title="bbox 350 1986 1875 2066">
    <p class='ocr_par' dir='ltr' id='par_1_37' title="bbox 350 1986 1875 2066">
     <span class='ocr_line' id='line_1_37' title="bbox 350 1986 1875 2066; baseline -0.008 -16"><span class='ocrx_word' id='word_1_277' title='bbox 350 1996 488 2066; x_wconf 82' lang='lat' dir='ltr'><strong>apud</strong></span> <span class='ocrx_word' id='word_1_278' title='bbox 509 1995 695 2056; x_wconf 87' lang='lat' dir='ltr'><strong>Deum,</strong></span> <span class='ocrx_word' id='word_1_279' title='bbox 708 1993 798 2062; x_wconf 87' lang='lat' dir='ltr'><strong>qni</strong></span> <span class='ocrx_word' id='word_1_280' title='bbox 815 1991 954 2060; x_wconf 88' lang='lat' dir='ltr'><strong>apud</strong></span> <span class='ocrx_word' id='word_1_281' title='bbox 971 1990 1210 2045; x_wconf 88' lang='lat' dir='ltr'><strong>homines</strong></span> <span class='ocrx_word' id='word_1_282' title='bbox 1226 1988 1437 2059; x_wconf 90' lang='lat' dir='ltr'><strong>quidem</strong></span> <span class='ocrx_word' id='word_1_283' title='bbox 1450 1988 1632 2042; x_wconf 61' lang='lat' dir='ltr'><strong>Graeco</strong></span> <span class='ocrx_word' id='word_1_284' title='bbox 1647 1986 1875 2056; x_wconf 90' lang='lat' dir='ltr'><strong>quodam</strong></span> 
     </span>
    </p>
   </div>
   <div class='ocr_carea' id='block_1_38' title="bbox 350 2076 1878 2141">
    <p class='ocr_par' dir='ltr' id='par_1_38' title="bbox 350 2076 1878 2141">
     <span class='ocr_line' id='line_1_38' title="bbox 350 2076 1878 2141; baseline -0.009 0"><span class='ocrx_word' id='word_1_285' title='bbox 350 2101 502 2141; x_wconf 85' lang='lat' dir='ltr'><strong>more</strong></span> <span class='ocrx_word' id='word_1_286' title='bbox 528 2099 557 2136; x_wconf 93' lang='lat' dir='ltr'><strong>a</strong></span> <span class='ocrx_word' id='word_1_287' title='bbox 581 2083 794 2137; x_wconf 84' lang='lat' dir='ltr'><strong>Christo</strong></span> <span class='ocrx_word' id='word_1_288' title='bbox 821 2081 1252 2140; x_wconf 77' lang='lat' dir='ltr'><strong>denominantur,</strong></span> <span class='ocrx_word' id='word_1_289' title='bbox 1276 2078 1536 2133; x_wconf 79' lang='lat' dir='ltr'><strong>Hebraica</strong></span> <span class='ocrx_word' id='word_1_290' title='bbox 1568 2085 1742 2130; x_wconf 87' lang='lat' dir='ltr'><strong>autem</strong></span> <span class='ocrx_word' id='word_1_291' title='bbox 1777 2076 1878 2130; x_wconf 88' lang='lat' dir='ltr'><strong>lin-</strong></span> 
     </span>
    </p>
   </div>
   <div class='ocr_carea' id='block_1_39' title="bbox 353 2167 1880 2245">
    <p class='ocr_par' dir='ltr' id='par_1_39' title="bbox 353 2167 1880 2245">
     <span class='ocr_line' id='line_1_39' title="bbox 353 2167 1880 2245; baseline -0.007 -15"><span class='ocrx_word' id='word_1_292' title='bbox 353 2191 454 2245; x_wconf 77' lang='lat' dir='ltr'><strong>gua</strong></span> <span class='ocrx_word' id='word_1_293' title='bbox 480 2183 588 2228; x_wconf 85' lang='lat' dir='ltr'><strong>tam</strong></span> <span class='ocrx_word' id='word_1_294' title='bbox 619 2173 758 2241; x_wconf 88' lang='lat' dir='ltr'><strong>apud</strong></span> <span class='ocrx_word' id='word_1_295' title='bbox 787 2173 938 2240; x_wconf 87' lang='lat' dir='ltr'><strong>ipsos</strong></span> <span class='ocrx_word' id='word_1_296' title='bbox 957 2186 1115 2239; x_wconf 89' lang='lat' dir='ltr'><strong>quam</strong></span> <span class='ocrx_word' id='word_1_297' title='bbox 1153 2169 1295 2239; x_wconf 85' lang='lat' dir='ltr'><strong>apud</strong></span> <span class='ocrx_word' id='word_1_298' title='bbox 1330 2170 1637 2238; x_wconf 74' lang='lat' dir='ltr'><strong>prephetas,</strong></span> <span class='ocrx_word' id='word_1_299' title='bbox 1670 2167 1738 2221; x_wconf 87' lang='lat' dir='ltr'><strong>ab</strong></span> <span class='ocrx_word' id='word_1_300' title='bbox 1764 2167 1880 2237; x_wconf 90' lang='lat' dir='ltr'><strong>ipso</strong></span> 
     </span>
    </p>
   </div>
   <div class='ocr_carea' id='block_1_40' title="bbox 353 2255 1881 2331">
    <p class='ocr_par' dir='ltr' id='par_1_40' title="bbox 353 2255 1881 2331">
     <span class='ocr_line' id='line_1_40' title="bbox 353 2255 1881 2331; baseline -0.007 -13"><span class='ocrx_word' id='word_1_301' title='bbox 353 2263 476 2318; x_wconf 70' lang='lat' dir='ltr'><strong>Iesu</strong></span> <span class='ocrx_word' id='word_1_302' title='bbox 508 2271 758 2331; x_wconf 85' lang='lat' dir='ltr'><strong>tanquam</strong></span> <span class='ocrx_word' id='word_1_303' title='bbox 793 2276 886 2329; x_wconf 89' lang='lat' dir='ltr'><strong>per</strong></span> <span class='ocrx_word' id='word_1_304' title='bbox 933 2260 1081 2313; x_wconf 67' lang='lat' dir='ltr'><strong>illum</strong></span> <span class='ocrx_word' id='word_1_305' title='bbox 1112 2260 1302 2314; x_wconf 86' lang='lat' dir='ltr'><strong>servati</strong></span> <span class='ocrx_word' id='word_1_306' title='bbox 1327 2256 1638 2313; x_wconf 82' lang='lat' dir='ltr'><strong>Josedecim.</strong></span> <span class='ocrx_word' id='word_1_307' title='bbox 1672 2255 1748 2309; x_wconf 74' lang='lat' dir='ltr'><strong>Ex</strong></span> <span class='ocrx_word' id='word_1_308' title='bbox 1774 2270 1881 2325; x_wconf 92' lang='lat' dir='ltr'><strong>quo</strong></span> 
     </span>
    </p>
   </div>
   <div class='ocr_carea' id='block_1_41' title="bbox 354 2346 1880 2417">
    <p class='ocr_par' dir='ltr' id='par_1_41' title="bbox 354 2346 1880 2417">
     <span class='ocr_line' id='line_1_41' title="bbox 354 2346 1880 2417; baseline -0.005 -11"><span class='ocrx_word' id='word_1_309' title='bbox 354 2353 483 2407; x_wconf 86' lang='lat' dir='ltr'><strong>illud</strong></span> <span class='ocrx_word' id='word_1_310' title='bbox 509 2352 707 2406; x_wconf 88' lang='lat' dir='ltr'><strong>dictum</strong></span> <span class='ocrx_word' id='word_1_311' title='bbox 736 2360 837 2417; x_wconf 90' lang='lat' dir='ltr'><strong>est,</strong></span> <span class='ocrx_word' id='word_1_312' title='bbox 878 2369 895 2401; x_wconf 80' lang='grc' dir='ltr'><strong>ι</strong></span> <span class='ocrx_word' id='word_1_313' title='bbox 935 2359 987 2405; x_wconf 88' lang='lat' dir='ltr'><strong>et</strong></span> <span class='ocrx_word' id='word_1_314' title='bbox 1018 2350 1120 2403; x_wconf 85' lang='lat' dir='ltr'><strong>hoc</strong></span> <span class='ocrx_word' id='word_1_315' title='bbox 1151 2365 1342 2404; x_wconf 81' lang='lat' dir='ltr'><strong>nomen</strong></span> <span class='ocrx_word' id='word_1_316' title='bbox 1371 2363 1481 2417; x_wconf 91' lang='lat' dir='ltr'><strong>quo</strong></span> <span class='ocrx_word' id='word_1_317' title='bbox 1532 2346 1745 2401; x_wconf 89' lang='lat' dir='ltr'><strong>vocabit</strong></span> <span class='ocrx_word' id='word_1_318' title='bbox 1786 2360 1880 2400; x_wconf 87' lang='lat' dir='ltr'><strong>eos</strong></span> 
     </span>
    </p>
   </div>
   <div class='ocr_carea' id='block_1_42' title="bbox 353 2434 1877 2510">
    <p class='ocr_par' dir='ltr' id='par_1_42' title="bbox 353 2434 1877 2510">
     <span class='ocr_line' id='line_1_42' title="bbox 353 2434 1877 2510; baseline -0.004 -16"><span class='ocrx_word' id='word_1_319' title='bbox 353 2442 609 2497; x_wconf 85' lang='lat' dir='ltr'><strong>Dominus</strong></span> <span class='ocrx_word' id='word_1_320' title='bbox 653 2439 947 2495; x_wconf 83' lang='lat' dir='ltr'><strong>Josedecim</strong></span> <span class='ocrx_word' id='word_1_321' title='bbox 999 2441 1140 2494; x_wconf 91' lang='lat' dir='ltr'><strong>inter</strong></span> <span class='ocrx_word' id='word_1_322' title='bbox 1188 2439 1489 2510; x_wconf 87' lang='lat' dir='ltr'><strong>pr0phetas.</strong></span> <span class='ocrx_word' id='word_1_323' title='bbox 1529 2457 1547 2488; x_wconf 73' lang='grc' dir='ltr'><strong>ι</strong></span> <span class='ocrx_word' id='word_1_324' title='bbox 1609 2434 1741 2488; x_wconf 85' lang='lat' dir='ltr'><strong>Nam</strong></span> <span class='ocrx_word' id='word_1_325' title='bbox 1790 2436 1877 2502; x_wconf 88' lang='lat' dir='ltr'><strong>qui</strong></span> 
     </span>
    </p>
   </div>
   <div class='ocr_carea' id='block_1_43' title="bbox 355 2523 1882 2600">
    <p class='ocr_par' dir='ltr' id='par_1_43' title="bbox 355 2523 1882 2600">
     <span class='ocr_line' id='line_1_43' title="bbox 355 2523 1882 2600; baseline -0.005 -16"><span class='ocrx_word' id='word_1_326' title='bbox 355 2532 472 2600; x_wconf 88' lang='lat' dir='ltr'><strong>ejus</strong></span> <span class='ocrx_word' id='word_1_327' title='bbox 501 2531 567 2585; x_wconf 90' lang='lat' dir='ltr'><strong>de</strong></span> <span class='ocrx_word' id='word_1_328' title='bbox 595 2546 701 2600; x_wconf 92' lang='lat' dir='ltr'><strong>quo</strong></span> <span class='ocrx_word' id='word_1_329' title='bbox 730 2529 1007 2600; x_wconf 84' lang='lat' dir='ltr'><strong>prophetia</strong></span> <span class='ocrx_word' id='word_1_330' title='bbox 1040 2529 1294 2598; x_wconf 89' lang='lat' dir='ltr'><strong>loquitur,</strong></span> <span class='ocrx_word' id='word_1_331' title='bbox 1323 2527 1512 2596; x_wconf 91' lang='lat' dir='ltr'><strong>inquit,</strong></span> <span class='ocrx_word' id='word_1_332' title='bbox 1542 2525 1770 2594; x_wconf 88' lang='lat' dir='ltr'><strong>populus</strong></span> <span class='ocrx_word' id='word_1_333' title='bbox 1799 2523 1882 2576; x_wconf 85' lang='lat' dir='ltr'><strong>fu-</strong></span> 
     </span>
    </p>
   </div>
   <div class='ocr_carea' id='block_1_44' title="bbox 355 2614 1880 2687">
    <p class='ocr_par' dir='ltr' id='par_1_44' title="bbox 355 2614 1880 2687">
     <span class='ocr_line' id='line_1_44' title="bbox 355 2614 1880 2687; baseline -0.005 -14"><span class='ocrx_word' id='word_1_334' title='bbox 355 2630 513 2676; x_wconf 88' lang='lat' dir='ltr'><strong>turus</strong></span> <span class='ocrx_word' id='word_1_335' title='bbox 533 2629 635 2687; x_wconf 86' lang='lat' dir='ltr'><strong>est,</strong></span> <span class='ocrx_word' id='word_1_336' title='bbox 665 2635 787 2674; x_wconf 91' lang='lat' dir='ltr'><strong>cum</strong></span> <span class='ocrx_word' id='word_1_337' title='bbox 817 2619 882 2673; x_wconf 88' lang='lat' dir='ltr'><strong>ad</strong></span> <span class='ocrx_word' id='word_1_338' title='bbox 915 2633 1130 2674; x_wconf 87' lang='lat' dir='ltr'><strong>sensum</strong></span> <span class='ocrx_word' id='word_1_339' title='bbox 1153 2625 1400 2685; x_wconf 90' lang='lat' dir='ltr'><strong>acceptus</strong></span> <span class='ocrx_word' id='word_1_340' title='bbox 1424 2614 1588 2669; x_wconf 82' lang='lat' dir='ltr'><strong>Judas</strong></span> <span class='ocrx_word' id='word_1_341' title='bbox 1621 2615 1690 2669; x_wconf 91' lang='lat' dir='ltr'><strong>sit</strong></span> <span class='ocrx_word' id='word_1_342' title='bbox 1719 2619 1880 2681; x_wconf 86' lang='lat' dir='ltr'><strong>atque</strong></span> 
     </span>
    </p>
   </div>
   <div class='ocr_carea' id='block_1_45' title="bbox 352 2703 1877 2773">
    <p class='ocr_par' dir='ltr' id='par_1_45' title="bbox 352 2703 1877 2773">
     <span class='ocr_line' id='line_1_45' title="bbox 352 2703 1877 2773; baseline -0.009 -7"><span class='ocrx_word' id='word_1_343' title='bbox 352 2710 539 2773; x_wconf 75' lang='lat' dir='ltr'><strong>Israel,</strong></span> <span class='ocrx_word' id='word_1_344' title='bbox 565 2711 632 2764; x_wconf 89' lang='lat' dir='ltr'><strong>ab</strong></span> <span class='ocrx_word' id='word_1_345' title='bbox 652 2709 816 2765; x_wconf 85' lang='lat' dir='ltr'><strong>Josue</strong></span> <span class='ocrx_word' id='word_1_346' title='bbox 837 2708 1200 2763; x_wconf 82' lang='lat' dir='ltr'><strong>nominabitur</strong></span> <span class='ocrx_word' id='word_1_347' title='bbox 1218 2705 1536 2767; x_wconf 80' lang='lat' dir='ltr'><strong>Josedecim,</strong></span> <span class='ocrx_word' id='word_1_348' title='bbox 1567 2712 1726 2772; x_wconf 90' lang='lat' dir='ltr'><strong>atque</strong></span> <span class='ocrx_word' id='word_1_349' title='bbox 1756 2703 1877 2764; x_wconf 86' lang='lat' dir='ltr'><strong>hac,</strong></span> 
     </span>
    </p>
   </div>
   <div class='ocr_carea' id='block_1_46' title="bbox 353 2793 1877 2870">
    <p class='ocr_par' dir='ltr' id='par_1_46' title="bbox 353 2793 1877 2870">
     <span class='ocr_line' id='line_1_46' title="bbox 353 2793 1877 2870; baseline -0.007 -15"><span class='ocrx_word' id='word_1_350' title='bbox 353 2803 549 2869; x_wconf 83' lang='lat' dir='ltr'><strong>inquit,</strong></span> <span class='ocrx_word' id='word_1_351' title='bbox 582 2800 934 2870; x_wconf 89' lang='lat' dir='ltr'><strong>appellatione</strong></span> <span class='ocrx_word' id='word_1_352' title='bbox 959 2797 1292 2852; x_wconf 90' lang='lat' dir='ltr'><strong>vocabuntur</strong></span> <span class='ocrx_word' id='word_1_353' title='bbox 1319 2810 1422 2848; x_wconf 94' lang='lat' dir='ltr'><strong>non</strong></span> <span class='ocrx_word' id='word_1_354' title='bbox 1447 2793 1587 2862; x_wconf 89' lang='lat' dir='ltr'><strong>apud</strong></span> <span class='ocrx_word' id='word_1_355' title='bbox 1613 2793 1877 2854; x_wconf 86' lang='lat' dir='ltr'><strong>homines,</strong></span> 
     </span>
    </p>
   </div>
   <div class='ocr_carea' id='block_1_47' title="bbox 357 2878 1883 2960">
    <p class='ocr_par' dir='ltr' id='par_1_47' title="bbox 357 2878 1883 2960">
     <span class='ocr_line' id='line_1_47' title="bbox 357 2878 1883 2960; baseline -0.009 -15"><span class='ocrx_word' id='word_1_356' title='bbox 357 2892 453 2946; x_wconf 85' lang='lat' dir='ltr'><strong>sed</strong></span> <span class='ocrx_word' id='word_1_357' title='bbox 491 2892 632 2960; x_wconf 88' lang='lat' dir='ltr'><strong>apud</strong></span> <span class='ocrx_word' id='word_1_358' title='bbox 660 2888 825 2944; x_wconf 84' lang='lat' dir='ltr'><strong>Deum</strong></span> <span class='ocrx_word' id='word_1_359' title='bbox 847 2927 861 2950; x_wconf 93' lang='lat'><strong>,</strong></span> <span class='ocrx_word' id='word_1_360' title='bbox 893 2895 946 2941; x_wconf 88' lang='lat' dir='ltr'><strong>et</strong></span> <span class='ocrx_word' id='word_1_361' title='bbox 986 2886 1123 2955; x_wconf 93' lang='lat' dir='ltr'><strong>apud</strong></span> <span class='ocrx_word' id='word_1_362' title='bbox 1165 2884 1444 2953; x_wconf 83' lang='lat' dir='ltr'><strong>prOphetas</strong></span> <span class='ocrx_word' id='word_1_363' title='bbox 1489 2881 1624 2949; x_wconf 84' lang='lat' dir='ltr'><strong>ejus.</strong></span> <span class='ocrx_word' id='word_1_364' title='bbox 1655 2878 1883 2934; x_wconf 87' lang='lat' dir='ltr'><strong>Attende</strong></span> 
     </span>
    </p>
   </div>
   <div class='ocr_carea' id='block_1_48' title="bbox 355 2970 1882 3050">
    <p class='ocr_par' dir='ltr' id='par_1_48' title="bbox 355 2970 1882 3050">
     <span class='ocr_line' id='line_1_48' title="bbox 355 2970 1882 3050; baseline -0.009 -18"><span class='ocrx_word' id='word_1_365' title='bbox 355 2982 497 3034; x_wconf 79' lang='lat' dir='ltr'><strong>enim</strong></span> <span class='ocrx_word' id='word_1_366' title='bbox 547 2981 828 3050; x_wconf 76' lang='lat' dir='ltr'><strong>diligenter</strong></span> <span class='ocrx_word' id='word_1_367' title='bbox 856 2977 1028 3046; x_wconf 86' lang='lat' dir='ltr'><strong>ipsum</strong></span> <span class='ocrx_word' id='word_1_368' title='bbox 1075 2975 1373 3036; x_wconf 84' lang='lat' dir='ltr'><strong>oraculum,</strong></span> <span class='ocrx_word' id='word_1_369' title='bbox 1426 2971 1551 3026; x_wconf 91' lang='lat' dir='ltr'><strong>dum</strong></span> <span class='ocrx_word' id='word_1_370' title='bbox 1593 2970 1668 3022; x_wconf 89' lang='lat' dir='ltr'><strong>ait</strong></span> <span class='ocrx_word' id='word_1_371' title='bbox 1703 2988 1717 3021; x_wconf 85' lang='lat'><strong>:</strong></span> <span class='ocrx_word' id='word_1_372' title='bbox 1756 2986 1775 3017; x_wconf 85' lang='grc'><strong>‹</strong></span> <span class='ocrx_word' id='word_1_373' title='bbox 1829 2975 1882 3020; x_wconf 92' lang='lat' dir='ltr'><strong>et</strong></span> 
     </span>
    </p>
   </div>
   <div class='ocr_carea' id='block_1_49' title="bbox 356 3057 1881 3136">
    <p class='ocr_par' dir='ltr' id='par_1_49' title="bbox 356 3057 1881 3136">
     <span class='ocr_line' id='line_1_49' title="bbox 356 3057 1881 3136; baseline -0.007 -18"><span class='ocrx_word' id='word_1_374' title='bbox 356 3067 459 3120; x_wconf 86' lang='lat' dir='ltr'><strong>hoc</strong></span> <span class='ocrx_word' id='word_1_375' title='bbox 500 3082 716 3131; x_wconf 83' lang='lat' dir='ltr'><strong>nomen,</strong></span> <span class='ocrx_word' id='word_1_376' title='bbox 751 3081 856 3136; x_wconf 89' lang='lat' dir='ltr'><strong>quo</strong></span> <span class='ocrx_word' id='word_1_377' title='bbox 896 3064 1110 3118; x_wconf 89' lang='lat' dir='ltr'><strong>vocabit</strong></span> <span class='ocrx_word' id='word_1_378' title='bbox 1151 3077 1244 3116; x_wconf 88' lang='lat' dir='ltr'><strong>eos</strong></span> <span class='ocrx_word' id='word_1_379' title='bbox 1279 3060 1554 3123; x_wconf 85' lang='lat' dir='ltr'><strong>Dominus,</strong></span> <span class='ocrx_word' id='word_1_380' title='bbox 1583 3057 1881 3112; x_wconf 85' lang='lat' dir='ltr'><strong>Josedecim</strong></span> 
     </span>
    </p>
   </div>
   <div class='ocr_carea' id='block_1_50' title="bbox 359 3149 1879 3226">
    <p class='ocr_par' dir='ltr' id='par_1_50' title="bbox 359 3149 1879 3226">
     <span class='ocr_line' id='line_1_50' title="bbox 359 3149 1879 3226; baseline -0.007 -18"><span class='ocrx_word' id='word_1_381' title='bbox 359 3157 498 3212; x_wconf 83' lang='lat' dir='ltr'><strong>inter</strong></span> <span class='ocrx_word' id='word_1_382' title='bbox 519 3158 827 3226; x_wconf 87' lang='lat' dir='ltr'><strong>prophetas,</strong></span> <span class='ocrx_word' id='word_1_383' title='bbox 867 3175 896 3208; x_wconf 84' lang='grc'>›.</span> <span class='ocrx_word' id='word_1_384' title='bbox 919 3155 1060 3224; x_wconf 91' lang='lat' dir='ltr'><strong>quod</strong></span> <span class='ocrx_word' id='word_1_385' title='bbox 1083 3168 1296 3213; x_wconf 79' lang='lat' dir='ltr'><strong>nomen.</strong></span> <span class='ocrx_word' id='word_1_386' title='bbox 1322 3158 1378 3205; x_wconf 83' lang='lat' dir='ltr'><strong>ut</strong></span> <span class='ocrx_word' id='word_1_387' title='bbox 1404 3151 1533 3208; x_wconf 80' lang='lat' dir='ltr'><strong>dixi.</strong></span> <span class='ocrx_word' id='word_1_388' title='bbox 1561 3149 1615 3203; x_wconf 90' lang='lat' dir='ltr'><strong>in</strong></span> <span class='ocrx_word' id='word_1_389' title='bbox 1639 3155 1879 3202; x_wconf 80' lang='lat' dir='ltr'><strong>nostram</strong></span> 
     </span>
    </p>
   </div>
   <div class='ocr_carea' id='block_1_51' title="bbox 358 3215 1952 3314">
    <p class='ocr_par' dir='ltr' id='par_1_51' title="bbox 358 3215 1952 3314">
     <span class='ocr_line' id='line_1_51' title="bbox 358 3215 1952 3314; baseline -0.007 -17"><span class='ocrx_word' id='word_1_390' title='bbox 358 3215 592 3314; x_wconf 66' lang='lat' dir='ltr'><strong>linguam</strong></span> <span class='ocrx_word' id='word_1_391' title='bbox 619 3215 953 3301; x_wconf 48' lang='lat' dir='ltr'><strong>conversum.</strong></span> <span class='ocrx_word' id='word_1_392' title='bbox 975 3245 1151 3312; x_wconf 81' lang='lat' dir='ltr'><strong>justos</strong></span> <span class='ocrx_word' id='word_1_393' title='bbox 1181 3241 1274 3297; x_wconf 87' lang='lat' dir='ltr'><strong>Dei</strong></span> <span class='ocrx_word' id='word_1_394' title='bbox 1304 3239 1584 3310; x_wconf 77' lang='lat' dir='ltr'><strong>signiﬁcat.</strong></span> <span class='ocrx_word' id='word_1_395' title='bbox 1616 3238 1748 3291; x_wconf 90' lang='lat' dir='ltr'><strong>Cum</strong></span> <span class='ocrx_word' id='word_1_396' title='bbox 1787 3250 1881 3287; x_wconf 87' lang='lat' dir='ltr'><strong>au—</strong></span> <span class='ocrx_word' id='word_1_397' title='bbox 1908 3215 1952 3273; x_wconf 71' lang='grc' dir='ltr'>ο</span> 
     </span>
    </p>
   </div>
   <div class='ocr_carea' id='block_1_52' title="bbox 363 3333 1885 3401">
    <p class='ocr_par' dir='ltr' id='par_1_52' title="bbox 363 3333 1885 3401">
     <span class='ocr_line' id='line_1_52' title="bbox 363 3333 1885 3401; baseline -0.005 -16"><span class='ocrx_word' id='word_1_398' title='bbox 363 3341 468 3388; x_wconf 77' lang='lat' dir='ltr'><strong>tem</strong></span> <span class='ocrx_word' id='word_1_399' title='bbox 500 3334 553 3386; x_wconf 89' lang='lat' dir='ltr'><strong>hi</strong></span> <span class='ocrx_word' id='word_1_400' title='bbox 584 3335 662 3390; x_wconf 87' lang='lat' dir='ltr'><strong>sic</strong></span> <span class='ocrx_word' id='word_1_401' title='bbox 691 3335 934 3390; x_wconf 79' lang='lat' dir='ltr'><strong>servandi</strong></span> <span class='ocrx_word' id='word_1_402' title='bbox 965 3335 1092 3398; x_wconf 90' lang='lat' dir='ltr'><strong>sint,</strong></span> <span class='ocrx_word' id='word_1_403' title='bbox 1133 3333 1405 3401; x_wconf 76' lang='lat' dir='ltr'><strong>antiquum</strong></span> <span class='ocrx_word' id='word_1_404' title='bbox 1450 3337 1502 3384; x_wconf 89' lang='lat' dir='ltr'><strong>et</strong></span> <span class='ocrx_word' id='word_1_405' title='bbox 1545 3343 1703 3399; x_wconf 77' lang='lat' dir='ltr'><strong>grave</strong></span> <span class='ocrx_word' id='word_1_406' title='bbox 1744 3341 1885 3381; x_wconf 88' lang='lat' dir='ltr'><strong>acer-</strong></span> 
     </span>
    </p>
   </div>
   <div class='ocr_carea' id='block_1_53' title="bbox 360 3420 1886 3488">
    <p class='ocr_par' dir='ltr' id='par_1_53' title="bbox 360 3420 1886 3488">
     <span class='ocr_line' id='line_1_53' title="bbox 360 3420 1886 3488; baseline -0.003 -12"><span class='ocrx_word' id='word_1_407' title='bbox 360 3423 703 3479; x_wconf 82' lang='lat' dir='ltr'><strong>bissimorum</strong></span> <span class='ocrx_word' id='word_1_408' title='bbox 745 3425 1051 3480; x_wconf 60' lang='lat' dir='ltr'><strong>daemonum.</strong></span> <span class='ocrx_word' id='word_1_409' title='bbox 1087 3440 1144 3478; x_wconf 89' lang='lat' dir='ltr'><strong>se</strong></span> <span class='ocrx_word' id='word_1_410' title='bbox 1191 3423 1540 3476; x_wconf 89' lang='lat' dir='ltr'><strong>contriturum</strong></span> <span class='ocrx_word' id='word_1_411' title='bbox 1584 3420 1767 3488; x_wconf 83' lang='lat' dir='ltr'><strong>jugum</strong></span> <span class='ocrx_word' id='word_1_412' title='bbox 1789 3458 1802 3480; x_wconf 91' lang='lat'><strong>,</strong></span> <span class='ocrx_word' id='word_1_413' title='bbox 1833 3425 1886 3472; x_wconf 92' lang='lat' dir='ltr'><strong>et</strong></span> 
     </span>
    </p>
   </div>
   <div class='ocr_carea' id='block_1_54' title="bbox 363 3510 1886 3582">
    <p class='ocr_par' dir='ltr' id='par_1_54' title="bbox 363 3510 1886 3582">
     <span class='ocr_line' id='line_1_54' title="bbox 363 3510 1886 3582; baseline -0.003 -14"><span class='ocrx_word' id='word_1_414' title='bbox 363 3515 560 3582; x_wconf 79' lang='lat' dir='ltr'><strong>quibus</strong></span> <span class='ocrx_word' id='word_1_415' title='bbox 588 3523 744 3569; x_wconf 79' lang='lat' dir='ltr'><strong>antea</strong></span> <span class='ocrx_word' id='word_1_416' title='bbox 786 3515 1104 3570; x_wconf 86' lang='lat' dir='ltr'><strong>tenebantur</strong></span> <span class='ocrx_word' id='word_1_417' title='bbox 1133 3513 1415 3581; x_wconf 83' lang='lat' dir='ltr'><strong>impietatis</strong></span> <span class='ocrx_word' id='word_1_418' title='bbox 1453 3510 1702 3571; x_wconf 86' lang='lat' dir='ltr'><strong>vinculis,</strong></span> <span class='ocrx_word' id='word_1_419' title='bbox 1730 3524 1792 3563; x_wconf 89' lang='lat' dir='ltr'><strong>ea</strong></span> <span class='ocrx_word' id='word_1_420' title='bbox 1828 3523 1886 3563; x_wconf 87' lang='lat' dir='ltr'><strong>se</strong></span> 
     </span>
    </p>
   </div>
   <div class='ocr_carea' id='block_1_55' title="bbox 368 3602 1887 3674">
    <p class='ocr_par' dir='ltr' id='par_1_55' title="bbox 368 3602 1887 3674">
     <span class='ocr_line' id='line_1_55' title="bbox 368 3602 1887 3674; baseline -0.005 -14"><span class='ocrx_word' id='word_1_421' title='bbox 368 3604 755 3673; x_wconf 78' lang='lat' dir='ltr'><strong>perfracturum</strong></span> <span class='ocrx_word' id='word_1_422' title='bbox 811 3606 1092 3674; x_wconf 85' lang='lat' dir='ltr'><strong>pollicetur</strong></span> <span class='ocrx_word' id='word_1_423' title='bbox 1134 3604 1291 3658; x_wconf 88' lang='lat' dir='ltr'><strong>Deus.</strong></span> <span class='ocrx_word' id='word_1_424' title='bbox 1321 3602 1582 3667; x_wconf 86' lang='lat' dir='ltr'><strong>Quocirca</strong></span> <span class='ocrx_word' id='word_1_425' title='bbox 1631 3615 1736 3654; x_wconf 91' lang='lat' dir='ltr'><strong>non</strong></span> <span class='ocrx_word' id='word_1_426' title='bbox 1776 3615 1887 3652; x_wconf 48' lang='lat' dir='ltr'><strong>am-</strong></span> 
     </span>
    </p>
   </div>
   <div class='ocr_carea' id='block_1_56' title="bbox 366 3691 1888 3764">
    <p class='ocr_par' dir='ltr' id='par_1_56' title="bbox 366 3691 1888 3764">
     <span class='ocr_line' id='line_1_56' title="bbox 366 3691 1888 3764; baseline -0.006 -15"><span class='ocrx_word' id='word_1_427' title='bbox 366 3697 505 3764; x_wconf 83' lang='lat' dir='ltr'><strong>ptius</strong></span> <span class='ocrx_word' id='word_1_428' title='bbox 533 3696 720 3751; x_wconf 88' lang='lat' dir='ltr'><strong>alienis</strong></span> <span class='ocrx_word' id='word_1_429' title='bbox 768 3695 1080 3756; x_wconf 86' lang='lat' dir='ltr'><strong>inservient,</strong></span> <span class='ocrx_word' id='word_1_430' title='bbox 1117 3695 1210 3749; x_wconf 88' lang='lat' dir='ltr'><strong>sed</strong></span> <span class='ocrx_word' id='word_1_431' title='bbox 1243 3694 1331 3748; x_wconf 85' lang='lat' dir='ltr'><strong>uni</strong></span> <span class='ocrx_word' id='word_1_432' title='bbox 1365 3693 1466 3762; x_wconf 90' lang='lat' dir='ltr'><strong>ipsi</strong></span> <span class='ocrx_word' id='word_1_433' title='bbox 1506 3691 1742 3745; x_wconf 84' lang='lat' dir='ltr'><strong>fructum</strong></span> <span class='ocrx_word' id='word_1_434' title='bbox 1767 3704 1888 3758; x_wconf 80' lang='lat' dir='ltr'><strong>gra-</strong></span> 
     </span>
    </p>
   </div>
   <div class='ocr_carea' id='block_1_57' title="bbox 367 3781 1890 3856">
    <p class='ocr_par' dir='ltr' id='par_1_57' title="bbox 367 3781 1890 3856">
     <span class='ocr_line' id='line_1_57' title="bbox 367 3781 1890 3856; baseline -0.003 -19"><span class='ocrx_word' id='word_1_435' title='bbox 367 3786 630 3840; x_wconf 83' lang='lat' dir='ltr'><strong>tissimum</strong></span> <span class='ocrx_word' id='word_1_436' title='bbox 662 3783 904 3838; x_wconf 71' lang='lat' dir='ltr'><strong>afferent.</strong></span> <span class='ocrx_word' id='word_1_437' title='bbox 935 3783 1049 3838; x_wconf 83' lang='lat' dir='ltr'><strong>Huc</strong></span> <span class='ocrx_word' id='word_1_438' title='bbox 1081 3787 1214 3840; x_wconf 89' lang='lat' dir='ltr'><strong>adde</strong></span> <span class='ocrx_word' id='word_1_439' title='bbox 1250 3787 1378 3840; x_wconf 90' lang='lat' dir='ltr'><strong>illud</strong></span> <span class='ocrx_word' id='word_1_440' title='bbox 1407 3787 1546 3856; x_wconf 87' lang='lat' dir='ltr'><strong>quod</strong></span> <span class='ocrx_word' id='word_1_441' title='bbox 1569 3787 1623 3839; x_wconf 91' lang='lat' dir='ltr'><strong>in</strong></span> <span class='ocrx_word' id='word_1_442' title='bbox 1657 3781 1890 3835; x_wconf 87' lang='lat' dir='ltr'><strong>secundo</strong></span> 
     </span>
    </p>
   </div>
   <div class='ocr_carea' id='block_1_58' title="bbox 368 3869 1889 3943">
    <p class='ocr_par' dir='ltr' id='par_1_58' title="bbox 368 3869 1889 3943">
     <span class='ocr_line' id='line_1_58' title="bbox 368 3869 1889 3943; baseline -0.003 -16"><span class='ocrx_word' id='word_1_443' title='bbox 368 3873 570 3941; x_wconf 85' lang='lat' dir='ltr'><strong>psalmo</strong></span> <span class='ocrx_word' id='word_1_444' title='bbox 588 3871 656 3926; x_wconf 87' lang='lat' dir='ltr'><strong>de</strong></span> <span class='ocrx_word' id='word_1_445' title='bbox 674 3872 902 3925; x_wconf 89' lang='lat' dir='ltr'><strong>adventu</strong></span> <span class='ocrx_word' id='word_1_446' title='bbox 921 3872 1527 3942; x_wconf 81' lang='lat' dir='ltr'><strong>Christi,vocationeque</strong></span> <span class='ocrx_word' id='word_1_447' title='bbox 1549 3873 1779 3943; x_wconf 82' lang='lat' dir='ltr'><strong>gentium</strong></span> <span class='ocrx_word' id='word_1_448' title='bbox 1809 3869 1889 3923; x_wconf 77' lang='grc'><strong>(11-</strong></span> 
     </span>
    </p>
   </div>
   <div class='ocr_carea' id='block_1_59' title="bbox 367 3960 1890 4030">
    <p class='ocr_par' dir='ltr' id='par_1_59' title="bbox 367 3960 1890 4030">
     <span class='ocr_line' id='line_1_59' title="bbox 367 3960 1890 4030; baseline -0.005 -14"><span class='ocrx_word' id='word_1_449' title='bbox 367 3964 442 4016; x_wconf 79' lang='lat' dir='ltr'><strong>cit</strong></span> <span class='ocrx_word' id='word_1_450' title='bbox 467 3961 742 4016; x_wconf 80' lang='lat' dir='ltr'><strong>oraculum</strong></span> <span class='ocrx_word' id='word_1_451' title='bbox 779 3978 792 4012; x_wconf 88' lang='lat'><strong>:</strong></span> <span class='ocrx_word' id='word_1_452' title='bbox 840 3979 857 4011; x_wconf 86' lang='grc'>‹</span> <span class='ocrx_word' id='word_1_453' title='bbox 911 3960 1286 4030; x_wconf 84' lang='lat' dir='ltr'><strong>Dirumpamus</strong></span> <span class='ocrx_word' id='word_1_454' title='bbox 1329 3963 1542 4016; x_wconf 81' lang='lat' dir='ltr'><strong>vincula</strong></span> <span class='ocrx_word' id='word_1_455' title='bbox 1589 3973 1794 4020; x_wconf 82' lang='lat' dir='ltr'><strong>eorum,</strong></span> <span class='ocrx_word' id='word_1_456' title='bbox 1837 3965 1890 4011; x_wconf 90' lang='lat' dir='ltr'><strong>et</strong></span> 
     </span>
    </p>
   </div>
   <div class='ocr_carea' id='block_1_60' title="bbox 365 4045 1891 4122">
    <p class='ocr_par' dir='ltr' id='par_1_60' title="bbox 365 4045 1891 4122">
     <span class='ocr_line' id='line_1_60' title="bbox 365 4045 1891 4122; baseline -0.007 -15"><span class='ocrx_word' id='word_1_457' title='bbox 365 4051 711 4122; x_wconf 82' lang='lat' dir='ltr'><strong>projiciamus</strong></span> <span class='ocrx_word' id='word_1_458' title='bbox 760 4063 790 4101; x_wconf 91' lang='lat' dir='ltr'><strong>a</strong></span> <span class='ocrx_word' id='word_1_459' title='bbox 823 4050 976 4104; x_wconf 90' lang='lat' dir='ltr'><strong>nobis</strong></span> <span class='ocrx_word' id='word_1_460' title='bbox 1004 4051 1191 4119; x_wconf 81' lang='lat' dir='ltr'><strong>jugum</strong></span> <span class='ocrx_word' id='word_1_461' title='bbox 1233 4051 1468 4120; x_wconf 88' lang='lat' dir='ltr'><strong>ipsorum</strong></span> <span class='ocrx_word' id='word_1_462' title='bbox 1509 4050 1580 4104; x_wconf 76' lang='lat'><strong>“;</strong></span> <span class='ocrx_word' id='word_1_463' title='bbox 1623 4057 1643 4091; x_wconf 71' lang='grc' dir='ltr'><strong>ι</strong></span> <span class='ocrx_word' id='word_1_464' title='bbox 1672 4045 1759 4100; x_wconf 90' lang='lat' dir='ltr'><strong>cui</strong></span> <span class='ocrx_word' id='word_1_465' title='bbox 1806 4059 1891 4097; x_wconf 91' lang='lat' dir='ltr'><strong>co-</strong></span> 
     </span>
    </p>
   </div>
   <div class='ocr_carea' id='block_1_61' title="bbox 365 4134 1890 4212">
    <p class='ocr_par' dir='ltr' id='par_1_61' title="bbox 365 4134 1890 4212">
     <span class='ocr_line' id='line_1_61' title="bbox 365 4134 1890 4212; baseline -0.006 -17"><span class='ocrx_word' id='word_1_466' title='bbox 365 4150 587 4212; x_wconf 79' lang='lat' dir='ltr'><strong>gnatum</strong></span> <span class='ocrx_word' id='word_1_467' title='bbox 609 4148 663 4194; x_wconf 83' lang='lat' dir='ltr'><strong>et</strong></span> <span class='ocrx_word' id='word_1_468' title='bbox 693 4139 868 4194; x_wconf 85' lang='lat' dir='ltr'><strong>simile</strong></span> <span class='ocrx_word' id='word_1_469' title='bbox 892 4153 1012 4193; x_wconf 88' lang='lat' dir='ltr'><strong>esse</strong></span> <span class='ocrx_word' id='word_1_470' title='bbox 1043 4141 1276 4194; x_wconf 85' lang='lat' dir='ltr'><strong>arbitror</strong></span> <span class='ocrx_word' id='word_1_471' title='bbox 1301 4141 1441 4207; x_wconf 82' lang='lat' dir='ltr'><strong>quod</strong></span> <span class='ocrx_word' id='word_1_472' title='bbox 1469 4149 1611 4190; x_wconf 90' lang='lat' dir='ltr'><strong>nunc</strong></span> <span class='ocrx_word' id='word_1_473' title='bbox 1637 4138 1690 4188; x_wconf 82' lang='lat' dir='ltr'><strong>in</strong></span> <span class='ocrx_word' id='word_1_474' title='bbox 1720 4134 1890 4188; x_wconf 84' lang='lat' dir='ltr'><strong>mani-</strong></span> 
     </span>
    </p>
   </div>
   <div class='ocr_carea' id='block_1_62' title="bbox 366 4223 1900 4293">
    <p class='ocr_par' dir='ltr' id='par_1_62' title="bbox 366 4223 1900 4293">
     <span class='ocr_line' id='line_1_62' title="bbox 366 4223 1900 4293; baseline -0.007 -9"><span class='ocrx_word' id='word_1_475' title='bbox 366 4234 470 4287; x_wconf 81' lang='lat' dir='ltr'><strong>bus</strong></span> <span class='ocrx_word' id='word_1_476' title='bbox 508 4238 611 4293; x_wconf 87' lang='lat' dir='ltr'><strong>est,</strong></span> <span class='ocrx_word' id='word_1_477' title='bbox 633 4229 817 4284; x_wconf 79' lang='lat' dir='ltr'><strong>dicens</strong></span> <span class='ocrx_word' id='word_1_478' title='bbox 847 4243 861 4278; x_wconf 90' lang='lat'><strong>:</strong></span> <span class='ocrx_word' id='word_1_479' title='bbox 903 4245 922 4278; x_wconf 81' lang='grc' dir='ltr'><strong>ι</strong></span> <span class='ocrx_word' id='word_1_480' title='bbox 956 4229 1015 4281; x_wconf 81' lang='grc' dir='ltr'>ιιι</span> <span class='ocrx_word' id='word_1_481' title='bbox 1045 4229 1131 4283; x_wconf 89' lang='lat' dir='ltr'><strong>die</strong></span> <span class='ocrx_word' id='word_1_482' title='bbox 1158 4229 1268 4291; x_wconf 91' lang='lat' dir='ltr'><strong>illa,</strong></span> <span class='ocrx_word' id='word_1_483' title='bbox 1302 4226 1434 4280; x_wconf 83' lang='lat' dir='ltr'><strong>dixit</strong></span> <span class='ocrx_word' id='word_1_484' title='bbox 1456 4223 1733 4287; x_wconf 88' lang='lat' dir='ltr'><strong>Dominus,</strong></span> <span class='ocrx_word' id='word_1_485' title='bbox 1763 4237 1900 4275; x_wconf 13' lang='lat' dir='ltr'><strong>con-7</strong></span> 
     </span>
    </p>
   </div>
   <div class='ocr_carea' id='block_1_63' title="bbox 365 4312 1892 4386">
    <p class='ocr_par' dir='ltr' id='par_1_63' title="bbox 365 4312 1892 4386">
     <span class='ocr_line' id='line_1_63' title="bbox 365 4312 1892 4386; baseline -0.007 -15"><span class='ocrx_word' id='word_1_486' title='bbox 365 4328 535 4374; x_wconf 89' lang='lat' dir='ltr'><strong>teram</strong></span> <span class='ocrx_word' id='word_1_487' title='bbox 545 4318 730 4386; x_wconf 76' lang='lat' dir='ltr'><strong>jugum</strong></span> <span class='ocrx_word' id='word_1_488' title='bbox 749 4315 966 4370; x_wconf 82' lang='lat' dir='ltr'><strong>decollo</strong></span> <span class='ocrx_word' id='word_1_489' title='bbox 995 4331 1200 4379; x_wconf 88' lang='lat' dir='ltr'><strong>eorum,</strong></span> <span class='ocrx_word' id='word_1_490' title='bbox 1227 4325 1280 4368; x_wconf 90' lang='lat' dir='ltr'><strong>et</strong></span> <span class='ocrx_word' id='word_1_491' title='bbox 1305 4312 1512 4367; x_wconf 87' lang='lat' dir='ltr'><strong>vincula</strong></span> <span class='ocrx_word' id='word_1_492' title='bbox 1552 4325 1733 4365; x_wconf 89' lang='lat' dir='ltr'><strong>eorum</strong></span> <span class='ocrx_word' id='word_1_493' title='bbox 1763 4323 1892 4362; x_wconf 87' lang='lat' dir='ltr'><strong>con-</strong></span> 
     </span>
    </p>
   </div>
   <div class='ocr_carea' id='block_1_64' title="bbox 367 4399 1891 4476">
    <p class='ocr_par' dir='ltr' id='par_1_64' title="bbox 367 4399 1891 4476">
     <span class='ocr_line' id='line_1_64' title="bbox 367 4399 1891 4476; baseline -0.007 -14"><span class='ocrx_word' id='word_1_494' title='bbox 367 4409 616 4476; x_wconf 73' lang='lat' dir='ltr'><strong>t‘ringam,</strong></span> <span class='ocrx_word' id='word_1_495' title='bbox 639 4421 815 4475; x_wconf 83' lang='lat' dir='ltr'><strong>neque</strong></span> <span class='ocrx_word' id='word_1_496' title='bbox 827 4406 1186 4473; x_wconf 89' lang='lat' dir='ltr'><strong>operabnntur</strong></span> <span class='ocrx_word' id='word_1_497' title='bbox 1202 4404 1426 4471; x_wconf 87' lang='lat' dir='ltr'><strong>amplius</strong></span> <span class='ocrx_word' id='word_1_498' title='bbox 1447 4401 1549 4454; x_wconf 89' lang='lat' dir='ltr'><strong>diis</strong></span> <span class='ocrx_word' id='word_1_499' title='bbox 1567 4399 1774 4460; x_wconf 89' lang='lat' dir='ltr'><strong>alienis,</strong></span> <span class='ocrx_word' id='word_1_500' title='bbox 1799 4399 1891 4454; x_wconf 87' lang='lat' dir='ltr'><strong>sed</strong></span> 
     </span>
    </p>
   </div>
   <div class='ocr_carea' id='block_1_65' title="bbox 1979 1969 3616 2054">
    <p class='ocr_par' dir='ltr' id='par_1_65' title="bbox 1979 1969 3616 2054">
     <span class='ocr_line' id='line_1_65' title="bbox 1979 1969 3616 2054; baseline -0.015 -18"><span class='ocrx_word' id='word_1_501' title='bbox 1979 1983 2124 2052; x_wconf 81' lang='grc' dir='ltr'>παρὰ</span> <span class='ocrx_word' id='word_1_502' title='bbox 2146 1981 2220 2051; x_wconf 88' lang='grc' dir='ltr'><strong>τῷ</strong></span> <span class='ocrx_word' id='word_1_503' title='bbox 2245 1979 2360 2050; x_wconf 85' lang='grc' dir='ltr'>Θεῷ</span> <span class='ocrx_word' id='word_1_504' title='bbox 2385 1981 2434 2032; x_wconf 81' lang='grc' dir='ltr'><strong>οἱ</strong></span> <span class='ocrx_word' id='word_1_505' title='bbox 2461 1977 2554 2030; x_wconf 78' lang='grc' dir='ltr'>τοῦ</span> <span class='ocrx_word' id='word_1_506' title='bbox 2589 1972 2772 2044; x_wconf 86' lang='grc' dir='ltr'>Ἰησοῦ</span> <span class='ocrx_word' id='word_1_507' title='bbox 2807 1971 3072 2044; x_wconf 67' lang='grc' dir='ltr'>μαθηταὶ</span> <span class='ocrx_word' id='word_1_508' title='bbox 3101 1969 3461 2048; x_wconf 51' lang='grc' dir='ltr'><strong>κέκὴηνταε,</strong></span> <span class='ocrx_word' id='word_1_509' title='bbox 3493 1969 3616 2054; x_wconf 46' lang='grc' dir='ltr'><strong>πρ,</strong></span> 
     </span>
    </p>
   </div>
   <div class='ocr_carea' id='block_1_66' title="bbox 1975 2065 3580 2142">
    <p class='ocr_par' dir='ltr' id='par_1_66' title="bbox 1975 2065 3580 2142">
     <span class='ocr_line' id='line_1_66' title="bbox 1975 2065 3580 2142; baseline -0.009 -17"><span class='ocrx_word' id='word_1_510' title='bbox 1975 2071 2274 2142; x_wconf 80' lang='grc' dir='ltr'>ἀνθρώποις</span> <span class='ocrx_word' id='word_1_511' title='bbox 2299 2071 2400 2140; x_wconf 84' lang='grc' dir='ltr'><strong>μὴν</strong></span> <span class='ocrx_word' id='word_1_512' title='bbox 2427 2065 2863 2137; x_wconf 79' lang='grc' dir='ltr'>ἑλληνικώτερον</span> <span class='ocrx_word' id='word_1_513' title='bbox 2895 2067 3464 2132; x_wconf 76' lang='grc' dir='ltr'>προσαγορευόμενοι</span> <span class='ocrx_word' id='word_1_514' title='bbox 3487 2073 3580 2120; x_wconf 67' lang='grc' dir='ltr'><strong>ἀπξ</strong></span> 
     </span>
    </p>
   </div>
   <div class='ocr_carea' id='block_1_67' title="bbox 1975 2149 3587 2230">
    <p class='ocr_par' dir='ltr' id='par_1_67' title="bbox 1975 2149 3587 2230">
     <span class='ocr_line' id='line_1_67' title="bbox 1975 2149 3587 2230; baseline -0.005 -18"><span class='ocrx_word' id='word_1_515' title='bbox 1975 2160 2073 2230; x_wconf 76' lang='grc' dir='ltr'>τῆς</span> <span class='ocrx_word' id='word_1_516' title='bbox 2100 2159 2190 2211; x_wconf 77' lang='grc' dir='ltr'>τοῦ</span> <span class='ocrx_word' id='word_1_517' title='bbox 2213 2157 2445 2228; x_wconf 79' lang='grc' dir='ltr'>Χριστοῦ</span> <span class='ocrx_word' id='word_1_518' title='bbox 2468 2152 2862 2226; x_wconf 81' lang='grc' dir='ltr'><strong>παρωνυμίας,</strong></span> <span class='ocrx_word' id='word_1_519' title='bbox 2897 2149 3056 2204; x_wconf 79' lang='grc' dir='ltr'>κατὰ</span> <span class='ocrx_word' id='word_1_520' title='bbox 3090 2149 3149 2201; x_wconf 81' lang='grc' dir='ltr'>δὲ</span> <span class='ocrx_word' id='word_1_521' title='bbox 3176 2149 3282 2218; x_wconf 83' lang='grc' dir='ltr'><strong>τὴν</strong></span> <span class='ocrx_word' id='word_1_522' title='bbox 3320 2153 3587 2222; x_wconf 67' lang='grc' dir='ltr'>Ἐϐραίων</span> 
     </span>
    </p>
   </div>
   <div class='ocr_carea' id='block_1_68' title="bbox 1979 2238 3585 2319">
    <p class='ocr_par' dir='ltr' id='par_1_68' title="bbox 1979 2238 3585 2319">
     <span class='ocr_line' id='line_1_68' title="bbox 1979 2238 3585 2319; baseline -0.006 -17"><span class='ocrx_word' id='word_1_523' title='bbox 1979 2249 2155 2319; x_wconf 79' lang='grc' dir='ltr'>φωνήν</span> <span class='ocrx_word' id='word_1_524' title='bbox 2180 2249 2269 2302; x_wconf 72' lang='grc' dir='ltr'><strong>καὶ</strong></span> <span class='ocrx_word' id='word_1_525' title='bbox 2289 2246 2435 2318; x_wconf 86' lang='grc' dir='ltr'>παρὰ</span> <span class='ocrx_word' id='word_1_526' title='bbox 2463 2245 2646 2306; x_wconf 80' lang='grc' dir='ltr'>αὐτοῖς</span> <span class='ocrx_word' id='word_1_527' title='bbox 2671 2246 2788 2305; x_wconf 83' lang='grc' dir='ltr'>τοῖς</span> <span class='ocrx_word' id='word_1_528' title='bbox 2818 2241 3179 2312; x_wconf 76' lang='grc' dir='ltr'><strong>προφήταις,</strong></span> <span class='ocrx_word' id='word_1_529' title='bbox 3201 2238 3324 2290; x_wconf 74' lang='grc' dir='ltr'>ἀπὸ</span> <span class='ocrx_word' id='word_1_530' title='bbox 3354 2241 3452 2292; x_wconf 80' lang='grc' dir='ltr'><strong>τοῦ</strong></span> <span class='ocrx_word' id='word_1_531' title='bbox 3489 2243 3585 2310; x_wconf 72' lang='grc' dir='ltr'><strong>Ἰηο</strong></span> 
     </span>
    </p>
   </div>
   <div class='ocr_carea' id='block_1_69' title="bbox 1979 2327 3585 2403">
    <p class='ocr_par' dir='ltr' id='par_1_69' title="bbox 1979 2327 3585 2403">
     <span class='ocr_line' id='line_1_69' title="bbox 1979 2327 3585 2403; baseline -0.006 -11"><span class='ocrx_word' id='word_1_532' title='bbox 1979 2339 2090 2401; x_wconf 82' lang='grc' dir='ltr'>σοῦ,</span> <span class='ocrx_word' id='word_1_533' title='bbox 2122 2338 2195 2402; x_wconf 83' lang='grc' dir='ltr'>ὡς</span> <span class='ocrx_word' id='word_1_534' title='bbox 2223 2339 2288 2390; x_wconf 85' lang='grc' dir='ltr'>ἂν</span> <span class='ocrx_word' id='word_1_535' title='bbox 2329 2337 2394 2389; x_wconf 89' lang='grc' dir='ltr'>δι’</span> <span class='ocrx_word' id='word_1_536' title='bbox 2435 2333 2600 2389; x_wconf 81' lang='grc' dir='ltr'>αὐτοῦ</span> <span class='ocrx_word' id='word_1_537' title='bbox 2640 2333 3029 2403; x_wconf 77' lang='grc' dir='ltr'>σεσωσμένοι,</span> <span class='ocrx_word' id='word_1_538' title='bbox 3098 2327 3476 2399; x_wconf 79' lang='grc' dir='ltr'>Ἰωσεδεκείμ.</span> <span class='ocrx_word' id='word_1_539' title='bbox 3508 2331 3585 2382; x_wconf 70' lang='grc' dir='ltr'><strong>Διὶ</strong></span> 
     </span>
    </p>
   </div>
   <div class='ocr_carea' id='block_1_70' title="bbox 1977 2418 3590 2493">
    <p class='ocr_par' dir='ltr' id='par_1_70' title="bbox 1977 2418 3590 2493">
     <span class='ocr_line' id='line_1_70' title="bbox 1977 2418 3590 2493; baseline -0.005 -13"><span class='ocrx_word' id='word_1_540' title='bbox 1977 2428 2244 2490; x_wconf 70' lang='grc' dir='ltr'>λέλεκται,</span> <span class='ocrx_word' id='word_1_541' title='bbox 2281 2425 2581 2478; x_wconf 81' lang='grc' dir='ltr'>«καὶτοῦτο</span> <span class='ocrx_word' id='word_1_542' title='bbox 2613 2425 2674 2476; x_wconf 86' lang='grc' dir='ltr'><strong>τὸ</strong></span> <span class='ocrx_word' id='word_1_543' title='bbox 2707 2423 2894 2493; x_wconf 75' lang='grc' dir='ltr'>ὄνομα</span> <span class='ocrx_word' id='word_1_544' title='bbox 2931 2422 2963 2474; x_wconf 83' lang='grc' dir='ltr'>ὃ</span> <span class='ocrx_word' id='word_1_545' title='bbox 2993 2421 3214 2475; x_wconf 77' lang='grc' dir='ltr'>καλεσει</span> <span class='ocrx_word' id='word_1_546' title='bbox 3246 2418 3463 2481; x_wconf 71' lang='grc' dir='ltr'>αὐτοὺς</span> <span class='ocrx_word' id='word_1_547' title='bbox 3490 2420 3590 2472; x_wconf 77' lang='grc' dir='ltr'><strong>Κύ-</strong></span> 
     </span>
    </p>
   </div>
   <div class='ocr_carea' id='block_1_71' title="bbox 1979 2507 3598 2589">
    <p class='ocr_par' dir='ltr' id='par_1_71' title="bbox 1979 2507 3598 2589">
     <span class='ocr_line' id='line_1_71' title="bbox 1979 2507 3598 2589; baseline -0.006 -18"><span class='ocrx_word' id='word_1_548' title='bbox 1979 2536 2108 2589; x_wconf 90' lang='grc' dir='ltr'>ριος,</span> <span class='ocrx_word' id='word_1_549' title='bbox 2143 2516 2474 2584; x_wconf 78' lang='grc' dir='ltr'>Ἰωσεδεκεὶμ</span> <span class='ocrx_word' id='word_1_550' title='bbox 2506 2517 2564 2567; x_wconf 85' lang='grc' dir='ltr'>ὲν</span> <span class='ocrx_word' id='word_1_551' title='bbox 2587 2517 2704 2577; x_wconf 89' lang='grc' dir='ltr'>τοῖς</span> <span class='ocrx_word' id='word_1_552' title='bbox 2736 2513 3208 2584; x_wconf 77' lang='grc' dir='ltr'>προφήταις.›’0</span> <span class='ocrx_word' id='word_1_553' title='bbox 3245 2509 3322 2579; x_wconf 85' lang='grc' dir='ltr'>δὴ</span> <span class='ocrx_word' id='word_1_554' title='bbox 3356 2507 3457 2563; x_wconf 78' lang='grc' dir='ltr'><strong>οὖν</strong></span> <span class='ocrx_word' id='word_1_555' title='bbox 3484 2512 3598 2581; x_wconf 65' lang='grc' dir='ltr'>μέλε</span> 
     </span>
    </p>
   </div>
   <div class='ocr_carea' id='block_1_72' title="bbox 1978 2601 3601 2678">
    <p class='ocr_par' dir='ltr' id='par_1_72' title="bbox 1978 2601 3601 2678">
     <span class='ocr_line' id='line_1_72' title="bbox 1978 2601 3601 2678; baseline -0.003 -17"><span class='ocrx_word' id='word_1_556' title='bbox 1978 2610 2100 2672; x_wconf 81' lang='grc' dir='ltr'>λων,</span> <span class='ocrx_word' id='word_1_557' title='bbox 2139 2610 2289 2678; x_wconf 78' lang='grc' dir='ltr'>φησὶ,</span> <span class='ocrx_word' id='word_1_558' title='bbox 2320 2607 2405 2660; x_wconf 84' lang='grc' dir='ltr'>διὰ</span> <span class='ocrx_word' id='word_1_559' title='bbox 2421 2605 2514 2658; x_wconf 83' lang='grc' dir='ltr'>τοῦ</span> <span class='ocrx_word' id='word_1_560' title='bbox 2548 2606 3069 2676; x_wconf 83' lang='grc' dir='ltr'>προφητευομὲνου</span> <span class='ocrx_word' id='word_1_561' title='bbox 3110 2601 3265 2664; x_wconf 74' lang='grc' dir='ltr'>λαὸς,</span> <span class='ocrx_word' id='word_1_562' title='bbox 3303 2603 3460 2656; x_wconf 80' lang='grc' dir='ltr'><strong>κατά</strong></span> <span class='ocrx_word' id='word_1_563' title='bbox 3496 2604 3601 2656; x_wconf 77' lang='grc' dir='ltr'><strong>διὰ-</strong></span> 
     </span>
    </p>
   </div>
   <div class='ocr_carea' id='block_1_73' title="bbox 1979 2691 3604 2768">
    <p class='ocr_par' dir='ltr' id='par_1_73' title="bbox 1979 2691 3604 2768">
     <span class='ocr_line' id='line_1_73' title="bbox 1979 2691 3604 2768; baseline -0.004 -16"><span class='ocrx_word' id='word_1_564' title='bbox 1979 2717 2121 2753; x_wconf 84' lang='grc' dir='ltr'>νοιαν</span> <span class='ocrx_word' id='word_1_565' title='bbox 2154 2698 2344 2760; x_wconf 84' lang='grc' dir='ltr'><strong>Ἰούδας</strong></span> <span class='ocrx_word' id='word_1_566' title='bbox 2378 2698 2527 2758; x_wconf 69' lang='grc' dir='ltr'>ὄντες</span> <span class='ocrx_word' id='word_1_567' title='bbox 2555 2698 2650 2749; x_wconf 89' lang='lat' dir='ltr'><strong>xui</strong></span> <span class='ocrx_word' id='word_1_568' title='bbox 2684 2697 2922 2768; x_wconf 84' lang='grc' dir='ltr'>Ἰσραὴλ</span> <span class='ocrx_word' id='word_1_569' title='bbox 2946 2737 2962 2760; x_wconf 87' lang='grc'><strong>,</strong></span> <span class='ocrx_word' id='word_1_570' title='bbox 2987 2691 3487 2767; x_wconf 81' lang='grc' dir='ltr'>ὀνομασθήσονται</span> <span class='ocrx_word' id='word_1_571' title='bbox 3509 2695 3604 2747; x_wconf 53' lang='lat' dir='ltr'><strong>uti</strong></span> 
     </span>
    </p>
   </div>
   <div class='ocr_carea' id='block_1_74' title="bbox 1977 2781 3607 2855">
    <p class='ocr_par' dir='ltr' id='par_1_74' title="bbox 1977 2781 3607 2855">
     <span class='ocr_line' id='line_1_74' title="bbox 1977 2781 3607 2855; baseline -0.004 -15"><span class='ocrx_word' id='word_1_572' title='bbox 1977 2789 2068 2842; x_wconf 80' lang='grc' dir='ltr'>τοῦ</span> <span class='ocrx_word' id='word_1_573' title='bbox 2105 2785 2296 2839; x_wconf 83' lang='grc' dir='ltr'>Ἰοσουὲ</span> <span class='ocrx_word' id='word_1_574' title='bbox 2335 2782 2697 2852; x_wconf 77' lang='grc' dir='ltr'>Ἰωσεδεκεὶμ,</span> <span class='ocrx_word' id='word_1_575' title='bbox 2724 2787 2829 2837; x_wconf 88' lang='lat' dir='ltr'><strong>xui.</strong></span> <span class='ocrx_word' id='word_1_576' title='bbox 2857 2784 3056 2855; x_wconf 84' lang='grc' dir='ltr'>τούτῳ</span> <span class='ocrx_word' id='word_1_577' title='bbox 3087 2784 3158 2852; x_wconf 82' lang='grc' dir='ltr'><strong>γέ</strong></span> <span class='ocrx_word' id='word_1_578' title='bbox 3183 2797 3330 2850; x_wconf 82' lang='grc' dir='ltr'>φησι</span> <span class='ocrx_word' id='word_1_579' title='bbox 3353 2823 3370 2847; x_wconf 86' lang='grc'><strong>,</strong></span> <span class='ocrx_word' id='word_1_580' title='bbox 3405 2781 3607 2852; x_wconf 78' lang='grc' dir='ltr'>κληθή-</span> 
     </span>
    </p>
   </div>
   <div class='ocr_carea' id='block_1_75' title="bbox 1982 2869 3611 2943">
    <p class='ocr_par' dir='ltr' id='par_1_75' title="bbox 1982 2869 3611 2943">
     <span class='ocr_line' id='line_1_75' title="bbox 1982 2869 3611 2943; baseline -0.004 -14"><span class='ocrx_word' id='word_1_581' title='bbox 1982 2892 2155 2929; x_wconf 85' lang='grc' dir='ltr'>σονται</span> <span class='ocrx_word' id='word_1_582' title='bbox 2178 2873 2254 2940; x_wconf 84' lang='grc' dir='ltr'><strong>τῷ</strong></span> <span class='ocrx_word' id='word_1_583' title='bbox 2277 2871 2622 2942; x_wconf 84' lang='grc' dir='ltr'>προσρήματι</span> <span class='ocrx_word' id='word_1_584' title='bbox 2649 2871 2712 2922; x_wconf 80' lang='grc' dir='ltr'><strong>οὐ</strong></span> <span class='ocrx_word' id='word_1_585' title='bbox 2744 2873 2894 2942; x_wconf 85' lang='grc' dir='ltr'>παρ’</span> <span class='ocrx_word' id='word_1_586' title='bbox 2920 2872 3275 2943; x_wconf 81' lang='grc' dir='ltr'>ἀνθρώποις,</span> <span class='ocrx_word' id='word_1_587' title='bbox 3305 2869 3460 2922; x_wconf 76' lang='grc' dir='ltr'>ἀλλὰ</span> <span class='ocrx_word' id='word_1_588' title='bbox 3491 2871 3611 2939; x_wconf 74' lang='grc' dir='ltr'>παρ’</span> 
     </span>
    </p>
   </div>
   <div class='ocr_carea' id='block_1_76' title="bbox 1980 2957 3615 3036">
    <p class='ocr_par' dir='ltr' id='par_1_76' title="bbox 1980 2957 3615 3036">
     <span class='ocr_line' id='line_1_76' title="bbox 1980 2957 3615 3036; baseline -0.006 -17"><span class='ocrx_word' id='word_1_589' title='bbox 1980 2965 2123 3036; x_wconf 84' lang='grc' dir='ltr'>αύτῷ</span> <span class='ocrx_word' id='word_1_590' title='bbox 2153 2963 2229 3034; x_wconf 87' lang='grc' dir='ltr'><strong>τῷ</strong></span> <span class='ocrx_word' id='word_1_591' title='bbox 2249 2963 2382 3032; x_wconf 87' lang='grc' dir='ltr'>Θεῷ,</span> <span class='ocrx_word' id='word_1_592' title='bbox 2405 2962 2498 3015; x_wconf 88' lang='lat' dir='ltr'><strong>xui</strong></span> <span class='ocrx_word' id='word_1_593' title='bbox 2523 2961 2680 3031; x_wconf 79' lang='grc' dir='ltr'>παρὰ</span> <span class='ocrx_word' id='word_1_594' title='bbox 2712 2964 2836 3024; x_wconf 85' lang='grc' dir='ltr'>τοῖς</span> <span class='ocrx_word' id='word_1_595' title='bbox 2875 2963 3208 3033; x_wconf 72' lang='grc' dir='ltr'>προφήταις</span> <span class='ocrx_word' id='word_1_596' title='bbox 3238 2957 3453 3011; x_wconf 77' lang='grc' dir='ltr'>αὐτοῦ.</span> <span class='ocrx_word' id='word_1_597' title='bbox 3471 2960 3615 3010; x_wconf 80' lang='grc' dir='ltr'>Ἐπι-</span> 
     </span>
    </p>
   </div>
   <div class='ocr_carea' id='block_1_77' title="bbox 1986 3049 3621 3128">
    <p class='ocr_par' dir='ltr' id='par_1_77' title="bbox 1986 3049 3621 3128">
     <span class='ocr_line' id='line_1_77' title="bbox 1986 3049 3621 3128; baseline -0.006 -19"><span class='ocrx_word' id='word_1_598' title='bbox 1986 3056 2157 3128; x_wconf 84' lang='grc' dir='ltr'>μελῶς</span> <span class='ocrx_word' id='word_1_599' title='bbox 2187 3055 2292 3126; x_wconf 79' lang='grc' dir='ltr'><strong>γὰρ</strong></span> <span class='ocrx_word' id='word_1_600' title='bbox 2324 3053 2558 3123; x_wconf 79' lang='grc' dir='ltr'>πρόσχες</span> <span class='ocrx_word' id='word_1_601' title='bbox 2595 3050 2678 3120; x_wconf 88' lang='grc' dir='ltr'><strong>τῷ</strong></span> <span class='ocrx_word' id='word_1_602' title='bbox 2708 3051 2868 3120; x_wconf 81' lang='grc' dir='ltr'>λόγῳ</span> <span class='ocrx_word' id='word_1_603' title='bbox 2909 3053 3201 3123; x_wconf 81' lang='grc' dir='ltr'>φήσαντι,</span> <span class='ocrx_word' id='word_1_604' title='bbox 3257 3067 3281 3098; x_wconf 71' lang='grc' dir='ltr'><strong>ι</strong></span> <span class='ocrx_word' id='word_1_605' title='bbox 3320 3049 3428 3101; x_wconf 69' lang='grc' dir='ltr'><strong>καὶ</strong></span> <span class='ocrx_word' id='word_1_606' title='bbox 3470 3050 3621 3100; x_wconf 75' lang='grc' dir='ltr'>τοὶτο</span> 
     </span>
    </p>
   </div>
   <div class='ocr_carea' id='block_1_78' title="bbox 1979 3140 3624 3216">
    <p class='ocr_par' dir='ltr' id='par_1_78' title="bbox 1979 3140 3624 3216">
     <span class='ocr_line' id='line_1_78' title="bbox 1979 3140 3624 3216; baseline -0.007 -15"><span class='ocrx_word' id='word_1_607' title='bbox 1979 3149 2038 3200; x_wconf 86' lang='grc' dir='ltr'><strong>τὸ</strong></span> <span class='ocrx_word' id='word_1_608' title='bbox 2062 3148 2253 3216; x_wconf 75' lang='grc' dir='ltr'>ὄνομα,</span> <span class='ocrx_word' id='word_1_609' title='bbox 2287 3145 2316 3196; x_wconf 81' lang='grc' dir='ltr'>ὃ</span> <span class='ocrx_word' id='word_1_610' title='bbox 2345 3142 2558 3197; x_wconf 73' lang='grc' dir='ltr'>καλεσει</span> <span class='ocrx_word' id='word_1_611' title='bbox 2588 3142 2794 3204; x_wconf 77' lang='grc' dir='ltr'>αὐτοὺς</span> <span class='ocrx_word' id='word_1_612' title='bbox 2836 3144 3102 3214; x_wconf 84' lang='grc' dir='ltr'>Κύριος,</span> <span class='ocrx_word' id='word_1_613' title='bbox 3160 3140 3532 3209; x_wconf 72' lang='grc' dir='ltr'>Ἰωσεδεκεὶμ</span> <span class='ocrx_word' id='word_1_614' title='bbox 3572 3141 3624 3192; x_wconf 71' lang='grc' dir='ltr'>ἐν</span> 
     </span>
    </p>
   </div>
   <div class='ocr_carea' id='block_1_79' title="bbox 1981 3230 3629 3307">
    <p class='ocr_par' dir='ltr' id='par_1_79' title="bbox 1981 3230 3629 3307">
     <span class='ocr_line' id='line_1_79' title="bbox 1981 3230 3629 3307; baseline -0.007 -15"><span class='ocrx_word' id='word_1_615' title='bbox 1981 3242 2092 3301; x_wconf 89' lang='grc' dir='ltr'>τοῖς</span> <span class='ocrx_word' id='word_1_616' title='bbox 2145 3237 2460 3307; x_wconf 83' lang='grc' dir='ltr'>προφήταις.</span> <span class='ocrx_word' id='word_1_617' title='bbox 2493 3252 2511 3283; x_wconf 78' lang='grc' dir='ltr'><strong>ι</strong></span> <span class='ocrx_word' id='word_1_618' title='bbox 2561 3233 3100 3304; x_wconf 58' lang='grc' dir='ltr'>Μεταλαίμόἀνεται</span> <span class='ocrx_word' id='word_1_619' title='bbox 3158 3233 3241 3293; x_wconf 84' lang='grc' dir='ltr'>δὲ,</span> <span class='ocrx_word' id='word_1_620' title='bbox 3319 3232 3410 3293; x_wconf 81' lang='grc' dir='ltr'>ὡς</span> <span class='ocrx_word' id='word_1_621' title='bbox 3466 3230 3629 3298; x_wconf 64' lang='grc' dir='ltr'>ἔφην,</span> 
     </span>
    </p>
   </div>
   <div class='ocr_carea' id='block_1_80' title="bbox 1983 3318 3631 3395">
    <p class='ocr_par' dir='ltr' id='par_1_80' title="bbox 1983 3318 3631 3395">
     <span class='ocr_line' id='line_1_80' title="bbox 1983 3318 3631 3395; baseline -0.007 -16"><span class='ocrx_word' id='word_1_622' title='bbox 1983 3325 2210 3395; x_wconf 78' lang='grc' dir='ltr'>τοῦνομα</span> <span class='ocrx_word' id='word_1_623' title='bbox 2233 3325 2309 3385; x_wconf 77' lang='grc' dir='ltr'><strong>εἰς</strong></span> <span class='ocrx_word' id='word_1_624' title='bbox 2334 3324 2430 3392; x_wconf 86' lang='grc' dir='ltr'>τὴν</span> <span class='ocrx_word' id='word_1_625' title='bbox 2446 3322 2713 3391; x_wconf 83' lang='grc' dir='ltr'>Ἐλλήνων</span> <span class='ocrx_word' id='word_1_626' title='bbox 2734 3322 2965 3393; x_wconf 85' lang='grc' dir='ltr'>φωνὴν,</span> <span class='ocrx_word' id='word_1_627' title='bbox 2992 3325 3052 3375; x_wconf 78' lang='grc' dir='ltr'>οἱ</span> <span class='ocrx_word' id='word_1_628' title='bbox 3084 3321 3181 3376; x_wconf 79' lang='grc' dir='ltr'>τοῦ</span> <span class='ocrx_word' id='word_1_629' title='bbox 3211 3318 3377 3371; x_wconf 77' lang='grc' dir='ltr'>Θεοῦ</span> <span class='ocrx_word' id='word_1_630' title='bbox 3410 3318 3631 3370; x_wconf 81' lang='grc' dir='ltr'>δίκαιοι·</span> 
     </span>
    </p>
   </div>
   <div class='ocr_carea' id='block_1_81' title="bbox 1983 3407 3639 3484">
    <p class='ocr_par' dir='ltr' id='par_1_81' title="bbox 1983 3407 3639 3484">
     <span class='ocr_line' id='line_1_81' title="bbox 1983 3407 3639 3484; baseline -0.005 -14"><span class='ocrx_word' id='word_1_631' title='bbox 1983 3417 2180 3470; x_wconf 87' lang='grc' dir='ltr'>τούτων</span> <span class='ocrx_word' id='word_1_632' title='bbox 2203 3415 2259 3467; x_wconf 84' lang='grc' dir='ltr'>δὲ</span> <span class='ocrx_word' id='word_1_633' title='bbox 2285 3413 2453 3476; x_wconf 75' lang='grc' dir='ltr'>οὕτως</span> <span class='ocrx_word' id='word_1_634' title='bbox 2485 3413 2903 3484; x_wconf 80' lang='grc' dir='ltr'>σωθησομένων</span> <span class='ocrx_word' id='word_1_635' title='bbox 2928 3455 2944 3478; x_wconf 94' lang='grc'><strong>,</strong></span> <span class='ocrx_word' id='word_1_636' title='bbox 2976 3415 3086 3468; x_wconf 76' lang='grc' dir='ltr'>τὸν</span> <span class='ocrx_word' id='word_1_637' title='bbox 3114 3411 3372 3468; x_wconf 71' lang='grc' dir='ltr'>παλαιὸν</span> <span class='ocrx_word' id='word_1_638' title='bbox 3410 3411 3516 3464; x_wconf 79' lang='lat' dir='ltr'><strong>xu‘t</strong></span> <span class='ocrx_word' id='word_1_639' title='bbox 3547 3407 3639 3478; x_wconf 65' lang='grc' dir='ltr'>βα.-</span> 
     </span>
    </p>
   </div>
   <div class='ocr_carea' id='block_1_82' title="bbox 1989 3499 3642 3578">
    <p class='ocr_par' dir='ltr' id='par_1_82' title="bbox 1989 3499 3642 3578">
     <span class='ocr_line' id='line_1_82' title="bbox 1989 3499 3642 3578; baseline -0.007 -16"><span class='ocrx_word' id='word_1_640' title='bbox 1989 3510 2081 3578; x_wconf 76' lang='grc' dir='ltr'><strong>ρὺν</strong></span> <span class='ocrx_word' id='word_1_641' title='bbox 2107 3506 2214 3558; x_wconf 82' lang='grc' dir='ltr'>τῶν</span> <span class='ocrx_word' id='word_1_642' title='bbox 2247 3503 2457 3574; x_wconf 85' lang='grc' dir='ltr'>πικρῶν</span> <span class='ocrx_word' id='word_1_643' title='bbox 2484 3502 2762 3572; x_wconf 88' lang='grc' dir='ltr'>δαιμόνων</span> <span class='ocrx_word' id='word_1_644' title='bbox 2787 3501 2973 3571; x_wconf 79' lang='grc' dir='ltr'>ζυγὸν</span> <span class='ocrx_word' id='word_1_645' title='bbox 3005 3499 3358 3574; x_wconf 78' lang='grc' dir='ltr'>συντρίψειν</span> <span class='ocrx_word' id='word_1_646' title='bbox 3385 3502 3494 3554; x_wconf 69' lang='grc' dir='ltr'>καὶ</span> <span class='ocrx_word' id='word_1_647' title='bbox 3522 3501 3642 3559; x_wconf 81' lang='grc' dir='ltr'>τοὺς</span> 
     </span>
    </p>
   </div>
   <div class='ocr_carea' id='block_1_83' title="bbox 1985 3591 3646 3665">
    <p class='ocr_par' dir='ltr' id='par_1_83' title="bbox 1985 3591 3646 3665">
     <span class='ocr_line' id='line_1_83' title="bbox 1985 3591 3646 3665; baseline -0.005 -17"><span class='ocrx_word' id='word_1_648' title='bbox 1985 3593 2064 3660; x_wconf 81' lang='grc' dir='ltr'>οἷς</span> <span class='ocrx_word' id='word_1_649' title='bbox 2112 3596 2172 3648; x_wconf 86' lang='grc' dir='ltr'><strong>τὸ</strong></span> <span class='ocrx_word' id='word_1_650' title='bbox 2213 3596 2336 3665; x_wconf 78' lang='grc' dir='ltr'>πρὶν</span> <span class='ocrx_word' id='word_1_651' title='bbox 2385 3593 2722 3663; x_wconf 83' lang='grc' dir='ltr'>συνείχοντο,</span> <span class='ocrx_word' id='word_1_652' title='bbox 2771 3593 3036 3664; x_wconf 79' lang='grc' dir='ltr'>δεσμοὺς</span> <span class='ocrx_word' id='word_1_653' title='bbox 3071 3597 3187 3649; x_wconf 82' lang='grc' dir='ltr'><strong>τῶν</strong></span> <span class='ocrx_word' id='word_1_654' title='bbox 3241 3591 3646 3662; x_wconf 63' lang='grc' dir='ltr'>ἀσεϐημάτων</span> 
     </span>
    </p>
   </div>
   <div class='ocr_carea' id='block_1_84' title="bbox 1985 3679 3648 3756">
    <p class='ocr_par' dir='ltr' id='par_1_84' title="bbox 1985 3679 3648 3756">
     <span class='ocr_line' id='line_1_84' title="bbox 1985 3679 3648 3756; baseline -0.005 -18"><span class='ocrx_word' id='word_1_655' title='bbox 1985 3684 2287 3756; x_wconf 78' lang='grc' dir='ltr'>διαρρήξειν</span> <span class='ocrx_word' id='word_1_656' title='bbox 2336 3684 2364 3735; x_wconf 86' lang='lat'><strong>6</strong></span> <span class='ocrx_word' id='word_1_657' title='bbox 2401 3681 2533 3744; x_wconf 81' lang='grc' dir='ltr'>Θεὸς</span> <span class='ocrx_word' id='word_1_658' title='bbox 2578 3681 3040 3748; x_wconf 79' lang='grc' dir='ltr'>ἐπαγγέλλεται,</span> <span class='ocrx_word' id='word_1_659' title='bbox 3094 3684 3176 3746; x_wconf 85' lang='grc' dir='ltr'>ὼς</span> <span class='ocrx_word' id='word_1_660' title='bbox 3211 3681 3462 3749; x_wconf 79' lang='grc' dir='ltr'>μηκέτι</span> <span class='ocrx_word' id='word_1_661' title='bbox 3509 3679 3648 3740; x_wconf 81' lang='grc' dir='ltr'>θεοῖς</span> 
     </span>
    </p>
   </div>
   <div class='ocr_carea' id='block_1_85' title="bbox 1987 3771 3652 3846">
    <p class='ocr_par' dir='ltr' id='par_1_85' title="bbox 1987 3771 3652 3846">
     <span class='ocr_line' id='line_1_85' title="bbox 1987 3771 3652 3846; baseline -0.005 -16"><span class='ocrx_word' id='word_1_662' title='bbox 1987 3775 2279 3846; x_wconf 85' lang='grc' dir='ltr'>ἀλλοτρίοις</span> <span class='ocrx_word' id='word_1_663' title='bbox 2309 3772 2574 3827; x_wconf 84' lang='grc' dir='ltr'>δουλεύειν</span> <span class='ocrx_word' id='word_1_664' title='bbox 2617 3773 2860 3836; x_wconf 80' lang='grc' dir='ltr'>αὐτοὺς,</span> <span class='ocrx_word' id='word_1_665' title='bbox 2916 3774 3081 3844; x_wconf 85' lang='grc' dir='ltr'>μόνῳ</span> <span class='ocrx_word' id='word_1_666' title='bbox 3122 3774 3180 3827; x_wconf 88' lang='grc' dir='ltr'>δὲ</span> <span class='ocrx_word' id='word_1_667' title='bbox 3207 3771 3396 3840; x_wconf 78' lang='grc' dir='ltr'>αὐτῷ</span> <span class='ocrx_word' id='word_1_668' title='bbox 3433 3785 3652 3843; x_wconf 73' lang='grc' dir='ltr'>καρπο-</span> 
     </span>
    </p>
   </div>
   <div class='ocr_carea' id='block_1_86' title="bbox 1989 3861 3652 3937">
    <p class='ocr_par' dir='ltr' id='par_1_86' title="bbox 1989 3861 3652 3937">
     <span class='ocr_line' id='line_1_86' title="bbox 1989 3861 3652 3937; baseline -0.005 -18"><span class='ocrx_word' id='word_1_669' title='bbox 1989 3869 2171 3937; x_wconf 81' lang='grc' dir='ltr'>φορεῖν</span> <span class='ocrx_word' id='word_1_670' title='bbox 2201 3864 2559 3934; x_wconf 82' lang='grc' dir='ltr'>ἀρεσκόντως.</span> <span class='ocrx_word' id='word_1_671' title='bbox 2599 3861 2867 3931; x_wconf 84' lang='grc' dir='ltr'>Παράθες</span> <span class='ocrx_word' id='word_1_672' title='bbox 2918 3863 2983 3915; x_wconf 85' lang='grc' dir='ltr'>δὲ</span> <span class='ocrx_word' id='word_1_673' title='bbox 3020 3864 3244 3923; x_wconf 80' lang='grc' dir='ltr'>τούτοις</span> <span class='ocrx_word' id='word_1_674' title='bbox 3299 3861 3375 3914; x_wconf 76' lang='grc' dir='ltr'>τὸ</span> <span class='ocrx_word' id='word_1_675' title='bbox 3420 3863 3489 3914; x_wconf 83' lang='grc' dir='ltr'>ὲν</span> <span class='ocrx_word' id='word_1_676' title='bbox 3534 3863 3652 3912; x_wconf 83' lang='grc' dir='ltr'>δευ-</span> 
     </span>
    </p>
   </div>
   <div class='ocr_carea' id='block_1_87' title="bbox 1987 3948 3651 4024">
    <p class='ocr_par' dir='ltr' id='par_1_87' title="bbox 1987 3948 3651 4024">
     <span class='ocr_line' id='line_1_87' title="bbox 1987 3948 3651 4024; baseline -0.002 -19"><span class='ocrx_word' id='word_1_677' title='bbox 1987 3955 2127 4024; x_wconf 76' lang='grc' dir='ltr'>τέρῳ</span> <span class='ocrx_word' id='word_1_678' title='bbox 2163 3950 2360 4021; x_wconf 76' lang='grc' dir='ltr'>ψαλμῷ</span> <span class='ocrx_word' id='word_1_679' title='bbox 2394 3951 2489 4002; x_wconf 75' lang='grc' dir='ltr'>ἐπὶ</span> <span class='ocrx_word' id='word_1_680' title='bbox 2510 3951 2578 4018; x_wconf 79' lang='grc' dir='ltr'>τῇ</span> <span class='ocrx_word' id='word_1_681' title='bbox 2607 3948 2704 4001; x_wconf 76' lang='grc' dir='ltr'>τοῦ</span> <span class='ocrx_word' id='word_1_682' title='bbox 2734 3949 2998 4019; x_wconf 78' lang='grc' dir='ltr'>Χριστοῦ</span> <span class='ocrx_word' id='word_1_683' title='bbox 3044 3949 3355 4022; x_wconf 79' lang='grc' dir='ltr'>παρουσίᾳ</span> <span class='ocrx_word' id='word_1_684' title='bbox 3376 3991 3395 4015; x_wconf 85' lang='grc'><strong>,</strong></span> <span class='ocrx_word' id='word_1_685' title='bbox 3449 3950 3556 4002; x_wconf 75' lang='grc' dir='ltr'>καὶ</span> <span class='ocrx_word' id='word_1_686' title='bbox 3587 3948 3651 4015; x_wconf 80' lang='grc' dir='ltr'>τῇ</span> 
     </span>
    </p>
   </div>
   <div class='ocr_carea' id='block_1_88' title="bbox 1986 4039 3652 4112">
    <p class='ocr_par' dir='ltr' id='par_1_88' title="bbox 1986 4039 3652 4112">
     <span class='ocr_line' id='line_1_88' title="bbox 1986 4039 3652 4112; baseline -0.003 -18"><span class='ocrx_word' id='word_1_687' title='bbox 1986 4042 2091 4095; x_wconf 83' lang='grc' dir='ltr'><strong>τῶν</strong></span> <span class='ocrx_word' id='word_1_688' title='bbox 2145 4043 2310 4096; x_wconf 73' lang='grc' dir='ltr'>ἐθνῶν</span> <span class='ocrx_word' id='word_1_689' title='bbox 2356 4041 2544 4110; x_wconf 74' lang='grc' dir='ltr'>κλήσει</span> <span class='ocrx_word' id='word_1_690' title='bbox 2589 4039 2803 4106; x_wconf 83' lang='grc' dir='ltr'>φάσκον</span> <span class='ocrx_word' id='word_1_691' title='bbox 2868 4040 3105 4109; x_wconf 82' lang='grc' dir='ltr'>λόγιον,</span> <span class='ocrx_word' id='word_1_692' title='bbox 3159 4061 3174 4092; x_wconf 80' lang='grc' dir='ltr'><strong>ι</strong></span> <span class='ocrx_word' id='word_1_693' title='bbox 3198 4039 3652 4112; x_wconf 74' lang='grc' dir='ltr'>Διαρῤήεωμεν</span> 
     </span>
    </p>
   </div>
   <div class='ocr_carea' id='block_1_89' title="bbox 1985 4129 3652 4202">
    <p class='ocr_par' dir='ltr' id='par_1_89' title="bbox 1985 4129 3652 4202">
     <span class='ocr_line' id='line_1_89' title="bbox 1985 4129 3652 4202; baseline -0.003 -18"><span class='ocrx_word' id='word_1_694' title='bbox 1985 4132 2111 4194; x_wconf 80' lang='grc' dir='ltr'>τοὺς</span> <span class='ocrx_word' id='word_1_695' title='bbox 2133 4131 2360 4201; x_wconf 79' lang='grc' dir='ltr'>δεσμοὺς</span> <span class='ocrx_word' id='word_1_696' title='bbox 2391 4129 2589 4193; x_wconf 79' lang='grc' dir='ltr'>αὐτῶν,</span> <span class='ocrx_word' id='word_1_697' title='bbox 2617 4129 2714 4182; x_wconf 84' lang='lat' dir='ltr'><strong>xui.</strong></span> <span class='ocrx_word' id='word_1_698' title='bbox 2740 4129 3170 4202; x_wconf 73' lang='grc' dir='ltr'>ἀπορρίψωμεν</span> <span class='ocrx_word' id='word_1_699' title='bbox 3195 4130 3312 4198; x_wconf 80' lang='grc' dir='ltr'><strong>ἀφ’</strong></span> <span class='ocrx_word' id='word_1_700' title='bbox 3352 4131 3540 4202; x_wconf 75' lang='grc' dir='ltr'>ἡμῶν</span> <span class='ocrx_word' id='word_1_701' title='bbox 3564 4129 3652 4180; x_wconf 79' lang='grc' dir='ltr'>τὸν</span> 
     </span>
    </p>
   </div>
   <div class='ocr_carea' id='block_1_90' title="bbox 1989 4212 3655 4292">
    <p class='ocr_par' dir='ltr' id='par_1_90' title="bbox 1989 4212 3655 4292">
     <span class='ocr_line' id='line_1_90' title="bbox 1989 4212 3655 4292; baseline -0.004 -18"><span class='ocrx_word' id='word_1_702' title='bbox 1989 4219 2147 4290; x_wconf 79' lang='grc' dir='ltr'>ζυγὸν</span> <span class='ocrx_word' id='word_1_703' title='bbox 2185 4221 2389 4284; x_wconf 79' lang='grc' dir='ltr'>αὐτῶν,</span> <span class='ocrx_word' id='word_1_704' title='bbox 2422 4239 2440 4271; x_wconf 75' lang='grc' dir='ltr'><strong>ι</strong></span> <span class='ocrx_word' id='word_1_705' title='bbox 2484 4212 2529 4285; x_wconf 83' lang='grc' dir='ltr'>ᾧ</span> <span class='ocrx_word' id='word_1_706' title='bbox 2561 4219 2854 4286; x_wconf 78' lang='grc' dir='ltr'>συγγενὲς,</span> <span class='ocrx_word' id='word_1_707' title='bbox 2909 4222 3187 4292; x_wconf 80' lang='grc' dir='ltr'>ἠγοῦμαι,</span> <span class='ocrx_word' id='word_1_708' title='bbox 3245 4220 3560 4290; x_wconf 79' lang='grc' dir='ltr'>τυγχάνει</span> <span class='ocrx_word' id='word_1_709' title='bbox 3597 4218 3655 4268; x_wconf 83' lang='grc' dir='ltr'>τὸ</span> 
     </span>
    </p>
   </div>
   <div class='ocr_carea' id='block_1_91' title="bbox 1993 4306 3653 4384">
    <p class='ocr_par' dir='ltr' id='par_1_91' title="bbox 1993 4306 3653 4384">
     <span class='ocr_line' id='line_1_91' title="bbox 1993 4306 3653 4384; baseline -0.004 -20"><span class='ocrx_word' id='word_1_710' title='bbox 1993 4311 2128 4381; x_wconf 82' lang='grc' dir='ltr'>μετὰ</span> <span class='ocrx_word' id='word_1_711' title='bbox 2169 4314 2352 4382; x_wconf 81' lang='grc' dir='ltr'>χεῖρας</span> <span class='ocrx_word' id='word_1_712' title='bbox 2393 4309 2550 4376; x_wconf 77' lang='grc' dir='ltr'>λέγον</span> <span class='ocrx_word' id='word_1_713' title='bbox 2575 4327 2588 4340; x_wconf 87' lang='grc'><strong>·</strong></span> <span class='ocrx_word' id='word_1_714' title='bbox 2645 4329 2666 4359; x_wconf 78' lang='grc' dir='ltr'><strong>ι</strong></span> <span class='ocrx_word' id='word_1_715' title='bbox 2708 4310 2800 4361; x_wconf 90' lang='grc' dir='ltr'>Ἐν</span> <span class='ocrx_word' id='word_1_716' title='bbox 2830 4313 2905 4382; x_wconf 79' lang='grc' dir='ltr'>τῇ</span> <span class='ocrx_word' id='word_1_717' title='bbox 2955 4312 3156 4384; x_wconf 76' lang='grc' dir='ltr'>ἡμέρᾳ</span> <span class='ocrx_word' id='word_1_718' title='bbox 3196 4311 3460 4382; x_wconf 73' lang='grc' dir='ltr'>ἐκείνῃ,</span> <span class='ocrx_word' id='word_1_719' title='bbox 3531 4306 3653 4360; x_wconf 79' lang='grc' dir='ltr'>εἷπε</span> 
     </span>
    </p>
   </div>
   <div class='ocr_carea' id='block_1_92' title="bbox 1989 4398 3653 4474">
    <p class='ocr_par' dir='ltr' id='par_1_92' title="bbox 1989 4398 3653 4474">
     <span class='ocr_line' id='line_1_92' title="bbox 1989 4398 3653 4474; baseline -0.003 -21"><span class='ocrx_word' id='word_1_720' title='bbox 1989 4402 2188 4472; x_wconf 78' lang='grc' dir='ltr'>Κύριος</span> <span class='ocrx_word' id='word_1_721' title='bbox 2207 4439 2221 4463; x_wconf 93' lang='grc'><strong>,</strong></span> <span class='ocrx_word' id='word_1_722' title='bbox 2253 4399 2521 4469; x_wconf 74' lang='grc' dir='ltr'>συντρίψω</span> <span class='ocrx_word' id='word_1_723' title='bbox 2566 4398 2731 4465; x_wconf 79' lang='grc' dir='ltr'>ζυγὸν</span> <span class='ocrx_word' id='word_1_724' title='bbox 2778 4400 2898 4453; x_wconf 84' lang='grc' dir='ltr'>ἀπὸ</span> <span class='ocrx_word' id='word_1_725' title='bbox 2929 4403 3213 4474; x_wconf 81' lang='grc' dir='ltr'>τραχήλου</span> <span class='ocrx_word' id='word_1_726' title='bbox 3256 4402 3480 4454; x_wconf 75' lang='grc' dir='ltr'>αὐτῶν</span> <span class='ocrx_word' id='word_1_727' title='bbox 3507 4442 3526 4465; x_wconf 89' lang='grc'><strong>,</strong></span> <span class='ocrx_word' id='word_1_728' title='bbox 3559 4399 3653 4452; x_wconf 76' lang='grc' dir='ltr'><strong>καὶ</strong></span> 
     </span>
    </p>
   </div>
   <div class='ocr_carea' id='block_1_93' title="bbox 367 4488 1843 4568">
    <p class='ocr_par' dir='ltr' id='par_1_93' title="bbox 367 4489 1843 4568">
     <span class='ocr_line' id='line_1_93' title="bbox 367 4489 1843 4568; baseline -0.007 -16"><span class='ocrx_word' id='word_1_729' title='bbox 367 4497 730 4568; x_wconf 86' lang='lat' dir='ltr'><strong>operabuntnr</strong></span> <span class='ocrx_word' id='word_1_730' title='bbox 758 4495 980 4550; x_wconf 87' lang='lat' dir='ltr'><strong>Domino</strong></span> <span class='ocrx_word' id='word_1_731' title='bbox 1007 4494 1115 4549; x_wconf 91' lang='lat' dir='ltr'><strong>Deo</strong></span> <span class='ocrx_word' id='word_1_732' title='bbox 1141 4508 1260 4548; x_wconf 84' lang='lat' dir='ltr'><strong>suo.</strong></span> <span class='ocrx_word' id='word_1_733' title='bbox 1300 4513 1318 4546; x_wconf 74' lang='grc' dir='ltr'><strong>ι</strong></span> <span class='ocrx_word' id='word_1_734' title='bbox 1355 4492 1637 4556; x_wconf 68' lang='lat' dir='ltr'><strong>Caeterum,</strong></span> <span class='ocrx_word' id='word_1_735' title='bbox 1661 4489 1802 4558; x_wconf 90' lang='lat' dir='ltr'><strong>quod</strong></span> <span class='ocrx_word' id='word_1_736' title='bbox 1825 4504 1843 4542; x_wconf 80' lang='grc' dir='ltr'><strong>ι</strong></span> 
     </span>
    </p>
   </div>
   <div class='ocr_carea' id='block_1_94' title="bbox 2177 4488 3653 4568">
    <p class='ocr_par' dir='ltr' id='par_1_94' title="bbox 2177 4488 3653 4562">
     <span class='ocr_line' id='line_1_94' title="bbox 2177 4488 3653 4562; baseline -0.003 -19"><span class='ocrx_word' id='word_1_737' title='bbox 2177 4490 2366 4558; x_wconf 76' lang='grc' dir='ltr'>εσμοὺς</span> <span class='ocrx_word' id='word_1_738' title='bbox 2392 4488 2568 4541; x_wconf 78' lang='grc' dir='ltr'>αὐτῶν</span> <span class='ocrx_word' id='word_1_739' title='bbox 2595 4489 2887 4560; x_wconf 75' lang='grc' dir='ltr'>διαρῤήξω</span> <span class='ocrx_word' id='word_1_740' title='bbox 2907 4531 2922 4555; x_wconf 89' lang='grc'><strong>,</strong></span> <span class='ocrx_word' id='word_1_741' title='bbox 2956 4495 3060 4547; x_wconf 76' lang='grc' dir='ltr'><strong>καὶ</strong></span> <span class='ocrx_word' id='word_1_742' title='bbox 3094 4496 3192 4548; x_wconf 70' lang='grc' dir='ltr'><strong>οὐκ</strong></span> <span class='ocrx_word' id='word_1_743' title='bbox 3215 4493 3542 4562; x_wconf 79' lang='grc' dir='ltr'>ὲργῶνται</span> <span class='ocrx_word' id='word_1_744' title='bbox 3573 4491 3653 4542; x_wconf 76' lang='grc' dir='ltr'>ἑτι</span> 
     </span>
    </p>
   </div>
   <div class='ocr_carea' id='block_1_95' title="bbox 368 4577 1893 4659">
    <p class='ocr_par' dir='ltr' id='par_1_95' title="bbox 368 4577 1893 4659">
     <span class='ocr_line' id='line_1_95' title="bbox 368 4577 1893 4659; baseline -0.009 -15"><span class='ocrx_word' id='word_1_745' title='bbox 368 4591 547 4645; x_wconf 81' lang='lat' dir='ltr'><strong>fructu</strong></span> <span class='ocrx_word' id='word_1_746' title='bbox 567 4588 782 4659; x_wconf 90' lang='lat' dir='ltr'><strong>quidem</strong></span> <span class='ocrx_word' id='word_1_747' title='bbox 803 4585 1007 4640; x_wconf 85' lang='lat' dir='ltr'><strong>ventris</strong></span> <span class='ocrx_word' id='word_1_748' title='bbox 1037 4583 1220 4645; x_wconf 86' lang='lat' dir='ltr'><strong>David,</strong></span> <span class='ocrx_word' id='word_1_749' title='bbox 1251 4589 1304 4636; x_wconf 90' lang='lat' dir='ltr'><strong>et</strong></span> <span class='ocrx_word' id='word_1_750' title='bbox 1321 4581 1388 4636; x_wconf 91' lang='lat' dir='ltr'><strong>de</strong></span> <span class='ocrx_word' id='word_1_751' title='bbox 1420 4580 1623 4635; x_wconf 89' lang='lat' dir='ltr'><strong>semine</strong></span> <span class='ocrx_word' id='word_1_752' title='bbox 1649 4577 1893 4633; x_wconf 80' lang='lat' dir='ltr'><strong>Salomo-</strong></span> 
     </span>
    </p>
   </div>
   <div class='ocr_carea' id='block_1_96' title="bbox 367 4671 1895 4749">
    <p class='ocr_par' dir='ltr' id='par_1_96' title="bbox 367 4671 1895 4749">
     <span class='ocr_line' id='line_1_96' title="bbox 367 4671 1895 4749; baseline -0.009 -13"><span class='ocrx_word' id='word_1_753' title='bbox 367 4683 476 4745; x_wconf 88' lang='lat' dir='ltr'><strong>nis,</strong></span> <span class='ocrx_word' id='word_1_754' title='bbox 513 4680 687 4749; x_wconf 88' lang='lat' dir='ltr'><strong>deque</strong></span> <span class='ocrx_word' id='word_1_755' title='bbox 729 4677 908 4732; x_wconf 88' lang='lat' dir='ltr'><strong>radice</strong></span> <span class='ocrx_word' id='word_1_756' title='bbox 943 4674 1095 4731; x_wconf 81' lang='lat' dir='ltr'><strong>Jesse</strong></span> <span class='ocrx_word' id='word_1_757' title='bbox 1130 4672 1378 4728; x_wconf 89' lang='lat' dir='ltr'><strong>Christus</strong></span> <span class='ocrx_word' id='word_1_758' title='bbox 1414 4671 1504 4726; x_wconf 87' lang='lat' dir='ltr'><strong>Dei</strong></span> <span class='ocrx_word' id='word_1_759' title='bbox 1547 4671 1784 4726; x_wconf 88' lang='lat' dir='ltr'><strong>oriturus</strong></span> <span class='ocrx_word' id='word_1_760' title='bbox 1823 4671 1895 4725; x_wconf 88' lang='lat' dir='ltr'><strong>sit</strong></span> 
     </span>
    </p>
   </div>
   <div class='ocr_carea' id='block_1_97' title="bbox 368 4764 1892 4843">
    <p class='ocr_par' dir='ltr' id='par_1_97' title="bbox 368 4764 1892 4843">
     <span class='ocr_line' id='line_1_97' title="bbox 368 4764 1892 4843; baseline -0.01 -14"><span class='ocrx_word' id='word_1_761' title='bbox 368 4777 569 4839; x_wconf 86' lang='lat' dir='ltr'><strong>dictus,</strong></span> <span class='ocrx_word' id='word_1_762' title='bbox 589 4773 734 4843; x_wconf 90' lang='lat' dir='ltr'><strong>quod</strong></span> <span class='ocrx_word' id='word_1_763' title='bbox 754 4773 913 4827; x_wconf 87' lang='lat' dir='ltr'><strong>etiam</strong></span> <span class='ocrx_word' id='word_1_764' title='bbox 942 4769 1119 4839; x_wconf 90' lang='lat' dir='ltr'><strong>ipsum</strong></span> <span class='ocrx_word' id='word_1_765' title='bbox 1151 4767 1348 4821; x_wconf 80' lang='lat' dir='ltr'><strong>factum</strong></span> <span class='ocrx_word' id='word_1_766' title='bbox 1390 4774 1491 4828; x_wconf 89' lang='lat' dir='ltr'><strong>est,</strong></span> <span class='ocrx_word' id='word_1_767' title='bbox 1533 4764 1746 4835; x_wconf 90' lang='lat' dir='ltr'><strong>quando</strong></span> <span class='ocrx_word' id='word_1_768' title='bbox 1772 4777 1892 4816; x_wconf 91' lang='lat' dir='ltr'><strong>cum</strong></span> 
     </span>
    </p>
   </div>
   <div class='ocr_carea' id='block_1_98' title="bbox 371 4851 1895 4929">
    <p class='ocr_par' dir='ltr' id='par_1_98' title="bbox 371 4851 1895 4929">
     <span class='ocr_line' id='line_1_98' title="bbox 371 4851 1895 4929; baseline -0.009 -12"><span class='ocrx_word' id='word_1_769' title='bbox 371 4864 856 4919; x_wconf 83' lang='lat' dir='ltr'><strong>innumerabilibus</strong></span> <span class='ocrx_word' id='word_1_770' title='bbox 885 4861 1004 4916; x_wconf 87' lang='lat' dir='ltr'><strong>aliis</strong></span> <span class='ocrx_word' id='word_1_771' title='bbox 1040 4857 1506 4929; x_wconf 84' lang='lat' dir='ltr'><strong>appellationibus,</strong></span> <span class='ocrx_word' id='word_1_772' title='bbox 1537 4856 1698 4910; x_wconf 91' lang='lat' dir='ltr'><strong>etiam</strong></span> <span class='ocrx_word' id='word_1_773' title='bbox 1733 4851 1895 4906; x_wconf 88' lang='lat' dir='ltr'><strong>David</strong></span> 
     </span>
    </p>
   </div>
   <div class='ocr_carea' id='block_1_99' title="bbox 369 4943 1895 5019">
    <p class='ocr_par' dir='ltr' id='par_1_99' title="bbox 369 4943 1895 5019">
     <span class='ocr_line' id='line_1_99' title="bbox 369 4943 1895 5019; baseline -0.007 -15"><span class='ocrx_word' id='word_1_774' title='bbox 369 4953 544 5019; x_wconf 82' lang='lat' dir='ltr'><strong>ipsum</strong></span> <span class='ocrx_word' id='word_1_775' title='bbox 578 4953 761 5006; x_wconf 86' lang='lat' dir='ltr'><strong>divina</strong></span> <span class='ocrx_word' id='word_1_776' title='bbox 791 4959 986 5006; x_wconf 85' lang='lat' dir='ltr'><strong>vocant</strong></span> <span class='ocrx_word' id='word_1_777' title='bbox 1012 4949 1250 5012; x_wconf 90' lang='lat' dir='ltr'><strong>oracula,</strong></span> <span class='ocrx_word' id='word_1_778' title='bbox 1280 4948 1412 5003; x_wconf 87' lang='lat' dir='ltr'><strong>satis</strong></span> <span class='ocrx_word' id='word_1_779' title='bbox 1445 4946 1654 5001; x_wconf 90' lang='lat' dir='ltr'><strong>abunde</strong></span> <span class='ocrx_word' id='word_1_780' title='bbox 1698 4943 1895 5013; x_wconf 87' lang='lat' dir='ltr'><strong>proba-</strong></span> 
     </span>
    </p>
   </div>
   <div class='ocr_carea' id='block_1_100' title="bbox 372 5031 1897 5109">
    <p class='ocr_par' dir='ltr' id='par_1_100' title="bbox 372 5031 1897 5109">
     <span class='ocr_line' id='line_1_100' title="bbox 372 5031 1897 5109; baseline -0.003 -21"><span class='ocrx_word' id='word_1_781' title='bbox 372 5039 543 5092; x_wconf 85' lang='lat' dir='ltr'><strong>verint</strong></span> <span class='ocrx_word' id='word_1_782' title='bbox 569 5056 653 5103; x_wconf 88' lang='lat' dir='ltr'><strong>ea,</strong></span> <span class='ocrx_word' id='word_1_783' title='bbox 684 5057 802 5109; x_wconf 69' lang='lat' dir='ltr'><strong>quae</strong></span> <span class='ocrx_word' id='word_1_784' title='bbox 823 5041 933 5109; x_wconf 89' lang='lat' dir='ltr'><strong>jam</strong></span> <span class='ocrx_word' id='word_1_785' title='bbox 963 5039 1104 5093; x_wconf 90' lang='lat' dir='ltr'><strong>dicta</strong></span> <span class='ocrx_word' id='word_1_786' title='bbox 1135 5045 1279 5094; x_wconf 87' lang='lat' dir='ltr'><strong>sunt.</strong></span> <span class='ocrx_word' id='word_1_787' title='bbox 1308 5036 1463 5102; x_wconf 81' lang='lat' dir='ltr'><strong>Quod</strong></span> <span class='ocrx_word' id='word_1_788' title='bbox 1490 5050 1616 5091; x_wconf 88' lang='lat' dir='ltr'><strong>vero</strong></span> <span class='ocrx_word' id='word_1_789' title='bbox 1642 5035 1801 5088; x_wconf 85' lang='lat' dir='ltr'><strong>etiam</strong></span> <span class='ocrx_word' id='word_1_790' title='bbox 1831 5031 1897 5084; x_wconf 89' lang='lat' dir='ltr'><strong>de</strong></span> 
     </span>
    </p>
   </div>
   <div class='ocr_carea' id='block_1_101' title="bbox 371 5119 1894 5198">
    <p class='ocr_par' dir='ltr' id='par_1_101' title="bbox 371 5119 1894 5198">
     <span class='ocr_line' id='line_1_101' title="bbox 371 5119 1894 5198; baseline 0 -21"><span class='ocrx_word' id='word_1_791' title='bbox 371 5126 515 5178; x_wconf 86' lang='lat' dir='ltr'><strong>tribu</strong></span> <span class='ocrx_word' id='word_1_792' title='bbox 536 5125 672 5178; x_wconf 69' lang='lat' dir='ltr'><strong>Iuda</strong></span> <span class='ocrx_word' id='word_1_793' title='bbox 704 5129 916 5184; x_wconf 88' lang='lat' dir='ltr'><strong>dicatur</strong></span> <span class='ocrx_word' id='word_1_794' title='bbox 947 5130 1279 5198; x_wconf 89' lang='lat' dir='ltr'><strong>proditurus,</strong></span> <span class='ocrx_word' id='word_1_795' title='bbox 1315 5143 1384 5182; x_wconf 90' lang='lat' dir='ltr'><strong>ne</strong></span> <span class='ocrx_word' id='word_1_796' title='bbox 1401 5124 1742 5196; x_wconf 69' lang='lat' dir='ltr'><strong>quaerendum</strong></span> <span class='ocrx_word' id='word_1_797' title='bbox 1770 5119 1894 5189; x_wconf 85' lang='lat' dir='ltr'><strong>qui—</strong></span> 
     </span>
    </p>
   </div>
   <div class='ocr_carea' id='block_1_102' title="bbox 373 5209 1894 5284">
    <p class='ocr_par' dir='ltr' id='par_1_102' title="bbox 373 5209 1894 5284">
     <span class='ocr_line' id='line_1_102' title="bbox 373 5209 1894 5284; baseline -0.002 -21"><span class='ocrx_word' id='word_1_798' title='bbox 373 5213 494 5264; x_wconf 85' lang='lat' dir='ltr'><strong>dem</strong></span> <span class='ocrx_word' id='word_1_799' title='bbox 542 5213 723 5276; x_wconf 82' lang='lat' dir='ltr'><strong>fuerit,</strong></span> <span class='ocrx_word' id='word_1_800' title='bbox 757 5232 878 5269; x_wconf 85' lang='lat' dir='ltr'><strong>cum</strong></span> <span class='ocrx_word' id='word_1_801' title='bbox 904 5233 968 5270; x_wconf 81' lang='lat' dir='ltr'><strong>ex</strong></span> <span class='ocrx_word' id='word_1_802' title='bbox 998 5219 1099 5271; x_wconf 88' lang='lat' dir='ltr'><strong>alia</strong></span> <span class='ocrx_word' id='word_1_803' title='bbox 1131 5219 1277 5272; x_wconf 90' lang='lat' dir='ltr'><strong>nulla</strong></span> <span class='ocrx_word' id='word_1_804' title='bbox 1321 5217 1483 5280; x_wconf 89' lang='lat' dir='ltr'><strong>tribu,</strong></span> <span class='ocrx_word' id='word_1_805' title='bbox 1516 5227 1674 5284; x_wconf 90' lang='lat' dir='ltr'><strong>quam</strong></span> <span class='ocrx_word' id='word_1_806' title='bbox 1701 5225 1766 5264; x_wconf 84' lang='lat' dir='ltr'><strong>ex</strong></span> <span class='ocrx_word' id='word_1_807' title='bbox 1795 5209 1894 5261; x_wconf 86' lang='lat' dir='ltr'><strong>hac</strong></span> 
     </span>
    </p>
   </div>
   <div class='ocr_carea' id='block_1_103' title="bbox 377 5297 1895 5370">
    <p class='ocr_par' dir='ltr' id='par_1_103' title="bbox 377 5297 1895 5370">
     <span class='ocr_line' id='line_1_103' title="bbox 377 5297 1895 5370; baseline 0.005 -20"><span class='ocrx_word' id='word_1_808' title='bbox 377 5302 490 5366; x_wconf 82' lang='lat' dir='ltr'><strong>ipsa</strong></span> <span class='ocrx_word' id='word_1_809' title='bbox 526 5309 676 5353; x_wconf 89' lang='lat' dir='ltr'><strong>ortus</strong></span> <span class='ocrx_word' id='word_1_810' title='bbox 705 5301 774 5353; x_wconf 86' lang='lat' dir='ltr'><strong>sit</strong></span> <span class='ocrx_word' id='word_1_811' title='bbox 801 5303 914 5368; x_wconf 88' lang='lat' dir='ltr'><strong>ipse</strong></span> <span class='ocrx_word' id='word_1_812' title='bbox 944 5304 1128 5360; x_wconf 85' lang='lat' dir='ltr'><strong>David.</strong></span> <span class='ocrx_word' id='word_1_813' title='bbox 1151 5307 1318 5362; x_wconf 91' lang='lat' dir='ltr'><strong>Porro</strong></span> <span class='ocrx_word' id='word_1_814' title='bbox 1345 5308 1485 5362; x_wconf 88' lang='lat' dir='ltr'><strong>idem</strong></span> <span class='ocrx_word' id='word_1_815' title='bbox 1513 5305 1614 5358; x_wconf 89' lang='lat' dir='ltr'><strong>hoc</strong></span> <span class='ocrx_word' id='word_1_816' title='bbox 1641 5297 1895 5370; x_wconf 81' lang='lat' dir='ltr'><strong>plenioris</strong></span> 
     </span>
    </p>
   </div>
   <div class='ocr_carea' id='block_1_104' title="bbox 374 5386 1895 5467">
    <p class='ocr_par' dir='ltr' id='par_1_104' title="bbox 374 5386 1895 5467">
     <span class='ocr_line' id='line_1_104' title="bbox 374 5386 1895 5467; baseline -0.001 -27"><span class='ocrx_word' id='word_1_817' title='bbox 374 5387 656 5455; x_wconf 87' lang='lat' dir='ltr'><strong>cujusdam</strong></span> <span class='ocrx_word' id='word_1_818' title='bbox 687 5386 804 5441; x_wconf 86' lang='lat' dir='ltr'><strong>ﬁdei</strong></span> <span class='ocrx_word' id='word_1_819' title='bbox 833 5390 998 5456; x_wconf 72' lang='lat' dir='ltr'><strong>gratia</strong></span> <span class='ocrx_word' id='word_1_820' title='bbox 1018 5395 1292 5449; x_wconf 87' lang='lat' dir='ltr'><strong>oraculum</strong></span> <span class='ocrx_word' id='word_1_821' title='bbox 1317 5409 1525 5467; x_wconf 88' lang='lat' dir='ltr'><strong>quoque</strong></span> <span class='ocrx_word' id='word_1_822' title='bbox 1558 5388 1686 5444; x_wconf 92' lang='lat' dir='ltr'><strong>illud</strong></span> <span class='ocrx_word' id='word_1_823' title='bbox 1715 5394 1895 5442; x_wconf 86' lang='lat' dir='ltr'><strong>osten-</strong></span> 
     </span>
    </p>
   </div>
   <div class='ocr_carea' id='block_1_105' title="bbox 374 5473 1890 5544">
    <p class='ocr_par' dir='ltr' id='par_1_105' title="bbox 374 5473 1890 5544">
     <span class='ocr_line' id='line_1_105' title="bbox 374 5473 1890 5544; baseline -0.001 -14"><span class='ocrx_word' id='word_1_824' title='bbox 374 5476 510 5531; x_wconf 84' lang='lat' dir='ltr'><strong>derit</strong></span> <span class='ocrx_word' id='word_1_825' title='bbox 543 5473 685 5544; x_wconf 89' lang='lat' dir='ltr'><strong>quod</strong></span> <span class='ocrx_word' id='word_1_826' title='bbox 727 5477 862 5543; x_wconf 90' lang='lat' dir='ltr'><strong>apud</strong></span> <span class='ocrx_word' id='word_1_827' title='bbox 895 5476 1091 5532; x_wconf 76' lang='lat' dir='ltr'><strong>Mosam</strong></span> <span class='ocrx_word' id='word_1_828' title='bbox 1122 5480 1177 5534; x_wconf 91' lang='lat' dir='ltr'><strong>in</strong></span> <span class='ocrx_word' id='word_1_829' title='bbox 1217 5484 1358 5541; x_wconf 84' lang='lat' dir='ltr'><strong>hunc</strong></span> <span class='ocrx_word' id='word_1_830' title='bbox 1387 5485 1601 5540; x_wconf 90' lang='lat' dir='ltr'><strong>modum</strong></span> <span class='ocrx_word' id='word_1_831' title='bbox 1634 5494 1690 5535; x_wconf 89' lang='lat' dir='ltr'><strong>se</strong></span> <span class='ocrx_word' id='word_1_832' title='bbox 1716 5477 1890 5532; x_wconf 91' lang='lat' dir='ltr'><strong>habet.</strong></span> 
     </span>
    </p>
   </div>
   <div class='ocr_carea' id='block_1_106' title="bbox 446 5733 1501 5813">
    <p class='ocr_par' dir='ltr' id='par_1_106' title="bbox 446 5733 1501 5813">
     <span class='ocr_line' id='line_1_106' title="bbox 446 5733 1501 5813; baseline 0.025 -28"><span class='ocrx_word' id='word_1_833' title='bbox 446 5737 488 5768; x_wconf 67' lang='grc'><strong>*⁸</strong></span> <span class='ocrx_word' id='word_1_834' title='bbox 528 5733 658 5788; x_wconf 79' lang='lat' dir='ltr'><strong>llom</strong></span> <span class='ocrx_word' id='word_1_835' title='bbox 715 5749 787 5800; x_wconf 86' lang='grc' dir='ltr'><strong>ιι,</strong></span> <span class='ocrx_word' id='word_1_836' title='bbox 823 5735 985 5792; x_wconf 68' lang='lat'><strong>28-29</strong></span> <span class='ocrx_word' id='word_1_837' title='bbox 1085 5742 1126 5771; x_wconf 78' lang='lat'>”</span> <span class='ocrx_word' id='word_1_838' title='bbox 1167 5739 1310 5800; x_wconf 78' lang='lat' dir='ltr'><strong>Psal.</strong></span> <span class='ocrx_word' id='word_1_839' title='bbox 1344 5762 1413 5813; x_wconf 80' lang='lat' dir='ltr'><strong>ll.</strong></span> <span class='ocrx_word' id='word_1_840' title='bbox 1451 5750 1501 5803; x_wconf 73' lang='grc' dir='ltr'><strong>5ο</strong></span> 
     </span>
    </p>
   </div>
   <div class='ocr_carea' id='block_1_107' title="bbox 1992 4577 3648 4657">
    <p class='ocr_par' dir='ltr' id='par_1_107' title="bbox 1992 4577 3648 4657">
     <span class='ocr_line' id='line_1_107' title="bbox 1992 4577 3648 4657; baseline 0.001 -26"><span class='ocrx_word' id='word_1_841' title='bbox 1992 4579 2130 4640; x_wconf 83' lang='grc' dir='ltr'>θεοῖς</span> <span class='ocrx_word' id='word_1_842' title='bbox 2163 4577 2489 4647; x_wconf 79' lang='grc' dir='ltr'>ἀλλοτρίοις,</span> <span class='ocrx_word' id='word_1_843' title='bbox 2520 4578 2637 4630; x_wconf 77' lang='grc' dir='ltr'>ἀλλ’</span> <span class='ocrx_word' id='word_1_844' title='bbox 2679 4580 2971 4648; x_wconf 79' lang='grc' dir='ltr'>ὲργῶνται</span> <span class='ocrx_word' id='word_1_845' title='bbox 3006 4585 3200 4657; x_wconf 78' lang='grc' dir='ltr'>Κυρίῳ</span> <span class='ocrx_word' id='word_1_846' title='bbox 3247 4583 3346 4652; x_wconf 80' lang='grc' dir='ltr'><strong>τῷ</strong></span> <span class='ocrx_word' id='word_1_847' title='bbox 3379 4582 3516 4652; x_wconf 82' lang='grc' dir='ltr'><strong>Θεῷ</strong></span> <span class='ocrx_word' id='word_1_848' title='bbox 3551 4581 3648 4634; x_wconf 76' lang='grc' dir='ltr'><strong>αὑ-</strong></span> 
     </span>
    </p>
   </div>
   <div class='ocr_carea' id='block_1_108' title="bbox 1992 4668 3649 4746">
    <p class='ocr_par' dir='ltr' id='par_1_108' title="bbox 1992 4668 3649 4746">
     <span class='ocr_line' id='line_1_108' title="bbox 1992 4668 3649 4746; baseline -0.001 -24"><span class='ocrx_word' id='word_1_849' title='bbox 1992 4671 2116 4722; x_wconf 85' lang='grc' dir='ltr'>τῶν.</span> <span class='ocrx_word' id='word_1_850' title='bbox 2149 4688 2166 4719; x_wconf 72' lang='grc' dir='ltr'><strong>ι</strong></span> <span class='ocrx_word' id='word_1_851' title='bbox 2222 4668 2359 4720; x_wconf 84' lang='grc' dir='ltr'>Ἀλλ’</span> <span class='ocrx_word' id='word_1_852' title='bbox 2402 4670 2484 4721; x_wconf 84' lang='grc' dir='ltr'><strong>ὅτι</strong></span> <span class='ocrx_word' id='word_1_853' title='bbox 2520 4670 2621 4739; x_wconf 83' lang='grc' dir='ltr'><strong>μὲν</strong></span> <span class='ocrx_word' id='word_1_854' title='bbox 2651 4672 2719 4723; x_wconf 82' lang='grc' dir='ltr'>ὲκ</span> <span class='ocrx_word' id='word_1_855' title='bbox 2771 4675 3006 4743; x_wconf 81' lang='grc' dir='ltr'>καρποῦ</span> <span class='ocrx_word' id='word_1_856' title='bbox 3041 4677 3148 4746; x_wconf 82' lang='grc' dir='ltr'>τῆς</span> <span class='ocrx_word' id='word_1_857' title='bbox 3184 4676 3431 4738; x_wconf 84' lang='grc' dir='ltr'>κοιλίας</span> <span class='ocrx_word' id='word_1_858' title='bbox 3478 4670 3649 4726; x_wconf 70' lang='grc' dir='ltr'>Δαϐὶδ</span> 
     </span>
    </p>
   </div>
   <div class='ocr_carea' id='block_1_109' title="bbox 1994 4757 3632 4838">
    <p class='ocr_par' dir='ltr' id='par_1_109' title="bbox 1994 4757 3632 4838">
     <span class='ocr_line' id='line_1_109' title="bbox 1994 4757 3632 4838; baseline 0.002 -28"><span class='ocrx_word' id='word_1_859' title='bbox 1994 4759 2086 4812; x_wconf 75' lang='grc' dir='ltr'><strong>καὶ</strong></span> <span class='ocrx_word' id='word_1_860' title='bbox 2113 4760 2175 4809; x_wconf 71' lang='grc' dir='ltr'>ἐκ</span> <span class='ocrx_word' id='word_1_861' title='bbox 2203 4757 2513 4826; x_wconf 82' lang='grc' dir='ltr'>σπέρματος</span> <span class='ocrx_word' id='word_1_862' title='bbox 2539 4760 2888 4830; x_wconf 85' lang='grc' dir='ltr'>Σολομῶνος,</span> <span class='ocrx_word' id='word_1_863' title='bbox 2925 4767 3028 4818; x_wconf 74' lang='grc' dir='ltr'><strong>καὶ</strong></span> <span class='ocrx_word' id='word_1_864' title='bbox 3063 4768 3134 4820; x_wconf 81' lang='grc' dir='ltr'>ὲκ</span> <span class='ocrx_word' id='word_1_865' title='bbox 3161 4763 3333 4838; x_wconf 77' lang='grc' dir='ltr'>ῥίζης</span> <span class='ocrx_word' id='word_1_866' title='bbox 3372 4763 3581 4818; x_wconf 75' lang='grc' dir='ltr'>Ἰεσσαὶ</span> <span class='ocrx_word' id='word_1_867' title='bbox 3603 4762 3632 4811; x_wconf 81' lang='lat'><strong>6</strong></span> 
     </span>
    </p>
   </div>
   <div class='ocr_carea' id='block_1_110' title="bbox 1995 4844 3632 4926">
    <p class='ocr_par' dir='ltr' id='par_1_110' title="bbox 1995 4844 3632 4926">
     <span class='ocr_line' id='line_1_110' title="bbox 1995 4844 3632 4926; baseline -0.005 -18"><span class='ocrx_word' id='word_1_868' title='bbox 1995 4844 2222 4915; x_wconf 79' lang='grc' dir='ltr'>Χριστὸς</span> <span class='ocrx_word' id='word_1_869' title='bbox 2251 4845 2346 4896; x_wconf 77' lang='grc' dir='ltr'>τοῦ</span> <span class='ocrx_word' id='word_1_870' title='bbox 2379 4845 2534 4898; x_wconf 81' lang='grc' dir='ltr'>Θεοῦ·</span> <span class='ocrx_word' id='word_1_871' title='bbox 2563 4847 3023 4919; x_wconf 82' lang='grc' dir='ltr'>γεννηθήσεσθαι</span> <span class='ocrx_word' id='word_1_872' title='bbox 3063 4851 3454 4926; x_wconf 71' lang='grc' dir='ltr'>προείρηται,</span> <span class='ocrx_word' id='word_1_873' title='bbox 3499 4851 3632 4915; x_wconf 80' lang='grc' dir='ltr'>ὅπερ</span> 
     </span>
    </p>
   </div>
   <div class='ocr_carea' id='block_1_111' title="bbox 1995 4933 3615 5014">
    <p class='ocr_par' dir='ltr' id='par_1_111' title="bbox 1995 4933 3615 5014">
     <span class='ocr_line' id='line_1_111' title="bbox 1995 4933 3615 5014; baseline 0.001 -25"><span class='ocrx_word' id='word_1_874' title='bbox 1995 4937 2086 4989; x_wconf 84' lang='lat' dir='ltr'><strong>xui.</strong></span> <span class='ocrx_word' id='word_1_875' title='bbox 2115 4933 2334 5000; x_wconf 83' lang='grc' dir='ltr'>γέγονεν</span> <span class='ocrx_word' id='word_1_876' title='bbox 2354 4974 2368 4998; x_wconf 95' lang='grc'><strong>,</strong></span> <span class='ocrx_word' id='word_1_877' title='bbox 2413 4937 2496 4989; x_wconf 80' lang='grc' dir='ltr'>ὅτι</span> <span class='ocrx_word' id='word_1_878' title='bbox 2540 4937 2681 5006; x_wconf 82' lang='grc' dir='ltr'>μετὰ</span> <span class='ocrx_word' id='word_1_879' title='bbox 2719 4941 2945 5011; x_wconf 86' lang='grc' dir='ltr'>μυρίων</span> <span class='ocrx_word' id='word_1_880' title='bbox 2998 4945 3181 5000; x_wconf 78' lang='grc' dir='ltr'>ἄλλων</span> <span class='ocrx_word' id='word_1_881' title='bbox 3214 4938 3615 5014; x_wconf 75' lang='grc' dir='ltr'>προσηγοριῶν</span> 
     </span>
    </p>
   </div>
   <div class='ocr_carea' id='block_1_112' title="bbox 1999 5021 3615 5098">
    <p class='ocr_par' dir='ltr' id='par_1_112' title="bbox 1999 5021 3615 5098">
     <span class='ocr_line' id='line_1_112' title="bbox 1999 5021 3615 5098; baseline 0.003 -22"><span class='ocrx_word' id='word_1_882' title='bbox 1999 5022 2090 5076; x_wconf 80' lang='grc' dir='ltr'><strong>καὶ</strong></span> <span class='ocrx_word' id='word_1_883' title='bbox 2119 5021 2280 5075; x_wconf 77' lang='grc' dir='ltr'><strong>Δαὸὶδ</strong></span> <span class='ocrx_word' id='word_1_884' title='bbox 2311 5024 2471 5077; x_wconf 81' lang='grc' dir='ltr'>αὑτὸν</span> <span class='ocrx_word' id='word_1_885' title='bbox 2501 5025 2872 5096; x_wconf 76' lang='grc' dir='ltr'>ὀνομάζουσιν</span> <span class='ocrx_word' id='word_1_886' title='bbox 2905 5034 2960 5085; x_wconf 82' lang='grc' dir='ltr'>οἱ</span> <span class='ocrx_word' id='word_1_887' title='bbox 2997 5033 3146 5096; x_wconf 57' lang='grc' dir='ltr'>θεῖοι,</span> <span class='ocrx_word' id='word_1_888' title='bbox 3161 5029 3344 5096; x_wconf 86' lang='grc' dir='ltr'>λόγοι,</span> <span class='ocrx_word' id='word_1_889' title='bbox 3369 5029 3615 5098; x_wconf 75' lang='grc' dir='ltr'>αὐτάρκη</span> 
     </span>
    </p>
   </div>
   <div class='ocr_carea' id='block_1_113' title="bbox 1998 5113 3604 5189">
    <p class='ocr_par' dir='ltr' id='par_1_113' title="bbox 1998 5113 3604 5189">
     <span class='ocr_line' id='line_1_113' title="bbox 1998 5113 3604 5189; baseline 0.011 -23"><span class='ocrx_word' id='word_1_890' title='bbox 1998 5113 2369 5167; x_wconf 84' lang='grc' dir='ltr'>πιστώσασθαι</span> <span class='ocrx_word' id='word_1_891' title='bbox 2412 5115 2481 5167; x_wconf 82' lang='grc' dir='ltr'>τὰ</span> <span class='ocrx_word' id='word_1_892' title='bbox 2530 5117 2830 5189; x_wconf 78' lang='grc' dir='ltr'>εἰρημένα.</span> <span class='ocrx_word' id='word_1_893' title='bbox 2884 5123 3019 5178; x_wconf 85' lang='grc' dir='ltr'>Ὅτι</span> <span class='ocrx_word' id='word_1_894' title='bbox 3067 5125 3128 5183; x_wconf 79' lang='grc' dir='ltr'>δὲ</span> <span class='ocrx_word' id='word_1_895' title='bbox 3177 5120 3275 5176; x_wconf 76' lang='grc' dir='ltr'><strong>καὶ</strong></span> <span class='ocrx_word' id='word_1_896' title='bbox 3322 5122 3394 5172; x_wconf 78' lang='grc' dir='ltr'>ἐκ</span> <span class='ocrx_word' id='word_1_897' title='bbox 3441 5116 3604 5186; x_wconf 57' lang='grc' dir='ltr'><em>ψιλῆς</em></span> 
     </span>
    </p>
   </div>
   <div class='ocr_carea' id='block_1_114' title="bbox 2010 5201 3610 5278">
    <p class='ocr_par' dir='ltr' id='par_1_114' title="bbox 2010 5201 3610 5278">
     <span class='ocr_line' id='line_1_114' title="bbox 2010 5201 3610 5278; baseline 0.01 -22"><span class='ocrx_word' id='word_1_898' title='bbox 2010 5201 2175 5256; x_wconf 85' lang='grc' dir='ltr'>Ἰούδα</span> <span class='ocrx_word' id='word_1_899' title='bbox 2198 5202 2412 5270; x_wconf 81' lang='grc' dir='ltr'>λέγεται</span> <span class='ocrx_word' id='word_1_900' title='bbox 2444 5205 2882 5276; x_wconf 83' lang='grc' dir='ltr'>προελεύσεσθαι</span> <span class='ocrx_word' id='word_1_901' title='bbox 2903 5253 2920 5278; x_wconf 94' lang='grc'><strong>,</strong></span> <span class='ocrx_word' id='word_1_902' title='bbox 2949 5216 3070 5269; x_wconf 78' lang='grc' dir='ltr'>οὐδ’</span> <span class='ocrx_word' id='word_1_903' title='bbox 3103 5216 3174 5270; x_wconf 79' lang='grc' dir='ltr'><strong>ἂν</strong></span> <span class='ocrx_word' id='word_1_904' title='bbox 3207 5207 3483 5278; x_wconf 63' lang='grc' dir='ltr'>ζητηθΕἱη</span> <span class='ocrx_word' id='word_1_905' title='bbox 3501 5206 3610 5272; x_wconf 58' lang='grc' dir='ltr'><strong>ιὶἧ)</strong></span> 
     </span>
    </p>
   </div>
   <div class='ocr_carea' id='block_1_115' title="bbox 2000 5289 3612 5380">
    <p class='ocr_par' dir='ltr' id='par_1_115' title="bbox 2000 5289 3612 5380">
     <span class='ocr_line' id='line_1_115' title="bbox 2000 5289 3612 5380; baseline 0.003 -37"><span class='ocrx_word' id='word_1_906' title='bbox 2000 5292 2121 5362; x_wconf 85' lang='grc' dir='ltr'>μηδ’</span> <span class='ocrx_word' id='word_1_907' title='bbox 2149 5293 2341 5364; x_wconf 79' lang='grc' dir='ltr'>ἑτέρας</span> <span class='ocrx_word' id='word_1_908' title='bbox 2371 5295 2404 5366; x_wconf 80' lang='grc' dir='ltr'>ἢ</span> <span class='ocrx_word' id='word_1_909' title='bbox 2431 5295 2534 5365; x_wconf 79' lang='grc' dir='ltr'>τῆς</span> <span class='ocrx_word' id='word_1_910' title='bbox 2558 5297 2908 5373; x_wconf 77' lang='grc' dir='ltr'>δηλωθείσης</span> <span class='ocrx_word' id='word_1_911' title='bbox 2957 5305 3147 5380; x_wconf 72' lang='grc' dir='ltr'>φυλῆς</span> <span class='ocrx_word' id='word_1_912' title='bbox 3173 5296 3284 5361; x_wconf 62' lang='grc' dir='ltr'>καὶ</span> <span class='ocrx_word' id='word_1_913' title='bbox 3305 5295 3474 5350; x_wconf 77' lang='grc' dir='ltr'>αὐτὸν</span> <span class='ocrx_word' id='word_1_914' title='bbox 3485 5289 3612 5348; x_wconf 65' lang='grc' dir='ltr'><strong>εἶν-π’</strong></span> 
     </span>
    </p>
   </div>
   <div class='ocr_carea' id='block_1_116' title="bbox 1997 5380 3622 5470">
    <p class='ocr_par' dir='ltr' id='par_1_116' title="bbox 1997 5380 3622 5470">
     <span class='ocr_line' id='line_1_116' title="bbox 1997 5380 3622 5470; baseline 0.022 -37"><span class='ocrx_word' id='word_1_915' title='bbox 1997 5381 2087 5434; x_wconf 80' lang='grc' dir='ltr'><strong>τὸν</strong></span> <span class='ocrx_word' id='word_1_916' title='bbox 2113 5383 2296 5438; x_wconf 79' lang='grc' dir='ltr'>Δαϐίδ.</span> <span class='ocrx_word' id='word_1_917' title='bbox 2341 5385 2558 5440; x_wconf 83' lang='grc' dir='ltr'>Γένοιτο</span> <span class='ocrx_word' id='word_1_918' title='bbox 2603 5389 2649 5442; x_wconf 84' lang='grc' dir='ltr'>δ’</span> <span class='ocrx_word' id='word_1_919' title='bbox 2687 5391 2756 5445; x_wconf 81' lang='grc' dir='ltr'><strong>ἂν</strong></span> <span class='ocrx_word' id='word_1_920' title='bbox 2805 5394 2875 5448; x_wconf 81' lang='grc' dir='ltr'>ὲκ</span> <span class='ocrx_word' id='word_1_921' title='bbox 2920 5399 3302 5470; x_wconf 69' lang='grc' dir='ltr'><strong>’περιουσίώς</strong></span> <span class='ocrx_word' id='word_1_922' title='bbox 3336 5382 3437 5470; x_wconf 54' lang='grc' dir='ltr'><strong>*ῗλ</strong></span> <span class='ocrx_word' id='word_1_923' title='bbox 3458 5380 3622 5470; x_wconf 33' lang='lat' dir='ltr'><strong>“Vi</strong></span> 
     </span>
    </p>
   </div>
   <div class='ocr_carea' id='block_1_117' title="bbox 1999 5466 3646 5622">
    <p class='ocr_par' dir='ltr' id='par_1_117' title="bbox 1999 5466 3646 5622">
     <span class='ocr_line' id='line_1_117' title="bbox 1999 5466 3646 5622; baseline 0.004 -98"><span class='ocrx_word' id='word_1_924' title='bbox 1999 5478 2404 5622; x_wconf 55' lang='grc' dir='ltr'>πέραῖτόατικὸν</span> <span class='ocrx_word' id='word_1_925' title='bbox 2440 5479 2502 5532; x_wconf 75' lang='grc' dir='ltr'><strong>τὸ</strong></span> <span class='ocrx_word' id='word_1_926' title='bbox 2535 5483 2696 5553; x_wconf 68' lang='grc' dir='ltr'>παρὰ</span> <span class='ocrx_word' id='word_1_927' title='bbox 2721 5487 2964 5544; x_wconf 79' lang='grc' dir='ltr'>Μωῦσεῖ</span> <span class='ocrx_word' id='word_1_928' title='bbox 2995 5466 3210 5567; x_wconf 70' lang='grc' dir='ltr'>λόγιον</span> <span class='ocrx_word' id='word_1_929' title='bbox 3231 5525 3280 5568; x_wconf 62' lang='grc' dir='ltr'><em>φ</em></span> <span class='ocrx_word' id='word_1_930' title='bbox 3336 5468 3520 5518; x_wconf 51' lang='grc' dir='ltr'><strong>τῶτδν</strong></span> <span class='ocrx_word' id='word_1_931' title='bbox 3546 5466 3646 5530; x_wconf 57' lang='grc' dir='ltr'><strong>ἶῖον</strong></span> 
     </span>
     <span class='ocr_line' id='line_1_118' title="bbox 1999 5579 2338 5620; baseline 0.018 -6"><span class='ocrx_word' id='word_1_932' title='bbox 1999 5579 2026 5614; x_wconf 89' lang='grc' dir='ltr'><strong>τ</strong></span> <span class='ocrx_word' id='word_1_933' title='bbox 2061 5580 2088 5614; x_wconf 88' lang='grc' dir='ltr'><strong>ν</strong></span> <span class='ocrx_word' id='word_1_934' title='bbox 2119 5580 2148 5616; x_wconf 85' lang='grc' dir='ltr'><strong>τ</strong></span> <span class='ocrx_word' id='word_1_935' title='bbox 2219 5582 2338 5620; x_wconf 85' lang='grc' dir='ltr'>πον.</span> 
     </span>
    </p>
   </div>
   <div class='ocr_carea' id='block_1_118' title="bbox 1998 5579 2338 5620">
    <p class='ocr_par' dir='ltr' id='par_1_118' title="bbox 1998 5579 2338 5620">
     <span class='ocr_line' id='line_1_119' title="bbox 1998 5579 2338 5620; baseline 0.018 -6"><span class='ocrx_word' id='word_1_936' title='bbox 1998 5579 2088 5614; x_wconf 81' lang='grc' dir='ltr'><strong>τον</strong></span> <span class='ocrx_word' id='word_1_937' title='bbox 2119 5579 2338 5620; x_wconf 64' lang='grc' dir='ltr'>τρόπον.</span> 
     </span>
    </p>
   </div>
  </div>
