3738 6302
154 411 238 468 565
544 466 548 470 .
951 416 1579 478 DEMONSTRATIONIS
1614 416 2050 478 EVANCELICJE
2082 415 2206 472 LIB.
2244 415 2345 470 νιν.
3154 416 3254 473 566

163 525 278 609 Ἀίῐρ
300 525 403 593 τῆς
426 527 830 609 Γενέσεωςπῖ
843 535 935 609 ης
953 539 1027 590 ἐκ·
1039 538 1231 609 φυλῆς
1252 539 1444 609 ,Ἰούδα
1463 555 1639 609 rem

1778 537 1908 608 [eo
1933 535 1973 588 Α
2003 534 2304 609 δεηθείς-
2338 529 2772 609 Quemtutmcdum
2817 545 2880 584 ea:
2927 529 3064 609 tribu
3111 528 3254 583 Iuda

206 595 426 674 θήςεξαι
443 637 467 674 ε
487 598 582 649 καὶ
614 595 734 651 τῶν)
762 595 950 674 serat}.
975 595 1294 673 προσδὸᾶιια
1333 611 1365 660 ὁ
1403 595 1649 673 Χριστὸξε

1779 595 2054 674 "discatur
2076 604 2161 665 qui
2181 595 2416 674 Christus
2441 607 2516 652 est
2539 597 2651 666 Dei,
2673 597 2900 667 idemque
2923 600 3146 668 gentium
3165 613 3255 652 ea:-

209 665 300 716 τοῦ
331 665 476 716 Θεοῦ
491 665 1030 736 κατασταθήσεταιῖ
1444 665 1462 673 ⁷
1624 665 1640 672 ’

948 665 1030 727 at:
1444 665 1462 673 ⁷
1624 665 1640 672 ’
1808 667 2051 735 spectatio
2075 669 2424 721 constituetur.

209 811 227 844 ι
260 792 446 856 Ἰούδα,
479 793 539 846 σὲ
571 796 880 853 αίνέσουσιν
910 803 958 855 οἱ
991 803 1199 872 ἀδελφοί
1238 815 1326 858 σου
1345 845 1360 869 ,
1393 807 1446 858 αί
1479 805 1651 877 χεῖρές

1819 819 1839 852 ι
1888 797 2041 862 Juda,
2067 807 2119 854 te
2152 797 2442 852 laudabunt
2492 794 2684 849 fratres
2727 793 2824 858 tui,
2852 809 3038 848 manus
3065 802 3170 848 tuae
3199 796 3254 849 in

153 893 228 934 σου
251 880 334 934 ἐπὶ
353 880 514 934 νώτου
536 882 646 938 τῶν
675 889 888 959 ἐχθρῶν
913 909 1024 956 σου,
1062 896 1477 964 προσκυνήσουσί
1505 913 1582 948 σοι
1603 913 1629 947 ο

1779 907 1893 962 ergo
1917 891 2248 946 inimicorum
2279 895 2513 951 tuorum,
2550 884 2844 939 adorabunt
2871 891 2924 937 te
2968 884 3060 937 ﬁlii
3091 885 3255 953 patris

150 973 237 1024 υίοὶ
258 971 338 1024 τοῦ
385 973 586 1043 πατρός
635 993 753 1030 σου.
799 980 1038 1050 Σκύμνος
1075 980 1276 1045 λέοντος
1299 1022 1313 1046 ,
1352 979 1543 1049 Ἰούδα,
1591 983 1626 1036 ἐι

1781 982 1844 1035 ui.
1881 980 2104 1034 Catulus
2156 976 2322 1032 leonis
2347 974 2510 1037 Juda,
2549 971 2615 1026 de
2653 970 2908 1040 germine,
2947 971 3018 1023 mi
3044 969 3136 1036 fili,
3171 985 3257 1024 as-

152 1059 346 1130 βλαστοῦ
373 1076 464 1128 μου
483 1099 498 1122 ,
523 1063 608 1114 υιὲ
629 1104 645 1128 ,
677 1066 904 1139 άνέόης.
945 1069 1240 1124 Ἀναπεσὼν
1272 1072 1556 1141 ἐκοιμήθης
1580 1072 1628 1123 ὼε

1781 1070 1994 1134 endisti,
2035 1068 2348 1122 recumbens
2383 1062 2680 1117 dormivisti
2713 1068 2771 1114 ut
2806 1062 2908 1122 leo,
2940 1067 2992 1114 et
3022 1067 3081 1112 ut
3108 1066 3257 1113 catu-

150 1143 294 1206 λέων,
320 1142 398 1195 καὶ
416 1143 490 1207 ὡς
506 1146 771 1216 σκύμνος.
810 1153 907 1214 Τίς
943 1155 1118 1224 ἐγερεῖ
1146 1155 1329 1220 αὐτόν;
1357 1158 1466 1209 Οὐκ
1490 1157 1626 1209 ἐκλεί

1782 1174 1852 1223 us,
1882 1159 2003 1228 quis
2050 1154 2298 1211 excitabit
2346 1151 2499 1208 eum?
2523 1165 2629 1204 non
2668 1148 2878 1204 deficiet
2916 1148 3160 1217 princeps
3194 1148 3258 1202 de

150 1233 227 1300 ψει
249 1235 405 1302 ἄρχων
430 1234 488 1298 ἐξ
516 1235 726 1303 Ἰούδα,
757 1241 881 1293 οὐδὲ
917 1242 1205 1312 ἡγούμενος
1241 1246 1304 1296 ἐκ
1339 1245 1443 1298 τῶν
1473 1246 1624 1316 μηρῶ

1786 1248 1903 1309 uda,
1941 1258 2109 1313 neque
2142 1244 2245 1299 dux
2286 1240 2351 1294 de
2401 1238 2689 1295 femoribus
2732 1237 2868 1305 ejus,
2895 1235 3061 1289 donec
3087 1235 3262 1289 veniat

150 1323 311 1386 αὐτοῦ,
353 1322 452 1386 ἓως
489 1323 556 1378 ἂν
589 1325 722 1398 ἔλθῃ
775 1323 823 1396 ᾧ
855 1331 1162 1399 ἀπόκειται,
1201 1334 1292 1386 καὶ
1321 1335 1476 1397 αὐτὸς
1508 1335 1626 1387 ἔστα

1786 1339 1838 1391 υἱ
1887 1337 2175 1406 repositum
2223 1339 2325 1395 est,
2374 1339 2426 1386 et
2459 1330 2573 1400 ipse
2627 1328 2727 1384 erit
2771 1326 3092 1396 exspectatio
3135 1340 3262 1394 gen-

151 1412 400 1482 προσδοκία
454 1413 646 1469 ἐθνῶν.
681 1435 702 1467 ι
753 1418 973 1474 Δώδεκα
1017 1422 1189 1489 φυλῶν
1232 1423 1356 1494 παρ’
1397 1424 1625 1494 Ἐὅραίοι

1787 1440 1882 1480 tum
1910 1426 1975 1479 ὀ.
2014 1443 2033 1477 ι
2060 1423 2192 1477 Cum
2219 1420 2494 1476 duodecim
2547 1418 2684 1487 apud
2703 1415 2949 1470 Hebraeos
2978 1415 3149 1468 tribus
3179 1429 3263 1469 es-

149 1499 309 1564 οὐσῶν,
334 1500 396 1554 δι’
419 1494 492 1554 ὧν
517 1503 578 1554 τὸ
609 1505 722 1556 πᾶν
753 1505 910 1571 ἔθνος
942 1511 1284 1580 συνεστήκει,
1314 1513 1438 1580 μιᾶς
1459 1512 1625 1564 τούτω

1787 1522 1890 1575 ent,
1919 1528 1984 1567 ex
2009 1512 2200 1581 quibus
2232 1524 2360 1578 gens
2386 1509 2632 1561 universa
2657 1503 2954 1566 constabat,
2983 1502 3143 1557 unius
3168 1501 3263 1554 ha-

151 1589 406 1659 προπάτωρ
448 1591 641 1658 γέγονε
669 1595 769 1646 καὶ
802 1596 1093 1666 ἀρχίφυλος
1117 1601 1145 1650 ὁ
1182 1599 1405 1665 Ἰούδας,
1438 1601 1570 1669 πρὸς
1599 1601 1626 1652 ὃ

1787 1617 1869 1654 um
1912 1600 2113 1670 primus
2141 1612 2333 1667 parens
2370 1610 2432 1648 ac
2474 1595 2718 1664 princeps
2743 1591 2946 1647 exstitit
2983 1590 3167 1655 Judas,
3198 1589 3263 1643 ad

150 1677 448 1731 τεθέσπισται
488 1679 558 1733 τὰ
597 1684 944 1753 προκείμενα
965 1723 980 1748 ,
1017 1685 1075 1750 ἐξ
1119 1687 1276 1740 αὐτοῦ
1306 1688 1394 1741 τὸν
1431 1691 1626 1759 Χριστὸ

1791 1704 1907 1744 uem
1935 1703 2018 1753 ea,
2067 1702 2184 1757 quae
2213 1683 2369 1738 modo
2399 1682 2677 1737 citavimus
2717 1681 2782 1733 ab
2825 1679 3039 1733 oraculo
3065 1679 3263 1732 directa

154 1767 522 1836 προελεύσεσθαι
553 1773 920 1842 σημαίνοντα.
963 1776 1026 1827 Ei
1060 1776 1187 1843 γοῦν
1223 1779 1538 1846 συναγάγοις
1567 1779 1630 1830 ὲπ

1786 1786 1898 1844 unt,
1926 1793 2042 1847 qua:
2071 1776 2136 1830 de
2180 1775 2270 1830 illo
2297 1773 2412 1843 ipso
2440 1769 2706 1825 Christum
2739 1767 3067 1836 proditurum
3099 1766 3262 1837 signi-

153 1855 311 1920 ταὺτὸ,
346 1857 432 1908 καὶ¹
459 1839 771 1930 παραθείης
809 1865 876 1933 τῇ
911 1863 1044 1932 μετὰ
1073 1839 1270 1936 *χεῖρας
1309 1839 1404 1928 τάς
1436 1839 1629 1920 ’ἐνήτοῖ

1787 1877 1932 1923 cent.
1968 1867 2115 1933 Quod
2168 1865 2215 1919 si
2255 1863 2436 1917 eodem
2482 1859 2833 1927 congesseris,
2865 1864 2917 1912 et
2958 1855 3084 1910 huic
3106 1870 3263 1926 quam

155 1944 345 2011 πρόσθεν
370 1945 612 2009 τεθείσας
638 1949 999 2018 προφητείας,
1019 1950 1195 2020 εὕροις
1215 1951 1278 2004 ἂν
1304 1952 1495 2022 ὁμοίως
1522 1971 1631 2006 κατε

1792 1972 1896 2011 unc
1934 1962 2247 2016 tractamus,
2279 1967 2369 2006 eas
2399 1953 2521 2004 item
2549 1963 2666 2017 quae
2703 1947 2758 2000 in
2796 1945 3155 2015 superioribus
3173 1957 3267 2012 po-

154 2046 194 2081 τι
220 2030 370 2082 κοινὸν
411 2037 633 2102 σημεῖον
673 2035 770 2088 τὸν
821 2037 984 2090 αὑτὸν
1025 2040 1432 2110 κηρυττόμενον.
1468 2042 1530 2093 Ἡ
1564 2041 1630 2110 μὲ

1790 2047 1870 2100 ila:
1915 2052 2056 2108 sunt,
2105 2040 2406 2112 prophetias
2455 2037 2793 2107 apposueris,
2823 2035 3058 2088 invenies
3110 2032 3266 2088 simili

153 2119 238 2188 γὰρ
261 2121 395 2188 ἔλεγε
422 2125 549 2192 περὶ
577 2125 675 2177 τοῦ
711 2127 779 2178 ἐκ
821 2127 974 2196 ῥίζης
1012 2129 1202 2181 Ἰεσσαὶ
1235 2131 1629 2201 άναστησομένο

1915 2148 1960 2188 ιε
1987 2132 2053 2186 ad
2087 2130 2346 2199 quoddam
2394 2128 2602 2197 signum
2640 2139 2945 2188 commune,
2987 2137 3152 2177 unum
3187 2129 3269 2173 at-
3376 2162 3391 2172 .

156 2208 218 2274 τὸ,
251 2229 266 2260 ι
292 2212 391 2264 Καὶ
419 2212 568 2266 ἔσται
591 2215 956 2285 ἀνιστάμενος
978 2217 1164 2287 ἄρχειν
1187 2219 1370 2285 ἐθνῶν,
1400 2221 1484 2272 ἐπ’
1517 2221 1632 2273 αύτί

1790 2238 1860 2292 ue
1897 2221 2136 2277 eumdem
2179 2217 2431 2273 nuntiari.
2463 2215 2554 2269 llla
2583 2215 2792 2284 quidem
2823 2213 2889 2267 de
2934 2227 2996 2267 eo
3040 2211 3266 2275 dicebat,

158 2299 254 2368 ἔθνη
278 2299 532 2355 ἐλπιοῦσιν
552 2321 566 2333 ·
603 2323 624 2355 ι
664 2307 699 2374 ἡ
731 2305 791 2356 δὲ
820 2306 949 2375 περὶ
977 2307 1068 2359 τοῦ
1100 2307 1210 2360 υίοῦ
1244 2307 1542 2378 Σολομῶνος
1568 2310 1627 2362 τὸ

1796 2313 1849 2365 ui
1879 2312 1944 2365 de
1969 2309 2145 2364 radice
2175 2307 2324 2362 Iesse
2352 2313 2492 2361 esset
2519 2309 2876 2364 surrecturus,
2915 2319 2934 2351 ι
2964 2307 3017 2354 et
3039 2298 3141 2354 erit
3177 2298 3268 2367 qui

163 2405 178 2436 ι
202 2391 582 2460 κατακυριεύσει
632 2393 746 2446 ἀπὸ
786 2394 1057 2466 θαλάσσης
1095 2396 1195 2460 ἕως
1241 2397 1536 2467 θαλάσσης,
1571 2416 1639 2452 κα

1792 2401 1928 2472 urgit
1975 2401 2233 2469 imperare
2274 2396 2516 2467 gentibus
2540 2433 2555 2460 ,
2599 2395 2655 2448 in
2705 2394 2820 2463 ipso
2853 2397 3034 2462 gentes
3085 2401 3268 2458 spera-

157 2477 240 2528 ἁπὺ
280 2480 508 2548 ποταμοῦ
564 2481 671 2545 ἕως
717 2483 972 2553 περάτων
1025 2486 1123 2556 τῆς
1176 2487 1522 2557 οἰκουμένης,
1571 2506 1633 2541 κα

1795 2499 1891 2546 unt
1921 2493 1986 2546 ¹¹.
2019 2509 2037 2542 ι
2070 2489 2183 2543 Alia
2213 2501 2339 2542 vero
2367 2486 2433 2540 de
2465 2485 2573 2538 ﬁlio
2600 2482 2917 2545 Salomonis,
2953 2498 2972 2530 ι
3011 2486 3064 2534 et
3099 2479 3269 2533 domi-

157 2564 620 2638 ἐνευλογηθήσονται
664 2572 726 2624 ἐν
761 2572 915 2643 αὐτῷ
962 2573 1134 2628 πάντα
1179 2574 1246 2627 τὰ
1281 2575 1435 2646 ἔθνη·
1470 2594 1488 2628 ι
1534 2579 1567 2647 ὴ
1609 2577 1633 2629 δ

1798 2579 1973 2634 abitur
2001 2593 2032 2632 a
2057 2578 2190 2631 mari
2220 2591 2386 2647 usque
2407 2576 2471 2630 ad
2509 2590 2674 2638 mare,
2715 2581 2767 2626 et
2793 2586 2822 2624 a
2861 2569 3074 2624 ﬂumine
3099 2579 3271 2636 usque

159 2656 266 2722 μετὰ
284 2660 454 2728 χεῖρας
479 2662 912 2731 παραπλησίως,
948 2681 968 2714 σ
993 2662 1096 2726 ἕως
1119 2663 1185 2718 ἂν
1224 2663 1348 2734 ἔλθῃ
1368 2704 1383 2728 ,
1421 2683 1440 2716 ι
1467 2666 1624 2735 φησιν

1796 2668 1830 2722 d
1859 2667 1993 2722 fines
2015 2667 2160 2722 orbis
2196 2673 2369 2728 teme,
2403 2671 2456 2718 et
2495 2662 2873 2717 benedicentur
2904 2659 2958 2712 in
2982 2672 3045 2712 eo
3087 2670 3271 2712 omnes

163 2761 176 2790 ι
201 2735 237 2808 ᾧ
253 2744 515 2799 ἀπόκειται
537 2787 554 2811 ,
599 2748 698 2800 καὶ
723 2748 898 2811 αὐτὸς
937 2747 1084 2802 ἔσται
1112 2749 1395 2818 προσδοκία
1419 2751 1599 2804 ἐθνῶν.

1796 2765 1941 2808 entes
1955 2755 2022 2809 ".
2055 2773 2074 2805 ι
2099 2752 2174 2806 Ea
2193 2767 2319 2806 vero
2340 2763 2494 2819 quam
2523 2763 2663 2802 nunc
2709 2745 3036 2800 tractandam
3059 2755 3271 2796 assum-

159 2829 275 2901 Εῑδὴ
295 2826 378 2884 οὖν
407 2833 722 2904 συνᾴδουσιν
747 2835 816 2887 αἱ
844 2835 968 2904 περὶ
993 2834 1100 2888 τῶν
1130 2835 1292 2889 ἐθνῶν
1322 2839 1635 2907 προρρήσεις

1799 2841 1984 2906 simus,
2006 2840 2186 2894 itidem
2217 2857 2229 2892 :
2268 2857 2285 2890 ι
2314 2837 2487 2892 Donec
2527 2837 2718 2901 veniat,
2748 2833 2938 2904 inquit,
2965 2831 3049 2885 cui
3071 2828 3275 2899 reposi-

160 2919 504 2992 ἀπεδείχθησαν
527 2923 586 2976 δέ
613 2925 670 2976 αἱ
698 2922 816 2992 πρὸ
839 2923 1038 2977 τούτων
1068 2924 1264 2994 ὁρῶσαι
1294 2926 1380 2978 τὸν
1409 2927 1636 2998 ἡμέτερο

1799 2946 1876 2985 um
1909 2938 2007 2993 est,
2038 2939 2090 2985 et
2119 2930 2230 2998 ipse
2259 2927 2359 2982 erit
2406 2924 2728 2994 exspectatio
2769 2921 3021 2992 gentium.
3070 2937 3089 2971 ι
3123 2915 3275 2982 Quod

160 3008 379 3080 Σωτῆρα,
419 3013 570 3066 οὐδὲν
597 3012 665 3065 ἂν
696 3013 795 3082 εἴη
824 3012 1064 3082 ἐμποδὼν
1097 3014 1171 3086 μὴ
1210 3015 1326 3085 οὐχὶ
1377 3016 1467 3068 τὸν
1510 3017 1636 3068 αὐτὸ

1799 3021 1811 3074 i
1835 3021 1948 3075 haec
1972 3020 2037 3074 de
2062 3017 2307 3089 gentibus
2331 3016 2542 3071 oracula
2568 3012 2912 3074 concordant,
2932 3018 2984 3064 et
3003 3015 3275 3063 ostensum

161 3099 339 3165 βλέπειν
367 3105 453 3158 καὶ
481 3104 580 3174 τὴν
612 3103 922 3175 παροῦσαν,
945 3107 1096 3175 εἰπερ
1133 3106 1387 3176 σύμφωνα
1418 3108 1637 3179 ἀλλήλαι

1801 3118 1844 3164 st
1882 3107 2322 3178 quemadmodum
2364 3118 2426 3158 ea
2453 3117 2663 3172 quoque
2691 3115 2807 3170 qua:
2833 3099 2944 3152 haec
2975 3097 3089 3165 ipsa
3127 3100 3277 3148 ante-

159 3192 496 3262 ὁμολογοῦνται
521 3196 843 3259 θεσπίζεινο
873 3197 1099 3266 μάλιστα
1125 3198 1209 3249 ὅτε
1239 3199 1392 3268 μέχρι
1428 3199 1524 3268 μὲν
1560 3200 1632 3251 τῶ

1801 3205 2059 3261 asserunt,
2092 3195 2157 3250 ad
2203 3193 2528 3249 Salvatorem
2559 3198 2800 3245 nostrum
2844 3195 3103 3257 spectant,
3145 3182 3277 3237 nihil

159 3281 329 3347 χρόνων
369 3285 463 3354 τῆς
502 3285 598 3337 τοῦ
637 3283 899 3356 Σωτῆρος
933 3283 1088 3354 ἡμῶν
1133 3287 1444 3354 ἐπιφανείας
1479 3290 1526 3339 οἱ
1572 3305 1632 3340 το

1807 3287 1996 3356 mplius
2025 3285 2182 3339 fuerit
2208 3281 2603 3352 impedimento,
2633 3281 2761 3348 quin
2816 3279 2918 3331 hoc
2946 3278 3117 3345 ipsum
3145 3288 3278 3342 quo-

171 3368 396 3424 Ἰουδαίων
434 3371 620 3436 ἔθνους
657 3375 922 3443 ἄρχοντες
960 3375 1052 3426 καὶ
1088 3375 1368 3444 ἡγούμενοι
1405 3376 1577 3428 αὐτῶν
1604 3377 1647 3429 ἐι

1796 3393 1866 3447 με
1894 3375 2031 3445 quod
2059 3389 2199 3428 nunc
2221 3381 2529 3434 tractamus,
2554 3368 2795 3424 eumdem
2821 3367 2967 3421 illum
2987 3363 3234 3433 respiciat
3260 3381 3272 3414 :

160 3464 399 3528 προγόνων
441 3465 693 3534 διαδοχῆς
729 3466 1124 3534 συνεστήκεσαν
1145 3505 1159 3528 ,
1192 3465 1304 3534 ἅμα
1331 3465 1386 3517 δὲ
1414 3469 1477 3535 τῇ
1507 3467 1636 3521 αὐτο

1802 3463 2190 3532 uandoquidem
2233 3461 2343 3528 jam
2386 3470 2700 3512 concessum
2740 3462 2821 3510 est
2852 3493 2867 3518 ,
2925 3457 3278 3506 consentanea

161 3554 392 3624 παρουσίᾳ
415 3555 852 3617 διελελοίπεσαν,
877 3555 1008 3625 ὁμοῦ
1039 3573 1098 3608 τε
1129 3558 1161 3625 ἠ
1189 3555 1294 3614 τῶν
1322 3555 1486 3608 ἐθνῶν
1515 3572 1637 3625 προε

1801 3560 1902 3607 iter
1936 3566 1994 3606 se
2023 3551 2089 3605 ab
2112 3548 2359 3603 omnibus
2403 3546 2508 3600 illis
2537 3545 2762 3599 divinari
2794 3561 2807 3599 :
2839 3539 3128 3613 praesertim
3156 3553 3277 3591 cum

158 3637 279 3690 δοκία
298 3642 440 3705 τέλος
468 3644 648 3712 ἐπῆγε
683 3646 753 3712 τῇ
779 3642 868 3694 τοῦ
909 3643 1098 3697 Ἰακὼὸ
1134 3644 1441 3714 προρρήσει.
1469 3643 1634 3695 οὐκοῦ

1806 3656 1935 3710 sque
1977 3639 2043 3692 ad
2073 3648 2308 3706 tempora
2354 3635 2610 3688 adventus
2655 3629 2941 3685 Salvatoris
2969 3627 3159 3691 nostri,
3186 3625 3280 3679 Ju-

159 3727 396 3782 κάνταῦθα
427 3735 455 3783 ὁ
492 3732 738 3802 Χριστὸς
767 3731 1102 3801 δηλούμενος,
1144 3731 1237 3784 καὶ⁹
1257 3732 1373 3784 οὐδὲ
1396 3731 1546 3794 ἄλλος
1568 3772 1582 3796 ,
1608 3734 1632 3783 ἐ

1807 3733 1930 3786 aicte
1977 3730 2148 3800 gentis
2189 3726 2465 3797 principes.
2498 3723 2837 3793 ejusdemque
2861 3719 3022 3773 duces
3064 3733 3130 3772 ex
3167 3731 3283 3770 ma-

155 3817 296 3886 φυλῆς
330 3821 495 3874 Ἰούδα
536 3820 984 3892 προελεύσεσθαι.
1027 3822 1135 3872 Καὶ
1178 3821 1264 3873 ὅτε
1307 3820 1363 3872 δὲ
1411 3821 1475 3872 ἐκ
1513 3821 1631 3874 Audi

1806 3835 1942 3876 irum
1972 3832 2189 3874 suorum
2220 3815 2556 3871 successione
2583 3810 2988 3882 permanserint,
3019 3819 3125 3860 una
3154 3819 3282 3860 vero

158 3904 230 3956 καὶ
267 3907 602 3979 Σολομῶνος,
656 3910 726 3962 ἐκ
764 3927 824 3961 τε
858 3911 953 3980 τῆς
1001 3908 1152 3980 ῥίζης
1209 3909 1399 3962 Ἰεσσαὶ⁵
1439 3909 1634 3978 γεγονῶ

1808 3924 1889 3963 um
1919 3907 2034 3976 ejus
2079 3907 2307 3960 adventu
2350 3900 2672 3964 defecerint,
2723 3897 3060 3969 gentiumque
3086 3895 3284 3963 pariter

155 3996 400 4065 ἐδηλοῦτο,
439 4003 506 4054 ἐκ
543 3997 651 4071 τῆς
693 4001 864 4070 αὐτῆς
906 3999 1074 4068 φυλῆς
1114 3999 1187 4052 ὢν
1214 3998 1496 4055 ἐδείκνυτο.
1540 4001 1631 4052 Παῑ

1805 3995 2087 4067 xspectatio
2099 3996 2252 4049 linem
2276 3993 2447 4062 ipsius
2472 3989 2635 4048 Iacob
2669 3989 2924 4045 vaticinio
2953 3985 3281 4055 imposuerit.

158 4085 239 4152 μὲν
262 4089 360 4161 γὰρ
385 4088 453 4160 ἦν
471 4091 570 4143 τοῦ
606 4090 812 4143 Ἰεσσαὶ
835 4090 1013 4154 Δασὶδ,
1029 4091 1121 4142 τοῦ
1146 4090 1202 4142 δὲ
1221 4089 1378 4142 Δασιδ
1409 4087 1634 4158 Σολομὼη

1810 4087 1931 4155 gitur
1957 4085 2058 4139 hoc
2077 4084 2234 4138 etiam
2256 4082 2311 4136 in
2332 4082 2449 4136 loco
2471 4081 2736 4142 Christus,
2761 4077 2851 4146 qui
2880 4076 2993 4144 ipse
3016 4089 3124 4128 non
3149 4073 3286 4127 alius

155 4180 414 4244 συστάντες
441 4184 507 4234 ἐκ
544 4180 729 4250 φυλῆς
759 4178 940 4234 Ἰούδα.
962 4179 1060 4248 Εῖη
1093 4179 1156 4233 ἂν
1188 4178 1464 4248 τοιγαροῦν
1491 4177 1548 4242 ἐξ
1577 4179 1631 4230 au:

1811 4192 1833 4230 e
1861 4175 2002 4230 tribu
2027 4172 2161 4227 Juda
2179 4171 2483 4242 proditurus
2509 4169 2854 4240 signiﬁcatur,
2878 4167 3072 4235 quique
3092 4179 3158 4218 ex
3184 4163 3287 4215 Da-

155 4267 236 4334 τῆς
264 4272 290 4321 ὁ
315 4271 503 4343 Σωτὴρ
539 4275 641 4327 καὶ
695 4271 895 4341 Κύριος
939 4270 1126 4340 ήμῶν,
1165 4269 1438 4339 ὠσπεροῦν
1487 4271 1516 4322 ὁ
1556 4268 1631 4321 θαι

1811 4265 1858 4318 id
1886 4271 1938 4318 et
1970 4263 2270 4328 Salomone,
2308 4261 2462 4331 361
2496 4267 2652 4329 atque
2678 4273 2743 4312 ex
2784 4255 2962 4310 radice
2997 4253 3149 4309 Jesse
3174 4253 3287 4306 exi-

156 4354 318 4419 μάσιος
362 4342 766 4430 εὐαγγελιστὴς
810 4359 1108 4427 γενεαλογεῖ
1161 4359 1428 4420 Ματθαῖος
1471 4357 1632 4426 λέγων

1813 4369 1924 4410 irus
1951 4353 2236 4416 ferebatur,
2265 4365 2331 4406 ex
2373 4351 2556 4405 eadem
2586 4349 2725 4402 tribu
2754 4345 3024 4416 profectus
3052 4342 3289 4398 ostendi-

159 4461 174 4490 ί
197 4444 369 4510 Βίὸλος
393 4450 673 4516 γενέσεως
709 4450 874 4521 Ἰησοῦ
897 4449 1124 4520 Χριστοῦ
1140 4488 1154 4506 .
1197 4448 1312 4500 υἱοῦ
1339 4448 1498 4501 Δαὸὶδ
1514 4487 1528 4509 ,
1558 4450 1635 4500 υίο

1813 4459 1880 4498 ιιι.
1904 4442 2034 4496 Nam
2059 4439 2208 4497 Iesse
2235 4440 2445 4510 quidem
2470 4439 2609 4494 ﬁlius
2633 4437 2730 4490 fuit
2761 4435 2923 4489 David
2960 4456 2971 4490 :
3002 4434 3172 4502 ipsius
3200 4447 3289 4485 au-

164 4532 401 4607 Ἀϐραάμ.
450 4539 714 4610 Ἀϐραὰμ
746 4539 996 4607 ἐγέννησε
1023 4538 1111 4591 τὸν
1157 4537 1364 4589 Ἰσαάκ’
1405 4537 1582 4589 Ἰσαὰκ
1615 4537 1640 4589 δ

1811 4547 1877 4586 ξω
1896 4531 2061 4585 David
2089 4530 2356 4595 Salomon,
2380 4529 2470 4600 qui
2491 4529 2556 4582 de
2580 4529 2718 4581 tribu
2745 4525 2878 4579 Juda
2907 4522 3116 4578 oriundi
3143 4528 3287 4576 sunt.

156 4622 381 4695 ἐγέννησε
411 4628 502 4680 τὸν
540 4627 772 4680 Ἰακὼὁο
817 4627 1004 4680 Ἰακὼϐ
1044 4627 1098 4679 δὲ
1136 4626 1383 4695 ἐγέννησε
1411 4625 1502 4678 τὸν
1548 4627 1632 4678 Ἰοιί

1810 4623 1884 4678 irit
1909 4636 2034 4691 ergo
2063 4639 2130 4677 ex
2174 4623 2356 4677 eadem
2400 4620 2642 4676 Salvator
2667 4632 2729 4670 ac
2773 4614 3027 4668 Dominus
3057 4619 3239 4665 noster
3273 4627 3286 4662 :

157 4708 260 4763 δαν·
290 4733 310 4766 ι
343 4717 436 4769 καὶ
466 4716 540 4768 τὰ
575 4715 732 4785 ἐξῆς.
776 4717 932 4769 Ἀλλὰ
973 4715 1079 4786 γὰρ
1109 4715 1202 4768 καὶ
1242 4714 1438 4768 τούτων
1469 4715 1565 4786 τὴν
1600 4732 1628 4768 ο

1814 4712 1912 4764 icut
1951 4711 2112 4764 etiam
2150 4712 2360 4766 divinus
2389 4710 2712 4780 evangelista
2760 4704 3037 4759 Matthaeus
3073 4702 3129 4753 in
3173 4699 3290 4766 ejus

162 4800 288 4853 κείαν
315 4804 588 4870 ἀπόδειξιν
616 4805 1022 4876 ἀπειληφότων,
1057 4803 1238 4873 καιρὸς
1270 4803 1359 4854 καὶ
1394 4803 1515 4864 τοὺς
1548 4802 1638 4872 χρό

1817 4812 1963 4854 enere
1991 4799 2254 4853 narrando
2283 4799 2595 4854 testiﬁcatur
2619 4796 2802 4850 dicens
2838 4811 2852 4846 :
2892 4809 2909 4842 ι
2945 4789 3104 4844 Liber
3133 4801 3293 4855 gene-

161 4901 264 4951 νηυς
317 4893 547 4945 συνιδεῖν
607 4892 711 4961 τῆς
763 4893 875 4946 τῶν
920 4889 1392 4962 προηγορευμένων
1431 4889 1637 4958 άποπλη

1813 4885 2002 4942 ationis
2045 4885 2172 4941 Iesu
2219 4886 2418 4941 Christi
2473 4885 2566 4938 ﬁlii
2616 4881 2816 4943 David,
2861 4879 2956 4932 filii
3001 4876 3289 4930 Abraham.

155 4973 366 5040 ρὼσεως.
1781 4974 2044 5030 Abraham
2070 4975 2248 5044 genuit
2272 4974 2419 5030 Isaac
2451 4992 2464 5028 :
2492 4975 2636 5028 Isaac
2655 4979 2829 5024 autem
2879 4966 3059 5038 genuit
3084 4962 3249 5018 Iacob
3275 4981 3293 5018 :

152 5059 296 5120 Jacob
338 5077 515 5125 autem
607 5073 811 5141 genuit
869 5069 1056 5124 ludam
1086 5069 1151 5135 ³³,
1223 5088 1242 5121 ι
1280 5077 1335 5123 et
1380 5079 1589 5128 caetera.
1641 5070 1748 5127 Sed
1782 5069 1992 5141 quando
2024 5069 2212 5123 harum
2257 5084 2435 5123 rerum
2475 5068 2742 5138 propriam
2790 5060 3297 5118 demonstrationem

159 5160 512 5302 itgmvimus
537 5205 554 5229 ,
621 5171 854 5236 tempus
901 5165 1015 5233 jam
1065 5161 1223 5218 fuerit
1272 5163 1462 5219 intueri
1515 5166 1708 5236 quibus
1776 5163 2100 5234 temporibus
2135 5179 2198 5218 ca
2246 5177 2364 5232 quae
2404 5161 2671 5231 propheta}
2724 5157 3095 5228 praedixerant,
3151 5165 3303 5205 conv

311 5262 434 5302 smt-

165 5253 286 5313 picta
311 5253 434 5309 sint.

231 5421 270 5454 "
303 5424 426 5482 Gen.
459 5445 620 5495 χιιι,
654 5429 812 5483 8-10.
895 5431 934 5460 ²¹
977 5427 1084 5483 lsa.
1115 5443 1196 5491 ιιι,
1232 5429 1310 5484 10.
1350 5434 1393 5463 ²²
1420 5430 1557 5487 Psal.
1596 5449 1707 5488 ιιιι

1072 5469 1084 5482 .
1115 5443 1196 5491 x1,
1232 5429 1310 5484 10.
1350 5434 1393 5463 ²²
1420 5430 1557 5487 Psal.
1596 5449 1717 5488 uxr
1743 5474 1757 5500 ,
1787 5433 1850 5499 8,
1890 5433 1971 5487 17.
2044 5433 2086 5463 ⁸³
2123 5428 2303 5484 Matth.
2338 5440 2385 5491 I,
2419 5429 2469 5497 1,
2498 5431 2548 5484 Ξ..

1715 5629 1783 5672 μ
