3740 6326
164 389 253 441 569

952 386 1577 447 DEMONSTRATIOMS
1607 380 2047 443 EVANGELICE
2084 377 2205 438 LIB.
2247 382 2383 446 Vl".

3162 396 3264 451 570

164 497 438 568 πολιαρχίας
486 499 779 573 ἀναίρεσιν,
809 502 903 574 τῆς
937 506 1189 559 πολυθέου
1222 506 1312 560 καὶ
1341 504 1626 576 δαιμονική

1707 537 1720 568 ι
1748 501 1850 558 Sed
1877 502 1978 555 alia
2001 504 2251 570 preterea
2282 504 2590 560 earumdem
2622 506 2908 574 subjiciunt
2944 508 3095 579 signa
3125 515 3261 564 tem-

161 588 550 659 ιίδωλολατρείας
606 592 980 665 ἀποστροφὴν,
1039 596 1320 664 ἐπίγνωσιν
1378 596 1646 659 εὐσεϐείας

162 677 255 740 ἑνὸς
290 676 373 729 τοῦ
404 678 492 729 ἐπὶ
533 680 750 734 πάντων
793 683 1120 757 δημιουργοῦ
1163 686 1312 738 Θεοῦ.
1340 686 1516 740 Ταῦτα
1557 682 1646 739 οὖν

160 768 361 830 ἅπαντα,
394 767 464 837 μὴ
515 768 640 822 δντα
686 771 853 825 πάλαι
894 774 1033 827 κατά
1073 776 1195 838 τοὺς
1221 775 1325 827 τῶν
1363 775 1647 846 προφητῶν

159 857 361 926 χρόνους,
401 857 491 909 ἐπὶ
529 859 629 927 τῆς
658 861 894 931 Χριστοῦ
937 865 1227 935 παρουσίας
1252 863 1560 933 γενήσεσθαι
1595 865 1644 917 οί

157 947 261 998 θεῖοι
297 946 514 1017 χρησμοὶ
551 951 938 1022 προηγόρευον,
970 954 1006 1007 ἃ
1037 955 1128 1007 καὶ
1155 957 1269 1016 ταῖς
1292 955 1643 1024 προρρήσεσιν

154 1030 411 1094 ἀκολούθως
434 1033 513 1097 είς
544 1035 716 1107 πέρας
742 1040 958 1093 ἐλθόντα
985 1042 1102 1094 ὅσον
1134 1040 1280 1093 οὐπω
1311 1043 1653 1112 παραστήσεσι

151 1138 241 1173 ται.
289 1123 355 1176 Τά
398 1139 455 1190 γε
489 1124 595 1195 μὴν
615 1127 768 1181 αἴτια
813 1131 906 1183 τοῦ
949 1131 1022 1201 μὴ
1068 1133 1344 1202 πρότερον,
1379 1131 1512 1185 ἀλλά
1550 1131 1642 1185 νῦν

150 1209 221 1259 ἐπ’
262 1208 475 1278 ἐσχάτων
524 1216 735 1286 καιρῶν
787 1219 921 1288 μετὰ
960 1220 1048 1273 τὸν
1098 1224 1299 1293 μακρὸν
1345 1226 1437 1277 καὶ
1481 1225 1642 1279 πολὺν

150 1295 287 1350 αἰῶνα
303 1298 383 1353 τὸν
410 1300 637 1372 Χριστὸν
667 1306 887 1378 ἐμφανῆ
908 1310 1147 1377 γενέσθαι
1171 1312 1246 1381 τῷ
1267 1312 1381 1383 βίῳ,
1403 1315 1639 1369 λέλεκται

149 1389 227 1457 μὲν
250 1388 334 1457 ἤδη
358 1391 445 1444 καὶ
473 1392 727 1463 πρόσθεν,
763 1397 826 1448 οὐ
857 1398 959 1468 μὴν
992 1399 1122 1452 ἀλλὰ
1162 1401 1252 1454 καὶ
1297 1403 1386 1455 νῦν
1420 1407 1475 1457 ἐν
1512 1404 1640 1475 βρα-

146 1475 264 1545 χέσιν
289 1478 563 1548 εἰρήσεται.
595 1481 779 1545 Πολὺς
808 1479 875 1553 ἦν
903 1485 1064 1537 πάλαι
1116 1487 1371 1557 πρότερον
1410 1489 1503 1553 τὰς
1532 1491 1637 1542 τῶν

146 1562 393 1633 ἀνθρώπων
432 1566 605 1636 ψυχάς
659 1571 966 1626 ἐπισκοτῶν
1020 1575 1319 1645 ἀφροσύνης
1368 1577 1461 1629 καὶ
1516 1578 1639 1631 ἀσε-

146 1652 263 1715 ϐείας
289 1654 499 1723 αὐχμὸς,
526 1656 671 1729 δεινή
719 1676 785 1712 τε
824 1661 1047 1732 ἀθεότης
1090 1667 1493 1736 κατακρατοῦσα
1542 1669 1634 1721 τοῦ

145 1740 302 1802 παντὸς
333 1741 621 1813 ἀνθρώπων
663 1745 809 1814 βίου,
838 1748 912 1811 ὡς
958 1751 1119 1819 μηδὲν
1165 1751 1269 1804 τῶν
1311 1754 1511 1824 ἀγρίων
1544 1757 1635 1809 καὶ

1742 608 1950 661 parum,
2004 589 2384 647 abundantiam
2434 594 2601 663 pacis,
2635 597 3020 666 principatuum
3053 613 3262 652 rerum-

1744 696 1845 752 que
1875 680 2221 752 publicarum,
2256 695 2376 749 quae
2411 696 2439 734 a
2480 680 2693 735 condita
2720 696 2831 736 aevo
2872 684 3131 746 fuissent,
3160 699 3258 753 per

1744 771 1979 838 singulas
2007 776 2189 839 gentes
2206 776 2365 838 atque
2385 770 2542 823 urbes
2568 769 2860 833 interitum,
2889 786 2917 824 a
2942 773 3257 828 simulacro-

1742 875 1859 913 rum
1890 860 2055 923 cultu,
2084 874 2189 928 quo
2211 859 2388 929 plures
2424 860 2535 914 sive
2573 859 2648 912 dii
2695 860 2807 914 sive
2837 860 3100 917 daemones
3120 864 3257 919 cole—

1740 945 1950 1009 bantur,
1991 947 2340 1010 aversionem,
2364 949 2522 1003 unius
2555 950 2789 1017 supremi
2819 951 3025 1020 apiticis
3052 953 3141 1008 Dei
3168 969 3257 1010 co-

1738 1032 2023 1101 gnitionem
2067 1048 2128 1087 ac
2172 1034 2584 1089 venerationem.
2629 1034 2749 1089 llzec
2798 1037 2959 1107 igitur
3002 1040 3252 1098 universa

1738 1136 1960 1191 quorum
2006 1123 2137 1176 nihil
2187 1123 2450 1193 quondam
2493 1125 2819 1194 temporibus
2877 1128 3250 1196 prophetarum

1735 1218 1882 1273 erat,
1918 1213 2018 1266 sub
2064 1212 2232 1281 ipsius
2263 1211 2461 1267 Christi
2515 1214 2799 1269 adventum
2856 1217 3031 1269 futura
3074 1217 3249 1271 divina

1736 1302 1945 1354 oracula
1979 1300 2355 1369 pradicabant,
2392 1318 2511 1372 qua:
2540 1304 2697 1357 etiam
2726 1318 2844 1357 cum
2872 1304 3001 1374 ipsis
3020 1306 3250 1360 oraculis
3338 1361 3345 1369 ,

1735 1388 2112 1444 concordantia
2140 1407 2293 1445 suum
2321 1392 2475 1447 finem
2502 1392 2761 1461 attigisse,
2795 1392 2933 1445 haud
2980 1394 3051 1447 ita
3081 1396 3251 1449 multo

1732 1484 1851 1543 post
1880 1476 2401 1533 demonstrabuntur.
2427 1478 2684 1534 Cmterum
2706 1496 2801 1532 cur
2832 1496 2936 1533 non
2960 1481 3127 1550 prius,
3155 1483 3246 1536 sed

1731 1581 1873 1620 nunc
1902 1566 2159 1621 duntaxat
2186 1568 2335 1623 hisce
2356 1570 2607 1623 extremis
2639 1571 2961 1638 temporibus
2990 1578 3109 1640 post
3141 1573 3251 1626 lon-

1731 1669 1850 1723 gum
1876 1656 2202 1726 multumque
2232 1672 2400 1711 :evum
2427 1657 2673 1712 Christus
2695 1659 2975 1712 videndum
3010 1663 3244 1731 seipsum

1731 1743 1784 1796 in
1813 1745 1917 1798 vita
1965 1747 2278 1814 praebuerit,
2338 1762 2513 1802 causa:
2559 1748 2771 1818 quidem
2824 1757 2977 1804 antea
3032 1768 3245 1822 quoque

144 1827 391 1882 ἀτιθάσσων
430 1831 629 1902 θηρίων
662 1835 943 1907 διαφέρειν
968 1837 1173 1892 δοκείνο
1212 1843 1345 1911 μήτε
1383 1822 1509 1911 γοῦν
1537 1845 1626 1897 ’πό⁴

1727 1829 1879 1885 dicta:
1914 1840 2057 1896 sunt,
2086 1843 2449 1889 verumtamen
2489 1836 2647 1889 etiam
2679 1852 2819 1891 nunc
2855 1840 3041 1907 paucis
3085 1848 3245 1909 atque

142 1917 239 1980 λεις,
252 1920 371 1987 μήτε
391 1921 678 1986 πολιτείας,
700 1924 840 1994 μήτε
862 1925 1071 1995 νόμους,
1095 1929 1230 2001 μήτε
1252 1947 1303 1982 τι
1330 1932 1518 2002 σεμνὸν
1539 1935 1629 1986 καὶ

142 2007 351 2074 βωφελές
375 2010 586 2091 εἰδότες,
613 2012 757 2083 μηδέ
783 2014 887 2084 μὴν
914 2017 1209 2090 ἐπιστήμας
1243 2023 1332 2075 καὶ
1359 2023 1544 2094 τέχνας
1570 2028 1627 2081 ἐν

139 2095 194 2165 νῷ
220 2088 477 2166 τιθέμενοι,
504 2100 709 2171 ἀρετῆς
744 2120 806 2156 τε
846 2106 941 2159 καὶ
970 2088 1276 2178 φιλοσοφίας
1308 2088 1518 2178 οὐδ’-είς
1546 2117 1624 2171 ἔν-

138 2200 249 2235 νοιαν
286 2186 456 2250 ἰόντες,
494 2188 686 2257 μόναις
730 2192 823 2243 ἐπ’
860 2193 1131 2264 ἐρημίαις,
1162 2198 1217 2250 ἐν
1261 2216 1319 2252 τε
1361 2200 1505 2272 ὄρεσι
1533 2206 1625 2258 καὶ

138 2273 365 2365 σπηλαίοις
410 2277 500 2330 καὶ
537 2277 759 2348 κώμαις
795 2281 891 2344 τὰς
933 2283 1201 2354 διατριϐάς
1225 2290 1506 2357 ἐποιοῦντο,
1530 2292 1621 2365 λῃ-

137 2360 435 2433 στρικώτερον
465 2366 834 2437 ἐπιτιθέμενοι
863 2372 970 2433 τοῖς
996 2371 1357 2441 πλησιάζουσι,
1386 2360 1622 2448 πορίζον-

135 2466 201 2511 τες
233 2450 289 2501 τὰ
322 2452 448 2522 πρὸς
484 2454 543 2506 τὸ
589 2452 691 2525 ζῇν
735 2457 836 2509 οὐκ
873 2458 1089 2513 ἄλλοθεν
1114 2462 1222 2514 ἀλλ’
1246 2463 1278 2533 ἢ
1306 2465 1368 2516 ἐκ
1393 2466 1489 2535 τῆς
1514 2466 1621 2520 τῶν

137 2538 511 2611 καταδεεστέρων
548 2545 1025 2612 καταδυναστείας.
1062 2551 1214 2604 Ἀλλὰ
1251 2552 1352 2622 μὴν
1366 2555 1481 2608 οὐδέ
1493 2556 1619 2611 Θεὸν

135 2623 200 2677 τὸν
235 2627 314 2680 ἐπὶ
352 2629 559 2685 πάντων
595 2634 819 2703 ⁴ᾔδεσαν,
847 2636 965 2688 οὐδέ
1002 2654 1063 2704 γε
1100 2638 1369 2704 εὐσεϐείας
1398 2642 1619 2712 ἀληθοῦς

134 2714 302 2783 τρόπον,
342 2725 587 2786 φυσικαῖς
618 2723 675 2776 δὲ
714 2725 945 2787 ἐννοίαις
988 2727 1402 2798 ἀνακινούμενοι,
1434 2730 1491 2783 τὸ
1520 2733 1618 2801 μὲν

134 2805 342 2876 ὑπάρχειν
380 2813 433 2863 ἐν
471 2815 583 2875 τοῖς
611 2810 735 2866 οὗσι
785 2814 929 2868 θείαν
956 2816 1072 2873 τινὰ
1110 2817 1328 2887 δύναμιν
1370 2821 1460 2872 καὶ
1489 2821 1616 2874 Θεὸν

149 2889 169 2911 ,
1313 2909 1325 2925 .
1556 2912 1567 2929 ς

131 2910 250 2961 ειναι,
274 2902 356 2952 καὶ
377 2901 755 2971 ὀνομάζεσθαι,
788 2905 1044 2974 σωτήριόν
1070 2923 1126 2958 τε
1158 2908 1249 2959 καὶ
1275 2926 1614 2980 ευεργετικην

128 2988 356 3056 τυγχάνειν
406 2991 502 3062 τὴν
569 2992 942 3063 προσηγορίαν
1001 2995 1249 3064 αὐτοφυεί
1310 2998 1615 3071 διδασκαλίᾳ

129 3080 499 3147 συνωμολόγουν
526 3081 590 3135 τὸ
626 3082 685 3135 δὲ
723 3082 797 3152 μὴ
831 3082 955 3135 ἄλλο
988 3100 1040 3136 τι
1062 3085 1292 3155 νομίζειν
1317 3088 1349 3157 ἢ
1372 3089 1465 3179 τὸν
1486 3089 1608 3142 ἐπέ-
1631 3125 1672 3179 C

126 3181 241 3218 κεινα
264 3167 461 3241 ἀπάσης
492 3170 591 3240 τῆς
620 3170 905 3240 ὁρωμένης
934 3172 1135 3236 οὐσίας,
1174 3174 1270 3229 οὐκ
1304 3174 1379 3227 ἔθ’
1410 3172 1509 3229 οἷοί
1548 3195 1606 3229 τε

124 3250 226 3321 ἦσαν
251 3258 604 3327 ἀποδέχεσθαι.
627 3260 831 3330 Διόπερ
865 3280 883 3312 ι
910 3263 959 3313 οί
993 3262 1089 3331 μέν
1117 3264 1291 3316 αὐτῶν
1314 3265 1604 3339 ἐσεϐάσθη-

124 3357 210 3401 σαν,
236 3346 316 3398 καὶ
354 3346 681 3417 ἐλάτρευσαν
723 3351 788 3418 τῇ
821 3352 990 3401 κτίσει
1031 3351 1177 3420 παρά
1204 3351 1293 3403 τὸν
1319 3353 1566 3406 κτίσαντα
1585 3370 1603 3386 ·

120 3433 154 3482 οἱ
178 3433 222 3485 δὲ
251 3436 653 3507 ἐματαιώθησαν
683 3438 745 3490 ἐν
775 3440 885 3500 τοῖς
912 3437 1269 3509 διαλογισμοῖς
1294 3442 1485 3506 αὐτῶν,
1514 3445 1606 3496 καὶ

118 3523 345 3596 ἐσκοτίσθη
376 3530 407 3598 η
452 3526 711 3589 ἀσύνετος
754 3526 927 3580 αὐτῶν
959 3528 1172 3598 καρδία,
1218 3530 1293 3592 ὡς
1329 3531 1603 3596 ἐναλλάξαι

114 3615 189 3684 τὴν
206 3616 341 3679 δόξαν
366 3618 457 3671 τοῦ
491 3618 773 3688 ἀφθάρτου
815 3616 948 3671 Θεοῦ
977 3620 1034 3669 ἐν
1064 3617 1357 3688 ὁμοιώματι
1404 3621 1604 3685 εἰκόνος

117 3701 304 3774 φθαρτοῦ
350 3705 659 3775 ἀνθρώπου,
699 3706 793 3760 καὶ
832 3704 1088 3760 πετεινῶν
1125 3706 1594 3777 καὶλτετραπόδων,

112 3791 181 3842 καὶ
202 3794 440 3862 ἑρπετῶν.
471 3814 491 3846 ι
524 3795 757 3867 Νεκρῶν
775 3796 830 3849 δέ
857 3791 948 3847 οὖν
973 3796 1078 3848 οἶδε
1115 3794 1313 3866 ἀνδρῶν
1335 3796 1599 3850 δυναστῶν

112 3892 250 3943 τινων,
288 3881 321 3950 ἢ
371 3883 460 3936 καὶ
512 3883 793 3953 τυράννων
834 3882 999 3936 πάλαι
1046 3881 1345 3949 γενομένων
1391 3884 1598 3947 εἰκόνας

108 3963 652 4041 ἁνειδωλοποιήσαντες,
690 3971 783 4023 καὶ
814 3968 1033 4032 ταύταις
1055 3969 1114 4022 τὸ
1142 3968 1281 4021 θεῖον
1307 3970 1598 4040 περιάψαν-

108 4068 173 4116 τες
196 4056 356 4121 σέϐας,
388 4060 485 4123 τάς
514 4076 576 4112 τε
618 4059 876 4121 ἐκτύπους
901 4059 994 4112 καλ⁵
1024 4057 1343 4120 ἀκολάστους
1368 4058 1472 4111 τῶν
1504 4060 1597 4111 αὐ-

102 4142 183 4197 τῶν
210 4147 435 4217 πράξεις,
461 4149 540 4211 ὡς
566 4148 705 4201 θεῶν
732 4148 1116 4219 κατορθώματα
1153 4148 1427 4217 σεμνύνειν
1455 4148 1595 4201 ἐθεσ-

102 4231 310 4303 λόγησαν.
343 4239 466 4302 Πῶς
492 4234 588 4291 οὖν
623 4240 734 4299 τοῖς
768 4237 1113 4307 τυγχάνουσιν
1144 4238 1201 4289 ἐν
1230 4238 1447 4311 τοιαύτῃ
1480 4239 1591 4308 βίου

99 4327 377 4381 καταπάτει
413 4330 441 4381 ὁ
473 4329 748 4395 πάνσοφος
776 4328 868 4380 καὶ
895 4326 1185 4397 πανάρετος
1224 4326 1315 4379 τοῦ
1360 4327 1588 4397 Χριστοῦ

1724 1922 1776 1975 in
1822 1936 2024 1976 summa
2066 1931 2387 1992 repetentur.
2422 1924 2554 1977 Cum
2585 1924 2779 1980 multus
2806 1935 2946 1981 esset
2974 1930 3239 1996 quandam

1722 2009 1813 2078 qui
1859 1997 2120 2067 humanas
2169 2013 2373 2067 animas
2430 2013 2801 2069 obtenehraret
2858 2018 3145 2086 impietatis
3186 2027 3239 2073 et

1722 2102 1961 2154 amentiae
1982 2102 2197 2169 squalor
2220 2140 2235 2163 ,
2265 2109 2318 2155 et
2341 2103 2517 2169 gravis
2533 2105 2768 2172 quaedam
2800 2119 2829 2156 a
2855 2105 2959 2160 Dea
2988 2108 3238 2162 alienatio
3262 2162 3269 2167 ,
3296 2154 3301 2157 _

1720 2199 1927 2241 omnem
1953 2187 2111 2239 vitam
2139 2187 2413 2241 hominum
2457 2190 2755 2259 sul-egisset
2782 2203 2941 2258 atque
2979 2208 3239 2261 occupas-

1722 2282 1821 2333 set,
1853 2273 1984 2329 adeo
2014 2285 2071 2328 ut
2099 2277 2166 2331 ab
2197 2277 2495 2346 agrestibus
2529 2286 2581 2332 et
2622 2280 2911 2334 immitibus
2939 2281 3065 2336 feris
3103 2284 3236 2337 nihil

1721 2361 1930 2417 differre
1958 2364 2197 2419 homines
2246 2365 2579 2429 viderentur,
2608 2375 2717 2420 tum
2751 2368 2823 2421 illi
2852 2385 3022 2439 neque
3053 2372 3237 2425 civita—

1716 2462 1815 2514 tes,
1831 2468 1999 2521 neque
2020 2454 2365 2521 respublicas,
2385 2470 2556 2525 neque
2579 2457 2736 2524 leges,
2761 2473 2930 2527 neque
2954 2459 3232 2516 honestum

1715 2541 1999 2609 quidquam
2031 2550 2123 2594 aut
2164 2544 2283 2596 vita:
2332 2544 2668 2599 conducibile
2718 2555 3006 2611 noverant,
3064 2565 3237 2620 neque

1714 2643 1839 2683 vero
1867 2631 2118 2685 scientias
2151 2632 2285 2685 ullas
2309 2641 2399 2685 aut
2418 2644 2560 2687 artes
2592 2634 2768 2687 animo
2794 2638 3236 2705 complecteban—

1714 2724 1819 2782 tur,
1848 2717 2059 2772 virtutis
2075 2727 2250 2772 autem
2268 2734 2329 2771 ac
2362 2719 2712 2788 philosophiae
2736 2736 2802 2774 ne
2828 2725 3097 2777 minimam
3112 2726 3234 2793 qui-

1712 2805 1829 2859 dem
1857 2806 2125 2861 notionem
2156 2808 2426 2870 tenebant,
2449 2808 2542 2863 sed
2575 2809 2628 2862 in
2665 2809 2794 2865 solis
2824 2810 3051 2867 desertis
3074 2814 3227 2878 locis,

1712 2894 1766 2946 in
1800 2895 2068 2950 montibus
2097 2909 2157 2949 ac
2185 2896 2454 2964 speluncis
2495 2908 2548 2951 et
2587 2899 2723 2952 vicis
2773 2899 3026 2968 degentes
3048 2917 3230 2958 versa-

1712 2980 1923 3046 bantur,
1939 2990 1992 3036 et
2006 2984 2269 3036 latronum
2301 2985 2472 3037 instar
2494 2998 2590 3039 eos
2611 2986 2700 3054 qui
2733 2988 2952 3056 propius
2976 2995 3231 3045 accessis-

1709 3077 1826 3123 sent
1858 3070 2177 3126 invadebant
2212 3112 2227 3136 ,
2262 3089 2357 3128 nec
2401 3075 2613 3129 aliunde
2663 3078 2763 3130 sibi
2798 3079 2992 3133 victum
3019 3097 3224 3150 quaere-

1703 3158 1849 3221 bant,
1883 3174 2043 3228 quam
2080 3176 2145 3214 ex
2173 3176 2357 3214 eorum
2408 3164 2752 3231 oppressione
2798 3181 2933 3234 quos
2979 3167 3220 3223 imbecil-

1700 3248 1859 3303 liores
1887 3251 2024 3304 nacti
2056 3258 2237 3305 essent
2263 3271 2275 3305 :
2328 3252 2485 3306 iidem
2524 3269 2684 3322 porro
2715 3271 2885 3324 neque
2914 3273 3219 3327 supremum

1699 3337 1884 3403 Deum,
1915 3354 2086 3408 neque
2113 3342 2278 3395 ullum
2341 3344 2615 3412 religionis
2648 3362 2789 3400 vera:
2818 3349 3033 3403 modum
3056 3367 3221 3408 nave-

1700 3436 1837 3488 rant,
1865 3428 1958 3481 sed
1986 3429 2113 3483 salis
2154 3430 2472 3497 quihusdam
2522 3434 2855 3489 naturalibus
2906 3438 3218 3494 nationibus

1696 3515 1956 3579 instincti,
1987 3517 2245 3571 exsistere
2275 3517 2487 3586 quidem
2519 3518 2677 3589 364
2709 3522 2759 3573 in
2797 3506 2955 3577 rebus
2987 3523 3218 3578 divinam

1696 3604 1955 3673 quandam
1985 3606 2108 3668 vim,
2143 3605 2412 3675 Deumque
2454 3622 2573 3661 esse
2616 3623 2678 3661 ac
2707 3610 2990 3673 nominari,
3021 3620 3075 3665 et
3100 3628 3216 3666 eam

1695 3693 1977 3747 salutarem
2007 3708 2068 3747 ac
2088 3680 2376 3748 beneficam
2420 3697 2619 3755 sentire
2664 3699 3089 3766 appellationem,
3119 3716 3216 3754 na-

1694 3782 1852 3836 turali
1901 3782 2130 3850 quadam
2190 3784 2434 3837 doctrina
2472 3785 2811 3851 fatebantur;
2865 3795 2923 3840 ut
2951 3803 3078 3844 vero
3108 3807 3214 3845 non

1693 3871 1835 3924 aliud
1863 3871 2151 3940 quidquam
2178 3883 2440 3940 putarent,
2475 3890 2631 3945 quam
2653 3891 2774 3931 eum
2804 3878 2896 3945 qui
2921 3886 3001 3932 est
3050 3895 3213 3949 supra

1691 3972 1899 4012 omnem
1927 3974 2045 4028 qua:
2065 3962 2300 4014 cernitur
2329 3972 2595 4026 naturam,
2635 3980 2969 4035 nequaquam
3018 3968 3211 4025 adduci

1690 4056 1950 4119 poterant.
1979 4048 2204 4106 Proinde
2229 4070 2248 4102 ι
2288 4055 2523 4107 nonnulli
2548 4056 2759 4124 quidem
2791 4072 2975 4111 eorum
3002 4061 3206 4114 cultum

1690 4155 1843 4194 suum
1863 4140 2175 4203 tribuerunt,
2195 4156 2257 4195 ac
2273 4144 2569 4197 servierunt
2581 4152 2836 4200 creaturae
2852 4148 3029 4215 potius
3044 4164 3207 4218 quam

1687 4226 1966 4282 Creatori:
1999 4228 2091 4281 alii
2145 4243 2270 4282 vero
2311 4237 2641 4283 evanuerunt
2687 4232 2741 4284 in
2790 4234 3207 4302 cogitationibus

1689 4317 1823 4379 suis,
1858 4324 1912 4373 et
1932 4317 2273 4371 obscuratum
2303 4328 2384 4373 est
2415 4318 2673 4388 insipiens
2698 4335 2793 4374 cor
2841 4338 3045 4386 eorum,
3073 4322 3209 4378 adeo

97 4408 219 4477 λόγος
252 4415 340 4485 τὴν
384 4419 464 4479 είς
503 4416 675 4487 ἀκρον
714 4413 1091 4482 καταγγέλλων
1124 4413 1449 4482 φιλοσοφίαν,
1482 4418 1589 4478 τοῖς
1614 4428 1626 4487 1

1707 4405 1897 4473 [uidem
1927 4414 1983 4460 ut
2016 4408 2335 4461 mutaverint
2372 4409 2596 4477 gloriam
2622 4409 3043 4479 incorruptibilis
3088 4412 3201 4477 Dei,

95 4512 138 4549 τε
162 4501 207 4551 ἐν
230 4503 455 4575 τοσούτῳ
485 4502 645 4573 βάθει
678 4502 873 4566 κακίας
916 4502 1335 4573 καλινδουμένοις
1373 4504 1586 4581 δύναται

95 4586 366 4657 ἀρμὸττειν;
394 4594 473 4647 διὸ
495 4594 562 4665 δὴ
591 4593 825 4656 ἐκείνους
849 4595 881 4663 ἡ
904 4592 1019 4645 θεία
1047 4593 1139 4646 καὶ
1164 4594 1369 4647 πάντων
1398 4593 1584 4667 ἔφορος

92 4672 281 4745 δίκη,ὡς
312 4681 507 4751 ἀγρίαν
536 4682 631 4733 καὶ
659 4680 1065 4750 βλαϐερωτάτην
1088 4679 1215 4750 ὓλην
1240 4680 1585 4751 περικόπτου-

94 4779 163 4823 σα,
202 4770 307 4821 τοτέ
356 4770 453 4839 μὲν
506 4770 924 4839 κατακλυσμοῖς,
969 4770 1084 4822 τοτέ
1125 4769 1179 4821 δὲ
1223 4769 1583 4841 πυρπολήσεσι

96 4852 271 4922 μετῄεισ
300 4857 414 4909 τοτέ
451 4858 511 4911 δὲ
549 4857 742 4921 αὐτοὺς
772 4860 881 4919 τοῖς
905 4857 1020 4908 κατ’
1047 4856 1281 4927 ἀλλήλων
1313 4857 1579 4928 πολέμοις,

92 4939 448 5011 ἀνδροκτασίαις
469 4963 530 4998 τε
561 4948 653 4999 xei.
682 4945 1008 5016 πολιορκίαις
1038 4945 1119 4996 ἐπ’
1142 4945 1393 5015 ἀλλήλους
1414 4963 1579 5016 παρε-

93 5026 221 5096 δίδου,
244 5032 369 5104 πρὸς
403 5034 587 5086 αὐτῶν
603 5035 708 5087 τῶν
739 5033 1019 5104 δαιμόνων,
1042 5032 1145 5085 τῶν
1162 5032 1224 5103 δὴ
1250 5033 1382 5086 θεῶν
1408 5035 1580 5097 αὐτοῖς

95 5122 463 5189 νενομισμένων,
500 5122 596 5174 ἐπὶ
631 5125 723 5176 τὸν
769 5123 888 5175 κατ’
911 5120 1144 5188 ἀλλήλων
1174 5122 1400 5190 πόλεμον
1441 5122 1576 5186 ἐξοι-

95 5208 401 5275 στρουμένους
422 5227 436 5240 ·
468 5210 608 5263 ὥστε
626 5212 819 5265 ἄϐατον
851 5206 983 5262 εἶναι
1026 5213 1132 5273 τοῖς
1174 5209 1573 5281 πλησιοχώροις,

99 5289 396 5362 ἀνεπίμικτόν
418 5316 475 5350 τε
502 5298 597 5351 καὶ
618 5300 971 5366 ἀκοινώνητον
996 5296 1083 5348 τὸν
1108 5299 1223 5349 τότε
1250 5298 1356 5350 τῶν
1377 5298 1576 5369 ἀνθρώ-

99 5388 187 5428 πων
214 5379 333 5447 βίον.
357 5384 585 5453 Βραχεῖς
612 5386 666 5437 δέ
700 5401 866 5446 τινας,
886 5383 960 5445 ὡς
992 5385 1046 5435 ἐν
1079 5384 1297 5456 τοιαύτη
1324 5387 1575 5440 καταστά-

108 5477 184 5527 σει,
226 5471 308 5522 καὶ
352 5472 564 5541 ἀριθμῷ
612 5473 863 5540 ληπτούς,
898 5464 971 5524 ὧν
1021 5472 1084 5524 τὰ
1129 5475 1257 5553 παρ’
1317 5471 1572 5541 Ἑϐραίοις

158 5632 196 5665 ιι
226 5635 363 5696 nom.
397 5657 449 5706 ι,
482 5642 588 5706 23,
621 5641 686 5694 si
724 5638 807 5693 τε.

1686 4494 1741 4547 in
1764 4494 2165 4549 similitudinem
2200 4496 2444 4565 imaginis
2473 4500 2837 4569 corruptibilis
2872 4500 3123 4564 hominis,
3149 4509 3205 4557 et

1684 4582 1977 4645 volucrum,
1997 4590 2049 4635 et
2067 4583 2487 4652 quadrupedum,
2512 4593 2563 4639 et
2581 4588 2969 4655 serpentium”.
2986 4607 3002 4638 ι
3021 4588 3205 4658 Itaque

1684 4679 2014 4725 mortuorum
2057 4675 2296 4727 virorum
2346 4678 2694 4745 quorumdam
2736 4681 3025 4746 patentium
3052 4718 3066 4742 ,
3108 4690 3201 4734 aut

1682 4761 1839 4815 etiam
1855 4767 2198 4830 tyrannorum
2225 4766 2315 4833 qui
2339 4765 2630 4834 antiquitus
2656 4765 2899 4830 fuissent,
2920 4783 3039 4819 cum
3065 4768 3201 4821 ima-

1682 4850 1831 4918 gines
1861 4863 1956 4917 pro
1984 4849 2288 4906 simulacris
2344 4854 2641 4907 erexissent
2668 4892 2682 4915 ,
2721 4854 2908 4922 hisque
2957 4855 3199 4907 divinum

1682 4938 1989 4992 tribuissent
2014 4940 2235 5003 cultum,
2269 4948 2378 4994 tum
2413 4942 2667 4994 deformia
2726 4950 2883 5010 atque
2929 4942 3197 5011 impudica

1681 5028 1983 5084 earumdem
2037 5027 2175 5082 facta
2220 5030 2371 5097 quasi
2421 5029 2637 5082 deorum
2670 5037 2817 5096 gesta
2841 5031 3197 5098 pulcherrima

1678 5119 1939 5181 venerari,
1954 5117 2263 5188 theologicis
2278 5117 2593 5188 quibusdam
2611 5119 2802 5174 ritibus
2825 5121 3193 5175 instituerunt.

1678 5206 1777 5272 Qui
1813 5207 1971 5276 igitur
2002 5206 2114 5260 ﬁeri
2164 5209 2424 5277 potuisset
2456 5215 2512 5260 ut
2561 5209 2612 5261 in
2646 5210 2737 5263 tali
2769 5219 2910 5265 statu
2944 5212 3064 5265 vitae
3097 5212 3191 5266 de-

1674 5298 1937 5367 gentibus,
1972 5305 2129 5367 atque
2153 5298 2205 5351 in
2231 5305 2373 5351 tanta
2423 5297 2784 5365 profunditate
2824 5302 3038 5355 malitia:
3067 5317 3193 5355 ver.

1674 5388 1935 5451 santibus,
1966 5388 2411 5456 sapientissimum
2437 5394 2596 5457 atque
2629 5405 2839 5445 omnem
2861 5392 3109 5444 virtutem
3133 5392 3189 5445 in

1674 5491 1732 5530 se
1751 5478 2025 5530 continens
2050 5475 2248 5530 Christi
2277 5474 2527 5541 Verbum,
2550 5477 2674 5531 dum
2708 5494 2970 5535 summam
3004 5479 3182 5550 perfe-
