3740 6332
487 384 580 442 571
1148 378 1408 432 EUSEBII
1440 374 1903 432 CESARIENSIS
1941 374 2025 430 ΟΡ

2126 372 2302 430 PARS
2334 371 2397 426 11.
2414 399 2484 414 -
2517 363 3008 430 ΑΡΟιΟϐΕΤΙΟΑζ
3513 379 3590 436 372

486 503 736 564 ctamque
763 495 976 547 nuntiat
1025 495 1436 565 philosophiam,
1474 495 1973 549 accommodaretur
2002 494 2026 546 ?

2128 491 2444 563 μνημονεύει
2489 491 2661 560 λόγια,
2714 492 2973 560 Θεοφιλεῖς
3021 487 3266 559 εὑροῦσα,
3310 488 3488 558 τούτοις
3525 495 3590 554 διὰ

489 585 824 652 QuaprOptcr
849 583 967 637 iilos
1001 584 1182 638 divina
1235 585 1517 654 omniaque
1568 599 1764 639 curans
1788 583 2018 652 justitia,

2126 580 2376 652 χρησμῶν
2420 581 2512 634 καὶ
2554 580 2825 651 θειοτέρας
2855 579 3167 646 ἐπιφανείας
3207 579 3404 649 ὡμίλει,
3437 584 3591 649 δεξιον-

488 674 644 744 quasi
676 681 940 742 agrestem
971 680 1021 726 et
1047 675 1482 728 nocentissimam
1519 674 1709 728 silvam
1740 673 2024 728 attondens

2126 671 2260 741 μένη
2292 673 2412 735 τοὺς
2448 671 2640 742 ἄνδρας
2661 671 2752 723 καὶ
2774 669 3138 741 θεραπεύουσα
3162 669 3332 740 νόμοις
3358 676 3455 736 τοῖς
3481 679 3593 747 παρὰ

489 772 648 832 atque
677 771 984 831 amputans,
1003 776 1148 816 nunc
1176 763 1389 831 quidem
1409 762 1648 825 diluviis,
1683 777 1829 816 nunc
1846 769 2022 816 autem

2126 761 2394 824 Μωῦσέως
2423 763 2794 829 είσαγωγικοίς
2825 760 2917 812 καὶ
2947 758 3269 828 βιωφελέσιν.
3300 760 3423 814 Ἀλλ’
3446 764 3517 817 ὅτε
3547 767 3593 836 δὴ

488 851 748 906 incendiis
772 852 1102 921 castigabat:
1136 850 1402 905 interdum
1431 867 1557 907 vero
1574 851 1792 907 eosdem
1822 851 2024 906 mutuis

2126 851 2187 902 ἐκ
2237 851 2333 920 τῆς
2387 849 2592 912 τούτοις
2637 849 2981 918 διαταγείσης
3028 848 3332 918 νομοθεσίας
3356 851 3418 904 ἐκ
3444 856 3594 908 τετῶν

490 943 646 997 bellis
687 949 742 994 et
790 943 1027 996 caedibus
1057 951 1109 996 et
1142 941 1515 997 obsidionibus
1561 942 1797 998 assiduis
1844 942 2027 997 trade-

2127 939 2259 1010 μετά
2289 939 2456 993 ταῦτα
2487 939 2835 1010 προφητικῶν
2871 937 3199 1008 μαθημάτων
3229 941 3303 1002 είς
3331 941 3508 1004 πάντας
3530 945 3594 997 ἀν-

490 1034 600 1096 bat,
644 1032 841 1102 quippe
881 1048 1016 1102 quos
1046 1033 1147 1101 ipsi
1180 1033 1467 1097 daamones,
1506 1035 1644 1102 ipsi,
1674 1034 1914 1102 inquam,
1949 1033 2026 1086 illi

2126 1027 2364 1099 θρώπους
2410 1028 2633 1091 εὐωδίας
2678 1029 2836 1098 δίκην
2895 1027 3284 1098 προχεομένων,
3316 1027 3407 1098 ήδη
3456 1029 3594 1084 λοιπὸν

489 1139 625 1193 quos
649 1123 776 1177 deos
806 1137 934 1177 suos
961 1123 1274 1187 censebant,
1300 1124 1352 1176 in
1372 1123 1582 1178 furores
1607 1124 1888 1186 bellorum,
1906 1123 2027 1193 qui-

2126 1116 2369 1187 ἡμέρωτο
2395 1116 2496 1170 τῶν
2520 1115 2724 1170 πολλῶν
2755 1116 2826 1168 τὰ
2858 1115 3194 1186 φρονήματα,
3223 1117 3329 1179 τοῖς
3357 1131 3406 1168 τε
3435 1118 3595 1184 πολλοῖς

494 1216 592 1268 bus
621 1219 809 1266 contra
845 1228 903 1267 se
935 1211 1164 1266 invicem
1198 1219 1587 1280 grassarentur,
1613 1211 2024 1268 inflammarent.

2126 1207 2295 1260 ἔθνεσι
2335 1207 2592 1260 πολιτεῖαι
2632 1208 2723 1259 καὶ
2756 1206 3072 1277 νομοθεσίαι
3116 1207 3426 1274 συνίσταντο,
3449 1209 3595 1279 ἀρετῆς

492 1299 571 1355 Ex
615 1315 722 1370 quo
767 1299 927 1354 fiebat
978 1308 1035 1353 ut
1066 1301 1243 1354 nullos
1272 1301 1409 1354 inter
1449 1315 1507 1354 se
1557 1299 1734 1355 aditus
1768 1299 2027 1356 haberent

2126 1314 2182 1349 τε
2227 1297 2317 1349 καὶ
2348 1297 2652 1365 φιλοσοφίας
2693 1297 2868 1367 ὄνομα
2915 1294 3065 1366 παρὰ
3093 1299 3200 1360 τοῖς
3223 1297 3416 1360 πολλοῖς
3439 1299 3594 1366 ἐϐοᾶτο,

493 1390 726 1454 finitimi,
776 1389 869 1444 sed
901 1390 1230 1460 impermista
1265 1389 1894 1459 incommunicabilisque
1927 1391 2027 1444 ho-

2126 1386 2197 1449 ώς
2219 1386 2282 1440 ἂν
2317 1387 2662 1456 πεπαυμένης
2699 1387 2800 1456 τῆς
2836 1386 3072 1449 παλαιᾶς
3118 1386 3404 1457 θηριωδίας,
3438 1407 3588 1458 μετατι-

493 1489 695 1542 minum
727 1495 877 1544 esset
911 1489 1020 1543 illis
1056 1489 1388 1558 temporibus
1428 1490 1556 1543 vita.
1588 1489 1795 1546 Paucos
1846 1499 2026 1546 autem

2127 1477 2352 1548 θεμένης
2393 1477 2448 1529 δὲ
2483 1477 2582 1546 τῆς
2616 1477 2813 1546 ἀγρίας
2851 1477 2948 1528 καὶ
2980 1476 3216 1547 ἀπηνοῦς
3243 1477 3432 1547 διαίτης
3454 1480 3526 1530 ἐπὶ
3557 1481 3596 1532 τὸ

492 1575 774 1644 quosdam,
808 1582 867 1628 ut
902 1578 957 1628 in
985 1576 1251 1645 ejusmodi
1285 1584 1448 1640 statu,
1498 1584 1551 1632 et
1593 1576 1746 1631 facile
1775 1589 2021 1630 numera-

2126 1567 2434 1634 πραότερον,
2460 1567 2617 1629 αὐτὸς
2649 1565 2745 1636 ἤδη
2787 1566 2973 1618 λοιπὸν
3006 1565 3145 1619 κατὰ
3187 1567 3364 1638 καιρὸν
3387 1568 3465 1620 τὸν
3479 1587 3588 1639 προα-

495 1665 893 1733 biles,quorum
941 1679 1095 1719 sacra
1127 1665 1269 1735 apud
1293 1665 1542 1721 Hebraeos
1586 1667 1802 1720 oracula
1834 1665 2026 1720 memi-

2126 1660 2316 1727 ήκοντα
2355 1659 2383 1708 ὀ
2422 1657 2528 1708 τῶν
2557 1657 2772 1710 τελείων
2801 1674 2861 1709 τε
2885 1658 2979 1710 καὶ
3003 1657 3262 1728 οὐρανίων
3291 1658 3531 1727 δογμάτων
3559 1677 3596 1712 τε

492 1759 707 1818 nerunt,
723 1750 815 1806 Dei
834 1753 1106 1808 studiosos
1140 1755 1448 1824 amicosque
1478 1762 1656 1822 nacta,
1682 1755 1781 1810 hos
1812 1755 1958 1824 ipsos
1973 1760 2027 1807 et

2126 1747 2216 1800 καὶ
2247 1746 2570 1816 μαθημάτων
2602 1747 2804 1810 τέλειος
2852 1747 2950 1800 καὶ
2997 1747 3241 1817 οὐράνιος
3277 1747 3598 1810 διδάσκαλος,ὀ

495 1841 769 1908 responsis
798 1841 1193 1912 alloquebatur,
1221 1850 1275 1898 et
1303 1843 1368 1897 ad
1403 1844 1614 1900 divinas
1643 1845 1879 1900 visiones
1924 1843 2022 1896 ad-

2126 1836 2218 1906 τῆς
2247 1835 2474 1906 ἀληθοῦς
2513 1837 2840 1905 θεογνωσίας
2887 1838 3244 1906 είσαγωγεὺς,
3275 1840 3302 1890 ό
3333 1837 3448 1902 Θεὸς
3479 1838 3598 1906 Λὸγις

495 1937 757 1999 mittebat,
790 1939 1114 2008 eosdemque
1161 1940 1374 1994 interim
1404 1943 1559 2010 quasi
1589 1956 1750 1994 manu
1803 1949 2027 2009 captatis

2127 1925 2383 1995 ἐπέφανεν
2425 1926 2642 1988 ἐαυτὸντ
2663 1927 2805 1979 κατὰ
2835 1927 2930 1980 τὸν
2963 1928 3339 1998 ὑπογραφέντα
3384 1928 3470 1997 τῆς
3493 1931 3598 1982 ἐναν-

495 2029 738 2091 curabat,
768 2037 820 2083 et
853 2029 1078 2099 legibus,
1121 2045 1257 2099 quas
1298 2030 1471 2086 Moses
1521 2032 1731 2094 ﬁxerat,
1774 2031 2027 2084 cultiores

2127 2014 2449 2086 θρωπήσεως
2480 2015 2638 2068 αὐτοῦ
2671 2015 2885 2086 χρόνον,
2937 2015 3064 2086 μίαν
3109 2020 3218 2080 τοῖς
3257 2019 3407 2071 πᾶσιν
3433 2016 3600 2078 ἔθνεσιν,

495 2117 768 2172 reddebat.
794 2117 895 2174 Sed
920 2119 1007 2173 ubi
1027 2120 1139 2187 jam
1163 2135 1229 2174 ex
1259 2121 1466 2190 legibus
1480 2137 1598 2190 quae
1617 2121 1699 2176 his
1727 2121 1858 2189 ipsis
1893 2119 2027 2173 datae

2129 2103 2345 2173 Ἕλλησί
2391 2121 2447 2155 τε
2499 2104 2592 2156 καὶ
2646 2103 2964 2174 βαρϐάροις,
2990 2105 3067 2176 τῷ
3099 2123 3158 2158 τε
3204 2105 3356 2160 παντὶ
3387 2105 3504 2159 ἔθνει
3529 2106 3600 2158 τῶν

496 2207 727 2273 fuerant,
773 2215 932 2278 atque
962 2225 1027 2262 ex
1058 2211 1386 2279 prOpheticis
1438 2211 1662 2280 posthac
1705 2208 2025 2279 disciplinis,

2126 2192 2418 2264 ἀνθρώπων
2465 2193 2560 2264 τὴν
2597 2194 2690 2246 τοῦ
2731 2195 2949 2266 Πατρὸς
2981 2195 3370 2267 φιλανθρωπίαν
3398 2197 3600 2264 εύαγγελι·

494 2300 550 2354 in
574 2315 758 2354 omnes
787 2299 1031 2354 homines
1063 2299 1367 2370 fragrantia:
1398 2301 1678 2369 cujusdam
1709 2301 1881 2354 instar
1899 2313 2026 2367 pro-

2126 2282 2364 2352 ζόμενος,
2396 2283 2487 2334 ἐπὶ
2519 2284 2646 2352 μίαν
2674 2300 2734 2336 τε
2767 2286 2895 2347 τοὺς
2937 2285 3142 2350 πάντας
3164 2287 3438 2356 παρορμῶν
3461 2289 3505 2338 ἐν
3523 2286 3602 2355 Θεῷ

498 2391 650 2452 fusis,
672 2392 811 2460 quod
835 2400 1132 2460 supererat,
1155 2394 1440 2447 multorum
1455 2392 1617 2445 animi
1643 2391 2026 2445 mansuetiores

2128 2370 2412 2440 σωτηρίαν,
2447 2371 2701 2441 ἀλήθειάν
2728 2388 2787 2424 τε
2821 2373 2990 2444 αὐτὴν
3016 2375 3110 2426 καὶ
3136 2375 3248 2443 φῶς
3273 2373 3476 2444 ἀληθοῦς
3501 2373 3602 2425 εὐπ-

495 2503 794 2558 evaserant,
813 2494 969 2563 365
986 2495 1272 2564 multisque
1293 2495 1536 2563 gentibus
1556 2501 1608 2548 et
1623 2493 1806 2548 civiles
1827 2506 2022 2556 mores,

2126 2458 2292 2521 ϐείας,
2314 2459 2581 2528 βασιλείαν
2611 2477 2670 2512 τε
2703 2461 2764 2513 ού
2775 2461 2972 2532 ρανῶν,
2996 2463 3088 2515 καὶ
3111 2463 3318 2516 αἰωνίου
3344 2463 3467 2532 ζωῆς
3485 2463 3603 2528 ὲπαγυ

497 2593 548 2634 et
591 2583 762 2650 legum
807 2583 1173 2638 institutiones
1227 2585 1586 2645 constabant,
1618 2583 1936 2651 virtutisque
1963 2595 2027 2637 ac

2126 2546 2304 2614 γελίαν
2335 2551 2445 2610 τοῖς
2477 2549 2611 2601 πᾶσι
2652 2549 3066 2622 προμνώμενος.
3098 2552 3276 2605 Ταῦτα
3309 2554 3397 2622 μὲν
3420 2548 3494 2608 οὖν
3519 2552 3603 2620 περὶ

2126 2634 2228 2660 -.³⁸η.
2253 2635 2454 2660 ..-1....η
2485 2637 2719 2660 ,τηε-Δ-.
2784 2638 2848 2660 βλ
2876 2641 2938 2660 ρ..
2970 2640 3104 2660 με-ιᾼ
3132 2658 3137 2660 ,
3302 2640 3398 2660 λλον
3422 2642 3459 2660 -.ν
3494 2639 3601 2660 -ιι.-.

497 2635 846 2740 philosOphia:
871 2687 1067 2725 nomen
1095 2672 1237 2747 apud
1270 2673 1465 2726 multos
1492 2671 1827 2736 audiebatur,
1840 2635 2022 2740 iquasi

2126 2635 2228 2686 τῶν
2253 2635 2454 2704 χρόνων
2483 2637 2745 2706 εἰρήσθω,
2779 2638 2848 2690 δι’
2874 2641 2939 2710 ἦν
2963 2640 3139 2693 αἰτίαν
3168 2640 3279 2704 νῦν,
3296 2640 3398 2692 ἀλλ’
3416 2642 3466 2692 ού
3491 2639 3606 2691 πάλαι

2126 2724 2381 2758 «PMan-mu
2426 2725 2455 2758 Α
2493 2727 2722 2758 γηρυρλ..
2753 2727 2846 2758 -..π
2876 2729 3008 2758 ουκ
3039 2731 3117 2758 ..2-
3141 2729 3338 2758 ’ἆυ-Α.-
3379 2728 3606 2758 ιζλὶ...ίρυ

495 2724 670 2826 prisca
703 2724 788 2812 illa
842 2760 1052 2814 feritate
1072 2724 1367 2822 de‘sinente,
1397 2768 1449 2812 et
1479 2760 1675 2828 agresti
1701 2724 2027 2828 immanique

2126 2724 2381 2794 πρότερον
2426 2725 2455 2775 ὁ
2485 2727 2722 2795 Χριστὸς
2753 2727 2847 2780 τοῦ
2876 2729 3009 2781 Θεοῦ
3039 2731 3117 2792 εἰς
3141 2729 3338 2793 πάντας
3379 2728 3607 2797 ἐξὲλαμίεν

496 2850 642 2901 victu
702 2849 756 2902 in
805 2849 1068 2902 mitiorem
1094 2849 1204 2917 jam
1246 2855 1592 2911 commutato,
1624 2849 1739 2917 ipse
1764 2849 1873 2917 jam
1914 2857 2024 2902 tum

2126 2811 2458 2881 ἀνθρώπους.
2491 2813 2630 2884 Φέρε
2677 2815 2739 2868 δὲ
2784 2816 3164 2882 ἐπανελθόντες
3200 2819 3303 2871 τῶν
3343 2819 3517 2888 χρόνων
3542 2817 3606 2883 τῆς

499 2939 755 3006 temporis
784 2939 1232 3006 opportunitatem
1263 2949 1470 3002 nactus,
1505 2940 1618 3008 ipse
1649 2938 1866 3008 inquam
1913 2955 2027 3010 per-

2126 2900 2352 2968 άφίξεως
2381 2902 2543 2954 αὑτοῦ
2571 2903 2643 2955 τὰ
2676 2909 2881 2975 σημεῖα
2902 2908 3042 2960 κατὰ
3065 2909 3222 2978 μέρος
3248 2905 3607 2976 ἐπισκεψώμεθα,

538 2989 541 2990 ν
611 2989 663 3006 Γ
711 2989 749 2992 η
793 2989 1230 3006 ,ηρηγηηη
1506 2989 1612 3008 τ--
1649 2989 1866 3008 ,ης----η
1915 2989 1996 3010 τ--

499 3025 756 3082 fectorum
783 3029 1185 3098 ctelestiumque
1213 3029 1576 3083 institutorum
1599 3030 2027 3099 disciplinarum-

2126 2989 2219 3051 τὰς
2262 2991 2619 3058 εύαγγελικὰς
2660 2996 2791 3066 περὶ
2820 2997 2920 3067 τῆς
2948 2999 3208 3066 γενέσεως
3237 2997 3386 3052 αὐτοῦ
3417 2997 3608 3065 φωνὰςέν

2127 3079 2354 3105 --.⁹.-...-
2379 3080 2784 3105 ι-.-....---ι-ιη
2825 3103 2836 3105 ,
2885 3103 2894 3105 -
2993 3089 3048 3105 on
3123 3089 3136 3105 ι
3233 3084 3258 3105 τ
3309 3089 3358 3105 ιι
3423 3086 3445 3105 Λ
3477 3084 3608 3105 ~-__\.

497 3133 601 3186 que
629 3117 893 3187 perfectus
910 3080 1246 3188 cmlestisque
1263 3119 1529 3188 magister,
1555 3080 1788 3188 veraequ
1808 3119 1899 3174 Dei
1919 3137 2026 3174 no-

2126 3080 2354 3149 πρώτοις
2378 3080 2947 3155 ἐπισημειωσάμενοι.
2993 3089 3050 3140 ’0
3081 3089 3176 3158 μὲν
3203 3084 3292 3140 οῦν
3309 3084 3608 3147 Ματθαῖοςτὺι

2126 3168 2423 3193 -.-λ..--.-.¹Ξ-
2454 3170 2718 3193 l..—L--_-,,
2771 3177 2820 3193 ,I
2899 3175 2924 3186 ¹¹’
2961 3179 2974 3193 ι
3190 3177 3202 3193 Ι
3291 3171 3374 3193 ται
3487 3192 3492 3193 ,
3516 3177 3589 3193 ο..-

498 3169 653 3262 titiaar
681 3207 1014 3262 introductor
1047 3169 1187 3263 Deus
1218 3169 1452 3262 Verbatim
1484 3169 1720 3278 seipsun:
1758 3209 2021 3272 exhibuit,

2126 3169 2307 3238 χρόνον
2325 3169 2423 3238 τῆς
2451 3170 2724 3241 ἐνσάρκου
2759 3175 2928 3228 αὐτοῦ
2958 3177 3268 3246 ἐπιφανείας
3284 3171 3378 3229 ὧδέ
3402 3192 3496 3236 πως
3516 3177 3608 3224 ἰπο-

2136 3258 2431 3280 --ςυηωη
2484 3279 2488 3280 ν
2535 3261 2646 3280 νπ-
2687 3265 2729 3280 ...
2785 3267 2823 3280 ..
2931 3267 2956 3277 -
3157 3269 3210 3280 λ.
3357 3269 3368 3280 .
3432 3267 3465 3280 ..
3497 3265 3534 3280 μ
3565 3265 3576 3280 .

2127 3261 2209 3328 ρεῖ
2235 3258 2432 3325 λέγων’
2473 3279 2492 3310 ι
2535 3261 2648 3316 Τοῦ
2683 3265 2742 3318 δὲ
2785 3267 2960 3336 Ἰησοῦ
2990 3269 3326 3338 γεννηθέντος
3353 3269 3405 3319 ὲν
3432 3265 3609 3334 Βηθλεὲμ

2125 3348 2223 3416 τῆς
2265 3350 2541 3414 Ἰουδαίας,
2575 3355 2640 3406 ἐν
2689 3357 2930 3427 ἡμέραις
2966 3357 3198 3429 Ἡρώδου
3229 3359 3315 3412 τοῦ
3349 3355 3608 3427 βασιλέωςί

2127 3440 2217 3491 κα)⁸
2249 3441 2361 3508 μετ’
2392 3440 2546 3509 ὀλίγα
2574 3447 2749 3516 φησίν
2770 3464 2784 3477 ·
2810 3466 2830 3499 ι
2874 3450 3136 3513 Ἀκούσας
3163 3451 3238 3513 δὲ,
3267 3450 3342 3502 ὅτι
3399 3446 3610 3516 Ἀρχέλαος

2129 3527 2392 3595 βασιλεύει
2433 3531 2533 3600 τῆς
2579 3533 2848 3600 Ἰουδαίας
2895 3539 3014 3591 ἀντὶ
3057 3539 3287 3610 Ἡρώδου
3337 3537 3421 3590 τοῦ
3469 3532 3611 3601 πατρὸς

2127 3617 2311 3670 αὑτοῦ.
2355 3637 2372 3668 ι
2418 3619 2476 3671 '0
2517 3619 2573 3673 δέ
2630 3624 2856 3688 Λουκᾶς
2886 3627 2980 3680 τὸν
3009 3629 3107 3698 τῆς
3153 3627 3470 3688 διδασκαλίας
3500 3618 3612 3675 αὐτοῦ

2127 3707 2220 3759 καὶ
2245 3707 2556 3773 ἀναδείξεως
2586 3713 2788 3782 χρόνον
2823 3717 3135 3788 παρέστησε
3161 3717 3327 3787 λέγων
3347 3735 3360 3748 ο
3396 3735 3413 3768 ι
3449 3715 3517 3766 Ἐν
3543 3712 3613 3762 ἔτει

2127 3798 2587 3870 πεντεκαιδεκάτῳ
2637 3804 2741 3874 τῆς
2783 3806 3082 3876 ἡγεμονίας
3120 3809 3356 3877 Τιϐερίου
3391 3805 3612 3871 Καίσαρος.

2127 3888 2564 3958 ἐπιτροπεύοντος
2610 3893 2845 3948 Ποντίου
2880 3898 3112 3950 Πιλάτου
3151 3898 3246 3968 τῆς
3297 3895 3532 3955 Ἰουδαίας,
3557 3905 3615 3940 τε·

2126 3979 2482 4047 τραρχοῦντος
2505 3982 2562 4035 δὲ
2585 3987 2693 4056 τῆς
2727 3988 3018 4053 Γαλιλαίας
3061 3990 3310 4061 Ἡρώδου,
3342 3987 3558 4040 Φιλίππου
3580 3980 3615 4030 δέ

2125 4067 2215 4120 τοῦ
2239 4069 2460 4138 ἀδελφοῦ
2496 4074 2670 4129 αὐτοῦ
2709 4081 3133 4151 τετραρχοῦντος
3158 4081 3254 4152 τῆς
3287 4077 3538 4150 Ἰτουραίας
3556 4070 3616 4125 ἱειῖ

2127 4159 2514 4227 Τραχωνίτιδος
2558 4163 2775 4237 χώρας,
2827 4170 2923 4222 καὶ
2972 4172 3232 4223 Λυσανίου
3274 4171 3368 4239 τῆς
3405 4160 3617 4231 ’Δϐιληνῆς

499 3299 565 3352 ad
611 3298 979 3367 praescriptum
1029 3299 1274 3352 humana:
1303 3315 1334 3354 a
1366 3315 1424 3353 se
1447 3299 1780 3354 assumendae
1825 3309 2026 3354 natura;

498 3406 727 3466 tempus,
757 3412 1022 3466 unamque
1075 3398 1321 3467 gentibus
1376 3397 1640 3452 universis
1674 3408 1779 3451 tam
1831 3397 2027 3452 Graecis

500 3479 949 3557 quam'barbaris,
983 3489 1128 3542 omni
1159 3489 1342 3558 utique
1371 3489 1607 3542 humano
1635 3489 1835 3559 generi,
1855 3489 2027 3543 Patris

500 3576 584 3630 sui
613 3577 946 3630 clementiam
973 3577 1326 3646 pietatemque
1355 3578 1608 3632 nuntiare
1630 3587 1742 3631 tum
1770 3578 1952 3646 capit,
1976 3584 2029 3631 et

500 3669 566 3722 ad
596 3683 754 3721 unam
782 3676 1004 3722 cunctos
1038 3669 1280 3725 homines
1329 3668 1383 3722 in
1416 3667 1522 3722 Deo
1550 3667 1822 3721 adhortari
1871 3667 2030 3721 salu-

501 3765 629 3819 tem,
661 3757 935 3824 ipsamque
965 3757 1240 3810 veritatem
1269 3771 1512 3824 veraeque
1542 3755 2026 3826 religionislumen,

503 3863 601 3901 nec
629 3861 736 3900 non
767 3847 984 3901 cmleste
1043 3862 1266 3916 regnum
1295 3861 1356 3898 ac
1387 3845 1723 3914 sempiterna:
1749 3843 1874 3897 Vita:
1905 3859 2029 3912 pro-

505 3934 834 3994 missionem,
855 3932 1103 3987 omnibus
1127 3935 1238 4003 ipse
1265 3933 1410 4002 prior
1439 3931 1702 4000 spondere
1729 3944 1791 3984 ac
1819 3945 2025 3998 parare.

508 4021 773 4075 Hactenus
827 4021 988 4089 igitur
1042 4022 1153 4076 hac
1208 4023 1350 4076 dicta
1407 4021 1514 4076 sint
1562 4021 1630 4075 de
1683 4019 2026 4088 temporibus,

507 4135 663 4189 quam
721 4120 902 4188 utique
930 4120 998 4173 ob
1026 4135 1240 4175 causam
1283 4138 1392 4176 non
1432 4123 1542 4192 jam
1588 4121 1719 4184 diu,
1761 4121 1854 4175 sed
1887 4135 2029 4174 nunc

507 4217 738 4280 demum,
773 4217 1021 4270 Christus
1057 4217 1146 4270 Dei
1175 4219 1229 4270 in
1257 4234 1443 4274 omnes
1489 4217 1732 4272 homines
1763 4232 1918 4271 suum
1946 4219 2027 4270 lu-

2127 4217 2590 4318 τετραρχοῦντοςΐ
2607 4217 2712 4309 ἐπὶ
2731 4217 3054 4329 ⁷ιξιρχιερέως
3086 4262 3247 4314 ¹Ἀννα
3285 4217 3371 4313 κάλ.
3398 4217 3614 4320 Καϊάφας)

508 4329 629 4367 men
687 4313 940 4367 emiserit.
994 4311 1253 4365 Caeterum
1298 4313 1363 4366 ad
1403 4312 1676 4380 superiora
1723 4312 2027 4373 redeuntes,

2128 4335 2346 4399 Τούτοις
2493 4336 2584 4394 οὖν
2642 4311 2860 4410 καλῶιςδ
2884 4311 2996 4419 ἔχει
3035 4311 3372 4422 ϋπαραθέσθαι
3410 4348 3494 4418 τὴν
3517 4337 3618 4409 παΡά

509 4418 803 4479 temporum
830 4410 1090 4462 adventus
1134 4409 1276 4464 illius
1304 4409 1659 4478 particulatim
1713 4423 1831 4478 qua:
1876 4410 2026 4480 signa

2128 4425 2314 4479 Μωσεϊ
2343 4409 2447 4480 τοῦ
2484 4430 2689 4486 Ἰακὼϐ
2721 4409 3079 4509 προφητείαν,
3113 4409 3291 4494 τοῦτον
3331 4409 3524 4510 ἔχουάαν
3559 4430 3620 4482 τὸν

507 4508 826 4570 exstiterint,
856 4507 1274 4569 consideremus,
1297 4507 1733 4576 evangelicasque
1761 4508 1814 4561 in
1838 4509 2025 4576 primis
2128 4513 2341 4582 τρόπον.

507 4600 574 4654 de
617 4607 737 4653 ortu
775 4599 891 4668 ejus
924 4614 1082 4653 voces
1135 4598 1467 4652 adnotemus.
1525 4597 1801 4654 Matthaeus
1859 4601 2019 4670 igitur
2057 4610 2266 4673 tempus
2292 4620 2400 4673 quo
2432 4607 2522 4664 ille
2545 4611 2602 4665 in
2669 4630 2902 4687 corpore
2934 4619 3172 4676 humano
3197 4619 3359 4675 videri
3395 4613 3547 4684 etrapit,
3586 4607 3621 4660 in

510 4691 652 4744 hunc
682 4691 895 4745 modum
915 4700 1096 4744 narrat
1121 4707 1165 4744 ει
1193 4688 1326 4743 Cum
1357 4696 1515 4755 esset,
1535 4688 1725 4759 inquit,
1744 4700 1902 4748 natus
1936 4691 2092 4748 Jesus
2119 4694 2172 4747 in
2189 4693 2496 4753 Bethlehem
2525 4700 2740 4762 ludam
2773 4708 2830 4762 in
2851 4711 3043 4767 diebus
3074 4709 3297 4767 Herodis
3310 4708 3437 4778 regis
3460 4704 3516 4754 ⁸³,
3543 4721 3558 4751 ι
3579 4694 3622 4748 Εί

510 4782 665 4848 paulo
697 4791 854 4851 post:
890 4803 908 4834 ι
932 4782 1188 4844 Audiens,
1217 4782 1408 4851 inquit,
1440 4782 1582 4852 quod
1604 4783 1897 4838 Archelaus
1925 4793 2177 4853 regnaret
2208 4785 2263 4839 in
2298 4784 2484 4843 Iudaea
2541 4808 2650 4862 pro
2706 4798 2925 4856 Herode
2980 4810 3132 4872 patre
3191 4817 3289 4857 suo
3322 4800 3382 4853 “.
3433 4815 3450 4848 ι
3495 4790 3622 4846 Lucas

511 4879 686 4925 autem
705 4891 809 4942 quo
837 4881 1074 4944 tempore
1097 4875 1184 4929 ille
1209 4880 1264 4930 et
1306 4873 1498 4928 docere
1547 4882 1602 4929 et
1669 4875 1907 4945 seipsum
1942 4875 2223 4930 ostendere
2269 4880 2516 4949 coeperit,
2547 4883 2922 4956 demonstrat,
2981 4893 3072 4946 ubi
3093 4892 3209 4946 ait:
3243 4909 3260 4940 ι
3299 4889 3438 4942 Anno
3473 4897 3528 4935 xv
3554 4879 3621 4928 in“

514 4961 645 5023 perii
695 4961 893 5017 Tiberii
943 4963 1191 5028 Caesaris,
1237 4973 1556 5034 procurante
1595 4964 1785 5020 Pontio
1821 4963 1987 5019 Pilato
2034 4963 2291 5030 Judaam,
2337 4974 2616 5030 tetrarcha
2649 4987 2834 5036 autem
2879 4981 3110 5037 Galilaeae
3166 4980 3384 5043 Herode,
3434 4972 3620 5038 I’hilil’l’0

516 5057 684 5148 autem
723 5052 883 5148 fratre
904 5058 1027 5148 ejus
1067 5059 1332 5114 tetrarcha
1359 5059 1534 5114 lturia:
1551 5066 1604 5113 et
1621 5057 2011 5113 Trachonitidis
2047 5061 2301 5128 regionis,
2361 5073 2415 5120 et
2441 5066 2679 5140 Lysania
2709 5077 2957 5135 Abilena;
2997 5081 3284 5148 tetrarcha,
3313 5077 3407 5133 sub
3431 5062 3607 5143 principi

515 5135 1157 5244 [Alliffiltiej‘dotumnAnn-a
1195 5158 1248 5205 et
1275 5149 1487 5244 Caipha
1509 5153 1572 5244 ’⁷.
1618 5172 1636 5204 ι
1677 5151 1772 5206 His
1800 5152 1960 5244 igitur
1983 5150 2029 5204 si
2061 5149 2232 5244 ,παροδ
2257 5135 2598 5229 prophetiam
2625 5183 2752 5237 qua:
2775 5180 2862 5226 est
2916 5174 3062 5244 apud
3117 5135 3310 5230 Hagen]
3333 5135 3619 5240 apponam».

513 5236 688 5289 opera:
719 5231 942 5291 pretium
968 5231 1271 5302 fecerimus,
1323 5255 1443 5309 quae
1473 5239 1526 5294 in
1558 5239 1698 5293 hunc
1728 5237 1941 5291 modum
1972 5252 2028 5292 sc
2061 5237 2238 5297 habet.

586 5420 630 5452 ³⁸
675 5417 853 5476 Matth.
894 5437 964 5486 ιι,
999 5427 1047 5480 t.
1122 5431 1165 5460 "
1206 5431 1334 5487 ibid.
1369 5436 1458 5492 26.
1533 5439 1576 5468 ’⁷
1616 5449 1742 5490 huc.
1773 5447 1866 5497 ut,
1900 5434 1949 5486 l.
