3740 6332
126 412 232 469 673

984 409 1615 472 DEMONSTRATIONIS
1652 413 2091 471 ΕνΑΝϐΕιιοΑι
2130 411 2264 468 LIB.
2301 411 2435 467 VIII.

3199 413 3299 468 επ

128 525 265 579 Ἇπύ
301 521 423 590 τῆς
462 525 791 592 Γενέσεως.
809 526 1038 595 -ἾΙερῑ
1069 530 1184 583 τῶν
1209 534 1433 598 χρόνων
1473 528 1577 596 τῆς
1603 533 1688 597 εις
1716 584 1718 591 ,

183 595 553 652 ἀνθρώπους
618 595 962 652 ἐπιφανείας
1005 599 1204 651 αὐτοῦ.
1262 601 1353 652 Ὠ(-
1409 599 1530 651 καθ⁴
1580 601 1684 652 οὒ(-

1787 533 1944 652 396
2050 531 2247 586 Genesi.
2273 529 2565 610 —_Quibus
2607 528 2910 596 temporibus
2949 527 3186 610 (Sinistus
3230 532 3301 582 ad

1872 618 2080 652 tommes
2124 605 2397 652 advenerit.
2431 597 2865 652 Quemadmodum
2893 597 3074 652 ambus
3109 607 3291 652 tempo-

1872 619 1970 653 ιοηι

183 595 553 683 ᾆζίίξίέιίτοῖς
585 595 962 683 -έπεεῇζείας
1005 595 1536 683 αὐτοῖς-’ἷζοςηκαςίζ
1580 595 1684 666 οίοξ

186 663 462 729 χρόνους
481 661 549 740 τῤ
573 661 1025 742 πιιρνᾚϐραίοις
1049 661 1342 797 exaggae;
1351 661 1682 730 βασίλειον,

182 729 247 780 τὸ
281 746 626 795 τηγικαυτα
649 733 686 797 ἡ
709 749 824 784 των
840 733 1026 786 et?er
1045 734 1212 786 ὲπιστ
1257 750 1416 786 σεται
1438 735 1684 797 προσδο-

184 752 247 780 τυ
281 752 626 795 τηνικαυτα
649 752 686 797 η
709 752 824 784 των
840 752 1026 786 ειν-νων
1045 752 1416 797 επιστησεται
1438 752 1684 801 προσορ-

184 799 288 871 gela
306 813 322 827 ·
358 797 394 849 ὃ
425 797 527 871 καὶ
560 799 808 868 γέγονεν
837 801 934 853 ἐπὶ
964 800 1069 869 τῆς
1100 803 1203 856 τοῦ
1233 802 1496 869 Σωτῆρος
1521 803 1684 871 ἡμῶν

180 867 578 933 ἐπιφανείας.

185 1014 205 1045 ι
259 994 527 1047 Ἑκάλεσε
581 995 637 1046 δὲ
680 995 871 1048 Ἰακὼὸ
901 997 1025 1060 τοὺς
1052 997 1198 1060 υἱοὺς
1218 997 1377 1050 αὑτοῦ
1410 999 1502 1051 καὶ
1531 994 1677 1050 εἷπε·

114 1085 426 1154 Συνάχθητε
462 1083 554 1137 ἵνα
589 1087 896 1154 ἐπαγγείλω
927 1088 1052 1157 ὑμῖν
1091 1088 1145 1140 τί
1177 1089 1534 1158 ἀπαντήσεται
1556 1090 1680 1159 ὑμῖν

114 1173 205 1224 ἐπ’
236 1171 471 1240 ἐσχάτου
503 1172 618 1224 τῶν
650 1173 902 1243 ἡμερῶν*
934 1174 1266 1245 ἁθροίσθητε,
1285 1175 1376 1228 καὶ
1398 1177 1678 1241 ἀκούσατε,

119 1263 224 1312 υἱοὶ
271 1261 499 1324 Ἰακὼϐ,
533 1261 826 1328 ἀκούσατε,
855 1263 1082 1334 Ἰσραὴλ,
1104 1263 1194 1316 τοῦ
1228 1265 1426 1335 πατρὸς
1457 1265 1624 1336 ὑμῶν.
1654 1284 1673 1318 ι

116 1347 242 1404 Εἶτα
299 1350 523 1412 τούτοις
577 1351 705 1420 ἐξῆς
759 1351 1196 1422 ἐπιμεμψάμενός
1249 1354 1366 1407 τινά
1411 1371 1516 1406 τισι
1570 1357 1679 1417 τοῖς

117 1439 400 1508 προτέροις
455 1441 620 1501 υἱοῖς,
654 1440 730 1502 ὡς
762 1439 848 1494 διά
887 1458 1005 1493 τινα
1042 1441 1214 1494 αὐτῶν
1245 1443 1677 1512 πλημμελήματα

114 1527 422 1596 γενομένοις
444 1527 695 1591 ἀναξίοις
714 1530 812 1598 τῆς
837 1529 1126 1600 μελλούσης
1152 1531 1487 1598 ἐπιλέγεσθαι
1513 1534 1676 1603 προρ-

117 1619 337 1686 ρήσεως,
378 1617 464 1686 τῷ
500 1617 753 1687 τετάρτῳ
779 1617 854 1680 ὡς
885 1617 972 1670 τὸν
1000 1618 1108 1687 βίον
1139 1619 1413 1689 κρείττονα
1442 1619 1547 1672 τῶν
1571 1620 1676 1672 λοι-

117 1707 222 1760 πῶν
259 1707 521 1774 ἀδελφῶν
573 1707 990 1778 ἐπιδεδειγμένῳ
1023 1709 1143 1762 τάδε
1175 1709 1413 1772 θεσπίζει
1437 1727 1451 1741 ο
1487 1729 1505 1761 ι
1545 1709 1675 1762 Ἰού-

116 1798 191 1859 δα,
225 1798 282 1848 σὲ
320 1798 648 1850 αἰνέσουσιν
675 1800 722 1850 οἱ
759 1799 966 1867 ἀδελφοί
999 1816 1117 1852 σουο
1152 1801 1207 1851 αἱ
1235 1799 1408 1870 χεῖρές
1452 1816 1542 1852 σου
1584 1799 1674 1851 ἐπὶ

1976 603 2080 655 inea
2124 600 2397 654 advenerit.
2431 597 2865 666 Quemadmodum
2893 597 3074 666 quibus
3109 607 3291 664 tempo-

1852 672 1991 723 ribus
2022 686 2228 738 regnum
2256 666 2390 734 apud
2424 665 2667 738 Hebraea
2682 663 2934 738 defecerit,
2963 664 3145 738 iisdem
3179 663 3292 734 gen-

1854 740 1980 790 tium
2004 733 2215 790 instabit
2245 733 2551 803 edspeetatio
2579 749 2596 785 :
2622 733 2756 803 quod
2776 750 2896 785 sane
2914 736 3068 785 etiam
3102 736 3294 802 factum

1849 815 1925 859 est
1961 809 2053 860 sub
2079 807 2244 873 ipsum
2269 801 2554 858 Saluatoris
2584 801 2747 855 nostri
2783 803 3072 859 adventum.

1852 1020 1874 1052 ο
1900 1000 2121 1056 Vocavit
2152 1008 2326 1055 autem
2355 998 2518 1053 Iacob
2547 997 2684 1052 ﬁlios
2711 1011 2841 1053 suos
2867 1005 2920 1052 et
2945 996 3077 1051 dixit
3107 1016 3121 1051 :
3152 997 3289 1053 Con.

1776 1089 2064 1158 gregamini
2103 1096 2160 1141 ut
2183 1087 2491 1142 annuntiem
2538 1087 2690 1141 vobis
2723 1087 2850 1156 quid
2885 1092 3192 1140 eventurum
3223 1086 3295 1140 sit

1776 1177 1928 1233 vobis
1961 1177 2015 1230 in
2043 1177 2230 1232 diebus
2273 1175 2619 1232 novissimis:
2652 1175 3044 1245 congregamini
3076 1182 3128 1228 et
3149 1174 3299 1228 audi-

1774 1275 1850 1330 te,
1876 1266 1968 1319 ﬁlii
1999 1265 2181 1327 Iacob.
2210 1266 2410 1331 audite,
2443 1265 2624 1332 Israel,
2654 1274 2859 1335 patrem
2887 1275 3124 1320 vestrum
3172 1265 3234 1320 ’³.
3266 1283 3293 1316 ι

1774 1354 1972 1410 Deinde
2019 1355 2108 1409 ubi
2136 1356 2402 1424 prioribus
2433 1354 2554 1411 ﬁliis
2599 1355 2702 1408 alia
2730 1354 2849 1408 aliis
2881 1354 3104 1408 crimina
3146 1353 3297 1422 obje-

1774 1442 1876 1505 cit,
1929 1449 2180 1511 tanquam
2209 1443 2274 1498 iis
2297 1443 2388 1512 qui
2413 1444 2482 1497 ob
2513 1457 2664 1498 suam
2694 1443 2930 1511 ipsorum
2970 1443 3197 1511 culpam,
3229 1455 3295 1496 eo

1773 1531 1914 1600 quod
1941 1547 2084 1585 nunc
2137 1533 2419 1586 dicendum
2452 1539 2569 1596 est,
2603 1533 2820 1586 oraculo
2861 1531 3064 1601 indigni
3092 1531 3302 1585 evasis-

1772 1632 1909 1684 sent,
1944 1629 2136 1690 quarto
2161 1637 2343 1676 eorum
2375 1632 2625 1690 tanquam
2655 1622 2704 1676 ei
2731 1621 2822 1690 qui
2848 1621 3082 1690 reliquos
3104 1620 3300 1676 fratres

1771 1712 2033 1781 probitate
2047 1713 2167 1764 vitae
2189 1710 2434 1772 anteiret,
2459 1710 2571 1763 haec
2602 1709 2779 1762 futura
2824 1708 3062 1776 praedicit
3094 1727 3106 1760 :
3152 1728 3170 1759 ι
3205 1706 3298 1762 Ju-
3387 1721 3398 1732 '

1771 1801 1857 1862 da,
1885 1809 1935 1855 te
1960 1801 2247 1854 laudabunt
2265 1798 2450 1853 fratres
2471 1799 2546 1852 tui
2579 1812 2803 1851 :manus
2823 1805 2926 1850 tua:
2955 1797 3009 1850 in
3036 1805 3184 1866 tergo
3213 1797 3298 1850 in-

117 1883 270 1936 νὼτου
294 1884 405 1936 τῶν
445 1885 672 1955 ἐχθρῶν
706 1903 796 1938 σου
817 1903 830 1916 ⁸
857 1887 1276 1958 προσκυνήσουσί
1293 1903 1350 1939 σε
1375 1888 1423 1939 οἱ
1454 1888 1557 1939 υἱοὶ
1580 1887 1670 1939 τοῦ
1703 1883 1718 1908 ¹

1776 1890 2049 1944 imicorum
2094 1897 2352 1942 tuorum:
2419 1886 2716 1941 adorabunt
2750 1895 2802 1940 te
2849 1885 2940 1940 ﬁlii
2995 1887 3161 1955 patris
3193 1887 3290 1941 tui.

119 1974 309 2043 πατρός
344 1990 468 2025 σου.
505 1973 760 2043 Σκύμνος
789 1975 1014 2038 λέοντος,
1043 1976 1300 2040 ’1ούδα,ἐκ
1329 1975 1571 2046 βλαστοῦ,
1590 1977 1671 2029 υἱέ

120 2079 230 2130 μου,
262 2062 470 2132 ἀνέόης
493 2079 510 2092 ·
554 2063 838 2116 ἀναπεσὼν
870 2065 1161 2136 ἐκοιμήθης
1187 2067 1260 2128 ὼς
1301 2067 1432 2121 λέων
1478 2069 1569 2121 καὶ
1599 2068 1673 2131 ὡς

120 2149 358 2219 σκύμνος.
392 2147 501 2212 Τίς
561 2151 742 2220 ἐγερεῖ
782 2151 971 2217 αύτόν;
1002 2153 1099 2204 οὐκ
1145 2152 1373 2221 ἐκλείψει
1409 2154 1586 2224 ἄρχων
1615 2157 1672 2222 ἐξ

127 2236 304 2300 Ἰούδα,
335 2237 462 2290 οἷὸὲ
507 2236 815 2306 ἡγούμενος
834 2239 896 2289 ἐκ
928 2237 1032 2290 τῶν
1059 2238 1241 2308 μηρῶν
1265 2241 1446 2303 αὑτοῦ,
1473 2241 1574 2303 ἕως
1609 2241 1672 2293 ἂν

118 2328 229 2397 ἔλθῃ
276 2327 345 2378 τὰ
396 2325 754 2394 ἀποκείμενα
817 2325 993 2395 αὐτῷ’
1037 2327 1129 2379 καὶ
1184 2328 1341 2390 αὐτὸς
1388 2328 1672 2398 προσδοκία

117 2416 287 2470 ἐθνῶν.
328 2436 346 2467 ι
388 2417 609 2468 Σκόπει
643 2415 705 2484 δὴ
736 2415 946 2486 πρῶτον
974 2415 1092 2467 τινα
1122 2415 1226 2486 ἄρα
1251 2417 1409 2485 φησὶν
1439 2413 1573 2470 εἶναι
1609 2419 1673 2472 τὰ

119 2507 440 2576 ἀποκείμενα
497 2504 689 2575 αὐτῷ·
725 2507 818 2558 καὶ
857 2507 957 2575 ὅρα
988 2508 1035 2558 εἰ
1070 2505 1143 2576 μὴ
1175 2507 1309 2558 αὐτὰ
1351 2503 1439 2577 ἦν,
1488 2507 1524 2560 θ.
1565 2510 1674 2569 τοῖς

117 2597 245 2664 αμφὶ
291 2596 384 2647 τὸν
421 2595 694 2664 Ἀϐραὰμ
737 2595 1068 2664 προπάτορσι
1093 2596 1217 2664 περὶ
1246 2596 1341 2664 τῆς
1369 2596 1476 2648 τῶν
1510 2596 1672 2650 ἐθνῶν

117 2686 342 2756 κλήσεως
367 2689 397 2738 6
424 2685 578 2747 Θεὸς
603 2684 878 2755 ἀνείρηκε,
905 2684 1182 2748 θεσπίσας.
1206 2687 1510 2756 Γέγραπται
1527 2690 1668 2758 γοῦν,

117 2775 182 2836 ὡς
207 2777 307 2845 ἄρα
340 2776 510 2827 εἶπεν
547 2776 574 2826 6
599 2774 732 2836 Θεὸς
755 2773 831 2842 τῷ
859 2773 1134 2844 Ἀϐραάμ·
1176 2794 1194 2826 ι
1239 2777 1345 2828 Καὶ
1378 2775 1476 2847 ἔσῃ
1529 2777 1670 2828 εὐλο-

118 2865 285 2936 γητὸς,
319 2867 415 2917 καὶ
441 2863 739 2932 εὐλογήσω
766 2863 888 2924 τοὺς
935 2863 1279 2929 εὐλογοῦντάς
1309 2880 1387 2926 σε,
1437 2860 1529 2914 καὶ
1551 2860 1670 2924 τοὺς

123 2956 546 3024 καταρωμένους
595 2969 654 3004 σε
687 2952 1092 3021 καταράσομαι·
1128 2953 1219 3004 καὶ
1249 2951 1673 3021 ἐνευλογήσονται

119 3047 167 3098 ἐν
231 3046 311 3098 σοὶ
386 3047 576 3097 πᾶσαι
630 3043 687 3094 αἱ
745 3042 906 3110 φυλαὶ
948 3043 1046 3111 τῆς
1121 3041 1240 3112 γῆς.
1294 3059 1312 3092 ι
1351 3041 1456 3093 Καὶ
1523 3035 1672 3101 αὖθις

123 3153 138 3184 ι
184 3135 428 3205 Ἀϐρααμ.
481 3134 573 3196 δὲ,
625 3151 643 3183 ι
699 3133 850 3201 φησὶ,
884 3149 903 3182 ‹
939 3132 1212 3201 γινόμενος
1238 3131 1385 3185 ἐσται
1417 3133 1494 3193 εἰς
1527 3129 1672 3191 ἔθνος
1697 3173 1738 3230 c

121 3225 244 3292 μέγα
291 3225 384 3278 καὶ⁵
427 3224 600 3288 πολὺ,
637 3223 731 3275 καὶ
769 3220 1198 3291 ἐνευλογήσονται
1230 3223 1286 3272 ἐν
1319 3219 1462 3289 αὐτῷ
1498 3220 1671 3273 πάντα

116 3318 173 3367 τὰ
203 3315 320 3386 ἔθνη
349 3317 454 3386 τῆς
486 3315 621 3383 γῆς.
650 3333 667 3364 ι
696 3311 774 3363 Τὰ
804 3312 964 3380 ὃμοια
989 3310 1044 3361 δὲ
1070 3309 1160 3361 καὶ
1187 3309 1262 3378 τῷ
1294 3309 1472 3361 Ἰσαὰκ
1495 3311 1521 3361 6
1541 3324 1672 3378 χρη-

119 3407 238 3475 σμὸς
282 3406 471 3458 τοῦτον
541 3405 778 3471 ὲκφωνεῖ
819 3402 909 3453 τὸν
958 3401 1179 3469 τρόπον’
1222 3419 1240 3450 ι
1280 3398 1386 3451 Καὶ
1429 3397 1672 3466 πληθυνῶ

116 3496 168 3546 τὸ
221 3497 444 3566 σπέρμα
516 3509 615 3545 σου
667 3492 742 3554 ὡς
793 3493 917 3555 τοὺς
985 3491 1218 3558 ἀστέρας
1267 3487 1358 3538 τοῦ
1427 3485 1668 3556 ούρανοῦ,

117 3586 196 3636 καὶ
240 3584 696 3654 ἐνευλογήσονται
741 3583 798 3632 ἐν
839 3579 914 3650 τῷ
959 3577 1224 3648 σπέρματί
1273 3593 1364 3628 σου
1395 3577 1564 3628 πάντα
1605 3578 1672 3630 τὰ

114 3673 224 3742 ἐθνη
246 3674 342 3743 τῆς
377 3673 518 3743 γῆς.
570 3690 588 3721 ι
637 3671 758 3722 Ἔτι
799 3669 968 3721 δὲκαὶ
1007 3667 1084 3735 τῷ
1124 3665 1310 3718 Ἰακὼὸ
1355 3664 1574 3718 τοιαῦτα
1608 3666 1669 3737 δὴ

117 3761 336 3832 εἴρηταιο
373 3780 393 3812 ι
441 3758 600 3827 Ἐγὼ
627 3759 827 3829 Κύριος
849 3761 876 3811 ὁ
917 3757 1048 3818 Θεὸς
1079 3754 1321 3825 Ἀϐραὰμ
1356 3754 1446 3806 τοῦ
1474 3755 1671 3825 πατρός

118 3865 218 3910 σου,
241 3851 334 3901 καὶ
363 3853 394 3903 6
417 3848 566 3910 Θεὸς
609 3845 808 3898 Ἰσαάκο
849 3845 920 3915 μὴ
955 3843 1139 3912 φοὸοὖ,
1177 3860 1195 3893 ι
1225 3842 1317 3893 καὶ
1355 3842 1495 3911 ἑξῆς·
1523 3859 1542 3892 ι
1581 3843 1671 3894 καὶ

119 3940 634 4010 ἐνευλογηθήσονται
673 3939 730 3988 ἐν
770 3937 852 3988 σοὶ
891 3936 1058 3987 πᾶσαι
1082 3935 1136 3985 αἱ
1175 3931 1334 3999 φυλαὶ
1360 3931 1457 4000 τῆς
1485 3933 1604 4001 γῆς.
1646 3951 1664 3983 ι

117 4029 210 4080 Καὶ
248 4029 441 4082 ἄλλοτε
488 4023 649 4078 εἶπεν
674 4023 820 4093 αὐτῷ
853 4026 882 4076 6
919 4022 1075 4084 Θεός’
1115 4040 1134 4072 ι
1180 4018 1315 4086 Ἐγὼ
1351 4021 1378 4072 6
1402 4019 1528 4082 Θεὸς
1557 4036 1666 4082 σου,

117 4118 327 4182 αὐξάνοι)
375 4118 480 4170 καὶ
516 4113 810 4184 πληθύνου·
858 4111 981 4181 ἔθνη
1027 4111 1120 4162 καὶ
1164 4109 1463 4176 συναγωγαὶ
1507 4107 1670 4161 ἐθνῶν

114 4208 476 4270 ἐξελεύσονται
516 4207 585 4257 ἐκ
615 4203 729 4266 σοῦ,
768 4203 858 4254 καὶ
897 4201 1127 4272 βασιλεῖς
1160 4201 1222 4252 ἐκ
1245 4199 1341 4267 τῆς
1363 4198 1554 4267 ὀσφύος
1579 4215 1667 4251 σου

115 4297 499 4358 ἐξελεύσονται.
545 4317 564 4348 ι
589 4293 867 4355 Τοσαύτας
913 4293 1039 4361 περὶ
1076 4292 1172 4361 τῆς
1199 4290 1304 4342 τῶν
1342 4290 1502 4342 ἐθνῶν
1545 4290 1670 4359 κλή-

115 4401 238 4449 σεως
267 4390 619 4458 προρρήσεις
646 4384 738 4437 τοῦ
765 4381 896 4434 Θεοῦ
927 4379 1355 4452 προμεμαθηκὼς
1381 4382 1410 4432 6
1451 4379 1662 4442 Ἰακὼϐ,

1767 1981 1988 2036 Catulus
2006 1979 2176 2034 leonis
2197 1977 2352 2038 Iuda,
2377 1977 2442 2032 de
2473 1976 2730 2046 germine,
2758 1974 2830 2028 ﬁli
2854 1975 2946 2038 mi,
2968 1975 3292 2040 ascendisti;

1768 2073 2082 2126 recumbens
2127 2067 2423 2124 dormivisti
2473 2074 2531 2120 ut
2580 2067 2662 2120 leo
2699 2074 2752 2120 et
2793 2075 2852 2119 ut
2881 2066 3108 2120 catulus.
3161 2064 3297 2129 Quis

1767 2160 2017 2215 excitabit
2048 2161 2225 2229 ipsum
2250 2158 2272 2209 ?
2301 2155 2413 2208 Non
2437 2155 2645 2209 deﬁciet
2667 2155 2914 2224 princeps
2935 2154 3000 2208 de
3014 2153 3170 2218 Juda,
3193 2169 3291 2209 ne-

1767 2264 1870 2319 que
1885 2249 1990 2302 dux
2019 2247 2085 2301 de
2110 2247 2398 2302 femoribus
2442 2247 2579 2316 ejus,
2608 2246 2775 2300 donec
2801 2243 3015 2298 veniant
3042 2258 3158 2312 qua:
3188 2243 3292 2312 ipsi

1769 2339 1999 2406 reposita
2049 2344 2220 2390 sunt:
2271 2343 2324 2390 et
2371 2337 2484 2405 ipse
2529 2334 2854 2404 exspectatio
2901 2332 3133 2400 gentium
3161 2332 3228 2385 θ’.
3266 2348 3289 2385 ι

1768 2425 2058 2480 Considera
2079 2463 2093 2488 ,
2129 2439 2327 2493 quaeso,
2360 2424 2588 2493 primum
2618 2436 2859 2493 quaenam
2893 2435 2956 2476 ea
2987 2434 3104 2474 esse
3151 2418 3294 2473 dicat

1769 2527 1882 2580 quae
1899 2511 2000 2580 ipsi
2021 2512 2252 2579 reposita
2275 2520 2434 2576 sunt;
2467 2518 2519 2564 et
2537 2511 2654 2564 vide
2668 2523 2795 2563 num
2837 2522 2899 2562 ea
2929 2507 3036 2562 sint
3083 2520 3200 2576 qua:
3224 2505 3292 2560 ad

1767 2599 2031 2654 Abraham
2057 2607 2109 2652 et
2135 2598 2198 2652 ad
2227 2607 2431 2654 veteres
2491 2599 2661 2653 eidem
2717 2597 2918 2652 similes
2977 2603 3176 2664 patres.
3227 2593 3294 2648 de

1768 2691 2042 2745 vocatione
2083 2689 2314 2757 gentium
2364 2687 2503 2742 Deus
2532 2689 2656 2742 olim
2688 2701 2887 2740 canens
2938 2685 3289 2754 responderit.

1770 2778 2037 2847 Scriptum
2076 2777 2239 2846 igitur
2269 2785 2372 2843 cst,
2425 2774 2868 2848 quemadmodum
2921 2773 2987 2826 ad
3027 2772 3292 2826 Abraham

1770 2866 1905 2920 Deus
1930 2866 2161 2921 dixerit:
2210 2885 2228 2916 ι
2265 2865 2328 2918 Et
2367 2866 2475 2919 eris
2507 2865 2840 2928 benedictus,
2879 2872 2932 2918 et
2983 2862 3294 2916 benedicam

1767 2956 2202 3010 benedicentibus
2232 2956 2406 3014 tibi,ct
2443 2955 2881 3008 maledicentibus
2929 2953 3022 3005 tibi
3067 2951 3292 3004 maledi-

1769 3057 1904 3107 cam,
1931 3051 1983 3097 et
2003 3043 2382 3096 benedicentur
2420 3041 2472 3094 iu
2517 3047 2568 3096 te
2594 3054 2779 3094 omnes
2808 3038 2978 3091 tribus
3000 3046 3151 3091 terra:
3182 3037 3289 3104 ³⁰.;»

1769 3129 1833 3182 Et
1858 3145 2086 3184 rursus:
2136 3147 2153 3179 ι
2209 3127 2475 3181 Abraham
2530 3141 2680 3189 vero,
2732 3125 2922 3194 inquit,
2973 3122 3184 3176 futurus
3213 3129 3296 3176 est

1770 3221 1823 3272 in
1855 3227 2060 3288 gentem
2093 3231 2334 3286 magnam
2389 3223 2441 3268 ct
2481 3215 2779 3274 multam,et
2812 3213 3195 3267 benedicentur
3239 3211 3295 3264 in

1769 3309 1884 3376 ipso
1924 3321 2109 3360 omnes
2142 3314 2324 3373 gentes
2357 3311 2510 3356 terra:
2530 3301 2594 3354 ³³.
2627 3321 2645 3351 ι
2687 3299 2790 3353 Sed
2821 3299 2981 3353 etiam
3013 3298 3113 3366 ipsi
3146 3297 3294 3350 Isaac

1769 3391 1960 3444 similia
2013 3391 2066 3442 in
2123 3390 2262 3441 hunc
2331 3385 2544 3439 modum
2600 3385 2890 3454 respondet
2953 3383 3228 3436 oraculum
3273 3400 3290 3436 :

1773 3498 1792 3529 ι
1836 3478 1900 3530 Et
1941 3477 2302 3546 multiplicabo
2353 3491 2532 3530 semen
2564 3483 2713 3528 tuum
2747 3476 2884 3529 sicut
2931 3475 3112 3528 stellas
3144 3473 3290 3536 caeli,

1766 3568 1922 3638 367
1945 3577 1998 3621 et
2025 3567 2402 3620 benedicentur
2432 3565 2486 3616 in
2515 3564 2716 3617 semine
2747 3570 2840 3615 tuo
2873 3577 3059 3616 omnes
3104 3570 3292 3630 gentes

1769 3661 1997 3715 terrae”.
2038 3679 2056 3710 ι
2085 3658 2188 3727 Ipsi
2236 3658 2357 3711 item
2399 3653 2562 3708 Iacob
2593 3654 2717 3706 olim
2763 3653 2888 3705 talia
2929 3651 3068 3704 dicta
3113 3657 3238 3704 sunt
3275 3669 3289 3704 :

1774 3770 1791 3801 ι
1821 3751 1929 3820 Ego
1954 3749 2206 3803 Dominus
2237 3747 2371 3802 Deus
2417 3745 2685 3798 Abraham
2727 3743 2896 3812 patris
2943 3742 3044 3803 tui,
3073 3750 3125 3794 et
3156 3739 3292 3794 Deus

1766 3839 1914 3895 Isaac
1941 3856 1955 3892 :
1984 3853 2050 3892 ne
2081 3839 2265 3891 timeas
2284 3837 2346 3899 ³³,
2387 3855 2403 3886 ι
2440 3842 2490 3888 et
2516 3841 2726 3897 caetera,
2776 3851 2793 3881 ι
2835 3839 2887 3885 et
2915 3829 3294 3884 benedicentur

1767 3931 1822 3983 in
1871 3937 1923 3983 te
1965 3943 2149 3983 omnes
2199 3927 2370 3979 tribus
2419 3923 2657 3978 terrae”.
2697 3941 2715 3972 ι
2764 3919 2828 3973 Ει
2867 3921 2998 3974 alias
3041 3918 3176 3972 dixit
3226 3916 3291 3970 ad

1767 4021 1940 4089 ipsum
1979 4018 2117 4072 Deus
2149 4033 2162 4068 :
2198 4036 2215 4067 ι
2248 4015 2356 4085 Ego
2385 4013 2524 4068 Deus
2557 4023 2702 4076 tuus,
2741 4025 2921 4065 cresce
2953 4019 3006 4064 et
3036 4007 3293 4076 multipli-

1767 4124 1910 4172 care,
1942 4115 2124 4177 gentes
2143 4113 2194 4160 et
2222 4103 2659 4174 congregationes
2691 4099 2926 4169 gentium
2956 4096 3294 4166 cgredientur

1767 4200 1832 4254 de
1861 4207 1930 4262 te,
1952 4207 2005 4252 et
2037 4212 2188 4267 reges
2219 4196 2283 4249 de
2313 4194 2506 4247 lumbis
2528 4193 2636 4246 tuis
2651 4190 2986 4260 egredientur
3009 4187 3072 4240 ³³.
3110 4204 3128 4236 ι
3157 4185 3292 4236 Cum

1768 4296 1874 4342 tam
1930 4288 2096 4341 multa
2141 4287 2206 4340 de
2256 4283 2534 4338 vocatione
2581 4281 2815 4350 gentium
2867 4275 3081 4331 oracula
3127 4271 3293 4326 Jacob

1771 4386 1927 4433 antea
1959 4378 2301 4446 percepisset,
2336 4381 2388 4428 et
2418 4375 2611 4428 liberos
2656 4384 2832 4423 mares
2871 4364 3150 4419 duodecim
3193 4377 3294 4415 nu-

113 4477 304 4528 παίδων
344 4477 508 4546 αὐτῷ
562 4475 654 4526 τὸν
705 4472 932 4544 ἀριθμὸν
977 4471 1374 4540 γεγεννημένων
1417 4471 1664 4532 δεκαδύο,
1699 4485 1718 4538 ι

1776 4485 1918 4524 mero
1956 4471 2248 4538 genuisset,
2300 4465 2550 4517 omnibus
2590 4461 2697 4514 illis
2746 4465 2992 4512 extremo
3023 4469 3122 4508 suo
3167 4459 3294 4504 tem-

115 4563 237 4630 πρὸς
259 4568 325 4634 τῇ
350 4565 592 4633 τελευτῇ
623 4560 958 4629 συγκαλέσας
979 4560 1100 4621 τοὺς
1131 4558 1352 4621 πάντας,
1393 4559 1669 4627 περιεσκό-

115 4668 216 4714 πει,
240 4654 298 4718 ἐξ
341 4655 546 4707 ὁποίου
574 4653 680 4723 ἄρα
726 4650 901 4703 αὐτῶν
938 4651 1036 4718 τῆς
1071 4648 1308 4718 διαδοχῆς
1342 4649 1408 4700 τὰ
1452 4649 1556 4701 τῶν
1578 4649 1668 4700 τοῦ

115 4741 236 4795 Θεοῦ
273 4745 646 4815 προρρήσεων
675 4741 768 4793 ἐπὶ
797 4739 947 4801 τέλος
985 4737 1118 4807 ἥξει.
1149 4735 1260 4790 Εἶτ’
1296 4738 1495 4800 ἐπιθεὶς
1531 4741 1672 4808 τρισὶ⁵

119 4833 207 4897 μὲν
233 4838 344 4895 τοῖς
384 4832 633 4902 πρώτοις
678 4828 828 4898 αὑτῷ
872 4827 1177 4896 γενομένοις
1221 4827 1400 4881 παισὶν
1430 4827 1674 4896 ἐλέγχους

118 4915 186 4974 ὧν
205 4923 666 4994 ἐπλημμέλησαν,
688 4919 935 4990 ἐπιφέρει
957 4918 1231 4980 διδάσκων,
1263 4919 1343 4970 ὅτι
1371 4917 1476 4970 τῶν
1496 4917 1672 4970 τετολ-

123 5013 368 5079 μημένων
397 5015 593 5074 αὐτοῖς
631 5012 794 5063 ἕνεκα
820 5011 880 5061 οὐ
923 5009 987 5060 δι’
1011 5008 1181 5060 αὐτῶν
1205 5008 1669 5079 ἐκπληρωθήσεται

118 5099 180 5151 τὰ
196 5101 300 5152 τῶν
321 5103 689 5174 προρρήσεων
710 5097 1114 5167 ἀποτελέσματα
1133 5114 1148 5129 ο
1178 5097 1268 5149 ἐπὶ
1293 5097 1347 5148 δὲ
1365 5098 1454 5150 τὸν
1489 5098 1672 5169 τέταρ-

120 5203 202 5239 τον
223 5190 394 5242 ἐλθὼν
417 5192 520 5243 τδν
553 5190 769 5252 Ἰούδαν,
795 5188 928 5258 ὁμοῦ
966 5188 1054 5240 τὸν
1084 5188 1324 5256 φήσαντα
1361 5187 1503 5255 αὐτῷ
1541 5206 1672 5259 χρη-

123 5278 269 5346 σμὸν,
293 5297 313 5330 ι
355 5280 614 5344 Βασιλεῖς
649 5281 714 5332 ἐκ
731 5276 1032 5348 ῆςόσφύος
1048 5277 1204 5328 αὑτοῦ
1235 5275 1608 5340 ἐξελεύσονται,
1643 5298 1662 5330 ι

125 5367 200 5419 διὰ
236 5370 336 5438 τῆς
375 5371 578 5423 τούτου
624 5369 873 5438 διαδοχῆς
904 5368 1052 5429 τέλος
1097 5365 1350 5434 λήψεσθαι
1398 5366 1662 5431 θεσπίζει·

125 5458 375 5528 πρόδηλον
402 5461 522 5532 γὰρ
569 5463 643 5522 ὡς
691 5462 756 5510 ἐκ
781 5459 876 5527 τῆς
908 5457 1069 5509 Ἰούδα
1105 5455 1269 5523 φυλῆς
1303 5455 1363 5507 τὸ
1405 5455 1666 5524 βασιλικὸν

191 5650 231 5679 ³⁸
267 5650 400 5705 Gen.
440 5667 611 5708 χιιι.
656 5651 712 5700 1.
820 5648 860 5677 ¹⁹
900 5649 1024 5701 ibid.
1060 5647 1205 5699 840.

142 5723 425 5781 xxvnt,15.
508 5721 555 5752 ⁵⁵
593 5716 733 5772 ibid.
783 5714 854 5766 lsi.
929 5717 969 5746 ³³
1012 5717 1141 5769 Gen.
1177 5731 1346 5771 xxxv.
1387 5718 1465 5770 ll.

471 5781 503 5792 -ο

1311 5647 1354 5677 ³ο
1393 5649 1519 5705 (ἔθη.
1559 5667 1661 5716 xu,
1697 5655 1745 5707 ’5.

1769 4577 1895 4631 pore
1920 4560 2248 4620 convocatis,
2281 4552 2766 4622 circumspiciebat,
2794 4550 2860 4602 de
2887 4545 3040 4614 cujus
3080 4543 3291 4596 illorum

1767 4650 2140 4720 propagatione
2161 4648 2339 4701 divina
2377 4643 2594 4698 oracula
2623 4640 2776 4692 ﬁnem
2809 4649 2964 4690 suum
2993 4639 3170 4688 essent
3206 4643 3294 4681 ac-

1773 4752 2018 4809 ceptura;
2049 4738 2240 4792 deinde
2270 4750 2390 4790 cum
2422 4735 2594 4786 tribus
2624 4727 2809 4800 primis
2833 4725 3056 4779 crimina
3079 4721 3292 4791 propria

1771 4829 2076 4899 objecisset,
2111 4828 2293 4882 docuit
2322 4827 2571 4892 deinceps
2603 4814 3048 4890 quemadmodum
3079 4815 3292 4880 propter

1774 4919 1993 4980 scelera,
2029 4931 2146 4985 qua:
2182 4917 2284 4985 ipsi
2329 4915 2446 4969 ausi
2479 4913 2710 4970 fuerant,
2751 4921 2858 4959 non
2891 4905 2944 4957 in
2985 4901 3116 4970 ipsis
3144 4913 3292 4953 com-

1771 5009 1960 5078 plenda
2011 5015 2209 5070 essent,
2247 5021 2364 5074 qua:
2415 5021 2469 5056 tn
2513 5001 2776 5070 prioribus
2827 4994 3058 5048 oraculis
3104 4997 3290 5045 eventa

1771 5095 2193 5152 continebantur.
2237 5095 2368 5148 Cum
2417 5101 2590 5144 autem
2638 5087 2869 5141 venisset
2916 5083 2981 5135 ad
3017 5087 3289 5149 quartum,

1769 5186 1860 5254 qui
1884 5183 2048 5238 Judas
2077 5183 2198 5249 fuit,
2224 5190 2333 5234 tum
2366 5195 2494 5233 vero
2521 5175 2796 5230 oraculum
2841 5170 2981 5240 quod
3018 5167 3120 5238 ipsi
3161 5167 3288 5220 olim

1769 5289 2082 5344 responsum
2108 5275 2327 5334 fueram
2360 5269 2528 5339 Reges
2542 5267 2608 5321 de
2635 5264 2830 5319 lumbis
2859 5261 2978 5331 ejus
3001 5256 3283 5329 egredien-

1768 5373 1876 5428 tur,
1908 5383 1926 5416 ι
1957 5381 2022 5418 ex
2049 5363 2209 5432 hujus
2230 5361 2542 5429 posteritate
2573 5371 2726 5411 suum
2756 5353 2910 5407 ﬁnem
2942 5355 3288 5416 accepturum

1769 5455 2076 5524 planissime
2121 5451 2350 5508 cecinit:
2394 5456 2609 5504 constat
2654 5445 2796 5501 cnim
2841 5435 3290 5512 quemadmodum

1853 5655 1890 5683 ³¹
1932 5651 2061 5705 Gcn.
2097 5665 2257 5711 XVIII,
2313 5647 2392 5701 l8.
2501 5649 2541 5679 ³⁸
2582 5647 2712 5699 Gen.
2752 5657 2907 5704 xxvt,
2944 5639 2995 5692 4.
3071 5633 3116 5666 ³³
3153 5629 3287 5684 Gen.
