3740 6328
513 375 607 432 571

1173 374 1434 427 EbSlLBll
1467 373 1930 430 CJESARIENSIS
1966 374 2035 430 ΟΞ

2152 374 2328 432 PARS
2360 375 2511 430 11.-
2543 371 3033 436 APOLOGETICA.
3532 391 3607 449 57?.

511 493 761 555 ctamque
789 487 1000 539 nuntiat
1049 489 1461 560 philosophiam,
1499 494 1998 548 accommodaretur
2028 496 2035 545 τ

2153 494 2469 564 μνημονεύει
2515 495 2686 564 λόγια,
2739 497 2996 567 θεοφιλεῖς
3044 496 3286 568 εὑροῦσα,
3330 499 3507 570 τούτοις
3542 508 3606 567 διὰ

513 575 849 644 Quapmpter
873 576 992 630 illos
1025 577 1207 633 divina
1259 581 1542 650 omniaque
1592 598 1789 637 curans
1812 583 2042 651 justitia,

513 664 668 733 quasi
700 673 963 733 agrestem
994 673 1046 720 et
1071 671 1506 724 nocentissimam
1542 672 1733 726 silvam
1763 672 2047 729 attondens

513 762 671 822 atque
701 762 1006 822 amputans,
1026 771 1171 809 nunc
1199 759 1412 826 quidem
1432 759 1671 823 diluviis,
1707 775 1852 814 nunc
1869 769 2044 816 autem

511 842 771 898 incendiis
794 845 1124 913 castigabat:
1158 846 1423 901 interdum
1453 865 1580 904 vero
1596 849 1814 905 eosdem
1845 852 2047 907 mutuis

512 933 668 987 bellis
709 940 764 986 et
812 935 1049 990 caedibus
1079 945 1131 990 et
1164 937 1537 994 obsidionibus
1583 940 1818 996 assiduis
1867 942 2049 997 trade-

512 1024 621 1087 bat,
665 1023 862 1093 quippe
902 1041 1038 1095 quos
1067 1027 1169 1095 ipsi
1201 1028 1488 1093 daemones,
1526 1031 1664 1099 ipsi,
1695 1033 1935 1102 inquam,
1969 1034 2046 1087 illi

510 1129 646 1182 quos
669 1114 796 1168 deos
827 1130 954 1169 suos
982 1117 1294 1183 censebant,
1320 1119 1373 1172 in
1391 1119 1602 1175 furores
1626 1121 1908 1186 bellorum,
1926 1123 2049 1193 qui-

513 1206 612 1257 bus
641 1211 829 1257 contra
865 1220 924 1258 se
955 1205 1183 1259 invicem
1217 1215 1606 1275 grassarentur,
1632 1209 2044 1268 inflammarent.

511 1289 590 1344 Ex
634 1306 742 1360 quo
787 1291 946 1346 fiebat
996 1301 1054 1346 ut
1085 1295 1262 1350 nullos
1290 1295 1428 1350 inter
1467 1311 1526 1351 se
1576 1297 1753 1353 aditus
1786 1298 2048 1356 haberent

511 1381 744 1444 finitimi,
795 1382 888 1436 sed
919 1382 1249 1452 impermista
1283 1385 1912 1458 incommunicabilisque
1944 1390 2047 1444 ho-

510 1479 712 1532 minum
745 1487 894 1535 esset
929 1481 1038 1536 illis
1073 1484 1405 1552 temporibus
1445 1485 1573 1540 vita.
1606 1486 1812 1543 Paucos
1863 1497 2044 1546 autem

509 1565 791 1633 quosdam,
825 1574 884 1620 ut
919 1569 974 1620 in
1002 1569 1267 1638 ejusmodi
1301 1579 1464 1635 statu,
1515 1581 1568 1628 et
1609 1573 1763 1628 facile
1792 1589 2038 1629 numera-

510 1655 910 1723 biles,quorum
957 1672 1111 1711 sacra
1143 1659 1284 1728 apud
1309 1659 1558 1716 Hebraeos
1602 1665 1818 1717 oracula
1850 1665 2041 1718 memi-

508 1741 830 1808 nerunt,Dei
850 1745 1121 1800 studiosos
1155 1748 1463 1818 amicosque
1493 1758 1671 1819 nacta,
1697 1752 1796 1808 hos
1826 1754 1973 1822 ipsos
1989 1759 2043 1806 et

2144 583 2400 653 χρησμῶν
2445 585 2536 638 καὶ
2579 585 2849 657 θειοτέρας
2878 588 3188 654 ἐπιφανείας
3227 589 3422 659 ὡμίλει,
3456 595 3607 660 agam-

2149 673 2283 743 μένη
2315 676 2436 739 τοὺς
2473 675 2664 746 ἄνδρας
2685 677 2775 728 καὶ¹
2797 676 3159 747 θεραπεύουσα
3181 679 3350 750 νόμοις
3377 687 3473 748 τοῖς
3499 693 3608 759 παρὰ

2144 763 2418 827 Μωῦσέως
2447 766 2817 834 είσαγωγικοίς
2846 767 2938 819 καὶ
2969 766 3440 836 βιωφελέσιν.,’Δλλ’
3463 775 3534 829 ὅτε
3562 779 3608 850 δὴ

2145 853 2209 903 ἐκ
2260 853 2356 923 τῆς
2409 853 2615 918 τούτοις
2660 855 3002 926 διαταγείσης
3048 858 3349 927 νομοθεσίας
3373 861 3434 915 ἐκ
3460 869 3608 921 τετῶν

2148 941 2281 1011 μετὰ
2311 942 2478 996 ταῦτα
2509 945 2856 1015 προφητικῶν
2891 945 3216 1016 μαθημάτων
3247 951 3320 1012 είς
3346 952 3523 1016 πάντας
3545 957 3608 1008 ἀν-

2145 1030 2385 1101 θρώπους
2432 1032 2654 1096 εὐωδίας
2699 1034 2856 1104 δίκην
2915 1035 3299 1105 προχεομένων,
3332 1039 3422 1110 ἤδη
3471 1041 3607 1096 λοιπὸν

2145 1119 2389 1189 ήμέρωτο
2416 1120 2517 1173 τῶν
2540 1120 2745 1176 πολλῶν
2775 1122 2845 1175 τὰ
2877 1124 3210 1193 φρονήματα,
3238 1128 3345 1189 τοῖς
3371 1142 3420 1179 τε
3450 1130 3608 1196 πολλοῖς

2108 1208 2110 1210 ⁷
2143 1209 2315 1262 ἔθνεσι
2355 1211 2612 1264 πολιτεῖαι
2652 1213 2743 1264 καὶ
2775 1213 3088 1284 νομοθεσίαι
3133 1216 3440 1286 συνίσταντο,
3463 1221 3607 1293 ἀρετῆς

2144 1315 2201 1350 τε
2246 1299 2336 1351 καὶ
2367 1300 2672 1369 φιλοσοφίας
2713 1301 2886 1373 ὄνομα
2932 1302 3081 1374 παρὰ
3109 1308 3216 1368 τοῖς
3238 1307 3430 1372 πολλοῖς
3452 1311 3605 1378 ὲὸοᾶτο,

2142 1386 2216 1450 ώς
2237 1387 2300 1442 ἂν
2336 1391 2681 1460 πεπαυμένης
2719 1393 2818 1462 τῆς
2853 1393 3088 1457 παλαιᾶς
3133 1395 3417 1466 θηριωδίας,
3451 1417 3598 1469 μετατι-

2144 1477 2370 1550 θεμένης
2411 1480 2466 1532 δέ
2502 1482 2600 1550 τῆς
2634 1482 2830 1552 ἀγρίας
2869 1484 2963 1536 καὶ
2995 1485 3230 1555 ἀπηνοῦς
3257 1486 3444 1558 διαίτης
3465 1491 3537 1542 ἐπὶ
3567 1493 3605 1544 τὸ

2143 1569 2452 1636 πραότερον,
2477 1570 2635 1632 αὐτὸς
2666 1571 2762 1641 ἤδη
2804 1572 2988 1625 λοιπὸν
3021 1574 3159 1627 κατὰ
3200 1577 3375 1648 καιρὸν
3399 1579 3476 1631 τδν
3489 1598 3596 1651 προσι

2139 1660 2334 1728 ήκοντα
2372 1661 2400 1711 ὁ
2439 1661 2545 1712 τῶν
2574 1661 2789 1715 τελείων
2817 1680 2877 1714 τε
2901 1665 2994 1716 καὶ
3017 1665 3274 1736 οὐρανίων
3303 1668 3540 1738 δογμάτων
3566 1689 3604 1723 τε

2141 1749 2232 1801 καὶ⁵
2263 1748 2587 1819 μαθημάτων
2618 1751 2820 1816 τέλειος
2867 1754 2965 1806 καὶ
3011 1755 3253 1824 οὐράνιος
3288 1757 3604 1821 διδάσκαλος,ὁ

509 1831 784 1898 responsis
813 1833 1207 1903 alloquebatur,
1235 1845 1290 1891 et
1318 1837 1384 1892 ad
1417 1839 1629 1896 divinas
1658 1838 1894 1897 visiones
1939 1842 2035 1896 ad-

2137 1837 2233 1906 τῆς
2262 1837 2490 1908 ἀληθοῦς
2529 1840 2854 1909 θεογνωσίας
2901 1845 3255 1913 εἰσαγωγεῦς,
3286 1849 3312 1900 ὁ
3343 1847 3457 1912 θεὸς
3487 1849 3604 1916 Λόγος

509 1926 771 1989 mittebat,
804 1929 1127 2000 eosdemque
1175 1933 1388 1988 interim
1418 1938 1573 2005 quasi
1603 1953 1765 1991 manu
1817 1947 2035 2008 captans

2140 1926 2398 1996 ἐπέφανεν
2439 1929 2658 1992 ἐαυτὸντ
2678 1932 2820 1984 κατὰ
2850 1933 2944 1986 τὸν
2977 1935 3349 2006 ῦπογραφέντα
3393 1939 3477 2008 τῆς
3499 1941 3602 1992 ἐναν-

508 2018 751 2081 curabat,
781 2027 833 2074 et
866 2020 1092 2090 legibus,
1135 2038 1270 2092 quas
1311 2024 1484 2081 Moses
1534 2028 1744 2092 ﬁxerat,
1787 2029 2035 2084 cultiores

2140 2015 2463 2087 θρωπήσεως
2495 2019 2653 2072 αὐτοῦ
2685 2020 2898 2090 χρόνον,
2950 2022 3076 2092 μίαν
3119 2027 3228 2088 τοῖς
3266 2027 3415 2080 πᾶσιν
3439 2026 3604 2090 ἔθνεσιν,

508 2106 780 2162 reddebat.
807 2107 907 2165 Sed
933 2111 1019 2164 ubi
1039 2111 1152 2180 jam
1176 2129 1242 2168 ex
1271 2115 1479 2184 legibus
1493 2133 1611 2186 quae
1629 2118 1712 2172 his
1739 2119 1870 2186 ipsis
1905 2117 2040 2172 datae

507 2195 739 2263 fuerant,
785 2206 944 2268 atque
974 2217 1039 2254 ex
1069 2204 1398 2273 propheticis
1450 2207 1674 2275 posthac
1717 2207 2036 2277 disciplinis,

505 2289 561 2342 in
585 2303 769 2344 omnes
797 2290 1042 2346 homines
1074 2293 1378 2363 fragrantiae
1409 2297 1689 2365 cujusdam
1720 2298 1892 2352 instar
1911 2312 2037 2366 pro-

508 2379 660 2442 fusis,
683 2382 822 2450 quod
845 2392 1142 2452 supererat,
1165 2387 1451 2440 multorum
1466 2389 1627 2440 animi
1653 2389 2036 2444 mansuetiores

505 2492 804 2548 evaserant,
823 2485 978 2554 365
997 2488 1282 2557 multisque
1303 2490 1546 2556 gentibus
1566 2498 1618 2544 et
1633 2491 1816 2545 civiles
1837 2506 2032 2556 mores,

505 2581 557 2622 ct
600 2572 771 2640 legum
816 2574 1182 2632 institutiones
1235 2579 1596 2642 constabant,
1627 2581 1945 2650 virtutisque
1972 2595 2036 2637 ac

504 2661 854 2730 pliilOSOphia:
879 2678 1076 2717 nomen
1103 2665 1245 2740 apud
1279 2667 1474 2721 multos
1501 2668 1836 2735 audiebatur,
1871 2670 2030 2738 quasi

503 2749 678 2814 prisca
710 2751 796 2802 illa
849 2750 1059 2806 feritate
1079 2753 1375 2817 desinente,
1405 2764 1458 2808 et
1487 2757 1683 2824 agresti
1710 2757 2035 2827 immanique

504 2838 648 2890 victu
709 2839 763 2891 in
812 2841 1075 2894 mitiorem
1100 2841 1210 2909 jam
1253 2851 1600 2908 commutato,
1632 2846 1746 2914 ipse
1771 2846 1881 2915 jam
1921 2856 2030 2902 tum

505 2928 761 2994 temporis
791 2931 1238 2997 opportunitatem
1270 2943 1476 2998 nactus,
1512 2936 1625 3004 ipse
1656 2935 1873 3005 inquam
1919 2954 2035 3008 per—

505 3013 762 3070 fectorum
788 3019 1191 3090 ctelestiumque
1219 3022 1582 3078 institutorum
1605 3027 2033 3096 disciplinarum-

503 3121 606 3173 que
634 3106 898 3175 perfectus
915 3109 1252 3181 cmlestisque
1269 3114 1534 3182 magister,
1561 3131 1794 3184 veraeque
1814 3117 1904 3172 Dei
1924 3135 2030 3172 no-
2058 3135 2097 3190 ο

503 3197 633 3250 litim
685 3197 1019 3253 introductor
1052 3199 1192 3255 Deus
1223 3201 1457 3257 Verbum
1489 3205 1720 3274 seipsum
1763 3207 2025 3270 exhibuit,

503 3287 569 3339 ad
615 3288 983 3356 praescriptum
1033 3291 1279 3346 humana:
1308 3309 1338 3347 a
1371 3309 1428 3348 se
1451 3296 1784 3350 assumendae
1829 3307 2030 3352 natura:

502 3392 731 3454 tempus,
761 3403 1025 3457 unamque
1079 3391 1324 3458 gentibus
1379 3392 1643 3448 universis
1677 3405 1782 3447 tam
1835 3395 2030 3451 Grazcis

502 3467 952 3544 quam'barbaris,
985 3481 1131 3534 omni
1163 3482 1345 3551 utique
1374 3483 1610 3538 humano
1638 3486 1838 3554 generi,
1857 3487 2029 3541 Patris

503 3564 587 3618 sui
616 3565 948 3620 clementiam
975 3569 1328 3640 pietatemque
1358 3573 1610 3626 nuntiare
1632 3582 1744 3626 tum
1772 3575 1954 3642 coepit,
1978 3582 2031 3629 et

503 3657 568 3709 ad
597 3671 756 3710 unam
784 3667 1006 3714 cunctos
1039 3660 1282 3717 homines
1331 3661 1386 3714 in
1418 3661 1524 3716 Deo
1552 3663 1823 3716 adhortari
1872 3664 2031 3718 salu-

501 3753 630 3806 tem,
663 3746 936 3814 ipsamque
966 3748 1241 3802 veritatem
1270 3764 1513 3818 veraeque
1542 3751 2026 3820 religionislumen,

502 3850 602 3889 nec
629 3849 737 3888 non
767 3838 983 3891 cmleste
1044 3853 1265 3908 regnum
1295 3853 1356 3891 ac
1387 3840 1724 3908 sempiternae
1749 3840 1874 3894 Vitae
1905 3857 2029 3909 pro-

505 3922 833 3984 missionem,
855 3923 1103 3979 omnibus
1127 3926 1238 3994 ipse
1264 3926 1410 3995 prior
1438 3926 1702 3994 spondere
1729 3941 1792 3981 ac
1819 3942 2024 3995 parare.

507 4008 772 4064 Hactenus
827 4011 988 4079 igitur
1041 4013 1152 4068 haec
1206 4015 1348 4069 dicta
1406 4015 1513 4070 sint
1561 4016 1630 4070 de
1683 4017 2024 4084 temporibus,

505 4123 661 4176 quam
720 4109 901 4178 utique
929 4111 996 4164 ob
1025 4126 1238 4167 causam
1281 4131 1390 4169 non
1430 4117 1541 4187 jam
1587 4117 1718 4180 diu,
1760 4117 1852 4171 sed
1885 4133 2027 4172 nunc

504 4205 736 4268 demum,
771 4206 1018 4262 Christus
1054 4207 1143 4262 Dei
1172 4211 1226 4263 in
1255 4227 1440 4267 omnes
1487 4213 1729 4268 homines
1760 4228 1916 4266 suum
1942 4216 2028 4268 lu-

505 4316 626 4355 men
684 4303 937 4356 emiserit.
991 4302 1250 4356 Caeterum
1295 4305 1360 4358 ad
1399 4306 1674 4374 superiora
1720 4307 2023 4370 redeuntes,

505 4406 799 4467 temporum
827 4400 1087 4454 adventus
1130 4401 1272 4456 illius
1300 4404 1655 4471 particulatim
1709 4419 1827 4473 quae
1872 4407 2022 4476 signa
2058 4437 2100 4489 Β
2123 4423 2310 4477 Μωσεῖ
2338 4427 2428 4480 τοῦ

503 4497 822 4561 exstiterint,
851 4497 1269 4562 consideremus,
1293 4502 1729 4570 evangelicasque
1756 4503 1809 4556 in
1833 4504 2020 4572 primis

2142 2103 2358 2174 Ἕλλησί
2404 2123 2461 2158 τε
2513 2107 2606 2160 καὶ
2660 2107 2976 2179 βαρϐάροις,
3001 2111 3078 2182 τῷ
3109 2131 3168 2166 τε
3213 2114 3364 2168 παντὶ¹
3395 2114 3510 2169 ἔθνει
3534 2116 3604 2168 τῶν

2136 2194 2431 2265 ἀνθρώπων
2477 2196 2574 2267 τὴν
2609 2198 2704 2250 τοῦ
2745 2200 2960 2270 Πατρδς
2992 2203 3376 2274 φιλανθρωπίαν
3404 2206 3604 2273 εὐαγγελι-

2137 2283 2376 2353 ζόμενος,
2407 2285 2499 2338 ἐπὶ
2531 2288 2658 2356 μίαν
2686 2305 2746 2340 τε
2778 2291 2906 2353 τοὺς
2948 2292 3151 2357 πάντας
3172 2296 3443 2366 παρορμῶν
3466 2298 3510 2348 ὲν
3528 2297 3605 2366 Θεῷ

2139 2373 2422 2442 σωτηρίαν,
2458 2374 2712 2445 ἀλήθειάν
2739 2393 2799 2429 τε
2831 2379 2999 2450 αὐτὴν
3025 2382 3118 2433 καὶ
3145 2383 3255 2450 φῶς
3279 2382 3481 2454 ἀληθοῦς
3504 2383 3604 2434 εὐπ-

2135 2459 2301 2524 6είας,
2323 2461 2592 2530 βασιλείαν
2621 2481 2681 2516 τε
2714 2466 2981 2537 οὐρανῶν,
3005 2471 3096 2522 καὶ
3119 2472 3324 2524 αίωνίου
3349 2471 3470 2542 ζωῆς
3489 2473 3605 2539 ἐπαγο

2133 2548 2313 2615 γελίαν
2343 2553 2454 2612 τοῖς
2485 2553 2620 2604 πᾶσι
2661 2556 3074 2627 προμνώμενος.
3106 2559 3282 2613 Ταῦτα
3315 2563 3401 2631 μὲν
3423 2559 3496 2617 οὖν
3522 2563 3604 2630 περὶ

2131 2635 2236 2687 τῶν
2261 2637 2462 2706 χρόνων
2491 2641 2754 2710 εἰρήσθω,
2787 2643 2856 2696 δι’
2882 2646 2947 2716 ἣν
2971 2647 3146 2701 αἰτίαν
3175 2648 3284 2713 νῦν,
3301 2649 3402 2701 ἀλλ’
3419 2652 3469 2701 οὐ
3492 2650 3606 2701 πάλαι

2133 2724 2388 2795 πρότερον
2433 2728 2462 2777 ὁ
2493 2730 2729 2798 Χριστὸς
2761 2733 2855 2785 τοῦ
2884 2735 3016 2788 Θεοῦ
3046 2738 3123 2799 εἰς
3147 2737 3342 2802 πάντας
3381 2738 3606 2807 ἐξέλαμψεν

2133 2812 2465 2882 ἀνθρώπους.
2497 2817 2636 2887 Φέρε
2684 2819 2745 2871 δὲ
2791 2821 3170 2889 ἐπανελθόντες
3205 2826 3306 2880 τῶν
3347 2827 3516 2896 χρόνων
3542 2827 3605 2893 τῆς

2130 2900 2358 2968 ἀφίξεως
2386 2904 2548 2956 αὑτοῦ
2577 2906 2648 2959 τὰ
2682 2914 2887 2979 σημεῖα
2908 2914 3048 2966 κατὰ
3071 2915 3226 2986 μέρος
3252 2915 3605 2985 ἐπισκεψώμεθα,

2129 2989 2224 3052 τὰς
2267 2992 2625 3059 εὐαγγελικὰς
2665 3001 2796 3070 περὶ
2825 3003 2926 3073 τῆς
2954 3005 3211 3072 γενέσεως
3241 3006 3387 3059 αὐτοῦ
3418 3006 3606 3075 φωνὰςέν

2131 3079 2358 3149 πρώτοις
2382 3082 2544 3154 ἐπιση
2554 3090 2951 3160 μειωσάμενοι.
2999 3096 3054 3147 ‘0
3085 3096 3180 3165 μὲν
3205 3093 3294 3149 οὖν
3310 3095 3536 3156 Ματθαίος
3548 3095 3605 3145 τὸν

2130 3169 2311 3238 χρόνον
2329 3170 2426 3240 τῆς
2454 3174 2729 3244 ἐνσάρκου
2763 3181 2931 3234 αὐτοῦ
2963 3185 3269 3253 ἐπιφανείας
3286 3179 3377 3237 ὧδέ
3401 3201 3494 3245 πως
3514 3186 3605 3233 ἰπο-

2131 3261 2212 3327 ρεῖ
2239 3259 2436 3326 λέγων’
2477 3282 2496 3313 ‹
2539 3265 2652 3320 Τοῦ
2687 3270 2745 3322 δὲ
2788 3272 2963 3341 Ἰησοῦ
2994 3276 3326 3345 γεννηθέντος
3353 3277 3404 3327 ἐν
3431 3273 3604 3343 Βηθλεὲμ

2127 3347 2226 3416 τῆς
2269 3351 2544 3416 Ἰουδαίας,
2577 3359 2643 3410 ὲν
2692 3361 2932 3432 ἡμέραις
2969 3363 3198 3436 Ἡρώδου
3229 3367 3314 3420 τοῦ
3348 3365 3602 3435 βασιλέωςί

2129 3440 2219 3490 καὶ
2251 3443 2363 3508 μετ’
2394 3441 2549 3511 ὀλίγα
2577 3452 2751 3520 φησίν
2772 3469 2787 3482 ο
2812 3471 2832 3504 ι
2876 3455 3137 3520 Ἀκούσας
3164 3459 3237 3521 δὲ,
3267 3459 3340 3510 ὅτι
3396 3455 3604 3526 Ἀρχέλαος

2131 3527 2394 3595 βασιλεύει
2435 3533 2535 3602 τῆς
2580 3537 2849 3606 Ἰουδαίας
2896 3545 3015 3598 ἀντὶ
3059 3547 3285 3617 Ἡρώδου
3335 3545 3416 3598 τοῦ
3465 3541 3604 3611 πατρὸς

2128 3617 2312 3671 αὐτοῦ.
2356 3638 2373 3669 ι
2419 3621 2477 3674 '0
2518 3622 2574 3676 δὲ
2632 3629 2856 3694 Λουκᾶς
2886 3634 2981 3686 τὸν
3009 3636 3107 3705 τῆς
3153 3635 3465 3696 διδασκαλίας
3494 3627 3604 3684 αὑτοῦ

2127 3707 2220 3758 καὶ
2245 3708 2556 3776 ἀναδείξεως
2587 3718 2789 3786 χρόνον
2823 3723 3134 3795 παρέστησε
3160 3725 3323 3794 λέγων
3342 3743 3355 3756 ·
3391 3743 3408 3776 ι
3442 3724 3510 3774 Ἐν
3536 3721 3605 3772 ἔτει

2127 3799 2587 3872 πεντεκαιδεκάτῳ
2639 3808 2741 3877 τῆς
2783 3811 3080 3881 ἡγεμονίας
3118 3816 3351 3885 Τιϐερίου
3386 3813 3604 3881 Καίσαρος,

2127 3887 2564 3957 ἐπιτροπεύοντος
2611 3896 2843 3952 Ποντίου
2877 3903 3109 3956 Πιλάτου
3148 3905 3242 3975 τῆς
3292 3903 3524 3963 Ἰουδαίας,

2124 3979 2480 4067 τρᾳρχοῢντος
2505 3984 2561 4036 δὲ
2584 3989 2692 4058 τῆς
2726 3991 3016 4059 Γαλιλαίας
3059 3997 3305 4067 Ἡρώδου,
3336 3996 3548 4048 Φιλίππου
3571 3989 3606 4039 δι

2123 4066 2213 4118 τοῦ
2237 4069 2458 4138 ἀδελφοῦ
2493 4075 2670 4131 αὐτοῦ
2709 4066 3137 4156 τετραρχοῦντος
3154 4089 3248 4158 τῆς
3281 4086 3528 4158 Ἰτουραίας
3547 4079 3606 4134 καὶ

2125 4157 2512 4226 Τραχωνίτιδος
2556 4165 2772 4240 χώρας,
2824 4175 2919 4226 καὶ
2968 4157 3226 4229 Λυσανίου
3267 4178 3360 4246 τῆς
3397 4157 3606 4239 ’Ᾱϐιληνῆς

2124 4248 2560 4334 τετραρχοῦντος,
2605 4257 2709 4312 ἐπὶ
2748 4261 3050 4334 ἀρχιερέως
3081 4268 3240 4320 Ἀννα
3277 4267 3362 4320 καὶ
3390 4262 3602 4327 Καῖάφαδ

2125 4333 2342 4428 Τούτοις
2489 4338 2581 4395 οῦν
2639 4349 2824 4415 καλῶς
2880 4333 2992 4424 ἔχει
3043 4358 3364 4428 παραθέσθαι
3401 4355 3484 4425 τὴν
3506 4344 3606 4417 παρὰ

2189 4431 2310 4477 ωσεῖ
2338 4431 2428 4480 τοῦ
2479 4431 2684 4489 Ἰακὼὸ
2717 4444 3072 4514 προφητείαν,
3106 4446 3282 4501 τοῦτον
3322 4447 3513 4517 ἔχουσαν
3548 4438 3607 4490 τὸν

2189 4511 2336 4563 όπον.

2123 4527 2336 4580 τροπον.

501 4589 568 4643 de
613 4596 733 4642 ortu
770 4589 886 4658 ejus
919 4605 1076 4644 voces
1129 4591 1462 4647 adnotemus.
1520 4591 1795 4651 Mattheus
1852 4597 2013 4667 igitur
2050 4607 2260 4670 tempus
2286 4619 2394 4672 quo
2425 4608 2516 4666 ille
2538 4613 2596 4667 in
2663 4633 2896 4691 corpore
2927 4624 3163 4682 humano
3187 4626 3348 4682 videri
3383 4621 3534 4692 coepit,
3571 4616 3607 4668 in

505 4680 646 4734 hunc
676 4681 889 4735 modum
909 4692 1090 4736 narrat
1115 4700 1160 4737 ει
1187 4681 1320 4737 Cum
1350 4690 1509 4749 esset,
1529 4684 1718 4754 inquit,
1739 4697 1895 4744 natus
1929 4687 2086 4746 Jesus
2113 4693 2166 4745 in
2182 4692 2489 4754 Bethlehem
2519 4702 2732 4765 Iudaeae
2762 4680 2823 4767 in
2844 4715 3034 4773 diebus
3065 4680 3425 4786 Herodisregis
3447 4680 3502 4763 ξ’.
3525 4680 3543 4759 ἰ
3564 4703 3608 4756 εί

503 4771 659 4837 paulo
692 4781 848 4841 post:
883 4793 902 4825 ι
926 4773 1181 4838 Audiens,
1210 4775 1402 4844 inquit,
1433 4777 1576 4846 quod
1596 4778 1889 4835 Archelaus
1918 4791 2170 4851 regnaret
2202 4784 2256 4838 in
2291 4784 2478 4844 Judaa
2534 4810 2643 4864 pro
2699 4801 2918 4862 Herode
2970 4771 3136 4878 patre.
3181 4824 3277 4863 suo
3309 4771 3380 4861 ὀἵ
3421 4823 3437 4856 ι
3481 4799 3606 4854 Lucas

504 4869 680 4915 autem
699 4881 802 4932 quo
831 4872 1067 4936 tempore
1091 4867 1176 4922 ille
1202 4873 1257 4924 et
1299 4867 1491 4922 docere
1539 4877 1594 4925 et
1661 4871 1898 4942 seipsum
1934 4874 2215 4929 ostendere
2262 4881 2509 4950 coeperit,
2540 4884 2913 4962 demonstrat,
2970 4867 3061 4952 ilbi
3083 4898 3198 4952 ait:
3231 4916 3248 4947 ι
3286 4896 3425 4949 Anno
3459 4905 3514 4943 xv
3539 4887 3605 4937 im’

506 4950 638 5012 perii
687 4951 885 5008 Tiberii
935 4955 1183 5021 Caesaris,
1229 4969 1548 5028 procurante
1587 4960 1776 5016 Pontio
1812 4961 1979 5018 Pilato
2025 4961 2283 5030 Judteam,
2329 4976 2609 5032 tetrarcha
2641 4991 2825 5040 autem
2869 4950 3370 5050 (ξριέιᾷετέηηειεοάθ,
3419 4980 3603 5046 Philippo

508 5046 677 5155 putem
715 5042 875 5155 fratre
896 5049 1011 5116 ejus
1059 5053 1323 5106 tetrarcha
1351 5054 1524 5110 lturia:
1542 5063 1595 5110 et
1612 5055 2002 5112 Trachonitidis
2038 5061 2292 5128 regionis,
2353 5075 2406 5122 et
2432 5068 2670 5142 Lysania
2700 5081 2946 5140 Abilenze
2985 5042 3270 5155 tetrarcha,
3299 5042 3392 5141 sub
3415 5042 3590 5152 principi

506 5125 606 5177 bus
632 5133 964 5188 sacerdotum
997 5139 1148 5197 Anna
1187 5153 1239 5199 et
1265 5144 1468 5216 Caipha
1500 5149 1563 5203 ’⁷.
1608 5168 1626 5200 ι
1668 5147 1762 5204 llis
1790 5149 1950 5218 igittir
1973 5149 2020 5203 si
2055 5125 2222 5209 Iacob

825 5161 982 5250 tuum‘~
997 5161 1148 5239 anna
1187 5161 1239 5199 et
1265 5161 1477 5247 uaipna.
1608 5168 1626 5200 ι
1668 5161 1762 5204 ms
1790 5161 1950 5250 igitur
1973 5165 2020 5203 st
2050 5161 2222 5250 ξηροὶ)
2248 5161 2588 5231 prophetiam
2616 5187 2741 5241 quae
2765 5185 2851 5232 cst
2904 5181 3049 5250 apud
3105 5180 3296 5237 Mosem
3319 5179 3601 5249 apponamns.

505 5225 679 5278 Opera:
709 5223 932 5280 pretium
959 5223 1261 5296 fecerimus,
1314 5249 1433 5303 qua:
1463 5235 1516 5290 in
1547 5235 1688 5289 hunc
1718 5235 1931 5289 modum
1961 5251 2018 5290 se
2050 5236 2228 5297 habet.

576 5408 620 5440 ³⁸
665 5405 842 5466 Matth.
883 5429 953 5476 ιι,
989 5419 1037 5471 1.
1112 5424 1154 5452 ’⁸
1195 5424 1323 5481 ibid.
1359 5431 1446 5487 26,
1523 5435 1564 5465 ’⁷
1604 5447 1730 5487 ωε.
1762 5446 1854 5495 ιιι,
1889 5432 1937 5484 1.
