3740 6320
141 393 249 450 573

144 501 442 583 Ἀπὸ-τῆς
484 506 810 583 Femineae.
828 507 1058 583 -—_'Hspi
1078 511 1204 583 τῶν
1228 515 1452 583 χρόνων
1493 509 1596 583 τῆς
1622 515 1707 583 είς
1735 519 1777 574 Α
1806 514 1854 583 3

199 577 573 658 ἀνέζράκτους
637 577 980 658 (iugatam;
1025 577 1554 658 αύτοίξζςξοςῄκαᾷί
1599 577 1703 647 οὓς

202 645 482 723 χρόνους
502 644 570 722 τρ
593 647 729 723 παρ’
763 645 1045 723 Ἑϐραίοις
1068 647 1354 723 ἐπιλείψει
1370 644 1700 723 βασίλειον,

199 710 264 794 td
297 710 646 794 τητικαῇτιι
670 714 706 778 ἡ
729 714 842 765 τῶν
857 710 1053 794 educi»:
1064 710 1435 794 ἐπιστήσεται
1457 710 1704 794 προσὸξοὲ

201 779 304 852 κια
323 794 339 808 ο
377 778 412 830 6
443 778 548 852 καὶ
581 780 828 849 γέγονεν
855 782 952 834 ἐπὶ
983 781 1088 850 τῆς
1119 783 1222 836 τοῦ
1252 778 1515 850 Σωτῆροξ
1541 784 1704 852 ἡμῶν

196 848 598 914 ἐπιφανείας.

201 995 221 1026 ι
275 975 548 1028 Ἐκάλεσε
601 977 658 1028 δὲ
699 976 890 1030 Ἰακὼϐ
920 977 1044 1040 τοὺς
1071 978 1218 1040 υἱοὺς
1237 978 1396 1031 αὐτοῦ
1429 980 1520 1032 καὶ
1550 975 1696 1031 εἴπεο

128 1066 445 1135 Συνάχθητε
481 1065 574 1118 ἴνα
608 1067 914 1135 ἐπαγγείλω
946 1069 1072 1138 ὑμῖν
1111 1069 1164 1121 τί
1196 1070 1553 1139 ἀπαντήσεται
1575 1071 1698 1140 ὑμῖν

129 1154 221 1206 ἐπ’
251 1151 490 1221 ἐσχάτου
523 1153 638 1205 τῶν
670 1153 888 1224 ήμερῶν
907 1171 920 1185 ο
953 1155 1286 1226 ἀθροίσθητε,
1305 1156 1395 1209 καὶ
1417 1157 1697 1221 ἀκούσατε,

134 1244 241 1294 υίοὶ
289 1242 518 1305 Ἰακὼϐ,
554 1242 844 1309 ἀκούσατε,
874 1245 1101 1315 Ἰσραὴλ,
1123 1244 1214 1297 τοῦ
1249 1246 1446 1316 πατρὸς
1476 1245 1643 1316 ὑμῶν.
1673 1265 1692 1298 ι

130 1328 259 1384 Εἶτα
317 1330 544 1394 τούτοις
597 1331 724 1401 ἑξῆς
779 1332 1215 1404 ἐπιμεμψάμενος
1269 1335 1385 1388 τινά
1430 1352 1535 1387 τισι
1589 1337 1698 1398 τοῖς

131 1420 420 1489 προτέροις
475 1422 640 1484 υἱοῖς,
673 1421 749 1483 ὼς
781 1421 868 1475 διά
906 1439 1025 1474 τινα
1061 1423 1233 1475 αὐτῶν
1264 1424 1696 1493 πλημμελήματα

129 1508 441 1578 γενομένοις
465 1508 714 1572 ἀναξίοις
734 1511 832 1578 τῆς
857 1510 1144 1581 μελλούσης
1171 1511 1506 1579 ἐπιλέγεσθαι
1532 1515 1695 1583 προρ-

132 1600 354 1668 ρήσεως,
398 1598 484 1667 τῷ
521 1597 773 1668 τετάρτῳ
799 1599 872 1661 ὡς
904 1599 992 1651 τὸν
1019 1599 1127 1668 βίον
1159 1600 1432 1670 κρείττονα
1461 1599 1566 1654 τῶν
1590 1600 1696 1652 λοι-

132 1688 238 1741 πῶν
278 1687 542 1755 ἀδελφῶν
594 1688 1009 1758 ἐπιδεδειγμένῳ
1042 1690 1163 1743 τάδε
1195 1690 1432 1753 θεσπίζει
1456 1707 1471 1722 ⁸
1507 1710 1524 1742 ι
1564 1690 1694 1742 Ἰού-

131 1779 207 1838 δα,
243 1779 300 1830 σὲ
339 1779 669 1831 αίνέσουσιν
695 1781 742 1831 oi
779 1781 985 1848 ἀδελφοί
1018 1797 1136 1832 σου·
1171 1782 1226 1832 αἱ
1255 1781 1427 1850 χεῖρές
1471 1797 1562 1832 σου
1603 1780 1694 1831 ἐπὶ

1004 392 1634 454 ΒΕΜΟΝδΤΒΑΤΙΟΝΙὸ
1672 395 2110 452 ΕνΑΝοΕιιοΑς
2149 393 2282 448 LIB.
2320 392 2454 448 VIII.

3217 393 3317 447 574

1991 515 2029 566 Α
2069 511 2266 567 Genesi.
2293 541 2360 550 ——
2389 509 2584 575 Quibus
2626 509 2928 576 temporibus
2969 508 3204 562 Christus
3249 511 3320 562 ad

1891 577 2098 636 io'mines
2143 581 2416 634 advenerit.
2451 577 2884 646 Quemadmodum
2911 578 3092 646 quibus
3127 587 3310 644 tempo-

1871 653 2010 704 ribus
2041 666 2247 718 regnum
2275 647 2408 715 apud
2444 645 2685 698 Hebraeos
2701 644 2954 764 defecerit,
2982 644 3164 698 iisdem
3197 663 3311 714 gen-

1873 721 1999 764 tium
2023 718 2234 764 instabit
2263 715 2570 764 exspectatio
2597 729 2614 764 :
2641 728 2738 764 auo
2795 730 2914 764 sane
2933 716 3086 764 etiam
3122 716 3311 764 factum

1873 721 1999 770 tium
2023 715 2234 771 instabit
2263 715 2570 783 exspectatio
2597 729 2614 765 :
2641 715 2774 783 quod
2795 730 2914 766 sane
2933 716 3086 766 etiam
3121 716 3312 782 factum

1867 795 1944 840 est
1981 789 2072 840 sub
2098 787 2262 854 ipsum
2288 782 2572 838 Saluatoris
2603 782 2766 835 nostri
2801 783 3091 839 adventum.

1871 1001 1894 1033 ο
1919 981 2140 1037 V'ocavit
2171 988 2346 1036 autem
2374 978 2538 1034 Jacob
2565 978 2703 1033 ﬁlios
2730 992 2860 1033 suos
2887 985 2939 1032 et
2965 977 3096 1031 dixit
3126 996 3140 1032 :
3171 977 3308 1033 Con.

1795 1069 2084 1138 gregamini
2122 1077 2180 1121 ut
2203 1068 2510 1122 annuntiem
2556 1067 2709 1121 vobis
2743 1067 2870 1136 quid
2904 1073 3212 1120 eventurum
3241 1066 3314 1120 sit

1795 1158 1948 1214 vobis
1980 1158 2034 1210 in
2062 1158 2249 1212 diebus
2291 1156 2600 1212 novissimis
2626 1175 2638 1209 :
2671 1155 3064 1225 eongregamini
3095 1161 3147 1208 et
3169 1153 3317 1208 audi-

1793 1256 1869 1311 te,
1895 1247 1987 1299 ﬁlii
2018 1245 2201 1308 Jacob,
2229 1247 2429 1311 audite,
2462 1245 2642 1312 lsrael,
2673 1255 2878 1315 patrem
2907 1255 3144 1301 vestrum
3191 1245 3254 1299 ’³.
3285 1263 3312 1296 r

1793 1335 1992 1390 Deinde
2038 1336 2128 1389 ubi
2155 1337 2420 1404 prioribus
2451 1335 2573 1391 ﬁliis
2619 1335 2721 1388 alia
2749 1334 2868 1389 aliis
2900 1334 3124 1388 crimina
3165 1333 3316 1402 obje-

1793 1423 1894 1486 cit,
1948 1429 2199 1492 tanquam
2228 1423 2294 1479 iis
2317 1423 2407 1493 qui
2433 1424 2501 1477 ob
2532 1438 2684 1478 suam
2713 1423 2950 1491 ipsorum
2989 1423 3216 1491 culpam,
3249 1435 3314 1476 eo

1793 1511 1933 1581 quod
1960 1527 2104 1566 nunc
2157 1513 2438 1567 dicendum
2471 1519 2553 1568 est
2573 1551 2588 1576 ,
2622 1513 2840 1566 oraculo
2880 1511 3083 1581 indigni
3111 1511 3322 1565 evasis-

1791 1613 1928 1664 sent,
1963 1609 2155 1671 quarto
2181 1617 2362 1657 eorum
2395 1612 2645 1670 tanquam
2675 1602 2723 1656 ei
2750 1601 2841 1670 qui
2867 1601 3100 1670 reliquos
3124 1599 3318 1655 fratres

1791 1692 2053 1761 probitate
2067 1693 2186 1745 vitae
2210 1691 2454 1753 anteiret,
2478 1690 2590 1743 haec
2621 1689 2798 1743 futura
2843 1688 3082 1756 prmdicit
3113 1707 3125 1740 :
3172 1707 3189 1738 ι
3225 1686 3318 1742 Ju—
3407 1701 3418 1712 '

1791 1781 1877 1843 da,
1904 1790 1955 1835 te
1980 1781 2267 1834 laudabunt
2284 1779 2470 1833 fratres
2491 1779 2565 1832 tui
2599 1797 2611 1831 :
2634 1793 2822 1831 manus
2842 1785 2945 1831 tua:
2975 1777 3028 1830 in
3055 1785 3203 1846 tergo
3232 1777 3317 1830 in-

131 1865 288 1917 νώτου
312 1864 424 1918 τῶν
466 1866 692 1936 ἐχθρῶν
725 1883 815 1920 σου
835 1885 849 1897 ⁸
875 1868 1295 1938 προσκυνήσουσί
1313 1884 1369 1920 σε
1395 1869 1442 1920 οἱ
1473 1869 1576 1920 υἱοὶ
1599 1867 1690 1920 τοῦ
1722 1864 1756 1889 ⁸³

1798 1870 2068 1925 imicorum
2113 1877 2371 1922 tuorum:
2439 1867 2735 1920 adorabunt
2769 1874 2822 1921 te
2867 1866 2958 1920 ﬁlii
3014 1866 3180 1935 patris
3212 1867 3309 1921 tui.

134 1955 328 2025 πατρὸς
363 1971 489 2006 σου.
526 1955 780 2024 Σκύμνος
809 1956 1034 2019 λέοντος,
1062 1957 1244 2020 Ἰούδα,
1258 1959 1319 2010 ἐκ
1348 1956 1590 2026 βλαστοῦ,
1610 1957 1690 2010 υἱέ

136 2060 248 2111 μου,
279 2044 492 2113 ἀνέϐης
514 2060 532 2074 ο
574 2044 858 2098 ἀναπεσὼν
890 2047 1180 2116 ἐκοιμήθης
1206 2047 1279 2109 ὼς
1321 2048 1452 2102 λέων
1497 2049 1588 2102 καὶ
1619 2049 1692 2112 ὡς

136 2130 378 2200 σκύμνος.
411 2129 522 2194 Τίς
581 2132 761 2202 ἐγερεί
801 2133 990 2198 ait-ro");
1022 2134 1118 2185 οὐκ
1164 2133 1393 2202 ἐκλείψει
1429 2135 1605 2206 ἄρχων
1635 2138 1692 2202 ἐξ

143 2217 323 2281 Ἰούδα,
355 2218 485 2271 οἶδὲ
529 2217 834 2288 ἡγούμενος
853 2221 916 2270 ἐκ
947 2219 1050 2270 τῶν
1079 2219 1260 2290 μηρῶν
1284 2221 1466 2284 αὐτοῦ,
1493 2222 1594 2284 ἕως
1629 2222 1692 2274 ἂν

134 2309 248 2378 ἔλθῃ
294 2308 364 2360 τὰ
416 2307 774 2375 ἀποκείμενα
836 2307 1013 2376 αύτῷ·
1056 2308 1148 2360 καὶ⁹
1203 2309 1360 2372 αὐτὸς
1407 2309 1692 2380 προσδοκία

132 2397 306 2451 ἐθνῶν.
347 2417 366 2447 ι
409 2397 629 2448 Σκόπει
662 2395 725 2465 δὴ
757 2396 966 2467 πρῶτον
994 2397 1111 2449 τίνα
1141 2396 1245 2467 ἄρα
1271 2399 1428 2466 φησὶν
1459 2394 1592 2452 εἶναι
1628 2400 1693 2453 τὰ

135 2488 461 2556 ἀποκείμενα
520 2485 709 2556 αὐτῷ·
745 2489 838 2539 καὶ
876 2487 978 2556 ὅρα
1007 2489 1054 2539 εί
1090 2487 1162 2557 μὴ
1195 2487 1328 2540 αὐτὰ
1371 2484 1459 2558 ἦν,
1507 2487 1543 2541 ἃ
1584 2491 1693 2550 τοῖς

133 2579 263 2645 αμφὶ
311 2577 405 2628 τὸν
443 2575 715 2645 Ἀϐραὰμ
757 2576 1088 2645 προπάτορσι
1113 2578 1236 2646 περὶ
1265 2577 1361 2646 τῆς
1389 2577 1496 2628 τῶν
1529 2577 1692 2631 ἐθνῶν

134 2668 362 2738 κλήσεως
387 2670 417 2720 6
444 2666 598 2728 Θεὸς
623 2665 897 2736 ἀνείρηκε,
926 2665 1202 2730 θεσπίσας.
1226 2668 1530 2738 Γέγραπται
1546 2672 1688 2740 γοῦν,

134 2756 200 2818 ὡς
225 2757 328 2826 ἄρα
360 2757 533 2808 εἶπεν
568 2757 596 2807 6
620 2755 751 2818 Θεὸς
775 2754 851 2824 τῷ
880 2755 1154 2825 Ἀϐραάμ’
1196 2775 1214 2807 ι
1259 2758 1364 2809 Καὶ
1397 2757 1496 2828 ἔσῃ
1549 2759 1690 2809 εὐλο-

135 2846 304 2917 γητὸς,
338 2847 436 2898 καὶ
463 2844 758 2914 εὐλογήσω
786 2844 908 2905 τοὺς
956 2844 1298 2910 εὐλογοῦντάς
1329 2861 1407 2907 σε,
1457 2841 1690 2905 καὶτοὺς

140 2937 567 3005 καταρωμένους
615 2949 675 2984 σε
707 2933 1112 3002 καταράσομαιο
1148 2933 1238 2985 καὶ
1269 2932 1693 3001 ἐνευλογήσονται

135 3028 184 3078 ὲν
251 3027 330 3079 σοὶ
407 3027 598 3078 πᾶσαι
651 3024 708 3076 αἱ
766 3023 925 3090 φυλαὶ
968 3023 1066 3092 τῆς
1141 3022 1260 3092 γῆς.
1314 3040 1332 3072 ι
1371 3022 1476 3074 Καὶ
1543 3015 1692 3082 αὖθις

140 3134 156 3165 ι
202 3116 449 3186 Ἀϐραὰμ
505 3115 594 3177 δὲ,
645 3131 664 3164 ι
719 3114 870 3182 φησὶ,
905 3131 922 3163 ι
959 3113 1232 3182 γινόμενος
1258 3112 1405 3166 ἔσται
1437 3113 1514 3174 είς
1547 3110 1692 3172 ἔθνος
1717 3153 1759 3211 C

138 3206 263 3274 μέγα
310 3207 406 3258 καὶ
449 3205 621 3269 πολὺ,
658 3204 752 3256 καὶ
790 3201 1218 3272 ἐνευλογήσονται
1251 3204 1306 3254 ἐν
1339 3200 1482 3270 αὐτῷ
1519 3201 1692 3254 πάντα

132 3299 192 3348 τὰ
221 3297 341 3368 gem
371 3298 476 3366 τῆς
511 3295 642 3364 γῆς.
671 3313 688 3345 ι
717 3292 795 3344 Τὰ
825 3293 983 3361 ὃμοια
1009 3291 1066 3342 δέ
1090 3291 1180 3343 καὶ
1207 3291 1283 3360 τῷ
1314 3290 1492 3342 Ἰσαὰκ
1515 3291 1542 3342 6
1562 3305 1692 3358 χρη-

136 3389 257 3457 σμὸς
302 3387 496 3440 τοῦτον
562 3386 799 3452 ὲκφωνεῖ
839 3383 929 3435 τὸν
978 3383 1199 3450 τρόπον·
1242 3400 1260 3432 ι
1301 3379 1407 3432 Καὶ
1449 3378 1692 3447 πληθυνῶ

133 3477 186 3527 τὸ
240 3478 466 3548 σπέρμα
541 3491 636 3526 σου
688 3473 763 3535 ὡς
814 3474 938 3536 τοὺς
1005 3472 1238 3540 ἀστέρας
1287 3467 1378 3520 τοῦ
1448 3465 1688 3538 ούρανοῦ,

135 3567 215 3618 καὶ
260 3565 718 3634 ἐνευλογήσονται
763 3563 819 3614 ἐν
859 3561 934 3630 τῷ
979 3559 1244 3629 σπέρματί
1293 3574 1384 3609 σου
1416 3557 1585 3609 πάντα
1625 3559 1693 3611 τὰ

132 3654 244 3723 ἑθνη
266 3655 364 3724 τῆς
400 3655 544 3724 γῆς.
591 3671 610 3702 ι
659 3652 778 3703 Ἔτι
820 3650 874 3702 δὲ
897 3650 988 3702 καὶ
1028 3647 1105 3716 τῷ
1144 3646 1330 3699 Ἰακὼϐ
1376 3645 1594 3698 τοιαῦτα
1628 3647 1690 3718 δὴ

135 3742 359 3813 εἴρηταιο
397 3761 417 3794 ι
465 3739 622 3808 Ἐγὼ
649 3739 848 3810 Κύριος
869 3742 898 3792 6
938 3738 1068 3799 Θεὸς
1099 3735 1342 3806 Ἀϐραὰμ
1377 3734 1466 3787 τοῦ
1495 3736 1692 3806 πατρός

135 3847 237 3891 σου,
262 3833 356 3883 καὶ
386 3835 417 3884 6
441 3829 589 3890 Θεὸς
630 3827 829 3879 Ἰσαάκ·
869 3826 940 3896 μὴ
976 3823 1160 3892 φοϐοῦ,
1198 3841 1216 3873 ι
1246 3823 1338 3874 καὶ
1376 3823 1516 3892 ἐξῆςο
1544 3839 1562 3872 ι
1601 3824 1692 3874 καὶ

135 3921 654 3992 ὲνευλογηθήσονται
694 3920 751 3970 ἐν
791 3917 872 3969 σοὶ
912 3917 1078 3968 πᾶσαι
1103 3916 1156 3966 αἱ
1195 3912 1355 3980 φυλαὶ
1380 3912 1478 3980 τῆς
1506 3913 1625 3982 γῆς.
1667 3932 1684 3963 ι

132 4011 228 4061 Καὶ
267 4011 463 4063 ἄλλοτε
512 4003 670 4059 εἶπεν
695 4004 840 4074 αύτῷ
873 4006 902 4057 6
940 4003 1096 4065 Θεός·
1136 4021 1155 4053 ι
1200 3999 1336 4068 Ἐγὼ
1372 4003 1400 4052 ὁ
1422 4001 1550 4062 Θεὸς
1577 4017 1687 4062 σου,

132 4099 348 4163 αὑξάνου
396 4099 503 4151 καὶ
542 4093 830 4165 πληθύνου·
879 4092 1002 4162 ἔθνη
1048 4092 1140 4143 καὶ
1185 4090 1483 4156 συναγωγαῖ⁸
1528 4087 1691 4141 ἐθνῶν

130 4189 500 4252 ἐξελεύσονται
541 4187 607 4238 ἐκ
636 4184 750 4247 σοῦ,
789 4184 879 4236 καὶ
917 4182 1148 4252 βασιλεῖς
1181 4181 1244 4232 ἐκ
1266 4179 1362 4248 τῆς
1385 4179 1575 4248 ὀσφύος
1600 4195 1688 4232 σου

131 4279 524 4340 ἐξελεύσονται.
568 4297 585 4329 ι
611 4274 887 4336 Τοσαύτας
934 4273 1060 4342 περὶ
1097 4272 1193 4342 τῆς
1219 4271 1324 4323 τῶν
1363 4270 1522 4322 ἐθνῶν
1565 4270 1691 4340 κλή-

131 4383 256 4431 σεως
286 4371 639 4440 προρρήσεις
666 4365 758 4418 τοῦ
785 4362 916 4415 Θεοῦ
948 4359 1376 4432 προμεμαθηκὼς
1401 4363 1430 4412 6
1473 4359 1684 4423 Ἰακὼϐ,

1787 1961 2008 2016 Catulus
2026 1960 2195 2014 leonis
2217 1957 2372 2018 Juda,
2397 1957 2462 2012 de
2493 1956 2749 2026 gemine,
2777 1955 2850 2008 ﬁli
2873 1956 2966 2019 mi,
2987 1955 3309 2020 ascendisti;

1788 2053 2102 2107 recumbens
2147 2047 2442 2104 dormivisti
2493 2054 2551 2100 ut
2599 2047 2681 2100 leo
2719 2054 2771 2099 et
2813 2055 2871 2098 ut
2901 2046 3127 2100 catulus.
3180 2045 3317 2110 Quis

1787 2141 2037 2196 excitabit
2069 2141 2245 2209 ipsum
2270 2138 2292 2189 ?
2321 2135 2432 2188 Non
2456 2135 2665 2189 deliciet
2687 2135 2934 2203 princeps
2955 2134 3019 2188 de
3034 2133 3189 2198 Juda,
3213 2148 3310 2188 ne~

1787 2245 1890 2300 que
1904 2231 2010 2282 dux
2039 2228 2105 2283 de
2131 2227 2418 2282 femoribus
2461 2227 2599 2296 ejus,
2628 2226 2795 2280 donec
2821 2223 3035 2277 veniant
3061 2237 3178 2292 quae
3208 2223 3312 2292 ipsi

1789 2319 2019 2387 reposita
2069 2325 2240 2371 sunt:
2291 2323 2343 2371 et
2391 2317 2504 2386 ipse
2549 2314 2874 2384 exspectatio
2921 2313 3153 2380 gentium
3181 2312 3248 2366 ”.
3285 2328 3308 2365 ι

1788 2406 2078 2461 Considera
2099 2444 2113 2468 ,
2149 2419 2347 2474 quaeso,
2380 2405 2608 2473 primum
2638 2416 2878 2473 quaenam
2914 2415 2976 2455 ea
3006 2415 3124 2455 esse
3171 2398 3314 2453 dicat

1788 2508 1902 2561 qua:
1919 2492 2020 2560 ipsi
2039 2492 2272 2560 reposita
2295 2501 2454 2556 sunt;
2487 2490 2673 2544 etvide
2688 2503 2815 2543 num
2857 2502 2919 2542 ea
2949 2487 3056 2542 sint
3103 2501 3219 2556 qua:
3244 2485 3312 2540 ad

1786 2581 2051 2635 Abraham
2076 2588 2128 2633 et
2155 2579 2219 2633 ad
2247 2588 2451 2634 veteres
2510 2579 2681 2633 eidem
2737 2577 2937 2632 similes
2997 2584 3196 2645 patres.
3246 2573 3314 2629 de

1787 2671 2062 2726 vocatione
2103 2670 2334 2738 gentium
2384 2669 2522 2723 Deus
2552 2669 2676 2722 olim
2708 2682 2907 2721 canens
2958 2665 3309 2735 responderit.

1790 2759 2056 2828 Scriptum
2096 2759 2258 2828 igitur
2289 2765 2392 2824 est,
2445 2755 2888 2828 quemadmodum
2941 2753 3007 2807 ad
3047 2752 3312 2806 Abraham

1789 2847 1925 2902 Deus
1950 2847 2180 2902 dixerit:
2230 2866 2247 2897 ι
2285 2846 2348 2899 Et
2387 2846 2495 2900 eris
2528 2845 2860 2908 benedictus,
2899 2852 2952 2898 et
3003 2842 3314 2896 benedicam

1787 2937 2222 2991 benedicentibus
2252 2937 2426 2995 tibi,ct
2462 2935 2901 2989 maledicentibus
2948 2933 3043 2985 tibi
3088 2931 3312 2984 maledi-

1789 3038 1924 3086 cam,
1951 3032 2003 3077 et
2023 3024 2402 3077 benedicentur
2439 3022 2492 3074 iu
2537 3028 2588 3077 te
2614 3034 2799 3074 omnes
2828 3018 2998 3072 tribus
3019 3026 3172 3071 terrae
3201 3015 3309 3084 '°.,’s

1789 3110 1853 3162 Et
1879 3126 2107 3165 rursus:
2156 3127 2174 3160 ι
2229 3108 2496 3162 Abraham
2550 3121 2701 3169 vero,
2751 3105 2942 3174 inquit,
2994 3101 3204 3155 futurus
3233 3108 3316 3155 est

1791 3201 1844 3252 in
1875 3207 2080 3268 gentem
2113 3212 2354 3266 magnam
2409 3203 2461 3248 et
2501 3195 2799 3254 multam,et
2832 3192 3215 3247 benedicentur
3259 3191 3315 3244 in

1789 3289 1904 3356 ipso
1944 3302 2129 3341 omnes
2162 3295 2344 3354 gentes
2377 3291 2530 3336 terra:
2551 3281 2614 3334 ³³.
2647 3300 2665 3332 ι
2708 3279 2810 3333 Sed
2841 3278 3001 3332 etiam
3034 3277 3133 3346 ipsi
3166 3277 3315 3330 lsaac

1789 3371 1980 3425 similia
2033 3371 2086 3422 in
2142 3370 2281 3422 hunc
2350 3365 2564 3420 modum
2621 3364 2910 3434 respondet
2973 3363 3248 3416 oraculum
3294 3380 3310 3416 :

1794 3478 1812 3510 ι
1857 3459 1920 3510 Et
1961 3458 2322 3526 multiplicabo
2374 3471 2554 3510 semen
2584 3464 2734 3508 tuum
2767 3456 2904 3509 sicut
2951 3455 3132 3508 stellas
3164 3453 3311 3516 caeli,

1787 3549 1942 3618 367
1965 3557 2018 3601 et
2045 3547 2422 3601 benedicentur
2453 3545 2506 3596 in
2535 3544 2736 3597 semine
2767 3550 2860 3595 tuo
2893 3557 3080 3595 omnes
3124 3550 3313 3610 gentes

1789 3641 2017 3695 terrae".
2058 3659 2076 3690 ι
2105 3639 2208 3708 Ipsi
2256 3639 2378 3692 item
2419 3635 2582 3688 Jacob
2613 3634 2738 3687 olim
2783 3633 2909 3684 talia
2949 3630 3090 3684 dicta
3133 3637 3258 3684 sunt
3295 3649 3310 3685 :

1794 3751 1811 3782 ι
1841 3730 1950 3801 Ego
1974 3729 2227 3784 Dominus
2258 3727 2392 3782 Deus
2437 3725 2705 3779 Abraham
2746 3723 2916 3792 patris
2964 3721 3064 3784 tui,
3094 3730 3146 3774 et
3176 3719 3313 3774 Deus

1787 3820 1935 3876 Isaac
1962 3836 1975 3873 :
2005 3834 2070 3872 ne
2102 3819 2285 3872 timeas
2305 3817 2366 3879 ³³,
2407 3835 2424 3866 ι
2460 3822 2510 3869 et
2536 3821 2746 3877 caetera,
2796 3831 2814 3861 ι
2855 3819 2908 3865 et
2936 3809 3314 3864 benedicentur

1788 3911 1842 3963 in
1891 3917 1944 3964 te
1985 3923 2170 3963 omnes
2219 3907 2390 3960 tribus
2440 3912 2594 3959 terrae
2613 3904 2677 3957 “.
2717 3921 2735 3953 ›
2784 3901 2849 3954 Et
2887 3901 3018 3954 alias
3062 3899 3197 3952 dixit
3246 3897 3311 3950 ad

1787 4001 1960 4070 ipsum
1998 3998 2138 4054 Deus
2171 4013 2183 4048 :
2219 4016 2236 4047 ι
2267 3995 2376 4065 Ego
2405 3994 2544 4048 Deus
2578 4004 2722 4056 tuus,
2761 4006 2942 4045 cresce
2974 3999 3026 4044 et
3056 3987 3313 4056 multipli-

1787 4104 1930 4153 care,
1962 4095 2145 4158 gentes
2163 4094 2214 4140 et
2243 4084 2679 4154 congregationes
2711 4080 2946 4149 gentium
2976 4077 3314 4146 egredientur

1788 4180 1853 4234 de
1881 4188 1950 4244 te,
1973 4187 2026 4233 et
2058 4193 2210 4248 reges
2239 4176 2303 4229 de
2333 4174 2527 4227 lumbis
2549 4173 2656 4226 tuis
2671 4170 3007 4240 egredientur
3030 4168 3093 4221 ³⁸.
3131 4184 3149 4216 ι
3178 4166 3312 4217 Cum

1789 4277 1895 4325 tam
1951 4268 2117 4322 multa
2162 4267 2226 4320 de
2276 4263 2554 4318 vocatione
2602 4261 2836 4330 gentium
2889 4256 3102 4311 oracula
3147 4251 3314 4306 Jacob

1791 4367 1947 4413 antea
1980 4358 2322 4426 percepisset,
2357 4361 2409 4408 et
2438 4355 2632 4408 liberos
2677 4364 2852 4403 mares
2892 4345 3171 4399 duodecim
3213 4357 3314 4394 nu-

129 4439 344 4510 τιαίδων
366 4439 532 4527 αὐτῷ
583 4456 674 4508 τὸν
725 4453 952 4524 ἀριθμὸν
999 4452 1394 4520 γεγεννημένων
1438 4450 1686 4513 δεκαδύο,
1719 4466 1756 4519 ι]

1798 4466 1940 4504 inero
1976 4452 2269 4518 genuisset,
2321 4445 2571 4498 omnibus
2610 4441 2718 4494 illis
2767 4445 3013 4492 extremo
3045 4449 3142 4487 suo
3188 4439 3314 4484 tem-

129 4545 256 4613 πρὸς
279 4549 347 4616 τῇ
372 4546 612 4614 τελευτῇ
644 4541 978 4610 συγκαλέσας
1000 4540 1122 4601 τοὺς
1152 4539 1373 4601 πάντας,
1413 4539 1690 4608 περιεσκό-

131 4650 235 4696 πει,
259 4636 319 4700 ea
363 4636 566 4688 ὁποίου
594 4633 701 4704 ἄρα
747 4631 922 4684 αὐτῶν
959 4631 1056 4699 τῆς
1091 4629 1329 4699 διαδοχῆς
1363 4629 1429 4681 τὰ
1474 4629 1577 4682 τῶν
1599 4630 1689 4681 τοῦ

131 4723 256 4777 Θεοῦ
293 4727 667 4797 προρρήσεων
695 4721 789 4774 ἐπὶ
818 4721 968 4782 τέλος
1006 4718 1139 4788 ἥξει.
1169 4715 1280 4770 Εἶτ’
1317 4718 1516 4781 ἐπιθεὶς
1553 4721 1693 4789 τρισὶ

136 4815 226 4879 μὲν
252 4820 366 4877 τοῖς
409 4813 653 4884 πρώτοις
699 4809 849 4879 αὐτῷ
893 4808 1198 4876 γενομένοις
1242 4808 1422 4862 παισὶν
1452 4807 1695 4878 ἐλέγχους

134 4897 205 4956 ὧν
224 4904 686 4976 ἐπλημμέλησαν,
708 4900 956 4970 ἐπιφέρει
978 4899 1252 4961 διδάσκων,
1284 4900 1364 4951 ὅτι
1393 4899 1497 4952 τῶν
1517 4898 1692 4952 τετολ-

140 4995 391 5062 μημένων
423 4995 612 5056 αὐτοῖς
650 4993 814 5044 ἕνεκα
841 4991 901 5042 οὐ
943 4989 1008 5041 δι’
1032 4989 1202 5041 αὐτῶν
1226 4989 1690 5060 ἐκπληρωθήσεται

134 5082 199 5134 τὰ
216 5083 322 5135 τῶν
343 5085 708 5155 προρρήσεων
729 5078 1136 5147 ἀποτελέσματα
1155 5095 1170 5110 ·
1200 5079 1290 5130 ἐπὶ
1314 5078 1368 5130 δὲ
1387 5079 1476 5130 τὸν
1510 5079 1693 5150 τέταρ-

137 5186 222 5221 τον
244 5172 420 5225 ἐλθὼν
443 5173 543 5224 τὸν
571 5172 787 5233 Ἰούδαν,
813 5168 950 5239 ὁμοῦ
988 5168 1076 5220 τὸν
1106 5169 1346 5237 φήσαντα
1383 5167 1524 5237 αὐτῷ
1563 5187 1692 5239 χρη-

142 5261 291 5329 σμὸν,
317 5279 337 5312 ι
379 5261 633 5325 Βασιλετς
667 5263 731 5313 ἐκ
748 5256 1056 5329 τῆςὸσφύος
1071 5257 1226 5309 αὑτοῦ
1257 5257 1629 5321 ἐξελεύσονται,
1664 5279 1683 5311 ι

144 5350 221 5402 διὰ
258 5352 360 5420 τῆς
401 5351 596 5404 τούτου
643 5350 893 5418 διαδοχῆς
926 5347 1074 5408 τέλος
1119 5346 1372 5414 λήψεσθαι
1419 5347 1683 5412 θεσπίζει·

145 5441 401 5511 πρόδηλον
429 5443 545 5512 γὰρ
586 5444 660 5504 ὡς
705 5443 769 5492 ἐκ
796 5439 896 5508 τῆς
930 5435 1091 5488 Ἰούδα
1127 5436 1290 5504 φυλῆς
1325 5437 1384 5488 τὸ
1426 5436 1688 5505 βασιλικὸν

212 5633 253 5662 ³⁸
289 5633 425 5686 Gen.
466 5649 627 5690 ms.
670 5633 722 5682 1.
833 5628 876 5657 ¹⁹
919 5627 1046 5680 ibid.
1080 5628 1226 5679 8-10.

161 5713 332 5764 xxvru,
365 5704 449 5755 13.
519 5703 571 5764 ,⁵⁵
609 5697 743 5754 ibid.
789 5695 866 5746 Η.
949 5695 989 5723 ³⁵
1033 5696 1159 5750 Gen.
1199 5712 1368 5751 xxxv.
1407 5697 1487 5750 ll.

497 5763 526 5773 .-

1332 5627 1375 5657 ³⁰
1415 5629 1542 5685 (ζου.
1580 5648 1682 5696 xu,
1717 5635 1766 5686 5.

1789 4557 1916 4612 pore
1941 4540 2269 4601 convocatis,
2303 4533 2786 4602 circumspiciebat,
2815 4531 2880 4582 de
2908 4525 3061 4594 cujus
3101 4523 3312 4576 illorum

1787 4630 2162 4700 propagatione
2181 4628 2360 4681 divina
2397 4623 2614 4678 oracula
2643 4620 2797 4672 ﬁnem
2829 4630 2984 4671 suum
3013 4620 3190 4668 essent
3226 4623 3314 4661 ac-

1794 4732 2039 4789 ceptura;
2071 4718 2261 4772 deinde
2291 4731 2410 4770 cum
2443 4715 2614 4767 tribus
2644 4708 2829 4780 primis
2853 4705 3077 4759 crimina
3100 4701 3313 4771 propria

1793 4810 2097 4880 objecisset,
2132 4809 2314 4862 docuit
2343 4807 2592 4872 deinceps
2623 4794 3069 4871 quemadmodum
3099 4796 3312 4860 propter

1795 4899 2014 4961 scelera,
2050 4912 2167 4965 quae
2203 4897 2304 4965 ipsi
2351 4895 2468 4949 ausi
2500 4893 2731 4951 fuerant,
2772 4901 2878 4939 non
2911 4885 2965 4937 in
3006 4881 3136 4950 ipsis
3165 4893 3312 4933 com-

1793 4989 1981 5058 plenda
2031 4995 2230 5050 essent,
2269 5001 2386 5054 qua:
2437 5001 2490 5037 tn
2534 4981 2796 5050 prioribus
2849 4974 3079 5028 oraculis
3125 4976 3311 5025 eventa

1792 5076 2214 5132 continebantur.
2257 5075 2389 5128 Cum
2437 5081 2610 5124 autem
2659 5067 2890 5120 venisset
2937 5062 3002 5115 ad
3039 5067 3310 5129 quartum,

1791 5167 1880 5236 qui
1905 5163 2070 5218 ludas
2098 5163 2220 5229 fuit,
2246 5171 2354 5214 tum
2387 5175 2514 5213 vero
2541 5155 2818 5210 oraculum
2862 5151 3002 5220 quod
3040 5148 3142 5218 ipsi
3182 5147 3309 5201 olim

1790 5270 2104 5325 responsum
2129 5255 2348 5315 fueram
2381 5249 2549 5318 Reges
2563 5248 2630 5302 de
2657 5245 2851 5300 lumbis
2881 5241 3000 5310 ejus
3023 5236 3304 5309 egredien-

1788 5354 1897 5408 tur,
1929 5364 1948 5396 ι
1979 5361 2043 5399 ex
2071 5343 2230 5412 hujus
2251 5341 2564 5410 posteritate
2595 5351 2748 5391 suum
2778 5333 2932 5386 linem
2963 5335 3308 5396 accepturum

1791 5436 2097 5505 planissime
2142 5431 2372 5488 cecinit:
2415 5437 2630 5484 constat
2675 5425 2818 5481 enim
2863 5415 3308 5491 quemadmodum

1873 5635 1911 5663 ³¹
1953 5631 2081 5685 Gen.
2117 5645 2278 5692 mn,
2333 5628 2414 5682 18.
2522 5630 2562 5659 ³¹
2603 5628 2732 5680 Gen.
2773 5636 2928 5684 κινι,
2963 5619 3013 5672 4-
3088 5615 3132 5646 ³³
3166 5610 3297 5666 Ge"-
