  <div class='ocr_page' id='page_1' title='image "/cluster/home/n/w/nwhite01/storage/ocr_20150623/22 (Eusebius; pt. 4)/nyp.33433081862355/313.png"; bbox 0 0 3740 6330; ppageno 0'>
   <div class='ocr_carea' id='block_1_1' title="bbox 500 362 604 418">
    <p class='ocr_par' dir='ltr' id='par_1_1' title="bbox 500 362 604 418">
     <span class='ocr_line' id='line_1_1' title="bbox 500 362 604 418; baseline -0.019 0"><span class='ocrx_word' id='word_1_1' title='bbox 500 362 604 418; x_wconf 77' lang='lat'><strong>575</strong></span> 
     </span>
    </p>
   </div>
   <div class='ocr_carea' id='block_1_2' title="bbox 1144 327 3598 433">
    <p class='ocr_par' dir='ltr' id='par_1_2' title="bbox 1144 327 3598 433">
     <span class='ocr_line' id='line_1_2' title="bbox 1144 327 3598 433; baseline 0.006 -15"><span class='ocrx_word' id='word_1_2' title='bbox 1144 363 1407 422; x_wconf 81' lang='lat' dir='ltr'><strong>EUSEBII</strong></span> <span class='ocrx_word' id='word_1_3' title='bbox 1443 367 1910 424; x_wconf 54' lang='lat' dir='ltr'><strong>casamessxs</strong></span> <span class='ocrx_word' id='word_1_4' title='bbox 1936 367 2084 423; x_wconf 72' lang='lat' dir='ltr'><strong>ore.</strong></span> <span class='ocrx_word' id='word_1_5' title='bbox 2126 367 2303 424; x_wconf 51' lang='lat' dir='ltr'><strong>rans</strong></span> <span class='ocrx_word' id='word_1_6' title='bbox 2338 367 2401 424; x_wconf 86' lang='lat' dir='ltr'><strong>ll.</strong></span> <span class='ocrx_word' id='word_1_7' title='bbox 2419 400 2488 410; x_wconf 86' lang='grc'><strong><em>-</em></strong></span> <span class='ocrx_word' id='word_1_8' title='bbox 2505 327 2992 429; x_wconf 52' lang='lat' dir='ltr'><strong>aromatum.</strong></span> <span class='ocrx_word' id='word_1_9' title='bbox 3516 375 3598 433; x_wconf 71' lang='lat' dir='ltr'><strong>an</strong></span> 
     </span>
    </p>
   </div>
   <div class='ocr_carea' id='block_1_3' title="bbox 499 470 2000 556">
    <p class='ocr_par' dir='ltr' id='par_1_3' title="bbox 499 470 2000 546">
     <span class='ocr_line' id='line_1_3' title="bbox 499 470 2000 546; baseline 0.004 -19"><span class='ocrx_word' id='word_1_10' title='bbox 499 473 566 528; x_wconf 89' lang='lat' dir='ltr'><strong>de</strong></span> <span class='ocrx_word' id='word_1_11' title='bbox 596 474 737 527; x_wconf 89' lang='lat' dir='ltr'><strong>tribu</strong></span> <span class='ocrx_word' id='word_1_12' title='bbox 763 470 899 526; x_wconf 85' lang='lat' dir='ltr'><strong>Juda</strong></span> <span class='ocrx_word' id='word_1_13' title='bbox 926 473 1131 543; x_wconf 89' lang='lat' dir='ltr'><strong>regium</strong></span> <span class='ocrx_word' id='word_1_14' title='bbox 1157 491 1325 546; x_wconf 87' lang='lat' dir='ltr'><strong>genus</strong></span> <span class='ocrx_word' id='word_1_15' title='bbox 1354 480 1638 542; x_wconf 73' lang='lat' dir='ltr'><strong>exstiterit,</strong></span> <span class='ocrx_word' id='word_1_16' title='bbox 1666 490 1720 535; x_wconf 88' lang='lat' dir='ltr'><strong>et</strong></span> <span class='ocrx_word' id='word_1_17' title='bbox 1743 480 1904 535; x_wconf 84' lang='lat' dir='ltr'><strong>simul</strong></span> <span class='ocrx_word' id='word_1_18' title='bbox 1934 479 2000 533; x_wconf 88' lang='lat' dir='ltr'><strong>De</strong></span> 
     </span>
    </p>
   </div>
   <div class='ocr_carea' id='block_1_4' title="bbox 2100 470 3599 556">
    <p class='ocr_par' dir='ltr' id='par_1_4' title="bbox 2127 480 3599 556">
     <span class='ocr_line' id='line_1_4' title="bbox 2127 480 3599 556; baseline 0.005 -25"><span class='ocrx_word' id='word_1_19' title='bbox 2127 480 2350 550; x_wconf 82' lang='grc' dir='ltr'><strong>συνέστη</strong></span> <span class='ocrx_word' id='word_1_20' title='bbox 2385 480 2569 549; x_wconf 73' lang='grc' dir='ltr'>γένος’</span> <span class='ocrx_word' id='word_1_21' title='bbox 2608 483 2738 552; x_wconf 72' lang='grc' dir='ltr'>ὁμοῦ</span> <span class='ocrx_word' id='word_1_22' title='bbox 2781 485 2874 537; x_wconf 77' lang='grc' dir='ltr'>καὶ</span> <span class='ocrx_word' id='word_1_23' title='bbox 2903 483 3002 547; x_wconf 83' lang='grc' dir='ltr'><strong>τάς</strong></span> <span class='ocrx_word' id='word_1_24' title='bbox 3026 482 3117 536; x_wconf 80' lang='grc' dir='ltr'><strong>τοῦ</strong></span> <span class='ocrx_word' id='word_1_25' title='bbox 3158 482 3287 535; x_wconf 85' lang='grc' dir='ltr'><strong>Θεοῦ</strong></span> <span class='ocrx_word' id='word_1_26' title='bbox 3324 485 3599 556; x_wconf 72' lang='grc' dir='ltr'>προρρήσεις</span> 
     </span>
    </p>
   </div>
   <div class='ocr_carea' id='block_1_5' title="bbox 501 563 2027 639">
    <p class='ocr_par' dir='ltr' id='par_1_5' title="bbox 501 563 2027 639">
     <span class='ocr_line' id='line_1_5' title="bbox 501 563 2027 639; baseline 0.006 -25"><span class='ocrx_word' id='word_1_27' title='bbox 501 574 753 629; x_wconf 84' lang='lat' dir='ltr'><strong>responsa</strong></span> <span class='ocrx_word' id='word_1_28' title='bbox 804 563 1145 634; x_wconf 79' lang='lat' dir='ltr'><strong>gentiumque</strong></span> <span class='ocrx_word' id='word_1_29' title='bbox 1191 568 1457 635; x_wconf 87' lang='lat' dir='ltr'><strong>promissa</strong></span> <span class='ocrx_word' id='word_1_30' title='bbox 1512 570 1709 639; x_wconf 86' lang='lat' dir='ltr'><strong>quibus</strong></span> <span class='ocrx_word' id='word_1_31' title='bbox 1762 570 2027 624; x_wconf 83' lang='lat' dir='ltr'><strong>instarent</strong></span> 
     </span>
    </p>
   </div>
   <div class='ocr_carea' id='block_1_6' title="bbox 498 650 2027 728">
    <p class='ocr_par' dir='ltr' id='par_1_6' title="bbox 498 650 2027 728">
     <span class='ocr_line' id='line_1_6' title="bbox 498 650 2027 728; baseline 0.008 -26"><span class='ocrx_word' id='word_1_32' title='bbox 498 650 845 717; x_wconf 75' lang='lat' dir='ltr'><strong>temporibus,</strong></span> <span class='ocrx_word' id='word_1_33' title='bbox 869 654 1117 707; x_wconf 89' lang='lat' dir='ltr'><strong>ostendit.</strong></span> <span class='ocrx_word' id='word_1_34' title='bbox 1152 655 1323 725; x_wconf 87' lang='lat' dir='ltr'><strong>Atque</strong></span> <span class='ocrx_word' id='word_1_35' title='bbox 1348 673 1414 711; x_wconf 84' lang='lat' dir='ltr'><strong>ex</strong></span> <span class='ocrx_word' id='word_1_36' title='bbox 1445 673 1508 713; x_wconf 92' lang='lat' dir='ltr'><strong>eo</strong></span> <span class='ocrx_word' id='word_1_37' title='bbox 1543 660 1878 728; x_wconf 85' lang='lat' dir='ltr'><strong>proditurum</strong></span> <span class='ocrx_word' id='word_1_38' title='bbox 1908 674 2027 714; x_wconf 91' lang='lat' dir='ltr'><strong>esse</strong></span> 
     </span>
    </p>
   </div>
   <div class='ocr_carea' id='block_1_7' title="bbox 492 739 2027 818">
    <p class='ocr_par' dir='ltr' id='par_1_7' title="bbox 492 739 2027 818">
     <span class='ocr_line' id='line_1_7' title="bbox 492 739 2027 818; baseline 0.008 -27"><span class='ocrx_word' id='word_1_39' title='bbox 492 739 677 793; x_wconf 84' lang='lat' dir='ltr'><strong>docuit</strong></span> <span class='ocrx_word' id='word_1_40' title='bbox 700 756 842 806; x_wconf 91' lang='lat' dir='ltr'><strong>eum,</strong></span> <span class='ocrx_word' id='word_1_41' title='bbox 877 744 968 811; x_wconf 86' lang='lat' dir='ltr'><strong>qui</strong></span> <span class='ocrx_word' id='word_1_42' title='bbox 1000 753 1140 799; x_wconf 89' lang='lat' dir='ltr'><strong>esset</strong></span> <span class='ocrx_word' id='word_1_43' title='bbox 1172 747 1415 801; x_wconf 89' lang='lat' dir='ltr'><strong>omnibus</strong></span> <span class='ocrx_word' id='word_1_44' title='bbox 1439 750 1687 817; x_wconf 79' lang='lat' dir='ltr'><strong>gentibus</strong></span> <span class='ocrx_word' id='word_1_45' title='bbox 1712 749 2027 818; x_wconf 85' lang='lat' dir='ltr'><strong>cunctisque</strong></span> 
     </span>
    </p>
   </div>
   <div class='ocr_carea' id='block_1_8' title="bbox 498 830 2026 903">
    <p class='ocr_par' dir='ltr' id='par_1_8' title="bbox 498 830 2026 903">
     <span class='ocr_line' id='line_1_8' title="bbox 498 830 2026 903; baseline 0.009 -22"><span class='ocrx_word' id='word_1_46' title='bbox 498 830 741 884; x_wconf 88' lang='lat' dir='ltr'><strong>tribubus</strong></span> <span class='ocrx_word' id='word_1_47' title='bbox 768 841 922 885; x_wconf 59' lang='lat' dir='ltr'><strong>terra</strong></span> <span class='ocrx_word' id='word_1_48' title='bbox 950 834 1138 887; x_wconf 90' lang='lat' dir='ltr'><strong>similis</strong></span> <span class='ocrx_word' id='word_1_49' title='bbox 1184 835 1286 903; x_wconf 88' lang='lat' dir='ltr'><strong>ipsi</strong></span> <span class='ocrx_word' id='word_1_50' title='bbox 1328 836 1596 890; x_wconf 81' lang='lat' dir='ltr'><strong>Abraham</strong></span> <span class='ocrx_word' id='word_1_51' title='bbox 1636 839 2026 894; x_wconf 82' lang='lat' dir='ltr'><strong>benedictionis</strong></span> 
     </span>
    </p>
   </div>
   <div class='ocr_carea' id='block_1_9' title="bbox 498 918 2027 998">
    <p class='ocr_par' dir='ltr' id='par_1_9' title="bbox 498 918 2027 998">
     <span class='ocr_line' id='line_1_9' title="bbox 498 918 2027 998; baseline 0.008 -28"><span class='ocrx_word' id='word_1_52' title='bbox 498 929 684 971; x_wconf 81' lang='lat' dir='ltr'><strong>auctor</strong></span> <span class='ocrx_word' id='word_1_53' title='bbox 726 918 961 976; x_wconf 87' lang='lat' dir='ltr'><strong>futurus.</strong></span> <span class='ocrx_word' id='word_1_54' title='bbox 993 921 1115 976; x_wconf 69' lang='lat' dir='ltr'><strong>Haec</strong></span> <span class='ocrx_word' id='word_1_55' title='bbox 1155 924 1318 993; x_wconf 91' lang='lat' dir='ltr'><strong>igitur</strong></span> <span class='ocrx_word' id='word_1_56' title='bbox 1361 925 1610 981; x_wconf 87' lang='lat' dir='ltr'><strong>universa</strong></span> <span class='ocrx_word' id='word_1_57' title='bbox 1649 926 1864 983; x_wconf 89' lang='lat' dir='ltr'><strong>fuerunt</strong></span> <span class='ocrx_word' id='word_1_58' title='bbox 1910 944 2027 998; x_wconf 65' lang='lat' dir='ltr'><strong>quae</strong></span> 
     </span>
    </p>
   </div>
   <div class='ocr_carea' id='block_1_10' title="bbox 494 1006 2025 1088">
    <p class='ocr_par' dir='ltr' id='par_1_10' title="bbox 494 1006 2025 1088">
     <span class='ocr_line' id='line_1_10' title="bbox 494 1006 2025 1088; baseline 0.01 -29"><span class='ocrx_word' id='word_1_59' title='bbox 494 1006 593 1075; x_wconf 86' lang='lat' dir='ltr'><strong>ipsi</strong></span> <span class='ocrx_word' id='word_1_60' title='bbox 630 1006 765 1061; x_wconf 82' lang='lat' dir='ltr'><strong>Juda</strong></span> <span class='ocrx_word' id='word_1_61' title='bbox 806 1012 1037 1077; x_wconf 90' lang='lat' dir='ltr'><strong>reposita</strong></span> <span class='ocrx_word' id='word_1_62' title='bbox 1067 1019 1238 1076; x_wconf 88' lang='lat' dir='ltr'><strong>erant,</strong></span> <span class='ocrx_word' id='word_1_63' title='bbox 1271 1026 1334 1067; x_wconf 91' lang='lat' dir='ltr'><strong>ea</strong></span> <span class='ocrx_word' id='word_1_64' title='bbox 1376 1013 1621 1070; x_wconf 89' lang='lat' dir='ltr'><strong>videlicet</strong></span> <span class='ocrx_word' id='word_1_65' title='bbox 1642 1032 1760 1086; x_wconf 64' lang='lat' dir='ltr'><strong>quae</strong></span> <span class='ocrx_word' id='word_1_66' title='bbox 1805 1018 1871 1072; x_wconf 90' lang='lat' dir='ltr'><strong>de</strong></span> <span class='ocrx_word' id='word_1_67' title='bbox 1894 1019 2025 1088; x_wconf 91' lang='lat' dir='ltr'><strong>ipsis</strong></span> 
     </span>
    </p>
   </div>
   <div class='ocr_carea' id='block_1_11' title="bbox 491 1098 2023 1178">
    <p class='ocr_par' dir='ltr' id='par_1_11' title="bbox 491 1098 2023 1178">
     <span class='ocr_line' id='line_1_11' title="bbox 491 1098 2023 1178; baseline 0.008 -26"><span class='ocrx_word' id='word_1_68' title='bbox 491 1098 739 1165; x_wconf 73' lang='lat' dir='ltr'><strong>gentibus</strong></span> <span class='ocrx_word' id='word_1_69' title='bbox 767 1099 893 1152; x_wconf 87' lang='lat' dir='ltr'><strong>olim</strong></span> <span class='ocrx_word' id='word_1_70' title='bbox 936 1115 1192 1169; x_wconf 87' lang='lat' dir='ltr'><strong>responsa</strong></span> <span class='ocrx_word' id='word_1_71' title='bbox 1234 1099 1446 1156; x_wconf 83' lang='lat' dir='ltr'><strong>fuerant</strong></span> <span class='ocrx_word' id='word_1_72' title='bbox 1474 1122 1487 1158; x_wconf 90' lang='lat'><strong>:</strong></span> <span class='ocrx_word' id='word_1_73' title='bbox 1512 1112 1566 1159; x_wconf 90' lang='lat' dir='ltr'><strong>et</strong></span> <span class='ocrx_word' id='word_1_74' title='bbox 1605 1106 1760 1170; x_wconf 91' lang='lat' dir='ltr'><strong>illud,</strong></span> <span class='ocrx_word' id='word_1_75' title='bbox 1799 1126 1818 1158; x_wconf 76' lang='grc' dir='ltr'><strong>ι</strong></span> <span class='ocrx_word' id='word_1_76' title='bbox 1851 1107 2023 1178; x_wconf 80' lang='lat' dir='ltr'><strong>Reges</strong></span> 
     </span>
    </p>
   </div>
   <div class='ocr_carea' id='block_1_12' title="bbox 492 1185 2023 1266">
    <p class='ocr_par' dir='ltr' id='par_1_12' title="bbox 492 1185 2023 1266">
     <span class='ocr_line' id='line_1_12' title="bbox 492 1185 2023 1266; baseline 0.009 -28"><span class='ocrx_word' id='word_1_77' title='bbox 492 1185 560 1239; x_wconf 90' lang='lat' dir='ltr'><strong>de</strong></span> <span class='ocrx_word' id='word_1_78' title='bbox 586 1186 782 1242; x_wconf 88' lang='lat' dir='ltr'><strong>lumbis</strong></span> <span class='ocrx_word' id='word_1_79' title='bbox 827 1188 933 1242; x_wconf 90' lang='lat' dir='ltr'><strong>tuis</strong></span> <span class='ocrx_word' id='word_1_80' title='bbox 978 1189 1334 1257; x_wconf 84' lang='lat' dir='ltr'><strong>egredientur,</strong></span> <span class='ocrx_word' id='word_1_81' title='bbox 1373 1210 1392 1244; x_wconf 77' lang='grc' dir='ltr'><strong>ι</strong></span> <span class='ocrx_word' id='word_1_82' title='bbox 1431 1209 1598 1263; x_wconf 89' lang='lat' dir='ltr'><strong>quare</strong></span> <span class='ocrx_word' id='word_1_83' title='bbox 1618 1196 1775 1251; x_wconf 88' lang='lat' dir='ltr'><strong>etiam</strong></span> <span class='ocrx_word' id='word_1_84' title='bbox 1803 1197 2023 1266; x_wconf 87' lang='lat' dir='ltr'><strong>reliquis</strong></span> 
     </span>
    </p>
   </div>
   <div class='ocr_carea' id='block_1_13' title="bbox 493 1272 2023 1357">
    <p class='ocr_par' dir='ltr' id='par_1_13' title="bbox 493 1272 2023 1357">
     <span class='ocr_line' id='line_1_13' title="bbox 493 1272 2023 1357; baseline 0.01 -32"><span class='ocrx_word' id='word_1_85' title='bbox 493 1272 747 1332; x_wconf 79' lang='lat' dir='ltr'><strong>fratribus</strong></span> <span class='ocrx_word' id='word_1_86' title='bbox 802 1280 1136 1346; x_wconf 86' lang='lat' dir='ltr'><strong>antepositus</strong></span> <span class='ocrx_word' id='word_1_87' title='bbox 1189 1282 1388 1351; x_wconf 80' lang='lat' dir='ltr'><strong>regiam</strong></span> <span class='ocrx_word' id='word_1_88' title='bbox 1452 1284 1656 1354; x_wconf 84' lang='lat' dir='ltr'><strong>ipsam,</strong></span> <span class='ocrx_word' id='word_1_89' title='bbox 1707 1288 2023 1357; x_wconf 67' lang='lat' dir='ltr'><strong>caaterisque</strong></span> 
     </span>
    </p>
   </div>
   <div class='ocr_carea' id='block_1_14' title="bbox 491 1364 2019 1432">
    <p class='ocr_par' dir='ltr' id='par_1_14' title="bbox 491 1364 2019 1432">
     <span class='ocr_line' id='line_1_14' title="bbox 491 1364 2019 1432; baseline 0.01 -16"><span class='ocrx_word' id='word_1_90' title='bbox 491 1364 830 1421; x_wconf 80' lang='lat' dir='ltr'><strong>illustriorem</strong></span> <span class='ocrx_word' id='word_1_91' title='bbox 867 1369 1062 1423; x_wconf 86' lang='lat' dir='ltr'><strong>tribum</strong></span> <span class='ocrx_word' id='word_1_92' title='bbox 1092 1371 1314 1427; x_wconf 87' lang='lat' dir='ltr'><strong>sortitus</strong></span> <span class='ocrx_word' id='word_1_93' title='bbox 1359 1380 1462 1427; x_wconf 90' lang='lat' dir='ltr'><strong>est.</strong></span> <span class='ocrx_word' id='word_1_94' title='bbox 1505 1375 1772 1430; x_wconf 86' lang='lat' dir='ltr'><strong>Continuo</strong></span> <span class='ocrx_word' id='word_1_95' title='bbox 1794 1378 1936 1432; x_wconf 87' lang='lat' dir='ltr'><strong>enim</strong></span> <span class='ocrx_word' id='word_1_96' title='bbox 1967 1381 2019 1432; x_wconf 92' lang='lat' dir='ltr'><strong>in</strong></span> 
     </span>
    </p>
   </div>
   <div class='ocr_carea' id='block_1_15' title="bbox 492 1457 2020 1536">
    <p class='ocr_par' dir='ltr' id='par_1_15' title="bbox 492 1457 2020 1536">
     <span class='ocr_line' id='line_1_15' title="bbox 492 1457 2020 1536; baseline 0.012 -32"><span class='ocrx_word' id='word_1_97' title='bbox 492 1457 657 1510; x_wconf 86' lang='lat' dir='ltr'><strong>totius</strong></span> <span class='ocrx_word' id='word_1_98' title='bbox 686 1458 867 1527; x_wconf 89' lang='lat' dir='ltr'><strong>populi</strong></span> <span class='ocrx_word' id='word_1_99' title='bbox 908 1459 1247 1516; x_wconf 84' lang='lat' dir='ltr'><strong>ordinatione</strong></span> <span class='ocrx_word' id='word_1_100' title='bbox 1279 1462 1448 1531; x_wconf 89' lang='lat' dir='ltr'><strong>ipsius</strong></span> <span class='ocrx_word' id='word_1_101' title='bbox 1485 1463 1646 1519; x_wconf 82' lang='lat' dir='ltr'><strong>Mosis</strong></span> <span class='ocrx_word' id='word_1_102' title='bbox 1686 1468 2020 1536; x_wconf 88' lang='lat' dir='ltr'><strong>temporibus</strong></span> 
     </span>
    </p>
   </div>
   <div class='ocr_carea' id='block_1_16' title="bbox 490 1542 2021 1620">
    <p class='ocr_par' dir='ltr' id='par_1_16' title="bbox 490 1542 2021 1620">
     <span class='ocr_line' id='line_1_16' title="bbox 490 1542 2021 1620; baseline 0.011 -27"><span class='ocrx_word' id='word_1_103' title='bbox 490 1542 709 1611; x_wconf 82' lang='lat' dir='ltr'><strong>reliquis</strong></span> <span class='ocrx_word' id='word_1_104' title='bbox 742 1545 988 1601; x_wconf 81' lang='lat' dir='ltr'><strong>tribubus</strong></span> <span class='ocrx_word' id='word_1_105' title='bbox 1022 1548 1158 1602; x_wconf 85' lang='lat' dir='ltr'><strong>hanc</strong></span> <span class='ocrx_word' id='word_1_106' title='bbox 1188 1564 1412 1617; x_wconf 63' lang='lat' dir='ltr'><strong>praeesse</strong></span> <span class='ocrx_word' id='word_1_107' title='bbox 1435 1550 1656 1620; x_wconf 87' lang='lat' dir='ltr'><strong>imperat</strong></span> <span class='ocrx_word' id='word_1_108' title='bbox 1680 1552 1835 1608; x_wconf 89' lang='lat' dir='ltr'><strong>Dens.</strong></span> <span class='ocrx_word' id='word_1_109' title='bbox 1876 1554 2021 1609; x_wconf 86' lang='lat' dir='ltr'><strong>Scri-</strong></span> 
     </span>
    </p>
   </div>
   <div class='ocr_carea' id='block_1_17' title="bbox 403 1633 2017 1699">
    <p class='ocr_par' dir='ltr' id='par_1_17' title="bbox 403 1633 2017 1699">
     <span class='ocr_line' id='line_1_17' title="bbox 403 1633 2017 1699; baseline 0.012 -19"><span class='ocrx_word' id='word_1_110' title='bbox 403 1674 416 1687; x_wconf 84' lang='grc'><strong>,</strong></span> <span class='ocrx_word' id='word_1_111' title='bbox 488 1637 633 1698; x_wconf 81' lang='lat' dir='ltr'><strong>ptum</strong></span> <span class='ocrx_word' id='word_1_112' title='bbox 658 1641 739 1687; x_wconf 91' lang='lat' dir='ltr'><strong>est</strong></span> <span class='ocrx_word' id='word_1_113' title='bbox 773 1633 936 1698; x_wconf 81' lang='lat' dir='ltr'><strong>enim,</strong></span> <span class='ocrx_word' id='word_1_114' title='bbox 969 1652 988 1685; x_wconf 77' lang='grc' dir='ltr'><strong>ι</strong></span> <span class='ocrx_word' id='word_1_115' title='bbox 1021 1634 1082 1688; x_wconf 87' lang='lat' dir='ltr'><strong>Et</strong></span> <span class='ocrx_word' id='word_1_116' title='bbox 1105 1636 1315 1692; x_wconf 91' lang='lat' dir='ltr'><strong>locutus</strong></span> <span class='ocrx_word' id='word_1_117' title='bbox 1340 1646 1422 1693; x_wconf 91' lang='lat' dir='ltr'><strong>est</strong></span> <span class='ocrx_word' id='word_1_118' title='bbox 1446 1638 1699 1695; x_wconf 90' lang='lat' dir='ltr'><strong>Dominus</strong></span> <span class='ocrx_word' id='word_1_119' title='bbox 1729 1642 1793 1695; x_wconf 91' lang='lat' dir='ltr'><strong>ad</strong></span> <span class='ocrx_word' id='word_1_120' title='bbox 1817 1641 2017 1699; x_wconf 83' lang='lat' dir='ltr'><strong>Mosem</strong></span> 
     </span>
    </p>
   </div>
   <div class='ocr_carea' id='block_1_18' title="bbox 486 1719 2017 1804">
    <p class='ocr_par' dir='ltr' id='par_1_18' title="bbox 486 1719 2017 1804">
     <span class='ocr_line' id='line_1_18' title="bbox 486 1719 2017 1804; baseline 0.012 -34"><span class='ocrx_word' id='word_1_121' title='bbox 486 1725 539 1770; x_wconf 90' lang='lat' dir='ltr'><strong>et</strong></span> <span class='ocrx_word' id='word_1_122' title='bbox 562 1719 738 1774; x_wconf 84' lang='lat' dir='ltr'><strong>Aaron</strong></span> <span class='ocrx_word' id='word_1_123' title='bbox 770 1723 957 1778; x_wconf 85' lang='lat' dir='ltr'><strong>dicens</strong></span> <span class='ocrx_word' id='word_1_124' title='bbox 985 1742 997 1777; x_wconf 91' lang='lat'><strong>:</strong></span> <span class='ocrx_word' id='word_1_125' title='bbox 1030 1725 1233 1795; x_wconf 78' lang='lat' dir='ltr'><strong>Singuli</strong></span> <span class='ocrx_word' id='word_1_126' title='bbox 1261 1743 1354 1796; x_wconf 88' lang='lat' dir='ltr'><strong>per</strong></span> <span class='ocrx_word' id='word_1_127' title='bbox 1385 1736 1607 1794; x_wconf 89' lang='lat' dir='ltr'><strong>turmas,</strong></span> <span class='ocrx_word' id='word_1_128' title='bbox 1642 1732 1814 1801; x_wconf 87' lang='lat' dir='ltr'><strong>signa,</strong></span> <span class='ocrx_word' id='word_1_129' title='bbox 1855 1743 2017 1804; x_wconf 88' lang='lat' dir='ltr'><strong>atque</strong></span> 
     </span>
    </p>
   </div>
   <div class='ocr_carea' id='block_1_19' title="bbox 2126 568 3602 645">
    <p class='ocr_par' dir='ltr' id='par_1_19' title="bbox 2126 568 3602 645">
     <span class='ocr_line' id='line_1_19' title="bbox 2126 568 3602 645; baseline 0.005 -25"><span class='ocrx_word' id='word_1_130' title='bbox 2126 570 2215 621; x_wconf 76' lang='grc' dir='ltr'>καὶ</span> <span class='ocrx_word' id='word_1_131' title='bbox 2239 568 2335 632; x_wconf 84' lang='grc' dir='ltr'><strong>τάς</strong></span> <span class='ocrx_word' id='word_1_132' title='bbox 2360 569 2466 623; x_wconf 91' lang='grc' dir='ltr'><strong>τῶν</strong></span> <span class='ocrx_word' id='word_1_133' title='bbox 2492 570 2653 623; x_wconf 83' lang='grc' dir='ltr'>ἐθνῶν</span> <span class='ocrx_word' id='word_1_134' title='bbox 2670 572 2999 642; x_wconf 81' lang='grc' dir='ltr'><strong>ὑποσχέσεις,</strong></span> <span class='ocrx_word' id='word_1_135' title='bbox 3022 572 3141 625; x_wconf 79' lang='grc' dir='ltr'>καθ’</span> <span class='ocrx_word' id='word_1_136' title='bbox 3155 572 3356 636; x_wconf 84' lang='grc' dir='ltr'>ὁποίους</span> <span class='ocrx_word' id='word_1_137' title='bbox 3376 574 3602 645; x_wconf 52' lang='lat' dir='ltr'><strong>tvo-rium-</strong></span> 
     </span>
    </p>
   </div>
   <div class='ocr_carea' id='block_1_20' title="bbox 2123 657 3601 730">
    <p class='ocr_par' dir='ltr' id='par_1_20' title="bbox 2123 657 3601 730">
     <span class='ocr_line' id='line_1_20' title="bbox 2123 657 3601 730; baseline 0.005 -24"><span class='ocrx_word' id='word_1_138' title='bbox 2123 671 2211 707; x_wconf 84' lang='grc' dir='ltr'><strong>ται</strong></span> <span class='ocrx_word' id='word_1_139' title='bbox 2240 657 2460 727; x_wconf 85' lang='grc' dir='ltr'>χρόνους</span> <span class='ocrx_word' id='word_1_140' title='bbox 2492 658 2825 730; x_wconf 78' lang='grc' dir='ltr'><strong>παρίστησιν,</strong></span> <span class='ocrx_word' id='word_1_141' title='bbox 2868 659 2928 722; x_wconf 78' lang='grc' dir='ltr'>ἐξ</span> <span class='ocrx_word' id='word_1_142' title='bbox 2952 660 3112 714; x_wconf 79' lang='grc' dir='ltr'>αὐτοῦ</span> <span class='ocrx_word' id='word_1_143' title='bbox 3149 676 3207 711; x_wconf 87' lang='grc' dir='ltr'><strong>τε</strong></span> <span class='ocrx_word' id='word_1_144' title='bbox 3244 659 3601 730; x_wconf 81' lang='grc' dir='ltr'>προελεύσεαθαι</span> 
     </span>
    </p>
   </div>
   <div class='ocr_carea' id='block_1_21' title="bbox 2123 746 3603 820">
    <p class='ocr_par' dir='ltr' id='par_1_21' title="bbox 2123 746 3603 820">
     <span class='ocr_line' id='line_1_21' title="bbox 2123 746 3603 820; baseline 0.006 -21"><span class='ocrx_word' id='word_1_145' title='bbox 2123 746 2353 800; x_wconf 81' lang='grc' dir='ltr'>διδάσκει</span> <span class='ocrx_word' id='word_1_146' title='bbox 2374 748 2464 800; x_wconf 86' lang='grc' dir='ltr'><strong>τὸν</strong></span> <span class='ocrx_word' id='word_1_147' title='bbox 2494 749 2747 818; x_wconf 88' lang='grc' dir='ltr'>μέλλοντα</span> <span class='ocrx_word' id='word_1_148' title='bbox 2767 749 2930 802; x_wconf 79' lang='grc' dir='ltr'>αἴτιον</span> <span class='ocrx_word' id='word_1_149' title='bbox 2952 748 3365 820; x_wconf 78' lang='grc' dir='ltr'><strong>καταστήσεσθαι</strong></span> <span class='ocrx_word' id='word_1_150' title='bbox 3384 752 3500 805; x_wconf 83' lang='grc' dir='ltr'>πᾶσι</span> <span class='ocrx_word' id='word_1_151' title='bbox 3518 757 3603 817; x_wconf 82' lang='grc' dir='ltr'>τοῖς</span> 
     </span>
    </p>
   </div>
   <div class='ocr_carea' id='block_1_22' title="bbox 2124 836 3602 913">
    <p class='ocr_par' dir='ltr' id='par_1_22' title="bbox 2124 836 3602 913">
     <span class='ocr_line' id='line_1_22' title="bbox 2124 836 3602 913; baseline 0.006 -26"><span class='ocrx_word' id='word_1_152' title='bbox 2124 836 2314 900; x_wconf 79' lang='grc' dir='ltr'>ἔθνεσι,</span> <span class='ocrx_word' id='word_1_153' title='bbox 2343 839 2435 891; x_wconf 77' lang='grc' dir='ltr'><strong>καὶ</strong></span> <span class='ocrx_word' id='word_1_154' title='bbox 2482 839 2678 902; x_wconf 82' lang='grc' dir='ltr'>πάσαις</span> <span class='ocrx_word' id='word_1_155' title='bbox 2714 843 2829 903; x_wconf 83' lang='grc' dir='ltr'>ταῖς</span> <span class='ocrx_word' id='word_1_156' title='bbox 2857 840 3044 908; x_wconf 83' lang='grc' dir='ltr'>φυλαῖς</span> <span class='ocrx_word' id='word_1_157' title='bbox 3078 841 3175 910; x_wconf 92' lang='grc' dir='ltr'><strong>τῆς</strong></span> <span class='ocrx_word' id='word_1_158' title='bbox 3215 841 3315 910; x_wconf 85' lang='grc' dir='ltr'><strong>γῆς</strong></span> <span class='ocrx_word' id='word_1_159' title='bbox 3344 841 3433 910; x_wconf 83' lang='grc' dir='ltr'><strong>τῆς</strong></span> <span class='ocrx_word' id='word_1_160' title='bbox 3462 858 3602 913; x_wconf 83' lang='grc' dir='ltr'>παρα-</span> 
     </span>
    </p>
   </div>
   <div class='ocr_carea' id='block_1_23' title="bbox 2124 927 3605 999">
    <p class='ocr_par' dir='ltr' id='par_1_23' title="bbox 2124 927 3605 999">
     <span class='ocr_line' id='line_1_23' title="bbox 2124 927 3605 999; baseline 0.006 -21"><span class='ocrx_word' id='word_1_161' title='bbox 2124 927 2349 995; x_wconf 78' lang='grc' dir='ltr'>πλησίας</span> <span class='ocrx_word' id='word_1_162' title='bbox 2392 928 2469 998; x_wconf 81' lang='grc' dir='ltr'>τῷ</span> <span class='ocrx_word' id='word_1_163' title='bbox 2512 928 2759 999; x_wconf 80' lang='grc' dir='ltr'>Ἀϐραὰμ</span> <span class='ocrx_word' id='word_1_164' title='bbox 2803 930 3066 998; x_wconf 78' lang='grc' dir='ltr'><strong>εὐλογίας.</strong></span> <span class='ocrx_word' id='word_1_165' title='bbox 3102 931 3279 985; x_wconf 81' lang='grc' dir='ltr'>Ταῦτα</span> <span class='ocrx_word' id='word_1_166' title='bbox 3314 928 3398 985; x_wconf 85' lang='grc' dir='ltr'><strong>οὖν</strong></span> <span class='ocrx_word' id='word_1_167' title='bbox 3437 933 3605 987; x_wconf 72' lang='grc' dir='ltr'>ἅπαντα</span> 
     </span>
    </p>
   </div>
   <div class='ocr_carea' id='block_1_24' title="bbox 2120 1011 3605 1094">
    <p class='ocr_par' dir='ltr' id='par_1_24' title="bbox 2120 1011 3605 1094">
     <span class='ocr_line' id='line_1_24' title="bbox 2120 1011 3605 1094; baseline 0.004 -25"><span class='ocrx_word' id='word_1_168' title='bbox 2120 1011 2187 1085; x_wconf 78' lang='grc' dir='ltr'>ἦν</span> <span class='ocrx_word' id='word_1_169' title='bbox 2213 1015 2277 1068; x_wconf 85' lang='grc' dir='ltr'><strong>τά</strong></span> <span class='ocrx_word' id='word_1_170' title='bbox 2303 1017 2630 1088; x_wconf 80' lang='grc' dir='ltr'>ἀποκείμενα</span> <span class='ocrx_word' id='word_1_171' title='bbox 2665 1017 2743 1087; x_wconf 86' lang='grc' dir='ltr'>τῷ</span> <span class='ocrx_word' id='word_1_172' title='bbox 2777 1019 2963 1090; x_wconf 81' lang='grc' dir='ltr'>Ἰούδᾳ,</span> <span class='ocrx_word' id='word_1_173' title='bbox 2990 1020 3182 1090; x_wconf 84' lang='grc' dir='ltr'>δηλαδὴ</span> <span class='ocrx_word' id='word_1_174' title='bbox 3223 1021 3289 1073; x_wconf 85' lang='grc' dir='ltr'><strong>τὰ</strong></span> <span class='ocrx_word' id='word_1_175' title='bbox 3317 1022 3467 1075; x_wconf 78' lang='grc' dir='ltr'>πάλαι</span> <span class='ocrx_word' id='word_1_176' title='bbox 3503 1041 3605 1094; x_wconf 89' lang='grc' dir='ltr'>προ-</span> 
     </span>
    </p>
   </div>
   <div class='ocr_carea' id='block_1_25' title="bbox 2122 1103 3601 1176">
    <p class='ocr_par' dir='ltr' id='par_1_25' title="bbox 2122 1103 3601 1176">
     <span class='ocr_line' id='line_1_25' title="bbox 2122 1103 3601 1176; baseline 0.008 -22"><span class='ocrx_word' id='word_1_177' title='bbox 2122 1103 2467 1157; x_wconf 76' lang='grc' dir='ltr'>θεσπισῦἐντα</span> <span class='ocrx_word' id='word_1_178' title='bbox 2497 1106 2622 1176; x_wconf 75' lang='grc' dir='ltr'>περὶ</span> <span class='ocrx_word' id='word_1_179' title='bbox 2660 1107 2766 1160; x_wconf 82' lang='grc' dir='ltr'><strong>τῶν</strong></span> <span class='ocrx_word' id='word_1_180' title='bbox 2797 1105 2986 1171; x_wconf 79' lang='grc' dir='ltr'>ἐθνῶν,</span> <span class='ocrx_word' id='word_1_181' title='bbox 3013 1108 3106 1160; x_wconf 74' lang='grc' dir='ltr'>καὶ</span> <span class='ocrx_word' id='word_1_182' title='bbox 3148 1108 3225 1172; x_wconf 83' lang='grc' dir='ltr'>τὸ,</span> <span class='ocrx_word' id='word_1_183' title='bbox 3254 1127 3271 1159; x_wconf 79' lang='grc' dir='ltr'><strong>ι</strong></span> <span class='ocrx_word' id='word_1_184' title='bbox 3314 1109 3529 1174; x_wconf 79' lang='grc' dir='ltr'>Βασιλεῖς</span> <span class='ocrx_word' id='word_1_185' title='bbox 3557 1113 3601 1165; x_wconf 75' lang='grc' dir='ltr'>ὲκ</span> 
     </span>
    </p>
   </div>
   <div class='ocr_carea' id='block_1_26' title="bbox 2120 1191 3601 1261">
    <p class='ocr_par' dir='ltr' id='par_1_26' title="bbox 2120 1191 3601 1261">
     <span class='ocr_line' id='line_1_26' title="bbox 2120 1191 3601 1261; baseline 0.006 -18"><span class='ocrx_word' id='word_1_186' title='bbox 2120 1191 2217 1261; x_wconf 85' lang='grc' dir='ltr'><strong>τῆς</strong></span> <span class='ocrx_word' id='word_1_187' title='bbox 2241 1193 2432 1260; x_wconf 74' lang='grc' dir='ltr'>ὀσφύος</span> <span class='ocrx_word' id='word_1_188' title='bbox 2469 1211 2558 1246; x_wconf 90' lang='grc' dir='ltr'><strong>σου</strong></span> <span class='ocrx_word' id='word_1_189' title='bbox 2587 1195 2975 1258; x_wconf 75' lang='grc' dir='ltr'>ἐξελεύσονται·</span> <span class='ocrx_word' id='word_1_190' title='bbox 3007 1217 3026 1247; x_wconf 75' lang='grc' dir='ltr'><strong>ι</strong></span> <span class='ocrx_word' id='word_1_191' title='bbox 3057 1197 3135 1250; x_wconf 77' lang='grc' dir='ltr'><strong>διδ</strong></span> <span class='ocrx_word' id='word_1_192' title='bbox 3177 1199 3268 1251; x_wconf 80' lang='grc' dir='ltr'>καὶ</span> <span class='ocrx_word' id='word_1_193' title='bbox 3309 1199 3408 1253; x_wconf 84' lang='grc' dir='ltr'><strong>τῶν</strong></span> <span class='ocrx_word' id='word_1_194' title='bbox 3444 1199 3601 1253; x_wconf 81' lang='grc' dir='ltr'>λοιπῶν</span> 
     </span>
    </p>
   </div>
   <div class='ocr_carea' id='block_1_27' title="bbox 2120 1279 3600 1361">
    <p class='ocr_par' dir='ltr' id='par_1_27' title="bbox 2120 1279 3600 1361">
     <span class='ocr_line' id='line_1_27' title="bbox 2120 1279 3600 1361; baseline 0.007 -29"><span class='ocrx_word' id='word_1_195' title='bbox 2120 1279 2353 1349; x_wconf 75' lang='grc' dir='ltr'>ἀδελφῶν</span> <span class='ocrx_word' id='word_1_196' title='bbox 2396 1284 2701 1353; x_wconf 76' lang='grc' dir='ltr'>προκριθεὶς</span> <span class='ocrx_word' id='word_1_197' title='bbox 2729 1284 3011 1357; x_wconf 83' lang='grc' dir='ltr'>βασιλικῆς</span> <span class='ocrx_word' id='word_1_198' title='bbox 3054 1286 3221 1355; x_wconf 81' lang='grc' dir='ltr'>φυλῆς</span> <span class='ocrx_word' id='word_1_199' title='bbox 3250 1290 3337 1340; x_wconf 75' lang='grc' dir='ltr'>καὶ</span> <span class='ocrx_word' id='word_1_200' title='bbox 3362 1289 3600 1361; x_wconf 83' lang='grc' dir='ltr'>διαπρεπε-</span> 
     </span>
    </p>
   </div>
   <div class='ocr_carea' id='block_1_28' title="bbox 2122 1369 3600 1449">
    <p class='ocr_par' dir='ltr' id='par_1_28' title="bbox 2122 1369 3600 1449">
     <span class='ocr_line' id='line_1_28' title="bbox 2122 1369 3600 1449; baseline 0.007 -29"><span class='ocrx_word' id='word_1_201' title='bbox 2122 1369 2313 1439; x_wconf 82' lang='grc' dir='ltr'>στέρας</span> <span class='ocrx_word' id='word_1_202' title='bbox 2360 1371 2505 1439; x_wconf 86' lang='grc' dir='ltr'><strong>παρά</strong></span> <span class='ocrx_word' id='word_1_203' title='bbox 2548 1372 2646 1436; x_wconf 79' lang='grc' dir='ltr'><strong>τὰς</strong></span> <span class='ocrx_word' id='word_1_204' title='bbox 2677 1373 2866 1439; x_wconf 78' lang='grc' dir='ltr'>λοιπὰς</span> <span class='ocrx_word' id='word_1_205' title='bbox 2910 1374 3135 1445; x_wconf 66' lang='grc' dir='ltr'>ἠξιώθη.</span> <span class='ocrx_word' id='word_1_206' title='bbox 3186 1376 3379 1430; x_wconf 76' lang='grc' dir='ltr'>Αὐτίκα</span> <span class='ocrx_word' id='word_1_207' title='bbox 3413 1378 3492 1430; x_wconf 74' lang='grc' dir='ltr'>ἐπὶ</span> <span class='ocrx_word' id='word_1_208' title='bbox 3528 1380 3600 1449; x_wconf 81' lang='grc' dir='ltr'><strong>τῆς</strong></span> 
     </span>
    </p>
   </div>
   <div class='ocr_carea' id='block_1_29' title="bbox 2118 1455 3600 1538">
    <p class='ocr_par' dir='ltr' id='par_1_29' title="bbox 2118 1455 3600 1538">
     <span class='ocr_line' id='line_1_29' title="bbox 2118 1455 3600 1538; baseline 0.008 -30"><span class='ocrx_word' id='word_1_209' title='bbox 2118 1455 2397 1523; x_wconf 80' lang='grc' dir='ltr'>διατάξεως</span> <span class='ocrx_word' id='word_1_210' title='bbox 2425 1461 2514 1513; x_wconf 80' lang='grc' dir='ltr'>τοῦ</span> <span class='ocrx_word' id='word_1_211' title='bbox 2536 1463 2734 1526; x_wconf 84' lang='grc' dir='ltr'>παντὸς</span> <span class='ocrx_word' id='word_1_212' title='bbox 2769 1462 2900 1517; x_wconf 78' lang='grc' dir='ltr'>λαοῦ</span> <span class='ocrx_word' id='word_1_213' title='bbox 2934 1464 3077 1517; x_wconf 86' lang='grc' dir='ltr'><strong>κατά</strong></span> <span class='ocrx_word' id='word_1_214' title='bbox 3097 1465 3219 1527; x_wconf 73' lang='grc' dir='ltr'>τοὺς</span> <span class='ocrx_word' id='word_1_215' title='bbox 3239 1466 3488 1530; x_wconf 74' lang='grc' dir='ltr'>Μωῦσέως</span> <span class='ocrx_word' id='word_1_216' title='bbox 3507 1468 3600 1538; x_wconf 84' lang='grc' dir='ltr'>χρό-</span> 
     </span>
    </p>
   </div>
   <div class='ocr_carea' id='block_1_30' title="bbox 2119 1550 3603 1629">
    <p class='ocr_par' dir='ltr' id='par_1_30' title="bbox 2119 1550 3603 1629">
     <span class='ocr_line' id='line_1_30' title="bbox 2119 1550 3603 1629; baseline 0.008 -31"><span class='ocrx_word' id='word_1_217' title='bbox 2119 1563 2236 1610; x_wconf 87' lang='grc' dir='ltr'>νους</span> <span class='ocrx_word' id='word_1_218' title='bbox 2255 1550 2493 1618; x_wconf 81' lang='grc' dir='ltr'>ἡγεῖσθαι</span> <span class='ocrx_word' id='word_1_219' title='bbox 2518 1552 2717 1622; x_wconf 88' lang='grc' dir='ltr'>ταύτην</span> <span class='ocrx_word' id='word_1_220' title='bbox 2738 1555 2764 1606; x_wconf 89' lang='lat'><strong>6</strong></span> <span class='ocrx_word' id='word_1_221' title='bbox 2786 1553 2921 1617; x_wconf 82' lang='grc' dir='ltr'>Θεὸς</span> <span class='ocrx_word' id='word_1_222' title='bbox 2949 1554 3057 1608; x_wconf 87' lang='grc' dir='ltr'><strong>τῶν</strong></span> <span class='ocrx_word' id='word_1_223' title='bbox 3077 1553 3272 1608; x_wconf 82' lang='grc' dir='ltr'>λοιπῶν</span> <span class='ocrx_word' id='word_1_224' title='bbox 3302 1556 3460 1624; x_wconf 73' lang='grc' dir='ltr'>φυλῶν</span> <span class='ocrx_word' id='word_1_225' title='bbox 3478 1575 3603 1629; x_wconf 81' lang='grc' dir='ltr'>προο-</span> 
     </span>
    </p>
   </div>
   <div class='ocr_carea' id='block_1_31' title="bbox 2118 1638 3605 1719">
    <p class='ocr_par' dir='ltr' id='par_1_31' title="bbox 2118 1638 3605 1719">
     <span class='ocr_line' id='line_1_31' title="bbox 2118 1638 3605 1719; baseline 0.007 -29"><span class='ocrx_word' id='word_1_226' title='bbox 2118 1638 2312 1692; x_wconf 80' lang='grc' dir='ltr'>τάττει.</span> <span class='ocrx_word' id='word_1_227' title='bbox 2347 1640 2654 1711; x_wconf 81' lang='grc' dir='ltr'>Γέγραπται</span> <span class='ocrx_word' id='word_1_228' title='bbox 2685 1643 2812 1714; x_wconf 78' lang='grc' dir='ltr'>γάρ’</span> <span class='ocrx_word' id='word_1_229' title='bbox 2856 1663 2875 1695; x_wconf 71' lang='grc' dir='ltr'><strong>ι</strong></span> <span class='ocrx_word' id='word_1_230' title='bbox 2914 1646 3024 1698; x_wconf 97' lang='lat' dir='ltr'><strong>Kal</strong></span> <span class='ocrx_word' id='word_1_231' title='bbox 3044 1645 3267 1717; x_wconf 80' lang='grc' dir='ltr'>ἐλάλησε</span> <span class='ocrx_word' id='word_1_232' title='bbox 3298 1646 3477 1719; x_wconf 86' lang='grc' dir='ltr'>Κύριος</span> <span class='ocrx_word' id='word_1_233' title='bbox 3507 1651 3605 1719; x_wconf 76' lang='grc' dir='ltr'>πρὸς</span> 
     </span>
    </p>
   </div>
   <div class='ocr_carea' id='block_1_32' title="bbox 2119 1731 3605 1809">
    <p class='ocr_par' dir='ltr' id='par_1_32' title="bbox 2119 1731 3605 1809">
     <span class='ocr_line' id='line_1_32' title="bbox 2119 1731 3605 1809; baseline 0.007 -27"><span class='ocrx_word' id='word_1_234' title='bbox 2119 1731 2349 1800; x_wconf 80' lang='grc' dir='ltr'>Μωῦσῆν</span> <span class='ocrx_word' id='word_1_235' title='bbox 2398 1733 2488 1785; x_wconf 79' lang='grc' dir='ltr'>καὶ</span> <span class='ocrx_word' id='word_1_236' title='bbox 2550 1733 2778 1805; x_wconf 82' lang='grc' dir='ltr'>Ἀαρὼν,</span> <span class='ocrx_word' id='word_1_237' title='bbox 2831 1735 3037 1804; x_wconf 85' lang='grc' dir='ltr'>λέγων·</span> <span class='ocrx_word' id='word_1_238' title='bbox 3091 1736 3362 1808; x_wconf 79' lang='grc' dir='ltr'>ἄνθρωπος</span> <span class='ocrx_word' id='word_1_239' title='bbox 3407 1739 3605 1809; x_wconf 73' lang='grc' dir='ltr'>ἐχόμενος</span> 
     </span>
    </p>
   </div>
   <div class='ocr_carea' id='block_1_33' title="bbox 488 1792 2000 1897">
    <p class='ocr_par' dir='ltr' id='par_1_33' title="bbox 488 1810 2000 1885">
     <span class='ocr_line' id='line_1_33' title="bbox 488 1810 2000 1885; baseline 0.015 -29"><span class='ocrx_word' id='word_1_240' title='bbox 488 1810 677 1862; x_wconf 78' lang='lat' dir='ltr'><strong>vexilla</strong></span> <span class='ocrx_word' id='word_1_241' title='bbox 711 1819 762 1864; x_wconf 88' lang='lat' dir='ltr'><strong>et</strong></span> <span class='ocrx_word' id='word_1_242' title='bbox 800 1811 990 1868; x_wconf 88' lang='lat' dir='ltr'><strong>domus</strong></span> <span class='ocrx_word' id='word_1_243' title='bbox 1027 1817 1399 1885; x_wconf 84' lang='lat' dir='ltr'><strong>cognationum</strong></span> <span class='ocrx_word' id='word_1_244' title='bbox 1445 1835 1683 1885; x_wconf 88' lang='lat' dir='ltr'><strong>suarum,</strong></span> <span class='ocrx_word' id='word_1_245' title='bbox 1728 1831 2000 1879; x_wconf 84' lang='lat' dir='ltr'><strong>castrame-</strong></span> 
     </span>
    </p>
   </div>
   <div class='ocr_carea' id='block_1_34' title="bbox 2100 1792 3604 1897">
    <p class='ocr_par' dir='ltr' id='par_1_34' title="bbox 2120 1792 3604 1897">
     <span class='ocr_line' id='line_1_34' title="bbox 2120 1792 3604 1897; baseline 0.007 -26"><span class='ocrx_word' id='word_1_246' title='bbox 2120 1819 2258 1872; x_wconf 86' lang='grc' dir='ltr'><strong>κατά</strong></span> <span class='ocrx_word' id='word_1_247' title='bbox 2284 1792 2531 1891; x_wconf 70' lang='grc' dir='ltr'>τάγματα</span> <span class='ocrx_word' id='word_1_248' title='bbox 2553 1792 2739 1887; x_wconf 66' lang='grc' dir='ltr'>αὑτοῦ,</span> <span class='ocrx_word' id='word_1_249' title='bbox 2764 1792 2919 1878; x_wconf 69' lang='grc' dir='ltr'><strong>κατά</strong></span> <span class='ocrx_word' id='word_1_250' title='bbox 2941 1792 3206 1897; x_wconf 52' lang='grc' dir='ltr'>σημαίας,</span> <span class='ocrx_word' id='word_1_251' title='bbox 3230 1828 3342 1881; x_wconf 82' lang='grc' dir='ltr'>κατ’</span> <span class='ocrx_word' id='word_1_252' title='bbox 3361 1792 3516 1891; x_wconf 46' lang='grc' dir='ltr'>οῐκδυις</span> <span class='ocrx_word' id='word_1_253' title='bbox 3532 1844 3604 1881; x_wconf 81' lang='grc' dir='ltr'>πα·</span> 
     </span>
    </p>
   </div>
   <div class='ocr_carea' id='block_1_35' title="bbox 485 1900 2017 1986">
    <p class='ocr_par' dir='ltr' id='par_1_35' title="bbox 485 1900 2017 1986">
     <span class='ocr_line' id='line_1_35' title="bbox 485 1900 2017 1986; baseline 0.014 -38"><span class='ocrx_word' id='word_1_254' title='bbox 485 1907 663 1953; x_wconf 84' lang='lat' dir='ltr'><strong>tentur</strong></span> <span class='ocrx_word' id='word_1_255' title='bbox 692 1900 780 1954; x_wconf 91' lang='lat' dir='ltr'><strong>ﬁlii</strong></span> <span class='ocrx_word' id='word_1_256' title='bbox 824 1900 985 1958; x_wconf 81' lang='lat' dir='ltr'><strong>lsrael</strong></span> <span class='ocrx_word' id='word_1_257' title='bbox 1018 1906 1068 1958; x_wconf 88' lang='lat' dir='ltr'><strong>in</strong></span> <span class='ocrx_word' id='word_1_258' title='bbox 1117 1917 1403 1976; x_wconf 89' lang='lat' dir='ltr'><strong>conspectu</strong></span> <span class='ocrx_word' id='word_1_259' title='bbox 1454 1911 1659 1966; x_wconf 91' lang='lat' dir='ltr'><strong>Domini</strong></span> <span class='ocrx_word' id='word_1_260' title='bbox 1701 1928 1795 1982; x_wconf 90' lang='lat' dir='ltr'><strong>per</strong></span> <span class='ocrx_word' id='word_1_261' title='bbox 1829 1931 2017 1986; x_wconf 81' lang='lat' dir='ltr'><strong>gyrum</strong></span> 
     </span>
    </p>
   </div>
   <div class='ocr_carea' id='block_1_36' title="bbox 485 1988 2065 2074">
    <p class='ocr_par' dir='ltr' id='par_1_36' title="bbox 485 1988 2065 2074">
     <span class='ocr_line' id='line_1_36' title="bbox 485 1988 2065 2074; baseline 0.014 -34"><span class='ocrx_word' id='word_1_262' title='bbox 485 1988 813 2045; x_wconf 79' lang='lat' dir='ltr'><strong>tabernaculi</strong></span> <span class='ocrx_word' id='word_1_263' title='bbox 849 1994 1164 2061; x_wconf 89' lang='lat' dir='ltr'><strong>testimonii,</strong></span> <span class='ocrx_word' id='word_1_264' title='bbox 1196 2008 1249 2052; x_wconf 91' lang='lat' dir='ltr'><strong>et</strong></span> <span class='ocrx_word' id='word_1_265' title='bbox 1295 2011 1731 2059; x_wconf 75' lang='lat' dir='ltr'><strong>casuametantes</strong></span> <span class='ocrx_word' id='word_1_266' title='bbox 1764 2006 1921 2074; x_wconf 91' lang='lat' dir='ltr'><strong>primi</strong></span> <span class='ocrx_word' id='word_1_267' title='bbox 1951 2007 2019 2061; x_wconf 89' lang='lat' dir='ltr'><strong>ad</strong></span> <span class='ocrx_word' id='word_1_268' title='bbox 2058 1995 2065 2002; x_wconf 67' lang='grc'><strong>’</strong></span> 
     </span>
    </p>
   </div>
   <div class='ocr_carea' id='block_1_37' title="bbox 484 2082 2015 2156">
    <p class='ocr_par' dir='ltr' id='par_1_37' title="bbox 484 2082 2015 2156">
     <span class='ocr_line' id='line_1_37' title="bbox 484 2082 2015 2156; baseline 0.014 -27"><span class='ocrx_word' id='word_1_269' title='bbox 484 2082 769 2144; x_wconf 85' lang='lat' dir='ltr'><strong>orientem,</strong></span> <span class='ocrx_word' id='word_1_270' title='bbox 801 2083 944 2137; x_wconf 91' lang='lat' dir='ltr'><strong>acies</strong></span> <span class='ocrx_word' id='word_1_271' title='bbox 989 2094 1285 2141; x_wconf 88' lang='lat' dir='ltr'><strong>castrorum</strong></span> <span class='ocrx_word' id='word_1_272' title='bbox 1318 2089 1543 2145; x_wconf 90' lang='lat' dir='ltr'><strong>ﬁliorum</strong></span> <span class='ocrx_word' id='word_1_273' title='bbox 1584 2091 1741 2156; x_wconf 80' lang='lat' dir='ltr'><strong>Juda,</strong></span> <span class='ocrx_word' id='word_1_274' title='bbox 1773 2110 1893 2148; x_wconf 91' lang='lat' dir='ltr'><strong>cum</strong></span> <span class='ocrx_word' id='word_1_275' title='bbox 1920 2111 2015 2150; x_wconf 87' lang='lat' dir='ltr'><strong>co-</strong></span> 
     </span>
    </p>
   </div>
   <div class='ocr_carea' id='block_1_38' title="bbox 481 2168 2016 2249">
    <p class='ocr_par' dir='ltr' id='par_1_38' title="bbox 481 2168 2016 2249">
     <span class='ocr_line' id='line_1_38' title="bbox 481 2168 2016 2249; baseline 0.014 -30"><span class='ocrx_word' id='word_1_276' title='bbox 481 2168 584 2235; x_wconf 83' lang='lat' dir='ltr'><strong>piis</strong></span> <span class='ocrx_word' id='word_1_277' title='bbox 618 2170 815 2225; x_wconf 79' lang='lat' dir='ltr'><strong>suis“.</strong></span> <span class='ocrx_word' id='word_1_278' title='bbox 851 2191 871 2223; x_wconf 74' lang='grc' dir='ltr'><strong>ι</strong></span> <span class='ocrx_word' id='word_1_279' title='bbox 902 2174 978 2226; x_wconf 78' lang='lat' dir='ltr'><strong>Ac</strong></span> <span class='ocrx_word' id='word_1_280' title='bbox 1012 2174 1261 2245; x_wconf 83' lang='lat' dir='ltr'><strong>deinceps</strong></span> <span class='ocrx_word' id='word_1_281' title='bbox 1297 2178 1351 2232; x_wconf 91' lang='lat' dir='ltr'><strong>in</strong></span> <span class='ocrx_word' id='word_1_282' title='bbox 1378 2179 1445 2234; x_wconf 91' lang='lat' dir='ltr'><strong>iis</strong></span> <span class='ocrx_word' id='word_1_283' title='bbox 1478 2196 1595 2249; x_wconf 79' lang='lat' dir='ltr'><strong>quae</strong></span> <span class='ocrx_word' id='word_1_284' title='bbox 1623 2183 1690 2236; x_wconf 90' lang='lat' dir='ltr'><strong>ad</strong></span> <span class='ocrx_word' id='word_1_285' title='bbox 1717 2183 2016 2239; x_wconf 84' lang='lat' dir='ltr'><strong>innovatio-</strong></span> 
     </span>
    </p>
   </div>
   <div class='ocr_carea' id='block_1_39' title="bbox 479 2261 2012 2330">
    <p class='ocr_par' dir='ltr' id='par_1_39' title="bbox 479 2261 2012 2330">
     <span class='ocr_line' id='line_1_39' title="bbox 479 2261 2012 2330; baseline 0.014 -22"><span class='ocrx_word' id='word_1_286' title='bbox 479 2272 602 2311; x_wconf 87' lang='lat' dir='ltr'><strong>nem</strong></span> <span class='ocrx_word' id='word_1_287' title='bbox 649 2261 977 2316; x_wconf 87' lang='lat' dir='ltr'><strong>tabernaculi</strong></span> <span class='ocrx_word' id='word_1_288' title='bbox 1031 2264 1373 2323; x_wconf 87' lang='lat' dir='ltr'><strong>referuntur:</strong></span> <span class='ocrx_word' id='word_1_289' title='bbox 1405 2288 1423 2321; x_wconf 80' lang='grc' dir='ltr'><strong>ι</strong></span> <span class='ocrx_word' id='word_1_290' title='bbox 1458 2269 1598 2324; x_wconf 79' lang='lat' dir='ltr'><strong>Dixit</strong></span> <span class='ocrx_word' id='word_1_291' title='bbox 1645 2271 1900 2330; x_wconf 90' lang='lat' dir='ltr'><strong>Dominus</strong></span> <span class='ocrx_word' id='word_1_292' title='bbox 1946 2276 2012 2329; x_wconf 89' lang='lat' dir='ltr'><strong>ad</strong></span> 
     </span>
    </p>
   </div>
   <div class='ocr_carea' id='block_1_40' title="bbox 479 2344 2014 2426">
    <p class='ocr_par' dir='ltr' id='par_1_40' title="bbox 479 2344 2014 2426">
     <span class='ocr_line' id='line_1_40' title="bbox 479 2344 2014 2426; baseline 0.015 -31"><span class='ocrx_word' id='word_1_293' title='bbox 479 2344 675 2402; x_wconf 82' lang='lat' dir='ltr'><strong>Mosem</strong></span> <span class='ocrx_word' id='word_1_294' title='bbox 703 2369 715 2403; x_wconf 92' lang='lat'><strong>:</strong></span> <span class='ocrx_word' id='word_1_295' title='bbox 739 2347 993 2421; x_wconf 89' lang='lat' dir='ltr'><strong>Princeps</strong></span> <span class='ocrx_word' id='word_1_296' title='bbox 1020 2369 1155 2408; x_wconf 92' lang='lat' dir='ltr'><strong>unus</strong></span> <span class='ocrx_word' id='word_1_297' title='bbox 1171 2370 1264 2423; x_wconf 91' lang='lat' dir='ltr'><strong>per</strong></span> <span class='ocrx_word' id='word_1_298' title='bbox 1286 2357 1524 2426; x_wconf 85' lang='lat' dir='ltr'><strong>singulos</strong></span> <span class='ocrx_word' id='word_1_299' title='bbox 1551 2360 1666 2415; x_wconf 91' lang='lat' dir='ltr'><strong>dies</strong></span> <span class='ocrx_word' id='word_1_300' title='bbox 1694 2362 1875 2418; x_wconf 69' lang='lat' dir='ltr'><strong>offeret</strong></span> <span class='ocrx_word' id='word_1_301' title='bbox 1895 2379 2014 2417; x_wconf 87' lang='lat' dir='ltr'><strong>mu-</strong></span> 
     </span>
    </p>
   </div>
   <div class='ocr_carea' id='block_1_41' title="bbox 476 2440 2005 2518">
    <p class='ocr_par' dir='ltr' id='par_1_41' title="bbox 476 2440 2005 2518">
     <span class='ocr_line' id='line_1_41' title="bbox 476 2440 2005 2518; baseline 0.012 -29"><span class='ocrx_word' id='word_1_302' title='bbox 476 2452 603 2491; x_wconf 88' lang='lat' dir='ltr'><strong>nera</strong></span> <span class='ocrx_word' id='word_1_303' title='bbox 625 2454 721 2492; x_wconf 92' lang='lat' dir='ltr'><strong>sua</strong></span> <span class='ocrx_word' id='word_1_304' title='bbox 750 2457 765 2505; x_wconf 88' lang='lat'><strong>;</strong></span> <span class='ocrx_word' id='word_1_305' title='bbox 794 2447 846 2494; x_wconf 90' lang='lat' dir='ltr'><strong>et</strong></span> <span class='ocrx_word' id='word_1_306' title='bbox 877 2440 978 2494; x_wconf 93' lang='lat' dir='ltr'><strong>fuit</strong></span> <span class='ocrx_word' id='word_1_307' title='bbox 1008 2443 1238 2497; x_wconf 67' lang='lat' dir='ltr'><strong>offerens</strong></span> <span class='ocrx_word' id='word_1_308' title='bbox 1275 2447 1445 2514; x_wconf 85' lang='lat' dir='ltr'><strong>primo</strong></span> <span class='ocrx_word' id='word_1_309' title='bbox 1474 2449 1560 2503; x_wconf 86' lang='lat' dir='ltr'><strong>die</strong></span> <span class='ocrx_word' id='word_1_310' title='bbox 1604 2466 1798 2507; x_wconf 88' lang='lat' dir='ltr'><strong>munus</strong></span> <span class='ocrx_word' id='word_1_311' title='bbox 1828 2467 2005 2518; x_wconf 90' lang='lat' dir='ltr'><strong>suum,</strong></span> 
     </span>
    </p>
   </div>
   <div class='ocr_carea' id='block_1_42' title="bbox 474 2525 2003 2608">
    <p class='ocr_par' dir='ltr' id='par_1_42' title="bbox 474 2525 2003 2608">
     <span class='ocr_line' id='line_1_42' title="bbox 474 2525 2003 2608; baseline 0.011 -31"><span class='ocrx_word' id='word_1_312' title='bbox 474 2525 711 2583; x_wconf 83' lang='lat' dir='ltr'><strong>Naasson</strong></span> <span class='ocrx_word' id='word_1_313' title='bbox 746 2529 883 2586; x_wconf 88' lang='lat' dir='ltr'><strong>ﬁlius</strong></span> <span class='ocrx_word' id='word_1_314' title='bbox 921 2531 1236 2599; x_wconf 85' lang='lat' dir='ltr'><strong>Aminadab,</strong></span> <span class='ocrx_word' id='word_1_315' title='bbox 1277 2536 1857 2608; x_wconf 81' lang='lat' dir='ltr'><strong>princepstribusJuda</strong></span> <span class='ocrx_word' id='word_1_316' title='bbox 1878 2543 1942 2597; x_wconf 87' lang='grc'><strong>³⁷.</strong></span> <span class='ocrx_word' id='word_1_317' title='bbox 1984 2562 2003 2594; x_wconf 74' lang='grc' dir='ltr'><strong>ι</strong></span> 
     </span>
    </p>
   </div>
   <div class='ocr_carea' id='block_1_43' title="bbox 473 2616 2008 2697">
    <p class='ocr_par' dir='ltr' id='par_1_43' title="bbox 473 2616 2008 2697">
     <span class='ocr_line' id='line_1_43' title="bbox 473 2616 2008 2697; baseline 0.011 -30"><span class='ocrx_word' id='word_1_318' title='bbox 473 2616 635 2689; x_wconf 72' lang='lat'><strong>368</strong></span> <span class='ocrx_word' id='word_1_319' title='bbox 669 2617 734 2671; x_wconf 84' lang='lat' dir='ltr'><strong>Et</strong></span> <span class='ocrx_word' id='word_1_320' title='bbox 767 2619 820 2671; x_wconf 92' lang='lat' dir='ltr'><strong>in</strong></span> <span class='ocrx_word' id='word_1_321' title='bbox 854 2620 989 2673; x_wconf 88' lang='lat' dir='ltr'><strong>libro</strong></span> <span class='ocrx_word' id='word_1_322' title='bbox 1016 2619 1143 2675; x_wconf 81' lang='lat' dir='ltr'><strong>Jesu</strong></span> <span class='ocrx_word' id='word_1_323' title='bbox 1179 2623 1320 2677; x_wconf 86' lang='lat' dir='ltr'><strong>Nave</strong></span> <span class='ocrx_word' id='word_1_324' title='bbox 1367 2640 1487 2679; x_wconf 92' lang='lat' dir='ltr'><strong>cum</strong></span> <span class='ocrx_word' id='word_1_325' title='bbox 1526 2634 1666 2681; x_wconf 90' lang='lat' dir='ltr'><strong>terra</strong></span> <span class='ocrx_word' id='word_1_326' title='bbox 1698 2630 2008 2697; x_wconf 88' lang='lat' dir='ltr'><strong>promissio-</strong></span> 
     </span>
    </p>
   </div>
   <div class='ocr_carea' id='block_1_44' title="bbox 473 2704 2007 2777">
    <p class='ocr_par' dir='ltr' id='par_1_44' title="bbox 473 2704 2007 2777">
     <span class='ocr_line' id='line_1_44' title="bbox 473 2704 2007 2777; baseline 0.011 -22"><span class='ocrx_word' id='word_1_327' title='bbox 473 2704 558 2758; x_wconf 87' lang='lat' dir='ltr'><strong>nis</strong></span> <span class='ocrx_word' id='word_1_328' title='bbox 601 2712 743 2757; x_wconf 88' lang='lat' dir='ltr'><strong>sorte</strong></span> <span class='ocrx_word' id='word_1_329' title='bbox 794 2707 1001 2761; x_wconf 63' lang='lat' dir='ltr'><strong>cazteris</strong></span> <span class='ocrx_word' id='word_1_330' title='bbox 1050 2708 1296 2763; x_wconf 88' lang='lat' dir='ltr'><strong>tribubus</strong></span> <span class='ocrx_word' id='word_1_331' title='bbox 1348 2710 1630 2766; x_wconf 86' lang='lat' dir='ltr'><strong>distributa</strong></span> <span class='ocrx_word' id='word_1_332' title='bbox 1684 2723 1844 2777; x_wconf 90' lang='lat' dir='ltr'><strong>esset,</strong></span> <span class='ocrx_word' id='word_1_333' title='bbox 1890 2719 2007 2773; x_wconf 87' lang='lat' dir='ltr'><strong>sine</strong></span> 
     </span>
    </p>
   </div>
   <div class='ocr_carea' id='block_1_45' title="bbox 473 2793 2006 2873">
    <p class='ocr_par' dir='ltr' id='par_1_45' title="bbox 473 2793 2006 2873">
     <span class='ocr_line' id='line_1_45' title="bbox 473 2793 2006 2873; baseline 0.013 -29"><span class='ocrx_word' id='word_1_334' title='bbox 473 2799 615 2845; x_wconf 89' lang='lat' dir='ltr'><strong>sorte</strong></span> <span class='ocrx_word' id='word_1_335' title='bbox 631 2793 974 2863; x_wconf 80' lang='lat' dir='ltr'><strong>omniumque</strong></span> <span class='ocrx_word' id='word_1_336' title='bbox 1000 2798 1168 2866; x_wconf 90' lang='lat' dir='ltr'><strong>prima</strong></span> <span class='ocrx_word' id='word_1_337' title='bbox 1194 2800 1366 2855; x_wconf 88' lang='lat' dir='ltr'><strong>tribus</strong></span> <span class='ocrx_word' id='word_1_338' title='bbox 1389 2798 1525 2856; x_wconf 84' lang='lat' dir='ltr'><strong>Juda</strong></span> <span class='ocrx_word' id='word_1_339' title='bbox 1554 2805 1824 2873; x_wconf 86' lang='lat' dir='ltr'><strong>propriam</strong></span> <span class='ocrx_word' id='word_1_340' title='bbox 1851 2814 2006 2864; x_wconf 64' lang='lat' dir='ltr'><strong>terra:</strong></span> 
     </span>
    </p>
   </div>
   <div class='ocr_carea' id='block_1_46' title="bbox 2117 1907 3606 1988">
    <p class='ocr_par' dir='ltr' id='par_1_46' title="bbox 2117 1907 3606 1988">
     <span class='ocr_line' id='line_1_46' title="bbox 2117 1907 3606 1988; baseline 0.007 -28"><span class='ocrx_word' id='word_1_341' title='bbox 2117 1907 2279 1979; x_wconf 83' lang='grc' dir='ltr'>τριῶν</span> <span class='ocrx_word' id='word_1_342' title='bbox 2299 1910 2474 1962; x_wconf 79' lang='grc' dir='ltr'>αὐτῶν</span> <span class='ocrx_word' id='word_1_343' title='bbox 2500 1913 2998 1984; x_wconf 86' lang='grc' dir='ltr'>παρεμϐαλέτωσαν</span> <span class='ocrx_word' id='word_1_344' title='bbox 3027 1917 3076 1968; x_wconf 76' lang='grc' dir='ltr'>οἱ</span> <span class='ocrx_word' id='word_1_345' title='bbox 3111 1916 3214 1969; x_wconf 71' lang='grc' dir='ltr'>υἱοὶ</span> <span class='ocrx_word' id='word_1_346' title='bbox 3256 1917 3453 1988; x_wconf 77' lang='grc' dir='ltr'>Ἰσραὴλ</span> <span class='ocrx_word' id='word_1_347' title='bbox 3473 1917 3606 1971; x_wconf 76' lang='grc' dir='ltr'>ἔναντι</span> 
     </span>
    </p>
   </div>
   <div class='ocr_carea' id='block_1_47' title="bbox 2118 1997 3603 2074">
    <p class='ocr_par' dir='ltr' id='par_1_47' title="bbox 2118 1997 3603 2074">
     <span class='ocr_line' id='line_1_47' title="bbox 2118 1997 3603 2074; baseline 0.006 -26"><span class='ocrx_word' id='word_1_348' title='bbox 2118 1997 2341 2068; x_wconf 81' lang='grc' dir='ltr'>Κυρίου,</span> <span class='ocrx_word' id='word_1_349' title='bbox 2371 1997 2550 2068; x_wconf 81' lang='grc' dir='ltr'>κύκλῳ</span> <span class='ocrx_word' id='word_1_350' title='bbox 2592 2000 2689 2069; x_wconf 82' lang='grc' dir='ltr'><strong>τῆς</strong></span> <span class='ocrx_word' id='word_1_351' title='bbox 2736 2003 2946 2072; x_wconf 82' lang='grc' dir='ltr'>σκηνῆς</span> <span class='ocrx_word' id='word_1_352' title='bbox 2975 2001 3070 2055; x_wconf 79' lang='grc' dir='ltr'><strong>τοῦ</strong></span> <span class='ocrx_word' id='word_1_353' title='bbox 3120 2004 3423 2074; x_wconf 83' lang='grc' dir='ltr'>μαρτυρίου,</span> <span class='ocrx_word' id='word_1_354' title='bbox 3467 2006 3540 2056; x_wconf 80' lang='grc' dir='ltr'>καὶ</span> <span class='ocrx_word' id='word_1_355' title='bbox 3570 2008 3603 2057; x_wconf 74' lang='grc' dir='ltr'>οἱ</span> 
     </span>
    </p>
   </div>
   <div class='ocr_carea' id='block_1_48' title="bbox 2117 2086 3605 2166">
    <p class='ocr_par' dir='ltr' id='par_1_48' title="bbox 2117 2086 3605 2166">
     <span class='ocr_line' id='line_1_48' title="bbox 2117 2086 3605 2166; baseline 0.007 -27"><span class='ocrx_word' id='word_1_356' title='bbox 2117 2086 2574 2157; x_wconf 79' lang='grc' dir='ltr'>παρεμϐάλλοντες</span> <span class='ocrx_word' id='word_1_357' title='bbox 2605 2090 2812 2160; x_wconf 88' lang='grc' dir='ltr'>πρῶτοι</span> <span class='ocrx_word' id='word_1_358' title='bbox 2844 2092 2988 2147; x_wconf 85' lang='grc' dir='ltr'>κατὰ</span> <span class='ocrx_word' id='word_1_359' title='bbox 3016 2093 3293 2158; x_wconf 84' lang='grc' dir='ltr'>ἀνατολὰς,</span> <span class='ocrx_word' id='word_1_360' title='bbox 3320 2093 3484 2165; x_wconf 84' lang='grc' dir='ltr'>τάγμα</span> <span class='ocrx_word' id='word_1_361' title='bbox 3506 2112 3605 2166; x_wconf 80' lang='grc' dir='ltr'>παρ-</span> 
     </span>
    </p>
   </div>
   <div class='ocr_carea' id='block_1_49' title="bbox 2113 2176 3603 2253">
    <p class='ocr_par' dir='ltr' id='par_1_49' title="bbox 2113 2176 3603 2253">
     <span class='ocr_line' id='line_1_49' title="bbox 2113 2176 3603 2253; baseline 0.006 -26"><span class='ocrx_word' id='word_1_362' title='bbox 2113 2176 2345 2246; x_wconf 87' lang='grc' dir='ltr'>εμϐολῆς</span> <span class='ocrx_word' id='word_1_363' title='bbox 2389 2177 2517 2231; x_wconf 89' lang='grc' dir='ltr'>υἱῶν</span> <span class='ocrx_word' id='word_1_364' title='bbox 2565 2178 2766 2242; x_wconf 82' lang='grc' dir='ltr'>Ἰούδα,</span> <span class='ocrx_word' id='word_1_365' title='bbox 2826 2183 2923 2234; x_wconf 79' lang='grc' dir='ltr'>σὺν</span> <span class='ocrx_word' id='word_1_366' title='bbox 2977 2183 3201 2253; x_wconf 79' lang='grc' dir='ltr'>δυνάμει</span> <span class='ocrx_word' id='word_1_367' title='bbox 3246 2185 3429 2236; x_wconf 76' lang='grc' dir='ltr'>αὐτῶν.</span> <span class='ocrx_word' id='word_1_368' title='bbox 3474 2203 3491 2236; x_wconf 80' lang='grc' dir='ltr'><strong>ι</strong></span> <span class='ocrx_word' id='word_1_369' title='bbox 3526 2186 3603 2236; x_wconf 84' lang='lat' dir='ltr'><strong>Kal</strong></span> 
     </span>
    </p>
   </div>
   <div class='ocr_carea' id='block_1_50' title="bbox 2112 2264 3605 2345">
    <p class='ocr_par' dir='ltr' id='par_1_50' title="bbox 2112 2264 3605 2345">
     <span class='ocr_line' id='line_1_50' title="bbox 2112 2264 3605 2345; baseline 0.008 -29"><span class='ocrx_word' id='word_1_370' title='bbox 2112 2264 2238 2334; x_wconf 78' lang='grc' dir='ltr'>ἑξῆς</span> <span class='ocrx_word' id='word_1_371' title='bbox 2266 2266 2356 2318; x_wconf 80' lang='grc' dir='ltr'>ἐπὶ</span> <span class='ocrx_word' id='word_1_372' title='bbox 2377 2265 2480 2318; x_wconf 88' lang='grc' dir='ltr'><strong>τῶν</strong></span> <span class='ocrx_word' id='word_1_373' title='bbox 2497 2268 2575 2330; x_wconf 87' lang='grc' dir='ltr'><strong>είς</strong></span> <span class='ocrx_word' id='word_1_374' title='bbox 2601 2269 2690 2320; x_wconf 83' lang='grc' dir='ltr'>τὸν</span> <span class='ocrx_word' id='word_1_375' title='bbox 2716 2271 3072 2342; x_wconf 79' lang='grc' dir='ltr'>ἐγκαινισμδν</span> <span class='ocrx_word' id='word_1_376' title='bbox 3105 2274 3202 2343; x_wconf 88' lang='grc' dir='ltr'><strong>τῆς</strong></span> <span class='ocrx_word' id='word_1_377' title='bbox 3245 2274 3431 2345; x_wconf 86' lang='grc' dir='ltr'>σκηνῆς</span> <span class='ocrx_word' id='word_1_378' title='bbox 3457 2275 3605 2343; x_wconf 80' lang='grc' dir='ltr'>ἀναφε·</span> 
     </span>
    </p>
   </div>
   <div class='ocr_carea' id='block_1_51' title="bbox 2115 2353 3605 2435">
    <p class='ocr_par' dir='ltr' id='par_1_51' title="bbox 2115 2353 3605 2435">
     <span class='ocr_line' id='line_1_51' title="bbox 2115 2353 3605 2435; baseline 0.007 -29"><span class='ocrx_word' id='word_1_379' title='bbox 2115 2354 2352 2425; x_wconf 86' lang='grc' dir='ltr'>ρομένων</span> <span class='ocrx_word' id='word_1_380' title='bbox 2377 2373 2390 2386; x_wconf 82' lang='grc'><strong><em>-</em></strong></span> <span class='ocrx_word' id='word_1_381' title='bbox 2425 2375 2443 2407; x_wconf 83' lang='grc' dir='ltr'><strong>ι</strong></span> <span class='ocrx_word' id='word_1_382' title='bbox 2484 2353 2616 2411; x_wconf 80' lang='grc' dir='ltr'>Εῐπε</span> <span class='ocrx_word' id='word_1_383' title='bbox 2644 2358 2850 2429; x_wconf 85' lang='grc' dir='ltr'>Κύριος</span> <span class='ocrx_word' id='word_1_384' title='bbox 2897 2362 3035 2432; x_wconf 81' lang='grc' dir='ltr'>πρὸς</span> <span class='ocrx_word' id='word_1_385' title='bbox 3074 2364 3337 2432; x_wconf 80' lang='grc' dir='ltr'>Μωῡσῆν·</span> <span class='ocrx_word' id='word_1_386' title='bbox 3374 2366 3526 2435; x_wconf 78' lang='grc' dir='ltr'>ἄρχων</span> <span class='ocrx_word' id='word_1_387' title='bbox 3549 2361 3605 2428; x_wconf 75' lang='grc' dir='ltr'>εἷς</span> 
     </span>
    </p>
   </div>
   <div class='ocr_carea' id='block_1_52' title="bbox 2109 2446 3604 2526">
    <p class='ocr_par' dir='ltr' id='par_1_52' title="bbox 2109 2446 3604 2526">
     <span class='ocr_line' id='line_1_52' title="bbox 2109 2446 3604 2526; baseline 0.007 -29"><span class='ocrx_word' id='word_1_388' title='bbox 2109 2446 2230 2498; x_wconf 82' lang='grc' dir='ltr'>καθ’</span> <span class='ocrx_word' id='word_1_389' title='bbox 2272 2448 2478 2519; x_wconf 78' lang='grc' dir='ltr'>ἡμέραν</span> <span class='ocrx_word' id='word_1_390' title='bbox 2533 2451 2883 2520; x_wconf 88' lang='grc' dir='ltr'>προσοίσουσι</span> <span class='ocrx_word' id='word_1_391' title='bbox 2939 2452 3009 2506; x_wconf 89' lang='grc' dir='ltr'><strong>τά</strong></span> <span class='ocrx_word' id='word_1_392' title='bbox 3057 2453 3203 2526; x_wconf 88' lang='grc' dir='ltr'>δῶρα</span> <span class='ocrx_word' id='word_1_393' title='bbox 3245 2455 3429 2509; x_wconf 76' lang='grc' dir='ltr'>αὐτῶν.</span> <span class='ocrx_word' id='word_1_394' title='bbox 3457 2452 3604 2525; x_wconf 74' lang='grc' dir='ltr'>Καὶῆν</span> 
     </span>
    </p>
   </div>
   <div class='ocr_carea' id='block_1_53' title="bbox 2106 2537 3602 2617">
    <p class='ocr_par' dir='ltr' id='par_1_53' title="bbox 2106 2537 3602 2617">
     <span class='ocr_line' id='line_1_53' title="bbox 2106 2537 3602 2617; baseline 0.009 -30"><span class='ocrx_word' id='word_1_395' title='bbox 2106 2537 2135 2586; x_wconf 87' lang='lat'><strong>6</strong></span> <span class='ocrx_word' id='word_1_396' title='bbox 2156 2538 2473 2609; x_wconf 75' lang='grc' dir='ltr'>προσφέρων</span> <span class='ocrx_word' id='word_1_397' title='bbox 2516 2542 2581 2610; x_wconf 84' lang='grc' dir='ltr'>τῇ</span> <span class='ocrx_word' id='word_1_398' title='bbox 2605 2539 2811 2613; x_wconf 66' lang='grc' dir='ltr'>’ἡμέρᾳ</span> <span class='ocrx_word' id='word_1_399' title='bbox 2838 2546 2905 2614; x_wconf 83' lang='grc' dir='ltr'><strong>τῇ</strong></span> <span class='ocrx_word' id='word_1_400' title='bbox 2953 2542 3145 2617; x_wconf 81' lang='grc' dir='ltr'>πρώτῃ</span> <span class='ocrx_word' id='word_1_401' title='bbox 3190 2546 3250 2599; x_wconf 84' lang='grc' dir='ltr'>τὸ</span> <span class='ocrx_word' id='word_1_402' title='bbox 3273 2546 3429 2617; x_wconf 84' lang='grc' dir='ltr'>δῶρον</span> <span class='ocrx_word' id='word_1_403' title='bbox 3464 2545 3602 2608; x_wconf 75' lang='grc' dir='ltr'>αὑτοῦ,</span> 
     </span>
    </p>
   </div>
   <div class='ocr_carea' id='block_1_54' title="bbox 2106 2624 3599 2705">
    <p class='ocr_par' dir='ltr' id='par_1_54' title="bbox 2106 2624 3599 2705">
     <span class='ocr_line' id='line_1_54' title="bbox 2106 2624 3599 2705; baseline 0.009 -30"><span class='ocrx_word' id='word_1_404' title='bbox 2106 2624 2370 2678; x_wconf 87' lang='grc' dir='ltr'>Ναασσὼν</span> <span class='ocrx_word' id='word_1_405' title='bbox 2400 2628 2512 2690; x_wconf 84' lang='grc' dir='ltr'>υίὸς</span> <span class='ocrx_word' id='word_1_406' title='bbox 2547 2629 2863 2698; x_wconf 82' lang='grc' dir='ltr'>’Δμιναδάϐ,</span> <span class='ocrx_word' id='word_1_407' title='bbox 2895 2632 3197 2705; x_wconf 68' lang='grc' dir='ltr'>ἄρχων,τῆς</span> <span class='ocrx_word' id='word_1_408' title='bbox 3227 2635 3389 2705; x_wconf 87' lang='grc' dir='ltr'>φυλῆς</span> <span class='ocrx_word' id='word_1_409' title='bbox 3417 2636 3599 2690; x_wconf 79' lang='grc' dir='ltr'>Ἰούδα.»</span> 
     </span>
    </p>
   </div>
   <div class='ocr_carea' id='block_1_55' title="bbox 2104 2710 3603 2793">
    <p class='ocr_par' dir='ltr' id='par_1_55' title="bbox 2104 2710 3603 2793">
     <span class='ocr_line' id='line_1_55' title="bbox 2104 2710 3603 2793; baseline 0.011 -31"><span class='ocrx_word' id='word_1_410' title='bbox 2104 2710 2210 2763; x_wconf 82' lang='grc' dir='ltr'><strong>Καὶ</strong></span> <span class='ocrx_word' id='word_1_411' title='bbox 2236 2714 2293 2764; x_wconf 87' lang='grc' dir='ltr'>ἐν</span> <span class='ocrx_word' id='word_1_412' title='bbox 2323 2715 2386 2783; x_wconf 78' lang='grc' dir='ltr'><strong>τῇ</strong></span> <span class='ocrx_word' id='word_1_413' title='bbox 2440 2713 2602 2786; x_wconf 83' lang='grc' dir='ltr'>βίϐλῳ</span> <span class='ocrx_word' id='word_1_414' title='bbox 2637 2716 2695 2769; x_wconf 81' lang='grc' dir='ltr'>δὲ</span> <span class='ocrx_word' id='word_1_415' title='bbox 2736 2718 2833 2771; x_wconf 80' lang='grc' dir='ltr'>τοῦ</span> <span class='ocrx_word' id='word_1_416' title='bbox 2881 2720 3056 2790; x_wconf 79' lang='grc' dir='ltr'>Ἰησοῦ</span> <span class='ocrx_word' id='word_1_417' title='bbox 3106 2721 3199 2774; x_wconf 77' lang='grc' dir='ltr'>τοῦ</span> <span class='ocrx_word' id='word_1_418' title='bbox 3231 2722 3377 2793; x_wconf 80' lang='grc' dir='ltr'>Ναυῆ</span> <span class='ocrx_word' id='word_1_419' title='bbox 3419 2724 3500 2793; x_wconf 79' lang='grc' dir='ltr'><strong>τῆς</strong></span> <span class='ocrx_word' id='word_1_420' title='bbox 3531 2723 3603 2793; x_wconf 73' lang='grc' dir='ltr'><strong>γῆς</strong></span> 
     </span>
    </p>
   </div>
   <div class='ocr_carea' id='block_1_56' title="bbox 2102 2798 3601 2885">
    <p class='ocr_par' dir='ltr' id='par_1_56' title="bbox 2102 2798 3601 2885">
     <span class='ocr_line' id='line_1_56' title="bbox 2102 2798 3601 2885; baseline 0.015 -36"><span class='ocrx_word' id='word_1_421' title='bbox 2102 2798 2197 2869; x_wconf 86' lang='grc' dir='ltr'><strong>τῆς</strong></span> <span class='ocrx_word' id='word_1_422' title='bbox 2224 2801 2551 2870; x_wconf 76' lang='grc' dir='ltr'>ἐπαγγελίας</span> <span class='ocrx_word' id='word_1_423' title='bbox 2577 2804 2767 2876; x_wconf 84' lang='grc' dir='ltr'>κλήρῳ</span> <span class='ocrx_word' id='word_1_424' title='bbox 2805 2811 2949 2863; x_wconf 86' lang='grc' dir='ltr'><strong>κατά</strong></span> <span class='ocrx_word' id='word_1_425' title='bbox 2980 2810 3089 2864; x_wconf 78' lang='grc' dir='ltr'><strong>τῶν</strong></span> <span class='ocrx_word' id='word_1_426' title='bbox 3123 2812 3315 2867; x_wconf 89' lang='grc' dir='ltr'>λοιπῶν</span> <span class='ocrx_word' id='word_1_427' title='bbox 3344 2815 3498 2885; x_wconf 83' lang='grc' dir='ltr'>φυλῶν</span> <span class='ocrx_word' id='word_1_428' title='bbox 3516 2815 3601 2869; x_wconf 69' lang='lat' dir='ltr'><strong>6m-</strong></span> 
     </span>
    </p>
   </div>
   <div class='ocr_carea' id='block_1_57' title="bbox 469 2882 2000 2976">
    <p class='ocr_par' dir='ltr' id='par_1_57' title="bbox 469 2882 2000 2966">
     <span class='ocr_line' id='line_1_57' title="bbox 469 2882 2000 2966; baseline 0.014 -35"><span class='ocrx_word' id='word_1_429' title='bbox 469 2890 673 2948; x_wconf 84' lang='lat' dir='ltr'><strong>partem</strong></span> <span class='ocrx_word' id='word_1_430' title='bbox 708 2883 933 2951; x_wconf 88' lang='lat' dir='ltr'><strong>accepit.</strong></span> <span class='ocrx_word' id='word_1_431' title='bbox 966 2882 1069 2939; x_wconf 86' lang='lat' dir='ltr'><strong>Sed</strong></span> <span class='ocrx_word' id='word_1_432' title='bbox 1098 2888 1256 2940; x_wconf 86' lang='lat' dir='ltr'><strong>etiam</strong></span> <span class='ocrx_word' id='word_1_433' title='bbox 1288 2896 1408 2958; x_wconf 90' lang='lat' dir='ltr'><strong>post</strong></span> <span class='ocrx_word' id='word_1_434' title='bbox 1434 2900 1667 2945; x_wconf 88' lang='lat' dir='ltr'><strong>mortem</strong></span> <span class='ocrx_word' id='word_1_435' title='bbox 1689 2892 1813 2950; x_wconf 86' lang='lat' dir='ltr'><strong>Jesu</strong></span> <span class='ocrx_word' id='word_1_436' title='bbox 1847 2912 2000 2966; x_wconf 85' lang='lat' dir='ltr'><strong>roga-</strong></span> 
     </span>
    </p>
   </div>
   <div class='ocr_carea' id='block_1_58' title="bbox 2100 2882 3601 2976">
    <p class='ocr_par' dir='ltr' id='par_1_58' title="bbox 2101 2882 3601 2976">
     <span class='ocr_line' id='line_1_58' title="bbox 2101 2882 3601 2976; baseline 0.011 -34"><span class='ocrx_word' id='word_1_437' title='bbox 2101 2891 2479 2963; x_wconf 73' lang='grc' dir='ltr'>νεμηθείσης,</span> <span class='ocrx_word' id='word_1_438' title='bbox 2513 2895 2795 2967; x_wconf 75' lang='grc' dir='ltr'>ἀκληρωτὶ</span> <span class='ocrx_word' id='word_1_439' title='bbox 2852 2900 2949 2952; x_wconf 76' lang='grc' dir='ltr'>καὶ</span> <span class='ocrx_word' id='word_1_440' title='bbox 3009 2902 3196 2956; x_wconf 86' lang='grc' dir='ltr'>πασῶν</span> <span class='ocrx_word' id='word_1_441' title='bbox 3245 2882 3418 2976; x_wconf 71' lang='grc' dir='ltr'>πρώτη</span> <span class='ocrx_word' id='word_1_442' title='bbox 3467 2907 3495 2975; x_wconf 77' lang='grc' dir='ltr'><strong>ἡ</strong></span> <span class='ocrx_word' id='word_1_443' title='bbox 3534 2904 3601 2958; x_wconf 73' lang='grc' dir='ltr'>τοῦ</span> 
     </span>
    </p>
   </div>
   <div class='ocr_carea' id='block_1_59' title="bbox 468 2967 2000 3065">
    <p class='ocr_par' dir='ltr' id='par_1_59' title="bbox 468 2967 2000 3047">
     <span class='ocr_line' id='line_1_59' title="bbox 468 2967 2000 3047; baseline 0.015 -29"><span class='ocrx_word' id='word_1_444' title='bbox 468 2973 659 3019; x_wconf 87' lang='lat' dir='ltr'><strong>verunt</strong></span> <span class='ocrx_word' id='word_1_445' title='bbox 689 2967 781 3020; x_wconf 91' lang='lat' dir='ltr'><strong>ﬁlii</strong></span> <span class='ocrx_word' id='word_1_446' title='bbox 811 2967 970 3023; x_wconf 86' lang='lat' dir='ltr'><strong>lsrael</strong></span> <span class='ocrx_word' id='word_1_447' title='bbox 993 2972 1046 3025; x_wconf 92' lang='lat' dir='ltr'><strong>in</strong></span> <span class='ocrx_word' id='word_1_448' title='bbox 1065 2971 1288 3028; x_wconf 89' lang='lat' dir='ltr'><strong>Domino</strong></span> <span class='ocrx_word' id='word_1_449' title='bbox 1310 2977 1548 3032; x_wconf 89' lang='lat' dir='ltr'><strong>dicentes</strong></span> <span class='ocrx_word' id='word_1_450' title='bbox 1576 2997 1590 3032; x_wconf 87' lang='lat'><strong>:</strong></span> <span class='ocrx_word' id='word_1_451' title='bbox 1614 2999 1631 3031; x_wconf 76' lang='grc' dir='ltr'><strong>ι</strong></span> <span class='ocrx_word' id='word_1_452' title='bbox 1663 2980 1794 3047; x_wconf 84' lang='lat' dir='ltr'><strong>Quis</strong></span> <span class='ocrx_word' id='word_1_453' title='bbox 1816 2999 2000 3040; x_wconf 84' lang='lat' dir='ltr'><strong>ascen-</strong></span> 
     </span>
    </p>
   </div>
   <div class='ocr_carea' id='block_1_60' title="bbox 2100 2967 3598 3065">
    <p class='ocr_par' dir='ltr' id='par_1_60' title="bbox 2113 2967 3598 3065">
     <span class='ocr_line' id='line_1_60' title="bbox 2113 2967 3598 3065; baseline 0.01 -32"><span class='ocrx_word' id='word_1_454' title='bbox 2113 2980 2275 3034; x_wconf 88' lang='grc' dir='ltr'>Ἰούδα</span> <span class='ocrx_word' id='word_1_455' title='bbox 2324 2983 2460 3055; x_wconf 81' lang='grc' dir='ltr'>φυλὴ</span> <span class='ocrx_word' id='word_1_456' title='bbox 2498 2985 2557 3037; x_wconf 79' lang='grc' dir='ltr'>τὸ</span> <span class='ocrx_word' id='word_1_457' title='bbox 2584 2987 2787 3040; x_wconf 79' lang='grc' dir='ltr'>οἰκεῖον</span> <span class='ocrx_word' id='word_1_458' title='bbox 2817 2989 2984 3061; x_wconf 83' lang='grc' dir='ltr'>μέρος</span> <span class='ocrx_word' id='word_1_459' title='bbox 3014 2991 3115 3061; x_wconf 85' lang='grc' dir='ltr'><strong>τῆς</strong></span> <span class='ocrx_word' id='word_1_460' title='bbox 3139 2993 3243 3062; x_wconf 88' lang='grc' dir='ltr'><strong>γῆς</strong></span> <span class='ocrx_word' id='word_1_461' title='bbox 3277 2967 3598 3065; x_wconf 74' lang='grc' dir='ltr'>ἀπολαμϐάνει.</span> 
     </span>
    </p>
   </div>
   <div class='ocr_carea' id='block_1_61' title="bbox 468 3058 2000 3166">
    <p class='ocr_par' dir='ltr' id='par_1_61' title="bbox 468 3058 2000 3166">
     <span class='ocr_line' id='line_1_61' title="bbox 468 3058 2000 3131; baseline 0.016 -24"><span class='ocrx_word' id='word_1_462' title='bbox 468 3058 557 3110; x_wconf 88' lang='lat' dir='ltr'><strong>det</strong></span> <span class='ocrx_word' id='word_1_463' title='bbox 589 3064 712 3111; x_wconf 85' lang='lat' dir='ltr'><strong>ante</strong></span> <span class='ocrx_word' id='word_1_464' title='bbox 754 3072 854 3113; x_wconf 86' lang='lat' dir='ltr'><strong>nos</strong></span> <span class='ocrx_word' id='word_1_465' title='bbox 887 3060 1086 3114; x_wconf 80' lang='lat' dir='ltr'><strong>contra&#39;</strong></span> <span class='ocrx_word' id='word_1_466' title='bbox 1112 3061 1492 3131; x_wconf 68' lang='lat' dir='ltr'><strong>Chananaeum,</strong></span> <span class='ocrx_word' id='word_1_467' title='bbox 1522 3078 1574 3123; x_wconf 84' lang='lat' dir='ltr'><strong>et</strong></span> <span class='ocrx_word' id='word_1_468' title='bbox 1612 3071 1714 3124; x_wconf 89' lang='lat' dir='ltr'><strong>erit</strong></span> <span class='ocrx_word' id='word_1_469' title='bbox 1739 3072 1847 3128; x_wconf 83' lang='lat' dir='ltr'><strong>dux</strong></span> <span class='ocrx_word' id='word_1_470' title='bbox 1875 3075 2000 3131; x_wconf 88' lang='lat' dir='ltr'><strong>belli</strong></span> 
     </span>
     <span class='ocr_line' id='line_1_62' title="bbox 468 3145 1738 3166; baseline 0 0"><span class='ocrx_word' id='word_1_471' title='bbox 468 3145 517 3166; x_wconf 68' lang='grc' dir='ltr'>ε-.</span> <span class='ocrx_word' id='word_1_472' title='bbox 558 3145 708 3166; x_wconf 56' lang='grc' dir='ltr'><strong>---μα</strong></span> <span class='ocrx_word' id='word_1_473' title='bbox 738 3145 800 3166; x_wconf 69' lang='grc' dir='ltr'>π.</span> <span class='ocrx_word' id='word_1_474' title='bbox 1015 3149 1052 3166; x_wconf 60' lang='grc' dir='ltr'>η</span> <span class='ocrx_word' id='word_1_475' title='bbox 1150 3153 1161 3164; x_wconf 91' lang='grc'><strong>.</strong></span> <span class='ocrx_word' id='word_1_476' title='bbox 1344 3153 1365 3166; x_wconf 90' lang='grc'><strong>.</strong></span> <span class='ocrx_word' id='word_1_477' title='bbox 1422 3157 1435 3166; x_wconf 85' lang='grc'><strong>.</strong></span> <span class='ocrx_word' id='word_1_478' title='bbox 1726 3161 1738 3166; x_wconf 92' lang='grc'><strong>-</strong></span> 
     </span>
    </p>
   </div>
   <div class='ocr_carea' id='block_1_62' title="bbox 2100 3058 3599 3166">
    <p class='ocr_par' dir='ltr' id='par_1_62' title="bbox 2114 3058 3599 3155">
     <span class='ocr_line' id='line_1_63' title="bbox 2114 3058 3599 3155; baseline 0.008 -32"><span class='ocrx_word' id='word_1_479' title='bbox 2114 3069 2269 3124; x_wconf 84' lang='grc' dir='ltr'>Ἀλλά</span> <span class='ocrx_word' id='word_1_480' title='bbox 2307 3075 2398 3125; x_wconf 80' lang='grc' dir='ltr'>καὶ</span> <span class='ocrx_word' id='word_1_481' title='bbox 2433 3074 2570 3143; x_wconf 88' lang='grc' dir='ltr'><strong>μετά</strong></span> <span class='ocrx_word' id='word_1_482' title='bbox 2612 3075 2716 3147; x_wconf 83' lang='grc' dir='ltr'>τὴν</span> <span class='ocrx_word' id='word_1_483' title='bbox 2766 3058 3025 3152; x_wconf 79' lang='grc' dir='ltr'>τελευτὴν</span> <span class='ocrx_word' id='word_1_484' title='bbox 3067 3058 3238 3153; x_wconf 81' lang='grc' dir='ltr'>Ἰησοῦ</span> <span class='ocrx_word' id='word_1_485' title='bbox 3278 3058 3533 3155; x_wconf 62' lang='grc' dir='ltr'>ἐπηρῶτων</span> <span class='ocrx_word' id='word_1_486' title='bbox 3565 3086 3599 3136; x_wconf 87' lang='lat' dir='ltr'><strong>ol</strong></span> 
     </span>
    </p>
   </div>
   <div class='ocr_carea' id='block_1_63' title="bbox 468 3145 2000 3245">
    <p class='ocr_par' dir='ltr' id='par_1_63' title="bbox 468 3145 2000 3222">
     <span class='ocr_line' id='line_1_64' title="bbox 468 3145 2000 3222; baseline 0.016 -26"><span class='ocrx_word' id='word_1_487' title='bbox 468 3145 522 3198; x_wconf 90' lang='lat' dir='ltr'><strong>in</strong></span> <span class='ocrx_word' id='word_1_488' title='bbox 550 3145 708 3199; x_wconf 83' lang='lat' dir='ltr'><strong>eum?</strong></span> <span class='ocrx_word' id='word_1_489' title='bbox 738 3145 804 3199; x_wconf 92' lang='lat' dir='ltr'><strong>Et</strong></span> <span class='ocrx_word' id='word_1_490' title='bbox 835 3147 972 3203; x_wconf 79' lang='lat' dir='ltr'><strong>dixit</strong></span> <span class='ocrx_word' id='word_1_491' title='bbox 1013 3149 1291 3217; x_wconf 89' lang='lat' dir='ltr'><strong>Dominus,</strong></span> <span class='ocrx_word' id='word_1_492' title='bbox 1336 3153 1502 3211; x_wconf 87' lang='lat' dir='ltr'><strong>Judas</strong></span> <span class='ocrx_word' id='word_1_493' title='bbox 1547 3161 1834 3217; x_wconf 90' lang='lat' dir='ltr'><strong>ascendet:</strong></span> <span class='ocrx_word' id='word_1_494' title='bbox 1874 3178 2000 3222; x_wconf 88' lang='lat' dir='ltr'><strong>ecce</strong></span> 
     </span>
    </p>
   </div>
   <div class='ocr_carea' id='block_1_64' title="bbox 2100 3145 3601 3245">
    <p class='ocr_par' dir='ltr' id='par_1_64' title="bbox 2100 3145 3601 3245">
     <span class='ocr_line' id='line_1_65' title="bbox 2100 3145 3601 3245; baseline 0.009 -33"><span class='ocrx_word' id='word_1_495' title='bbox 2100 3161 2203 3213; x_wconf 79' lang='grc' dir='ltr'>υἱοὶ</span> <span class='ocrx_word' id='word_1_496' title='bbox 2245 3162 2455 3233; x_wconf 83' lang='grc' dir='ltr'>Ἰσραὴλ</span> <span class='ocrx_word' id='word_1_497' title='bbox 2493 3166 2550 3216; x_wconf 88' lang='grc' dir='ltr'><strong>ἐν</strong></span> <span class='ocrx_word' id='word_1_498' title='bbox 2579 3145 2798 3237; x_wconf 85' lang='grc' dir='ltr'>Κυρίῳ,</span> <span class='ocrx_word' id='word_1_499' title='bbox 2839 3145 3090 3238; x_wconf 76' lang='grc' dir='ltr'>λέγοντες</span> <span class='ocrx_word' id='word_1_500' title='bbox 3111 3145 3139 3202; x_wconf 43' lang='grc' dir='ltr'><strong>ο.</strong></span> <span class='ocrx_word' id='word_1_501' title='bbox 3167 3190 3187 3224; x_wconf 81' lang='grc' dir='ltr'><strong>ι</strong></span> <span class='ocrx_word' id='word_1_502' title='bbox 3218 3174 3310 3238; x_wconf 85' lang='grc' dir='ltr'><strong>Τίς</strong></span> <span class='ocrx_word' id='word_1_503' title='bbox 3340 3145 3601 3245; x_wconf 69' lang='grc' dir='ltr'>ἀναϐήσεται</span> 
     </span>
    </p>
   </div>
   <div class='ocr_carea' id='block_1_65' title="bbox 466 3235 2000 3335">
    <p class='ocr_par' dir='ltr' id='par_1_65' title="bbox 466 3235 1996 3320">
     <span class='ocr_line' id='line_1_66' title="bbox 466 3235 1996 3320; baseline 0.015 -34"><span class='ocrx_word' id='word_1_504' title='bbox 466 3235 587 3290; x_wconf 81' lang='lat' dir='ltr'><strong>dedi</strong></span> <span class='ocrx_word' id='word_1_505' title='bbox 633 3244 830 3291; x_wconf 88' lang='lat' dir='ltr'><strong>terram</strong></span> <span class='ocrx_word' id='word_1_506' title='bbox 880 3239 935 3292; x_wconf 91' lang='lat' dir='ltr'><strong>in</strong></span> <span class='ocrx_word' id='word_1_507' title='bbox 966 3256 1153 3297; x_wconf 87' lang='lat' dir='ltr'><strong>manus</strong></span> <span class='ocrx_word' id='word_1_508' title='bbox 1179 3244 1296 3312; x_wconf 84' lang='lat' dir='ltr'><strong>ejus</strong></span> <span class='ocrx_word' id='word_1_509' title='bbox 1317 3246 1380 3301; x_wconf 84' lang='grc'><strong>³⁸.</strong></span> <span class='ocrx_word' id='word_1_510' title='bbox 1416 3265 1435 3297; x_wconf 71' lang='grc' dir='ltr'><strong>ι</strong></span> <span class='ocrx_word' id='word_1_511' title='bbox 1470 3246 1633 3303; x_wconf 88' lang='lat' dir='ltr'><strong>Plane</strong></span> <span class='ocrx_word' id='word_1_512' title='bbox 1660 3251 1822 3320; x_wconf 84' lang='lat' dir='ltr'><strong>igitur</strong></span> <span class='ocrx_word' id='word_1_513' title='bbox 1853 3257 1996 3309; x_wconf 88' lang='lat' dir='ltr'><strong>omni</strong></span> 
     </span>
    </p>
   </div>
   <div class='ocr_carea' id='block_1_66' title="bbox 2100 3235 3601 3335">
    <p class='ocr_par' dir='ltr' id='par_1_66' title="bbox 2100 3235 3601 3335">
     <span class='ocr_line' id='line_1_67' title="bbox 2100 3235 3601 3335; baseline -0.001 -31"><span class='ocrx_word' id='word_1_514' title='bbox 2100 3251 2224 3320; x_wconf 81' lang='grc' dir='ltr'>ἡμῖν</span> <span class='ocrx_word' id='word_1_515' title='bbox 2252 3253 2386 3324; x_wconf 83' lang='grc' dir='ltr'>πρὸς</span> <span class='ocrx_word' id='word_1_516' title='bbox 2408 3252 2499 3307; x_wconf 83' lang='grc' dir='ltr'>τὸν</span> <span class='ocrx_word' id='word_1_517' title='bbox 2532 3235 2864 3327; x_wconf 66' lang='grc' dir='ltr'>Χαύαναῖον,</span> <span class='ocrx_word' id='word_1_518' title='bbox 2904 3235 3397 3335; x_wconf 16' lang='grc' dir='ltr'>ἀφηγούμενοςήτοῧ</span> <span class='ocrx_word' id='word_1_519' title='bbox 3416 3235 3601 3335; x_wconf 54' lang='grc' dir='ltr'>πολεμῇ-</span> 
     </span>
    </p>
   </div>
   <div class='ocr_carea' id='block_1_67' title="bbox 465 3325 2000 3424">
    <p class='ocr_par' dir='ltr' id='par_1_67' title="bbox 465 3325 1999 3411">
     <span class='ocr_line' id='line_1_68' title="bbox 465 3325 1999 3411; baseline 0.014 -35"><span class='ocrx_word' id='word_1_520' title='bbox 465 3325 628 3389; x_wconf 80' lang='lat' dir='ltr'><strong>lsrael</strong></span> <span class='ocrx_word' id='word_1_521' title='bbox 660 3340 889 3394; x_wconf 62' lang='lat' dir='ltr'><strong>praeesse</strong></span> <span class='ocrx_word' id='word_1_522' title='bbox 923 3330 1121 3384; x_wconf 90' lang='lat' dir='ltr'><strong>tribum</strong></span> <span class='ocrx_word' id='word_1_523' title='bbox 1168 3331 1305 3387; x_wconf 82' lang='lat' dir='ltr'><strong>Juda</strong></span> <span class='ocrx_word' id='word_1_524' title='bbox 1333 3333 1472 3390; x_wconf 84' lang='lat' dir='ltr'><strong>Deus</strong></span> <span class='ocrx_word' id='word_1_525' title='bbox 1511 3336 1565 3390; x_wconf 89' lang='lat' dir='ltr'><strong>in</strong></span> <span class='ocrx_word' id='word_1_526' title='bbox 1595 3337 1679 3393; x_wconf 88' lang='lat' dir='ltr'><strong>his</strong></span> <span class='ocrx_word' id='word_1_527' title='bbox 1708 3341 1888 3397; x_wconf 86' lang='lat' dir='ltr'><strong>verbis</strong></span> <span class='ocrx_word' id='word_1_528' title='bbox 1910 3342 1999 3411; x_wconf 87' lang='lat' dir='ltr'><strong>ju-</strong></span> 
     </span>
    </p>
   </div>
   <div class='ocr_carea' id='block_1_68' title="bbox 2100 3325 3601 3424">
    <p class='ocr_par' dir='ltr' id='par_1_68' title="bbox 2100 3325 3601 3424">
     <span class='ocr_line' id='line_1_69' title="bbox 2100 3325 3601 3424; baseline 0.01 -33"><span class='ocrx_word' id='word_1_529' title='bbox 2100 3356 2182 3391; x_wconf 82' lang='grc' dir='ltr'><strong>σαι</strong></span> <span class='ocrx_word' id='word_1_530' title='bbox 2232 3340 2289 3391; x_wconf 87' lang='grc' dir='ltr'><strong>ἐν</strong></span> <span class='ocrx_word' id='word_1_531' title='bbox 2351 3341 2538 3413; x_wconf 81' lang='grc' dir='ltr'>αὐτῷ;</span> <span class='ocrx_word' id='word_1_532' title='bbox 2587 3346 2701 3398; x_wconf 87' lang='lat' dir='ltr'><strong>Kal</strong></span> <span class='ocrx_word' id='word_1_533' title='bbox 2753 3325 2876 3402; x_wconf 80' lang='grc' dir='ltr'>εἷπε</span> <span class='ocrx_word' id='word_1_534' title='bbox 2918 3325 3164 3423; x_wconf 58' lang='grc' dir='ltr'>Κύριος·</span> <span class='ocrx_word' id='word_1_535' title='bbox 3230 3325 3413 3419; x_wconf 81' lang='grc' dir='ltr'>Ἰούδας</span> 
     </span>
    </p>
   </div>
   <div class='ocr_carea' id='block_1_69' title="bbox 465 3414 2000 3517">
    <p class='ocr_par' dir='ltr' id='par_1_69' title="bbox 465 3414 1998 3495">
     <span class='ocr_line' id='line_1_70' title="bbox 465 3414 1998 3495; baseline 0.012 -27"><span class='ocrx_word' id='word_1_536' title='bbox 465 3414 572 3471; x_wconf 85' lang='lat' dir='ltr'><strong>bet.</strong></span> <span class='ocrx_word' id='word_1_537' title='bbox 600 3414 864 3480; x_wconf 70' lang='lat' dir='ltr'><strong>Quocirca</strong></span> <span class='ocrx_word' id='word_1_538' title='bbox 892 3418 1145 3495; x_wconf 87' lang='lat' dir='ltr'><strong>deinceps</strong></span> <span class='ocrx_word' id='word_1_539' title='bbox 1172 3423 1430 3492; x_wconf 89' lang='lat' dir='ltr'><strong>scriptum</strong></span> <span class='ocrx_word' id='word_1_540' title='bbox 1455 3433 1538 3480; x_wconf 90' lang='lat' dir='ltr'><strong>est</strong></span> <span class='ocrx_word' id='word_1_541' title='bbox 1570 3442 1583 3478; x_wconf 90' lang='lat'><strong>:</strong></span> <span class='ocrx_word' id='word_1_542' title='bbox 1616 3446 1635 3479; x_wconf 79' lang='grc' dir='ltr'><strong>ι</strong></span> <span class='ocrx_word' id='word_1_543' title='bbox 1665 3428 1729 3482; x_wconf 86' lang='grc' dir='ltr'>Ει</span> <span class='ocrx_word' id='word_1_544' title='bbox 1758 3434 1998 3489; x_wconf 89' lang='lat' dir='ltr'><strong>ascendit</strong></span> 
     </span>
    </p>
   </div>
   <div class='ocr_carea' id='block_1_70' title="bbox 2100 3414 3597 3517">
    <p class='ocr_par' dir='ltr' id='par_1_70' title="bbox 2100 3414 3597 3517">
     <span class='ocr_line' id='line_1_71' title="bbox 2100 3414 3597 3517; baseline 0.008 -37"><span class='ocrx_word' id='word_1_545' title='bbox 2100 3445 2259 3482; x_wconf 81' lang='grc' dir='ltr'>σεται.</span> <span class='ocrx_word' id='word_1_546' title='bbox 2306 3430 2431 3517; x_wconf 77' lang='grc' dir='ltr'>Ἰδοὺ</span> <span class='ocrx_word' id='word_1_547' title='bbox 2480 3433 2687 3488; x_wconf 83' lang='grc' dir='ltr'>δέδωκα</span> <span class='ocrx_word' id='word_1_548' title='bbox 2733 3438 2836 3509; x_wconf 78' lang='grc' dir='ltr'>τὴν</span> <span class='ocrx_word' id='word_1_549' title='bbox 2891 3414 3021 3511; x_wconf 45' lang='grc' dir='ltr'>γῆν·</span> <span class='ocrx_word' id='word_1_550' title='bbox 3049 3414 3130 3507; x_wconf 82' lang='grc' dir='ltr'><strong>είς</strong></span> <span class='ocrx_word' id='word_1_551' title='bbox 3183 3448 3363 3517; x_wconf 85' lang='grc' dir='ltr'>χεῖρας</span> <span class='ocrx_word' id='word_1_552' title='bbox 3395 3414 3554 3498; x_wconf 77' lang='grc' dir='ltr'>αὑτοῦ.</span> <span class='ocrx_word' id='word_1_553' title='bbox 3573 3414 3597 3492; x_wconf 46' lang='grc' dir='ltr'><strong>ἰ</strong></span> 
     </span>
    </p>
   </div>
   <div class='ocr_carea' id='block_1_71' title="bbox 463 3503 2000 3606">
    <p class='ocr_par' dir='ltr' id='par_1_71' title="bbox 463 3503 1999 3578">
     <span class='ocr_line' id='line_1_72' title="bbox 463 3503 1999 3578; baseline 0.014 -22"><span class='ocrx_word' id='word_1_554' title='bbox 463 3503 488 3556; x_wconf 90' lang='lat' dir='ltr'><strong>J</strong></span> <span class='ocrx_word' id='word_1_555' title='bbox 500 3504 651 3570; x_wconf 88' lang='lat' dir='ltr'><strong>udas,</strong></span> <span class='ocrx_word' id='word_1_556' title='bbox 681 3514 734 3559; x_wconf 85' lang='lat' dir='ltr'><strong>et</strong></span> <span class='ocrx_word' id='word_1_557' title='bbox 763 3507 983 3562; x_wconf 84' lang='lat' dir='ltr'><strong>tradidit</strong></span> <span class='ocrx_word' id='word_1_558' title='bbox 1030 3508 1286 3567; x_wconf 83' lang='lat' dir='ltr'><strong>Dominus</strong></span> <span class='ocrx_word' id='word_1_559' title='bbox 1316 3513 1672 3570; x_wconf 73' lang='lat' dir='ltr'><strong>Chananzeum</strong></span> <span class='ocrx_word' id='word_1_560' title='bbox 1713 3526 1766 3573; x_wconf 87' lang='lat' dir='ltr'><strong>et</strong></span> <span class='ocrx_word' id='word_1_561' title='bbox 1800 3519 1999 3578; x_wconf 84' lang='lat' dir='ltr'><strong>Phere-</strong></span> 
     </span>
    </p>
   </div>
   <div class='ocr_carea' id='block_1_72' title="bbox 2100 3503 3598 3606">
    <p class='ocr_par' dir='ltr' id='par_1_72' title="bbox 2100 3503 3598 3606">
     <span class='ocr_line' id='line_1_73' title="bbox 2100 3503 3598 3606; baseline 0.011 -38"><span class='ocrx_word' id='word_1_562' title='bbox 2100 3518 2284 3586; x_wconf 86' lang='grc' dir='ltr'>Σαφῶς</span> <span class='ocrx_word' id='word_1_563' title='bbox 2342 3515 2433 3573; x_wconf 79' lang='grc' dir='ltr'><strong>οὖν</strong></span> <span class='ocrx_word' id='word_1_564' title='bbox 2481 3521 2572 3575; x_wconf 79' lang='grc' dir='ltr'>τοῦ</span> <span class='ocrx_word' id='word_1_565' title='bbox 2618 3503 2829 3591; x_wconf 72' lang='grc' dir='ltr'>παντδς</span> <span class='ocrx_word' id='word_1_566' title='bbox 2878 3503 3094 3603; x_wconf 77' lang='grc' dir='ltr'>Ἰσραὴλ</span> <span class='ocrx_word' id='word_1_567' title='bbox 3110 3503 3369 3604; x_wconf 27' lang='grc' dir='ltr'>*ἡγεῖσθαι</span> <span class='ocrx_word' id='word_1_568' title='bbox 3413 3534 3495 3606; x_wconf 80' lang='grc' dir='ltr'>τὴν</span> <span class='ocrx_word' id='word_1_569' title='bbox 3534 3529 3598 3585; x_wconf 73' lang='grc' dir='ltr'>τοῦ</span> 
     </span>
    </p>
   </div>
   <div class='ocr_carea' id='block_1_73' title="bbox 465 3595 2000 3696">
    <p class='ocr_par' dir='ltr' id='par_1_73' title="bbox 465 3595 1993 3673">
     <span class='ocr_line' id='line_1_74' title="bbox 465 3595 1993 3673; baseline 0.013 -27"><span class='ocrx_word' id='word_1_570' title='bbox 465 3609 635 3647; x_wconf 75' lang='lat' dir='ltr'><strong>zaaum</strong></span> <span class='ocrx_word' id='word_1_571' title='bbox 663 3595 960 3652; x_wconf 78' lang='lat' dir='ltr'><strong>inmanum</strong></span> <span class='ocrx_word' id='word_1_572' title='bbox 987 3601 1181 3668; x_wconf 80' lang='lat' dir='ltr'><strong>ejus“.</strong></span> <span class='ocrx_word' id='word_1_573' title='bbox 1211 3621 1230 3653; x_wconf 75' lang='grc' dir='ltr'><strong>ι</strong></span> <span class='ocrx_word' id='word_1_574' title='bbox 1267 3601 1332 3656; x_wconf 88' lang='grc' dir='ltr'>Ει</span> <span class='ocrx_word' id='word_1_575' title='bbox 1353 3620 1578 3660; x_wconf 88' lang='lat' dir='ltr'><strong>rursus:</strong></span> <span class='ocrx_word' id='word_1_576' title='bbox 1613 3625 1633 3658; x_wconf 77' lang='grc' dir='ltr'><strong>ι</strong></span> <span class='ocrx_word' id='word_1_577' title='bbox 1667 3607 1733 3661; x_wconf 86' lang='grc' dir='ltr'>Ει</span> <span class='ocrx_word' id='word_1_578' title='bbox 1765 3609 1993 3673; x_wconf 84' lang='lat' dir='ltr'><strong>bellave-</strong></span> 
     </span>
    </p>
   </div>
   <div class='ocr_carea' id='block_1_74' title="bbox 2100 3595 3593 3696">
    <p class='ocr_par' dir='ltr' id='par_1_74' title="bbox 2107 3595 3593 3696">
     <span class='ocr_line' id='line_1_75' title="bbox 2107 3595 3593 3696; baseline 0.011 -35"><span class='ocrx_word' id='word_1_579' title='bbox 2107 3609 2268 3663; x_wconf 84' lang='grc' dir='ltr'>Ἰούδα</span> <span class='ocrx_word' id='word_1_580' title='bbox 2294 3610 2460 3682; x_wconf 79' lang='grc' dir='ltr'>φυλὴν</span> <span class='ocrx_word' id='word_1_581' title='bbox 2486 3614 2515 3665; x_wconf 91' lang='lat'><strong>6</strong></span> <span class='ocrx_word' id='word_1_582' title='bbox 2554 3613 2689 3678; x_wconf 82' lang='grc' dir='ltr'>Θεὸς</span> <span class='ocrx_word' id='word_1_583' title='bbox 2729 3618 2819 3671; x_wconf 84' lang='grc' dir='ltr'><strong>διὰ</strong></span> <span class='ocrx_word' id='word_1_584' title='bbox 2866 3595 3069 3677; x_wconf 64' lang='grc' dir='ltr'>τούτων</span> <span class='ocrx_word' id='word_1_585' title='bbox 3119 3595 3423 3696; x_wconf 73' lang='grc' dir='ltr'>προστάττει</span> <span class='ocrx_word' id='word_1_586' title='bbox 3443 3595 3470 3655; x_wconf 54' lang='grc' dir='ltr'><strong>ν’</strong></span> <span class='ocrx_word' id='word_1_587' title='bbox 3507 3623 3593 3677; x_wconf 79' lang='grc' dir='ltr'>ὅθεν</span> 
     </span>
    </p>
   </div>
   <div class='ocr_carea' id='block_1_75' title="bbox 463 3685 2000 3786">
    <p class='ocr_par' dir='ltr' id='par_1_75' title="bbox 463 3685 1993 3766">
     <span class='ocr_line' id='line_1_76' title="bbox 463 3685 1993 3766; baseline 0.014 -31"><span class='ocrx_word' id='word_1_588' title='bbox 463 3690 588 3737; x_wconf 81' lang='lat' dir='ltr'><strong>runt</strong></span> <span class='ocrx_word' id='word_1_589' title='bbox 622 3685 717 3739; x_wconf 84' lang='lat' dir='ltr'><strong>filii</strong></span> <span class='ocrx_word' id='word_1_590' title='bbox 758 3685 894 3741; x_wconf 83' lang='lat' dir='ltr'><strong>Juda</strong></span> <span class='ocrx_word' id='word_1_591' title='bbox 923 3689 974 3743; x_wconf 90' lang='lat' dir='ltr'><strong>in</strong></span> <span class='ocrx_word' id='word_1_592' title='bbox 1011 3690 1341 3757; x_wconf 81' lang='lat' dir='ltr'><strong>Jerusalem,</strong></span> <span class='ocrx_word' id='word_1_593' title='bbox 1388 3703 1442 3750; x_wconf 87' lang='lat' dir='ltr'><strong>et</strong></span> <span class='ocrx_word' id='word_1_594' title='bbox 1479 3698 1993 3766; x_wconf 84' lang='lat' dir='ltr'><strong>comprehenderunt</strong></span> 
     </span>
    </p>
   </div>
   <div class='ocr_carea' id='block_1_76' title="bbox 2100 3685 3599 3786">
    <p class='ocr_par' dir='ltr' id='par_1_76' title="bbox 2100 3685 3599 3786">
     <span class='ocr_line' id='line_1_77' title="bbox 2100 3685 3599 3786; baseline 0.01 -35"><span class='ocrx_word' id='word_1_595' title='bbox 2100 3699 2217 3770; x_wconf 73' lang='grc' dir='ltr'>ἑξῆς</span> <span class='ocrx_word' id='word_1_596' title='bbox 2248 3702 2550 3773; x_wconf 87' lang='grc' dir='ltr'>γέγραπται</span> <span class='ocrx_word' id='word_1_597' title='bbox 2576 3721 2590 3734; x_wconf 88' lang='grc'><strong>·</strong></span> <span class='ocrx_word' id='word_1_598' title='bbox 2626 3724 2645 3756; x_wconf 83' lang='grc' dir='ltr'><strong>ι</strong></span> <span class='ocrx_word' id='word_1_599' title='bbox 2673 3707 2791 3761; x_wconf 84' lang='grc' dir='ltr'><strong>Καὶ</strong></span> <span class='ocrx_word' id='word_1_600' title='bbox 2816 3710 2986 3782; x_wconf 82' lang='grc' dir='ltr'>ἀνέϐη</span> <span class='ocrx_word' id='word_1_601' title='bbox 3030 3685 3247 3778; x_wconf 78' lang='grc' dir='ltr'>Ἰούδας,</span> <span class='ocrx_word' id='word_1_602' title='bbox 3272 3716 3359 3768; x_wconf 76' lang='grc' dir='ltr'>καὶ</span> <span class='ocrx_word' id='word_1_603' title='bbox 3380 3714 3599 3786; x_wconf 75' lang='grc' dir='ltr'>παρέδωκε</span> 
     </span>
    </p>
   </div>
   <div class='ocr_carea' id='block_1_77' title="bbox 459 3775 1985 3847">
    <p class='ocr_par' dir='ltr' id='par_1_77' title="bbox 459 3775 1985 3847">
     <span class='ocr_line' id='line_1_78' title="bbox 459 3775 1985 3847; baseline 0.012 -22"><span class='ocrx_word' id='word_1_604' title='bbox 459 3788 598 3837; x_wconf 81' lang='lat' dir='ltr'><strong>eam,</strong></span> <span class='ocrx_word' id='word_1_605' title='bbox 627 3782 681 3828; x_wconf 88' lang='lat' dir='ltr'><strong>et</strong></span> <span class='ocrx_word' id='word_1_606' title='bbox 710 3775 1101 3834; x_wconf 87' lang='lat' dir='ltr'><strong>descenderunt</strong></span> <span class='ocrx_word' id='word_1_607' title='bbox 1129 3781 1220 3837; x_wconf 89' lang='lat' dir='ltr'><strong>ﬁlii</strong></span> <span class='ocrx_word' id='word_1_608' title='bbox 1242 3782 1379 3838; x_wconf 80' lang='lat' dir='ltr'><strong>Juda</strong></span> <span class='ocrx_word' id='word_1_609' title='bbox 1403 3786 1460 3840; x_wconf 91' lang='lat' dir='ltr'><strong>in</strong></span> <span class='ocrx_word' id='word_1_610' title='bbox 1487 3786 1847 3844; x_wconf 66' lang='lat' dir='ltr'><strong>Chananaaum</strong></span> <span class='ocrx_word' id='word_1_611' title='bbox 1868 3792 1933 3847; x_wconf 74' lang='lat'><strong>‘°.</strong></span> <span class='ocrx_word' id='word_1_612' title='bbox 1967 3813 1985 3844; x_wconf 75' lang='grc' dir='ltr'><strong>ι</strong></span> 
     </span>
    </p>
   </div>
   <div class='ocr_carea' id='block_1_78' title="bbox 461 3863 1991 3950">
    <p class='ocr_par' dir='ltr' id='par_1_78' title="bbox 461 3863 1991 3950">
     <span class='ocr_line' id='line_1_79' title="bbox 461 3863 1991 3950; baseline 0.016 -36"><span class='ocrx_word' id='word_1_613' title='bbox 461 3863 527 3916; x_wconf 84' lang='lat' dir='ltr'><strong>Et</strong></span> <span class='ocrx_word' id='word_1_614' title='bbox 552 3878 803 3927; x_wconf 46' lang='lat' dir='ltr'><strong>,rursus:</strong></span> <span class='ocrx_word' id='word_1_615' title='bbox 851 3886 870 3918; x_wconf 82' lang='grc' dir='ltr'><strong>ι</strong></span> <span class='ocrx_word' id='word_1_616' title='bbox 916 3867 978 3921; x_wconf 87' lang='lat' dir='ltr'><strong>Et</strong></span> <span class='ocrx_word' id='word_1_617' title='bbox 1011 3872 1139 3925; x_wconf 88' lang='lat' dir='ltr'><strong>abiit</strong></span> <span class='ocrx_word' id='word_1_618' title='bbox 1179 3873 1346 3930; x_wconf 82' lang='lat' dir='ltr'><strong>Judas</strong></span> <span class='ocrx_word' id='word_1_619' title='bbox 1393 3892 1515 3931; x_wconf 90' lang='lat' dir='ltr'><strong>cum</strong></span> <span class='ocrx_word' id='word_1_620' title='bbox 1553 3877 1784 3950; x_wconf 86' lang='lat' dir='ltr'><strong>Symeon</strong></span> <span class='ocrx_word' id='word_1_621' title='bbox 1826 3882 1991 3940; x_wconf 78' lang='lat' dir='ltr'><strong>fratre</strong></span> 
     </span>
    </p>
   </div>
   <div class='ocr_carea' id='block_1_79' title="bbox 461 3953 1983 4038">
    <p class='ocr_par' dir='ltr' id='par_1_79' title="bbox 461 3953 1983 4038">
     <span class='ocr_line' id='line_1_80' title="bbox 461 3953 1983 4038; baseline 0.015 -33"><span class='ocrx_word' id='word_1_622' title='bbox 461 3968 559 4007; x_wconf 87' lang='lat' dir='ltr'><strong>suo</strong></span> <span class='ocrx_word' id='word_1_623' title='bbox 581 3953 647 4007; x_wconf 80' lang='lat'><strong>“.</strong></span> <span class='ocrx_word' id='word_1_624' title='bbox 679 3973 697 4006; x_wconf 79' lang='grc' dir='ltr'><strong>ι</strong></span> <span class='ocrx_word' id='word_1_625' title='bbox 728 3955 792 4008; x_wconf 82' lang='grc' dir='ltr'><strong>Εῐ</strong></span> <span class='ocrx_word' id='word_1_626' title='bbox 819 3956 1071 4027; x_wconf 90' lang='lat' dir='ltr'><strong>deinceps</strong></span> <span class='ocrx_word' id='word_1_627' title='bbox 1097 3979 1111 4016; x_wconf 92' lang='lat'><strong>:</strong></span> <span class='ocrx_word' id='word_1_628' title='bbox 1138 3986 1157 4016; x_wconf 73' lang='grc' dir='ltr'><strong>ι</strong></span> <span class='ocrx_word' id='word_1_629' title='bbox 1192 3963 1255 4018; x_wconf 84' lang='lat' dir='ltr'><strong>Et</strong></span> <span class='ocrx_word' id='word_1_630' title='bbox 1284 3965 1384 4019; x_wconf 86' lang='lat' dir='ltr'><strong>fuit</strong></span> <span class='ocrx_word' id='word_1_631' title='bbox 1406 3966 1660 4026; x_wconf 90' lang='lat' dir='ltr'><strong>Dominus</strong></span> <span class='ocrx_word' id='word_1_632' title='bbox 1682 3986 1802 4026; x_wconf 83' lang='lat' dir='ltr'><strong>cum</strong></span> <span class='ocrx_word' id='word_1_633' title='bbox 1825 3971 1983 4038; x_wconf 81' lang='lat' dir='ltr'><strong>Juda,</strong></span> 
     </span>
    </p>
   </div>
   <div class='ocr_carea' id='block_1_80' title="bbox 456 4043 1986 4124">
    <p class='ocr_par' dir='ltr' id='par_1_80' title="bbox 456 4043 1986 4124">
     <span class='ocr_line' id='line_1_81' title="bbox 456 4043 1986 4124; baseline 0.016 -29"><span class='ocrx_word' id='word_1_634' title='bbox 456 4050 511 4096; x_wconf 89' lang='lat' dir='ltr'><strong>et</strong></span> <span class='ocrx_word' id='word_1_635' title='bbox 538 4043 778 4111; x_wconf 88' lang='lat' dir='ltr'><strong>possedit</strong></span> <span class='ocrx_word' id='word_1_636' title='bbox 796 4051 1028 4099; x_wconf 90' lang='lat' dir='ltr'><strong>montem</strong></span> <span class='ocrx_word' id='word_1_637' title='bbox 1042 4048 1106 4103; x_wconf 62' lang='grc' dir='ltr'><strong>δ’.</strong></span> <span class='ocrx_word' id='word_1_638' title='bbox 1128 4068 1147 4101; x_wconf 83' lang='grc' dir='ltr'><strong>ι</strong></span> <span class='ocrx_word' id='word_1_639' title='bbox 1165 4052 1229 4106; x_wconf 88' lang='grc' dir='ltr'>Ει</span> <span class='ocrx_word' id='word_1_640' title='bbox 1250 4062 1369 4124; x_wconf 91' lang='lat' dir='ltr'><strong>post</strong></span> <span class='ocrx_word' id='word_1_641' title='bbox 1390 4058 1503 4112; x_wconf 63' lang='lat' dir='ltr'><strong>haec</strong></span> <span class='ocrx_word' id='word_1_642' title='bbox 1536 4074 1550 4111; x_wconf 90' lang='lat'><strong>:</strong></span> <span class='ocrx_word' id='word_1_643' title='bbox 1581 4077 1600 4110; x_wconf 77' lang='grc' dir='ltr'><strong>ι</strong></span> <span class='ocrx_word' id='word_1_644' title='bbox 1628 4059 1693 4113; x_wconf 86' lang='lat' dir='ltr'><strong>Et</strong></span> <span class='ocrx_word' id='word_1_645' title='bbox 1728 4064 1986 4119; x_wconf 89' lang='lat' dir='ltr'><strong>ascende-</strong></span> 
     </span>
    </p>
   </div>
   <div class='ocr_carea' id='block_1_81' title="bbox 456 4129 1986 4212">
    <p class='ocr_par' dir='ltr' id='par_1_81' title="bbox 456 4129 1986 4212">
     <span class='ocr_line' id='line_1_82' title="bbox 456 4129 1986 4212; baseline 0.018 -30"><span class='ocrx_word' id='word_1_646' title='bbox 456 4136 581 4182; x_wconf 84' lang='lat' dir='ltr'><strong>runt</strong></span> <span class='ocrx_word' id='word_1_647' title='bbox 615 4129 706 4185; x_wconf 92' lang='lat' dir='ltr'><strong>ﬁlii</strong></span> <span class='ocrx_word' id='word_1_648' title='bbox 744 4130 940 4203; x_wconf 72' lang='lat' dir='ltr'><strong>Ioseph</strong></span> <span class='ocrx_word' id='word_1_649' title='bbox 982 4136 1084 4205; x_wconf 91' lang='lat' dir='ltr'><strong>ipsi</strong></span> <span class='ocrx_word' id='word_1_650' title='bbox 1130 4157 1341 4212; x_wconf 88' lang='lat' dir='ltr'><strong>quoque</strong></span> <span class='ocrx_word' id='word_1_651' title='bbox 1385 4146 1441 4200; x_wconf 90' lang='lat' dir='ltr'><strong>in</strong></span> <span class='ocrx_word' id='word_1_652' title='bbox 1482 4146 1680 4203; x_wconf 66' lang='lat' dir='ltr'><strong>Baatbel</strong></span> <span class='ocrx_word' id='word_1_653' title='bbox 1723 4158 1776 4205; x_wconf 89' lang='lat' dir='ltr'><strong>et</strong></span> <span class='ocrx_word' id='word_1_654' title='bbox 1819 4150 1986 4210; x_wconf 65' lang='lat' dir='ltr'><strong>Iudas</strong></span> 
     </span>
    </p>
   </div>
   <div class='ocr_carea' id='block_1_82' title="bbox 454 4219 1982 4303">
    <p class='ocr_par' dir='ltr' id='par_1_82' title="bbox 454 4219 1982 4303">
     <span class='ocr_line' id='line_1_83' title="bbox 454 4219 1982 4303; baseline 0.018 -33"><span class='ocrx_word' id='word_1_655' title='bbox 454 4233 574 4271; x_wconf 84' lang='lat' dir='ltr'><strong>eum</strong></span> <span class='ocrx_word' id='word_1_656' title='bbox 600 4220 734 4288; x_wconf 89' lang='lat' dir='ltr'><strong>ipsis</strong></span> <span class='ocrx_word' id='word_1_657' title='bbox 753 4219 818 4276; x_wconf 81' lang='lat'><strong>“.</strong></span> <span class='ocrx_word' id='word_1_658' title='bbox 856 4242 875 4274; x_wconf 78' lang='grc' dir='ltr'><strong>ι</strong></span> <span class='ocrx_word' id='word_1_659' title='bbox 902 4222 1083 4294; x_wconf 86' lang='lat' dir='ltr'><strong>Itaque</strong></span> <span class='ocrx_word' id='word_1_660' title='bbox 1112 4243 1233 4284; x_wconf 91' lang='lat' dir='ltr'><strong>cum</strong></span> <span class='ocrx_word' id='word_1_661' title='bbox 1259 4234 1313 4287; x_wconf 93' lang='lat' dir='ltr'><strong>in</strong></span> <span class='ocrx_word' id='word_1_662' title='bbox 1341 4235 1479 4291; x_wconf 91' lang='lat' dir='ltr'><strong>libro</strong></span> <span class='ocrx_word' id='word_1_663' title='bbox 1504 4234 1772 4303; x_wconf 70' lang='lat' dir='ltr'><strong>Iudicum,</strong></span> <span class='ocrx_word' id='word_1_664' title='bbox 1803 4241 1982 4298; x_wconf 86' lang='lat' dir='ltr'><strong>diver-</strong></span> 
     </span>
    </p>
   </div>
   <div class='ocr_carea' id='block_1_83' title="bbox 454 4308 1981 4389">
    <p class='ocr_par' dir='ltr' id='par_1_83' title="bbox 454 4308 1981 4389">
     <span class='ocr_line' id='line_1_84' title="bbox 454 4308 1981 4389; baseline 0.02 -30"><span class='ocrx_word' id='word_1_665' title='bbox 454 4308 530 4361; x_wconf 83' lang='lat' dir='ltr'><strong>sis</strong></span> <span class='ocrx_word' id='word_1_666' title='bbox 571 4311 902 4383; x_wconf 72' lang='lat' dir='ltr'><strong>temporibus</strong></span> <span class='ocrx_word' id='word_1_667' title='bbox 952 4313 1187 4385; x_wconf 83' lang='lat' dir='ltr'><strong>(tametsi</strong></span> <span class='ocrx_word' id='word_1_668' title='bbox 1215 4321 1548 4379; x_wconf 88' lang='lat' dir='ltr'><strong>diversarum</strong></span> <span class='ocrx_word' id='word_1_669' title='bbox 1595 4327 1833 4389; x_wconf 82' lang='lat' dir='ltr'><strong>tribuum</strong></span> <span class='ocrx_word' id='word_1_670' title='bbox 1862 4346 1981 4389; x_wconf 88' lang='lat' dir='ltr'><strong>esse</strong></span> 
     </span>
    </p>
   </div>
   <div class='ocr_carea' id='block_1_84' title="bbox 2089 3789 3601 3877">
    <p class='ocr_par' dir='ltr' id='par_1_84' title="bbox 2089 3789 3601 3877">
     <span class='ocr_line' id='line_1_85' title="bbox 2089 3789 3601 3877; baseline 0.009 -35"><span class='ocrx_word' id='word_1_671' title='bbox 2089 3789 2288 3861; x_wconf 87' lang='grc' dir='ltr'>Κύριος</span> <span class='ocrx_word' id='word_1_672' title='bbox 2306 3792 2394 3845; x_wconf 85' lang='grc' dir='ltr'><strong>τὸν</strong></span> <span class='ocrx_word' id='word_1_673' title='bbox 2421 3793 2727 3849; x_wconf 87' lang='grc' dir='ltr'>Χαναναῖον</span> <span class='ocrx_word' id='word_1_674' title='bbox 2754 3800 2849 3852; x_wconf 61' lang='grc' dir='ltr'><strong>καὶ⁵</strong></span> <span class='ocrx_word' id='word_1_675' title='bbox 2875 3801 2968 3855; x_wconf 83' lang='grc' dir='ltr'><strong>τὸν</strong></span> <span class='ocrx_word' id='word_1_676' title='bbox 2993 3802 3277 3875; x_wconf 79' lang='grc' dir='ltr'>Φερεζαῖον</span> <span class='ocrx_word' id='word_1_677' title='bbox 3309 3806 3365 3859; x_wconf 81' lang='grc' dir='ltr'>ἐν</span> <span class='ocrx_word' id='word_1_678' title='bbox 3387 3805 3509 3877; x_wconf 77' lang='grc' dir='ltr'>χειρὶ</span> <span class='ocrx_word' id='word_1_679' title='bbox 3533 3803 3601 3856; x_wconf 68' lang='grc' dir='ltr'><strong>αὒ-</strong></span> 
     </span>
    </p>
   </div>
   <div class='ocr_carea' id='block_1_85' title="bbox 2087 3878 3600 3966">
    <p class='ocr_par' dir='ltr' id='par_1_85' title="bbox 2087 3878 3600 3966">
     <span class='ocr_line' id='line_1_86' title="bbox 2087 3878 3600 3966; baseline 0.01 -36"><span class='ocrx_word' id='word_1_680' title='bbox 2087 3878 2198 3930; x_wconf 69' lang='grc' dir='ltr'>τοῐν</span> <span class='ocrx_word' id='word_1_681' title='bbox 2234 3899 2252 3929; x_wconf 81' lang='grc' dir='ltr'><strong>ι</strong></span> <span class='ocrx_word' id='word_1_682' title='bbox 2300 3882 2393 3944; x_wconf 67' lang='grc' dir='ltr'>καὶ</span> <span class='ocrx_word' id='word_1_683' title='bbox 2436 3883 2615 3936; x_wconf 61' lang='grc' dir='ltr'>πάλιν</span> <span class='ocrx_word' id='word_1_684' title='bbox 2657 3903 2677 3935; x_wconf 75' lang='grc' dir='ltr'><strong>ι</strong></span> <span class='ocrx_word' id='word_1_685' title='bbox 2732 3889 2844 3943; x_wconf 83' lang='lat' dir='ltr'><strong>Kal</strong></span> <span class='ocrx_word' id='word_1_686' title='bbox 2884 3893 3228 3966; x_wconf 78' lang='grc' dir='ltr'>ἐπολέμησαν</span> <span class='ocrx_word' id='word_1_687' title='bbox 3264 3898 3311 3949; x_wconf 79' lang='grc' dir='ltr'><strong>οι</strong></span> <span class='ocrx_word' id='word_1_688' title='bbox 3348 3898 3442 3949; x_wconf 84' lang='lat' dir='ltr'><strong>ulol</strong></span> <span class='ocrx_word' id='word_1_689' title='bbox 3472 3894 3600 3947; x_wconf 71' lang='grc' dir='ltr'>Ἰούδα</span> 
     </span>
    </p>
   </div>
   <div class='ocr_carea' id='block_1_86' title="bbox 2086 3967 3598 4058">
    <p class='ocr_par' dir='ltr' id='par_1_86' title="bbox 2086 3967 3598 4058">
     <span class='ocr_line' id='line_1_87' title="bbox 2086 3967 3598 4058; baseline 0.015 -40"><span class='ocrx_word' id='word_1_690' title='bbox 2086 3967 2143 4021; x_wconf 76' lang='grc' dir='ltr'><strong>ἐν</strong></span> <span class='ocrx_word' id='word_1_691' title='bbox 2187 3968 2554 4041; x_wconf 87' lang='grc' dir='ltr'>Ἰερουσαλὴμ,</span> <span class='ocrx_word' id='word_1_692' title='bbox 2602 3975 2702 4028; x_wconf 73' lang='grc' dir='ltr'>καὶ</span> <span class='ocrx_word' id='word_1_693' title='bbox 2747 3980 3115 4037; x_wconf 87' lang='grc' dir='ltr'>κατελάϐοντο</span> <span class='ocrx_word' id='word_1_694' title='bbox 3155 3986 3337 4058; x_wconf 76' lang='grc' dir='ltr'>αὐτὴν,</span> <span class='ocrx_word' id='word_1_695' title='bbox 3369 3987 3451 4041; x_wconf 72' lang='grc' dir='ltr'>καὶ</span> <span class='ocrx_word' id='word_1_696' title='bbox 3503 3999 3598 4039; x_wconf 74' lang='grc' dir='ltr'>κετ-</span> 
     </span>
    </p>
   </div>
   <div class='ocr_carea' id='block_1_87' title="bbox 2085 4057 3594 4146">
    <p class='ocr_par' dir='ltr' id='par_1_87' title="bbox 2085 4057 3594 4146">
     <span class='ocr_line' id='line_1_88' title="bbox 2085 4057 3594 4146; baseline 0.017 -39"><span class='ocrx_word' id='word_1_697' title='bbox 2085 4057 2306 4146; x_wconf 27' lang='grc' dir='ltr'>έϐησανῌ</span> <span class='ocrx_word' id='word_1_698' title='bbox 2330 4061 2436 4112; x_wconf 78' lang='grc' dir='ltr'>υἱοὶ</span> <span class='ocrx_word' id='word_1_699' title='bbox 2480 4062 2670 4129; x_wconf 87' lang='grc' dir='ltr'>Ἰούδα,</span> <span class='ocrx_word' id='word_1_700' title='bbox 2721 4068 3034 4141; x_wconf 89' lang='grc' dir='ltr'>πολεμῆσαι</span> <span class='ocrx_word' id='word_1_701' title='bbox 3084 4076 3141 4127; x_wconf 90' lang='grc' dir='ltr'><strong>ἐν</strong></span> <span class='ocrx_word' id='word_1_702' title='bbox 3184 4075 3260 4146; x_wconf 83' lang='grc' dir='ltr'>τῷ</span> <span class='ocrx_word' id='word_1_703' title='bbox 3280 4076 3543 4144; x_wconf 74' lang='grc' dir='ltr'>Χανανείφ.</span> <span class='ocrx_word' id='word_1_704' title='bbox 3579 4090 3594 4123; x_wconf 65' lang='grc' dir='ltr'><em>θ</em></span> 
     </span>
    </p>
   </div>
   <div class='ocr_carea' id='block_1_88' title="bbox 2084 4143 3598 4235">
    <p class='ocr_par' dir='ltr' id='par_1_88' title="bbox 2084 4143 3598 4235">
     <span class='ocr_line' id='line_1_89' title="bbox 2084 4143 3598 4235; baseline 0.015 -38"><span class='ocrx_word' id='word_1_705' title='bbox 2084 4146 2190 4198; x_wconf 86' lang='lat' dir='ltr'><strong>Kal</strong></span> <span class='ocrx_word' id='word_1_706' title='bbox 2243 4143 2421 4212; x_wconf 81' lang='grc' dir='ltr'>αὖθις·</span> <span class='ocrx_word' id='word_1_707' title='bbox 2459 4168 2479 4200; x_wconf 86' lang='grc'><strong><em>‹</em></strong></span> <span class='ocrx_word' id='word_1_708' title='bbox 2514 4153 2622 4206; x_wconf 90' lang='lat' dir='ltr'><strong>Kal</strong></span> <span class='ocrx_word' id='word_1_709' title='bbox 2671 4156 2955 4233; x_wconf 80' lang='grc' dir='ltr'>ἐπορεύθη</span> <span class='ocrx_word' id='word_1_710' title='bbox 3002 4163 3199 4228; x_wconf 85' lang='grc' dir='ltr'>Ἰούδας</span> <span class='ocrx_word' id='word_1_711' title='bbox 3234 4143 3389 4235; x_wconf 29' lang='grc' dir='ltr'>’μετά</span> <span class='ocrx_word' id='word_1_712' title='bbox 3426 4160 3598 4234; x_wconf 81' lang='grc' dir='ltr'>Συμεὼν</span> 
     </span>
    </p>
   </div>
   <div class='ocr_carea' id='block_1_89' title="bbox 2080 4240 3598 4329">
    <p class='ocr_par' dir='ltr' id='par_1_89' title="bbox 2080 4240 3598 4329">
     <span class='ocr_line' id='line_1_90' title="bbox 2080 4240 3598 4329; baseline 0.016 -38"><span class='ocrx_word' id='word_1_713' title='bbox 2080 4240 2170 4292; x_wconf 80' lang='grc' dir='ltr'><strong>τοῦ</strong></span> <span class='ocrx_word' id='word_1_714' title='bbox 2217 4241 2440 4310; x_wconf 87' lang='grc' dir='ltr'>ἀδελφοῦ</span> <span class='ocrx_word' id='word_1_715' title='bbox 2488 4245 2672 4301; x_wconf 78' lang='grc' dir='ltr'>αὑτοῦ.</span> <span class='ocrx_word' id='word_1_716' title='bbox 2710 4270 2762 4302; x_wconf 78' lang='grc'>.›</span> <span class='ocrx_word' id='word_1_717' title='bbox 2814 4255 2927 4307; x_wconf 83' lang='lat' dir='ltr'><strong>Kal.</strong></span> <span class='ocrx_word' id='word_1_718' title='bbox 2976 4254 3132 4327; x_wconf 78' lang='grc' dir='ltr'>ἐξῆςο</span> <span class='ocrx_word' id='word_1_719' title='bbox 3178 4258 3284 4309; x_wconf 84' lang='lat' dir='ltr'><strong>Kal</strong></span> <span class='ocrx_word' id='word_1_720' title='bbox 3334 4253 3396 4329; x_wconf 81' lang='grc' dir='ltr'><strong>ῆν</strong></span> <span class='ocrx_word' id='word_1_721' title='bbox 3444 4257 3598 4326; x_wconf 80' lang='grc' dir='ltr'>Κύριος</span> 
     </span>
    </p>
   </div>
   <div class='ocr_carea' id='block_1_90' title="bbox 2083 4330 3599 4420">
    <p class='ocr_par' dir='ltr' id='par_1_90' title="bbox 2083 4330 3599 4420">
     <span class='ocr_line' id='line_1_91' title="bbox 2083 4330 3599 4420; baseline 0.017 -39"><span class='ocrx_word' id='word_1_722' title='bbox 2083 4330 2219 4399; x_wconf 85' lang='grc' dir='ltr'><strong>μετά</strong></span> <span class='ocrx_word' id='word_1_723' title='bbox 2246 4333 2429 4397; x_wconf 88' lang='grc' dir='ltr'>Ἰούδα,</span> <span class='ocrx_word' id='word_1_724' title='bbox 2464 4337 2559 4388; x_wconf 74' lang='grc' dir='ltr'>καὶ</span> <span class='ocrx_word' id='word_1_725' title='bbox 2602 4338 3022 4416; x_wconf 86' lang='grc' dir='ltr'>ἐκληρονόμησε</span> <span class='ocrx_word' id='word_1_726' title='bbox 3055 4349 3115 4402; x_wconf 86' lang='grc' dir='ltr'>τὸ</span> <span class='ocrx_word' id='word_1_727' title='bbox 3161 4349 3281 4420; x_wconf 76' lang='grc' dir='ltr'>ὅρος</span> <span class='ocrx_word' id='word_1_728' title='bbox 3303 4366 3318 4382; x_wconf 91' lang='grc'><strong>·</strong></span> <span class='ocrx_word' id='word_1_729' title='bbox 3356 4370 3374 4403; x_wconf 80' lang='grc' dir='ltr'><strong>ι</strong></span> <span class='ocrx_word' id='word_1_730' title='bbox 3425 4350 3504 4404; x_wconf 80' lang='grc' dir='ltr'>καὶ</span> <span class='ocrx_word' id='word_1_731' title='bbox 3530 4363 3599 4418; x_wconf 83' lang='grc' dir='ltr'>με·</span> 
     </span>
    </p>
   </div>
   <div class='ocr_carea' id='block_1_91' title="bbox 450 4394 2000 4512">
    <p class='ocr_par' dir='ltr' id='par_1_91' title="bbox 450 4394 1978 4512">
     <span class='ocr_line' id='line_1_92' title="bbox 450 4394 1978 4477; baseline 0.018 -29"><span class='ocrx_word' id='word_1_732' title='bbox 450 4394 804 4466; x_wconf 68' lang='grc' dir='ltr'>τὶάεὺεηιυγ),</span> <span class='ocrx_word' id='word_1_733' title='bbox 824 4399 1032 4467; x_wconf 89' lang='lat' dir='ltr'><strong>judices</strong></span> <span class='ocrx_word' id='word_1_734' title='bbox 1060 4407 1255 4474; x_wconf 91' lang='lat' dir='ltr'><strong>populo</strong></span> <span class='ocrx_word' id='word_1_735' title='bbox 1275 4419 1586 4477; x_wconf 65' lang='lat' dir='ltr'><strong>praeessent,</strong></span> <span class='ocrx_word' id='word_1_736' title='bbox 1610 4414 1783 4471; x_wconf 88' lang='lat' dir='ltr'><strong>tribus</strong></span> <span class='ocrx_word' id='word_1_737' title='bbox 1800 4423 1978 4475; x_wconf 89' lang='lat' dir='ltr'><strong>tamen</strong></span> 
     </span>
     <span class='ocr_line' id='line_1_93' title="bbox 456 4480 1821 4512; baseline 0 0"><span class='ocrx_word' id='word_1_738' title='bbox 456 4480 582 4512; x_wconf 64' lang='lat'><strong>1...]-</strong></span> <span class='ocrx_word' id='word_1_739' title='bbox 618 4485 671 4512; x_wconf 67' lang='grc' dir='ltr'><strong>ξ..</strong></span> <span class='ocrx_word' id='word_1_740' title='bbox 701 4488 1004 4512; x_wconf 70' lang='grc'><strong>..-;---..----,,</strong></span> <span class='ocrx_word' id='word_1_741' title='bbox 1048 4495 1140 4512; x_wconf 63' lang='grc' dir='ltr'><strong>.,.ρ</strong></span> <span class='ocrx_word' id='word_1_742' title='bbox 1344 4501 1378 4512; x_wconf 88' lang='grc'><strong>-.</strong></span> <span class='ocrx_word' id='word_1_743' title='bbox 1454 4500 1468 4512; x_wconf 84' lang='grc'>.</span> <span class='ocrx_word' id='word_1_744' title='bbox 1674 4511 1678 4512; x_wconf 65' lang='lat'><strong><em>,</em></strong></span> <span class='ocrx_word' id='word_1_745' title='bbox 1753 4506 1821 4512; x_wconf 86' lang='lat'><strong>--_</strong></span> 
     </span>
    </p>
   </div>
   <div class='ocr_carea' id='block_1_92' title="bbox 2100 4394 3595 4512">
    <p class='ocr_par' dir='ltr' id='par_1_92' title="bbox 2100 4394 3595 4512">
     <span class='ocr_line' id='line_1_94' title="bbox 2100 4394 3595 4512; baseline 0.014 -41"><span class='ocrx_word' id='word_1_746' title='bbox 2100 4420 2144 4472; x_wconf 76' lang='grc' dir='ltr'><strong>ῖά</strong></span> <span class='ocrx_word' id='word_1_747' title='bbox 2171 4422 2370 4475; x_wconf 76' lang='grc' dir='ltr'>ταῦτα’</span> <span class='ocrx_word' id='word_1_748' title='bbox 2456 4427 2565 4480; x_wconf 85' lang='lat' dir='ltr'><strong>Kal.</strong></span> <span class='ocrx_word' id='word_1_749' title='bbox 2594 4394 3020 4504; x_wconf 35' lang='grc' dir='ltr'>ἀνὲϐῆσανΓ-οί-</span> <span class='ocrx_word' id='word_1_750' title='bbox 3040 4394 3145 4492; x_wconf 32' lang='grc' dir='ltr'>υνὶοι</span> <span class='ocrx_word' id='word_1_751' title='bbox 3186 4394 3403 4512; x_wconf 58' lang='grc' dir='ltr'>Ἰαῖσῆφ,</span> <span class='ocrx_word' id='word_1_752' title='bbox 3444 4438 3519 4493; x_wconf 86' lang='grc' dir='ltr'><strong>καί</strong></span> <span class='ocrx_word' id='word_1_753' title='bbox 3530 4394 3595 4504; x_wconf 61' lang='grc' dir='ltr'>Γγε</span> 
     </span>
    </p>
   </div>
   <div class='ocr_carea' id='block_1_93' title="bbox 448 4480 1981 4577">
    <p class='ocr_par' dir='ltr' id='par_1_93' title="bbox 448 4480 1981 4577">
     <span class='ocr_line' id='line_1_95' title="bbox 448 4480 1981 4577; baseline 0.02 -41"><span class='ocrx_word' id='word_1_754' title='bbox 448 4480 585 4538; x_wconf 83' lang='lat' dir='ltr'><strong>.‘uda</strong></span> <span class='ocrx_word' id='word_1_755' title='bbox 618 4485 673 4538; x_wconf 91' lang='lat' dir='ltr'><strong>in</strong></span> <span class='ocrx_word' id='word_1_756' title='bbox 701 4488 1009 4545; x_wconf 84' lang='lat' dir='ltr'><strong>universum</strong></span> <span class='ocrx_word' id='word_1_757' title='bbox 1048 4495 1211 4551; x_wconf 90' lang='lat' dir='ltr'><strong>totius</strong></span> <span class='ocrx_word' id='word_1_758' title='bbox 1239 4501 1412 4566; x_wconf 90' lang='lat' dir='ltr'><strong>gentis</strong></span> <span class='ocrx_word' id='word_1_759' title='bbox 1437 4500 1545 4555; x_wconf 83' lang='lat' dir='ltr'><strong>dux</strong></span> <span class='ocrx_word' id='word_1_760' title='bbox 1571 4511 1686 4558; x_wconf 90' lang='lat' dir='ltr'><strong>erat</strong></span> <span class='ocrx_word' id='word_1_761' title='bbox 1710 4520 1724 4556; x_wconf 90' lang='lat'><strong>:</strong></span> <span class='ocrx_word' id='word_1_762' title='bbox 1752 4506 1981 4577; x_wconf 92' lang='lat' dir='ltr'><strong>idipsum</strong></span> 
     </span>
    </p>
   </div>
   <div class='ocr_carea' id='block_1_94' title="bbox 449 4580 1983 4664">
    <p class='ocr_par' dir='ltr' id='par_1_94' title="bbox 449 4580 1983 4664">
     <span class='ocr_line' id='line_1_96' title="bbox 449 4580 1983 4664; baseline 0.02 -38"><span class='ocrx_word' id='word_1_763' title='bbox 449 4589 576 4628; x_wconf 86' lang='lat' dir='ltr'><strong>vero</strong></span> <span class='ocrx_word' id='word_1_764' title='bbox 604 4580 936 4647; x_wconf 90' lang='lat' dir='ltr'><strong>temporibus</strong></span> <span class='ocrx_word' id='word_1_765' title='bbox 970 4581 1136 4638; x_wconf 80' lang='lat' dir='ltr'><strong>David</strong></span> <span class='ocrx_word' id='word_1_766' title='bbox 1161 4601 1643 4661; x_wconf 82' lang='lat' dir='ltr'><strong>successurumque</strong></span> <span class='ocrx_word' id='word_1_767' title='bbox 1671 4595 1788 4664; x_wconf 90' lang='lat' dir='ltr'><strong>ejus</strong></span> <span class='ocrx_word' id='word_1_768' title='bbox 1816 4601 1983 4656; x_wconf 90' lang='lat' dir='ltr'><strong>multo</strong></span> 
     </span>
    </p>
   </div>
   <div class='ocr_carea' id='block_1_95' title="bbox 449 4664 1984 4745">
    <p class='ocr_par' dir='ltr' id='par_1_95' title="bbox 449 4664 1984 4745">
     <span class='ocr_line' id='line_1_97' title="bbox 449 4664 1984 4745; baseline 0.021 -31"><span class='ocrx_word' id='word_1_769' title='bbox 449 4664 638 4732; x_wconf 81' lang='lat' dir='ltr'><strong>magis,</strong></span> <span class='ocrx_word' id='word_1_770' title='bbox 663 4668 857 4737; x_wconf 90' lang='lat' dir='ltr'><strong>quippe</strong></span> <span class='ocrx_word' id='word_1_771' title='bbox 888 4685 1009 4725; x_wconf 91' lang='lat' dir='ltr'><strong>cum</strong></span> <span class='ocrx_word' id='word_1_772' title='bbox 1043 4673 1294 4741; x_wconf 73' lang='lat' dir='ltr'><strong>plane&#39;de</strong></span> <span class='ocrx_word' id='word_1_773' title='bbox 1317 4678 1460 4732; x_wconf 88' lang='lat' dir='ltr'><strong>tribu</strong></span> <span class='ocrx_word' id='word_1_774' title='bbox 1492 4678 1630 4736; x_wconf 83' lang='lat' dir='ltr'><strong>Juda</strong></span> <span class='ocrx_word' id='word_1_775' title='bbox 1664 4683 1740 4738; x_wconf 92' lang='lat' dir='ltr'><strong>illi</strong></span> <span class='ocrx_word' id='word_1_776' title='bbox 1762 4689 1984 4745; x_wconf 81' lang='lat' dir='ltr'><strong>exsiste-</strong></span> 
     </span>
    </p>
   </div>
   <div class='ocr_carea' id='block_1_96' title="bbox 449 4761 1980 4845">
    <p class='ocr_par' dir='ltr' id='par_1_96' title="bbox 449 4761 1980 4845">
     <span class='ocr_line' id='line_1_98' title="bbox 449 4761 1980 4845; baseline 0.022 -45"><span class='ocrx_word' id='word_1_777' title='bbox 449 4761 588 4845; x_wconf 80' lang='lat' dir='ltr'><strong>rent,</strong></span> <span class='ocrx_word' id='word_1_778' title='bbox 632 4762 685 4810; x_wconf 91' lang='lat' dir='ltr'><strong>et</strong></span> <span class='ocrx_word' id='word_1_779' title='bbox 728 4772 951 4828; x_wconf 83' lang='lat' dir='ltr'><strong>regnum</strong></span> <span class='ocrx_word' id='word_1_780' title='bbox 995 4778 1164 4833; x_wconf 88' lang='lat' dir='ltr'><strong>usque</strong></span> <span class='ocrx_word' id='word_1_781' title='bbox 1216 4766 1282 4819; x_wconf 89' lang='lat' dir='ltr'><strong>ad</strong></span> <span class='ocrx_word' id='word_1_782' title='bbox 1332 4766 1708 4839; x_wconf 88' lang='lat' dir='ltr'><strong>Babylonicam</strong></span> <span class='ocrx_word' id='word_1_783' title='bbox 1743 4776 1980 4845; x_wconf 90' lang='lat' dir='ltr'><strong>ipsorum</strong></span> 
     </span>
    </p>
   </div>
   <div class='ocr_carea' id='block_1_97' title="bbox 450 4839 1976 4935">
    <p class='ocr_par' dir='ltr' id='par_1_97' title="bbox 450 4839 1976 4935">
     <span class='ocr_line' id='line_1_99' title="bbox 450 4839 1976 4935; baseline 0.02 -44"><span class='ocrx_word' id='word_1_784' title='bbox 450 4839 653 4935; x_wconf 64' lang='lat' dir='ltr'><strong>cladem</strong></span> <span class='ocrx_word' id='word_1_785' title='bbox 693 4846 1061 4915; x_wconf 81' lang='lat' dir='ltr'><strong>produxerint,</strong></span> <span class='ocrx_word' id='word_1_786' title='bbox 1097 4860 1218 4922; x_wconf 89' lang='lat' dir='ltr'><strong>post</strong></span> <span class='ocrx_word' id='word_1_787' title='bbox 1249 4870 1409 4924; x_wconf 85' lang='lat' dir='ltr'><strong>quam</strong></span> <span class='ocrx_word' id='word_1_788' title='bbox 1447 4858 1653 4915; x_wconf 85' lang='lat' dir='ltr'><strong>cladem</strong></span> <span class='ocrx_word' id='word_1_789' title='bbox 1684 4839 1879 4935; x_wconf 48' lang='lat' dir='ltr'><strong>iis-qui</strong></span> <span class='ocrx_word' id='word_1_790' title='bbox 1910 4866 1976 4921; x_wconf 88' lang='lat' dir='ltr'><strong>de</strong></span> 
     </span>
    </p>
   </div>
   <div class='ocr_carea' id='block_1_98' title="bbox 448 4925 1974 5019">
    <p class='ocr_par' dir='ltr' id='par_1_98' title="bbox 448 4925 1974 5019">
     <span class='ocr_line' id='line_1_100' title="bbox 448 4925 1974 5019; baseline 0.024 -43"><span class='ocrx_word' id='word_1_791' title='bbox 448 4925 535 4977; x_wconf 89' lang='lat' dir='ltr'><strong>illa</strong></span> <span class='ocrx_word' id='word_1_792' title='bbox 565 4934 818 4989; x_wconf 81' lang='lat' dir='ltr'><strong>servitute</strong></span> <span class='ocrx_word' id='word_1_793' title='bbox 840 4937 894 4991; x_wconf 90' lang='lat' dir='ltr'><strong>in</strong></span> <span class='ocrx_word' id='word_1_794' title='bbox 924 4940 1150 5008; x_wconf 89' lang='lat' dir='ltr'><strong>patriam</strong></span> <span class='ocrx_word' id='word_1_795' title='bbox 1178 4952 1373 4998; x_wconf 85' lang='lat' dir='ltr'><strong>terram</strong></span> <span class='ocrx_word' id='word_1_796' title='bbox 1390 4948 1592 5004; x_wconf 85' lang='lat' dir='ltr'><strong>reversi</strong></span> <span class='ocrx_word' id='word_1_797' title='bbox 1616 4961 1762 5019; x_wconf 91' lang='lat' dir='ltr'><strong>sunt,</strong></span> <span class='ocrx_word' id='word_1_798' title='bbox 1786 4969 1974 5012; x_wconf 91' lang='lat' dir='ltr'><strong>rursus</strong></span> 
     </span>
    </p>
   </div>
   <div class='ocr_carea' id='block_1_99' title="bbox 449 5013 1969 5097">
    <p class='ocr_par' dir='ltr' id='par_1_99' title="bbox 449 5013 1969 5097">
     <span class='ocr_line' id='line_1_101' title="bbox 449 5013 1969 5097; baseline 0.024 -36"><span class='ocrx_word' id='word_1_799' title='bbox 449 5013 659 5097; x_wconf 66' lang='lat' dir='ltr'><strong>praefuit</strong></span> <span class='ocrx_word' id='word_1_800' title='bbox 687 5018 1001 5092; x_wconf 89' lang='lat' dir='ltr'><strong>Zorobabel,</strong></span> <span class='ocrx_word' id='word_1_801' title='bbox 1050 5027 1302 5086; x_wconf 81' lang='lat' dir='ltr'><strong>Salatiiiel</strong></span> <span class='ocrx_word' id='word_1_802' title='bbox 1348 5032 1488 5090; x_wconf 88' lang='lat' dir='ltr'><strong>ﬁlius</strong></span> <span class='ocrx_word' id='word_1_803' title='bbox 1525 5036 1592 5093; x_wconf 91' lang='lat' dir='ltr'><strong>de</strong></span> <span class='ocrx_word' id='word_1_804' title='bbox 1633 5013 1775 5095; x_wconf 83' lang='lat' dir='ltr'><strong>tribu</strong></span> <span class='ocrx_word' id='word_1_805' title='bbox 1812 5041 1969 5097; x_wconf 79' lang='lat' dir='ltr'><strong>Juda.</strong></span> 
     </span>
    </p>
   </div>
   <div class='ocr_carea' id='block_1_100' title="bbox 447 5095 1970 5197">
    <p class='ocr_par' dir='ltr' id='par_1_100' title="bbox 447 5095 1970 5197">
     <span class='ocr_line' id='line_1_102' title="bbox 447 5095 1970 5197; baseline 0.028 -50"><span class='ocrx_word' id='word_1_806' title='bbox 447 5095 774 5197; x_wconf 66' lang='lat' dir='ltr'><strong>Inde-etiam</strong></span> <span class='ocrx_word' id='word_1_807' title='bbox 817 5109 1093 5181; x_wconf 86' lang='lat' dir='ltr'><strong>Scriptura</strong></span> <span class='ocrx_word' id='word_1_808' title='bbox 1120 5136 1241 5189; x_wconf 61' lang='lat' dir='ltr'><strong>qua;</strong></span> <span class='ocrx_word' id='word_1_809' title='bbox 1284 5121 1726 5195; x_wconf 86' lang='lat' dir='ltr'><strong>Paralipomenon</strong></span> <span class='ocrx_word' id='word_1_810' title='bbox 1753 5131 1970 5197; x_wconf 86' lang='lat' dir='ltr'><strong>dicitur,</strong></span> 
     </span>
    </p>
   </div>
   <div class='ocr_carea' id='block_1_101' title="bbox 446 5185 1968 5289">
    <p class='ocr_par' dir='ltr' id='par_1_101' title="bbox 446 5185 1968 5289">
     <span class='ocr_line' id='line_1_103' title="bbox 446 5185 1968 5289; baseline 0.026 -52"><span class='ocrx_word' id='word_1_811' title='bbox 446 5185 723 5289; x_wconf 60' lang='lat' dir='ltr'><strong>duodecim</strong></span> <span class='ocrx_word' id='word_1_812' title='bbox 757 5196 986 5252; x_wconf 87' lang='lat' dir='ltr'><strong>tribuum</strong></span> <span class='ocrx_word' id='word_1_813' title='bbox 1026 5204 1186 5263; x_wconf 90' lang='lat' dir='ltr'><strong>lsrael</strong></span> <span class='ocrx_word' id='word_1_814' title='bbox 1212 5213 1405 5267; x_wconf 87' lang='lat' dir='ltr'><strong>seriem</strong></span> <span class='ocrx_word' id='word_1_815' title='bbox 1438 5218 1648 5284; x_wconf 88' lang='lat' dir='ltr'><strong>generis</strong></span> <span class='ocrx_word' id='word_1_816' title='bbox 1690 5235 1968 5289; x_wconf 88' lang='lat' dir='ltr'><strong>enarrans,</strong></span> 
     </span>
    </p>
   </div>
   <div class='ocr_carea' id='block_1_102' title="bbox 446 5275 1970 5383">
    <p class='ocr_par' dir='ltr' id='par_1_102' title="bbox 446 5275 1970 5383">
     <span class='ocr_line' id='line_1_104' title="bbox 446 5275 1970 5383; baseline 0.029 -58"><span class='ocrx_word' id='word_1_817' title='bbox 446 5275 597 5383; x_wconf 44' lang='lat' dir='ltr'><strong>abjea</strong></span> <span class='ocrx_word' id='word_1_818' title='bbox 628 5293 747 5347; x_wconf 65' lang='lat' dir='ltr'><strong>quae</strong></span> <span class='ocrx_word' id='word_1_819' title='bbox 770 5291 851 5381; x_wconf 75' lang='lat' dir='ltr'><strong>est</strong></span> <span class='ocrx_word' id='word_1_820' title='bbox 880 5286 1047 5354; x_wconf 90' lang='lat' dir='ltr'><strong>ipsius</strong></span> <span class='ocrx_word' id='word_1_821' title='bbox 1072 5294 1207 5352; x_wconf 85' lang='lat' dir='ltr'><strong>Juda</strong></span> <span class='ocrx_word' id='word_1_822' title='bbox 1239 5301 1365 5357; x_wconf 90' lang='lat' dir='ltr'><strong>fecit</strong></span> <span class='ocrx_word' id='word_1_823' title='bbox 1414 5275 1627 5362; x_wconf 68' lang='lat' dir='ltr'><strong>initium</strong></span> <span class='ocrx_word' id='word_1_824' title='bbox 1658 5326 1670 5362; x_wconf 92' lang='lat'>:</span> <span class='ocrx_word' id='word_1_825' title='bbox 1704 5327 1829 5383; x_wconf 86' lang='lat' dir='ltr'><strong>ergo</strong></span> <span class='ocrx_word' id='word_1_826' title='bbox 1854 5275 1970 5383; x_wconf 74' lang='lat' dir='ltr'><strong>ipso</strong></span> 
     </span>
    </p>
   </div>
   <div class='ocr_carea' id='block_1_103' title="bbox 444 5362 1970 5473">
    <p class='ocr_par' dir='ltr' id='par_1_103' title="bbox 444 5362 1970 5473">
     <span class='ocr_line' id='line_1_105' title="bbox 444 5362 1970 5473; baseline 0.033 -61"><span class='ocrx_word' id='word_1_827' title='bbox 444 5362 631 5473; x_wconf 67' lang='lat' dir='ltr'><strong>prdine</strong></span> <span class='ocrx_word' id='word_1_828' title='bbox 660 5371 901 5473; x_wconf 67' lang='lat' dir='ltr'><strong>sequitur</strong></span> <span class='ocrx_word' id='word_1_829' title='bbox 925 5383 983 5428; x_wconf 89' lang='lat' dir='ltr'><strong>ut</strong></span> <span class='ocrx_word' id='word_1_830' title='bbox 1018 5381 1175 5438; x_wconf 90' lang='lat' dir='ltr'><strong>etiam</strong></span> <span class='ocrx_word' id='word_1_831' title='bbox 1226 5396 1608 5458; x_wconf 86' lang='lat' dir='ltr'><strong>posterioribus</strong></span> <span class='ocrx_word' id='word_1_832' title='bbox 1639 5362 1970 5473; x_wconf 51' lang='lat' dir='ltr'><strong>temgorilrius</strong></span> 
     </span>
    </p>
   </div>
   <div class='ocr_carea' id='block_1_104' title="bbox 442 5451 2019 5568">
    <p class='ocr_par' dir='ltr' id='par_1_104' title="bbox 442 5451 2019 5568">
     <span class='ocr_line' id='line_1_106' title="bbox 442 5451 2019 5568; baseline 0.033 -63"><span class='ocrx_word' id='word_1_833' title='bbox 442 5451 704 5510; x_wconf 77' lang='lat' dir='ltr'><strong>fateamur</strong></span> <span class='ocrx_word' id='word_1_834' title='bbox 729 5462 964 5518; x_wconf 85' lang='lat' dir='ltr'><strong>eamdem</strong></span> <span class='ocrx_word' id='word_1_835' title='bbox 998 5472 1192 5530; x_wconf 88' lang='lat' dir='ltr'><strong>tribum</strong></span> <span class='ocrx_word' id='word_1_836' title='bbox 1214 5451 1433 5552; x_wconf 71' lang='lat' dir='ltr'><strong>reliquis</strong></span> <span class='ocrx_word' id='word_1_837' title='bbox 1452 5451 1971 5568; x_wconf 43' lang='lat' dir='ltr'><strong>pmfuissefquam-</strong></span> <span class='ocrx_word' id='word_1_838' title='bbox 2013 5494 2019 5499; x_wconf 54' lang='grc'><strong><em>’</em></strong></span> 
     </span>
    </p>
   </div>
   <div class='ocr_carea' id='block_1_105' title="bbox 509 5568 1143 5639">
    <p class='ocr_par' dir='ltr' id='par_1_105' title="bbox 509 5568 1143 5639">
     <span class='ocr_line' id='line_1_107' title="bbox 509 5568 1143 5639; baseline 0.019 -17"><span class='ocrx_word' id='word_1_839' title='bbox 509 5570 552 5615; x_wconf 58' lang='lat'><strong>&#39;9</strong></span> <span class='ocrx_word' id='word_1_840' title='bbox 590 5568 746 5624; x_wconf 86' lang='lat' dir='ltr'><strong>Num.</strong></span> <span class='ocrx_word' id='word_1_841' title='bbox 784 5589 855 5639; x_wconf 88' lang='grc' dir='ltr'><strong>ιι,</strong></span> <span class='ocrx_word' id='word_1_842' title='bbox 888 5576 939 5632; x_wconf 75' lang='lat'><strong>2.</strong></span> <span class='ocrx_word' id='word_1_843' title='bbox 977 5580 1028 5634; x_wconf 81' lang='grc'>5.</span> <span class='ocrx_word' id='word_1_844' title='bbox 1102 5588 1143 5621; x_wconf 83' lang='grc'><strong>³⁷</strong></span> 
     </span>
    </p>
   </div>
   <div class='ocr_carea' id='block_1_106' title="bbox 442 5637 1181 5717">
    <p class='ocr_par' dir='ltr' id='par_1_106' title="bbox 442 5637 1181 5717">
     <span class='ocr_line' id='line_1_108' title="bbox 442 5637 1181 5717; baseline 0.026 -25"><span class='ocrx_word' id='word_1_845' title='bbox 442 5637 487 5670; x_wconf 68' lang='grc' dir='ltr'><strong>δ’</strong></span> <span class='ocrx_word' id='word_1_846' title='bbox 525 5639 654 5695; x_wconf 87' lang='lat' dir='ltr'><strong>ibid.</strong></span> <span class='ocrx_word' id='word_1_847' title='bbox 693 5641 775 5695; x_wconf 80' lang='grc' dir='ltr'><strong>ιο.</strong></span> <span class='ocrx_word' id='word_1_848' title='bbox 841 5637 908 5677; x_wconf 55' lang='grc' dir='ltr'><strong>κο</strong></span> <span class='ocrx_word' id='word_1_849' title='bbox 934 5647 1064 5705; x_wconf 65' lang='lat' dir='ltr'><strong>una.</strong></span> <span class='ocrx_word' id='word_1_850' title='bbox 1098 5656 1181 5717; x_wconf 67' lang='lat' dir='ltr'><strong>ea.</strong></span> 
     </span>
    </p>
   </div>
   <div class='ocr_carea' id='block_1_107' title="bbox 2083 4512 3596 4596">
    <p class='ocr_par' dir='ltr' id='par_1_107' title="bbox 2083 4512 3596 4596">
     <span class='ocr_line' id='line_1_109' title="bbox 2083 4512 3596 4596; baseline 0.011 -33"><span class='ocrx_word' id='word_1_851' title='bbox 2083 4512 2232 4565; x_wconf 77' lang='grc' dir='ltr'>αὐτοὶ</span> <span class='ocrx_word' id='word_1_852' title='bbox 2276 4514 2333 4566; x_wconf 86' lang='grc' dir='ltr'>ὲν</span> <span class='ocrx_word' id='word_1_853' title='bbox 2372 4515 2592 4587; x_wconf 81' lang='grc' dir='ltr'>Βαιθὴλ,</span> <span class='ocrx_word' id='word_1_854' title='bbox 2640 4523 2743 4574; x_wconf 75' lang='grc' dir='ltr'>καὶ</span> <span class='ocrx_word' id='word_1_855' title='bbox 2795 4525 2998 4591; x_wconf 87' lang='grc' dir='ltr'>Ἰούδας</span> <span class='ocrx_word' id='word_1_856' title='bbox 3026 4531 3139 4596; x_wconf 73' lang='grc' dir='ltr'>μετ²</span> <span class='ocrx_word' id='word_1_857' title='bbox 3183 4532 3368 4586; x_wconf 81' lang='grc' dir='ltr'>αὐτῶν.</span> <span class='ocrx_word' id='word_1_858' title='bbox 3402 4550 3420 4582; x_wconf 78' lang='grc' dir='ltr'><strong>ι</strong></span> <span class='ocrx_word' id='word_1_859' title='bbox 3451 4531 3538 4584; x_wconf 80' lang='lat' dir='ltr'><strong>Kal</strong></span> <span class='ocrx_word' id='word_1_860' title='bbox 3555 4529 3596 4579; x_wconf 71' lang='lat' dir='ltr'><strong>tv</strong></span> 
     </span>
    </p>
   </div>
   <div class='ocr_carea' id='block_1_108' title="bbox 2080 4600 3593 4692">
    <p class='ocr_par' dir='ltr' id='par_1_108' title="bbox 2080 4600 3593 4692">
     <span class='ocr_line' id='line_1_110' title="bbox 2080 4600 3593 4692; baseline 0.02 -43"><span class='ocrx_word' id='word_1_861' title='bbox 2080 4603 2145 4671; x_wconf 76' lang='grc' dir='ltr'>τῇ</span> <span class='ocrx_word' id='word_1_862' title='bbox 2202 4600 2364 4672; x_wconf 84' lang='grc' dir='ltr'>βίϐλῳ</span> <span class='ocrx_word' id='word_1_863' title='bbox 2401 4603 2457 4656; x_wconf 85' lang='grc' dir='ltr'>δὲ</span> <span class='ocrx_word' id='word_1_864' title='bbox 2516 4606 2623 4661; x_wconf 88' lang='grc' dir='ltr'><strong>τῶν</strong></span> <span class='ocrx_word' id='word_1_865' title='bbox 2670 4610 2898 4683; x_wconf 85' lang='grc' dir='ltr'>Κριτῶν</span> <span class='ocrx_word' id='word_1_866' title='bbox 2944 4617 3210 4692; x_wconf 80' lang='grc' dir='ltr'>διαφόρων</span> <span class='ocrx_word' id='word_1_867' title='bbox 3254 4623 3383 4675; x_wconf 85' lang='grc' dir='ltr'>κατὰ</span> <span class='ocrx_word' id='word_1_868' title='bbox 3422 4620 3593 4692; x_wconf 79' lang='grc' dir='ltr'>χρόνους</span> 
     </span>
    </p>
   </div>
   <div class='ocr_carea' id='block_1_109' title="bbox 2082 4692 3592 4784">
    <p class='ocr_par' dir='ltr' id='par_1_109' title="bbox 2082 4692 3592 4784">
     <span class='ocr_line' id='line_1_111' title="bbox 2082 4692 3592 4784; baseline 0.018 -44"><span class='ocrx_word' id='word_1_869' title='bbox 2082 4692 2480 4784; x_wconf 67' lang='grc' dir='ltr'>προϊσταμένων</span> <span class='ocrx_word' id='word_1_870' title='bbox 2509 4695 2604 4748; x_wconf 80' lang='grc' dir='ltr'>τοῦ</span> <span class='ocrx_word' id='word_1_871' title='bbox 2646 4698 2804 4767; x_wconf 85' lang='grc' dir='ltr'>λαοῦ,</span> <span class='ocrx_word' id='word_1_872' title='bbox 2840 4707 2891 4759; x_wconf 87' lang='grc' dir='ltr'><strong>εί</strong></span> <span class='ocrx_word' id='word_1_873' title='bbox 2923 4710 3019 4762; x_wconf 64' lang='grc' dir='ltr'><strong>καὶ⁸</strong></span> <span class='ocrx_word' id='word_1_874' title='bbox 3046 4711 3112 4764; x_wconf 84' lang='grc' dir='ltr'><strong>ἐκ</strong></span> <span class='ocrx_word' id='word_1_875' title='bbox 3145 4712 3400 4784; x_wconf 80' lang='grc' dir='ltr'>διαφόρων</span> <span class='ocrx_word' id='word_1_876' title='bbox 3422 4712 3592 4766; x_wconf 77' lang='grc' dir='ltr'>ἐδόκουν</span> 
     </span>
    </p>
   </div>
   <div class='ocr_carea' id='block_1_110' title="bbox 2079 4773 3589 4873">
    <p class='ocr_par' dir='ltr' id='par_1_110' title="bbox 2079 4773 3589 4873">
     <span class='ocr_line' id='line_1_112' title="bbox 2079 4773 3589 4873; baseline 0.021 -45"><span class='ocrx_word' id='word_1_877' title='bbox 2079 4773 2215 4831; x_wconf 76' lang='grc' dir='ltr'>εἶναι</span> <span class='ocrx_word' id='word_1_878' title='bbox 2245 4779 2423 4847; x_wconf 80' lang='grc' dir='ltr'>φυλῶν</span> <span class='ocrx_word' id='word_1_879' title='bbox 2453 4785 2501 4836; x_wconf 78' lang='grc' dir='ltr'>οἱ</span> <span class='ocrx_word' id='word_1_880' title='bbox 2531 4791 2741 4857; x_wconf 80' lang='grc' dir='ltr'>κριταὶ,</span> <span class='ocrx_word' id='word_1_881' title='bbox 2765 4794 2916 4863; x_wconf 83' lang='grc' dir='ltr'>ὅμως</span> <span class='ocrx_word' id='word_1_882' title='bbox 2945 4798 3003 4850; x_wconf 87' lang='grc' dir='ltr'>δὲ</span> <span class='ocrx_word' id='word_1_883' title='bbox 3035 4773 3256 4855; x_wconf 74' lang='grc' dir='ltr'>καθόλού</span> <span class='ocrx_word' id='word_1_884' title='bbox 3343 4802 3428 4855; x_wconf 83' lang='grc' dir='ltr'>τοῦ</span> <span class='ocrx_word' id='word_1_885' title='bbox 3462 4799 3589 4854; x_wconf 74' lang='grc' dir='ltr'>Ἰούδα</span> 
     </span>
    </p>
   </div>
   <div class='ocr_carea' id='block_1_111' title="bbox 2080 4869 3588 4963">
    <p class='ocr_par' dir='ltr' id='par_1_111' title="bbox 2080 4869 3588 4963">
     <span class='ocr_line' id='line_1_113' title="bbox 2080 4869 3588 4963; baseline 0.017 -44"><span class='ocrx_word' id='word_1_886' title='bbox 2080 4869 2216 4939; x_wconf 82' lang='grc' dir='ltr'>φυλὴ</span> <span class='ocrx_word' id='word_1_887' title='bbox 2247 4869 2338 4922; x_wconf 84' lang='grc' dir='ltr'>τοῦ</span> <span class='ocrx_word' id='word_1_888' title='bbox 2369 4874 2568 4938; x_wconf 85' lang='grc' dir='ltr'>παντὸς</span> <span class='ocrx_word' id='word_1_889' title='bbox 2599 4877 2791 4947; x_wconf 76' lang='grc' dir='ltr'>ἔθνους</span> <span class='ocrx_word' id='word_1_890' title='bbox 2823 4887 3010 4956; x_wconf 77' lang='grc' dir='ltr'>ἡγεῖτο</span> <span class='ocrx_word' id='word_1_891' title='bbox 3032 4906 3046 4921; x_wconf 88' lang='grc'><strong>·</strong></span> <span class='ocrx_word' id='word_1_892' title='bbox 3078 4891 3251 4963; x_wconf 76' lang='grc' dir='ltr'>πολλῷ</span> <span class='ocrx_word' id='word_1_893' title='bbox 3364 4892 3500 4947; x_wconf 83' lang='grc' dir='ltr'>πλέον</span> <span class='ocrx_word' id='word_1_894' title='bbox 3519 4888 3588 4941; x_wconf 71' lang='grc' dir='ltr'>ἐπὶ</span> 
     </span>
    </p>
   </div>
   <div class='ocr_carea' id='block_1_112' title="bbox 2077 4959 3588 5052">
    <p class='ocr_par' dir='ltr' id='par_1_112' title="bbox 2077 4959 3588 5052">
     <span class='ocr_line' id='line_1_114' title="bbox 2077 4959 3588 5052; baseline 0.017 -41"><span class='ocrx_word' id='word_1_895' title='bbox 2077 4959 2182 5013; x_wconf 84' lang='grc' dir='ltr'><strong>τῶν</strong></span> <span class='ocrx_word' id='word_1_896' title='bbox 2199 4960 2415 5052; x_wconf 2' lang='grc' dir='ltr'>,χρόνων</span> <span class='ocrx_word' id='word_1_897' title='bbox 2446 4964 2540 5017; x_wconf 78' lang='grc' dir='ltr'>τοῦ</span> <span class='ocrx_word' id='word_1_898' title='bbox 2572 4968 2762 5039; x_wconf 80' lang='grc' dir='ltr'>Δαϐὶδ,</span> <span class='ocrx_word' id='word_1_899' title='bbox 2798 4976 2897 5029; x_wconf 73' lang='grc' dir='ltr'>καὶ</span> <span class='ocrx_word' id='word_1_900' title='bbox 2927 4978 3036 5032; x_wconf 89' lang='grc' dir='ltr'><strong>τῶν</strong></span> <span class='ocrx_word' id='word_1_901' title='bbox 3067 4959 3250 5036; x_wconf 81' lang='grc' dir='ltr'>τούτου</span> <span class='ocrx_word' id='word_1_902' title='bbox 3280 4982 3521 5052; x_wconf 79' lang='grc' dir='ltr'>διαδόχων,</span> <span class='ocrx_word' id='word_1_903' title='bbox 3538 4979 3588 5029; x_wconf 72' lang='grc' dir='ltr'>ἐκ</span> 
     </span>
    </p>
   </div>
   <div class='ocr_carea' id='block_1_113' title="bbox 2076 5050 3586 5145">
    <p class='ocr_par' dir='ltr' id='par_1_113' title="bbox 2076 5050 3586 5145">
     <span class='ocr_line' id='line_1_115' title="bbox 2076 5050 3586 5145; baseline 0.021 -46"><span class='ocrx_word' id='word_1_904' title='bbox 2076 5050 2243 5145; x_wconf 47' lang='grc' dir='ltr'>ἱρυλῆς</span> <span class='ocrx_word' id='word_1_905' title='bbox 2263 5051 2379 5145; x_wconf 38' lang='grc' dir='ltr'>μμὲν</span> <span class='ocrx_word' id='word_1_906' title='bbox 2408 5055 2503 5108; x_wconf 74' lang='grc' dir='ltr'>τοῦ</span> <span class='ocrx_word' id='word_1_907' title='bbox 2544 5058 2718 5116; x_wconf 90' lang='grc' dir='ltr'>Ἰούδα</span> <span class='ocrx_word' id='word_1_908' title='bbox 2768 5070 3090 5135; x_wconf 80' lang='grc' dir='ltr'>γεγονότων,</span> <span class='ocrx_word' id='word_1_909' title='bbox 3128 5073 3285 5145; x_wconf 84' lang='grc' dir='ltr'>μέχρι</span> <span class='ocrx_word' id='word_1_910' title='bbox 3328 5074 3380 5127; x_wconf 80' lang='grc' dir='ltr'>δὲ</span> <span class='ocrx_word' id='word_1_911' title='bbox 3407 5050 3492 5141; x_wconf 64' lang='grc' dir='ltr'><strong>τῆς</strong></span> <span class='ocrx_word' id='word_1_912' title='bbox 3526 5068 3586 5130; x_wconf 81' lang='grc' dir='ltr'><strong>εις</strong></span> 
     </span>
    </p>
   </div>
   <div class='ocr_carea' id='block_1_114' title="bbox 2075 5141 3583 5231">
    <p class='ocr_par' dir='ltr' id='par_1_114' title="bbox 2075 5141 3583 5231">
     <span class='ocr_line' id='line_1_116' title="bbox 2075 5141 3583 5231; baseline 0.019 -41"><span class='ocrx_word' id='word_1_913' title='bbox 2075 5141 2363 5231; x_wconf 83' lang='grc' dir='ltr'>Βαϐυλῶνα</span> <span class='ocrx_word' id='word_1_914' title='bbox 2389 5148 2768 5231; x_wconf 73' lang='grc' dir='ltr'>αἰχμαλωσίας</span> <span class='ocrx_word' id='word_1_915' title='bbox 2793 5157 2894 5228; x_wconf 84' lang='grc' dir='ltr'>τὴν</span> <span class='ocrx_word' id='word_1_916' title='bbox 2931 5141 3206 5228; x_wconf 83' lang='grc' dir='ltr'>βασιλείαν</span> <span class='ocrx_word' id='word_1_917' title='bbox 3219 5141 3583 5231; x_wconf 55' lang='grc' dir='ltr'><strong>⁷διενεγκάντιιινν</strong></span> 
     </span>
    </p>
   </div>
   <div class='ocr_carea' id='block_1_115' title="bbox 2077 5228 3582 5324">
    <p class='ocr_par' dir='ltr' id='par_1_115' title="bbox 2077 5228 3582 5324">
     <span class='ocr_line' id='line_1_117' title="bbox 2077 5228 3582 5324; baseline 0.019 -44"><span class='ocrx_word' id='word_1_918' title='bbox 2077 5230 2190 5324; x_wconf 84' lang='grc' dir='ltr'>μεθ’</span> <span class='ocrx_word' id='word_1_919' title='bbox 2220 5233 2285 5324; x_wconf 75' lang='grc' dir='ltr'><strong>ῆν</strong></span> <span class='ocrx_word' id='word_1_920' title='bbox 2310 5234 2418 5287; x_wconf 89' lang='grc' dir='ltr'><strong>τῶν</strong></span> <span class='ocrx_word' id='word_1_921' title='bbox 2449 5228 2514 5290; x_wconf 76' lang='grc' dir='ltr'><strong>ἐκ</strong></span> <span class='ocrx_word' id='word_1_922' title='bbox 2544 5240 2642 5309; x_wconf 87' lang='grc' dir='ltr'><strong>τῆς</strong></span> <span class='ocrx_word' id='word_1_923' title='bbox 2662 5244 3046 5315; x_wconf 78' lang='grc' dir='ltr'>αἰχμαλωσίας</span> <span class='ocrx_word' id='word_1_924' title='bbox 3076 5254 3167 5307; x_wconf 77' lang='grc' dir='ltr'>ἐπὶ</span> <span class='ocrx_word' id='word_1_925' title='bbox 3195 5254 3289 5324; x_wconf 79' lang='grc' dir='ltr'>τὴν</span> <span class='ocrx_word' id='word_1_926' title='bbox 3310 5228 3489 5307; x_wconf 78' lang='grc' dir='ltr'>οἰκείαν</span> <span class='ocrx_word' id='word_1_927' title='bbox 3504 5248 3582 5318; x_wconf 81' lang='grc' dir='ltr'><strong>γῆν</strong></span> 
     </span>
    </p>
   </div>
   <div class='ocr_carea' id='block_1_116' title="bbox 2072 5320 3580 5409">
    <p class='ocr_par' dir='ltr' id='par_1_116' title="bbox 2072 5320 3580 5409">
     <span class='ocr_line' id='line_1_118' title="bbox 2072 5320 3580 5409; baseline 0.02 -40"><span class='ocrx_word' id='word_1_928' title='bbox 2072 5320 2394 5378; x_wconf 85' lang='grc' dir='ltr'>ἐπανιόντων</span> <span class='ocrx_word' id='word_1_929' title='bbox 2419 5323 2573 5391; x_wconf 78' lang='grc' dir='ltr'>αὖθις</span> <span class='ocrx_word' id='word_1_930' title='bbox 2595 5332 2814 5401; x_wconf 81' lang='grc' dir='ltr'>ἡγεῖται</span> <span class='ocrx_word' id='word_1_931' title='bbox 2838 5338 3165 5409; x_wconf 86' lang='grc' dir='ltr'>Ζοροϐάϐελ,</span> <span class='ocrx_word' id='word_1_932' title='bbox 3194 5346 3221 5396; x_wconf 88' lang='grc' dir='ltr'><strong>ό</strong></span> <span class='ocrx_word' id='word_1_933' title='bbox 3247 5320 3336 5397; x_wconf 72' lang='grc' dir='ltr'><strong>τοῦ</strong></span> <span class='ocrx_word' id='word_1_934' title='bbox 3362 5336 3580 5407; x_wconf 72' lang='grc' dir='ltr'>Σαλαθιὴλ</span> 
     </span>
    </p>
   </div>
   <div class='ocr_carea' id='block_1_117' title="bbox 2074 5409 3579 5506">
    <p class='ocr_par' dir='ltr' id='par_1_117' title="bbox 2074 5409 3579 5506">
     <span class='ocr_line' id='line_1_119' title="bbox 2074 5409 3579 5506; baseline 0.001 -30"><span class='ocrx_word' id='word_1_935' title='bbox 2074 5409 2135 5460; x_wconf 66' lang='grc' dir='ltr'><strong>ὲκ</strong></span> <span class='ocrx_word' id='word_1_936' title='bbox 2166 5409 2335 5476; x_wconf 69' lang='grc' dir='ltr'>φυλῆς</span> <span class='ocrx_word' id='word_1_937' title='bbox 2379 5415 2564 5476; x_wconf 77' lang='grc' dir='ltr'>Ἰούδα.</span> <span class='ocrx_word' id='word_1_938' title='bbox 2603 5422 2632 5473; x_wconf 94' lang='lat'><strong>6</strong></span> <span class='ocrx_word' id='word_1_939' title='bbox 2663 5424 2760 5476; x_wconf 75' lang='grc' dir='ltr'>καὶ</span> <span class='ocrx_word' id='word_1_940' title='bbox 2784 5424 2876 5478; x_wconf 80' lang='grc' dir='ltr'>τὸν</span> <span class='ocrx_word' id='word_1_941' title='bbox 2897 5427 3035 5483; x_wconf 87' lang='grc' dir='ltr'>νεὼν</span> <span class='ocrx_word' id='word_1_942' title='bbox 3069 5433 3297 5506; x_wconf 82' lang='grc' dir='ltr'>ἐγείρας.</span> <span class='ocrx_word' id='word_1_943' title='bbox 3325 5432 3489 5486; x_wconf 79' lang='grc' dir='ltr'>Ἔνθεν</span> <span class='ocrx_word' id='word_1_944' title='bbox 3505 5426 3579 5481; x_wconf 78' lang='grc' dir='ltr'>καὶ</span> 
     </span>
    </p>
   </div>
   <div class='ocr_carea' id='block_1_118' title="bbox 2074 5500 3576 5594">
    <p class='ocr_par' dir='ltr' id='par_1_118' title="bbox 2074 5500 3576 5594">
     <span class='ocr_line' id='line_1_120' title="bbox 2074 5500 3576 5594; baseline 0.011 -40"><span class='ocrx_word' id='word_1_945' title='bbox 2074 5501 2106 5569; x_wconf 79' lang='grc' dir='ltr'>ἡ</span> <span class='ocrx_word' id='word_1_946' title='bbox 2137 5500 2243 5555; x_wconf 83' lang='grc' dir='ltr'><strong>τῶν</strong></span> <span class='ocrx_word' id='word_1_947' title='bbox 2280 5505 2768 5583; x_wconf 71' lang='grc' dir='ltr'>Παραλειπομένων</span> <span class='ocrx_word' id='word_1_948' title='bbox 2817 5523 3028 5594; x_wconf 78' lang='grc' dir='ltr'>γραφὴ,</span> <span class='ocrx_word' id='word_1_949' title='bbox 3078 5500 3403 5588; x_wconf 36' lang='grc' dir='ltr'>τας-δώδεκα</span> <span class='ocrx_word' id='word_1_950' title='bbox 3442 5520 3576 5592; x_wconf 72' lang='grc' dir='ltr'>φυλὰς</span> 
     </span>
    </p>
   </div>
   <div class='ocr_carea' id='block_1_119' title="bbox 1186 5590 2000 5709">
    <p class='ocr_par' dir='ltr' id='par_1_119' title="bbox 1186 5590 2000 5671">
     <span class='ocr_line' id='line_1_121' title="bbox 1186 5590 2000 5671; baseline 0.032 -28"><span class='ocrx_word' id='word_1_951' title='bbox 1186 5590 1342 5647; x_wconf 87' lang='lat' dir='ltr'><strong>Num.</strong></span> <span class='ocrx_word' id='word_1_952' title='bbox 1384 5614 1475 5666; x_wconf 74' lang='grc' dir='ltr'>νει,</span> <span class='ocrx_word' id='word_1_953' title='bbox 1518 5606 1596 5671; x_wconf 86' lang='lat' dir='ltr'><strong>ll,</strong></span> <span class='ocrx_word' id='word_1_954' title='bbox 1638 5611 1714 5666; x_wconf 74' lang='lat' dir='ltr'><strong>l2.</strong></span> <span class='ocrx_word' id='word_1_955' title='bbox 1794 5615 1835 5646; x_wconf 82' lang='grc'><strong>³⁸</strong></span> <span class='ocrx_word' id='word_1_956' title='bbox 1870 5613 2000 5668; x_wconf 72' lang='grc' dir='ltr'>εἰιιιίὶι</span> 
     </span>
    </p>
   </div>
   <div class='ocr_carea' id='block_1_120' title="bbox 2100 5590 3569 5709">
    <p class='ocr_par' dir='ltr' id='par_1_120' title="bbox 2100 5590 3569 5709">
     <span class='ocr_line' id='line_1_122' title="bbox 2100 5590 3569 5709; baseline 0.012 -42"><span class='ocrx_word' id='word_1_957' title='bbox 2100 5630 2144 5679; x_wconf 92' lang='lat' dir='ltr'><strong>I,</strong></span> <span class='ocrx_word' id='word_1_958' title='bbox 2179 5618 2229 5681; x_wconf 83' lang='lat' dir='ltr'><strong>l,</strong></span> <span class='ocrx_word' id='word_1_959' title='bbox 2266 5620 2320 5677; x_wconf 77' lang='lat'><strong>‘2.</strong></span> <span class='ocrx_word' id='word_1_960' title='bbox 2397 5624 2438 5657; x_wconf 77' lang='grc'><strong><em>³⁸</em></strong></span> <span class='ocrx_word' id='word_1_961' title='bbox 2476 5627 2605 5683; x_wconf 85' lang='lat' dir='ltr'><strong>ibid.</strong></span> <span class='ocrx_word' id='word_1_962' title='bbox 2636 5630 2693 5687; x_wconf 68' lang='grc'>4.</span> <span class='ocrx_word' id='word_1_963' title='bbox 2769 5635 2814 5667; x_wconf 71' lang='grc'><strong>⁸⁸</strong></span> <span class='ocrx_word' id='word_1_964' title='bbox 2855 5590 3004 5694; x_wconf 64' lang='grc' dir='ltr'><strong>ἰιὶίιίὶ⁷</strong></span> <span class='ocrx_word' id='word_1_965' title='bbox 3048 5640 3102 5709; x_wconf 77' lang='grc'>8,</span> <span class='ocrx_word' id='word_1_966' title='bbox 3133 5642 3185 5697; x_wconf 80' lang='lat'><strong>9.</strong></span> <span class='ocrx_word' id='word_1_967' title='bbox 3259 5642 3295 5673; x_wconf 78' lang='lat'><strong>&quot;</strong></span> <span class='ocrx_word' id='word_1_968' title='bbox 3334 5640 3447 5696; x_wconf 85' lang='lat' dir='ltr'><strong>ibid.</strong></span> <span class='ocrx_word' id='word_1_969' title='bbox 3505 5634 3569 5688; x_wconf 80' lang='grc' dir='ltr'><strong>Π.</strong></span> 
     </span>
    </p>
   </div>
  </div>
