3740 6312
193 353 297 408 571

1049 344 1675 413 DEMONSTBATIONIS
1693 347 2136 406 EVANGELlCIE
2170 350 2294 404 LIB.
2330 351 2464 407 Vlll.

3259 367 3365 424 578

192 471 282 525 τοῦ
328 471 558 541 Ἰσραὴλ
604 471 1012 540 γενεαλογοῦσα,
1046 473 1150 525 ἀπὸ
1193 474 1287 543 τῆς
1323 470 1413 524 τοῦ
1452 467 1615 521 Ἰούδα
1652 463 1738 534 τὴν

1807 484 1820 535 ι
1848 465 1930 518 vis
1980 464 2034 518 in
2085 477 2230 535 parte
2263 469 2439 536 aliqua
2466 469 2924 542 variidivcrsique
2959 477 3156 546 populo
3189 485 3360 548 prati-

190 564 478 634 καταρχὴν
529 564 840 632 ἐποιήσατο.
881 565 1104 616 Ἔπεται
1145 564 1208 633 δὴ
1249 559 1339 616 οὖν
1387 561 1585 622 τούτοις
1621 561 1738 612 ἀκο-

1841 563 2106 619 cerentur,
2128 572 2352 625 quorum
2382 559 2687 627 singillatim
2720 577 2884 630 genus
2912 567 3065 619 solita
3084 568 3356 638 diligentia

187 652 394 713 λούθως
446 652 545 704 καὶ
577 654 636 704 ἐλν
665 655 778 714 τοῖς
811 651 943 722 μετὰ
982 653 1150 706 ταῦτα
1194 653 1397 723 χρόνοις
1441 649 1535 719 τὴν
1583 649 1743 720 αὐτὴν

187 740 355 810 φυλὴν
417 740 533 792 τῶν
597 740 799 793 λοιπῶν
843 741 1112 810 ὁμολογεῖν
1161 741 1420 812 ἡγεῖσθαι,
1453 741 1500 792 εἰ
1543 740 1632 792 καὶ
1686 741 1742 792 ἐν

188 829 341 899 μέρει
373 828 637 900 διάφοροι
670 831 1109 901 προειστήκεισαν
1138 831 1228 883 τοῦ
1254 829 1378 882 λαοῦ
1397 846 1410 859 ’
1444 823 1516 882 ὧν
1542 830 1600 881 ού
1626 828 1740 882 καθ’

182 917 313 983 ἡμῖν
345 913 581 968 δυνατὸν
614 916 1056 987 ἐξακριϐάζεσθαι
1089 918 1154 971 τὰ
1193 919 1339 987 γένη,
1380 918 1456 987 τῷ
1485 918 1612 988 μηδὲ
1645 919 1738 986 φέ-

183 1004 378 1073 ρεσθαι
424 1004 582 1056 θείαν
621 1005 801 1075 βίϐλον
837 1007 894 1070 ἐξ
942 1009 1142 1060 ἐκείνου
1174 1009 1264 1062 καὶ
1311 1008 1465 1077 μέχρι
1495 1007 1599 1059 τῶν
1645 1007 1737 1060 τοῦ

180 1094 436 1165 Σωτῆρος
468 1095 706 1166 χρόνων.
751 1097 892 1167 Πλὴν
925 1100 1003 1160 είς
1028 1099 1268 1151 τοσοῦτον
1296 1099 1568 1169 διαρκέσαι
1588 1097 1737 1166 λόγος

179 1185 413 1253 φανερὸς
439 1187 598 1256 αἱρεῖ
621 1188 722 1256 τὴν
753 1188 846 1240 τοῦ
883 1188 1044 1241 ’ἰούδα
1075 1188 1258 1258 φυλὴν,
1289 1192 1366 1251 είς
1395 1191 1513 1242 ὅσον
1542 1188 1601 1241 τὸ
1633 1190 1736 1241 πᾶν

179 1275 325 1337 ίθνος
351 1275 654 1347 ἐλευθερίᾳ
682 1278 776 1330 καὶ
797 1278 1082 1348 αὐτονομίᾳ
1109 1277 1372 1348 χρώμενον
1400 1277 1501 1331 ὑπὸ
1523 1278 1735 1340 οἰκείοις

178 1367 431 1434 ἄρχουσιν
459 1366 563 1417 καὶ
601 1365 918 1435 ἡγουμένοις
939 1365 1284 1418 ἐπολιτεύετο.
1311 1365 1474 1418 Τοῦτο
1487 1367 1542 1419 δέ
1560 1367 1733 1430 αὐτοῖς

175 1453 229 1518 ἐξ
249 1453 426 1523 ἀρχῆς
471 1452 719 1523 ὑπῆρξε,
754 1454 846 1505 καὶ
882 1454 1037 1523 μέχρι
1059 1453 1162 1504 τῶν
1188 1453 1484 1521 Αὐγούστου
1512 1454 1729 1524 χρόνων,

174 1542 288 1594 καθ’
321 1541 439 1604 οὓς,
491 1542 680 1612 Ἰησοῦ
711 1542 803 1595 τοῦ
843 1543 1085 1611 Σωτῆρος
1111 1545 1141 1612 ἡ
1152 1542 1260 1610 μῶν
1284 1543 1530 1610 φανέντος
1560 1545 1616 1596 ἐν
1639 1543 1730 1595 ἀν-

174 1628 427 1699 θρώποις,
463 1631 533 1683 τὸ
568 1633 684 1684 πᾶν
716 1631 864 1693 ἔθνος
901 1631 1078 1684 δοῦλον
1123 1632 1397 1701 Ῥωμαίοις
1425 1633 1728 1685 καθίσταται

175 1721 262 1773 καὶ
285 1723 406 1774 ἀντὶ
437 1721 564 1774 τῶν
597 1723 859 1792 πατρόθεν
891 1723 1066 1786 αὐτοῖς
1085 1724 1174 1776 καὶ
1200 1725 1334 1776 κατὰ
1353 1725 1541 1794 νόμους
1565 1727 1725 1794 ἡγου-

1839 659 2086 700 euarrare
2102 663 2432 718 nequaquam
2459 665 2556 703 nos
2583 667 2886 719 possumus,
2907 667 3182 728 propterea
3211 664 3352 730 quod

1838 736 2014 792 nullus
2064 738 2288 806 amplius
2348 738 2514 792 fertur
2559 739 2772 794 divinus
2817 744 2969 810 liber,
3015 748 3107 815 qui
3150 765 3213 803 ex
3261 752 3354 806 illo

1838 841 2006 894 usque
2045 827 2111 880 ad
2155 837 2392 898 tempora
2445 829 2736 883 Salvatoris
2779 834 2948 886 nostri
2990 839 3350 894 narrationem

1836 916 2244 970 continuaverit.
2286 918 2659 973 Verumtamen
2689 929 2742 974 ct
2768 921 2903 974 fama
2937 931 2989 976 et
3016 927 3151 980 ratio
3181 929 3352 983 dicta-

1834 1003 1911 1056 bit
1933 1003 2153 1058 durasse
2177 1006 2358 1059 tandiu
2386 1007 2576 1059 tribum
2605 1005 2759 1068 Juda,
2811 1011 3045 1077 quandiu
3071 1021 3178 1066 tota
3220 1033 3348 1084 gens

1834 1091 2076 1147 libertate
2102 1101 2154 1147 et
2181 1094 2292 1148 suis
2325 1095 2524 1164 legibus
2549 1103 2723 1158 utens,
2750 1099 2850 1151 sub
2879 1098 3184 1156 domesticis
3210 1106 3351 1172 prin-

1833 1180 2039 1247 cipibus
2079 1182 2409 1251 ducibusque
2460 1185 2621 1236 vitam
2664 1186 2849 1253 egerit.
2899 1185 3065 1240 Porro
3101 1189 3202 1242 hoc
3242 1192 3348 1248 illis

1831 1270 2052 1339 contigit
2097 1271 2162 1324 ab
2213 1271 2365 1325 initio
2403 1288 2571 1341 usque
2611 1274 2676 1326 ad
2722 1284 2956 1343 tempora
3000 1276 3243 1346 Augusti,
3293 1283 3347 1335 in

1830 1361 2023 1430 quibus
2055 1377 2174 1414 cum
2205 1359 2446 1416 Salvator
2474 1373 2653 1418 noster
2679 1363 2834 1420 Jesus
2859 1367 3158 1423 hominibus
3189 1385 3245 1426 se
3266 1373 3348 1424 vi-

1829 1451 2056 1505 dendum
2083 1453 2381 1521 praebuerit,
2399 1461 2509 1507 tum
2534 1470 2657 1508 vero
2680 1456 2732 1508 in
2759 1458 3064 1511 servitutem
3095 1458 3347 1516 Romanis

1830 1541 2073 1596 universa
2099 1559 2226 1610 gens
2251 1545 2412 1599 cessit
2440 1561 2450 1594 :
2477 1545 2638 1614 369
2665 1554 2717 1598 et
2743 1562 2840 1614 pro
2865 1550 3050 1615 patriis
3083 1565 3144 1604 ac
3177 1552 3348 1621 legiti-

1828 1630 1928 1684 mis
1951 1631 2177 1686 ducibus
2212 1634 2414 1702 primus
2442 1633 2674 1688 llerodes
2697 1647 2946 1691 externus
2977 1639 3082 1693 illis
3113 1641 3342 1708 praefuit,

1827 1727 1880 1772 et
1918 1736 2009 1774 rex
2035 1721 2322 1789 Augustus.
2349 1723 2594 1787 Quandiu
2637 1725 2798 1792 igitur
2830 1741 2933 1780 non
2974 1727 3166 1784 defecit
3193 1731 3342 1799 prin-
3441 1727 3444 1732 ’

177 1810 340 1878 μένων
367 1811 606 1880 πρῶτος
636 1787 878 1882 Ἡρώδης
904 1811 1186 1879 ἀλλόφυλος
1208 1812 1378 1864 αὐτῶν
1409 1787 1724 1882 ἦγεῖταινκαὶ

1821 1824 1944 1878 ceps
1972 1810 2037 1864 de
2066 1787 2221 1875 Juda,
2239 1827 2413 1880 neque
2434 1812 2539 1866 dux
2565 1813 2629 1867 de
2651 1787 2943 1872 femoribus
2963 1819 3102 1886 ejus,
3127 1787 3345 1889 prophe-

175 1899 418 1966 βασιλεὺς
457 1899 801 1967 Αὔγουστος.
829 1901 970 1962 Ἕως
1011 1901 1106 1969 μὲν
1151 1897 1240 1953 οὖν
1281 1901 1396 1953 οὐδέ
1447 1919 1531 1953 πω
1561 1901 1724 1955 διελε-

171 1986 333 2039 λοίπει
366 1987 570 2058 ἄρχων
606 1989 667 2054 ἐξ
706 1988 891 2054 Ἰούδα,
923 1989 1040 2040 οὐδὲ
1070 1988 1360 2059 ἡγούμενος
1388 1991 1450 2041 ἐκ
1481 1990 1584 2041 τῶν
1619 2008 1722 2061 μη-

174 2076 271 2144 ρῶν
302 2076 498 2140 αὺτοῦ,
551 2077 666 2130 τῶν
712 2077 1050 2147 προφητειῶν
1091 2079 1139 2129 οί
1187 2078 1357 2147 χρόνοι
1403 2078 1464 2130 ἐκ
1492 2079 1588 2148 τῆς
1617 2080 1721 2131 τῶν

171 2166 437 2234 ἀρχόντων
458 2166 570 2218 τοῦ
595 2165 778 2228 ἔθνους
802 2167 1141 2236 παραθέσεως
1159 2168 1528 2237 ἁνεγράφοντο.
1544 2167 1722 2231 Οὕτως

171 2251 254 2308 οὗν
301 2255 548 2317 Ἡσαΐας
595 2256 653 2307 ἐν
704 2254 945 2324 βασιλείᾳ
1003 2254 1173 2317 Ὀζίου
1227 2257 1315 2308 καὶ
1347 2257 1595 2321 Ἰωάθαν,
1630 2259 1720 2310 καὶ

175 2343 356 2412 Ἄχας,
391 2346 492 2396 καὶ
555 2344 828 2408 Ἐζεκίου,
854 2346 903 2396 οἳ
947 2344 1288 2397 ἐϐασίλευσαν
1323 2346 1420 2415 τῆς
1456 2347 1715 2410 Ἰουδαίας,

171 2435 534 2503 προφητεύειο
579 2433 779 2503 ὁμοίως
827 2435 880 2486 δὲ
929 2436 1021 2488 καὶ
1052 2435 1226 2504 Ὠσηέ.
1267 2435 1322 2488 '0
1360 2435 1414 2488 δὲ
1465 2436 1636 2506 Ἀμὼς
1662 2440 1716 2490 ἐν

170 2524 392 2594 ἡμέραις
433 2524 630 2586 Ὀξίου
685 2524 944 2592 βασιλέως
983 2524 1179 2588 Ἰούδα,
1245 2527 1334 2578 καὶ
1388 2527 1445 2577 ἐν
1493 2527 1717 2596 ἡμέραις

179 2614 450 2684 Ἰεροϐοὰμ
491 2613 624 2666 υίοῢ
666 2614 833 2676 Ἱωὰς,
873 2613 1128 2682 βασιλέως
1168 2615 1394 2685 Ἰσραὴλ,
1438 2617 1526 2668 καὶ
1558 2616 1716 2684 Σοφο-

167 2704 274 2765 νίας
330 2706 387 2758 ὲν
441 2703 696 2773 ἡμέραις
744 2703 981 2765 Ἰωσίου,
1027 2703 1142 2756 υίοῦ
1198 2705 1406 2774 ’Δμὼς,
1463 2704 1714 2773 βασιλέως

180 2792 351 2845 Ἰούδα.
403 2792 653 2862 Ὁμοίως
700 2790 755 2842 δὲ
802 2792 894 2842 καὶ
943 2791 1221 2861 Ἱερεμίας.
1272 2792 1404 2844 Ἀλλ’
1449 2793 1534 2845 ὅτε
1569 2791 1714 2844 ἐκλέ-

166 2879 333 2931 λοιπεν
371 2880 575 2950 ἄρχων
614 2878 674 2942 ἐξ
718 2879 902 2940 Ἰούδα,
933 2880 1024 2932 καὶ
1060 2879 1348 2948 ἡγούμενος
1379 2882 1440 2932 ἐκ
1478 2879 1582 2932 τῶν
1615 2895 1716 2948 μη·-

168 2968 266 3038 ρῶν
297 2969 508 3032 αὑτοῦ,
569 2969 668 3038 τῆς
695 2967 781 3020 διὰ
833 2968 925 3020 τοῦ
975 2968 1202 3038 Χριστοῦ
1249 2968 1713 3038 προφητευομένης

1821 1899 2010 1952 tiarum
2047 1908 2282 1968 tempora
2321 1903 2578 1970 appositis
2623 1905 2922 1974 principum
2956 1910 3130 1976 gentis
3173 1912 3338 1965 nomi-

1819 1988 1974 2043 nibus
2003 1989 2323 2042 notabantur
2348 2009 2360 2044 :
2391 1991 2469 2045 sic
2493 1993 2633 2045 enim
2662 1993 2822 2049 Isaias
2845 1997 2946 2049 sub
2966 1999 3176 2066 regibus
3192 1999 3340 2066 Ozia,

1815 2071 2062 2137 Joathan,
2104 2075 2300 2140 Achaz,
2334 2085 2387 2131 et
2425 2077 2670 2142 Ezechia,
2715 2083 2804 2149 qui
2853 2083 2904 2136 in
2929 2083 3107 2138 Judaza
3151 2103 3340 2156 regna-

1816 2171 1961 2225 runt,
1999 2166 2330 2234 prophetiam
2371 2184 2520 2223 suam
2579 2173 2812 2224 contexit
2846 2190 2858 2226 :
2902 2175 3151 2228 similiter
3184 2175 3335 2232 Osee.

1815 2253 1978 2307 Amos
2003 2270 2129 2308 vero
2161 2255 2212 2308 in
2246 2256 2431 2312 diebus
2461 2257 2602 2312 Ozia:
2632 2262 2770 2328 regis
2800 2261 2954 2327 Juda,
2991 2275 3042 2318 et
3074 2267 3126 2318 in
3151 2266 3338 2322 diebus

1813 2341 1938 2396 Jesu
1970 2343 2058 2396 lilii
2083 2343 2210 2400 Joas
2265 2347 2404 2415 regis
2433 2350 2597 2403 Israel
2624 2367 2638 2404 :
2662 2359 2714 2404 et
2743 2349 3039 2419 Sophonias
3061 2354 3118 2406 in
3149 2355 3338 2412 diebus

1811 2431 1969 2486 Josiaa
2018 2434 2108 2486 lilii
2157 2435 2319 2489 Amos
2361 2438 2500 2506 regis
2547 2437 2683 2492 Juda
2728 2441 3019 2494 :similiter
3058 2441 3334 2500 Jeremias.

1815 2521 1916 2576 Sed
1944 2523 2032 2576 ubi
2060 2523 2250 2578 defecit
2283 2527 2526 2595 princeps
2555 2529 2620 2582 de
2645 2527 2778 2583 Juda
2806 2539 2858 2582 et
2888 2532 2995 2584 dux
3026 2535 3092 2587 de
3133 2534 3338 2588 femori-

1811 2609 1910 2664 bus
1934 2610 2072 2678 ejus,
2095 2625 2212 2666 cum
2237 2617 2559 2681 exspectatio
2583 2617 2834 2684 gentium,
2857 2619 2920 2671 de
2941 2633 3043 2687 qua
3069 2621 3336 2689 propheta;

1811 2698 1973 2751 locuti
2026 2699 2256 2762 fuerant,
2301 2701 2520 2769 jamjam
2551 2717 2644 2770 per
2681 2703 2953 2758 Christum
3008 2708 3166 2760 vitam
3194 2717 3336 2764 esset

1811 2785 2160 2847 illustratura,
2182 2804 2285 2841 non
2317 2791 2544 2858 amplius
2574 2807 2724 2860 reges
2739 2791 2872 2846 Juda
2905 2799 3135 2858 censeri,
3162 2813 3333 2867 neque

1809 2875 1970 2929 duces
1993 2877 2151 2930 Israel
2182 2892 2407 2946 ccepere,
2451 2880 2544 2933 sed
2587 2881 2669 2935 his
2697 2883 2847 2950 ipsis,
2890 2885 3332 2951 quemadmodum

1811 2968 2098 3036 prophetiae
2145 2969 2597 3037 significaverant,
2635 2987 2733 3027 suo
2765 2982 2914 3029 certo
2941 2986 2992 3030 et
3025 2977 3170 3030 linito
3201 2985 3334 3032 teme

167 3059 483 3128 προσδοκίας
543 3059 656 3110 τῶν
703 3058 869 3110 ἐθνῶν
909 3060 1028 3111 ὅσον
1073 3059 1221 3112 οὔπω
1265 3060 1552 3130 μελλούσης
1597 3061 1738 3131 ἐπι-1

1811 3070 1937 3123 pore
1979 3058 2362 3122 deficientibus,
2397 3063 2600 3129 primus
2647 3065 2860 3130 quidem
2911 3065 3203 3132 Augustus,
3257 3081 3334 3122 se-

165 3148 388 3217 λάμπειν
421 3149 507 3217 τῷ
551 3147 682 3217 βίῳ,
717 3147 895 3200 οὐκέτι
942 3153 1036 3218 μὲν
1083 3149 1310 3218 βασιλεῖς
1351 3151 1711 3220 ἐχρημάτισαν

1811 3148 2016 3202 cundus
2035 3163 2207 3204 autem
2236 3149 2481 3205 Tiberius
2523 3159 2574 3205 et
2593 3153 2814 3206 aliarum
2839 3163 2889 3208 et
2909 3154 3139 3208 Jutlaieie
3160 3158 3330 3224 gentis

173 3242 364 3304 Ἰούδα,
421 3240 559 3293 οὐδὲ
608 3238 894 3308 ἡγούμενοι
948 3239 1178 3308 Ἰσραήλ.
1231 3241 1439 3292 Τούτων
1494 3241 1548 3292 δὲ
1594 3244 1711 3304 ταῖς

160 3332 516 3401 προφητείαις
566 3328 870 3390 ἀκολούθως
914 3328 1052 3381 κατὰ
1083 3330 1204 3390 τοὺς
1236 3329 1560 3398 ὡρισμένους
1589 3331 1711 3400 χρό-

157 3441 267 3486 νους
285 3421 737 3482 διαλελοιπότων,
763 3420 972 3491 πρῶτος
1004 3420 1097 3489 μὲν
1128 3419 1440 3488 Δύγουστος,
1468 3421 1707 3491 δεύτερος

155 3514 206 3564 δὲ
249 3513 534 3583 Τιϐέριος,
597 3509 734 3580 μετά
775 3509 879 3563 τῶν
922 3509 1093 3563 ἄλλων
1142 3511 1232 3561 καὶ
1293 3509 1383 3562 τοῦ
1450 3510 1706 3564 Ἰουδαίων

152 3601 326 3664 ἔθνους
362 3598 830 3670 ἀνηγορεύθησαν
864 3598 1113 3668 βασιλεῖς,
1144 3597 1196 3648 οἴ
1233 3614 1291 3650 τε
1325 3598 1460 3651 κατὰ
1493 3599 1706 3664 τούτους

154 3692 244 3759 τῆς
278 3693 561 3753 Ἰουδαίας
594 3689 873 3760 ἐπίτροποι
908 3691 999 3743 καὶ
1028 3688 1334 3758 τετράρχαι,
1367 3689 1425 3741 ού
1451 3689 1551 3758 μὴν
1575 3691 1704 3743 ἀλλὰ

148 3783 236 3834 καὶ
275 3781 562 3853 Ἡρώδης,
595 3780 671 3844 ὡς
708 3781 840 3850 ἔφην
873 3779 968 3850 ἢδη
1012 3779 1102 3832 καὶ
1136 3779 1405 3848 πρότερον,
1447 3780 1506 3830 οὐ
1544 3797 1704 3848 προσ-

148 3875 288 3942 ήκων
338 3872 631 3932 Ἰουδαίοις
661 3871 721 3922 τὸ
761 3870 931 3936 γένος,
959 3869 1017 3930 ὃς
1049 3867 1152 3920 ,καὶ
1193 3867 1349 3929 αὐτὸς
1380 3868 1523 3937 παρὰ
1578 3868 1703 3920 Ῥω-

152 3961 318 4028 μαίων
372 3963 483 4032 τὴν
515 3958 693 4028 ἀρχὴν
736 3957 833 4028 τὴν
865 3957 1001 4009 κατὰ
1046 3955 1304 4008 Ἰουδαίων
1332 3957 1696 4027 ἐγχειρίζεται.

144 4051 354 4104 Τούτων
389 4053 539 4120 ἡμῖν
568 4047 1069 4117 προτετηρημένων,
1099 4046 1283 4116 καιρὸς
1311 4047 1406 4116 ἠδη
1433 4047 1582 4099 καλεῖ
1603 4047 1700 4117 τῆς

140 4140 216 4202 είς
235 4140 335 4210 τὴν
366 4137 722 4210 προφητείαν
757 4135 981 4205 θεωρίας
1018 4133 1335 4201 ἐφάψασθαι,
1368 4154 1386 4185 ι
1421 4136 1602 4199 Ἰούδα,
1641 4137 1698 4188 σὲ

141 4231 452 4283 αἱνέσουσιν
485 4231 538 4281 οἱ
560 4226 778 4294 ἀδελφοί
802 4242 894 4277 σου
913 4241 926 4254 ·
961 4242 980 4274 ι
1012 4223 1210 4276 δώδεκα
1236 4223 1340 4276 τῶν
1362 4223 1494 4277 ὅλων
1529 4226 1697 4296 ὑπάρ-

138 4319 338 4386 χόντων
365 4319 588 4372 παίδων
619 4316 698 4386 τῷ
742 4315 949 4378 Ἰακὼϐ,
989 4313 1237 4385 τέταρτος
1287 4313 1476 4376 Ἰούδας
1504 4311 1589 4384 ἦν,
1621 4316 1694 4378 ὡς

1806 3238 2094 3304 nuncupati
2149 3246 2274 3292 sunt
2313 3253 2482 3306 reges,
2516 3255 2614 3293 nec
2648 3256 2752 3294 non
2791 3242 2878 3294 alii
2911 3243 3202 3296 secundum
3235 3245 3331 3297 hos

1805 3325 1949 3392 ipsos
1976 3325 2170 3380 Judam
2200 3336 2573 3395 procuratores
2609 3337 2768 3393 atque
2797 3333 3096 3391 tetrarchae,
3133 3335 3329 3401 quibus

1803 3413 2179 3468 adnumeretur
2204 3415 2456 3474 Herodes,
2483 3433 2510 3468 a
2546 3415 2847 3470 Iudaeorum
2887 3434 3099 3485 genere,
3130 3428 3187 3472 ut
3213 3421 3324 3488 jam

1802 3513 1956 3557 antea
1988 3505 2116 3565 dixi,
2147 3505 2372 3565 alienus,
2402 3506 2490 3572 qui
2533 3506 2692 3558 etiam
2742 3507 2854 3572 ipse
2894 3521 2922 3558 a
2951 3505 3202 3562 Romanis
3232 3508 3327 3562 Ju-

1800 3593 2032 3646 daeorum
2074 3595 2425 3662 principatum
2476 3597 2699 3663 acc-epit.
2745 3596 2876 3650 Cum
2924 3596 3183 3652 hactenus
3211 3600 3324 3654 ha‘c

1799 3683 2274 3746 observaverimus,
2309 3695 2514 3754 tempus
2560 3687 2668 3754 jam
2699 3686 2858 3740 fuerit
2902 3688 3068 3756 ipsius
3098 3693 3325 3759 prophe-

1800 3775 1885 3826 tiae
1926 3777 2424 3841 contemplationem
2461 3778 2740 3843 attingere,
2776 3796 2794 3826 ι
2824 3777 2990 3841 Juda,
3047 3788 3097 3834 le
3149 3782 3325 3836 lauda-

1798 3863 1929 3916 bunt
1980 3867 2166 3918 fratres
2210 3867 2320 3918 tui:
2359 3885 2380 3918 ι
2411 3882 2530 3919 cum
2569 3867 2847 3921 duodecim
2887 3871 3104 3925 omnino
3139 3881 3322 3928 essent

1799 3954 1887 4006 lilii
1917 3953 2102 4017 Jarnh,
2143 3971 2324 4009 eorum
2367 3965 2589 4024 quartus
2641 3957 2736 4012 fuit
2778 3959 2934 4022 Juda,
2971 3962 3320 4029 quemadmo-

1795 4045 1918 4097 dum
1954 4054 2108 4097 antea
2151 4047 2403 4104 diximus.
2432 4062 2570 4101 unus
2595 4047 2753 4101 etiam
2802 4049 2916 4119 ipse
2967 4051 3032 4106 de
3065 4052 3321 4123 principi-

1793 4133 1892 4187 bus
1924 4136 2154 4187 tribuum
2178 4135 2348 4204 gentis
2374 4135 2640 4193 Hebraiczc
2668 4157 2681 4192 :
2718 4138 2808 4194 sed
2839 4141 2978 4210 quod
3011 4156 3116 4195 non
3143 4144 3316 4212 ipsum

1793 4223 1942 4276 illum
1974 4225 2301 4292 respicerent
2326 4241 2409 4288 ea,
2434 4243 2551 4296 qua:
2579 4218 2732 4297 quasi
2781 4231 2845 4285 ad
2896 4232 3067 4299 ipsum
3099 4247 3128 4285 a
3166 4243 3315 4301 patre

1791 4310 1933 4365 dicta
1965 4323 2109 4374 sunt,
2155 4312 2190 4365 ii
2227 4313 2534 4380 planissime
2592 4316 2967 4381 intellexerint,
3015 4319 3106 4388 qui
3157 4322 3315 4376 verba

138 4410 228 4459 καὶ
261 4409 590 4476 φθάσαντες
628 4407 945 4476 εἰρήκαμεν,
995 4401 1072 4466 εἷς
1104 4406 1194 4456 καὶ
1223 4405 1377 4467 αὐτὸς
1411 4404 1696 4474 ἀρχίφυλος
1729 4402 1738 4455 Ι

1807 4401 1985 4454 livina:
2015 4400 2301 4470 Scriptura:
2344 4402 2624 4472 diligenter
2671 4407 3012 4470 attenderint,
3041 4419 3094 4462 et
3119 4409 3169 4462 in
3203 4411 3313 4478 pri-

134 4496 225 4548 τοῦ
266 4497 552 4566 Ἐϐραίων
587 4495 790 4555 ἔθνους.
832 4492 969 4544 Ἀλλ’
996 4493 1071 4544 ὅτι
1097 4509 1158 4559 γε
1182 4479 1286 4545 ὀύκ
1313 4492 1466 4544 αὑτὸν
1499 4494 1694 4544 ἐκεῖνον

135 4587 277 4657 ἑώρα
304 4588 404 4640 τὸν
447 4587 624 4656 ἄνδρα
656 4583 726 4636 τὰ
766 4583 840 4645 ὡς
872 4581 1006 4651 πρὸς
1044 4581 1198 4634 αὑτὸν
1228 4581 1329 4634 ύπδ
1363 4581 1452 4634 τού
1499 4582 1696 4652 πατρὸς

134 4676 442 4745 εἰρημένα,
486 4674 655 4739 σαφὲς
699 4671 766 4724 ἃν
812 4668 1016 4737 γένοιτο
1065 4671 1174 4730 τοῖς
1217 4669 1530 4738 ἐπιστήσασι
1580 4672 1694 4731 ταῖς

133 4765 308 4830 λέξεσι
334 4766 445 4834 τῆς
485 4763 634 4826 θείας
675 4761 916 4832 Γραφῆς,
961 4757 1166 4828 πρῶτον
1203 4758 1294 4812 τοῦ
1347 4759 1532 4813 Ἰακὼϐ
1563 4761 1694 4830 πρὸς

132 4859 255 4920 τοὺς
307 4859 476 4919 υἱοὺς
529 4855 709 4924 φωνῆς
752 4853 1042 4922 λεγούσης·
1074 4871 1090 4902 ι
1127 4852 1371 4904 Ἐκάλεσε
1413 4852 1467 4904 δὲ
1506 4850 1692 4904 Ἰακὼϐ

131 4948 254 5009 τοὺς
275 4948 440 5009 υίοίις
463 4945 648 5006 αὑτοῦ,
667 4945 761 4996 καὶ
786 4939 905 4994 εἶπε
925 4959 938 4971 ο
961 4942 1277 5011 Συνάχθητε,
1299 4942 1390 4994 καὶ
1419 4941 1690 5009 ἁναγγελῶ

132 5032 279 5101 ὑμίν,
307 5036 363 5086 τί
401 5037 536 5104 ύμῖν
561 5036 928 5103 ἀπαντήσεται
953 5033 1036 5084 ἐπ’
1067 5033 1301 5100 ἐσχάτων
1325 5032 1430 5083 τῶν
1449 5033 1686 5103 ἡμερῶνο

134 5123 506 5193 ἀθροίσθητε,
549 5126 639 5176 καὶ
681 5123 969 5183 ἀκούσατε,
1025 5122 1126 5172 υἱοὶ
1185 5119 1390 5182 Ἰακὼϐ,
1432 5122 1688 5175 ἀκούσατε

143 5210 388 5279 Ἰσραὴλ,
428 5209 528 5263 τοῦ
555 5211 758 5280 πατρὸς
791 5207 963 5277 ὑμῶν.
990 5227 1006 5257 ι
1027 5206 1212 5274 Σαφῶς
1239 5207 1346 5275 γὰρ
1376 5207 1690 5273 ἐπαγγέλλε-

135 5313 222 5350 ται
246 5299 622 5370 προφητεύειν
655 5299 836 5358 αὐτοῖς
868 5295 935 5346 τὰ
970 5295 1219 5363 μέλλοντα
1253 5295 1427 5356 αὐτοῖς
1460 5297 1691 5367 ἀπαντή-

138 5388 326 5440 σεσθαι
359 5391 594 5458 μακροῖς
621 5387 850 5456 ὕστερον
878 5384 1101 5452 χρόνοις,
1123 5385 1212 5436 καὶ
1235 5383 1308 5444 ὡς
1329 5383 1482 5446 αὑτός
1508 5402 1684 5454 φησιν,

143 5473 222 5527 ἐπ’
257 5477 497 5545 ἐσχάτου
533 5477 640 5528 τῶν
670 5472 914 5544 ἡμερῶν.
950 5473 1054 5522 Καὶ
1082 5471 1250 5534 ἄλλως
1273 5472 1329 5523 δὲ
1360 5471 1424 5524 τὰ
1452 5473 1523 5536 ὡς
1557 5475 1688 5545 πρὸς

142 5562 230 5615 τὸν
273 5565 486 5617 Ἰούδαν
529 5563 798 5636 εἰρημένα
828 5561 927 5612 οὐκ
967 5561 1028 5612 ἂν
1069 5561 1298 5633 εὐλόγως
1337 5561 1689 5632 ἐφαρμόσαιεν

151 5651 222 5720 τῷ
251 5655 457 5725 πρώτῳ
489 5655 679 5720 ἐκείνῳ
710 5649 865 5715 ἀνδρί
885 5665 898 5679 ο
935 5650 992 5701 ού
1018 5651 1120 5719 γὰρ
1146 5652 1343 5703 ἐκεῖνον
1373 5651 1457 5707 τδν
1495 5652 1686 5706 Ἰούδαν

1792 4489 1892 4543 mis
1921 4503 1982 4542 ea
2013 4505 2130 4556 qua:
2157 4491 2209 4543 in
2243 4506 2485 4546 sermone
2504 4491 2668 4547 Jacob
2699 4495 3060 4557 continentur,
3082 4497 3145 4550 ad
3177 4497 3314 4552 ﬁlios

1789 4577 2056 4632 dicentis:
2095 4595 2114 4628 ι
2151 4577 2372 4632 Vocavit
2403 4585 2578 4632 autem
2614 4579 2778 4633 Jacob
2823 4580 2958 4634 ﬁlios
2987 4596 3114 4635 suos
3149 4593 3200 4634 et
3226 4582 3310 4634 di-

1790 4669 1885 4730 xit,
1912 4667 2340 4737 Congregamini,
2375 4683 2426 4724 et
2457 4671 2782 4724 annuntiabo
2817 4671 2968 4724 vobis
2996 4671 3120 4739 quid
3147 4686 3308 4724 even-

1787 4766 1964 4812 turum
2013 4759 2081 4812 sit
2109 4759 2261 4813 vobis
2301 4759 2354 4812 in
2401 4759 2589 4814 diebus
2637 4760 2974 4823 novissimis;
3021 4773 3310 4828 congrega-

1788 4849 1916 4902 mini
1949 4854 2002 4901 et
2047 4848 2244 4911 audite,
2291 4849 2381 4902 lilii
2431 4848 2615 4912 Jacob,
2671 4849 2847 4901 audite
2896 4849 3054 4902 Israel
3102 4856 3304 4916 patrem

1785 4948 2038 4992 vestrum.
2075 4956 2094 4988 ι
2127 4936 2290 4992 Plane
2324 4938 2462 4991 enim
2496 4938 2548 4990 in
2595 4938 2678 4990 his
2717 4937 2992 5005 pollicetur
3029 4952 3085 4991 se
3113 4938 3306 5005 praedi-

1785 5037 1993 5084 cturum
2027 5025 2107 5081 eis
2137 5042 2256 5096 quae
2278 5027 2409 5095 ipsis
2436 5036 2686 5080 eventura
2725 5026 2831 5079 sint
2852 5026 3007 5094 longo
3037 5037 3152 5095 post
3176 5035 3304 5081 tem-

1784 5133 1912 5188 pore
1937 5123 2009 5179 et,
2034 5123 2090 5168 ut
2123 5116 2234 5184 ipse
2262 5116 2355 5177 ait,
2377 5115 2430 5168 in
2461 5117 2764 5170 novissimis
2791 5115 2978 5170 diebus
3002 5134 3015 5168 :
3049 5127 3300 5184 praeterea

1785 5208 1875 5261 illa
1920 5207 2036 5275 ipsa
2081 5220 2200 5274 quae
2236 5207 2388 5274 quasi
2437 5206 2500 5259 ad
2537 5203 2726 5258 Judam
2780 5205 2919 5258 dicta
2972 5215 3117 5268 sunt,
3153 5206 3302 5260 nullo

1783 5294 1941 5349 modo
1993 5295 2046 5348 in
2086 5294 2259 5363 primo
2305 5294 2422 5346 viro
2465 5294 2852 5347 accommodari
2892 5303 3135 5362 possunt.
3182 5292 3297 5346 Non

1782 5387 1922 5441 enim
1951 5384 2140 5439 fratres
2167 5385 2250 5438 sui
2291 5381 2482 5437 Judam
2510 5385 2657 5438 illum
2689 5383 3030 5438 laudaverant
3057 5404 3068 5438 :
3101 5391 3296 5437 etenim

1784 5487 1879 5541 pro
1907 5472 2098 5540 quibus
2143 5471 2353 5524 tandem
2390 5473 2643 5538 praaclare
2674 5473 2836 5539 gestis
2865 5472 3162 5525 debuerunt
3195 5472 3296 5522 hoc

1784 5562 1991 5616 facere?
2023 5559 2126 5616 Sed
2166 5575 2234 5614 ne
2265 5559 2558 5615 adorarunt
2596 5563 2808 5630 quidem
2841 5562 2987 5614 illum
3017 5559 3106 5612 filii
3130 5557 3296 5625 patris

1784 5651 1886 5708 sui.
1915 5651 2074 5720 37o
2100 5648 2277 5720 Longe
2305 5657 2482 5706 autem
2512 5653 2680 5723 magis
2721 5650 2994 5706 oraculum
3046 5643 3296 5702 eonveni-
3342 5711 3346 5714 γ
