3740 6344
543 385 642 435 5Ἱ9

1187 375 1444 432 EUSEBll
1473 373 1940 432 CAESARIENSIS
1976 371 2124 429 OPP.
2173 369 2348 425 PARS
2383 369 2450 425 ll.
2474 401 2544 411 —
2581 370 3072 428 APOLOGETICA.
3140 367 3142 370 ’
3578 383 3655 437 580

542 503 643 555 ret,
683 490 726 544 si
764 489 864 558 ipsi
915 489 1102 558 Ioseph
1151 491 1351 546 dictum
1400 503 1573 554 esset,
1621 485 2054 559 quandoquidem

2159 484 2346 554 ᾔνεσαν
2383 485 2432 536 οἱ
2483 483 2710 551 ἀδελφοί.
2740 485 2857 536 Ἐπὶ
2901 485 3040 553 ποίῳ
3089 484 3198 552 γὰρ
3230 485 3384 538 αὑτοῦ
3431 494 3653 559 κατορθώ-

541 585 682 637 hunc
709 583 821 650 ipse
844 579 1009 634 Iudas
1048 595 1152 634 una
1195 597 1314 635 cum
1361 583 1582 650 reliquis
1626 581 1885 634 fratribus
1939 575 2068 630 ado-

541 684 691 726 rasse
716 669 1045 736 perhibetur,
1087 672 1297 724 tametsi
1327 671 1381 724 id
1411 672 1581 739 ipsum
1607 679 1728 723 ante
1761 668 1921 736 hujus
1943 682 2066 736 pro-

540 758 728 827 phetiae
748 757 910 810 verba
934 775 946 810 :
971 758 1194 825 posthac
1232 759 1371 812 enim
1404 773 1470 810 ne
1497 757 1599 825 ipsi
1626 755 1844 824 quidem
1869 753 2062 822 Ioseph

539 846 646 899 tale
687 844 976 914 quidquam
1019 845 1330 914 contigisse,
1375 859 1438 897 ac
1473 845 1640 896 multo
1685 842 1846 896 etiam
1886 842 2066 894 minus

541 932 642 999 ipsi
665 930 817 992 Juda,
842 931 1063 985 historia
1083 930 1364 1000 signiﬁcat.
1387 931 1449 984 Et
1477 931 1604 984 illud
1631 945 1644 979 :
1676 948 1694 980 ι
1730 929 2066 984 Recumbens

540 1029 716 1074 autem
743 1019 1037 1073 dormivisti
1075 1028 1131 1072 ut
1160 1020 1261 1080 leo,
1291 1027 1344 1073 et
1383 1026 1440 1072 ut
1479 1020 1708 1082 catulus,
1753 1037 1771 1070 ι
1809 1019 2064 1087 majorem

541 1124 671 1162 sane
719 1109 1067 1177 postulaverit
1110 1109 1638 1180 contemplationem,
1679 1123 1838 1177 quam
1889 1123 1952 1161 ea
1995 1108 2066 1160 sit

539 1213 658 1266 qua:
678 1197 864 1250 Judam
894 1199 1163 1266 respiciat.
1183 1196 1319 1262 Quin
1343 1198 1500 1251 etiam
1530 1197 1658 1251 illud
1676 1197 1817 1266 quod
1850 1204 1973 1266 post
2001 1211 2062 1249 ea

539 1289 742 1341 dictum
769 1295 849 1342 est
881 1302 894 1337 :
923 1305 941 1337 ι
976 1287 1088 1340 Non
1113 1286 1320 1340 deﬁciet
1348 1287 1594 1354 princeps
1617 1285 1682 1339 de
1707 1283 1862 1346 Juda,
1890 1299 2064 1352 neque

541 1379 647 1432 dux
676 1377 740 1431 de
771 1376 1060 1431 femoribus
1091 1377 1228 1444 ejus,
1266 1377 1434 1429 donec
1463 1374 1676 1428 veniant
1703 1389 1820 1443 qua
1847 1374 1948 1442 ipsi
1979 1389 2065 1427 re-

543 1467 713 1536 posita
741 1474 886 1529 sunt,
913 1475 964 1520 et
991 1466 1106 1534 ipse
1133 1465 1456 1535 exspectatio
1481 1464 1737 1534 gentium,
1771 1483 1788 1513 ι
1820 1470 2062 1531 tempora

541 1555 672 1608 mihi
713 1554 1012 1623 signiﬁcare
1040 1555 1247 1608 videtur
1273 1555 1409 1621 ejus,
1439 1554 1504 1607 de
1540 1567 1643 1620 quo
1675 1552 1954 1620 prophetia
1979 1551 2061 1604 lo-

540 1644 740 1712 quitur,
771 1641 1046 1696 adventus.
1081 1641 1190 1696 l‘loc
1214 1643 1376 1704 enim,
1394 1641 1585 1709 inquit,
1608 1654 1712 1693 non
1739 1639 1860 1701 erit,
1890 1640 2061 1694 donec

541 1731 671 1786 illud
692 1731 930 1796 eveniat;
961 1747 1130 1799 neque
1155 1731 1295 1785 enim
1327 1731 1477 1799 prius
1493 1729 1734 1783 desinent
1763 1728 1816 1781 in
1837 1727 2059 1783 Judaica

2175 592 2300 643 ματι
2328 572 2480 626 τοῦτο
2507 572 2758 642 ἐποίησαν
2786 575 2886 638 ἂν;
2926 575 3048 626 οὐδὲ
3090 573 3193 644 μὴν
3228 575 3412 646 ἐκείνῳ
3443 584 3654 648 προσεκύ-

2171 676 2335 729 νησαν
2369 661 2418 712 οἱ
2450 661 2555 712 υἱοὶ
2603 660 2694 712 τοῦ
2740 663 2959 732 πατρός.
3018 660 3235 714 Μᾶλλον
3266 662 3309 714 δ’
3358 663 3420 716 ἂν
3465 667 3491 717 6
3540 667 3655 734 λόγῳ

2169 750 2434 819 ἥρμοσεν,
2469 751 2518 801 εί
2561 749 2641 819 τῷ
2679 751 2868 821 Ἰωσὴφ
2901 751 3123 822 εἴρητοο
3172 751 3352 822 ἐπειδὴ
3388 752 3552 808 τοῦτον
3573 759 3655 828 ἅμα

2168 842 2276 901 τοῖς
2306 838 2507 901 λοιποῖς
2535 840 2773 908 ἀδελφοῖς
2801 841 2895 893 καὶ
2924 841 3084 902 αὐτὸς
3123 841 3317 904 Ἰούδας
3343 849 3656 915 προσκυνήσας

2171 931 2409 998 φαίνεται
2430 947 2443 959 ·
2472 929 2612 998 πλὴν
2634 930 2766 982 ἀλλά
2787 931 2895 1001 πρὸ
2920 930 3028 982 τῶν
3050 931 3220 996 λόγων
3249 933 3344 1002 τῆς
3368 937 3653 1002 προφητείας,

2168 1019 2315 1072 Μετά
2346 1019 2450 1089 γὰρ
2473 1019 2694 1080 τούτους
2725 1020 2878 1072 οὐδέν
2915 1037 2969 1072 τι
3016 1019 3282 1084 τοιοῦτον,
3313 1021 3430 1074 οὐδὲ
3459 1025 3567 1094 περὶ
3593 1028 3654 1078 τὸν

2180 1109 2389 1178 Ἰωσὴφ,
2411 1110 2548 1178 ῆπου
2588 1125 2651 1175 γε
2679 1110 2803 1179 περὶ
2834 1109 2929 1162 τὸν
2961 1109 3159 1162 Ἰούδαν
3187 1111 3397 1178 γεγονὸς
3432 1114 3461 1181 ἡ
3501 1115 3653 1184 ἱστορία

2169 1198 2469 1268 παρίστησι.
2484 1198 2592 1249 Καὶ⁸
2619 1197 2699 1260 τὸ,
2720 1218 2737 1248 ι
2759 1197 3079 1251 Ἀναπεσὼν
3103 1199 3158 1251 δὲ
3179 1200 3462 1271 ἐκοιμήθης
3478 1203 3542 1264 ὡς
3560 1204 3651 1256 λέων

2168 1286 2258 1337 καὶ
2275 1286 2347 1348 ὡς
2367 1285 2618 1355 σκύμνος,
2647 1305 2664 1334 ι
2677 1286 2920 1355 μείζονος
2941 1286 3008 1339 ἂν
3022 1287 3238 1357 δέοιτοῆ
3259 1289 3391 1341 κατά
3409 1295 3487 1342 τὸν
3510 1290 3652 1344 Ἰούδαν

2169 1375 2410 1446 θεωρίας.
2447 1375 2603 1428 Ἀλλά
2635 1376 2728 1428 καὶ
2756 1377 2818 1428 τὸ
2862 1376 3004 1445 μετὰ
3035 1376 3208 1429 ταῦτα
3235 1378 3526 1448 εἰρημένονο
3546 1398 3560 1430 ι
3579 1381 3652 1433 Ούι

2166 1465 2394 1533 ἐκλείψει
2441 1465 2620 1534 ἄρχων
2653 1465 2712 1530 ἐξ
2763 1467 2971 1530 Ἰούδα,
3021 1466 3144 1518 οὐδὲ
3187 1467 3471 1536 ἡγούμενος
3506 1469 3558 1519 ἐκ
3579 1468 3649 1519 τῶν

2169 1555 2349 1624 μηρῶν
2377 1555 2554 1618 αὐτοῦ,
2589 1556 2690 1618 ἕως
2715 1555 2778 1608 ἂν
2803 1555 2938 1629 ἔλθῃ
2969 1556 3041 1608 τὰ
3071 1557 3398 1626 ἀποκείμενα
3433 1558 3570 1627 αὐτῷ,
3591 1561 3649 1610 καὶ

2163 1643 2319 1703 αὐτὸς
2363 1643 2648 1712 προσδοκία
2681 1629 2880 1708 ἐθνῶν,
2914 1665 2935 1697 s
2980 1647 3111 1708 τοὺς
3144 1645 3363 1716 χρόνους
3394 1646 3648 1698 αἰνίττεσθαί

2169 1748 2254 1801 μοι
2274 1731 2415 1784 δοκεῖ
2434 1732 2530 1800 τῆς
2559 1732 2651 1784 τοῦ
2700 1723 3187 1805 προφητευομένοὶ)
3236 1736 3526 1806 παρουσίας.
3561 1737 3646 1788 Τόδε

539 1834 694 1890 gente
739 1821 1007 1891 principes
1055 1837 1118 1875 ac
1171 1823 1357 1884 duces,
1398 1836 1555 1890 quam
1608 1820 1842 1889 gentium
1885 1823 2059 1876 veniat

2159 1820 2282 1892 γὰρ,
2329 1824 2505 1890 φησιν,
2543 1825 2642 1875 οὐκ
2688 1823 2866 1887 ἔσται,
2906 1825 3019 1877 ἐστ’
3063 1827 3129 1879 ἂν
3173 1827 3374 1893 γένοιτο
3401 1827 3532 1878 τόδε·
3568 1827 3646 1878 οὐδὲ

539 1912 883 1979 exspectatio,
911 1920 964 1964 et
991 1926 1108 1980 quae
1123 1911 1354 1979 reposita
1375 1916 1499 1965 sunt
1519 1910 1565 1964 ei
1589 1910 1655 1964 de
1679 1926 1784 1980 quo
1805 1911 2060 1980 pr0pheta

540 2005 790 2071 loquitur.
823 2001 946 2056 Haec
992 2013 1171 2057 autem
1219 2003 1574 2071 interpretans
1607 2001 1955 2065 Theodotion,
1995 2003 2063 2056 ab

541 2095 670 2163 ipsis
693 2094 829 2146 LXX
861 2108 965 2146 non
987 2092 1181 2146 differt.
1215 2091 1406 2160 Aquila
1433 2107 1558 2146 vero
1588 2091 1640 2144 in
1671 2092 1812 2145 hunc
1847 2091 2059 2146 modum

540 2185 802 2252 exposuit,
832 2202 851 2234 ι
882 2198 988 2237 non
1031 2182 1379 2236 suscitabitur
1425 2191 1689 2250 sceptrum
1725 2182 1790 2236 de
1831 2180 1985 2244 Juda,
2011 2189 2063 2234 et

539 2271 631 2339 qui
657 2271 919 2339 exquisite
957 2277 1245 2339 cognoscat
1276 2269 1342 2324 de
1371 2270 1547 2323 medio
1582 2271 1775 2338 pedum
1800 2271 1940 2339 ejus,
1967 2271 2064 2324 do-

540 2376 638 2415 nec
685 2362 864 2415 veniat
910 2371 963 2414 et
1011 2361 1110 2429 ipsi
1157 2361 1494 2430 congregatio
1536 2362 1870 2428 populorum.
1909 2381 1926 2413 ι
1962 2360 2062 2414 Ubi

539 2465 661 2503 cum
681 2449 905 2511 dicatur,
944 2469 962 2499 ‹
994 2465 1099 2502 non
1128 2449 1332 2504 deﬁciet
1357 2449 1604 2518 princeps
1628 2450 1694 2504 de
1720 2449 1873 2511 Juda,
1906 2469 1924 2501 ι
1963 2449 2065 2503 hoc

541 2539 665 2592 item
697 2537 764 2592 de
793 2539 910 2606 ipso
945 2537 1035 2590 illo
1070 2537 1239 2605 primo
1264 2535 1399 2590 Juda
1425 2550 1532 2591 non
1563 2544 1770 2606 Oportet
1797 2537 2055 2605 accipere,

541 2629 679 2683 sicut
709 2641 808 2681 nec
835 2625 984 2689 illud,
1009 2644 1026 2676 ι
1053 2624 1207 2690 Juda,
1236 2635 1286 2679 te
1310 2625 1600 2679 laudabunt
1628 2625 1817 2680 fratres
1840 2625 1940 2684 tui,
1975 2632 2064 2680 iet

541 2730 659 2784 qua:
689 2723 1004 2784 sequuntur,
1046 2715 1110 2768 ad
1142 2714 1386 2768 eumdem
1418 2713 1564 2767 illum
1592 2713 1779 2766 referri
1804 2721 2058 2782 possunt:

543 2805 724 2861 multis
750 2805 891 2860 enim
930 2805 1139 2859 saeculis
1165 2803 1434 2872 principes
1457 2817 1521 2856 ac
1554 2801 1717 2857 duces
1748 2803 1801 2855 in
1843 2802 2061 2858 Iudaica

539 2903 692 2965 gente
723 2896 1062 2959 exstiterunt,
1093 2894 1184 2963 qui
1214 2895 1280 2948 de
1306 2895 1447 2949 illius
1474 2894 1572 2948 viri
1604 2908 1796 2963 genere
1841 2893 2062 2961 profecti

543 3003 651 3042 non
679 2996 824 3042 sunt.
857 2987 1069 3041 Primus
1115 3001 1345 3055 namque
1391 2986 1505 3055 ipse
1535 2985 1709 3039 Moses
1740 2985 1844 3038 dux
1884 2984 2062 3052 populi

541 3075 662 3142 fuit,
692 3081 781 3147 qui
803 3094 910 3132 non
929 3079 995 3132 de
1017 3077 1175 3141 Juda,
1207 3078 1300 3131 sed
1323 3076 1389 3131 de
1410 3075 1534 3130 Levi
1555 3082 1714 3129 natus
1740 3081 1848 3140 est;
1871 3074 2063 3129 deinde

2160 1911 2266 1982 γὰρ
2293 1913 2545 1982 πρότερον
2577 1913 2875 1968 παύσονται
2908 1915 3008 1968 τοῦ
3045 1916 3312 1969 Ἰουδαίων
3334 1915 3498 1979 ἔθνους
3514 1916 3646 1986 ἄρχον-

2158 2018 2248 2063 τες
2291 2003 2382 2054 καὶ
2435 2002 2738 2073 ἡγούμενοι,
2773 2004 2809 2073 ἢ
2859 2005 2964 2074 τὴν
3005 2005 3114 2057 τῶν
3179 2005 3343 2058 ἐθνῶν
3395 2005 3644 2077 προσδοκίαν

2161 2091 2360 2154 ἐλθεῖν,
2424 2092 2516 2145 καὶ
2583 2093 2651 2146 τὰ
2716 2095 3063 2164 ἀποκείμενα
3122 2095 3201 2166 τῷ
3251 2095 3641 2167 προφητευομένῳ.

2161 2181 2342 2234 Ταῦτα
2367 2181 2421 2233 δὲ
2446 2183 2641 2252 ὁμοίως
2671 2186 2782 2247 τοῖς
2828 2183 3231 2255 Ἑϐδομήκοντα
3259 2186 3350 2237 καὶ
3374 2189 3400 2238 6
3428 2185 3644 2237 Θεοδοτίων

2161 2269 2512 2338 ήρμήνευσεν.
2549 2271 2604 2322 Ὀ
2652 2271 2710 2323 δὲ
2751 2271 2990 2335 Ἀκύλας
3029 2273 3217 2326 τοῦτον
3261 2273 3468 2340 ἐξέδωκε
3495 2274 3643 2327 καὶτὸν

2161 2359 2382 2428 τρόπον’
2425 2377 2444 2410 ι
2480 2360 2591 2412 Οὐκ
2629 2362 2998 2431 ἀναστήσεται
3039 2363 3313 2434 σκῆπτρον
3362 2364 3459 2416 ἀπὸ
3509 2365 3640 2425 Ἰούδα,

2161 2447 2252 2498 καὶ
2275 2446 2697 2518 ἀκριόαζόμενος
2727 2451 2838 2502 ἀπὸ
2874 2451 3078 2520 μεταξὺ
3112 2452 3286 2505 ποδῶν
3308 2452 3478 2514 αὑτοῦ,
3501 2452 3580 2514 ἕως
3601 2453 3641 2503 ἂν

2161 2534 2285 2606 ἔλθῃ
2310 2537 2400 2588 καὶ
2424 2537 2568 2607 αὐτῷ
2591 2538 2850 2609 σύστημα
2875 2541 3042 2593 λαῶν.
3064 2560 3082 2590 ι
3108 2542 3274 2594 Ἔνθα
3292 2542 3546 2611 λεγομένου
3565 2540 3639 2592 τοῦ.

2165 2641 2184 2673 ι
2204 2624 2316 2675 Οὐκ
2348 2624 2583 2693 ἐκλείψει
2613 2625 2800 2696 ἄρχων
2823 2628 2886 2691 ἐξ
2919 2626 3113 2690 Ἰούδα,
3143 2648 3161 2680 ι
3196 2630 3352 2683 πάλιν
3378 2630 3434 2682 οὐ
3461 2626 3640 2698 περὶτοῦ

2172 2715 2355 2777 Ἰούδα,
2382 2717 2541 2768 αὐτοῦ
2575 2717 2638 2787 δὴ
2670 2720 2886 2772 ἐκείνου
2911 2721 3007 2772 τοῦ
3037 2719 3255 2792 πρώτου
3279 2721 3454 2790 ἀνδρὸς
3489 2718 3641 2772 ἀκούειν

2158 2804 2369 2873 δεήσει,
2403 2805 2589 2876 ὥσπερ
2621 2809 2742 2860 οὐδὲ
2778 2809 2875 2873 τὸ,
2919 2827 2937 2860 ι
2989 2810 3179 2872 Ἰούδα,
3217 2811 3274 2862 σὲ
3321 2810 3574 2862 αἰνέσουσιν
3609 2807 3640 2856 οξ

2159 2893 2371 2960 ἀδελφοί
2387 2910 2499 2956 σου,
2533 2914 2551 2944 ι
2586 2897 2679 2948 καὶ
2719 2898 2796 2952 τὰ
2829 2899 2981 2968 ἑξῆς,
3006 2901 3091 2952 ἐπ’
3141 2901 3344 2953 ἐκεῖνον
3379 2899 3639 2966 ἀναφέροιτο.

2161 2981 2431 3045 Πλείστοις
2465 2984 2507 3035 δ’
2534 2980 2626 3037 οὖν
2667 2987 2890 3056 χρόνοις
2917 2990 3177 3060 ἄρχοντες
3197 2991 3289 3042 καὶ
3319 2989 3563 3060 ἡγούμενοι
3580 2982 3640 3036 τοῦ

2175 3071 2435 3124 Ἰουδαίων
2465 3071 2650 3136 ἔθνους
2704 3077 3090 3148 κατέστησαν,
3140 3080 3239 3132 οὐκ
3281 3081 3342 3132 ὲκ
3375 3078 3464 3147 τῆς
3495 3075 3640 3129 ἐκείνω

541 3163 669 3219 Jesu
700 3168 766 3221 de
806 3169 949 3221 tribu
981 3158 1230 3236 Ephrem,
1262 3173 1382 3236 post
1402 3181 1558 3235 quem
1587 3164 1793 3236 praefuit
1823 3164 2059 3218 Debbora

2159 3161 2249 3214 τοῦ
2278 3161 2464 3231 ἀνδρὸς
2486 3162 2763 3233 διαδοχῆς.
2792 3166 3019 3236 Πρῶτος
3045 3167 3142 3237 μὲν
3174 3167 3279 3238 γὰρ
3305 3166 3513 3234 Μωῦσῆς
3533 3163 3640 3223 αὐτὸς

542 3253 610 3307 de
646 3255 788 3309 tribu
811 3256 939 3310 item
968 3255 1219 3325 Ephrem,
1261 3262 1315 3310 et
1338 3254 1504 3308 Barac
1535 3253 1600 3308 de
1624 3255 1768 3308 tribu
1793 3252 2062 3322 Nephtha-

542 3345 656 3408 lim,
699 3356 821 3415 post
867 3363 1000 3416 quos
1038 3347 1252 3403 Gedeon
1283 3347 1349 3401 de
1375 3347 1515 3401 tribu
1563 3345 1825 3412 Manasse,
1870 3345 2063 3400 deinde

545 3433 683 3490 ﬁlius
720 3435 954 3503 Gedeon,
991 3449 1046 3494 et
1079 3449 1197 3509 post
1225 3440 1368 3493 hunc
1395 3437 1563 3491 Thola
1596 3437 1663 3492 de
1683 3437 1866 3492 eadem
1897 3435 2058 3500 tribu,

541 3533 725 3593 postea
747 3526 955 3583 Esebon
977 3545 1042 3584 ex
1065 3529 1391 3592 Bethlehem,
1420 3535 1474 3582 et
1502 3533 1622 3596 post
1650 3527 1791 3580 hunc
1816 3526 1971 3580 Ailon
1997 3527 2063 3581 de

541 3617 682 3670 tribu
713 3617 987 3686 Zabulon;
1019 3619 1162 3674 hunc
1198 3626 1414 3674 secutus
1459 3627 1540 3672 est
1571 3616 1791 3671 Labdon
1820 3615 1887 3671 de
1913 3615 2058 3670 tribu

488 3709 493 3722 '
542 3705 786 3774 Ephrem,
838 3709 1027 3763 deinde
1080 3708 1343 3778 Sampson
1386 3708 1460 3764 de'
1489 3710 1636 3763 tribu
1670 3707 1830 3775 Dan;
1875 3715 2060 3776 postea

540 3805 662 3845 cum
695 3794 809 3847 sine
835 3795 1070 3864 principe
1096 3804 1296 3860 essent,
1337 3796 1542 3866 praefuit
1569 3799 1700 3866 ipsis
1740 3797 1852 3851 Heli
1883 3811 2061 3850 sacer-

539 3881 640 3934 dos
667 3881 734 3934 de
763 3881 906 3934 tribu
933 3881 1056 3936 Levi
1082 3901 1096 3936 :
1122 3884 1176 3938 hi
1204 3887 1383 3940 cuncti
1404 3886 1612 3954 judices
1640 3885 1731 3954 qui
1751 3884 2060 3953 judicabant

542 3971 708 4026 Israel
726 3985 832 4024 non
855 3971 920 4024 de
943 3987 1133 4040 genere
1160 3975 1328 4044 ipsius
1349 3975 1503 4040 Juda,
1528 3976 1620 4030 sed
1641 3973 1710 4029 ex
1727 3973 1949 4028 diversis
1971 3973 2060 4025 tri-

544 4061 717 4115 bubus
739 4075 806 4114 οι
827 4061 930 4114 alia
959 4064 1096 4140 alius
1123 4067 1359 4130 oriundi,
1390 4074 1444 4121 et
1466 4067 1556 4135 qui
1582 4071 1703 4134 post
1732 4063 1827 4118 hos
1852 4063 2056 4130 primus

542 4150 683 4218 apud
707 4163 800 4204 eos
831 4151 1030 4219 regiam
1059 4152 1368 4222 dignitatem
1411 4155 1614 4221 accepit
1646 4152 1794 4217 Saul,
1825 4150 1890 4204 de
1917 4150 2058 4204 tribu

543 4240 644 4294 fuit
692 4240 985 4309 Benjamin.
1025 4241 1300 4306 Quomodo
1352 4245 1511 4314 igitur
1551 4242 1722 4296 illud:
1756 4259 1775 4292 ι
1811 4240 1929 4295 Non
1960 4241 2055 4296 de-

545 4325 684 4378 ﬁciet
735 4327 980 4394 princeps
1041 4329 1107 4382 de
1170 4327 1341 4395 Juda,
1387 4344 1558 4398 neque
1608 4329 1715 4382 dux
1764 4327 1830 4382 de
1893 4327 2057 4383 femo-

2158 3251 2393 3320 ἡγήσατο
2427 3250 2518 3302 τοῦ
2568 3251 2720 3315 λαοῦ,
2769 3255 2844 3324 μὴ
2885 3257 2952 3309 ὲκ
2994 3255 3090 3309 τοῦ
3142 3257 3305 3310 Ἰούδα
3325 3297 3340 3320 ,
3385 3256 3482 3309 ἀλλ’
3505 3257 3553 3306 ὲκ
3578 3250 3638 3305 τοῦ

2157 3338 2285 3393 Acut
2316 3339 2568 3408 γεγονώς.
2602 3339 2736 3396 Εἶτα
2782 3345 2992 3416 Ἰησοῦς
3025 3348 3090 3399 ὲκ
3122 3347 3290 3416 φυλῆς
3324 3346 3544 3416 Ἐφραὶμ,
3563 3341 3639 3412 μεῡ*

2153 3429 2213 3484 ὃν
2259 3426 2422 3501 ἦρξεν
2458 3432 2636 3486 αὐτῶν
2672 3434 2948 3507 Δεσὸὠρα
3001 3439 3065 3491 ὲκ
3097 3438 3265 3508 φυλῆς
3326 3437 3556 3507 Ἐφραὶμ,
3580 3435 3639 3486 καὶ

2155 3519 2342 3591 Βαράκ
2376 3522 2439 3573 ὲκ
2479 3522 2652 3592 φυλῆς
2696 3524 3054 3597 Νεφθαλείμ·
3105 3528 3221 3598 μεθ’
3273 3527 3362 3590 οὓς
3403 3525 3567 3579 Γεδεὼν
3596 3525 3636 3573 ἐκ

2157 3608 2325 3678 φυλῆς
2379 3610 2640 3682 Μανασσῆ
2661 3628 2675 3642 ·
2737 3614 2930 3669 ἔπειτα
2973 3619 3002 3670 6
3045 3617 3137 3671 τοῦ
3191 3617 3384 3670 Γεδεὼν
3422 3619 3542 3679 παῖς,
3577 3613 3634 3666 καὶ

2160 3700 2276 3766 μετ’
2308 3699 2465 3752 αὐτὸν
2490 3699 2644 3754 Θωλά
2668 3703 2738 3756 ὲκ
2778 3705 2953 3776 φυλῆς
2979 3707 3079 3776 τῆς
3117 3709 3309 3777 αὐτῆς·
3335 3707 3502 3759 ἔπειτα
3535 3705 3635 3755 Ἐσε-

2158 3787 2263 3840 6ὼν
2295 3791 2358 3842 ὲκ
2389 3790 2662 3860 Βηθλεέμ⁶
2707 3796 2804 3848 καὶ
2851 3797 2991 3866 μετὰ
3023 3797 3209 3850 τοῦτον
3235 3798 3398 3851 Αίλὼν
3427 3798 3482 3849 ἐκ
3518 3793 3634 3863 φυλῆς

2155 3878 2458 3931 Ζαϐουλὼν·
2496 3880 2680 3933 ἔπειτα
2715 3885 2944 3938 Λαϐδὼν
3002 3889 3066 3939 ὲκ
3095 3887 3265 3956 φυλῆς
3304 3887 3539 3956 Ἐφραίμ·
3573 3882 3634 3934 καὶ

2155 3964 2305 4032 αὖθις
2322 3968 2556 4038 Σαμψὼν
2582 3972 2646 4024 ἐκ
2675 3974 2854 4044 φυλῆς
2877 3976 3014 4028 Δάν·
3041 3976 3228 4030 ἔπειτα
3254 3978 3490 4048 ἀναρχίας
3510 3971 3632 4028 αὐτῶν

2154 4058 2462 4128 γενομένης,
2510 4061 2695 4129 ἠγεῖτο
2748 4064 2933 4118 αὐτῶν
2970 4065 3119 4119 Ἦλεῖ
3153 4070 3182 4120 6
3229 4069 3396 4138 ἱερεὺς
3435 4069 3489 4118 ὲκ
3515 4063 3633 4133 φυλῆς

2154 4148 2312 4200 Λευῒ·
2346 4145 2488 4202 οὗτοι
2521 4152 2722 4215 πάντες
2747 4156 2933 4226 κριταὶ
2960 4158 3236 4228 κρίναντες
3259 4159 3344 4211 τὸν
3373 4156 3550 4226 Ἰσραὴλ
3567 4154 3633 4205 οὐκ

2152 4238 2216 4290 ὲκ
2254 4239 2493 4308 διαδοχῆς
2527 4241 2713 4307 Ἰούδα,
2759 4245 2826 4298 ἐκ
2869 4247 3138 4318 διαφόρων
3161 4250 3215 4301 δὲ
3253 4249 3439 4317 φυλῶν,
3475 4244 3634 4300 ἄλλοθεν

2153 4327 2305 4390 ἄλλος
2347 4329 2631 4399 γενόμενος
2650 4349 2664 4362 ·
2708 4335 2807 4387 καὶ
2853 4337 2882 4389 ὅ
2923 4355 2987 4405 γε
3054 4339 3189 4408 μετά
3234 4339 3439 4401 τούτους
3478 4335 3632 4406 πρῶτος

547 4414 696 4467 ribus
749 4414 886 4482 ejus,
937 4434 958 4468 ι
992 4425 1050 4470 ιιι
1119 4419 1382 4486 quispiam
1444 4421 1668 4474 fortasse
1734 4419 2050 4487 putaverit,

2159 4419 2328 4472 αὐτῶν
2381 4419 2700 4488 βασιλεύσας
2763 4428 2939 4482 Σαοὺλ
2994 4431 3059 4483 ὲκ
3115 4430 3280 4500 φυλῆς
3317 4427 3379 4500 ἦν
3427 4423 3630 4492 Βενιαμίν.

541 4502 694 4570 371
725 4503 790 4556 ad
818 4505 1081 4574 principes
1107 4507 1172 4560 de
1203 4509 1344 4562 tribu
1393 4507 1530 4562 Juda
1566 4523 1627 4560 ac
1665 4508 1826 4562 duces
1859 4508 2052 4566 refere-

542 4595 648 4655 tur,
672 4590 883 4658 quando
909 4592 1151 4646 videntur
1171 4609 1233 4648 ex
1283 4610 1388 4664 quo
1419 4603 1656 4664 tempore
1685 4604 1926 4654 mortuus
1972 4610 2055 4655 est

531 4678 705 4735 Jacob
743 4682 868 4736 totis
894 4683 1272 4751 pr0pemodum
1327 4686 1470 4739 mille
1495 4687 1669 4750 annis,
1718 4703 1824 4742 non
1861 4705 1926 4744 ex
1949 4706 2053 4744 una

543 4769 682 4824 tribu
722 4770 889 4839 ipsius
926 4770 1061 4825 Juda
1090 4772 1310 4841 profecti
1336 4812 1352 4838 ,
1377 4774 1470 4830 sed
1494 4790 1559 4829 ex
1589 4777 1690 4830 alia
1726 4779 1860 4834 alius
1889 4795 2056 4848 usque

543 4856 610 4909 ad
629 4864 866 4927 tempora
897 4859 1103 4914 David?
1124 4863 1266 4931 quod
1294 4864 1339 4916 si
1377 4863 1496 4933 post
1515 4871 1624 4918 tam
1656 4869 1851 4924 multos
1875 4876 1927 4924 et
1952 4868 2056 4921 Da-

543 4942 653 5004 vid,
683 4954 735 4998 et
765 4947 855 5014 qui
888 4948 986 5016 ipsi
1013 4947 1174 5003 David
1198 4950 1251 5004 in
1272 4966 1436 5021 regno
1465 4953 1604 5022 apud
1633 4953 1906 5011 Judaicam
1928 4973 2056 5028 gen.

546 5035 648 5079 tem
672 5045 1059 5103 successerunt,
1072 5038 1137 5092 de
1153 5041 1293 5093 tribu
1317 5039 1450 5095 Juda
1473 5044 1583 5097 nati
1611 5054 1753 5110 sunt,
1783 5047 2052 5102 sciendum

548 5120 719 5168 tamen
747 5121 840 5173 tibi
859 5131 959 5186 est,
995 5128 1136 5194 quod
1170 5129 1224 5182 hi
1263 5130 1365 5200 ipsi
1390 5147 1456 5186 ne
1484 5141 1622 5190 totos
1651 5137 1864 5206 quidem
1895 5137 2053 5205 quin-

545 5210 730 5266 gentos
759 5219 923 5261 annos
953 5213 1113 5267 totius
1141 5220 1310 5285 gentis
1342 5237 1561 5291 regnum
1613 5225 1851 5278 obtinere
1872 5231 2055 5292 potue-

549 5295 692 5380 runt,
721 5292 812 5344 sed
840 5294 1000 5347 trium
1071 5300 1324 5360 duntaxat
1372 5312 1636 5380 tribuum,
1666 5328 1728 5367 ac
1773 5327 1838 5366 ne
1868 5312 2051 5365 harum

548 5377 763 5475 quidem
785 5383 1072 5475 solidarum
1093 5424 1108 5450 ,
1136 5393 1328 5460 quippe
1355 5413 1475 5454 cum
1506 5377 1692 5459 iisdem
1727 5401 2052 5472 temporibus

549 5465 638 5515 alii
677 5466 887 5561 quidam
918 5470 971 5561 in
999 5486 1144 5539 parte
1195 5483 1390 5552 gentis}
1419 5494 1694 5561 ampliore,
1732 5501 1785 5548 et
1825 5465 1879 5545 i-n
1927 5490 2052 5544 totis

548 5567 734 5654 govern
791 5557 1030 5613 tribubus
1079 5569 1446 5630 regnaverint:
1492 5557 1613 5637 nam
1656 5591 1775 5654 post
1830 5587 2051 5636 mortem

545 5637 865 5713 §alomonis,
890 5661 1006 5701 cum
1038 5659 1144 5704 tota
1173 5668 1301 5720 gens
1323 5659 1386 5713 ab
1413 5660 1548 5724 Juda
1579 5637 1748 5731 divisa
1777 5671 1953 5740 fuerit,
1973 5669 2050 5740 ip—

2148 4508 2269 4572 Πῶς
2297 4505 2386 4562 οὖν
2426 4511 2508 4571 τὸ,
2542 4530 2562 4562 ι
2595 4514 2711 4567 Οὐκ
2757 4517 3000 4587 ἐκλείψει
3041 4519 3220 4591 ἄρχων
3258 4519 3314 4584 ἐξ
3360 4518 3518 4577 Ἰούδα,
3548 4511 3630 4565 οὖδέ

2146 4597 2438 4668 ἡγούμενος
2461 4601 2525 4652 ὲκ
2549 4601 2656 4654 τῶν
2688 4607 2885 4676 μηρῶν
2910 4609 3074 4661 αὐτοῦ
3103 4609 3196 4680 (ὡς
3223 4609 3284 4662 ἀν
3310 4602 3628 4676 τιςᾷοίηθείη).ι

2149 4689 2239 4740 ἐπὶ
2265 4689 2389 4750 τοὺς
2426 4689 2490 4741 ἐκ
2519 4692 2690 4761 φυλῆς
2739 4696 2910 4752 Ἰούδα
2946 4699 3207 4768 ἄρχοντας
3235 4699 3323 4752 καὶ
3363 4692 3626 4766 ἡγουμένους

2148 4776 2575 4845 ἀνενεχθήσεται,
2614 4781 2703 4834 ὅτε
2743 4785 3024 4853 φαίνονται
3067 4787 3174 4840 ἀπὸ
3220 4787 3325 4839 τῶν
3354 4785 3528 4855 χρόνων
3563 4778 3630 4842 τῆς

2148 4867 2236 4919 τοῦ
2279 4866 2469 4918 Ἰακὼϐ
2501 4869 2763 4944 τελευτῆς
2789 4877 2931 4941 ὅλοις
2961 4877 3134 4930 ἐτεσιν
3171 4878 3329 4946 ἐγγύς
3364 4892 3454 4928 που
3492 4868 3631 4940 χιλίοις

2148 4956 2245 5006 οὐκ
2287 4957 2350 5006 ἐκ
2393 4957 2557 5028 μόνης
2601 4962 2701 5032 τῆς
2750 4966 2923 5019 Ἰούδα
2964 4968 3136 5037 φυλῆς
3185 4965 3523 5039 προαχθέντες,
3550 4952 3629 5008 ἀλλ’

2148 5043 2329 5097 ἄλλοτε
2362 5045 2420 5109 ἐξ
2451 5047 2636 5119 ἄλλης,
2684 5054 2851 5125 μέχρι
2897 5057 3003 5109 τῶν
3050 5057 3211 5110 Δαοιδ
3263 5056 3472 5125 χρόνωνς
3511 5048 3560 5100 Εἰ
3591 5041 3629 5094 δὲ

2152 5132 2285 5201 μετὰ
2304 5135 2423 5197 τοὺς
2452 5139 2740 5205 τοσούτους
2766 5145 2796 5195 6
2820 5145 2981 5198 Aa6‘t8
3003 5148 3054 5199 οῖ
3075 5164 3134 5199 τε
3161 5149 3222 5201 ὲκ
3248 5146 3341 5214 τῆς
3373 5142 3531 5194 τούτου
3552 5135 3628 5185 δια-

2147 5221 2300 5291 δοχῆς
2331 5222 2743 5294 βασιλεύσαντες
2773 5234 2866 5286 τοῦ
2909 5236 3170 5289 Ἰουδαίων
3209 5234 3380 5294 ἔθνους
3411 5232 3466 5281 ἐκ
3501 5220 3627 5291 φυλῆς

2148 5313 2425 5378 γεγόνασιν
2466 5316 2653 5383 Ἰούδα,
2681 5321 2820 5374 ἀλλά
2857 5325 2958 5395 χρή
2993 5341 3054 5377 σε
3083 5325 3270 5377 εἰδέναι
3293 5324 3366 5375 ὅτι
3394 5317 3496 5370 οὐδὲ
3525 5311 3624 5365 ὅλοις

2150 5403 2517 5468 πεντακοσίοις
2539 5407 2682 5462 ἔτεσι
2705 5413 2998 5482 διήρκεσαν
3024 5405 3187 5476 οὗτοι,
3209 5412 3265 5464 οὐ
3293 5405 3468 5465 παντὸς
3487 5399 3624 5482 EGV“?

2151 5487 2575 5559 βασιλεύσαντες,
2615 5498 2751 5550 ἀλλά
2780 5479 2972 5568 ’μόνων
3005 5500 3182 5568 φυλῶν
3219 5498 3388 5568 τριῶν.
3428 5488 3506 5542 καὶ
3535 5479 3621 5574 οθδῗ

2148 5577 2278 5631 ὅλων
2303 5580 2530 5635 τούτων’
2573 5587 2694 5640 καθ’
2737 5587 2833 5650 οὓς
2876 5589 3052 5662 ἕτεροί
3102 5606 3237 5650 τινες
3275 5585 3523 5650 ἐτύγχανον
3554 5583 3620 5621 του

2149 5668 2384 5734 πλείονος
2413 5672 2617 5746 ἔθνους,
2648 5679 2739 5732 καί
2762 5679 2896 5733 ὅλων
2925 5697 2987 5748 γε
3021 5682 3173 5738 ἐννέα
3199 5676 3363 5748 φυλῶν
3396 5673 3477 5738 τὴν
3504 5663 3619 5732 βαίη·
