3740 6344
93 425 168 480 58)

1139 398 1768 460 DEMONSTBATIONIS
1804 403 2242 463 EVANGELICE
2275 402 2405 466 LIB.
2443 410 2573 470 Vill.

3359 430 3460 482 582

118 474 237 584 ζέω
248 474 380 588 tm}
691 501 912 605 All-3‘3?
943 512 1075 585 γὰρ
1097 517 1193 588 τὴν
1218 519 1308 572 τοῦ
1339 518 1636 588 Σολομῶνος
1655 522 1833 574 τελευ-

1899 563 1908 580 ι
1935 523 2046 578 sius
2067 520 2227 577 David
2255 536 2597 583 successores
2615 529 2794 594 trium,
2829 541 2886 586 ut
2911 533 3176 600 dicebam,
3195 537 3452 605 tribuum,

143 560 237 584 *ιυιῖ
253 560 334 588 (λκν
733 560 744 562 ἡ
868 594 903 605 ~
961 560 1072 585 '"l'
1109 560 1190 616 ’Ἲς
1229 560 1306 572 ’⁷⁷
1339 560 1633 625 -""|"""""‘
1666 560 1833 625 """";

143 613 226 679 τὴν
256 571 723 679 δωρεὴ-*τος
781 604 908 648 του
970 608 1187 671 παντὸς
1225 609 1402 673 ἔθνους
1424 610 1479 676 ἐξ
1519 611 1700 676 Ἰουδα,
1745 631 1837 666 του

177 653 652 771 ἰλιῖζῖινάδέλίῖῖ
679 681 920 771 τριῶν,
963 694 1052 760 ὡς
1085 653 1238 770 ἐφῆν,
1270 653 1524 756 οὐδ”ὅλων
1551 653 1724 771 quam);
1751 707 1839 760 ἰπὶ

213 777 298 844 ἧς
315 755 732 860 Ἰερουξτστλὴξι
756 755 1302 860 ἐϐασίλευονμέχρι
1324 791 1420 859 τῆς
1448 794 1526 854 εἰς

218 847 626 952 αὶιμσλξωσίξις·
655 854 818 952 κατ’
848 871 1070 940 αὐτούς
1097 847 1160 930 δὲ.
1283 847 1482 942 τούτοις
1506 847 1594 934 επὶ
1617 884 1714 952 τῆς
1733 885 1834 935 Σα-

246 952 478 1037 μοεὶας
499 939 655 996 ὤ’τω
681 939 1063 1032 καλουμένης
1091 966 1311 1030 πόλεως,
1337 968 1441 1019 τῶν
1463 939 1626 1022 *ἐννέα
1662 939 1834 1037 φυλῶν

235 1036 539 1128 ἡγούμενοι
568 1039 679 1093 οὐκ
708 1041 798 1128 te
818 1047 1028 1114 Ἰούδα,
1057 1055 1169 1107 ἀλλ’
1202 1057 1260 1120 ἐξ
1297 1058 1490 1128 ἑτέρων
1515 1036 1687 1126 φυλῶν
1722 1061 1834 1113 ἓτε-

237 1139 331 1217 ροι
372 1127 717 1196 διετέλεσαν,
763 1126 845 1187 ὧν
893 1141 1113 1209 πρῶτος
1155 1138 1220 1213 ἦν
1252 1126 1521 1214 Ἰεροδοάμ
1556 1149 1618 1199 ὲκ
1664 1150 1831 1217 φυλῆς

235 1211 528 1306 ἐφραὶμ,
577 1222 680 1274 καί⁵
711 1223 766 1275 οἱ
807 1227 1050 1298 καθεξῆς
1092 1211 1224 1300 μετά
1257 1211 1436 1287 τούτον
1456 1211 1494 1264 ⁸-
1518 1235 1590 1298 ὡς
1621 1211 1736 1306 μηδ’
1773 1211 1829 1290 έν

216 1305 343 1395 ἷοῖς
379 1310 605 1375 μεταξὺ
643 1313 870 1382 χρόνοις
914 1322 1026 1381 τοῖς
1054 1322 1159 1373 ἀπὸ
1193 1323 1350 1376 Δαδιδ
1374 1326 1465 1376 ἐπὶ
1498 1325 1592 1395 τὴν
1619 1305 1696 1389 ei;
1728 1329 1828 1380 Βα.

203 1388 458 1451 συλῶνα
490 1402 902 1472 αίχμαλωσίαν
938 1410 1063 1472 τοὺς
1088 1412 1150 1463 ἐκ
1175 1412 1338 1483 φυλῆς
1375 1414 1539 1468 Ἰούδα
1551 1388 1655 1468 ⁷τοῦ
1681 1388 1827 1471 παν-

314 1488 557 1554 ἔθνους
601 1495 956 1564 ἡγήσασθαι.
1002 1501 1066 1551 Τί
1097 1501 1174 1553 δεῖ
1212 1501 1402 1570 λέγειν,
1439 1505 1514 1563 ὡς
1559 1507 1688 1575 μετά
1730 1507 1824 1577 τὴν

148 1575 282 1631 ἀπὸ
319 1578 740 1646 Βαϐυλῶνος
777 1585 1032 1639 ἐπάνοδον
1062 1585 1212 1652 αὖθις
1241 1592 1376 1662 ὑπὲρ
1410 1593 1474 1645 τὰ
1510 1575 1822 1652 πεντακόσια

143 1666 258 1736 ἐτη
301 1669 539 1740 μέχρι
579 1673 699 1743 τῆς
737 1674 839 1726 τοῦ
871 1676 1102 1745 Χριστοῦ
1131 1679 1383 1745 γενέσεως
1413 1681 1702 1738 διετέλεσαν
1729 1703 1822 1739 πο-

141 1758 359 1830 λιτείᾳ
423 1761 760 1832 χρώμενοι
789 1765 1224 1838 ἀριστοκρατικῇ,
1254 1770 1360 1822 τῶν
1403 1773 1498 1841 μὲν
1528 1775 1660 1827 κατά
1691 1777 1817 1846 χρόο

135 1864 285 1910 νους
323 1849 731 1919 ἀρχιερέων
773 1854 1086 1924 ἡγουμένων
1107 1857 1198 1908 τοῦ
1225 1857 1422 1924 ἔθνους,
1454 1860 1658 1925 οὐδενὸς
1680 1865 1734 1916 δὲ
1756 1867 1818 1918 ὲκ

137 1938 250 2009 τῆς
310 1938 457 1991 τοῦ
531 1941 740 1995 ’ἰούδα
791 1943 1000 2014 φυλῆς;
1039 1945 1175 1999 ὥστε
1223 1949 1279 2014 ἐξ
1323 1951 1568 2006 ἁπάντων
1622 1954 1816 2008 τούτων

136 2029 649 2099 παρίστασθαι,
712 2033 789 2102 μὴ
823 2035 912 2086 ἐπὶ
943 2035 1031 2088 τὸν
1060 2039 1268 2107 πρῶτον
1306 2042 1502 2094 ἐκεῖνον
1537 2043 1697 2116 ἄνδρα
1728 2047 1816 2099 τὸν

149 2119 446 2182 Ἰούδαν,
485 2121 660 2190 μηδὲ
702 2123 796 2174 ἐπὶ
825 2125 948 2186 τοὺς
990 2126 1254 2196 διαδόχους
1284 2131 1439 2183 αὐτοῦ
1465 2133 1814 2204 ἀναφέρεσθαι

136 2208 210 2260 τὸ
247 2209 539 2277 φάσκον
579 2210 815 2277 λόγιονσ
856 2230 874 2262 ι
919 2214 1028 2267 Οὐκ
1059 2216 1288 2286 ἐκλείψει
1314 2220 1489 2289 ἅρχων
1533 2221 1592 2285 ἐξ
1632 2224 1810 2286 Ἰούδα,

143 2298 288 2350 οὐδὲ
318 2299 719 2368 ἡγούμενος
745 2301 812 2352 ὲκ
839 2301 942 2354 τῶν
973 2305 1154 2374 μηρῶν
1194 2308 1352 2360 αὐτοῦ
1370 2327 1382 2339 ο
1414 2328 1431 2359 ι
1481 2311 1650 2378 μόνως
1677 2313 1720 2365 δ’
1749 2315 1813 2367 ἂν

152 2391 448 2460 συσταίη
488 2390 579 2442 τὰ.
614 2392 772 2444 κατὰ
803 2393 894 2445 τὸν
921 2395 1097 2456 τόπον,
1127 2398 1174 2447 εί
1197 2397 1332 2450 κατὰ
1355 2400 1418 2452 τά
1438 2401 1663 2470 πρόσθεν
1684 2405 1812 2473 ἡμῖν

153 2479 651 2548 ἀποδεδομένα,
685 2481 815 2550 περὶ
840 2482 936 2551 τῆς
959 2483 1125 2552 φυλῆς
1151 2486 1360 2556 ἀπάσης
1380 2487 1619 2555 λέγεσθαι
1645 2491 1810 2545 ταῦτα

157 2571 556 2639 νοήσαιμεν.
597 2565 764 2648 Αὕτη
794 2570 919 2637 γοῦν
951 2573 1203 2642 ἀρχῆθεν,
1245 2573 1304 2639 ἐξ
1333 2576 1503 2629 αὐτῶν
1533 2579 1638 2632 τῶν
1675 2582 1810 2634 κατά

164 2659 464 2711 Μωῦσέα
497 2658 764 2728 χρόνων,
788 2660 882 2711 τοῦ
910 2662 1104 2724 παντὸς
1143 2663 1322 2727 ἔθνους
1359 2666 1594 2735 ἡγήσατο
1613 2683 1629 2700 ⁸
1674 2672 1808 2724 κατά

172 2749 329 2816 γοῦν
361 2749 487 2819 τὴν
517 2747 752 2817 ταύτης
787 2750 1150 2820 ἐπικράτειαν,
1182 2751 1255 2815 ὡς
1292 2754 1356 2806 ἂν
1395 2755 1624 2824 ἀρχῆθεν
1660 2759 1806 2826 ἡγεῖ-

178 2838 326 2891 σθαι
348 2837 927 2909 προκεχειρισμένης
954 2839 1054 2892 ὑπὸ
1075 2839 1166 2892 τοῦ
1188 2841 1337 2906 Θεοῦ,
1372 2844 1590 2898 Ἰουδαία
1617 2864 1673 2898 τε
1700 2849 1807 2899 είσ-

187 2929 280 2980 ἑτι
353 2928 467 2981 νῦν
500 2928 635 2980 ἀπὸ
671 2929 773 2997 τῆς
799 2927 1022 2998 φυλῆςῆ
1052 2945 1112 2996 γε
1151 2929 1297 3000 χώρα
1335 2932 1692 3004 ἐπικέκληται,
1713 2938 1804 2989 καὶ

187 3015 258 3067 τὸ
296 3017 424 3067 πᾶν
475 3014 686 3068 αὐτῶν
736 3013 987 3083 σύστημα
1037 3015 1295 3070 Ἰουδαίων
1336 3019 1801 3088 προσαγορεύεται.

191 3103 376 3156 Οὕτω
405 3105 616 3158 τοίνυν
653 3105 948 3172 νοήσαιμεν
974 3103 1034 3156 τὸ
1057 3104 1355 3173 λεγόμενον,
1386 3107 1459 3168 ὼς
1481 3109 1527 3159 εἰ
1555 3109 1803 3176 σαφέστε-

196 3211 302 3264 ρον
351 3193 602 3263 ἔλεγεν·
646 3194 766 3246 Οὐκ
793 3193 1029 3260 ἐκλείψει
1068 3193 1160 3247 τοῦ
1193 3195 1384 3279 παντὸς
1425 3196 1603 3260 ἔθνους
1641 3200 1800 3268 ἡγου-

198 3283 358 3352 μένη
387 3286 420 3352 ὴ
443 3283 559 3336 τοῦ
579 3283 760 3335 Ἰούδα
783 3282 941 3352 φυλή.
959 3284 1016 3336 '0
1034 3283 1160 3350 γοῦν
1181 3284 1485 3354 Σύμμαχος,
1509 3303 1528 3336 ι
1564 3288 1622 3339 ού
1651 3306 1800 3358 περι-

197 3371 616 3443 αιρεθήσεται,
676 3372 862 3442 φησὶν,
892 3371 1099 3434 ἐξουσία
1127 3373 1232 3426 ἀπὸ
1286 3373 1465 3437 Ἰούδα,
1494 3394 1512 3426 ι
1559 3375 1619 3428 τὸ
1651 3377 1798 3442 ἐξου-

198 3464 514 3516 σιαστικδν
541 3463 732 3532 δήπου
767 3461 860 3514 καὶ
882 3460 1101 3532 ἀρχικὸν
1127 3462 1335 3532 ἀξίωμα
1359 3464 1455 3532 τῆς
1482 3464 1614 3533 μετά
1633 3464 1798 3519 ταῦτα

199 3553 556 3624 ὑποστάσης
583 3550 687 3604 τοῦ
728 3551 893 3604 Ἰούδα
933 3552 1098 3622 φυλῆς
1126 3553 1407 3623 παριστάς.
1437 3553 1644 3625 Ταύτης
1671 3556 1797 3623 γοῦν

199 3640 339 3692 οὔτε
384 3643 444 3695 τὸ
478 3642 800 3711 σκῆπτρον,
831 3639 904 3702 ὼς
929 3641 958 3691 ὁ
996 3639 1218 3703 Ἀκύλας
1241 3641 1368 3709 φησι
1414 3641 1720 3713 (βασιλικῆς
1742 3645 1796 3696 δὲ

203 3731 388 3782 τοῦτο
419 3731 716 3802 σύμϐολον
757 3724 825 3798 ἦν
849 3728 1060 3798 ἀρχῆς),
1089 3728 1209 3782 οὕτε
1245 3729 1339 3799 τὴν
1371 3730 1627 3796 ἐξουσίαν,
1661 3735 1796 3787 κατά

202 3820 307 3874 τὸν
351 3822 696 3892 Σύμμαχον,
731 3818 1231 3889 περιαιρεθήσεσθαι
1255 3817 1508 3883 θεσπίζει,
1544 3841 1562 3873 ι
1602 3822 1701 3884 ἕως
1729 3823 1793 3876 ἂν

207 3907 382 3977 ἔλθῃ,
418 3910 624 3980 φησιν,
666 3900 713 3973 ᾧ
744 3905 1044 3970 ἀπόκειται,
1075 3925 1094 3957 ι
1132 3908 1223 3959 καὶ
1265 3907 1422 3960 αὑτὸν
1451 3909 1659 3963 ἔσεσθαι
1688 3911 1791 3964 τῶν

211 3997 402 4049 ἐθνῶν
430 3997 799 4069 προσδοκίαν.
845 3995 1007 4048 Ποίαν
1039 3994 1236 4064 ταύτην
1281 3997 1593 4066 προσδοκίαν
1626 3998 1658 4068 ἢ
1697 3998 1790 4068 τὴν

217 4087 406 4139 παλαι
444 4087 534 4156 τῷ
572 4084 830 4155 Ἀϐραὰμ
862 4085 954 4138 καὶ
994 4088 1104 4147 τοῖς
1137 4086 1250 4154 μετ’
1284 4086 1439 4140 αὑτὸν
1468 4089 1789 4161 προπάτορσι

225 4172 791 4244 κεχρηματισμένηνς
817 4171 1033 4241 Πρῶτον
1063 4173 1160 4242 μὲν
1186 4169 1274 4225 οὖν
1307 4173 1594 4244 θαυμάζειν
1623 4176 1786 4242 ἄξιον,

230 4264 419 4326 ὅπως,
442 4264 653 4318 δώδεκα
677 4262 854 4316 οὐσῶν
886 4261 991 4314 τῶν
1029 4265 1156 4332 παρ’
1197 4263 1454 4334 Ἑϐραίοις
1497 4266 1692 4335 φυλῶν,
1729 4267 1786 4334 ἐξ

235 4352 498 4418 οὐδεμιᾶς
526 4351 692 4420 ἄλλης
720 4350 754 4420 ἢ
783 4350 889 4402 ἀπὸ
919 4350 1082 4420 μόνης
1109 4350 1203 4418 τῆς
1235 4351 1398 4404 Ἰούδα
1427 4355 1459 4423 ἡ
1488 4352 1578 4405 τοῦ
1609 4353 1786 4418 ἔθνους

1936 629 1998 668 ac
2027 630 2090 669 ne
2115 615 2298 666 harum
2330 617 2545 684 quidem
2592 620 2876 674 solidarnm
2907 623 2957 676 in
2977 623 3271 681 Jerusalem
3301 645 3452 700 reges

1935 700 2145 755 fuerunt
2172 717 2337 769 usque
2364 703 2430 756 ad
2450 703 2820 774 Babylonicam
2841 709 3067 766 cladem.
3102 710 3294 770 Iisdem
3322 733 3449 773 vero

1933 789 2256 858 temporibus
2300 790 2354 844 in
2386 793 2597 846 civitate
2641 809 2758 862 qua:
2809 805 3031 850 vocatur
3057 798 3316 869 Samaria,
3346 823 3446 861 no.

1930 891 2046 930 vem
2070 878 2300 931 tribuum
2333 879 2496 934 duces
2518 895 2621 934 non
2661 881 2726 935 de
2748 883 2887 937 tribu
2919 883 3074 950 Juda,
3107 892 3199 944 sed
3228 907 3289 945 ex
3323 896 3444 949 aliis

1931 965 2018 1018 alii
2049 966 2367 1021 exstiterunt
2401 987 2414 1022 :
2447 984 2669 1038 quorum
2693 972 2893 1040 primus
2937 974 3211 1031 Jerohoam
3236 981 3352 1043 fuit,
3377 983 3444 1038 de

1928 1056 2069 1109 tribu
2102 1055 2350 1126 Ephrem,
2382 1074 2442 1112 ac
2472 1060 2718 1128 deinceps
2744 1063 2834 1128 qui
2869 1063 3008 1118 hunc
3071 1070 3237 1121 secuti
3269 1082 3437 1135 .sunt,

1927 1151 1984 1195 ut
2010 1159 2076 1197 ne
2097 1146 2284 1201 mediis
2329 1146 2541 1215 quidem
2576 1150 2899 1217 temporibus
2921 1167 2950 1204 a
2982 1151 3144 1208 David
3179 1172 3344 1226 usque
3371 1163 3438 1214 ad

1926 1240 2132 1300 tempus
2164 1249 2268 1302 quo
2297 1234 2350 1288 in
2388 1234 2706 1304 Babylonem
2735 1239 2928 1305 captivi
2980 1240 3124 1295 ducti
3167 1256 3314 1308 sunt,
3345 1248 3437 1299 ulli

1924 1321 1990 1374 de
2017 1322 2154 1375 tribu
2181 1323 2314 1377 Juda
2336 1325 2599 1378 universae
2618 1327 2758 1393 genti
2791 1327 3114 1393 prmlucrint.
3151 1332 3316 1386 Porro
3337 1350 3436 1388 au-

1922 1416 2025 1462 tem
2050 1412 2175 1479 quid
2206 1415 2486 1471 dicendum
2523 1426 2624 1483 est,
2662 1422 3099 1490 quemadmodum
3152 1431 3270 1491 post
3301 1424 3438 1478 redi-

1921 1504 2031 1552 tum
2058 1500 2122 1554 de
2168 1500 2430 1572 Babylone
2471 1521 2656 1562 rursus
2691 1509 2993 1579 quingentis
3023 1511 3177 1566 annis
3207 1513 3437 1580 amplius

1919 1602 2086 1656 usque
2112 1589 2176 1643 ad
2200 1590 2398 1648 Christi
2445 1601 2616 1648 ortum
2651 1598 2876 1651 vixerint
2912 1615 2975 1653 eo
3011 1607 3152 1654 statu
3200 1600 3434 1654 civitatis

1918 1685 2143 1742 utentes,
2174 1679 2228 1732 in
2255 1695 2360 1748 quo
2405 1683 2504 1736 soli
2552 1687 2832 1753 Optimates
2879 1703 2988 1741 rem
3026 1689 3433 1744 administrave-

1916 1766 2046 1828 rint,
2103 1769 2436 1836 pontiﬁcibus
2465 1774 2644 1842 utique
2693 1777 2787 1828 tati
2833 1779 2974 1845 genti
3023 1779 3426 1846 imperantibus,

1845 1847 1887 1902 Β
1914 1870 2136 1923 quorum
2163 1859 2340 1913 nullus
2369 1861 2524 1929 plane
2558 1864 2624 1918 de
2665 1866 2805 1918 tribu
2863 1865 3000 1920 Juda
3025 1868 3339 1922 oriebatur?
3370 1878 3430 1922 ut

1908 1943 2015 2010 jam
2046 1960 2109 1999 ex
2134 1945 2217 2000 his
2237 1949 2485 2004 omnibus
2510 1953 2738 2020 perspici
2767 1956 2953 2022 possit,
2981 1971 3085 2008 non
3111 1956 3174 2008 ad
3197 1957 3426 2025 primum

1912 2030 2058 2086 illum
2087 2031 2299 2096 Judain,
2352 2052 2522 2105 neque
2554 2039 2619 2092 ad
2645 2040 2787 2096 illius
2826 2058 3161 2098 successores
3191 2044 3428 2098 referen-

1910 2122 2032 2175 dum
2051 2139 2169 2178 esse
2186 2127 2456 2180 oraculum
2482 2129 2629 2194 illud,
2647 2130 2827 2186 dicens
2848 2151 2861 2184 :
2884 2151 2900 2182 ι
2924 2147 3030 2185 non
3054 2133 3258 2186 deﬁciet
3275 2134 3424 2202 prin-

1909 2226 2032 2280 ceps
2058 2214 2122 2267 de
2143 2212 2296 2278 Juda,
2327 2233 2497 2286 neque
2529 2218 2635 2272 dux
2665 2220 2730 2274 de
2776 2220 3063 2275 femoribus
3093 2227 3208 2290 ejus
3229 2261 3242 2284 ,
3273 2241 3293 2274 ι
3332 2224 3424 2277 sed

1908 2315 1969 2354 ea
1995 2316 2111 2369 quae
2131 2301 2195 2354 ad
2217 2303 2539 2357 bunclocum
2563 2307 2848 2374 pertinent,
2864 2311 2968 2361 uno
2995 2309 3422 2366 duntaxatmodo

1907 2400 2152 2446 constare
2175 2408 2349 2460 posse,
2390 2394 2434 2447 si
2465 2396 2754 2450 secundum
2795 2413 2856 2452 ea
2888 2415 3004 2467 quae
3030 2399 3178 2468 prius
3211 2414 3239 2452 a
3267 2402 3422 2455 nobis

1906 2481 1971 2535 de
1999 2488 2108 2534 tota
2144 2484 2283 2537 tribu
2315 2487 2550 2553 exposita
2583 2495 2747 2551 sunt,
2803 2488 2914 2541 ha‘c
2945 2489 3054 2557 ipsa
3088 2489 3420 2560 intelligenda

1904 2584 2023 2624 esse
2050 2566 2355 2628 dixerimus.
2403 2573 2526 2629 Haec
2573 2577 2713 2630 enim
2767 2577 2940 2632 tribus
2987 2578 3053 2632 ab
3097 2579 3248 2631 initio
3273 2586 3326 2634 et
3354 2580 3420 2634 ab

1903 2658 2071 2728 ipsius
2098 2675 2264 2729 usque
2292 2661 2452 2717 Mosis
2477 2665 2804 2733 temporibus
2841 2667 3100 2721 universa:
3119 2670 3290 2736 gentis
3311 2669 3420 2722 dux

1903 2745 2003 2799 fuit
2035 2767 2048 2801 :
2081 2749 2584 2817 itaque_secundum
2620 2753 2778 2819 hujus
2817 2755 3192 2823 principatum,
3240 2765 3420 2826 utpote

1901 2852 2059 2906 quam
2092 2836 2227 2893 Deus
2256 2839 2461 2896 caeteris
2487 2841 2552 2893 ab
2578 2841 2727 2895 initio
2750 2841 3062 2910 praalecerit,
3095 2851 3148 2897 et
3175 2845 3290 2912 ipsa
3331 2861 3420 2899 re-

1900 2926 1986 2994 gio
2006 2927 2164 2980 etiam
2177 2943 2318 2980 nunc
2347 2929 2414 2982 ab
2441 2945 2502 2984 ea
2535 2929 2649 3000 ipsa
2680 2931 2845 2994 tribu,
2876 2930 3068 2986 Judaeae
3090 2933 3415 2986 vocabulum

1899 3013 2122 3078 obtinet,
2149 3023 2202 3069 et
2229 3017 2401 3070 omnis
2428 3017 2636 3070 illorum
2674 3027 2964 3072 conventus
2991 3018 3292 3074 Iudaeorum
3322 3036 3416 3090 ap-

1899 3103 2140 3170 pellatur.
2171 3102 2258 3158 Sic
2286 3105 2444 3173 igitur
2493 3106 2849 3177 intelligamus
2884 3109 3024 3176 quod
3066 3109 3265 3163 dictum
3309 3121 3411 3174 est,

1898 3197 2148 3259 tanquam
2202 3192 2247 3246 si
2295 3193 2630 3250 manifestius
2665 3196 2902 3260 dixisset,
2935 3214 3040 3251 non
3078 3199 3285 3252 desinet
3315 3201 3413 3253 toti

1897 3278 2036 3347 genti
2055 3293 2280 3346 praesse
2295 3279 2468 3334 tribus
2481 3280 2508 3334 J
2515 3281 2638 3345 uda,
2657 3282 2815 3351 372
2830 3299 2894 3338 ex
2915 3299 3019 3353 quo
3039 3283 3410 3354 Symmachus,

1900 3383 1919 3415 ι
1953 3364 2069 3418 Non
2119 3366 2406 3432 auferetur,
2452 3370 2642 3438 inquit,
2695 3379 2931 3439 potestas
2972 3372 3037 3425 de
3068 3371 3224 3436 Juda,
3256 3393 3279 3425 ›
3330 3374 3411 3426 sic

1894 3455 2077 3524 utique
2096 3456 2234 3523 juris
2259 3455 2531 3524 cujusdam
2553 3459 2844 3526 amplioris,
2872 3470 2923 3514 et
2955 3462 3282 3529 principatus
3310 3478 3409 3515 au-

1893 3543 2188 3599 ctoritatem
2229 3546 2344 3614 ejus
2384 3561 2500 3614 quae
2529 3554 2711 3615 postea
2740 3550 2918 3603 futura
2944 3559 3084 3604 esset
3115 3551 3285 3605 tribus
3310 3551 3406 3605 Ju-

1891 3631 1978 3695 da,
2017 3633 2170 3688 nobis
2219 3634 2610 3704 intelligendam
2663 3651 2981 3708 proponens.
3039 3637 3209 3706 Hujus
3262 3641 3406 3693 enim

1890 3738 2060 3792 neque
2081 3731 2366 3792 sceptrum,
2399 3732 2458 3778 ut
2474 3723 2660 3794 Aquila
2690 3725 2860 3795 inquit
2886 3728 3034 3798 (regii
3061 3743 3218 3797 porro
3257 3730 3374 3798 prin
3391 3757 3406 3769 ο

1889 3814 2094 3882 cipatus
2125 3816 2330 3886 signum
2363 3816 2463 3871 hoc
2494 3818 2685 3888 erat),
2740 3831 2911 3886 neque
2957 3825 3268 3886 potestatem
3298 3858 3312 3880 ,
3346 3825 3405 3871 ut

1891 3903 2256 3974 Symmachus,
2296 3907 2558 3962 sublatum
2593 3909 2657 3962 iri
2685 3909 3025 3974 vaticinatur,
3049 3928 3082 3959 -ι
3115 3908 3284 3962 donec
3311 3923 3405 3961 ve-

1889 3995 2020 4058 niat,
2048 3996 2238 4064 inquit,
2263 3999 2346 4051 cui
2375 3999 2664 4066 repositum
2693 4004 2797 4061 est,
2828 4015 2846 4048 )
2897 4006 3053 4065 atque
3085 3997 3256 4064 ipsum
3291 3994 3404 4049 fore

1885 4085 2327 4153 exspectationem
2350 4086 2600 4154 gentium.
2633 4086 2732 4140 Sed
2763 4101 2920 4156 quam
2950 4085 3162 4138 tandem
3184 4099 3404 4153 exspecv

1887 4171 2159 4237 tationem,
2187 4172 2290 4226 nisi
2333 4173 2398 4226 de
2428 4188 2532 4241 qua
2560 4174 2684 4228 olim
2725 4183 2777 4227 et
2813 4172 2916 4242 ipsi
2945 4172 3232 4235 Abraham,
3255 4182 3306 4225 et
3332 4172 3402 4225 iis

1884 4258 1976 4327 qui
2005 4258 2266 4312 Abraham
2299 4261 2464 4314 secuti
2497 4269 2621 4315 sunt
2663 4260 2922 4330 patribus,
2954 4261 3165 4314 oracula
3194 4261 3400 4314 reddita

1883 4348 2032 4401 sunt?
2054 4347 2287 4401 Primum
2316 4349 2474 4419 igitur
2498 4351 2746 4404 admirari
2761 4366 2934 4420 operae
2955 4351 3182 4419 pretium
3216 4350 3398 4414 fuerit,

243 4436 425 4488 εἰσέτι
443 4439 530 4491 νῦν
555 4436 941 4506 ἀναγορεύεται
970 4438 1327 4506 προσηγορία·
1358 4440 1417 4491 οὺ
1449 4441 1514 4492 δι’
1544 4440 1720 4510 ἕτερον
1748 4443 1780 4512 ἦ
1813 4463 1852 4518 Β

1899 4436 2007 4505 [uid
2039 4437 2129 4500 ita,
2157 4451 2276 4491 cum
2304 4437 2578 4493 duodecim
2604 4439 2940 4494 Hebraeorum
2959 4439 3130 4492 tribus
3152 4449 3397 4504 essent,a

243 4524 353 4576 διὰ
389 4525 436 4576 τὸ
459 4527 552 4594 τῆς
584 4525 913 4595 προφητείας
943 4525 1136 4592 λόγιον,
1165 4526 1228 4594 τῇ
1256 4525 1347 4577 τοῦ
1384 4526 1545 4578 Ἰούδα
1566 4527 1699 4598 φυλῇ
1728 4529 1784 4581 τὸ

249 4613 476 4682 ἀρχικὸν
525 4615 792 4685 περιάψαν
835 4613 1066 4683 ἀξίωμα.
1113 4612 1266 4665 Ἀλλά
1310 4614 1400 4666 καὶ
1441 4616 1538 4686 τὴν
1567 4617 1783 4686 πάτριον

253 4700 442 4750 αὐτῶν
465 4703 636 4774 χώραν
679 4702 935 4756 Ἰουδαίαν
978 4701 1063 4754 διὰ
1094 4701 1187 4771 τὴν
1212 4702 1373 4772 αὐτὴν
1409 4704 1783 4760 ἀποκαλεῖσθαι

259 4789 533 4855 συμϐαίνει
561 4795 754 4847 αἰτίαν.
810 4793 960 4845 Ἐπεὶ
993 4791 1080 4844 διά
1125 4791 1175 4842 τί
1209 4791 1280 4862 μὴ
1312 4793 1416 4844 ἀπὸ
1451 4793 1541 4846 τοῦ
1573 4793 1780 4865 πρώτου

257 4876 388 4926 τῶν
405 4877 597 4947 δώδεκα,
632 4884 772 4950 λέγω
809 4882 866 4934 δὲ
899 4880 1004 4933 ἀπὸ
1039 4880 1129 4933 τοῦ
1162 4880 1395 4952 Ῥουόὶμ,
1424 4882 1482 4934 τὸ
1515 4882 1658 4946 ἔθνος
1685 4886 1781 4938 αύ-

254 4961 383 5012 τῶν
415 4966 759 5044 tympana;
795 4971 986 5023 Καίτοι
1025 4971 1171 5041 παρὰ
1216 4972 1291 5041 τῷ
1337 4973 1460 5042 θείῳ
1502 4975 1644 5044 νόμῳ
1674 4974 1778 5029 τῶν

253 5063 592 5115 πρωτοτόκων
617 5059 1028 5130 τετιμημένων;
1053 5059 1151 5112 Διά
1179 5060 1229 5110 τί
1255 5060 1309 5111 δὲ
1342 5062 1412 5130 μὴ
1441 5063 1544 5114 ἀπὸ
1565 5064 1661 5132 τῆς
1685 5065 1777 5116 τοῦ

240 5133 397 5222 Astii,
427 5152 552 5222 ὁμοῦ
580 5153 676 5204 καὶ
703 5150 784 5218 τῷ
813 5148 987 5216 χρόνῳ
1017 5149 1106 5202 καὶ
1131 5148 1207 5217 τῷ
1245 5149 1340 5217 τῆς
1384 5151 1666 5222 ἱερωσύνης
1701 5171 1778 5206 τι-

235 5217 558 5308 ξιήμματίτδν
589 5217 794 5291 Ἰούδαν
829 5236 1217 5304 πρεξάγοντος
1240 5253 1254 5300 ;
1281 5237 1342 5286 Τί
1365 5238 1419 5288 δὲ
1436 5217 1555 5307 ὸύχὶ
1587 5217 1776 5308 μᾶλλον

220 5303 336 5396 ἀπὸ
359 5330 452 5382 tu;
489 5328 686 5396 Ἰωσὴφ
715 5325 1053 5394 χρηματίσαι
1087 5324 1278 5391 συνέϐη
1307 5324 1365 5375 τὸ
1389 5303 1662 5392 πᾶν-ἔθνος
1685 5332 1775 5383 καὶ

337 5419 548 5492 χώραν,
581 5388 675 5469 δι’ἀί
711 5388 777 5464 τὸ
812 5388 916 5462 καὶ
959 5413 1113 5467 πάλαι
1145 5388 1320 5481 πάσης
1355 5413 1412 5464 οὐ
1441 5415 1592 5482 μόνον
1616 5388 1776 5487 Aliti-

197 5485 359 5573 πῖου,
408 5485 547 5562 ἀλλὰ
595 5503 696 5556 καὶ
737 5496 862 5550 τῶν
915 5500 1111 5556 οἰκείων
1148 5500 1207 5553 τὸ
1239 5500 1431 5568 κράτος
1479 5485 1774 5573 ἀνάψασθαι

178 5570 403 5666 Ϊυῖδν,
435 5595 569 5658 τούς
597 5609 659 5645 τε
698 5588 764 5652 ἐξ
801 5587 984 5641 αὐτῶν
1015 5590 1325 5660 γενομένους
1370 5570 1600 5660 μακροῖς-
1634 5595 1776 5648 ὓστε-

170 5655 266 5706 M
298 5655 667 5762 ξένοις-ἐπὶ
702 5675 974 5728 πλεῖστον
1000 5655 1112 5732 ὅσον
1135 5655 1273 5732 δλων
1301 5655 1445 5733 ἐννέα
1479 5655 1655 5750 φυλῶν
1681 5685 1770 5739 τοῦ
1793 5733 1837 5759 ε

1881 4526 2024 4579 nulla
2044 4527 2143 4580 alia
2163 4528 2266 4581 nisi
2289 4529 2354 4582 ab
2383 4543 2487 4582 una
2515 4531 2682 4598 ipsius
2711 4529 2866 4592 Juda,
2885 4530 3057 4598 gentis
3079 4529 3236 4583 etiam
3254 4543 3396 4582 nunc

1881 4615 2164 4684 appellatio
2190 4624 2491 4685 usurpetur.
2511 4618 2661 4683 Quod
2689 4631 2786 4686 ego
2803 4617 3013 4686 quidem
3045 4632 3149 4669 non
3172 4617 3238 4669 ob
3252 4617 3392 4669 aliud

1879 4703 2164 4772 contigisse
2185 4706 2434 4769 arbitror,
2469 4722 2624 4776 quam
2647 4708 2715 4761 ob
2743 4708 2912 4776 ipsius
2943 4707 3232 4776 pr0phetiae
3272 4721 3393 4760 ora—

1879 4794 2076 4854 culum,
2104 4793 2242 4860 quod
2274 4794 2363 4846 uni
2389 4795 2550 4848 tribui
2571 4794 2706 4848 Juda
2729 4797 3062 4864 principatus
3079 4795 3388 4863 dignitatem

1877 4883 2133 4938 attribuit.
2165 4881 2303 4946 Quin
2331 4884 2489 4937 etiam
2519 4885 2686 4952 patria
2730 4885 2965 4952 ipsorum
3013 4891 3175 4945 terra,
3208 4883 3390 4936 eadem

1875 4974 1940 5028 de
1964 4987 2122 5026 causa
2143 4971 2335 5025 Judteae
2350 4973 2748 5040 appellationem
2781 4972 2966 5026 sortita
2996 4978 3097 5025 est.
3127 4970 3235 5025 Cur
3249 4972 3390 5025 enim

1875 5080 2054 5136 quaeso
2082 5079 2203 5118 cum
2227 5063 2506 5117 duodecim
2531 5064 2749 5127 fuerint,
2781 5078 2887 5116 non
2917 5063 2985 5117 ab
3003 5078 3186 5117 eorum
3217 5064 3389 5132 primo

1867 5152 2057 5210 Ruben
2087 5167 2216 5220 gens
2242 5151 2545 5204 earumdem
2566 5151 2820 5219 appellata
2847 5156 2930 5203 est
2954 5150 2977 5202 ?
2999 5165 3120 5204 cum
3164 5165 3386 5218 praeser-

1875 5244 1968 5296 tim
1997 5248 2126 5294 natu
2145 5239 2358 5293 maximi
2381 5240 2677 5308 potioresin
2701 5240 2812 5309 lege
2827 5239 3007 5293 divina
3033 5239 3390 5294 haberentur?

1872 5330 1980 5387 Cur
1997 5343 2102 5382 non
2121 5329 2245 5384 item
2274 5345 2303 5382 a
2317 5328 2461 5392 Levi,
2485 5329 2573 5398 qui
2589 5338 2640 5383 et
2667 5337 2820 5383 astate
2835 5336 2886 5383 et
2902 5344 3072 5383 sacra;
3097 5328 3387 5385 functionis

1871 5421 2074 5476 honore
2108 5419 2298 5474 Judam
2349 5420 2628 5474 anteibat?
2687 5419 2820 5474 Cum
2864 5434 2991 5473 vero
3046 5420 3145 5488 ipsi
3188 5418 3384 5487 Joseph

1871 5511 2136 5580 quondam
2166 5524 2270 5563 non
2299 5510 2455 5563 modo
2498 5507 2712 5580 Egypti
2761 5510 3042 5571 universae,
3091 5507 3183 5563 sed
3225 5508 3386 5561 etiam

1872 5614 2085 5653 suorum
2113 5597 2389 5666 imperium
2422 5599 2689 5668 obtigerit,
2718 5613 2947 5666 cumque
2978 5599 3044 5651 ah
3068 5599 3155 5650 illo
3175 5595 3388 5649 oriundi

1870 5688 2051 5744 multis
2071 5693 2189 5757 post
2233 5687 2442 5746 saeculis
2471 5688 2562 5744 diu
2585 5687 2894 5751 admodum,
2933 5687 3060 5742 totis
3075 5687 3189 5754 ejus
3219 5679 3394 5752 gentis
