  <div class='ocr_page' id='page_1' title='image "/cluster/home/n/w/nwhite01/storage/ocr_20150623/22 (Eusebius; pt. 4)/nyp.33433081862355/317.png"; bbox 0 0 3740 6350; ppageno 0'>
   <div class='ocr_carea' id='block_1_1' title="bbox 411 347 511 402">
    <p class='ocr_par' dir='ltr' id='par_1_1' title="bbox 411 347 511 402">
     <span class='ocr_line' id='line_1_1' title="bbox 411 347 511 402; baseline -0.02 0"><span class='ocrx_word' id='word_1_1' title='bbox 411 347 511 402; x_wconf 69' lang='grc'><strong>585</strong></span> 
     </span>
    </p>
   </div>
   <div class='ocr_carea' id='block_1_2' title="bbox 985 328 2902 398">
    <p class='ocr_par' dir='ltr' id='par_1_2' title="bbox 985 328 2902 398">
     <span class='ocr_line' id='line_1_2' title="bbox 985 328 2902 398; baseline -0.01 0"><span class='ocrx_word' id='word_1_2' title='bbox 985 342 1244 398; x_wconf 87' lang='lat' dir='ltr'><strong>EUSEBII</strong></span> <span class='ocrx_word' id='word_1_3' title='bbox 1279 338 1745 398; x_wconf 70' lang='lat' dir='ltr'><strong>CASSARIENSIS</strong></span> <span class='ocrx_word' id='word_1_4' title='bbox 1777 334 1923 391; x_wconf 82' lang='lat' dir='ltr'><strong>OPP.</strong></span> <span class='ocrx_word' id='word_1_5' title='bbox 1964 330 2160 386; x_wconf 70' lang='lat' dir='ltr'><strong>PARS.</strong></span> <span class='ocrx_word' id='word_1_6' title='bbox 2203 329 2265 385; x_wconf 84' lang='lat' dir='ltr'><strong>li.</strong></span> <span class='ocrx_word' id='word_1_7' title='bbox 2303 358 2376 385; x_wconf 71' lang='lat'><strong>——-</strong></span> <span class='ocrx_word' id='word_1_8' title='bbox 2413 328 2902 386; x_wconf 75' lang='lat' dir='ltr'><strong>APOLOGETICA.</strong></span> 
     </span>
    </p>
   </div>
   <div class='ocr_carea' id='block_1_3' title="bbox 3594 316 3693 371">
    <p class='ocr_par' dir='ltr' id='par_1_3' title="bbox 3594 316 3693 371">
     <span class='ocr_line' id='line_1_3' title="bbox 3594 316 3693 371; baseline 0 0"><span class='ocrx_word' id='word_1_9' title='bbox 3594 316 3693 371; x_wconf 64' lang='grc' dir='ltr'>εει</span> 
     </span>
    </p>
   </div>
   <div class='ocr_carea' id='block_1_4' title="bbox 410 423 3695 521">
    <p class='ocr_par' dir='ltr' id='par_1_4' title="bbox 410 423 3695 521">
     <span class='ocr_line' id='line_1_4' title="bbox 410 423 3695 521; baseline -0.008 -9"><span class='ocrx_word' id='word_1_10' title='bbox 410 439 871 512; x_wconf 68' lang='grc' dir='ltr'>ηονοπιίτὶὺυδιιε</span> <span class='ocrx_word' id='word_1_11' title='bbox 906 452 1214 521; x_wconf 67' lang='grc' dir='ltr'>ριἐεΐυθτίιιι</span> <span class='ocrx_word' id='word_1_12' title='bbox 1232 492 1247 516; x_wconf 92' lang='grc'><strong>,</strong></span> <span class='ocrx_word' id='word_1_13' title='bbox 1271 469 1368 508; x_wconf 89' lang='lat' dir='ltr'><strong>cur</strong></span> <span class='ocrx_word' id='word_1_14' title='bbox 1395 470 1503 507; x_wconf 92' lang='lat' dir='ltr'><strong>non</strong></span> <span class='ocrx_word' id='word_1_15' title='bbox 1537 453 1603 506; x_wconf 91' lang='lat' dir='ltr'><strong>ab</strong></span> <span class='ocrx_word' id='word_1_16' title='bbox 1625 464 1691 505; x_wconf 89' lang='lat' dir='ltr'><strong>eo</strong></span> <span class='ocrx_word' id='word_1_17' title='bbox 1725 446 1946 518; x_wconf 87' lang='lat' dir='ltr'><strong>potissi-</strong></span> <span class='ocrx_word' id='word_1_18' title='bbox 1974 449 2018 501; x_wconf 79' lang='grc' dir='ltr'><strong>Δ</strong></span> <span class='ocrx_word' id='word_1_19' title='bbox 2046 440 2226 505; x_wconf 75' lang='grc' dir='ltr'>ἔθνους</span> <span class='ocrx_word' id='word_1_20' title='bbox 2254 440 2576 511; x_wconf 81' lang='grc' dir='ltr'>ἡγήσασθαι,</span> <span class='ocrx_word' id='word_1_21' title='bbox 2622 441 2687 492; x_wconf 85' lang='grc' dir='ltr'>δι’</span> <span class='ocrx_word' id='word_1_22' title='bbox 2713 439 2810 503; x_wconf 76' lang='grc' dir='ltr'><strong>οὓς</strong></span> <span class='ocrx_word' id='word_1_23' title='bbox 2853 438 2961 492; x_wconf 72' lang='grc' dir='ltr'>καὶ</span> <span class='ocrx_word' id='word_1_24' title='bbox 3001 432 3237 505; x_wconf 79' lang='grc' dir='ltr'>μᾶλλον</span> <span class='ocrx_word' id='word_1_25' title='bbox 3256 427 3450 521; x_wconf 41' lang='lat' dir='ltr'><strong>fuit:</strong></span> <span class='ocrx_word' id='word_1_26' title='bbox 3497 423 3575 521; x_wconf 57' lang='grc' dir='ltr'><strong>ἦν</strong></span> <span class='ocrx_word' id='word_1_27' title='bbox 3602 430 3695 521; x_wconf 63' lang='grc' dir='ltr'>τὴν</span> 
     </span>
    </p>
   </div>
   <div class='ocr_carea' id='block_1_5' title="bbox 394 540 1948 612">
    <p class='ocr_par' dir='ltr' id='par_1_5' title="bbox 394 540 1948 612">
     <span class='ocr_line' id='line_1_5' title="bbox 394 540 1948 612; baseline -0.005 -18"><span class='ocrx_word' id='word_1_28' title='bbox 394 559 554 599; x_wconf 58' lang='lat' dir='ltr'><strong>uinum</strong></span> <span class='ocrx_word' id='word_1_29' title='bbox 586 550 696 595; x_wconf 90' lang='lat' dir='ltr'><strong>tota</strong></span> <span class='ocrx_word' id='word_1_30' title='bbox 727 556 877 610; x_wconf 83' lang='lat' dir='ltr'><strong>gens,</strong></span> <span class='ocrx_word' id='word_1_31' title='bbox 911 541 1129 609; x_wconf 86' lang='lat' dir='ltr'><strong>ipsaque</strong></span> <span class='ocrx_word' id='word_1_32' title='bbox 1150 543 1296 612; x_wconf 79' lang='lat' dir='ltr'><strong>regio</strong></span> <span class='ocrx_word' id='word_1_33' title='bbox 1314 558 1508 596; x_wconf 89' lang='lat' dir='ltr'><strong>nomen</strong></span> <span class='ocrx_word' id='word_1_34' title='bbox 1533 540 1761 608; x_wconf 89' lang='lat' dir='ltr'><strong>accepit,</strong></span> <span class='ocrx_word' id='word_1_35' title='bbox 1781 550 1948 605; x_wconf 89' lang='lat' dir='ltr'><strong>quan-</strong></span> 
     </span>
    </p>
   </div>
   <div class='ocr_carea' id='block_1_6' title="bbox 413 626 1946 704">
    <p class='ocr_par' dir='ltr' id='par_1_6' title="bbox 413 626 1946 704">
     <span class='ocr_line' id='line_1_6' title="bbox 413 626 1946 704; baseline -0.007 -14"><span class='ocrx_word' id='word_1_36' title='bbox 413 633 694 704; x_wconf 78' lang='lat' dir='ltr'><strong>doquidem</strong></span> <span class='ocrx_word' id='word_1_37' title='bbox 741 632 813 685; x_wconf 91' lang='lat' dir='ltr'><strong>ob</strong></span> <span class='ocrx_word' id='word_1_38' title='bbox 848 646 943 686; x_wconf 89' lang='lat' dir='ltr'><strong>eos</strong></span> <span class='ocrx_word' id='word_1_39' title='bbox 991 632 1167 700; x_wconf 92' lang='lat' dir='ltr'><strong>ipsos,</strong></span> <span class='ocrx_word' id='word_1_40' title='bbox 1193 647 1328 701; x_wconf 88' lang='lat' dir='ltr'><strong>quos</strong></span> <span class='ocrx_word' id='word_1_41' title='bbox 1361 634 1429 686; x_wconf 90' lang='lat' dir='ltr'><strong>ab</strong></span> <span class='ocrx_word' id='word_1_42' title='bbox 1451 631 1653 699; x_wconf 86' lang='lat' dir='ltr'><strong>Joseph</strong></span> <span class='ocrx_word' id='word_1_43' title='bbox 1685 626 1946 681; x_wconf 85' lang='lat' dir='ltr'><strong>oriundos</strong></span> 
     </span>
    </p>
   </div>
   <div class='ocr_carea' id='block_1_7' title="bbox 410 719 1947 789">
    <p class='ocr_par' dir='ltr' id='par_1_7' title="bbox 410 719 1947 789">
     <span class='ocr_line' id='line_1_7' title="bbox 410 719 1947 789; baseline -0.005 -12"><span class='ocrx_word' id='word_1_44' title='bbox 410 721 829 789; x_wconf 82' lang='lat' dir='ltr'><strong>diximus,louge</strong></span> <span class='ocrx_word' id='word_1_45' title='bbox 851 719 1129 774; x_wconf 77' lang='lat' dir='ltr'><strong>honestius</strong></span> <span class='ocrx_word' id='word_1_46' title='bbox 1158 720 1591 789; x_wconf 87' lang='lat' dir='ltr'><strong>probabiliusque</strong></span> <span class='ocrx_word' id='word_1_47' title='bbox 1619 724 1756 779; x_wconf 89' lang='lat' dir='ltr'><strong>erat,</strong></span> <span class='ocrx_word' id='word_1_48' title='bbox 1780 726 1947 771; x_wconf 89' lang='lat' dir='ltr'><strong>totam</strong></span> 
     </span>
    </p>
   </div>
   <div class='ocr_carea' id='block_1_8' title="bbox 409 809 1944 882">
    <p class='ocr_par' dir='ltr' id='par_1_8' title="bbox 409 809 1944 882">
     <span class='ocr_line' id='line_1_8' title="bbox 409 809 1944 882; baseline -0.004 -15"><span class='ocrx_word' id='word_1_49' title='bbox 409 820 620 882; x_wconf 79' lang='lat' dir='ltr'><strong>gentem</strong></span> <span class='ocrx_word' id='word_1_50' title='bbox 677 819 950 878; x_wconf 76' lang='lat' dir='ltr'><strong>totamque</strong></span> <span class='ocrx_word' id='word_1_51' title='bbox 1001 811 1269 879; x_wconf 82' lang='lat' dir='ltr'><strong>regionem</strong></span> <span class='ocrx_word' id='word_1_52' title='bbox 1301 826 1331 863; x_wconf 93' lang='lat' dir='ltr'><strong>a</strong></span> <span class='ocrx_word' id='word_1_53' title='bbox 1360 811 1534 877; x_wconf 91' lang='lat' dir='ltr'><strong>primo</strong></span> <span class='ocrx_word' id='word_1_54' title='bbox 1577 809 1670 862; x_wconf 88' lang='lat' dir='ltr'><strong>illo</strong></span> <span class='ocrx_word' id='word_1_55' title='bbox 1703 809 1944 876; x_wconf 89' lang='lat' dir='ltr'><strong>ipsorum</strong></span> 
     </span>
    </p>
   </div>
   <div class='ocr_carea' id='block_1_9' title="bbox 410 899 1950 970">
    <p class='ocr_par' dir='ltr' id='par_1_9' title="bbox 410 899 1950 970">
     <span class='ocr_line' id='line_1_9' title="bbox 410 899 1950 970; baseline -0.001 -17"><span class='ocrx_word' id='word_1_56' title='bbox 410 908 631 970; x_wconf 88' lang='lat' dir='ltr'><strong>parente</strong></span> <span class='ocrx_word' id='word_1_57' title='bbox 684 900 1058 954; x_wconf 86' lang='lat' dir='ltr'><strong>denominari?</strong></span> <span class='ocrx_word' id='word_1_58' title='bbox 1104 901 1339 968; x_wconf 84' lang='lat' dir='ltr'><strong>Denique</strong></span> <span class='ocrx_word' id='word_1_59' title='bbox 1370 908 1565 968; x_wconf 61' lang='lat' dir='ltr'><strong>praeter</strong></span> <span class='ocrx_word' id='word_1_60' title='bbox 1609 899 1707 952; x_wconf 88' lang='lat' dir='ltr'><strong>hos</strong></span> <span class='ocrx_word' id='word_1_61' title='bbox 1761 912 1950 952; x_wconf 87' lang='lat' dir='ltr'><strong>omnes</strong></span> 
     </span>
    </p>
   </div>
   <div class='ocr_carea' id='block_1_10' title="bbox 411 987 1951 1061">
    <p class='ocr_par' dir='ltr' id='par_1_10' title="bbox 411 987 1951 1061">
     <span class='ocr_line' id='line_1_10' title="bbox 411 987 1951 1061; baseline -0.002 -18"><span class='ocrx_word' id='word_1_62' title='bbox 411 993 535 1061; x_wconf 82' lang='lat' dir='ltr'><strong>quis</strong></span> <span class='ocrx_word' id='word_1_63' title='bbox 584 1005 693 1044; x_wconf 91' lang='lat' dir='ltr'><strong>non</strong></span> <span class='ocrx_word' id='word_1_64' title='bbox 722 989 1000 1050; x_wconf 86' lang='lat' dir='ltr'><strong>concedat,</strong></span> <span class='ocrx_word' id='word_1_65' title='bbox 1035 989 1222 1043; x_wconf 85' lang='lat' dir='ltr'><strong>merito</strong></span> <span class='ocrx_word' id='word_1_66' title='bbox 1252 990 1372 1043; x_wconf 88' lang='lat' dir='ltr'><strong>illos</strong></span> <span class='ocrx_word' id='word_1_67' title='bbox 1417 1004 1448 1043; x_wconf 90' lang='lat' dir='ltr'><strong>a</strong></span> <span class='ocrx_word' id='word_1_68' title='bbox 1477 988 1754 1056; x_wconf 87' lang='lat' dir='ltr'><strong>Benjamin</strong></span> <span class='ocrx_word' id='word_1_69' title='bbox 1785 987 1951 1041; x_wconf 83' lang='lat' dir='ltr'><strong>fuisse</strong></span> 
     </span>
    </p>
   </div>
   <div class='ocr_carea' id='block_1_11' title="bbox 412 1078 1954 1148">
    <p class='ocr_par' dir='ltr' id='par_1_11' title="bbox 412 1078 1954 1148">
     <span class='ocr_line' id='line_1_11' title="bbox 412 1078 1954 1148; baseline -0.003 -13"><span class='ocrx_word' id='word_1_70' title='bbox 412 1081 854 1141; x_wconf 84' lang='lat' dir='ltr'><strong>denominandos,</strong></span> <span class='ocrx_word' id='word_1_71' title='bbox 885 1080 1041 1146; x_wconf 85' lang='lat' dir='ltr'><strong>cujus</strong></span> <span class='ocrx_word' id='word_1_72' title='bbox 1067 1081 1365 1148; x_wconf 84' lang='lat' dir='ltr'><strong>posteritati</strong></span> <span class='ocrx_word' id='word_1_73' title='bbox 1395 1094 1458 1133; x_wconf 91' lang='lat' dir='ltr'><strong>ac</strong></span> <span class='ocrx_word' id='word_1_74' title='bbox 1486 1079 1681 1141; x_wconf 84' lang='lat' dir='ltr'><strong>tribui,</strong></span> <span class='ocrx_word' id='word_1_75' title='bbox 1713 1078 1954 1132; x_wconf 84' lang='lat' dir='ltr'><strong>celeber-</strong></span> 
     </span>
    </p>
   </div>
   <div class='ocr_carea' id='block_1_12' title="bbox 414 1167 1951 1239">
    <p class='ocr_par' dir='ltr' id='par_1_12' title="bbox 414 1167 1951 1239">
     <span class='ocr_line' id='line_1_12' title="bbox 414 1167 1951 1239; baseline 0 -17"><span class='ocrx_word' id='word_1_76' title='bbox 414 1171 548 1223; x_wconf 87' lang='lat' dir='ltr'><strong>rima</strong></span> <span class='ocrx_word' id='word_1_77' title='bbox 575 1170 809 1238; x_wconf 88' lang='lat' dir='ltr'><strong>ipsorum</strong></span> <span class='ocrx_word' id='word_1_78' title='bbox 836 1170 1024 1222; x_wconf 83' lang='lat' dir='ltr'><strong>civitas</strong></span> <span class='ocrx_word' id='word_1_79' title='bbox 1047 1210 1061 1232; x_wconf 89' lang='lat'><strong>,</strong></span> <span class='ocrx_word' id='word_1_80' title='bbox 1095 1184 1212 1237; x_wconf 74' lang='lat' dir='ltr'><strong>quae</strong></span> <span class='ocrx_word' id='word_1_81' title='bbox 1268 1184 1452 1239; x_wconf 79' lang='lat' dir='ltr'><strong>regum</strong></span> <span class='ocrx_word' id='word_1_82' title='bbox 1498 1169 1638 1237; x_wconf 90' lang='lat' dir='ltr'><strong>apud</strong></span> <span class='ocrx_word' id='word_1_83' title='bbox 1673 1168 1824 1237; x_wconf 87' lang='lat' dir='ltr'><strong>ipsos</strong></span> <span class='ocrx_word' id='word_1_84' title='bbox 1854 1167 1951 1222; x_wconf 90' lang='lat' dir='ltr'><strong>do-</strong></span> 
     </span>
    </p>
   </div>
   <div class='ocr_carea' id='block_1_13' title="bbox 413 1257 1950 1328">
    <p class='ocr_par' dir='ltr' id='par_1_13' title="bbox 413 1257 1950 1328">
     <span class='ocr_line' id='line_1_13' title="bbox 413 1257 1950 1328; baseline -0.003 -15"><span class='ocrx_word' id='word_1_85' title='bbox 413 1261 672 1313; x_wconf 86' lang='lat' dir='ltr'><strong>micilium</strong></span> <span class='ocrx_word' id='word_1_86' title='bbox 718 1258 850 1323; x_wconf 81' lang='lat' dir='ltr'><strong>fuit,</strong></span> <span class='ocrx_word' id='word_1_87' title='bbox 890 1266 943 1314; x_wconf 89' lang='lat' dir='ltr'><strong>et</strong></span> <span class='ocrx_word' id='word_1_88' title='bbox 989 1257 1130 1328; x_wconf 87' lang='lat' dir='ltr'><strong>quod</strong></span> <span class='ocrx_word' id='word_1_89' title='bbox 1186 1260 1241 1312; x_wconf 90' lang='lat' dir='ltr'><strong>in</strong></span> <span class='ocrx_word' id='word_1_90' title='bbox 1293 1274 1355 1313; x_wconf 90' lang='lat' dir='ltr'><strong>ea</strong></span> <span class='ocrx_word' id='word_1_91' title='bbox 1399 1259 1803 1313; x_wconf 81' lang='lat' dir='ltr'><strong>sanctissimum</strong></span> <span class='ocrx_word' id='word_1_92' title='bbox 1857 1257 1950 1312; x_wconf 87' lang='lat' dir='ltr'><strong>Dei</strong></span> 
     </span>
    </p>
   </div>
   <div class='ocr_carea' id='block_1_14' title="bbox 415 1347 1952 1418">
    <p class='ocr_par' dir='ltr' id='par_1_14' title="bbox 415 1347 1952 1418">
     <span class='ocr_line' id='line_1_14' title="bbox 415 1347 1952 1418; baseline -0.002 -15"><span class='ocrx_word' id='word_1_93' title='bbox 415 1351 670 1418; x_wconf 85' lang='lat' dir='ltr'><strong>templum</strong></span> <span class='ocrx_word' id='word_1_94' title='bbox 697 1358 933 1402; x_wconf 85' lang='lat' dir='ltr'><strong>erectum</strong></span> <span class='ocrx_word' id='word_1_95' title='bbox 964 1356 1066 1412; x_wconf 81' lang='lat' dir='ltr'><strong>est,</strong></span> <span class='ocrx_word' id='word_1_96' title='bbox 1101 1350 1155 1403; x_wconf 92' lang='lat' dir='ltr'><strong>in</strong></span> <span class='ocrx_word' id='word_1_97' title='bbox 1188 1358 1388 1404; x_wconf 84' lang='lat' dir='ltr'><strong>sortem</strong></span> <span class='ocrx_word' id='word_1_98' title='bbox 1438 1347 1755 1403; x_wconf 85' lang='lat' dir='ltr'><strong>concessit?</strong></span> <span class='ocrx_word' id='word_1_99' title='bbox 1800 1347 1952 1401; x_wconf 87' lang='lat' dir='ltr'><strong>Atta—</strong></span> 
     </span>
    </p>
   </div>
   <div class='ocr_carea' id='block_1_15' title="bbox 416 1439 1949 1509">
    <p class='ocr_par' dir='ltr' id='par_1_15' title="bbox 416 1439 1949 1509">
     <span class='ocr_line' id='line_1_15' title="bbox 416 1439 1949 1509; baseline -0.001 -16"><span class='ocrx_word' id='word_1_100' title='bbox 416 1454 536 1493; x_wconf 86' lang='lat' dir='ltr'><strong>men</strong></span> <span class='ocrx_word' id='word_1_101' title='bbox 570 1454 738 1495; x_wconf 86' lang='lat' dir='ltr'><strong>neuue</strong></span> <span class='ocrx_word' id='word_1_102' title='bbox 773 1441 839 1493; x_wconf 88' lang='lat' dir='ltr'><strong>ab</strong></span> <span class='ocrx_word' id='word_1_103' title='bbox 870 1439 1058 1491; x_wconf 89' lang='lat' dir='ltr'><strong>harum</strong></span> <span class='ocrx_word' id='word_1_104' title='bbox 1094 1440 1296 1505; x_wconf 77' lang='lat' dir='ltr'><strong>aliqua,</strong></span> <span class='ocrx_word' id='word_1_105' title='bbox 1343 1454 1515 1508; x_wconf 88' lang='lat' dir='ltr'><strong>neque</strong></span> <span class='ocrx_word' id='word_1_106' title='bbox 1538 1452 1569 1491; x_wconf 91' lang='lat' dir='ltr'><strong>a</strong></span> <span class='ocrx_word' id='word_1_107' title='bbox 1592 1440 1949 1509; x_wconf 88' lang='lat' dir='ltr'><strong>reliquarum,</strong></span> 
     </span>
    </p>
   </div>
   <div class='ocr_carea' id='block_1_16' title="bbox 417 1528 1955 1600">
    <p class='ocr_par' dir='ltr' id='par_1_16' title="bbox 417 1528 1955 1600">
     <span class='ocr_line' id='line_1_16' title="bbox 417 1528 1955 1600; baseline -0.001 -16"><span class='ocrx_word' id='word_1_108' title='bbox 417 1536 506 1584; x_wconf 81' lang='lat' dir='ltr'><strong>seu</strong></span> <span class='ocrx_word' id='word_1_109' title='bbox 532 1536 598 1583; x_wconf 82' lang='lat' dir='ltr'><strong>al)</strong></span> <span class='ocrx_word' id='word_1_110' title='bbox 633 1545 739 1583; x_wconf 88' lang='lat' dir='ltr'><strong>una</strong></span> <span class='ocrx_word' id='word_1_111' title='bbox 771 1529 941 1599; x_wconf 85' lang='lat' dir='ltr'><strong>ipsius</strong></span> <span class='ocrx_word' id='word_1_112' title='bbox 967 1528 1105 1584; x_wconf 79' lang='lat' dir='ltr'><strong>Juda</strong></span> <span class='ocrx_word' id='word_1_113' title='bbox 1138 1531 1281 1584; x_wconf 80' lang='lat' dir='ltr'><strong>tribu</strong></span> <span class='ocrx_word' id='word_1_114' title='bbox 1302 1531 1462 1584; x_wconf 90' lang='lat' dir='ltr'><strong>totius</strong></span> <span class='ocrx_word' id='word_1_115' title='bbox 1493 1532 1666 1598; x_wconf 86' lang='lat' dir='ltr'><strong>gentis</strong></span> <span class='ocrx_word' id='word_1_116' title='bbox 1689 1545 1753 1585; x_wconf 92' lang='lat' dir='ltr'><strong>ac</strong></span> <span class='ocrx_word' id='word_1_117' title='bbox 1782 1532 1955 1600; x_wconf 84' lang='lat' dir='ltr'><strong>regio-</strong></span> 
     </span>
    </p>
   </div>
   <div class='ocr_carea' id='block_1_17' title="bbox 418 1620 1951 1690">
    <p class='ocr_par' dir='ltr' id='par_1_17' title="bbox 418 1620 1951 1690">
     <span class='ocr_line' id='line_1_17' title="bbox 418 1620 1951 1690; baseline 0.001 -18"><span class='ocrx_word' id='word_1_118' title='bbox 418 1620 502 1674; x_wconf 90' lang='lat' dir='ltr'><strong>nis</strong></span> <span class='ocrx_word' id='word_1_119' title='bbox 529 1620 809 1689; x_wconf 82' lang='lat' dir='ltr'><strong>appellatio</strong></span> <span class='ocrx_word' id='word_1_120' title='bbox 834 1621 994 1675; x_wconf 89' lang='lat' dir='ltr'><strong>ducta</strong></span> <span class='ocrx_word' id='word_1_121' title='bbox 1011 1631 1111 1684; x_wconf 88' lang='lat' dir='ltr'><strong>est,</strong></span> <span class='ocrx_word' id='word_1_122' title='bbox 1135 1621 1275 1675; x_wconf 90' lang='lat' dir='ltr'><strong>sicut</strong></span> <span class='ocrx_word' id='word_1_123' title='bbox 1299 1620 1577 1690; x_wconf 87' lang='lat' dir='ltr'><strong>prophetia</strong></span> <span class='ocrx_word' id='word_1_124' title='bbox 1611 1620 1951 1689; x_wconf 62' lang='lat' dir='ltr'><strong>praedixerat.</strong></span> 
     </span>
    </p>
   </div>
   <div class='ocr_carea' id='block_1_18' title="bbox 420 1709 1948 1780">
    <p class='ocr_par' dir='ltr' id='par_1_18' title="bbox 420 1709 1948 1780">
     <span class='ocr_line' id='line_1_18' title="bbox 420 1709 1948 1780; baseline 0.001 -18"><span class='ocrx_word' id='word_1_125' title='bbox 420 1709 507 1764; x_wconf 91' lang='lat' dir='ltr'><strong>Sic</strong></span> <span class='ocrx_word' id='word_1_126' title='bbox 536 1725 664 1764; x_wconf 87' lang='lat' dir='ltr'><strong>sane</strong></span> <span class='ocrx_word' id='word_1_127' title='bbox 699 1711 831 1764; x_wconf 91' lang='lat' dir='ltr'><strong>illud</strong></span> <span class='ocrx_word' id='word_1_128' title='bbox 861 1730 873 1763; x_wconf 87' lang='lat'><strong>:</strong></span> <span class='ocrx_word' id='word_1_129' title='bbox 908 1727 926 1760; x_wconf 87' lang='grc'><strong>‹</strong></span> <span class='ocrx_word' id='word_1_130' title='bbox 964 1710 1080 1765; x_wconf 83' lang='grc' dir='ltr'>Νοη</span> <span class='ocrx_word' id='word_1_131' title='bbox 1119 1712 1330 1766; x_wconf 79' lang='lat' dir='ltr'><strong>deﬁciet</strong></span> <span class='ocrx_word' id='word_1_132' title='bbox 1361 1712 1610 1780; x_wconf 89' lang='lat' dir='ltr'><strong>princeps</strong></span> <span class='ocrx_word' id='word_1_133' title='bbox 1641 1711 1707 1765; x_wconf 91' lang='lat' dir='ltr'><strong>de</strong></span> <span class='ocrx_word' id='word_1_134' title='bbox 1738 1710 1897 1777; x_wconf 85' lang='lat' dir='ltr'><strong>Juda,</strong></span> <span class='ocrx_word' id='word_1_135' title='bbox 1929 1731 1948 1764; x_wconf 75' lang='grc' dir='ltr'><strong>ι</strong></span> 
     </span>
    </p>
   </div>
   <div class='ocr_carea' id='block_1_19' title="bbox 2047 518 3697 600">
    <p class='ocr_par' dir='ltr' id='par_1_19' title="bbox 2047 518 3697 600">
     <span class='ocr_line' id='line_1_19' title="bbox 2047 518 3697 600; baseline -0.008 -16"><span class='ocrx_word' id='word_1_136' title='bbox 2047 530 2140 584; x_wconf 81' lang='grc' dir='ltr'><strong>τοῦ</strong></span> <span class='ocrx_word' id='word_1_137' title='bbox 2180 531 2522 600; x_wconf 80' lang='grc' dir='ltr'><strong>προπάτορος</strong></span> <span class='ocrx_word' id='word_1_138' title='bbox 2566 530 2879 598; x_wconf 73' lang='grc' dir='ltr'><strong>ἐπωνυμίαν</strong></span> <span class='ocrx_word' id='word_1_139' title='bbox 2929 526 2999 577; x_wconf 81' lang='grc' dir='ltr'><strong>τὸ</strong></span> <span class='ocrx_word' id='word_1_140' title='bbox 3054 524 3183 576; x_wconf 76' lang='grc' dir='ltr'>πᾶν</span> <span class='ocrx_word' id='word_1_141' title='bbox 3238 518 3418 581; x_wconf 79' lang='grc' dir='ltr'>ἔθνος</span> <span class='ocrx_word' id='word_1_142' title='bbox 3469 518 3571 570; x_wconf 73' lang='grc' dir='ltr'><strong>καὶ</strong></span> <span class='ocrx_word' id='word_1_143' title='bbox 3605 519 3697 589; x_wconf 75' lang='grc' dir='ltr'>τὴν</span> 
     </span>
    </p>
   </div>
   <div class='ocr_carea' id='block_1_20' title="bbox 2048 608 3697 695">
    <p class='ocr_par' dir='ltr' id='par_1_20' title="bbox 2048 608 3697 695">
     <span class='ocr_line' id='line_1_20' title="bbox 2048 608 3697 695; baseline -0.008 -21"><span class='ocrx_word' id='word_1_144' title='bbox 2048 620 2228 691; x_wconf 86' lang='grc' dir='ltr'>χώραν</span> <span class='ocrx_word' id='word_1_145' title='bbox 2280 619 2717 689; x_wconf 77' lang='grc' dir='ltr'>ἐπιγράψασθαις</span> <span class='ocrx_word' id='word_1_146' title='bbox 2770 618 2872 679; x_wconf 90' lang='grc' dir='ltr'><strong>Τίς</strong></span> <span class='ocrx_word' id='word_1_147' title='bbox 2912 615 2961 667; x_wconf 78' lang='grc' dir='ltr'>δ’</span> <span class='ocrx_word' id='word_1_148' title='bbox 3022 614 3149 695; x_wconf 14' lang='grc' dir='ltr'>οὐκ,</span> <span class='ocrx_word' id='word_1_149' title='bbox 3206 609 3287 663; x_wconf 83' lang='grc' dir='ltr'><strong>ἂν</strong></span> <span class='ocrx_word' id='word_1_150' title='bbox 3352 608 3697 678; x_wconf 69' lang='grc' dir='ltr'>ὁμολογήσαι</span> 
     </span>
    </p>
   </div>
   <div class='ocr_carea' id='block_1_21' title="bbox 2047 695 3697 779">
    <p class='ocr_par' dir='ltr' id='par_1_21' title="bbox 2047 695 3697 779">
     <span class='ocr_line' id='line_1_21' title="bbox 2047 695 3697 779; baseline -0.005 -18"><span class='ocrx_word' id='word_1_151' title='bbox 2047 710 2193 779; x_wconf 81' lang='grc' dir='ltr'>παρὰ</span> <span class='ocrx_word' id='word_1_152' title='bbox 2233 708 2455 775; x_wconf 84' lang='grc' dir='ltr'>τούτους</span> <span class='ocrx_word' id='word_1_153' title='bbox 2487 708 2727 770; x_wconf 76' lang='grc' dir='ltr'>ἅπαντας</span> <span class='ocrx_word' id='word_1_154' title='bbox 2758 706 3011 773; x_wconf 80' lang='grc' dir='ltr'><strong>εὐλόγως</strong></span> <span class='ocrx_word' id='word_1_155' title='bbox 3051 702 3125 754; x_wconf 84' lang='grc' dir='ltr'><strong>ἂν</strong></span> <span class='ocrx_word' id='word_1_156' title='bbox 3160 701 3242 752; x_wconf 83' lang='grc' dir='ltr'>ὲκ</span> <span class='ocrx_word' id='word_1_157' title='bbox 3288 695 3400 750; x_wconf 73' lang='grc' dir='ltr'>τοῦ</span> <span class='ocrx_word' id='word_1_158' title='bbox 3437 697 3697 769; x_wconf 48' lang='grc' dir='ltr'>Βενιαμῦδ</span> 
     </span>
    </p>
   </div>
   <div class='ocr_carea' id='block_1_22' title="bbox 2045 787 3696 865">
    <p class='ocr_par' dir='ltr' id='par_1_22' title="bbox 2045 787 3696 865">
     <span class='ocr_line' id='line_1_22' title="bbox 2045 787 3696 865; baseline -0.004 -18"><span class='ocrx_word' id='word_1_159' title='bbox 2045 795 2143 864; x_wconf 85' lang='grc' dir='ltr'><strong>τὴν</strong></span> <span class='ocrx_word' id='word_1_160' title='bbox 2174 796 2487 865; x_wconf 77' lang='grc' dir='ltr'><strong>ἐπωνυμίαν</strong></span> <span class='ocrx_word' id='word_1_161' title='bbox 2518 796 2713 856; x_wconf 78' lang='grc' dir='ltr'>αὐτοὺς</span> <span class='ocrx_word' id='word_1_162' title='bbox 2755 792 2973 854; x_wconf 80' lang='grc' dir='ltr'>λαϐεῖν,</span> <span class='ocrx_word' id='word_1_163' title='bbox 3007 789 3357 859; x_wconf 73' lang='grc' dir='ltr'><strong>ἐπειδήπερ</strong></span> <span class='ocrx_word' id='word_1_164' title='bbox 3385 789 3464 856; x_wconf 81' lang='grc' dir='ltr'>τῇ</span> <span class='ocrx_word' id='word_1_165' title='bbox 3514 787 3696 840; x_wconf 84' lang='grc' dir='ltr'>τούτου</span> 
     </span>
    </p>
   </div>
   <div class='ocr_carea' id='block_1_23' title="bbox 2047 877 3697 958">
    <p class='ocr_par' dir='ltr' id='par_1_23' title="bbox 2047 877 3697 958">
     <span class='ocr_line' id='line_1_23' title="bbox 2047 877 3697 958; baseline -0.003 -20"><span class='ocrx_word' id='word_1_166' title='bbox 2047 886 2183 957; x_wconf 82' lang='grc' dir='ltr'>φυλῇ</span> <span class='ocrx_word' id='word_1_167' title='bbox 2211 889 2244 956; x_wconf 80' lang='grc' dir='ltr'>ἡ</span> <span class='ocrx_word' id='word_1_168' title='bbox 2273 887 2596 958; x_wconf 80' lang='grc' dir='ltr'>περιϐόητος</span> <span class='ocrx_word' id='word_1_169' title='bbox 2618 884 2800 939; x_wconf 83' lang='grc' dir='ltr'>αὐτῶν</span> <span class='ocrx_word' id='word_1_170' title='bbox 2832 881 3103 953; x_wconf 81' lang='grc' dir='ltr'>βασιλικὴ</span> <span class='ocrx_word' id='word_1_171' title='bbox 3157 877 3565 950; x_wconf 75' lang='grc' dir='ltr'>μητρόπολις,</span> <span class='ocrx_word' id='word_1_172' title='bbox 3591 879 3621 931; x_wconf 84' lang='grc' dir='ltr'><strong>ὃ</strong></span> <span class='ocrx_word' id='word_1_173' title='bbox 3645 895 3697 933; x_wconf 80' lang='grc' dir='ltr'>τε</span> 
     </span>
    </p>
   </div>
   <div class='ocr_carea' id='block_1_24' title="bbox 2048 967 3695 1044">
    <p class='ocr_par' dir='ltr' id='par_1_24' title="bbox 2048 967 3695 1044">
     <span class='ocr_line' id='line_1_24' title="bbox 2048 967 3695 1044; baseline -0.003 -20"><span class='ocrx_word' id='word_1_174' title='bbox 2048 973 2138 1024; x_wconf 71' lang='grc' dir='ltr'><strong>ἐπὶ</strong></span> <span class='ocrx_word' id='word_1_175' title='bbox 2183 974 2383 1044; x_wconf 82' lang='grc' dir='ltr'><strong>ταύτης</strong></span> <span class='ocrx_word' id='word_1_176' title='bbox 2422 973 2724 1041; x_wconf 85' lang='grc' dir='ltr'>άγιώτατος</span> <span class='ocrx_word' id='word_1_177' title='bbox 2775 971 2875 1025; x_wconf 81' lang='grc' dir='ltr'><strong>τοῦ</strong></span> <span class='ocrx_word' id='word_1_178' title='bbox 2925 969 3070 1024; x_wconf 81' lang='grc' dir='ltr'>Θεοῦ</span> <span class='ocrx_word' id='word_1_179' title='bbox 3111 968 3279 1031; x_wconf 85' lang='grc' dir='ltr'>νεὼς</span> <span class='ocrx_word' id='word_1_180' title='bbox 3326 967 3695 1037; x_wconf 73' lang='grc' dir='ltr'>κεκλήρωτος</span> 
     </span>
    </p>
   </div>
   <div class='ocr_carea' id='block_1_25' title="bbox 2061 1058 3692 1135">
    <p class='ocr_par' dir='ltr' id='par_1_25' title="bbox 2061 1058 3692 1135">
     <span class='ocr_line' id='line_1_25' title="bbox 2061 1058 3692 1135; baseline -0.004 -20"><span class='ocrx_word' id='word_1_181' title='bbox 2061 1063 2193 1116; x_wconf 81' lang='grc' dir='ltr'>Ἀλλ’</span> <span class='ocrx_word' id='word_1_182' title='bbox 2220 1065 2365 1135; x_wconf 83' lang='grc' dir='ltr'>ὅμως</span> <span class='ocrx_word' id='word_1_183' title='bbox 2394 1064 2502 1117; x_wconf 80' lang='grc' dir='ltr'>οὐδ’</span> <span class='ocrx_word' id='word_1_184' title='bbox 2544 1065 2611 1116; x_wconf 85' lang='grc' dir='ltr'><strong>ἐκ</strong></span> <span class='ocrx_word' id='word_1_185' title='bbox 2644 1064 2881 1122; x_wconf 87' lang='grc' dir='ltr'>τούτων,</span> <span class='ocrx_word' id='word_1_186' title='bbox 2918 1061 3036 1114; x_wconf 84' lang='grc' dir='ltr'>οὐδ’</span> <span class='ocrx_word' id='word_1_187' title='bbox 3070 1058 3140 1125; x_wconf 81' lang='grc' dir='ltr'><strong>ἐξ</strong></span> <span class='ocrx_word' id='word_1_188' title='bbox 3194 1058 3427 1129; x_wconf 77' lang='grc' dir='ltr'>ἐτέρας</span> <span class='ocrx_word' id='word_1_189' title='bbox 3467 1059 3505 1128; x_wconf 74' lang='grc' dir='ltr'>ἢ</span> <span class='ocrx_word' id='word_1_190' title='bbox 3546 1058 3692 1129; x_wconf 68' lang='grc' dir='ltr'>μόνῃ</span> 
     </span>
    </p>
   </div>
   <div class='ocr_carea' id='block_1_26' title="bbox 2031 1147 3691 1234">
    <p class='ocr_par' dir='ltr' id='par_1_26' title="bbox 2031 1147 3691 1234">
     <span class='ocr_line' id='line_1_26' title="bbox 2031 1147 3691 1234; baseline -0.001 -30"><span class='ocrx_word' id='word_1_191' title='bbox 2031 1154 2113 1234; x_wconf 28' lang='grc' dir='ltr'>’ἐκ</span> <span class='ocrx_word' id='word_1_192' title='bbox 2142 1152 2239 1221; x_wconf 83' lang='grc' dir='ltr'>τῆς</span> <span class='ocrx_word' id='word_1_193' title='bbox 2283 1153 2448 1205; x_wconf 80' lang='grc' dir='ltr'>Ἰούδα</span> <span class='ocrx_word' id='word_1_194' title='bbox 2488 1153 2663 1222; x_wconf 82' lang='grc' dir='ltr'>φυλῆς</span> <span class='ocrx_word' id='word_1_195' title='bbox 2708 1155 2742 1222; x_wconf 86' lang='grc' dir='ltr'><strong>ή</strong></span> <span class='ocrx_word' id='word_1_196' title='bbox 2787 1154 2893 1222; x_wconf 84' lang='grc' dir='ltr'>τῆς</span> <span class='ocrx_word' id='word_1_197' title='bbox 2935 1149 3143 1221; x_wconf 83' lang='grc' dir='ltr'>χώρας</span> <span class='ocrx_word' id='word_1_198' title='bbox 3194 1149 3309 1202; x_wconf 76' lang='grc' dir='ltr'><strong>καὶ</strong></span> <span class='ocrx_word' id='word_1_199' title='bbox 3357 1147 3467 1201; x_wconf 82' lang='grc' dir='ltr'>τοῦ</span> <span class='ocrx_word' id='word_1_200' title='bbox 3514 1149 3691 1212; x_wconf 71' lang='grc' dir='ltr'>παντὸ,</span> 
     </span>
    </p>
   </div>
   <div class='ocr_carea' id='block_1_27' title="bbox 2050 1238 3692 1314">
    <p class='ocr_par' dir='ltr' id='par_1_27' title="bbox 2050 1238 3692 1314">
     <span class='ocr_line' id='line_1_27' title="bbox 2050 1238 3692 1314; baseline -0.004 -19"><span class='ocrx_word' id='word_1_201' title='bbox 2050 1242 2229 1305; x_wconf 89' lang='grc' dir='ltr'>ἔθνους</span> <span class='ocrx_word' id='word_1_202' title='bbox 2270 1244 2606 1314; x_wconf 84' lang='grc' dir='ltr'>προσηγορία</span> <span class='ocrx_word' id='word_1_203' title='bbox 2647 1243 2924 1313; x_wconf 77' lang='grc' dir='ltr'>διέπρεψε</span> <span class='ocrx_word' id='word_1_204' title='bbox 2957 1243 3031 1311; x_wconf 82' lang='grc' dir='ltr'>τῇ</span> <span class='ocrx_word' id='word_1_205' title='bbox 3081 1238 3452 1310; x_wconf 74' lang='grc' dir='ltr'>προφητείᾳ</span> <span class='ocrx_word' id='word_1_206' title='bbox 3484 1238 3692 1291; x_wconf 76' lang='grc' dir='ltr'>ἀκολού-</span> 
     </span>
    </p>
   </div>
   <div class='ocr_carea' id='block_1_28' title="bbox 2051 1329 3688 1402">
    <p class='ocr_par' dir='ltr' id='par_1_28' title="bbox 2051 1329 3688 1402">
     <span class='ocr_line' id='line_1_28' title="bbox 2051 1329 3688 1402; baseline -0.003 -15"><span class='ocrx_word' id='word_1_207' title='bbox 2051 1334 2173 1397; x_wconf 90' lang='grc' dir='ltr'>θως.</span> <span class='ocrx_word' id='word_1_208' title='bbox 2196 1333 2346 1387; x_wconf 78' lang='grc' dir='ltr'><strong>Οὕτω</strong></span> <span class='ocrx_word' id='word_1_209' title='bbox 2363 1336 2423 1402; x_wconf 81' lang='grc' dir='ltr'>γέ</span> <span class='ocrx_word' id='word_1_210' title='bbox 2447 1352 2527 1388; x_wconf 89' lang='grc' dir='ltr'><strong>τοι</strong></span> <span class='ocrx_word' id='word_1_211' title='bbox 2550 1336 2632 1398; x_wconf 87' lang='grc' dir='ltr'><strong>τὸ,</strong></span> <span class='ocrx_word' id='word_1_212' title='bbox 2663 1352 2684 1385; x_wconf 77' lang='grc' dir='ltr'><strong>ι</strong></span> <span class='ocrx_word' id='word_1_213' title='bbox 2709 1335 2829 1386; x_wconf 81' lang='grc' dir='ltr'>Οὐκ</span> <span class='ocrx_word' id='word_1_214' title='bbox 2853 1331 3126 1401; x_wconf 74' lang='grc' dir='ltr'><strong>ἐκλείψει</strong></span> <span class='ocrx_word' id='word_1_215' title='bbox 3150 1330 3369 1401; x_wconf 76' lang='grc' dir='ltr'>ἄρχων</span> <span class='ocrx_word' id='word_1_216' title='bbox 3394 1329 3462 1393; x_wconf 83' lang='grc' dir='ltr'><strong>ἐξ</strong></span> <span class='ocrx_word' id='word_1_217' title='bbox 3491 1331 3688 1393; x_wconf 79' lang='grc' dir='ltr'>Ἰούδα,ι</span> 
     </span>
    </p>
   </div>
   <div class='ocr_carea' id='block_1_29' title="bbox 2050 1421 3692 1496">
    <p class='ocr_par' dir='ltr' id='par_1_29' title="bbox 2050 1421 3692 1496">
     <span class='ocr_line' id='line_1_29' title="bbox 2050 1421 3692 1496; baseline -0.003 -18"><span class='ocrx_word' id='word_1_218' title='bbox 2050 1426 2141 1478; x_wconf 82' lang='grc' dir='ltr'>ἐπὶ</span> <span class='ocrx_word' id='word_1_219' title='bbox 2170 1425 2265 1496; x_wconf 76' lang='grc' dir='ltr'><strong>τὴν</strong></span> <span class='ocrx_word' id='word_1_220' title='bbox 2303 1425 2469 1496; x_wconf 78' lang='grc' dir='ltr'>φυλὴν</span> <span class='ocrx_word' id='word_1_221' title='bbox 2502 1427 2633 1496; x_wconf 78' lang='grc' dir='ltr'>ἡμῖν</span> <span class='ocrx_word' id='word_1_222' title='bbox 2662 1426 3069 1495; x_wconf 82' lang='grc' dir='ltr'>άνενήνεκται,</span> <span class='ocrx_word' id='word_1_223' title='bbox 3126 1421 3245 1474; x_wconf 75' lang='grc' dir='ltr'>καὶ</span> <span class='ocrx_word' id='word_1_224' title='bbox 3302 1421 3502 1484; x_wconf 82' lang='grc' dir='ltr'>μόνως</span> <span class='ocrx_word' id='word_1_225' title='bbox 3544 1422 3692 1486; x_wconf 78' lang='grc' dir='ltr'>οὕτως</span> 
     </span>
    </p>
   </div>
   <div class='ocr_carea' id='block_1_30' title="bbox 2049 1498 3691 1587">
    <p class='ocr_par' dir='ltr' id='par_1_30' title="bbox 2049 1498 3691 1587">
     <span class='ocr_line' id='line_1_30' title="bbox 2049 1498 3691 1587; baseline 0 -19"><span class='ocrx_word' id='word_1_226' title='bbox 2049 1498 2257 1584; x_wconf 80' lang='grc' dir='ltr'>ἀληθῶς</span> <span class='ocrx_word' id='word_1_227' title='bbox 2279 1518 2311 1586; x_wconf 79' lang='grc' dir='ltr'><strong>ἠ</strong></span> <span class='ocrx_word' id='word_1_228' title='bbox 2337 1516 2635 1587; x_wconf 79' lang='grc' dir='ltr'>πρόρρησις</span> <span class='ocrx_word' id='word_1_229' title='bbox 2653 1515 3025 1567; x_wconf 82' lang='grc' dir='ltr'>ἀποδέδοται.</span> <span class='ocrx_word' id='word_1_230' title='bbox 3045 1513 3208 1565; x_wconf 78' lang='grc' dir='ltr'>Ἀπὸ</span> <span class='ocrx_word' id='word_1_231' title='bbox 3239 1510 3395 1580; x_wconf 77' lang='grc' dir='ltr'>γοῦν</span> <span class='ocrx_word' id='word_1_232' title='bbox 3426 1511 3541 1565; x_wconf 80' lang='grc' dir='ltr'><strong>τῶν</strong></span> <span class='ocrx_word' id='word_1_233' title='bbox 3562 1513 3691 1568; x_wconf 70' lang='lat' dir='ltr'><strong>Mor}-</strong></span> 
     </span>
    </p>
   </div>
   <div class='ocr_carea' id='block_1_31' title="bbox 2051 1604 3693 1675">
    <p class='ocr_par' dir='ltr' id='par_1_31' title="bbox 2051 1604 3693 1675">
     <span class='ocr_line' id='line_1_31' title="bbox 2051 1604 3693 1675; baseline -0.002 -17"><span class='ocrx_word' id='word_1_234' title='bbox 2051 1605 2184 1668; x_wconf 77' lang='grc' dir='ltr'><strong>οέως</strong></span> <span class='ocrx_word' id='word_1_235' title='bbox 2209 1606 2408 1675; x_wconf 86' lang='grc' dir='ltr'>χρόνων</span> <span class='ocrx_word' id='word_1_236' title='bbox 2440 1604 2673 1674; x_wconf 81' lang='grc' dir='ltr'>καθεξῆς</span> <span class='ocrx_word' id='word_1_237' title='bbox 2703 1607 2766 1660; x_wconf 82' lang='grc' dir='ltr'>οὐ</span> <span class='ocrx_word' id='word_1_238' title='bbox 2797 1605 3071 1657; x_wconf 82' lang='grc' dir='ltr'>διέλιπον</span> <span class='ocrx_word' id='word_1_239' title='bbox 3110 1605 3373 1675; x_wconf 79' lang='grc' dir='ltr'>μερικοὶ</span> <span class='ocrx_word' id='word_1_240' title='bbox 3404 1604 3515 1673; x_wconf 84' lang='grc' dir='ltr'>μέν</span> <span class='ocrx_word' id='word_1_241' title='bbox 3539 1605 3693 1658; x_wconf 73' lang='grc' dir='ltr'>αὐτῶν</span> 
     </span>
    </p>
   </div>
   <div class='ocr_carea' id='block_1_32' title="bbox 2049 1695 3690 1768">
    <p class='ocr_par' dir='ltr' id='par_1_32' title="bbox 2049 1695 3690 1768">
     <span class='ocr_line' id='line_1_32' title="bbox 2049 1695 3690 1768; baseline 0.001 -19"><span class='ocrx_word' id='word_1_242' title='bbox 2049 1696 2402 1766; x_wconf 81' lang='grc' dir='ltr'>άρχοντες,ἐκ</span> <span class='ocrx_word' id='word_1_243' title='bbox 2440 1696 2730 1768; x_wconf 78' lang='grc' dir='ltr'>διαφόρων,</span> <span class='ocrx_word' id='word_1_244' title='bbox 2752 1698 2834 1761; x_wconf 84' lang='grc' dir='ltr'><strong>ὡς</strong></span> <span class='ocrx_word' id='word_1_245' title='bbox 2869 1697 3054 1768; x_wconf 84' lang='grc' dir='ltr'>ἔφην,</span> <span class='ocrx_word' id='word_1_246' title='bbox 3093 1695 3316 1765; x_wconf 80' lang='grc' dir='ltr'>φυλῶν</span> <span class='ocrx_word' id='word_1_247' title='bbox 3341 1697 3690 1768; x_wconf 76' lang='grc' dir='ltr'><strong>ἡγησάμενοι,</strong></span> 
     </span>
    </p>
   </div>
   <div class='ocr_carea' id='block_1_33' title="bbox 417 1785 1894 1869">
    <p class='ocr_par' dir='ltr' id='par_1_33' title="bbox 417 1800 1894 1869">
     <span class='ocr_line' id='line_1_33' title="bbox 417 1800 1894 1869; baseline 0.001 -16"><span class='ocrx_word' id='word_1_248' title='bbox 417 1800 483 1853; x_wconf 85' lang='lat' dir='ltr'><strong>ad</strong></span> <span class='ocrx_word' id='word_1_249' title='bbox 513 1800 680 1869; x_wconf 88' lang='lat' dir='ltr'><strong>ipsam</strong></span> <span class='ocrx_word' id='word_1_250' title='bbox 723 1800 921 1854; x_wconf 84' lang='lat' dir='ltr'><strong>tribum</strong></span> <span class='ocrx_word' id='word_1_251' title='bbox 947 1816 977 1854; x_wconf 91' lang='lat' dir='ltr'><strong>a</strong></span> <span class='ocrx_word' id='word_1_252' title='bbox 1004 1801 1161 1856; x_wconf 89' lang='lat' dir='ltr'><strong>nobis</strong></span> <span class='ocrx_word' id='word_1_253' title='bbox 1205 1803 1432 1855; x_wconf 87' lang='lat' dir='ltr'><strong>relatum</strong></span> <span class='ocrx_word' id='word_1_254' title='bbox 1476 1808 1580 1864; x_wconf 89' lang='lat' dir='ltr'><strong>cst,</strong></span> <span class='ocrx_word' id='word_1_255' title='bbox 1626 1808 1679 1856; x_wconf 87' lang='lat' dir='ltr'><strong>et</strong></span> <span class='ocrx_word' id='word_1_256' title='bbox 1710 1801 1811 1855; x_wconf 90' lang='lat' dir='ltr'><strong>hoc</strong></span> <span class='ocrx_word' id='word_1_257' title='bbox 1838 1818 1894 1855; x_wconf 79' lang='lat' dir='ltr'><strong>ut</strong></span> 
     </span>
    </p>
   </div>
   <div class='ocr_carea' id='block_1_34' title="bbox 2213 1785 3690 1869">
    <p class='ocr_par' dir='ltr' id='par_1_34' title="bbox 2213 1785 3690 1859">
     <span class='ocr_line' id='line_1_34' title="bbox 2213 1785 3690 1859; baseline 0.001 -20"><span class='ocrx_word' id='word_1_258' title='bbox 2213 1804 2269 1838; x_wconf 88' lang='grc' dir='ltr'>ου</span> <span class='ocrx_word' id='word_1_259' title='bbox 2294 1787 2348 1840; x_wconf 82' lang='grc' dir='ltr'>δὲ</span> <span class='ocrx_word' id='word_1_260' title='bbox 2373 1789 2406 1857; x_wconf 79' lang='grc' dir='ltr'>ἡ</span> <span class='ocrx_word' id='word_1_261' title='bbox 2438 1787 2526 1840; x_wconf 83' lang='grc' dir='ltr'><strong>τοῦ</strong></span> <span class='ocrx_word' id='word_1_262' title='bbox 2572 1788 2743 1841; x_wconf 81' lang='grc' dir='ltr'>Ἰούδα</span> <span class='ocrx_word' id='word_1_263' title='bbox 2774 1789 2935 1859; x_wconf 84' lang='grc' dir='ltr'><strong>φυλὴ</strong></span> <span class='ocrx_word' id='word_1_264' title='bbox 2970 1788 3213 1851; x_wconf 83' lang='grc' dir='ltr'>παντὸς</span> <span class='ocrx_word' id='word_1_265' title='bbox 3249 1788 3597 1859; x_wconf 72' lang='grc' dir='ltr'>προεστῶτα</span> <span class='ocrx_word' id='word_1_266' title='bbox 3618 1785 3690 1843; x_wconf 73' lang='grc' dir='ltr'><strong>το]</strong></span> 
     </span>
    </p>
   </div>
   <div class='ocr_carea' id='block_1_35' title="bbox 418 1888 1950 1947">
    <p class='ocr_par' dir='ltr' id='par_1_35' title="bbox 418 1888 1950 1947">
     <span class='ocr_line' id='line_1_35' title="bbox 418 1888 1950 1947; baseline 0.002 -6"><span class='ocrx_word' id='word_1_267' title='bbox 418 1888 678 1942; x_wconf 72' lang='lat' dir='ltr'><strong>duntaxat</strong></span> <span class='ocrx_word' id='word_1_268' title='bbox 713 1889 871 1942; x_wconf 91' lang='lat' dir='ltr'><strong>modo</strong></span> <span class='ocrx_word' id='word_1_269' title='bbox 902 1891 1104 1944; x_wconf 81' lang='lat' dir='ltr'><strong>oraculi</strong></span> <span class='ocrx_word' id='word_1_270' title='bbox 1137 1890 1335 1944; x_wconf 90' lang='lat' dir='ltr'><strong>veritas</strong></span> <span class='ocrx_word' id='word_1_271' title='bbox 1373 1890 1546 1943; x_wconf 90' lang='lat' dir='ltr'><strong>locum</strong></span> <span class='ocrx_word' id='word_1_272' title='bbox 1580 1890 1759 1947; x_wconf 87' lang='lat' dir='ltr'><strong>habet.</strong></span> <span class='ocrx_word' id='word_1_273' title='bbox 1784 1890 1950 1944; x_wconf 85' lang='lat' dir='ltr'><strong>Nam-</strong></span> 
     </span>
    </p>
   </div>
   <div class='ocr_carea' id='block_1_36' title="bbox 419 1978 1955 2049">
    <p class='ocr_par' dir='ltr' id='par_1_36' title="bbox 419 1978 1955 2049">
     <span class='ocr_line' id='line_1_36' title="bbox 419 1978 1955 2049; baseline 0.002 -16"><span class='ocrx_word' id='word_1_274' title='bbox 419 1993 523 2048; x_wconf 83' lang='lat' dir='ltr'><strong>que</strong></span> <span class='ocrx_word' id='word_1_275' title='bbox 543 1994 572 2031; x_wconf 92' lang='lat' dir='ltr'><strong>a</strong></span> <span class='ocrx_word' id='word_1_276' title='bbox 595 1978 759 2034; x_wconf 85' lang='lat' dir='ltr'><strong>Mosis</strong></span> <span class='ocrx_word' id='word_1_277' title='bbox 782 1995 954 2048; x_wconf 87' lang='lat' dir='ltr'><strong>usque</strong></span> <span class='ocrx_word' id='word_1_278' title='bbox 988 1980 1342 2049; x_wconf 87' lang='lat' dir='ltr'><strong>temporibus,</strong></span> <span class='ocrx_word' id='word_1_279' title='bbox 1376 1981 1630 2049; x_wconf 87' lang='lat' dir='ltr'><strong>deinceps</strong></span> <span class='ocrx_word' id='word_1_280' title='bbox 1658 1996 1766 2035; x_wconf 92' lang='lat' dir='ltr'><strong>non</strong></span> <span class='ocrx_word' id='word_1_281' title='bbox 1804 1980 1955 2037; x_wconf 88' lang='lat' dir='ltr'><strong>defe-</strong></span> 
     </span>
    </p>
   </div>
   <div class='ocr_carea' id='block_1_37' title="bbox 419 2069 1951 2140">
    <p class='ocr_par' dir='ltr' id='par_1_37' title="bbox 419 2069 1951 2140">
     <span class='ocr_line' id='line_1_37' title="bbox 419 2069 1951 2140; baseline 0.001 -19"><span class='ocrx_word' id='word_1_282' title='bbox 419 2076 607 2123; x_wconf 90' lang='lat' dir='ltr'><strong>cerunt</strong></span> <span class='ocrx_word' id='word_1_283' title='bbox 640 2070 990 2136; x_wconf 85' lang='lat' dir='ltr'><strong>particulares</strong></span> <span class='ocrx_word' id='word_1_284' title='bbox 1018 2069 1231 2137; x_wconf 91' lang='lat' dir='ltr'><strong>quidem</strong></span> <span class='ocrx_word' id='word_1_285' title='bbox 1277 2070 1512 2139; x_wconf 90' lang='lat' dir='ltr'><strong>ipsorum</strong></span> <span class='ocrx_word' id='word_1_286' title='bbox 1561 2069 1829 2140; x_wconf 87' lang='lat' dir='ltr'><strong>principes</strong></span> <span class='ocrx_word' id='word_1_287' title='bbox 1859 2070 1951 2137; x_wconf 93' lang='lat' dir='ltr'><strong>qui</strong></span> 
     </span>
    </p>
   </div>
   <div class='ocr_carea' id='block_1_38' title="bbox 419 2155 1955 2233">
    <p class='ocr_par' dir='ltr' id='par_1_38' title="bbox 419 2155 1955 2233">
     <span class='ocr_line' id='line_1_38' title="bbox 419 2155 1955 2233; baseline 0.001 -23"><span class='ocrx_word' id='word_1_288' title='bbox 419 2172 484 2210; x_wconf 77' lang='lat' dir='ltr'><strong>cx</strong></span> <span class='ocrx_word' id='word_1_289' title='bbox 533 2156 783 2218; x_wconf 84' lang='lat' dir='ltr'><strong>diversis,</strong></span> <span class='ocrx_word' id='word_1_290' title='bbox 816 2165 874 2209; x_wconf 90' lang='lat' dir='ltr'><strong>ut</strong></span> <span class='ocrx_word' id='word_1_291' title='bbox 905 2155 1105 2233; x_wconf 85' lang='lat' dir='ltr'><strong>dictum</strong></span> <span class='ocrx_word' id='word_1_292' title='bbox 1133 2165 1235 2221; x_wconf 91' lang='lat' dir='ltr'><strong>est,</strong></span> <span class='ocrx_word' id='word_1_293' title='bbox 1272 2157 1538 2221; x_wconf 87' lang='lat' dir='ltr'><strong>tribubus,</strong></span> <span class='ocrx_word' id='word_1_294' title='bbox 1564 2159 1708 2228; x_wconf 80' lang='lat' dir='ltr'><strong>genti</strong></span> <span class='ocrx_word' id='word_1_295' title='bbox 1732 2158 1955 2227; x_wconf 65' lang='lat' dir='ltr'><strong>praefue-</strong></span> 
     </span>
    </p>
   </div>
   <div class='ocr_carea' id='block_1_39' title="bbox 419 2247 1953 2319">
    <p class='ocr_par' dir='ltr' id='par_1_39' title="bbox 419 2247 1953 2319">
     <span class='ocr_line' id='line_1_39' title="bbox 419 2247 1953 2319; baseline 0.001 -18"><span class='ocrx_word' id='word_1_296' title='bbox 419 2248 546 2310; x_wconf 80' lang='lat' dir='ltr'><strong>tint,</strong></span> <span class='ocrx_word' id='word_1_297' title='bbox 578 2247 734 2318; x_wconf 78' lang='lat'><strong>373</strong></span> <span class='ocrx_word' id='word_1_298' title='bbox 771 2248 826 2301; x_wconf 93' lang='lat' dir='ltr'><strong>in</strong></span> <span class='ocrx_word' id='word_1_299' title='bbox 852 2248 1165 2303; x_wconf 87' lang='lat' dir='ltr'><strong>universum</strong></span> <span class='ocrx_word' id='word_1_300' title='bbox 1218 2257 1390 2303; x_wconf 91' lang='lat' dir='ltr'><strong>autem</strong></span> <span class='ocrx_word' id='word_1_301' title='bbox 1424 2248 1747 2305; x_wconf 82' lang='lat' dir='ltr'><strong>tribusJuda</strong></span> <span class='ocrx_word' id='word_1_302' title='bbox 1772 2289 1789 2315; x_wconf 92' lang='lat'><strong>,</strong></span> <span class='ocrx_word' id='word_1_303' title='bbox 1836 2264 1953 2319; x_wconf 73' lang='lat' dir='ltr'><strong>qua:</strong></span> 
     </span>
    </p>
   </div>
   <div class='ocr_carea' id='block_1_40' title="bbox 421 2340 1951 2411">
    <p class='ocr_par' dir='ltr' id='par_1_40' title="bbox 421 2340 1951 2411">
     <span class='ocr_line' id='line_1_40' title="bbox 421 2340 1951 2411; baseline 0.001 -19"><span class='ocrx_word' id='word_1_304' title='bbox 421 2341 583 2394; x_wconf 88' lang='lat' dir='ltr'><strong>totius</strong></span> <span class='ocrx_word' id='word_1_305' title='bbox 604 2340 777 2410; x_wconf 84' lang='lat' dir='ltr'><strong>gentis</strong></span> <span class='ocrx_word' id='word_1_306' title='bbox 825 2341 1184 2409; x_wconf 85' lang='lat' dir='ltr'><strong>principatum</strong></span> <span class='ocrx_word' id='word_1_307' title='bbox 1209 2342 1462 2396; x_wconf 83' lang='lat' dir='ltr'><strong>tenuerit.</strong></span> <span class='ocrx_word' id='word_1_308' title='bbox 1488 2341 1744 2411; x_wconf 78' lang='lat' dir='ltr'><strong>Exemplo</strong></span> <span class='ocrx_word' id='word_1_309' title='bbox 1773 2347 1951 2395; x_wconf 90' lang='lat' dir='ltr'><strong>autem</strong></span> 
     </span>
    </p>
   </div>
   <div class='ocr_carea' id='block_1_41' title="bbox 422 2430 1952 2502">
    <p class='ocr_par' dir='ltr' id='par_1_41' title="bbox 422 2430 1952 2502">
     <span class='ocr_line' id='line_1_41' title="bbox 422 2430 1952 2502; baseline 0.001 -20"><span class='ocrx_word' id='word_1_310' title='bbox 422 2430 475 2483; x_wconf 86' lang='lat' dir='ltr'><strong>id</strong></span> <span class='ocrx_word' id='word_1_311' title='bbox 500 2431 642 2500; x_wconf 89' lang='lat' dir='ltr'><strong>quod</strong></span> <span class='ocrx_word' id='word_1_312' title='bbox 690 2439 821 2484; x_wconf 91' lang='lat' dir='ltr'><strong>tunc</strong></span> <span class='ocrx_word' id='word_1_313' title='bbox 850 2431 1050 2485; x_wconf 90' lang='lat' dir='ltr'><strong>dictum</strong></span> <span class='ocrx_word' id='word_1_314' title='bbox 1092 2440 1193 2491; x_wconf 86' lang='lat' dir='ltr'><strong>est.</strong></span> <span class='ocrx_word' id='word_1_315' title='bbox 1220 2433 1313 2486; x_wconf 89' lang='lat' dir='ltr'><strong>tibi</strong></span> <span class='ocrx_word' id='word_1_316' title='bbox 1344 2432 1584 2502; x_wconf 89' lang='lat' dir='ltr'><strong>apertius</strong></span> <span class='ocrx_word' id='word_1_317' title='bbox 1612 2432 1856 2502; x_wconf 83' lang='lat' dir='ltr'><strong>liquebit.</strong></span> <span class='ocrx_word' id='word_1_318' title='bbox 1885 2430 1952 2485; x_wconf 88' lang='lat' dir='ltr'><strong>Ut</strong></span> 
     </span>
    </p>
   </div>
   <div class='ocr_carea' id='block_1_42' title="bbox 422 2519 1953 2591">
    <p class='ocr_par' dir='ltr' id='par_1_42' title="bbox 422 2519 1953 2591">
     <span class='ocr_line' id='line_1_42' title="bbox 422 2519 1953 2591; baseline 0.001 -17"><span class='ocrx_word' id='word_1_319' title='bbox 422 2521 564 2574; x_wconf 78' lang='lat' dir='ltr'><strong>enim</strong></span> <span class='ocrx_word' id='word_1_320' title='bbox 602 2520 657 2575; x_wconf 92' lang='lat' dir='ltr'><strong>in</strong></span> <span class='ocrx_word' id='word_1_321' title='bbox 692 2519 932 2575; x_wconf 82' lang='lat' dir='ltr'><strong>Romano</strong></span> <span class='ocrx_word' id='word_1_322' title='bbox 972 2523 1193 2591; x_wconf 85' lang='lat' dir='ltr'><strong>imperio</strong></span> <span class='ocrx_word' id='word_1_323' title='bbox 1218 2522 1544 2591; x_wconf 87' lang='lat' dir='ltr'><strong>singularum</strong></span> <span class='ocrx_word' id='word_1_324' title='bbox 1573 2522 1806 2590; x_wconf 85' lang='lat' dir='ltr'><strong>gentium</strong></span> <span class='ocrx_word' id='word_1_325' title='bbox 1830 2536 1953 2590; x_wconf 78' lang='lat' dir='ltr'><strong>pro-</strong></span> 
     </span>
    </p>
   </div>
   <div class='ocr_carea' id='block_1_43' title="bbox 422 2611 1953 2681">
    <p class='ocr_par' dir='ltr' id='par_1_43' title="bbox 422 2611 1953 2681">
     <span class='ocr_line' id='line_1_43' title="bbox 422 2611 1953 2681; baseline 0.001 -20"><span class='ocrx_word' id='word_1_326' title='bbox 422 2620 719 2673; x_wconf 79' lang='lat' dir='ltr'><strong>curatores,</strong></span> <span class='ocrx_word' id='word_1_327' title='bbox 771 2619 823 2664; x_wconf 90' lang='lat' dir='ltr'><strong>et</strong></span> <span class='ocrx_word' id='word_1_328' title='bbox 866 2611 1120 2680; x_wconf 65' lang='lat' dir='ltr'><strong>prassides</strong></span> <span class='ocrx_word' id='word_1_329' title='bbox 1151 2622 1511 2681; x_wconf 66' lang='lat' dir='ltr'><strong>praetoresque</strong></span> <span class='ocrx_word' id='word_1_330' title='bbox 1556 2619 1609 2665; x_wconf 89' lang='lat' dir='ltr'><strong>et</strong></span> <span class='ocrx_word' id='word_1_331' title='bbox 1652 2618 1953 2665; x_wconf 91' lang='lat' dir='ltr'><strong>castrorum</strong></span> 
     </span>
    </p>
   </div>
   <div class='ocr_carea' id='block_1_44' title="bbox 425 2699 1950 2772">
    <p class='ocr_par' dir='ltr' id='par_1_44' title="bbox 425 2699 1950 2772">
     <span class='ocr_line' id='line_1_44' title="bbox 425 2699 1950 2772; baseline 0.004 -22"><span class='ocrx_word' id='word_1_332' title='bbox 425 2699 679 2766; x_wconf 66' lang='lat' dir='ltr'><strong>praefecti,</strong></span> <span class='ocrx_word' id='word_1_333' title='bbox 722 2709 774 2755; x_wconf 87' lang='lat' dir='ltr'><strong>et</strong></span> <span class='ocrx_word' id='word_1_334' title='bbox 811 2703 904 2772; x_wconf 90' lang='lat' dir='ltr'><strong>qui</strong></span> <span class='ocrx_word' id='word_1_335' title='bbox 951 2716 1137 2756; x_wconf 88' lang='lat' dir='ltr'><strong>omnes</strong></span> <span class='ocrx_word' id='word_1_336' title='bbox 1169 2703 1427 2771; x_wconf 75' lang='lat' dir='ltr'><strong>dignitate</strong></span> <span class='ocrx_word' id='word_1_337' title='bbox 1473 2710 1745 2767; x_wconf 91' lang='lat' dir='ltr'><strong>anteeunt,</strong></span> <span class='ocrx_word' id='word_1_338' title='bbox 1776 2717 1950 2771; x_wconf 81' lang='lat' dir='ltr'><strong>reges,</strong></span> 
     </span>
    </p>
   </div>
   <div class='ocr_carea' id='block_1_45' title="bbox 425 2788 1954 2858">
    <p class='ocr_par' dir='ltr' id='par_1_45' title="bbox 425 2788 1954 2858">
     <span class='ocr_line' id='line_1_45' title="bbox 425 2788 1954 2858; baseline 0.003 -20"><span class='ocrx_word' id='word_1_339' title='bbox 425 2801 531 2839; x_wconf 90' lang='lat' dir='ltr'><strong>non</strong></span> <span class='ocrx_word' id='word_1_340' title='bbox 556 2790 772 2842; x_wconf 92' lang='lat' dir='ltr'><strong>omnino</strong></span> <span class='ocrx_word' id='word_1_341' title='bbox 801 2804 986 2843; x_wconf 90' lang='lat' dir='ltr'><strong>omnes</strong></span> <span class='ocrx_word' id='word_1_342' title='bbox 1011 2788 1077 2844; x_wconf 89' lang='lat' dir='ltr'><strong>de</strong></span> <span class='ocrx_word' id='word_1_343' title='bbox 1104 2789 1219 2858; x_wconf 83' lang='lat' dir='ltr'><strong>ipsa</strong></span> <span class='ocrx_word' id='word_1_344' title='bbox 1244 2788 1480 2842; x_wconf 77' lang='lat' dir='ltr'><strong>Romana</strong></span> <span class='ocrx_word' id='word_1_345' title='bbox 1513 2788 1640 2843; x_wconf 89' lang='lat' dir='ltr'><strong>urbe</strong></span> <span class='ocrx_word' id='word_1_346' title='bbox 1668 2790 1954 2857; x_wconf 89' lang='lat' dir='ltr'><strong>capiuntur</strong></span> 
     </span>
    </p>
   </div>
   <div class='ocr_carea' id='block_1_46' title="bbox 426 2878 1954 2949">
    <p class='ocr_par' dir='ltr' id='par_1_46' title="bbox 426 2878 1954 2949">
     <span class='ocr_line' id='line_1_46' title="bbox 426 2878 1954 2949; baseline 0.005 -21"><span class='ocrx_word' id='word_1_347' title='bbox 426 2890 596 2945; x_wconf 88' lang='lat' dir='ltr'><strong>neque</strong></span> <span class='ocrx_word' id='word_1_348' title='bbox 619 2878 682 2933; x_wconf 88' lang='lat' dir='ltr'><strong>de</strong></span> <span class='ocrx_word' id='word_1_349' title='bbox 706 2878 855 2933; x_wconf 80' lang='lat' dir='ltr'><strong>Remi</strong></span> <span class='ocrx_word' id='word_1_350' title='bbox 886 2880 997 2934; x_wconf 84' lang='lat' dir='ltr'><strong>sive</strong></span> <span class='ocrx_word' id='word_1_351' title='bbox 1019 2878 1228 2933; x_wconf 77' lang='lat' dir='ltr'><strong>Romuli</strong></span> <span class='ocrx_word' id='word_1_352' title='bbox 1256 2895 1467 2949; x_wconf 79' lang='lat' dir='ltr'><strong>genere,</strong></span> <span class='ocrx_word' id='word_1_353' title='bbox 1496 2878 1589 2934; x_wconf 89' lang='lat' dir='ltr'><strong>sed</strong></span> <span class='ocrx_word' id='word_1_354' title='bbox 1614 2896 1680 2935; x_wconf 77' lang='lat' dir='ltr'><strong>ex</strong></span> <span class='ocrx_word' id='word_1_355' title='bbox 1707 2881 1954 2936; x_wconf 90' lang='lat' dir='ltr'><strong>innume-</strong></span> 
     </span>
    </p>
   </div>
   <div class='ocr_carea' id='block_1_47' title="bbox 426 2968 1953 3034">
    <p class='ocr_par' dir='ltr' id='par_1_47' title="bbox 426 2968 1953 3034">
     <span class='ocr_line' id='line_1_47' title="bbox 426 2968 1953 3034; baseline 0.003 -15"><span class='ocrx_word' id='word_1_356' title='bbox 426 2968 704 3034; x_wconf 87' lang='lat' dir='ltr'><strong>rabilibus,</strong></span> <span class='ocrx_word' id='word_1_357' title='bbox 735 2971 871 3026; x_wconf 92' lang='lat' dir='ltr'><strong>alius</strong></span> <span class='ocrx_word' id='word_1_358' title='bbox 917 2970 1151 3034; x_wconf 86' lang='lat' dir='ltr'><strong>aliunde,</strong></span> <span class='ocrx_word' id='word_1_359' title='bbox 1190 2969 1520 3032; x_wconf 88' lang='lat' dir='ltr'><strong>nationibus,</strong></span> <span class='ocrx_word' id='word_1_360' title='bbox 1552 2984 1737 3024; x_wconf 89' lang='lat' dir='ltr'><strong>omnes</strong></span> <span class='ocrx_word' id='word_1_361' title='bbox 1779 2978 1953 3024; x_wconf 86' lang='lat' dir='ltr'><strong>tamen</strong></span> 
     </span>
    </p>
   </div>
   <div class='ocr_carea' id='block_1_48' title="bbox 429 3060 1949 3131">
    <p class='ocr_par' dir='ltr' id='par_1_48' title="bbox 429 3060 1949 3131">
     <span class='ocr_line' id='line_1_48' title="bbox 429 3060 1949 3131; baseline 0.004 -21"><span class='ocrx_word' id='word_1_362' title='bbox 429 3065 482 3111; x_wconf 89' lang='lat' dir='ltr'><strong>et</strong></span> <span class='ocrx_word' id='word_1_363' title='bbox 510 3072 660 3128; x_wconf 86' lang='lat' dir='ltr'><strong>reges</strong></span> <span class='ocrx_word' id='word_1_364' title='bbox 697 3068 750 3115; x_wconf 92' lang='lat' dir='ltr'><strong>et</strong></span> <span class='ocrx_word' id='word_1_365' title='bbox 780 3062 869 3130; x_wconf 89' lang='lat' dir='ltr'><strong>qui</strong></span> <span class='ocrx_word' id='word_1_366' title='bbox 913 3068 1033 3130; x_wconf 91' lang='lat' dir='ltr'><strong>post</strong></span> <span class='ocrx_word' id='word_1_367' title='bbox 1069 3062 1214 3129; x_wconf 90' lang='lat' dir='ltr'><strong>ipsos</strong></span> <span class='ocrx_word' id='word_1_368' title='bbox 1255 3060 1491 3115; x_wconf 90' lang='lat' dir='ltr'><strong>secundo</strong></span> <span class='ocrx_word' id='word_1_369' title='bbox 1515 3061 1634 3115; x_wconf 90' lang='lat' dir='ltr'><strong>loco</strong></span> <span class='ocrx_word' id='word_1_370' title='bbox 1658 3061 1949 3131; x_wconf 89' lang='lat' dir='ltr'><strong>principes,</strong></span> 
     </span>
    </p>
   </div>
   <div class='ocr_carea' id='block_1_49' title="bbox 2050 1877 3691 1952">
    <p class='ocr_par' dir='ltr' id='par_1_49' title="bbox 2050 1877 3691 1952">
     <span class='ocr_line' id='line_1_49' title="bbox 2050 1877 3691 1952; baseline 0.003 -22"><span class='ocrx_word' id='word_1_371' title='bbox 2050 1877 2249 1942; x_wconf 81' lang='grc' dir='ltr'>ἔθνους.</span> <span class='ocrx_word' id='word_1_372' title='bbox 2279 1880 2682 1950; x_wconf 85' lang='grc' dir='ltr'>Παραδείγματι</span> <span class='ocrx_word' id='word_1_373' title='bbox 2713 1880 2772 1933; x_wconf 82' lang='grc' dir='ltr'>δὲ</span> <span class='ocrx_word' id='word_1_374' title='bbox 2806 1879 3125 1951; x_wconf 81' lang='grc' dir='ltr'>καταδέξῃ</span> <span class='ocrx_word' id='word_1_375' title='bbox 3151 1878 3229 1933; x_wconf 83' lang='grc' dir='ltr'>τὸ</span> <span class='ocrx_word' id='word_1_376' title='bbox 3252 1880 3587 1952; x_wconf 71' lang='grc' dir='ltr'><strong>εἰρημένον.</strong></span> <span class='ocrx_word' id='word_1_377' title='bbox 3624 1883 3691 1944; x_wconf 79' lang='grc' dir='ltr'><strong>Ὠς</strong></span> 
     </span>
    </p>
   </div>
   <div class='ocr_carea' id='block_1_50' title="bbox 2054 1968 3691 2040">
    <p class='ocr_par' dir='ltr' id='par_1_50' title="bbox 2054 1968 3691 2040">
     <span class='ocr_line' id='line_1_50' title="bbox 2054 1968 3691 2040; baseline 0.002 -20"><span class='ocrx_word' id='word_1_378' title='bbox 2054 1968 2161 2037; x_wconf 83' lang='grc' dir='ltr'><strong>γάρ</strong></span> <span class='ocrx_word' id='word_1_379' title='bbox 2196 1968 2285 2021; x_wconf 79' lang='grc' dir='ltr'><strong>ἐπὶ</strong></span> <span class='ocrx_word' id='word_1_380' title='bbox 2299 1968 2395 2036; x_wconf 83' lang='grc' dir='ltr'>τῆς</span> <span class='ocrx_word' id='word_1_381' title='bbox 2434 1970 2714 2039; x_wconf 87' lang='grc' dir='ltr'>Ῥωμαίων</span> <span class='ocrx_word' id='word_1_382' title='bbox 2748 1971 2944 2040; x_wconf 80' lang='grc' dir='ltr'>ἀρχῆς</span> <span class='ocrx_word' id='word_1_383' title='bbox 2981 1972 3040 2022; x_wconf 89' lang='grc' dir='ltr'>οἱ</span> <span class='ocrx_word' id='word_1_384' title='bbox 3076 1971 3199 2040; x_wconf 79' lang='grc' dir='ltr'>μὲν</span> <span class='ocrx_word' id='word_1_385' title='bbox 3234 1971 3378 2024; x_wconf 80' lang='grc' dir='ltr'>κατ’</span> <span class='ocrx_word' id='word_1_386' title='bbox 3415 1971 3572 2033; x_wconf 88' lang='grc' dir='ltr'>ἔθνος</span> <span class='ocrx_word' id='word_1_387' title='bbox 3593 1973 3691 2024; x_wconf 77' lang='grc' dir='ltr'>ἐπί-</span> 
     </span>
    </p>
   </div>
   <div class='ocr_carea' id='block_1_51' title="bbox 2047 2058 3691 2135">
    <p class='ocr_par' dir='ltr' id='par_1_51' title="bbox 2047 2058 3691 2135">
     <span class='ocr_line' id='line_1_51' title="bbox 2047 2058 3691 2135; baseline 0.005 -25"><span class='ocrx_word' id='word_1_388' title='bbox 2047 2058 2234 2129; x_wconf 91' lang='grc' dir='ltr'>τροποί</span> <span class='ocrx_word' id='word_1_389' title='bbox 2270 2075 2328 2111; x_wconf 84' lang='grc' dir='ltr'><strong>τε</strong></span> <span class='ocrx_word' id='word_1_390' title='bbox 2361 2060 2452 2111; x_wconf 80' lang='grc' dir='ltr'>καὶ</span> <span class='ocrx_word' id='word_1_391' title='bbox 2490 2060 2782 2130; x_wconf 75' lang='grc' dir='ltr'>ἡγούμενοι</span> <span class='ocrx_word' id='word_1_392' title='bbox 2802 2099 2819 2123; x_wconf 93' lang='grc'><strong>,</strong></span> <span class='ocrx_word' id='word_1_393' title='bbox 2853 2060 3129 2132; x_wconf 83' lang='grc' dir='ltr'>ἔπαρχοί</span> <span class='ocrx_word' id='word_1_394' title='bbox 3160 2079 3235 2114; x_wconf 87' lang='grc' dir='ltr'><strong>τε</strong></span> <span class='ocrx_word' id='word_1_395' title='bbox 3271 2064 3380 2116; x_wconf 78' lang='grc' dir='ltr'><strong>καὶ</strong></span> <span class='ocrx_word' id='word_1_396' title='bbox 3416 2079 3691 2135; x_wconf 81' lang='grc' dir='ltr'>στρατοπε-</span> 
     </span>
    </p>
   </div>
   <div class='ocr_carea' id='block_1_52' title="bbox 2048 2147 3690 2221">
    <p class='ocr_par' dir='ltr' id='par_1_52' title="bbox 2048 2147 3690 2221">
     <span class='ocr_line' id='line_1_52' title="bbox 2048 2147 3690 2221; baseline 0.005 -22"><span class='ocrx_word' id='word_1_397' title='bbox 2048 2147 2236 2219; x_wconf 86' lang='grc' dir='ltr'>δάρχαι</span> <span class='ocrx_word' id='word_1_398' title='bbox 2256 2186 2271 2210; x_wconf 93' lang='grc'><strong>,</strong></span> <span class='ocrx_word' id='word_1_399' title='bbox 2303 2149 2356 2201; x_wconf 89' lang='grc' dir='ltr'><strong>οῖ</strong></span> <span class='ocrx_word' id='word_1_400' title='bbox 2394 2165 2453 2201; x_wconf 89' lang='grc' dir='ltr'><strong>τε</strong></span> <span class='ocrx_word' id='word_1_401' title='bbox 2488 2150 2699 2203; x_wconf 87' lang='grc' dir='ltr'>πάντων</span> <span class='ocrx_word' id='word_1_402' title='bbox 2741 2151 3042 2205; x_wconf 82' lang='grc' dir='ltr'>ἀνωτάτω</span> <span class='ocrx_word' id='word_1_403' title='bbox 3073 2152 3364 2221; x_wconf 80' lang='grc' dir='ltr'>βασιλεῖς</span> <span class='ocrx_word' id='word_1_404' title='bbox 3383 2192 3400 2216; x_wconf 89' lang='grc'><strong>,</strong></span> <span class='ocrx_word' id='word_1_405' title='bbox 3430 2156 3496 2206; x_wconf 78' lang='grc' dir='ltr'><strong>οὺ</strong></span> <span class='ocrx_word' id='word_1_406' title='bbox 3520 2155 3690 2216; x_wconf 82' lang='grc' dir='ltr'>πάντες</span> 
     </span>
    </p>
   </div>
   <div class='ocr_carea' id='block_1_53' title="bbox 2050 2239 3689 2313">
    <p class='ocr_par' dir='ltr' id='par_1_53' title="bbox 2050 2239 3689 2313">
     <span class='ocr_line' id='line_1_53' title="bbox 2050 2239 3689 2313; baseline 0.007 -22"><span class='ocrx_word' id='word_1_407' title='bbox 2050 2242 2111 2292; x_wconf 85' lang='grc' dir='ltr'><strong>ἐκ</strong></span> <span class='ocrx_word' id='word_1_408' title='bbox 2142 2240 2246 2293; x_wconf 84' lang='grc' dir='ltr'>τῶν</span> <span class='ocrx_word' id='word_1_409' title='bbox 2299 2239 2575 2311; x_wconf 86' lang='grc' dir='ltr'>Ῥωμαίων</span> <span class='ocrx_word' id='word_1_410' title='bbox 2618 2241 2910 2313; x_wconf 85' lang='grc' dir='ltr'>ὁρμῶνται</span> <span class='ocrx_word' id='word_1_411' title='bbox 2964 2244 3219 2309; x_wconf 85' lang='grc' dir='ltr'>πόλεως</span> <span class='ocrx_word' id='word_1_412' title='bbox 3245 2285 3264 2311; x_wconf 90' lang='grc'><strong>,</strong></span> <span class='ocrx_word' id='word_1_413' title='bbox 3309 2246 3445 2300; x_wconf 74' lang='grc' dir='ltr'>οὐδε</span> <span class='ocrx_word' id='word_1_414' title='bbox 3492 2247 3594 2301; x_wconf 80' lang='grc' dir='ltr'><strong>άπὺ</strong></span> <span class='ocrx_word' id='word_1_415' title='bbox 3616 2246 3689 2302; x_wconf 80' lang='grc' dir='ltr'><strong>τοῦ</strong></span> 
     </span>
    </p>
   </div>
   <div class='ocr_carea' id='block_1_54' title="bbox 2062 2329 3689 2409">
    <p class='ocr_par' dir='ltr' id='par_1_54' title="bbox 2062 2329 3689 2409">
     <span class='ocr_line' id='line_1_54' title="bbox 2062 2329 3689 2409; baseline 0.006 -28"><span class='ocrx_word' id='word_1_416' title='bbox 2062 2329 2267 2400; x_wconf 82' lang='grc' dir='ltr'>Ῥώμου</span> <span class='ocrx_word' id='word_1_417' title='bbox 2299 2332 2391 2384; x_wconf 80' lang='grc' dir='ltr'><strong>καὶ</strong></span> <span class='ocrx_word' id='word_1_418' title='bbox 2426 2332 2701 2401; x_wconf 84' lang='grc' dir='ltr'><strong>Ῥωμύλου</strong></span> <span class='ocrx_word' id='word_1_419' title='bbox 2732 2336 2989 2404; x_wconf 71' lang='grc' dir='ltr'>σπορᾶς,</span> <span class='ocrx_word' id='word_1_420' title='bbox 3011 2336 3149 2390; x_wconf 82' lang='grc' dir='ltr'><strong>ἀλλ’</strong></span> <span class='ocrx_word' id='word_1_421' title='bbox 3184 2339 3262 2391; x_wconf 83' lang='grc' dir='ltr'><strong>ἐκ</strong></span> <span class='ocrx_word' id='word_1_422' title='bbox 3284 2340 3537 2409; x_wconf 76' lang='grc' dir='ltr'>μυρίων,</span> 
     </span>
    </p>
   </div>
   <div class='ocr_carea' id='block_1_55' title="bbox 2049 2419 3688 2499">
    <p class='ocr_par' dir='ltr' id='par_1_55' title="bbox 2049 2419 3688 2499">
     <span class='ocr_line' id='line_1_55' title="bbox 2049 2419 3688 2499; baseline 0.007 -28"><span class='ocrx_word' id='word_1_423' title='bbox 2049 2419 2293 2487; x_wconf 78' lang='grc' dir='ltr'>ἄλλοθεν,</span> <span class='ocrx_word' id='word_1_424' title='bbox 2325 2421 2510 2484; x_wconf 80' lang='grc' dir='ltr'>ἐθνῶν,</span> <span class='ocrx_word' id='word_1_425' title='bbox 2543 2424 2691 2492; x_wconf 82' lang='grc' dir='ltr'>ὅμως</span> <span class='ocrx_word' id='word_1_426' title='bbox 2715 2425 2774 2477; x_wconf 86' lang='grc' dir='ltr'>δὲ</span> <span class='ocrx_word' id='word_1_427' title='bbox 2808 2428 2860 2478; x_wconf 84' lang='grc' dir='ltr'><strong>οἱ</strong></span> <span class='ocrx_word' id='word_1_428' title='bbox 2901 2428 3148 2492; x_wconf 82' lang='grc' dir='ltr'>πάντες</span> <span class='ocrx_word' id='word_1_429' title='bbox 3189 2429 3462 2499; x_wconf 81' lang='grc' dir='ltr'>βασιλεῖς</span> <span class='ocrx_word' id='word_1_430' title='bbox 3499 2448 3586 2498; x_wconf 85' lang='grc' dir='ltr'><strong>τε,</strong></span> <span class='ocrx_word' id='word_1_431' title='bbox 3619 2432 3688 2484; x_wconf 72' lang='grc' dir='ltr'>καὶ</span> 
     </span>
    </p>
   </div>
   <div class='ocr_carea' id='block_1_56' title="bbox 2049 2508 3687 2589">
    <p class='ocr_par' dir='ltr' id='par_1_56' title="bbox 2049 2508 3687 2589">
     <span class='ocr_line' id='line_1_56' title="bbox 2049 2508 3687 2589; baseline 0.009 -31"><span class='ocrx_word' id='word_1_432' title='bbox 2049 2509 2095 2559; x_wconf 82' lang='lat' dir='ltr'><strong>oi</strong></span> <span class='ocrx_word' id='word_1_433' title='bbox 2129 2508 2242 2576; x_wconf 85' lang='grc' dir='ltr'>μετ’</span> <span class='ocrx_word' id='word_1_434' title='bbox 2267 2508 2459 2568; x_wconf 76' lang='grc' dir='ltr'>αὐτοὺς</span> <span class='ocrx_word' id='word_1_435' title='bbox 2472 2509 2732 2580; x_wconf 82' lang='grc' dir='ltr'>ἄρχοντες</span> <span class='ocrx_word' id='word_1_436' title='bbox 2760 2512 2862 2564; x_wconf 74' lang='grc' dir='ltr'><strong>καὶ</strong></span> <span class='ocrx_word' id='word_1_437' title='bbox 2880 2514 3240 2584; x_wconf 76' lang='grc' dir='ltr'>ἡγούμενοι</span> <span class='ocrx_word' id='word_1_438' title='bbox 3265 2517 3390 2571; x_wconf 84' lang='grc' dir='ltr'>τῶν</span> <span class='ocrx_word' id='word_1_439' title='bbox 3431 2519 3687 2589; x_wconf 79' lang='grc' dir='ltr'>Ῥωμαίων</span> 
     </span>
    </p>
   </div>
   <div class='ocr_carea' id='block_1_57' title="bbox 2049 2596 3688 2680">
    <p class='ocr_par' dir='ltr' id='par_1_57' title="bbox 2049 2596 3688 2680">
     <span class='ocr_line' id='line_1_57' title="bbox 2049 2596 3688 2680; baseline 0.01 -33"><span class='ocrx_word' id='word_1_440' title='bbox 2049 2596 2434 2666; x_wconf 77' lang='grc' dir='ltr'>ἐπιγράφονται</span> <span class='ocrx_word' id='word_1_441' title='bbox 2466 2601 2876 2670; x_wconf 77' lang='grc' dir='ltr'>προσηγορίαν,</span> <span class='ocrx_word' id='word_1_442' title='bbox 2936 2602 3291 2676; x_wconf 79' lang='grc' dir='ltr'>Ῥωμαίων</span> <span class='ocrx_word' id='word_1_443' title='bbox 3326 2624 3397 2661; x_wconf 86' lang='grc' dir='ltr'><strong>τε</strong></span> <span class='ocrx_word' id='word_1_444' title='bbox 3429 2609 3494 2662; x_wconf 81' lang='grc' dir='ltr'>τὸ</span> <span class='ocrx_word' id='word_1_445' title='bbox 3522 2610 3688 2680; x_wconf 76' lang='grc' dir='ltr'>κράτος</span> 
     </span>
    </p>
   </div>
   <div class='ocr_carea' id='block_1_58' title="bbox 2051 2687 3687 2770">
    <p class='ocr_par' dir='ltr' id='par_1_58' title="bbox 2051 2687 3687 2770">
     <span class='ocr_line' id='line_1_58' title="bbox 2051 2687 3687 2770; baseline 0.011 -33"><span class='ocrx_word' id='word_1_446' title='bbox 2051 2687 2442 2756; x_wconf 84' lang='grc' dir='ltr'>ἐπωνόμασται,</span> <span class='ocrx_word' id='word_1_447' title='bbox 2477 2689 2572 2741; x_wconf 73' lang='grc' dir='ltr'><strong>καὶ</strong></span> <span class='ocrx_word' id='word_1_448' title='bbox 2599 2690 2809 2762; x_wconf 85' lang='grc' dir='ltr'>ταύτης</span> <span class='ocrx_word' id='word_1_449' title='bbox 2839 2692 3122 2765; x_wconf 77' lang='grc' dir='ltr'>ἐξῆπται</span> <span class='ocrx_word' id='word_1_450' title='bbox 3149 2698 3273 2767; x_wconf 81' lang='grc' dir='ltr'>τῆς</span> <span class='ocrx_word' id='word_1_451' title='bbox 3323 2701 3638 2770; x_wconf 78' lang='grc' dir='ltr'>ἐπωνυμίας</span> <span class='ocrx_word' id='word_1_452' title='bbox 3662 2702 3687 2767; x_wconf 80' lang='grc' dir='ltr'>ἡ</span> 
     </span>
    </p>
   </div>
   <div class='ocr_carea' id='block_1_59' title="bbox 2050 2775 3687 2862">
    <p class='ocr_par' dir='ltr' id='par_1_59' title="bbox 2050 2775 3687 2862">
     <span class='ocr_line' id='line_1_59' title="bbox 2050 2775 3687 2862; baseline 0.012 -37"><span class='ocrx_word' id='word_1_453' title='bbox 2050 2775 2165 2862; x_wconf 67' lang='grc' dir='ltr'>καθ’</span> <span class='ocrx_word' id='word_1_454' title='bbox 2202 2776 2477 2847; x_wconf 77' lang='grc' dir='ltr'>Ἐϐραίους</span> <span class='ocrx_word' id='word_1_455' title='bbox 2504 2782 2607 2852; x_wconf 87' lang='grc' dir='ltr'><strong>χρὴ</strong></span> <span class='ocrx_word' id='word_1_456' title='bbox 2632 2785 2777 2835; x_wconf 85' lang='grc' dir='ltr'>νοεῖν</span> <span class='ocrx_word' id='word_1_457' title='bbox 2814 2787 3223 2856; x_wconf 82' lang='grc' dir='ltr'>πραγμάτων</span> <span class='ocrx_word' id='word_1_458' title='bbox 3250 2806 3270 2822; x_wconf 72' lang='grc'><strong><em>⁸</em></strong></span> <span class='ocrx_word' id='word_1_459' title='bbox 3314 2792 3459 2860; x_wconf 79' lang='grc' dir='ltr'>μιᾶς</span> <span class='ocrx_word' id='word_1_460' title='bbox 3494 2792 3587 2862; x_wconf 78' lang='grc' dir='ltr'>μὲν</span> <span class='ocrx_word' id='word_1_461' title='bbox 3612 2807 3687 2844; x_wconf 80' lang='grc' dir='ltr'>κα-</span> 
     </span>
    </p>
   </div>
   <div class='ocr_carea' id='block_1_60' title="bbox 2051 2860 3687 2943">
    <p class='ocr_par' dir='ltr' id='par_1_60' title="bbox 2051 2860 3687 2943">
     <span class='ocr_line' id='line_1_60' title="bbox 2051 2860 3687 2943; baseline 0.015 -31"><span class='ocrx_word' id='word_1_462' title='bbox 2051 2860 2201 2913; x_wconf 81' lang='grc' dir='ltr'>θόλου</span> <span class='ocrx_word' id='word_1_463' title='bbox 2235 2863 2331 2932; x_wconf 79' lang='grc' dir='ltr'>τῆς</span> <span class='ocrx_word' id='word_1_464' title='bbox 2365 2864 2458 2916; x_wconf 79' lang='grc' dir='ltr'>τοῦ</span> <span class='ocrx_word' id='word_1_465' title='bbox 2498 2866 2666 2921; x_wconf 80' lang='grc' dir='ltr'>Ἰούδα</span> <span class='ocrx_word' id='word_1_466' title='bbox 2706 2868 2891 2939; x_wconf 82' lang='grc' dir='ltr'>φυλῆς</span> <span class='ocrx_word' id='word_1_467' title='bbox 2925 2874 3102 2928; x_wconf 78' lang='grc' dir='ltr'>κατὰ</span> <span class='ocrx_word' id='word_1_468' title='bbox 3141 2876 3254 2930; x_wconf 80' lang='grc' dir='ltr'><strong>τοῦ</strong></span> <span class='ocrx_word' id='word_1_469' title='bbox 3291 2860 3510 2943; x_wconf 78' lang='grc' dir='ltr'>παντὸς</span> <span class='ocrx_word' id='word_1_470' title='bbox 3536 2881 3687 2942; x_wconf 66' lang='grc' dir='ltr'>ἔθνους</span> 
     </span>
    </p>
   </div>
   <div class='ocr_carea' id='block_1_61' title="bbox 2050 2952 3687 3042">
    <p class='ocr_par' dir='ltr' id='par_1_61' title="bbox 2050 2952 3687 3042">
     <span class='ocr_line' id='line_1_61' title="bbox 2050 2952 3687 3042; baseline 0.013 -41"><span class='ocrx_word' id='word_1_471' title='bbox 2050 2952 2579 3042; x_wconf 12' lang='grc' dir='ltr'>ἐπᾼιπεφημισμὲνης,</span> <span class='ocrx_word' id='word_1_472' title='bbox 2612 2956 2723 3010; x_wconf 78' lang='grc' dir='ltr'>τῶν</span> <span class='ocrx_word' id='word_1_473' title='bbox 2748 2958 2810 3011; x_wconf 78' lang='grc' dir='ltr'>δὲ</span> <span class='ocrx_word' id='word_1_474' title='bbox 2844 2962 3011 3015; x_wconf 82' lang='grc' dir='ltr'>κατὰ</span> <span class='ocrx_word' id='word_1_475' title='bbox 3067 2967 3272 3038; x_wconf 83' lang='grc' dir='ltr'>μέρος</span> <span class='ocrx_word' id='word_1_476' title='bbox 3295 2970 3620 3042; x_wconf 68' lang='grc' dir='ltr'>ἡγουμένων</span> <span class='ocrx_word' id='word_1_477' title='bbox 3643 2987 3687 3022; x_wconf 81' lang='grc' dir='ltr'><strong>τε</strong></span> 
     </span>
    </p>
   </div>
   <div class='ocr_carea' id='block_1_62' title="bbox 2053 3039 3693 3133">
    <p class='ocr_par' dir='ltr' id='par_1_62' title="bbox 2053 3039 3693 3133">
     <span class='ocr_line' id='line_1_62' title="bbox 2053 3039 3693 3133; baseline 0.012 -42"><span class='ocrx_word' id='word_1_478' title='bbox 2053 3040 2146 3092; x_wconf 70' lang='grc' dir='ltr'><strong>καὶ</strong></span> <span class='ocrx_word' id='word_1_479' title='bbox 2173 3039 2430 3108; x_wconf 80' lang='grc' dir='ltr'>βασιλέων</span> <span class='ocrx_word' id='word_1_480' title='bbox 2459 3043 2525 3094; x_wconf 89' lang='grc' dir='ltr'><strong>ἐκ</strong></span> <span class='ocrx_word' id='word_1_481' title='bbox 2553 3043 2831 3116; x_wconf 76' lang='grc' dir='ltr'>διαφόρων</span> <span class='ocrx_word' id='word_1_482' title='bbox 2862 3039 3367 3125; x_wconf 78' lang='grc' dir='ltr'>καθισταμένων</span> <span class='ocrx_word' id='word_1_483' title='bbox 3399 3039 3693 3133; x_wconf 51' lang='grc' dir='ltr'><strong>φυλῶναατ</strong></span> 
     </span>
    </p>
   </div>
   <div class='ocr_carea' id='block_1_63' title="bbox 354 3128 1831 3222">
    <p class='ocr_par' dir='ltr' id='par_1_63' title="bbox 354 3128 1831 3219">
     <span class='ocr_line' id='line_1_63' title="bbox 354 3128 1831 3219; baseline 0.004 -22"><span class='ocrx_word' id='word_1_484' title='bbox 354 3166 357 3169; x_wconf 56' lang='grc' dir='ltr'>λ</span> <span class='ocrx_word' id='word_1_485' title='bbox 431 3128 1144 3219; x_wconf 24' lang='grc' dir='ltr'>ρνιοείᾱεείιυοῄιιοίιοηῑυιί,</span> <span class='ocrx_word' id='word_1_486' title='bbox 1193 3148 1558 3203; x_wconf 83' lang='lat' dir='ltr'><strong>Romanorum</strong></span> <span class='ocrx_word' id='word_1_487' title='bbox 1606 3128 1831 3219; x_wconf 81' lang='lat' dir='ltr'><strong>appellat</strong></span> 
     </span>
    </p>
   </div>
   <div class='ocr_carea' id='block_1_64' title="bbox 2210 3128 3687 3222">
    <p class='ocr_par' dir='ltr' id='par_1_64' title="bbox 2239 3128 3687 3222">
     <span class='ocr_line' id='line_1_64' title="bbox 2239 3128 3687 3222; baseline 0.003 -38"><span class='ocrx_word' id='word_1_488' title='bbox 2239 3132 2296 3184; x_wconf 83' lang='grc' dir='ltr'>δὲ</span> <span class='ocrx_word' id='word_1_489' title='bbox 2320 3134 2385 3201; x_wconf 78' lang='grc' dir='ltr'>τῇ</span> <span class='ocrx_word' id='word_1_490' title='bbox 2415 3131 2510 3185; x_wconf 83' lang='grc' dir='ltr'>τοῦ</span> <span class='ocrx_word' id='word_1_491' title='bbox 2556 3133 2727 3186; x_wconf 85' lang='grc' dir='ltr'><strong>Ἰούδα</strong></span> <span class='ocrx_word' id='word_1_492' title='bbox 2760 3141 3148 3209; x_wconf 71' lang='grc' dir='ltr'>τιμωμένων</span> <span class='ocrx_word' id='word_1_493' title='bbox 3188 3151 3577 3222; x_wconf 63' lang='grc' dir='ltr'>προσηγορίᾳ,</span> <span class='ocrx_word' id='word_1_494' title='bbox 3611 3128 3687 3203; x_wconf 60' lang='lat' dir='ltr'><strong>Ag.</strong></span> 
     </span>
    </p>
   </div>
   <div class='ocr_carea' id='block_1_65' title="bbox 428 3241 1951 3311">
    <p class='ocr_par' dir='ltr' id='par_1_65' title="bbox 428 3241 1951 3311">
     <span class='ocr_line' id='line_1_65' title="bbox 428 3241 1951 3311; baseline 0.003 -20"><span class='ocrx_word' id='word_1_495' title='bbox 428 3248 699 3307; x_wconf 89' lang='lat' dir='ltr'><strong>notantur,</strong></span> <span class='ocrx_word' id='word_1_496' title='bbox 732 3253 784 3297; x_wconf 89' lang='lat' dir='ltr'><strong>et</strong></span> <span class='ocrx_word' id='word_1_497' title='bbox 816 3241 1178 3297; x_wconf 81' lang='lat' dir='ltr'><strong>Romanorum</strong></span> <span class='ocrx_word' id='word_1_498' title='bbox 1209 3242 1587 3298; x_wconf 82' lang='lat' dir='ltr'><strong>denontinatur</strong></span> <span class='ocrx_word' id='word_1_499' title='bbox 1647 3242 1951 3311; x_wconf 89' lang='lat' dir='ltr'><strong>imperium,</strong></span> 
     </span>
    </p>
   </div>
   <div class='ocr_carea' id='block_1_66' title="bbox 428 3332 1958 3395">
    <p class='ocr_par' dir='ltr' id='par_1_66' title="bbox 428 3332 1958 3395">
     <span class='ocr_line' id='line_1_66' title="bbox 428 3332 1958 3395; baseline 0.002 -14"><span class='ocrx_word' id='word_1_500' title='bbox 428 3337 481 3382; x_wconf 87' lang='lat' dir='ltr'><strong>et</strong></span> <span class='ocrx_word' id='word_1_501' title='bbox 517 3344 631 3395; x_wconf 87' lang='lat' dir='ltr'><strong>eam</strong></span> <span class='ocrx_word' id='word_1_502' title='bbox 681 3332 1164 3387; x_wconf 87' lang='lat' dir='ltr'><strong>denominationem</strong></span> <span class='ocrx_word' id='word_1_503' title='bbox 1206 3332 1261 3385; x_wconf 92' lang='lat' dir='ltr'><strong>in</strong></span> <span class='ocrx_word' id='word_1_504' title='bbox 1284 3334 1592 3386; x_wconf 88' lang='lat' dir='ltr'><strong>universum</strong></span> <span class='ocrx_word' id='word_1_505' title='bbox 1622 3345 1808 3386; x_wconf 90' lang='lat' dir='ltr'><strong>omnes</strong></span> <span class='ocrx_word' id='word_1_506' title='bbox 1844 3347 1958 3385; x_wconf 89' lang='lat' dir='ltr'><strong>ma-</strong></span> 
     </span>
    </p>
   </div>
   <div class='ocr_carea' id='block_1_67' title="bbox 429 3419 1956 3493">
    <p class='ocr_par' dir='ltr' id='par_1_67' title="bbox 429 3419 1956 3493">
     <span class='ocr_line' id='line_1_67' title="bbox 429 3419 1956 3493; baseline 0.001 -22"><span class='ocrx_word' id='word_1_507' title='bbox 429 3419 681 3488; x_wconf 74' lang='lat' dir='ltr'><strong>gistratus</strong></span> <span class='ocrx_word' id='word_1_508' title='bbox 707 3425 971 3493; x_wconf 86' lang='lat' dir='ltr'><strong>attingunt</strong></span> <span class='ocrx_word' id='word_1_509' title='bbox 1004 3441 1019 3489; x_wconf 88' lang='lat'><strong>;</strong></span> <span class='ocrx_word' id='word_1_510' title='bbox 1046 3424 1125 3477; x_wconf 88' lang='lat' dir='ltr'><strong>sic</strong></span> <span class='ocrx_word' id='word_1_511' title='bbox 1144 3426 1302 3478; x_wconf 86' lang='lat' dir='ltr'><strong>etiam</strong></span> <span class='ocrx_word' id='word_1_512' title='bbox 1329 3424 1384 3476; x_wconf 92' lang='lat' dir='ltr'><strong>in</strong></span> <span class='ocrx_word' id='word_1_513' title='bbox 1415 3421 1576 3476; x_wconf 88' lang='lat' dir='ltr'><strong>rebus</strong></span> <span class='ocrx_word' id='word_1_514' title='bbox 1614 3419 1956 3475; x_wconf 84' lang='lat' dir='ltr'><strong>Hebraeorum</strong></span> 
     </span>
    </p>
   </div>
   <div class='ocr_carea' id='block_1_68' title="bbox 428 3510 1957 3583">
    <p class='ocr_par' dir='ltr' id='par_1_68' title="bbox 428 3510 1957 3583">
     <span class='ocr_line' id='line_1_68' title="bbox 428 3510 1957 3583; baseline 0.001 -22"><span class='ocrx_word' id='word_1_515' title='bbox 428 3510 755 3566; x_wconf 90' lang='lat' dir='ltr'><strong>constituere</strong></span> <span class='ocrx_word' id='word_1_516' title='bbox 798 3514 1200 3583; x_wconf 84' lang='lat' dir='ltr'><strong>intelligereque</strong></span> <span class='ocrx_word' id='word_1_517' title='bbox 1258 3520 1508 3582; x_wconf 91' lang='lat' dir='ltr'><strong>oportet,</strong></span> <span class='ocrx_word' id='word_1_518' title='bbox 1550 3518 1807 3580; x_wconf 86' lang='lat' dir='ltr'><strong>tanquam</strong></span> <span class='ocrx_word' id='word_1_519' title='bbox 1849 3525 1957 3564; x_wconf 85' lang='lat' dir='ltr'><strong>una</strong></span> 
     </span>
    </p>
   </div>
   <div class='ocr_carea' id='block_1_69' title="bbox 429 3600 1959 3673">
    <p class='ocr_par' dir='ltr' id='par_1_69' title="bbox 429 3600 1959 3673">
     <span class='ocr_line' id='line_1_69' title="bbox 429 3600 1959 3673; baseline 0.001 -19"><span class='ocrx_word' id='word_1_520' title='bbox 429 3600 639 3670; x_wconf 90' lang='lat' dir='ltr'><strong>quidem</strong></span> <span class='ocrx_word' id='word_1_521' title='bbox 670 3602 724 3655; x_wconf 92' lang='lat' dir='ltr'><strong>in</strong></span> <span class='ocrx_word' id='word_1_522' title='bbox 754 3605 1063 3658; x_wconf 90' lang='lat' dir='ltr'><strong>universum</strong></span> <span class='ocrx_word' id='word_1_523' title='bbox 1092 3606 1265 3659; x_wconf 90' lang='lat' dir='ltr'><strong>tribus</strong></span> <span class='ocrx_word' id='word_1_524' title='bbox 1285 3604 1441 3668; x_wconf 89' lang='lat' dir='ltr'><strong>Juda,</strong></span> <span class='ocrx_word' id='word_1_525' title='bbox 1467 3612 1632 3659; x_wconf 86' lang='lat' dir='ltr'><strong>totam</strong></span> <span class='ocrx_word' id='word_1_526' title='bbox 1664 3611 1874 3673; x_wconf 87' lang='lat' dir='ltr'><strong>gentem</strong></span> <span class='ocrx_word' id='word_1_527' title='bbox 1892 3601 1959 3656; x_wconf 89' lang='lat' dir='ltr'><strong>de</strong></span> 
     </span>
    </p>
   </div>
   <div class='ocr_carea' id='block_1_70' title="bbox 430 3693 1960 3765">
    <p class='ocr_par' dir='ltr' id='par_1_70' title="bbox 430 3693 1960 3765">
     <span class='ocr_line' id='line_1_70' title="bbox 430 3693 1960 3765; baseline -0.001 -20"><span class='ocrx_word' id='word_1_528' title='bbox 430 3706 528 3745; x_wconf 90' lang='lat' dir='ltr'><strong>suo</strong></span> <span class='ocrx_word' id='word_1_529' title='bbox 553 3693 770 3746; x_wconf 89' lang='lat' dir='ltr'><strong>nomine</strong></span> <span class='ocrx_word' id='word_1_530' title='bbox 796 3694 1060 3749; x_wconf 88' lang='lat' dir='ltr'><strong>illustrem</strong></span> <span class='ocrx_word' id='word_1_531' title='bbox 1091 3695 1419 3761; x_wconf 85' lang='lat' dir='ltr'><strong>reddiderit,</strong></span> <span class='ocrx_word' id='word_1_532' title='bbox 1449 3694 1801 3765; x_wconf 90' lang='lat' dir='ltr'><strong>particulares</strong></span> <span class='ocrx_word' id='word_1_533' title='bbox 1832 3707 1960 3746; x_wconf 88' lang='lat' dir='ltr'><strong>vero</strong></span> 
     </span>
    </p>
   </div>
   <div class='ocr_carea' id='block_1_71' title="bbox 430 3781 1961 3851">
    <p class='ocr_par' dir='ltr' id='par_1_71' title="bbox 430 3781 1961 3851">
     <span class='ocr_line' id='line_1_71' title="bbox 430 3781 1961 3851; baseline 0.001 -18"><span class='ocrx_word' id='word_1_534' title='bbox 430 3781 595 3835; x_wconf 89' lang='lat' dir='ltr'><strong>duces</strong></span> <span class='ocrx_word' id='word_1_535' title='bbox 622 3797 683 3834; x_wconf 91' lang='lat' dir='ltr'><strong>ac</strong></span> <span class='ocrx_word' id='word_1_536' title='bbox 706 3797 858 3850; x_wconf 86' lang='lat' dir='ltr'><strong>reges</strong></span> <span class='ocrx_word' id='word_1_537' title='bbox 891 3799 956 3838; x_wconf 85' lang='lat' dir='ltr'><strong>ex</strong></span> <span class='ocrx_word' id='word_1_538' title='bbox 986 3785 1215 3839; x_wconf 79' lang='lat' dir='ltr'><strong>diversis</strong></span> <span class='ocrx_word' id='word_1_539' title='bbox 1252 3784 1838 3847; x_wconf 84' lang='lat' dir='ltr'><strong>exstiterintlribubus,</strong></span> <span class='ocrx_word' id='word_1_540' title='bbox 1870 3782 1961 3851; x_wconf 89' lang='lat' dir='ltr'><strong>qui</strong></span> 
     </span>
    </p>
   </div>
   <div class='ocr_carea' id='block_1_72' title="bbox 433 3870 1959 3942">
    <p class='ocr_par' dir='ltr' id='par_1_72' title="bbox 433 3870 1959 3942">
     <span class='ocr_line' id='line_1_72' title="bbox 433 3870 1959 3942; baseline 0.001 -22"><span class='ocrx_word' id='word_1_541' title='bbox 433 3877 610 3921; x_wconf 83' lang='lat' dir='ltr'><strong>tamen</strong></span> <span class='ocrx_word' id='word_1_542' title='bbox 635 3870 902 3922; x_wconf 91' lang='lat' dir='ltr'><strong>communi</strong></span> <span class='ocrx_word' id='word_1_543' title='bbox 934 3871 1023 3924; x_wconf 85' lang='lat' dir='ltr'><strong>illa</strong></span> <span class='ocrx_word' id='word_1_544' title='bbox 1046 3870 1196 3926; x_wconf 68' lang='lat' dir='ltr'><strong>Iuda:</strong></span> <span class='ocrx_word' id='word_1_545' title='bbox 1217 3873 1567 3942; x_wconf 88' lang='lat' dir='ltr'><strong>appellatione</strong></span> <span class='ocrx_word' id='word_1_546' title='bbox 1588 3873 1840 3926; x_wconf 89' lang='lat' dir='ltr'><strong>honorem</strong></span> <span class='ocrx_word' id='word_1_547' title='bbox 1867 3885 1959 3922; x_wconf 90' lang='lat' dir='ltr'><strong>ac-</strong></span> 
     </span>
    </p>
   </div>
   <div class='ocr_carea' id='block_1_73' title="bbox 434 3956 1949 4031">
    <p class='ocr_par' dir='ltr' id='par_1_73' title="bbox 434 3956 1949 4031">
     <span class='ocr_line' id='line_1_73' title="bbox 434 3956 1949 4031; baseline 0.001 -21"><span class='ocrx_word' id='word_1_548' title='bbox 434 3957 691 4026; x_wconf 85' lang='lat' dir='ltr'><strong>ceperint.</strong></span> <span class='ocrx_word' id='word_1_549' title='bbox 721 3956 837 4011; x_wconf 84' lang='lat' dir='ltr'><strong>Non</strong></span> <span class='ocrx_word' id='word_1_550' title='bbox 867 3959 972 4013; x_wconf 89' lang='lat' dir='ltr'><strong>alio</strong></span> <span class='ocrx_word' id='word_1_551' title='bbox 1000 3976 1126 4031; x_wconf 86' lang='lat' dir='ltr'><strong>ergo</strong></span> <span class='ocrx_word' id='word_1_552' title='bbox 1162 3978 1320 4031; x_wconf 90' lang='lat' dir='ltr'><strong>quam</strong></span> <span class='ocrx_word' id='word_1_553' title='bbox 1357 3963 1423 4017; x_wconf 92' lang='lat' dir='ltr'><strong>ad</strong></span> <span class='ocrx_word' id='word_1_554' title='bbox 1445 3970 1611 4016; x_wconf 91' lang='lat' dir='ltr'><strong>totam</strong></span> <span class='ocrx_word' id='word_1_555' title='bbox 1649 3961 1847 4014; x_wconf 90' lang='lat' dir='ltr'><strong>tribum</strong></span> <span class='ocrx_word' id='word_1_556' title='bbox 1872 3974 1949 4013; x_wconf 72' lang='grc' dir='ltr'><strong>τοι</strong></span> 
     </span>
    </p>
   </div>
   <div class='ocr_carea' id='block_1_74' title="bbox 435 4048 1959 4121">
    <p class='ocr_par' dir='ltr' id='par_1_74' title="bbox 435 4048 1959 4121">
     <span class='ocr_line' id='line_1_74' title="bbox 435 4048 1959 4121; baseline 0.001 -19"><span class='ocrx_word' id='word_1_557' title='bbox 435 4048 807 4110; x_wconf 82' lang='lat' dir='ltr'><strong>feraturillud,</strong></span> <span class='ocrx_word' id='word_1_558' title='bbox 829 4049 973 4118; x_wconf 92' lang='lat' dir='ltr'><strong>quod</strong></span> <span class='ocrx_word' id='word_1_559' title='bbox 998 4066 1026 4103; x_wconf 89' lang='lat' dir='ltr'><strong>a</strong></span> <span class='ocrx_word' id='word_1_560' title='bbox 1058 4053 1315 4121; x_wconf 87' lang='lat' dir='ltr'><strong>propheta</strong></span> <span class='ocrx_word' id='word_1_561' title='bbox 1336 4052 1538 4106; x_wconf 90' lang='lat' dir='ltr'><strong>dictum</strong></span> <span class='ocrx_word' id='word_1_562' title='bbox 1577 4058 1659 4105; x_wconf 90' lang='lat' dir='ltr'><strong>est</strong></span> <span class='ocrx_word' id='word_1_563' title='bbox 1695 4068 1710 4104; x_wconf 91' lang='lat'><strong>:</strong></span> <span class='ocrx_word' id='word_1_564' title='bbox 1750 4068 1768 4099; x_wconf 80' lang='grc' dir='ltr'><strong>ι</strong></span> <span class='ocrx_word' id='word_1_565' title='bbox 1800 4048 1959 4118; x_wconf 87' lang='lat' dir='ltr'><strong>Juda,</strong></span> 
     </span>
    </p>
   </div>
   <div class='ocr_carea' id='block_1_75' title="bbox 434 4137 1962 4196">
    <p class='ocr_par' dir='ltr' id='par_1_75' title="bbox 434 4137 1962 4196">
     <span class='ocr_line' id='line_1_75' title="bbox 434 4137 1962 4196; baseline 0.001 -4"><span class='ocrx_word' id='word_1_566' title='bbox 434 4149 486 4195; x_wconf 90' lang='lat' dir='ltr'><strong>te</strong></span> <span class='ocrx_word' id='word_1_567' title='bbox 517 4139 809 4193; x_wconf 86' lang='lat' dir='ltr'><strong>laudabunt</strong></span> <span class='ocrx_word' id='word_1_568' title='bbox 846 4137 1040 4195; x_wconf 81' lang='lat' dir='ltr'><strong>fratres</strong></span> <span class='ocrx_word' id='word_1_569' title='bbox 1069 4143 1165 4196; x_wconf 90' lang='lat' dir='ltr'><strong>tui.</strong></span> <span class='ocrx_word' id='word_1_570' title='bbox 1202 4163 1220 4194; x_wconf 74' lang='grc' dir='ltr'><strong>ι</strong></span> <span class='ocrx_word' id='word_1_571' title='bbox 1251 4140 1483 4196; x_wconf 86' lang='lat' dir='ltr'><strong>Noverat</strong></span> <span class='ocrx_word' id='word_1_572' title='bbox 1498 4140 1639 4194; x_wconf 88' lang='lat' dir='ltr'><strong>enim</strong></span> <span class='ocrx_word' id='word_1_573' title='bbox 1665 4139 1810 4193; x_wconf 88' lang='lat' dir='ltr'><strong>illam</strong></span> <span class='ocrx_word' id='word_1_574' title='bbox 1837 4147 1962 4194; x_wconf 85' lang='lat' dir='ltr'><strong>tan-</strong></span> 
     </span>
    </p>
   </div>
   <div class='ocr_carea' id='block_1_76' title="bbox 437 4228 1964 4298">
    <p class='ocr_par' dir='ltr' id='par_1_76' title="bbox 437 4228 1964 4298">
     <span class='ocr_line' id='line_1_76' title="bbox 437 4228 1964 4298; baseline 0.002 -16"><span class='ocrx_word' id='word_1_575' title='bbox 437 4245 596 4298; x_wconf 80' lang='lat' dir='ltr'><strong>quam</strong></span> <span class='ocrx_word' id='word_1_576' title='bbox 628 4229 994 4298; x_wconf 63' lang='lat' dir='ltr'><strong>praerogativa:</strong></span> <span class='ocrx_word' id='word_1_577' title='bbox 1019 4246 1214 4286; x_wconf 89' lang='lat' dir='ltr'><strong>munus</strong></span> <span class='ocrx_word' id='word_1_578' title='bbox 1237 4239 1600 4295; x_wconf 89' lang='lat' dir='ltr'><strong>consecutam,</strong></span> <span class='ocrx_word' id='word_1_579' title='bbox 1628 4228 1828 4283; x_wconf 89' lang='lat' dir='ltr'><strong>honore</strong></span> <span class='ocrx_word' id='word_1_580' title='bbox 1862 4245 1964 4285; x_wconf 66' lang='lat' dir='ltr'><strong>caeo</strong></span> 
     </span>
    </p>
   </div>
   <div class='ocr_carea' id='block_1_77' title="bbox 434 4317 1964 4389">
    <p class='ocr_par' dir='ltr' id='par_1_77' title="bbox 434 4317 1964 4389">
     <span class='ocr_line' id='line_1_77' title="bbox 434 4317 1964 4389; baseline 0.003 -19"><span class='ocrx_word' id='word_1_581' title='bbox 434 4319 566 4373; x_wconf 87' lang='lat' dir='ltr'><strong>teris</strong></span> <span class='ocrx_word' id='word_1_582' title='bbox 592 4317 839 4371; x_wconf 87' lang='lat' dir='ltr'><strong>tribubus</strong></span> <span class='ocrx_word' id='word_1_583' title='bbox 864 4333 985 4372; x_wconf 88' lang='lat' dir='ltr'><strong>csse</strong></span> <span class='ocrx_word' id='word_1_584' title='bbox 1012 4321 1459 4389; x_wconf 86' lang='lat' dir='ltr'><strong>anteponendam,</strong></span> <span class='ocrx_word' id='word_1_585' title='bbox 1481 4327 1535 4373; x_wconf 87' lang='lat' dir='ltr'><strong>et</strong></span> <span class='ocrx_word' id='word_1_586' title='bbox 1552 4318 1800 4387; x_wconf 85' lang='lat' dir='ltr'><strong>quoniam</strong></span> <span class='ocrx_word' id='word_1_587' title='bbox 1820 4321 1964 4387; x_wconf 85' lang='lat' dir='ltr'><strong>prin-</strong></span> 
     </span>
    </p>
   </div>
   <div class='ocr_carea' id='block_1_78' title="bbox 2056 3220 3689 3311">
    <p class='ocr_par' dir='ltr' id='par_1_78' title="bbox 2056 3220 3689 3311">
     <span class='ocr_line' id='line_1_78' title="bbox 2056 3220 3689 3311; baseline 0.015 -41"><span class='ocrx_word' id='word_1_588' title='bbox 2056 3220 2231 3288; x_wconf 84' lang='grc' dir='ltr'>γέσθω</span> <span class='ocrx_word' id='word_1_589' title='bbox 2254 3222 2429 3273; x_wconf 80' lang='grc' dir='ltr'>τοίνυν</span> <span class='ocrx_word' id='word_1_590' title='bbox 2459 3222 2535 3284; x_wconf 88' lang='grc' dir='ltr'><strong>ὼς</strong></span> <span class='ocrx_word' id='word_1_591' title='bbox 2569 3223 2707 3293; x_wconf 85' lang='grc' dir='ltr'>πρὸς</span> <span class='ocrx_word' id='word_1_592' title='bbox 2737 3226 2842 3297; x_wconf 80' lang='grc' dir='ltr'>τὴν</span> <span class='ocrx_word' id='word_1_593' title='bbox 2866 3228 3022 3299; x_wconf 83' lang='grc' dir='ltr'>ὃλην</span> <span class='ocrx_word' id='word_1_594' title='bbox 3064 3235 3272 3309; x_wconf 83' lang='grc' dir='ltr'>φυλὴν</span> <span class='ocrx_word' id='word_1_595' title='bbox 3309 3240 3427 3294; x_wconf 83' lang='grc' dir='ltr'>ὑπὸ</span> <span class='ocrx_word' id='word_1_596' title='bbox 3465 3220 3556 3295; x_wconf 56' lang='lat' dir='ltr'><strong>soi:</strong></span> <span class='ocrx_word' id='word_1_597' title='bbox 3584 3258 3689 3311; x_wconf 82' lang='grc' dir='ltr'>προ-</span> 
     </span>
    </p>
   </div>
   <div class='ocr_carea' id='block_1_79' title="bbox 2055 3311 3683 3401">
    <p class='ocr_par' dir='ltr' id='par_1_79' title="bbox 2055 3311 3683 3401">
     <span class='ocr_line' id='line_1_79' title="bbox 2055 3311 3683 3401; baseline 0.012 -39"><span class='ocrx_word' id='word_1_598' title='bbox 2055 3311 2220 3401; x_wconf 66' lang='grc' dir='ltr'>φητου</span> <span class='ocrx_word' id='word_1_599' title='bbox 2244 3312 2349 3401; x_wconf 77' lang='grc' dir='ltr'><strong>τὸ.</strong></span> <span class='ocrx_word' id='word_1_600' title='bbox 2386 3330 2405 3362; x_wconf 83' lang='grc' dir='ltr'><strong>ι</strong></span> <span class='ocrx_word' id='word_1_601' title='bbox 2457 3312 2644 3376; x_wconf 83' lang='grc' dir='ltr'>Ἰούδα,</span> <span class='ocrx_word' id='word_1_602' title='bbox 2681 3314 2743 3366; x_wconf 78' lang='grc' dir='ltr'>σὲ</span> <span class='ocrx_word' id='word_1_603' title='bbox 2769 3318 3144 3379; x_wconf 83' lang='grc' dir='ltr'>αίνέσουσιν</span> <span class='ocrx_word' id='word_1_604' title='bbox 3176 3330 3505 3401; x_wconf 60' lang='grc' dir='ltr'>οίηάδελφοί</span> <span class='ocrx_word' id='word_1_605' title='bbox 3541 3349 3639 3385; x_wconf 84' lang='grc' dir='ltr'>σου.</span> <span class='ocrx_word' id='word_1_606' title='bbox 3670 3352 3683 3382; x_wconf 78' lang='grc' dir='ltr'><strong>ι</strong></span> 
     </span>
    </p>
   </div>
   <div class='ocr_carea' id='block_1_80' title="bbox 2056 3396 3689 3495">
    <p class='ocr_par' dir='ltr' id='par_1_80' title="bbox 2056 3396 3689 3495">
     <span class='ocr_line' id='line_1_80' title="bbox 2056 3396 3689 3495; baseline 0.017 -45"><span class='ocrx_word' id='word_1_607' title='bbox 2056 3396 2173 3495; x_wconf 70' lang='grc' dir='ltr'><strong>ρῖδε</strong></span> <span class='ocrx_word' id='word_1_608' title='bbox 2188 3400 2302 3495; x_wconf 68' lang='grc' dir='ltr'><strong>γάρ</strong></span> <span class='ocrx_word' id='word_1_609' title='bbox 2333 3401 2521 3495; x_wconf 56' lang='grc' dir='ltr'>αύτὴν,</span> <span class='ocrx_word' id='word_1_610' title='bbox 2553 3401 2650 3455; x_wconf 75' lang='grc' dir='ltr'><strong>ἅτε</strong></span> <span class='ocrx_word' id='word_1_611' title='bbox 2704 3410 3045 3478; x_wconf 85' lang='grc' dir='ltr'>προνομίας</span> <span class='ocrx_word' id='word_1_612' title='bbox 3076 3396 3459 3494; x_wconf 73' lang='grc' dir='ltr'>ἠξιωμένην,</span> <span class='ocrx_word' id='word_1_613' title='bbox 3487 3423 3689 3495; x_wconf 78' lang='grc' dir='ltr'>πρὸτῶν</span> 
     </span>
    </p>
   </div>
   <div class='ocr_carea' id='block_1_81' title="bbox 2054 3491 3690 3584">
    <p class='ocr_par' dir='ltr' id='par_1_81' title="bbox 2054 3491 3690 3584">
     <span class='ocr_line' id='line_1_81' title="bbox 2054 3491 3690 3584; baseline 0.014 -40"><span class='ocrx_word' id='word_1_614' title='bbox 2054 3491 2252 3584; x_wconf 83' lang='grc' dir='ltr'>λοιπῶν</span> <span class='ocrx_word' id='word_1_615' title='bbox 2276 3492 2451 3560; x_wconf 82' lang='grc' dir='ltr'>φυλῶν</span> <span class='ocrx_word' id='word_1_616' title='bbox 2481 3495 2808 3565; x_wconf 79' lang='grc' dir='ltr'>τετιμῆσθαι</span> <span class='ocrx_word' id='word_1_617' title='bbox 2836 3515 2851 3529; x_wconf 90' lang='grc'><strong>·</strong></span> <span class='ocrx_word' id='word_1_618' title='bbox 2891 3502 3004 3554; x_wconf 70' lang='grc' dir='ltr'><strong>καὶ</strong></span> <span class='ocrx_word' id='word_1_619' title='bbox 3047 3507 3199 3561; x_wconf 72' lang='grc' dir='ltr'>ἐπεὶ</span> <span class='ocrx_word' id='word_1_620' title='bbox 3235 3491 3488 3584; x_wconf 47' lang='grc' dir='ltr'>ἐξῆρχεν</span> <span class='ocrx_word' id='word_1_621' title='bbox 3525 3491 3579 3568; x_wconf 78' lang='grc' dir='ltr'>ἐν</span> <span class='ocrx_word' id='word_1_622' title='bbox 3606 3532 3690 3566; x_wconf 75' lang='grc' dir='ltr'><strong>πο-</strong></span> 
     </span>
    </p>
   </div>
   <div class='ocr_carea' id='block_1_82' title="bbox 2055 3582 3689 3674">
    <p class='ocr_par' dir='ltr' id='par_1_82' title="bbox 2055 3582 3689 3674">
     <span class='ocr_line' id='line_1_82' title="bbox 2055 3582 3689 3674; baseline 0.015 -40"><span class='ocrx_word' id='word_1_623' title='bbox 2055 3582 2268 3674; x_wconf 82' lang='grc' dir='ltr'>λέμοις,</span> <span class='ocrx_word' id='word_1_624' title='bbox 2302 3584 2395 3637; x_wconf 76' lang='grc' dir='ltr'>καὶ</span> <span class='ocrx_word' id='word_1_625' title='bbox 2438 3586 2573 3656; x_wconf 88' lang='grc' dir='ltr'>μόνη</span> <span class='ocrx_word' id='word_1_626' title='bbox 2609 3587 2704 3639; x_wconf 81' lang='grc' dir='ltr'><strong>τοῦ</strong></span> <span class='ocrx_word' id='word_1_627' title='bbox 2745 3591 2967 3655; x_wconf 83' lang='grc' dir='ltr'>παντὸς</span> <span class='ocrx_word' id='word_1_628' title='bbox 3004 3595 3233 3664; x_wconf 80' lang='grc' dir='ltr'>ἔθνους</span> <span class='ocrx_word' id='word_1_629' title='bbox 3508 3610 3564 3660; x_wconf 90' lang='grc' dir='ltr'><strong>ἐν</strong></span> <span class='ocrx_word' id='word_1_630' title='bbox 3596 3607 3689 3666; x_wconf 62' lang='lat' dir='ltr'><strong>sai;</strong></span> 
     </span>
    </p>
   </div>
   <div class='ocr_carea' id='block_1_83' title="bbox 2056 3672 3689 3765">
    <p class='ocr_par' dir='ltr' id='par_1_83' title="bbox 2056 3672 3689 3765">
     <span class='ocr_line' id='line_1_83' title="bbox 2056 3672 3689 3765; baseline 0.013 -40"><span class='ocrx_word' id='word_1_631' title='bbox 2056 3672 2191 3765; x_wconf 76' lang='grc' dir='ltr'>πρός</span> <span class='ocrx_word' id='word_1_632' title='bbox 2216 3676 2338 3737; x_wconf 73' lang='grc' dir='ltr'>τοὺς</span> <span class='ocrx_word' id='word_1_633' title='bbox 2358 3675 2583 3746; x_wconf 77' lang='grc' dir='ltr'>ἐχθροὺς</span> <span class='ocrx_word' id='word_1_634' title='bbox 2612 3681 3017 3748; x_wconf 77' lang='grc' dir='ltr'>παρατάξεσιν</span> <span class='ocrx_word' id='word_1_635' title='bbox 3044 3728 3066 3752; x_wconf 83' lang='grc'>,</span> <span class='ocrx_word' id='word_1_636' title='bbox 3117 3672 3381 3758; x_wconf 77' lang='grc' dir='ltr'>εἰκότως</span> <span class='ocrx_word' id='word_1_637' title='bbox 3411 3697 3689 3765; x_wconf 67' lang='grc' dir='ltr'>ἐπιλέγεται</span> 
     </span>
    </p>
   </div>
   <div class='ocr_carea' id='block_1_84' title="bbox 2056 3764 3689 3858">
    <p class='ocr_par' dir='ltr' id='par_1_84' title="bbox 2056 3764 3689 3858">
     <span class='ocr_line' id='line_1_84' title="bbox 2056 3764 3689 3858; baseline 0.004 -23"><span class='ocrx_word' id='word_1_638' title='bbox 2056 3764 2190 3835; x_wconf 68' lang='grc' dir='ltr'>πρὸς</span> <span class='ocrx_word' id='word_1_639' title='bbox 2213 3766 2375 3858; x_wconf 40' lang='lat' dir='ltr'><strong>abii&quot;</strong></span> <span class='ocrx_word' id='word_1_640' title='bbox 2396 3782 2411 3797; x_wconf 85' lang='lat'>&#39;</span> <span class='ocrx_word' id='word_1_641' title='bbox 2438 3784 2478 3858; x_wconf 11' lang='grc' dir='ltr'>κα</span> <span class='ocrx_word' id='word_1_642' title='bbox 2509 3769 2576 3819; x_wconf 71' lang='grc' dir='ltr'><strong>Αἱ</strong></span> <span class='ocrx_word' id='word_1_643' title='bbox 2609 3770 2792 3840; x_wconf 81' lang='grc' dir='ltr'>χεῖρές</span> <span class='ocrx_word' id='word_1_644' title='bbox 2838 3789 2945 3825; x_wconf 81' lang='grc' dir='ltr'><strong>σου</strong></span> <span class='ocrx_word' id='word_1_645' title='bbox 2987 3780 3112 3834; x_wconf 74' lang='grc' dir='ltr'><strong>ἐπὶ</strong></span> <span class='ocrx_word' id='word_1_646' title='bbox 3143 3782 3342 3839; x_wconf 80' lang='grc' dir='ltr'>νώτου</span> <span class='ocrx_word' id='word_1_647' title='bbox 3373 3787 3489 3840; x_wconf 84' lang='grc' dir='ltr'>τῶν</span> <span class='ocrx_word' id='word_1_648' title='bbox 3516 3787 3689 3858; x_wconf 76' lang='grc' dir='ltr'>ἐχθρῶν</span> 
     </span>
    </p>
   </div>
   <div class='ocr_carea' id='block_1_85' title="bbox 2059 3852 3687 3946">
    <p class='ocr_par' dir='ltr' id='par_1_85' title="bbox 2059 3852 3687 3946">
     <span class='ocr_line' id='line_1_85' title="bbox 2059 3852 3687 3946; baseline 0.021 -42"><span class='ocrx_word' id='word_1_649' title='bbox 2059 3870 2172 3907; x_wconf 89' lang='grc' dir='ltr'>σου.</span> <span class='ocrx_word' id='word_1_650' title='bbox 2199 3875 2227 3946; x_wconf 12' lang='grc' dir='ltr'><strong>γι</strong></span> <span class='ocrx_word' id='word_1_651' title='bbox 2265 3852 2396 3942; x_wconf 67' lang='grc' dir='ltr'>Εἶτα</span> <span class='ocrx_word' id='word_1_652' title='bbox 2430 3857 2518 3910; x_wconf 83' lang='grc' dir='ltr'>διὰ</span> <span class='ocrx_word' id='word_1_653' title='bbox 2552 3859 2614 3910; x_wconf 82' lang='grc' dir='ltr'>τὺ</span> <span class='ocrx_word' id='word_1_654' title='bbox 2651 3862 2886 3946; x_wconf 74' lang='grc' dir='ltr'>άρχικὸν</span> <span class='ocrx_word' id='word_1_655' title='bbox 2929 3872 3050 3923; x_wconf 76' lang='grc' dir='ltr'><strong>καὶ</strong></span> <span class='ocrx_word' id='word_1_656' title='bbox 3105 3873 3426 3944; x_wconf 76' lang='grc' dir='ltr'>βασιλικὸν</span> 
     </span>
    </p>
   </div>
   <div class='ocr_carea' id='block_1_86' title="bbox 2065 3944 3691 4041">
    <p class='ocr_par' dir='ltr' id='par_1_86' title="bbox 2065 3944 3691 4041">
     <span class='ocr_line' id='line_1_86' title="bbox 2065 3944 3691 4041; baseline 0.016 -47"><span class='ocrx_word' id='word_1_657' title='bbox 2065 3962 2083 3994; x_wconf 80' lang='grc' dir='ltr'><strong>ι</strong></span> <span class='ocrx_word' id='word_1_658' title='bbox 2113 3945 2344 4014; x_wconf 84' lang='grc' dir='ltr'>σκύμνος</span> <span class='ocrx_word' id='word_1_659' title='bbox 2370 3947 2579 4010; x_wconf 77' lang='grc' dir='ltr'>λέοντος</span> <span class='ocrx_word' id='word_1_660' title='bbox 2599 3968 2617 4000; x_wconf 77' lang='grc' dir='ltr'><strong>ι</strong></span> <span class='ocrx_word' id='word_1_661' title='bbox 2644 3944 2787 4004; x_wconf 73' lang='grc' dir='ltr'>εἶναι</span> <span class='ocrx_word' id='word_1_662' title='bbox 2812 3952 3099 4023; x_wconf 81' lang='grc' dir='ltr'>λέγεται.</span> <span class='ocrx_word' id='word_1_663' title='bbox 3136 3944 3573 4041; x_wconf 83' lang='grc' dir='ltr'>Σεμνυνόμενος</span> <span class='ocrx_word' id='word_1_664' title='bbox 3605 3970 3691 4025; x_wconf 64' lang='grc' dir='ltr'>Ῠέὀ</span> 
     </span>
    </p>
   </div>
   <div class='ocr_carea' id='block_1_87' title="bbox 2058 4040 3692 4135">
    <p class='ocr_par' dir='ltr' id='par_1_87' title="bbox 2058 4040 3692 4135">
     <span class='ocr_line' id='line_1_87' title="bbox 2058 4040 3692 4135; baseline 0.017 -47"><span class='ocrx_word' id='word_1_665' title='bbox 2058 4040 2352 4110; x_wconf 83' lang='grc' dir='ltr'>προπάτωρ</span> <span class='ocrx_word' id='word_1_666' title='bbox 2377 4041 2513 4135; x_wconf 78' lang='grc' dir='ltr'><strong>ὁμρῦ</strong></span> <span class='ocrx_word' id='word_1_667' title='bbox 2537 4044 2631 4095; x_wconf 75' lang='grc' dir='ltr'>καὶ</span> <span class='ocrx_word' id='word_1_668' title='bbox 2647 4048 2952 4135; x_wconf 75' lang='grc' dir='ltr'>προφήτης</span> <span class='ocrx_word' id='word_1_669' title='bbox 2975 4055 3097 4110; x_wconf 74' lang='grc' dir='ltr'><strong>ἐπὶ</strong></span> <span class='ocrx_word' id='word_1_670' title='bbox 3110 4060 3203 4130; x_wconf 83' lang='grc' dir='ltr'>τῷ</span> <span class='ocrx_word' id='word_1_671' title='bbox 3226 4062 3342 4134; x_wconf 82' lang='grc' dir='ltr'><strong>τῆς</strong></span> <span class='ocrx_word' id='word_1_672' title='bbox 3366 4040 3545 4135; x_wconf 79' lang='grc' dir='ltr'>φυλῆς</span> <span class='ocrx_word' id='word_1_673' title='bbox 3563 4064 3692 4129; x_wconf 79' lang='grc' dir='ltr'><strong>ἀξιώ-</strong></span> 
     </span>
    </p>
   </div>
   <div class='ocr_carea' id='block_1_88' title="bbox 2062 4131 3691 4227">
    <p class='ocr_par' dir='ltr' id='par_1_88' title="bbox 2062 4131 3691 4227">
     <span class='ocr_line' id='line_1_88' title="bbox 2062 4131 3691 4227; baseline 0.018 -49"><span class='ocrx_word' id='word_1_674' title='bbox 2062 4146 2219 4227; x_wconf 62' lang='grc' dir='ltr'>ματι,</span> <span class='ocrx_word' id='word_1_675' title='bbox 2254 4131 2572 4227; x_wconf 49' lang='grc' dir='ltr'>προσξίθησι</span> <span class='ocrx_word' id='word_1_676' title='bbox 2605 4134 2816 4202; x_wconf 78' lang='grc' dir='ltr'><strong>λέγων’</strong></span> <span class='ocrx_word' id='word_1_677' title='bbox 2860 4157 2881 4190; x_wconf 79' lang='grc' dir='ltr'><strong>ι</strong></span> <span class='ocrx_word' id='word_1_678' title='bbox 2936 4144 3059 4198; x_wconf 84' lang='grc' dir='ltr'>Ἐκ</span> <span class='ocrx_word' id='word_1_679' title='bbox 3111 4131 3417 4219; x_wconf 56' lang='lat' dir='ltr'><strong>pauc—.05,</strong></span> <span class='ocrx_word' id='word_1_680' title='bbox 3460 4131 3542 4210; x_wconf 80' lang='grc' dir='ltr'><strong>υίὲ</strong></span> <span class='ocrx_word' id='word_1_681' title='bbox 3581 4172 3691 4227; x_wconf 78' lang='grc' dir='ltr'>μου,</span> 
     </span>
    </p>
   </div>
   <div class='ocr_carea' id='block_1_89' title="bbox 2057 4220 3692 4317">
    <p class='ocr_par' dir='ltr' id='par_1_89' title="bbox 2057 4220 3692 4317">
     <span class='ocr_line' id='line_1_89' title="bbox 2057 4220 3692 4317; baseline 0.017 -45"><span class='ocrx_word' id='word_1_682' title='bbox 2057 4220 2273 4317; x_wconf 67' lang='grc' dir='ltr'><strong>ἁνέὃης.</strong></span> <span class='ocrx_word' id='word_1_683' title='bbox 2311 4241 2331 4271; x_wconf 71' lang='grc' dir='ltr'><strong>ι</strong></span> <span class='ocrx_word' id='word_1_684' title='bbox 2365 4223 2436 4317; x_wconf 61' lang='lat' dir='ltr'><strong>re</strong></span> <span class='ocrx_word' id='word_1_685' title='bbox 2463 4223 2626 4317; x_wconf 36' lang='grc' dir='ltr'>δέ,-ι</span> <span class='ocrx_word' id='word_1_686' title='bbox 2676 4227 3010 4286; x_wconf 79' lang='grc' dir='ltr'>Ἁναπεσὼν</span> <span class='ocrx_word' id='word_1_687' title='bbox 3063 4239 3413 4317; x_wconf 77' lang='grc' dir='ltr'>ἐκοιμήθης</span> <span class='ocrx_word' id='word_1_688' title='bbox 3450 4247 3528 4310; x_wconf 80' lang='grc' dir='ltr'><strong>ὡς</strong></span> <span class='ocrx_word' id='word_1_689' title='bbox 3564 4220 3692 4305; x_wconf 69' lang='grc' dir='ltr'>λέων.</span> 
     </span>
    </p>
   </div>
   <div class='ocr_carea' id='block_1_90' title="bbox 2059 4310 3696 4405">
    <p class='ocr_par' dir='ltr' id='par_1_90' title="bbox 2059 4310 3696 4405">
     <span class='ocr_line' id='line_1_90' title="bbox 2059 4310 3696 4405; baseline 0.01 -35"><span class='ocrx_word' id='word_1_690' title='bbox 2059 4310 2151 4405; x_wconf 43' lang='grc' dir='ltr'><strong>καί</strong></span> <span class='ocrx_word' id='word_1_691' title='bbox 2177 4310 2258 4405; x_wconf 66' lang='grc' dir='ltr'><strong>⁸ὡς</strong></span> <span class='ocrx_word' id='word_1_692' title='bbox 2301 4310 2535 4405; x_wconf 57' lang='grc' dir='ltr'>σκύμνος</span> <span class='ocrx_word' id='word_1_693' title='bbox 2570 4312 2817 4405; x_wconf 60' lang='grc' dir='ltr'>λέοντος,</span> <span class='ocrx_word' id='word_1_694' title='bbox 2845 4337 2864 4369; x_wconf 75' lang='grc' dir='ltr'><strong>ι</strong></span> <span class='ocrx_word' id='word_1_695' title='bbox 2906 4320 2979 4374; x_wconf 82' lang='grc' dir='ltr'>τὸ</span> <span class='ocrx_word' id='word_1_696' title='bbox 3013 4310 3440 4405; x_wconf 68' lang='grc' dir='ltr'>γαῦρονόρξοῡ</span> <span class='ocrx_word' id='word_1_697' title='bbox 3473 4336 3563 4389; x_wconf 73' lang='grc' dir='ltr'><strong>καί</strong></span> <span class='ocrx_word' id='word_1_698' title='bbox 3591 4334 3696 4405; x_wconf 79' lang='grc' dir='ltr'>θαρ-</span> 
     </span>
    </p>
   </div>
   <div class='ocr_carea' id='block_1_91' title="bbox 437 4400 1914 4499">
    <p class='ocr_par' dir='ltr' id='par_1_91' title="bbox 437 4407 1914 4478">
     <span class='ocr_line' id='line_1_91' title="bbox 437 4407 1914 4478; baseline -0.001 -17"><span class='ocrx_word' id='word_1_699' title='bbox 437 4422 564 4477; x_wconf 92' lang='lat' dir='ltr'><strong>ceps</strong></span> <span class='ocrx_word' id='word_1_700' title='bbox 593 4407 693 4462; x_wconf 84' lang='lat' dir='ltr'><strong>fuit</strong></span> <span class='ocrx_word' id='word_1_701' title='bbox 719 4408 773 4460; x_wconf 90' lang='lat' dir='ltr'><strong>in</strong></span> <span class='ocrx_word' id='word_1_702' title='bbox 802 4408 973 4473; x_wconf 88' lang='lat' dir='ltr'><strong>bellis,</strong></span> <span class='ocrx_word' id='word_1_703' title='bbox 1003 4416 1055 4462; x_wconf 86' lang='lat' dir='ltr'><strong>et</strong></span> <span class='ocrx_word' id='word_1_704' title='bbox 1081 4411 1195 4462; x_wconf 88' lang='lat' dir='ltr'><strong>sola</strong></span> <span class='ocrx_word' id='word_1_705' title='bbox 1215 4411 1270 4462; x_wconf 89' lang='lat' dir='ltr'><strong>in</strong></span> <span class='ocrx_word' id='word_1_706' title='bbox 1293 4408 1636 4478; x_wconf 90' lang='lat' dir='ltr'><strong>apparatibus</strong></span> <span class='ocrx_word' id='word_1_707' title='bbox 1662 4408 1914 4476; x_wconf 73' lang='lat' dir='ltr'><strong>praelioru</strong></span> 
     </span>
    </p>
   </div>
   <div class='ocr_carea' id='block_1_92' title="bbox 2215 4400 3692 4499">
    <p class='ocr_par' dir='ltr' id='par_1_92' title="bbox 2215 4400 3692 4499">
     <span class='ocr_line' id='line_1_92' title="bbox 2215 4400 3692 4499; baseline 0.022 -50"><span class='ocrx_word' id='word_1_708' title='bbox 2215 4418 2247 4450; x_wconf 73' lang='grc' dir='ltr'>ιν</span> <span class='ocrx_word' id='word_1_709' title='bbox 2266 4438 2280 4461; x_wconf 94' lang='grc'><strong>,</strong></span> <span class='ocrx_word' id='word_1_710' title='bbox 2309 4402 2401 4452; x_wconf 80' lang='grc' dir='ltr'>καὶ</span> <span class='ocrx_word' id='word_1_711' title='bbox 2438 4401 2499 4455; x_wconf 87' lang='grc' dir='ltr'>τὸ</span> <span class='ocrx_word' id='word_1_712' title='bbox 2528 4403 2637 4457; x_wconf 79' lang='grc' dir='ltr'>τῶν</span> <span class='ocrx_word' id='word_1_713' title='bbox 2671 4406 2880 4471; x_wconf 76' lang='grc' dir='ltr'>ἔξωθεν</span> <span class='ocrx_word' id='word_1_714' title='bbox 2917 4413 3240 4476; x_wconf 74' lang='grc' dir='ltr'>ἐπιόντων</span> <span class='ocrx_word' id='word_1_715' title='bbox 3267 4400 3692 4499; x_wconf 65' lang='grc' dir='ltr'>ἀκατάπληκτον.</span> 
     </span>
    </p>
   </div>
   <div class='ocr_carea' id='block_1_93' title="bbox 438 4496 1964 4566">
    <p class='ocr_par' dir='ltr' id='par_1_93' title="bbox 438 4496 1964 4566">
     <span class='ocr_line' id='line_1_93' title="bbox 438 4496 1964 4566; baseline 0.001 -15"><span class='ocrx_word' id='word_1_716' title='bbox 438 4497 699 4551; x_wconf 86' lang='lat' dir='ltr'><strong>adversus</strong></span> <span class='ocrx_word' id='word_1_717' title='bbox 743 4497 926 4551; x_wconf 90' lang='lat' dir='ltr'><strong>hostes</strong></span> <span class='ocrx_word' id='word_1_718' title='bbox 962 4499 1103 4566; x_wconf 88' lang='lat' dir='ltr'><strong>genti</strong></span> <span class='ocrx_word' id='word_1_719' title='bbox 1137 4512 1247 4551; x_wconf 74' lang='lat' dir='ltr'><strong>sua:</strong></span> <span class='ocrx_word' id='word_1_720' title='bbox 1285 4499 1547 4551; x_wconf 67' lang='lat' dir='ltr'><strong>universae</strong></span> <span class='ocrx_word' id='word_1_721' title='bbox 1585 4496 1813 4565; x_wconf 82' lang='lat' dir='ltr'><strong>praefuit,</strong></span> <span class='ocrx_word' id='word_1_722' title='bbox 1851 4515 1964 4555; x_wconf 87' lang='lat' dir='ltr'><strong>me-</strong></span> 
     </span>
    </p>
   </div>
   <div class='ocr_carea' id='block_1_94' title="bbox 435 4585 1960 4655">
    <p class='ocr_par' dir='ltr' id='par_1_94' title="bbox 435 4585 1960 4655">
     <span class='ocr_line' id='line_1_94' title="bbox 435 4585 1960 4655; baseline -0.001 -11"><span class='ocrx_word' id='word_1_723' title='bbox 435 4589 543 4644; x_wconf 73' lang='lat' dir='ltr'><strong>rito</strong></span> <span class='ocrx_word' id='word_1_724' title='bbox 603 4586 853 4655; x_wconf 90' lang='lat' dir='ltr'><strong>deinceps</strong></span> <span class='ocrx_word' id='word_1_725' title='bbox 894 4585 959 4639; x_wconf 92' lang='lat' dir='ltr'><strong>ad</strong></span> <span class='ocrx_word' id='word_1_726' title='bbox 991 4587 1229 4640; x_wconf 88' lang='lat' dir='ltr'><strong>eamdem</strong></span> <span class='ocrx_word' id='word_1_727' title='bbox 1278 4586 1407 4639; x_wconf 83' lang='lat' dir='ltr'><strong>illud</strong></span> <span class='ocrx_word' id='word_1_728' title='bbox 1459 4602 1669 4655; x_wconf 91' lang='lat' dir='ltr'><strong>quoque</strong></span> <span class='ocrx_word' id='word_1_729' title='bbox 1719 4587 1960 4644; x_wconf 86' lang='lat' dir='ltr'><strong>dicitur:</strong></span> 
     </span>
    </p>
   </div>
   <div class='ocr_carea' id='block_1_95' title="bbox 446 4673 1965 4746">
    <p class='ocr_par' dir='ltr' id='par_1_95' title="bbox 446 4673 1965 4746">
     <span class='ocr_line' id='line_1_95' title="bbox 446 4673 1965 4746; baseline 0.005 -18"><span class='ocrx_word' id='word_1_730' title='bbox 446 4696 465 4728; x_wconf 78' lang='grc' dir='ltr'><strong>ι</strong></span> <span class='ocrx_word' id='word_1_731' title='bbox 497 4673 685 4731; x_wconf 78' lang='lat' dir='ltr'><strong>Manus</strong></span> <span class='ocrx_word' id='word_1_732' title='bbox 716 4684 816 4729; x_wconf 73' lang='lat' dir='ltr'><strong>tua:</strong></span> <span class='ocrx_word' id='word_1_733' title='bbox 835 4677 890 4729; x_wconf 90' lang='lat' dir='ltr'><strong>in</strong></span> <span class='ocrx_word' id='word_1_734' title='bbox 916 4684 1064 4746; x_wconf 88' lang='lat' dir='ltr'><strong>tergo</strong></span> <span class='ocrx_word' id='word_1_735' title='bbox 1093 4676 1424 4730; x_wconf 89' lang='lat' dir='ltr'><strong>inimicorum</strong></span> <span class='ocrx_word' id='word_1_736' title='bbox 1447 4684 1680 4733; x_wconf 86' lang='lat' dir='ltr'><strong>tuorum.</strong></span> <span class='ocrx_word' id='word_1_737' title='bbox 1723 4699 1740 4731; x_wconf 78' lang='grc' dir='ltr'><strong>ι</strong></span> <span class='ocrx_word' id='word_1_738' title='bbox 1768 4679 1965 4736; x_wconf 90' lang='lat' dir='ltr'><strong>Deinde</strong></span> 
     </span>
    </p>
   </div>
   <div class='ocr_carea' id='block_1_96' title="bbox 442 4767 1962 4839">
    <p class='ocr_par' dir='ltr' id='par_1_96' title="bbox 442 4767 1962 4839">
     <span class='ocr_line' id='line_1_96' title="bbox 442 4767 1962 4839; baseline 0.003 -18"><span class='ocrx_word' id='word_1_739' title='bbox 442 4778 656 4838; x_wconf 80' lang='lat' dir='ltr'><strong>propter</strong></span> <span class='ocrx_word' id='word_1_740' title='bbox 671 4767 1045 4837; x_wconf 87' lang='lat' dir='ltr'><strong>principatum,</strong></span> <span class='ocrx_word' id='word_1_741' title='bbox 1071 4774 1389 4836; x_wconf 88' lang='lat' dir='ltr'><strong>propterque</strong></span> <span class='ocrx_word' id='word_1_742' title='bbox 1411 4768 1607 4838; x_wconf 84' lang='lat' dir='ltr'><strong>regiam</strong></span> <span class='ocrx_word' id='word_1_743' title='bbox 1630 4769 1962 4839; x_wconf 81' lang='lat' dir='ltr'><strong>dignitatem,</strong></span> 
     </span>
    </p>
   </div>
   <div class='ocr_carea' id='block_1_97' title="bbox 447 4857 1965 4932">
    <p class='ocr_par' dir='ltr' id='par_1_97' title="bbox 447 4857 1965 4932">
     <span class='ocr_line' id='line_1_97' title="bbox 447 4857 1965 4932; baseline 0.003 -22"><span class='ocrx_word' id='word_1_744' title='bbox 447 4876 466 4909; x_wconf 82' lang='grc' dir='ltr'><strong>ι</strong></span> <span class='ocrx_word' id='word_1_745' title='bbox 508 4860 717 4915; x_wconf 88' lang='lat' dir='ltr'><strong>catulus</strong></span> <span class='ocrx_word' id='word_1_746' title='bbox 764 4860 933 4915; x_wconf 90' lang='lat' dir='ltr'><strong>leonis</strong></span> <span class='ocrx_word' id='word_1_747' title='bbox 974 4879 992 4911; x_wconf 78' lang='grc' dir='ltr'><strong>ι</strong></span> <span class='ocrx_word' id='word_1_748' title='bbox 1024 4874 1145 4914; x_wconf 88' lang='lat' dir='ltr'><strong>esse</strong></span> <span class='ocrx_word' id='word_1_749' title='bbox 1189 4858 1405 4913; x_wconf 90' lang='lat' dir='ltr'><strong>dicitur.</strong></span> <span class='ocrx_word' id='word_1_750' title='bbox 1437 4857 1631 4914; x_wconf 73' lang='lat' dir='ltr'><strong>Gloria:</strong></span> <span class='ocrx_word' id='word_1_751' title='bbox 1677 4862 1839 4932; x_wconf 80' lang='lat' dir='ltr'><strong>igitur</strong></span> <span class='ocrx_word' id='word_1_752' title='bbox 1864 4861 1965 4916; x_wconf 92' lang='lat' dir='ltr'><strong>sibi</strong></span> 
     </span>
    </p>
   </div>
   <div class='ocr_carea' id='block_1_98' title="bbox 443 4950 1968 5024">
    <p class='ocr_par' dir='ltr' id='par_1_98' title="bbox 443 4950 1968 5024">
     <span class='ocr_line' id='line_1_98' title="bbox 443 4950 1968 5024; baseline 0.005 -25"><span class='ocrx_word' id='word_1_753' title='bbox 443 4950 685 5003; x_wconf 87' lang='lat' dir='ltr'><strong>tribuens</strong></span> <span class='ocrx_word' id='word_1_754' title='bbox 712 4951 797 5005; x_wconf 90' lang='lat' dir='ltr'><strong>hic</strong></span> <span class='ocrx_word' id='word_1_755' title='bbox 828 4959 937 5005; x_wconf 91' lang='lat' dir='ltr'><strong>tum</strong></span> <span class='ocrx_word' id='word_1_756' title='bbox 977 4951 1185 5020; x_wconf 85' lang='lat' dir='ltr'><strong>generis</strong></span> <span class='ocrx_word' id='word_1_757' title='bbox 1212 4951 1475 5019; x_wconf 85' lang='lat' dir='ltr'><strong>princeps,</strong></span> <span class='ocrx_word' id='word_1_758' title='bbox 1511 4959 1621 5006; x_wconf 93' lang='lat' dir='ltr'><strong>tum</strong></span> <span class='ocrx_word' id='word_1_759' title='bbox 1656 4956 1813 5007; x_wconf 87' lang='lat' dir='ltr'><strong>etiam</strong></span> <span class='ocrx_word' id='word_1_760' title='bbox 1845 4970 1968 5024; x_wconf 89' lang='lat' dir='ltr'><strong>pro-</strong></span> 
     </span>
    </p>
   </div>
   <div class='ocr_carea' id='block_1_99' title="bbox 445 5036 1967 5113">
    <p class='ocr_par' dir='ltr' id='par_1_99' title="bbox 445 5036 1967 5113">
     <span class='ocr_line' id='line_1_99' title="bbox 445 5036 1967 5113; baseline 0.006 -25"><span class='ocrx_word' id='word_1_761' title='bbox 445 5036 601 5105; x_wconf 85' lang='lat' dir='ltr'><strong>pheta</strong></span> <span class='ocrx_word' id='word_1_762' title='bbox 631 5040 851 5107; x_wconf 89' lang='lat' dir='ltr'><strong>hujusce</strong></span> <span class='ocrx_word' id='word_1_763' title='bbox 878 5043 1048 5096; x_wconf 85' lang='lat' dir='ltr'><strong>tribus</strong></span> <span class='ocrx_word' id='word_1_764' title='bbox 1073 5041 1400 5111; x_wconf 84' lang='lat' dir='ltr'><strong>dignitatem,</strong></span> <span class='ocrx_word' id='word_1_765' title='bbox 1437 5042 1675 5113; x_wconf 80' lang='lat' dir='ltr'><strong>adjungit</strong></span> <span class='ocrx_word' id='word_1_766' title='bbox 1700 5048 1840 5113; x_wconf 90' lang='lat' dir='ltr'><strong>quod</strong></span> <span class='ocrx_word' id='word_1_767' title='bbox 1869 5059 1967 5097; x_wconf 89' lang='lat' dir='ltr'><strong>se-</strong></span> 
     </span>
    </p>
   </div>
   <div class='ocr_carea' id='block_1_100' title="bbox 448 5128 1967 5199">
    <p class='ocr_par' dir='ltr' id='par_1_100' title="bbox 448 5128 1967 5199">
     <span class='ocr_line' id='line_1_100' title="bbox 448 5128 1967 5199; baseline 0.007 -25"><span class='ocrx_word' id='word_1_768' title='bbox 448 5128 630 5192; x_wconf 86' lang='lat' dir='ltr'><strong>quitur</strong></span> <span class='ocrx_word' id='word_1_769' title='bbox 661 5145 704 5179; x_wconf 68' lang='lat' dir='ltr'><strong>:t</strong></span> <span class='ocrx_word' id='word_1_770' title='bbox 741 5128 812 5182; x_wconf 91' lang='lat' dir='ltr'><strong>De</strong></span> <span class='ocrx_word' id='word_1_771' title='bbox 841 5134 1097 5198; x_wconf 78' lang='lat' dir='ltr'><strong>germine,</strong></span> <span class='ocrx_word' id='word_1_772' title='bbox 1135 5132 1203 5185; x_wconf 82' lang='lat' dir='ltr'><strong>[ili</strong></span> <span class='ocrx_word' id='word_1_773' title='bbox 1231 5133 1326 5199; x_wconf 86' lang='lat' dir='ltr'><strong>mi,</strong></span> <span class='ocrx_word' id='word_1_774' title='bbox 1354 5134 1661 5189; x_wconf 89' lang='lat' dir='ltr'><strong>ascendisti.</strong></span> <span class='ocrx_word' id='word_1_775' title='bbox 1698 5132 1853 5186; x_wconf 73' lang='lat' dir='ltr'><strong>illlud</strong></span> <span class='ocrx_word' id='word_1_776' title='bbox 1878 5147 1967 5185; x_wconf 89' lang='lat' dir='ltr'><strong>au-</strong></span> 
     </span>
    </p>
   </div>
   <div class='ocr_carea' id='block_1_101' title="bbox 449 5218 1965 5290">
    <p class='ocr_par' dir='ltr' id='par_1_101' title="bbox 449 5218 1965 5290">
     <span class='ocr_line' id='line_1_101' title="bbox 449 5218 1965 5290; baseline 0.008 -26"><span class='ocrx_word' id='word_1_777' title='bbox 449 5219 558 5265; x_wconf 89' lang='lat' dir='ltr'><strong>tem</strong></span> <span class='ocrx_word' id='word_1_778' title='bbox 592 5230 607 5266; x_wconf 91' lang='lat'><strong>:</strong></span> <span class='ocrx_word' id='word_1_779' title='bbox 641 5229 661 5262; x_wconf 74' lang='grc' dir='ltr'><strong>ι</strong></span> <span class='ocrx_word' id='word_1_780' title='bbox 701 5218 1013 5272; x_wconf 86' lang='lat' dir='ltr'><strong>recumbens</strong></span> <span class='ocrx_word' id='word_1_781' title='bbox 1045 5220 1339 5276; x_wconf 90' lang='lat' dir='ltr'><strong>dormivisti</strong></span> <span class='ocrx_word' id='word_1_782' title='bbox 1369 5232 1424 5276; x_wconf 85' lang='lat' dir='ltr'><strong>ut</strong></span> <span class='ocrx_word' id='word_1_783' title='bbox 1446 5224 1558 5290; x_wconf 81' lang='lat' dir='ltr'><strong>leo,</strong></span> <span class='ocrx_word' id='word_1_784' title='bbox 1592 5233 1644 5277; x_wconf 90' lang='lat' dir='ltr'><strong>et</strong></span> <span class='ocrx_word' id='word_1_785' title='bbox 1676 5231 1732 5276; x_wconf 92' lang='lat' dir='ltr'><strong>ut</strong></span> <span class='ocrx_word' id='word_1_786' title='bbox 1760 5220 1965 5276; x_wconf 86' lang='lat' dir='ltr'><strong>catulus</strong></span> 
     </span>
    </p>
   </div>
   <div class='ocr_carea' id='block_1_102' title="bbox 452 5300 1965 5382">
    <p class='ocr_par' dir='ltr' id='par_1_102' title="bbox 452 5300 1965 5382">
     <span class='ocr_line' id='line_1_102' title="bbox 452 5300 1965 5382; baseline 0.007 -28"><span class='ocrx_word' id='word_1_787' title='bbox 452 5300 647 5363; x_wconf 78' lang='lat' dir='ltr'><strong>leonis,</strong></span> <span class='ocrx_word' id='word_1_788' title='bbox 686 5319 704 5350; x_wconf 79' lang='grc' dir='ltr'><strong>ι</strong></span> <span class='ocrx_word' id='word_1_789' title='bbox 744 5302 979 5368; x_wconf 88' lang='lat' dir='ltr'><strong>ejusdem</strong></span> <span class='ocrx_word' id='word_1_790' title='bbox 1013 5310 1183 5363; x_wconf 87' lang='lat' dir='ltr'><strong>tribus</strong></span> <span class='ocrx_word' id='word_1_791' title='bbox 1222 5314 1558 5382; x_wconf 74' lang='lat' dir='ltr'><strong>magnificum</strong></span> <span class='ocrx_word' id='word_1_792' title='bbox 1605 5313 1766 5367; x_wconf 91' lang='lat' dir='ltr'><strong>animi</strong></span> <span class='ocrx_word' id='word_1_793' title='bbox 1813 5313 1965 5380; x_wconf 63' lang='lat' dir='ltr'><strong>inger</strong></span> 
     </span>
    </p>
   </div>
   <div class='ocr_carea' id='block_1_103' title="bbox 452 5391 1967 5475">
    <p class='ocr_par' dir='ltr' id='par_1_103' title="bbox 452 5391 1967 5475">
     <span class='ocr_line' id='line_1_103' title="bbox 452 5391 1967 5475; baseline 0.01 -32"><span class='ocrx_word' id='word_1_794' title='bbox 452 5392 601 5446; x_wconf 87' lang='lat' dir='ltr'><strong>nium</strong></span> <span class='ocrx_word' id='word_1_795' title='bbox 617 5400 668 5444; x_wconf 91' lang='lat' dir='ltr'><strong>et</strong></span> <span class='ocrx_word' id='word_1_796' title='bbox 683 5391 968 5458; x_wconf 89' lang='lat' dir='ltr'><strong>conlidens,</strong></span> <span class='ocrx_word' id='word_1_797' title='bbox 984 5400 1230 5463; x_wconf 86' lang='lat' dir='ltr'><strong>ostendit,</strong></span> <span class='ocrx_word' id='word_1_798' title='bbox 1247 5405 1490 5475; x_wconf 89' lang='lat' dir='ltr'><strong>quodque</strong></span> <span class='ocrx_word' id='word_1_799' title='bbox 1503 5405 1662 5460; x_wconf 88' lang='lat' dir='ltr'><strong>nullis</strong></span> <span class='ocrx_word' id='word_1_800' title='bbox 1705 5404 1967 5459; x_wconf 84' lang='lat' dir='ltr'><strong>extrinse-</strong></span> 
     </span>
    </p>
   </div>
   <div class='ocr_carea' id='block_1_104' title="bbox 449 5481 1967 5564">
    <p class='ocr_par' dir='ltr' id='par_1_104' title="bbox 449 5481 1967 5564">
     <span class='ocr_line' id='line_1_104' title="bbox 449 5481 1967 5564; baseline 0.005 -28"><span class='ocrx_word' id='word_1_801' title='bbox 449 5496 548 5536; x_wconf 82' lang='lat' dir='ltr'><strong>cus</strong></span> <span class='ocrx_word' id='word_1_802' title='bbox 597 5481 964 5550; x_wconf 81' lang='lat' dir='ltr'><strong>ingruentibus</strong></span> <span class='ocrx_word' id='word_1_803' title='bbox 1012 5487 1172 5541; x_wconf 90' lang='lat' dir='ltr'><strong>rebus</strong></span> <span class='ocrx_word' id='word_1_804' title='bbox 1204 5497 1560 5561; x_wconf 86' lang='lat' dir='ltr'><strong>concutiatur,</strong></span> <span class='ocrx_word' id='word_1_805' title='bbox 1591 5503 1644 5550; x_wconf 89' lang='lat' dir='ltr'><strong>et</strong></span> <span class='ocrx_word' id='word_1_806' title='bbox 1683 5495 1823 5564; x_wconf 89' lang='lat' dir='ltr'><strong>quod</strong></span> <span class='ocrx_word' id='word_1_807' title='bbox 1855 5502 1967 5544; x_wconf 89' lang='lat' dir='ltr'><strong>tum</strong></span> 
     </span>
    </p>
   </div>
   <div class='ocr_carea' id='block_1_105' title="bbox 452 5575 1965 5657">
    <p class='ocr_par' dir='ltr' id='par_1_105' title="bbox 452 5575 1965 5657">
     <span class='ocr_line' id='line_1_105' title="bbox 452 5575 1965 5657; baseline 0.003 -29"><span class='ocrx_word' id='word_1_808' title='bbox 452 5575 773 5643; x_wconf 87' lang='lat' dir='ltr'><strong>intrepidum</strong></span> <span class='ocrx_word' id='word_1_809' title='bbox 796 5590 854 5630; x_wconf 85' lang='lat' dir='ltr'><strong>se</strong></span> <span class='ocrx_word' id='word_1_810' title='bbox 884 5576 1132 5645; x_wconf 64' lang='lat' dir='ltr'><strong>praebeat,</strong></span> <span class='ocrx_word' id='word_1_811' title='bbox 1167 5587 1273 5631; x_wconf 91' lang='lat' dir='ltr'><strong>tutn</strong></span> <span class='ocrx_word' id='word_1_812' title='bbox 1301 5588 1624 5657; x_wconf 87' lang='lat' dir='ltr'><strong>contemptui</strong></span> <span class='ocrx_word' id='word_1_813' title='bbox 1647 5585 1837 5640; x_wconf 86' lang='lat' dir='ltr'><strong>habeat</strong></span> <span class='ocrx_word' id='word_1_814' title='bbox 1863 5581 1965 5634; x_wconf 90' lang='lat' dir='ltr'><strong>ini-</strong></span> 
     </span>
    </p>
   </div>
   <div class='ocr_carea' id='block_1_106' title="bbox 452 5665 1967 5745">
    <p class='ocr_par' dir='ltr' id='par_1_106' title="bbox 452 5665 1967 5745">
     <span class='ocr_line' id='line_1_106' title="bbox 452 5665 1967 5745; baseline 0.006 -23"><span class='ocrx_word' id='word_1_815' title='bbox 452 5667 639 5722; x_wconf 70' lang='lat' dir='ltr'><strong>micos.</strong></span> <span class='ocrx_word' id='word_1_816' title='bbox 682 5665 832 5721; x_wconf 85' lang='lat' dir='ltr'><strong>Illum</strong></span> <span class='ocrx_word' id='word_1_817' title='bbox 866 5680 990 5721; x_wconf 86' lang='lat' dir='ltr'><strong>vero</strong></span> <span class='ocrx_word' id='word_1_818' title='bbox 1030 5666 1130 5722; x_wconf 85' lang='lat' dir='ltr'><strong>hoc</strong></span> <span class='ocrx_word' id='word_1_819' title='bbox 1167 5669 1321 5725; x_wconf 76' lang='lat' dir='ltr'><strong>modo</strong></span> <span class='ocrx_word' id='word_1_820' title='bbox 1350 5687 1407 5729; x_wconf 82' lang='lat' dir='ltr'><strong>se</strong></span> <span class='ocrx_word' id='word_1_821' title='bbox 1448 5676 1749 5745; x_wconf 85' lang='lat' dir='ltr'><strong>habentem,</strong></span> <span class='ocrx_word' id='word_1_822' title='bbox 1778 5689 1839 5730; x_wconf 87' lang='lat' dir='ltr'><strong>ac</strong></span> <span class='ocrx_word' id='word_1_823' title='bbox 1872 5688 1967 5744; x_wconf 83' lang='lat' dir='ltr'><strong>po-</strong></span> 
     </span>
    </p>
   </div>
   <div class='ocr_carea' id='block_1_107' title="bbox 2062 4492 3697 4588">
    <p class='ocr_par' dir='ltr' id='par_1_107' title="bbox 2062 4492 3697 4588">
     <span class='ocr_line' id='line_1_107' title="bbox 2062 4492 3697 4588; baseline 0.015 -46"><span class='ocrx_word' id='word_1_824' title='bbox 2062 4492 2122 4588; x_wconf 70' lang='grc' dir='ltr'><strong>τό</strong></span> <span class='ocrx_word' id='word_1_825' title='bbox 2158 4509 2210 4543; x_wconf 84' lang='grc' dir='ltr'><strong>τε</strong></span> <span class='ocrx_word' id='word_1_826' title='bbox 2241 4492 2450 4588; x_wconf 54' lang='grc' dir='ltr'>ἄφοδον</span> <span class='ocrx_word' id='word_1_827' title='bbox 2484 4496 2717 4588; x_wconf 67' lang='grc' dir='ltr'>καὶτῶν</span> <span class='ocrx_word' id='word_1_828' title='bbox 2747 4499 2978 4570; x_wconf 83' lang='grc' dir='ltr'>ἐχθρῶν</span> <span class='ocrx_word' id='word_1_829' title='bbox 3010 4492 3697 4588; x_wconf 62' lang='grc' dir='ltr'>καταφρονητικὸνπιρ-</span> 
     </span>
    </p>
   </div>
   <div class='ocr_carea' id='block_1_108' title="bbox 2064 4581 3697 4675">
    <p class='ocr_par' dir='ltr' id='par_1_108' title="bbox 2064 4581 3697 4675">
     <span class='ocr_line' id='line_1_108' title="bbox 2064 4581 3697 4675; baseline 0.016 -44"><span class='ocrx_word' id='word_1_830' title='bbox 2064 4581 2254 4675; x_wconf 67' lang='grc' dir='ltr'>ιστησι.</span> <span class='ocrx_word' id='word_1_831' title='bbox 2281 4584 2547 4675; x_wconf 9' lang='grc' dir='ltr'>ῌΤοιοῦτον</span> <span class='ocrx_word' id='word_1_832' title='bbox 2584 4585 2641 4639; x_wconf 87' lang='grc' dir='ltr'><strong>δέ</strong></span> <span class='ocrx_word' id='word_1_833' title='bbox 2674 4587 2841 4642; x_wconf 77' lang='grc' dir='ltr'>αὑτὸν</span> <span class='ocrx_word' id='word_1_834' title='bbox 2868 4592 3017 4649; x_wconf 78' lang='grc' dir='ltr'>ὄντα</span> <span class='ocrx_word' id='word_1_835' title='bbox 3042 4638 3062 4663; x_wconf 85' lang='grc'><strong>,</strong></span> <span class='ocrx_word' id='word_1_836' title='bbox 3107 4581 3338 4673; x_wconf 77' lang='grc' dir='ltr'>μᾶλλον</span> <span class='ocrx_word' id='word_1_837' title='bbox 3371 4581 3435 4661; x_wconf 79' lang='grc' dir='ltr'>δὲ</span> <span class='ocrx_word' id='word_1_838' title='bbox 3470 4581 3697 4675; x_wconf 74' lang='grc' dir='ltr'>τοιαύτην</span> 
     </span>
    </p>
   </div>
   <div class='ocr_carea' id='block_1_109' title="bbox 2060 4669 3697 4770">
    <p class='ocr_par' dir='ltr' id='par_1_109' title="bbox 2060 4669 3697 4770">
     <span class='ocr_line' id='line_1_109' title="bbox 2060 4669 3697 4770; baseline 0.023 -49"><span class='ocrx_word' id='word_1_839' title='bbox 2060 4669 2219 4770; x_wconf 72' lang='grc' dir='ltr'>οὖσαν</span> <span class='ocrx_word' id='word_1_840' title='bbox 2242 4673 2339 4770; x_wconf 74' lang='grc' dir='ltr'><strong>την</strong></span> <span class='ocrx_word' id='word_1_841' title='bbox 2353 4675 2558 4770; x_wconf 59' lang='grc' dir='ltr'><strong>Δ(φυλὴν,</strong></span> <span class='ocrx_word' id='word_1_842' title='bbox 2590 4695 2610 4727; x_wconf 76' lang='grc' dir='ltr'><strong>ι</strong></span> <span class='ocrx_word' id='word_1_843' title='bbox 2637 4680 2771 4747; x_wconf 85' lang='grc' dir='ltr'>Τίς,</span> <span class='ocrx_word' id='word_1_844' title='bbox 2803 4686 3013 4754; x_wconf 71' lang='grc' dir='ltr'>φησὶν,</span> <span class='ocrx_word' id='word_1_845' title='bbox 3064 4669 3408 4770; x_wconf 70' lang='grc' dir='ltr'>ἀναστήσει</span> <span class='ocrx_word' id='word_1_846' title='bbox 3436 4716 3450 4764; x_wconf 92' lang='grc'><strong>;</strong></span> <span class='ocrx_word' id='word_1_847' title='bbox 3497 4719 3515 4751; x_wconf 78' lang='grc' dir='ltr'><strong>ι</strong></span> <span class='ocrx_word' id='word_1_848' title='bbox 3555 4669 3697 4770; x_wconf 61' lang='grc' dir='ltr'>μέγέν</span> 
     </span>
    </p>
   </div>
   <div class='ocr_carea' id='block_1_110' title="bbox 2061 4762 3697 4859">
    <p class='ocr_par' dir='ltr' id='par_1_110' title="bbox 2061 4762 3697 4859">
     <span class='ocr_line' id='line_1_110' title="bbox 2061 4762 3697 4859; baseline 0.019 -48"><span class='ocrx_word' id='word_1_849' title='bbox 2061 4762 2697 4859; x_wconf 26' lang='grc' dir='ltr'>τινάρκαὶ-θαυμαστὸν,</span> <span class='ocrx_word' id='word_1_850' title='bbox 2751 4774 3003 4830; x_wconf 85' lang='grc' dir='ltr'>σπάνιόν</span> <span class='ocrx_word' id='word_1_851' title='bbox 3054 4799 3129 4836; x_wconf 88' lang='grc' dir='ltr'><strong>τε</strong></span> <span class='ocrx_word' id='word_1_852' title='bbox 3189 4762 3309 4840; x_wconf 68' lang='grc' dir='ltr'><strong>καὶ⁷</strong></span> <span class='ocrx_word' id='word_1_853' title='bbox 3346 4762 3697 4859; x_wconf 70' lang='grc' dir='ltr'>δυσθεώρητον</span> 
     </span>
    </p>
   </div>
   <div class='ocr_carea' id='block_1_111' title="bbox 2062 4852 3702 4950">
    <p class='ocr_par' dir='ltr' id='par_1_111' title="bbox 2062 4852 3702 4950">
     <span class='ocr_line' id='line_1_111' title="bbox 2062 4852 3702 4950; baseline 0.017 -47"><span class='ocrx_word' id='word_1_854' title='bbox 2062 4852 2269 4950; x_wconf 83' lang='grc' dir='ltr'>ἔσεσθαι</span> <span class='ocrx_word' id='word_1_855' title='bbox 2296 4855 2384 4907; x_wconf 85' lang='grc' dir='ltr'><strong>τὸν</strong></span> <span class='ocrx_word' id='word_1_856' title='bbox 2415 4857 2676 4950; x_wconf 49' lang='grc' dir='ltr'>μέλλοντα</span> <span class='ocrx_word' id='word_1_857' title='bbox 2707 4863 3075 4936; x_wconf 82' lang='grc' dir='ltr'>ἀναστήσειν</span> <span class='ocrx_word' id='word_1_858' title='bbox 3100 4875 3213 4929; x_wconf 79' lang='grc' dir='ltr'><strong>τοῦ</strong></span> <span class='ocrx_word' id='word_1_859' title='bbox 3246 4876 3479 4950; x_wconf 78' lang='grc' dir='ltr'>θρόνου,</span> <span class='ocrx_word' id='word_1_860' title='bbox 3516 4852 3702 4945; x_wconf 20' lang='grc' dir='ltr'>καὶῠμει</span> 
     </span>
    </p>
   </div>
   <div class='ocr_carea' id='block_1_112' title="bbox 2060 4944 3698 5041">
    <p class='ocr_par' dir='ltr' id='par_1_112' title="bbox 2060 4944 3698 5041">
     <span class='ocr_line' id='line_1_112' title="bbox 2060 4944 3698 5041; baseline 0.015 -49"><span class='ocrx_word' id='word_1_861' title='bbox 2060 4944 2480 5041; x_wconf 40' lang='grc' dir='ltr'>τρτὴσειντοῦ</span> <span class='ocrx_word' id='word_1_862' title='bbox 2527 4951 2759 5020; x_wconf 80' lang='grc' dir='ltr'>ἀρχικοῦ</span> <span class='ocrx_word' id='word_1_863' title='bbox 2816 4955 3176 5029; x_wconf 80' lang='grc' dir='ltr'>ἀξιώματος</span> <span class='ocrx_word' id='word_1_864' title='bbox 3220 4944 3335 5039; x_wconf 55' lang='grc' dir='ltr'><strong>την</strong></span> <span class='ocrx_word' id='word_1_865' title='bbox 3390 4968 3698 5041; x_wconf 74' lang='grc' dir='ltr'>δηλωθείσαν</span> 
     </span>
    </p>
   </div>
   <div class='ocr_carea' id='block_1_113' title="bbox 2063 5037 3697 5133">
    <p class='ocr_par' dir='ltr' id='par_1_113' title="bbox 2063 5037 3697 5133">
     <span class='ocr_line' id='line_1_113' title="bbox 2063 5037 3697 5133; baseline 0.02 -46"><span class='ocrx_word' id='word_1_866' title='bbox 2063 5037 2233 5133; x_wconf 51' lang='grc' dir='ltr'>φυλὴν</span> <span class='ocrx_word' id='word_1_867' title='bbox 2263 5039 2648 5133; x_wconf 64' lang='grc' dir='ltr'>αἰνιξάμενοςέ</span> <span class='ocrx_word' id='word_1_868' title='bbox 2673 5046 2775 5109; x_wconf 89' lang='grc' dir='ltr'><strong>Τίς</strong></span> <span class='ocrx_word' id='word_1_869' title='bbox 2808 5047 2869 5100; x_wconf 83' lang='grc' dir='ltr'>δὲ</span> <span class='ocrx_word' id='word_1_870' title='bbox 2900 5049 3022 5122; x_wconf 78' lang='grc' dir='ltr'>ἄρα</span> <span class='ocrx_word' id='word_1_871' title='bbox 3052 5052 3239 5123; x_wconf 76' lang='grc' dir='ltr'>οὗτος</span> <span class='ocrx_word' id='word_1_872' title='bbox 3265 5037 3342 5133; x_wconf 68' lang='grc' dir='ltr'>ἦν</span> <span class='ocrx_word' id='word_1_873' title='bbox 3363 5103 3379 5126; x_wconf 93' lang='grc'><strong>,</strong></span> <span class='ocrx_word' id='word_1_874' title='bbox 3418 5037 3546 5133; x_wconf 70' lang='grc' dir='ltr'><strong>ἐξῆς</strong></span> <span class='ocrx_word' id='word_1_875' title='bbox 3578 5060 3697 5130; x_wconf 69' lang='grc' dir='ltr'><strong>ἡμᾶς</strong></span> 
     </span>
    </p>
   </div>
   <div class='ocr_carea' id='block_1_114' title="bbox 2062 5127 3699 5222">
    <p class='ocr_par' dir='ltr' id='par_1_114' title="bbox 2062 5127 3699 5222">
     <span class='ocr_line' id='line_1_114' title="bbox 2062 5127 3699 5222; baseline 0.016 -44"><span class='ocrx_word' id='word_1_876' title='bbox 2062 5127 2346 5222; x_wconf 68' lang='grc' dir='ltr'>ἐφίστησι,</span> <span class='ocrx_word' id='word_1_877' title='bbox 2377 5130 2566 5222; x_wconf 78' lang='grc' dir='ltr'>τοῦτον</span> <span class='ocrx_word' id='word_1_878' title='bbox 2595 5129 2737 5187; x_wconf 82' lang='grc' dir='ltr'>εἶναι</span> <span class='ocrx_word' id='word_1_879' title='bbox 2761 5136 3065 5198; x_wconf 83' lang='grc' dir='ltr'>διδάσκων</span> <span class='ocrx_word' id='word_1_880' title='bbox 3102 5150 3213 5202; x_wconf 76' lang='grc' dir='ltr'><strong>τὸν</strong></span> <span class='ocrx_word' id='word_1_881' title='bbox 3253 5127 3539 5222; x_wconf 70' lang='grc' dir='ltr'>μέλλοντα</span> <span class='ocrx_word' id='word_1_882' title='bbox 3560 5127 3699 5220; x_wconf 76' lang='grc' dir='ltr'>προσ·</span> 
     </span>
    </p>
   </div>
   <div class='ocr_carea' id='block_1_115' title="bbox 2061 5217 3696 5315">
    <p class='ocr_par' dir='ltr' id='par_1_115' title="bbox 2061 5217 3696 5315">
     <span class='ocr_line' id='line_1_115' title="bbox 2061 5217 3696 5315; baseline 0.013 -47"><span class='ocrx_word' id='word_1_883' title='bbox 2061 5217 2239 5315; x_wconf 76' lang='grc' dir='ltr'>δοκίαν</span> <span class='ocrx_word' id='word_1_884' title='bbox 2282 5219 2496 5315; x_wconf 78' lang='grc' dir='ltr'>ἔσεσθαι</span> <span class='ocrx_word' id='word_1_885' title='bbox 2537 5224 2646 5277; x_wconf 84' lang='grc' dir='ltr'>τῶν</span> <span class='ocrx_word' id='word_1_886' title='bbox 2686 5227 2900 5291; x_wconf 85' lang='grc' dir='ltr'>ἐθνῶν,</span> <span class='ocrx_word' id='word_1_887' title='bbox 2928 5232 2996 5297; x_wconf 81' lang='grc' dir='ltr'><strong>ὃς</strong></span> <span class='ocrx_word' id='word_1_888' title='bbox 3032 5239 3110 5291; x_wconf 72' lang='grc' dir='ltr'>οὐ</span> <span class='ocrx_word' id='word_1_889' title='bbox 3156 5217 3455 5315; x_wconf 55' lang='grc' dir='ltr'>πρὸ-τερον</span> <span class='ocrx_word' id='word_1_890' title='bbox 3487 5217 3696 5314; x_wconf 58' lang='grc' dir='ltr'>φανήσει</span> 
     </span>
    </p>
   </div>
   <div class='ocr_carea' id='block_1_116' title="bbox 2065 5311 3700 5404">
    <p class='ocr_par' dir='ltr' id='par_1_116' title="bbox 2065 5311 3700 5404">
     <span class='ocr_line' id='line_1_116' title="bbox 2065 5311 3700 5404; baseline 0.015 -43"><span class='ocrx_word' id='word_1_891' title='bbox 2065 5311 2186 5363; x_wconf 91' lang='grc' dir='ltr'>σθαι</span> <span class='ocrx_word' id='word_1_892' title='bbox 2223 5312 2281 5364; x_wconf 89' lang='grc' dir='ltr'><strong>ἐν</strong></span> <span class='ocrx_word' id='word_1_893' title='bbox 2327 5313 2665 5386; x_wconf 83' lang='grc' dir='ltr'>ἀνθρώποις,</span> <span class='ocrx_word' id='word_1_894' title='bbox 2699 5317 2733 5390; x_wconf 80' lang='grc' dir='ltr'>ἢ</span> <span class='ocrx_word' id='word_1_895' title='bbox 2767 5320 3073 5380; x_wconf 82' lang='grc' dir='ltr'>ἐκλείπειν</span> <span class='ocrx_word' id='word_1_896' title='bbox 3108 5311 3401 5404; x_wconf 46' lang='grc' dir='ltr'>ἆράοντα,</span> <span class='ocrx_word' id='word_1_897' title='bbox 3435 5311 3532 5387; x_wconf 75' lang='grc' dir='ltr'><strong>καὶ</strong></span> <span class='ocrx_word' id='word_1_898' title='bbox 3559 5327 3700 5399; x_wconf 68' lang='grc' dir='ltr'>ἡγού-</span> 
     </span>
    </p>
   </div>
   <div class='ocr_carea' id='block_1_117' title="bbox 2067 5406 3697 5495">
    <p class='ocr_par' dir='ltr' id='par_1_117' title="bbox 2067 5406 3697 5495">
     <span class='ocr_line' id='line_1_117' title="bbox 2067 5406 3697 5495; baseline 0.015 -43"><span class='ocrx_word' id='word_1_899' title='bbox 2067 5419 2221 5495; x_wconf 87' lang='grc' dir='ltr'>μενον</span> <span class='ocrx_word' id='word_1_900' title='bbox 2275 5406 2784 5478; x_wconf 83' lang='grc' dir='ltr'>μετασταθήσεσθαι</span> <span class='ocrx_word' id='word_1_901' title='bbox 2809 5452 2823 5476; x_wconf 84' lang='grc'><strong>,</strong></span> <span class='ocrx_word' id='word_1_902' title='bbox 2879 5417 2984 5469; x_wconf 70' lang='grc' dir='ltr'>καὶ</span> <span class='ocrx_word' id='word_1_903' title='bbox 3044 5420 3578 5495; x_wconf 82' lang='grc' dir='ltr'>ἀπαναστήσεσθαι</span> <span class='ocrx_word' id='word_1_904' title='bbox 3616 5417 3697 5485; x_wconf 65' lang='grc' dir='ltr'><strong>τῆς</strong></span> 
     </span>
    </p>
   </div>
   <div class='ocr_carea' id='block_1_118' title="bbox 2064 5494 3698 5585">
    <p class='ocr_par' dir='ltr' id='par_1_118' title="bbox 2064 5494 3698 5585">
     <span class='ocr_line' id='line_1_118' title="bbox 2064 5494 3698 5585; baseline 0.02 -41"><span class='ocrx_word' id='word_1_905' title='bbox 2064 5494 2235 5585; x_wconf 77' lang='grc' dir='ltr'>ἀρχῆς</span> <span class='ocrx_word' id='word_1_906' title='bbox 2264 5496 2375 5585; x_wconf 44' lang='grc' dir='ltr'><strong>τὴν</strong></span> <span class='ocrx_word' id='word_1_907' title='bbox 2420 5496 2513 5550; x_wconf 79' lang='grc' dir='ltr'><strong>τοῦ</strong></span> <span class='ocrx_word' id='word_1_908' title='bbox 2569 5499 2748 5554; x_wconf 85' lang='grc' dir='ltr'>Ἰούδα</span> <span class='ocrx_word' id='word_1_909' title='bbox 2793 5505 2978 5577; x_wconf 73' lang='grc' dir='ltr'>φυλὴν</span> <span class='ocrx_word' id='word_1_910' title='bbox 3015 5494 3492 5585; x_wconf 79' lang='grc' dir='ltr'>προφητεύεται.</span> <span class='ocrx_word' id='word_1_911' title='bbox 3535 5514 3625 5574; x_wconf 79' lang='grc' dir='ltr'><strong>Τίς</strong></span> <span class='ocrx_word' id='word_1_912' title='bbox 3650 5505 3698 5559; x_wconf 63' lang='grc' dir='ltr'><strong>δὲ</strong></span> 
     </span>
    </p>
   </div>
   <div class='ocr_carea' id='block_1_119' title="bbox 2063 5577 3699 5675">
    <p class='ocr_par' dir='ltr' id='par_1_119' title="bbox 2063 5577 3699 5675">
     <span class='ocr_line' id='line_1_119' title="bbox 2063 5577 3699 5675; baseline 0.015 -42"><span class='ocrx_word' id='word_1_913' title='bbox 2063 5577 2214 5646; x_wconf 73' lang='grc' dir='ltr'>οὗτος</span> <span class='ocrx_word' id='word_1_914' title='bbox 2262 5579 2328 5655; x_wconf 74' lang='grc' dir='ltr'>ἦν</span> <span class='ocrx_word' id='word_1_915' title='bbox 2372 5585 2425 5675; x_wconf 29' lang='grc' dir='ltr'><strong>ἢ*</strong></span> <span class='ocrx_word' id='word_1_916' title='bbox 2456 5588 2484 5639; x_wconf 88' lang='grc' dir='ltr'>ὁ</span> <span class='ocrx_word' id='word_1_917' title='bbox 2536 5589 2734 5663; x_wconf 72' lang='grc' dir='ltr'>Σωτὴρ</span> <span class='ocrx_word' id='word_1_918' title='bbox 2779 5595 2879 5647; x_wconf 70' lang='grc' dir='ltr'><strong>καὶ</strong></span> <span class='ocrx_word' id='word_1_919' title='bbox 2936 5577 3174 5669; x_wconf 63' lang='grc' dir='ltr'>Κύριος</span> <span class='ocrx_word' id='word_1_920' title='bbox 3219 5577 3401 5675; x_wconf 57' lang='grc' dir='ltr'>ημῶν</span> <span class='ocrx_word' id='word_1_921' title='bbox 3450 5601 3645 5673; x_wconf 78' lang='grc' dir='ltr'>Ἰησοῦς</span> <span class='ocrx_word' id='word_1_922' title='bbox 3672 5597 3699 5648; x_wconf 74' lang='grc' dir='ltr'><strong><em>δ</em></strong></span> 
     </span>
    </p>
   </div>
   <div class='ocr_carea' id='block_1_120' title="bbox 2064 5670 3696 5767">
    <p class='ocr_par' dir='ltr' id='par_1_120' title="bbox 2064 5670 3696 5767">
     <span class='ocr_line' id='line_1_120' title="bbox 2064 5670 3696 5767; baseline 0.013 -37"><span class='ocrx_word' id='word_1_923' title='bbox 2064 5674 2327 5746; x_wconf 85' lang='grc' dir='ltr'>Χριστός;</span> <span class='ocrx_word' id='word_1_924' title='bbox 2368 5670 2429 5729; x_wconf 71' lang='grc' dir='ltr'>οὗ</span> <span class='ocrx_word' id='word_1_925' title='bbox 2467 5677 2559 5733; x_wconf 81' lang='grc' dir='ltr'><strong>ἐπί</strong></span> <span class='ocrx_word' id='word_1_926' title='bbox 2599 5680 2704 5751; x_wconf 69' lang='grc' dir='ltr'>τῆς</span> <span class='ocrx_word' id='word_1_927' title='bbox 2741 5687 3028 5756; x_wconf 75' lang='grc' dir='ltr'>γενέσεως</span> <span class='ocrx_word' id='word_1_928' title='bbox 3051 5732 3069 5758; x_wconf 94' lang='grc'><strong>,</strong></span> <span class='ocrx_word' id='word_1_929' title='bbox 3108 5670 3456 5763; x_wconf 71' lang='grc' dir='ltr'>ἀκολούθως</span> <span class='ocrx_word' id='word_1_930' title='bbox 3486 5670 3550 5767; x_wconf 56' lang='lat'><strong>«.43</strong></span> <span class='ocrx_word' id='word_1_931' title='bbox 3579 5704 3696 5761; x_wconf 69' lang='grc' dir='ltr'>προσ</span> 
     </span>
    </p>
   </div>
  </div>
