3740 6316
140 371 236 425 585

1011 377 1636 435 DEMONSTBATIONIS
1673 356 2127 433 ΕνΑΝοΕιιειΕ
2163 364 2294 434 LIB.
2343 382 2465 440 VIII.

3169 389 3270 442 586

137 478 347 568 κειμένῃ
371 482 706 552 προρρήσει,
725 483 960 548 ἔξέλιπον
990 490 1084 558 μὲν
1106 491 1354 561 ἄρχοντες
1381 493 1472 545 καὶ
1503 493 1659 563 ἡγού-

1763 497 1867 552 tius
1893 496 2063 563 ipsam
2097 481 2296 546 tribum
2327 511 2440 564 quae
2459 495 2752 564 hujusmodi
2785 499 2871 564 sit,
2901 498 3041 567 quis,
3077 498 3266 568 inquit,

139 583 278 636 μενοι
301 567 357 633 ἐξ
388 569 576 623 αὐτῶν
621 573 884 628 Ἰουδαίων
909 579 1000 629 ἐπὶ
1043 579 1104 631 τὸ
1145 581 1286 644 ἔθνος
1341 581 1513 634 αὐτῶν
1541 583 1667 635 καθ-

138 653 434 722 ιστάμενοι,
461 658 496 726 ἡ
517 657 580 709 δὲ
611 659 705 711 τοῦ
755 660 919 714 Ἰούδα
964 664 1099 735 φυλὴ
1139 668 1284 731 αὐτῷ
1313 669 1448 720 ἔθνει
1489 669 1664 733 παντὶ,

135 743 220 795 τοῦ
252 744 310 809 ἐξ
333 743 535 810 αίῶνος
566 748 792 816 ἀρχικοῦ
820 752 913 802 καὶ
946 753 1213 821 βασιλικοῦ
1246 757 1542 826 ἀξιώματος
1569 776 1664 812 κα-

134 832 456 904 θαιρεθεῖσα,
483 840 604 900 τοῖς
639 839 719 890 ἔτι
748 843 839 892 καὶ
859 841 952 894 νῦν
976 846 1254 912 κρατοῦσιν
1272 848 1328 912 se
1347 849 1547 900 ἐκείνου
1575 851 1666 902 καὶ

133 925 204 985 είς
232 923 387 994 δεῦρο
417 925 663 978 δουλεύει
699 930 980 1000 Ῥωμαίοις
1002 973 1016 996 ,
1059 935 1190 1003 μετά
1217 934 1322 988 τῶν
1353 936 1547 990 λοιπῶν
1577 940 1666 992 καὶ

129 1013 184 1065 τὸ
225 1013 491 1066 Ἰουδαίων
523 1015 680 1079 ἔθνος
710 1025 1136 1092 χειρωσαμένοις.
1163 1027 1295 1096 Παρ⁹
1319 1020 1390 1079 ὧν
1433 1028 1666 1099 Ἡρώδης

129 1104 374 1173 πρῶτος,
425 1106 488 1170 ἐξ
535 1107 832 1176 ἀλλοφύλου
869 1113 1052 1179 γένους
1095 1116 1361 1185 -ὑπάρχων
1400 1117 1538 1180 ἰδίως
1572 1119 1663 1172 τοῦ

127 1194 303 1258 ἔθνους
334 1195 539 1259 αὐτῶν,
576 1198 682 1250 ὑπό
719 1216 777 1252 τε
809 1202 1105 1268 Αὐγούστου
1134 1206 1223 1256 καὶ
1255 1209 1352 1275 τῆς
1395 1207 1664 1276 Ῥωμαίων

29 1311 32 1318 -
129 1285 420 1354 συγκλήτου
455 1286 658 1358 βουλῆς
701 1289 947 1358 βασιλεὺς
987 1293 1359 1348 ἀναδέδεικται.
1400 1291 1504 1349 Ἦν
1539 1297 1664 1364 γοῦν

125 1376 151 1426 ὁ
197 1374 444 1445 Ἡρώδης
508 1377 864 1449 ’Δντιπάτρου
915 1383 1056 1442 παῖς.
1121 1382 1176 1433 '0
1216 1382 1273 1434 δὲ
1327 1384 1664 1456 Ἀντίπατρος

137 1465 533 1534 Ἀσκαλωνίτης
559 1508 574 1531 ,
639 1467 703 1520 ἔκ
749 1487 892 1532 τινος
931 1470 1036 1522 τῶν
1087 1473 1212 1541 περὶ
1255 1471 1342 1524 τὸν
1391 1472 1522 1525 νεὼν
1570 1474 1660 1526 τοῦ

135 1552 456 1620 ’Λπόλλωνος
494 1558 810 1627 ἱεροδούλων
844 1560 1200 1629 καλουμένων,
1222 1561 1278 1624 ὃς
1303 1563 1368 1632 δὴ
1389 1563 1662 1632 Κυπρίνην

126 1645 364 1713 ὀνόματι,
406 1645 474 1697 τὺ
514 1647 678 1713 γένος
715 1647 822 1700 τῶν
850 1648 905 1713 ἐξ
945 1649 1222 1718 Ἀραϐίας,
1269 1654 1492 1716 γυναῖκα
1531 1651 1661 1720 πρὸς

127 1733 283 1801 γάμον
315 1733 707 1802 ἀγαγόμενος,
740 1736 832 1788 τὸν
868 1737 1101 1806 Ἡρώδην
1136 1741 1379 1791 ποιεῖται.
1409 1733 1570 1802 Οὗτος
1599 1741 1660 1810 δὴ

124 1817 204 1873 οὖν
241 1821 466 1890 πρῶτος
507 1823 576 1874 ὲκ
623 1824 858 1876 τοιούτου
893 1826 1077 1892 γένους
1113 1827 1449 1896 ὁρμώμενος,
1482 1827 1569 1880 τὸν
1599 1830 1661 1882 ἐκ

123 1909 347 1980 διαδοχῆς
368 1910 492 1963 τῶν
524 1911 822 1982 ἀρχιερέων
862 1913 1081 1967 ὕστατον
1105 1918 1436 1986 ἡγησάμενον
1471 1917 1662 1988 ’Υρκα-

123 2000 233 2064 νδν,
281 2001 367 2069 ἔφ’
416 2000 481 2052 ὃν
525 2001 598 2052 τὰ
646 2002 744 2070 τῆς
781 2003 983 2065 οίκείας
1023 2006 1192 2074 ἀρχῆς
1249 2006 1340 2058 τοῦ
1407 2007 1660 2059 Ἰουδαίων

123 2091 288 2152 ἔθνους
309 2090 648 2159 κατέληξεν,
675 2092 914 2146 ἐκποδὼν
937 2093 1240 2162 μεθίστησιν
1263 2094 1476 2158 ἀνελὼν,
1511 2097 1658 2166 πρῶ-

123 2182 199 2244 τός
221 2199 278 2234 τε
298 2181 496 2244 αὐτὸς,
525 2181 604 2243 ὡς
630 2181 784 2250 ἔφην,
807 2181 864 2246 ἔξ
882 2183 1171 2251 ἀλλοφύλου
1192 2185 1374 2252 γένους
1403 2185 1660 2239 Ἰουδαίων

891 2274 1010 2326 καθ’
1035 2275 1091 2326 ὃν
1114 2275 1450 2344 γεννηθέντος
1491 2275 1658 2344 Ἰησοῦ

123 2362 202 2414 τοῦ
244 2363 529 2433 Χριστοῦ,
579 2365 853 2436 καθῄρητο
897 2366 995 2436 μὲν
1039 2365 1168 2435 ὁμοῦ
1216 2367 1437 2436 καὶτῆς
1497 2366 1659 2418 Ἰούδα

124 2451 274 2520 φυλῆς
301 2454 360 2506 τὸ
391 2451 661 2522 ἀξίωμα,
701 2455 971 2525 καθῄρητο
991 2455 1159 2507 δὲκαὶ
1192 2458 1225 2524 ἡ
1257 2455 1362 2507 τῶν
1403 2455 1658 2508 Ἰουδαίων

124 2542 242 2611 ἀρχή
273 2560 330 2595 τε
363 2543 473 2595 xui.
511 2542 756 2611 βασιλεία
779 2583 792 2606 ,
822 2543 1137 2614 πεπλήρωτο
1171 2543 1226 2595 δὲ
1270 2543 1360 2596 καὶ
1401 2545 1434 2613 ὴ
1469 2559 1658 2614 προτε-

124 2272 508 2342 ἀναγορεύεται
548 2271 798 2340 βασιλεύς
831 2289 845 2302 ο

121 2634 339 2703 ταγμὲνη
356 2634 682 2704 προφητεία
707 2651 720 2664 ο
750 2651 768 2682 ί
791 2634 904 2685 υὺκ
929 2632 1155 2700 ἐκλείψει
1184 2632 1362 2702 ἄρχων
1380 2631 1437 2696 ἔξ
1471 2633 1652 2694 Ἰούδα,

123 2724 223 2776 οὐδὲ
244 2723 373 2794 ήγού
383 2741 560 2794 μενος
585 2727 649 2775 ὲκ
664 2723 770 2774 τῶν
793 2740 864 2791 μη
875 2721 978 2792 ρῶν
1003 2719 1183 2782 αὑτοῦ,
1213 2738 1232 2771 ι
1254 2720 1484 2789 φήσασα,
1515 2739 1534 2772 ‹
1557 2721 1656 2784 ἔως

123 2813 178 2864 ἂν
205 2813 321 2885 ἔλθῃ
353 2815 434 2866 τὰ
461 2812 804 2881 ἀποκείμενα
833 2811 976 2880 αὐτῷ
997 2829 1010 2842 ο
1039 2831 1056 2862 ι
1077 2812 1133 2864 ὃν
1166 2812 1254 2864 καί
1286 2829 1412 2881 φησι
1441 2813 1656 2882 γενήσε-

126 2901 227 2955 σθαι
251 2904 308 2955 οὐ
334 2902 440 2956 τοῦ
482 2901 752 2954 Ἰουδαίων
780 2900 958 2962 ἔθνους
978 2939 992 2962 ,
1026 2901 1154 2952 ἀλλά
1177 2901 1282 2954 τῶν
1306 2901 1466 2954 ἐθνῶν
1489 2917 1654 2972 προσ-

124 2990 301 3044 δοκίαν.
371 2991 607 3060 Ἐπειδὴ
662 2989 837 3041 τοίνυν
891 2987 1139 3040 ἀπέκειτο
1185 2990 1216 3057 ἡ
1265 2989 1531 3058 πρόπαλαι
1578 2987 1655 3057 τῷ

136 3076 360 3148 Ἀϐρααμ
380 3075 826 3148 χρηματισθείσα
845 3074 950 3128 τῶν
982 3077 1044 3127 ἐκ
1065 3074 1154 3127 τοῦ
1195 3075 1445 3128 Ἰουδαίων
1475 3075 1652 3137 ἔθνους

125 3167 371 3236 ἀρχόντων
421 3184 489 3218 τε
542 3167 636 3218 καὶ
675 3163 987 3233 ἡγουμένων
1038 3165 1354 3233 μετάστασις
1395 3166 1490 3234 τῆς
1534 3168 1648 3219 κατ’

124 3255 295 3318 αὐτοὺς
323 3256 510 3324 ἀρχῆς
547 3253 640 3305 ἐπὶ
677 3252 990 3320 Ῥωμαίους,
1013 3252 1106 3307 καὶ
1128 3253 1216 3304 τὸν
1239 3252 1295 3318 ἐξ
1323 3253 1483 3306 ἐθνῶν
1508 3254 1654 3322 δεδη-

122 3343 339 3413 λωμένον
390 3342 650 3414 Ἡρώδην
673 3382 687 3404 ,
717 3343 932 3403 εἰκότως
951 3345 978 3394 ὁ
1009 3342 1102 3412 μὲν
1123 3342 1497 3412 εύαγγελιστὴς
1519 3345 1652 3395 Λου-

124 3435 232 3495 κᾶς,
280 3431 788 3502 ὲπισημαινόμενος
831 3430 952 3491 τοὺς
987 3429 1202 3499 χρόνους
1233 3429 1329 3498 τῆς
1371 3430 1655 3498 ἐκλείψεως

122 3520 210 3572 τῶν
249 3521 526 3574 Ἰουδαίων
555 3517 848 3588 ἀρχόντων,
876 3517 970 3586 τὴν
1007 3519 1276 3587 καταρχὴν
1302 3519 1398 3588 τῆς
1423 3519 1652 3589 Χριστοῦ

121 3609 440 3672 διδασκαλίας
493 3610 699 3679 ἱστορεῖ
724 3607 992 3675 γεγονέναι
1019 3609 1075 3658 ὲν
1111 3607 1217 3658 ἔτει
1250 3608 1652 3661 πεντεκαιδεκά-

118 3713 182 3763 τῳ
205 3698 298 3766 τῆς
330 3697 640 3768 ἡγεμονίας
682 3697 926 3766 Τιϐερίου
968 3695 1236 3765 Καίσαρος
1256 3735 1270 3757 ,
1305 3695 1650 3765 ἡγεμονεύον-

119 3800 194 3847 τος
225 3788 448 3838 Ποντίου
487 3785 727 3838 Πιλάτου
766 3785 863 3854 τῆς
916 3783 1166 3846 Ἰουδαίας
1190 3800 1203 3812 ”
1252 3785 1342 3835 καὶ
1383 3783 1651 3848 Ματθαῖος

115 3871 161 3922 δὲ
197 3874 346 3926 τοῦτο
401 3874 546 3927 αὐτὸ
589 3873 947 3943 αἰνιττόμενος
1003 3873 1268 3942 σημαίνει.
1313 3873 1653 3943 ’Υπογράψας

117 3961 227 4024 γοῦν
258 3963 356 4032 τὴν
400 3963 507 4016 τοῦ
557 3963 763 4030 Κυρίου
821 3963 910 4015 καὶ
961 3963 1200 4032 Σωτῆρος
1233 3961 1382 4031 ἡμῶν
1418 3963 1648 4029 γένεσιν,

116 4047 335 4117 ἐπιλέγει
367 4069 382 4082 ·
438 4070 459 4101 ι
504 4049 614 4101 Τοῦ
655 4049 714 4101 δὲ
753 4049 922 4118 Ἰησοῦ
957 4049 1295 4120 γεννηθέντος
1334 4051 1389 4102 ὲν
1416 4051 1652 4120 Βηθλεὲμ

114 4135 198 4202 τῆς
233 4139 499 4201 Ἰουδαίας
534 4141 592 4189 ὲν
618 4137 847 4208 ἡμέραις
883 4137 1112 4207 Ἡρώδου
1133 4138 1222 4190 τοῦ
1247 4138 1516 4207 βασιλέως,
1544 4140 1648 4192 ἰδοὺ

115 4224 387 4290 μὴοιάπὸ
401 4225 687 4279 ἀνατολῶν
704 4225 1053 4294 παρεγένοντο
1083 4227 1159 4286 είς
1183 4225 1536 4295 Ἰεροσόλυμα,
1565 4227 1649 4278 λέ-

116 4328 299 4376 γοντες·
324 4316 440 4368 Ποῦ
461 4315 488 4367 ἕ
497 4331 613 4366 στιν
632 4317 660 4368 ὁ
677 4315 882 4384 τεχθεὶς
907 4314 1149 4382 βασιλεὺς
1166 4314 1272 4367 τῶν
1300 4314 1558 4369 Ἰουδαίων
1578 4333 1592 4380 ;
1622 4335 1640 4368 ι

1763 579 2056 642 excitabit?
2093 593 2112 628 ι
2138 577 2230 635 ubi
2256 599 2376 640 eum
2403 601 2643 654 magnum
2665 588 2937 655 quemdam
2962 595 3014 644 et
3038 589 3267 643 admira-

1764 677 1917 730 bilem
1962 680 2017 729 et
2051 683 2255 736 rarum,
2290 683 2342 728 et
2371 683 2604 744 spectatu
2634 676 2892 730 diﬁicilem
2928 677 3040 733 fore
3069 678 3269 748 signiti-

1763 766 1959 820 caverit
1991 776 2131 826 eum,
2175 766 2265 832 qui
2311 767 2380 820 sit
2417 766 2776 833 hujuscemodi
2810 767 3001 823 tribum
3032 770 3098 826 de
3140 773 3268 826 sede.

1762 855 2110 915 excitaturus,
2141 851 2311 923 deque
2353 855 2676 924 principatus
2704 856 2867 924 gradu
2906 871 2968 910 ac
3013 858 3268 927 dignitate

1761 945 2160 1006 exturbaturus,
2184 950 2294 998 tum
2331 943 2539 998 demum
2554 945 2798 1013 quisnam
2827 944 2912 998 hic
2939 946 3026 1008 sit,
3057 963 3152 1003 nos
3174 950 3268 1002 ad-

1761 1040 1961 1098 monet,
2007 1033 2263 1101 docetque
2306 1033 2444 1086 hunc
2486 1033 2631 1088 illum
2659 1048 2806 1098 esse,
2835 1035 2922 1102 qui
2948 1038 3266 1103 exspectatio

1761 1123 1990 1190 gentium
2027 1124 2094 1178 sit
2121 1123 2351 1184 futurus.
2379 1124 2469 1192 qui
2501 1123 2748 1178 videlicet
2793 1137 2821 1176 a
2864 1125 3116 1194 propheta
3159 1141 3262 1181 non

1759 1211 1906 1278 prius
1946 1211 2083 1265 inter
2111 1211 2349 1267 homines
2388 1213 2647 1268 videndus
2673 1213 2994 1281 prmdicitur,
3030 1229 3186 1283 quam
3213 1223 3265 1270 et

1759 1298 2002 1368 princeps
2040 1299 2267 1363 deﬁciat,
2300 1309 2354 1354 et
2377 1301 2482 1353 dux
2515 1291 2840 1362 amoveatur,
2872 1308 2926 1354 et
2975 1300 3040 1354 de
3070 1302 3268 1371 princi-

1757 1393 1880 1453 patu
1905 1387 2212 1441 exturbetur
2240 1387 2408 1442 tribus
2439 1386 2594 1442 Juda.
2623 1387 2782 1458 37E.
2810 1388 3090 1454 Caeterum,
3118 1391 3264 1458 quis-

1757 1488 1901 1537 nam,
1941 1490 2140 1544 quaeso,
2173 1476 2309 1529 alius
2341 1476 2429 1530 hic
2458 1477 2527 1529 sit
2551 1491 2707 1544 quam
2733 1475 2975 1530 Salvator
3003 1485 3056 1532 et
3087 1477 3260 1532 Domi-

1755 1577 1858 1616 nus
1888 1571 2067 1618 noster
2085 1562 2238 1618 Jesus
2263 1563 2532 1626 Christus,
2558 1564 2610 1616 in
2631 1563 2784 1632 cujus
2815 1571 2957 1622 ortu.
2986 1565 3124 1618 sicut
3146 1580 3260 1633 pro

1757 1651 1895 1706 xime
1922 1651 2158 1721 exposita
2187 1652 2460 1720 prophetia
2479 1653 2705 1716 volebat,
2735 1668 2799 1707 ex
2825 1652 3019 1707 Iudaeis
3055 1654 3264 1722 quidem

1755 1741 2061 1796 defecerunt
2091 1742 2357 1811 principes
2383 1757 2446 1795 ac
2493 1743 2678 1803 duces,
2707 1742 2796 1812 qui
2841 1742 2978 1811 genti
3017 1745 3268 1812 praeside-

1691 1810 1730 1863 Β
1757 1839 1893 1891 rent,
1930 1831 2042 1900 ipsa
2088 1810 2213 1886 vero
2258 1810 2430 1888 tribus
2457 1831 2591 1885 Juda
2623 1810 2739 1885 una
2777 1810 2896 1886 cum
2943 1810 3049 1886 tota
3091 1844 3263 1902 gente,

1753 1918 2050 1987 principatu
2075 1935 2134 1973 ac
2157 1935 2336 1990 regno,
2361 1920 2502 1988 quod
2530 1920 2596 1974 ab
2626 1920 2776 1974 initio
2795 1921 3116 1985 obtinuerat,
3142 1938 3269 1991 spo-

1755 2006 1899 2071 liata,
1922 2005 2174 2063 Romanis
2204 2009 2362 2062 etiam
2391 2025 2532 2063 nunc
2559 2010 2955 2064 dominantibus
2983 2027 3048 2065 ex
3079 2013 3170 2066 illo
3200 2013 3262 2065 ad

1751 2094 1894 2147 hunc
1922 2110 2087 2163 usque
2123 2096 2260 2150 diem
2300 2095 2602 2160 famulatur,
2641 2097 2731 2166 qui
2758 2111 2861 2150 una
2888 2113 3007 2151 cum
3045 2098 3264 2166 reliquis

1751 2187 1998 2254 gentibus
2035 2187 2192 2242 etiam
2237 2185 2449 2242 Iudaeos
2487 2187 2780 2258 subegere?
2805 2188 2848 2242 A
2897 2190 3092 2258 quibus
3136 2191 3261 2244 item

1756 2274 1984 2328 Herodes
2012 2274 2212 2342 primus
2241 2281 2458 2328 externo
2501 2290 2690 2345 genere
2739 2285 2907 2340 ortus,
2938 2285 2991 2331 et
3036 2279 3262 2346 impera-

1753 2365 1882 2417 toris
1919 2363 2162 2432 Augusti,
2191 2372 2245 2417 et
2281 2360 2506 2417 Romani
2540 2371 2759 2419 senatus
2808 2367 3121 2421 auctoritate
3168 2383 3262 2422 rex

1751 2453 2048 2506 declaratus
2081 2463 2178 2506 est.
2208 2449 2331 2505 Fuit
2371 2452 2533 2522 igitur
2565 2453 2826 2522 Antipatri
2860 2455 3003 2511 [ilius
3045 2455 3132 2510 hic
3165 2455 3267 2512 He-

1751 2542 1928 2598 rodes.
1947 2544 2064 2611 Ipse
2085 2557 2207 2597 vero
2231 2541 2503 2612 Antipater
2521 2543 2824 2598 Ascaionita
2858 2545 2925 2599 ab
2955 2560 3140 2602 eorum
3167 2561 3265 2602 ne-

1751 2632 1864 2684 scio
1892 2645 1998 2700 quo
2019 2638 2191 2693 ortus,
2221 2631 2313 2700 qui
2361 2630 2417 2685 in
2449 2632 2642 2700 templo
2670 2632 2927 2702 Apoliinis
2969 2644 3261 2699 versantes,

1752 2718 1893 2772 sacri
1917 2717 2056 2772 servi
2095 2717 2515 2786 appellabantur.
2545 2717 2646 2785 Qui
2676 2734 2795 2773 cum
2825 2735 3039 2776 uxorem
3079 2723 3266 2778 duxis-

1752 2817 1832 2860 set
1859 2805 2162 2875 quamdam,
2197 2807 2283 2860 cui
2327 2822 2521 2861 nomen
2556 2807 2765 2876 quidem
2791 2808 3052 2879 Cyprium,
3098 2827 3264 2880 genus

1750 2910 1875 2950 vero
1897 2911 1964 2950 ex
1985 2895 2199 2962 Arabia,
2227 2894 2484 2951 Herodem
2509 2897 2726 2952 creavit.
2750 2897 2846 2951 llic
2871 2899 3030 2968 igitur
3060 2901 3262 2969 primus

1751 2987 1842 3039 tali
1873 3001 2065 3056 genere
2102 2996 2277 3052 natus,
2311 2985 2612 3056 Ilyrcanum
2642 2987 2730 3057 qui
2777 2989 2992 3044 ultimus
3041 3005 3105 3044 ex
3135 3007 3260 3046 suc-

1751 3073 1994 3127 cessione
2026 3088 2088 3126 ac
2120 3073 2257 3127 serie
2308 3073 2613 3141 pontiﬁcum
2642 3073 2837 3130 Iudaeis
2865 3076 3093 3145 praefuit,
3127 3087 3176 3148 et
3209 3080 3260 3131 in

1750 3175 1856 3230 quo
1885 3161 2204 3216 domesticus
2236 3159 2469 3216 Iudaicae
2498 3164 2668 3232 gentis
2692 3165 3020 3235 principatus
3048 3166 3259 3230 defecit,

1751 3259 1996 3303 necatum
2026 3250 2163 3303 tollit
2188 3249 2252 3304 de
2281 3251 2472 3304 medio.
2499 3250 2652 3320 Isque
2675 3254 2893 3321 primus,
2919 3265 2974 3308 ut
2997 3256 3258 3319 dicebam,

1748 3344 1966 3392 externo
1993 3353 2182 3404 genere
2205 3345 2354 3391 ortus
2379 3336 2675 3394 Iudaeorum
2707 3355 2798 3394 rex
2839 3351 2920 3395 est
2947 3345 3256 3412 appellatus.

1748 3427 1918 3497 Hujus
1957 3445 2082 3498 ergo
2121 3429 2446 3500 temporibus
2489 3445 2606 3485 cum
2650 3429 2803 3484 Iesus
2831 3430 3070 3486 Christus
3119 3443 3261 3488 esset

1746 3523 1926 3576 natus,
1958 3515 2104 3570 Iuda:
2134 3517 2303 3570 tribus
2330 3517 2559 3586 dignitas
2588 3516 2792 3570 sublata
2823 3527 2903 3571 est
2939 3535 2952 3572 :
2989 3518 3257 3572 sublatum

1747 3613 1829 3660 est
1867 3602 2167 3659 Iudaeorum
2211 3606 2487 3674 imperium
2513 3613 2564 3658 et
2598 3619 2839 3672 regnum,
2883 3606 3138 3674 completa
3177 3617 3260 3659 est

1746 3695 1982 3763 proxime
2002 3694 2238 3762 exposita
2260 3695 2532 3764 praphetia
2559 3713 2571 3748 :
2595 3713 2613 3744 ι
2638 3694 2753 3748 Non
2780 3694 2982 3748 deﬁciet
3014 3694 3258 3764 princeps

1746 3783 1811 3838 de
1832 3779 1988 3849 Iuda,
2018 3798 2189 3851 neque
2224 3783 2333 3837 dux
2375 3784 2441 3837 de
2489 3783 2776 3838 femoribus
2804 3783 2940 3851 ejus,
2977 3784 3143 3838 donec
3169 3802 3258 3837 vc-

1747 3871 1896 3924 niant
1924 3886 2040 3940 qua:
2065 3873 2295 3940 reposita
2325 3881 2447 3926 sunt
2469 3873 2536 3926 ei.
2580 3891 2599 3924 ι
2630 3871 2780 3926 Hunc
2809 3881 2983 3926 autem
3012 3872 3139 3927 dicit
3176 3874 3259 3926 iu-

1746 3969 1921 4015 turum
1964 3977 2068 4015 non
2110 3959 2344 4016 Iudaica:
2374 3963 2566 4032 gentis,
2603 3963 2696 4017 sed
2727 3965 2958 4033 gentium
2988 3975 3258 4032 exspecta-

1745 4049 1962 4102 tionem.
2002 4049 2260 4114 Quoniam
2290 4050 2449 4118 igitur
2479 4050 2712 4118 reposita
2761 4057 2876 4103 erat
2905 4050 2992 4102 illa
3021 4051 3254 4118 gentium

1745 4135 2039 4188 vocationis
2073 4137 2417 4203 exspectatio,
2456 4151 2574 4203 qua:
2606 4151 2668 4189 ex
2704 4136 2919 4189 oraculo
2953 4137 3052 4205 ipsi
3083 4135 3255 4189 Abra-

1744 4223 1825 4276 hae
1855 4224 2114 4291 promissa
2156 4232 2256 4287 est,
2285 4239 2402 4277 cum
2441 4240 2505 4278 ex
2532 4223 2754 4278 Iudaica
2798 4231 2950 4293 gente
2977 4225 3084 4294 jam
3112 4224 3256 4278 defe-

1743 4314 1938 4366 cissent
1963 4321 2014 4366 et
2062 4313 2327 4380 principes
2360 4321 2412 4366 et
2439 4312 2622 4374 duces,
2654 4313 3073 4380 translatumque
3104 4314 3169 4366 ab
3192 4329 3255 4365 ea

108 4400 167 4452 δι’
199 4397 272 4456 ὧν
317 4405 521 4472 σαφῶς
571 4403 895 4474 παρίστησι,
946 4404 1036 4455 καὶ
1092 4402 1184 4454 τοῦ
1226 4403 1509 4470 ἀλλοφύλου
1549 4405 1644 4474 τὴν

1750 4412 1880 4456 esset
1908 4403 2183 4470 imperium
2220 4404 2272 4454 in
2303 4401 2585 4464 Romanos,
2613 4409 2666 4456 et
2702 4402 2757 4454 in
2781 4403 2924 4454 illum
2973 4401 3252 4461 Herodem,

110 4491 214 4540 κατ’
240 4493 424 4546 αὐτῶν
473 4494 673 4562 ἀρχὴν,
707 4495 800 4544 καὶ
829 4491 933 4543 τῶν
961 4491 1019 4554 te
1052 4492 1303 4562 ἀνατολῆς
1347 4492 1645 4560 ἀλλοφύλων

112 4577 264 4631 ἐθνῶν
320 4582 425 4652 τὴν
483 4582 590 4634 ὑπὸ
637 4579 730 4634 τοῦ
763 4580 894 4632 Θεοῦ
951 4579 1150 4649 κλῆσιν.
1205 4579 1362 4649 Ὁμοῦ
1428 4597 1485 4632 τε
1541 4581 1645 4652 γὰρ

120 4667 374 4721 Ἰουδαίων
409 4669 704 4737 ἀλλόφυλοι
745 4667 1024 4737 ἐκράτουν,
1059 4669 1149 4720 καὶ
1188 4667 1277 4720 τὸν
1312 4668 1471 4720 πάλαι
1514 4686 1642 4738 προ-

109 4758 468 4825 ςητευόμενον
514 4756 744 4826 Χριστὸν
781 4755 873 4807 τοῦ
910 4754 1040 4806 Θεοῦ
1085 4755 1401 4822 ἐγίγνωσκον
1446 4772 1502 4807 τε
1551 4757 1642 4808 καὶ

107 4847 468 4911 προσεκύνουν
523 4844 821 4912 ἀλλόφυλοι,
880 4843 939 4906 ἐξ
995 4843 1256 4896 ἀνατολῶν
1312 4845 1637 4906 ἐπιστάντες.

108 4933 300 4987 υῦκοῦν
338 4935 538 5003 σαφῶς
569 4934 657 4988 διὰ
683 4932 883 4986 τούτων
923 4931 1070 4994 τέλος
1105 4931 1296 5000 ἔχουσα
1325 4933 1414 4983 τοῦ
1453 4931 1638 4984 Ἰακὼϐ

108 5021 137 5085 ἡ
165 5025 471 5092 προφητεία
515 5023 802 5085 δείκνυται,
831 5022 915 5073 ἔπ’
943 5021 1165 5090 ἐσχάτου
1203 5020 1299 5088 τῆς
1343 5020 1641 5083 συστάσεως

106 5109 187 5160 τοῦ
221 5113 507 5165 Ἰουδαίων
533 5113 712 5173 ἔθνους
739 5109 1162 5169 ἀποτελεσθεῖσα,
1194 5107 1464 5175 ὡσπεροῦν
1486 5109 1641 5170 αὐτὸς

108 5201 208 5259 τοῖς
221 5201 419 5254 ἑαυτοῦ
438 5203 622 5254 παισὶν
647 5198 1162 5262 ὲθέσπισεν,·είπὼν·
1196 5217 1213 5249 ι
1236 5199 1530 5267 Συνάχθητε
1556 5201 1640 5254 ἴνα

108 5284 418 5354 ἀπαγγείλω
474 5290 599 5357 ὑμῖν
651 5291 704 5341 τί
763 5288 1089 5357 συμϐήσεται
1135 5287 1256 5354 ὑμῖν
1295 5287 1380 5338 ἐπ’
1420 5288 1638 5356 ἐσχάτου

113 5375 205 5427 τῶν
232 5379 540 5448 ἡμερῶΨφ
590 5379 824 5447 ἐσχάτας
868 5376 1073 5446 ἡμέρας
1115 5375 1364 5427 νοούντων
1401 5377 1548 5444 ἡμῶν
1573 5379 1639 5432 τά

112 5459 298 5531 ἔσχατα
319 5468 426 5535 τῆς
456 5468 766 5528 συστάσεως
793 5465 883 5516 τοῦ
910 5464 1167 5516 Ἰουδαίων
1197 5464 1391 5527 ἔθνους.
1422 5465 1483 5517 Τί
1511 5466 1636 5540 δῆτα

176 5640 284 5672 ⁸³⁸⁸⁸
322 5641 524 5694 ιιςιιιιι.
559 5657 594 5694 ιι
618 5679 633 5698 .
671 5637 792 5700 1,9..

423 5733 700 5791 Parua!"
748 5727 862 5786 Gn.
909 5725 1086 5786 XXII.

1746 4493 1810 4546 de
1848 4507 1953 4560 quo
1992 4490 2188 4544 dictum
2217 4499 2320 4552 est.
2342 4494 2528 4546 merito
2565 4503 2800 4560 tempora
2830 4492 3021 4560 quibus
3045 4491 3255 4545 Iudaeo-

1745 4597 1860 4636 rum
1900 4583 2167 4650 principes
2199 4580 2513 4636 defecissent
2543 4581 2712 4635 Lucas
2741 4581 3059 4649 evangelista
3089 4581 3254 4649 signi-

1746 4671 1928 4732 ﬁcans,
1961 4671 2166 4722 initium
2199 4671 2454 4724 doclriuze
2485 4670 2680 4724 Christi
2705 4677 2884 4722 narrat
2912 4669 3105 4721 factum
3136 4682 3251 4720 esse

1744 4762 1800 4811 in
1842 4771 1979 4809 anno
2018 4772 2086 4810 xv
2135 4757 2338 4824 imperii
2389 4757 2584 4811 Tiberii
2631 4756 2888 4818 Caesaris,
2933 4764 3251 4824 procurante

1745 4847 1929 4900 Pontio
1967 4844 2136 4897 Pilato
2176 4844 2430 4900 Iudaeam.
2459 4845 2733 4898 Matthzeus
2767 4859 2976 4912 quoque
3012 4842 3248 4897 eamdem

1743 4949 1853 4989 rem
1875 4934 2100 4987 innuens
2125 4941 2269 4986 notat
2301 4953 2314 4987 :
2347 4949 2468 4986 nam
2497 4943 2613 4987 ortu
2639 4933 2845 4985 Domini
2870 4947 2931 4985 ac
2962 4931 3250 4985 Salvatoris

1742 5022 1909 5076 nostri
1929 5020 2212 5088 descripto,
2231 5021 2478 5088 deinceps
2493 5020 2756 5088 adjungit:
2781 5037 2798 5068 ι
2819 5017 2950 5072 Cum
2976 5026 3150 5072 autem
3164 5016 3252 5070 Je-

1743 5127 1835 5166 sus
1860 5117 2015 5164 natus
2039 5116 2180 5164 esset
2201 5109 2253 5162 in
2274 5108 2568 5163 Bethlehem
2591 5107 2801 5168 Iudaeae,
2826 5106 2878 5159 in
2896 5105 3255 5161 diebusllero-

1741 5204 1824 5257 dis
1847 5201 2002 5270 regis,
2033 5214 2154 5254 ecce
2183 5197 2315 5266 Magi
2348 5198 2413 5250 ab
2439 5197 2649 5250 Oriente
2673 5203 2928 5249 venerunt
2957 5195 3230 5265 Hieroson

1741 5305 1900 5352 niam,
1939 5289 2204 5342 dicentes:
2233 5285 2332 5340 Ubi
2378 5292 2460 5338 est
2487 5285 2576 5353 qui
2604 5293 2761 5338 natus
2784 5291 2866 5337 est
2907 5299 3002 5341 rex
3036 5283 3247 5338 Iudaeo-

1739 5395 1854 5434 rum
1869 5376 2000 5428 “-“?
2019 5376 2198 5446 »375
2211 5379 2262 5430 in
2278 5389 2382 5444 quo
2397 5375 2546 5442 plane
2562 5371 2791 5428 ostendit
2807 5381 2861 5425 et
2871 5373 3074 5427 externi
3087 5371 3254 5426 homi-

1736 5469 1820 5525 nis
1852 5467 1905 5522 in
1933 5468 2049 5522 illos
2079 5467 2374 5535 imperium,
2388 5473 2439 5520 et
2454 5473 2788 5521 externarum
2805 5461 2872 5515 ab
2890 5461 3105 5516 Oriente
3123 5474 3256 5531 gen-

2875 5727 2945 5784 19
