3740 6310
72 399 167 454 589

945 397 1576 455 DEMONSTRATIONIS
1613 376 2065 454 EVANGELICAS
2104 382 2238 451 Lm.
2288 400 2412 458 vm.

3140 400 3244 462 590

73 513 242 574 ιὶῦτως
276 505 371 564 οὖν
403 511 550 581 μετά
602 513 810 583 μυρίων
850 514 1022 568 ἄλλων
1063 518 1153 569 τοῦ
1181 515 1408 586 Χριστοῦ
1449 534 1612 587 προσ-

1717 519 1848 580 dem,
1880 523 1936 569 ut
1967 511 2020 564 in
2058 519 2182 565 LXXI
2215 520 2436 586 psalmo,
2469 520 2553 590 qui
2587 519 2649 573 In
2677 520 2999 575 Salomonem
3029 523 3239 593 quidem

75 601 312 671 ηγοριῶν,
336 600 405 653 δι’
439 593 521 653 ὧν
549 601 714 656 αὖτδν
745 606 792 655 el
822 603 952 656 θεῖοι
989 605 1131 672 λόγοι
1161 605 1496 675 σημαίνουσι,
1526 609 1615 658 κα)⁵

82 692 264 752 Ἰούδας
291 691 500 760 ὁμοίως
531 692 622 744 διά
653 693 760 744 τῶν
789 696 1157 764 προκειμένων
1178 695 1486 765 ἀνειρῆσθαι
1530 696 1617 747 δύ-

76 798 229 843 ναται,
241 783 322 833 ὅτι
339 781 437 832 καὶ
455 781 522 832 ἐκ
538 782 641 850 τῆς
656 783 820 836 Ἰούδα
836 785 1020 852 γέγονε
1041 785 1225 853 φυλῆς.
1239 785 1499 855 Πρόδηλον
1513 785 1617 852 γάρ

75 871 198 923 κατά
223 870 312 922 τὸν
347 870 698 936 Ἀτεόστολον,
730 872 810 924 ὅτι
837 875 899 924 ὲκ
925 874 1089 943 φυλῆς
1128 873 1291 925 Ἰούδα
1329 874 1615 926 ἀνατέταλ-

74 974 156 1010 κεν
185 959 213 1009 ό
239 955 432 1025 Σωτὴρ
481 958 580 1008 καὶ
609 958 808 1028 Κύριος
844 961 1015 1028 ἡμῶν.
1051 959 1230 1028 Τούτῳ
1254 959 1316 1030 δὴ
1353 955 1442 1011 οὖν
1479 961 1616 1012 κατά

71 1049 291 1100 διάνοιαν
315 1047 394 1116 τῷ
421 1048 602 1102 Ἰούδα
623 1050 955 1118 ἀποκείμενα
979 1047 1044 1120 ἦν
1067 1051 1133 1103 τά
1159 1051 1612 1120 προφητευόμενα.

71 1140 195 1192 Τίνα
223 1139 276 1190 δὲ
308 1135 374 1207 ἦν
399 1139 621 1202 ruﬁ-ca;
671 1139 882 1210 πρῶτον
929 1140 1025 1210 μὲν
1055 1140 1114 1192 τὸ
1145 1141 1482 1212 ἐπαινεθῆναι
1513 1142 1616 1194 ύπδ

68 1227 168 1279 τῶν
223 1227 468 1294 ἀδελφῶν
532 1229 730 1280 αὐτοῦ’
806 1229 1048 1300 δεύτερον
1092 1232 1229 1284 κατά
1291 1231 1454 1286 νώτου
1513 1235 1616 1288 τῶν

70 1315 259 1386 ἐχθρῶν
281 1316 452 1368 αὐτοῦ
474 1317 580 1379 τὰς
594 1319 782 1386 χεῖρας
809 1318 1074 1390 ἐπιϐαλεῖν
1089 1337 1102 1350 ·
1131 1320 1304 1391 τρίτον
1321 1339 1618 1392 προσκυνη-

71 1405 206 1471 θῆναι
226 1403 331 1454 ὑπὸ
349 1402 466 1454 τῶν
501 1402 638 1456 υἱῶν
658 1403 750 1456 τοῦ
774 1406 974 1475 πατρὸς
1000 1405 1182 1462 αὑτοῦ.
1206 1409 1270 1459 Ἀ
1303 1409 1394 1460 καὶ
1439 1409 1616 1472 τέλους

69 1494 342 1562 ἐτύγχανεν
360 1495 608 1564 ὁπηνίκα
625 1495 759 1556 τέως
785 1495 880 1564 μὲν
895 1496 990 1558 τάς
1010 1498 1329 1567 παραδόξους
1343 1499 1613 1569 δυνάμεις,

71 1586 148 1636 καὶ
187 1584 251 1636 τά
303 1584 584 1654 τεράστια
652 1583 902 1654 θαύματα
963 1587 1216 1638 ἐπιτελῶν
1264 1587 1612 1659 ἐθαυμάζετο,

71 1676 150 1726 καὶ
179 1675 468 1742 ἐπῃνεῖτο,
530 1675 626 1726 καὶ
676 1679 1056 1744 προσεκυνεῖτο
1105 1677 1234 1746 πρὸς
1271 1677 1378 1729 ¹εῶν
1428 1678 1614 1731 ἑαυτοῦ

75 1753 299 1830 μαθητῶν
334 1778 402 1814 τε
441 1763 540 1814 καὶ
563 1763 890 1826 ἀποστόλων,
940 1763 1031 1827 οὓς
1070 1767 1158 1818 καὶ
1198 1766 1452 1834 ἀδελφοὺς
1481 1769 1614 1820 ἀπο-

1718 607 2007 675 inscriptus
2037 609 2140 665 est,
2179 609 2336 675 plane
2363 617 2535 663 autem
2563 626 2680 679 qua:
2707 613 2768 665 ad
2801 612 3072 667 Christum
3103 615 3240 670 refea

1718 698 1880 750 renda
1923 699 2070 755 sunt,
2115 701 2374 752 centinet.
2403 699 2534 752 Illud
2571 700 2711 752 enim
2742 719 2754 752 :
2799 721 2817 750 ‹
2853 701 2914 754 Et
2939 703 3240 758 dominabi-

1718 797 1805 838 tnr
1833 801 1862 838 a
1885 785 2016 838 mari
2052 799 2220 854 usque
2249 788 2316 841 ad
2352 803 2514 850 mare,
2547 797 2596 841 et
2645 803 2673 840 a
2708 787 2924 843 ﬂumine
2971 808 3140 862 usque
3171 793 3240 846 ad

1719 878 1850 930 lines
1877 877 2022 930 orbis
2052 885 2224 941 terrae,
2265 887 2318 931 et
2345 894 2528 933 omnes
2557 886 2740 948 gentes
2770 881 3000 933 servient
3023 884 3072 934 ei
3103 883 3168 945 ⁸⁷,
3216 901 3236 935 ι

1717 976 1766 1022 ει
1787 983 2112 1038 quacunque
2135 979 2253 1039 post
2281 971 2393 1039 ipsa
2423 971 2532 1024 haec
2559 970 2808 1038 deinceps
2839 969 3083 1028 Psalmus
3111 989 3243 1027 cono

1718 1058 1869 1122 tinet,
1898 1060 1988 1111 uni
2019 1059 2201 1127 utique
2230 1059 2444 1114 Christo
2473 1066 2596 1113 sunt
2629 1059 3100 1114 accommodanda.
3136 1062 3241 1116 Dai

1716 1146 1803 1198 vid
1833 1162 1957 1201 vero
1985 1163 2172 1202 rursus
2205 1149 2497 1217 appellatus
2535 1157 2616 1202 est
2644 1148 2911 1212 Christus,
2944 1149 2999 1202 in
3036 1153 3241 1219 psalmo

1717 1251 1974 1302 Lxxxvm,
2027 1238 2455 1307 quandoquidem
2484 1253 2745 1307 nusquam
2788 1238 2886 1306 ipsi
2929 1237 3114 1302 David,
3149 1241 3242 1294 sed

1717 1326 1808 1379 uni
1839 1327 1935 1389 illi,
1966 1343 2082 1396 qua:
2107 1329 2158 1380 in
2199 1329 2298 1380 hoc
2332 1329 2456 1380 item
2489 1327 2761 1394 dicuntur,
2794 1330 3083 1384 convenire
3116 1347 3244 1400 pos.-

1717 1422 1859 1480 sunt,
1890 1417 2051 1470 veluti
2079 1416 2206 1470 illud
2245 1436 2257 1470 :
2299 1434 2317 1466 ι
2358 1418 2473 1484 Ipse
2513 1418 2722 1471 vocabit
2752 1434 2870 1472 me:
2901 1418 3060 1474 Pater
3090 1437 3243 1476 meus

1714 1520 1772 1559 es
1801 1513 1878 1568 tu,
1913 1515 1965 1560 et
1992 1521 2089 1575 ego
2113 1507 2518 1575 primogenitum
2567 1521 2757 1575 ponam
2790 1523 2935 1570 eum,
2971 1511 3241 1564 excelsum

1715 1611 1822 1665 pra:
1845 1597 2056 1666 regibus
2092 1605 2266 1657 terrae,
2295 1597 2348 1648 in
2377 1603 2632 1650 aeternum
2671 1597 2896 1651 servabo
2920 1598 2991 1650 illi
3033 1601 3244 1654 miseri-

1715 1685 1949 1739 cordiam
1996 1701 2165 1738 meam
2193 1686 2256 1738 ⁸⁸.
2299 1703 2317 1735 ›
2362 1685 2425 1737 Et
2476 1701 2702 1740 rursus:
2744 1705 2762 1737 ι
2801 1685 2992 1741 Semen
3039 1688 3157 1756 ejus
3187 1691 3242 1744 in

1714 1784 1968 1829 :rternum
2000 1782 2194 1837 manet,
2226 1783 2278 1828 et
2309 1775 2462 1829 sedes
2494 1775 2611 1843 ejus
2651 1785 2709 1828 ut
2743 1776 2823 1828 sol
2865 1777 2916 1828 in
2949 1787 3241 1846 conspectu

74 1854 230 1904 καλεῖν
260 1853 363 1905 οὐκ
401 1851 570 1904 ὤκνει
595 1892 610 1916 ,
643 1853 732 1905 διὰ
768 1853 862 1922 μὲν
895 1854 981 1907 to?
1008 1854 1214 1924 ψαλμοῦ
1244 1855 1430 1924 λέγων,
1462 1875 1480 1908 ι
1502 1858 1622 1911 ’Λπ-

1720 1875 1855 1922 meo,
1887 1868 1938 1914 et
1986 1867 2044 1912 ut
2087 1861 2210 1913 luna
2239 1860 2470 1928 perfecta
2500 1863 2553 1914 in
2585 1869 2842 1916 aeternum
2872 1864 2934 1918 "’.
2975 1884 2993 1915 ι
3025 1865 3113 1922 Sic
3143 1867 3245 1935 igi-

76 1942 260 2010 αγγελῶ
310 1943 374 1994 τὸ
414 1943 595 2012 ὄνομά
625 1960 718 1995 σου
765 1948 876 2007 τοῖς
916 1944 1156 2012 ἀδελφοῖς
1205 1963 1334 2015 μου,
1381 1949 1438 1999 ἐν
1472 1948 1617 2017 μέσῳ

86 2031 392 2100 Ἐκκλησίας
426 2032 662 2101 ὑμνήσω
680 2048 738 2083 σε
765 2049 776 2062 ·
805 2050 823 2081 ι
867 2033 983 2094 ταῖς
1017 2033 1071 2084 δὲ
1100 2034 1240 2102 ἀμφὶ
1269 2034 1366 2105 τὴν
1396 2037 1623 2106 Μαριὰμ

76 2121 405 2191 προστάττων
475 2119 920 2189 εὐαγγελίζεσθαι
991 2121 1168 2184 αὐτοῖς
1222 2122 1296 2184 ώς
1352 2119 1610 2192 ἀδελφοῖς·

80 2228 94 2258 ι
138 2209 570 2276 Ἀπαγγείλατε,
613 2229 628 2259 ι
664 2209 770 2278 γάρ
799 2225 960 2277 φησι,
999 2227 1016 2258 ι
1057 2213 1166 2272 τοῖς
1212 2210 1452 2279 ἀδελφοῖς
1499 2231 1616 2282 μου,

74 2300 138 2350 ὅτι
179 2298 484 2369 ἀνέρχομαι
530 2299 668 2370 πρὸς
711 2299 800 2351 τόν
860 2297 1072 2370 Πατέρα
1119 2320 1238 2371 μου,
1283 2305 1376 2356 καὶ
1412 2306 1620 2377 Πατέρα

77 2389 221 2458 ὑμῶν,
248 2391 339 2444 καὶ
354 2390 505 2443 Θεόν
539 2407 664 2459 μου,
697 2390 789 2442 καὶ
804 2388 933 2443 Θεὸν
957 2393 1108 2460 ἡμῶν
1132 2393 1226 2461 (Ι).
1264 2412 1281 2444 ι
1311 2391 1462 2447 Οὕτω
1490 2397 1621 2466 δῆτα

78 2483 212 2534 αὑτὸν
227 2484 274 2534 οἰ
294 2483 532 2550 ἀδελφοὶ
550 2481 620 2534 τά
647 2483 744 2551 μὲν
770 2483 956 2554 πρῶτα
983 2485 1072 2536 ἐπὶ
1095 2486 1202 2548 τοῖς
1218 2486 1529 2555 παραδόξοις
1547 2489 1620 2552 ὡς

79 2568 343 2642 θαυμάσιον
379 2574 566 2643 ἄνδρα
597 2575 755 2641 μόνον
783 2574 1012 2644 ἐπῄνουν
1031 2615 1046 2639 ,
1067 2573 1159 2626 ἕνα
1189 2576 1328 2641 τινὰ,
1357 2577 1431 2640 ὡς
1457 2579 1616 2643 εἰκὸς,

80 2663 166 2714 τῶν
186 2664 486 2736 προφητῶν
519 2659 658 2716 εἶναι
697 2663 1078 2733 ὑπειληφότεςο
1111 2665 1231 2716 ἐπεὶ
1257 2666 1310 2718 δὲ
1343 2669 1398 2718 ὲν
1421 2667 1496 2736 τῷ
1527 2685 1621 2737 με-

82 2755 187 2820 ταξὺ
215 2755 306 2818 τάς
339 2755 698 2824 θαυμασίους
727 2753 1171 2822 παραδοξοποιίας
1189 2754 1348 2807 αὑτοῦ
1372 2755 1617 2825 ὁρῶντες,

81 2845 242 2906 καὶὼς
264 2844 526 2898 καθεῖλεν
559 2842 751 2913 ἐχθρόν
782 2860 840 2896 τε
873 2845 963 2896 καὶ
997 2844 1296 2914 ἐκδικητὴν,
1319 2844 1407 2898 τόν
1434 2861 1496 2914 γε
1529 2844 1620 2898 θάδ

82 2951 211 2987 νατον
249 2937 494 3007 ἄρχοντα
521 2934 616 2986 τοῦ
653 2935 844 2993 αἰῶνος
887 2933 1071 2986 τούτου
1094 2973 1107 2997 ,
1134 2935 1246 3005 ἅμα
1268 2939 1384 2998 ταῖς
1412 2935 1619 3000 λοιπαῖς

87 3026 294 3095 ἀοράτοις
322 3026 420 3079 καὶ
440 3023 671 3094 ἐχθραῖς
698 3023 984 3090 δυνάμεσι,
1005 3024 1066 3076 τὸ
1091 3025 1336 3094 τηνικάδε
1361 3025 1490 3078 Θεὸν
1519 3027 1617 3078 αὑ-

89 3115 156 3166 τὸν
181 3112 304 3168 εἶναι
344 3114 772 3179 πιστεύσαντες,
806 3113 1227 3185 προσεκύνησαν.
1259 3115 1322 3166 Al
1361 3115 1417 3167 δὲ
1444 3119 1618 3186 χεῖρες

89 3204 160 3256 τοῦ
181 3207 421 3276 Σωτῆρος
437 3208 474 3276 ἡ
486 3205 604 3274 μῶν
628 3204 768 3256 κατά
785 3204 952 3257 νώτου
968 3203 1073 3257 τῶν
1098 3205 1300 3275 ἐχθρῶν
1322 3206 1480 3258 αὐτοῦ
1507 3208 1618 3274 ὲγί-
1642 3243 1683 3299 C

88 3311 224 3359 νοντο,
259 3297 342 3347 ὅτε
365 3295 557 3356 πάσας
591 3295 687 3356 τὰς
712 3293 932 3363 πράξεις
963 3294 1146 3358 αὐτοῦ,
1167 3295 1262 3358 τάς
1285 3309 1341 3346 τε
1365 3295 1614 3365 δυνάμεις

89 3385 161 3434 γι).
174 3385 645 3455 παραδοξοποιίας,
671 3385 759 3436 ἐπὶ
779 3382 1084 3454 καθαιρέσει
1115 3384 1219 3436 τῶν
1239 3382 1496 3454 δαιμόνων
1522 3385 1613 3437 καὶ

87 3471 169 3522 τῶν
190 3474 428 3545 πονηρῶν
464 3472 794 3541 πνευμάτων
820 3472 1066 3522 ἐποιεῖτο.
1097 3469 1249 3522 Ἀλλά
1279 3470 1369 3522 καὶ
1387 3471 1613 3540 ὁπηνίκα

90 3559 340 3621 ὲξεπέτασε
393 3563 505 3624 τὰς
544 3563 734 3630 χεῖρας
777 3559 938 3613 αὑτοῦ
973 3561 1063 3612 ἐπὶ
1089 3559 1178 3611 τοῦ
1239 3559 1486 3629 σταυροῦ,
1522 3561 1614 3612 καὶ

89 3647 230 3712 οὕτως
267 3652 319 3705 αἱ
351 3656 547 3722 χεῖρες
586 3647 750 3700 αὑτοῦ
772 3687 786 3710 ,
817 3649 1117 3716 φευγόντων
1153 3647 1258 3700 τῶν
1289 3647 1490 3718 ἐχθρῶν
1523 3649 1614 3700 καὶ⁹

88 3737 139 3788 τὰ
177 3741 307 3794 νῶτα
361 3738 845 3812 παραχωρούντων
895 3736 1040 3806 αὐτῷ
1063 3776 1076 3798 ,
1121 3736 1257 3788 κατὰ
1307 3735 1470 3788 νώτου
1508 3737 1613 3788 τῶν

88 3829 260 3899 ἐχθρῶν
288 3833 560 3900 ἐγίνοντο,
581 3830 677 3882 καὶ⁵
703 3827 894 3898 μᾶλλον
920 3828 1003 3880 ὅτε
1027 3827 1088 3878 τὸ
1121 3825 1328 3895 πνεῦμα
1353 3826 1614 3895 παραδοὺς

88 3919 146 3986 τῷ
162 3921 342 3993 Πατρὶ,
367 3923 620 3992 ἄσαρκος
639 3920 732 3972 καὶ
755 3919 952 3988 γυμνὸς
971 3910 1030 3969 οὗ
1057 3916 1324 3984 ἀνειλήφει
1352 3916 1610 3984 σώματος,

89 4009 159 4061 ἐπὶ
190 4012 242 4064 τὺ
272 4013 378 4065 τῶν
422 4010 643 4080 ἐχθρῶν
685 4009 872 4078 κατῄει
899 4005 1122 4076 χωρίον,
1150 4005 1387 4075 αὐτοζωὴ
1418 4008 1614 4075 τυγχά-

87 4116 188 4161 νων,
231 4101 461 4155 θάνατον
533 4095 869 4157 καταλύσων,
920 4095 1012 4147 καὶ
1052 4095 1148 4157 τὰς
1193 4095 1613 4164 ὲπανισταμένας

89 4191 209 4260 αἰντῷ
239 4192 524 4260 δυνάμεις,
556 4188 621 4250 ἃς
654 4185 797 4248 εἰκός
831 4188 947 4238 κατ’
984 4185 1148 4256 ἀρχὰς
1193 4185 1286 4254 μὲν
1318 4185 1489 4237 κοινὸν
1521 4186 1613 4238 ἀνά

85 4278 288 4347 θρωπον,
327 4282 425 4333 καὶ
456 4281 574 4339 τοῖς
615 4274 824 4336 πολλοῖς
853 4275 1030 4343 ὅμοιον
1061 4273 1219 4327 αὑτὸν
1247 4275 1610 4344 ὑπειληφέναι,

84 4365 202 4421 οὕτω
222 4387 277 4422 τε
299 4367 586 4422 κυκλῶσαι
613 4363 774 4417 αὐτὸν
803 4364 894 4416 καὶ
929 4361 1074 4414 ὠσάν
1121 4361 1196 4431 τῷ
1221 4362 1430 4430 τυχόντι
1455 4365 1613 4433 ὲφορ-

91 4459 261 4525 μῆσαισ
298 4459 422 4512 ἐπεὶ
462 4458 522 4510 δὲ
558 4456 800 4522 ἔγνωσαν
825 4453 1099 4523 κρείττονα
1132 4452 1164 4522 ἦ
1197 4452 1311 4504 κατ’
1341 4451 1614 4522 ἄνθρωπον

1721 1956 1807 2001 tur
1833 1965 1937 2002 una
1965 1964 2086 2003 cum
2131 1949 2249 2003 aliis
2287 1951 2760 2006 innumerabilibus
2783 1952 2978 2007 Christi
3010 1957 3243 2023 appella:

1719 2037 1984 2102 tionibus,
2021 2037 2216 2106 quibus
2250 2037 2396 2090 illum
2437 2040 2614 2093 divina
2658 2043 2874 2095 oracula
2919 2043 3240 2111 signiﬁcant,
3333 2074 3341 2083 -

1719 2125 1902 2179 eadem
1926 2126 2128 2180 ratione
2151 2134 2205 2178 ut
2232 2125 2399 2182 Judas
2423 2142 2633 2196 quoque
2662 2128 2715 2182 in
2736 2128 2802 2182 iis
2829 2147 2947 2198 quae
2971 2133 3126 2186 modo
3147 2149 3243 2186 ex-

1719 2217 2064 2285 ponebamus,
2087 2216 2156 2270 sit
2181 2217 2494 2286 appellatus,
2514 2217 2626 2272 ﬁeri
2660 2227 2851 2287 potest,
2872 2234 2991 2272 cum
3013 2221 3078 2274 de
3101 2223 3242 2276 tribu

1718 2303 1866 2358 Iudae
1888 2307 1956 2359 sit
1979 2313 2154 2360 natus.
2180 2305 2401 2359 Constat
2427 2307 2568 2359 enim
2599 2323 2665 2360 ex
2693 2307 2966 2376 Apostolo,
2999 2308 3242 2364 Salvato-

1718 2409 1830 2448 rem
1859 2409 1922 2447 ac
1943 2393 2222 2447 Dominum
2244 2403 2485 2448 nostrum
2502 2393 2568 2449 de
2588 2396 2725 2450 tribu
2741 2395 2890 2450 Judaa
2909 2410 3084 2450 ortum
3102 2414 3241 2453 esse.

1718 2483 1853 2538 Huic
1882 2484 2040 2554 igitur
2078 2482 2246 2546 Iudae,
2306 2485 2350 2538 si
2410 2485 2698 2539 secundum
2733 2492 3044 2542 sententiam
3080 2487 3246 2541 inter-

1717 2583 2003 2644 pretemur,
2061 2573 2290 2642 reposita
2347 2582 2500 2627 erant
2566 2575 2675 2640 illa,
2729 2591 2846 2645 qua:
2904 2577 2958 2629 in
3013 2576 3243 2645 prophea

1717 2665 1789 2718 tia
1809 2663 2167 2718 continentur.
2197 2661 2299 2717 Sed
2328 2678 2569 2729 quaenam
2599 2663 2711 2717 haec
2732 2663 2984 2718 fuerunt?
3005 2664 3242 2718 Primum

1716 2753 1968 2822 quidem,
2000 2751 2137 2819 quod
2179 2764 2210 2803 a
2262 2749 2518 2805 fratribus
2563 2753 2678 2806 suis
2721 2763 2861 2808 esset
2910 2755 3242 2820 laudandus;

1717 2841 1906 2896 deinde
1937 2839 2079 2909 quod
2107 2853 2296 2893 manus
2330 2842 2382 2892 in
2413 2847 2616 2910 tergum
2652 2841 2990 2897 inimicorum
3023 2859 3242 2898 suorum

1716 2937 1858 2984 esset
1884 2930 2211 2998 injecturus;
2246 2935 2515 2996 postremo
2551 2931 2691 2999 quod
2723 2931 3028 2988 adorandus
3059 2951 3089 2988 a
3121 2935 3246 2990 ﬁliis

1716 3019 1885 3089 patris
1928 3019 2030 3074 sui.
2061 3017 2190 3084 Quae
2220 3019 2380 3072 etiam
2421 3035 2575 3074 suum
2613 3022 2768 3076 linem
2802 3032 3086 3078 consecuta
3119 3035 3246 3080 sunt

1717 3125 1822 3179 quo
1859 3117 2129 3178 tempore,
2169 3108 2297 3160 dum
2335 3108 2678 3164 admirabiles
2709 3111 2933 3168 virtutes
2961 3122 3010 3168 et
3060 3116 3247 3183 prodi-

1717 3201 1864 3269 giosa
1907 3199 2160 3252 miracula
2199 3199 2396 3263 ederet,
2428 3200 2764 3255 admirationi
2811 3211 2948 3266 erat,
2981 3214 3034 3258 et
3061 3205 3246 3258 lauda-

1718 3291 1890 3354 batur,
1917 3296 1970 3342 et
2009 3287 2330 3342 adorabatur
2362 3303 2391 3340 a
2433 3290 2546 3343 suis
2577 3290 2853 3360 discipulis
2883 3306 2936 3347 et
2966 3297 3243 3364 apostolis.

1717 3391 1851 3444 quos
1875 3377 2032 3430 etiam
2063 3375 2253 3428 fratres
2282 3391 2471 3430 vocare
2499 3391 2604 3430 non
2636 3389 2885 3446 gravatus
2914 3390 3015 3442 est,
3042 3382 3167 3435 dum
3191 3384 3244 3436 in

1716 3466 1920 3534 psalmo
1937 3467 2012 3519 sic
2033 3465 2186 3518 dicit:
2216 3465 2587 3519 «Annuntiabo
2602 3482 2792 3521 nomen
2818 3476 2965 3523 tuum
2992 3469 3245 3526 fratribus

1716 3558 1879 3622 meis;
1906 3557 1960 3610 in
1982 3556 2156 3611 medio
2176 3556 2428 3612 Ecclesiae
2449 3558 2676 3612 laudabo
2696 3566 2744 3612 te
2769 3560 2835 3610 '°.
2871 3579 2889 3610 ι
2915 3558 3046 3613 Dum
3068 3570 3244 3615 autem

1718 3647 1892 3700 Maria:
1917 3655 1970 3700 et
2000 3647 2216 3715 reliquis
2259 3647 2570 3702 mulieribus
2601 3648 2845 3716 imperat,
2879 3656 2936 3700 ut
2959 3664 3076 3717 qua:
3104 3650 3243 3703 bona

1719 3737 1945 3791 viderint
1973 3738 2234 3804 nuntient,
2263 3739 2415 3808 quasi
2442 3737 2692 3792 fratribus
2723 3740 2954 3792 nuntiari
2984 3740 3240 3810 imperat:

1716 3827 1871 3896 377
1900 3845 1918 3876 ι
1953 3826 2220 3891 Nuntiate,
2263 3830 2450 3898 inquit,
2493 3828 2746 3881 fratribus
2794 3829 2946 3893 meis,
2984 3829 3125 3898 quod
3159 3845 3242 3885 as-

1715 3919 1885 3974 cendo
1918 3919 1982 3972 ad
2018 3918 2229 3973 Patrem
2251 3925 2518 3981 meum,et
2547 3917 2754 3970 Patrem
2787 3926 3045 3981 vestrum,
3077 3917 3243 3973 Deum

1718 4024 1914 4073 meum,
1945 4017 1998 4062 et
2032 4007 2195 4062 Deum
2221 4016 2452 4064 vestrum
2504 4009 2568 4059 ⁵¹.
2608 4026 2626 4057 ι
2680 4007 2768 4061 Sic
2793 4022 2921 4062 sane
2953 4008 3099 4061 illum
3129 4008 3241 4062 fra-

1717 4106 1825 4152 tres
1881 4099 2260 4153 miraculorum
2315 4098 2505 4167 gratia,
2558 4104 2808 4165 tanquam
2877 4097 3240 4150 admirabilem

1717 4190 1890 4240 virum
1940 4189 2198 4242 duntaxat
2251 4188 2318 4241 ab
2363 4188 2514 4241 initio
2571 4187 2880 4250 laudabant,
2915 4188 3108 4256 quippe
3149 4189 3238 4255 qui

1718 4295 1880 4332 unum
1905 4280 2132 4348 aliquem
2166 4280 2231 4333 de
2253 4278 2543 4348 prophetis,
2572 4285 2629 4330 ut
2660 4277 2945 4331 verisimile
2963 4285 3067 4339 est,
3091 4278 3240 4332 illum

1717 4383 1834 4422 esse
1881 4368 2302 4436 suspicarentur.
2337 4365 2442 4419 Sed
2481 4365 2568 4418 ubi
2618 4365 2828 4418 interim
2876 4364 3238 4425 admirabiles,

1718 4464 1769 4510 et
1799 4472 2007 4510 omnem
2043 4456 2194 4510 lldem
2237 4463 2553 4523 superantes
2594 4455 2736 4508 illius
2769 4457 3004 4508 actiones
3027 4455 3240 4508 intuen-

93 4547 161 4596 ιαι
176 4546 448 4618 θειοτέραν
479 4546 664 4614 φύσιν,
694 4543 962 4612 τραπῆναι
991 4541 1082 4594 καὶ
1102 4542 1166 4594 τά
1196 4541 1337 4594 νῶτα
1368 4555 1616 4612 παραχω-

1721 4554 1826 4608 tur,
1859 4554 1912 4598 et
1941 4545 2382 4614 quemadmodum
2418 4546 2690 4597 inimicum
2722 4552 2774 4598 et
2808 4545 3063 4606 ultorem,
3094 4558 3241 4596 mor-

87 4636 224 4704 ρῆσαι
251 4639 400 4708 αύτῷ
425 4678 441 4699 ,
486 4637 609 4690 καθ’
637 4629 711 4686 ὧν
735 4633 832 4695 τὰς
861 4635 1043 4701 χεῖρας
1075 4631 1257 4700 ἀφεὶς,
1279 4635 1387 4694 τοῖς
1420 4631 1614 4696 ἐνθέοις

85 4727 223 4778 αὑτοῦ
253 4731 345 4782 καὶ
365 4728 729 4798 ἡκονημένοις
750 4725 924 4794 βέλεσι
958 4725 1246 4790 φεύγοντας
1273 4725 1512 4794 ἤλαυνεν,
1540 4726 1614 4787 ὡς

84 4815 154 4868 διὰ
183 4819 332 4872 τοῦτο
371 4819 630 4890 εἰρῆσθαι
654 4834 666 4849 ·
706 4835 724 4866 ι
756 4817 818 4866 Αἱ
860 4813 1035 4884 χεῖρές
1077 4830 1166 4865 σου
1203 4814 1292 4866 ἐπὶ
1314 4813 1478 4866 νώτου
1511 4815 1614 4867 τῶν

87 4905 266 4975 ἐχθρῶν
297 4927 417 4961 σου.
458 4928 480 4959 ι
510 4909 570 4960 Εἰ
599 4905 657 4960 δὲ
691 4905 786 4958 καὶ
809 4903 972 4956 εἰσέτι
993 4903 1087 4954 νῦν
1120 4902 1296 4972 μυρίοι
1322 4903 1412 4954 τοῦ
1439 4905 1615 4972 Σωτῆ-

88 4996 321 5064 ροςήμῶν
348 4997 561 5066 ἐχθροὶ,
582 4996 679 5066 τὴν
711 4992 1030 5062 Ἐκκλησίαν
1060 4991 1219 5044 αὐτοῦ
1241 4993 1376 5044 κατά
1399 4993 1615 5060 καιροὺς

89 5085 312 5154 πολεμεῖν
365 5085 736 5158 ἐπιχειροῦσιν
761 5125 775 5148 ,
826 5083 957 5136 ἀλλά
1014 5081 1107 5134 καὶ
1147 5079 1362 5142 τούτους
1409 5081 1616 5149 ἀοράτῳ

90 5176 211 5242 χειρὶ
239 5177 328 5228 καὶ
359 5175 536 5245 ὲνθέῳ
561 5172 784 5242 δυνάμει
809 5171 1096 5242 τροποῦται
1113 5211 1127 5234 ,
1155 5169 1227 5232 ώς
1248 5171 1338 5222 καὶ
1366 5169 1490 5238 περὶ
1517 5171 1615 5223 αύ-

93 5261 178 5312 τῶν
223 5266 476 5335 εἰρῆσθαι
535 5266 609 5318 τό·
650 5285 668 5315 ι
718 5263 781 5316 Δί
815 5261 991 5332 χεῖρές
1037 5273 1128 5309 σου
1165 5258 1254 5308 ἐπὶ
1304 5255 1469 5308 νώτου
1509 5257 1613 5309 τῶν

96 5347 274 5421 ἰχθρῶν
314 5373 432 5407 σου.
479 5374 498 5404 ι
539 5353 756 5422 Ἐπειδὴ
788 5351 843 5402 δὲ
882 5351 980 5420 ἢδη
1005 5343 1185 5400 λοιπόν
1225 5345 1290 5397 τά
1335 5344 1472 5396 κατὰ
1513 5346 1617 5400 τῶν

99 5439 273 5511 ἐχθρῶν
318 5446 613 5514 νικητήρια
654 5442 974 5509 ἀπειλήφει,
1001 5435 1292 5505 τηνικαῦτα
1329 5435 1618 5506 ἐπληροῦτο

103 5533 264 5597 ιαῖιτδ,
285 5555 302 5586 ι
337 5531 787 5607 Προσκυνήσουσί
820 5547 878 5581 σε
906 5530 954 5580 οἱ
980 5526 1084 5579 υἱοὶ
1108 5525 1196 5576 τοῦ
1222 5523 1428 5593 Πατρός
1455 5541 1563 5588 σου,
1594 5545 1612 5576 ι

158 5618 195 5650 ⁸⁷
229 5622 368 5679 Psal.
399 5639 554 5685 uxr.
599 5622 761 5678 8-H.

836 5617 879 5650 ⁸⁸
913 5616 1055 5672 Psal.
1092 5629 1343 5674 humu,
1375 5613 1461 5680 88,
1485 5615 1572 5669 29.
1647 5618 1693 5649 δ’
1732 5619 1858 5672 ibid.
1889 5618 1975 5677 3'7,
2000 5617 2085 5669 58.

1717 4642 1927 4702 temque
1957 4635 2136 4688 saeculi
2167 4635 2328 4702 hujus
2373 4635 2666 4696 dominum,
2701 4647 2806 4685 una
2855 4647 2976 4686 cum
3022 4632 3240 4699 reliquis

1718 4722 2076 4777 invisibilibus
2126 4731 2178 4776 et
2228 4724 2462 4776 inimicis
2501 4720 2851 4790 potestatibus
2877 4721 3240 4782 sustinuisset,

1719 4822 1830 4866 tum
1859 4825 1986 4866 vero
2016 4809 2180 4864 Deum
2206 4812 2353 4863 illum
2376 4827 2496 4865 esse
2522 4811 2819 4874 credentes,
2853 4809 3236 4862 adoraverunt:

1718 4915 1910 4956 manus
1936 4908 2111 4953 autem
2161 4899 2457 4951 Salvatnris
2503 4897 2668 4951 nostri
2706 4897 2756 4949 in
2800 4904 2952 4965 tergo
2993 4895 3240 4950 inimico-

1719 5007 1833 5046 rum
1879 5004 2097 5044 suorum
2145 4989 2312 5055 fuere,
2359 5003 2465 5056 quo
2497 4995 2732 5054 tempore
2777 4986 3028 5040 videlicet
3055 5001 3241 5040 omnes

1719 5083 1954 5138 actiones
1982 5095 2127 5142 suas,
2157 5088 2208 5134 et
2258 5080 2501 5140 virtutes,
2532 5085 2586 5130 et
2629 5084 2775 5144 gesta
2821 5077 3148 5147 prodigiosa,
3175 5076 3240 5129 ad

1719 5171 1973 5225 delendos
2021 5170 2287 5223 daemones
2321 5177 2373 5222 et
2411 5169 2670 5235 malignos
2721 5165 2944 5233 spiritus
2999 5168 3242 5220 intende-

1717 5261 1828 5314 bat.
1884 5259 2020 5324 Quin
2060 5260 2217 5312 etiam
2250 5273 2370 5311 cum
2421 5273 2607 5310 manus
2649 5270 2775 5308 suas
2817 5256 3160 5324 expandisset
3186 5255 3244 5311 in

1719 5362 1898 5406 cruce,
1929 5357 2038 5400 tum
2078 5360 2288 5414 quoque
2316 5359 2506 5398 manus
2535 5345 2670 5412 ejus,
2699 5341 3030 5411 fugientibus
3058 5343 3238 5396 inimi-

1721 5439 1799 5492 cis
1840 5445 1892 5493 et
1929 5437 2098 5490 eidem
2139 5443 2284 5506 terga
2331 5433 2606 5497 dantibus,
2638 5435 2692 5488 in
2722 5441 2872 5501 tergo
2904 5433 3242 5487 inimicorum

1724 5528 1957 5588 fuerunt,
1993 5527 2266 5594 magisque
2295 5527 2451 5578 etiam
2484 5540 2605 5578 cum
2632 5523 2776 5576 Patri
2807 5523 3016 5577 reddito
3032 5523 3243 5590 spiritu,

2189 5618 2232 5662 ’.ο
2272 5615 2412 5670 Psal.
2438 5632 2558 5680 χιιι,
2585 5615 2673 5670 9.5.
2749 5615 2789 5646 ἰ
2830 5611 2982 5666 Joan.
3019 5628 3126 5676 τι,
3157 5607 3240 5665 17.

161 5707 227 5778 ιι)
267 5712 484 5780 Ἦμῶν.
525 5712 682 5767 Forte
714 5707 886 5777 ὑμῶν,
913 5713 968 5761 ιιι
1003 5711 1056 5758 et
1093 5705 1354 5774 interpres
1393 5704 1579 5775 legisse
1619 5723 1630 5755 ι

1717 5717 1847 5764 etur.
1870 5707 2020 5762 Eutr.
