3740 6428
402 364 494 420 591

1014 350 1277 410 EUSbBll
1312 345 1782 405 CESARIENSlS
1819 344 1966 400 OPP.
2006 343 2183 398 PARS
2214 342 2280 396 l‘l.
2323 371 2389 383 σσ-
2427 340 2491 395 Al

2164 344 2183 398 5
2214 342 2280 396 11.
2323 371 2389 383 -
2427 337 2947 396 APOLOGETICA.
3562 356 3641 413 m

403 488 455 534 et
477 490 586 533 sum
629 471 808 529 carnis
839 484 1049 539 expers,
1077 476 1129 522 et
1158 482 1222 521 co
1248 466 1386 534 quod
1422 466 1788 527 assumpserat
1817 473 1880 511 co

2164 474 2229 519 :s;
2257 457 2456 527 δηλαδὴ
2499 457 2544 506 oi.
2572 452 2689 506 κατ’
2726 449 2979 520 οὐρανὸν
3008 444 3343 513 ἄγγεῖιοι,
3367 458 3425 510 τά
3446 476 3494 513 τε
3522 470 3641 523 πνεύ-

402 567 809 643 ρογο-ηυάοιιιε,
851 564 942 631 qui
976 562 1091 630 ipsa
1126 562 1227 614 vita
1258 567 1389 619 erat,
1425 555 1489 608 ad
1521 556 1637 607 loca
1682 550 1931 604 inimico-

401 674 518 714 rum
537 655 832 716 descendit,
856 660 913 705 ut
928 659 978 706 et
997 661 1217 704 mortem
1234 647 1528 714 etreliquas
1541 658 1658 712 quae
1674 643 1931 696 adversus

401 753 574 821 ipsum
598 751 937 801 surrexerunt
967 747 1278 812 potestates,
1305 737 1624 806 dissiparet;
1652 749 1787 804 quas
1811 733 1933 801 qui-—

400 842 521 896 dem
543 837 827 893 verisimile
856 841 936 888 est
956 845 1289 887 communem
1312 827 1595 897 quemdam
1631 825 1923 884 hominum,

400 946 463 986 ac
492 929 714 998 reliquis
744 926 970 980 similem
1004 932 1150 975 ratas
1182 935 1301 974 csse
1323 919 1495 981 illum,
1524 917 1703 984 itaque
1726 914 1930 967 circum

396 1020 644 1076 eumdem
671 1016 905 1076 stetisse,
938 1021 990 1066 et
1014 1011 1165 1081 quasi
1200 1023 1364 1063 unum
1381 1007 1447 1061 de
1480 1005 1661 1058 multis
1691 1003 1928 1063 adortas,

402 1117 562 1179 atque
587 1107 677 1162 ubi
708 1102 1135 1174 praestantiorem
1165 1098 1498 1167 agnoverint,
1519 1111 1677 1165 quam
1698 1102 1754 1147 ut
1773 1094 1933 1146 homo

400 1197 694 1255 existimari
721 1203 922 1266 posset,
953 1208 1015 1246 ac
1041 1191 1293 1245 diviniori
1332 1195 1521 1242 natura
1549 1186 1849 1254 praeditum,
1880 1191 1934 1236 et

401 1301 688 1344 conversas
721 1300 840 1340 esse
886 1290 938 1337 et
968 1290 1116 1351 terga
1161 1279 1237 1332 illi
1280 1277 1514 1339 dedisse,
1552 1282 1742 1328 contra
1793 1286 1932 1341 quas

401 1375 658 1431 immissis
698 1372 968 1433 inanibus,
1009 1367 1203 1424 divinis
1233 1365 1346 1419 suis
1383 1371 1436 1418 et
1481 1362 1651 1416 acutis
1697 1360 1928 1427 sagittis,

403 1465 673 1537 fugientes
699 1463 897 1532 exegit,
926 1465 1295 1529 ut-propterca
1324 1454 1525 1508 dictum
1551 1453 1653 1506 sit:
1692 1472 1710 1503 ι
1741 1451 1931 1505 Manus

403 1564 508 1610 tum
538 1554 594 1608 in
643 1562 791 1622 tergo
821 1549 1162 1603 inimicorum
1191 1554 1429 1599 tuorum.
1457 1563 1475 1596 ι
1512 1542 1662 1608 Quod
1692 1542 1738 1597 si
1766 1541 1929 1595 etiam

404 1659 548 1701 nunc
580 1640 1001 1698 innumerabiles
1027 1636 1320 1717 salvatoris
1365 1633 1537 1688 nostri
1566 1630 1792 1692 inimici,
1822 1628 1929 1683 Ec-

403 1734 620 1789 clesiam
643 1732 761 1800 ejus
789 1730 953 1782 variis
987 1725 1364 1781 occasionibus
1392 1736 1698 1791 Oppugnarc
1723 1733 1929 1772 conan—

401 1831 510 1885 tur,
538 1830 774 1875 attamen
802 1820 902 1872 bos
946 1831 1160 1885 quoque
1200 1813 1454 1867 invisibili
1483 1811 1711 1880 quadam
1741 1823 1925 1870 manu,
1963 1807 2002 1859 Β

400 1920 453 1967 et
474 1927 571 1967 sua
604 1911 782 1966 divina
806 1910 1003 1964 virtute
1024 1909 1077 1960 in
1108 1904 1285 1974 fugam
1310 1903 1484 1964 vertit,
1510 1908 1569 1953 ut
1599 1900 1665 1954 de
1694 1899 1779 1952 his
1801 1900 1928 1952 item

306 2018 313 2029 '
400 2004 597 2060 dictum
625 2002 694 2056 sit
716 1999 844 2053 illud
877 2013 891 2050 :
929 2015 948 2046 ι
991 1995 1178 2049 Manus
1201 2001 1303 2047 tum
1328 1992 1381 2046 in
1401 1999 1552 2060 tergo
1583 1989 1928 2043 inimicorum

399 2104 635 2148 tuorum.
679 2108 698 2142 ι
731 2087 832 2142 Ubi
863 2101 990 2141 vero
1013 2085 1148 2153 jam,
1196 2082 1340 2153 quod
1387 2080 1650 2149 reliquum
1694 2076 1812 2143 fuit,
1844 2078 1930 2131 in-

400 2183 572 2254 signia
606 2180 751 2235 illius
775 2177 1015 2233 victoriae
1046 2173 1297 2244 praeclara
1327 2171 1393 2224 de
1429 2170 1674 2224 hostibus
1704 2168 1926 2236 recepit,

397 2284 511 2328 tum
540 2285 666 2327 vero
690 2269 820 2324 illud
845 2266 1167 2334 completum
1199 2270 1283 2318 est
1313 2278 1327 2315 :
1359 2278 1377 2310 ι
1410 2259 1720 2313 Adorabunt
1752 2265 1806 2311 te
1833 2256 1929 2311 ﬁlii

398 2363 568 2433 patris
595 2361 695 2421 tui,
731 2378 749 2411 ι
785 2371 972 2415 omnes
999 2353 1263 2417 videlicet,
1294 2352 1385 2421 qui
1417 2351 1472 2403 in
1502 2349 1660 2404 cmlo'
1683 2357 1809 2404 sunt
1832 2362 1929 2401 an-

398 2450 521 2520 geli,
552 2448 882 2518 spiritusque
914 2440 1286 2503 lnservientes,
1319 2454 1382 2492 ac
1399 2439 1593 2493 divinae
1613 2443 1926 2507 potestates,

398 2553 608 2595 necnon
661 2536 913 2604 degentes
942 2534 1001 2586 in
1039 2539 1180 2586 terra
1232 2528 1458 2598 apostoli
1489 2535 1541 2581 et
1566 2525 1926 2595 evangelista},

398 2635 521 2700 post
550 2641 686 2697 quos
712 2625 1018 2695 quicunque
1045 2635 1139 2690 per
1168 2620 1364 2689 ipsum,
1425 2617 1516 2670 uni
1564 2624 1617 2670 et
1658 2615 1759 2670 soli
1800 2630 1928 2669 vero

400 2717 544 2771 Patri
568 2715 676 2770 Deo
707 2713 912 2782 seipsos
941 2709 1277 2769 addixerunt,
1302 2707 1391 2775 qui
1413 2706 1627 2774 quidem
1654 2704 1742 2757 ubi
1759 2702 1927 2757 Deum

401 2807 632 2862 Verbum
662 2804 936 2859 Christum
976 2814 1095 2855 esse
1121 2797 1377 2858 didicere,
1424 2804 1537 2848 tum
1579 2808 1638 2849 se
1684 2793 1834 2846 illum
1868 2803 1927 2847 ut

400 2898 565 2952 Deum
599 2895 824 2949 adorare
850 2889 1079 2947 confessi
1102 2895 1249 2942 sunt.
1279 2885 1447 2955 378
1468 2883 1573 2938 Sed
1595 2884 1847 2952 quoniam
1875 2892 1928 2936 et

400 2996 549 3042 ortus
572 2985 810 3054 ejusdem
844 2991 896 3037 et
919 2979 1108 3034 mortis
1136 2977 1413 3046 mysteria,
1442 2974 1627 3029 eadem
1650 2974 1927 3043 prophetia

402 3074 679 3145 complecti
705 3072 1002 3143 oportebat,
1030 3069 1218 3122 merito
1245 3075 1365 3135 post
1391 3066 1478 3118 illa
1510 3079 1629 3133 quae
1653 3062 1762 3133 jam
1786 3063 1928 3116 dicta

404 3174 530 3220 sunt
560 3165 860 3218 vaticinans
890 3159 1077 3222 Iacob,
1126 3157 1369 3226 adjungit
1404 3174 1417 3209 :
1451 3172 1469 3204 ι
1508 3154 1730 3208 Catulus
1757 3152 1927 3207 leonis

401 3253 557 3319 Juda,
583 3253 648 3307 de
662 3253 918 3323 germine,
945 3250 1014 3302 ﬁli
1041 3245 1456 3312 mi,ascendisti,
1484 3244 1797 3298 recumbens
1812 3242 1930 3297 dor-

402 3344 598 3397 mivisti
627 3350 684 3394 ut
706 3342 809 3402 leo,
830 3347 882 3393 et
916 3346 973 3390 ut
994 3336 1204 3392 catulus
1238 3350 1253 3387 :
1282 3332 1404 3403 quis
1430 3330 1684 3387 excitabit
1711 3330 1867 3385 eum?
1905 3348 1924 3380 ι

401 3434 649 3489 Catulum
692 3432 872 3500 itaque
916 3428 1087 3481 leonis
1130 3427 1303 3495 ipsum
1346 3424 1607 3488 nominat,
1646 3430 1928 3492 propterea

400 3522 544 3592 quod
566 3522 633 3576 de
658 3521 804 3590 regia
834 3520 972 3572 tribu
1001 3517 1071 3570 sit
1100 3523 1277 3569 natus.
1314 3513 1387 3568 De
1419 3514 1620 3570 semine
1644 3512 1807 3582 igitur
1827 3511 1932 3563 Da-

401 3614 492 3668 vid
524 3612 625 3667 fuit
652 3611 861 3664 ratione
899 3609 1162 3676 corporis,
1186 3623 1211 3655 ι
1231 3602 1297 3659 de
1312 3604 1550 3674 germine
1577 3622 1597 3655 ι
1618 3610 1817 3667 autem,
1845 3603 1929 3655 in-

401 3698 536 3767 quit,
564 3714 582 3747 ι
623 3695 693 3747 lili
714 3694 806 3757 mi,
831 3693 1135 3755 ascendisti,
1154 3709 1173 3743 ι
1203 3692 1455 3760 quoniam
1474 3689 1539 3745 de
1564 3689 1919 3744 semineetra-

403 3788 523 3840 dice
562 3784 700 3853 ejus,
745 3783 839 3852 qui
894 3784 1007 3836 haec
1057 3781 1376 3852 praedicebat
1411 3779 1597 3846 Jacob,
1626 3779 1926 3849 pullulavit,

403 3889 525 3929 cum
555 3872 705 3942 prius
733 3870 946 3941 quidem
970 3880 1114 3926 esset
1136 3871 1276 3925 Deus
1309 3870 1565 3934 Verbum,
1600 3878 1785 3938 postea
1803 3883 1930 3922 vero

403 3965 563 4019 etiam
595 3960 762 4015 Filius
790 3961 1020 4015 hominis
1049 3961 1118 4016 sit
1140 3959 1336 4025 factus,
1368 3967 1587 4029 propter
1622 3973 1739 4013 eam
1769 3973 1929 4028 quam

404 4068 503 4124 pro
528 4051 683 4106 nobis
707 4051 1017 4119 assumpsit,
1050 4051 1522 4120 dispensationem.
1555 4048 1737 4103 Potest
1764 4049 1927 4102 etiam

405 4146 629 4195 mortem
654 4135 890 4205 ejusdem
908 4136 1209 4205 signiﬁcare
1236 4136 1393 4190 illud:
1413 4154 1431 4185 ι
1455 4133 1790 4189 Rccumbens
1803 4135 1930 4188 dor-

405 4227 604 4283 mivisti
652 4232 711 4280 ut
738 4225 840 4287 leo,
895 4232 948 4278 et
988 4233 1046 4278 ut
1090 4224 1318 4285 catulus,
1353 4242 1371 4275 ι
1407 4236 1471 4278 ex
1502 4221 1729 4291 quadam
1761 4222 1931 4291 ipsius

408 4316 699 4383 Scriptura
728 4312 1133 4376 consuetudine,
1178 4326 1297 4381 qua:
1335 4325 1431 4365 sua
1458 4309 1686 4378 quadam
1718 4313 1931 4380 propria

405 4403 847 4465 consideratione,
873 4401 1032 4454 etiam
1070 4400 1213 4454 mille
1246 4399 1367 4454 aliis
1410 4400 1464 4452 in
1520 4399 1650 4454 locis
1680 4408 1928 4463 mortem,

2035 563 2174 617 ματα
2209 545 2276 597 τὰ
2308 542 2682 613 λειτουργικὰ,
2724 543 2823 593 καὶ
2863 538 2927 590 αἱ
2962 535 3118 586 θεῖαι
3226 536 3512 613 «δυνάμεις,
3544 554 3645 611 ρετ,

2031 638 2122 691 ἐπὶ
2149 636 2249 705 γῆς
2287 634 2567 688 ἀπόστολοι
2602 632 2698 684 καὶ
2731 623 3157 695 εὐαγγελιστοῦ.
3261 667 3275 690 ν
3308 634 3394 685 καὶ
3423 642 3538 706 μετὰ
3558 649 3645 700 τοῦ.

2030 742 2151 786 τους
2197 726 2433 785 ἅπαντες
2479 722 2528 773 οἱ
2568 719 2630 785 ἐξ
2675 717 2852 770 ἐθνῶν
2904 715 2977 766 δι’
3036 713 3322 780 αὑτεῦ,
3362 723 3443 776 τὸν
3475 728 3553 783 ἕνα
3578 739 3647 789 ut

2035 816 2189 885 μόνον
2229 812 2398 885 ἀληθῆ
2447 810 2667 879 Πατέρα
2709 807 2851 859 Θεὸν
2898 801 3447 879 ἐπιγραψ-ράμενοι,
3475 820 3648 887 οἵτινες,

2031 904 2158 957 Θεὸν
2190 903 2358 969 Λόγον
2386 900 2512 952 ὄντα
2539 899 2631 950 τὸν
2662 895 2907 965 Χριστὸν
2947 910 3018 962 με
3029 890 3434 965 μαθῒηκότες,
3463 906 3527 970 ὡς
3553 910 3644 966 θεὸν

2032 994 2346 1063 προσκυνεῖν
2372 989 2534 1041 αὐτὸν
2562 979 2992 1056 ὁμολογοῦνται.
3030 979 3252 1033 Ἀλλ-’
3284 988 3403 1042 ἐπεὶ
3422 994 3567 1065 ἐχρῆν
3587 1006 3653 1055 καὶ

2030 1084 2098 1136 τὰ
2124 1083 2218 1152 τῆς
2240 1080 2503 1149 γενέσεως
2532 1076 2700 1131 αὐτοῦ
2729 1074 2832 1128 καὶ
2857 1074 2932 1126 τὰ
2970 1071 3070 1124 τοῦ
3111 1070 3413 1130 θεινάτου
3436 1090 3647 1161 μυστήρια

2031 1176 2096 1243 τῇ
2144 1172 2267 1242 περὶ
2314 1169 2479 1222 αὐτοῦ
2530 1165 2852 1238 προφητείᾳ
2903 1162 3451 1234 συμπερη-ιλαὸεῖν,
3486 1176 3657 1243 εἰκότως

2204 1225 2273 1313 τὰ
2317 1225 3016 1330 προειρηέσέναθεσίιτίζωλθ
3053 1253 3084 1304 ὁ
3113 1225 3145 1270 ”
3222 1256 3395 1312 lambe

2037 1350 2307 1420 «Σκύμνος
2337 1348 2545 1410 λέοντος
2574 1345 2771 1406 Ἰούδα,
2791 1346 2862 1396 ἐκ
2879 1340 3225 1413 βλαστοῦ..
3249 1347 3333 1400 υἱὲ
3354 1368 3472 1420 μου,
3495 1318 3663 1426 ἀνέξῃ

2031 1439 2314 1494 ἀναπεσὼν
2350 1436 2650 1508 ἐκοιμήθης
2674 1435 2752 1497 ὡς
2782 1435 2957 1495 λέων,
2997 1433 3111 1516 δαὶ,
3140 1433 3286 1498 -δς
3317 1414 3545 1513 σκύμνος
3571 1467 3582 1480 ·

2032 1525 2212 1591 ἐγερεῖ
2248 1521 2435 1582 dimov;
2475 1540 2492 1569 ›
2527 1518 2779 1587 Σκύμνον
2812 1516 2921 1586 μὲν
2962 1510 3064 1567 οὖν
3098 1513 3383 1588 λέοντος
3408 1510 3557 1584 αὑτὸν
3580 1510 3664 1590 tm;

2034 1614 2192 1684 μάξει
2213 1654 2227 1677 ,
2252 1611 2338 1664 διὰ
2371 1612 2430 1663 τὸ
2465 1612 2547 1695 ex“
2571 1606 2868 1695 βασιλικῇς
2908 1603 3088 1695 αξτὸν
3128 1616 3478 1684 ξεγονέναι
3504 1626 3661 1695 φυλῆς,

2031 1668 2094 1751 ἐκ
2111 1668 2421 1767 σπέρματος
2452 1668 2582 1762 γοῦν
2614 1688 2683 1761 ἦν
2712 1668 3023 1742 τοῦψΔαὸὶδ
3060 1668 3480 1779 καῖτέσᾶἔξσξ
3506 1668 3663 1767 latex

2032 1786 2255 1858 βλαστοῦ
2298 1785 2354 1838 δὲ
2391 1783 2610 1853 ἀνέὸης,
2655 1780 2741 1832 υἱέ.
2792 1796 2927 1865 μου,
2969 1797 2997 1865 ξ
3054 1793 3298 1852 (PU-civ,
3347 1797 3569 1865 ἐπείπερ
3600 1806 3649 1850 ἐκ

2030 1871 2336 1939 σπέρματος
2385 1868 2478 1920 καὶ
2525 1866 2681 1937 ῥίζης
2723 1862 2822 1915 τοῦ
2886 1860 3079 1914 ταῦτα
3118 1860 3619 1935 προαναωνοᾶᾐ

2044 1952 2234 2006 Ἰακὼϐ
2272 1952 2440 2018 ἀνέφυ
2462 1988 2477 2012 ,
2513 1948 2784 2019 πρότερον
2827 1944 2937 2016 μὲν
2978 1943 3113 2006 Θεὸς
3142 1946 3337 2013 Λόγος
3367 1949 3445 2000 ὢν
3464 1988 3479 2013 ,
3507 1951 3623 2017 γενό.

2035 2058 2190 2111 μενος
2226 2041 2281 2093 δὲ
2322 2040 2569 2109 δεύτερον
2608 2038 2725 2099 υἱὸς
2773 2034 3106 2106 ἀνθρώπου,
3142 2034 3220 2088 δι’
3257 2037 3332 2107 ἢν
3378 2040 3625 2103 ἀνεδέξατο

2029 2131 2167 2200 ὑπὲρ
2212 2129 2366 2200 ἡμῶν
2404 2127 2738 2196 οἰκονομίαν.
2772 2126 2883 2194 Εῖη
2935 2124 2987 2177 δ’
3031 2123 3094 2178 ἂν
3134 2125 3247 2177 καὶ
3289 2126 3393 2179 τοῦ
3440 2128 3633 2182 θανάτου

2028 2222 2190 2275 αὐτοῦ
2220 2218 2511 2291 δηλωτικὸν
2533 2218 2641 2281 τὸ,‹
2667 2214 3016 2269 Ἀναπεσὼν
3056 2216 3386 2290 ἐκοιμήθης
3412 2220 3489 2284 ὡς
3510 2221 3634 2279 λέων,

2028 2311 2120 2362 καὶ
2149 2309 2223 2372 ὡς
2251 2308 2504 2378 σκύμνος,
2546 2326 2563 2357 ι
2598 2306 2659 2369 ἐξ
2698 2305 2863 2369 ἔθους
2883 2306 2999 2375 τῆς
3037 2306 3304 2377 Γραςρῆς,
3330 2309 3482 2362 κατά
3516 2327 3563 2362 τι
3588 2310 3646 2360 οἱα

2027 2395 2170 2446 κεῖον
2210 2390 2467 2461 θεώρημα
2489 2429 2503 2452 ,
2533 2389 2624 2441 τὸν
2656 2388 2903 2442 θάνατον
2943 2389 3051 2441 καὶ
3083 2389 3187 2439 ἐπὶ
3239 2391 3472 2460 μυρίων
3510 2390 3649 2444 ἄλλων

2027 2480 2276 2549 κοίμησιν
2313 2476 2717 2548 ἀποκαλούσης.
2747 2477 2827 2529 Τὸ
2867 2476 2961 2542 δὲ,
3019 2496 3039 2528 ι
3065 2476 3167 2540 Τίς
3198 2480 3414 2549 ἐγερεῖ
3443 2479 3656 2540 αὺτὸν;ι

2027 2562 2153 2627 περὶ
2182 2561 2283 2630 τῆς
2314 2562 2377 2613 ἐκ
2407 2559 2615 2629 νεκρῶν
2648 2560 3040 2625 ἀναστάσεως
3065 2559 3253 2614 αὑτοῦ
3288 2561 3662 2633 θαυμαστικῶς

2026 2649 2254 2719 εἴρηται.
2308 2647 2778 2718 Ἐγερθησόμενον
2829 2647 2957 2719 γὰρ
3006 2647 3182 2701 αὐτὸν
3231 2651 3449 2720 σαφῶς
3486 2644 3616 2703 οἶδεν
3646 2651 3670 2699 ὸ

2027 2739 2275 2805 φάσκων,
2324 2755 2341 2786 ι
2363 2736 2457 2797 Τίς
2475 2738 2661 2806 ἐγερεῖ
2683 2735 2898 2800 αὐτόν;
2937 2750 2965 2786 ι·
3002 2736 3451 2806 θαυμαστικῶς
3470 2738 3532 2791 δὲ
3577 2740 3678 2789 ἐπ’.»

2023 2819 2165 2885 λέγει
2211 2818 2288 2880 τὸ,
2314 2817 2405 2879 Τίς
2450 2817 2559 2886 ἄρα
2602 2818 2633 2868 ὁ
2677 2817 2845 2870 τοῦτο
2889 2820 3158 2887 ποιήσων
3214 2820 3331 2872 καὶ
3376 2820 3680 2890 ἀναστήσων

2024 2902 2200 2963 αὑτὸν,
2232 2901 2377 2969 ἡμᾶς
2403 2899 2497 2951 ἐπὶ
2529 2898 2591 2951 τὸ
2612 2899 2806 2970 ζητεῖν
2835 2899 3181 2972 διεγείρων,
3206 2904 3311 2966 τίς
3341 2903 3418 2957 ἂν
3448 2902 3538 2973 εἴη
3566 2905 3597 2954 ὁ
3615 2900 3689 2952 τὸν

2026 2992 2223 3061 Κύριον
2253 2988 2406 3058 ἡμῶν
2439 2989 2531 3041 τὸν
2571 2989 2716 3059 ὑπὲρ
2738 2989 2929 3059 ἡμῶν·
2949 2991 3212 3046 θάνατον
3254 2994 3689 3064 ἀναδεξάμενον,

2028 3078 2091 3127 ἐκ
2124 3071 2329 3140 νεκρῶν
2377 3072 2723 3141 ἀναστήσων.
2789 3074 2898 3136 Τίς
2922 3074 2974 3126 δ’
3002 3075 3073 3128 ἂν
3106 3077 3217 3147 εἴη
3259 3077 3450 3141 ἄλλος
3487 3079 3523 3147 ἢ
3557 3079 3585 3129 ὁ
3608 3074 3699 3127 τῶν

1955 3187 1997 3244 C
2028 3156 2163 3210 ὅλων
2193 3155 2321 3217 Θεὸς
2361 3155 2454 3206 καὶ
2498 3154 2693 3244 Πατὴρ
2728 3156 2940 3220 αὑτοῦ,
2969 3151 3022 3224 ᾧ
3060 3157 3237 3229 μόνῳ
3271 3160 3591 3214 ἀναθετέον
3618 3157 3697 3225 τὴν

2026 3243 2119 3297 τοῦ
2162 3244 2408 3313 Σωτῆρος
2450 3243 2606 3312 ἡμῶν
2650 3245 3006 3311 ἀνάστασιν,
3064 3249 3234 3301 κατὰ,
3285 3248 3408 3321 τὴν
3453 3249 3706 3317 λέγουσαν

2028 3333 2263 3405 Γραφὴν,
2286 3352 2303 3383 ι
2329 3335 2468 3386 Ὃνὸ
2488 3332 2680 3402 Πατὴρ
2707 3334 2956 3404 ἤγειρεν
2985 3338 3058 3389 ἐκ
3084 3340 3349 3410 νεκρῶν
3376 3357 3395 3405 ;
3438 3360 3461 3391 ι
3502 3334 3705 3391 ’Δντὶδὲ

2027 3426 2141 3489 τοῦ,
2171 3444 2189 3476 ι
2214 3424 2456 3495 Σκύμνος
2486 3425 2701 3488 λέοντος
2746 3427 2963 3492 Ἰούδα,
3019 3431 3089 3483 ἐκ
3141 3431 3462 3501 βλαστοῦ,
3491 3431 3578 3485 υἱέ.
3604 3447 3709 3501 μου.

2028 3516 2241 3586 ἀνέόης,
2266 3513 2550 3569 ἀναπεσὼν
2574 3516 2924 3588 ἐκοιμήθης,
2960 3539 2982 3570 ι
3015 3523 3562 3592 ἐμφαντικῴτατα
3584 3525 3611 3575 ὁ
3631 3521 3710 3589 μὲν

2041 3604 2262 3665 Ἀκύλας
2300 3602 2430 3673 φησι
2470 3620 2485 3633 ·
2511 3622 2530 3653 ι
2562 3602 2779 3669 Σκύλαξ
2807 3604 3051 3671 λέοντος
3117 3610 3342 3664 Ἰούδα
3363 3652 3382 3676 ,
3428 3612 3550 3666 ἀπὸ
3595 3607 3712 3663 ἀλώ-

2032 3711 2165 3756 σεως
2183 3733 2198 3757 ,
2230 3694 2311 3745 υἱὲ
2341 3709 2445 3762 μου
2465 3731 2480 3756 ,
2513 3692 2714 3760 ἀνέὅης
2734 3732 2750 3757 ,
2791 3695 3050 3765 κάμψας
3074 3702 3483 3774 κατεκλίθης
3508 3721 3523 3733 ο
3567 3722 3587 3755 ι
3620 3701 3648 3752 ὁ
3666 3699 3713 3749 δὲ

2030 3782 2314 3852 Σύμμαχος
2349 3795 2514 3850 φησι·
2563 3798 2582 3830 ι
2618 3780 2883 3850 Σκύμνος
2917 3784 3172 3852 λέοντος
3225 3792 3482 3858 Ἰούδα,
3532 3793 3597 3846 ἐκ
3636 3787 3713 3856 θη.

2032 3871 2355 3941 ριαλώσεως,
2384 3870 2467 3922 υἱέ
2492 3886 2613 3939 μου,
2645 3870 2881 3943 ἀνέὃης,
2907 3876 3192 3944 ὀκλάσας
3230 3883 3585 3955 ἡδράσθης·
3622 3901 3639 3935 ι
3660 3878 3714 3932 δι’

2030 3957 2103 4015 ὧν
2135 3962 2318 4030 σαφῶς
2344 3961 2674 4031 παρίσταται
2705 3963 2742 4031 ἡ
2779 3964 2852 4017 ὲκ
2876 3970 3120 4039 νεκρῶν
3150 3974 3516 4041 ἀνάστασις
3535 4017 3552 4040 ,
3581 3974 3665 4030 καὶ
3689 3971 3713 4039 ᾗ

2030 4053 2087 4118 ἐξ
2118 4052 2268 4123 ᾂδου,
2298 4053 2484 4122 ὥσπερ
2516 4051 2582 4105 ἔκ
2604 4069 2755 4116 τινος
2788 4054 3254 4128 θηριαλώσεως
3283 4108 3302 4130 ,
3338 4068 3451 4121 τοῦ
3485 4068 3714 4135 Σωτῆρος

2030 4142 2184 4211 ἡμῶν
2213 4142 2486 4212 ἀποφυγή.
2514 4142 2589 4194 Τὸ
2615 4142 2673 4195 δὲ
2702 4143 2985 4212 ὀκλάσαι,
3015 4154 3127 4205 καὶ
3156 4155 3569 4229 ἑδρασθῆναι,

2032 4232 2106 4302 μὴ
2132 4234 2477 4295 καταπεσεῖν,
2509 4231 2645 4302 ὁμοῦ
2669 4233 2765 4286 τὸν
2793 4233 3059 4293 θάνατον
3085 4244 3299 4313 ἔδειξε
3323 4249 3430 4303 διὰ
3453 4249 3556 4303 τοῦ
3577 4247 3710 4300 ὀκλά-

2031 4331 2157 4366 σαι·
2202 4315 2296 4367 καὶ
2328 4314 2388 4367 τὸ
2432 4315 2506 4386 μὴ
2557 4316 2923 4387 ὑποσυρῆναι
2976 4323 3229 4394 ὁμοίως
3278 4335 3428 4395 ταῖς
3479 4331 3590 4384 τῶν
3626 4328 3711 4379 λοιο

2030 4404 2146 4458 πῶν
2193 4404 2490 4492 ἀνθρώπων
2538 4405 2779 4475 ψυχαῖς,
2834 4410 2935 4463 διὰ
2984 4414 3094 4467 τοῦ
3153 4421 3504 4492 ἡδράσθαι,
3551 4418 3708 4475 Ταῦτα

406 4490 779 4548 dormitionem
846 4502 1200 4556 somnumque
1251 4488 1497 4555 appellat.
1546 4485 1676 4540 lllud
1724 4494 1883 4543 auten

2230 4491 2285 4550 ὗν
2345 4495 2523 4550 πάντα
2586 4497 2984 4566 προαπέκειτο
3052 4507 3151 4578 τῷ
3183 4485 3196 4489 “
3232 4485 3534 4584 Χριστῷ-
3593 4508 3707 4576 πλὴν

410 4600 434 4636 ι
463 4581 607 4650 Quis:
622 4577 874 4635 excitabit
923 4577 1082 4631 eum?
1119 4596 1138 4629 ι
1166 4576 1232 4631 de
1266 4575 1435 4630 reditu
1464 4576 1582 4645 ejus
1608 4591 1636 4630 a
1670 4585 1841 4633 morte
1861 4579 1930 4632 ad

404 4674 570 4729 vitam
591 4685 714 4725 cum
738 4667 1088 4723 admiratione
1114 4665 1314 4720 dictum
1339 4674 1441 4721 est.
1470 4666 1526 4720 Si
1553 4667 1766 4737 quidem
1793 4669 1934 4723 exci-

407 4763 627 4818 tandum
657 4759 727 4813 ad
752 4759 913 4815 vitam
938 4757 1086 4811 illum
1113 4756 1266 4826 plane
1294 4758 1458 4822 novit,
1482 4758 1573 4829 qui
1603 4759 1675 4812 ait
1701 4774 1714 4809 ε
1746 4776 1767 4808 ι
1798 4758 1929 4823 Quis

408 4856 659 4911 excitabit
696 4854 907 4925 ipsum?
947 4871 966 4905 ι
993 4867 1112 4906 cum
1145 4850 1492 4907 admiratione
1529 4868 1659 4907 vero
1705 4852 1934 4907 interro-

411 4956 517 5011 gat,
547 4949 793 5016 quisnam
821 4947 924 5000 hoc
952 4943 1198 4998 facturus
1224 4944 1294 4998 sit
1330 4951 1490 5014 atque
1535 4945 1684 4998 illum
1720 4944 1922 4998 excita-

410 5040 679 5097 turus,_ut
725 5038 804 5091 sic
842 5050 943 5091 nos
970 5036 1036 5089 ad
1071 5035 1413 5104 quaerendum
1447 5036 1652 5098 invitet,
1682 5037 1928 5105 quisnam

413 5119 501 5171 hic
524 5121 616 5181 sit,
639 5124 730 5188 qui
760 5123 1040 5177 Dominum
1084 5134 1327 5180 nostrum
1355 5135 1474 5193 post
1504 5133 1805 5194 susceptam
1833 5138 1931 5192 pro

412 5207 568 5262 nobis
614 5216 837 5262 mortem
877 5226 909 5264 a
951 5221 1122 5270 morte
1151 5215 1223 5270 sit
1262 5223 1606 5270 revocaturus
1635 5215 1700 5268 ad
1744 5215 1927 5267 vitam.

413 5296 545 5360 Quis
579 5309 735 5362 porro
755 5296 844 5350 hic
873 5298 945 5351 sit
968 5301 1103 5355 alius
1132 5319 1293 5372 quam
1323 5305 1558 5360 universi
1602 5304 1741 5358 Deus
1772 5312 1825 5358 et
1858 5303 1927 5356 il-

413 5384 518 5438 lius
548 5382 720 5451 ipsius
743 5382 915 5449 Pater,
949 5386 1034 5439 cui
1062 5391 1161 5443 soli
1205 5395 1492 5450 tribuenda
1523 5402 1606 5451 est
1633 5393 1926 5448 SalvatOris

411 5473 581 5531 nostri
612 5473 666 5524 in
695 5472 849 5526 vitam
887 5477 1173 5540 restitutio,
1205 5483 1344 5539 sicut
1373 5487 1648 5558 Scriptura
1677 5484 1933 5540 testiﬁca-

410 5576 519 5627 tur,
544 5575 662 5632 qua!
682 5560 776 5623 ait.
804 5579 819 5611 ι
849 5560 1013 5627 Quem
1044 5564 1201 5621 Pater
1223 5577 1497 5634 suscitavit
1525 5594 1554 5635 a
1580 5574 1894 5633 mortuis”?
1913 5594 1931 5627 ι

478 5673 524 5706 ιι
562 5668 660 5723 Gal
713 5681 761 5730 ι,
796 5667 845 5725 l.
900 5671 920 5725 Ι
952 5669 1139 5727 Thess.
1171 5690 1229 5743 ι,
1262 5679 1351 5738 10.

2030 4586 2135 4648 ἓως
2183 4586 2394 4640 οὐδέπω
2457 4587 2645 4650 τέλους
2699 4587 2991 4660 ἐτύγχανε
3013 4634 3031 4658 ,
3101 4599 3180 4652 τὸ
3262 4603 3563 4658 Ἰουδαίων
3606 4616 3704 4654 συν.

2031 4680 2268 4749 ειστήκει
2300 4678 2449 4766 ἔθνος
2474 4721 2489 4744 ,
2525 4681 2620 4734 καὶ
2640 4680 2690 4732 οἱ
2726 4680 2791 4745 ἐξ
2816 4684 3023 4741 αὐτῶν
3070 4690 3396 4765 ἄρχοντες
3443 4698 3545 4750 καὶ
3570 4691 3705 4766 ἠγεί-

2035 4781 2203 4864 μενοι,
2242 4765 2415 4864 οῖ’-’τε
2471 4767 2985 4864 ἐξακριϐαζόμενοι
3057 4779 3185 4845 τὰς
3253 4783 3431 4850 θείας
3492 4765 3698 4841 συνετῶς

2033 4855 2271 4924 περὶτοῦ
2308 4855 2545 4926 Χριστοῦ
2582 4859 2945 4930 προφητείας
2994 4864 3379 4944 διέπρεπε-ιν
3414 4879 3479 4929 ὲν
3524 4872 3696 4933 αὐτοῖς.

2044 4944 2274 5038 Ἐπεὶ-δὲ
2302 4946 2529 5017 ἐλήλυθε
2557 4948 2627 5002 τὰ
2660 4950 3034 5023 ἀποκείμενα
3068 4961 3168 5033 τῷ
3213 4965 3435 5038 Ἰούδᾳ,
3465 4967 3692 5038 ἐφάνητε

2034 5035 2264 5133 imi-ﬁl?
2357 5040 2843 5133 προφητευόμξνος
2876 5045 2957 5099 ὲκ
3012 5023 3400 5128 ειη-τέρματοςἶ
3422 5023 3549 5113 ’καὶ

2037 5127 2161 5177 στοῦ
2187 5127 2475 5199 γενόμενος
2506 5128 2602 5182 τοῦ
2630 5130 2811 5185 ταῦτα
2832 5127 3313 5213 τεθεσπικότος,
3342 5145 3626 5203 ἀναπεσὼν
3642 5156 3684 5196 τε

2035 5216 2131 5312 καὶ
2157 5218 2465 5312 κοιμηθεὶς,
2498 5221 2532 5293 ἢ
2567 5221 2813 5289 ὀκλάσας
2848 5227 3011 5282 κατὰ
3043 5233 3162 5287 τὸν
3186 5237 3534 5312 Σύμμαχον,
3551 5235 3682 5309 ήδρά·

2041 5305 2143 5378 σθη
2172 5310 2268 5363 καὶ
2290 5311 2590 5386 ἀνηγέρθη,
2616 5315 2720 5379 τὰς
2747 5319 2952 5390 χεῖρας
2978 5323 3177 5382 αὑτοῦ

2032 5398 2280 5469 ἀοράτων
2313 5406 2410 5458 καὶ
2442 5406 2652 5477 νοητῶν
2687 5408 2785 5479 ἐχθ
2794 5410 2911 5483 ρῶν
2946 5414 3268 5475 ἐπιϐαλών
3289 5440 3305 5453 ι
3335 5426 3396 5477 οῖ
3414 5443 3475 5479 τε
3493 5417 3672 5489 ἀδελφά

2034 5492 2201 5583 αὐτοῦ
2242 5497 2338 5551 καὶ
2374 5498 2620 5570 μαθηταὶ
2654 5503 2940 5576 πρότερον
2993 5511 3392 5583 ἐπαινοῦντες
3424 5519 3579 5574 αὐτὸν
3602 5511 3667 5568 καῖ

2038 5579 2434 5657 θαυμάζοντες,
2450 5590 2687 5671 ςδστερον
2710 5596 2811 5649 καὶ
2836 5595 2919 5662 ὡς
2943 5598 3098 5657 Θεὸν
3125 5579 3515 5684 ὡμολόγησαν
3540 5605 3663 5663 sint
