  <div class='ocr_page' id='page_1' title='image "/cluster/home/n/w/nwhite01/storage/ocr_20150623/22 (Eusebius; pt. 4)/nyp.33433081862355/322.png"; bbox 0 0 3740 6318; ppageno 0'>
   <div class='ocr_carea' id='block_1_1' title="bbox 127 381 218 437">
    <p class='ocr_par' dir='ltr' id='par_1_1' title="bbox 127 381 218 437">
     <span class='ocr_line' id='line_1_1' title="bbox 127 381 218 437; baseline 0 0"><span class='ocrx_word' id='word_1_1' title='bbox 127 381 218 437; x_wconf 75' lang='lat'><strong>593</strong></span> 
     </span>
    </p>
   </div>
   <div class='ocr_carea' id='block_1_2' title="bbox 967 389 2424 463">
    <p class='ocr_par' dir='ltr' id='par_1_2' title="bbox 967 389 2424 463">
     <span class='ocr_line' id='line_1_2' title="bbox 967 389 2424 463; baseline 0.012 -18"><span class='ocrx_word' id='word_1_2' title='bbox 967 390 1596 453; x_wconf 75' lang='lat' dir='ltr'><strong>DEMONSTRATIONIS</strong></span> <span class='ocrx_word' id='word_1_3' title='bbox 1634 392 2076 458; x_wconf 61' lang='lat' dir='ltr'><strong>EVANGELICE</strong></span> <span class='ocrx_word' id='word_1_4' title='bbox 2114 389 2239 450; x_wconf 80' lang='lat' dir='ltr'><strong>LIB.</strong></span> <span class='ocrx_word' id='word_1_5' title='bbox 2287 401 2424 463; x_wconf 82' lang='lat' dir='ltr'><strong>Vlll.</strong></span> 
     </span>
    </p>
   </div>
   <div class='ocr_carea' id='block_1_3' title="bbox 3166 422 3273 479">
    <p class='ocr_par' dir='ltr' id='par_1_3' title="bbox 3166 422 3273 479">
     <span class='ocr_line' id='line_1_3' title="bbox 3166 422 3273 479; baseline 0.019 -3"><span class='ocrx_word' id='word_1_6' title='bbox 3166 422 3273 479; x_wconf 65' lang='grc'><strong>594</strong></span> 
     </span>
    </p>
   </div>
   <div class='ocr_carea' id='block_1_4' title="bbox 126 494 1628 603">
    <p class='ocr_par' dir='ltr' id='par_1_4' title="bbox 126 494 1628 580">
     <span class='ocr_line' id='line_1_4' title="bbox 126 494 1628 580; baseline 0.013 -32"><span class='ocrx_word' id='word_1_7' title='bbox 126 494 204 548; x_wconf 72' lang='grc' dir='ltr'><strong>καὶ</strong></span> <span class='ocrx_word' id='word_1_8' title='bbox 227 494 296 557; x_wconf 82' lang='grc' dir='ltr'><strong>ὡς</strong></span> <span class='ocrx_word' id='word_1_9' title='bbox 323 495 450 547; x_wconf 76' lang='grc' dir='ltr'>Θεὸν</span> <span class='ocrx_word' id='word_1_10' title='bbox 475 501 882 568; x_wconf 78' lang='grc' dir='ltr'><strong>προσεκύνησαν</strong></span> <span class='ocrx_word' id='word_1_11' title='bbox 900 519 914 533; x_wconf 70' lang='grc'><strong><em>⁸</em></strong></span> <span class='ocrx_word' id='word_1_12' title='bbox 934 507 1224 575; x_wconf 78' lang='grc' dir='ltr'>τηνικαῦτα</span> <span class='ocrx_word' id='word_1_13' title='bbox 1257 510 1548 580; x_wconf 77' lang='grc' dir='ltr'><strong>ἐπληροῦτο</strong></span> <span class='ocrx_word' id='word_1_14' title='bbox 1574 514 1628 566; x_wconf 69' lang='grc' dir='ltr'>τὰ</span> 
     </span>
    </p>
   </div>
   <div class='ocr_carea' id='block_1_5' title="bbox 1711 494 3263 603">
    <p class='ocr_par' dir='ltr' id='par_1_5' title="bbox 1738 496 3263 603">
     <span class='ocr_line' id='line_1_5' title="bbox 1738 496 3263 603; baseline 0.014 -36"><span class='ocrx_word' id='word_1_15' title='bbox 1738 515 1841 569; x_wconf 87' lang='lat' dir='ltr'><strong>Pro</strong></span> <span class='ocrx_word' id='word_1_16' title='bbox 1862 517 1950 570; x_wconf 92' lang='lat' dir='ltr'><strong>illo</strong></span> <span class='ocrx_word' id='word_1_17' title='bbox 1974 496 2169 603; x_wconf 69' lang='lat' dir='ltr'><strong>autem,</strong></span> <span class='ocrx_word' id='word_1_18' title='bbox 2203 528 2223 563; x_wconf 74' lang='grc' dir='ltr'><strong>ι</strong></span> <span class='ocrx_word' id='word_1_19' title='bbox 2253 514 2482 577; x_wconf 87' lang='lat' dir='ltr'><strong>Catulus</strong></span> <span class='ocrx_word' id='word_1_20' title='bbox 2512 523 2678 582; x_wconf 80' lang='lat' dir='ltr'><strong>leonis</strong></span> <span class='ocrx_word' id='word_1_21' title='bbox 2710 528 2865 595; x_wconf 84' lang='lat' dir='ltr'><strong>Juda,</strong></span> <span class='ocrx_word' id='word_1_22' title='bbox 2895 532 2960 587; x_wconf 89' lang='lat' dir='ltr'><strong>de</strong></span> <span class='ocrx_word' id='word_1_23' title='bbox 3003 536 3263 603; x_wconf 81' lang='lat' dir='ltr'><strong>germine,</strong></span> 
     </span>
    </p>
   </div>
   <div class='ocr_carea' id='block_1_6' title="bbox 125 583 1628 692">
    <p class='ocr_par' dir='ltr' id='par_1_6' title="bbox 125 583 1628 667">
     <span class='ocr_line' id='line_1_6' title="bbox 125 583 1628 667; baseline 0.013 -31"><span class='ocrx_word' id='word_1_24' title='bbox 125 583 423 653; x_wconf 69' lang='grc' dir='ltr'>ἀποκείμενα</span> <span class='ocrx_word' id='word_1_25' title='bbox 450 586 620 656; x_wconf 83' lang='grc' dir='ltr'>αὐτῷ,</span> <span class='ocrx_word' id='word_1_26' title='bbox 653 588 728 652; x_wconf 85' lang='grc' dir='ltr'><strong>ὡς</strong></span> <span class='ocrx_word' id='word_1_27' title='bbox 755 590 841 644; x_wconf 81' lang='grc' dir='ltr'><strong>διὰ</strong></span> <span class='ocrx_word' id='word_1_28' title='bbox 858 593 1011 645; x_wconf 77' lang='grc' dir='ltr'>τοῦτο</span> <span class='ocrx_word' id='word_1_29' title='bbox 1026 596 1332 667; x_wconf 80' lang='grc' dir='ltr'>ἀνειρῆσθαι</span> <span class='ocrx_word' id='word_1_30' title='bbox 1362 602 1439 653; x_wconf 82' lang='grc' dir='ltr'>τό·</span> <span class='ocrx_word' id='word_1_31' title='bbox 1468 603 1628 665; x_wconf 72' lang='grc' dir='ltr'>«Ἕως</span> 
     </span>
    </p>
   </div>
   <div class='ocr_carea' id='block_1_7' title="bbox 1711 583 3263 692">
    <p class='ocr_par' dir='ltr' id='par_1_7' title="bbox 1750 583 3263 692">
     <span class='ocr_line' id='line_1_7' title="bbox 1750 583 3263 692; baseline 0.013 -34"><span class='ocrx_word' id='word_1_32' title='bbox 1750 607 1819 659; x_wconf 87' lang='lat' dir='ltr'><strong>ﬁli</strong></span> <span class='ocrx_word' id='word_1_33' title='bbox 1848 606 1941 670; x_wconf 88' lang='lat' dir='ltr'><strong>mi,</strong></span> <span class='ocrx_word' id='word_1_34' title='bbox 1970 600 2281 671; x_wconf 82' lang='lat' dir='ltr'><strong>ascendiSIi,</strong></span> <span class='ocrx_word' id='word_1_35' title='bbox 2312 611 2628 668; x_wconf 86' lang='lat' dir='ltr'><strong>recumbens</strong></span> <span class='ocrx_word' id='word_1_36' title='bbox 2672 583 3059 684; x_wconf 54' lang='grc' dir='ltr'><strong>ἀοι-σπίνι·ἰςιί,σι</strong></span> <span class='ocrx_word' id='word_1_37' title='bbox 3094 583 3263 692; x_wconf 66' lang='lat' dir='ltr'><strong>signi:</strong></span> 
     </span>
    </p>
   </div>
   <div class='ocr_carea' id='block_1_8' title="bbox 126 675 1639 763">
    <p class='ocr_par' dir='ltr' id='par_1_8' title="bbox 126 675 1639 763">
     <span class='ocr_line' id='line_1_8' title="bbox 126 675 1639 763; baseline 0.011 -34"><span class='ocrx_word' id='word_1_38' title='bbox 126 675 177 729; x_wconf 76' lang='grc' dir='ltr'>ἂν</span> <span class='ocrx_word' id='word_1_39' title='bbox 198 675 312 746; x_wconf 71' lang='grc' dir='ltr'>ἔλθῃ</span> <span class='ocrx_word' id='word_1_40' title='bbox 336 675 410 763; x_wconf 3' lang='grc' dir='ltr'>,τὰ</span> <span class='ocrx_word' id='word_1_41' title='bbox 434 677 769 748; x_wconf 79' lang='grc' dir='ltr'><strong>ἀποκείμενα</strong></span> <span class='ocrx_word' id='word_1_42' title='bbox 816 683 979 753; x_wconf 84' lang='grc' dir='ltr'>αύτῷ.</span> <span class='ocrx_word' id='word_1_43' title='bbox 1012 705 1030 736; x_wconf 71' lang='grc' dir='ltr'><strong>ι</strong></span> <span class='ocrx_word' id='word_1_44' title='bbox 1051 686 1136 751; x_wconf 79' lang='grc' dir='ltr'><strong>Ἐξ</strong></span> <span class='ocrx_word' id='word_1_45' title='bbox 1176 690 1378 743; x_wconf 79' lang='grc' dir='ltr'>ἐκείνου</span> <span class='ocrx_word' id='word_1_46' title='bbox 1422 693 1530 763; x_wconf 82' lang='grc' dir='ltr'>γάρ</span> <span class='ocrx_word' id='word_1_47' title='bbox 1560 711 1639 745; x_wconf 89' lang='grc' dir='ltr'><strong>τοι</strong></span> 
     </span>
    </p>
   </div>
   <div class='ocr_carea' id='block_1_9' title="bbox 1740 691 3260 775">
    <p class='ocr_par' dir='ltr' id='par_1_9' title="bbox 1740 691 3260 775">
     <span class='ocr_line' id='line_1_9' title="bbox 1740 691 3260 775; baseline 0.013 -28"><span class='ocrx_word' id='word_1_48' title='bbox 1740 693 1987 747; x_wconf 89' lang='lat' dir='ltr'><strong>ﬁcantius</strong></span> <span class='ocrx_word' id='word_1_49' title='bbox 2016 691 2202 761; x_wconf 85' lang='lat' dir='ltr'><strong>Aquila</strong></span> <span class='ocrx_word' id='word_1_50' title='bbox 2250 700 2516 753; x_wconf 75' lang='lat' dir='ltr'><strong>convertit</strong></span> <span class='ocrx_word' id='word_1_51' title='bbox 2547 719 2559 753; x_wconf 89' lang='lat'>:</span> <span class='ocrx_word' id='word_1_52' title='bbox 2602 719 2621 752; x_wconf 76' lang='grc' dir='ltr'><strong>ι</strong></span> <span class='ocrx_word' id='word_1_53' title='bbox 2656 702 2874 760; x_wconf 76' lang='lat' dir='ltr'><strong>Catulus</strong></span> <span class='ocrx_word' id='word_1_54' title='bbox 2907 708 3075 763; x_wconf 81' lang='lat' dir='ltr'><strong>leonis</strong></span> <span class='ocrx_word' id='word_1_55' title='bbox 3100 691 3260 775; x_wconf 82' lang='lat' dir='ltr'><strong>Juda,</strong></span> 
     </span>
    </p>
   </div>
   <div class='ocr_carea' id='block_1_10' title="bbox 123 762 1628 854">
    <p class='ocr_par' dir='ltr' id='par_1_10' title="bbox 123 762 1628 854">
     <span class='ocr_line' id='line_1_10' title="bbox 123 762 1628 854; baseline 0.013 -37"><span class='ocrx_word' id='word_1_56' title='bbox 123 763 198 817; x_wconf 82' lang='grc' dir='ltr'>καὶ</span> <span class='ocrx_word' id='word_1_57' title='bbox 217 766 297 854; x_wconf 69' lang='grc' dir='ltr'><strong>εις</strong></span> <span class='ocrx_word' id='word_1_58' title='bbox 324 762 478 835; x_wconf 79' lang='grc' dir='ltr'>δεῦρο</span> <span class='ocrx_word' id='word_1_59' title='bbox 509 768 591 831; x_wconf 76' lang='grc' dir='ltr'>εἰς</span> <span class='ocrx_word' id='word_1_60' title='bbox 618 770 791 841; x_wconf 85' lang='grc' dir='ltr'>πέρας</span> <span class='ocrx_word' id='word_1_61' title='bbox 832 772 1088 827; x_wconf 75' lang='grc' dir='ltr'><strong>ἐλθόντων</strong></span> <span class='ocrx_word' id='word_1_62' title='bbox 1131 777 1234 829; x_wconf 89' lang='grc' dir='ltr'><strong>τῶν</strong></span> <span class='ocrx_word' id='word_1_63' title='bbox 1277 762 1628 851; x_wconf 50' lang='grc' dir='ltr'>ἀποκειμένων</span> 
     </span>
    </p>
   </div>
   <div class='ocr_carea' id='block_1_11' title="bbox 1711 762 3260 854">
    <p class='ocr_par' dir='ltr' id='par_1_11' title="bbox 1736 780 3260 854">
     <span class='ocr_line' id='line_1_11' title="bbox 1736 780 3260 854; baseline 0.01 -17"><span class='ocrx_word' id='word_1_64' title='bbox 1736 784 1802 837; x_wconf 89' lang='lat' dir='ltr'><strong>de</strong></span> <span class='ocrx_word' id='word_1_65' title='bbox 1830 791 2075 853; x_wconf 85' lang='lat' dir='ltr'><strong>captura,</strong></span> <span class='ocrx_word' id='word_1_66' title='bbox 2106 780 2174 836; x_wconf 87' lang='lat' dir='ltr'><strong>ﬁli</strong></span> <span class='ocrx_word' id='word_1_67' title='bbox 2204 786 2299 849; x_wconf 89' lang='lat' dir='ltr'><strong>mi,</strong></span> <span class='ocrx_word' id='word_1_68' title='bbox 2327 790 2637 854; x_wconf 88' lang='lat' dir='ltr'><strong>ascendisti,</strong></span> <span class='ocrx_word' id='word_1_69' title='bbox 2665 806 2785 845; x_wconf 88' lang='lat' dir='ltr'><strong>cum</strong></span> <span class='ocrx_word' id='word_1_70' title='bbox 2804 792 3043 854; x_wconf 82' lang='lat' dir='ltr'><strong>ﬂexisses</strong></span> <span class='ocrx_word' id='word_1_71' title='bbox 3068 800 3260 854; x_wconf 86' lang='lat' dir='ltr'><strong>cubui-</strong></span> 
     </span>
    </p>
   </div>
   <div class='ocr_carea' id='block_1_12' title="bbox 124 852 1637 938">
    <p class='ocr_par' dir='ltr' id='par_1_12' title="bbox 124 852 1637 938">
     <span class='ocr_line' id='line_1_12' title="bbox 124 852 1637 938; baseline 0.015 -36"><span class='ocrx_word' id='word_1_72' title='bbox 124 852 636 921; x_wconf 74' lang='grc' dir='ltr'>αὺτιῙ),διαλελοιπασι</span> <span class='ocrx_word' id='word_1_73' title='bbox 664 859 759 927; x_wconf 84' lang='grc' dir='ltr'>μὲν</span> <span class='ocrx_word' id='word_1_74' title='bbox 778 862 827 911; x_wconf 83' lang='lat' dir='ltr'><strong>oi</strong></span> <span class='ocrx_word' id='word_1_75' title='bbox 854 861 1107 931; x_wconf 78' lang='grc' dir='ltr'>ἄρχοντες</span> <span class='ocrx_word' id='word_1_76' title='bbox 1127 868 1217 918; x_wconf 76' lang='grc' dir='ltr'>καὶ</span> <span class='ocrx_word' id='word_1_77' title='bbox 1242 869 1524 938; x_wconf 77' lang='grc' dir='ltr'>ἡγούμενοι</span> <span class='ocrx_word' id='word_1_78' title='bbox 1547 874 1637 924; x_wconf 82' lang='grc' dir='ltr'><strong>τοῦ</strong></span> 
     </span>
    </p>
   </div>
   <div class='ocr_carea' id='block_1_13' title="bbox 131 940 1636 1025">
    <p class='ocr_par' dir='ltr' id='par_1_13' title="bbox 131 940 1636 1025">
     <span class='ocr_line' id='line_1_13' title="bbox 131 940 1636 1025; baseline 0.013 -32"><span class='ocrx_word' id='word_1_79' title='bbox 131 940 360 994; x_wconf 80' lang='grc' dir='ltr'><strong>Ἰουδαίων</strong></span> <span class='ocrx_word' id='word_1_80' title='bbox 383 941 590 1007; x_wconf 78' lang='grc' dir='ltr'>ἔθνους,</span> <span class='ocrx_word' id='word_1_81' title='bbox 621 947 960 1018; x_wconf 75' lang='grc' dir='ltr'>κατέστησαν</span> <span class='ocrx_word' id='word_1_82' title='bbox 986 968 1047 1003; x_wconf 82' lang='grc' dir='ltr'><strong>τε</strong></span> <span class='ocrx_word' id='word_1_83' title='bbox 1082 954 1170 1004; x_wconf 80' lang='grc' dir='ltr'><strong>ἐπὶ</strong></span> <span class='ocrx_word' id='word_1_84' title='bbox 1199 957 1435 1025; x_wconf 75' lang='grc' dir='ltr'><strong>κεφαλῆς</strong></span> <span class='ocrx_word' id='word_1_85' title='bbox 1461 959 1636 1013; x_wconf 77' lang='grc' dir='ltr'>αὐτῶν</span> 
     </span>
    </p>
   </div>
   <div class='ocr_carea' id='block_1_14' title="bbox 120 1030 1637 1116">
    <p class='ocr_par' dir='ltr' id='par_1_14' title="bbox 120 1030 1637 1116">
     <span class='ocr_line' id='line_1_14' title="bbox 120 1030 1637 1116; baseline 0.015 -37"><span class='ocrx_word' id='word_1_86' title='bbox 120 1030 341 1097; x_wconf 74' lang='grc' dir='ltr'>ἄρχοντες</span> <span class='ocrx_word' id='word_1_87' title='bbox 363 1030 548 1096; x_wconf 76' lang='grc' dir='ltr'>ἐθνῶν,</span> <span class='ocrx_word' id='word_1_88' title='bbox 576 1033 812 1104; x_wconf 77' lang='grc' dir='ltr'>ἔμπαλιν</span> <span class='ocrx_word' id='word_1_89' title='bbox 843 1038 901 1090; x_wconf 83' lang='grc' dir='ltr'>δὲ</span> <span class='ocrx_word' id='word_1_90' title='bbox 931 1038 996 1092; x_wconf 71' lang='grc' dir='ltr'>τὰ</span> <span class='ocrx_word' id='word_1_91' title='bbox 1024 1040 1144 1112; x_wconf 81' lang='grc' dir='ltr'>ἔθνη</span> <span class='ocrx_word' id='word_1_92' title='bbox 1167 1044 1253 1097; x_wconf 86' lang='grc' dir='ltr'>τὸν</span> <span class='ocrx_word' id='word_1_93' title='bbox 1274 1047 1499 1116; x_wconf 80' lang='grc' dir='ltr'>Χριστὸν</span> <span class='ocrx_word' id='word_1_94' title='bbox 1518 1050 1637 1101; x_wconf 77' lang='grc' dir='ltr'>ἐπι-</span> 
     </span>
    </p>
   </div>
   <div class='ocr_carea' id='block_1_15' title="bbox 118 1120 1637 1208">
    <p class='ocr_par' dir='ltr' id='par_1_15' title="bbox 118 1120 1637 1208">
     <span class='ocr_line' id='line_1_15' title="bbox 118 1120 1637 1208; baseline 0.014 -38"><span class='ocrx_word' id='word_1_95' title='bbox 118 1121 284 1188; x_wconf 77' lang='grc' dir='ltr'>γνόντα</span> <span class='ocrx_word' id='word_1_96' title='bbox 325 1120 410 1173; x_wconf 83' lang='grc' dir='ltr'>τοῦ</span> <span class='ocrx_word' id='word_1_97' title='bbox 458 1121 622 1185; x_wconf 81' lang='grc' dir='ltr'>Θεοῦ,</span> <span class='ocrx_word' id='word_1_98' title='bbox 657 1127 819 1180; x_wconf 81' lang='grc' dir='ltr'>αὐτὸν</span> <span class='ocrx_word' id='word_1_99' title='bbox 870 1130 1236 1202; x_wconf 69' lang='grc' dir='ltr'><strong>ἐπεγράψαντο</strong></span> <span class='ocrx_word' id='word_1_100' title='bbox 1282 1137 1503 1208; x_wconf 82' lang='grc' dir='ltr'><strong>Σωτῆρα</strong></span> <span class='ocrx_word' id='word_1_101' title='bbox 1548 1139 1637 1191; x_wconf 76' lang='grc' dir='ltr'><strong>καὶ</strong></span> 
     </span>
    </p>
   </div>
   <div class='ocr_carea' id='block_1_16' title="bbox 117 1212 1637 1301">
    <p class='ocr_par' dir='ltr' id='par_1_16' title="bbox 117 1212 1637 1301">
     <span class='ocr_line' id='line_1_16' title="bbox 117 1212 1637 1301; baseline 0.014 -41"><span class='ocrx_word' id='word_1_102' title='bbox 117 1212 419 1280; x_wconf 78' lang='grc' dir='ltr'>προσδοκίαν.</span> <span class='ocrx_word' id='word_1_103' title='bbox 452 1214 611 1266; x_wconf 86' lang='grc' dir='ltr'>Μετά</span> <span class='ocrx_word' id='word_1_104' title='bbox 667 1216 840 1270; x_wconf 80' lang='grc' dir='ltr'>ταῦτα</span> <span class='ocrx_word' id='word_1_105' title='bbox 892 1221 1062 1274; x_wconf 84' lang='grc' dir='ltr'>πάντα</span> <span class='ocrx_word' id='word_1_106' title='bbox 1113 1223 1413 1292; x_wconf 81' lang='grc' dir='ltr'>ὲπιλέγεται</span> <span class='ocrx_word' id='word_1_107' title='bbox 1433 1245 1471 1301; x_wconf 47' lang='grc'><strong>’⁸</strong></span> <span class='ocrx_word' id='word_1_108' title='bbox 1501 1247 1519 1277; x_wconf 77' lang='grc' dir='ltr'><strong>ι</strong></span> <span class='ocrx_word' id='word_1_109' title='bbox 1543 1232 1637 1281; x_wconf 89' lang='grc' dir='ltr'><strong>Δε-</strong></span> 
     </span>
    </p>
   </div>
   <div class='ocr_carea' id='block_1_17' title="bbox 118 1300 1634 1386">
    <p class='ocr_par' dir='ltr' id='par_1_17' title="bbox 118 1300 1634 1386">
     <span class='ocr_line' id='line_1_17' title="bbox 118 1300 1634 1386; baseline 0.014 -36"><span class='ocrx_word' id='word_1_110' title='bbox 118 1300 299 1369; x_wconf 79' lang='grc' dir='ltr'>σμεύων</span> <span class='ocrx_word' id='word_1_111' title='bbox 328 1301 454 1372; x_wconf 74' lang='grc' dir='ltr'>πρὸς</span> <span class='ocrx_word' id='word_1_112' title='bbox 479 1302 731 1372; x_wconf 77' lang='grc' dir='ltr'>ἄμπελον</span> <span class='ocrx_word' id='word_1_113' title='bbox 757 1310 847 1361; x_wconf 75' lang='grc' dir='ltr'><strong>τὸν</strong></span> <span class='ocrx_word' id='word_1_114' title='bbox 879 1311 1050 1364; x_wconf 83' lang='grc' dir='ltr'>πῶλον</span> <span class='ocrx_word' id='word_1_115' title='bbox 1082 1312 1263 1377; x_wconf 81' lang='grc' dir='ltr'>αὑτοῦ,</span> <span class='ocrx_word' id='word_1_116' title='bbox 1293 1315 1383 1368; x_wconf 71' lang='grc' dir='ltr'>καὶ</span> <span class='ocrx_word' id='word_1_117' title='bbox 1407 1300 1470 1386; x_wconf 74' lang='grc' dir='ltr'>τῇ</span> <span class='ocrx_word' id='word_1_118' title='bbox 1498 1317 1634 1371; x_wconf 84' lang='grc' dir='ltr'>’ἑλικι</span> 
     </span>
    </p>
   </div>
   <div class='ocr_carea' id='block_1_18' title="bbox 118 1390 1634 1475">
    <p class='ocr_par' dir='ltr' id='par_1_18' title="bbox 118 1390 1634 1475">
     <span class='ocr_line' id='line_1_18' title="bbox 118 1390 1634 1475; baseline 0.013 -35"><span class='ocrx_word' id='word_1_119' title='bbox 118 1392 166 1442; x_wconf 81' lang='grc' dir='ltr'>τὸ</span> <span class='ocrx_word' id='word_1_120' title='bbox 191 1390 457 1457; x_wconf 78' lang='grc' dir='ltr'>ὑποζύγιον</span> <span class='ocrx_word' id='word_1_121' title='bbox 482 1393 585 1461; x_wconf 75' lang='grc' dir='ltr'>τῆς</span> <span class='ocrx_word' id='word_1_122' title='bbox 611 1394 742 1448; x_wconf 80' lang='grc' dir='ltr'>όνου</span> <span class='ocrx_word' id='word_1_123' title='bbox 771 1399 952 1465; x_wconf 80' lang='grc' dir='ltr'>αὑτοῦ,</span> <span class='ocrx_word' id='word_1_124' title='bbox 983 1401 1165 1454; x_wconf 85' lang='grc' dir='ltr'>πλυνεῖ</span> <span class='ocrx_word' id='word_1_125' title='bbox 1185 1405 1240 1456; x_wconf 83' lang='grc' dir='ltr'>ὲν</span> <span class='ocrx_word' id='word_1_126' title='bbox 1260 1404 1385 1473; x_wconf 77' lang='grc' dir='ltr'>οἷ’νῳ</span> <span class='ocrx_word' id='word_1_127' title='bbox 1405 1406 1499 1475; x_wconf 82' lang='grc' dir='ltr'>τὴν</span> <span class='ocrx_word' id='word_1_128' title='bbox 1520 1424 1634 1460; x_wconf 86' lang='grc' dir='ltr'>στο-</span> 
     </span>
    </p>
   </div>
   <div class='ocr_carea' id='block_1_19' title="bbox 114 1478 1631 1565">
    <p class='ocr_par' dir='ltr' id='par_1_19' title="bbox 114 1478 1631 1565">
     <span class='ocr_line' id='line_1_19' title="bbox 114 1478 1631 1565; baseline 0.01 -35"><span class='ocrx_word' id='word_1_129' title='bbox 114 1479 188 1548; x_wconf 82' lang='grc' dir='ltr'><strong>λήν</strong></span> <span class='ocrx_word' id='word_1_130' title='bbox 212 1478 379 1543; x_wconf 82' lang='grc' dir='ltr'>αὑτοῦ,</span> <span class='ocrx_word' id='word_1_131' title='bbox 411 1481 506 1532; x_wconf 84' lang='grc' dir='ltr'>καὶ</span> <span class='ocrx_word' id='word_1_132' title='bbox 551 1483 611 1535; x_wconf 75' lang='grc' dir='ltr'>ὲν</span> <span class='ocrx_word' id='word_1_133' title='bbox 654 1485 852 1554; x_wconf 75' lang='grc' dir='ltr'>αἵματι</span> <span class='ocrx_word' id='word_1_134' title='bbox 901 1489 1167 1557; x_wconf 73' lang='grc' dir='ltr'>σταφυλῆς</span> <span class='ocrx_word' id='word_1_135' title='bbox 1206 1491 1302 1560; x_wconf 77' lang='grc' dir='ltr'>τὴν</span> <span class='ocrx_word' id='word_1_136' title='bbox 1348 1494 1631 1565; x_wconf 80' lang='grc' dir='ltr'>περιϐολὴν</span> 
     </span>
    </p>
   </div>
   <div class='ocr_carea' id='block_1_20' title="bbox 112 1569 1632 1647">
    <p class='ocr_par' dir='ltr' id='par_1_20' title="bbox 112 1569 1632 1647">
     <span class='ocr_line' id='line_1_20' title="bbox 112 1569 1632 1647; baseline 0.011 -27"><span class='ocrx_word' id='word_1_137' title='bbox 112 1569 260 1621; x_wconf 75' lang='grc' dir='ltr'>αὑτοῦ.</span> <span class='ocrx_word' id='word_1_138' title='bbox 293 1571 583 1640; x_wconf 74' lang='grc' dir='ltr'>Χαροποιοὶ</span> <span class='ocrx_word' id='word_1_139' title='bbox 609 1576 661 1625; x_wconf 77' lang='grc' dir='ltr'>οἱ</span> <span class='ocrx_word' id='word_1_140' title='bbox 695 1575 958 1645; x_wconf 75' lang='grc' dir='ltr'>ὀφθαλμοὶ</span> <span class='ocrx_word' id='word_1_141' title='bbox 1001 1579 1159 1632; x_wconf 76' lang='grc' dir='ltr'>αὑτοῦ</span> <span class='ocrx_word' id='word_1_142' title='bbox 1206 1569 1310 1633; x_wconf 78' lang='grc' dir='ltr'>ἀπὸ</span> <span class='ocrx_word' id='word_1_143' title='bbox 1352 1584 1512 1647; x_wconf 73' lang='grc' dir='ltr'>οἴνου,</span> <span class='ocrx_word' id='word_1_144' title='bbox 1540 1586 1632 1637; x_wconf 61' lang='grc' dir='ltr'><strong>καὶ⁵</strong></span> 
     </span>
    </p>
   </div>
   <div class='ocr_carea' id='block_1_21' title="bbox 112 1654 1630 1737">
    <p class='ocr_par' dir='ltr' id='par_1_21' title="bbox 112 1654 1630 1737">
     <span class='ocr_line' id='line_1_21' title="bbox 112 1654 1630 1737; baseline 0.013 -32"><span class='ocrx_word' id='word_1_145' title='bbox 112 1654 259 1736; x_wconf 76' lang='grc' dir='ltr'>λευκοὶ</span> <span class='ocrx_word' id='word_1_146' title='bbox 297 1658 341 1708; x_wconf 77' lang='grc' dir='ltr'>οε</span> <span class='ocrx_word' id='word_1_147' title='bbox 386 1658 599 1721; x_wconf 79' lang='grc' dir='ltr'>ὀδόντες</span> <span class='ocrx_word' id='word_1_148' title='bbox 660 1661 829 1714; x_wconf 77' lang='grc' dir='ltr'>αὑτοῦ</span> <span class='ocrx_word' id='word_1_149' title='bbox 955 1666 1109 1733; x_wconf 84' lang='grc' dir='ltr'>γάλα.</span> <span class='ocrx_word' id='word_1_150' title='bbox 1144 1687 1162 1718; x_wconf 73' lang='grc' dir='ltr'><strong>ι</strong></span> <span class='ocrx_word' id='word_1_151' title='bbox 1192 1670 1521 1723; x_wconf 74' lang='grc' dir='ltr'>Αξνίττεσθαι</span> <span class='ocrx_word' id='word_1_152' title='bbox 1576 1672 1630 1725; x_wconf 84' lang='grc' dir='ltr'>δὲ</span> 
     </span>
    </p>
   </div>
   <div class='ocr_carea' id='block_1_22' title="bbox 114 1744 1628 1823">
    <p class='ocr_par' dir='ltr' id='par_1_22' title="bbox 114 1744 1628 1823">
     <span class='ocr_line' id='line_1_22' title="bbox 114 1744 1628 1823; baseline 0.011 -27"><span class='ocrx_word' id='word_1_153' title='bbox 114 1744 306 1814; x_wconf 74' lang='grc' dir='ltr'>ἠγοῦμαι</span> <span class='ocrx_word' id='word_1_154' title='bbox 356 1746 441 1801; x_wconf 89' lang='grc' dir='ltr'><strong>διά</strong></span> <span class='ocrx_word' id='word_1_155' title='bbox 490 1749 709 1803; x_wconf 87' lang='grc' dir='ltr'>τούτων</span> <span class='ocrx_word' id='word_1_156' title='bbox 738 1752 827 1805; x_wconf 81' lang='grc' dir='ltr'>τὸν</span> <span class='ocrx_word' id='word_1_157' title='bbox 860 1754 956 1823; x_wconf 83' lang='grc' dir='ltr'>μὲν</span> <span class='ocrx_word' id='word_1_158' title='bbox 1000 1754 1170 1809; x_wconf 83' lang='grc' dir='ltr'>πῶλον</span> <span class='ocrx_word' id='word_1_159' title='bbox 1209 1758 1367 1812; x_wconf 77' lang='grc' dir='ltr'>αὐτὸν</span> <span class='ocrx_word' id='word_1_160' title='bbox 1396 1760 1485 1811; x_wconf 84' lang='grc' dir='ltr'>τὸν</span> <span class='ocrx_word' id='word_1_161' title='bbox 1522 1761 1628 1813; x_wconf 85' lang='grc' dir='ltr'><strong>τῶν</strong></span> 
     </span>
    </p>
   </div>
   <div class='ocr_carea' id='block_1_23' title="bbox 1739 874 3259 953">
    <p class='ocr_par' dir='ltr' id='par_1_23' title="bbox 1739 874 3259 953">
     <span class='ocr_line' id='line_1_23' title="bbox 1739 874 3259 953; baseline 0.011 -26"><span class='ocrx_word' id='word_1_162' title='bbox 1739 874 1836 937; x_wconf 88' lang='lat' dir='ltr'><strong>sti;</strong></span> <span class='ocrx_word' id='word_1_163' title='bbox 1875 894 1894 925; x_wconf 75' lang='grc' dir='ltr'><strong>ι</strong></span> <span class='ocrx_word' id='word_1_164' title='bbox 1926 874 2273 944; x_wconf 83' lang='lat' dir='ltr'><strong>Symmachus</strong></span> <span class='ocrx_word' id='word_1_165' title='bbox 2304 886 2500 940; x_wconf 90' lang='lat' dir='ltr'><strong>autem,</strong></span> <span class='ocrx_word' id='word_1_166' title='bbox 2542 897 2562 929; x_wconf 75' lang='grc' dir='ltr'><strong>ι</strong></span> <span class='ocrx_word' id='word_1_167' title='bbox 2594 880 2833 946; x_wconf 83' lang='lat' dir='ltr'><strong>Catulus,</strong></span> <span class='ocrx_word' id='word_1_168' title='bbox 2874 884 3063 953; x_wconf 85' lang='lat' dir='ltr'><strong>inquit,</strong></span> <span class='ocrx_word' id='word_1_169' title='bbox 3090 888 3259 943; x_wconf 84' lang='lat' dir='ltr'><strong>leonis</strong></span> 
     </span>
    </p>
   </div>
   <div class='ocr_carea' id='block_1_24' title="bbox 1739 960 3262 1045">
    <p class='ocr_par' dir='ltr' id='par_1_24' title="bbox 1739 960 3262 1045">
     <span class='ocr_line' id='line_1_24' title="bbox 1739 960 3262 1045; baseline 0.012 -31"><span class='ocrx_word' id='word_1_170' title='bbox 1739 960 1894 1024; x_wconf 86' lang='lat' dir='ltr'><strong>Juda,</strong></span> <span class='ocrx_word' id='word_1_171' title='bbox 1920 963 1985 1017; x_wconf 90' lang='lat' dir='ltr'><strong>de</strong></span> <span class='ocrx_word' id='word_1_172' title='bbox 2016 962 2246 1018; x_wconf 80' lang='lat' dir='ltr'><strong>ferarum</strong></span> <span class='ocrx_word' id='word_1_173' title='bbox 2278 976 2518 1035; x_wconf 89' lang='lat' dir='ltr'><strong>captura,</strong></span> <span class='ocrx_word' id='word_1_174' title='bbox 2544 969 2614 1021; x_wconf 91' lang='lat' dir='ltr'><strong>ﬁli</strong></span> <span class='ocrx_word' id='word_1_175' title='bbox 2639 971 2729 1031; x_wconf 90' lang='lat' dir='ltr'><strong>mi,</strong></span> <span class='ocrx_word' id='word_1_176' title='bbox 2772 974 3080 1040; x_wconf 90' lang='lat' dir='ltr'><strong>ascendisti,</strong></span> <span class='ocrx_word' id='word_1_177' title='bbox 3113 979 3262 1045; x_wconf 86' lang='lat' dir='ltr'><strong>geni-</strong></span> 
     </span>
    </p>
   </div>
   <div class='ocr_carea' id='block_1_25' title="bbox 1736 1052 3255 1134">
    <p class='ocr_par' dir='ltr' id='par_1_25' title="bbox 1736 1052 3255 1134">
     <span class='ocr_line' id='line_1_25' title="bbox 1736 1052 3255 1134; baseline 0.01 -30"><span class='ocrx_word' id='word_1_178' title='bbox 1736 1052 1838 1106; x_wconf 90' lang='lat' dir='ltr'><strong>bus</strong></span> <span class='ocrx_word' id='word_1_179' title='bbox 1866 1052 2014 1107; x_wconf 80' lang='lat' dir='ltr'><strong>ﬂexis</strong></span> <span class='ocrx_word' id='word_1_180' title='bbox 2043 1053 2388 1112; x_wconf 87' lang='lat' dir='ltr'><strong>conﬁrmatus</strong></span> <span class='ocrx_word' id='word_1_181' title='bbox 2416 1073 2511 1121; x_wconf 84' lang='lat' dir='ltr'><strong>es;</strong></span> <span class='ocrx_word' id='word_1_182' title='bbox 2550 1078 2566 1109; x_wconf 76' lang='grc' dir='ltr'><strong>ι</strong></span> <span class='ocrx_word' id='word_1_183' title='bbox 2609 1074 2672 1113; x_wconf 79' lang='lat' dir='ltr'><strong>ex</strong></span> <span class='ocrx_word' id='word_1_184' title='bbox 2712 1061 2905 1128; x_wconf 86' lang='lat' dir='ltr'><strong>quibus</strong></span> <span class='ocrx_word' id='word_1_185' title='bbox 2941 1063 3113 1118; x_wconf 84' lang='lat' dir='ltr'><strong>verbis</strong></span> <span class='ocrx_word' id='word_1_186' title='bbox 3142 1067 3255 1134; x_wconf 84' lang='lat' dir='ltr'><strong>pla-</strong></span> 
     </span>
    </p>
   </div>
   <div class='ocr_carea' id='block_1_26' title="bbox 1736 1140 3255 1219">
    <p class='ocr_par' dir='ltr' id='par_1_26' title="bbox 1736 1140 3255 1219">
     <span class='ocr_line' id='line_1_26' title="bbox 1736 1140 3255 1219; baseline 0.01 -28"><span class='ocrx_word' id='word_1_187' title='bbox 1736 1140 1956 1196; x_wconf 88' lang='lat' dir='ltr'><strong>nissime</strong></span> <span class='ocrx_word' id='word_1_188' title='bbox 1987 1151 2204 1211; x_wconf 86' lang='lat' dir='ltr'><strong>apparet</strong></span> <span class='ocrx_word' id='word_1_189' title='bbox 2237 1145 2352 1213; x_wconf 90' lang='lat' dir='ltr'><strong>ipsa</strong></span> <span class='ocrx_word' id='word_1_190' title='bbox 2377 1145 2443 1198; x_wconf 89' lang='lat' dir='ltr'><strong>de</strong></span> <span class='ocrx_word' id='word_1_191' title='bbox 2472 1155 2642 1202; x_wconf 90' lang='lat' dir='ltr'><strong>morte</strong></span> <span class='ocrx_word' id='word_1_192' title='bbox 2670 1148 2736 1202; x_wconf 91' lang='lat' dir='ltr'><strong>ad</strong></span> <span class='ocrx_word' id='word_1_193' title='bbox 2773 1149 2936 1203; x_wconf 85' lang='lat' dir='ltr'><strong>vitam</strong></span> <span class='ocrx_word' id='word_1_194' title='bbox 2966 1152 3255 1219; x_wconf 81' lang='lat' dir='ltr'><strong>restitutio,</strong></span> 
     </span>
    </p>
   </div>
   <div class='ocr_carea' id='block_1_27' title="bbox 1730 1233 3256 1312">
    <p class='ocr_par' dir='ltr' id='par_1_27' title="bbox 1730 1233 3256 1312">
     <span class='ocr_line' id='line_1_27' title="bbox 1730 1233 3256 1312; baseline 0.01 -27"><span class='ocrx_word' id='word_1_195' title='bbox 1730 1240 1783 1285; x_wconf 90' lang='lat' dir='ltr'><strong>et</strong></span> <span class='ocrx_word' id='word_1_196' title='bbox 1819 1233 1886 1285; x_wconf 86' lang='lat' dir='ltr'><strong>ab</strong></span> <span class='ocrx_word' id='word_1_197' title='bbox 1911 1235 2099 1289; x_wconf 81' lang='lat' dir='ltr'><strong>inferis</strong></span> <span class='ocrx_word' id='word_1_198' title='bbox 2129 1238 2289 1291; x_wconf 90' lang='lat' dir='ltr'><strong>veluti</strong></span> <span class='ocrx_word' id='word_1_199' title='bbox 2317 1251 2346 1289; x_wconf 91' lang='lat' dir='ltr'><strong>a</strong></span> <span class='ocrx_word' id='word_1_200' title='bbox 2373 1239 2606 1307; x_wconf 85' lang='lat' dir='ltr'><strong>quadam</strong></span> <span class='ocrx_word' id='word_1_201' title='bbox 2640 1239 2871 1295; x_wconf 80' lang='lat' dir='ltr'><strong>ferarum</strong></span> <span class='ocrx_word' id='word_1_202' title='bbox 2898 1251 3120 1312; x_wconf 88' lang='lat' dir='ltr'><strong>captura</strong></span> <span class='ocrx_word' id='word_1_203' title='bbox 3146 1243 3256 1300; x_wconf 84' lang='lat' dir='ltr'><strong>Sal-</strong></span> 
     </span>
    </p>
   </div>
   <div class='ocr_carea' id='block_1_28' title="bbox 1733 1322 3254 1395">
    <p class='ocr_par' dir='ltr' id='par_1_28' title="bbox 1733 1322 3254 1395">
     <span class='ocr_line' id='line_1_28' title="bbox 1733 1322 3254 1395; baseline 0.012 -22"><span class='ocrx_word' id='word_1_204' title='bbox 1733 1322 1934 1378; x_wconf 85' lang='lat' dir='ltr'><strong>vatoris</strong></span> <span class='ocrx_word' id='word_1_205' title='bbox 1982 1326 2150 1379; x_wconf 87' lang='lat' dir='ltr'><strong>nostri</strong></span> <span class='ocrx_word' id='word_1_206' title='bbox 2193 1330 2392 1384; x_wconf 88' lang='lat' dir='ltr'><strong>evasio.</strong></span> <span class='ocrx_word' id='word_1_207' title='bbox 2423 1328 2575 1395; x_wconf 84' lang='lat' dir='ltr'><strong>Quod</strong></span> <span class='ocrx_word' id='word_1_208' title='bbox 2619 1346 2745 1385; x_wconf 91' lang='lat' dir='ltr'><strong>vero</strong></span> <span class='ocrx_word' id='word_1_209' title='bbox 2788 1333 2933 1387; x_wconf 88' lang='lat' dir='ltr'><strong>illum</strong></span> <span class='ocrx_word' id='word_1_210' title='bbox 2980 1335 3172 1390; x_wconf 78' lang='lat' dir='ltr'><strong>dixerit</strong></span> <span class='ocrx_word' id='word_1_211' title='bbox 3201 1346 3254 1391; x_wconf 88' lang='lat' dir='ltr'><strong>et</strong></span> 
     </span>
    </p>
   </div>
   <div class='ocr_carea' id='block_1_29' title="bbox 1732 1410 3256 1485">
    <p class='ocr_par' dir='ltr' id='par_1_29' title="bbox 1732 1410 3256 1485">
     <span class='ocr_line' id='line_1_29' title="bbox 1732 1410 3256 1485; baseline 0.013 -24"><span class='ocrx_word' id='word_1_212' title='bbox 1732 1424 1904 1477; x_wconf 86' lang='lat' dir='ltr'><strong>genua</strong></span> <span class='ocrx_word' id='word_1_213' title='bbox 1934 1410 2144 1467; x_wconf 79' lang='lat' dir='ltr'><strong>ﬂexisse</strong></span> <span class='ocrx_word' id='word_1_214' title='bbox 2181 1426 2233 1469; x_wconf 91' lang='lat' dir='ltr'><strong>et</strong></span> <span class='ocrx_word' id='word_1_215' title='bbox 2266 1418 2636 1472; x_wconf 90' lang='lat' dir='ltr'><strong>conﬁrmatum</strong></span> <span class='ocrx_word' id='word_1_216' title='bbox 2665 1434 2802 1485; x_wconf 89' lang='lat' dir='ltr'><strong>esse,</strong></span> <span class='ocrx_word' id='word_1_217' title='bbox 2832 1438 2938 1477; x_wconf 88' lang='lat' dir='ltr'><strong>non</strong></span> <span class='ocrx_word' id='word_1_218' title='bbox 2962 1431 3137 1478; x_wconf 83' lang='lat' dir='ltr'><strong>autem</strong></span> <span class='ocrx_word' id='word_1_219' title='bbox 3162 1441 3256 1481; x_wconf 83' lang='lat' dir='ltr'><strong>ce-</strong></span> 
     </span>
    </p>
   </div>
   <div class='ocr_carea' id='block_1_30' title="bbox 1728 1500 3252 1575">
    <p class='ocr_par' dir='ltr' id='par_1_30' title="bbox 1728 1500 3252 1575">
     <span class='ocr_line' id='line_1_30' title="bbox 1728 1500 3252 1575; baseline 0.011 -24"><span class='ocrx_word' id='word_1_220' title='bbox 1728 1500 1943 1564; x_wconf 86' lang='lat' dir='ltr'><strong>cidisse,</strong></span> <span class='ocrx_word' id='word_1_221' title='bbox 1977 1502 2030 1554; x_wconf 86' lang='lat' dir='ltr'><strong>in</strong></span> <span class='ocrx_word' id='word_1_222' title='bbox 2065 1517 2130 1556; x_wconf 88' lang='lat' dir='ltr'><strong>eo</strong></span> <span class='ocrx_word' id='word_1_223' title='bbox 2160 1506 2370 1571; x_wconf 83' lang='lat' dir='ltr'><strong>quidem</strong></span> <span class='ocrx_word' id='word_1_224' title='bbox 2398 1506 2536 1573; x_wconf 90' lang='lat' dir='ltr'><strong>quod</strong></span> <span class='ocrx_word' id='word_1_225' title='bbox 2563 1522 2732 1575; x_wconf 82' lang='lat' dir='ltr'><strong>genua</strong></span> <span class='ocrx_word' id='word_1_226' title='bbox 2770 1507 2992 1573; x_wconf 83' lang='lat' dir='ltr'><strong>ﬂexerit,</strong></span> <span class='ocrx_word' id='word_1_227' title='bbox 3028 1523 3252 1568; x_wconf 84' lang='lat' dir='ltr'><strong>mortem</strong></span> 
     </span>
    </p>
   </div>
   <div class='ocr_carea' id='block_1_31' title="bbox 1729 1591 3249 1667">
    <p class='ocr_par' dir='ltr' id='par_1_31' title="bbox 1729 1591 3249 1667">
     <span class='ocr_line' id='line_1_31' title="bbox 1729 1591 3249 1667; baseline 0.011 -25"><span class='ocrx_word' id='word_1_228' title='bbox 1729 1591 1938 1643; x_wconf 89' lang='lat' dir='ltr'><strong>interim</strong></span> <span class='ocrx_word' id='word_1_229' title='bbox 1964 1591 2381 1662; x_wconf 82' lang='lat' dir='ltr'><strong>demonstravit;</strong></span> <span class='ocrx_word' id='word_1_230' title='bbox 2408 1597 2547 1665; x_wconf 88' lang='lat' dir='ltr'><strong>quod</strong></span> <span class='ocrx_word' id='word_1_231' title='bbox 2587 1604 2759 1650; x_wconf 88' lang='lat' dir='ltr'><strong>autem</strong></span> <span class='ocrx_word' id='word_1_232' title='bbox 2786 1598 2856 1651; x_wconf 88' lang='lat' dir='ltr'><strong>sit</strong></span> <span class='ocrx_word' id='word_1_233' title='bbox 2883 1601 3249 1667; x_wconf 88' lang='lat' dir='ltr'><strong>conﬁrmatus,</strong></span> 
     </span>
    </p>
   </div>
   <div class='ocr_carea' id='block_1_32' title="bbox 1727 1682 3252 1747">
    <p class='ocr_par' dir='ltr' id='par_1_32' title="bbox 1727 1682 3252 1747">
     <span class='ocr_line' id='line_1_32' title="bbox 1727 1682 3252 1747; baseline 0.009 -17"><span class='ocrx_word' id='word_1_234' title='bbox 1727 1694 1835 1731; x_wconf 87' lang='lat' dir='ltr'><strong>non</strong></span> <span class='ocrx_word' id='word_1_235' title='bbox 1876 1685 2142 1747; x_wconf 89' lang='lat' dir='ltr'><strong>raptatum</strong></span> <span class='ocrx_word' id='word_1_236' title='bbox 2183 1695 2302 1735; x_wconf 87' lang='lat' dir='ltr'><strong>esse</strong></span> <span class='ocrx_word' id='word_1_237' title='bbox 2336 1697 2482 1736; x_wconf 91' lang='lat' dir='ltr'><strong>more</strong></span> <span class='ocrx_word' id='word_1_238' title='bbox 2516 1682 2740 1736; x_wconf 87' lang='lat' dir='ltr'><strong>aliarum</strong></span> <span class='ocrx_word' id='word_1_239' title='bbox 2770 1685 3087 1742; x_wconf 86' lang='lat' dir='ltr'><strong>animarum.</strong></span> <span class='ocrx_word' id='word_1_240' title='bbox 3127 1687 3252 1744; x_wconf 66' lang='lat' dir='ltr'><strong>Haec</strong></span> 
     </span>
    </p>
   </div>
   <div class='ocr_carea' id='block_1_33' title="bbox 1728 1769 3253 1845">
    <p class='ocr_par' dir='ltr' id='par_1_33' title="bbox 1728 1769 3253 1845">
     <span class='ocr_line' id='line_1_33' title="bbox 1728 1769 3253 1845; baseline 0.007 -24"><span class='ocrx_word' id='word_1_241' title='bbox 1728 1769 1885 1837; x_wconf 81' lang='lat' dir='ltr'><strong>igitur</strong></span> <span class='ocrx_word' id='word_1_242' title='bbox 1913 1769 2091 1822; x_wconf 87' lang='lat' dir='ltr'><strong>omnia</strong></span> <span class='ocrx_word' id='word_1_243' title='bbox 2125 1769 2336 1825; x_wconf 83' lang='lat' dir='ltr'><strong>Christo</strong></span> <span class='ocrx_word' id='word_1_244' title='bbox 2362 1770 2510 1840; x_wconf 87' lang='lat' dir='ltr'><strong>prius</strong></span> <span class='ocrx_word' id='word_1_245' title='bbox 2537 1775 2769 1841; x_wconf 88' lang='lat' dir='ltr'><strong>reposita</strong></span> <span class='ocrx_word' id='word_1_246' title='bbox 2802 1783 2976 1838; x_wconf 89' lang='lat' dir='ltr'><strong>erant,</strong></span> <span class='ocrx_word' id='word_1_247' title='bbox 3007 1792 3128 1845; x_wconf 68' lang='lat' dir='ltr'><strong>quae</strong></span> <span class='ocrx_word' id='word_1_248' title='bbox 3175 1787 3253 1831; x_wconf 88' lang='lat' dir='ltr'><strong>ta-</strong></span> 
     </span>
    </p>
   </div>
   <div class='ocr_carea' id='block_1_34' title="bbox 115 1834 1628 1930">
    <p class='ocr_par' dir='ltr' id='par_1_34' title="bbox 115 1834 1622 1920">
     <span class='ocr_line' id='line_1_34' title="bbox 115 1834 1622 1920; baseline 0.011 -34"><span class='ocrx_word' id='word_1_249' title='bbox 115 1834 375 1889; x_wconf 74' lang='grc' dir='ltr'>ἀποστόλων</span> <span class='ocrx_word' id='word_1_250' title='bbox 400 1839 495 1890; x_wconf 75' lang='grc' dir='ltr'><strong>καὶ</strong></span> <span class='ocrx_word' id='word_1_251' title='bbox 530 1840 799 1911; x_wconf 81' lang='grc' dir='ltr'>μαθητῶν</span> <span class='ocrx_word' id='word_1_252' title='bbox 839 1843 929 1895; x_wconf 77' lang='grc' dir='ltr'>τοῦ</span> <span class='ocrx_word' id='word_1_253' title='bbox 963 1845 1209 1916; x_wconf 80' lang='grc' dir='ltr'>Σωτῆρος</span> <span class='ocrx_word' id='word_1_254' title='bbox 1248 1847 1401 1917; x_wconf 81' lang='grc' dir='ltr'>ἡμῶν</span> <span class='ocrx_word' id='word_1_255' title='bbox 1437 1850 1588 1920; x_wconf 88' lang='grc' dir='ltr'>χορόν</span> <span class='ocrx_word' id='word_1_256' title='bbox 1609 1866 1622 1879; x_wconf 73' lang='grc'><strong>⁸</strong></span> 
     </span>
    </p>
   </div>
   <div class='ocr_carea' id='block_1_35' title="bbox 1711 1834 3250 1930">
    <p class='ocr_par' dir='ltr' id='par_1_35' title="bbox 1728 1859 3250 1930">
     <span class='ocr_line' id='line_1_35' title="bbox 1728 1859 3250 1930; baseline 0.01 -23"><span class='ocrx_word' id='word_1_257' title='bbox 1728 1873 1845 1911; x_wconf 90' lang='lat' dir='ltr'><strong>men</strong></span> <span class='ocrx_word' id='word_1_258' title='bbox 1871 1859 2125 1926; x_wconf 88' lang='lat' dir='ltr'><strong>quamdiu</strong></span> <span class='ocrx_word' id='word_1_259' title='bbox 2148 1859 2301 1913; x_wconf 90' lang='lat' dir='ltr'><strong>ﬁnem</strong></span> <span class='ocrx_word' id='word_1_260' title='bbox 2328 1876 2481 1914; x_wconf 90' lang='lat' dir='ltr'><strong>suum</strong></span> <span class='ocrx_word' id='word_1_261' title='bbox 2499 1870 2784 1916; x_wconf 84' lang='lat' dir='ltr'><strong>consecuta</strong></span> <span class='ocrx_word' id='word_1_262' title='bbox 2804 1879 2911 1918; x_wconf 89' lang='lat' dir='ltr'><strong>non</strong></span> <span class='ocrx_word' id='word_1_263' title='bbox 2943 1874 3087 1930; x_wconf 82' lang='lat' dir='ltr'><strong>sunt,</strong></span> <span class='ocrx_word' id='word_1_264' title='bbox 3111 1876 3250 1922; x_wconf 86' lang='lat' dir='ltr'><strong>tam-</strong></span> 
     </span>
    </p>
   </div>
   <div class='ocr_carea' id='block_1_36' title="bbox 114 1923 1626 2009">
    <p class='ocr_par' dir='ltr' id='par_1_36' title="bbox 114 1923 1626 2009">
     <span class='ocr_line' id='line_1_36' title="bbox 114 1923 1626 2009; baseline 0.012 -34"><span class='ocrx_word' id='word_1_265' title='bbox 114 1923 188 1994; x_wconf 79' lang='grc' dir='ltr'><strong>τήν</strong></span> <span class='ocrx_word' id='word_1_266' title='bbox 212 1925 261 1977; x_wconf 79' lang='grc' dir='ltr'>δὲ</span> <span class='ocrx_word' id='word_1_267' title='bbox 302 1927 534 1997; x_wconf 81' lang='grc' dir='ltr'>ἄμπελον</span> <span class='ocrx_word' id='word_1_268' title='bbox 564 1931 624 1983; x_wconf 78' lang='grc' dir='ltr'>ὲν</span> <span class='ocrx_word' id='word_1_269' title='bbox 722 1932 811 1985; x_wconf 85' lang='grc' dir='ltr'>τὸν</span> <span class='ocrx_word' id='word_1_270' title='bbox 840 1934 1012 1988; x_wconf 83' lang='grc' dir='ltr'>πῶλον</span> <span class='ocrx_word' id='word_1_271' title='bbox 1058 1937 1369 2006; x_wconf 82' lang='grc' dir='ltr'>προσέδησε,</span> <span class='ocrx_word' id='word_1_272' title='bbox 1400 1940 1495 2009; x_wconf 74' lang='grc' dir='ltr'>τὴν</span> <span class='ocrx_word' id='word_1_273' title='bbox 1542 1939 1626 1994; x_wconf 80' lang='grc' dir='ltr'><strong>ἔν-</strong></span> 
     </span>
    </p>
   </div>
   <div class='ocr_carea' id='block_1_37' title="bbox 115 2009 1627 2097">
    <p class='ocr_par' dir='ltr' id='par_1_37' title="bbox 115 2009 1627 2097">
     <span class='ocr_line' id='line_1_37' title="bbox 115 2009 1627 2097; baseline 0.013 -36"><span class='ocrx_word' id='word_1_274' title='bbox 115 2009 207 2063; x_wconf 79' lang='grc' dir='ltr'>θεον</span> <span class='ocrx_word' id='word_1_275' title='bbox 245 2013 327 2065; x_wconf 83' lang='grc' dir='ltr'>καὶ</span> <span class='ocrx_word' id='word_1_276' title='bbox 361 2015 591 2085; x_wconf 82' lang='grc' dir='ltr'>ἀόρατον</span> <span class='ocrx_word' id='word_1_277' title='bbox 621 2019 795 2072; x_wconf 78' lang='grc' dir='ltr'>αὐτοῦ</span> <span class='ocrx_word' id='word_1_278' title='bbox 816 2020 1057 2092; x_wconf 87' lang='grc' dir='ltr'>δύναμιν,</span> <span class='ocrx_word' id='word_1_279' title='bbox 1084 2025 1149 2093; x_wconf 80' lang='grc' dir='ltr'>ῆν</span> <span class='ocrx_word' id='word_1_280' title='bbox 1180 2026 1337 2088; x_wconf 82' lang='grc' dir='ltr'>αὐτὸς</span> <span class='ocrx_word' id='word_1_281' title='bbox 1368 2028 1627 2097; x_wconf 77' lang='grc' dir='ltr'>παριστὰς</span> 
     </span>
    </p>
   </div>
   <div class='ocr_carea' id='block_1_38' title="bbox 115 2099 1623 2188">
    <p class='ocr_par' dir='ltr' id='par_1_38' title="bbox 115 2099 1623 2188">
     <span class='ocr_line' id='line_1_38' title="bbox 115 2099 1623 2188; baseline 0.012 -37"><span class='ocrx_word' id='word_1_282' title='bbox 115 2099 332 2166; x_wconf 75' lang='grc' dir='ltr'>ἐδίδασκε,</span> <span class='ocrx_word' id='word_1_283' title='bbox 359 2104 528 2172; x_wconf 86' lang='grc' dir='ltr'>λέγων</span> <span class='ocrx_word' id='word_1_284' title='bbox 548 2123 562 2136; x_wconf 85' lang='grc'><strong>·</strong></span> <span class='ocrx_word' id='word_1_285' title='bbox 588 2125 607 2158; x_wconf 75' lang='grc' dir='ltr'><strong>ι</strong></span> <span class='ocrx_word' id='word_1_286' title='bbox 633 2108 781 2176; x_wconf 73' lang='grc' dir='ltr'><strong>Ἐγώ</strong></span> <span class='ocrx_word' id='word_1_287' title='bbox 822 2114 935 2180; x_wconf 76' lang='grc' dir='ltr'>εἰμι</span> <span class='ocrx_word' id='word_1_288' title='bbox 968 2114 1000 2182; x_wconf 82' lang='grc' dir='ltr'>ὴ</span> <span class='ocrx_word' id='word_1_289' title='bbox 1033 2114 1267 2182; x_wconf 83' lang='grc' dir='ltr'>ἄμπελος</span> <span class='ocrx_word' id='word_1_290' title='bbox 1306 2119 1338 2186; x_wconf 83' lang='grc' dir='ltr'>ἡ</span> <span class='ocrx_word' id='word_1_291' title='bbox 1382 2117 1623 2188; x_wconf 83' lang='grc' dir='ltr'>ἀληθινὴ,</span> 
     </span>
    </p>
   </div>
   <div class='ocr_carea' id='block_1_39' title="bbox 115 2192 1627 2277">
    <p class='ocr_par' dir='ltr' id='par_1_39' title="bbox 115 2192 1627 2277">
     <span class='ocr_line' id='line_1_39' title="bbox 115 2192 1627 2277; baseline 0.013 -36"><span class='ocrx_word' id='word_1_292' title='bbox 115 2192 309 2263; x_wconf 81' lang='grc' dir='ltr'>ὀῐιατήρ</span> <span class='ocrx_word' id='word_1_293' title='bbox 342 2212 436 2263; x_wconf 87' lang='grc' dir='ltr'><strong>μου</strong></span> <span class='ocrx_word' id='word_1_294' title='bbox 463 2199 493 2250; x_wconf 97' lang='lat'><strong>6</strong></span> <span class='ocrx_word' id='word_1_295' title='bbox 525 2201 780 2268; x_wconf 88' lang='grc' dir='ltr'>γεωργός</span> <span class='ocrx_word' id='word_1_296' title='bbox 810 2202 978 2254; x_wconf 76' lang='grc' dir='ltr'>ἐστιν.</span> <span class='ocrx_word' id='word_1_297' title='bbox 1009 2204 1186 2270; x_wconf 80' lang='grc' dir='ltr'>»Ἔλιξ</span> <span class='ocrx_word' id='word_1_298' title='bbox 1216 2205 1272 2257; x_wconf 82' lang='grc' dir='ltr'>δὲ</span> <span class='ocrx_word' id='word_1_299' title='bbox 1315 2207 1412 2275; x_wconf 85' lang='grc' dir='ltr'>τῆς</span> <span class='ocrx_word' id='word_1_300' title='bbox 1453 2208 1627 2277; x_wconf 80' lang='grc' dir='ltr'>ἀμπέ-</span> 
     </span>
    </p>
   </div>
   <div class='ocr_carea' id='block_1_40' title="bbox 116 2279 1622 2364">
    <p class='ocr_par' dir='ltr' id='par_1_40' title="bbox 116 2279 1622 2364">
     <span class='ocr_line' id='line_1_40' title="bbox 116 2279 1622 2364; baseline 0.012 -31"><span class='ocrx_word' id='word_1_301' title='bbox 116 2279 185 2333; x_wconf 85' lang='grc' dir='ltr'><strong>λου</strong></span> <span class='ocrx_word' id='word_1_302' title='bbox 215 2283 299 2353; x_wconf 76' lang='grc' dir='ltr'>τῆς</span> <span class='ocrx_word' id='word_1_303' title='bbox 339 2286 698 2358; x_wconf 80' lang='grc' dir='ltr'>ἀποδοθείσης</span> <span class='ocrx_word' id='word_1_304' title='bbox 729 2292 810 2361; x_wconf 73' lang='grc' dir='ltr'>εἴη</span> <span class='ocrx_word' id='word_1_305' title='bbox 841 2291 907 2343; x_wconf 84' lang='grc' dir='ltr'>ἂν</span> <span class='ocrx_word' id='word_1_306' title='bbox 934 2294 965 2361; x_wconf 86' lang='grc' dir='ltr'><strong>ή</strong></span> <span class='ocrx_word' id='word_1_307' title='bbox 990 2293 1080 2345; x_wconf 83' lang='grc' dir='ltr'>τοῦ</span> <span class='ocrx_word' id='word_1_308' title='bbox 1111 2294 1241 2347; x_wconf 82' lang='grc' dir='ltr'>Θεοῦ</span> <span class='ocrx_word' id='word_1_309' title='bbox 1274 2296 1441 2364; x_wconf 80' lang='grc' dir='ltr'>Λόγου</span> <span class='ocrx_word' id='word_1_310' title='bbox 1483 2298 1622 2350; x_wconf 84' lang='grc' dir='ltr'>διδα-</span> 
     </span>
    </p>
   </div>
   <div class='ocr_carea' id='block_1_41' title="bbox 117 2371 1622 2456">
    <p class='ocr_par' dir='ltr' id='par_1_41' title="bbox 117 2371 1622 2456">
     <span class='ocr_line' id='line_1_41' title="bbox 117 2371 1622 2456; baseline 0.013 -34"><span class='ocrx_word' id='word_1_311' title='bbox 117 2371 286 2434; x_wconf 80' lang='grc' dir='ltr'>σκαλία,</span> <span class='ocrx_word' id='word_1_312' title='bbox 311 2376 365 2427; x_wconf 85' lang='grc' dir='ltr'>ὲν</span> <span class='ocrx_word' id='word_1_313' title='bbox 486 2378 583 2431; x_wconf 83' lang='grc' dir='ltr'>τὸν</span> <span class='ocrx_word' id='word_1_314' title='bbox 632 2380 819 2434; x_wconf 84' lang='grc' dir='ltr'>πῶλον</span> <span class='ocrx_word' id='word_1_315' title='bbox 863 2383 962 2452; x_wconf 84' lang='grc' dir='ltr'>τῆς</span> <span class='ocrx_word' id='word_1_316' title='bbox 1002 2382 1119 2435; x_wconf 76' lang='grc' dir='ltr'>ὄνου</span> <span class='ocrx_word' id='word_1_317' title='bbox 1166 2386 1505 2456; x_wconf 82' lang='grc' dir='ltr'>κατεδήσατο,</span> <span class='ocrx_word' id='word_1_318' title='bbox 1534 2389 1622 2441; x_wconf 80' lang='grc' dir='ltr'>τὸν</span> 
     </span>
    </p>
   </div>
   <div class='ocr_carea' id='block_1_42' title="bbox 115 2459 1623 2541">
    <p class='ocr_par' dir='ltr' id='par_1_42' title="bbox 115 2459 1623 2541">
     <span class='ocr_line' id='line_1_42' title="bbox 115 2459 1623 2541; baseline 0.013 -29"><span class='ocrx_word' id='word_1_319' title='bbox 115 2459 204 2512; x_wconf 76' lang='grc' dir='ltr'>νέον</span> <span class='ocrx_word' id='word_1_320' title='bbox 227 2460 280 2526; x_wconf 81' lang='grc' dir='ltr'><strong>ἐξ</strong></span> <span class='ocrx_word' id='word_1_321' title='bbox 304 2464 463 2519; x_wconf 76' lang='grc' dir='ltr'>ἐθνῶν</span> <span class='ocrx_word' id='word_1_322' title='bbox 490 2466 642 2528; x_wconf 81' lang='grc' dir='ltr'>λαὸν,</span> <span class='ocrx_word' id='word_1_323' title='bbox 670 2471 910 2541; x_wconf 81' lang='grc' dir='ltr'>γέννημα</span> <span class='ocrx_word' id='word_1_324' title='bbox 929 2473 1254 2541; x_wconf 80' lang='grc' dir='ltr'>τυγχάνοντα</span> <span class='ocrx_word' id='word_1_325' title='bbox 1273 2475 1377 2529; x_wconf 89' lang='grc' dir='ltr'><strong>τῶν</strong></span> <span class='ocrx_word' id='word_1_326' title='bbox 1402 2478 1623 2531; x_wconf 86' lang='grc' dir='ltr'>ἀποστό-</span> 
     </span>
    </p>
   </div>
   <div class='ocr_carea' id='block_1_43' title="bbox 115 2548 1622 2632">
    <p class='ocr_par' dir='ltr' id='par_1_43' title="bbox 115 2548 1622 2632">
     <span class='ocr_line' id='line_1_43' title="bbox 115 2548 1622 2632; baseline 0.012 -31"><span class='ocrx_word' id='word_1_327' title='bbox 115 2548 196 2601; x_wconf 80' lang='grc' dir='ltr'><strong>λων</strong></span> <span class='ocrx_word' id='word_1_328' title='bbox 227 2554 391 2607; x_wconf 82' lang='grc' dir='ltr'>αὑτοῦ.</span> <span class='ocrx_word' id='word_1_329' title='bbox 425 2557 583 2610; x_wconf 72' lang='grc' dir='ltr'>Εἴποι</span> <span class='ocrx_word' id='word_1_330' title='bbox 611 2559 665 2611; x_wconf 86' lang='grc' dir='ltr'>δ’</span> <span class='ocrx_word' id='word_1_331' title='bbox 696 2559 762 2613; x_wconf 80' lang='grc' dir='ltr'>ἄν</span> <span class='ocrx_word' id='word_1_332' title='bbox 786 2577 869 2623; x_wconf 85' lang='grc' dir='ltr'><strong>τις</strong></span> <span class='ocrx_word' id='word_1_333' title='bbox 900 2561 993 2614; x_wconf 79' lang='grc' dir='ltr'><strong>καὶ</strong></span> <span class='ocrx_word' id='word_1_334' title='bbox 1018 2563 1148 2632; x_wconf 81' lang='grc' dir='ltr'>πρὸς</span> <span class='ocrx_word' id='word_1_335' title='bbox 1183 2563 1323 2627; x_wconf 83' lang='grc' dir='ltr'>λέξιν</span> <span class='ocrx_word' id='word_1_336' title='bbox 1346 2566 1512 2618; x_wconf 83' lang='grc' dir='ltr'>ταῦτα</span> <span class='ocrx_word' id='word_1_337' title='bbox 1536 2567 1622 2619; x_wconf 86' lang='grc' dir='ltr'><strong>τέ-</strong></span> 
     </span>
    </p>
   </div>
   <div class='ocr_carea' id='block_1_44' title="bbox 116 2636 1620 2716">
    <p class='ocr_par' dir='ltr' id='par_1_44' title="bbox 116 2636 1620 2716">
     <span class='ocr_line' id='line_1_44' title="bbox 116 2636 1620 2716; baseline 0.012 -24"><span class='ocrx_word' id='word_1_338' title='bbox 116 2636 209 2704; x_wconf 82' lang='grc' dir='ltr'>λους</span> <span class='ocrx_word' id='word_1_339' title='bbox 239 2648 597 2716; x_wconf 81' lang='grc' dir='ltr'>τετυχηκέναι,</span> <span class='ocrx_word' id='word_1_340' title='bbox 627 2649 723 2701; x_wconf 79' lang='grc' dir='ltr'>ὅτε</span> <span class='ocrx_word' id='word_1_341' title='bbox 780 2651 918 2704; x_wconf 85' lang='grc' dir='ltr'><strong>κατά</strong></span> <span class='ocrx_word' id='word_1_342' title='bbox 965 2652 1054 2704; x_wconf 80' lang='grc' dir='ltr'>τὸν</span> <span class='ocrx_word' id='word_1_343' title='bbox 1107 2654 1377 2707; x_wconf 87' lang='grc' dir='ltr'>Ματθαίον</span> <span class='ocrx_word' id='word_1_344' title='bbox 1421 2652 1566 2711; x_wconf 84' lang='grc' dir='ltr'>εἶπεν</span> <span class='ocrx_word' id='word_1_345' title='bbox 1591 2661 1620 2711; x_wconf 90' lang='lat'><strong>6</strong></span> 
     </span>
    </p>
   </div>
   <div class='ocr_carea' id='block_1_45' title="bbox 116 2730 1619 2817">
    <p class='ocr_par' dir='ltr' id='par_1_45' title="bbox 116 2730 1619 2817">
     <span class='ocr_line' id='line_1_45' title="bbox 116 2730 1619 2817; baseline 0.011 -35"><span class='ocrx_word' id='word_1_346' title='bbox 116 2730 275 2800; x_wconf 79' lang='grc' dir='ltr'>Κύριος</span> <span class='ocrx_word' id='word_1_347' title='bbox 300 2739 405 2798; x_wconf 83' lang='grc' dir='ltr'>τοῖς</span> <span class='ocrx_word' id='word_1_348' title='bbox 440 2739 639 2791; x_wconf 77' lang='grc' dir='ltr'>ἑαυτοῦ</span> <span class='ocrx_word' id='word_1_349' title='bbox 685 2741 981 2811; x_wconf 80' lang='grc' dir='ltr'>μαθηταῖς·</span> <span class='ocrx_word' id='word_1_350' title='bbox 1031 2761 1048 2792; x_wconf 76' lang='grc' dir='ltr'><strong>ι</strong></span> <span class='ocrx_word' id='word_1_351' title='bbox 1081 2744 1375 2815; x_wconf 81' lang='grc' dir='ltr'>Πορεύεσθε</span> <span class='ocrx_word' id='word_1_352' title='bbox 1417 2748 1495 2809; x_wconf 81' lang='grc' dir='ltr'><strong>εἰς</strong></span> <span class='ocrx_word' id='word_1_353' title='bbox 1522 2746 1619 2817; x_wconf 78' lang='grc' dir='ltr'>τὴν</span> 
     </span>
    </p>
   </div>
   <div class='ocr_carea' id='block_1_46' title="bbox 117 2821 1618 2905">
    <p class='ocr_par' dir='ltr' id='par_1_46' title="bbox 117 2821 1618 2905">
     <span class='ocr_line' id='line_1_46' title="bbox 117 2821 1618 2905; baseline 0.008 -29"><span class='ocrx_word' id='word_1_354' title='bbox 117 2821 344 2878; x_wconf 73' lang='grc' dir='ltr'>ιατέναντι</span> <span class='ocrx_word' id='word_1_355' title='bbox 371 2827 520 2897; x_wconf 83' lang='grc' dir='ltr'>ὑμῶν</span> <span class='ocrx_word' id='word_1_356' title='bbox 544 2828 767 2900; x_wconf 84' lang='grc' dir='ltr'><strong>κώμην,</strong></span> <span class='ocrx_word' id='word_1_357' title='bbox 794 2832 887 2884; x_wconf 80' lang='grc' dir='ltr'>καὶ</span> <span class='ocrx_word' id='word_1_358' title='bbox 911 2832 1107 2895; x_wconf 78' lang='grc' dir='ltr'>εὐθέως</span> <span class='ocrx_word' id='word_1_359' title='bbox 1128 2834 1380 2905; x_wconf 81' lang='grc' dir='ltr'>εὑρήσετε</span> <span class='ocrx_word' id='word_1_360' title='bbox 1398 2836 1514 2890; x_wconf 77' lang='grc' dir='ltr'>ὄνον</span> <span class='ocrx_word' id='word_1_361' title='bbox 1535 2837 1618 2888; x_wconf 84' lang='grc' dir='ltr'>δε-</span> 
     </span>
    </p>
   </div>
   <div class='ocr_carea' id='block_1_47' title="bbox 114 2907 1617 2993">
    <p class='ocr_par' dir='ltr' id='par_1_47' title="bbox 114 2907 1617 2993">
     <span class='ocr_line' id='line_1_47' title="bbox 114 2907 1617 2993; baseline 0.011 -31"><span class='ocrx_word' id='word_1_362' title='bbox 114 2907 313 2981; x_wconf 79' lang='grc' dir='ltr'>δεμένην,</span> <span class='ocrx_word' id='word_1_363' title='bbox 344 2917 435 2968; x_wconf 81' lang='grc' dir='ltr'>καὶ</span> <span class='ocrx_word' id='word_1_364' title='bbox 481 2917 668 2971; x_wconf 87' lang='grc' dir='ltr'>πῶλον</span> <span class='ocrx_word' id='word_1_365' title='bbox 721 2922 837 2988; x_wconf 81' lang='grc' dir='ltr'>μετ’</span> <span class='ocrx_word' id='word_1_366' title='bbox 860 2920 1058 2990; x_wconf 74' lang='grc' dir='ltr'>αὐτῆςο</span> <span class='ocrx_word' id='word_1_367' title='bbox 1095 2922 1345 2986; x_wconf 87' lang='grc' dir='ltr'>λύσαντες</span> <span class='ocrx_word' id='word_1_368' title='bbox 1390 2926 1617 2993; x_wconf 82' lang='grc' dir='ltr'>ἀγάγετέ</span> 
     </span>
    </p>
   </div>
   <div class='ocr_carea' id='block_1_48' title="bbox 117 3005 1619 3084">
    <p class='ocr_par' dir='ltr' id='par_1_48' title="bbox 117 3005 1619 3084">
     <span class='ocr_line' id='line_1_48' title="bbox 117 3005 1619 3084; baseline 0.01 -29"><span class='ocrx_word' id='word_1_369' title='bbox 117 3015 199 3067; x_wconf 79' lang='grc' dir='ltr'>μοι.</span> <span class='ocrx_word' id='word_1_370' title='bbox 226 3020 243 3055; x_wconf 72' lang='grc' dir='ltr'><strong>ι</strong></span> <span class='ocrx_word' id='word_1_371' title='bbox 273 3005 372 3058; x_wconf 75' lang='grc' dir='ltr'><strong>Καὶ</strong></span> <span class='ocrx_word' id='word_1_372' title='bbox 402 3007 516 3061; x_wconf 77' lang='grc' dir='ltr'>ἔστι</span> <span class='ocrx_word' id='word_1_373' title='bbox 540 3025 606 3075; x_wconf 90' lang='grc' dir='ltr'><strong>γε</strong></span> <span class='ocrx_word' id='word_1_374' title='bbox 627 3008 847 3080; x_wconf 82' lang='grc' dir='ltr'>ἀληθῶς</span> <span class='ocrx_word' id='word_1_375' title='bbox 865 3011 942 3081; x_wconf 81' lang='grc' dir='ltr'><strong>τῷ</strong></span> <span class='ocrx_word' id='word_1_376' title='bbox 960 3012 1098 3082; x_wconf 89' lang='grc' dir='ltr'>λόγῳ</span> <span class='ocrx_word' id='word_1_377' title='bbox 1118 3015 1471 3084; x_wconf 80' lang='grc' dir='ltr'>ἐπιστήσαντα</span> <span class='ocrx_word' id='word_1_378' title='bbox 1488 3017 1619 3069; x_wconf 80' lang='grc' dir='ltr'>ἀπο-</span> 
     </span>
    </p>
   </div>
   <div class='ocr_carea' id='block_1_49' title="bbox 114 3088 1616 3178">
    <p class='ocr_par' dir='ltr' id='par_1_49' title="bbox 114 3088 1616 3178">
     <span class='ocr_line' id='line_1_49' title="bbox 114 3088 1616 3178; baseline 0.009 -31"><span class='ocrx_word' id='word_1_379' title='bbox 114 3088 335 3178; x_wconf 60' lang='grc' dir='ltr'>θαυμάσαι</span> <span class='ocrx_word' id='word_1_380' title='bbox 382 3099 478 3168; x_wconf 84' lang='grc' dir='ltr'>τὴν</span> <span class='ocrx_word' id='word_1_381' title='bbox 522 3099 619 3152; x_wconf 83' lang='grc' dir='ltr'>τοῦ</span> <span class='ocrx_word' id='word_1_382' title='bbox 669 3103 945 3171; x_wconf 79' lang='grc' dir='ltr'>προφήτου</span> <span class='ocrx_word' id='word_1_383' title='bbox 996 3104 1311 3174; x_wconf 81' lang='grc' dir='ltr'>πρόρρησιν,</span> <span class='ocrx_word' id='word_1_384' title='bbox 1360 3105 1439 3175; x_wconf 86' lang='grc' dir='ltr'>τῷ</span> <span class='ocrx_word' id='word_1_385' title='bbox 1492 3106 1616 3178; x_wconf 83' lang='grc' dir='ltr'>θείῳ</span> 
     </span>
    </p>
   </div>
   <div class='ocr_carea' id='block_1_50' title="bbox 113 3167 1682 3268">
    <p class='ocr_par' dir='ltr' id='par_1_50' title="bbox 113 3167 1682 3268">
     <span class='ocr_line' id='line_1_50' title="bbox 113 3167 1682 3268; baseline 0.013 -36"><span class='ocrx_word' id='word_1_386' title='bbox 113 3176 335 3252; x_wconf 73' lang='grc' dir='ltr'>Πντύματι</span> <span class='ocrx_word' id='word_1_387' title='bbox 361 3167 890 3258; x_wconf 75' lang='grc' dir='ltr'>προτεθεωρηκότος,</span> <span class='ocrx_word' id='word_1_388' title='bbox 930 3192 1010 3243; x_wconf 86' lang='grc' dir='ltr'>ὅτι</span> <span class='ocrx_word' id='word_1_389' title='bbox 1138 3167 1458 3264; x_wconf 50' lang='grc' dir='ltr'>μελλήσείό</span> <span class='ocrx_word' id='word_1_390' title='bbox 1489 3167 1618 3268; x_wconf 49' lang='grc' dir='ltr'><strong>προζ</strong></span> <span class='ocrx_word' id='word_1_391' title='bbox 1642 3167 1682 3220; x_wconf 73' lang='lat' dir='ltr'><strong><em>C</em></strong></span> 
     </span>
    </p>
   </div>
   <div class='ocr_carea' id='block_1_51' title="bbox 112 3273 1615 3356">
    <p class='ocr_par' dir='ltr' id='par_1_51' title="bbox 112 3273 1615 3356">
     <span class='ocr_line' id='line_1_51' title="bbox 112 3273 1615 3356; baseline 0.012 -34"><span class='ocrx_word' id='word_1_392' title='bbox 112 3274 436 3343; x_wconf 71' lang='grc' dir='ltr'>φητευόμενος,</span> <span class='ocrx_word' id='word_1_393' title='bbox 464 3279 563 3346; x_wconf 82' lang='grc' dir='ltr'><strong>οὐχ</strong></span> <span class='ocrx_word' id='word_1_394' title='bbox 595 3273 693 3330; x_wconf 79' lang='grc' dir='ltr'>οἷὰ</span> <span class='ocrx_word' id='word_1_395' title='bbox 721 3296 805 3341; x_wconf 90' lang='grc' dir='ltr'><strong>τις</strong></span> <span class='ocrx_word' id='word_1_396' title='bbox 831 3280 1066 3345; x_wconf 71' lang='grc' dir='ltr'>ἐπίδοξος</span> <span class='ocrx_word' id='word_1_397' title='bbox 1103 3284 1161 3335; x_wconf 84' lang='grc' dir='ltr'>ὲν</span> <span class='ocrx_word' id='word_1_398' title='bbox 1193 3283 1490 3355; x_wconf 82' lang='grc' dir='ltr'>ἀνθρώποις</span> <span class='ocrx_word' id='word_1_399' title='bbox 1522 3286 1615 3356; x_wconf 81' lang='grc' dir='ltr'><strong>βα·-</strong></span> 
     </span>
    </p>
   </div>
   <div class='ocr_carea' id='block_1_52' title="bbox 112 3358 1615 3441">
    <p class='ocr_par' dir='ltr' id='par_1_52' title="bbox 112 3358 1615 3441">
     <span class='ocr_line' id='line_1_52' title="bbox 112 3358 1615 3441; baseline 0.013 -32"><span class='ocrx_word' id='word_1_400' title='bbox 112 3358 266 3424; x_wconf 75' lang='grc' dir='ltr'>σιλεῦς,</span> <span class='ocrx_word' id='word_1_401' title='bbox 294 3364 372 3430; x_wconf 75' lang='grc' dir='ltr'><strong>ἐφ’</strong></span> <span class='ocrx_word' id='word_1_402' title='bbox 398 3366 666 3436; x_wconf 78' lang='grc' dir='ltr'>ἁρμάτων</span> <span class='ocrx_word' id='word_1_403' title='bbox 694 3369 787 3420; x_wconf 75' lang='grc' dir='ltr'>καὶ</span> <span class='ocrx_word' id='word_1_404' title='bbox 814 3369 992 3422; x_wconf 84' lang='grc' dir='ltr'>ἵππων</span> <span class='ocrx_word' id='word_1_405' title='bbox 1019 3371 1329 3441; x_wconf 84' lang='grc' dir='ltr'>όχήσεσθαι,</span> <span class='ocrx_word' id='word_1_406' title='bbox 1363 3374 1494 3427; x_wconf 88' lang='grc' dir='ltr'><strong>ἀλλά</strong></span> <span class='ocrx_word' id='word_1_407' title='bbox 1526 3378 1615 3430; x_wconf 72' lang='grc' dir='ltr'><strong>ἐπὶ</strong></span> 
     </span>
    </p>
   </div>
   <div class='ocr_carea' id='block_1_53' title="bbox 106 3446 1614 3535">
    <p class='ocr_par' dir='ltr' id='par_1_53' title="bbox 106 3446 1614 3535">
     <span class='ocr_line' id='line_1_53' title="bbox 106 3446 1614 3535; baseline 0.013 -34"><span class='ocrx_word' id='word_1_408' title='bbox 106 3446 196 3501; x_wconf 72' lang='grc' dir='ltr'>ὄνου</span> <span class='ocrx_word' id='word_1_409' title='bbox 220 3453 301 3505; x_wconf 74' lang='grc' dir='ltr'>καὶ</span> <span class='ocrx_word' id='word_1_410' title='bbox 325 3453 520 3520; x_wconf 76' lang='grc' dir='ltr'>πώλου,</span> <span class='ocrx_word' id='word_1_411' title='bbox 553 3453 651 3510; x_wconf 79' lang='grc' dir='ltr'><strong>οἷά</strong></span> <span class='ocrx_word' id='word_1_412' title='bbox 676 3475 758 3520; x_wconf 91' lang='grc' dir='ltr'><strong>τις</strong></span> <span class='ocrx_word' id='word_1_413' title='bbox 787 3458 895 3511; x_wconf 92' lang='grc' dir='ltr'><strong>τῶν</strong></span> <span class='ocrx_word' id='word_1_414' title='bbox 925 3460 1128 3513; x_wconf 84' lang='grc' dir='ltr'>πολλῶν</span> <span class='ocrx_word' id='word_1_415' title='bbox 1155 3463 1327 3526; x_wconf 82' lang='grc' dir='ltr'>κοινὸς</span> <span class='ocrx_word' id='word_1_416' title='bbox 1362 3465 1498 3535; x_wconf 82' lang='grc' dir='ltr'>ἀνὴρ</span> <span class='ocrx_word' id='word_1_417' title='bbox 1523 3467 1614 3520; x_wconf 72' lang='grc' dir='ltr'>καὶ</span> 
     </span>
    </p>
   </div>
   <div class='ocr_carea' id='block_1_54' title="bbox 108 3536 1609 3622">
    <p class='ocr_par' dir='ltr' id='par_1_54' title="bbox 108 3536 1609 3622">
     <span class='ocr_line' id='line_1_54' title="bbox 108 3536 1609 3622; baseline 0.013 -35"><span class='ocrx_word' id='word_1_418' title='bbox 108 3536 253 3608; x_wconf 77' lang='grc' dir='ltr'>πένης.</span> <span class='ocrx_word' id='word_1_419' title='bbox 277 3543 438 3597; x_wconf 83' lang='grc' dir='ltr'>Τοῦτο</span> <span class='ocrx_word' id='word_1_420' title='bbox 481 3546 594 3616; x_wconf 82' lang='grc' dir='ltr'>γὰρ</span> <span class='ocrx_word' id='word_1_421' title='bbox 637 3548 731 3599; x_wconf 81' lang='grc' dir='ltr'>καὶ</span> <span class='ocrx_word' id='word_1_422' title='bbox 782 3546 937 3610; x_wconf 80' lang='grc' dir='ltr'>ἄλλος</span> <span class='ocrx_word' id='word_1_423' title='bbox 983 3550 1269 3619; x_wconf 79' lang='grc' dir='ltr'>προφητῶν</span> <span class='ocrx_word' id='word_1_424' title='bbox 1316 3552 1609 3622; x_wconf 77' lang='grc' dir='ltr'>ἐθαύμασε,</span> 
     </span>
    </p>
   </div>
   <div class='ocr_carea' id='block_1_55' title="bbox 104 3627 1610 3712">
    <p class='ocr_par' dir='ltr' id='par_1_55' title="bbox 104 3627 1610 3712">
     <span class='ocr_line' id='line_1_55' title="bbox 104 3627 1610 3712; baseline 0.001 -18"><span class='ocrx_word' id='word_1_425' title='bbox 104 3627 265 3712; x_wconf 53' lang='grc' dir='ltr'><strong>φήσας·</strong></span> <span class='ocrx_word' id='word_1_426' title='bbox 298 3652 315 3681; x_wconf 81' lang='grc' dir='ltr'><strong>ι</strong></span> <span class='ocrx_word' id='word_1_427' title='bbox 341 3635 512 3705; x_wconf 83' lang='grc' dir='ltr'>Χαῖρε</span> <span class='ocrx_word' id='word_1_428' title='bbox 550 3635 778 3705; x_wconf 75' lang='grc' dir='ltr'>σφόδρα,</span> <span class='ocrx_word' id='word_1_429' title='bbox 821 3636 1053 3708; x_wconf 87' lang='grc' dir='ltr'>θύγατερ</span> <span class='ocrx_word' id='word_1_430' title='bbox 1078 3636 1234 3703; x_wconf 86' lang='grc' dir='ltr'>Σιὼν,</span> <span class='ocrx_word' id='word_1_431' title='bbox 1268 3641 1374 3694; x_wconf 72' lang='grc' dir='ltr'>ἰδοὺ</span> <span class='ocrx_word' id='word_1_432' title='bbox 1401 3642 1430 3692; x_wconf 88' lang='grc' dir='ltr'><strong>ό</strong></span> <span class='ocrx_word' id='word_1_433' title='bbox 1462 3642 1610 3712; x_wconf 86' lang='grc' dir='ltr'>βασι-</span> 
     </span>
    </p>
   </div>
   <div class='ocr_carea' id='block_1_56' title="bbox 103 3707 1611 3795">
    <p class='ocr_par' dir='ltr' id='par_1_56' title="bbox 103 3707 1611 3795">
     <span class='ocr_line' id='line_1_56' title="bbox 103 3707 1611 3795; baseline 0.015 -34"><span class='ocrx_word' id='word_1_434' title='bbox 103 3707 195 3773; x_wconf 79' lang='grc' dir='ltr'>λεύς</span> <span class='ocrx_word' id='word_1_435' title='bbox 226 3731 308 3768; x_wconf 91' lang='grc' dir='ltr'><strong>σου</strong></span> <span class='ocrx_word' id='word_1_436' title='bbox 344 3718 561 3789; x_wconf 81' lang='grc' dir='ltr'>ἔρχεταί</span> <span class='ocrx_word' id='word_1_437' title='bbox 591 3738 677 3774; x_wconf 92' lang='grc' dir='ltr'><strong>σοι</strong></span> <span class='ocrx_word' id='word_1_438' title='bbox 709 3724 903 3794; x_wconf 77' lang='grc' dir='ltr'>πρᾶος,</span> <span class='ocrx_word' id='word_1_439' title='bbox 926 3707 1262 3795; x_wconf 79' lang='grc' dir='ltr'>ἐπιϐεϐηκὼς</span> <span class='ocrx_word' id='word_1_440' title='bbox 1294 3729 1383 3780; x_wconf 72' lang='grc' dir='ltr'><strong>ἐπὶ</strong></span> <span class='ocrx_word' id='word_1_441' title='bbox 1416 3707 1611 3793; x_wconf 77' lang='grc' dir='ltr'>ὑποζύ-</span> 
     </span>
    </p>
   </div>
   <div class='ocr_carea' id='block_1_57' title="bbox 101 3808 1607 3890">
    <p class='ocr_par' dir='ltr' id='par_1_57' title="bbox 101 3808 1607 3890">
     <span class='ocr_line' id='line_1_57' title="bbox 101 3808 1607 3890; baseline 0.015 -38"><span class='ocrx_word' id='word_1_442' title='bbox 101 3816 188 3865; x_wconf 79' lang='grc' dir='ltr'>γιον</span> <span class='ocrx_word' id='word_1_443' title='bbox 224 3808 307 3859; x_wconf 75' lang='grc' dir='ltr'>καὶ</span> <span class='ocrx_word' id='word_1_444' title='bbox 349 3810 530 3864; x_wconf 85' lang='grc' dir='ltr'>πῶλον</span> <span class='ocrx_word' id='word_1_445' title='bbox 559 3813 706 3866; x_wconf 78' lang='grc' dir='ltr'>νέον.</span> <span class='ocrx_word' id='word_1_446' title='bbox 739 3832 757 3862; x_wconf 76' lang='grc' dir='ltr'><strong>ι</strong></span> <span class='ocrx_word' id='word_1_447' title='bbox 796 3814 867 3866; x_wconf 90' lang='lat' dir='ltr'><em>T6</em></span> <span class='ocrx_word' id='word_1_448' title='bbox 902 3815 980 3878; x_wconf 83' lang='grc' dir='ltr'>δὲ,</span> <span class='ocrx_word' id='word_1_449' title='bbox 1018 3833 1036 3865; x_wconf 72' lang='grc' dir='ltr'><strong>ι</strong></span> <span class='ocrx_word' id='word_1_450' title='bbox 1067 3815 1260 3869; x_wconf 87' lang='grc' dir='ltr'>Πλυνεί</span> <span class='ocrx_word' id='word_1_451' title='bbox 1285 3819 1342 3872; x_wconf 82' lang='grc' dir='ltr'>ὲν</span> <span class='ocrx_word' id='word_1_452' title='bbox 1362 3819 1487 3889; x_wconf 80' lang='grc' dir='ltr'>οἴνῳ</span> <span class='ocrx_word' id='word_1_453' title='bbox 1510 3821 1607 3890; x_wconf 81' lang='grc' dir='ltr'>τὴν</span> 
     </span>
    </p>
   </div>
   <div class='ocr_carea' id='block_1_58' title="bbox 102 3893 1607 3981">
    <p class='ocr_par' dir='ltr' id='par_1_58' title="bbox 102 3893 1607 3981">
     <span class='ocr_line' id='line_1_58' title="bbox 102 3893 1607 3981; baseline 0.013 -37"><span class='ocrx_word' id='word_1_454' title='bbox 102 3893 247 3964; x_wconf 78' lang='grc' dir='ltr'>στολὴν</span> <span class='ocrx_word' id='word_1_455' title='bbox 268 3900 444 3963; x_wconf 76' lang='grc' dir='ltr'>αὑτοῦ,</span> <span class='ocrx_word' id='word_1_456' title='bbox 478 3903 579 3956; x_wconf 74' lang='grc' dir='ltr'><strong>καὶ</strong></span> <span class='ocrx_word' id='word_1_457' title='bbox 618 3904 679 3955; x_wconf 84' lang='grc' dir='ltr'>ὲν</span> <span class='ocrx_word' id='word_1_458' title='bbox 708 3902 894 3972; x_wconf 73' lang='grc' dir='ltr'>αἵματι</span> <span class='ocrx_word' id='word_1_459' title='bbox 917 3906 1186 3976; x_wconf 74' lang='grc' dir='ltr'>σταφυλῆς</span> <span class='ocrx_word' id='word_1_460' title='bbox 1205 3906 1301 3977; x_wconf 83' lang='grc' dir='ltr'>τὴν</span> <span class='ocrx_word' id='word_1_461' title='bbox 1324 3910 1607 3981; x_wconf 81' lang='grc' dir='ltr'>περιϐολὴν</span> 
     </span>
    </p>
   </div>
   <div class='ocr_carea' id='block_1_59' title="bbox 97 3983 1607 4072">
    <p class='ocr_par' dir='ltr' id='par_1_59' title="bbox 97 3983 1607 4072">
     <span class='ocr_line' id='line_1_59' title="bbox 97 3983 1607 4072; baseline 0.013 -38"><span class='ocrx_word' id='word_1_462' title='bbox 97 3983 240 4050; x_wconf 76' lang='grc' dir='ltr'>αὐτοῦ,</span> <span class='ocrx_word' id='word_1_463' title='bbox 265 4008 284 4039; x_wconf 73' lang='grc' dir='ltr'><strong>ι</strong></span> <span class='ocrx_word' id='word_1_464' title='bbox 319 3992 512 4059; x_wconf 73' lang='grc' dir='ltr'>σκέψαι</span> <span class='ocrx_word' id='word_1_465' title='bbox 549 3994 649 4045; x_wconf 67' lang='grc' dir='ltr'>καὶ</span> <span class='ocrx_word' id='word_1_466' title='bbox 675 3993 835 4055; x_wconf 80' lang='grc' dir='ltr'>αὐτὸς</span> <span class='ocrx_word' id='word_1_467' title='bbox 868 3995 1071 4063; x_wconf 87' lang='grc' dir='ltr'>μήποτε</span> <span class='ocrx_word' id='word_1_468' title='bbox 1104 3996 1178 4059; x_wconf 87' lang='grc' dir='ltr'>ὼς</span> <span class='ocrx_word' id='word_1_469' title='bbox 1205 3998 1262 4050; x_wconf 80' lang='grc' dir='ltr'>ἐν</span> <span class='ocrx_word' id='word_1_470' title='bbox 1284 4000 1607 4072; x_wconf 76' lang='grc' dir='ltr'>ἀπορρήτοις</span> 
     </span>
    </p>
   </div>
   <div class='ocr_carea' id='block_1_60' title="bbox 97 4072 1606 4161">
    <p class='ocr_par' dir='ltr' id='par_1_60' title="bbox 97 4072 1606 4161">
     <span class='ocr_line' id='line_1_60' title="bbox 97 4072 1606 4161; baseline 0.014 -39"><span class='ocrx_word' id='word_1_471' title='bbox 97 4072 142 4122; x_wconf 79' lang='grc' dir='ltr'><strong>τὸ</strong></span> <span class='ocrx_word' id='word_1_472' title='bbox 166 4081 396 4141; x_wconf 77' lang='grc' dir='ltr'>μυστικὸν</span> <span class='ocrx_word' id='word_1_473' title='bbox 424 4081 728 4134; x_wconf 79' lang='grc' dir='ltr'>αἰνίττεται</span> <span class='ocrx_word' id='word_1_474' title='bbox 758 4082 927 4145; x_wconf 85' lang='grc' dir='ltr'>πάθος</span> <span class='ocrx_word' id='word_1_475' title='bbox 956 4084 1137 4149; x_wconf 82' lang='grc' dir='ltr'>αὐτοῦ,</span> <span class='ocrx_word' id='word_1_476' title='bbox 1167 4088 1222 4138; x_wconf 80' lang='grc' dir='ltr'>ὲν</span> <span class='ocrx_word' id='word_1_477' title='bbox 1241 4080 1284 4153; x_wconf 83' lang='grc' dir='ltr'>ᾧ</span> <span class='ocrx_word' id='word_1_478' title='bbox 1302 4087 1397 4157; x_wconf 84' lang='grc' dir='ltr'>τὴν</span> <span class='ocrx_word' id='word_1_479' title='bbox 1421 4090 1606 4161; x_wconf 82' lang='grc' dir='ltr'>στολὴν</span> 
     </span>
    </p>
   </div>
   <div class='ocr_carea' id='block_1_61' title="bbox 93 4163 1604 4248">
    <p class='ocr_par' dir='ltr' id='par_1_61' title="bbox 93 4163 1604 4248">
     <span class='ocr_line' id='line_1_61' title="bbox 93 4163 1604 4248; baseline 0.013 -33"><span class='ocrx_word' id='word_1_480' title='bbox 93 4163 222 4217; x_wconf 67' lang='grc' dir='ltr'>αὐτοῦ</span> <span class='ocrx_word' id='word_1_481' title='bbox 254 4170 340 4221; x_wconf 84' lang='grc' dir='ltr'><strong>καὶ</strong></span> <span class='ocrx_word' id='word_1_482' title='bbox 383 4172 444 4224; x_wconf 86' lang='grc' dir='ltr'>τὸ</span> <span class='ocrx_word' id='word_1_483' title='bbox 491 4171 843 4241; x_wconf 88' lang='grc' dir='ltr'>περιϐόλαιον</span> <span class='ocrx_word' id='word_1_484' title='bbox 884 4173 1149 4227; x_wconf 84' lang='grc' dir='ltr'>ἀπέπλυνε</span> <span class='ocrx_word' id='word_1_485' title='bbox 1190 4176 1411 4248; x_wconf 84' lang='grc' dir='ltr'>λουτρῷ,</span> <span class='ocrx_word' id='word_1_486' title='bbox 1442 4180 1508 4232; x_wconf 85' lang='grc' dir='ltr'><strong>δι’</strong></span> <span class='ocrx_word' id='word_1_487' title='bbox 1545 4177 1604 4237; x_wconf 81' lang='grc' dir='ltr'><strong>οὗ</strong></span> 
     </span>
    </p>
   </div>
   <div class='ocr_carea' id='block_1_62' title="bbox 90 4250 1602 4324">
    <p class='ocr_par' dir='ltr' id='par_1_62' title="bbox 90 4250 1602 4324">
     <span class='ocr_line' id='line_1_62' title="bbox 90 4250 1602 4324; baseline 0.013 -21"><span class='ocrx_word' id='word_1_488' title='bbox 90 4250 172 4303; x_wconf 81' lang='grc' dir='ltr'><strong>τῶν</strong></span> <span class='ocrx_word' id='word_1_489' title='bbox 194 4257 262 4318; x_wconf 77' lang='grc' dir='ltr'>εἰς</span> <span class='ocrx_word' id='word_1_490' title='bbox 294 4259 452 4312; x_wconf 78' lang='grc' dir='ltr'>αὑτὸν</span> <span class='ocrx_word' id='word_1_491' title='bbox 486 4261 929 4314; x_wconf 84' lang='grc' dir='ltr'>πεπιστευκότων</span> <span class='ocrx_word' id='word_1_492' title='bbox 963 4264 1284 4319; x_wconf 84' lang='grc' dir='ltr'>ἀποπλύνειν</span> <span class='ocrx_word' id='word_1_493' title='bbox 1310 4267 1377 4320; x_wconf 84' lang='grc' dir='ltr'><strong>τὰ</strong></span> <span class='ocrx_word' id='word_1_494' title='bbox 1403 4271 1602 4324; x_wconf 85' lang='grc' dir='ltr'>παλαιὰ</span> 
     </span>
    </p>
   </div>
   <div class='ocr_carea' id='block_1_63' title="bbox 88 4342 1603 4430">
    <p class='ocr_par' dir='ltr' id='par_1_63' title="bbox 88 4342 1603 4430">
     <span class='ocr_line' id='line_1_63' title="bbox 88 4342 1603 4430; baseline 0.01 -30"><span class='ocrx_word' id='word_1_495' title='bbox 88 4342 202 4416; x_wconf 48' lang='lat' dir='ltr'><strong>ﬁrm}</strong></span> <span class='ocrx_word' id='word_1_496' title='bbox 220 4348 481 4417; x_wconf 82' lang='grc' dir='ltr'>δηλοῦται.</span> <span class='ocrx_word' id='word_1_497' title='bbox 512 4353 616 4405; x_wconf 86' lang='grc' dir='ltr'>Διά</span> <span class='ocrx_word' id='word_1_498' title='bbox 638 4354 747 4423; x_wconf 82' lang='grc' dir='ltr'>γὰρ</span> <span class='ocrx_word' id='word_1_499' title='bbox 772 4351 867 4404; x_wconf 80' lang='grc' dir='ltr'>τοῦ</span> <span class='ocrx_word' id='word_1_500' title='bbox 890 4352 1051 4417; x_wconf 80' lang='grc' dir='ltr'>οἴνου,</span> <span class='ocrx_word' id='word_1_501' title='bbox 1071 4355 1204 4425; x_wconf 83' lang='grc' dir='ltr'>ὅπερ</span> <span class='ocrx_word' id='word_1_502' title='bbox 1227 4352 1294 4426; x_wconf 86' lang='grc' dir='ltr'>ἦν</span> <span class='ocrx_word' id='word_1_503' title='bbox 1316 4358 1409 4410; x_wconf 83' lang='grc' dir='ltr'>τοῦ</span> <span class='ocrx_word' id='word_1_504' title='bbox 1442 4361 1603 4430; x_wconf 79' lang='grc' dir='ltr'>αἵμα-</span> 
     </span>
    </p>
   </div>
   <div class='ocr_carea' id='block_1_64' title="bbox 1725 1947 3249 2026">
    <p class='ocr_par' dir='ltr' id='par_1_64' title="bbox 1725 1947 3249 2026">
     <span class='ocr_line' id='line_1_64' title="bbox 1725 1947 3249 2026; baseline 0.007 -25"><span class='ocrx_word' id='word_1_505' title='bbox 1725 1947 1814 2001; x_wconf 93' lang='lat' dir='ltr'><strong>diu</strong></span> <span class='ocrx_word' id='word_1_506' title='bbox 1837 1947 2059 2002; x_wconf 82' lang='lat' dir='ltr'><strong>Judaica</strong></span> <span class='ocrx_word' id='word_1_507' title='bbox 2089 1966 2217 2018; x_wconf 83' lang='lat' dir='ltr'><strong>gens</strong></span> <span class='ocrx_word' id='word_1_508' title='bbox 2251 1953 2414 2014; x_wconf 84' lang='lat' dir='ltr'><strong>stetit,</strong></span> <span class='ocrx_word' id='word_1_509' title='bbox 2439 1950 2851 2023; x_wconf 83' lang='lat' dir='ltr'><strong>Judaeorumque</strong></span> <span class='ocrx_word' id='word_1_510' title='bbox 2886 1956 3153 2026; x_wconf 79' lang='lat' dir='ltr'><strong>principes</strong></span> <span class='ocrx_word' id='word_1_511' title='bbox 3185 1973 3249 2012; x_wconf 85' lang='lat' dir='ltr'><strong>ac</strong></span> 
     </span>
    </p>
   </div>
   <div class='ocr_carea' id='block_1_65' title="bbox 1724 2038 3248 2110">
    <p class='ocr_par' dir='ltr' id='par_1_65' title="bbox 1724 2038 3248 2110">
     <span class='ocr_line' id='line_1_65' title="bbox 1724 2038 3248 2110; baseline 0.008 -20"><span class='ocrx_word' id='word_1_512' title='bbox 1724 2038 1905 2096; x_wconf 81' lang='lat' dir='ltr'><strong>duces.</strong></span> <span class='ocrx_word' id='word_1_513' title='bbox 1929 2040 2285 2109; x_wconf 79' lang='lat' dir='ltr'><strong>exquisitique</strong></span> <span class='ocrx_word' id='word_1_514' title='bbox 2306 2056 2369 2094; x_wconf 91' lang='lat' dir='ltr'><strong>ac</strong></span> <span class='ocrx_word' id='word_1_515' title='bbox 2392 2044 2658 2110; x_wconf 88' lang='lat' dir='ltr'><strong>sapientes</strong></span> <span class='ocrx_word' id='word_1_516' title='bbox 2682 2043 2982 2099; x_wconf 88' lang='lat' dir='ltr'><strong>divinorum</strong></span> <span class='ocrx_word' id='word_1_517' title='bbox 3008 2045 3073 2100; x_wconf 82' lang='lat' dir='ltr'><strong>de</strong></span> <span class='ocrx_word' id='word_1_518' title='bbox 3090 2045 3248 2104; x_wconf 82' lang='lat' dir='ltr'><strong>Chri-</strong></span> 
     </span>
    </p>
   </div>
   <div class='ocr_carea' id='block_1_66' title="bbox 1723 2130 3244 2203">
    <p class='ocr_par' dir='ltr' id='par_1_66' title="bbox 1723 2130 3244 2203">
     <span class='ocr_line' id='line_1_66' title="bbox 1723 2130 3244 2203; baseline 0.007 -24"><span class='ocrx_word' id='word_1_519' title='bbox 1723 2136 1804 2180; x_wconf 90' lang='lat' dir='ltr'><strong>sto</strong></span> <span class='ocrx_word' id='word_1_520' title='bbox 1837 2130 2177 2183; x_wconf 87' lang='lat' dir='ltr'><strong>oraculorum</strong></span> <span class='ocrx_word' id='word_1_521' title='bbox 2223 2130 2541 2199; x_wconf 85' lang='lat' dir='ltr'><strong>interpretes</strong></span> <span class='ocrx_word' id='word_1_522' title='bbox 2580 2133 2718 2202; x_wconf 91' lang='lat' dir='ltr'><strong>apud</strong></span> <span class='ocrx_word' id='word_1_523' title='bbox 2756 2134 2902 2202; x_wconf 89' lang='lat' dir='ltr'><strong>ipsos</strong></span> <span class='ocrx_word' id='word_1_524' title='bbox 2932 2134 3244 2203; x_wconf 83' lang='lat' dir='ltr'><strong>ﬂoruerunt.</strong></span> 
     </span>
    </p>
   </div>
   <div class='ocr_carea' id='block_1_67' title="bbox 1720 2214 3247 2290">
    <p class='ocr_par' dir='ltr' id='par_1_67' title="bbox 1720 2214 3247 2290">
     <span class='ocr_line' id='line_1_67' title="bbox 1720 2214 3247 2290; baseline -0.004 -6"><span class='ocrx_word' id='word_1_525' title='bbox 1720 2215 1880 2285; x_wconf 81' lang='lat'><strong>379</strong></span> <span class='ocrx_word' id='word_1_526' title='bbox 1897 2214 2183 2286; x_wconf 74' lang='lat' dir='ltr'><strong>Postquam</strong></span> <span class='ocrx_word' id='word_1_527' title='bbox 2210 2227 2387 2273; x_wconf 88' lang='lat' dir='ltr'><strong>autem</strong></span> <span class='ocrx_word' id='word_1_528' title='bbox 2421 2231 2682 2274; x_wconf 85' lang='lat' dir='ltr'><strong>venerunt</strong></span> <span class='ocrx_word' id='word_1_529' title='bbox 2711 2237 2829 2289; x_wconf 64' lang='lat' dir='ltr'><strong>quis</strong></span> <span class='ocrx_word' id='word_1_530' title='bbox 2851 2221 2948 2290; x_wconf 90' lang='lat' dir='ltr'><strong>ipsi</strong></span> <span class='ocrx_word' id='word_1_531' title='bbox 2970 2221 3119 2277; x_wconf 78' lang='lat' dir='ltr'><strong>Judae</strong></span> <span class='ocrx_word' id='word_1_532' title='bbox 3161 2239 3247 2278; x_wconf 85' lang='lat' dir='ltr'><strong>re-</strong></span> 
     </span>
    </p>
   </div>
   <div class='ocr_carea' id='block_1_68' title="bbox 1720 2309 3246 2382">
    <p class='ocr_par' dir='ltr' id='par_1_68' title="bbox 1720 2309 3246 2382">
     <span class='ocr_line' id='line_1_68' title="bbox 1720 2309 3246 2382; baseline 0.005 -23"><span class='ocrx_word' id='word_1_533' title='bbox 1720 2309 1888 2374; x_wconf 88' lang='lat' dir='ltr'><strong>posita</strong></span> <span class='ocrx_word' id='word_1_534' title='bbox 1917 2315 2090 2372; x_wconf 88' lang='lat' dir='ltr'><strong>erant,</strong></span> <span class='ocrx_word' id='word_1_535' title='bbox 2126 2314 2236 2361; x_wconf 89' lang='lat' dir='ltr'><strong>tum</strong></span> <span class='ocrx_word' id='word_1_536' title='bbox 2276 2310 2322 2363; x_wconf 92' lang='lat' dir='ltr'><strong>is</strong></span> <span class='ocrx_word' id='word_1_537' title='bbox 2356 2310 2407 2363; x_wconf 92' lang='lat' dir='ltr'><strong>in</strong></span> <span class='ocrx_word' id='word_1_538' title='bbox 2450 2318 2592 2363; x_wconf 87' lang='lat' dir='ltr'><strong>terra</strong></span> <span class='ocrx_word' id='word_1_539' title='bbox 2620 2319 2703 2366; x_wconf 85' lang='lat' dir='ltr'><strong>est</strong></span> <span class='ocrx_word' id='word_1_540' title='bbox 2729 2313 2900 2373; x_wconf 84' lang='lat' dir='ltr'><strong>visus,</strong></span> <span class='ocrx_word' id='word_1_541' title='bbox 2930 2313 3020 2381; x_wconf 88' lang='lat' dir='ltr'><strong>qui</strong></span> <span class='ocrx_word' id='word_1_542' title='bbox 3050 2329 3081 2366; x_wconf 83' lang='lat' dir='ltr'><strong>a</strong></span> <span class='ocrx_word' id='word_1_543' title='bbox 3123 2327 3246 2382; x_wconf 87' lang='lat' dir='ltr'><strong>pro-</strong></span> 
     </span>
    </p>
   </div>
   <div class='ocr_carea' id='block_1_69' title="bbox 1720 2397 3245 2472">
    <p class='ocr_par' dir='ltr' id='par_1_69' title="bbox 1720 2397 3245 2472">
     <span class='ocr_line' id='line_1_69' title="bbox 1720 2397 3245 2472; baseline 0.007 -25"><span class='ocrx_word' id='word_1_544' title='bbox 1720 2398 1890 2466; x_wconf 86' lang='lat' dir='ltr'><strong>phetis</strong></span> <span class='ocrx_word' id='word_1_545' title='bbox 1935 2397 2111 2453; x_wconf 89' lang='lat' dir='ltr'><strong>dictus</strong></span> <span class='ocrx_word' id='word_1_546' title='bbox 2155 2409 2269 2455; x_wconf 86' lang='lat' dir='ltr'><strong>erat</strong></span> <span class='ocrx_word' id='word_1_547' title='bbox 2308 2401 2373 2456; x_wconf 90' lang='lat' dir='ltr'><strong>de</strong></span> <span class='ocrx_word' id='word_1_548' title='bbox 2420 2402 2623 2456; x_wconf 86' lang='lat' dir='ltr'><strong>semine</strong></span> <span class='ocrx_word' id='word_1_549' title='bbox 2670 2417 2733 2456; x_wconf 90' lang='lat' dir='ltr'><strong>ac</strong></span> <span class='ocrx_word' id='word_1_550' title='bbox 2776 2403 2942 2472; x_wconf 88' lang='lat' dir='ltr'><strong>stirpe</strong></span> <span class='ocrx_word' id='word_1_551' title='bbox 2984 2404 3123 2472; x_wconf 83' lang='lat' dir='ltr'><strong>ejus,</strong></span> <span class='ocrx_word' id='word_1_552' title='bbox 3151 2405 3245 2472; x_wconf 87' lang='lat' dir='ltr'><strong>qui</strong></span> 
     </span>
    </p>
   </div>
   <div class='ocr_carea' id='block_1_70' title="bbox 1718 2486 3244 2561">
    <p class='ocr_par' dir='ltr' id='par_1_70' title="bbox 1718 2486 3244 2561">
     <span class='ocr_line' id='line_1_70' title="bbox 1718 2486 3244 2561; baseline 0.005 -25"><span class='ocrx_word' id='word_1_553' title='bbox 1718 2486 1829 2539; x_wconf 84' lang='lat' dir='ltr'><strong>haec</strong></span> <span class='ocrx_word' id='word_1_554' title='bbox 1869 2487 2196 2541; x_wconf 86' lang='lat' dir='ltr'><strong>divinaverat</strong></span> <span class='ocrx_word' id='word_1_555' title='bbox 2233 2490 2490 2552; x_wconf 88' lang='lat' dir='ltr'><strong>oriturus,</strong></span> <span class='ocrx_word' id='word_1_556' title='bbox 2535 2490 2959 2559; x_wconf 86' lang='lat' dir='ltr'><strong>recumbensque</strong></span> <span class='ocrx_word' id='word_1_557' title='bbox 2996 2506 3059 2546; x_wconf 89' lang='lat' dir='ltr'><strong>ac</strong></span> <span class='ocrx_word' id='word_1_558' title='bbox 3097 2493 3244 2561; x_wconf 80' lang='lat' dir='ltr'><strong>sopi-</strong></span> 
     </span>
    </p>
   </div>
   <div class='ocr_carea' id='block_1_71' title="bbox 1717 2577 3247 2649">
    <p class='ocr_par' dir='ltr' id='par_1_71' title="bbox 1717 2577 3247 2649">
     <span class='ocr_line' id='line_1_71' title="bbox 1717 2577 3247 2649; baseline 0.006 -22"><span class='ocrx_word' id='word_1_559' title='bbox 1717 2582 1823 2637; x_wconf 88' lang='lat' dir='ltr'><strong>tus,</strong></span> <span class='ocrx_word' id='word_1_560' title='bbox 1857 2577 1958 2640; x_wconf 85' lang='lat' dir='ltr'><strong>vel,</strong></span> <span class='ocrx_word' id='word_1_561' title='bbox 1992 2584 2051 2630; x_wconf 89' lang='lat' dir='ltr'><strong>ut</strong></span> <span class='ocrx_word' id='word_1_562' title='bbox 2076 2578 2151 2631; x_wconf 87' lang='lat' dir='ltr'><strong>ait</strong></span> <span class='ocrx_word' id='word_1_563' title='bbox 2178 2577 2550 2649; x_wconf 79' lang='lat' dir='ltr'><strong>Symmachus,</strong></span> <span class='ocrx_word' id='word_1_564' title='bbox 2583 2598 2602 2631; x_wconf 74' lang='grc' dir='ltr'><strong>ι</strong></span> <span class='ocrx_word' id='word_1_565' title='bbox 2636 2581 2858 2649; x_wconf 80' lang='lat' dir='ltr'><strong>genibus</strong></span> <span class='ocrx_word' id='word_1_566' title='bbox 2881 2580 3031 2635; x_wconf 80' lang='lat' dir='ltr'><strong>ﬂexis</strong></span> <span class='ocrx_word' id='word_1_567' title='bbox 3061 2601 3080 2633; x_wconf 73' lang='grc' dir='ltr'><strong>ι</strong></span> <span class='ocrx_word' id='word_1_568' title='bbox 3117 2596 3247 2636; x_wconf 88' lang='lat' dir='ltr'><strong>con-</strong></span> 
     </span>
    </p>
   </div>
   <div class='ocr_carea' id='block_1_72' title="bbox 1718 2669 3242 2741">
    <p class='ocr_par' dir='ltr' id='par_1_72' title="bbox 1718 2669 3242 2741">
     <span class='ocr_line' id='line_1_72' title="bbox 1718 2669 3242 2741; baseline 0.005 -22"><span class='ocrx_word' id='word_1_569' title='bbox 1718 2669 1958 2722; x_wconf 87' lang='lat' dir='ltr'><strong>lirmatus</strong></span> <span class='ocrx_word' id='word_1_570' title='bbox 1995 2678 2078 2723; x_wconf 88' lang='lat' dir='ltr'><strong>est</strong></span> <span class='ocrx_word' id='word_1_571' title='bbox 2109 2679 2161 2724; x_wconf 90' lang='lat' dir='ltr'><strong>et</strong></span> <span class='ocrx_word' id='word_1_572' title='bbox 2188 2673 2438 2732; x_wconf 83' lang='lat' dir='ltr'><strong>surrexit,</strong></span> <span class='ocrx_word' id='word_1_573' title='bbox 2470 2673 2719 2725; x_wconf 87' lang='lat' dir='ltr'><strong>manibus</strong></span> <span class='ocrx_word' id='word_1_574' title='bbox 2751 2673 2803 2726; x_wconf 83' lang='lat' dir='ltr'><strong>in</strong></span> <span class='ocrx_word' id='word_1_575' title='bbox 2825 2681 3032 2741; x_wconf 84' lang='lat' dir='ltr'><strong>tergunt</strong></span> <span class='ocrx_word' id='word_1_576' title='bbox 3059 2673 3242 2729; x_wconf 59' lang='lat' dir='ltr'><strong>invisi»</strong></span> 
     </span>
    </p>
   </div>
   <div class='ocr_carea' id='block_1_73' title="bbox 1716 2758 3257 2831">
    <p class='ocr_par' dir='ltr' id='par_1_73' title="bbox 1716 2758 3257 2831">
     <span class='ocr_line' id='line_1_73' title="bbox 1716 2758 3257 2831; baseline 0.005 -21"><span class='ocrx_word' id='word_1_577' title='bbox 1716 2758 1900 2811; x_wconf 88' lang='lat' dir='ltr'><strong>bilium</strong></span> <span class='ocrx_word' id='word_1_578' title='bbox 1930 2767 2086 2828; x_wconf 89' lang='lat' dir='ltr'><strong>atque</strong></span> <span class='ocrx_word' id='word_1_579' title='bbox 2116 2760 2526 2830; x_wconf 86' lang='lat' dir='ltr'><strong>intelligibilium</strong></span> <span class='ocrx_word' id='word_1_580' title='bbox 2553 2761 2787 2817; x_wconf 83' lang='lat' dir='ltr'><strong>hostium</strong></span> <span class='ocrx_word' id='word_1_581' title='bbox 2820 2763 3052 2831; x_wconf 81' lang='lat' dir='ltr'><strong>injectis,</strong></span> <span class='ocrx_word' id='word_1_582' title='bbox 3096 2763 3257 2831; x_wconf 50' lang='lat' dir='ltr'><strong>ejus-u</strong></span> 
     </span>
    </p>
   </div>
   <div class='ocr_carea' id='block_1_74' title="bbox 1715 2847 3241 2920">
    <p class='ocr_par' dir='ltr' id='par_1_74' title="bbox 1715 2847 3241 2920">
     <span class='ocr_line' id='line_1_74' title="bbox 1715 2847 3241 2920; baseline 0.003 -20"><span class='ocrx_word' id='word_1_583' title='bbox 1715 2862 1817 2915; x_wconf 85' lang='lat' dir='ltr'><strong>que</strong></span> <span class='ocrx_word' id='word_1_584' title='bbox 1846 2847 2039 2903; x_wconf 79' lang='lat' dir='ltr'><strong>fratres</strong></span> <span class='ocrx_word' id='word_1_585' title='bbox 2063 2864 2124 2903; x_wconf 88' lang='lat' dir='ltr'><strong>ac</strong></span> <span class='ocrx_word' id='word_1_586' title='bbox 2153 2849 2399 2919; x_wconf 90' lang='lat' dir='ltr'><strong>discipuli</strong></span> <span class='ocrx_word' id='word_1_587' title='bbox 2423 2858 2576 2904; x_wconf 89' lang='lat' dir='ltr'><strong>antea</strong></span> <span class='ocrx_word' id='word_1_588' title='bbox 2606 2850 2753 2904; x_wconf 91' lang='lat' dir='ltr'><strong>illum</strong></span> <span class='ocrx_word' id='word_1_589' title='bbox 2777 2851 3055 2905; x_wconf 89' lang='lat' dir='ltr'><strong>laudantes</strong></span> <span class='ocrx_word' id='word_1_590' title='bbox 3080 2860 3241 2920; x_wconf 87' lang='lat' dir='ltr'><strong>atque</strong></span> 
     </span>
    </p>
   </div>
   <div class='ocr_carea' id='block_1_75' title="bbox 1715 2936 3237 3006">
    <p class='ocr_par' dir='ltr' id='par_1_75' title="bbox 1715 2936 3237 3006">
     <span class='ocr_line' id='line_1_75' title="bbox 1715 2936 3237 3006; baseline 0.003 -17"><span class='ocrx_word' id='word_1_591' title='bbox 1715 2936 2059 3001; x_wconf 86' lang='lat' dir='ltr'><strong>admirantes,</strong></span> <span class='ocrx_word' id='word_1_592' title='bbox 2111 2945 2233 3006; x_wconf 89' lang='lat' dir='ltr'><strong>post</strong></span> <span class='ocrx_word' id='word_1_593' title='bbox 2259 2938 2346 2992; x_wconf 88' lang='lat' dir='ltr'><strong>ubi</strong></span> <span class='ocrx_word' id='word_1_594' title='bbox 2410 2937 2576 2993; x_wconf 87' lang='lat' dir='ltr'><strong>Deum</strong></span> <span class='ocrx_word' id='word_1_595' title='bbox 2621 2954 2741 2995; x_wconf 90' lang='lat' dir='ltr'><strong>esse</strong></span> <span class='ocrx_word' id='word_1_596' title='bbox 2786 2940 3020 2995; x_wconf 81' lang='lat' dir='ltr'><strong>confessi</strong></span> <span class='ocrx_word' id='word_1_597' title='bbox 3078 2950 3237 3003; x_wconf 89' lang='lat' dir='ltr'><strong>suut,</strong></span> 
     </span>
    </p>
   </div>
   <div class='ocr_carea' id='block_1_76' title="bbox 1714 3026 3236 3097">
    <p class='ocr_par' dir='ltr' id='par_1_76' title="bbox 1714 3026 3236 3097">
     <span class='ocr_line' id='line_1_76' title="bbox 1714 3026 3236 3097; baseline 0.003 -20"><span class='ocrx_word' id='word_1_598' title='bbox 1714 3027 1871 3080; x_wconf 88' lang='lat' dir='ltr'><strong>etiam</strong></span> <span class='ocrx_word' id='word_1_599' title='bbox 1925 3037 1981 3080; x_wconf 91' lang='lat' dir='ltr'><strong>ut</strong></span> <span class='ocrx_word' id='word_1_600' title='bbox 2028 3026 2191 3081; x_wconf 89' lang='lat' dir='ltr'><strong>Deum</strong></span> <span class='ocrx_word' id='word_1_601' title='bbox 2240 3028 2612 3090; x_wconf 86' lang='lat' dir='ltr'><strong>adoraverunt,</strong></span> <span class='ocrx_word' id='word_1_602' title='bbox 2653 3036 2763 3081; x_wconf 89' lang='lat' dir='ltr'><strong>tum</strong></span> <span class='ocrx_word' id='word_1_603' title='bbox 2811 3044 2936 3083; x_wconf 89' lang='lat' dir='ltr'><strong>vero</strong></span> <span class='ocrx_word' id='word_1_604' title='bbox 2984 3029 3072 3082; x_wconf 90' lang='lat' dir='ltr'><strong>illa</strong></span> <span class='ocrx_word' id='word_1_605' title='bbox 3122 3030 3236 3097; x_wconf 86' lang='lat' dir='ltr'><strong>ipsa</strong></span> 
     </span>
    </p>
   </div>
   <div class='ocr_carea' id='block_1_77' title="bbox 1716 3116 3239 3187">
    <p class='ocr_par' dir='ltr' id='par_1_77' title="bbox 1716 3116 3239 3187">
     <span class='ocr_line' id='line_1_77' title="bbox 1716 3116 3239 3187; baseline 0.004 -19"><span class='ocrx_word' id='word_1_606' title='bbox 1716 3117 1976 3185; x_wconf 87' lang='lat' dir='ltr'><strong>completa</strong></span> <span class='ocrx_word' id='word_1_607' title='bbox 2006 3125 2149 3180; x_wconf 91' lang='lat' dir='ltr'><strong>sunt,</strong></span> <span class='ocrx_word' id='word_1_608' title='bbox 2199 3131 2317 3185; x_wconf 80' lang='lat' dir='ltr'><strong>quae</strong></span> <span class='ocrx_word' id='word_1_609' title='bbox 2354 3116 2456 3185; x_wconf 91' lang='lat' dir='ltr'><strong>ipsi</strong></span> <span class='ocrx_word' id='word_1_610' title='bbox 2509 3118 2740 3186; x_wconf 87' lang='lat' dir='ltr'><strong>reposita</strong></span> <span class='ocrx_word' id='word_1_611' title='bbox 2790 3128 2961 3181; x_wconf 90' lang='lat' dir='ltr'><strong>erant,</strong></span> <span class='ocrx_word' id='word_1_612' title='bbox 3016 3128 3073 3173; x_wconf 87' lang='lat' dir='ltr'><strong>ut</strong></span> <span class='ocrx_word' id='word_1_613' title='bbox 3113 3134 3239 3187; x_wconf 79' lang='lat' dir='ltr'><strong>pm-</strong></span> 
     </span>
    </p>
   </div>
   <div class='ocr_carea' id='block_1_78' title="bbox 1714 3206 3236 3272">
    <p class='ocr_par' dir='ltr' id='par_1_78' title="bbox 1714 3206 3236 3272">
     <span class='ocr_line' id='line_1_78' title="bbox 1714 3206 3236 3272; baseline 0.005 -14"><span class='ocrx_word' id='word_1_614' title='bbox 1714 3214 1826 3272; x_wconf 89' lang='lat' dir='ltr'><strong>pter</strong></span> <span class='ocrx_word' id='word_1_615' title='bbox 1851 3207 1951 3260; x_wconf 91' lang='lat' dir='ltr'><strong>hoc</strong></span> <span class='ocrx_word' id='word_1_616' title='bbox 1980 3206 2108 3260; x_wconf 91' lang='lat' dir='ltr'><strong>illud</strong></span> <span class='ocrx_word' id='word_1_617' title='bbox 2145 3206 2409 3261; x_wconf 88' lang='lat' dir='ltr'><strong>redditum</strong></span> <span class='ocrx_word' id='word_1_618' title='bbox 2440 3206 2510 3262; x_wconf 90' lang='lat' dir='ltr'><strong>sit</strong></span> <span class='ocrx_word' id='word_1_619' title='bbox 2540 3208 2814 3261; x_wconf 89' lang='lat' dir='ltr'><strong>oraculum</strong></span> <span class='ocrx_word' id='word_1_620' title='bbox 2839 3228 2852 3261; x_wconf 88' lang='lat'>:</span> <span class='ocrx_word' id='word_1_621' title='bbox 2882 3227 2903 3260; x_wconf 75' lang='grc' dir='ltr'><strong>ι</strong></span> <span class='ocrx_word' id='word_1_622' title='bbox 2933 3209 3109 3264; x_wconf 89' lang='lat' dir='ltr'><strong>Donec</strong></span> <span class='ocrx_word' id='word_1_623' title='bbox 3153 3225 3236 3265; x_wconf 83' lang='lat' dir='ltr'><strong>ve-</strong></span> 
     </span>
    </p>
   </div>
   <div class='ocr_carea' id='block_1_79' title="bbox 1710 3294 3233 3363">
    <p class='ocr_par' dir='ltr' id='par_1_79' title="bbox 1710 3294 3233 3363">
     <span class='ocr_line' id='line_1_79' title="bbox 1710 3294 3233 3363; baseline 0.004 -18"><span class='ocrx_word' id='word_1_624' title='bbox 1710 3295 1860 3346; x_wconf 88' lang='lat' dir='ltr'><strong>niant</strong></span> <span class='ocrx_word' id='word_1_625' title='bbox 1886 3309 2004 3363; x_wconf 67' lang='lat' dir='ltr'><strong>quae</strong></span> <span class='ocrx_word' id='word_1_626' title='bbox 2035 3295 2266 3363; x_wconf 86' lang='lat' dir='ltr'><strong>reposita</strong></span> <span class='ocrx_word' id='word_1_627' title='bbox 2312 3302 2437 3348; x_wconf 89' lang='lat' dir='ltr'><strong>sunt</strong></span> <span class='ocrx_word' id='word_1_628' title='bbox 2481 3294 2602 3363; x_wconf 88' lang='lat' dir='ltr'><strong>ipsi.</strong></span> <span class='ocrx_word' id='word_1_629' title='bbox 2638 3312 2657 3346; x_wconf 75' lang='grc' dir='ltr'><strong>ι</strong></span> <span class='ocrx_word' id='word_1_630' title='bbox 2690 3294 2823 3348; x_wconf 82' lang='lat' dir='ltr'><strong>Cum</strong></span> <span class='ocrx_word' id='word_1_631' title='bbox 2867 3296 3008 3349; x_wconf 88' lang='lat' dir='ltr'><strong>enim</strong></span> <span class='ocrx_word' id='word_1_632' title='bbox 3045 3311 3111 3351; x_wconf 79' lang='lat' dir='ltr'><strong>ex</strong></span> <span class='ocrx_word' id='word_1_633' title='bbox 3142 3297 3233 3351; x_wconf 88' lang='lat' dir='ltr'><strong>illo</strong></span> 
     </span>
    </p>
   </div>
   <div class='ocr_carea' id='block_1_80' title="bbox 1709 3384 3230 3453">
    <p class='ocr_par' dir='ltr' id='par_1_80' title="bbox 1709 3384 3230 3453">
     <span class='ocr_line' id='line_1_80' title="bbox 1709 3384 3230 3453; baseline 0.001 -16"><span class='ocrx_word' id='word_1_634' title='bbox 1709 3384 1774 3437; x_wconf 86' lang='lat' dir='ltr'><strong>ad</strong></span> <span class='ocrx_word' id='word_1_635' title='bbox 1813 3384 1954 3438; x_wconf 89' lang='lat' dir='ltr'><strong>hunc</strong></span> <span class='ocrx_word' id='word_1_636' title='bbox 1994 3398 2165 3453; x_wconf 90' lang='lat' dir='ltr'><strong>usque</strong></span> <span class='ocrx_word' id='word_1_637' title='bbox 2195 3385 2357 3448; x_wconf 90' lang='lat' dir='ltr'><strong>diem,</strong></span> <span class='ocrx_word' id='word_1_638' title='bbox 2398 3399 2461 3437; x_wconf 90' lang='lat' dir='ltr'><strong>ea</strong></span> <span class='ocrx_word' id='word_1_639' title='bbox 2502 3399 2620 3452; x_wconf 69' lang='lat' dir='ltr'><strong>qua:</strong></span> <span class='ocrx_word' id='word_1_640' title='bbox 2641 3384 2742 3452; x_wconf 88' lang='lat' dir='ltr'><strong>ipsi</strong></span> <span class='ocrx_word' id='word_1_641' title='bbox 2783 3384 3018 3451; x_wconf 82' lang='lat' dir='ltr'><strong>reposita</strong></span> <span class='ocrx_word' id='word_1_642' title='bbox 3056 3395 3230 3447; x_wconf 83' lang='lat' dir='ltr'><strong>erant.</strong></span> 
     </span>
    </p>
   </div>
   <div class='ocr_carea' id='block_1_81' title="bbox 1708 3472 3230 3543">
    <p class='ocr_par' dir='ltr' id='par_1_81' title="bbox 1708 3472 3230 3543">
     <span class='ocr_line' id='line_1_81' title="bbox 1708 3472 3230 3543; baseline 0.002 -18"><span class='ocrx_word' id='word_1_643' title='bbox 1708 3474 1775 3528; x_wconf 90' lang='lat' dir='ltr'><strong>ad</strong></span> <span class='ocrx_word' id='word_1_644' title='bbox 1814 3472 1969 3527; x_wconf 88' lang='lat' dir='ltr'><strong>ﬂnem</strong></span> <span class='ocrx_word' id='word_1_645' title='bbox 2000 3473 2358 3542; x_wconf 78' lang='lat' dir='ltr'><strong>pervenerint,</strong></span> <span class='ocrx_word' id='word_1_646' title='bbox 2389 3472 2695 3527; x_wconf 78' lang='lat' dir='ltr'><strong>defecerunt</strong></span> <span class='ocrx_word' id='word_1_647' title='bbox 2722 3472 2933 3541; x_wconf 86' lang='lat' dir='ltr'><strong>quidem</strong></span> <span class='ocrx_word' id='word_1_648' title='bbox 2962 3473 3230 3543; x_wconf 77' lang='lat' dir='ltr'><strong>principes</strong></span> 
     </span>
    </p>
   </div>
   <div class='ocr_carea' id='block_1_82' title="bbox 1707 3559 3232 3632">
    <p class='ocr_par' dir='ltr' id='par_1_82' title="bbox 1707 3559 3232 3632">
     <span class='ocr_line' id='line_1_82' title="bbox 1707 3559 3232 3632; baseline 0.001 -16"><span class='ocrx_word' id='word_1_649' title='bbox 1707 3576 1770 3616; x_wconf 87' lang='lat' dir='ltr'><strong>ac</strong></span> <span class='ocrx_word' id='word_1_650' title='bbox 1811 3560 1974 3616; x_wconf 91' lang='lat' dir='ltr'><strong>duces</strong></span> <span class='ocrx_word' id='word_1_651' title='bbox 1999 3559 2322 3625; x_wconf 77' lang='lat' dir='ltr'><strong>Judaeorum,</strong></span> <span class='ocrx_word' id='word_1_652' title='bbox 2357 3562 2541 3629; x_wconf 80' lang='lat' dir='ltr'><strong>eisque</strong></span> <span class='ocrx_word' id='word_1_653' title='bbox 2591 3576 2752 3630; x_wconf 83' lang='lat' dir='ltr'><strong>supra</strong></span> <span class='ocrx_word' id='word_1_654' title='bbox 2792 3568 2952 3630; x_wconf 84' lang='lat' dir='ltr'><strong>caput</strong></span> <span class='ocrx_word' id='word_1_655' title='bbox 2992 3562 3232 3632; x_wconf 84' lang='lat' dir='ltr'><strong>gentium</strong></span> 
     </span>
    </p>
   </div>
   <div class='ocr_carea' id='block_1_83' title="bbox 1706 3649 3227 3721">
    <p class='ocr_par' dir='ltr' id='par_1_83' title="bbox 1706 3649 3227 3721">
     <span class='ocr_line' id='line_1_83' title="bbox 1706 3649 3227 3721; baseline 0 -18"><span class='ocrx_word' id='word_1_656' title='bbox 1706 3651 1974 3721; x_wconf 88' lang='lat' dir='ltr'><strong>principes</strong></span> <span class='ocrx_word' id='word_1_657' title='bbox 2003 3651 2248 3705; x_wconf 85' lang='lat' dir='ltr'><strong>collocati</strong></span> <span class='ocrx_word' id='word_1_658' title='bbox 2299 3658 2443 3705; x_wconf 90' lang='lat' dir='ltr'><strong>sunt.</strong></span> <span class='ocrx_word' id='word_1_659' title='bbox 2487 3649 2531 3702; x_wconf 84' lang='lat' dir='ltr'><strong>E</strong></span> <span class='ocrx_word' id='word_1_660' title='bbox 2560 3651 2831 3705; x_wconf 86' lang='lat' dir='ltr'><strong>contrario</strong></span> <span class='ocrx_word' id='word_1_661' title='bbox 2871 3657 3048 3705; x_wconf 84' lang='lat' dir='ltr'><strong>autem</strong></span> <span class='ocrx_word' id='word_1_662' title='bbox 3099 3653 3227 3721; x_wconf 73' lang='lat' dir='ltr'><strong>ipsa</strong></span> 
     </span>
    </p>
   </div>
   <div class='ocr_carea' id='block_1_84' title="bbox 1705 3741 3226 3812">
    <p class='ocr_par' dir='ltr' id='par_1_84' title="bbox 1705 3741 3226 3812">
     <span class='ocr_line' id='line_1_84' title="bbox 1705 3741 3226 3812; baseline 0.001 -16"><span class='ocrx_word' id='word_1_663' title='bbox 1705 3751 1890 3810; x_wconf 81' lang='lat' dir='ltr'><strong>gentes</strong></span> <span class='ocrx_word' id='word_1_664' title='bbox 1915 3741 2005 3796; x_wconf 92' lang='lat' dir='ltr'><strong>ubi</strong></span> <span class='ocrx_word' id='word_1_665' title='bbox 2037 3741 2303 3797; x_wconf 88' lang='lat' dir='ltr'><strong>Christum</strong></span> <span class='ocrx_word' id='word_1_666' title='bbox 2339 3741 2428 3796; x_wconf 87' lang='lat' dir='ltr'><strong>Dei</strong></span> <span class='ocrx_word' id='word_1_667' title='bbox 2472 3750 2819 3812; x_wconf 87' lang='lat' dir='ltr'><strong>agnoverunt,</strong></span> <span class='ocrx_word' id='word_1_668' title='bbox 2849 3742 2998 3796; x_wconf 90' lang='lat' dir='ltr'><strong>illum</strong></span> <span class='ocrx_word' id='word_1_669' title='bbox 3032 3742 3136 3797; x_wconf 88' lang='lat' dir='ltr'><strong>sibi</strong></span> <span class='ocrx_word' id='word_1_670' title='bbox 3169 3751 3226 3797; x_wconf 84' lang='lat' dir='ltr'><strong>et</strong></span> 
     </span>
    </p>
   </div>
   <div class='ocr_carea' id='block_1_85' title="bbox 1706 3828 3228 3901">
    <p class='ocr_par' dir='ltr' id='par_1_85' title="bbox 1706 3828 3228 3901">
     <span class='ocr_line' id='line_1_85' title="bbox 1706 3828 3228 3901; baseline 0.004 -18"><span class='ocrx_word' id='word_1_671' title='bbox 1706 3828 2028 3885; x_wconf 89' lang='lat' dir='ltr'><strong>Salvatorem</strong></span> <span class='ocrx_word' id='word_1_672' title='bbox 2071 3838 2124 3885; x_wconf 89' lang='lat' dir='ltr'><strong>et</strong></span> <span class='ocrx_word' id='word_1_673' title='bbox 2171 3833 2624 3901; x_wconf 79' lang='lat' dir='ltr'><strong>exspectationem</strong></span> <span class='ocrx_word' id='word_1_674' title='bbox 2666 3833 3050 3901; x_wconf 87' lang='lat' dir='ltr'><strong>ascripserunt.</strong></span> <span class='ocrx_word' id='word_1_675' title='bbox 3100 3831 3228 3889; x_wconf 86' lang='lat' dir='ltr'><strong>Post</strong></span> 
     </span>
    </p>
   </div>
   <div class='ocr_carea' id='block_1_86' title="bbox 1704 3920 3224 3993">
    <p class='ocr_par' dir='ltr' id='par_1_86' title="bbox 1704 3920 3224 3993">
     <span class='ocr_line' id='line_1_86' title="bbox 1704 3920 3224 3993; baseline 0.003 -19"><span class='ocrx_word' id='word_1_676' title='bbox 1704 3922 1816 3975; x_wconf 64' lang='lat' dir='ltr'><strong>haec</strong></span> <span class='ocrx_word' id='word_1_677' title='bbox 1860 3920 2037 3975; x_wconf 79' lang='lat' dir='ltr'><strong>omnia</strong></span> <span class='ocrx_word' id='word_1_678' title='bbox 2080 3921 2211 3975; x_wconf 91' lang='lat' dir='ltr'><strong>illud</strong></span> <span class='ocrx_word' id='word_1_679' title='bbox 2263 3921 2611 3993; x_wconf 85' lang='lat' dir='ltr'><strong>adjungitur:</strong></span> <span class='ocrx_word' id='word_1_680' title='bbox 2649 3941 2668 3973; x_wconf 75' lang='grc' dir='ltr'><strong>ι</strong></span> <span class='ocrx_word' id='word_1_681' title='bbox 2697 3923 2892 3993; x_wconf 86' lang='lat' dir='ltr'><strong>Ligans</strong></span> <span class='ocrx_word' id='word_1_682' title='bbox 2942 3922 3009 3977; x_wconf 89' lang='lat' dir='ltr'><strong>ad</strong></span> <span class='ocrx_word' id='word_1_683' title='bbox 3062 3924 3224 3981; x_wconf 80' lang='lat' dir='ltr'><strong>vitem</strong></span> 
     </span>
    </p>
   </div>
   <div class='ocr_carea' id='block_1_87' title="bbox 1702 4011 3223 4082">
    <p class='ocr_par' dir='ltr' id='par_1_87' title="bbox 1702 4011 3223 4082">
     <span class='ocr_line' id='line_1_87' title="bbox 1702 4011 3223 4082; baseline 0.004 -20"><span class='ocrx_word' id='word_1_684' title='bbox 1702 4011 1901 4078; x_wconf 86' lang='lat' dir='ltr'><strong>pullum</strong></span> <span class='ocrx_word' id='word_1_685' title='bbox 1932 4025 2108 4073; x_wconf 89' lang='lat' dir='ltr'><strong>suum,</strong></span> <span class='ocrx_word' id='word_1_686' title='bbox 2135 4018 2189 4065; x_wconf 90' lang='lat' dir='ltr'><strong>et</strong></span> <span class='ocrx_word' id='word_1_687' title='bbox 2223 4012 2289 4065; x_wconf 90' lang='lat' dir='ltr'><strong>ad</strong></span> <span class='ocrx_word' id='word_1_688' title='bbox 2332 4014 2636 4082; x_wconf 85' lang='lat' dir='ltr'><strong>capreolum</strong></span> <span class='ocrx_word' id='word_1_689' title='bbox 2668 4014 2790 4068; x_wconf 85' lang='lat' dir='ltr'><strong>vitis</strong></span> <span class='ocrx_word' id='word_1_690' title='bbox 2829 4014 3028 4081; x_wconf 89' lang='lat' dir='ltr'><strong>pullum</strong></span> <span class='ocrx_word' id='word_1_691' title='bbox 3059 4015 3223 4070; x_wconf 72' lang='lat' dir='ltr'><strong>asinae</strong></span> 
     </span>
    </p>
   </div>
   <div class='ocr_carea' id='block_1_88' title="bbox 1701 4095 3223 4169">
    <p class='ocr_par' dir='ltr' id='par_1_88' title="bbox 1701 4095 3223 4169">
     <span class='ocr_line' id='line_1_88' title="bbox 1701 4095 3223 4169; baseline 0.005 -20"><span class='ocrx_word' id='word_1_692' title='bbox 1701 4110 1828 4159; x_wconf 83' lang='lat' dir='ltr'><strong>suae,</strong></span> <span class='ocrx_word' id='word_1_693' title='bbox 1866 4095 2062 4150; x_wconf 85' lang='lat' dir='ltr'><strong>lavabit</strong></span> <span class='ocrx_word' id='word_1_694' title='bbox 2092 4098 2144 4150; x_wconf 91' lang='lat' dir='ltr'><strong>in</strong></span> <span class='ocrx_word' id='word_1_695' title='bbox 2182 4097 2307 4152; x_wconf 88' lang='lat' dir='ltr'><strong>vino</strong></span> <span class='ocrx_word' id='word_1_696' title='bbox 2340 4101 2529 4153; x_wconf 88' lang='lat' dir='ltr'><strong>stolam</strong></span> <span class='ocrx_word' id='word_1_697' title='bbox 2581 4115 2754 4165; x_wconf 91' lang='lat' dir='ltr'><strong>suam,</strong></span> <span class='ocrx_word' id='word_1_698' title='bbox 2783 4110 2838 4155; x_wconf 90' lang='lat' dir='ltr'><strong>et</strong></span> <span class='ocrx_word' id='word_1_699' title='bbox 2870 4102 2925 4154; x_wconf 91' lang='lat' dir='ltr'><strong>in</strong></span> <span class='ocrx_word' id='word_1_700' title='bbox 2966 4102 3223 4169; x_wconf 78' lang='lat' dir='ltr'><strong>sanguine</strong></span> 
     </span>
    </p>
   </div>
   <div class='ocr_carea' id='block_1_89' title="bbox 1701 4186 3247 4274">
    <p class='ocr_par' dir='ltr' id='par_1_89' title="bbox 1701 4186 3247 4274">
     <span class='ocr_line' id='line_1_89' title="bbox 1701 4186 3247 4274; baseline 0.003 -35"><span class='ocrx_word' id='word_1_701' title='bbox 1701 4200 1815 4239; x_wconf 73' lang='lat' dir='ltr'><strong>uvae</strong></span> <span class='ocrx_word' id='word_1_702' title='bbox 1856 4186 2072 4254; x_wconf 85' lang='lat' dir='ltr'><strong>pallium</strong></span> <span class='ocrx_word' id='word_1_703' title='bbox 2106 4201 2281 4251; x_wconf 90' lang='lat' dir='ltr'><strong>suum,</strong></span> <span class='ocrx_word' id='word_1_704' title='bbox 2329 4191 2550 4257; x_wconf 79' lang='lat' dir='ltr'><strong>gratiosi</strong></span> <span class='ocrx_word' id='word_1_705' title='bbox 2580 4190 2720 4244; x_wconf 92' lang='lat' dir='ltr'><strong>oculi</strong></span> <span class='ocrx_word' id='word_1_706' title='bbox 2751 4190 2870 4258; x_wconf 83' lang='lat' dir='ltr'><strong>ejus</strong></span> <span class='ocrx_word' id='word_1_707' title='bbox 2911 4205 2941 4243; x_wconf 91' lang='lat' dir='ltr'><strong>a</strong></span> <span class='ocrx_word' id='word_1_708' title='bbox 2982 4191 3129 4253; x_wconf 85' lang='lat' dir='ltr'><strong>vino,</strong></span> <span class='ocrx_word' id='word_1_709' title='bbox 3168 4196 3247 4274; x_wconf 34' lang='lat' dir='ltr'><strong>et.</strong></span> 
     </span>
    </p>
   </div>
   <div class='ocr_carea' id='block_1_90' title="bbox 1700 4278 3219 4352">
    <p class='ocr_par' dir='ltr' id='par_1_90' title="bbox 1700 4278 3219 4352">
     <span class='ocr_line' id='line_1_90' title="bbox 1700 4278 3219 4352; baseline 0.003 -22"><span class='ocrx_word' id='word_1_710' title='bbox 1700 4278 1805 4332; x_wconf 89' lang='lat' dir='ltr'><strong>albi</strong></span> <span class='ocrx_word' id='word_1_711' title='bbox 1833 4278 2019 4333; x_wconf 83' lang='lat' dir='ltr'><strong>dentes</strong></span> <span class='ocrx_word' id='word_1_712' title='bbox 2047 4279 2165 4347; x_wconf 92' lang='lat' dir='ltr'><strong>ejus</strong></span> <span class='ocrx_word' id='word_1_713' title='bbox 2192 4289 2252 4333; x_wconf 92' lang='lat' dir='ltr'><strong>ut</strong></span> <span class='ocrx_word' id='word_1_714' title='bbox 2277 4280 2443 4335; x_wconf 75' lang='lat' dir='ltr'><strong>lac&quot;.</strong></span> <span class='ocrx_word' id='word_1_715' title='bbox 2474 4300 2493 4332; x_wconf 76' lang='grc' dir='ltr'><strong>ι</strong></span> <span class='ocrx_word' id='word_1_716' title='bbox 2525 4283 2583 4334; x_wconf 89' lang='lat' dir='ltr'><strong>In</strong></span> <span class='ocrx_word' id='word_1_717' title='bbox 2611 4282 2695 4337; x_wconf 91' lang='lat' dir='ltr'><strong>his</strong></span> <span class='ocrx_word' id='word_1_718' title='bbox 2719 4291 2895 4337; x_wconf 90' lang='lat' dir='ltr'><strong>autem</strong></span> <span class='ocrx_word' id='word_1_719' title='bbox 2927 4281 3219 4352; x_wconf 87' lang='lat' dir='ltr'><strong>signiﬁcari</strong></span> 
     </span>
    </p>
   </div>
   <div class='ocr_carea' id='block_1_91' title="bbox 1699 4366 3219 4441">
    <p class='ocr_par' dir='ltr' id='par_1_91' title="bbox 1699 4366 3219 4441">
     <span class='ocr_line' id='line_1_91' title="bbox 1699 4366 3219 4441; baseline 0.004 -23"><span class='ocrx_word' id='word_1_720' title='bbox 1699 4366 1927 4421; x_wconf 87' lang='lat' dir='ltr'><strong>arbitror</strong></span> <span class='ocrx_word' id='word_1_721' title='bbox 1982 4383 2075 4436; x_wconf 87' lang='lat' dir='ltr'><strong>per</strong></span> <span class='ocrx_word' id='word_1_722' title='bbox 2120 4369 2324 4438; x_wconf 88' lang='lat' dir='ltr'><strong>pullum</strong></span> <span class='ocrx_word' id='word_1_723' title='bbox 2366 4370 2599 4439; x_wconf 90' lang='lat' dir='ltr'><strong>quidem,</strong></span> <span class='ocrx_word' id='word_1_724' title='bbox 2646 4371 2819 4440; x_wconf 88' lang='lat' dir='ltr'><strong>ipsum</strong></span> <span class='ocrx_word' id='word_1_725' title='bbox 2860 4371 3219 4441; x_wconf 86' lang='lat' dir='ltr'><strong>apostolorum</strong></span> 
     </span>
    </p>
   </div>
   <div class='ocr_carea' id='block_1_92' title="bbox 85 4439 1628 4527">
    <p class='ocr_par' dir='ltr' id='par_1_92' title="bbox 85 4439 1597 4520">
     <span class='ocr_line' id='line_1_92' title="bbox 85 4439 1597 4520; baseline 0.011 -33"><span class='ocrx_word' id='word_1_726' title='bbox 85 4446 155 4495; x_wconf 68' lang='grc' dir='ltr'><strong>τος</strong></span> <span class='ocrx_word' id='word_1_727' title='bbox 178 4439 324 4492; x_wconf 75' lang='grc' dir='ltr'>αὐτοῦ</span> <span class='ocrx_word' id='word_1_728' title='bbox 362 4442 654 4511; x_wconf 88' lang='grc' dir='ltr'>σύμϐολον,</span> <span class='ocrx_word' id='word_1_729' title='bbox 691 4444 817 4505; x_wconf 79' lang='grc' dir='ltr'>τοὺς</span> <span class='ocrx_word' id='word_1_730' title='bbox 855 4444 932 4505; x_wconf 74' lang='grc' dir='ltr'>εἰς</span> <span class='ocrx_word' id='word_1_731' title='bbox 956 4444 1047 4496; x_wconf 82' lang='grc' dir='ltr'>τὸν</span> <span class='ocrx_word' id='word_1_732' title='bbox 1071 4445 1290 4499; x_wconf 88' lang='grc' dir='ltr'>θάνατον</span> <span class='ocrx_word' id='word_1_733' title='bbox 1316 4449 1476 4502; x_wconf 77' lang='grc' dir='ltr'>αὐτοῦ</span> <span class='ocrx_word' id='word_1_734' title='bbox 1507 4451 1597 4520; x_wconf 67' lang='grc' dir='ltr'><strong>βαι</strong></span> 
     </span>
    </p>
   </div>
   <div class='ocr_carea' id='block_1_93' title="bbox 1711 4439 3218 4527">
    <p class='ocr_par' dir='ltr' id='par_1_93' title="bbox 1711 4456 3218 4527">
     <span class='ocr_line' id='line_1_93' title="bbox 1711 4456 3218 4527; baseline 0.002 -19"><span class='ocrx_word' id='word_1_735' title='bbox 1711 4470 1759 4509; x_wconf 78' lang='lat' dir='ltr'><strong>ic</strong></span> <span class='ocrx_word' id='word_1_736' title='bbox 1792 4456 2175 4525; x_wconf 86' lang='lat' dir='ltr'><strong>discipulorum</strong></span> <span class='ocrx_word' id='word_1_737' title='bbox 2214 4458 2505 4513; x_wconf 83' lang='lat' dir='ltr'><strong>Salvatoris</strong></span> <span class='ocrx_word' id='word_1_738' title='bbox 2534 4460 2709 4512; x_wconf 86' lang='lat' dir='ltr'><strong>nostri</strong></span> <span class='ocrx_word' id='word_1_739' title='bbox 2741 4460 2987 4522; x_wconf 88' lang='lat' dir='ltr'><strong>chorum,</strong></span> <span class='ocrx_word' id='word_1_740' title='bbox 3019 4473 3113 4527; x_wconf 86' lang='lat' dir='ltr'><strong>per</strong></span> <span class='ocrx_word' id='word_1_741' title='bbox 3135 4458 3218 4511; x_wconf 88' lang='lat' dir='ltr'><strong>vi-</strong></span> 
     </span>
    </p>
   </div>
   <div class='ocr_carea' id='block_1_94' title="bbox 86 4524 1599 4606">
    <p class='ocr_par' dir='ltr' id='par_1_94' title="bbox 86 4524 1599 4606">
     <span class='ocr_line' id='line_1_94' title="bbox 86 4524 1599 4606; baseline 0.014 -33"><span class='ocrx_word' id='word_1_742' title='bbox 86 4524 409 4597; x_wconf 75' lang='grc' dir='ltr'>πτιζομένους,</span> <span class='ocrx_word' id='word_1_743' title='bbox 444 4532 545 4585; x_wconf 77' lang='grc' dir='ltr'>καὶ</span> <span class='ocrx_word' id='word_1_744' title='bbox 589 4533 681 4584; x_wconf 74' lang='grc' dir='ltr'><strong>ἐπὶ</strong></span> <span class='ocrx_word' id='word_1_745' title='bbox 722 4533 784 4585; x_wconf 85' lang='grc' dir='ltr'>τὸ</span> <span class='ocrx_word' id='word_1_746' title='bbox 815 4527 952 4602; x_wconf 76' lang='grc' dir='ltr'>αἷμα</span> <span class='ocrx_word' id='word_1_747' title='bbox 992 4533 1151 4587; x_wconf 76' lang='grc' dir='ltr'>αὐτοῦ</span> <span class='ocrx_word' id='word_1_748' title='bbox 1178 4541 1599 4606; x_wconf 83' lang='grc' dir='ltr'>πεπιστευκότας</span> 
     </span>
    </p>
   </div>
   <div class='ocr_carea' id='block_1_95' title="bbox 83 4611 1595 4693">
    <p class='ocr_par' dir='ltr' id='par_1_95' title="bbox 83 4611 1595 4693">
     <span class='ocr_line' id='line_1_95' title="bbox 83 4611 1595 4693; baseline 0.015 -31"><span class='ocrx_word' id='word_1_749' title='bbox 83 4611 164 4663; x_wconf 80' lang='grc' dir='ltr'><strong>τῶν</strong></span> <span class='ocrx_word' id='word_1_750' title='bbox 201 4618 353 4672; x_wconf 76' lang='grc' dir='ltr'>πάλαι</span> <span class='ocrx_word' id='word_1_751' title='bbox 398 4621 591 4674; x_wconf 80' lang='grc' dir='ltr'>κακῶν</span> <span class='ocrx_word' id='word_1_752' title='bbox 636 4621 1013 4693; x_wconf 84' lang='grc' dir='ltr'>ἀποκαθαίρει,</span> <span class='ocrx_word' id='word_1_753' title='bbox 1056 4624 1372 4681; x_wconf 86' lang='grc' dir='ltr'>ἀποπλύνων</span> <span class='ocrx_word' id='word_1_754' title='bbox 1423 4630 1595 4684; x_wconf 79' lang='grc' dir='ltr'>αὐτῶν</span> 
     </span>
    </p>
   </div>
   <div class='ocr_carea' id='block_1_96' title="bbox 85 4701 1594 4787">
    <p class='ocr_par' dir='ltr' id='par_1_96' title="bbox 85 4701 1594 4787">
     <span class='ocr_line' id='line_1_96' title="bbox 85 4701 1594 4787; baseline 0.01 -29"><span class='ocrx_word' id='word_1_755' title='bbox 85 4701 157 4752; x_wconf 72' lang='grc' dir='ltr'><strong>καὶ</strong></span> <span class='ocrx_word' id='word_1_756' title='bbox 184 4705 505 4781; x_wconf 80' lang='grc' dir='ltr'>ἀποσμήχων</span> <span class='ocrx_word' id='word_1_757' title='bbox 537 4710 636 4782; x_wconf 81' lang='grc' dir='ltr'>τὴν</span> <span class='ocrx_word' id='word_1_758' title='bbox 665 4711 901 4764; x_wconf 80' lang='grc' dir='ltr'>παλαιὰν</span> <span class='ocrx_word' id='word_1_759' title='bbox 952 4712 1126 4765; x_wconf 87' lang='grc' dir='ltr'>αὐτῶν</span> <span class='ocrx_word' id='word_1_760' title='bbox 1178 4717 1364 4787; x_wconf 87' lang='grc' dir='ltr'>στολὴν</span> <span class='ocrx_word' id='word_1_761' title='bbox 1397 4720 1488 4771; x_wconf 79' lang='grc' dir='ltr'>καὶ</span> <span class='ocrx_word' id='word_1_762' title='bbox 1534 4721 1594 4773; x_wconf 85' lang='grc' dir='ltr'>τὸ</span> 
     </span>
    </p>
   </div>
   <div class='ocr_carea' id='block_1_97' title="bbox 87 4794 1592 4876">
    <p class='ocr_par' dir='ltr' id='par_1_97' title="bbox 87 4794 1592 4876">
     <span class='ocr_line' id='line_1_97' title="bbox 87 4794 1592 4876; baseline 0.019 -32"><span class='ocrx_word' id='word_1_763' title='bbox 87 4794 377 4861; x_wconf 75' lang='grc' dir='ltr'>περιϐόλαιον</span> <span class='ocrx_word' id='word_1_764' title='bbox 400 4816 416 4831; x_wconf 75' lang='grc' dir='ltr'><strong>ο</strong></span> <span class='ocrx_word' id='word_1_765' title='bbox 450 4800 598 4853; x_wconf 82' lang='grc' dir='ltr'>ὥστε</span> <span class='ocrx_word' id='word_1_766' title='bbox 635 4802 830 4863; x_wconf 79' lang='grc' dir='ltr'>αὐτοὺς</span> <span class='ocrx_word' id='word_1_767' title='bbox 862 4802 937 4871; x_wconf 83' lang='grc' dir='ltr'>τῷ</span> <span class='ocrx_word' id='word_1_768' title='bbox 964 4802 1126 4871; x_wconf 78' lang='grc' dir='ltr'>τιμίῳ</span> <span class='ocrx_word' id='word_1_769' title='bbox 1149 4805 1334 4874; x_wconf 78' lang='grc' dir='ltr'>αἵματι</span> <span class='ocrx_word' id='word_1_770' title='bbox 1377 4807 1475 4876; x_wconf 76' lang='grc' dir='ltr'><strong>τῆς</strong></span> <span class='ocrx_word' id='word_1_771' title='bbox 1507 4811 1592 4862; x_wconf 74' lang='grc' dir='ltr'><strong>ἐν’</strong></span> 
     </span>
    </p>
   </div>
   <div class='ocr_carea' id='block_1_98' title="bbox 85 4876 1593 4966">
    <p class='ocr_par' dir='ltr' id='par_1_98' title="bbox 85 4876 1593 4966">
     <span class='ocr_line' id='line_1_98' title="bbox 85 4876 1593 4966; baseline 0.014 -35"><span class='ocrx_word' id='word_1_772' title='bbox 85 4876 179 4934; x_wconf 77' lang='grc' dir='ltr'>θέου</span> <span class='ocrx_word' id='word_1_773' title='bbox 200 4889 282 4940; x_wconf 72' lang='grc' dir='ltr'>καὶ</span> <span class='ocrx_word' id='word_1_774' title='bbox 312 4892 686 4961; x_wconf 82' lang='grc' dir='ltr'>πνευματικῆς</span> <span class='ocrx_word' id='word_1_775' title='bbox 720 4892 1005 4963; x_wconf 78' lang='grc' dir='ltr'>σταφυλῆς,</span> <span class='ocrx_word' id='word_1_776' title='bbox 1034 4895 1111 4964; x_wconf 78' lang='grc' dir='ltr'>τῷ</span> <span class='ocrx_word' id='word_1_777' title='bbox 1144 4913 1203 4948; x_wconf 88' lang='grc' dir='ltr'><strong>τε</strong></span> <span class='ocrx_word' id='word_1_778' title='bbox 1232 4899 1295 4949; x_wconf 85' lang='grc' dir='ltr'>ὲκ</span> <span class='ocrx_word' id='word_1_779' title='bbox 1321 4898 1417 4966; x_wconf 84' lang='grc' dir='ltr'>τῆς</span> <span class='ocrx_word' id='word_1_780' title='bbox 1459 4900 1593 4952; x_wconf 86' lang='grc' dir='ltr'>ἀπο-</span> 
     </span>
    </p>
   </div>
   <div class='ocr_carea' id='block_1_99' title="bbox 86 4966 1587 5053">
    <p class='ocr_par' dir='ltr' id='par_1_99' title="bbox 86 4966 1587 5053">
     <span class='ocr_line' id='line_1_99' title="bbox 86 4966 1587 5053; baseline 0.017 -35"><span class='ocrx_word' id='word_1_781' title='bbox 86 4966 281 5044; x_wconf 74' lang='grc' dir='ltr'>δοθείσης</span> <span class='ocrx_word' id='word_1_782' title='bbox 309 4980 553 5049; x_wconf 84' lang='grc' dir='ltr'>ἀμπέλου</span> <span class='ocrx_word' id='word_1_783' title='bbox 597 4982 722 5052; x_wconf 83' lang='grc' dir='ltr'>οἴνῳ</span> <span class='ocrx_word' id='word_1_784' title='bbox 766 4981 1190 5053; x_wconf 84' lang='grc' dir='ltr'>λελυτρωμένους</span> <span class='ocrx_word' id='word_1_785' title='bbox 1226 4984 1587 5043; x_wconf 82' lang='grc' dir='ltr'>ἀποδύσασθαι</span> 
     </span>
    </p>
   </div>
   <div class='ocr_carea' id='block_1_100' title="bbox 90 5056 1584 5142">
    <p class='ocr_par' dir='ltr' id='par_1_100' title="bbox 90 5056 1584 5142">
     <span class='ocr_line' id='line_1_100' title="bbox 90 5056 1584 5142; baseline 0.011 -31"><span class='ocrx_word' id='word_1_786' title='bbox 90 5056 161 5120; x_wconf 77' lang='grc' dir='ltr'><strong>μὲν</strong></span> <span class='ocrx_word' id='word_1_787' title='bbox 186 5064 264 5117; x_wconf 73' lang='grc' dir='ltr'>τὸν</span> <span class='ocrx_word' id='word_1_788' title='bbox 289 5069 516 5122; x_wconf 73' lang='grc' dir='ltr'>παλαιὸν</span> <span class='ocrx_word' id='word_1_789' title='bbox 546 5070 823 5141; x_wconf 79' lang='grc' dir='ltr'>ἄνθρωπον</span> <span class='ocrx_word' id='word_1_790' title='bbox 850 5071 944 5123; x_wconf 77' lang='grc' dir='ltr'>σὺν</span> <span class='ocrx_word' id='word_1_791' title='bbox 968 5074 1085 5134; x_wconf 87' lang='grc' dir='ltr'>ταῖς</span> <span class='ocrx_word' id='word_1_792' title='bbox 1124 5072 1378 5142; x_wconf 84' lang='grc' dir='ltr'>πράξεσιν</span> <span class='ocrx_word' id='word_1_793' title='bbox 1404 5076 1584 5142; x_wconf 82' lang='grc' dir='ltr'>αὑτοῦ,</span> 
     </span>
    </p>
   </div>
   <div class='ocr_carea' id='block_1_101' title="bbox 92 5146 1586 5229">
    <p class='ocr_par' dir='ltr' id='par_1_101' title="bbox 92 5146 1586 5229">
     <span class='ocr_line' id='line_1_101' title="bbox 92 5146 1586 5229; baseline 0.014 -32"><span class='ocrx_word' id='word_1_794' title='bbox 92 5146 356 5209; x_wconf 72' lang='grc' dir='ltr'>ἐνδύσασθαι</span> <span class='ocrx_word' id='word_1_795' title='bbox 386 5158 443 5210; x_wconf 81' lang='grc' dir='ltr'>δὲ</span> <span class='ocrx_word' id='word_1_796' title='bbox 474 5159 569 5211; x_wconf 80' lang='grc' dir='ltr'>τὸν</span> <span class='ocrx_word' id='word_1_797' title='bbox 600 5161 736 5222; x_wconf 83' lang='grc' dir='ltr'>νέον,</span> <span class='ocrx_word' id='word_1_798' title='bbox 768 5161 857 5213; x_wconf 87' lang='grc' dir='ltr'>τὸν</span> <span class='ocrx_word' id='word_1_799' title='bbox 888 5161 1330 5229; x_wconf 83' lang='grc' dir='ltr'>ἀνακαινούμενον</span> <span class='ocrx_word' id='word_1_800' title='bbox 1369 5164 1443 5224; x_wconf 85' lang='grc' dir='ltr'><strong>εἰς</strong></span> <span class='ocrx_word' id='word_1_801' title='bbox 1467 5167 1586 5217; x_wconf 81' lang='grc' dir='ltr'>ἐπί-</span> 
     </span>
    </p>
   </div>
   <div class='ocr_carea' id='block_1_102' title="bbox 90 5245 1585 5324">
    <p class='ocr_par' dir='ltr' id='par_1_102' title="bbox 90 5245 1585 5324">
     <span class='ocr_line' id='line_1_102' title="bbox 90 5245 1585 5324; baseline 0.029 -41"><span class='ocrx_word' id='word_1_802' title='bbox 90 5245 244 5294; x_wconf 63' lang='grc' dir='ltr'>γνωσιν</span> <span class='ocrx_word' id='word_1_803' title='bbox 281 5247 394 5297; x_wconf 87' lang='grc' dir='ltr'>κατ’</span> <span class='ocrx_word' id='word_1_804' title='bbox 422 5247 608 5300; x_wconf 72' lang='grc' dir='ltr'>εἰκόνα</span> <span class='ocrx_word' id='word_1_805' title='bbox 648 5246 745 5300; x_wconf 79' lang='grc' dir='ltr'><strong>τοῦ</strong></span> <span class='ocrx_word' id='word_1_806' title='bbox 793 5249 1088 5310; x_wconf 80' lang='grc' dir='ltr'>κτίσαντος.</span> <span class='ocrx_word' id='word_1_807' title='bbox 1113 5250 1217 5300; x_wconf 79' lang='grc' dir='ltr'><strong>Καὶ</strong></span> <span class='ocrx_word' id='word_1_808' title='bbox 1246 5248 1325 5311; x_wconf 86' lang='grc' dir='ltr'>τὸ,</span> <span class='ocrx_word' id='word_1_809' title='bbox 1365 5268 1381 5298; x_wconf 73' lang='grc' dir='ltr'><strong>ι</strong></span> <span class='ocrx_word' id='word_1_810' title='bbox 1411 5253 1585 5324; x_wconf 77' lang='grc' dir='ltr'>Χαρο-</span> 
     </span>
    </p>
   </div>
   <div class='ocr_carea' id='block_1_103' title="bbox 97 5326 1580 5405">
    <p class='ocr_par' dir='ltr' id='par_1_103' title="bbox 97 5326 1580 5405">
     <span class='ocr_line' id='line_1_103' title="bbox 97 5326 1580 5405; baseline 0.016 -33"><span class='ocrx_word' id='word_1_811' title='bbox 97 5326 200 5376; x_wconf 62' lang='grc' dir='ltr'>ποιοὶ</span> <span class='ocrx_word' id='word_1_812' title='bbox 230 5330 378 5384; x_wconf 78' lang='grc' dir='ltr'>αὑτοῦ</span> <span class='ocrx_word' id='word_1_813' title='bbox 405 5336 454 5385; x_wconf 78' lang='grc' dir='ltr'>οἱ</span> <span class='ocrx_word' id='word_1_814' title='bbox 485 5336 746 5405; x_wconf 77' lang='grc' dir='ltr'>ὀφθαλμοὶ</span> <span class='ocrx_word' id='word_1_815' title='bbox 771 5337 878 5389; x_wconf 81' lang='grc' dir='ltr'>ἀπὸ</span> <span class='ocrx_word' id='word_1_816' title='bbox 901 5336 1040 5388; x_wconf 77' lang='grc' dir='ltr'>οἴνου</span> <span class='ocrx_word' id='word_1_817' title='bbox 1060 5374 1075 5397; x_wconf 93' lang='grc'><strong>,</strong></span> <span class='ocrx_word' id='word_1_818' title='bbox 1114 5354 1133 5386; x_wconf 76' lang='grc' dir='ltr'><strong>ι</strong></span> <span class='ocrx_word' id='word_1_819' title='bbox 1173 5336 1260 5387; x_wconf 74' lang='grc' dir='ltr'>καὶ</span> <span class='ocrx_word' id='word_1_820' title='bbox 1285 5336 1362 5398; x_wconf 87' lang='grc' dir='ltr'>τὸ,</span> <span class='ocrx_word' id='word_1_821' title='bbox 1395 5357 1413 5388; x_wconf 74' lang='grc' dir='ltr'><strong>ι</strong></span> <span class='ocrx_word' id='word_1_822' title='bbox 1439 5343 1580 5394; x_wconf 88' lang='grc' dir='ltr'>Λευ-</span> 
     </span>
    </p>
   </div>
   <div class='ocr_carea' id='block_1_104' title="bbox 98 5409 1582 5500">
    <p class='ocr_par' dir='ltr' id='par_1_104' title="bbox 98 5409 1582 5500">
     <span class='ocr_line' id='line_1_104' title="bbox 98 5409 1582 5500; baseline 0.018 -42"><span class='ocrx_word' id='word_1_823' title='bbox 177 5415 215 5464; x_wconf 84' lang='lat' dir='ltr'><strong>ot</strong></span> <span class='ocrx_word' id='word_1_824' title='bbox 239 5417 433 5482; x_wconf 76' lang='grc' dir='ltr'>ὀδόντες</span> <span class='ocrx_word' id='word_1_825' title='bbox 468 5423 629 5475; x_wconf 77' lang='grc' dir='ltr'>αὐτοῦ</span> <span class='ocrx_word' id='word_1_826' title='bbox 655 5424 689 5494; x_wconf 79' lang='grc' dir='ltr'>ᾗ</span> <span class='ocrx_word' id='word_1_827' title='bbox 722 5423 883 5490; x_wconf 82' lang='grc' dir='ltr'>γάλα,</span> <span class='ocrx_word' id='word_1_828' title='bbox 914 5442 932 5475; x_wconf 67' lang='grc' dir='ltr'><strong>ι</strong></span> <span class='ocrx_word' id='word_1_829' title='bbox 964 5423 1116 5475; x_wconf 83' lang='grc' dir='ltr'>πάλιν</span> <span class='ocrx_word' id='word_1_830' title='bbox 1149 5424 1451 5493; x_wconf 76' lang='grc' dir='ltr'>ἀπορῤήτως</span> <span class='ocrx_word' id='word_1_831' title='bbox 1471 5432 1582 5500; x_wconf 81' lang='grc' dir='ltr'>τῆς</span> 
     </span>
    </p>
   </div>
   <div class='ocr_carea' id='block_1_105' title="bbox 104 5490 1578 5591">
    <p class='ocr_par' dir='ltr' id='par_1_105' title="bbox 104 5490 1578 5591">
     <span class='ocr_line' id='line_1_105' title="bbox 104 5490 1578 5591; baseline 0.031 -42"><span class='ocrx_word' id='word_1_832' title='bbox 104 5490 258 5570; x_wconf 57' lang='grc' dir='ltr'>Ἆπινῆς</span> <span class='ocrx_word' id='word_1_833' title='bbox 296 5506 383 5558; x_wconf 76' lang='grc' dir='ltr'>τοῦ</span> <span class='ocrx_word' id='word_1_834' title='bbox 421 5490 869 5580; x_wconf 32' lang='grc' dir='ltr'>Σωτῆρος-ήμῶν</span> <span class='ocrx_word' id='word_1_835' title='bbox 906 5510 1159 5578; x_wconf 75' lang='grc' dir='ltr'>Διαθήκης</span> <span class='ocrx_word' id='word_1_836' title='bbox 1204 5490 1578 5591; x_wconf 23' lang='grc' dir='ltr'><strong>τάνριυπήρίᾶ</strong></span> 
     </span>
    </p>
   </div>
   <div class='ocr_carea' id='block_1_106' title="bbox 159 5669 1271 5751">
    <p class='ocr_par' dir='ltr' id='par_1_106' title="bbox 159 5669 1271 5751">
     <span class='ocr_line' id='line_1_106' title="bbox 159 5669 1271 5751; baseline 0.009 -24"><span class='ocrx_word' id='word_1_837' title='bbox 159 5669 314 5731; x_wconf 68' lang='lat' dir='ltr'><strong>“Gen</strong></span> <span class='ocrx_word' id='word_1_838' title='bbox 368 5696 516 5751; x_wconf 74' lang='lat' dir='ltr'><strong>nix,</strong></span> <span class='ocrx_word' id='word_1_839' title='bbox 556 5683 642 5747; x_wconf 77' lang='grc' dir='ltr'>Η,</span> <span class='ocrx_word' id='word_1_840' title='bbox 680 5681 768 5735; x_wconf 72' lang='grc'><strong>12.</strong></span> <span class='ocrx_word' id='word_1_841' title='bbox 846 5681 894 5713; x_wconf 70' lang='grc'>⁸⁸</span> <span class='ocrx_word' id='word_1_842' title='bbox 928 5680 1072 5735; x_wconf 81' lang='lat' dir='ltr'><strong>Joan.</strong></span> <span class='ocrx_word' id='word_1_843' title='bbox 1107 5697 1187 5746; x_wconf 78' lang='lat' dir='ltr'><strong>xv,</strong></span> <span class='ocrx_word' id='word_1_844' title='bbox 1224 5682 1271 5738; x_wconf 75' lang='grc' dir='ltr'>ι.</span> 
     </span>
    </p>
   </div>
   <div class='ocr_carea' id='block_1_107' title="bbox 1696 4546 3217 4619">
    <p class='ocr_par' dir='ltr' id='par_1_107' title="bbox 1696 4546 3217 4619">
     <span class='ocr_line' id='line_1_107' title="bbox 1696 4546 3217 4619; baseline 0.001 -22"><span class='ocrx_word' id='word_1_845' title='bbox 1696 4552 1803 4599; x_wconf 87' lang='lat' dir='ltr'><strong>tem</strong></span> <span class='ocrx_word' id='word_1_846' title='bbox 1841 4552 2014 4599; x_wconf 88' lang='lat' dir='ltr'><strong>autem</strong></span> <span class='ocrx_word' id='word_1_847' title='bbox 2042 4546 2108 4599; x_wconf 87' lang='lat' dir='ltr'><strong>ad</strong></span> <span class='ocrx_word' id='word_1_848' title='bbox 2151 4563 2308 4615; x_wconf 91' lang='lat' dir='ltr'><strong>quam</strong></span> <span class='ocrx_word' id='word_1_849' title='bbox 2336 4550 2513 4617; x_wconf 92' lang='lat' dir='ltr'><strong>pullus</strong></span> <span class='ocrx_word' id='word_1_850' title='bbox 2542 4557 2625 4603; x_wconf 89' lang='lat' dir='ltr'><strong>est</strong></span> <span class='ocrx_word' id='word_1_851' title='bbox 2658 4549 2925 4619; x_wconf 87' lang='lat' dir='ltr'><strong>alligatus,</strong></span> <span class='ocrx_word' id='word_1_852' title='bbox 2984 4547 3217 4601; x_wconf 88' lang='lat' dir='ltr'><strong>divinam</strong></span> 
     </span>
    </p>
   </div>
   <div class='ocr_carea' id='block_1_108' title="bbox 1695 4633 3219 4708">
    <p class='ocr_par' dir='ltr' id='par_1_108' title="bbox 1695 4633 3219 4708">
     <span class='ocr_line' id='line_1_108' title="bbox 1695 4633 3219 4708; baseline 0.001 -22"><span class='ocrx_word' id='word_1_853' title='bbox 1695 4633 2124 4702; x_wconf 89' lang='lat' dir='ltr'><strong>invisibilemque</strong></span> <span class='ocrx_word' id='word_1_854' title='bbox 2155 4637 2272 4703; x_wconf 89' lang='lat' dir='ltr'><strong>ejus</strong></span> <span class='ocrx_word' id='word_1_855' title='bbox 2298 4638 2425 4700; x_wconf 86' lang='lat' dir='ltr'><strong>vim,</strong></span> <span class='ocrx_word' id='word_1_856' title='bbox 2460 4653 2619 4708; x_wconf 87' lang='lat' dir='ltr'><strong>quam</strong></span> <span class='ocrx_word' id='word_1_857' title='bbox 2653 4638 2773 4707; x_wconf 87' lang='lat' dir='ltr'><strong>ipse</strong></span> <span class='ocrx_word' id='word_1_858' title='bbox 2800 4636 2926 4690; x_wconf 92' lang='lat' dir='ltr'><strong>dum</strong></span> <span class='ocrx_word' id='word_1_859' title='bbox 2966 4635 3219 4690; x_wconf 83' lang='lat' dir='ltr'><strong>ostende-</strong></span> 
     </span>
    </p>
   </div>
   <div class='ocr_carea' id='block_1_109' title="bbox 1692 4722 3217 4797">
    <p class='ocr_par' dir='ltr' id='par_1_109' title="bbox 1692 4722 3217 4797">
     <span class='ocr_line' id='line_1_109' title="bbox 1692 4722 3217 4797; baseline -0.001 -20"><span class='ocrx_word' id='word_1_860' title='bbox 1692 4734 1792 4787; x_wconf 87' lang='lat' dir='ltr'><strong>ret,</strong></span> <span class='ocrx_word' id='word_1_861' title='bbox 1835 4722 2057 4777; x_wconf 89' lang='lat' dir='ltr'><strong>docebat</strong></span> <span class='ocrx_word' id='word_1_862' title='bbox 2101 4725 2183 4780; x_wconf 89' lang='lat' dir='ltr'><strong>his</strong></span> <span class='ocrx_word' id='word_1_863' title='bbox 2225 4727 2440 4781; x_wconf 82' lang='lat' dir='ltr'><strong>verbis:</strong></span> <span class='ocrx_word' id='word_1_864' title='bbox 2472 4746 2490 4778; x_wconf 76' lang='grc' dir='ltr'><strong>ι</strong></span> <span class='ocrx_word' id='word_1_865' title='bbox 2526 4726 2638 4797; x_wconf 88' lang='lat' dir='ltr'><strong>Ego</strong></span> <span class='ocrx_word' id='word_1_866' title='bbox 2677 4741 2794 4780; x_wconf 88' lang='lat' dir='ltr'><strong>sum</strong></span> <span class='ocrx_word' id='word_1_867' title='bbox 2839 4726 2961 4780; x_wconf 82' lang='lat' dir='ltr'><strong>vitis</strong></span> <span class='ocrx_word' id='word_1_868' title='bbox 2990 4738 3135 4788; x_wconf 85' lang='lat' dir='ltr'><strong>vera,</strong></span> <span class='ocrx_word' id='word_1_869' title='bbox 3162 4730 3217 4777; x_wconf 88' lang='lat' dir='ltr'><strong>et</strong></span> 
     </span>
    </p>
   </div>
   <div class='ocr_carea' id='block_1_110' title="bbox 1689 4811 3215 4883">
    <p class='ocr_par' dir='ltr' id='par_1_110' title="bbox 1689 4811 3215 4883">
     <span class='ocr_line' id='line_1_110' title="bbox 1689 4811 3215 4883; baseline 0.002 -19"><span class='ocrx_word' id='word_1_870' title='bbox 1689 4811 1848 4865; x_wconf 87' lang='lat' dir='ltr'><strong>Pater</strong></span> <span class='ocrx_word' id='word_1_871' title='bbox 1892 4827 2042 4866; x_wconf 88' lang='lat' dir='ltr'><strong>meus</strong></span> <span class='ocrx_word' id='word_1_872' title='bbox 2082 4814 2313 4881; x_wconf 84' lang='lat' dir='ltr'><strong>agricola</strong></span> <span class='ocrx_word' id='word_1_873' title='bbox 2340 4823 2420 4869; x_wconf 89' lang='lat' dir='ltr'><strong>est</strong></span> <span class='ocrx_word' id='word_1_874' title='bbox 2442 4816 2509 4869; x_wconf 74' lang='lat'><strong>“.</strong></span> <span class='ocrx_word' id='word_1_875' title='bbox 2540 4834 2558 4866; x_wconf 76' lang='grc' dir='ltr'><strong>ι</strong></span> <span class='ocrx_word' id='word_1_876' title='bbox 2601 4814 2850 4883; x_wconf 88' lang='lat' dir='ltr'><strong>Ejusdem</strong></span> <span class='ocrx_word' id='word_1_877' title='bbox 2890 4828 3049 4883; x_wconf 89' lang='lat' dir='ltr'><strong>porro</strong></span> <span class='ocrx_word' id='word_1_878' title='bbox 3091 4813 3215 4867; x_wconf 87' lang='lat' dir='ltr'><strong>vitis</strong></span> 
     </span>
    </p>
   </div>
   <div class='ocr_carea' id='block_1_111' title="bbox 1692 4900 3216 4972">
    <p class='ocr_par' dir='ltr' id='par_1_111' title="bbox 1692 4900 3216 4972">
     <span class='ocr_line' id='line_1_111' title="bbox 1692 4900 3216 4972; baseline 0.001 -18"><span class='ocrx_word' id='word_1_879' title='bbox 1692 4900 1968 4970; x_wconf 88' lang='lat' dir='ltr'><strong>capreolus</strong></span> <span class='ocrx_word' id='word_1_880' title='bbox 2006 4900 2095 4953; x_wconf 86' lang='lat' dir='ltr'><strong>Dei</strong></span> <span class='ocrx_word' id='word_1_881' title='bbox 2118 4900 2276 4956; x_wconf 85' lang='lat' dir='ltr'><strong>Verbi</strong></span> <span class='ocrx_word' id='word_1_882' title='bbox 2309 4903 2549 4957; x_wconf 87' lang='lat' dir='ltr'><strong>doctrina</strong></span> <span class='ocrx_word' id='word_1_883' title='bbox 2598 4903 2776 4966; x_wconf 78' lang='lat' dir='ltr'><strong>fuerit,</strong></span> <span class='ocrx_word' id='word_1_884' title='bbox 2805 4903 2870 4955; x_wconf 94' lang='lat' dir='ltr'><strong>ad</strong></span> <span class='ocrx_word' id='word_1_885' title='bbox 2909 4918 3065 4972; x_wconf 88' lang='lat' dir='ltr'><strong>quem</strong></span> <span class='ocrx_word' id='word_1_886' title='bbox 3097 4904 3216 4972; x_wconf 83' lang='lat' dir='ltr'><strong>pul-</strong></span> 
     </span>
    </p>
   </div>
   <div class='ocr_carea' id='block_1_112' title="bbox 1691 4990 3211 5062">
    <p class='ocr_par' dir='ltr' id='par_1_112' title="bbox 1691 4990 3211 5062">
     <span class='ocr_line' id='line_1_112' title="bbox 1691 4990 3211 5062; baseline 0.002 -19"><span class='ocrx_word' id='word_1_887' title='bbox 1691 4991 1799 5043; x_wconf 91' lang='lat' dir='ltr'><strong>lum</strong></span> <span class='ocrx_word' id='word_1_888' title='bbox 1831 4990 1992 5044; x_wconf 64' lang='lat' dir='ltr'><strong>asina:</strong></span> <span class='ocrx_word' id='word_1_889' title='bbox 2021 5007 2131 5045; x_wconf 79' lang='lat' dir='ltr'><strong>suae</strong></span> <span class='ocrx_word' id='word_1_890' title='bbox 2158 4994 2414 5061; x_wconf 86' lang='lat' dir='ltr'><strong>alligavit,</strong></span> <span class='ocrx_word' id='word_1_891' title='bbox 2450 4994 2541 5062; x_wconf 86' lang='lat' dir='ltr'><strong>qui</strong></span> <span class='ocrx_word' id='word_1_892' title='bbox 2569 4993 2779 5062; x_wconf 88' lang='lat' dir='ltr'><strong>quidem</strong></span> <span class='ocrx_word' id='word_1_893' title='bbox 2810 4994 2987 5061; x_wconf 88' lang='lat' dir='ltr'><strong>pullus</strong></span> <span class='ocrx_word' id='word_1_894' title='bbox 3019 5007 3211 5047; x_wconf 89' lang='lat' dir='ltr'><strong>novum</strong></span> 
     </span>
    </p>
   </div>
   <div class='ocr_carea' id='block_1_113' title="bbox 1690 5081 3212 5151">
    <p class='ocr_par' dir='ltr' id='par_1_113' title="bbox 1690 5081 3212 5151">
     <span class='ocr_line' id='line_1_113' title="bbox 1690 5081 3212 5151; baseline 0 -18"><span class='ocrx_word' id='word_1_895' title='bbox 1690 5081 1755 5134; x_wconf 92' lang='lat' dir='ltr'><strong>de</strong></span> <span class='ocrx_word' id='word_1_896' title='bbox 1801 5081 2045 5148; x_wconf 87' lang='lat' dir='ltr'><strong>gentibus</strong></span> <span class='ocrx_word' id='word_1_897' title='bbox 2088 5083 2357 5150; x_wconf 86' lang='lat' dir='ltr'><strong>populum,</strong></span> <span class='ocrx_word' id='word_1_898' title='bbox 2389 5084 2541 5151; x_wconf 85' lang='lat' dir='ltr'><strong>quasi</strong></span> <span class='ocrx_word' id='word_1_899' title='bbox 2582 5081 2877 5151; x_wconf 85' lang='lat' dir='ltr'><strong>genituram</strong></span> <span class='ocrx_word' id='word_1_900' title='bbox 2926 5081 3212 5150; x_wconf 89' lang='lat' dir='ltr'><strong>quamdam</strong></span> 
     </span>
    </p>
   </div>
   <div class='ocr_carea' id='block_1_114' title="bbox 1689 5170 3213 5242">
    <p class='ocr_par' dir='ltr' id='par_1_114' title="bbox 1689 5170 3213 5242">
     <span class='ocr_line' id='line_1_114' title="bbox 1689 5170 3213 5242; baseline 0.002 -20"><span class='ocrx_word' id='word_1_901' title='bbox 1689 5170 2046 5241; x_wconf 85' lang='lat' dir='ltr'><strong>apostolorum</strong></span> <span class='ocrx_word' id='word_1_902' title='bbox 2092 5171 2227 5239; x_wconf 88' lang='lat' dir='ltr'><strong>ejus,</strong></span> <span class='ocrx_word' id='word_1_903' title='bbox 2271 5180 2323 5225; x_wconf 91' lang='lat' dir='ltr'><strong>et</strong></span> <span class='ocrx_word' id='word_1_904' title='bbox 2348 5173 2547 5242; x_wconf 75' lang='lat' dir='ltr'><strong>prolem</strong></span> <span class='ocrx_word' id='word_1_905' title='bbox 2590 5171 2985 5241; x_wconf 84' lang='lat' dir='ltr'><strong>signiﬁcaverit.</strong></span> <span class='ocrx_word' id='word_1_906' title='bbox 3016 5171 3213 5225; x_wconf 87' lang='lat' dir='ltr'><strong>Possu-</strong></span> 
     </span>
    </p>
   </div>
   <div class='ocr_carea' id='block_1_115' title="bbox 1687 5261 3212 5317">
    <p class='ocr_par' dir='ltr' id='par_1_115' title="bbox 1687 5261 3212 5317">
     <span class='ocr_line' id='line_1_115' title="bbox 1687 5261 3212 5317; baseline 0 -3"><span class='ocrx_word' id='word_1_907' title='bbox 1687 5276 1807 5314; x_wconf 91' lang='lat' dir='ltr'><strong>mus</strong></span> <span class='ocrx_word' id='word_1_908' title='bbox 1846 5261 1969 5313; x_wconf 89' lang='lat' dir='ltr'><strong>item</strong></span> <span class='ocrx_word' id='word_1_909' title='bbox 2018 5262 2097 5314; x_wconf 87' lang='lat' dir='ltr'><strong>vel</strong></span> <span class='ocrx_word' id='word_1_910' title='bbox 2141 5262 2206 5314; x_wconf 88' lang='lat' dir='ltr'><strong>ad</strong></span> <span class='ocrx_word' id='word_1_911' title='bbox 2247 5263 2465 5316; x_wconf 87' lang='lat' dir='ltr'><strong>verbum</strong></span> <span class='ocrx_word' id='word_1_912' title='bbox 2499 5263 2675 5317; x_wconf 90' lang='lat' dir='ltr'><strong>dicere</strong></span> <span class='ocrx_word' id='word_1_913' title='bbox 2708 5262 2819 5315; x_wconf 64' lang='lat' dir='ltr'><strong>haec</strong></span> <span class='ocrx_word' id='word_1_914' title='bbox 2864 5278 3020 5317; x_wconf 89' lang='lat' dir='ltr'><strong>suum</strong></span> <span class='ocrx_word' id='word_1_915' title='bbox 3055 5261 3212 5315; x_wconf 87' lang='lat' dir='ltr'><strong>ﬁnem</strong></span> 
     </span>
    </p>
   </div>
   <div class='ocr_carea' id='block_1_116' title="bbox 1688 5348 3214 5420">
    <p class='ocr_par' dir='ltr' id='par_1_116' title="bbox 1688 5348 3214 5420">
     <span class='ocr_line' id='line_1_116' title="bbox 1688 5348 3214 5420; baseline 0.001 -20"><span class='ocrx_word' id='word_1_916' title='bbox 1688 5348 1992 5414; x_wconf 81' lang='lat' dir='ltr'><strong>contigisse,</strong></span> <span class='ocrx_word' id='word_1_917' title='bbox 2039 5364 2145 5417; x_wconf 91' lang='lat' dir='ltr'><strong>quo</strong></span> <span class='ocrx_word' id='word_1_918' title='bbox 2180 5357 2437 5420; x_wconf 87' lang='lat' dir='ltr'><strong>tempore,</strong></span> <span class='ocrx_word' id='word_1_919' title='bbox 2461 5359 2519 5403; x_wconf 91' lang='lat' dir='ltr'><strong>ut</strong></span> <span class='ocrx_word' id='word_1_920' title='bbox 2563 5351 2703 5420; x_wconf 91' lang='lat' dir='ltr'><strong>apud</strong></span> <span class='ocrx_word' id='word_1_921' title='bbox 2735 5350 3037 5406; x_wconf 62' lang='lat' dir='ltr'><strong>Matthmum</strong></span> <span class='ocrx_word' id='word_1_922' title='bbox 3086 5350 3214 5418; x_wconf 62' lang='lat' dir='ltr'><strong>legi~</strong></span> 
     </span>
    </p>
   </div>
   <div class='ocr_carea' id='block_1_117' title="bbox 1691 5437 3216 5510">
    <p class='ocr_par' dir='ltr' id='par_1_117' title="bbox 1691 5437 3216 5510">
     <span class='ocr_line' id='line_1_117' title="bbox 1691 5437 3216 5510; baseline -0.001 -21"><span class='ocrx_word' id='word_1_923' title='bbox 1691 5443 1795 5501; x_wconf 90' lang='lat' dir='ltr'><strong>tur,</strong></span> <span class='ocrx_word' id='word_1_924' title='bbox 1812 5437 2066 5492; x_wconf 86' lang='lat' dir='ltr'><strong>Dominus</strong></span> <span class='ocrx_word' id='word_1_925' title='bbox 2083 5439 2213 5492; x_wconf 76' lang='lat' dir='ltr'><strong>dixit</strong></span> <span class='ocrx_word' id='word_1_926' title='bbox 2236 5443 2301 5493; x_wconf 90' lang='lat' dir='ltr'><strong>ad</strong></span> <span class='ocrx_word' id='word_1_927' title='bbox 2331 5457 2457 5496; x_wconf 90' lang='lat' dir='ltr'><strong>suos</strong></span> <span class='ocrx_word' id='word_1_928' title='bbox 2473 5440 2764 5510; x_wconf 88' lang='lat' dir='ltr'><strong>discipulos</strong></span> <span class='ocrx_word' id='word_1_929' title='bbox 2784 5457 2799 5491; x_wconf 85' lang='lat'><strong>:</strong></span> <span class='ocrx_word' id='word_1_930' title='bbox 2823 5458 2839 5489; x_wconf 76' lang='grc' dir='ltr'><strong>ι</strong></span> <span class='ocrx_word' id='word_1_931' title='bbox 2861 5438 2937 5493; x_wconf 83' lang='lat' dir='ltr'><strong>Ite</strong></span> <span class='ocrx_word' id='word_1_932' title='bbox 2950 5441 3002 5492; x_wconf 90' lang='lat' dir='ltr'><strong>in</strong></span> <span class='ocrx_word' id='word_1_933' title='bbox 3027 5437 3216 5492; x_wconf 86' lang='lat' dir='ltr'><strong>castel-</strong></span> 
     </span>
    </p>
   </div>
   <div class='ocr_carea' id='block_1_118' title="bbox 1690 5526 3212 5598">
    <p class='ocr_par' dir='ltr' id='par_1_118' title="bbox 1690 5526 3212 5598">
     <span class='ocr_line' id='line_1_118' title="bbox 1690 5526 3212 5598; baseline -0.001 -19"><span class='ocrx_word' id='word_1_934' title='bbox 1690 5526 1798 5581; x_wconf 90' lang='lat' dir='ltr'><strong>lum</strong></span> <span class='ocrx_word' id='word_1_935' title='bbox 1838 5529 1977 5598; x_wconf 86' lang='lat' dir='ltr'><strong>quod</strong></span> <span class='ocrx_word' id='word_1_936' title='bbox 2010 5537 2193 5584; x_wconf 87' lang='lat' dir='ltr'><strong>contra</strong></span> <span class='ocrx_word' id='word_1_937' title='bbox 2224 5546 2318 5586; x_wconf 90' lang='lat' dir='ltr'><strong>vos</strong></span> <span class='ocrx_word' id='word_1_938' title='bbox 2348 5541 2451 5598; x_wconf 84' lang='lat' dir='ltr'><strong>est,</strong></span> <span class='ocrx_word' id='word_1_939' title='bbox 2490 5538 2543 5586; x_wconf 88' lang='lat' dir='ltr'><strong>et</strong></span> <span class='ocrx_word' id='word_1_940' title='bbox 2572 5531 2752 5585; x_wconf 90' lang='lat' dir='ltr'><strong>statim</strong></span> <span class='ocrx_word' id='word_1_941' title='bbox 2779 5530 3063 5585; x_wconf 87' lang='lat' dir='ltr'><strong>invenietis</strong></span> <span class='ocrx_word' id='word_1_942' title='bbox 3105 5526 3212 5580; x_wconf 81' lang='lat' dir='ltr'><strong>asi-</strong></span> 
     </span>
    </p>
   </div>
  </div>
