3740 6318
137 406 233 464 597

990 394 1613 454 DEMONSTRATIONIS
1658 374 2098 445 EVANGELICIE
2119 371 2243 432 LIB.
2290 381 2425 440 Vlll.

3162 382 3263 437 598

138 514 422 585 ἑσπερινῆς,
472 515 568 566 xui.
604 514 843 566 συνέτισέ
875 530 960 582 με,
990 512 1081 564 xui.
1108 510 1326 579 ἑλὰλησε
1367 509 1476 579 μετ’
1502 506 1650 576 ἑμοῦ,

1753 511 1839 557 tus
1873 509 1956 557 est
1990 506 2232 558 mecum,
2273 505 2329 551 et
2370 498 2499 552 dixit
2530 515 2541 550 :
2584 496 2795 558 Daniel,
2835 512 2976 550 nunc
3013 508 3263 563 egressus

138 608 216 661 καὶ
240 601 349 657 εἶπε
368 620 381 633 ·
402 602 623 673 Δανιὴλ,
648 602 739 655 νῦν
767 602 980 671 ἐξῆλθον
992 600 1313 669 συμϐιϐάσαι
1329 615 1387 650 σε
1410 597 1615 649 σύνεσιν
1633 611 1646 625 ·

139 700 188 751 ἐν
212 696 342 765 ἀρχῇ
378 693 479 760 τῆς
516 692 756 761 δεήσεώς
798 708 888 742 σου
937 690 1149 761 ἐξῆλθεν
1175 691 1203 740 ὁ
1232 688 1400 755 λόγος,
1434 686 1524 739 xui.
1545 682 1650 752 ἑγὼ

133 781 271 856 ἦλθον
312 780 633 848 ἀναγγεῖλαί
665 797 765 842 σοι,
801 781 881 832 ὅτι
906 780 1040 850 ἀνὴρ
1067 777 1358 847 ἐπιθυμιῶν
1383 778 1445 829 σὺ
1470 771 1537 837 εἴ,
1562 775 1652 826 καὶ

135 872 385 943 ἐννοήθητι
425 873 483 922 ἐν
528 869 608 939 τῷ
655 872 875 941 ῥήματι,
905 871 997 922 καὶ
1031 869 1184 931 σύνες
1214 869 1269 918 ἐν
1302 869 1363 935 τῇ
1402 865 1648 932 ὀπτασίᾳ,

133 964 345 1034 ᾱιὰνὴρ
376 961 688 1031 ἐπιθυμιῶν
734 959 785 1014 εἴ
833 962 916 1015 σύ.
959 960 1344 1029 Ἐϐδομήκοντα
1371 954 1651 1024 ἐϐδομὰδες

136 1052 520 1124 συνετμήθησαν
587 1053 685 1105 ἐπὶ
724 1054 814 1117 τὸν
849 1052 972 1105 λαόν
1006 1068 1117 1113 σου,
1147 1049 1238 1101 καὶ
1265 1049 1354 1100 ἐπὶ
1378 1048 1474 1116 τὴν
1502 1046 1649 1099 πόλιν

131 1147 221 1215 τήν
273 1144 438 1211 ἁγίαν,
494 1141 593 1194 τοῦ
639 1141 1047 1210 συντελεσθῆναι
1096 1138 1378 1208 ἁμαρτίαν,
1433 1144 1520 1189 και
1558 1136 1648 1188 τοῦ

134 1234 398 1305 σφραγίσαι
424 1232 730 1302 ἁμαρτίας,
750 1232 843 1284 καὶ
865 1231 956 1283 τοῦ
984 1229 1270 1297 ἀπαλεῖψαι
1290 1228 1385 1290 τὰς
1408 1227 1647 1296 ἁνομίας,

136 1323 317 1378 καὶτοῦ
358 1321 713 1386 ἐξιλάσασθαι
758 1322 983 1381 ἀδικίας,
1030 1322 1121 1372 καὶ
1147 1321 1366 1387 ἀγαγεῖν
1386 1317 1649 1370 δικαιοσύ-

134 1432 216 1483 νην
254 1413 480 1473 αἰώνιον,
541 1413 641 1463 καὶ
677 1410 771 1463 τοῦ
802 1409 1089 1480 σφραγίσαι
1113 1409 1293 1478 ὅρασιν
1323 1407 1413 1460 καὶ
1443 1424 1649 1477 προφη-

131 1501 275 1565 τείαν,
306 1501 395 1552 καὶ
421 1497 517 1550 τοῦ
547 1501 744 1568 χρῖσαι
784 1499 931 1565 ἁγιον
979 1496 1141 1563 ἁγίων
1160 1513 1172 1526 ·
1223 1496 1314 1547 καὶ
1354 1494 1529 1564 γνώσῃ
1561 1494 1649 1547 καὶ

134 1590 350 1657 συνήσεις
374 1586 479 1638 ἀπὸ
514 1585 710 1648 ἐξόδου
742 1584 919 1652 λόγου,
940 1583 1031 1635 τοῦ
1057 1583 1423 1653 ἀποκριθῆναι,
1456 1582 1648 1634 καὶτοῦ

131 1677 441 1747 οἰκοδομῆσαι
496 1675 864 1745 Ἰερουσαλὴμ
924 1674 1026 1736 ἕως
1066 1673 1289 1739 Χριστοῦ
1334 1672 1646 1743 ἡγουμένου.

141 1766 430 1835 Ἑϐδομάδες
493 1764 663 1828 ἑπτὰ,
726 1765 820 1817 καὶ
858 1763 1137 1833 ἑϐδομάδες
1176 1762 1536 1832 ἑξηκονταδύο,
1562 1763 1649 1815 καὶ

134 1855 409 1924 ἐπιστρέψει
432 1895 445 1913 ,
471 1855 568 1907 καὶ
587 1853 1070 1922 οἰκοδομηθήσεται
1100 1851 1318 1905 πλατεῖα
1348 1854 1436 1905 καὶ
1458 1853 1646 1920 τείχος,

136 1947 210 1997 καὶ
232 1946 620 2015 κενωθήσονται
657 1946 711 1995 οἱ
737 1944 913 2014 καιροί
934 1959 948 1973 ’
978 1943 1070 1996 καὶ
1090 1942 1220 2012 μετὰ
1240 1942 1332 2005 τὰς
1362 1942 1649 2011 ἑϐδομάδας

132 2036 212 2099 τὰς
228 2035 589 2107 ἑξηκονταδύο,
613 2032 1117 2103 ἑξολοθρευθήσεται
1137 2032 1356 2103 χρίσμα,
1373 2032 1461 2084 xui.
1486 2034 1650 2101 κρῖμα

134 2126 213 2177 οὐκ
237 2124 369 2176 ἐστιν
421 2125 478 2176 ἑν
528 2122 710 2191 αὐτῷ,
745 2124 837 2174 καὶ
861 2122 957 2190 τὴν
990 2121 1136 2173 πόλιν
1164 2121 1254 2172 καὶ
1281 2120 1339 2172 τὸ
1365 2121 1511 2187 ἆγιον
1542 2120 1651 2170 δια·-

137 2214 292 2283 φθερεῖ
318 2215 410 2266 σὺν
443 2212 521 2282 τῷ
576 2211 870 2280 ἡγουμένῳ
920 2210 995 2279 τῷ
1029 2210 1316 2279 ἐρχομένῳ,
1376 2209 1466 2260 xui.
1496 2211 1649 2260 ἐκκο-

139 2303 359 2371 πήσονται
406 2303 463 2354 ἐν
524 2298 923 2368 κατακλυσμῷ,
961 2298 1054 2350 καὶ
1089 2300 1189 2359 ἕως
1219 2299 1397 2361 τέλους
1425 2298 1647 2367 πολέμου

139 2392 536 2460 συντετμημένου
568 2391 924 2457 ἀφανισμοῖς,
956 2389 1048 2439 xui.
1074 2387 1368 2457 δυναμώσει
1396 2387 1649 2458 διαθήκην

139 2479 316 2543 πολλοῖς
332 2478 562 2548 ἑϐδομὰς
596 2479 722 2547 μία,
753 2479 846 2530 καὶ
865 2479 921 2530 ἐν
944 2477 1018 2546 τῷ
1044 2478 1224 2546 ήμίσει
1249 2477 1344 2546 τῆς
1372 2477 1650 2546 ἑϐδομάδος

139 2568 393 2639 ἀρθήσεται
444 2567 606 2620 θυσία
675 2568 767 2619 xui.
797 2566 1010 2635 σπονδὴ,
1035 2567 1125 2618 καὶ
1164 2567 1254 2618 ἐπὶ
1281 2566 1339 2617 τὸ
1371 2566 1508 2635 ἱερὸν
1536 2564 1649 2633 βδέ-

139 2657 288 2726 λυγμα
333 2658 437 2711 τῶν
478 2657 822 2729 ἐρημιῦσεων
864 2656 1031 2719 ἔσται,
1078 2655 1169 2707 καὶ
1220 2655 1320 2718 ἑως
1354 2654 1649 2717 συντελείας

142 2748 298 2817 καιροῦ
317 2749 586 2801 συντέλεια
620 2746 904 2816 δοθήσεται
936 2746 1026 2798 ἐπὶ
1049 2745 1140 2815 τὴν
1164 2746 1450 2815 ἐρήμωσιν.
1488 2763 1505 2794 ι
1542 2744 1649 2814 Τῆς

145 2835 213 2889 τοῦ
236 2836 485 2891 Ἰουδαίων
513 2838 708 2899 ἔθνους
723 2837 801 2897 είς
830 2833 1114 2887 Βαϐυλῶνα
1145 2832 1648 2902 ἑϐδομηκονταετοῦς

141 2924 473 2993 αἰχμαλωσίας
493 2928 575 2987 είς
592 2924 772 2994 πέρας
791 2923 891 2993 ήδη
915 2921 1341 2990 συνελαυνούσης,
1360 2922 1434 2990 τῷ
1459 2921 1647 2991 Δανιὴλ

143 3015 400 3087 εὐξαμένῳ,
431 3011 511 3078 εἷς
534 3015 649 3067 τῶν
698 3014 865 3081 ἁγίων
896 3012 1209 3081 λειτουργῶν
1240 3011 1330 3065 τοῦ
1362 3011 1513 3076 Θεοῦ,
1548 3012 1647 3063 Γα-

1749 605 1865 645 sum
1900 596 1957 642 ut
1986 582 2196 638 afferam
2237 585 2336 639 tibi
2378 584 2775 655 intelligentiam
2808 603 2819 636 :
2850 585 2916 637 ab
2954 584 3104 637 initio
3142 596 3264 651 pre-

1749 694 1868 734 cum
1908 686 2118 731 tuarum
2154 686 2407 742 egressus
2444 682 2525 729 est
2562 687 2770 735 sermo,
2815 683 2865 725 et
2905 687 3001 741 ego
3044 670 3164 725 veni
3204 677 3261 722 ut

1748 769 2034 821 indicarem
2082 762 2206 825 tibi,
2258 766 2398 833 quod
2442 764 2522 816 vir
2560 759 2939 815 desideriorum
2978 768 3036 813 tu
3073 775 3173 819 es.
3206 765 3260 812 et

1749 857 2105 910 animadverte
2138 853 2190 906 in
2217 854 2401 915 verbo,
2435 860 2487 906 et
2514 850 2747 917 intellige
2779 849 2829 901 in
2863 850 3086 912 visione,
3118 848 3257 915 quod

1748 944 1829 997 vir
1874 940 2257 996 desideriorum
2291 954 2349 994 es
2399 948 2474 992 tu.
2524 935 2867 1003 Septuaginta
2908 935 3259 988 hebdoniades

1749 1030 2118 1102 compendium
2174 1043 2427 1097 accepere
2476 1042 2636 1094 super
2685 1025 2935 1093 populum
2980 1032 3159 1088 tuum,
3206 1034 3260 1079 et

1748 1136 1906 1189 super
1936 1119 2202 1172 civitatem
2243 1124 2508 1178 sanctam,
2543 1124 2603 1184 ut
2640 1122 3041 1168 consummetur
3073 1129 3260 1182 pecca-

1747 1219 1891 1273 tum,
1920 1216 1973 1262 et
2002 1209 2279 1277 signentur
2307 1206 2458 1276 quasi
2502 1204 2698 1257 annulo
2736 1210 2952 1272 peccata
2975 1242 2989 1265 ,
3030 1210 3081 1256 et
3119 1203 3261 1257 dele-

1748 1310 1904 1353 antur
1933 1297 2241 1366 iniquitates
2260 1337 2274 1362 ,
2302 1304 2355 1351 et
2382 1296 2660 1365 expientur
2688 1293 2987 1361 injustitiae,
3013 1301 3065 1346 et
3095 1294 3255 1347 addu-

1746 1399 1898 1443 catur
1924 1387 2133 1455 justitia
2164 1386 2479 1455 sempiterna
2498 1425 2513 1446 ,
2543 1393 2596 1439 et
2624 1385 2775 1453 quasi
2808 1385 2958 1452 signo
3003 1384 3263 1451 impresso

1746 1479 2023 1532 claudatur
2066 1476 2197 1531 visio
2217 1516 2232 1539 ,
2262 1482 2316 1529 et
2347 1475 2623 1546 prophetia
2643 1512 2658 1536 ,
2690 1481 2743 1528 et
2776 1481 3004 1541 ungatur
3042 1480 3261 1526 sanctus

1747 1574 2050 1620 sanctorum
2072 1605 2085 1629 ,
2114 1573 2164 1618 et
2193 1578 2483 1633 cognosces
2511 1570 2563 1615 et
2592 1562 2850 1631 intelliges
2873 1561 2940 1613 ab
2976 1560 3120 1614 exitu
3151 1575 3257 1615 ser-

1748 1655 1951 1718 monis,
1982 1662 2041 1707 ut
2074 1653 2489 1721 respondeatur,
2521 1662 2572 1706 et
2602 1651 2891 1706 aediﬁcetur
2930 1650 3257 1704 Hierusalem

1747 1762 1916 1815 usque
1952 1747 2016 1800 ad
2061 1746 2331 1799 Christum
2379 1744 2589 1798 ducem.
2629 1741 2992 1797 Hebdomades
3029 1750 3258 1810 septem,

1747 1843 1799 1888 et
1820 1834 2173 1889 bebdomades
2202 1834 2475 1901 sexaginta
2500 1831 2659 1900 382
2689 1831 2805 1884 duae
2824 1871 2839 1896 ,
2866 1837 2919 1884 et
2947 1838 3261 1893 revertetur,

1746 1935 1798 1979 et
1836 1924 2186 1978 aediﬁcabitur
2219 1924 2392 1992 platea
2428 1929 2480 1974 et
2517 1936 2736 1983 murus,
2775 1926 2829 1973 et
2863 1919 3260 1974 evacuabuntur

1749 2024 1980 2083 tempora
2003 2032 2015 2065 :
2038 2020 2090 2068 et
2119 2023 2238 2082 post
2255 2010 2613 2065 hebdomadas
2644 2008 2914 2076 sexaginta
2942 2008 3074 2061 duas
3096 2046 3112 2071 ,
3141 2023 3261 2075 per-

1748 2107 1840 2160 ibit
1880 2106 2059 2158 unctio
2083 2145 2099 2171 ,
2145 2111 2198 2158 et
2255 2102 2512 2173 judicium
2551 2114 2654 2152 non
2693 2108 2774 2153 est
2812 2100 2864 2151 in
2903 2114 3002 2160 ea,
3040 2106 3093 2153 et
3130 2098 3260 2150 ciri-

1748 2206 1905 2250 tatem
1940 2205 1993 2250 et
2023 2201 2266 2250 sanctum
2302 2190 2568 2261 diSperdet
2602 2204 2721 2241 cum
2751 2187 2884 2240 duce
2920 2195 3175 2248 venturo,
3209 2192 3262 2238 et

1745 2287 2056 2341 excidentur
2094 2286 2146 2338 in
2187 2283 2415 2344 diluvio,
2454 2288 2506 2335 et
2546 2293 2711 2347 usque
2747 2276 2814 2329 ad
2852 2276 3007 2330 linem
3046 2276 3166 2329 belli
3207 2274 3260 2327 in

1746 2375 2114 2445 compendium
2144 2373 2341 2429 redacti
2372 2368 2859 2433 internecionibus,
2890 2373 2942 2422 et
2975 2365 3261 2420 conﬁrma-

1746 2469 1822 2521 bit
1864 2473 2073 2534 paetum
2109 2464 2290 2518 multis
2326 2461 2655 2515 hebdomada
2693 2472 2832 2519 una,
2892 2463 2945 2511 et
2994 2457 3047 2510 in
3086 2455 3260 2510 medio

1747 2555 2089 2611 hebdomadis
2114 2553 2382 2607 auferetur
2412 2549 2730 2605 sacriﬁcium
2760 2554 2810 2600 et
2840 2543 3057 2609 libatio,
3087 2552 3140 2598 et
3171 2561 3260 2598 su-

1746 2660 1839 2716 per
1874 2645 2124 2713 templum
2162 2640 2489 2696 abominatio
2520 2636 2940 2697 desolationum,
2990 2643 3045 2690 et
3090 2648 3258 2702 usque

1746 2736 1812 2789 ad
1832 2732 2341 2789 consummationem
2376 2727 2628 2797 temporis
2646 2766 2661 2791 ,
2685 2722 3077 2779 consummatio
3110 2720 3258 2772 dabi-

1747 2834 1831 2878 tur
1873 2825 1925 2876 in
1966 2820 2345 2878 desolationem
2376 2819 2442 2872 “9.
2478 2836 2495 2868 ι
2521 2816 2652 2870 Cum
2692 2812 2926 2867 Iudaica:
2962 2813 3133 2881 gentis
3173 2826 3260 2864 se-

1746 2912 2087 2983 ptuagenaria
2112 2909 2247 2980 apud
2274 2907 2590 2977 Babylonios
2622 2903 2849 2958 servitus
2875 2903 2984 2969 jam
3013 2900 3077 2953 ad
3103 2901 3259 2953 ﬁnem

1746 3001 2016 3065 tenderet,
2055 2998 2254 3051 Danieli
2291 2995 2461 3050 oranti
2510 3008 2649 3046 unus
2687 3006 2751 3045 ex
2793 2989 2991 3044 sanctis
3026 2986 3118 3040 Dei
3159 2986 3261 3038 mi-

142 3078 268 3175 ϐριὴλ
305 3108 332 3158 6
352 3078 756 3175 ἀρχάγγελος,
773 3078 1084 3178 ἐπιφανεὶς,
1104 3078 1197 3170 τὴν
1250 3102 1534 3154 ἀνανέωσιν
1553 3103 1646 3171 τῆς

1746 3092 1929 3146 nistris
1979 3090 2127 3145 visus
2176 3086 2386 3140 Gabriel
2432 3082 2807 3151 archangelus,
2862 3078 3256 3133 renovatione":

150 3194 464 3267 Ἰερουσαλὴμ
520 3195 730 3249 αὐτίκα
763 3210 821 3247 τε
847 3192 939 3245 xui.
966 3193 1062 3244 οὐκ
1100 3192 1176 3253 είς
1201 3191 1407 3260 μακρὰν
1437 3191 1646 3243 ἔσεσθαι

141 3278 365 3343 θεσπίζει,
422 3281 516 3333 τόν
556 3296 619 3332 τε
652 3277 794 3331 κατὰ
838 3277 935 3346 τὴν
963 3277 1251 3329 ἀνανέωσιν
1274 3278 1435 3346 αὐτῆς
1466 3278 1646 3350 χρόνον

142 3369 203 3431 εἰς
234 3370 355 3422 ἐτῶν
407 3369 645 3439 ἀριθμὸν
707 3365 1032 3437 περιορίζει·
1061 3366 1302 3436 προλέγει
1322 3383 1379 3419 τε
1410 3368 1483 3429 ὡς
1512 3367 1648 3420 κατὰ

138 3459 216 3527 τήν
266 3460 569 3529 ὡρισμένην
622 3455 956 3528 προθεσμίαν
995 3451 1155 3516 αῦθιςι
1189 3454 1644 3525 καθαιρεθήσεται,

141 3552 213 3601 καὶ
226 3552 310 3615 ὡς,
338 3552 434 3621 τὴν
455 3552 723 3621 δευτέραν
752 3550 1082 3619 ὑπομείνασα
1105 3549 1297 3601 ἅλωσιν
1320 3549 1411 3599 καὶ
1437 3548 1648 3616 πολιορ-

138 3638 253 3701 κίαν,
280 3641 454 3693 οὐκέτι
484 3641 589 3711 τῆς
617 3642 685 3691 ἐκ
718 3637 850 3690 Θεοῦ
880 3637 1120 3701 τεύξεται
1156 3635 1468 3704 ἐπισκοπῆς,
1503 3637 1650 3704 μενεῖ

139 3727 183 3778 δὲ
219 3728 426 3799 ἔρημος,
479 3728 1021 3798 συγκαθαιρουμένης
1066 3726 1196 3795 αὐτῇ
1238 3729 1332 3795 τῆς
1384 3724 1520 3777 κατὰ
1561 3725 1649 3777 τὸν

136 3818 340 3883 Μωσέως
394 3821 561 3889 νόμον
639 3818 914 3888 λατρείας,
970 3816 1156 3887 ἑτέρας
1195 3816 1248 3867 δὲ
1300 3816 1409 3867 ἀντ’
1443 3814 1646 3883 ἐκείνης

136 3904 197 3971 τῷ
220 3906 308 3976 βίῳ
332 3909 438 3960 τῶν
464 3905 775 3978 ἀνθρώπων
804 3907 1004 3976 Καινῆς
1023 3905 1285 3975 Διαθήκης
1312 3903 1649 3973 ἁντεισαχθη·

136 3996 351 4066 σομὲνης.
405 3998 519 4051 Καὶ
552 3995 730 4049 ταῦτα
752 3997 783 4047 ό
807 3994 1040 4066 Γαϐριὴλ
1068 3994 1140 4057 ὡς
1167 3997 1221 4047 ἐν
1253 3998 1507 4064 χρησμοῖς
1535 3995 1651 4045 ἑπι-

137 4086 499 4155 κεκρυμμένως
536 4084 820 4153 ἐκφαίνειν
850 4085 1094 4153 ὁμολογεῖ
1123 4083 1198 4154 τῷ
1232 4086 1493 4155 προφήτῃ.
1517 4083 1649 4154 Φησὶ

133 4170 238 4235 γοῦν
264 4174 336 4245 τῷ
357 4175 592 4246 Δανιήλο
631 4192 651 4225 ι
690 4171 804 4225 Νῦν
834 4172 1048 4242 ἐξῆλθον
1082 4172 1402 4242 συμϐιϐάσαι
1426 4190 1483 4224 σε
1531 4172 1651 4224 σύν-

134 4276 254 4315 εσινο
291 4268 345 4318 ἐν
395 4268 542 4337 ἀρχῇ
600 4266 701 4337 τῆς
760 4263 990 4335 δεήσεώς
1038 4281 1128 4317 σου
1177 4263 1388 4334 ἐξῆλθεν
1422 4264 1451 4315 ό
1476 4265 1646 4333 λόγος,

132 4351 261 4419 κάγὼ
286 4351 448 4426 ἦλθον
492 4355 811 4424 ἀναγγεῖλαί
841 4372 941 4417 σοι,
989 4355 1068 4408 ὅτι
1094 4356 1231 4425 ἀνὴρ
1262 4354 1553 4425 ἐπιθυμιῶν
1583 4358 1646 4409 σὺ

131 4435 188 4503 εἳ,
233 4446 323 4496 καὶ
384 4445 672 4516 ἐννοήθητι
713 4446 772 4496 ἐν
825 4443 900 4513 τῷ
940 4444 1154 4514 ῥήματι,
1186 4444 1279 4497 καὶ
1325 4444 1475 4506 σύνες
1503 4448 1558 4499 ἐν
1581 4449 1643 4516 τῇ

132 4528 365 4604 ὀπτασίᾳ·
405 4554 423 4585 ι
467 4535 657 4603 σαφῶς
704 4536 978 4605 διεγείρων
1032 4535 1188 4588 αὐτὸν
1225 4536 1302 4597 είς
1355 4535 1647 4606 βαθυτέραν

132 4616 311 4673 ἔννοιαν
365 4623 462 4677 καὶ
521 4623 736 4677 σύνεσιν
798 4625 894 4693 τῆς
920 4622 1027 4675 τῶν
1068 4622 1365 4692 λεγομένων
1404 4624 1644 4694 θεωρίας.

143 4704 409 4763 Ὀπτασίαν
466 4712 604 4780 γοῦν
662 4712 801 4764 αὑτά
843 4711 907 4779 γέ
957 4728 1084 4781 φησι
1126 4711 1210 4764 διὰ
1251 4712 1311 4765 τὸ
1359 4711 1648 4784 βαθυτέρας

136 4792 322 4861 ἔχεσθαι
346 4799 608 4863 διανοίας,
646 4800 739 4853 καὶ
759 4801 819 4852 ού
860 4799 956 4868 τῆς
985 4799 1242 4869 τυχούσης
1271 4799 1529 4861 συνέσεως
1548 4801 1648 4853 δεῖ-

139 4880 265 4936 σθαι’
282 4886 468 4959 διόπερ
488 4890 587 4940 καὶ
602 4890 751 4941 αὐτοὶ
768 4889 855 4940 τὸν
869 4886 1197 4957 δωρούμενον
1222 4888 1428 4939 σύνεσιν
1450 4888 1651 4961 ἀνθρώ-

140 4984 258 5036 ποις,
299 4974 749 5045 ἐπικαλεσάμενοι
782 4991 839 5026 τε
865 4976 952 5026 ὑπ’
977 4972 1135 5026 αὐτοῦ
1179 4971 1504 5040 φωτισθῆναι
1531 4978 1653 5039 τοὺς

139 5057 219 5125 ’ἧς
261 5061 493 5127 διανοίας
549 5064 874 5133 ὀφθαλμοὺς,
922 5062 1363 5130 ἑπιθαρῤήσωμεν
1408 5064 1471 5130 τῇ
1517 5065 1652 5119 κατὰ

142 5149 245 5213 τοὺς
270 5154 459 5217 τόπους
484 5155 703 5226 θεωρίᾳ·
729 5174 747 5205 ‹
785 5154 1191 5223 Ἑϐδομήκοντα,
1226 5169 1244 5199 ›
1289 5149 1464 5217 φησὶν,
1500 5170 1518 5201 ι
1563 5154 1651 5205 €6-

141 5233 336 5304 διψάδες
368 5241 776 5310 συνετμήθησαν
804 5238 898 5291 ἐπὶ
917 5238 1005 5289 τὸν
1035 5235 1155 5288 λαόν
1188 5251 1277 5285 σου
1310 5233 1398 5283 καὶ
1429 5234 1518 5285 ἐπὶ
1544 5238 1644 5306 τὴν

152 5324 277 5379 πόλιν
297 5329 389 5397 τὴν
409 5331 571 5397 ἁγίαν
589 5347 700 5393 σου,
717 5327 809 5380 τοῦ
832 5323 1230 5391 συντελεσθῆναι
1248 5321 1528 5393 ἁμαρτίαν,
1548 5326 1643 5375 καὶ

150 5412 405 5484 ἀπαλεῖψαι
431 5419 530 5479 τὰς
564 5417 804 5486 ἀνομίας,
833 5411 1029 5466 καὶτοῦ
1058 5408 1380 5472 ἐξιλάσασθαι
1408 5408 1638 5474 ἀδικίας,

158 5500 232 5551 καὶ
268 5504 481 5571 ἀγαγεῖν
510 5503 852 5570 δικαιοσύνην
873 5500 1095 5561 αἰώνιον,
1122 5497 1215 5550 καὶ
1238 5496 1324 5548 τοῦ
1350 5500 1639 5566 σφραγίσαι

221 5688 259 5722 ⁸³
288 5691 406 5747 Dan.
439 5709 511 5758 ix,
544 5691 732 5746 20.27.

1745 3183 1893 3236 urbis
1934 3179 2260 3233 Hierusalem
2304 3174 2478 3243 primo
2522 3186 2731 3239 quoque
2770 3177 3007 3236 tempore
3047 3174 3098 3221 et
3141 3166 3258 3220 sine

1744 3286 1890 3325 mora
1925 3270 2157 3323 futuram
2200 3264 2378 3327 canit,
2408 3270 2462 3316 et
2489 3269 2698 3329 tempus
2726 3272 2892 3326 usque
2924 3256 2991 3309 ad
3022 3270 3139 3311 eam
3168 3269 3255 3308 re-

1745 3360 2076 3414 novationem
2115 3370 2336 3409 numero
2365 3368 2628 3407 annorum
2669 3351 3025 3407 determinat:
3064 3348 3258 3418 praadi-

1744 3450 1921 3518 citque
1960 3455 2017 3499 ut
2058 3455 2178 3514 post
2219 3443 2491 3497 deﬁnitum
2536 3441 2664 3495 illud
2700 3439 2955 3507 temporis
2984 3438 3253 3505 spatium,

1745 3554 1931 3592 rursus
1962 3542 2244 3595 evertetur,
2290 3540 2452 3600 utque
2490 3539 2610 3599 post
2656 3528 2942 3583 secundam
2987 3540 3254 3593 expugna-

1745 3627 1938 3679 tionem
1972 3632 2130 3693 atque
2173 3620 2538 3684 obsidionem,
2586 3633 2695 3672 non
2742 3618 2878 3670 ultra
2929 3615 3036 3669 Deo
3080 3621 3254 3665 tutore

1744 3715 2021 3786 gaudebit,
2053 3712 2144 3767 sed
2174 3712 2285 3766 sola
2314 3726 2376 3765 ac
2412 3710 2620 3764 deserta
2662 3721 2840 3762 secum
2876 3720 2976 3757 una
3012 3703 3253 3756 Mosaica-

1745 3806 1873 3873 legis
1900 3805 2003 3857 ritu
2031 3803 2266 3864 sublato,
2293 3799 2653 3870 permanebit,
2680 3796 2874 3865 quippe
2902 3808 3022 3848 cum
3052 3793 3105 3845 in
3136 3792 3253 3858 ejus

1745 3897 1879 3949 ritus
1907 3895 2111 3956 locum,
2140 3895 2192 3946 in
2228 3893 2386 3948 vitam
2418 3890 2693 3945 hominum
2729 3886 2951 3939 alterum
2982 3883 3051 3937 sit
3088 3882 3235 3935 intra

1744 3984 2039 4038 ducendum
2069 3982 2483 4040 Testamentum,
2519 3977 2660 4044 quod
2695 3972 2899 4027 Novum
2933 3972 3158 4026 dicatur.
3195 3968 3257 4022 Et

1744 4074 1884 4135 haec,
1914 4080 1971 4124 ut
2003 4071 2057 4122 in
2089 4067 2323 4122 oraculis
2350 4080 2465 4119 mos
2494 4074 2608 4125 est,
2644 4063 2869 4115 latenter
2899 4073 2956 4113 se
2992 4057 3095 4127 ipsi
3131 4072 3257 4126 pro—

1745 4163 1915 4231 pheta:
1946 4160 2181 4213 indicare
2207 4156 2419 4211 Gabriel
2450 4153 2747 4224 proﬁtetur.
2780 4151 2871 4204 Ait
2902 4150 3062 4218 igitur
3095 4147 3162 4201 ad
3192 4147 3257 4200 il.-

1746 4254 1850 4306 lum
1879 4270 1892 4304 :
1932 4269 1949 4301 ι
1976 4249 2127 4303 Nunc
2156 4262 2403 4317 egressus
2434 4260 2549 4299 sum
2587 4252 2643 4296 ut
2672 4242 2885 4295 allcram
2925 4239 3021 4291 tibi
3058 4236 3257 4293 intelli-

1745 4344 1971 4413 gentiam
1999 4361 2012 4395 ι
2039 4340 2105 4393 ab
2133 4337 2281 4391 initio
2306 4350 2520 4405 precum
2545 4340 2756 4385 tuarum
2776 4344 3022 4399 egressus
3045 4332 3126 4382 est
3146 4340 3260 4382 ser-

1746 4449 1868 4495 mo,
1907 4440 1961 4485 et
2004 4444 2100 4500 ego
2129 4428 2244 4482 veni
2291 4433 2350 4479 ut
2387 4424 2674 4476 indicarem
2717 4419 2846 4481 tibi,
2880 4416 3023 4486 quod
3051 4415 3132 4468 vir
3160 4415 3256 4468 de-

1746 4521 2062 4576 sideriorum
2115 4525 2169 4570 tu
2216 4532 2304 4581 es,
2356 4524 2407 4567 et
2453 4510 2817 4565 animadverte
2864 4508 2920 4561 in
2964 4505 3159 4569 verbo,
3208 4511 3261 4555 et

1747 4609 1978 4675 intellige
2027 4607 2084 4659 in
2126 4605 2350 4658 visione.
2384 4602 2634 4666 iQuibus
2683 4598 2859 4651 verbis
2908 4596 3060 4662 plane
3110 4592 3258 4644 illum

1746 4698 1977 4758 excitat,
2012 4703 2071 4749 ut
2101 4693 2417 4763 profundius
2458 4689 2875 4747 animadvertat,
2918 4679 3258 4752 profundius-

1746 4801 1848 4857 que
1884 4784 2141 4852 intelligat
2174 4798 2236 4835 ea
2272 4796 2388 4849 qua:
2429 4781 2481 4833 in
2521 4778 2694 4831 verbis
2728 4775 2795 4827 ab
2832 4774 2949 4840 ipso
2986 4768 3259 4857 proferen-

1745 4877 1828 4930 dis
1854 4873 2299 4940 contemplatione
2356 4870 2512 4937 digna
2544 4873 2688 4920 sunt.
2737 4862 3005 4929 Siquidem
3045 4858 3132 4910 illa
3181 4856 3260 4909 vi-

1745 4965 1948 5020 sionem
2002 4960 2263 5029 appellat,
2326 4966 2605 5026 propterea
2660 4948 2801 5020 quod
2858 4946 3258 5017 profundiorem

1745 5051 2021 5124 quemdam
2061 5062 2275 5102 sensum
2319 5045 2614 5111 attingunt,
2664 5052 2834 5107 neque
2872 5036 3078 5105 vulgari
3127 5050 3259 5103 qua-

1743 5146 1862 5199 dam
1905 5136 2179 5209 prudentia
2226 5132 2464 5200 indigent
2493 5125 2883 5197 rquamobrem
2917 5124 3017 5192 ipsi
3049 5136 3259 5191 quoque

1747 5246 1865 5288 eum
1910 5230 2251 5286 invocantes,
2295 5222 2385 5289 qui
2427 5219 2517 5272 dat
2556 5214 2867 5271 hominibus
2905 5212 3218 5281 sapientiam
3242 5248 3257 5272 ,

1746 5328 2097 5392 rogantesque
2124 5322 2182 5367 ut
2208 5313 2397 5366 mentis
2423 5308 2608 5365 oculos
2633 5305 2787 5360 nobis
2812 5304 3106 5368 illuminet,
3131 5315 3261 5354 con-

1748 5390 1969 5466 ﬁdenter
2019 5403 2404 5474 aggrediamur,
2438 5413 2554 5468 qua:
2586 5397 2652 5450 ad
2685 5396 2877 5448 horum
2908 5395 3149 5447 locorum
3178 5390 3261 5447 inv

1749 5496 2172 5568 tcrpretationem
2219 5490 2526 5561 pertineat:
2569 5505 2587 5537 ι
2623 5483 2995 5552 Septuaginta,
3053 5475 3267 5550 inquit.
