3740 6306
538 351 639 406 599

1183 348 1442 403 EUSEBII
1480 345 1947 403 CASSARIENSIS
1982 345 2130 403 OPP.
2170 349 2347 404 PARS
2383 347 2446 406 ll.
2484 378 2542 389 —
2572 347 3045 403 APOLOGETICA.
3523 352 3602 406 600

537 456 890 514 hebdomades
928 456 1295 524 compendium
1342 471 1591 524 accepere
1611 470 1769 524 super
1809 456 2061 523 populum

2172 461 2347 527 ὅρασιν
2367 459 2460 510 καὶ
2482 458 2826 527 προφητείαν,
2843 459 2932 509 καὶ
2956 456 3046 508 τοῦ
3077 457 3247 525 χρῖσαι
3271 456 3406 523 ἅγιον
3427 459 3599 524 ἁγίων.ι

539 557 687 600 tuum
709 585 724 604 ,
747 553 800 598 et
821 557 980 612 super
999 545 1259 599 civitatem
1282 555 1517 600 sanctam
1533 585 1549 610 ,
1576 552 1634 597 ut
1658 551 2061 596 consummetur

541 642 843 704 peccatum,
880 642 931 686 et
967 635 1119 702 quasi
1157 636 1354 689 annulo
1391 636 1667 702 signentur
1706 641 1964 700 peccata:
2008 641 2061 686 et

541 726 818 778 deleantur
862 723 1208 791 iniquitates,
1253 732 1306 776 et
1347 724 1626 791 expientur
1666 722 1975 788 injustitiaz,
2011 728 2062 774 et

543 815 839 868 adducatur
866 813 1074 881 justitia
1114 814 1430 882 sempiterna
1451 851 1466 874 ,
1499 821 1552 866 et
1579 815 1733 881 quasi
1779 814 1932 882 signo
1965 812 2063 864 im-

543 918 730 972 presso
779 902 1056 955 claudatur
1107 904 1240 956 visio
1279 910 1331 956 et
1374 902 1650 970 prophetia
1675 941 1690 965 ,
1743 911 1796 956 et
1836 909 2065 971 ungatur

546 991 776 1046 Sanctus
824 999 1150 1045 sanctorum.
1187 1011 1204 1042 ι
1239 991 1396 1060 383
1427 991 1578 1055 Quod
1632 992 1798 1060 igitur
1849 998 2066 1058 septua-

545 1083 688 1150 ginta
719 1081 1166 1136 hebdomadarum
1201 1080 1469 1148 spatium,
1505 1081 1548 1134 si
1596 1082 1649 1134 in
1693 1095 1863 1134 annos
1893 1080 2068 1134 resol-

543 1177 720 1232 vatur,
771 1171 1054 1238 nonaginta
1113 1183 1275 1238 supra
1332 1169 1747 1238 quadringentos
1798 1183 2064 1223 summam

546 1259 815 1323 conﬁciat,
869 1261 1097 1323 nemini,
1129 1266 1257 1329 puto
1280 1300 1295 1325 ,
1325 1259 1543 1314 dubium
1570 1267 1671 1314 est.
1707 1258 1937 1312 Tantum
1968 1258 2067 1328 igi-

545 1357 635 1402 tur
663 1351 915 1417 temporis
947 1350 1316 1420 compendium
1364 1351 1566 1418 accepit
1613 1363 1775 1418 super
1810 1350 2068 1419 populum

547 1449 694 1490 tuum
715 1475 730 1501 ,
763 1438 848 1490 ubi
877 1452 1003 1492 sane
1034 1453 1242 1492 omnem
1275 1437 1505 1492 Iudaicae
1533 1439 1704 1508 gentis
1733 1439 2070 1492 terminatio-

548 1544 668 1581 nem
715 1529 981 1582 concludit
1016 1547 1029 1580 :
1073 1543 1172 1583 nec
1217 1536 1396 1582 tamen
1451 1529 1570 1583 illos
1614 1529 1667 1582 in
1709 1529 1794 1582 his
1837 1528 2069 1596 amplius

547 1616 640 1670 Dei
673 1618 920 1686 populum
951 1626 1138 1682 vocat,
1180 1619 1273 1673 sed
1315 1620 1591 1688 alloquens
1634 1621 1806 1688 ipsum
1848 1617 2066 1682 Daniel,

553 1723 572 1756 ι
598 1703 875 1774 Populum,
913 1724 933 1756 ι
954 1708 1141 1776 inquit,
1169 1726 1187 1758 ι
1221 1715 1397 1762 tuum:
1421 1727 1438 1758 ι
1465 1723 1688 1777 namque
1701 1709 1832 1762 alias
1857 1722 2069 1776 quoque

2160 552 2277 601 Ὅτι
2303 550 2408 600 τῶν
2442 549 2796 619 ἐϐδομήκοντα
2817 547 3109 616 ἑϐδομάδων
3142 549 3168 599 ὁ
3198 547 3386 616 χρόνος,
3407 549 3455 600 ὲν
3478 550 3606 602 ἱτεσιν

2158 640 2534 709 ἀναλυόμενος,
2587 639 2922 708 ἐννενήκοντα
2996 638 3128 708 πρὸς
3173 641 3278 699 τοῖς
3311 641 3608 708 τετρακοσίοις

2159 731 2380 800 ἀριθμὸν
2407 730 2642 796 συνάγει,
2675 727 2828 780 παντί
2855 744 2952 778 που
2971 727 3137 796 δῆλον.
3171 726 3408 789 Τοσοῦτος
3435 744 3501 779 τοι
3514 744 3610 799 γαρ-

2159 820 2249 872 οῦν
2298 818 2600 887 συνετμήθη
2653 816 2837 886 χρόνος
2885 817 2974 868 ἐπὶ
3021 814 3108 866 τὸν
3149 814 3267 865 λαόν
3317 831 3420 878 σου,
3453 816 3504 867 τὸ
3536 820 3611 869 πᾶν

2163 909 2528 979 συμπέρασμα
2570 906 2664 959 τοῦ
2705 905 2965 960 Ἰουδαίων
2998 904 3302 974 περιορίζων
3337 904 3523 967 ἔθνους·
3550 909 3615 958 καὶ

2161 1001 2336 1052 οὐκέτι
2357 1016 2418 1066 γε
2448 1000 2641 1060 αὐτοὺς
2663 999 2720 1050 ὲν
2753 997 2962 1059 τούτοις
2988 994 3116 1048 Θεοῦ
3140 995 3258 1047 λαὸν
3283 996 3614 1065 προσαγορεύει,

2163 1089 2291 1142 ἁλλὰ
2321 1088 2395 1158 τῷ
2428 1088 2625 1157 Δανιὴλ
2648 1104 2798 1156 φησι,
2832 1105 2850 1137 ι
2874 1086 2999 1138 λαόν
3031 1102 3140 1136 σου.
3166 1102 3184 1134 ›
3211 1085 3399 1153 Ὥσπερ
3417 1083 3510 1155 γὰρ
3533 1087 3618 1137 ciae.

2165 1178 2400 1247 δήσαντα
2424 1194 2549 1229 ποτε
2578 1177 2672 1229 καὶ
2699 1175 3217 1244 είδωλολατρὴσαντα
3240 1175 3326 1225 ἐπὶ
3347 1175 3433 1243 τῆς
3451 1175 3618 1244 ἐρήμου,

2164 1267 2339 1320 οὐκέτι
2383 1267 2510 1319 λαὸν
2547 1265 2735 1318 ἑαυτοῦ
2766 1267 2794 1318 ό
2822 1266 2973 1330 Θεὸς,
3006 1264 3137 1316 ἀλλὰ
3162 1263 3250 1316 τοῦ
3274 1264 3486 1326 Μωσέως
3507 1283 3621 1334 προσ-

2164 1361 2280 1410 εῖπε
2303 1397 2317 1420 ,
2353 1357 2555 1426 φήσας⁹
2594 1374 2612 1406 ι
2642 1355 2855 1418 Βάδιζε,
2889 1355 3189 1424 κατάϐηθι·
3241 1354 3456 1425 ὴνόμησε
3498 1357 3622 1426 γὰρὸ

2164 1445 2286 1507 λαός
2319 1461 2435 1496 σου·
2468 1462 2487 1495 ι
2524 1445 2612 1498 τὸν
2659 1443 2816 1496 αὐτὸν
2852 1444 3052 1513 τρόπον
3109 1443 3368 1495 κάνταῦθα
3399 1443 3479 1496 τοῦ
3521 1462 3623 1515 περι-

2164 1534 2384 1604 ωρίσθαι
2414 1533 2531 1586 κατ’
2561 1531 2735 1585 αὐτῶν
2785 1531 2876 1583 τὸν
2911 1529 3213 1599 δηλωθέντα
3242 1529 3414 1599 χρόνον
3435 1528 3486 1581 τὸ
3509 1530 3623 1582 αἴτιον

2165 1625 2486 1678 ἐκδιδάσκειο
2530 1623 2683 1675 τοῦτο
2727 1622 2771 1674 δ’
2811 1617 2881 1691 ἦν
2926 1621 2988 1672 τὸ
3039 1621 3232 1691 μηκέτι
3277 1619 3364 1671 τοῦ
3409 1619 3519 1671 Θεοῦ
3544 1620 3625 1671 λιιι

2166 1713 2354 1776 αὐτοὺς
2382 1712 2751 1778 καταξιοῦσθαι
2776 1710 3156 1781 χρηματίζειν.
3186 1709 3432 1778 Ἐπιλέγει
3447 1709 3510 1772 δὲ,
3533 1711 3626 1761 «Καὶ

547 1804 797 1862 tanquam
827 1811 948 1849 eum
982 1796 1072 1865 qui
1109 1796 1268 1865 impie
1295 1797 1524 1866 egisset.
1563 1805 1615 1852 et
1658 1797 1958 1852 simulacris
2009 1812 2067 1852 se

2172 1802 2256 1854 ἐπὶ
2283 1800 2378 1871 τὴν
2403 1800 2548 1853 πόλιν
2566 1799 2662 1869 τὴν
2690 1798 2851 1866 ἁγίαν
2871 1815 2883 1827 ο
2919 1817 2936 1848 ι
2960 1797 3023 1849 τὸ
3053 1797 3145 1850 σοῦ
3173 1797 3326 1850 πάλιν
3351 1797 3626 1860 ὲξακουόντων

549 1885 870 1948 addixisset,
902 1900 1009 1938 non
1037 1887 1263 1954 amplius
1294 1901 1448 1940 suum
1483 1888 1732 1955 populum
1766 1886 1906 1940 Deus
1927 1925 1941 1949 ,
1973 1885 2068 1941 sed

549 1973 710 2028 Musis
767 1975 1074 2042 appellavit,
1127 1991 1245 2028 eum
1294 1977 1462 2031 dixit:
1494 1996 1511 2027 ι
1542 1975 1716 2039 Vade,
1769 1976 2065 2040 descende,

550 2065 787 2133 peccavit
810 2065 948 2119 enim
976 2067 1204 2134 populus
1234 2076 1358 2121 tuus
1382 2068 1445 2120 ⁸ο.
1476 2087 1495 2118 ι
1520 2067 1669 2120 Nune
1696 2067 1856 2136 igitur
1881 2065 2068 2121 eodem

549 2153 707 2207 modo
739 2168 987 2218 causam,
1019 2169 1115 2208 cur
1146 2154 1272 2207 illud
1317 2156 1572 2224 temporis
1612 2155 1842 2224 spatium
1885 2162 2070 2210 contra

550 2244 668 2298 illos
719 2244 1024 2312 prazlinierit
1061 2245 1261 2298 docet:
1310 2247 1410 2298 hoc
1449 2252 1624 2299 autem
1663 2254 1778 2311 est,
1824 2259 1918 2300 eos
1962 2259 2070 2297 non

551 2333 779 2402 amplius
807 2334 995 2404 dignos
1027 2350 1176 2397 esse,
1212 2335 1302 2403 qui
1332 2337 1558 2404 pepulus
1593 2335 1686 2388 Dei
1716 2336 2065 2403 appellentur.

549 2422 748 2478 Deinde
790 2425 1028 2494 adjungit
1075 2425 1237 2488 illud,
1271 2444 1289 2475 ι
1321 2424 1384 2477 Ει
1432 2424 1602 2494 Super
1634 2427 1898 2480 civitatem
1947 2439 2071 2479 san-

549 2518 687 2566 etam
717 2531 734 2580 ;
764 2533 782 2566 ι
809 2515 897 2569 ubi
928 2515 1057 2569 illud
1104 2525 1243 2568 tuam
1277 2531 1466 2571 rursus
1495 2530 1524 2569 a
1567 2515 1826 2582 superiori
1874 2514 2074 2569 subau-

548 2604 780 2659 divimus
808 2621 823 2660 ι
858 2614 916 2659 ut
947 2607 1021 2660 ita
1052 2606 1256 2661 dictum
1284 2621 1404 2660 esse
1435 2605 1700 2666 videatur,
1730 2621 1748 2654 ι
1779 2618 1940 2672 super
1976 2619 2073 2671 po-

549 2694 733 2763 pulum
771 2702 922 2750 tuum
964 2705 1016 2750 et
1053 2712 1214 2766 super
1252 2695 1523 2751 civitatem
1565 2701 1803 2748 sanctam
1835 2701 2016 2760 tuam,
2049 2713 2067 2745 ι

550 2797 658 2838 non
687 2799 844 2840 secus
875 2801 936 2840 ac
968 2789 1012 2841 si
1039 2786 1293 2841 dixisset:
1317 2785 1444 2850 Quae
1465 2799 1494 2838 a
1514 2793 1567 2840 te
1595 2790 1777 2838 sancta
1804 2783 2075 2836 existima-

550 2879 658 2929 tur.
711 2874 842 2929 Nam
871 2886 922 2931 et
949 2874 1240 2930 Hebraicus
1285 2882 1583 2936 contextus,
1613 2880 1666 2927 et
1695 2872 1882 2940 reliqui
1912 2873 2075 2925 inter~

552 2972 729 3033 pretes
786 2981 894 3019 uno
945 2982 1069 3029 ore,
1118 2980 1225 3021 non
1276 2965 1448 3018 solum
1509 2964 1575 3018 ad
1633 2963 1886 3032 populum
1941 2963 2069 3016 illud

558 3071 576 3104 ι
607 3062 756 3109 tuum
778 3097 793 3120 ,
827 3075 844 3108 ι
874 3057 965 3111 sed
1001 3059 1159 3111 etiam
1206 3055 1272 3108 ad
1319 3055 1585 3108 civitatem
1605 3093 1621 3116 ,
1661 3053 1790 3106 illud
1822 3069 1841 3103 ι
1873 3061 2016 3106 tuam
2047 3071 2064 3102 ›
2101 3091 2142 3146 c

551 3141 862 3211 adiungunt.
889 3143 1076 3213 Aquila
1109 3142 1283 3212 igitur,
1305 3159 1324 3191 ι
1345 3141 1516 3210 Super
1539 3139 1812 3209 populum,
1837 3157 1855 3190 ι
1885 3138 2074 3207 inquit,

555 3248 576 3280 ι
605 3239 776 3295 tuum,
823 3239 876 3286 et
904 3249 1063 3303 super
1106 3235 1372 3287 civitatem
1421 3229 1802 3285 sanctiﬁcatain
1845 3240 2025 3282 tuam:
2056 3248 2073 3278 ι

553 3319 904 3391 Symmachus
931 3333 1142 3377 autem:
1168 3341 1186 3373 ι
1215 3323 1484 3376 Adversus
1521 3320 1777 3390 populum
1805 3327 1956 3373 tuum
1975 3359 1989 3382 ,
2025 3328 2076 3374 et

553 3411 820 3466 civitatem
855 3420 1094 3466 sanctam
1129 3421 1293 3465 tuam.
1327 3429 1346 3462 ο
1375 3409 1635 3474 Quocirca
1670 3409 1728 3462 in
1759 3409 1914 3463 bonis
1945 3425 2078 3478 quo-

553 3516 656 3569 que
707 3500 840 3556 LXX
883 3500 1233 3571 lnterpretum
1275 3499 1582 3565 codicibus,
1616 3499 1744 3552 illud
1792 3515 1810 3549 ι
1841 3506 2019 3562 tuam,
2056 3517 2074 3548 ι

504 3627 525 3637 ς
557 3591 766 3648 stellula
817 3591 1056 3660 apposita
1097 3589 1363 3659 adjectum
1411 3595 1494 3643 est
1525 3608 1539 3642 :
1571 3603 1695 3641 nam
1749 3602 1868 3641 cum
1917 3602 2078 3642 orans

557 3681 742 3734 Daniel
785 3679 840 3732 in
882 3680 987 3734 illis
1035 3695 1145 3735 suae
1191 3678 1598 3748 supplicationis
1640 3677 1851 3738 verbis,
1884 3677 2078 3745 saepius

555 3770 810 3837 populum
832 3807 846 3830 ,
877 3768 972 3822 Dei
1014 3769 1264 3837 populum
1306 3770 1672 3831 nominasset,
1705 3766 1938 3819 civitatis
1983 3781 2078 3818 au-

558 3867 662 3908 tem
696 3854 902 3914 locum,
937 3859 1180 3906 sanctum
1215 3851 1306 3907 Dei
1336 3853 1511 3907 locum
1536 3890 1552 3916 ,
1578 3859 1792 3906 vertens
1824 3851 1878 3903 in
1906 3850 2079 3904 diver-

558 3956 678 3996 sum
725 3939 816 4010 qui
860 3940 1248 4008 respondebat,
1301 3955 1474 4009 neque
1528 3941 1791 3994 civitatem
1841 3949 2077 3993 sanctam

556 4030 683 4093 Dei,
710 4042 882 4097 neque
907 4028 1160 4096 populum
1187 4028 1282 4082 Dei
1307 4043 1427 4084 esse
1455 4027 1673 4091 fatetur,
1699 4027 1791 4081 sed
1811 4045 1829 4078 ι
1847 4037 1997 4080 tuum
2018 4065 2033 4090 ,
2055 4044 2073 4076 ι

558 4121 763 4191 inquit,
791 4119 883 4187 qui
913 4132 1065 4179 oras,
1095 4125 1146 4170 et
1175 4117 1265 4186 qui
1299 4119 1425 4172 talia
1458 4119 1524 4173 de
1555 4117 1751 4186 populo
1781 4123 1835 4170 et
1857 4115 1925 4168 de
1963 4115 2082 4168 loco

560 4211 790 4264 civitatis
815 4205 1020 4260 dixisti.
1056 4203 1228 4260 Verba
1258 4207 1426 4274 ipsius
1472 4206 1652 4261 Daniel
1694 4207 1795 4258 hoc
1835 4204 1991 4258 modo
2021 4219 2079 4259 se

560 4300 797 4353 habent:
831 4315 850 4346 ι
879 4297 1161 4350 Avertatur
1201 4295 1351 4350 furor
1388 4305 1515 4351 tuus
1555 4303 1608 4350 et
1650 4296 1728 4348 ira
1770 4301 1862 4347 tua
1891 4308 1918 4346 a
1948 4295 2080 4349 civi-

557 4394 668 4440 tate
694 4393 788 4438 tua
817 4382 1111 4437 Jerusalem
1141 4391 1196 4436 et
1227 4391 1406 4438 monte
1437 4391 1622 4439 sancto
1645 4390 1738 4436 tuo
1763 4381 1826 4435 “.
1861 4401 1879 4434 ι
1904 4381 2032 4437 Item
2061 4404 2074 4439 :
2106 4416 2151 4470 π)

564 4495 583 4526 ι
613 4475 844 4544 Populus
882 4481 1006 4527 tuus
1032 4472 1205 4526 factus
1231 4481 1314 4527 est
1344 4472 1398 4526 in
1440 4471 1782 4541 opprobrium
1826 4473 2074 4529 omnibus

557 4567 616 4618 in
642 4563 867 4618 circuitu
897 4568 1080 4616 nostro
1106 4561 1172 4612 θ’.
1198 4579 1216 4611 ι
1242 4559 1306 4612 Et
1331 4575 1519 4616 rursus
1547 4579 1560 4614 :
1589 4577 1610 4611 ι
1632 4557 1862 4615 Ostende
1888 4560 2076 4616 faciem

555 4665 704 4710 tuam
759 4670 920 4724 super
961 4654 1324 4709 sanctuarium
1366 4663 1550 4716 tuum,
1607 4655 1748 4723 quod
1807 4654 2077 4710 desertum

558 4753 642 4800 est
671 4746 740 4796 ⁸⁸.
773 4763 792 4796 ι
822 4747 887 4800 Ει
911 4758 1101 4798 rursus
1129 4761 1144 4797 :
1171 4761 1190 4793 ι
1224 4741 1356 4796 Vide
1393 4742 1668 4796 interitum
1706 4745 1937 4800 civitatis
1973 4753 2078 4798 tua:

561 4850 721 4904 super
763 4850 922 4905 quam
967 4835 1269 4889 invocatum
1316 4842 1398 4889 est
1447 4849 1640 4888 nomen
1665 4844 1816 4889 tuum
1851 4836 1916 4893 “.
1954 4855 1971 4888 ι
2003 4836 2077 4889 Ac

557 4923 851 4994 deinceps:
882 4945 899 4975 ‹
933 4924 1068 4990 Quia
1111 4937 1305 4978 nomen
1334 4929 1484 4977 tuum
1528 4925 1830 4980 invocatum
1865 4934 1945 4982 est
1983 4941 2076 4980 su-

561 5021 660 5072 per
688 5012 952 5064 civitatem
983 5021 1128 5066 tuam
1149 5049 1166 5074 ,
1196 5019 1249 5064 et
1285 5025 1446 5080 super
1483 5014 1737 5082 populum
1771 5022 1918 5067 tuum
1955 5013 2017 5063 ⁸⁵.
2053 5031 2071 5064 ι

567 5093 788 5151 Talibus
829 5115 949 5152 cum
991 5110 1229 5166 orasset,
1262 5103 1507 5172 adiunxit
1535 5125 1548 5159 :
1577 5123 1598 5156 ι
1632 5105 1697 5159 Et
1743 5120 1863 5160 eum
1906 5103 2078 5157 adhuc

569 5182 813 5249 loquerer
845 5195 898 5238 et
935 5201 1175 5257 orarem,
1217 5209 1342 5250 ecce
1389 5193 1601 5252 Gabriel
1645 5212 1801 5267 quem
1845 5195 2077 5250 videram

572 5269 628 5320 in
659 5270 860 5323 visione
887 5289 1032 5338 mea,
1062 5281 1246 5336 volans
1279 5285 1449 5354 tetigit
1480 5303 1562 5341 me
1584 5325 1600 5352 ,
1634 5295 1688 5340 et
1717 5285 1850 5340 dixit
1879 5299 1940 5338 ea
1975 5283 2080 5335 uti-

571 5366 676 5454 que
719 5361 1117 5454 quae-superius
1153 5365 1417 5438 descripta
1459 5374 1643 5428 habes.
1676 5395 1695 5426 ι
1730 5370 1892 5442 384
1917 5369 2080 5424 Plane

574 5445 734 5508 igitur
764 5445 818 5494 in
849 5445 929 5497 his
983 5451 1237 5517 propheta
1275 5472 1381 5514 non
1422 5465 1734 5533 simpliciter
1774 5463 2072 5526 civitatem,

2165 1891 2316 1961 ἡμῶν
2345 1889 2480 1944 κατὰ
2513 1889 2708 1952 κοινοῦ,
2753 1889 2828 1951 ὼς
2861 1885 3001 1941 εἶναι
3047 1890 3107 1941 τὸ
3135 1889 3407 1959 λεγόμενον
3444 1887 3627 1946 τοιοῦτον,

2171 1999 2190 2033 ι
2214 1982 2331 2034 Ἐπὶ
2349 1982 2435 2033 τὸν
2453 1981 2574 2032 λαόν
2599 1996 2712 2044 σου,
2736 1980 2832 2033 καὶ
2861 1981 2954 2031 ἐπὶ
2982 1980 3080 2050 τὴν
3101 1979 3250 2032 πόλιν
3273 1979 3364 2048 τὴν
3381 1978 3512 2045 ἁγίαν
3532 1994 3626 2036 sou,»

2167 2071 2242 2133 ὡς
2283 2074 2330 2123 εί
2377 2073 2592 2138 ἔφασκε·
2651 2067 2761 2139 Τὴν
2826 2072 2910 2124 σοὶ
2970 2070 3349 2140 νενομισμένην
3408 2068 3552 2136 ἁγίαν.
3587 2065 3631 2116 Τὸ

2169 2159 2297 2227 γοῦν
2321 2160 2616 2229 Ἐϐραῖκδν,
2639 2159 2734 2212 καὶ
2760 2160 2812 2211 οἱ
2836 2159 3014 2212 λοιποὶ
3049 2159 3340 2228 συμφώνως
3367 2157 3630 2228 έρμηνευταὶ,

2169 2252 2229 2303 οῦ
2266 2251 2421 2320 μόνον
2448 2250 2538 2302 ἐπὶ
2567 2249 2660 2301 τοῦ
2692 2248 2847 2313 λαοῦ,
2884 2249 3020 2302 ἀλλὰ
3049 2250 3142 2302 καὶ
3176 2250 3265 2301 ἐπὶ
3292 2249 3381 2318 τῆς
3413 2247 3572 2299 πόλεως
3597 2245 3632 2295 τὸ

2168 2338 2280 2391 σοῦ
2313 2336 2692 2407 προσκείμενον
2713 2337 3077 2407 περιέχουσιν.
3112 2337 3168 2389 Ὁ
3199 2335 3322 2404 γοῦν
3358 2334 3544 2395 Ἀκύλας
3568 2349 3633 2398 φη-

2171 2426 2271 2477 σίν⁶
2305 2444 2324 2476 ι
2363 2425 2483 2478 Ἐπὶ
2512 2425 2600 2477 τὸν
2641 2424 2769 2477 λαόν
2800 2442 2916 2488 σου,
2947 2425 3042 2478 καὶ
3074 2425 3164 2476 ἐπὶ
3207 2424 3353 2476 πόλιν
3387 2420 3633 2492 ἠγιασμένην

2171 2534 2284 2568 σουο
2315 2536 2332 2567 ι
2355 2518 2382 2568 ὁ
2407 2517 2463 2569 δὲ
2491 2515 2804 2586 Σύμμαχος·
2833 2535 2852 2566 ι
2880 2516 3045 2569 Κατὰ
3091 2516 3183 2569 τοῦ
3212 2515 3337 2570 λαοῦ
3364 2531 3463 2573 σου,
3484 2511 3633 2577 καὶτῆς

2171 2606 2372 2668 πόλεως
2404 2606 2501 2674 τῆς
2525 2605 2687 2673 ἁγίας
2721 2622 2838 2658 σου.
2866 2624 2884 2656 ι
2913 2605 3074 2657 Ὅθεν
3106 2605 3200 2657 καὶ⁵
3231 2603 3373 2674 παρὰ
3408 2603 3501 2662 τοῖς
3534 2599 3633 2667 ἀκρι-

2171 2695 2315 2747 ϐέσιν
2351 2694 2700 2764 ἀντιγράφοις
2754 2695 2865 2748 τῶν
2906 2693 3296 2764 Ἐὁδομήκοντα
3341 2693 3396 2744 τὸ
3424 2690 3519 2746 σοῦ
3551 2686 3636 2758 μεςά

2170 2783 2485 2854 ἀστερίσκου
2519 2784 2881 2854 παραθέσεως
2921 2785 3258 2855 πρόσκειται.
3305 2783 3444 2836 Ἐπεὶ
3480 2779 3562 2846 γὰρ
3585 2777 3637 2827 εὖ·

2174 2869 2392 2939 ξάμενος
2421 2869 2617 2940 Δανιὴλ
2658 2871 2719 2922 ἐν
2744 2874 2860 2933 τοῖς
2889 2871 2990 2939 τῆς
3043 2870 3248 2932 ἱκεσίας
3295 2868 3446 2922 αὑτοῦ
3482 2868 3636 2935 ῥήμασι.

2174 2958 2424 3020 πολλάκις
2449 2959 2539 3010 τὸν
2583 2958 2682 3027 μὲν
2714 2959 2867 3024 λαὸν,
2903 2960 3038 3012 Θεοῦ
3081 2959 3208 3012 λαὸν
3235 2959 3489 3028 ὠνόμασε,
3514 2954 3579 3006 τὸν
3604 2947 3639 3003 δὲ

2173 3051 2268 3118 τῆς
2302 3047 2503 3110 πόλεως
2537 3047 2725 3112 τόπον,
2765 3049 2923 3116 ἅγιον
2948 3049 3081 3102 Θεοῦ
3118 3050 3296 3110 τόπον,
3328 3040 3641 3114 ἀντιστρέψαςὸ

2179 3135 2542 3208 χρηματίζων,
2592 3134 2720 3189 οὔτε
2759 3137 2860 3207 τὴν
2905 3139 3059 3190 πόλιν
3106 3138 3261 3205 ἁγίαν
3284 3136 3372 3189 τοῦ
3401 3132 3538 3193 Θεοῦ,
3565 3131 3640 3182 οὗτε

2177 3227 2264 3279 τὸν
2293 3225 2416 3278 λαὸν
2445 3222 2537 3276 τοῦ
2559 3224 2698 3276 Θεοῦ
2733 3222 2874 3278 εἶναι
2901 3227 3169 3296 ὁμολογεῖ,
3196 3226 3326 3279 ἀλλὰ
3358 3242 3376 3276 ι
3403 3222 3481 3276 σοῦ
3514 3241 3527 3272 ι
3559 3233 3641 3286 φησι

2177 3315 2267 3368 τοῦ
2333 3315 2793 3384 προσευχομένου,
2864 3317 2961 3369 καὶ
3009 3317 3230 3370 τοιαῦτα
3282 3316 3401 3386 περὶ
3441 3311 3518 3365 τοῦ
3560 3305 3642 3359 λαοῦ

2179 3406 2269 3458 καὶ
2290 3403 2382 3456 τοῦ
2407 3402 2571 3455 τόπου
2597 3405 2697 3456 καὶ
2730 3406 2833 3475 τῆς
2856 3405 3066 3468 πόλεως
3101 3404 3389 3476 εἰρηκότος.
3419 3403 3590 3470 Ἔχουσι

2177 3493 2268 3545 τοῦ
2315 3492 2506 3560 Δανιὴλ
2533 3493 2587 3544 αἱ
2637 3495 2822 3560 φωναὶ
2847 3494 3048 3557 οὕτως·
3077 3513 3095 3545 ι
3133 3493 3524 3564 Ἀποστραφήτω
3563 3485 3642 3553 61"ia

2178 3582 2343 3653 θυμός
2375 3599 2498 3648 σου,
2548 3581 2642 3634 καὶ
2681 3586 2716 3652 ἡ
2769 3584 2908 3653 ὀργή
2968 3601 3061 3637 σου
3096 3584 3201 3637 ἀπὸ
3245 3585 3340 3653 τῆς
3387 3578 3554 3640 πόλεώς
3590 3590 3642 3626 σου

2189 3668 2535 3739 Ἰερουσαλὴμ
2562 3667 2729 3738 ὅρους
2773 3671 2929 3738 ἁγίου
2983 3688 3078 3724 σου
3097 3689 3113 3703 ’
3140 3690 3158 3722 ι
3188 3673 3298 3725 καί⁶
3337 3690 3353 3721 ι
3391 3671 3442 3722 '0
3471 3667 3569 3726 λαός
3591 3680 3642 3714 σῡυ

2178 3757 2390 3822 ἐγένετο
2411 3757 2487 3817 εἰς
2507 3755 2814 3828 ὀνειδισμὸν
2837 3761 2894 3812 ὲν
2918 3761 3051 3813 πᾶσι
3071 3763 3182 3823 τοῖς
3204 3758 3486 3832 περικύκλῳ
3505 3752 3642 3826 ἡμῶνι

2179 3845 2271 3896 καὶ
2302 3845 2490 3897 πάλιν·
2536 3864 2554 3896 ι
2601 3847 2902 3917 Ἐπίιρανον
2955 3850 3016 3903 τὸ
3068 3851 3348 3921 πρόσωπόν
3394 3866 3474 3901 σου
3513 3845 3580 3898 ἐπὶ
3613 3839 3642 3890 τὶ

2179 3933 2420 4003 άγίασμά
2448 3952 2538 3987 σου
2565 3935 2628 3987 τὸ
2655 3936 2866 4008 ἔρημον
2885 3956 2899 3969 ·
2939 3959 2958 3992 ι
2995 3942 3090 3993 καὶ
3116 3935 3264 4004 αὖθις
3280 3957 3292 3970 ·
3318 3959 3334 3991 ι
3360 3939 3452 3992 Ἴδε
3471 3937 3542 3988 τὸν
3560 3934 3642 3998 dir

2179 4023 2364 4092 νισμὸν
2397 4025 2495 4093 τῆς
2527 4025 2739 4088 πόλεώς
2769 4045 2886 4092 σου,
2913 4032 2996 4099 ἐφ’
3021 4027 3091 4103 ἦς
3116 4031 3448 4100 ἐπικέκληται
3469 4028 3520 4079 τὺ
3539 4017 3642 4089 ὁνομέ

2181 4126 2271 4162 σου
2300 4114 2383 4163 ἐπ’
2413 4112 2582 4182 αὐτῆς
2601 4131 2614 4143 ⁸
2641 4134 2660 4165 ι
2700 4117 2798 4169 καὶ
2825 4117 2954 4189 ἑξῆς
2973 4136 2987 4149 ·
3016 4121 3138 4173 Ὅτι
3188 4121 3247 4173 τὸ
3286 4117 3443 4188 ὄνομά
3488 4131 3560 4168 σου
3592 4112 3642 4162 ἐπε

2177 4201 2372 4272 εκλήθη
2419 4204 2511 4255 ἐπὶ
2541 4205 2643 4275 τὴν
2697 4207 2852 4261 πόλιν
2904 4226 2998 4261 σου
3042 4211 3136 4263 καὶ
3166 4211 3255 4262 ἐπὶ
3293 4211 3377 4262 τὸν
3403 4208 3509 4261 λαόν
3543 4217 3642 4254 σουοι

2178 4290 2410 4345 Τοιαῦτα
2435 4291 2734 4362 εὐξάμενος
2753 4296 2998 4366 ἐπιλέγει
3021 4316 3034 4328 ·
3065 4321 3084 4350 ι
3103 4301 3211 4354 Καὶ
3237 4299 3312 4353 ἔτι
3338 4315 3428 4369 μου
3449 4293 3642 4349 λαλοῦντα

2179 4383 2271 4434 καὶ
2303 4385 2744 4454 προσευχομένου
2768 4428 2783 4452 ,
2823 4389 2934 4443 ἰδοὺ
2981 4391 3253 4462 Γαϐριὴλ,
3291 4391 3348 4443 ὃν
3376 4387 3494 4442 εἶδον
3537 4388 3578 4436 ὲν
3612 4380 3642 4446 τί

2177 4471 2359 4541 ὁράσει
2388 4489 2512 4542 μου,
2542 4477 2866 4547 πετόμενος,
2895 4479 2992 4533 καὶ
3021 4481 3193 4552 ἣψατό
3220 4499 3338 4552 μου,
3367 4481 3450 4534 καὶ
3475 4465 3642 4530 εἷπεντέ

2180 4560 2660 4631 ἀναγεγραμμένα.
2708 4567 2907 4635 Σαφῶς
2937 4565 3029 4622 οὖν
3073 4570 3160 4623 διὰ
3204 4569 3395 4621 τούτων
3416 4568 3442 4618 ό
3472 4564 3548 4634 μὲν
3569 4571 3642 4626 πρθ

2180 4651 2349 4719 φήτης
2377 4651 2528 4704 πόλιν
2548 4653 2652 4724 οὐχ
2665 4657 2876 4724 ἁπλῶς,
2903 4659 3038 4713 ἀλλὰ
3072 4678 3091 4712 ι
3115 4659 3207 4714 τοῦ
3237 4659 3364 4713 Θεοῦ
3386 4656 3516 4711 πόλιν
3541 4643 3642 4702 MM

2182 4754 2335 4806 μασε,
2363 4740 2456 4790 καὶ
2476 4740 2536 4792 τὸ
2565 4743 2824 4818 ἁγίασμα
2856 4767 2875 4800 ι
2902 4750 2995 4803 τοῦ
3024 4750 3157 4804 Θεοῦ
3181 4753 3430 4819 ἁγίασμα,
3451 4765 3468 4799 ι
3495 4742 3568 4795 καὶ
3601 4736 3641 4786 τὸ

2180 4827 2303 4878 λαὸν
2323 4845 2341 4877 ι
2363 4826 2457 4880 τοῦ
2479 4830 2616 4885 Θεοῦ
2637 4835 2786 4901 λαὸν,
2800 4859 2818 4890 ι
2837 4839 3067 4894 διαθέσει
3080 4845 3144 4913 τῇ
3161 4841 3290 4912 πρὸς
3299 4841 3383 4892 τὸν
3393 4824 3642 4889 λαόν.υὺκέτ

2184 4919 2287 4988 μὴν
2310 4919 2406 4971 καὶ
2433 4923 2462 4973 ὁ
2492 4921 2744 5000 Γαδριὴλ
2768 4930 2973 5002 ὁμοίως
2997 4933 3144 5004 αὐτῷ
3164 4932 3311 4985 καλεί
3326 4929 3390 4982 τὰ
3413 4921 3642 4996 δηλούμενα

2181 5009 2411 5078 ἔμπαλιν
2443 5012 2520 5077 δὲ,
2542 5035 2560 5066 ι
2596 5017 2724 5072 Ἐπὶ
2760 5022 2854 5074 τὸν
2876 5022 3004 5078 λαόν
3037 5041 3149 5088 σου,
3171 5045 3189 5077 ι
3206 5025 3350 5096 φησι,
3372 5042 3389 5074 ι
3417 5021 3496 5075 καὶ
3509 5015 3576 5069 ἐπὶ
3596 5007 3642 5075 iii

2181 5101 2331 5154 πόλιν
2351 5104 2448 5175 τὴν
2473 5106 2636 5173 ἁγίαν
2665 5127 2783 5177 σου,
2797 5132 2816 5163 ι
2837 5116 3118 5184 μονονουχὶ
3137 5116 3226 5168 καὶ
3246 5116 3337 5183 τὴν
3352 5112 3500 5170 πόλιν,
3515 5104 3584 5158 καὶ
3597 5097 3642 5150 τὸ⁴

2175 5189 2318 5256 λαὸν,
2337 5195 2430 5244 καὶ
2449 5195 2509 5246 τὸ
2533 5197 2786 5270 άγίασμα
2815 5202 3032 5268 ἀνάξιον
3051 5201 3184 5258 εἶναι
3207 5205 3300 5275 τῆς
3313 5200 3397 5254 τοῦ
3412 5195 3522 5252 Θεοῦ
3545 5200 3642 5260 προσ

2174 5283 2397 5352 ηγορίας
2441 5288 2751 5359 ἀποφήνας.
2795 5295 3061 5349 Τοσοῦτον
3086 5297 3150 5368 δὴ
3178 5293 3266 5350 οῦν
3304 5294 3471 5366 χρόνον
3491 5278 3642 5355 ὡρίσθα

2179 5372 2316 5426 κατὰ
2351 5375 2446 5428 τοῦ
2477 5377 2608 5431 λαοῦ
2637 5385 2876 5453 πρῶτον,
2911 5387 3102 5440 ἔπειτα
3134 5389 3225 5440 καὶ
3256 5384 3385 5439 κατὰ
3405 5381 3490 5450 τῆς
3511 5372 3642 5428 πέλω

2176 5462 2412 5519 διδάσκει
2431 5508 2444 5532 ,
2478 5469 2573 5523 καὶ
2612 5475 2870 5540 τοσοῦτός
2898 5494 2961 5546 γε
2999 5479 3074 5530 ὢν
3123 5477 3466 5531 ἀποδείκνυται
3495 5461 3578 5520 ἀπὺ
3590 5453 3642 5522 di

643 5592 687 5622 “
726 5591 889 5646 Exod.
924 5611 1098 5662 χχχιι,
1130 5601 1183 5660 '1.
1257 5607 1298 5639 “
1337 5607 1466 5666 Dan.
1505 5631 1584 5682 ix,
1623 5618 1702 5672 16.
1777 5619 1818 5648 ⁶²
1858 5613 1983 5669 ibid.
2058 5613 2072 5640 ⁸

2172 5615 2265 5668 aid.
2303 5618 2385 5674 Π,
2463 5622 2506 5653 ⁸⁸
2546 5622 2677 5680 ibid.
2725 5627 2807 5683 18.
2888 5631 2932 5662 ⁸⁵
2975 5630 3107 5686 ibid.
3142 5631 3223 5685 l9.
