3740 6334
996 392 1625 453 DEMONSTRATIONIS
1660 383 2109 448 EYANGELICE
2150 378 2276 443 LIB.
2321 391 2454 449 Vill.

3202 399 3302 456 602

172 501 489 565 ἀνανεώσεως
516 503 615 573 τῆς
651 504 1017 578 Ἰερουσαλὴμ,
1039 509 1066 561 δ
1088 508 1299 577 γέγονεν
1330 510 1418 562 ἐπὶ
1463 507 1690 579 Δαρείου·

1778 505 1869 560 sed
1898 523 1917 556 ι
1946 504 2038 559 Dei
2071 497 2353 559 civitatem
2375 546 2388 570 ,
2420 527 2439 560 ι
2472 510 2789 573 nominavit,
2818 517 2875 565 et
2905 514 3258 567 sanctuarium
3278 555 3297 581 ,

167 594 250 648 τοῦ
296 591 510 663 Περσῶν
544 591 848 662 βασιλέως,
879 597 1036 668 μέχρι
1072 599 1168 668 τῆς
1211 598 1508 666 Αὐγούστου
1558 598 1679 648 Ῥω-

172 684 323 756 μαίων
350 684 763 754 ἐπικρατήσεως
781 725 798 750 ,
847 686 1078 757 Ἡρώδου
1120 705 1178 741 τε
1227 688 1484 742 Ἰουδαίων
1534 688 1681 758 βασι-

167 772 302 836 λέως,
331 770 625 841 ἀλλοφύλου
659 775 722 827 τὺ
746 776 923 843 γένος,
955 777 1072 830 καθ’
1099 776 1188 839 οὓς
1214 776 1282 830 τὰ
1309 778 1405 847 τῆς
1427 778 1681 845 γενέσεως

168 863 428 931 ἱστορεῖται
467 862 563 913 τοῦ
606 864 865 934 Σωτῆρος
889 865 1043 934 ἡμῶν
1063 906 1077 930 ,
1126 866 1198 928 ὡς
1240 867 1268 918 6
1294 866 1445 932 λόγος
1484 863 1680 934 προῖὼν

167 950 407 1014 ἐπιδείξει.
453 949 611 1021 Ἑξῆς
656 952 716 1004 δὲ
769 954 1038 1022 ἐπιλέγει⁸
1091 975 1108 1006 ι
1147 954 1251 1007 Τοῦ
1286 953 1682 1022 συντελεσθῆναι

166 1040 441 1111 ἁμαρτίαν,
487 1041 584 1092 καὶ
630 1042 729 1095 τοῦ
782 1044 1070 1115 σφραγίσαι
1117 1044 1406 1115 ἁμαρτίαν,
1435 1045 1524 1097 καὶ
1574 1045 1679 1097 ἀπ-

166 1129 352 1198 αλεῖψαι
392 1129 654 1199 ἀνομίας,
697 1132 797 1184 καὶ
824 1133 915 1186 τοῦ
938 1132 1273 1197 ἐξιλάσασθαι
1319 1134 1544 1197 ἀδικίας,
1589 1135 1681 1186 καὶ

166 1218 362 1284 ἀγαγεῖν
399 1217 754 1288 δικαιοσύνην
811 1220 1020 1275 αἰώνιον
1042 1260 1058 1286 ,
1106 1224 1198 1274 καὶ
1246 1221 1337 1274 τοῦ
1396 1222 1680 1293 σφραγίσαι

165 1304 346 1373 ὅρασιν,
374 1303 464 1356 καὶ
494 1306 816 1376 προφήτην,
849 1308 940 1361 καὶ
968 1307 1059 1360 τοῦ
1082 1311 1256 1377 χρῖσαι
1280 1308 1429 1377 ἅγιον
1448 1310 1632 1377 ἁγίων.
1657 1328 1675 1361 ι

176 1393 298 1445 ’Δντὶ
328 1392 420 1462 μὲν
446 1389 540 1446 οὖν
570 1414 588 1445 ι
612 1394 712 1447 τοῦ
740 1396 1147 1466 συντελεσθῆναι
1172 1399 1455 1469 ἁμαρτίαν,
1485 1401 1573 1453 mi
1589 1398 1678 1453 τοῦ

167 1481 426 1552 σφραγίσαι
455 1483 768 1553 ἁμαρτίαν,
810 1505 830 1536 ι
864 1487 893 1538 6
929 1486 1146 1550 Ἀκύλας
1190 1489 1478 1558 πεποίηκε,
1528 1508 1545 1538 ι
1575 1488 1678 1542 Τοῦ

165 1572 438 1625 συντελέσαι
479 1572 580 1642 τὴν
630 1572 892 1639 ἀθεσίαν,
938 1574 1148 1628 καὶτοῦ
1191 1576 1463 1630 τελειῶσαι
1510 1579 1681 1648 ἁμαρ-

163 1664 276 1716 τίαν.
298 1680 314 1712 ι
341 1661 410 1714 Τὸ
432 1660 560 1732 γάρ,
588 1679 608 1712 ι
633 1661 969 1731 Πληρώσατε
994 1664 1053 1716 τὸ
1089 1666 1276 1735 μέτρον
1301 1665 1405 1717 τῶν
1438 1666 1679 1736 πατέρων

164 1753 308 1823 ὑμῶν,
337 1771 356 1803 ι
383 1753 673 1823 εἰρημένον
703 1755 816 1807 ὑπὸ
838 1754 931 1806 τοῦ
958 1755 1197 1825 Σωτῆρος
1221 1754 1370 1824 ἡμῶν
1396 1754 1527 1825 πρὸς
1558 1756 1679 1817 τοὺς

163 1844 217 1894 ἐκ
241 1842 556 1912 περιτομῆς,
605 1843 704 1895 καὶ
750 1841 844 1895 διά
880 1843 1075 1895 τούτων
1117 1838 1265 1913 οἶμαι
1300 1843 1670 1913 παρίστασθαι.

174 1931 274 1983 Ἐπὶ
294 1931 395 2000 γὰρ
423 1931 519 2000 τῆς
549 1933 675 1984 κατ’
710 1931 880 1983 αὐτοῦ
905 1931 1254 2002 τολμηθείσης
1290 1932 1381 1985 τοῦ
1417 1934 1677 1987 Ἰουδαίων

120 2028 127 2053 ¹
163 2019 317 2084 ἔθνους
333 2022 618 2092 ἐπιϐουλῆς
648 2023 1004 2093 συνετελέσθη
1035 2025 1207 2079 αὐτῶν
1245 2028 1277 2095 ἡ
1304 2027 1558 2097 ἁμαρτία,
1588 2028 1678 2079 καὶ

164 2112 334 2182 ήπρὺς
356 2112 443 2165 τὸν
486 2113 655 2176 Θεὸν,
685 2113 834 2167 κατὰ
878 2115 967 2166 τὸν
1004 2112 1257 2179 Ἀκύλαν,
1307 2115 1494 2169 ἀθεσία
1533 2115 1679 2180 τέλος

164 2202 339 2272 εἴληφε.
389 2204 562 2256 Πάλαι
607 2203 711 2274 μὲν
761 2204 873 2274 γὰρ
915 2206 1169 2276 πρότερον
1206 2206 1390 2275 ἔφερεν
1425 2207 1674 2276 αὐτοὺςή

164 2293 375 2347 τοῦΘεοῦ
403 2295 778 2366 μακροθυμία,
809 2296 975 2366 μυρία
999 2297 1096 2350 ὅσα
1121 2297 1553 2368 πλημμελοῦντας
1578 2300 1678 2366 πρὸ

166 2387 245 2456 τῆς
267 2384 350 2437 τοῦ
377 2386 627 2456 Σωτῆρος
651 2387 685 2456 ἡ
694 2385 815 2454 μῶν
838 2386 1149 2456 παρουσίας,
1170 2387 1443 2458 ὠσπεροῦν
1464 2388 1550 2442 διὰ
1572 2388 1676 2442 τῶν

165 2475 477 2544 προφητικῶν
501 2476 891 2529 ἀποδείκνυται
921 2476 1116 2544 λόγωνο
1168 2477 1301 2548 πλὴν
1344 2479 1454 2531 ἀλλ’
1494 2478 1677 2550 ὥσπερ

163 2566 356 2619 ἐπὶτῶν
394 2566 560 2618 πάλαι
606 2566 710 2635 τὴν
756 2567 858 2634 γῆν
898 2565 999 2635 τῆς
1033 2567 1353 2634 ἐπαγγελίας
1399 2566 1676 2620 οἰκούντων

162 2654 431 2724 ἀλλοφύλων
460 2655 647 2726 εἴρητο
671 2654 762 2724 τῷ
800 2654 1045 2725 Ἀϐραάμ
1073 2670 1086 2684 ·
1118 2674 1136 2706 ι
1168 2654 1329 2708 Οὔπω
1352 2655 1459 2727 γὰρ
1482 2657 1677 2709 ἀναπε-

165 2742 434 2814 πλήρωνται
462 2746 517 2797 αἱ
556 2744 834 2815 ἁμαρτίαι
876 2742 983 2797 τῶν
1021 2744 1349 2814 Ἀμορραίων
1368 2762 1381 2776 ·
1414 2764 1433 2795 ι
1459 2747 1551 2799 καὶ
1575 2745 1675 2808 ἕως

168 2832 354 2902 μηδέπω
374 2830 509 2905 ἦσαν
558 2833 1055 2904 ἐκπεπληρωμέναι
1076 2874 1091 2898 ,
1129 2835 1226 2888 οὐκ
1269 2834 1549 2904 ἠλαύνοντό
1592 2854 1677 2891 πω

165 2922 205 2972 oi
230 2922 518 2993 ’Δμορραῖοι
570 2926 673 2993 τῆς
706 2923 968 2992 πατρῴας
1002 2925 1121 2992 γῆς.
1172 2923 1319 2975 Ἐπεὶ
1349 2922 1406 2975 δὲ
1436 2921 1676 2994 ἐπληρώ-

167 3008 310 3077 θησαν
352 3012 406 3064 αί
462 3011 745 3082 ἁμαρτίαι
778 3007 972 3073 αὐτῶν,
1024 3009 1312 3075 τηνικαῦτα
1358 3010 1554 3072 πάντες
1593 3011 1677 3077 ἐξ·

1707 1808 1751 1864 B

1784 616 1802 648 ι
1832 596 1921 651 Dei
1947 592 2310 651 sanctuarium
2331 637 2348 662 ,
2369 618 2388 651 ι
2406 609 2458 660 et
2481 602 2725 671 populum
2748 640 2763 666 ,
2796 621 2813 652 ι
2847 600 2938 654 Dei
2966 606 3211 673 pupulum
3232 645 3244 669 ,
3271 625 3290 656 ι

1779 685 1853 738 ita
1882 685 2127 740 videlicet
2155 684 2336 741 animo
2376 703 2502 757 erga
2545 690 2692 742 illum
2740 690 2989 759 populum
3032 693 3250 746 affectus
3277 676 3300 748 τ’

1779 786 1831 828 at
1863 790 1988 828 vero
2015 772 2225 827 Gabriel
2256 790 2366 829 non
2404 777 2529 830 item
2563 784 2619 830 ut
2648 778 2763 846 ipse
2785 817 2799 841 ,
2837 793 2898 831 ea
2927 796 3042 848 qua!
3070 780 3178 851 jam
3209 783 3294 836 di-

1777 873 1861 918 eta
1892 872 2016 919 sunt
2040 872 2223 929 vocat,
2254 865 2347 919 sed
2377 882 2441 921 ex
2469 869 2768 930 contrario,
2798 886 2816 918 ι
2847 865 3016 938 Super
3041 873 3289 940 populum

1777 962 1925 1009 tuum
1946 996 1958 1018 ,
1993 957 2194 1024 inquit,
2227 965 2279 1010 et
2310 972 2469 1025 super
2500 957 2767 1011 civitatem
2801 968 3035 1012 sanctam
3067 968 3241 1027 tuam,
3266 982 3285 1016 ι

1779 1047 1867 1100 ubi
1897 1045 2275 1115 propemodum
2306 1056 2357 1100 et
2381 1047 2648 1102 civitatem
2669 1088 2683 1113 ,
2713 1057 2761 1102 et
2786 1050 3070 1117 pupulum,
3092 1062 3144 1104 et
3167 1068 3292 1106 san-

1777 1137 2037 1190 ctuarium
2069 1136 2159 1189 illa
2181 1135 2271 1190 Dei
2295 1137 2648 1205 appellatione
2679 1138 2896 1207 indigna
2927 1153 3045 1194 esse
3073 1140 3291 1195 demon-

1777 1233 1930 1280 strat.
1954 1225 2177 1279 Tantum
2203 1226 2364 1295 igitur
2384 1226 2637 1294 temporis
2657 1228 2888 1295 spatium
2907 1227 3131 1295 primum
3163 1244 3291 1281 con—

1776 1319 1857 1365 tra
1896 1313 2178 1381 populum,
2216 1313 2407 1368 deinde
2438 1322 2625 1367 contra
2661 1315 2926 1388 civitatem
2973 1316 3289 1383 praeﬁnitum

1776 1415 1895 1456 esse
1921 1401 2075 1455 docet
2103 1420 2115 1455 :
2147 1410 2199 1456 et
2227 1402 2369 1471 quod
2402 1409 2609 1456 tantum
2643 1404 2740 1466 sit,
2772 1403 3004 1459 ostendit
3032 1420 3096 1457 cx
3128 1421 3288 1458 reno-
3309 1418 3321 1433 '

1779 1492 1986 1545 vatione
2031 1490 2344 1545 Jerusalem.
2400 1491 2458 1545 ld
2508 1506 2666 1559 porro
2717 1492 3022 1545 continetur
3061 1508 3089 1545 a
3130 1493 3290 1549 Dario

1777 1578 2057 1634 Persarum
2101 1595 2225 1648 rege
2271 1595 2437 1648 usque
2483 1580 2548 1633 ad
2591 1580 2815 1649 Augusti
2863 1582 3189 1636 dominatum
3235 1582 3292 1638 in

1777 1667 2063 1731 Romanos,
2089 1678 2141 1723 et
2164 1668 2420 1723 Herodem
2445 1669 2744 1725 Judmorum
2773 1686 2980 1739 regem,
3003 1672 3092 1741 qui
3119 1672 3293 1727 alieno

1777 1774 1968 1829 genere
2007 1765 2164 1813 natus
2197 1768 2308 1822 est,
2341 1775 2567 1828 quorum
2602 1761 2930 1828 temporibus
2971 1776 3032 1816 ea
3079 1778 3196 1831 quae
3225 1762 3291 1816 ad

1776 1859 1946 1904 ortum
1967 1850 2253 1904 Salvatoris
2266 1850 2433 1904 nostri
2448 1851 2728 1920 pertinent,
2750 1860 3085 1915 enarrantur,
3109 1868 3295 1920 quem-

1775 1940 2055 1994 admodum
2086 1939 2296 2010 longius
2349 1954 2627 2008 progressa
2671 1940 2840 1992 oratio
2884 1939 3289 1997 demonstrabit.

1774 2026 1971 2082 Ordine
2001 2027 2250 2095 deinceps
2298 2026 2539 2094 sequitur
2566 2044 2579 2079 :
2610 2045 2626 2074 ι
2646 2024 2715 2080 Ut
2742 2034 3141 2081 consummetur
3170 2043 3294 2095 pec-

1775 2125 1949 2173 catum
1970 2156 1984 2180 ,
2014 2125 2068 2171 et
2104 2116 2255 2184 quasi
2296 2115 2493 2168 annulo
2537 2115 2815 2182 signentur
2846 2124 3058 2182 peccata
3078 2153 3092 2177 ,
3121 2122 3173 2170 et
3202 2115 3294 2169 de-

1775 2207 1983 2263 leantur
2020 2205 2359 2274 iniquitates,
2395 2211 2449 2258 et
2475 2204 2756 2271 expientur
2790 2203 3096 2271 injustitim,
3128 2211 3180 2257 et
3210 2204 3292 2257 in-

1775 2298 2000 2351 ducatur
2018 2296 2225 2364 justitia
2247 2294 2588 2362 sempiterna,
2606 2301 2658 2345 et
2678 2292 2831 2362 quasi
2853 2292 3004 2360 signo
3029 2292 3291 2360 impresso

1775 2386 2056 2441 claudatur
2084 2385 2220 2438 visio
2248 2392 2299 2438 et
2341 2383 2651 2453 prophetia,
2695 2390 2749 2436 et
2789 2390 3019 2452 ungatur
3062 2380 3291 2437 Sanctus

1775 2483 2100 2532 sanctorum.
2127 2493 2147 2525 ι
2173 2472 2278 2527 Pro
2305 2488 2368 2527 eo
2398 2479 2571 2525 autem
2600 2471 2741 2540 quod
2770 2479 2884 2532 est,
2913 2489 2931 2520 ι
2955 2469 3022 2524 Ut
3049 2485 3291 2525 consum-

1775 2576 1945 2623 metur
1972 2572 2276 2635 peccatum,
2318 2570 2373 2616 et
2415 2562 2571 2631 quasi
2615 2561 2815 2614 annulo
2855 2560 3129 2630 signentur
3166 2575 3291 2629 pec-

1773 2667 1910 2722 cata,
1941 2676 1960 2710 ι
1987 2656 2176 2726 Aquila
2205 2654 2396 2715 vertit,
2426 2672 2445 2705 ι
2477 2653 2556 2707 Ad
2584 2651 3057 2706 consummandam
3089 2666 3294 2722 praeva-

1774 2747 2113 2809 ricationem,
2144 2752 2196 2798 et
2235 2744 2391 2798 linem
2432 2741 2810 2812 imponendum
2841 2746 3078 2809 peccato.
3109 2758 3129 2792 ι
3159 2739 3292 2794 Illud

1772 2838 1935 2900 enim,
1985 2853 2002 2886 ι
2031 2834 2250 2903 lmplete
2276 2847 2580 2889 mensuram
2608 2838 2817 2901 patrum
2845 2839 3142 2887 vestrorum
3172 2829 3238 2895 “,
3267 2849 3287 2882 ι

1771 2924 1914 2995 quod
1952 2940 1983 2978 ιι
2021 2922 2296 2978 Salvatore
2332 2930 2516 2976 nostro
2554 2921 2623 2974 ad
2663 2919 2876 2977 Iudaeos
2925 2919 3126 2975 dictant
3168 2927 3291 2983 est,

1773 3017 1931 3071 etiam
1962 3016 2017 3070 in
2047 3015 2131 3071 his
2156 3014 2387 3067 arbitror
2416 3012 2678 3066 contineri
2707 3026 2770 3067 ac
2800 3010 3089 3081 signiﬁcari
3115 3029 3130 3065 :
3159 3026 3285 3067 nam

166 3098 528 3170 ωλοθρεύθησαν
558 3102 653 3154 ἐπὶ
684 3098 801 3153 τῶν
840 3098 1007 3169 Ἰησοῦ
1047 3098 1137 3152 τοῦ
1177 3099 1411 3164 Μωσέως
1441 3099 1674 3170 διαδόχου

1775 3109 1900 3162 dum
1939 3107 2163 3162 insidias
2196 3106 2271 3160 illi
2300 3103 2523 3159 Iudaica
2552 3103 2934 3174 gensmolitur
2960 3110 3014 3157 et
3040 3101 3290 3164 coniicit,

167 3189 372 3259 χρόνων·
401 3189 539 3243 οὕτω
567 3191 665 3243 καὶ
710 3190 809 3241 ἐπὶ
840 3188 933 3241 τοῦ
979 3188 1236 3259 προτέρου
1281 3190 1489 3258 νοήσεις
1526 3188 1671 3241 λαοῦ.

168 3278 285 3341 Ἕως
305 3281 393 3349 μὲν
419 3279 527 3350 γὰρ
556 3279 661 3332 οὐκ
690 3277 1024 3349 ἐπληροῦντο
1051 3276 1223 3330 αὐτῶν
1247 3280 1300 3331 αἱ
1326 3278 1602 3348 ἁμαρτίαι,
1639 3281 1671 3348 ἡ

167 3366 240 3419 τοῦ
261 3368 383 3421 Θεοῦ
413 3371 578 3439 ἀνοχὴ
606 3368 705 3422 καὶ
751 3367 1091 3437 μακροθυμία
1131 3367 1317 3437 ἔφερεν
1355 3370 1564 3433 αὐτοὺς,
1597 3370 1676 3432 είς

166 3455 456 3527 ἐπιστροφὴν
482 3457 748 3509 ἑκάστοτε
768 3453 1068 3525 προσκαλου
1077 3453 1208 3523 μένη
1241 3452 1325 3507 διά
1346 3453 1449 3509 τῶν
1473 3470 1676 3524 προφη-

166 3542 269 3600 τῶν.
283 3545 422 3598 Ἐπεὶ
444 3546 499 3597 δέ
518 3543 664 3597 κατά
682 3542 785 3612 τὴν
805 3540 1068 3612 σωτηρίαν
1093 3541 1268 3609 φωνὴν
1291 3540 1600 3611 ἐπλήρωσαν
1617 3542 1675 3594 τὺ

168 3632 331 3703 μέτρον
370 3635 474 3688 τῶν
507 3633 766 3704 πατέρων
805 3630 1000 3694 αὐτῶν,
1034 3629 1172 3683 οὓτω
1194 3629 1239 3681 δ’
1262 3630 1326 3683 ἂν
1347 3630 1516 3685 πάντα
1552 3647 1671 3684 συνσ-

166 3720 363 3790 αχθέντα
389 3724 528 3778 κατά
554 3724 618 3776 τὸ
646 3723 780 3775 αὐτὸ
808 3720 898 3774 τὸν
939 3719 1158 3789 ἔσχατον
1183 3720 1362 3782 αὐτοῖς
1397 3721 1677 3791 κατειργά-

168 3829 272 3866 σατο
291 3814 518 3885 δλεθρον,
551 3809 838 3882 ὡσπεροῦν
870 3809 1027 3863 πάλιν
1053 3809 1209 3872 αὐτὸς
1241 3809 1269 3862 6
1297 3798 1495 3881 Κύριος
1526 3810 1676 3879 ἡμῶν

167 3903 368 3956 διδάσκει
396 3905 598 3972 λέγων·
636 3921 656 3952 ι
689 3902 803 3953 Πᾶν
839 3895 974 3970 αἷμα
1004 3898 1223 3968 ἐκχυθὲν
1253 3898 1356 3953 ἀπὸ
1385 3899 1676 3971 καταϐολῆς

166 3994 359 4063 κόσμου,
386 3994 494 4048 ἀπὸ
518 3993 757 4063 αἵματος
782 3989 944 4042 Ἀσελ
978 3988 1071 4041 τοῦ
1097 3988 1298 4042 δικαίου
1327 3988 1428 4053 ῑως
1457 3990 1674 4059 αἵματος

167 4080 414 4151 Ζαχαρίου,
444 4081 600 4150 ἥξειν
652 4078 747 4130 ἐπὶ
790 4077 889 4146 τὴν
936 4074 1120 4144 γενεὰν
1150 4074 1361 4145 ταύτην.
1393 4094 1413 4127 ι
1449 4076 1521 4129 Τδ
1549 4077 1675 4145 γοῦν

163 4168 353 4237 ἔσχατον
396 4170 656 4224 ἁπάντων
692 4166 790 4229 τὰς
828 4166 1007 4236 χεῖρας
1039 4164 1303 4219 ἐπιϐαλεῖν
1339 4166 1418 4236 τῷ
1445 4166 1556 4236 Υίῷ
1585 4168 1673 4222 τοῦ

163 4258 273 4312 Θεοῦ
314 4261 701 4331 τολμήσαντες,
735 4255 981 4309 ἐτέλεσαν
1027 4254 1122 4324 τὴν
1171 4254 1407 4321 ἀθεσίαν,
1435 4258 1526 4311 καὶ
1570 4259 1678 4310 ἐτε-

163 4346 359 4402 λείωσαν
382 4349 479 4420 τὴν
512 4347 722 4402 ἑαυτῶν
746 4344 1030 4416 ἁμαρτίαν,
1054 4344 1189 4398 κατά
1213 4345 1310 4414 τὴν
1342 4345 1557 4400 ’Δκύλου
1590 4349 1675 4418 ἐρ-

1774 3206 2046 3266 peccatum
2099 3210 2256 3251 suum
2322 3193 2755 3248 consummavit:
2805 3199 2860 3244 et
2908 3191 3182 3259 ejusdem,
3232 3197 3293 3242 ut

1770 3286 1961 3357 Aquila
1997 3286 2187 3348 vertit,
2226 3282 2487 3338 adversus
2526 3281 2689 3335 Deum
2728 3280 3095 3349 praevaricatio
3134 3278 3288 3335 linem

1771 3372 1998 3440 accepit.
2026 3369 2348 3439 iampridem
2376 3370 2516 3422 enim
2547 3369 2666 3422 illos
2705 3368 2948 3436 quamvis
2989 3366 3294 3421 innumera-

1770 3460 1898 3515 bilia
1952 3466 2171 3527 peccata
2214 3465 2584 3527 perpetrantes
2623 3461 2746 3509 ante
2781 3453 3076 3509 Salvatoris
3119 3455 3290 3509 nostri

1772 3550 2052 3605 adventum
2073 3586 2088 3611 ,
2124 3547 2216 3602 Dei
2243 3556 2419 3601 tamen
2451 3547 2732 3603 clementia
2764 3543 3004 3607 ferebat,
3035 3542 3289 3612 quemad-

1770 3638 1984 3694 modum
2031 3636 2278 3691 videlicet
2326 3635 2635 3705 pmphetica
2690 3632 2807 3702 ipsa
2854 3632 3016 3687 verba
3064 3630 3287 3687 demou-

1771 3737 1942 3787 strant
1973 3749 1988 3785 :
2037 3738 2399 3785 verumtamen
2446 3726 2585 3781 sicut
2634 3722 2701 3779 de
2743 3724 2850 3778 illis
2876 3724 2968 3792 qui
2998 3736 3190 3791 genere
3217 3722 3288 3777 ab

1771 3819 2007 3876 Hebraeis
2048 3816 2385 3876 dill‘erentes,
2446 3822 2642 3868 terram
2681 3811 3052 3881 promissionis
3090 3810 3290 3866 incole-

1768 3910 1898 3965 bant
1918 3906 1983 3961 ad
2011 3905 2272 3961 Abraham
2300 3903 2498 3956 dictum
2514 3908 2594 3955 est
2620 3917 2633 3954 :
2661 3918 2679 3950 ι
2707 3896 2950 3955 Nondum
2974 3899 3116 3960 enim
3137 3912 3286 3951 com-

1769 4000 1911 4069 pleta
1962 4003 2086 4051 sunt
2117 4000 2332 4064 peccata
2384 3990 2851 4045 Amorrbaaorum:
2890 4008 2909 4037 ι
2938 3996 2992 4045 et
3038 3988 3289 4056 quamdiu

1770 4087 2033 4156 completa
2070 4100 2176 4140 non
2223 4083 2401 4147 fuere,
2428 4081 2495 4136 de
2530 4088 2671 4136 terra
2711 4082 2946 4150 ipsorum
2989 4078 3158 4147 patria
3195 4092 3290 4138 ex-

1769 4177 1905 4247 pulsi
1932 4190 2037 4229 non
2060 4181 2203 4229 sunt.
2228 4172 2328 4226 Ubi
2355 4179 2528 4225 autem
2556 4169 2815 4238 completa
2839 4175 2997 4230 sunt,
3022 4173 3136 4223 tum
3163 4180 3289 4221 vero

1769 4281 1954 4322 omnes
1992 4266 2045 4319 in
2088 4263 2359 4319 interitum
2403 4260 2732 4321 inciderunt,
2771 4273 2889 4327 qua:
2939 4270 3068 4315 sane
3109 4256 3290 4311 clades

1772 4359 1890 4413 illos
1925 4357 2129 4424 excepit
2158 4353 2481 4421 temporibus
2529 4351 2672 4405 illius
2716 4349 2839 4405 Jesu
2877 4349 2967 4417 qui
3000 4345 3131 4402 Mosi
3164 4361 3287 4402 suc-

166 4440 357 4506 μηνείαν
376 4456 390 4470 ·
438 4438 584 4492 κατά
631 4437 689 4489 δέ
737 4437 861 4497 τοὺς
894 4435 1292 4505 Ἑϐδομήκοντα,
1323 4435 1472 4506 ἐδέθη
1503 4437 1676 4491 αὐτῶν

1776 4449 1979 4504 cessit:
2011 4447 2083 4500 ita
2117 4445 2280 4499 etiam
2319 4445 2385 4498 de
2425 4442 2602 4511 priore
2637 4441 2733 4499 tibi
2772 4438 3172 4508 intelligendum
3204 4444 3289 4494 est

164 4527 241 4581 καὶ
263 4527 593 4599 ἐσφραγίσθη
628 4528 663 4596 ἠ
685 4525 941 4597 ἁμαρτία.
958 4524 1112 4577 Ἀλλὰ
1149 4526 1267 4578 ἐπεὶ
1296 4526 1367 4596 μὴ
1397 4527 1550 4596 μόνον
1594 4530 1672 4591 είς

1773 4539 2007 4608 populo:
2039 4534 2298 4606 quamdiu
2341 4535 2481 4590 enim
2526 4534 2737 4588 illorum
2775 4538 2990 4601 peccata
3025 4531 3285 4600 completa

164 4617 361 4681 πτῶσιν,
387 4618 526 4672 ἀλλά
552 4618 653 4669 καὶ
682 4619 759 4679 είς
792 4615 1077 4670 ἀνάστασιν
1107 4615 1307 4668 πολλῶν
1338 4615 1583 4686 ἐλήλυθεν
1614 4619 1671 4670 ἐν

1773 4642 1878 4680 non
1911 4634 2034 4679 sunt
2055 4663 2070 4684 ,
2104 4623 2196 4678 Dei
2226 4623 2344 4676 illos
2372 4620 2622 4689 patientia
2646 4625 2699 4673 et
2724 4616 3021 4686 benignitas
3050 4615 3202 4677 tulit,
3231 4620 3285 4668 et

165 4702 229 4772 τῷ
256 4706 475 4778 Ἰσραὴλ,
503 4706 652 4761 καθά
676 4723 801 4776 φησι
826 4706 953 4776 περὶ
988 4702 1167 4767 αὑτοῦ,
1201 4722 1220 4755 ί
1242 4704 1368 4759 Ἰδοὺ
1391 4699 1540 4769 οὗτος
1562 4710 1669 4759 κεῖ-

164 4807 236 4844 ται
254 4797 327 4859 εἰς
345 4797 551 4850 πτῶσιν
576 4795 674 4848 καὶ
690 4796 976 4848 ἀνάστασιν
1000 4793 1201 4847 πολλῶν
1228 4796 1284 4847 ἐν
1303 4794 1378 4864 τῷ
1405 4795 1631 4868 Ἰσραὴλ,
1644 4818 1662 4850 ι

168 4883 357 4948 είκότως
401 4890 515 4949 τοῖς
560 4885 865 4956 εἰρημένοις
894 4883 1020 4952 ἑξῆς
1061 4883 1292 4949 ἐπιλέγει
1318 4885 1346 4936 6
1368 4884 1554 4955 Δανιὴλ
1591 4887 1670 4940 τόο

171 4987 187 5017 ι
209 4973 302 5025 Καὶ
333 4974 423 5026 τοῦ
451 4972 745 5041 ἀπαλεῖψαι
783 4971 1067 5043 ἁμαρτίας,
1096 4972 1187 5024 καὶ
1217 4970 1310 5022 τοῦ
1339 4971 1673 5035 ἐξιλάσασθαι

162 5056 359 5123 ἀδικίας.
389 5080 409 5112 ι
451 5061 552 5113 Διά
595 5064 708 5133 γὰρ
738 5062 798 5113 τὸ
829 5061 1080 5114 ἀδύνατον
1118 5056 1251 5112 εἶναι
1290 5056 1424 5129 αἷμα
1465 5063 1672 5134 ταύρων

164 5148 242 5200 καὶ
258 5152 460 5221 τράγων
478 5152 736 5223 ἀφαιρεῖν
762 5151 1049 5222 ἁμαρτίας,
1072 5149 1269 5203 δεῖσθαι
1293 5151 1346 5202 δὲ
1374 5154 1476 5205 πᾶν
1495 5153 1551 5205 τὸ
1569 5156 1670 5209 τῶν

166 5235 431 5308 ἀνθρώπων
459 5242 617 5309 γένος
652 5241 875 5310 ἱλασμοῦ
930 5240 1125 5304 ζῶντος
1168 5240 1259 5291 καὶ
1297 5240 1540 5310 ἀληθινοῦ
1573 5240 1670 5313 (οὗ

169 5327 311 5381 τύπον
332 5331 484 5401 ἔφερε
507 5332 572 5383 τὸ
602 5332 750 5402 παρὰ
780 5333 961 5384 Μωσεῖ
985 5329 1411 5383 κατασκευασθὲν
1460 5333 1671 5406 ίλαστή·

178 5415 464 5487 ρων),οὒτος
486 5417 675 5490 atavo
694 5419 878 5490 Σωτὴρ
903 5420 991 5472 καὶ
1017 5418 1212 5486 Κύριος
1239 5418 1406 5486 ἡμῶν,
1430 5421 1457 5471 ὁ
1487 5423 1673 5492 Ἀμνδς

182 5505 255 5558 τοῦ
279 5507 421 5572 Θεοῦ,
448 5510 572 5580 περὶ
613 5504 672 5563 οῦ
716 5509 919 5577 εῖρηται
938 5523 952 5537 σ
988 5523 1007 5556 ι
1029 5505 1126 5556 Ἰδὲ
1158 5504 1345 5574 Ἀμνδς
1371 5508 1460 5562 τοῦ
1489 5509 1616 5565 Θεοῦ
1644 5516 1673 5568 6

245 5680 283 5711 “
313 5679 482 5734 Matth.
518 5694 647 5733 XXIII
670 5717 684 5739 ,
720 5677 802 5728 32.
878 5678 917 5717 ’ἵ
956 5674 1083 5728 ibid.
1123 5673 1204 5729 55.

1769 4731 1862 4785 per
1896 4713 2185 4782 prophetas
2221 4711 2456 4779 undique
2490 4707 2557 4767 ad
2585 4706 2983 4761 conversionem
3023 4703 3284 4758 invitavit.

1768 4801 1923 4872 385
1955 4799 2240 4868 Postquam
2270 4805 2471 4859 autem,
2504 4801 2559 4848 ut
2592 4793 2832 4848 Salvator
2856 4791 2921 4845 ad
2950 4791 3094 4858 ipsos
3126 4790 3279 4852 dixit,

1771 4891 2121 4959 impleverunt
2149 4900 2455 4942 mensuram
2493 4890 2700 4953 patrum
2730 4894 2978 4942 suorum,
3014 4886 3125 4932 tum
3157 4891 3283 4933 vero

1770 4981 1826 5035 in
1873 4978 2114 5033 eumdem
2159 4977 2333 5031 locum
2375 4983 2557 5029 coacta
2612 4971 2811 5036 omnia,
2840 4976 3133 5029 extremum
3174 4966 3281 5023 illis

1769 5072 2165 5124 maturaverunt
2201 5065 2494 5125 interitum.
2523 5077 2651 5118 sane
2686 5056 3124 5128 quemadmodum
3154 5055 3280 5111 item

1767 5156 2020 5211 Dominus
2050 5160 2228 5206 noster
2256 5165 2355 5205 nos
2383 5149 2554 5212 docet,
2586 5146 2673 5200 ubi
2707 5145 2778 5197 ait
2812 5162 2826 5198 :
2857 5160 2876 5195 ι
2901 5140 3120 5201 Omnem
3152 5154 3278 5194 san-

1767 5247 1976 5319 guinem
2003 5242 2228 5298 effusum
2267 5256 2297 5294 a
2322 5237 2698 5295 constitutione
2728 5232 2933 5294 mundi,
2965 5245 2996 5284 a
3020 5229 3279 5299 sanguine

1769 5335 1900 5389 Ab‘el
1938 5333 2071 5402 justi
2115 5345 2285 5401 usque
2330 5328 2396 5383 ad
2438 5327 2744 5397 sanguinem
2781 5320 3069 5384 Zacharim,
3091 5324 3282 5387 ventu-

1769 5438 1889 5478 rum
1934 5437 2093 5491 super
2133 5419 2526 5490 generationem
2566 5417 2722 5471 istam
2765 5410 2831 5465 ⁸⁷.
2861 5428 2880 5465 ι
2934 5408 3067 5462 Cum
3117 5405 3283 5479 igitur

1772 5515 1838 5571 ad
1866 5520 2157 5570 extremum
2211 5525 2400 5566 manus
2447 5509 2665 5579 injicere
2697 5500 2829 5557 Fili)
2865 5499 2957 5555 Dei
2986 5496 3101 5553 ausi
3128 5499 3281 5556 sunt,
