3740 6340
501 412 605 467 6θό

1150 397 1413 453 EUSEBII
1445 394 1910 453 CAESARIENSIS
1946 390 2094 448 OPP.

2133 393 2310 445 PARS
2350 393 2411 446 ll.
2456 422 2518 433 —-
2546 384 3028 443 APOLOGETICA.
3106 390 3115 397 ‘
3519 383 3598 437 ὅθί

507 542 529 578 ι
561 522 1063 576 consummaverunt
1088 514 1601 583 praevaricationem,
1624 521 1677 566 et
1718 512 1874 564 ﬁnem
1906 524 2027 578 pec-

2136 510 2291 581 ιῖρων
2319 509 2412 578 τὴν
2439 505 2702 576 ἁμαρτίαν
2737 502 2825 555 τοῦ
2852 502 3054 569 κόσμου
3072 514 3085 528 ·
3114 515 3131 546 ι
3162 495 3251 548 καὶ
3277 494 3449 546 πάλιν*
3488 512 3503 544 ι
3529 498 3605 548 Λύ-

500 620 625 667 cato
649 621 746 663 suo
767 605 1155 671 imposuerunt,
1198 622 1214 652 ι
1253 602 1391 656 sicut
1426 603 1617 670 Aquila
1647 603 2026 668 interpretatus

503 708 605 760 est,
650 703 724 759 at,
771 695 909 748 sicut
961 692 1120 754 LXX,
1157 711 1175 741 ι
1210 707 1390 745 eorum
1423 699 1702 760 peccatum
1751 689 2026 758 alligatum

506 790 874 858 signatumque
904 789 1003 837 est.
1042 801 1060 832 ι
1091 781 1193 835 Sed
1215 782 1463 849 quoniam
1494 797 1600 834 non
1630 781 1801 834 solum
1830 780 1885 832 in
1918 779 2027 831 rui-

505 892 648 939 nam,
682 888 866 926 verum
893 873 1051 926 etiam
1085 872 1139 923 in
1162 871 1548 939 reparationem
1575 870 1863 922 multorum
1884 868 2028 922 venit

504 965 557 1017 in
588 963 772 1026 Israel,
809 963 947 1016 sicut
980 959 1045 1014 de
1075 960 1193 1029 ipso
1256 959 1390 1013 dixit
1439 958 1674 1023 Simeon,
1718 979 1733 1010 ι
1775 959 1912 1013 Ecce
1940 958 2028 1011 hic

505 1053 711 1122 positus
742 1059 823 1105 est
852 1051 907 1103 in
932 1050 1141 1102 ruinam
1168 1056 1220 1101 et
1260 1049 1314 1101 in
1356 1049 1801 1103 resurrectionem
1833 1048 2029 1101 multo-

504 1158 625 1198 rum
670 1143 726 1195 in
763 1140 925 1195 Israel
953 1139 1020 1204 “,
1058 1157 1077 1190 ι
1118 1139 1308 1191 merito
1335 1138 1520 1192 Daniel
1554 1138 1618 1190 ad
1643 1154 1702 1190 ea
1730 1153 1847 1207 qua:
1884 1138 2026 1191 dicta

507 1235 651 1292 sunt,
673 1228 912 1297 adjungit
935 1246 948 1280 :
971 1246 988 1277 ι
1017 1226 1079 1278 Et
1104 1234 1162 1278 ut
1193 1226 1466 1279 deleantur
1490 1235 1723 1294 peccata,
1742 1234 1791 1278 et
1812 1226 2028 1294 expien-

507 1328 596 1373 tur
647 1319 937 1386 injustitlaa.
978 1336 995 1368 ι
1028 1316 1161 1370 Cum
1215 1316 1354 1369 enim
1406 1316 1620 1384 sanguis
1670 1321 1943 1367 taurorum
1974 1322 2027 1367 et

508 1408 777 1462 hircorum
809 1405 1021 1460 auferre
1048 1414 1265 1473 peccata
1293 1419 1398 1457 non
1435 1409 1634 1472 posset,
1665 1410 1716 1456 et
1744 1417 1901 1456 omne
1933 1403 2027 1456 ho-

508 1499 709 1552 minum
730 1512 898 1566 genus
924 1496 1221 1565 expiatione
1248 1495 1369 1547 viva
1395 1492 2028 1563 veraqueindigeret(cu-

506 1589 596 1657 jus
642 1587 862 1656 ﬁguram
916 1586 1134 1654 gerebat
1182 1584 1233 1637 id
1271 1583 1410 1652 quod
1462 1583 1601 1652 apud
1638 1582 1834 1636 Mosem
1895 1597 2025 1635 con-

508 1684 770 1731 structum
821 1682 1041 1729 vocatur
1106 1673 1594 1742 propitiatorium),
1648 1672 1792 1725 nulla
1850 1678 2028 1724 autem

512 1764 817 1834 propitiatio
845 1763 962 1815 viva
990 1777 1221 1830 veraque
1255 1768 1416 1825 esset,
1446 1761 1549 1814 nisi
1574 1759 1816 1813 Salvator
1839 1767 1891 1814 et
1918 1759 2023 1813 Do-

512 1854 685 1907 minus
715 1859 914 1914 noster,
953 1852 1041 1905 ille
1085 1851 1266 1920 Agnus
1305 1851 1416 1911 Dei,
1448 1849 1512 1903 de
1534 1864 1638 1919 quo
1666 1850 1863 1904 dictum
1896 1856 1979 1903 est
2010 1868 2023 1902 :

515 1959 534 1989 ‹
569 1940 702 1994 Ecce
749 1940 930 2008 Agnus
970 1938 1064 1992 Dei
1111 1940 1203 2008 qui
1257 1939 1393 1992 tollit
1448 1946 1665 2008 peccata
1700 1938 1960 1991 mundi".
2004 1958 2022 1989 ι

510 2028 641 2082 Nam
675 2045 884 2090 rursus,
938 2048 956 2079 ‹
1002 2029 1145 2082 ldem
1182 2028 1486 2096 propitiatio
1518 2036 1600 2082 est
1650 2043 1747 2096 pro
1796 2028 2028 2095 peccatis

515 2119 727 2179 nostris,
767 2137 785 2169 ι
822 2132 920 2170 nec
949 2133 1046 2187 pro
1080 2118 1277 2171 nostris
1311 2124 1513 2169 tantum
1554 2117 1666 2184 ipse
1694 2124 1776 2170 est
1800 2117 2027 2185 pretium

510 2221 573 2258 ac
616 2204 923 2273 redemptio.
964 2205 1056 2258 sed
1100 2205 1258 2257 etiam
1303 2217 1398 2271 pro
1446 2203 1610 2256 totius
1637 2203 1839 2267 mundi,
1870 2211 1929 2256 ut
1956 2202 2030 2254 ait

512 2294 794 2362 Apostolus
821 2292 901 2324 ⁸³·
933 2310 946 2345 :
983 2310 1001 2341 ‹
1039 2291 1139 2357 Qui
1193 2290 1365 2345 factus
1411 2298 1513 2356 est,
1574 2289 1764 2358 inquit,
1821 2290 2032 2359 sapien-

510 2384 584 2436 tia
625 2382 780 2437 nobis
818 2397 847 2435 a
885 2380 1014 2443 Deo,
1041 2382 1354 2450 justitiaque
1380 2387 1433 2435 et
1464 2378 1812 2434 sanctiﬁcatio
1859 2388 1909 2434 et
1945 2394 2031 2433 re-

512 2473 741 2542 demptio
767 2475 834 2529 τυ.
874 2494 891 2525 ι
920 2472 1131 2526 Merito
1177 2472 1294 2540 ejus
1344 2471 1644 2534 adventum,
1675 2469 1833 2523 simul
1885 2483 2027 2522 com-

512 2561 831 2628 plementum
859 2562 1343 2632 perfectionemque
1371 2559 1575 2629 peccati
1616 2573 1736 2613 esse
1763 2557 1917 2612 docet
1944 2573 2033 2613 eo-

514 2664 655 2716 rum,
681 2652 771 2720 qui
805 2662 990 2706 contra
1013 2653 1186 2721 ipsum
1214 2650 1362 2719 impii
1384 2649 1615 2711 fuerunt,
1646 2647 1805 2702 simul
1837 2648 2033 2703 abster-

516 2737 719 2792 sionem
757 2748 808 2794 et
838 2741 1206 2810 purgationem
1256 2748 1593 2808 peccatorum
1642 2744 1695 2792 et
1741 2736 2030 2805 iniustitia-

515 2838 635 2878 rum
664 2828 1016 2896 expiationem
1054 2842 1237 2881 eorum
1254 2825 1345 2895 qui
1364 2825 1416 2878 in
1449 2825 1621 2893 ipsum
1650 2823 1990 2879 crediderunt
2015 2843 2029 2878 :

515 2927 640 2967 nam
676 2931 797 2971 cum
822 2917 1030 2986 Aquila.
1063 2933 1082 2967 ι
1109 2916 1190 2970 Ad
1215 2914 1686 2970 consummandam
1715 2916 2031 2983 praevarica-

516 3007 733 3071 tionem,
780 3016 831 3063 et
862 3009 1018 3062 ﬁnem
1050 3014 1268 3077 peccato
1319 3005 1715 3074 imponendum,
1756 3024 1774 3057 ι
1813 3005 2028 3071 dixerit,

518 3105 631 3149 tum
650 3085 793 3150 'illud
824 3097 1037 3165 adjecit,
1076 3114 1093 3146 ι
1112 3094 1173 3149 Et
1204 3095 1270 3149 ad
1297 3095 1614 3164 expiandum
1643 3093 2024 3163 iniquitatem»

519 3183 601 3237 sic
633 3183 791 3253 plane
843 3185 989 3238 illum
1036 3184 1209 3237 omnis
1266 3183 1583 3252 iniquitatis,
1611 3198 1728 3252 quae
1766 3184 1893 3237 olim
1942 3199 2037 3255 per

521 3273 873 3343 ignorantiam
922 3274 1156 3329 admissa
1204 3273 1293 3339 sit,
1341 3272 1695 3342 expiationem
1747 3288 1887 3337 esse,
1940 3289 2038 3344 pro

521 3377 777 3419 concesso
812 3378 1049 3418 sumens.
1101 3362 1228 3417 Post
1265 3364 1381 3432 ipsa
1429 3362 1561 3426 haec,
1585 3363 1716 3417 illud
1748 3363 1988 3433 sequitur
2022 3384 2035 3418 :

529 3471 547 3504 ι
588 3452 657 3507 Ut
685 3452 969 3507 inducatur
998 3453 1208 3523 justitia
1232 3452 1571 3521 sempiterna.
1596 3470 1614 3503 ι
1650 3451 1745 3506 Est
1773 3467 1902 3507 sane
1926 3454 2040 3522 ipse

526 3541 618 3597 Dei
642 3542 873 3599 Verbum
917 3544 1127 3611 justitia
1177 3543 1521 3612 sempiterna,
1550 3561 1569 3594 ι
1598 3543 1689 3612 qui
1743 3544 1914 3599 factus
1960 3552 2041 3599 est

526 3631 680 3686 nobis
718 3631 975 3700 sapientia
1023 3646 1054 3684 a
1103 3630 1231 3693 Deo,
1258 3630 1577 3700 justitiaque
1606 3638 1660 3687 et
1687 3632 2041 3686 sanctificatio

524 3727 579 3774 et
606 3718 918 3786 redemptio,
956 3736 976 3770 ι
1005 3726 1060 3771 ιιι
1096 3719 1169 3771 ait
1214 3719 1524 3787 Apostolus,
1550 3727 1913 3772 verumtamen
1945 3719 2040 3772 ad-

527 3813 686 3862 ventu
714 3820 812 3860 suo
830 3807 1078 3862 omnibus
1105 3807 1411 3863 hominibus
1426 3808 1731 3862 conciliavit
1753 3807 2039 3876 justitiam,

529 3896 704 3964 reipsa
740 3895 1045 3958 ostendens,
1083 3896 1225 3965 quod
1256 3913 1275 3946 ι
1302 3911 1407 3950 non
1437 3897 1598 3966 386
1628 3896 1797 3949 solum
1832 3894 2038 3949 Judzeo.

527 4000 645 4039 rum
670 3991 752 4039 est
783 3983 946 4050 Deus,
974 3985 1066 4039 sed
1086 3985 1244 4040 etiam
1274 3986 1529 4055 gentium.
1552 4005 1570 4036 ι
1607 3984 2039 4061 Quandoquidem

526 4087 667 4128 unus
697 4078 779 4126 est
827 4070 967 4126 Deus
1005 4073 1094 4140 qui
1120 4074 1435 4141 justiﬁcabit
1464 4073 1926 4127 circumcisionem
1975 4088 2040 4127 ex

530 4160 649 4229 ﬁde,
682 4169 734 4214 et
765 4159 1083 4230 praeputium
1110 4176 1207 4229 per
1233 4161 1388 4216 ﬁdem
1412 4163 1479 4215 τ’.
1514 4182 1530 4212 ι
1562 4161 1640 4213 Ex
1670 4175 1777 4228 quo
1819 4175 1911 4215 eos
1948 4162 2040 4231 qui

527 4264 651 4303 cum
679 4247 928 4303 Cornelio
978 4247 1220 4313 aderant,
1248 4252 1443 4320 quique
1487 4251 1596 4320 jam
1633 4248 1886 4318 Spiritum
1918 4265 2043 4304 san«

526 4345 671 4391 ctum
701 4337 941 4406 accipere
959 4345 1280 4402 meruerant,
1316 4338 1583 4392 admirans
1604 4336 1811 4401 Petrus,
1843 4354 1861 4387 ι
1884 4337 2039 4408 Vere,

528 4427 719 4497 inquit,
775 4427 898 4481 novi
938 4427 1076 4496 quod
1128 4441 1238 4480 non
1289 4434 1370 4482 est
1408 4435 1653 4496 acceptor
1690 4442 2035 4496 personarum

526 4519 690 4584 Deus,
719 4517 810 4573 sed
831 4518 885 4571 in
907 4517 1052 4571 omni
1077 4525 1252 4586 gente,
1283 4517 1374 4585 qui
1401 4517 1549 4571 timet
1578 4516 1724 4570 illum
1746 4524 1799 4572 et
1827 4528 2037 4574 exercet

523 4607 806 4677 justitiam,
832 4614 1080 4676 acceptus
1112 4612 1194 4661 est
1241 4606 1317 4660 illi
1344 4606 1411 4661 ".
1444 4624 1462 4657 ›
1497 4604 1636 4670 Quin
1690 4605 1886 4663 Paulus
1914 4624 2041 4678 quo-

526 4713 632 4768 que
680 4697 1024 4767 Evangelium
1073 4696 1295 4765 justitim
1331 4695 1550 4750 aﬁirmat
1600 4712 1738 4761 esse,
1769 4699 1860 4752 ubi
1910 4700 2033 4754 ait:

534 4807 553 4839 ι
587 4787 771 4844 Virtus
810 4790 952 4843 enim
1008 4787 1100 4843 Dei
1146 4794 1228 4842 est
1260 4787 1325 4841 ad
1354 4788 1575 4841 salutem
1605 4788 1746 4842 omni
1778 4789 2035 4851 credenti,

526 4875 707 4931 Judazo
737 4879 965 4947 primum
1007 4884 1060 4932 et
1107 4876 1291 4931 Grzeco
1320 4894 1336 4933 :
1372 4876 1574 4946 justitia
1603 4879 1742 4932 enim
1772 4878 1865 4933 Dei
1892 4880 1945 4932 in
1977 4893 2040 4933 eo

527 4967 790 5022 revelatur
812 4968 877 5022 ".
906 4987 926 5021 ι
951 4966 1009 5021 In
1035 4966 1259 5021 Psalmis
1278 4982 1487 5037 quoque
1516 4969 1583 5023 de
1602 4968 1816 5025 Christo
1842 4969 2038 5023 dictum

529 5054 615 5098 est
643 5065 657 5100 :
682 5065 700 5098 ι
736 5048 946 5104 Orietur
966 5052 1021 5104 in
1041 5051 1229 5105 diebus
1254 5051 1370 5120 ejus
1395 5051 1606 5120 justitia
1635 5060 1688 5106 et
1715 5052 2036 5106 abundantia

532 5132 682 5199 pacis
705 5134 772 5188 '".
803 5154 822 5187 ι
854 5137 919 5188 Et
943 5154 1070 5193 sane
1105 5140 1249 5194 illius
1276 5155 1410 5209 opus
1438 5155 1494 5195 re
1521 5156 1643 5195 vera
1672 5140 1761 5195 Dei
1779 5139 2039 5207 justitiam

536 5219 934 5288 demonstravit,
967 5233 1149 5293 utpote
1184 5230 1326 5297 quod
1351 5246 1507 5285 omne
1554 5246 1719 5301 genus
1767 5227 2039 5283 hominum

536 5305 653 5376 pari
684 5310 960 5365 vocatione
987 5312 1201 5382 dignum
1231 5319 1537 5375 reddiderit.
1554 5321 1621 5374 At
1648 5333 1764 5388 quae
1800 5332 1891 5386 per
1939 5314 2043 5367 Μο-

538 5410 650 5452 sem
679 5394 819 5450 edita
850 5406 993 5466 sunt,
1022 5417 1351 5473 nequaquam
1389 5412 1536 5476 talia,
1567 5410 1656 5468 sed
1697 5409 1788 5463 uni
1819 5406 1917 5462 soli
1946 5403 2040 5457 Ju-

2067 4470 2109 4523 D

609 5591 673 5665 “_
689 5589 817 5665 _Lu_c_,
849 5608 884 5646 ιι
907 5593 1039 5665 εἶδέ,
1078 5628 1082 5633 α
1111 5599 1152 5629 ⁶⁹
1186 5597 1339 5655 Joan.
1373 5621 1423 5665 ι.
1454 5608 1538 5662 29.

539 5676 609 5726 χ,
642 5659 729 5726 55,
753 5660 838 5715 55.
912 5661 955 5691 ⁷³
994 5659 1143 5720 Ιὶοῐη.
1177 5684 1214 5732 ι,
1247 5670 1329 5735 16,
1355 5659 1437 5729 Π.
1466 5659 1554 5709 ﬁ“
1590 5659 1747 5732 Psal,
1769 5659 1920 5739 Lxxt,
1952 5674 2003 5729 7.

1635 5610 1697 5641 ⁶⁹⁴
1738 5610 1758 5661 I
1789 5605 1940 5660 Joan.
1976 5620 2047 5671 ιι,
2074 5603 2127 5661 2.

2122 601 2211 661 τὸς
2239 598 2459 667 ίλασμός
2478 599 2590 648 ἐστι
2618 592 2741 662 περὶ
2767 590 2868 643 τῶν
2892 585 3168 659 ἁμαρτιῶν
3198 584 3364 654 ἡμῶν,
3390 603 3404 634 ι
3431 585 3485 636 ού
3508 587 3606 655 περὶ

2124 689 2229 741 τῶν
2260 687 2536 758 ἡμετέρων
2560 683 2614 735 δὲ
2648 684 2821 752 μόνον,
2853 678 2987 732 ἀλλὰ
3018 677 3109 729 καὶ
3138 675 3262 745 περὶ
3291 674 3404 749 ὅλου
3431 673 3511 724 τοῦ
3536 675 3608 726 κό-

2128 794 2279 846 σμου,
2313 775 2473 836 αὐτὸς
2495 773 2568 825 ὢν
2605 772 2696 824 καὶ
2722 767 3106 837 ἀπολύτρωσις,
3146 761 3279 816 κατὰ
3307 763 3391 814 τὸν
3418 760 3608 826 Παῦλον,

2126 868 2419 935 φάσκοντα·
2457 864 2590 924 (⁸·ος
2629 858 2857 928 ἐγενήθη
2898 854 3058 923 σοφία
3088 855 3213 922 ἡμῖν
3252 851 3353 904 ἀπὸ
3386 850 3523 911 Θεοῦ,
3552 851 3611 903 δι-

2126 954 2375 1023 καιοσύνη
2386 970 2443 1005 τε
2465 953 2558 1004 καὶ
2572 948 2860 1018 ἁγιασμὸς,
2879 946 2974 998 καὶ
2988 943 3367 1012 ἀπολύτρωσις*
3396 960 3413 992 ι
3436 939 3612 1005 εἰκότως

2123 1045 2218 1113 τὴν
2242 1040 2532 1111 παρουσίαν
2561 1035 2724 1090 αὐτοῦ
2757 1032 2892 1104 ὁμοῦ
2924 1033 3022 1102 μὲν
3052 1028 3423 1099 συμπλήρωσιν
3445 1028 3525 1080 καὶ
3547 1045 3612 1080 τε-

2125 1132 2331 1182 λείωσιν
2362 1127 2627 1198 ἁμαρτίας
2653 1122 2788 1176 εἶναι
2816 1122 3055 1174 διδάσκει
3102 1117 3205 1170 τῶν
3244 1119 3319 1178 εἰς
3351 1114 3494 1167 αὐτὸν
3516 1116 3611 1183 ήσε-

2127 1219 2379 1287 6ηκότων,
2410 1215 2542 1284 ὁμοῦ
2567 1214 2622 1266 δὲ
2655 1210 2946 1278 ἀπάλειψιν
2985 1208 3081 1259 καὶ
3126 1204 3441 1274 καθαρισμὸν
3481 1204 3615 1271 ἁμαρ-

2126 1308 2271 1372 τιῶν,
2303 1306 2395 1359 καὶ
2440 1288 2670 1357 ἀδικιῶν⁸
2703 1299 2931 1369 ἱλασμὸν
2956 1296 3066 1349 τῶν
3092 1298 3172 1358 εἰς
3198 1294 3350 1346 αὑτὸν
3376 1308 3613 1344 πεπιστευ-

2126 1397 2310 1450 κότων.
2339 1394 2443 1447 Ka‘t
2468 1394 2496 1444 ὁ
2531 1391 2757 1454 Ἀκύλας
2780 1389 2859 1453 δὲ,
2892 1406 2909 1439 ι
2940 1385 3048 1439 Τοῦ
3074 1384 3286 1437 τελέσαι
3312 1382 3400 1452 τὴν
3426 1381 3612 1441 ἀθεσίαν,

2127 1486 2216 1537 καὶ¹
2237 1482 2327 1535 τοῦ
2353 1480 2625 1535 τελειῶσαι
2647 1474 3054 1548 τὴνάμαρτίαν,
3086 1492 3104 1524 ι
3130 1471 3312 1531 εἰπὼν,
3332 1472 3545 1539 ἐπήγαγε
3561 1471 3613 1529 τὸ,

2134 1594 2152 1625 ι
2183 1573 2285 1625 Τοῦ
2326 1569 2661 1634 ἐξιλάσασθαι
2697 1566 2948 1637 ἀνομίαν,
2981 1583 2999 1615 ι
3040 1563 3224 1631 σαιρῶς
3259 1561 3463 1629 ἱλασμὸν
3501 1560 3617 1611 αὑτὸν

2129 1659 2261 1716 εἶναι
2294 1661 2467 1729 πάσης
2499 1658 2719 1727 ἀνομίας
2751 1656 2856 1724 τῆς
2896 1654 3065 1706 πάλαι
3107 1651 3248 1704 κατά
3283 1651 3485 1717 ἄγνοιαν
3506 1665 3615 1716 γενο-

2135 1753 2295 1822 μένης
2340 1748 2725 1817 ὑποτιθέμενος.
2761 1745 2921 1813 Έξῆς
2974 1742 3182 1805 τούτοις
3235 1740 3465 1811 εἴρηται,
3508 1737 3617 1791 «Τοῦ

2062 1823 2102 1880 Β
2130 1842 2349 1907 ἀγαγεῖν
2374 1836 2704 1906 δικαιοσύνην
2737 1835 2975 1888 αἰώνιον.
3014 1833 3202 1885 »Ἔστι
3238 1832 3330 1900 μὲν
3353 1826 3437 1882 οῦν
3459 1829 3619 1890 αύτὸςό

2129 1932 2219 1985 τοῦ
2248 1930 2377 1984 Θεοῦ
2409 1931 2573 1996 Λόγος
2599 1927 2811 1988 αἰώνιος
2834 1921 3175 1990 δικαιοσύνη,
3203 1939 3221 1969 ι
3254 1921 3311 1982 ὃς
3334 1918 3532 1988 ἐγενήθη
3560 1934 3617 1968 σο-

2131 2023 2226 2091 φία
2258 2023 2383 2091 ἡμῖν
2414 2020 2516 2073 ἀπὸ
2541 2017 2692 2080 Θεοῦ,
2720 2013 3043 2081 δικαιοσύνη
3070 2029 3129 2064 τε
3155 2011 3249 2063 καὶ
3280 2007 3532 2076 ἁγιασμὸς,
3556 2007 3618 2058 καὶ

2131 2111 2515 2178 ἀπολύτρωσις,
2545 2125 2566 2159 ιι
2595 2105 2732 2159 κατά
2758 2105 2854 2157 τὸν
2881 2100 3228 2155 Ἀπόστολον.
3260 2097 3394 2167 Πλὴν
3424 2096 3535 2149 ἀλλά
3555 2094 3620 2146 σὺν

2131 2203 2194 2269 τῇ
2218 2197 2404 2250 ἑαυτοῦ
2427 2192 2692 2265 παρουσία
2714 2193 2816 2245 καὶ
2847 2191 3017 2242 πᾶσιν
3039 2185 3340 2258 ἀνθρώποις
3359 2182 3620 2254 προὺξένῃσι

2131 2286 2484 2355 δικαιοσύνην,
2506 2283 2681 2354 ἔργοις
2694 2277 2991 2342 ἐπιδείξας,
3008 2278 3091 2329 ὅτι
3113 2293 3132 2325 ι
3155 2274 3229 2345 μὴ
3245 2273 3393 2344 μόνον
3420 2269 3621 2324 Ἰουδαίων

2133 2377 2275 2429 ἐστὶν
2306 2376 2333 2427 ὁ
2366 2375 2512 2437 Θεὸς,
2536 2371 2667 2426 ἀλλά
2695 2370 2797 2424 καὶ
2825 2368 3019 2421 ἐθνῶν.
3048 2385 3067 2417 ι
3104 2365 3358 2432 Ἐπείπερ
3385 2357 3454 2424 εἷς
3473 2362 3497 2412 ό
3514 2359 3618 2421 Θεὸς,

2131 2468 2188 2530 ὃς
2220 2465 2488 2519 δικαιώσει
2513 2460 2817 2532 περιτομὴν
2848 2461 2914 2511 ἐκ
2938 2458 3193 2519 πίστεως,
3215 2455 3309 2508 καὶ
3337 2449 3621 2524 ἀκροϐυστίαν

2129 2554 2217 2607 διά
2245 2553 2343 2622 τῆς
2392 2551 2639 2612 πίστεως.
2671 2548 2871 2601 »⁸Όθεν
2903 2547 3033 2608 τοὺς
3080 2544 3223 2614 ἀμφὶ
3264 2542 3351 2595 τὸν
3394 2538 3623 2609 Κορνήλιον

2130 2643 2222 2696 τοῦ
2278 2641 2426 2710 ἁγίου
2478 2638 2803 2717 Πνεύματος
2854 2635 3190 2706 ἠξιωμένους
3237 2626 3623 2699 ἀποθαυμάσαςό

2132 2733 2348 2803 Πέτρος,
2387 2749 2405 2781 ι
2427 2730 2540 2782 Ἐπ’
2565 2716 2853 2798 ἀληθείας,
2887 2746 2908 2778 ι
2941 2729 3127 2798 φησιν,
3155 2745 3173 2777 ι
3198 2719 3331 2786 οἶδα,
3352 2724 3426 2775 ὅτι
3446 2720 3528 2772 οὐκ
3545 2716 3622 2768 ἐστι

2133 2818 2588 2894 προσωπολήπτης
2611 2819 2639 2869 ὁ
2675 2817 2842 2881 Θεὸς,
2877 2816 2992 2869 ἀλλ’
3028 2817 3086 2869 ὲν
3112 2812 3269 2868 παντὶ
3294 2812 3423 2865 ἔθνει
3440 2812 3465 2862 ὁ
3485 2804 3623 2876 φοϐούο

2136 2927 2289 2982 μενος
2333 2908 2509 2970 αὐτὸν,
2538 2906 2916 2976 ἐργαζόμενος
2952 2905 3313 2974 δικαιοσύνην,
3339 2901 3502 2962 δεκτὸς
3523 2895 3624 2963 αὐτῷ

2132 3004 2265 3055 ἐστι.
2293 3018 2311 3049 ι
2337 2997 2446 3050 Kal.
2487 2998 2515 3049 ὁ
2553 2994 2775 3057 Παῦλος
2801 2996 2860 3048 δὲ
2894 2996 2954 3048 τὸ
2995 2994 3318 3063 Εύαγγέλιον
3355 2988 3620 3053 δικαιοσύνης

2134 3088 2266 3146 εἶναί
2304 3105 2452 3159 φησι,
2480 3086 2650 3155 λέγων
2670 3104 2685 3116 ·
2715 3106 2734 3137 ι
2762 3086 3005 3157 Δύναμις
3029 3085 3138 3157 γάρ
3159 3084 3289 3137 Θεοῦ
3316 3086 3449 3136 ἐστιν
3472 3081 3534 3141 εἰς
3554 3094 3622 3129 σω-

2132 3180 2322 3251 τηρίαν
2359 3176 2518 3230 παντὶ⁹
2547 3174 2623 3244 τῷ
2654 3174 3247 3245 πιστεύοντι,⁹1ουδαίῳ
3275 3190 3332 3225 τε
3362 3169 3540 3242 πρῶτον
3561 3164 3621 3217 καὶ

2137 3268 2379 3339 Ἕλληνι·
2412 3264 2725 3336 δικαιοσύνη
2755 3265 2867 3337 γάρ
2904 3265 3041 3318 Θεοῦ
3072 3267 3130 3317 ἐν
3161 3262 3304 3332 αύτῷ
3327 3257 3622 3316 ἀποκαλύπτεο

2135 3376 2240 3411 ται.
2272 3377 2291 3408 ι
2323 3356 2432 3409 Kal.
2457 3357 2515 3408 ὲν
2551 3353 2809 3424 Ψαλμοῖς
2836 3355 2895 3408 δέ
2925 3355 3141 3425 εἴρηται
3168 3352 3401 3425 περὶτοῦ
3431 3342 3620 3420 Χριστοῦ

2142 3446 2442 3502 «Ἀνατελεῖ
2482 3447 2539 3497 ἐν
2580 3447 2707 3508 ταῖς
2752 3445 2995 3516 ἡμέραις
3037 3444 3202 3498 αὐτοῦ
3234 3440 3530 3507 δικαιοσύνη,
3563 3433 3624 3486 κί’·

2137 3538 2333 3608 πλῆθος
2360 3537 2594 3607 εἰρήνης.
2625 3553 2642 3586 ι
2683 3537 2800 3588 Kal.
2823 3538 2886 3588 τὸ
2913 3536 3074 3606 ἔργον
3103 3536 3161 3586 δὲ
3196 3532 3354 3587 αὐτοῦ
3385 3532 3450 3594 ὡς
3472 3523 3624 3596 ἀληθῶς

2137 3628 2268 3683 Θεοῦ
2289 3625 2625 3694 δικαιοσύνην
2652 3626 2983 3690 ἐνεδείξατο,
3004 3626 3067 3679 τὸ
3087 3627 3194 3679 πᾶν
3222 3625 3369 3693 γένος
3395 3616 3625 3689 ἀνθρώπων

2139 3720 2197 3784 ἐξ
2227 3720 2338 3771 ἴσου
2379 3716 2476 3786 τῆς
2514 3714 2666 3786 παρὰ
2701 3715 2781 3786 τῷ
2809 3714 2934 3785 Θεῷ
2964 3713 3387 3778 καταξιώσαντος
3425 3708 3622 3776 κλήσεως.

2151 3807 2305 3860 Ἀλλά
2326 3807 2384 3858 οὐ
2410 3805 2626 3859 τοιαῦτα
2651 3801 2729 3876 ἦν
2750 3804 2823 3858 τὰ
2847 3804 2935 3857 διὰ
2967 3805 3231 3868 Μωσέως,
3261 3803 3338 3855 ἑνὶ
3370 3801 3421 3852 δὲ
3443 3798 3558 3868 μόνῳ
3577 3788 3627 3856 τῷ

2151 3895 2415 3949 Ἰουδαίων,
2448 3893 2585 3945 ἔθνει
2627 3893 3021 3964 δεδωρημένα’
3062 3893 3142 3945 διὸ
3187 3893 3276 3944 καὶ
3320 3889 3443 3959 πρὸς
3496 3879 3628 3948 καιρὸν

2140 3985 2369 4054 φανέντα
2412 3982 2812 4053 παρελήλυθεν.
2829 3985 2896 4037 Ἦ
2937 3984 2997 4036 δέ
3037 3983 3125 4036 διὰ
3152 3981 3242 4035 τοῦ
3276 3978 3499 4047 Σωτῆρος
3522 3966 3628 4041 ἡμῶν

2139 4070 2540 4142 κατηγγελμένη
2583 4072 2934 4144 δικαιοσύνη,
2975 4072 3294 4142 διαμένουσα
3337 4071 3408 4130 είς
3434 4066 3486 4118 τὸ
3510 4063 3630 4129 διηνε-

2138 4161 2247 4223 κὲς,
2278 4160 2498 4223 εἰκότως
2524 4159 2754 4225 αἰώνιος
2782 4164 3218 4234 προσηγόρευται
3248 4155 3542 4223 δικαιοσύνη,
3566 4163 3631 4202 κε’

2137 4249 2204 4301 τὰ
2233 4248 2323 4302 τὸν
2347 4247 2580 4318 Γαϐριὴλ
2617 4251 2899 4320 φήσανταο
2936 4269 2957 4302 ι
2984 4252 3094 4304 Καὶ
3124 4250 3216 4304 τοῦ
3242 4249 3451 4317 ἀγαγεῖν
3485 4243 3629 4294 6mm-

2140 4336 2299 4407 σύνην
2326 4335 2555 4389 αἰώνιον·
2591 4356 2612 4389 ›
2639 4339 2766 4393 ἀντὶ
2790 4340 2871 4404 δὲ,
2902 4360 2921 4392 ι
2947 4342 3058 4395 Καὶ
3083 4340 3176 4394 τοῦ
3201 4340 3475 4408 σφραγῖσαι
3496 4333 3631 4401 ὅρασιν

2139 4428 2231 4480 καὶ
2256 4427 2549 4497 προφήτην,
2583 4446 2604 4477 ι
2637 4430 2977 4502 κυριώτερόν
3025 4448 3114 4501 μοι
3140 4431 3281 4482 δοκεῖ
3304 4417 3632 4502 πεποιηκέναιᾷ

2148 4515 2388 4577 Ἀκύλας,
2423 4514 2613 4567 εἰπών’
2659 4537 2678 4568 ι
2708 4521 2823 4572 Kal.
2858 4501 2953 4574 τοῦ
2978 4519 3187 4573 τελέσαι
3217 4510 3548 4589 ὁραματισμὺν
3572 4501 3633 4557 καὶ

2140 4603 2435 4673 προφήτην.
2469 4620 2488 4652 ι
2520 4602 2597 4653 Οὐ
2626 4604 2742 4677 γὰρ
2762 4607 3106 4672 ἀποκλεῖσαι,
3137 4608 3228 4661 καὶ
3259 4605 3432 4672 ὥσπερ
3459 4591 3631 4666 σφραγί·

2142 4711 2226 4745 σαι
2273 4692 2368 4753 τὰς
2409 4697 2766 4764 προφητικάς
2793 4699 3017 4770 δράσεις
3052 4698 3423 4767 ἐπιδεδήμηκεν
3445 4693 3470 4743 ὁ
3497 4682 3633 4751 Σωτὴρ

2142 4784 2234 4835 καὶ
2257 4779 2455 4850 Κύριος
2482 4782 2668 4851 ἡμῶν,
2694 4788 2756 4851 ὃς
2783 4806 2848 4856 γε
2874 4791 2970 4842 καὶ
2998 4788 3164 4842 πάλαι
3186 4787 3341 4848 οὔσας
3358 4781 3550 4846 ἀσαφεῖς
3570 4771 3632 4825 καί

2143 4873 2687 4941 κατεσφραγισμένας
2716 4915 2732 4940 ,
2791 4878 2982 4948 ὥσπερ
3039 4876 3376 4947 ἐπικειμένας
3432 4861 3631 4937 περιελὼν

2141 4959 2450 5029 σφραγῖδας,
2490 4962 2698 5033 ἀνέῳξε
2752 4985 2812 5020 τε
2860 4971 2956 5022 καὶ
3005 4968 3304 5038 ἀνήπλωσε,
3352 4965 3451 5024 τοῖς
3491 4949 3630 5009 ἑαυτοῦ

2142 5046 2399 5116 μαθηταῖς
2422 5049 2512 5101 τὸν
2535 5052 2663 5106 νοῦν
2687 5055 2799 5108 τῶν
2826 5056 2989 5111 θείων
3009 5056 3323 5129 παραδιδοὺς
3340 5044 3628 5123 γραμμάτων.

2142 5137 2322 5202 Ὅθεν,
2358 5156 2375 5190 ι
2399 5139 2555 5205 Ἰδοὺ,
2583 5161 2601 5192 ι
2643 5149 2834 5215 φησιν,
2857 5167 2876 5199 ι
2907 5150 3155 5219 ἐνίκησεν
3180 5150 3208 5201 ὁ
3234 5146 3360 5198 λέων
3383 5144 3410 5194 ό
3432 5143 3487 5192 ἐκ
3509 5130 3632 5203 φυλῆὲ

2151 5226 2335 5280 Ἰούδα’
2362 5247 2381 5279 ι
2414 5230 2510 5283 καὶ
2549 5234 2715 5298 αὐτὸς
2735 5237 2916 5305 ἦνοιξε
2936 5238 3036 5302 τὰς
3068 5235 3351 5309 σφραγῖδας
3378 5229 3463 5292 τὰς
3481 5228 3631 5278 ὲπιγλν

2148 5316 2305 5385 μένας
2331 5318 2406 5387 τῷ
2435 5319 2648 5392 βιϐλίῳ,
2701 5327 2844 5380 κατὰ
2868 5329 2970 5399 τὴν
3028 5324 3370 5392 Ἀποκωιυψιν
3425 5313 3627 5399 Ἰωάνγτυ·

2144 5406 2305 5470 Ποίας
2333 5408 2390 5460 δὲ
2419 5414 2724 5483 σφραγῖδας
2762 5417 2799 5487 ἢ
2829 5397 2939 5471 τῶν
2972 5417 3257 5490 προφητῶν
3285 5413 3375 5474 τὰς
3396 5397 3630 5468 ἀσαφείκῖ

2200 5606 2244 5638 ⁷⁸
2284 5606 2304 5660 l
2334 5607 2462 5665 Cor.
2495 5627 2550 5676 ι,
2583 5611 2676 5667 50.
2784 5617 2826 5647 ⁷⁸
2871 5614 3029 5670 Rom.
3072 5632 3164 5681 Ill,
3196 5614 3277 5675 29,
3300 5610 3379 5665 '50.
3469 5603 3507 5635 "
3539 5594 3625 5649 Ααι
