3740 6326
181 408 271 464 605

999 420 1634 483 DEMONSTRATIONIS
1672 430 2114 489 EVANGELICAE
2153 436 2281 493 LIB.
2322 438 2451 494 Vill.

3142 460 3148 475 ‘
3202 454 3303 509 606

178 521 237 586 ἃς
257 516 312 575 εὖ
331 522 485 628 μάλα.
499 522 853 596 ἐπιστάμενος
881 530 1117 628 ἀκρὶϐῶς
1148 535 1239 587 καὶ
1267 537 1295 587 6
1329 537 1548 601 Ἡσαΐας
1587 539 1696 591 ἔλε-

1790 544 1952 599 daica:
1971 546 2110 613 genti
2139 546 2335 601 donata
2364 566 2378 601 :
2406 550 2654 618 quocirca
2685 555 2748 606 ad
2795 564 3000 628 tempus
3044 562 3300 618 duntaxat

177 628 262 680 γε·
289 630 306 662 ι
332 612 434 664 Καὶ
460 611 672 667 ἔσονται
703 619 753 668 οἱ
799 618 942 687 λόγοι
971 616 1109 675 οῦτοι
1133 623 1206 685 ὡς
1236 626 1282 676 οί
1305 624 1446 692 λόγοι
1487 631 1579 679 τοῦ
1606 630 1686 697 βι-

179 700 305 753 ϐλίου
334 699 423 752 τοῦ
449 703 906 775 ἐσφραγισμένου.
939 726 957 759 ι
990 710 1102 763 Οὐκ
1127 710 1232 780 ἀρα
1257 712 1347 764 τοῦ
1380 714 1689 769 ἀποκλεῖσαι

178 791 340 860 ὅρασιν
365 789 455 841 καῖ⁵
485 793 770 863 προφήτην
803 796 1053 866 ἐλήλυθεν
1084 800 1112 851 6
1144 800 1369 870 Χριστὸς
1403 802 1494 855 τοῦ
1535 805 1687 868 Θεοῦ,

180 878 355 949 μᾶλλον
385 878 820 947 δέἀναπετάσαι,
854 886 947 938 καὶ
993 888 1071 950 είς
1122 889 1233 956 φῶς
1286 892 1689 958 ἀγαγεῖν.”Οθεν

176 964 302 1017 δοκεῖ
328 980 408 1034 μοι
439 965 772 1039 κυριώτερον
803 973 832 1023 6
863 973 1084 1036 Ἀκύλας
1100 974 1279 1042 φάναν
1306 996 1325 1027 ι
1350 977 1454 1030 Τοῦ
1480 980 1688 1033 τελέσαι

176 1055 515 1140 δραματισμὸν
566 1058 662 1110 καὶ
710 1063 1017 1132 προφήτην·
1061 1084 1079 1114 ›
1129 1065 1157 1117 ὃ
1199 1067 1290 1119 καὶ
1336 1069 1543 1137 συνᾴδει
1589 1070 1685 1140 τῷ,

183 1160 202 1194 ι
228 1144 325 1196 οὐκ
350 1138 507 1213 ἦλθον
550 1147 855 1201 καταλῦσαι
881 1151 969 1203 τὸν
995 1153 1151 1222 νόμον
1181 1155 1214 1225 ἡ
1245 1157 1366 1220 τοὺς
1391 1138 1685 1228 προφήτας,

176 1232 292 1287 ἀλλά
318 1232 607 1302 πληρῶσαι,
634 1254 654 1286 ι
683 1238 824 1307 πρὸς
845 1239 1004 1292 αὐτοῦ
1025 1241 1113 1293 τοῦ
1137 1243 1379 1315 Σωτῆρος
1403 1250 1683 1318 εἰρημένῳ.

175 1321 313 1384 Τέλος
340 1321 439 1393 γὰρ
470 1322 635 1393 νόμου
663 1327 924 1397 Χριστὸς,
948 1331 1037 1382 καὶ
1065 1332 1229 1384 πᾶσαί
1255 1350 1317 1402 γε
1350 1338 1404 1388 αἱ
1436 1338 1559 1407 περὶ
1589 1338 1685 1390 αὐ-

170 1411 248 1463 τοῦ
287 1415 596 1481 προφητεῖαι
640 1414 956 1487 ἀπλήρωτοι
999 1420 1088 1471 καὶ
1114 1422 1315 1486 ἀτελεῖς
1344 1423 1545 1494 έμενον,
1578 1428 1691 1479 εἰσ-

167 1502 235 1555 61’
256 1502 403 1565 αὐτὸς
425 1504 651 1567 ἐπιστὰς
674 1506 1010 1562 ἐπιτέθεικεν
1049 1510 1214 1563 ἅπασι
1253 1512 1402 1577 τέλος
1423 1518 1534 1578 τοῖς
1562 1519 1685 1587 περὶ

169 1593 307 1645 αὐτοῦ
332 1609 765 1663 προαναπεφωνη
776 1596 973 1663 μένοις.
998 1598 1217 1653 Δύναται
1240 1601 1294 1654 δὲ
1315 1603 1406 1656 καὶ
1431 1604 1569 1657 κατὰ
1590 1606 1684 1675 τὴν

169 1681 259 1734 τῶν
283 1680 666 1753 Ἐδδομήκοντα
686 1684 1002 1754 ἑρμηνείαν,
1023 1688 1268 1760 τοιαύτην
1292 1690 1432 1761 ἔχειν
1454 1693 1683 1746 διάνοιαν

168 1772 235 1835 τὸ,
264 1790 280 1822 ι
303 1771 390 1824 τοῦ
429 1775 726 1842 σφραγῖσαι
764 1774 955 1845 ὅρασιν
987 1777 1079 1830 καὶ
1110 1781 1383 1850 προφήτην
1401 1798 1414 1811 ·
1444 1800 1462 1832 ›
1496 1783 1613 1834 ἐπεὶ
1656 1786 1683 1835 6

1785 632 1996 703 prodita
2025 637 2410 703 praeterierunt.
2431 636 2499 689 At
2524 638 2662 691 enim
2695 655 2809 708 qua:
2840 660 2933 713 per
2974 648 3297 706 Salvatorem

1788 731 2026 776 nostrum
2048 723 2253 792 justitia
2279 725 2586 782 denuntiata
2620 739 2723 793 est,
2758 733 2808 785 in
2844 746 3152 804 perpetuum
3180 755 3302 809 per-

1786 824 2028 878 manens,
2087 814 2274 868 merito
2329 825 2526 870 aeterna
2586 819 2791 886 justitia
2843 837 3143 895 nuncupata
3193 837 3297 892 est,

1785 898 2221 965 quemadmodum
2273 901 2405 956 dixit
2456 903 2710 960 Gabriel:
2747 925 2765 957 ι
2800 908 2862 962 Et
2907 920 2963 963 ut
3005 915 3300 969 adducatur

1779 988 1984 1056 justitia
2007 995 2324 1059 sempiterna
2357 1011 2370 1046 :
2422 1012 2440 1045 ι
2474 1009 2571 1063 pro
2597 1010 2661 1049 eo
2684 1004 2858 1051 autem
2891 1001 3026 1067 quod
3058 1011 3161 1065 est,
3187 1023 3205 1054 ι
3235 1005 3298 1058 Et

1789 1079 1939 1146 quasi
1967 1080 2120 1148 signo
2151 1083 2410 1150 impresso
2435 1083 2715 1138 claudatur
2739 1086 2873 1140 visio
2901 1095 2954 1140 et
2980 1092 3251 1158 pr0pheta,
3273 1112 3292 1143 ι

1787 1171 1959 1236 magis
1981 1169 2255 1238 aliquanto
2283 1172 2493 1239 proprie
2524 1172 2653 1225 mihi
2680 1173 2890 1228 videtur
2908 1175 3095 1245 Aquila
3124 1179 3300 1233 reddi-

1786 1256 1931 1312 disse
1960 1277 1973 1311 :
2010 1276 2027 1307 ι
2063 1258 2129 1311 Ει
2157 1260 2222 1312 ad
2256 1264 2733 1317 consummandum
2758 1265 2978 1320 visionis
3010 1283 3203 1322 munus
3245 1278 3299 1322 et

1786 1346 2114 1415 prophetam.
2153 1366 2171 1398 ι
2217 1348 2331 1402 Νοη
2373 1351 2511 1403 enim
2552 1362 2609 1405 ut
2645 1352 2913 1406 clauderet
2935 1363 2987 1408 et
3017 1356 3170 1424 quasi
3202 1371 3299 1410 an-

1784 1435 1909 1487 nulo
1967 1435 2198 1504 signaret
2254 1438 2590 1506 propheticus
2642 1442 2894 1507 visiones,
2944 1441 3186 1497 Salvator
3236 1460 3299 1500 ac

1781 1517 2036 1574 Dominus
2067 1533 2247 1576 noster
2301 1524 2533 1587 advenit,
2563 1527 2652 1594 qui
2696 1528 2853 1581 etiam
2891 1529 3027 1592 illas,
3058 1547 3174 1599 qua:
3204 1547 3300 1585 an-

1783 1621 1865 1665 tea
1891 1613 2132 1668 obscura:
2156 1622 2209 1667 et
2237 1616 2389 1683 quasi
2431 1618 2582 1686 signo
2618 1617 2877 1688 impresso
2905 1622 3099 1676 clausa:
3125 1633 3296 1686 erant,

1780 1705 1833 1754 et
1864 1701 2069 1769 aperuit
2116 1712 2168 1755 et
2213 1704 2370 1759 latius
2430 1707 2728 1775 explicavit,
2753 1723 2858 1776 quo
2911 1715 3143 1778 tempore
3187 1715 3298 1767 suis

1782 1788 2060 1856 discipulis
2091 1804 2305 1843 sensum
2354 1792 2654 1846 divinarum
2701 1794 3094 1863 Scripturarum
3138 1815 3300 1868 expo-

169 1862 305 1932 νόμος
342 1862 429 1915 καὶ
468 1865 516 1915 οί
562 1866 850 1935 προφῆται
880 1870 1069 1939 μέχρις
1110 1871 1345 1924 Ἰωάννου
1375 1872 1679 1942 διήρκεσαν,

1780 1881 1905 1933 suit.
1932 1879 2009 1933 Ex
2036 1895 2159 1949 quo,
2188 1898 2206 1930 ι
2237 1880 2389 1945 Ecce,
2419 1883 2608 1951 inquit,
2634 1885 2759 1938 vicit
2792 1862 2874 1939 leo
2922 1886 2988 1941 de
3028 1888 3165 1941 tribu
3202 1862 3298 1941 iu-

169 1951 217 2016 ἐξ
254 1952 444 2005 ἐκείνου
474 1969 535 2005 τε
561 1954 967 2012 διαλελοίπασιν
1002 1960 1049 2011 οἱ
1077 1959 1237 2012 πάλαι
1265 1960 1409 2031 παρά
1449 1961 1525 2031 τῷ
1564 1964 1687 2015 Ἰου-

167 2040 304 2094 δαίων
328 2040 460 2095 ἔθνει
493 2047 1118 2118 πνευματοφορούμενοι,
1157 2048 1247 2100 καὶ
1276 2048 1371 2111 τὰς
1399 2051 1523 2122 περὶ
1553 2052 1684 2121 Χρι-

168 2131 273 2186 στοῦ
301 2134 617 2205 προρρήσεις
641 2135 1127 2206 ἀνακηρύττοντες,
1161 2140 1252 2191 καὶ¹
1273 2138 1368 2200 τὰς
1394 2140 1451 2192 ἐν
1475 2143 1582 2202 τοῖς
1615 2143 1687 2192 ἱε-

171 2224 263 2291 ροῖς
294 2220 458 2289 λόγοις
498 2222 720 2292 δράσεις
755 2224 924 2291 ὑγιῶς
950 2226 1343 2290 ἐποπτεύοντες,
1371 2229 1419 2281 οἳ
1452 2230 1545 2282 καὶ
1592 2230 1684 2282 ἅτε

168 2308 577 2379 ἁποκλεισθείσης
604 2310 789 2378 αὐτῆς
814 2311 912 2382 τῆς
952 2312 1096 2375 θείας
1127 2313 1357 2383 χάριτος,
1390 2316 1483 2369 καὶ
1516 2332 1683 2387 σφρα-

170 2400 289 2466 γῖσιν
329 2398 506 2470 ὥσπερ
549 2401 960 2471 καταδεθείσης,
997 2401 1265 2467 ἐξέλιπονο
1297 2402 1374 2455 διὸ
1409 2404 1683 2474 συμϐαίνει

171 2487 218 2551 ἐξ
242 2488 425 2540 ἐκείνω
456 2490 651 2559 μηκέτι
698 2490 983 2561 προφήτην
1026 2491 1279 2561 ἐνεργεῖν,
1316 2492 1444 2562 μηδὲ
1482 2493 1684 2563 ὁρῶντα

169 2578 486 2646 χρηματίζειν
512 2581 570 2631 ἐν
602 2580 816 2642 αὐτοῖς,
846 2579 951 2632 ἀπὺ
976 2577 1081 2631 τῶν
1110 2579 1441 2649 δηλουμένων
1486 2582 1683 2651 χρόνων

169 2669 245 2723 καὶ
271 2669 342 2731 είς
381 2669 523 2739 ἡμᾶς
571 2668 785 2722 τούτων
828 2668 1077 2721 ἁπάντων
1107 2667 1525 2722 διαλελοιπότων.
1552 2671 1594 2722 Τ
1596 2670 1684 2722 ού·-

167 2772 259 2819 τοις
284 2757 535 2827 ἐπιφέρειο
575 2775 595 2808 ι
628 2759 744 2811 Καὶ
772 2760 951 2828 χρῖσαι
983 2757 1130 2826 ἀγιον
1158 2758 1374 2825 ἁγίων.»
1398 2760 1504 2813 Καὶ
1530 2759 1683 2814 τοῦτο

168 2843 213 2900 δὲ
229 2844 429 2899 αὐτόθεν
448 2845 736 2916 πρόδηλον,
752 2845 829 2907 ὼς
850 2845 1006 2915 μέχρι
1025 2846 1128 2899 τῶν
1148 2845 1240 2898 τοῦ
1262 2844 1507 2917 Σωτῆρος
1525 2848 1680 2917 ἡμῶν

167 2934 338 3005 χρόνων
357 2935 495 3002 ἅγιοι
510 2934 681 3002 ἀγίων
692 2935 746 2987 οἱ
770 2936 898 3004 παρ’
913 2933 1173 3004 Ἑϐραίοις
1198 2935 1464 3005 ἀρχιερεῖς
1482 2936 1683 3007 ἐχρίον-

166 3039 231 3087 το,
253 3023 383 3078 κατά
413 3025 510 3095 τήν
541 3024 685 3077 κατά
718 3023 813 3076 τὸν
854 3023 946 3077 τοῦ
980 3023 1214 3086 Μωσέως
1235 3023 1392 3094 νόμον
1420 3024 1681 3077 ἐπιτελου-

170 3112 307 3184 μένην
332 3113 633 3183 ἀγιστείαν·
671 3111 734 3179 ἐξ
761 3112 969 3164 ἐκείνου
993 3111 1048 3163 δέ
1076 3111 1167 3163 καὶ
1191 3103 1332 3165 οὗτοι
1356 3112 1681 3165 διαλελοίπα-

167 3215 209 3256 σι
231 3200 556 3273 καταλλήλως
582 3204 655 3272 τῇ
676 3198 1007 3269 προφητείᾳ.
1023 3200 1087 3251 Ἦ
1120 3199 1214 3268 μὲν
1240 3195 1330 3253 οὖν
1364 3201 1454 3254 τοῦ
1497 3200 1681 3254 Ἰακὼὸ

168 3287 279 3357 πρὸς
297 3288 381 3340 τὸν
422 3288 622 3341 Ἰούδαν
659 3285 1009 3356 ἀναφώνησις
1037 3287 1343 3357 ἡγουμένων
1376 3289 1467 3341 καλ⁸
1495 3289 1683 3359 ἀρχόν-

165 3391 252 3431 των
292 3377 380 3429 τοῦ
414 3377 680 3430 Ἰουδαίων
732 3374 912 3437 ἔθνους
963 3372 1196 3442 ἔκλειψιν
1225 3376 1426 3445 ἐδήλου,
1452 3376 1589 3429 κατά
1614 3376 1681 3430 τά

165 3469 565 3539 προτεταγμένα·
627 3464 821 3537 ἐπειδὴ
863 3465 921 3517 δὲ
977 3463 1044 3517 τά
1090 3465 1188 3535 τῆς
1229 3467 1551 3536 προστασίας
1589 3467 1681 3520 106

165 3556 270 3611 λαοῦ
292 3559 571 3629 προφητῶν
614 3558 716 3610 καὶ
743 3556 923 3627 ἱερέων
968 3554 1130 3607 πάλαι
1175 3555 1429 3625 πρότερον
1463 3557 1679 3626 ἡρτητο,

166 3647 433 3710 ἀκολούθως
464 3645 840 3718 προθεσπίσας
865 3646 892 3697 6
920 3643 1074 3709 λόγος
1102 3643 1187 3696 διά
1212 3644 1311 3712 τῆς
1350 3661 1683 3715 προπαρατε-

167 3732 323 3805 θείσης
352 3732 690 3805 προφητείας
715 3733 811 3802 τὴν
829 3730 936 3783 τῶν
964 3729 1232 3799 ἀρχόντων
1259 3730 1351 3782 καὶ
1375 3731 1681 3799 ἡγουμένων

163 3824 240 3876 τοῦ
275 3825 530 3878 Ἰουδαίων
567 3822 760 3883 ἔθνους
789 3819 1102 3889 καθαίρεσιν
1131 3817 1220 3870 ἐπὶ
1242 3821 1305 3888 τῇ
1332 3818 1423 3870 τοῦ
1452 3817 1680 3889 Χριστοῦ

166 3914 422 3983 παρουσίᾳ,
449 3912 537 3965 διὰ
580 3911 687 3980 τῆς
734 3909 866 3980 μετὰ
904 3910 1086 3981 χεῖρας
1114 3906 1433 3976 προφητείας
1458 3908 1553 3978 τὴν
1580 3908 1683 3960 τῶν

166 4003 424 4074 προφητῶν
472 4003 568 4055 καὶ
605 4000 716 4053 τῶν
767 3997 950 4069 ἱερέων
982 3996 1086 4049 τῶν
1139 3998 1263 4066 παρ’
1292 3997 1468 4060 αὐτοῖς
1521 3998 1682 4052 πάλαι

165 4091 536 4163 διαπρεπόντων
564 4088 805 4158 ἔκλειψιν
838 4090 1128 4156 ἁναφωνεῖ,
1158 4086 1232 4148 ὡς
1258 4088 1349 4139 καὶ
1372 4086 1567 4140 τούτων
1593 4088 1683 4140 ἐπὶ

163 4185 218 4251 τῇ
243 4183 326 4236 τοῦ
353 4182 588 4254 Χριστοῦ
640 4179 925 4249 ἐπιφανείᾳ
968 4176 1359 4245 διαλειψόντων⁹
1388 4177 1416 4230 ὃ
1441 4178 1533 4231 καὶ
1559 4179 1682 4231 αὐτὸ

165 4275 258 4334 τοῖς
284 4272 455 4343 ἔργοις
488 4276 522 4342 ἡ
555 4269 825 4342 παρουσία
867 4269 960 4322 τοῦ
999 4270 1244 4339 Σωτῆρος
1276 4267 1428 4339 ἡμῶν
1457 4268 1682 4321 ἐπιστώ-

167 4363 453 4417 σατο.Ἐπεὶ
492 4363 551 4416 δὲ
600 4363 630 4413 6
672 4360 915 4423 Ἀκύλας,
950 4379 968 4410 ι
994 4358 1086 4410 τοῦ
1125 4357 1334 4427 ἀλεῖψαι
1364 4358 1683 4428 ἡγιασμένον

1783 1967 1851 2022 da
1870 1970 1915 2000 ⁷⁸
1952 1988 1965 2022 :
2001 1988 2019 2020 ι
2063 1977 2115 2022 et
2144 1970 2255 2037 ipse
2301 1973 2508 2039 aperuit
2555 1973 2723 2041 sigilla
2770 1974 2905 2027 libro
2949 1978 3209 2043 apposita,
3241 1986 3299 2030 ut

1783 2058 1921 2126 apud
1965 2057 2219 2111 Joannem
2277 2060 2498 2128 legimus
2550 2061 2604 2113 in
2655 2061 2986 2133 Apocalypsi.
3041 2065 3297 2118 Caeterum

1782 2162 1900 2216 qua:
1939 2147 2149 2201 tandem
2189 2148 2381 2217 sigilla,
2423 2149 2524 2204 nisi
2580 2151 2952 2220 prophetarum
3005 2152 3298 2209 obscurita-

1781 2236 1897 2291 tes?
1947 2251 2081 2305 quas
2124 2252 2245 2290 cum
2293 2238 2447 2305 plane
2495 2238 2628 2291 bene
2682 2249 2835 2294 notas
2888 2239 3104 2294 haberet
3139 2243 3297 2298 etiam

1781 2324 1968 2389 Isaias,
1998 2325 2168 2379 dixit:
2210 2343 2227 2376 ι
2262 2325 2327 2378 Ει
2349 2336 2506 2380 erunt
2527 2328 2688 2381 verba
2726 2328 2837 2383 haec
2862 2334 3109 2396 tanquam
3137 2332 3298 2385 verba

1781 2411 1900 2465 libri
1950 2412 2142 2480 signati
2164 2414 2210 2444 ⁷⁸
2240 2432 2252 2466 :
2287 2432 2305 2463 ι
2346 2430 2447 2466 non
2473 2429 2603 2484 ergo
2630 2422 2688 2467 ut
2730 2415 2999 2469 clauderet
3040 2417 3294 2472 visionem

1780 2507 1833 2553 et
1879 2501 2190 2569 prophetam
2223 2500 2365 2554 venit
2403 2500 2653 2555 Christus
2700 2500 2812 2565 Dei,
2845 2501 2934 2555 sed
2968 2510 3025 2554 ut
3070 2502 3297 2571 aperiret

1780 2588 1959 2654 potius
2003 2596 2056 2641 et
2108 2587 2163 2640 in
2210 2588 2379 2642 lucem
2435 2591 2715 2658 proferret.
2758 2591 2932 2654 Quare
2970 2592 3136 2660 magis
3167 2593 3296 2645 mihi

1780 2676 1993 2744 proprie
2016 2676 2225 2730 videtur
2246 2676 2433 2745 Aquila
2465 2678 2664 2732 dixisse
2693 2696 2705 2731 :
2746 2696 2764 2727 ι
2798 2679 2876 2732 Ad
2923 2693 3298 2734 consumman-

1779 2766 1904 2819 dum
1953 2766 2178 2821 visionis
2214 2780 2407 2818 munus
2458 2772 2511 2818 ct
2565 2766 2895 2834 prophetam,
2927 2785 2946 2818 ι
2980 2767 3121 2836 quod
3171 2782 3299 2824 sane

1778 2871 1900 2911 cum
1937 2856 2029 2910 illo
2055 2856 2341 2910 concordat
2373 2876 2385 2909 :
2424 2873 2442 2905 ι
2487 2854 2601 2908 Non
2633 2857 2751 2909 veni
2789 2856 2992 2910 solvere
3019 2857 3185 2925 legem
3208 2864 3298 2910 aut

1776 2943 2083 3012 prophetas,
2119 2943 2211 2997 sed
2246 2943 2514 3010 complere
2541 2943 2587 2973 ⁷⁷
2626 2981 2641 3005 ,
2682 2961 2701 2992 ι
2735 2941 2877 3010 quod
2907 2956 2936 2994 a
2963 2949 3147 2996 nostro
3178 2940 3297 2995 Sal.

1776 3039 1958 3086 vatore
1991 3032 2188 3086 dictum
2233 3032 2593 3099 agnoscimus.
2636 3031 2795 3100 387
2825 3028 2971 3085 Finis
2998 3031 3140 3085 enim
3167 3030 3297 3099 legis

1780 3121 2045 3185 Christus,
2068 3129 2120 3176 et
2143 3136 2330 3175 omnes
2362 3120 2430 3175 de
2458 3121 2549 3174 illo
2594 3121 2880 3190 prophetia:
2912 3120 3098 3175 inanes
3141 3129 3298 3188 atque

1779 3210 2101 3280 imperfecta:
2130 3217 2459 3275 manserunt,
2489 3209 2656 3262 donec
2708 3208 2795 3261 ille
2845 3209 3078 3277 seipsum
3118 3216 3300 3264 osten-

1778 3298 1929 3365 dens,
1961 3298 2206 3352 omnibus
2233 3312 2350 3366 quae
2395 3296 2460 3349 de
2501 3296 2616 3364 ipso
2662 3310 2691 3348 a
2739 3295 3011 3365 prophetis
3049 3295 3296 3364 praedicta

1780 3384 2009 3449 fuerant,
2044 3383 2200 3438 finem
2235 3383 2505 3452 imposuit.
2541 3381 2722 3436 Potest
2745 3384 2902 3436 etiam
2937 3398 3000 3436 ex
3041 3385 3300 3451 interpre-

1779 3475 1981 3528 tatione
2033 3472 2378 3543 Septuaginta
2418 3472 2578 3526 talem
2633 3472 2828 3526 habere
2872 3487 3121 3537 sensum,
3165 3473 3297 3531 illud

1779 3563 1918 3633 quod
1945 3563 2143 3617 dictum
2186 3571 2267 3618 est
2294 3581 2306 3617 :
2341 3581 2358 3612 ι
2403 3561 2473 3615 Ut
2500 3562 2651 3631 quasi
2678 3562 2828 3629 signo
2858 3561 3118 3629 impresso
3148 3560 3297 3613 clau-

1777 3655 1933 3707 datur
1975 3652 2110 3706 visio
2140 3661 2193 3707 et
2243 3650 2543 3721 propheta:
2598 3669 2615 3700 ι
2651 3664 2769 3702 cum
2810 3648 2891 3701 lex
2942 3656 2991 3702 et
3028 3647 3296 3716 propheta:

1780 3759 1947 3812 usque
1968 3741 2033 3795 ad
2068 3740 2323 3795 Joannem
2355 3738 2763 3809 permanserint,
2787 3744 2839 3790 et
2878 3752 2942 3790 ex
2974 3737 3062 3789 illo
3091 3737 3298 3791 defece-

1777 3834 1903 3895 rint,
1930 3832 2021 3900 qui
2067 3832 2215 3901 prius
2262 3828 2461 3899 Spiritu
2489 3828 2668 3881 divino
2694 3826 2852 3881 aﬂlati
2899 3827 3225 3891 divinabant,
3246 3835 3299 3882 et

1778 3923 2027 3978 vaticinia
2055 3923 2120 3975 de
2152 3921 2364 3975 Christo
2392 3920 2640 3974 omnibus
2662 3918 2832 3988 palam
2862 3918 3300 3986 prodebant,qui-

1776 4031 1881 4085 que
1919 4016 1973 4068 in
2012 4015 2182 4069 sacris
2215 4012 2491 4082 responsis
2519 4011 2753 4065 visiones
2777 4025 2938 4079 puras
2965 4018 3018 4064 et
3061 4012 3297 4064 sinceras

1779 4105 2296 4174 contemplabantur,
2328 4111 2577 4170 tanquam
2604 4100 2648 4154 si
2693 4100 2824 4169 ipsis
2849 4099 3026 4153 divina
3051 4100 3220 4169 gratia
3244 4109 3296 4154 et

1778 4194 1981 4256 clausa,
2006 4199 2059 4246 et
2099 4190 2252 4259 quasi
2302 4188 2469 4257 signis
2519 4185 2795 4255 impressis
2841 4185 3082 4252 colligata
3131 4192 3294 4246 esset,

1778 4282 1972 4335 merito
1997 4280 2169 4335 evenit
2192 4286 2251 4332 ut
2273 4278 2338 4331 ab
2367 4278 2478 4338 illo,
2496 4276 2560 4329 de
2588 4289 2694 4344 quo
2724 4274 2923 4328 dictum
2962 4277 3063 4338 est,
3091 4279 3295 4340 tempo-

1780 4384 1857 4432 re,
1887 4383 1994 4422 non
2021 4366 2252 4436 amplius
2282 4364 2420 4434 apud
2449 4364 2568 4417 illos
2601 4377 2819 4416 munere
2853 4375 2952 4415 suo
2992 4360 3297 4428 fungeretur

166 4452 500 4522 ἡγιασμένων,
529 4471 549 4504 ι
582 4450 860 4515 ἐξέδωκεν,
891 4450 1123 4518 οἰήσεται
1156 4447 1252 4517 μέν
1280 4464 1362 4510 τις
1402 4446 1492 4499 τὸν
1524 4448 1683 4501 πάλαι

1782 4458 2059 4530 propheta,
2089 4471 2261 4526 neque
2290 4455 2382 4524 qui
2418 4454 2485 4508 ab
2527 4453 2633 4508 illis
2670 4453 2857 4506 videns
2899 4448 3291 4507 nominabatur,

167 4540 294 4610 παρὰ
330 4541 598 4603 Ἰουδαίοις
635 4539 888 4612 ἀρχιερέα
927 4535 1227 4607 δηλοῦσθαι,
1255 4535 1360 4588 τῶν
1392 4536 1488 4607 μὲν
1517 4536 1683 4608 τούτῳ

168 4629 554 4703 ὑποϐεϐηκότων
591 4630 800 4683 πολλῶν
827 4628 1009 4699 ἱερέων
1039 4628 1201 4695 ἁγίων
1233 4628 1684 4699 προσαγορευομέ-

168 4736 273 4785 νων,
300 4723 446 4791 ἁγίου
487 4723 546 4776 δὲ
595 4723 762 4789 ἁγίων
793 4721 949 4791 μόνου
977 4719 1067 4771 τοῦ
1121 4719 1256 4789 ὑπὲρ
1315 4718 1515 4781 πάντας
1556 4720 1685 4789 ἀρχ-

172 4812 352 4878 ιερέως,
367 4813 585 4883 Ἐπειδὴ
627 4812 780 4864 τοῦτο
805 4811 897 4863 καὶ
918 4810 1208 4880 προχείρως
1243 4808 1357 4861 νοού
1367 4807 1516 4877 μενόν
1543 4810 1681 4861 ἐστιν

171 4898 357 4968 ἀληθές.
379 4902 558 4973 Μέχρι
584 4900 692 4971 γὰρ
720 4900 829 4954 τῶν
858 4899 950 4952 τοῦ
972 4899 1212 4968 Σωτῆρος
1235 4897 1388 4967 ἡμῶν
1415 4897 1614 4967 χρόνων
1632 4898 1680 4949 οἱ

172 4987 403 5044 ἀνέκαθεν
430 4991 574 5045 κατά
600 4990 843 5060 διαδοχήν
877 4990 1143 5060 ἀρχιερεῖς
1166 4986 1296 5057 ὁμοῦ
1314 4988 1405 5039 καὶ
1430 4986 1521 5038 τοῦ
1549 5003 1680 5039 παν-

172 5074 248 5139 τδς
267 5079 483 5147 ἡγοῦντο
508 5078 662 5144 λαοῦ,
693 5082 785 5132 καὶ
824 5078 892 5131 τὰ
935 5079 1032 5147 τῆς
1073 5076 1163 5129 τοῦ
1210 5075 1340 5128 Θεοῦ
1372 5075 1675 5145 θεραπείας,

176 5165 449 5233 ἀκολούθως
489 5173 557 5240 τῇ
587 5170 732 5240 παρά
766 5169 951 5223 Μωσεῖ
983 5165 1430 5236 νενομοθετημένῃ
1466 5164 1680 5238 λατρεία

176 5252 382 5327 διαρκῶς
407 5259 709 5315 ἐπετέλουν.
727 5258 853 5310 Ἀπὸ
888 5257 944 5309 δέ
975 5255 1080 5307 τῶν
1121 5254 1211 5306 τοῦ
1256 5254 1499 5323 Σωτῆρος
1524 5256 1677 5325 ἡμῶν

182 5347 362 5416 χρόνων
386 5350 597 5420 πρῶτον
629 5348 722 5417 μὲν
752 5345 1005 5416 συνεχύθη
1034 5344 1125 5395 καὶ
1143 5345 1177 5413 ἡ
1194 5343 1330 5396 κατά
1347 5341 1561 5405 τούτους
1586 5344 1677 5397 τά-

186 5433 270 5499 ξις,
313 5439 494 5507 μικρὸν
539 5437 596 5497 δὲ
639 5437 854 5505 ὕστερον
880 5435 969 5487 καὶ
1007 5432 1274 5494 παντελῶς
1300 5431 1677 5502 ἀπέσϐη,Ἀλλ’

188 5523 334 5597 ἔγωγε
373 5527 469 5595 τῆς
511 5527 662 5595 θείας
707 5524 916 5599 Γραφῆς
952 5520 1178 5592 οὐδαμοῦ
1205 5521 1374 5591 εὑρὼν
1413 5522 1499 5573 τὸν
1531 5523 1679 5592 παρά

249 5696 469 5767 "Apoc.
503 5714 564 5762 γ,
600 5697 657 5753 5.

1780 4547 1873 4601 sed
1899 4547 2076 4601 omnia
2118 4546 2232 4599 haec
2266 4559 2433 4614 usque
2473 4543 2538 4597 ad
2573 4550 2811 4598 nostram
2841 4547 3048 4593 atatem
3088 4537 3293 4591 sublata

1775 4635 2104 4691 evanuerint.
2134 4635 2392 4703 Deinceps
2424 4632 2700 4702 sequitur:
2735 4649 2753 4680 ι
2798 4628 2864 4681 Ει
2900 4629 3128 4695 ungat‘ur
3160 4623 3295 4677 San-

1774 4732 1894 4778 ctus
1944 4731 2272 4777 sanctorum.
2312 4742 2329 4773 ο
2366 4721 2476 4774 Hoc
2535 4721 2657 4773 item
2703 4716 2857 4769 nobis
2911 4714 3095 4767 eodem
3139 4726 3293 4781 argu-

1777 4817 1956 4863 mento
1985 4810 2251 4863 constabit
2282 4823 2439 4862 :nam
2476 4820 2643 4875 usque
2679 4803 2744 4856 ad
2775 4811 3013 4870 tempora
3062 4798 3296 4851 Salvato-

1775 4902 1850 4955 ris
1877 4899 2067 4961 nostri,
2106 4899 2197 4967 qui
2231 4897 2414 4951 Sancti
2452 4904 2756 4951 sanctorum
2814 4891 3090 4959 pontiﬁces
3140 4896 3294 4941 erant

1779 4987 1917 5058 apud
1939 4986 2211 5051 Hebraeos,
2240 4986 2275 5038 ii
2307 4983 2621 5040 ceremoniis
2653 4995 2786 5048 quas
2805 4994 2871 5032 ex
2907 4977 3135 5031 Mosaica
3179 4975 3294 5044 lege

1778 5084 2022 5146 acceptas
2063 5076 2362 5138 servabant,
2409 5074 2743 5140 angebantur
2770 5085 2788 5122 :
2832 5068 2925 5122 sed
2982 5068 3038 5120 hi
3082 5079 3293 5135 quoque

1776 5162 2012 5234 posthaec
2042 5163 2179 5216 sicut
2216 5159 2489 5229 prephetia
2519 5157 2857 5226 praedixerat,
2890 5155 3149 5209 defecere.
3184 5154 3292 5205 lta-

1778 5271 1879 5325 que
1903 5253 2042 5321 quod
2071 5252 2138 5306 ab
2165 5250 2329 5306 Jacob
2358 5249 2423 5303 ad
2446 5248 2635 5302 Judam
2658 5246 2930 5300 oraculum
2962 5244 3292 5299 enuntiatum

1776 5351 1877 5406 est,
1909 5342 2198 5399 secundum
2221 5356 2283 5396 ea
2308 5354 2425 5409 quae
2454 5338 2602 5408 prius
2635 5351 2664 5389 a
2696 5335 2849 5388 nobis
2873 5335 3112 5404 exposita
3146 5341 3291 5393 sunt.

1778 5430 2012 5488 Iudaica:
2043 5433 2212 5502 gentis
2252 5431 2445 5486 ducum
2484 5427 2889 5498 principumque
2919 5426 3179 5480 defectum
3207 5421 3292 5476 div

1781 5524 2016 5586 vinahat.
2043 5520 2145 5578 Sed
2179 5521 2427 5597 quoniam
2460 5520 2834 5596 prophetarum
2856 5523 2910 5577 ct
2937 5511 3296 5578 sacerdotum,|

738 5694 781 5725 ⁷⁸
815 5692 889 5746 lsa
940 5707 1097 5758 nix,
1139 5695 1224 5753 il.
1294 5695 1339 5727 '"
1379 5690 1559 5749 Matth.
1594 5712 1656 5753 γ.
1698 5696 1780 5755 Π..
1824 5746 1831 5751 .
