3740 6324
472 348 567 401 Gil

471 458 758 515 civitatem,
789 458 842 505 et
872 446 1170 508 Nehemias,
1194 459 1335 497 unus
1349 453 1534 495 eorum
1561 435 1653 505 qui
1682 430 1865 488 emissi
1894 427 2011 479 fuc-

2111 419 2303 472 κοσίων
2334 415 2662 484 πεντήκοντα
2705 412 2979 479 τεσσάρων
3000 445 3014 466 ,
3066 405 3155 458 τοῦ
3182 405 3386 474 ἡλιακοῦ
3419 409 3580 462 κύκλου

2111 510 2123 515 -
2191 509 2201 515 .
2505 506 2518 515 .
2648 501 2672 513 η
2938 497 3009 515 κέν
3152 495 3383 515 1P,Q__-,____
3458 498 3509 515 -ο

473 555 612 607 rant,
641 542 788 612 Operi
812 537 1024 609 praefuit
1049 552 1062 586 :
1095 543 1148 589 et
1177 535 1349 603 platea
1382 537 1436 584 et
1460 528 1598 581 muri
1627 523 1860 578 ambitus
1880 515 2004 571 aedi-

473 637 628 689 ﬁcata
654 640 799 694 sunt,
831 630 972 684 sicut
1012 626 1249 678 futurum
1282 617 1561 690 prophetia
1588 613 1999 682 signiﬁcaverat.

472 721 599 776 Inde
630 722 790 790 igitur
814 717 971 771 nobis
1011 726 1295 768 numerare
1326 704 1704 775 incipientibus
1735 714 1838 752 ιλιι
1874 695 2006 748 heb-

474 810 727 866 domades
755 810 807 861 in
833 806 1105 861 Christum
1141 799 1498 854 terminantur
1524 813 1535 844 :
1566 806 1688 846 nam
1721 790 1769 843 si
1815 785 2006 861 abillo

476 903 662 973 quovis
691 908 926 966 tempore
966 890 1281 948 numerandi
1329 887 1540 941 initium
1579 880 1885 938 fecerimus,
1913 889 2009 928 ne-

473 1006 577 1061 que
598 997 807 1056 tempus
833 987 1006 1055 ipsum
1042 979 1344 1042 conveniet,
1373 983 1425 1030 et
1457 973 1621 1027 multa
1667 963 2007 1022 incommoda

475 1079 659 1135 subire
713 1087 936 1128 necesse
965 1072 1085 1125 erit.
1120 1068 1242 1121 Sive
1283 1067 1424 1120 enim
1458 1078 1486 1115 a
1528 1060 1687 1130 Cyro,
1732 1057 2009 1125 primaque

473 1167 777 1222 emissione.
808 1161 1139 1231 septuaginta
1171 1151 1532 1210 hebdomadas
1571 1160 1851 1201 numerare
1897 1156 2010 1195 cm-

474 1254 730 1328 perimus,
763 1253 886 1306 anni
912 1257 1128 1304 centum
1164 1255 1216 1300 et
1245 1245 1473 1313 amplius
1521 1246 1861 1308 supererunt,
1892 1235 2008 1290 sive

474 1322 542 1399 ab
566 1359 630 1398 eo
652 1344 738 1396 die
766 1356 872 1410 quo
909 1338 1128 1407 angelus
1178 1334 1281 1403 ipsi
1311 1331 1495 1384 Daniel
1523 1325 1793 1382 oraculum
1828 1322 2010 1376 reddi-

473 1437 571 1501 dit,
602 1434 759 1488 etiam
789 1431 959 1497 major
1002 1429 1090 1481 ﬁet
1129 1437 1390 1478 annorum
1418 1433 1692 1472 numerus.
1721 1412 1889 1466 Multo
1909 1427 2006 1464 au-

473 1534 580 1579 tem
628 1526 818 1591 major,
845 1521 890 1575 si
940 1520 1008 1572 ab
1062 1516 1213 1570 initio
1257 1520 1426 1581 capta:
1472 1509 1640 1562 urbis.
1700 1503 2008 1558 Invenimus

473 1616 613 1667 enim
643 1625 866 1680 regnum
900 1607 1185 1661 Persarum
1234 1603 1374 1655 intra
1417 1612 1587 1651 annos
1624 1608 1685 1647 cc
1715 1600 1873 1661 atque
1897 1606 2009 1644 xxx

474 1700 757 1756 contineri.
785 1695 984 1750 Deinde
1021 1692 1366 1746 Macedonum
1402 1688 1467 1740 ad
1519 1696 1782 1737 annorum
1817 1694 2009 1733 nume-

475 1803 595 1842 rum
637 1786 938 1840 continuari
986 1789 1343 1836 trecentorum
1391 1783 1444 1830 et
1477 1771 1827 1842 septuaginta.
1877 1767 2007 1822 [nde

478 1893 605 1932 vero
635 1879 699 1931 ad
734 1876 932 1930 Tiberii
979 1872 1207 1927 Caesaris
1237 1882 1432 1921 annum
1465 1872 1670 1919 sextum
1703 1859 2003 1920 decimum,

478 1986 649 2025 annos
683 1967 978 2034 sexaginta.
1010 1963 1090 2014 Ab
1134 1961 1426 2012 Artaxerxe
1464 1963 1639 2008 autem
1674 1951 2007 2020 septuaginta

479 2059 835 2114 hebdomades
881 2054 948 2108 ad
973 2051 1172 2106 Christi
1215 2058 1424 2116 tempus
1456 2045 1790 2111 perveniunt,
1825 2041 1870 2094 si
1909 2039 2005 2093 Ju-

479 2150 712 2203 daeorum
746 2159 993 2199 numeros
1026 2141 1319 2209 sequimur.
1362 2135 1635 2205 Siquidem
1669 2148 1699 2185 a
1734 2130 2005 2191 Nehemia,

480 2241 570 2308 qui
600 2245 659 2292 ut
679 2236 966 2291 aadiﬁcaret
1012 2230 1310 2287 Jerusalem
1337 2234 1420 2283 est
1444 2226 1662 2287 missus,
1697 2236 1836 2276 anno
1857 2218 2010 2290 regni

483 2331 762 2384 Persarum
812 2324 1105 2380 centesimo
1136 2327 1188 2374 et
1218 2319 1403 2388 quinto
1422 2315 1651 2379 decimo,
1679 2312 1771 2382 qui
1799 2310 1898 2364 fuit
1926 2312 2009 2378 ip-

483 2421 595 2475 sius
639 2416 788 2487 regni
822 2411 1135 2467 Artaxerxis
1167 2407 1475 2469 vicesimus,
1505 2412 1662 2472 atque
1700 2401 1837 2455 idem
1860 2405 2010 2451 octo-

480 2508 692 2578 gesima:
724 2504 890 2559 tertia:
927 2498 1240 2571 Olympiadis
1275 2506 1515 2565 quartus,
1542 2491 1606 2544 ad
1639 2489 1766 2545 illud
1800 2496 2009 2557 tempus

482 2575 574 2664 qui
607 2594 707 2647 fuit
753 2589 1072 2662 Olympiadis
1121 2583 1503 2639 ducentesima:
1551 2575 1800 2633 secunda:
1838 2587 2010 2627 annus

485 2683 771 2744 secundus,
800 2678 1006 2749 imperii
1028 2682 1201 2729 autem
1233 2669 1432 2725 Tiberii
1455 2666 1681 2722 Caesaris
1713 2672 1896 2719 sextus
1918 2664 2012 2717 de-

483 2775 675 2836 cimus,
700 2770 828 2824 anni
872 2772 1220 2822 numerantur
1261 2757 1633 2831 quadringenti
1676 2753 2011 2824 septuaginta

485 2866 736 2935 quinque,
776 2861 868 2932 qui
909 2856 1168 2912 Hebraica
1209 2852 1416 2906 ratione
1463 2848 1593 2901 ﬁunt
1639 2842 2012 2914 quadringenti

486 2934 773 3019 nonaginta
801 2968 813 3002 :
841 2953 1042 3017 utpote,
1073 2957 1193 2996 cum
1233 2940 1309 2992 illi
1339 2937 1406 2991 ad
1427 2949 1643 2990 cursum
1675 2934 1812 2986 lunae
1841 2946 2013 2986 annos

485 3049 793 3109 computare
814 3034 1211 3093 consueverint,
1247 3036 1307 3082 ut
1334 3028 1439 3080 hac
1466 3025 1675 3077 ratione
1713 3036 1886 3075 annus
1910 3020 2011 3083 sit,

487 3132 626 3200 quod
653 3131 797 3184 dictu
831 3128 984 3180 facile
1009 3130 1112 3186 est,
1148 3122 1354 3174 dierum
1381 3122 1738 3169 trecentorum
1762 3110 2016 3178 quinqua-

488 3224 632 3292 ginta
661 3226 914 3288 quatuor,
958 3231 1079 3270 cum
1109 3219 1286 3265 tamen
1308 3200 1717 3262 solaris'cursus
1744 3200 1858 3254 dies
1883 3214 2016 3254 con-

490 3312 631 3365 ﬁciat
658 3316 924 3363 trecentos
966 3303 1240 3373 sexaginta
1278 3297 1515 3368 quinque
1544 3306 1666 3347 cum
1707 3289 1866 3345 unius
1908 3287 2014 3342 diei

489 3409 638 3470 parte
661 3406 871 3469 quarta.
903 3396 977 3448 Ex
1015 3408 1122 3463 quo
1164 3394 1383 3459 apparet
1418 3386 1634 3438 lunares
1665 3394 1856 3435 cursus
1879 3378 2005 3432 duo-

489 3491 683 3553 decim,
736 3488 804 3541 ab
845 3501 953 3539 uno
1002 3482 1167 3538 solari
1220 3493 1404 3539 cursu,
1454 3472 1703 3528 undecim
1739 3471 1925 3524 diebus
1963 3474 2018 3523 et

489 3589 681 3653 quarta
710 3579 872 3632 unius
887 3575 992 3628 diei
1012 3569 1274 3641 superari.
1298 3567 1501 3622 Idcirco
1522 3571 1576 3618 et
1597 3562 1764 3616 Graeci
1787 3558 2017 3614 etJudaei

490 3680 670 3726 ternos
705 3666 1052 3722 intercalares
1078 3674 1290 3714 menses
1311 3665 1501 3711 octavo
1531 3654 1726 3721 cuique
1755 3664 1897 3702 anno
1922 3646 2019 3700 ad-

490 3760 697 3823 iiciunt.
736 3754 941 3807 Etenim
969 3752 1014 3805 si
1044 3749 1287 3803 undenos
1319 3761 1440 3800 cum
1462 3744 1621 3797 unius
1650 3747 1798 3809 parte
1828 3743 2018 3807 quarta

492 3847 659 3901 octies
705 3841 1045 3911 repetiveris,
1091 3838 1254 3891 trium
1302 3834 1564 3889 mensium
1614 3828 1843 3899 spatium
1888 3840 2017 3878 con-

494 3937 659 3992 ﬁcies.
708 3927 1092 3997 Quadringenti
1147 3927 1308 3996 igitur
1379 3920 1713 3992 septuaginta
1783 3915 2017 3985 quinque

494 4028 654 4090 anui,
705 4023 952 4079 octennia
1009 4018 1237 4072 reddunt
1285 4013 1668 4085 quinquaginta
1725 4020 1913 4061 novem
1966 4012 2019 4058 et

495 4133 665 4174 annos
722 4120 978 4183 praeterea
1032 4115 1162 4159 tres.
1223 4106 1357 4159 Cum
1402 4117 1530 4156 vero
1582 4110 1770 4152 octavo
1827 4094 2020 4162 cuique

496 4222 637 4263 anno
680 4203 818 4258 terni
872 4198 1253 4254 intercalentur
1301 4206 1548 4251 menses,
1598 4185 1876 4241 conﬁcitur
1925 4197 2020 4234 an-

495 4312 685 4354 norum
723 4311 790 4348 xv
822 4303 1052 4350 summa,
1095 4285 1280 4355 paucis
1320 4282 1570 4335 detractis
1612 4276 1818 4331 diebus.
1861 4271 2014 4340 391

2100 509 2429 577 ὑπάρχοντος
2494 501 2713 573 ἡμερῶν
2767 497 3085 570 τριακοσίων
3148 495 3388 565 ἐξήκοντα
3454 498 3585 551 πέντε

2100 599 2372 667 τετάρτου.
2478 593 2590 662 Τὴν
2640 590 2743 659 γὰρ
2795 589 2934 641 κατά
2981 586 3200 656 σελήνην
3259 585 3583 656 δωδεκάμηνον

2102 685 2464 756 παραλλάσσει
2539 679 2770 750 ἡμέραις
2827 676 3014 729 ἕνδεκα
3078 674 3171 726 καὶ⁸
3220 670 3456 743 τετάρτῳ,
3515 676 3591 727 Διὰ

2102 776 2260 828 τοῦτο
2321 773 2577 841 ’Έλληνες
2636 771 2729 821 καὶ
2809 767 3047 819 Ἰουδαῖοι
3113 764 3254 833 τρεῖς
3313 764 3466 833 μῆνας
3514 766 3591 834 ἐμ.

2105 865 2352 934 ϐολίμους
2387 863 2563 915 ἔτεσιν
2587 856 2730 911 ὀκτὼ
2771 855 3249 926 παρεμϐάλλουσιν
3286 853 3484 915 ὀκτάκις
3512 855 3593 926 γὰρ

2104 953 2173 1006 τά
2213 953 2396 1005 ἕνδεκα
2438 950 2695 1019 τέταρτον
2749 946 2893 996 ποιεῖ
2920 941 3189 1013 τρίμηνον.
3262 939 3339 992 Τὰ
3361 937 3512 994 τοίνυν
3535 958 3598 992 τε-

2106 1044 2358 1116 τρακόσια
2384 1040 2754 1110 ἐϐδομήκοντα
2774 1035 2937 1088 πέντε
2959 1033 3073 1103 ἐτη,
3097 1029 3443 1100 όκταετηρίδες
3467 1031 3599 1097 γίνον-

2109 1152 2195 1188 ται
2245 1132 2573 1201 πεντήκοντα
2617 1126 2785 1179 ἐννέα
2836 1124 2931 1177 καὶ
2980 1123 3140 1192 μῆνες
3192 1122 3367 1190 τρεῖςθ
3411 1119 3479 1181 ὡς
3516 1136 3602 1190 τρι-

2113 1222 2277 1291 μήνου
2336 1219 2390 1271 δέ
2443 1215 2745 1286 ἐμϐολίμου
2795 1214 2864 1283 τῇ
2914 1209 3161 1279 όκταετία
3189 1207 3485 1277 γινομένης,
3534 1207 3600 1276 ἔτη

2110 1308 2484 1363 πεντεκαίδεκα
2529 1304 2735 1372 όλίγωψ
2766 1301 2991 1372 ἡμερῶν
3026 1298 3341 1351 ἀποδεόντων
3365 1296 3599 1363 γίγνονται.

2109 1398 2290 1451 Ταῦτα
2315 1397 2369 1448 δέ
2397 1395 2529 1465 πρὸς
2553 1394 2665 1455 τοῖς
2704 1388 3081 1458 τετρακοσίοις
3115 1384 3454 1453 ἐϐδομήκοντα
3477 1382 3596 1433 πέντε

2110 1488 2301 1549 ἔτεσιν,
2350 1487 2408 1538 αἱ
2451 1484 2816 1553 ἐϐδομήκοντα
2864 1475 3152 1546 ἑϐδομάδες
3200 1471 3591 1525 συντελοῦνται.ι

2109 1575 2290 1629 Ταῦτα
2319 1575 2414 1646 μὲν
2456 1569 2545 1626 οὖν
2584 1568 2928 1640 Ἀφρικανός.
2963 1568 3027 1618 Ei
3067 1564 3123 1617 δὲ
3157 1565 3259 1633 χρὴ
3288 1563 3376 1615 καὶ
3406 1563 3527 1631 ἡμᾶς
3544 1563 3596 1611 ol-

2110 1668 2264 1720 κείαν
2294 1669 2371 1728 είς
2411 1666 2532 1727 τοὺς
2569 1663 2766 1723 τόπους
2809 1657 3064 1712 ἀπόδοσιν
3099 1656 3176 1717 είς
3217 1652 3368 1722 μέσον
3404 1652 3595 1719 ἀγαγεῖν,

2111 1756 2251 1823 ‘P‘ii‘1
2294 1753 2364 1824 μὴ
2411 1753 2599 1821 μάτην,
2645 1749 2779 1820 μηδὲ
2829 1747 2906 1809 ὡς
2947 1745 3099 1812 ἔτυχε
3140 1742 3236 1812 τὴν
3270 1740 3502 1811 διαίρεσιν
3532 1753 3597 1789 τεε⁸

2112 1846 2356 1917 ποιῆσθαι
2380 1846 2466 1897 τὸν
2489 1844 2641 1910 λόγον
2674 1840 2783 1891 τῶν
2823 1837 3190 1906 ἐϐδομήκοντα
3214 1825 3599 1901 ἑϐδομάδων.Διε-

2109 1916 2349 2005 λὼνγάρ
2373 1931 2538 1993 αὺτάς
2566 1934 2644 1987 εἰς
2677 1927 2903 1999 πρώτας
2928 1923 3090 1985 έπτά,
3133 1920 3299 1973 ἔπειθ’
3327 1919 3495 1989 ἐτέρας
3513 1916 3599 1985 ἐξὴ-

2111 2042 2271 2079 κοντα
2293 2022 2403 2084 δύο,
2427 2022 2519 2074 καὶ
2548 2016 2684 2090 μετά
2712 2015 2946 2069 πλεῖστα
2972 2010 3042 2063 τὰ
3070 2008 3266 2080 μεταξὺ
3290 2005 3599 2075 ἐπιλεγόμενα,

2110 2114 2206 2183 τὴν
2239 2114 2362 2182 μίαν
2385 2110 2606 2171 ἐπιθεὶς,
2631 2105 2775 2159 οῦτω
2803 2103 2897 2156 τὸν
2924 2100 3155 2173 ἀριθμὸν
3176 2099 3279 2151 τῶν
3304 2097 3602 2167 ἐϐδομήκοντα

2092 2182 2408 2272 ἐϐδομὰδων
2450 2198 2780 2268 ἀφωρίσατο.
2816 2193 2981 2260 Λέγει
3018 2191 3063 2243 δ’
3110 2185 3222 2242 οὖν·
3266 2206 3284 2238 ι
3316 2186 3417 2239 Καὶ
3448 2182 3600 2253 γνώσῃ.

2113 2295 2204 2346 καὶ
2234 2292 2477 2361 συνήσεις
2511 2288 2616 2341 ἀπὸ
2644 2285 2827 2351 ἐξόδου
2863 2282 3022 2349 λόγου
3054 2279 3150 2332 τοῦ
3188 2275 3510 2349 ἀποκριθῆναι
3540 2272 3604 2324 καὶ

2111 2380 2203 2432 τοῦ
2245 2377 2587 2447 οἰκοδομῆσαι
2626 2370 2983 2443 Ἰερουσαλὴμ
3025 2370 3129 2432 ἓως
3168 2365 3390 2438 Χριστοῦ
3424 2362 3604 2434 ἡγουμέ-

2113 2487 2223 2532 νου,
2253 2467 2535 2538 ἐϐδομάδες
2576 2462 2740 2527 ἐπτά,
2785 2461 2883 2514 καὶ
2927 2459 3216 2529 έϐδομάδες
3243 2452 3601 2525 ἑξηκονταδύο.»

2113 2557 2223 2613 Εἶθ’
2268 2558 2428 2629 ἓτερά
2461 2573 2580 2609 τινα
2629 2552 2840 2625 μεταξὺ
2886 2548 3202 2618 ἐπαγαγὼν,
3236 2546 3329 2617 τὴν
3362 2542 3608 2598 τελευταίαν

2113 2649 2445 2721 προστίθησι,
2459 2646 2653 2716 φήσας
2681 2662 2701 2694 ι
2721 2645 2836 2696 Καὶ
2859 2640 3169 2712 δυναμώσει
3191 2638 3434 2709 διαθήκην
3452 2632 3609 2689 πολλοῖς

2115 2735 2340 2807 ἐϐδομάς
2382 2735 2496 2805 μία.
2540 2752 2559 2784 ι
2616 2735 2746 2785 ’Ότι
2773 2733 2820 2785 δ’
2854 2731 2915 2783 οὐ
2962 2730 3140 2799 μάτην
3175 2727 3359 2789 ταῦτα,
3398 2723 3489 2777 οὐδ’
3520 2721 3608 2774 ἄνευ

2112 2829 2210 2897 τῆς
2257 2826 2401 2888 θείας
2446 2822 2736 2899 ἐπιπνοίας
2790 2820 3159 2891 ἐσχεδίασται,
3206 2816 3355 2871 πάνθ’
3400 2808 3609 2867 ὁντιναοῦν

2113 2917 2218 2970 τῶν
2242 2915 2315 2977 ὡς
2344 2911 2473 2965 Θεοῦ
2511 2898 2754 2983 ρἡασιν
2793 2911 2984 2971 αὐτοῖς
3016 2906 3377 2979 προσεχόντων
3410 2898 3612 2971 ὁμολογή-

2117 3023 2225 3060 σειν
2272 3002 2521 3074 ἡγοῦμαι.
2564 2999 2744 3052 Τοῦτο
2796 2999 2898 3069 μὲν
2947 2994 3041 3051 οῦν
3091 2996 3298 3068 πρῶτον
3337 2994 3455 3063 ἡμῖν
3483 2987 3612 3047 καλῶς

2113 3095 2281 3162 ἔδοξεν
2311 3089 2776 3162 ἐπισημήνασθαι,
2817 3089 3143 3142 καταλιπεῖν
3179 3104 3237 3140 τε
3278 3088 3383 3146 τοῖς
3410 3078 3611 3148 ἐντυγχά-

2110 3204 2253 3241 νουσι
2273 3184 2367 3254 τὴν
2386 3181 2477 3234 τοῦ
2504 3180 2841 3253 ζητηθέντος
2866 3179 3073 3251 ἀκριϐῆ
3093 3177 3264 3231 λύσιν.
3290 3176 3349 3228 El
3371 3174 3421 3226 δέ
3445 3170 3530 3242 χρὴ
3550 3167 3613 3220 καὶ

2110 3277 2252 3348 ἡμᾶς
2276 3273 2336 3326 τὸ
2376 3270 2608 3324 ἐπεισιὸν
2650 3272 2735 3342 μὴ
2780 3265 3383 3342 ἀποκρύψασθαι,-φημὶ
3414 3258 3614 3315 καθ’ὲτέ-

2113 3384 2210 3438 ραν
2231 3365 2458 3417 διάνοιαν
2483 3361 2598 3431 ἤτοι
2621 3361 2865 3432 ἐκδοχὴν
2889 3361 2982 3413 τὸν
3007 3362 3066 3413 ἐν
3091 3361 3158 3430 τῇ
3184 3353 3494 3428 προκειμένῃ
3521 3364 3615 3418 γρα·

2112 3437 2183 3527 ξρῇ
2208 3456 2523 3527 δηλούμενον
2549 3453 2801 3524 Χριστὸν
2841 3451 3169 3523 ἡγούμενον,
3202 3448 3337 3502 κατά
3370 3445 3446 3505 τὰ,
3475 3460 3492 3493 ι
3523 3437 3616 3491 Ἀπὸ

2112 3544 2287 3609 ἐξόδου
2320 3543 2475 3611 λόγου
2512 3540 2607 3594 τοῦ
2663 3541 3037 3613 ἀποκριθῆναι
3083 3541 3175 3593 καὶ⁸
3213 3537 3305 3591 τοῦ
3335 3529 3618 3613 οἰκοδομῆσαι

2124 3631 2466 3704 Ἰερουσαλὴμ
2491 3631 2595 3692 ’ἐως
2626 3612 2877 3700 Χριστοῦ
2905 3630 3226 3700 ἡγουμένου,
3258 3646 3276 3678 ι
3304 3626 3396 3678 οὐκ
3415 3623 3544 3676 ἄλλον
3561 3612 3614 3668 εἷ-

2114 3741 2199 3778 ναι
2220 3722 2311 3777 τοῦ
2335 3720 2632 3788 καταλόγου
2661 3722 2773 3775 τῶν
2805 3721 2946 3792 μετά
2970 3722 3070 3791 τὴν
3096 3716 3434 3791 προφητείαν,
3456 3711 3532 3765 καὶ
3548 3706 3613 3774 τὴν

2114 3814 2218 3867 ἀπὸ
2246 3811 2554 3873 Βαϐυλῶνος
2579 3812 2870 3875 ἐπάνοδον,
2916 3810 3277 3882 ἡγησαμένων
3314 3803 3400 3858 τοῦ
3426 3799 3533 3855 λαοῦ
3554 3798 3615 3864 ἀρ-

2115 3903 2357 3973 χιερέων,
2398 3899 2489 3963 οὓς
2531 3900 2811 3969 Χριστοὺς
2865 3900 2987 3963 ἔθος
3035 3898 3322 3953 ἀποκαλεῖν
3359 3897 3418 3964 τῇ
3454 3887 3612 3960 Γραφῇ

2114 3990 2317 4053 Μόνους
2339 3990 2444 4060 γὰρ
2467 3989 2695 4055 τούτους
2722 3990 3142 4061 καθηγήσασθαι
3174 3987 3266 4040 τοῦ
3291 3984 3474 4044 ἔθνους,
3495 3976 3615 4047 ἀρξα-

2119 4079 2306 4148 μένους
2332 4077 2438 4130 ἀπδ
2471 4077 2651 4146 Ἰησοῦ
2690 4077 2787 4130 τοῦ
2823 4077 3092 4140 Ἰωσεδὲκ,
3128 4074 3220 4128 τοῦ
3247 4072 3423 4144 ἱερέως
3446 4065 3521 4121 τοῦ
3546 4078 3613 4133 με·

2115 4167 2296 4234 γάλου,
2334 4164 2471 4235 μετά
2511 4165 2611 4235 τὴν
2659 4165 2770 4219 ἀτῦ
2809 4166 3133 4229 Βαϐυλῶνος
3161 4161 3418 4222 ἐπάνοδον,
3439 4155 3517 4210 καὶ
3550 4150 3615 4221 μέο

2118 4276 2205 4328 χρι
2234 4257 2338 4311 τῶν
2365 4257 2568 4327 χρόνων
2610 4259 2713 4329 τῆς
2739 4258 2834 4310 τοῦ
2877 4259 3129 4329 Σωτῆρος
3152 4255 3301 4327 ἡμῶν
3335 4246 3486 4323 Ἰησοῦ
3515 4246 3613 4314 X9"

495 4389 642 4454 Quos
670 4385 716 4439 si
746 4381 812 4435 ad
845 4341 1266 4449 quadringentos
1291 4370 1624 4438 septuaginta
1662 4363 1896 4432 quinque
1924 4359 2012 4412 ad-

2119 4349 2240 4401 στοῦ
2279 4347 2575 4419 παρουσίας
2611 4350 3058 4420 παρειλήφαμεν.
3098 4344 3259 4417 Οἶμαι
3298 4344 3414 4412 γοῦν
3441 4341 3518 4392 τὸν
3549 4350 3614 4403 με·

2186 4436 2228 4454 με
2363 4437 2377 4454 ρ
2419 4453 2428 4454 ,
2542 4434 2568 4454 -ξ
2600 4453 2605 4454 ,
2732 4437 2743 4451 ο
3130 4436 3229 4454 κιημ
3292 4431 3402 4454 --μω
3434 4426 3481 4454 Β..
3514 4423 3613 4454 ενι-

495 4476 714 4537 dideris,
745 4448 1105 4526 hebdomadas
1126 4477 1228 4516 ιιι
1254 4459 1526 4515 conﬁcies.
1561 4474 1579 4506 ι
1611 4452 1878 4506 Hactenus
1899 4448 2018 4517 qui-

496 4570 616 4623 dem
663 4564 964 4618 Africanus.
1027 4552 1181 4619 Quod
1221 4553 1266 4605 si
1306 4565 1403 4603 nos
1456 4559 1669 4615 quoque
1709 4547 1917 4610 oportet
1963 4539 2017 4591 in

496 4652 762 4725 ejusmodi
818 4652 964 4703 locos
1030 4640 1298 4712 propriam
1354 4631 1911 4689 commemorationem
1961 4625 2017 4678 in

489 4723 720 4792 medium
772 4733 993 4794 aﬁ‘erre,
1033 4729 1153 4782 dico
1209 4739 1314 4779 non
1370 4723 1564 4776 frustra
1616 4734 1789 4788 neque
1828 4730 2026 4772 temere

489 4826 804 4881 divisionem
864 4823 932 4876 ab
989 4817 1206 4873 oraculo
1265 4828 1386 4869 esse
1443 4812 1638 4866 factam
1696 4806 2025 4878 septuaginta

496 4916 967 4969 hebdomadarum.
996 4908 1130 4963 Nam
1174 4923 1295 4962 cum
1341 4920 1432 4959 eas
1462 4903 1701 4958 diviserit
1733 4902 1784 4954 in
1824 4899 2024 4968 primas

496 5012 716 5070 septem,
750 5021 812 5058 ac
848 5004 1036 5059 deinde
1082 5002 1134 5054 in
1166 4999 1300 5055 aiias
1341 4997 1611 5066 sexaginta
1641 4996 1796 5054 duas,
1826 5000 1879 5045 et
1907 4995 2027 5057 post

497 5090 723 5158 plurima
746 5128 758 5150 ,
782 5107 900 5158 qua:
920 5091 1088 5144 media
1112 5090 1539 5157 interponuntur.
1576 5097 1734 5137 unam
1764 5080 2022 5147 reliquam

500 5175 774 5240 adiecerit,
817 5191 881 5228 eo
912 5179 1068 5231 modo
1116 5192 1395 5232 numerum
1440 5173 1773 5245 septuaginta
1818 5165 2019 5221 hebdo-

501 5262 715 5317 madum
736 5264 1036 5328 complevit.
1082 5266 1219 5320 Dicit
1254 5269 1416 5337 igitur
1447 5286 1460 5321 :
1498 5284 1517 5316 ι
1554 5265 1617 5317 Et
1649 5272 1939 5330 cognosces
1964 5261 2017 5309 et

502 5349 765 5416 intelliges
798 5349 866 5402 ab
907 5354 1049 5404 exitu
1097 5360 1378 5422 sermonis,
1418 5364 1477 5411 ut
1514 5353 1931 5422 respondeatur,
1964 5349 2013 5397 et

501 5436 791 5493 aediﬁcetur
833 5436 1126 5497 Jerusalem
1179 5461 1348 5515 usque
1382 5449 1446 5501 ad
1489 5445 1760 5502 Christum
1801 5437 2012 5497 ducem,

502 5523 857 5578 hebdomadas
873 5533 1093 5592 selitem,
1111 5542 1166 5588 et
1182 5534 1537 5591 hebdomades
1556 5530 1828 5599 sexaginta
1841 5526 1978 5579 duae.
1992 5542 2012 5574 ι

504 5609 703 5665 Deinde
732 5611 851 5666 aliis
875 5614 1195 5681 (ptibusdam
1224 5625 1552 5698 interpositis
1578 5622 1758 5684 rebus,
1784 5613 2018 5670 novissi.

2116 4436 2243 4502 ταξὺ
2283 4437 2469 4508 χρόνον
2508 4434 2610 4505 τῆς
2652 4437 2861 4489 τούτων
2902 4436 3252 4507 προστασίας,
3290 4431 3402 4486 καθ’
3431 4426 3481 4481 ὃν
3514 4423 3613 4494 iml-

2118 4544 2294 4590 σαντο,
2328 4524 2619 4593 δηλοῦσθαι
2669 4526 2762 4579 διά
2802 4528 2920 4589 τοῦ,
2961 4546 2979 4577 ι
3027 4526 3157 4578 Ἀπὸ
3180 4524 3348 4587 ἐξόδου
3383 4520 3517 4585 λόγου
3545 4508 3611 4562 τοῦ

2116 4614 2468 4685 ἀποκριθῆναι
2505 4614 2602 4665 καὶ
2641 4616 2738 4667 τοῦ
2782 4615 3133 4685 οἰκοδομῆσαι
3190 4606 3506 4682 Ἰερουσαλὴμ
3538 4601 3612 4656 ω

2114 4703 2344 4776 Χριστοῦ
2376 4702 2706 4772 ἡγουμένου,
2743 4705 3037 4775 ἐϐδομάδες
3074 4703 3232 4765 ἐπτά,
3268 4701 3355 4754 καὶ
3385 4690 3613 4762 ἐϐδομάδες

2115 4795 2490 4868 ἑξηκονταδύο·
2527 4814 2546 4848 ι
2587 4799 2704 4851 τῶν
2730 4798 2868 4851 ἐτῶν
2893 4800 2950 4852 δὲ
2979 4800 3078 4864 τάς
3107 4796 3407 4869 ἑϐδομάδας,
3441 4801 3614 4853 συναγο-

2117 4889 2277 4958 μένας
2301 4887 2379 4947 είς
2411 4885 2504 4956 ἔτη
2533 4889 2871 4959 τετρακόσια
2915 4890 3235 4959 ὁγδοήκοντα
3260 4886 3397 4956 τρία,
3436 4879 3525 4934 ἀπὸ
3544 4875 3613 4940 Ti;

2113 4976 2291 5047 Κύρου
2333 4973 2616 5045 βασιλείας
2658 4982 2752 5033 ἐπὶ
2784 4982 2883 5050 τὴν
2921 4979 3202 5049 Ῥωμαίων
3240 4963 3613 5046 παρεκτείνεσθαι

2114 5068 2301 5139 ἀρχὴν,
2333 5066 2452 5119 καθ’
2479 5068 2546 5137 ἣν
2586 5069 2879 5141 Πομπήϊος
2918 5071 3198 5141 Ῥωμαίων
3222 5062 3492 5137 στρατηγὸς
3522 5058 3610 5141 ἐτι·

2116 5136 2250 5218 στάςν
2267 5158 2377 5218 τοῖς
2416 5136 2836 5228 Ἱεροσολύμοις,
2862 5153 2978 5210 εἷλε
3014 5136 3110 5227 μὲν
3149 5136 3415 5224 πολιορκίᾳ
3436 5147 3517 5215 τὴν
3543 5136 3611 5191 1'0"

2113 5247 2214 5311 λιν,
2245 5247 2305 5300 τὸ
2327 5247 2383 5300 δέ
2414 5249 2522 5300 πᾶν
2561 5247 2719 5313 έθνος
2754 5250 2941 5303 δοῦλον
2976 5248 3259 5318 Ῥωμαίοις
3287 5238 3606 5306 κατεστήσατο.

2114 5338 2187 5402 ὡς
2218 5339 2311 5391 καὶ
2341 5338 2537 5407 φόρους
2580 5339 2642 5402 ἐξ
2666 5339 2878 5393 ἐκείνου
2912 5338 3105 5402 τελεῖν,
3134 5336 3350 5394 καὶτοῖς
3383 5320 3609 5407 Ῥωμαίαξν

2115 5403 2427 5497 πειθαρχεῖν
2448 5427 2837 5497 ἐπιτάγμασιν.
2885 5427 3010 5479 Ἐπὶ
3054 5425 3239 5479 τοῦτον
3270 5419 3384 5489 γοῦν
3419 5414 3495 5466 τὸν
3516 5403 3611 5479 χρό-

2115 5536 2203 5572 νον
2225 5520 2253 5571 ό
2274 5517 2377 5570 τῶν
2402 5517 2767 5590 τετρακοσίων
2790 5518 3116 5589 ὀγδοήκοντα
3166 5512 3320 5584 τριῶν
3341 5506 3458 5560 ἐτῶν
3491 5512 3609 5590 περι-

2116 5606 2350 5679 ορίῖεται
2377 5583 2626 5679 ἀριθτμὸς,
2662 5608 2749 5675 ἐφ’
2794 5583 2853 5659 ὃν
2881 5583 2976 5660 καὶ
3004 5583 3288 5673 κατέληξαν
3317 5599 3362 5651 oi
3400 5590 3517 5647 κατά
3538 5583 3607 5639 τὸν
