3740 6344
166 340 251 395 813
924 341 1552 401 DEMONSTRATIONIS
1587 340 2030 405 EVANGELICIE
2069 337 2193 397 LIB.
2241 343 2367 398 VIII.
3160 350 3261 402 ωιι

168 453 369 516 Μωσέως
404 453 552 523 νόμον
601 456 663 507 ἐκ
712 458 953 527 πατέρων
995 459 1233 528 διαδοχῆς
1274 456 1371 527 τὴν
1409 476 1637 529 προστα-

1735 475 1870 513 mam
1904 452 2166 525 adjungit,
2196 458 2280 513 his
2300 460 2473 515 verbis
2500 476 2513 511 :
2554 480 2571 512 ι
2606 461 2670 514 Et
2687 461 3018 517 conﬁrmabit
3045 470 3257 532 pactum

159 543 255 596 σίαν
271 542 353 596 τοῦ
375 543 563 606 ἔθνους,
596 547 687 598 καὶ
712 548 806 617 τὴν
835 549 1123 618 ἱερωσύνην
1151 548 1474 618 διειληφότες
1495 567 1509 580 ο
1539 549 1629 612 οὓς

1735 549 1913 602 multis
1957 545 2292 600 hebdomada
2337 562 2461 601 una.
2506 567 2524 599 ι
2559 549 2711 614 Quod
2755 558 2928 605 autem
2979 552 3094 606 haec
3150 566 3258 606 non

156 632 346 701 Χριστὸν
370 632 651 700 ἡγούμενον
673 637 771 705 τὴν
793 637 937 690 θείαν
971 639 1062 689 ἐπὶ
1088 638 1178 690 τοῦ
1211 639 1464 708 παρόντος
1495 641 1630 710 Γρα-

1735 636 1931 692 frustra
1961 649 2131 703 neque
2163 635 2363 705 absque
2403 637 2588 691 divino
2631 638 2806 692 atllatu
2854 648 3050 695 temere
3089 639 3257 694 eﬁ‘usa

154 719 237 789 φῆν
254 720 509 789 ὀνομάζειν
532 722 904 791 ὑπολαμϐάνω.
938 727 999 778 Εἰ
1024 726 1076 778 δὲ
1104 728 1204 796 χρὴ
1234 727 1324 778 καὶ
1351 727 1437 779 τὸν
1469 729 1632 781 κατά-

1735 728 1857 787 sint,
1890 739 2071 779 eorum
2102 724 2190 793 qui
2210 725 2323 779 haec
2348 733 2602 793 tanquam
2629 725 2723 779 Dei
2749 727 2910 781 verba
2929 730 3256 798 acceperint,

153 810 276 876 λογον
312 810 543 862 ἐκθέσθαι
579 813 673 881 τῆς
700 813 806 866 τῶν
833 816 1123 885 ἀρχιερέων
1159 817 1420 885 διαδοχῆς,
1450 816 1555 870 τῶν
1578 820 1634 870 ὲν

1735 820 2040 883 negaturum
2094 813 2325 866 arbitror
2354 814 2638 868 neminem.
2672 814 2783 868 Hoc
2822 816 2985 885 igitur
3024 819 3256 886 primum

150 898 213 967 τῷ
234 897 512 968 δηλουμένῳ
538 899 733 968 μεταξὺ
759 904 930 972 χρόνῳ
948 903 1349 973 διαγενομένων,
1371 906 1634 958 καὶτοῦτο

1735 908 2004 963 commode
2035 908 2189 961 nobis
2238 908 2413 961 visum
2452 917 2534 963 est
2577 907 2822 961 adnotari
2868 920 3132 976 Oportere,
3179 911 3257 964 le-

149 988 289 1048 οὐδεὶς
323 987 499 1055 φθόνος
539 991 614 1049 εἰς
642 994 991 1060 ’παράστασιν
1040 994 1137 1061 τῆς
1183 992 1287 1044 τῶν
1339 994 1635 1063 εἰρημένων

1735 997 2079 1064 gentibusque
2109 1003 2167 1049 ut
2211 997 2432 1064 hujusce
2462 997 2774 1065 quaestionis
2804 997 3123 1064 exquisitam
3166 1013 3255 1053 so-

149 1075 361 1145 ἀληθείας
400 1078 736 1145 ποιήσασθαι.

1735 1085 1981 1138 lutionem
2025 1086 2315 1148 inveniant,
2362 1086 2535 1139 locum
2576 1086 2892 1152 relinquere.
2924 1083 3172 1139 Attamen
3207 1087 3253 1141 si

149 1179 205 1217 ne
240 1179 322 1218 nos
344 1166 546 1232 quidem
591 1169 734 1235 quod
772 1169 832 1221 in
875 1179 1105 1223 mentem
1152 1170 1316 1232 venit,
1356 1172 1626 1225 occultare
1662 1179 1888 1240 oportet,
1955 1173 2076 1227 dico
2135 1175 2239 1227 alio
2268 1172 2497 1242 quodam
2533 1188 2699 1228 sensu
2739 1173 3010 1227 Christum
3041 1173 3250 1233 ducem,

146 1254 221 1323 qui
252 1254 300 1307 in
322 1255 548 1322 proxime
571 1258 818 1325 exposita
851 1259 1113 1327 scriptura
1145 1260 1474 1329 signiﬁcatur
1530 1276 1648 1316 esse
1686 1263 2070 1330 accipiendum,
2102 1264 2156 1317 in
2199 1264 2305 1317 illis
2351 1265 2534 1332 utique
2562 1263 2737 1317 verbis
2765 1278 2777 1313 :
2816 1282 2835 1312 ι
2859 1262 2940 1315 Ab
2966 1263 3113 1317 exitu
3140 1278 3253 1318 ser—

143 1343 289 1396 monis
333 1349 388 1395 ut
426 1345 840 1412 respondeatur,
868 1356 919 1402 et
978 1348 1267 1401 aediﬁcetur
1303 1346 1595 1403 Jerusalem
1633 1364 1799 1417 usque
1836 1350 1902 1403 ad
1950 1350 2220 1404 Christum
2256 1351 2466 1412 ducem,
2522 1370 2540 1403 ι
2581 1350 2819 1418 nihilque
2856 1351 3000 1403 aliud
3058 1350 3260 1405 intelli-

146 1431 338 1501 gendum
383 1446 537 1500 quam
593 1436 828 1497 seriem,
876 1438 1375 1506 successionemque
1419 1437 1763 1505 pontiﬁcum,
1806 1440 1895 1508 qui
1951 1448 2070 1508 post
2121 1440 2264 1493 illam
2311 1443 2480 1509 ipsam
2533 1440 2886 1508 prophetiam,
2920 1441 3258 1510 reditumque

144 1523 197 1577 de
220 1523 460 1593 Babylone
486 1525 685 1591 populo
710 1524 937 1580 Judaico
964 1526 1288 1596 praefuerint,
1312 1544 1446 1597 quos
1468 1528 1712 1583 Christos
1758 1531 2031 1585 nominare
2082 1546 2248 1586 sacrze
2294 1530 2504 1585 Littera:
2544 1538 2956 1585 consueverunt.
2985 1530 3093 1585 Hos
3113 1530 3257 1586 enim

144 1616 362 1669 duntaxat
386 1616 526 1685 genti
550 1618 839 1684 praetuisse
897 1617 1049 1671 initio
1082 1617 1222 1672 facto
1261 1619 1328 1673 ab
1372 1618 1593 1674 Josedec
1639 1622 1911 1675 sacerdote
1960 1637 2172 1691 magno,
2215 1629 2336 1690 post
2396 1622 2624 1676 reditum
2667 1622 2733 1675 de
2773 1620 3042 1691 Babylone
3089 1637 3258 1691 usque

142 1705 194 1755 ad
218 1710 434 1772 tempora
466 1704 732 1760 adventus
778 1705 1069 1761 Salvatoris
1131 1707 1300 1762 nostri
1348 1709 1670 1777 accepimus.
1716 1708 1956 1763 Arbitror
1988 1711 2148 1779 igitur
2197 1710 2571 1765 intermedium
2620 1720 2826 1778 tempus
2869 1726 2974 1779 quo
3009 1711 3085 1764 illi
3120 1726 3256 1780 pra:-

144 1793 323 1844 l'uemnt
378 1793 669 1860 signiﬁcari
730 1795 839 1849 illis
900 1795 1131 1850 verbis:
1194 1815 1213 1846 ι
1291 1796 1371 1849 Ab
1414 1798 1560 1851 exitu
1618 1798 1878 1853 sermonis
1935 1804 1993 1851 ut
2051 1798 2449 1865 respondeatur,
2483 1804 2538 1851 et
2610 1796 2897 1851 aediﬁcetur
2965 1796 3258 1853 Jerusalem

142 1896 281 1951 usque
323 1880 385 1935 ad
429 1882 708 1940 Christum
766 1884 980 1947 ducem,
1037 1883 1390 1939 hebdomades
1426 1896 1622 1954 septem
1660 1893 1713 1940 et
1763 1886 2118 1941 hebdomades
2142 1887 2413 1954 sexaginta
2450 1885 2605 1950 dum;
2635 1904 2653 1934 ι
2685 1900 2943 1938 annorum
2972 1901 3098 1940 vero
3128 1886 3260 1940 heb-

141 1970 378 2036 domadas,
430 1973 472 2026 si
506 1974 826 2044 redigantur
871 1975 925 2029 in
974 1989 1175 2039 annos,
1224 1977 1636 2045 quadringentos
1673 1979 1938 2047 octoginta
1969 1988 2097 2041 tres,
2132 1992 2160 2029 a
2194 1991 2358 2044 regno
2385 1977 2507 2045 Cyri
2550 1992 2719 2044 usque
2787 1977 2853 2029 ad
2896 1975 3257 2030 Romanorum

138 2058 378 2127 imperium
395 2064 705 2132 pr0pagari,
759 2078 868 2132 quo
923 2071 1160 2133 tempore
1214 2064 1496 2134 Pompeius
1547 2065 1902 2122 Romanorum
1932 2069 2219 2135 imperator
2247 2065 2610 2135 Hierosolyma
2637 2080 2944 2134 aggressus,
2966 2065 3246 2119 obsidione

140 2152 319 2219 quidem
339 2155 718 2223 urbemipsam
751 2157 917 2226 cepit,
977 2165 1141 2211 totam
1194 2172 1320 2211 vero
1371 2166 1577 2228 gentem
1610 2158 1865 2213 Romanis
1895 2159 2051 2227 392
2109 2157 2309 2212 servire
2354 2157 2547 2225 coegit,
2598 2171 2765 2225 usque
2802 2156 2953 2219 adeo,
2987 2162 3043 2207 ut
3076 2170 3140 2208 ex
3165 2154 3257 2207 illo

138 2249 340 2311 tempore
364 2252 414 2298 et
441 2246 640 2299 tributa
674 2247 920 2315 pendens
944 2255 998 2301 et
1018 2247 1376 2301 Romanorum
1403 2250 1644 2317 jussibus
1681 2251 2054 2318 obtemperans
2080 2247 2255 2301 fuerit.
2283 2247 2362 2299 Ad
2408 2247 2510 2299 hoc
2543 2246 2706 2313 igitur
2746 2254 2974 2313 tempus,
3003 2244 3258 2313 quadrin—

141 2342 383 2399 gentorum
426 2336 707 2404 octoginta
773 2339 935 2392 trium
977 2353 1236 2393 annorum
1279 2354 1536 2393 numerus
1579 2341 1812 2401 ducitur,
1878 2339 1932 2392 in
1973 2352 2079 2407 quo
2145 2337 2456 2399 desierunt,
2499 2336 2591 2402 qui
2637 2334 2929 2389 secundum
2970 2333 3258 2388 Mosaicam

133 2420 272 2489 legem
326 2437 385 2477 ex
418 2423 689 2491 majorum
744 2428 1089 2482 successione
1142 2443 1204 2481 ac
1258 2431 1413 2493 serie,
1443 2431 1604 2484 totius
1629 2432 1802 2501 gentis
1843 2429 2198 2498 principatum
2244 2433 2296 2480 et
2343 2440 2494 2479 sacer
2514 2425 2696 2479 lotium
2747 2424 3062 2492 capiebant,
3112 2438 3254 2492 quos

131 2509 364 2564 Christum
401 2513 593 2566 ducem
639 2529 671 2566 ιι
726 2513 1008 2584 Scriptura
1049 2516 1224 2571 divina
1264 2519 1451 2573 hocin
1496 2521 1615 2575 loco
1674 2518 1937 2574 nominari
1992 2515 2254 2584 suspicor.
2286 2513 2438 2578 Quod
2476 2515 2522 2569 si
2543 2529 2676 2583 opus
2709 2523 2792 2568 est
2849 2512 3253 2567 enumeratione

128 2614 305 2670 quoque
331 2604 425 2667 uti,
455 2610 508 2656 et
556 2604 795 2671 quinam
837 2606 927 2659 illo
956 2605 1267 2661 intermedio
1306 2616 1543 2678 tempore
1572 2610 1636 2662 de
1662 2623 1768 2677 quo
1824 2606 2106 2676 loquimur,
2139 2604 2332 2672 quibus
2395 2603 2771 2665 successerint,
2804 2602 3084 2670 locumque
3108 2601 3258 2655 illum

130 2692 255 2743 tutati
290 2693 411 2757 sint,
445 2708 753 2762 exponere,
811 2710 879 2749 ne
923 2695 1024 2750 hoc
1062 2698 1273 2765 quidem
1323 2699 1495 2754 facere
1534 2699 1892 2768 gravabimur,
1936 2701 1995 2748 ut
2042 2708 2225 2748 eorum
2247 2707 2365 2762 quae
2391 2693 2531 2746 dicta
2569 2701 2713 2754 sunt,
2759 2692 3035 2745 veritatem
3087 2696 3263 2744 osten-

128 2782 304 2838 damus.

182 2872 373 2940 Πρῶτος
400 2874 575 2925 τοίνυν
617 2874 766 2944 μετὰ
809 2875 905 2944 τὴν
940 2876 1029 2928 τοῦ
1067 2878 1254 2948 Δανιὴλ
1303 2881 1637 2952 προφητείαν1

1810 2873 2047 2928 Primum
2087 2872 2249 2942 igitur
2288 2875 2408 2937 post
2456 2867 2624 2937 ipsius
2668 2865 2855 2920 Daniel
2893 2865 3257 2934 prophetiam,

130 2962 204 3014 ἐπὶ
239 2962 405 3033 Κύρου
455 2962 550 3015 τοῦ
610 2961 881 3032 βασιλέως
923 2965 1160 3036 Περσῶν,
1217 2968 1349 3037 μετὰ
1390 2969 1486 3039 τὴν
1531 2970 1636 3021 ἀπὸ

130 3050 400 3116 Βαϐυλῶνος
443 3052 733 3116 ἐπάνοδον,
772 3053 972 3123 Ἰησοῦς
1012 3058 1041 3109 ὁ
1075 3056 1166 3108 τοῦ
1216 3057 1471 3118 Ἰωσεδὲκ,
1503 3059 1531 3110 ὀ
1566 3059 1638 3110 ἰε-

130 3144 231 3211 ρεὺς
274 3145 303 3196 6
358 3146 526 3215 μέγας
575 3146 949 3215 χρηματίσας,
998 3147 1109 3216 ἅμα
1157 3147 1451 3217 Ζοροϐάϐελ
1498 3149 1637 3202 ἄνει-

128 3249 194 3284 σιν
241 3234 337 3286 ἀπὸ
389 3236 488 3305 τῆς
548 3234 960 3306 αἰχμαλωσίας,
990 3236 1099 3287 ,καὶ
1154 3235 1424 3306 θεμελίους
1479 3254 1638 3289 κατα-

128 3319 340 3375 ϐάλλεται
395 3325 490 3377 τοῦ
559 3325 737 3396 ἰεροῦ.
796 3322 930 3375 Ἀλλ’
987 3324 1349 3392 ὲπισχεθέντος
1410 3325 1501 3377 τοῦ
1546 3325 1636 3394 ἐρ-

122 3427 198 3475 γου
233 3412 329 3465 ὑπὸ
362 3413 469 3466 τῶν
501 3413 827 3484 περιοίκων,
858 3414 912 3464 αἱ
953 3412 1160 3482 πρῶται
1193 3412 1328 3465 ἑπτὰ
1359 3413 1637 3483 ἑϐδομάδες

124 3499 209 3550 τῶν
234 3502 358 3555 ἑτῶν
385 3504 442 3555 αἰ
488 3504 579 3557 διὰ
610 3502 712 3556 τοῦ
779 3503 1048 3572 προφήτου
1091 3502 1403 3572 δηλούμεναι
1436 3520 1635 3572 συμπε-

122 3590 378 3657 ριιοῦνται,
414 3593 539 3647 καθ’
574 3594 645 3655 ἃς
675 3592 858 3654 ἀτελὲς
886 3592 1093 3660 διέμενε
1133 3592 1191 3643 τὸ
1238 3592 1390 3662 ἔργον
1427 3592 1521 3659 τῆς
1546 3592 1636 3643 τοῦ

121 3678 225 3730 ναοῦ
248 3682 549 3752 οἰκοδομῆς.
582 3683 789 3752 Διόπερ
831 3684 860 3734 ὁ
907 3682 1044 3743 θεῖος
1082 3680 1235 3748 λόγος
1273 3682 1370 3746 τῆς
1403 3681 1637 3749 συναφῆς

114 3770 203 3822 τῶν
233 3772 423 3827 λοιπῶν
452 3774 775 3843 ἑϐδομάδων
815 3773 1056 3842 ἀφορίζει
1100 3772 1196 3833 τὰς
1232 3770 1442 3841 πρώτας
1480 3771 1634 3835 ἑπτὰ,

120 3863 304 3929 εἰπὼν,ι
322 3867 655 3937 Ἐϐδομάδες
674 3865 830 3927 ἑπτὰ,
844 3885 862 3916 ι
881 3863 1044 3916 ἔπειθ’
1069 3863 1193 3931 ἑξῆς
1218 3862 1350 3932 μετὰ
1369 3863 1638 3932 διαστολῆς

113 3949 392 4023 ἐπαγαγών,
439 3975 459 4007 ‹
501 3956 621 4008 Καὶ
667 3953 952 4023 ἑϐδομάδες
995 3951 1355 4021 ἑξηκονταδύο.
1410 3970 1427 4003 ι
1475 3952 1639 4003 Ἑπτὰ

113 4040 221 4104 γοῦν
248 4044 350 4095 ἀπὸ
382 4044 576 4113 Κύρου
612 4042 711 4094 καὶ
742 4042 832 4092 ἐπὶ
875 4041 971 4110 τὴν
1005 4040 1384 4110 συμπλήρωσιν
1413 4039 1511 4108 τῆς
1547 4039 1638 4091 τοῦ

112 4130 234 4199 ίεροῦ
261 4133 555 4202 οἰκοδομῆς
591 4129 886 4199 ὲϐδομάδες
915 4129 1045 4182 ὲτῶν
1072 4129 1418 4198 εὑρίσκονται.
1456 4127 1638 4181 Ἔνθεν

1733 2965 1874 3035 Cyro
1909 2962 2047 3032 apud
2090 2960 2284 3014 Persas
2325 2963 2602 3026 regnante,
2633 2962 2754 3024 post
2797 2953 3025 3008 reditum
3068 2955 3134 3009 de
3162 2954 3263 3009 Ba-

1732 3055 1942 3126 bylone,
1970 3051 2129 3107 Iesus
2168 3050 2310 3115 ﬁlius
2335 3045 2579 3107 Josedec,
2612 3045 2703 3113 qui
2747 3044 2998 3098 sacerdos
3028 3059 3252 3113 magnus

1733 3152 1817 3198 est
1844 3144 2039 3207 dictus,
2069 3154 2174 3194 una
2205 3152 2324 3191 cum
2360 3133 2654 3187 Zorobabel
2698 3131 2763 3184 de
2799 3129 3121 3200 Babylonica
3147 3147 3261 3185 sei—
3348 3126 3349 3129 “

1730 3232 1900 3283 vitute
1927 3226 2237 3287 revertitur,
2273 3230 2328 3277 et
2355 3221 2434 3275 sic
2460 3217 2806 3272 fundamenta
2839 3218 3018 3286 templi
3045 3219 3258 3287 jaciun-

1732 3326 1842 3374 tur.
1888 3316 1990 3370 Sed
2034 3316 2161 3368 dum
2205 3328 2233 3366 a
2278 3309 2469 3365 vicinis
2518 3306 2804 3375 impeditur
2853 3320 3010 3374 opus,
3059 3317 3257 3376 septeni

1732 3410 1915 3480 prima:
1940 3418 2200 3458 annorum
2229 3397 2607 3458 hebdomades,
2639 3410 2774 3463 quas
2810 3395 3070 3463 propheta
3106 3396 3260 3459 dicit,

1733 3498 1993 3557 abierunt,
2023 3492 2217 3562 quibus
2241 3488 2421 3556 templi
2451 3485 2729 3540 aediﬁcatio
2768 3483 3014 3536 inchoata
3047 3498 3259 3537 reman-

1734 3588 1823 3641 sit.
1848 3584 1962 3649 Qua
1991 3583 2055 3635 de
2084 3594 2245 3633 causa
2271 3577 2507 3629 divinum
2537 3572 2809 3627 oraculum
2834 3571 3033 3639 primas
3056 3578 3257 3640 septem

1736 3672 2093 3729 hebdomadas
2121 3685 2152 3724 a
2182 3668 2386 3734 reliqua
2411 3677 2615 3720 summa
2651 3660 2933 3729 disjungit,
2961 3659 3084 3713 dum
3106 3660 3257 3720 dicit,

1748 3784 1766 3816 ι
1806 3760 2170 3818 Hebdomades
2215 3764 2450 3826 septem,
2484 3772 2502 3805 ι
2537 3768 2600 3806 ac
2632 3750 2824 3805 deinde
2871 3765 2935 3804 ex
2981 3750 3261 3806 intervallo

1736 3853 1973 3923 adjungit
1993 3871 2004 3904 :
2027 3870 2045 3901 ι
2069 3850 2133 3903 Et
2157 3844 2514 3902 hebdomades
2537 3841 2807 3909 sexaginta
2830 3840 2968 3894 duae.
2998 3858 3017 3890 ι
3047 3836 3257 3908 Septem

1736 3947 1952 4014 igitura
1990 3942 2130 4011 Cyro
2177 3939 2243 3992 ad
2290 3935 2467 4004 templi
2515 3932 2916 3986 aediﬁcationem
2963 3929 3259 3984 absolutam

1736 4048 1995 4087 annorum
2060 4027 2414 4082 hebdomades
2470 4022 2832 4091 reperiuntur.
2882 4019 3008 4073 Inde
3053 4019 3260 4073 animos

1736 4128 2005 4179 sumentes
2032 4119 2196 4173 Judaei
2234 4118 2299 4170 ad
2337 4115 2662 4168 Salvatorem
2696 4120 2936 4165 nostrum
2966 4109 3249 4163 dicebant:

110 4220 386 4290 ὁρμώμενοι
582 4219 798 4288 Σωτῆρι
854 4218 1004 4288 ἡμῶν
1048 4218 1225 4285 ἔλεγον
1277 4220 1323 4269 οἰ
1367 4218 1633 4270 Ἰουδαῖοι·

1740 4233 1756 4264 ι
1796 4210 2151 4279 Quadraginta
2178 4215 2230 4261 et
2259 4221 2348 4260 sex
2379 4204 2534 4257 annis
2559 4201 2873 4256 aediﬁcatum
2903 4205 2985 4254 est
3006 4199 3258 4267 templum

112 4325 129 4356 ι
153 4308 559 4382 Τεσσαράκοντα
585 4309 684 4360 καὶ
715 4308 771 4374 ἒξ
797 4307 966 4361 ἐτεσιν
997 4307 1305 4378 ᾠκοδομήθη
1336 4309 1363 4358 ὁ
1398 4308 1520 4370 ναὸς
1549 4302 1635 4361 οὗ-

107 4411 200 4459 τος,
222 4401 311 4451 καί
339 4402 405 4452 σὺ
440 4402 502 4451 ὲν
529 4397 715 4468 τρισὶν
747 4396 976 4466 ἡμέραις
999 4397 1205 4467 ἐγερεῖς
1229 4395 1416 4459 αύτόν;
1448 4414 1467 4446 ι
1504 4395 1635 4447 Ἀλλ’

109 4475 227 4537 οὗτοι
259 4487 357 4556 μὲν
393 4484 814 4555 τεσσαράκοντα
856 4485 947 4536 καὶ
977 4483 1035 4546 ἓξ
1072 4483 1241 4535 ἔτεσιν
1274 4482 1636 4553 ᾠκοδομῆσθαι

106 4574 181 4624 τὸν
216 4577 333 4628 ναὸν
383 4577 639 4645 ἔφασαν·
674 4573 906 4625 τοσαῦτα
937 4571 1043 4642 γὰρ
1079 4572 1182 4624 ἀπὸ
1218 4568 1424 4641 πρώτου
1459 4570 1636 4639 Κύρου
1673 4617 1690 4633 ,

110 4659 374 4728 βασιλείας,
397 4665 459 4727 δς
484 4662 709 4731 πρῶτος
730 4662 897 4728 ἀνῆκε
929 4660 1028 4727 τῆς
1058 4659 1363 4721 Βαϐυλῶνος
1383 4661 1505 4721 τοὺς
1528 4658 1638 4727 βου-

107 4749 335 4818 λομένους
372 4754 490 4806 τῶν
530 4752 800 4805 Ἰουδαίων
835 4752 915 4812 εἰς
949 4750 1045 4817 τὴν
1074 4748 1271 4799 οἰκείαν
1296 4747 1394 4815 γῆν
1432 4747 1640 4799 ἐπανιέ-

105 4851 196 4901 ναι,
224 4842 313 4893 ἐπὶ
334 4843 396 4894 τὸ
420 4842 588 4894 ἕκτον
617 4840 733 4902 ἔτος
766 4837 992 4908 Δαρείου
1034 4835 1295 4903 βασιλείας
1335 4835 1635 4902 συνάγεται,

108 4927 210 4977 καθ’
230 4929 285 4981 ὃν
306 4932 366 4983 τὸ
398 4931 513 4983 πᾶν
548 4928 711 4997 ἔργον
736 4927 837 4994 τῆς
862 4924 1141 4992 οἰκοδομῆς
1170 4923 1313 4984 τέλος
1338 4923 1550 4992 εἴληφεν
1567 4940 1580 4952 ·
1611 4925 1639 4976 ὃ

110 5028 162 5079 τε
190 5018 286 5087 μὴν
308 5020 367 5084 ἐξ
405 5016 683 5087 Ἐϐραίων
720 5014 982 5082 Ἰώσηπος
1015 5013 1105 5064 καὶ
1140 5011 1287 5064 ἄλλον
1315 5013 1491 5080 τριετῆ
1522 5012 1640 5082 χρό-

115 5119 187 5155 νον
206 5108 277 5168 εἰς
294 5108 392 5178 τὴν
413 5106 526 5159 τῶν
556 5103 758 5169 ἔξωθεν
780 5101 889 5154 τῶν
910 5102 1056 5169 ἀμφὶ
1078 5101 1164 5152 τὸν
1185 5098 1300 5151 ναδν
1323 5114 1641 5152 κατασκευα-

115 5193 304 5257 σμάτων
353 5192 759 5262 συμπλήρωσιν
824 5188 1062 5257 ἔφησεν,
1118 5185 1237 5239 ὥστ’
1287 5186 1498 5249 εἰκότως
1551 5187 1640 5240 διὰ

119 5278 262 5333 ταῦτα
279 5281 372 5345 τὰς
393 5282 538 5335 ἑπτὰ
564 5278 792 5349 πρώτας
815 5276 1133 5344 ἑϐδομάδας.
1156 5275 1229 5334 εἰς
1258 5273 1345 5339 ἔτη
1371 5275 1517 5327 ἐννέα
1545 5276 1638 5328 καὶ

116 5371 483 5439 τεσσαράκοντα
540 5363 947 5425 συντεινούσας,
1000 5362 1303 5434 ἀφωρίσθαι,
1357 5362 1489 5416 κατὰ
1541 5366 1637 5417 τὸν

122 5454 200 5525 τῆς
233 5459 551 5529 προφητείας
595 5457 792 5521 λόγον’
830 5452 931 5513 τὰς
977 5453 1036 5504 δὲ
1080 5448 1250 5511 λοιπὰς
1290 5449 1636 5519 ἑξηκονταδύο

170 5605 206 5635 ⁹¹
232 5605 372 5661 Joan.
404 5622 462 5670 ιι,
504 5605 562 5658 8.

1733 4306 1851 4367 hoc,
1883 4311 1935 4356 et
1975 4309 2029 4354 tu
2056 4301 2108 4353 in
2150 4298 2321 4351 tribus
2353 4295 2544 4349 diebus
2577 4292 2832 4348 excitabis
2876 4288 3006 4342 illud
3024 4288 3107 4341 ⁸ιῖ
3142 4307 3160 4339 ι
3190 4288 3259 4340 At

1735 4392 1808 4444 illi
1846 4389 2058 4458 quidem
2104 4382 2452 4454 quadraginta
2498 4389 2551 4436 et
2598 4396 2691 4435 sex
2743 4377 2898 4433 annis
2942 4376 3256 4431 aediﬁcatum

1733 4494 1852 4533 esse
1880 4476 2129 4543 templum
2159 4474 2339 4526 dixere
2375 4487 2388 4524 :
2421 4477 2500 4523 tot
2537 4469 2678 4524 enim
2709 4482 2736 4519 a
2765 4481 2928 4535 regno
2968 4466 3093 4535 Cyri
3119 4464 3260 4532 prio-

1733 4568 1830 4627 ris,
1874 4564 1965 4633 qui
2013 4563 2218 4631 primus
2256 4559 2559 4613 Judzeorum
2606 4556 2903 4624 quibusque
2957 4552 3259 4607 volentibus

1734 4654 1995 4712 concessit
2022 4654 2087 4705 de
2110 4652 2372 4720 Babylone
2400 4650 2452 4701 in
2483 4648 2708 4717 patriam
2738 4651 2935 4696 terram
2952 4641 3165 4702 reverti,
3193 4639 3256 4692 ad

1735 4752 1939 4803 sextum
1990 4740 2135 4793 Darii
2172 4740 2321 4808 regni
2363 4752 2582 4797 annum,
2628 4732 2987 4798 colliguntur:
3021 4729 3118 4782 sub
3152 4742 3257 4795 quo

1736 4834 1908 4891 omnis
1950 4828 2229 4883 aediﬁcatio
2258 4826 2413 4878 ﬁnem
2452 4822 2677 4888 accepit.
2710 4817 2812 4869 Sed
2849 4814 3140 4883 Iosephus,
3169 4828 3263 4864 au-

1736 4929 1850 4977 ctor
1872 4916 2143 4976 Hebraeus,
2176 4914 2309 4966 alios
2332 4920 2443 4965 tres
2472 4922 2641 4962 annos
2661 4901 2905 4970 adjungit
2953 4903 3020 4954 ad
3042 4915 3126 4962 ea,
3148 4915 3266 4966 quae

1736 5006 1928 5076 templo
1952 5003 2285 5057 extrinsecus
2305 4997 2562 5051 accedunt
2581 4997 2898 5076 ornamenta
2918 4987 3266 5076 absolvenda,

1738 5104 1793 5151 ut
1806 5075 2082 5164 propterea
2099 5088 2289 5143 merito
2302 5092 2501 5154 septem
2523 5082 2729 5152 primas
2749 5075 3139 5164 hebdomadas,
3155 5088 3273 5141 quae

1739 5162 1997 5240 summam
2023 5175 2373 5247 quadraginta
2406 5184 2593 5225 novem
2639 5177 2910 5218 annorum
2957 5162 3277 5222 conﬁciunt,

1739 5290 1767 5327 a
1795 5270 1998 5327 caeteris
2026 5265 2299 5321 oraculum
2327 5260 2702 5331 propheticum
2742 5251 3106 5320 separavcrit,
3123 5255 3177 5303 et
3202 5261 3287 5300 re-

1741 5364 1911 5432 liquas
1964 5357 2233 5426 sexaginta
2282 5353 2417 5406 duas
2466 5366 2494 5404 a
2555 5345 2709 5401 Darii
2738 5431 2751 5432 7
2779 5350 3299 5432 regnohnumerare

1741 5422 2007 5520 contingat
2055 5422 2218 5501 :vsub
2271 5458 2378 5513 quo
2431 5451 2655 5498 rursum
2725 5431 2889 5488 Jesus
2954 5429 3107 5481 ﬁlius
3153 5422 3313 5477 lose-
