3740 6344
101 431 177 484 617

98 541 178 595 τῶν
213 540 536 611 πραγμάτων·
575 543 650 604 είς
693 544 750 596 δν
792 547 1072 614 συνάγεται
1116 547 1182 600 τά
1227 547 1398 600 πάντα
1441 547 1546 600 ἀπὸ
1571 554 1616 609 Α

98 632 262 702 «pomo
287 630 420 692 ἔτους
440 630 700 698 βασιλείας
731 636 907 706 Κύρου
937 640 1026 691 καλ⁸
1049 639 1144 707 τῆς
1167 635 1272 690 ἀπὸ
1301 637 1546 690 Βαϐυλῶ-

96 737 158 781 to;
190 720 413 772 ἐπανόδου
455 721 542 772 τοῦ
589 723 846 777 Ἰουδαίων
886 727 1065 789 ἔθνους
1108 727 1198 798 ἐτη
1230 722 1545 796 τετρακόσια

92 810 450 878 ὀγδοηκονταδύο,
487 806 543 863 οὗ
587 814 919 882 προέστησαν
949 817 1232 886 ἀρχιερεῖς,
1265 815 1355 877 οὓς
1385 816 1545 886 ἡγοῦ-

91 916 161 968 μαι
184 897 378 968 Χριστὸν
399 895 680 968 ἡγούμενον
710 903 812 956 ὑπὸ
835 905 930 973 τῆς
955 905 1276 975 προφητείας
1295 905 1546 974 ὀνομάζε-

89 989 204 1040 σθαι·
241 988 341 1056 μεθ’
381 987 486 1051 οὒς,
518 990 928 1060 τελευτήσαντος
969 995 1062 1047 τοῦ
1103 995 1325 1046 ὑστάτου
1371 995 1545 1048 αὐτῶν

87 1076 322 1146 ἀρχιερέως
370 1076 722 1148 Ἀλεξάνδρου,
768 1082 973 1152 ἄναρχα
1025 1083 1116 1136 καὶ
1171 1085 1544 1155 ἀπροστάτητα

83 1166 130 1217 τὰ
150 1167 228 1218 τοῦ
259 1165 496 1218 Ἰουδαίων
532 1167 714 1231 ἔθνους
754 1172 1117 1237 ἀπολείπεται,
1154 1172 1290 1224 ὥστε
1329 1176 1407 1235 είς
1451 1189 1545 1240 γυ·-

83 1256 204 1304 ναῖκα
232 1255 516 1323 περιστῆναι
546 1258 645 1326 τὴν
674 1259 943 1326 βασιλείαν
977 1263 1168 1315 αὐτῶν.
1208 1263 1325 1316 Τῶν
1367 1265 1422 1317 δὲ
1455 1261 1544 1317 δύο

81 1341 251 1402 παίδων,
282 1341 666 1412 Ἀριστοϐούλου
707 1349 802 1400 καὶ
840 1348 1118 1418 Ὑρκανοῦ,
1153 1352 1543 1406 στασιασάντων

83 1429 180 1498 πρὸς
199 1429 444 1498 ἀλλήλους,
466 1432 690 1496 ἐπιστὰς
709 1439 822 1498 τοῖς
855 1436 1104 1507 Ἱεροσολύ
1112 1456 1228 1508 μοις
1250 1441 1540 1512 Πομπήϊος,

87 1519 308 1589 Ῥωμαίων
337 1522 630 1590 στρατηγὸς
657 1522 756 1586 ὢν,
804 1526 946 1596 αἱρεῖ
993 1527 1088 1595 μὲν
1132 1527 1406 1598 πολιορκίᾳ
1447 1531 1543 1598 τὴν

79 1610 207 1674 πολιν,
238 1611 487 1678 μιαίνειτε
507 1613 577 1665 τὰ
611 1615 766 1682 ἆγια,
795 1617 950 1686 μέχρι
980 1617 1086 1670 τῶν
1111 1597 1312 1672 ἀδύτων
1331 1619 1434 1671 τῶν
1467 1621 1541 1671 ἱε-

77 1699 144 1768 ροῦ
171 1698 424 1768 προελθών.
467 1701 576 1754 Καὶ
616 1703 788 1756 ταῦτα
831 1705 1106 1774 συμϐαίνει
1149 1706 1296 1770 ἔτους
1332 1707 1541 1778 πρώτου

75 1790 145 1857 τῆς
178 1791 436 1858 ἑκατοστῆς
474 1791 881 1864 ἑϐδομηκοστῆς
917 1795 1136 1866 ὲννάτης
1173 1797 1538 1866 Ὀλυμπιάδος,

77 1877 173 1946 μετὰ
203 1880 499 1950 τετρακόσια
525 1882 880 1954 ἐννενήκοντα
919 1886 1075 1938 πέντε
1107 1887 1198 1956 ἐτη
1232 1888 1326 1956 τῆς
1367 1889 1542 1960 Κύρου
1573 1868 1612 1919 Β

76 1966 300 2033 βασιλείας,
328 1971 440 2039 ἥτις
486 1970 691 2041 ἤρξατο
730 1975 824 2026 ἐπὶ
868 1975 966 2043 τῆς
1008 1979 1366 2047 πεντηκοστῆς
1409 1979 1544 2047 πέμ-

74 2073 174 2127 πτης
208 2059 555 2130 Ὀλυμπιάδος.
605 2063 742 2116 Τότε
792 2065 835 2116 δ’
874 2061 964 2118 οὖν
1001 2068 1029 2118 ὁ
1072 2068 1362 2138 Πομπήϊος,
1413 2063 1543 2119 ἑλὼν

73 2146 172 2198 κατὰ
211 2149 387 2217 κράτος
440 2151 537 2220 τὴν
587 2153 961 2223 Ἰερουσαλὴμ,
1015 2155 1103 2206 τὸν
1160 2157 1542 2226 προειρημένον

80 2236 408 2305 ’Δριπόὸουλον
457 2240 752 2310 ἐκπέμψας
794 2241 1006 2312 δέσμιον
1057 2244 1145 2295 ἐπὶ
1193 2243 1420 2313 Ῥώμης,
1468 2244 1544 2312 τῷ

69 2326 206 2378 τούτου
240 2329 435 2398 ἀδελφῷ
478 2331 734 2402 ’Υρκανῷ
777 2331 873 2401 τὴν
903 2332 1299 2403 ἀρχιερωσύνην
1333 2334 1545 2404 παραδί-

68 2413 175 2478 itast,
193 2417 244 2469 τὸ
265 2434 316 2469 τε
339 2419 439 2470 πᾶν
477 2419 630 2481 ἔθνος
655 2419 716 2485 ἐξ
739 2420 944 2473 ἐκείνου
979 2421 1226 2484 ὑποτελὲς
1268 2423 1544 2491 Ῥωμαίοις

65 2509 384 2575 κατεστήσατοο
409 2508 528 2576 μεθ’
565 2508 626 2561 ὃν
668 2509 914 2580 Ἡρώδης
950 2512 978 2562 ὁ
1010 2511 1351 2581 Ἀντιπάτρου
1396 2515 1539 2574 παῖς,

72 2591 271 2661 Ὑρκανὸν
302 2591 518 2660 ἀνελὼν,
564 2597 666 2668 τὴν
707 2597 816 2650 τῶν
842 2600 1103 2652 Ἰουδαίων
1144 2601 1410 2669 βασιλείαν
1441 2601 1542 2654 ὑπὸ

60 2681 127 2748 τῆς
148 2683 391 2752 Ῥωμαίων
417 2683 734 2754 οθυγκλήτού
761 2686 950 2755 βουλῆς
981 2687 1355 2756 ἐγχειρίζεται,
1393 2688 1540 2758 πρῶ-

63 2768 125 2830 τός
161 2787 208 2823 τε
251 2773 395 2836 αὐτὸς
444 2774 502 2839 ἐξ
558 2774 865 2843 ἀλλοφύλου
915 2773 1096 2842 γένους
1150 2775 1408 2845 βασιλεύει
1451 2779 1541 2831 τοῦ

61 2860 211 2925 ἔθνους,
235 2863 321 2933 τὴν
351 2865 454 2917 τῶν
485 2865 803 2934 ἀρχιερέων
846 2865 984 2917 κατὰ
1025 2865 1114 2916 τὸν
1155 2867 1425 2930 Μωῡσέως
1454 2869 1540 2920 νό-

63 2965 134 3018 μον
156 2951 432 3022 διαφθείρας
457 2953 633 3019 τάξιν.
681 2955 750 3005 '0
800 2953 896 3022 μὲν
941 2952 1046 3022 γάρ
1089 2953 1226 3017 θεῖος
1267 2956 1424 3026 νόμος
1458 2957 1542 3012 διὰ

61 3038 142 3105 βίου
186 3042 407 3111 ἱερᾶσθαι
462 3042 540 3113 τῷ
591 3040 724 3111 Θεῷ
774 3041 862 3092 τὸν
921 3041 1170 3094 ἀνωτάτω
1229 3047 1541 3114 προστάττει

62 3127 257 3200 ἀρχιερέα
287 3147 299 3160 ·
353 3135 381 3184 ὁ
441 3133 485 3184 δ’
555 3130 812 3202 Ἡρώδης
871 3133 930 3183 οὐ
991 3136 1098 3195 τοῖς
1158 3133 1262 3185 ἀπὸ
1317 3134 1500 3202 γένους
1523 3175 1537 3198 ,
1567 3180 1607 3236 c

56 3217 132 3270 οὐδ’
174 3215 242 3283 οἷς
291 3222 561 3292 προσῆκον
618 3217 693 3291 ἦν
753 3221 994 3274 ἀπεδίδου
1046 3222 1140 3292 τὴν
1191 3221 1538 3292 λειτουργίαν,

59 3303 413 3376 ἀπεξενωμένοις
466 3310 524 3360 δέ
586 3326 737 3374 τισι,
803 3310 894 3361 καὶ
947 3308 1236 3380 ἀλλοτρίοις
1284 3310 1382 3380 τῆς
1439 3311 1543 3363 τῶν

51 3392 288 3466 ἀρχιερέων
341 3399 593 3469 διαδοχῆς
615 3438 631 3462 ,
693 3399 787 3451 xa‘t
839 3398 957 3451 οὐδὲ
1007 3399 1210 3462 τούτοις
1281 3401 1540 3471 διαρκῶς,

56 3484 151 3551 πρὸς
197 3486 380 3558 βραχὺν
433 3490 490 3541 δέ
541 3507 668 3542 τινα
731 3488 824 3540 καὶ
877 3488 1292 3558 περιωρισμένον
1340 3489 1542 3560 χρόνον,

50 3570 188 3626 ἄλλοτε
215 3576 381 3641 ἄλλοις
398 3579 499 3648 τὴν
515 3578 692 3648 τιμὴν
711 3577 998 3647 ἀντιδωρού
1006 3593 1178 3646 μενος,
1193 3577 1328 3630 ὥστε
1342 3578 1437 3640 τὰς
1451 3579 1546 3647 μὲν

53 3661 220 3729 πρώτας
242 3667 371 3719 ὲπτά
392 3667 707 3736 ἑϐδομάδας
734 3665 841 3718 ἀπὸ
864 3667 1043 3734 Κύρου
1071 3667 1163 3718 καὶ
1187 3667 1278 3718 ἐπὶ
1305 3669 1542 3737 Δαρεῖον,

47 3747 117 3812 τὰς
155 3753 202 3805 δὲ
236 3755 421 3819 λοιπὰς
471 3754 840 3828 ἑξηκονταδύο
878 3757 985 3808 ἀπὸ
1023 3756 1242 3826 Δαρείου
1310 3758 1402 3809 καὶ
1456 3758 1546 3808 ἐπὶ

47 3838 267 3912 Πομπήϊον
303 3847 390 3899 τὸν
445 3845 742 3915 Ῥωμαίων
791 3847 1086 3916 στρατηγὸν
1135 3845 1541 3915 περιορίζεσθαι.

44 3925 123 3978 Καὶ
164 3931 287 3984 κατά
322 3934 513 4004 τρίτην
549 3933 610 3984 δὲ
647 3931 876 4002 θεωρίαν
901 3931 1078 4002 εὕροις
1109 3932 1174 3985 ἂν
1223 3931 1392 3995 ἄλλως
1450 3934 1546 3984 ἐπ-

41 4016 378 4089 αριθμούμενος
401 4026 535 4084 τοὺς
565 4020 798 4092 χρόνους
811 4020 916 4074 τῶν
939 4021 1075 4073 ὲπτά
1095 4022 1184 4074 καὶ
1201 4021 1546 4092 ἑξηκονταδύο

41 4103 309 4176 έῦδθμάδων,
337 4114 392 4166 αῖ
415 4111 793 4164 συντείνουσιν
814 4114 892 4172 εἰς
911 4110 1003 4181 ἐτη
1028 4110 1342 4181 τετρακόσια
1358 4111 1543 4180 ὀγδοη-

36 4201 270 4268 κοντατρία
291 4241 306 4264 ,
347 4205 434 4254 ἐπ’
479 4201 658 4254 αὐτὸν
703 4199 1004 4266 Αὔγουστον
1042 4200 1130 4251 καὶ
1169 4200 1259 4251 ἐπὶ
1309 4199 1544 4270 Ἡρώδην

35 4284 129 4346 τοὺς
166 4287 398 4359 πρώτους
444 4289 508 4353 ἐξ
547 4289 848 4356 ἀλλοφύλου
889 4289 1073 4355 γένους
1117 4288 1542 4356 βασιλεύσαντας,

32 4371 120 4421 καθ’
149 4374 228 4436 οὓς
245 4379 277 4445 ἡ
303 4377 397 4430 τοῦ
423 4377 690 4445 Σωτῆρος
712 4376 864 4444 ἡμῶν
904 4371 1071 4443 Ἰησοῦ
1091 4375 1320 4444 Χριστοῦ
1341 4377 1543 4442 γένεσις

872 433 1504 491 DEMONSTRATIONIS
1541 431 1980 490 EVANGELICE
2018 427 2142 485 LIB.
2177 430 2312 487 VIII.

3059 440 3159 494 618

1645 557 1841 616 septem
1865 555 1918 602 et
1933 542 2116 615 viginti
2137 544 2294 599 rebus
2321 543 2623 600 Iudaeorum
2657 557 2864 616 praeest.
2896 549 2973 603 Ad
3002 553 3159 618 cujus

1643 639 1992 707 principatum
2023 649 2053 688 a
2081 635 2254 703 primo
2286 635 2422 704 regis
2451 637 2575 706 Cyri
2627 652 2790 703 anno,
2831 648 2882 693 et
2921 639 3159 696 Iudaicae

1642 728 1812 797 gentis
1837 726 2034 780 reditus
2064 727 2128 781 de
2148 726 2434 796 Babylone,
2463 728 2636 782 omnis
2659 743 2864 782 summa
2894 746 3155 786 annorum

1642 816 1910 885 colligitur
1939 815 2443 884 quadringentorum
2483 817 2747 886 octoginta
2771 818 3020 888 duorum,
3050 830 3158 891 quo

1643 912 1755 958 toto
1785 913 2019 972 tempore
2047 904 2322 972 pontifices
2358 902 2714 972 praefuerunt,
2745 921 2880 974 quos
2911 923 3006 978 ego
3035 913 3157 978 qui-

1641 995 1760 1048 dem
1790 994 1985 1048 Christi
2019 995 2170 1048 ducis
2214 995 2582 1063 appellatione,
2611 1011 2640 1047 a
2687 997 2960 1065 prophetia
2991 1001 3154 1069 signi-

1643 1083 1788 1137 ﬁcari
1840 1085 2072 1137 arbitror
2121 1103 2134 1137 :
2195 1090 2314 1152 post
2371 1087 2528 1151 quas,
2566 1083 2802 1152 ipsorum
2863 1087 3154 1142 novissimo

1641 1172 1942 1226 Alexandro
1967 1173 2272 1245 decedente,
2297 1187 2383 1226 res
2406 1169 2708 1225 Iudaeorum
2748 1174 2863 1228 sine
2891 1175 3151 1244 principe,

1642 1262 1756 1316 sine
1783 1261 1937 1324 duce,
1961 1264 2227 1316 neminem
2263 1262 2353 1331 qui
2403 1269 2652 1331 pra‘ieSset
2698 1262 2973 1330 habentes,
2995 1268 3156 1319 relin-

1639 1360 1892 1419 quuntur.
1925 1350 2140 1403 Factum
2172 1352 2348 1419 itaque
2382 1358 2483 1413 est,
2511 1360 2568 1403 ut
2613 1362 2796 1403 eorum
2852 1367 3071 1416 regnum
3101 1354 3154 1406 in

1642 1438 1888 1492 feminam
1910 1440 2118 1494 tandem
2145 1439 2408 1493 reciderit.
2437 1439 2600 1507 Cujus
2629 1440 2720 1492 filii
2743 1441 2848 1494 duo
2878 1442 3156 1496 Aristobu-

1641 1523 1723 1578 lus
1753 1532 1910 1593 atque
1964 1523 2264 1594 Hyrcanus,
2299 1524 2425 1577 dum
2469 1525 2608 1577 inter
2645 1542 2703 1579 se
2750 1526 2816 1580 de
2851 1528 3153 1599 principatu

1639 1612 1986 1675 contendunt,
2017 1613 2298 1681 Pompeius
2321 1614 2518 1668 interea
2545 1613 2904 1668 Romanorum
2926 1617 3156 1686 impera-

1638 1707 1743 1763 tor,
1766 1700 2131 1770 Hierosolyma
2161 1715 2466 1770 aggressus,
2497 1716 2616 1754 cum
2646 1703 2921 1757 obsidione
2969 1706 3153 1759 urbem

1639 1793 1798 1861 capit,
1829 1800 1942 1846 tum
1975 1807 2146 1860 usque
2176 1792 2243 1845 ad
2275 1793 2563 1860 penetralia
2608 1795 2788 1862 templi
2815 1809 3150 1864 progressus,

1641 1895 1760 1948 qua:
1786 1889 1967 1934 sancta
2018 1880 2073 1932 in
2113 1879 2218 1932 illis
2268 1879 2602 1940 dicebantur,
2635 1880 2900 1947 profanat.
2949 1881 3014 1934 Et
3043 1883 3155 1936 haec

1639 1968 1836 2023 Iudaeis
1907 1967 2155 2022 accidunt.
2198 1969 2500 2022 centesimae
2549 1973 2946 2038 septuagesima
3004 1988 3157 2026 nonte

1639 2059 1952 2127 olympiadis
1972 2073 2112 2110 anno
2133 2057 2324 2127 primo,
2349 2059 2438 2126 qui
2466 2058 2563 2111 fuit
2591 2073 2764 2113 annus
2791 2075 2820 2113 a
2839 2060 2961 2129 Cyri
2993 2075 3155 2128 regno

1639 2147 2188 2215 quadringentesimus
2246 2147 2621 2215 nonagesimus
2677 2148 2936 2216 quintus,
3000 2149 3156 2215 cujus

1639 2237 1784 2304 regni
1816 2235 2022 2288 initium
2053 2236 2495 2304 quinquagesima
2532 2235 2716 2304 quinta
2743 2236 3041 2305 Olympiade
3078 2237 3157 2289 fa-

1639 2332 1783 2376 ctum
1821 2331 1922 2376 est.
1975 2322 2074 2376 Per
2122 2323 2174 2375 id
2224 2325 2385 2392 igitur
2441 2324 2696 2391 temporis
2741 2323 3054 2393 Pompeius,
3101 2326 3153 2378 vi

1639 2411 1809 2478 captis
1841 2409 2240 2480 Hierosolymis,
2269 2422 2321 2465 et
2352 2413 2586 2466 vinclum
2647 2413 3008 2468 Aristobulum
3049 2414 3155 2467 Ro-

1637 2514 1775 2552 mam
1823 2501 1999 2563 mittit,
2022 2508 2076 2554 et
2118 2501 2276 2569 hujus
2307 2500 2457 2554 fratri
2508 2501 2751 2571 Hyrcano
2801 2506 3154 2559 sacerdotium

1641 2591 1820 2650 tradit.
1853 2599 2010 2658 atque
2041 2606 2101 2646 ex
2146 2592 2237 2644 illo
2283 2600 2518 2659 tempore
2561 2593 2806 2646 universa
2851 2592 3154 2648 Iudaeorum

1639 2681 1784 2734 natio
1810 2679 2063 2733 Romanis
2085 2680 2364 2734 tributaria
2393 2683 2530 2734 facta
2571 2690 2670 2735 est.
2703 2681 2830 2736 Post
2855 2682 3155 2754 Hyrcanum

1638 2767 1891 2829 Ilerodes,
1931 2767 2188 2836 Antipatri
2240 2767 2396 2830 (ilius,
2427 2769 2544 2836 ipso
2572 2769 2850 2823 interfecto
2890 2770 3154 2840 Hyrcano,

1637 2858 1892 2928 largiente
1940 2856 2182 2910 Romano
2233 2865 2444 2921 senatu,
2494 2856 2798 2912 Judaeorum
2841 2860 3046 2917 obtinet
3073 2876 3159 2914 re-

1637 2963 1818 3017 gnum.
1851 2946 1948 3000 llic
1989 2947 2195 3016 primus
2223 2948 2398 3000 alieno
2427 2957 2578 3003 ortus
2600 2963 2812 3018 genere,
2850 2950 3160 3018 perturbato

1636 3034 1942 3102 pontificum
1973 3032 2180 3096 ordine,
2217 3036 2308 3102 qui
2355 3033 2588 3090 Mosaica
2637 3037 2749 3105 lege
2782 3040 3023 3092 sancitns
3047 3038 3161 3092 fucé

1639 3130 1740 3186 rat,
1767 3124 1818 3176 in
1849 3123 1935 3175 illa
1956 3130 2110 3192 gente
2137 3131 2340 3192 regnat.
2365 3123 2470 3178 Lex
2514 3126 2652 3178 enim
2699 3124 2876 3178 divina
2917 3126 3158 3194 jubebat,

1639 3221 1696 3266 ut
1725 3213 1986 3268 maximus
2013 3215 2246 3282 pontifex
2279 3230 2438 3283 quam
2473 3217 2565 3270 diu
2614 3217 2814 3272 viveret
2862 3220 3160 3276 sacerdotio”

1640 3302 1967 3372 fungeretur.
2001 3303 2069 3355 At
2097 3304 2334 3360 llerodes
2366 3319 2472 3357 non
2503 3306 2570 3359 iis
2589 3308 2680 3374 qui
2708 3308 2944 3375 legitimo
2967 3325 3159 3377 genere

1639 3394 1741 3446 orti
1777 3400 1976 3454 essent,
2019 3409 2189 3462 neque
2235 3395 2300 3448 iis
2348 3395 2437 3463 qui
2488 3395 2541 3448 id
2571 3396 2710 3463 juris
2750 3397 3022 3462 haberent,
3063 3402 3157 3454 sed

1641 3482 1994 3550 snpposititiis
2023 3484 2364 3550 quibusdam,
2400 3492 2559 3552 atque
2591 3501 2622 3538 a
2663 3487 2803 3539 serie
2848 3502 2911 3541 ac
2941 3502 3159 3544 succes-

1640 3569 1787 3623 sione
1811 3570 2117 3638 p0ntificum
2155 3572 2343 3627 alienis
2374 3572 2425 3626 id
2447 3575 2682 3627 muneris
2699 3575 2959 3638 attribuit,
2994 3591 3057 3630 ac
3089 3593 3157 3631 ne

1640 3658 1708 3714 iis
1738 3659 1950 3727 quidem
1999 3661 2053 3713 in
2104 3669 2439 3730 perpetuum,
2467 3663 2560 3716 sed
2608 3663 2672 3716 ad
2707 3663 2864 3717 breve
2890 3666 3156 3733 quoddam

1640 3749 2150 3818 determinatumque
2204 3759 2412 3819 tempus
2467 3753 2969 3823 gratificans,395
3001 3763 3159 3824 atque

1640 3839 1742 3891 alio
1775 3847 2010 3906 tempore
2059 3841 2180 3894 aliis
2211 3840 2472 3908 ejusmodi
2525 3843 2776 3897 honorem
2827 3845 3155 3913 impertiens,

1643 3939 1699 3984 ut
1727 3933 1826 3986 hac
1860 3932 2082 3990 ratione,
2113 3934 2296 4001 primae
2329 3933 2541 4001 quidem
2572 3934 2928 3990 hebdomades
2958 3945 3159 4004 septem

1641 4035 1669 4072 a
1691 4019 1830 4088 Cyro
1859 4019 1924 4074 ad
1969 4019 2207 4084 Darium,
2239 4023 2456 4090 reliquae
2477 4038 2606 4076 vero
2640 4024 2912 4092 sexaginta
2957 4024 3095 4088 duae,
3129 4043 3157 4077 a

1641 4108 1797 4162 Dario
1825 4108 1890 4162 ad
1921 4110 2287 4177 imperatorem
2313 4109 2672 4166 Romanorum
2701 4111 3004 4181 Pompeium
3033 4129 3159 4167 con-

1642 4198 1928 4252 tineantur.
1956 4200 2022 4250 At
2051 4198 2096 4251 si
2120 4200 2328 4252 tertiam
2366 4206 2618 4268 praeterea
2657 4204 3156 4270 contemplationem

1643 4285 1772 4338 velis
1809 4285 2078 4346 insistere,
2109 4295 2268 4352 atque
2303 4285 2406 4337 alia
2431 4286 2658 4353 quadam
2696 4290 2899 4338 rati0ue
2921 4297 3158 4355 tempora

1641 4382 1838 4442 septem
1886 4380 1938 4425 ct
1968 4376 2236 4441 sexaginta
2282 4373 2507 4428 duarum
2549 4375 2934 4429 hebdomadum
2974 4389 3164 4431 nume;

35 4457 271 4529 ἱστορεῖται
303 4464 790 4537 περιγραφομένη,
831 4466 908 4528 εί,
954 4463 1247 4533 ἀρξάμενος
1289 4465 1392 4516 ἀπὸ
1441 4467 1541 4517 Δα-

1640 4478 1780 4525 rare,
1811 4476 1928 4530 quze
1953 4477 2122 4518 annos
2144 4465 2418 4517 continent
2449 4464 2862 4534 quadringentos
2891 4468 3160 4532 octoginta

31 4551 139 4614 ρείου
165 4555 248 4605 καὶ
277 4556 375 4624 τῆς
407 4553 868 4624 συμπληρώσεως
906 4551 998 4603 τοῦ
1037 4552 1160 4604 ναοῦ
1181 4594 1195 4617 ,
1235 4553 1324 4604 τὸν
1362 4555 1546 4624 δηλού-

35 4651 156 4699 μενον
201 4644 425 4712 ἀριθμὸν
482 4643 808 4712 ἀναλογίσῃ.
887 4643 1108 4712 Δαρείου
1150 4643 1255 4708 γὰρ
1311 4646 1445 4698 κατά
1489 4645 1548 4697 τὸ

30 4721 228 4796 ea:er
267 4731 385 4793 ἔτος
403 4771 419 4795 ,
449 4731 550 4784 τὸν
594 4730 1059 4798 ἑὸδομηκονταετῆ
1089 4729 1272 4798 χρόνον
1303 4731 1398 4798 τῆς
1425 4735 1548 4802 ἐρη-

32 4812 209 4878 μώσεως
258 4819 629 4889 Ἰερουσαλὴμ
686 4817 1136 4886 συμπεπεράσθαι
1187 4820 1214 4870 ὁ
1274 4821 1546 4890 προφήτης

28 4900 246 4974 Ζαχαρίας
271 4909 419 4980 δηλοῖ
451 4910 670 4976 λέγων·
727 4926 746 4957 ε
779 4905 857 4974 Τῇ
895 4907 1110 4976 τετράδι
1140 4908 1230 4958 καὶ
1258 4908 1453 4972 εἰκάδι,
1484 4912 1540 4962 ὲν

27 4989 83 5056 τῷ
102 4995 338 5069 ἑνδεκάτῳ
373 5001 530 5069 μηνὶ,
564 4998 731 5060 αὑτός
756 4999 872 5049 ἐστι
896 4995 1098 5060 Σαῦἀτ,
1132 4998 1187 5048 ὲν
1214 4995 1289 5065 τῷ
1315 4997 1540 5069 δευτέρῳ

32 5074 110 5128 ἔτει
141 5084 370 5152 Δαρείου,
402 5088 632 5154 ἐγένετο
678 5085 837 5150 λόγος
883 5084 1095 5151 Κυρίου
1124 5083 1252 5152 πρὸς
1277 5086 1541 5154 Ζαχαρίαν

30 5163 95 5213 τὸν
121 5169 196 5220 τοῦ
223 5174 508 5243 Βαραχίου.
548 5193 568 5223 ι
612 5171 722 5224 Εἶθ’
764 5172 891 5239 ἑξῆς
927 5171 1163 5238 ἐπιλέγει
1184 5187 1195 5199 ·
1233 5189 1250 5220 ι
1277 5173 1382 5223 Καὶ
1405 5175 1536 5227 ἁπε-

37 5256 156 5328 κρῖθη
193 5262 220 5312 ὁ
247 5264 470 5332 ἄγγελος
541 5265 779 5333 Κυρίου,
825 5261 924 5312 καὶ
983 5257 1104 5312 εἷπε
1129 5277 1141 5292 ο
1196 5259 1355 5328 Κύριε
1403 5280 1532 5314 παν-

40 5351 276 5424 πκράτωρ,
299 5356 401 5416 ἕως
431 5355 582 5414 τίνος
607 5354 668 5404 οὐ
704 5352 783 5418 μὴ
800 5351 1038 5418 ἐλεήσῃς
1065 5350 1158 5418 τὴν
1185 5350 1528 5420 Ἰερουσαλὴμ,

134 5441 212 5503 τὰς
250 5445 424 5507 πόλεις
466 5441 637 5494 Ἰούδα
659 5479 675 5503 ,
713 5439 783 5500 ἃς
823 5440 1108 5508 ὑπερεῖδες
1133 5437 1275 5490 τοῦτο
1314 5439 1527 5512 ἑϐδομη-

48 5523 182 5572 καττὸν
214 5527 337 5591 570;;
375 5547 394 5578 ι
432 5527 634 5578 Τοῦτον
679 5523 750 5590 δὴ
789 5519 879 5573 οὖν
917 5524 1085 5576 αὑτὸν
1112 5524 1182 5593 τῷ
1219 5523 1334 5593 θείῳ
1361 5527 1523 5578 Πνεύ-

102 5696 134 5727 ⁸³
160 5699 351 5755 lac-har.
389 5719 438 5760 ι.
478 5701 522 5752 7.

297 5796 546 5852 ιἈτιιοι..
603 5789 653 5847 G
668 5805 736 5841 η.
788 5783 1004 5842 XXII.

1644 4559 1768 4614 tres,
1789 4553 2028 4606 invenias
2050 4552 2189 4608 idem
2214 4555 2472 4622 temporis
2499 4555 2729 4623 spatium
2756 4555 2820 4608 ad
2860 4556 3162 4626 Augustum

1642 4655 1812 4710 usque
1844 4649 2002 4710 atque
2027 4641 2414 4712 Herodem,qni
2437 4643 2814 4712 primiexterni
2837 4647 3047 4712 generis
3078 4659 3163 4697 rc-

1641 4739 1891 4802 gnarunt,
1913 4746 2249 4801 quorumque
2279 4736 2606 4802 temporibus
2654 4733 2948 4786 Salvatoris
2993 4736 3163 4786 nostri

1640 4820 1764 4876 Jesu
1794 4819 1990 4873 Christi
2046 4829 2198 4875 ortus
2250 4822 2418 4876 tuisse
2463 4829 2804 4884 memoratur,
2859 4824 3164 4890 propagari,

1644 4911 1690 4963 si
1718 4909 1872 4962 modo
1900 4910 2038 4960 hunc
2066 4924 2222 4976 quem
2267 4910 2378 4963 dixi
2428 4925 2708 4964 numerum
2765 4919 2982 4976 sumpto
3019 4910 3171 4963 initio

1646 5013 1676 5050 a
1699 4998 1853 5051 Dario
1881 4997 2166 5065 templique.
2187 4998 2523 5053 absolutione
2552 4996 2852 5063 recolligas.
2878 4997 2963 5048 Ad
2987 5011 3177 5050 securi.

1647 5089 1773 5140 dum
1798 5087 1938 5140 enim
1997 5085 2138 5138 Darii
2192 5101 2410 5151 annum,
2446 5099 2654 5156 tempus
2683 5083 3003 5152 solitudinis
3031 5086 3181 5137 urbis

1640 5174 1932 5231 Jerusalem
1957 5215 1970 5236 .
2001 5175 2142 5244 quod
2179 5179 2642 5246 septuagenarium
2696 5174 2823 5237 fuit,
2866 5176 3187 5242 pervenisse

1643 5267 1900 5334 propheta
1926 5265 2212 5320 Zacharias
2245 5265 2446 5321 indicat
2469 5269 2553 5324 bis
2579 5265 2773 5320 verbis
2806 5279 2821 5315 :
2851 5277 2872 5312 ι
2902 5263 2970 5315 ιιι
2996 5263 3085 5316 die
3115 5263 3198 5314 vi-

1640 5357 1843 5409 cesimo
1870 5364 2061 5424 quarto
2094 5355 2363 5410 undecimi
2409 5359 2617 5414 mensis
2666 5355 2866 5422 (iS'ESl
2913 5351 3109 5419 Sabat)
3145 5352 3206 5402 in

1641 5459 1785 5498 anno
1806 5444 2039 5499 secundo
2065 5443 2228 5506 Darii,
2264 5442 2463 5502 factum
2508 5458 2592 5503 est
2622 5443 2864 5497 verbum
2886 5437 3117 5492 Domini
3147 5436 3217 5487 ad

1639 5531 1952 5590 Zachariam
1979 5535 2142 5589 filium
2165 5533 2434 5592 Barachiaa
2463 5540 2532 5594 ".1
2573 5555 2591 5590 ι
2633 5533 2854 5586 Deinde
2879 5537 3228 5598 progressus

2786 5794 2871 5851 20
