3740 6330
127 423 205 478 ιιι
870 418 1505 481 DEMONSTRATIONIS
1536 420 1985 480 EVANGELICE
2021 411 2145 471 LIB.
2180 414 2326 477 VIII;

3113 426 3217 482 622

126 532 410 602 ἀφανισμοῖς.
447 552 465 584 ι
516 535 621 589 Καὶ
664 535 831 590 ταῦτα
875 538 931 591 δὲ
984 538 1180 609 ἐναργῆ
1226 537 1325 608 τὴν
1374 531 1588 593 ἔκϐασιν

1690 554 1896 610 quoque
1935 551 1996 593 se
2037 532 2233 590 habent
2270 556 2283 591 :
2326 556 2344 589 ι
2376 536 2503 593 Post
2548 538 2908 597 hebdomadas
2927 549 3128 611 septem
3164 552 3218 609 et

123 623 270 691 είληφε
297 621 403 674 κατ’
431 622 585 676 αὐτὸν
620 626 917 694 Αὔγουστον
950 628 1041 681 καὶ
1079 626 1316 698 Ἡρώδην
1339 668 1353 691 ,
1393 632 1471 693 είς
1505 629 1596 693 οὓς

123 712 197 773 τὰς
218 700 573 779 προειρημένας
592 712 726 766 έπτά
750 714 1046 783 ἑϐδομάδας
1080 715 1595 783 συγκεφαλαιοῦσθαί

119 816 278 869 φαμεν.
310 799 428 868 ’0δῷ
459 799 586 866 γοῦν
623 802 716 854 καὶ⁵
740 803 886 869 τάξει
918 803 1011 856 τοῦ
1036 804 1175 857 κατά
1205 804 1302 874 τὴν
1338 807 1595 876 ἀρχιερω-

64 942 69 945 Α
121 887 249 955 σύνην
262 887 551 955 χρίσματος,
589 888 748 960 μέχρι
783 890 891 943 τῶν
921 891 1151 961 Ἡρώδου
1178 893 1271 944 καὶ
1288 893 1594 960 Αὐγούστου

115 976 278 1045 χρόνων
315 975 682 1045 διαρκέσαντος
704 1017 719 1041 ,
761 980 858 1050 τῆς
901 980 960 1033 δὲ
1003 981 1243 1051 διαδοχῆς
1289 982 1397 1034 τῶν
1432 980 1594 1033 πάλαι

115 1064 357 1136 ἀρχιερέων
406 1065 497 1116 ἐπὶ
549 1067 887 1140 Ἀλέξανδρον
942 1072 1034 1124 τὸν
1081 1070 1343 1142 ’Υρκανοῦ
1388 1070 1595 1141 πατέρα

112 1153 481 1225 περιγραφείσης
501 1192 516 1217 ,
602 1156 842 1228 Ἡρώδης
890 1158 981 1211 τὸν
1047 1159 1303 1229 Ὑρκανὸν
1364 1157 1560 1211 ἀνελὼν
1578 1193 1592 1217 ,

112 1244 255 1297 οὐκέτι
291 1248 390 1306 τοῖς
418 1248 480 1297 ἑκ
516 1247 768 1318 πατέρων
805 1247 1062 1317 διαδόχοις
1089 1248 1367 1319 ἐπιτρέψαι
1385 1248 1594 1316 λέγεται

110 1333 185 1404 τὴν
220 1333 554 1405 λειτουργίαν,
605 1337 745 1389 ἀλλά
777 1353 915 1390 τισιν
952 1338 1179 1406 ἀσήμοις
1214 1337 1306 1390 καὶ
1341 1337 1595 1404 ἀφανέσιν

110 1423 375 1493 ἀνθρώποις.
406 1425 572 1478 τοῦτο
599 1426 656 1478 δὲ
698 1428 792 1479 καὶ
827 1429 856 1479 6
894 1426 1132 1496 χρησμὸς
1163 1424 1443 1497 προλαϐὼν
1467 1428 1594 1478 ἑπε-

110 1512 334 1578 θέσπισεν,
379 1515 540 1568 εἰπών
566 1533 581 1546 ·
638 1534 658 1566 ι
695 1514 807 1570 Κάὶ
858 1515 991 1586 μετά
1023 1516 1118 1579 τὰς
1166 1516 1455 1586 ἑϐδομάδας
1500 1516 1595 1580 τὰς

110 1604 216 1657 ἑπτά
237 1606 317 1657 καὶ
342 1603 691 1673 ἑξηκονταδύο
723 1606 1222 1678 ἑξολοθρευθήσεται
1251 1607 1475 1677 χρίσμα,
1503 1609 1596 1660 καὶ

109 1697 241 1765 κρῖμα
262 1694 350 1746 οὐκ
380 1693 521 1746 ἐστιν
548 1695 608 1745 ἑν
632 1694 784 1763 αὐτῷ
806 1711 819 1724 ·
861 1714 879 1746 ι
919 1696 1053 1765 ὅπερ
1089 1694 1269 1763 σαφῶς
1306 1696 1398 1747 καὶ
1426 1694 1596 1747 λοιποὶ

108 1782 355 1834 τεθείκασιν
381 1782 709 1852 ἑρμηνευταί
734 1800 748 1813 ·
775 1785 803 1834 6
830 1784 924 1852 μὲν
963 1784 1187 1847 Ἀκύλας
1206 1785 1376 1853 φήσας
1393 1801 1407 1814 ’
1442 1801 1460 1833 ι
1488 1784 1596 1836 Καὶ

1693 631 1966 699 sexaginta
1999 628 2133 684 duas
2157 629 2351 697 peribit
2370 630 2572 695 unctio,
2597 638 2650 685 et
2689 631 2950 696 judicium
2997 649 3105 688 non
3135 640 3220 687 est

1696 720 1750 772 in
1785 734 1876 784 ea;
1896 725 1951 772 et
1981 717 2249 772 civitatem
2280 727 2334 771 et
2370 724 2615 771 sanctum
2642 716 2913 786 disperdat
2933 732 3054 774 cum
3084 718 3220 772 duce

1691 815 1916 862 venturo
1939 826 1950 861 :
1970 815 2023 860 et
2053 805 2332 860 excidetur
2359 805 2415 858 in
2445 804 2667 869 diluvio,
2686 813 2740 858 et
2764 820 2931 875 usque
2966 806 3032 860 ad
3059 806 3216 861 linem

1692 898 1816 952 belli
1849 897 1903 950 in
1932 896 2302 965 compendium
2328 895 2554 956 redacti,
2596 894 3070 949 internecionilius.
3108 914 3128 947 ι
3154 894 3218 947 Et

1693 987 1805 1041 haec
1835 986 2046 1056 quidem
2078 988 2415 1055 perspicuum
2443 985 2643 1040 exitum
2668 991 2826 1038 nacta
2846 991 2972 1039 sunt
2991 984 3216 1060 {Augusti

1692 1074 2020 1144 Herodisque
2069 1075 2399 1144 temporibus
2435 1092 2449 1128 :
2481 1074 2536 1127 in
2578 1089 2715 1143 quos
2745 1088 2861 1138 eas,
2911 1073 2977 1128 de
3022 1074 3215 1142 quibus

1691 1163 2020 1226 dicebamus,
2057 1170 2256 1230 septem
2297 1160 2657 1215 hebdomadas
2689 1161 3051 1216 consummari
3078 1160 3219 1214 amr-

1692 1264 1917 1305 mamus.
1939 1247 2074 1302 Nam
2095 1263 2217 1302 cum
2240 1251 2394 1303 suum
2426 1262 2767 1317 progressum
2797 1255 2956 1316 atque
2976 1246 3215 1300 ordinem

1692 1340 1958 1409 pontiﬁcis
1987 1340 2077 1393 illa
2115 1340 2300 1394 unctio
2333 1354 2504 1408 usque
2548 1338 2614 1392 ad
2645 1338 2906 1394 Herodem
2948 1350 2998 1393 et
3035 1338 3218 1408 Augu-

1692 1436 1832 1483 stum
1884 1436 2189 1484 constanter
2214 1429 2527 1491 servaverit,
2560 1436 2613 1482 et
2637 1438 2877 1483 veterum
2907 1427 3216 1496 pontificum

1693 1519 1963 1574 successio
1996 1519 2053 1572 in
2073 1517 2376 1572 Alexandro
2414 1516 2645 1586 Hyrcani
2684 1523 2832 1586 patre
2876 1515 3213 1577 terminetur,

1692 1605 1928 1667 Herodes
1954 1608 2071 1677 ipso
2094 1607 2340 1679 Hyrcano
2368 1605 2645 1661 interfecto
2670 1605 2829 1675 397
2857 1620 2965 1661 non
2986 1606 3217 1676 amplius

1693 1695 1781 1759 iis,
1806 1697 1898 1765 qui
1930 1711 1960 1750 a
2000 1697 2313 1766 parentibus
2335 1695 2658 1751 succedendi
2686 1698 2777 1764 jus
2814 1696 3092 1762 haberent,
3116 1697 3219 1750 mi-

1693 1784 1975 1840 nisterium
2008 1786 2138 1840 illud
2165 1785 2498 1841 concessisse
2521 1784 2737 1847 dicitur,
2768 1784 2861 1840 sed
2900 1785 3217 1855 ignobilibus

111 1872 216 1940 μετὰ
231 1871 318 1935 τάς
486 1849 790 1942 ἑϐδομάδας
812 1849 904 1925 καὶ
934 1849 1281 1942 ἑξηκονταδύο
1301 1870 1593 1940 ἑξολοθρευ-

1695 1876 2017 1943 quibusdam
2041 1876 2393 1945 obscurisque
2422 1875 2751 1930 hominibus.
2786 1875 2888 1930 Sed
2919 1849 3080 1930 etiam
3097 1890 3218 1929 ora—

109 1961 285 2030 θήσεται
320 1961 672 2032 ἠλειμμένος,
726 1964 821 2015 καὶ
863 1963 962 2015 οὐκ
1007 1962 1150 2015 ἐστιν
1181 1960 1362 2030 αὐτῷ’
1401 1980 1419 2011 ι
1473 1962 1502 2011 6
1541 1960 1595 2012 δὲ

111 2048 375 2120 Σύμμαχος·
410 2068 429 2102 ι
462 2052 573 2103 Καὶ
598 2050 738 2121 μετά
767 2053 863 2113 τὰς
890 2050 1178 2120 ἑϐδομάδας
1199 2049 1334 2102 ἑπτά
1360 2050 1452 2103 καὶ
1479 2046 1597 2118 ἑξη-

109 2141 307 2193 κονταδύο
319 2142 669 2212 ἑκκοπήσεται
680 2143 727 2193 Χ
736 2142 930 2211 ριστὺς,
942 2142 1035 2193 καὶ
1047 2141 1146 2193 οὐκ
1159 2139 1380 2209 ὑπάρξει
1394 2139 1555 2209 αὐτῷ.
1570 2159 1590 2192 ι

112 2218 234 2284 Ὅθεν
259 2231 473 2302 μάλιστα
496 2226 869 2302 παρίστασθαι
901 2248 990 2299 μοι
1020 2230 1161 2282 δοκεῖ
1188 2230 1413 2301 Χριστὸς
1439 2229 1596 2299 ἡγού-

110 2337 230 2389 μενος
252 2318 376 2375 εἶναι
395 2323 423 2374 6
452 2320 591 2375 κατὰ
615 2321 717 2390 τὴν
744 2320 1013 2390 ἡμετέραν
1033 2318 1279 2372 ἀπόδοσιν
1303 2318 1596 2388 δεδηλωμέ-

108 2429 185 2473 νος.
203 2412 336 2464 Μετά
351 2411 474 2479 γοῦν
489 2411 586 2481 τὴν
601 2410 711 2462 τῶν
728 2409 1030 2479 εἰρημένων
1040 2408 1338 2477 ἑϐδομάδων
1351 2424 1414 2460 συ
1422 2407 1595 2478 μπλή-

107 2517 274 2568 ρωσιν,ι
292 2498 789 2570 έξολοθρευθήσεται
807 2497 1055 2567 Χριστὸς,
1069 2515 1086 2547 ι
1096 2497 1242 2567 φησί.
1265 2497 1358 2559 Τίς
1373 2496 1429 2548 δὲ
1444 2489 1593 2560 οὗτος

104 2590 161 2658 ῆό
177 2589 458 2659 ἡγούμενος,
474 2589 566 2641 καὶ
577 2591 607 2641 6
624 2588 768 2641 κατὰ
780 2587 1021 2657 διαδοχὴν
1039 2587 1094 2652 ἑξ
1110 2588 1151 2638 is
1159 2583 1371 2656 ρατικοῦ
1386 2587 1591 2653 γένους,

103 2675 170 2728 τώ
200 2676 358 2739 ἔθνους
381 2670 655 2746 προεστώς
680 2690 702 2739 ;
752 2674 972 2743 Διέμενε
1005 2671 1134 2740 γοῦν
1172 2665 1321 2734 οὗτος
1363 2672 1440 2732 είς
1471 2670 1591 2722 ὅσον

104 2768 291 2821 οὔπωτά
305 2770 405 2822 τῶν
430 2768 746 2838 ἑϐδομάδων
772 2764 1070 2836 ἐπληροῦτο
1095 2780 1109 2794 ο
1162 2762 1344 2831 ἐπειδὴ
1371 2761 1425 2813 δὲ
1446 2760 1592 2823 τέλος

103 2855 343 2924 ἐλάμϐανον
371 2851 526 2910 αὗται
549 2895 566 2921 ,
605 2853 918 2915 ἀκολούθως
945 2854 1010 2921 τῇ
1040 2848 1335 2918 προφητείᾳ
1366 2845 1590 2917 ἐξεκόπη

102 2946 191 2995 όὲκ
212 2946 432 3017 διαδοχῆς
464 2946 656 3013 γένους
678 2983 699 3006 ,
735 2942 827 2994 τοῦ
871 2941 1050 3002 ἔθνους
1089 2937 1376 3010 προεστώς.
1430 2933 1592 2999 Οὗτος

101 3030 142 3084 δᾶ
158 3027 212 3103 ἦν
246 3034 506 3105 Ὑρκανὸς,
528 3033 586 3086 ὃν
610 3031 780 3093 αὐτὸς
811 3027 1048 3099 Ἡρώδης
1072 3025 1269 3079 ἀνελὼν
1290 3064 1305 3089 ,
1332 3017 1426 3096 τὴν
1453 3023 1592 3077 κατά

101 3118 167 3170 τοῦ
186 3120 340 3184 ἔθνους
360 3122 633 3190 βασιλείαν
688 3118 853 3208 μηδὲν
1054 3114 1401 3208 διαφέρουσαν
1424 3111 1593 3208 69mp-
1616 3154 1655 3208 Ο

101 3208 223 3272 τάξει
244 3248 258 3273 ,
310 3210 515 3282 πρῶτός
572 3226 634 3262 τε
684 3206 846 3268 αὐτὸς
896 3203 1180 3272 ἀλλόφυλος
1230 3205 1458 3272 ἡγεῖται.
1516 3199 1589 3253 Οὐ

102 3302 222 3368 μόνος
246 3305 297 3357 δὲ
318 3306 421 3375 ἄρα
450 3306 479 3356 6
515 3300 784 3374 Ὑρκανὸς
813 3301 1043 3369 Χριστὸς
1073 3297 1166 3361 ὢν,
1188 3295 1404 3349 καὶτῶν
1431 3293 1594 3348 πάλαι

95 3391 341 3463 ἀρχιερέων
392 3394 640 3458 ὕστατος,
685 3390 938 3458 ἑξεκόπη,
969 3387 1101 3442 ἀλλά
1131 3387 1222 3440 καὶ
1249 3389 1281 3457 ἡ
1306 3387 1369 3438 ὲκ
1401 3384 1595 3455 προγό-

95 3496 175 3532 νων
221 3483 408 3536 ἀνωθεν
443 3485 509 3535 ἑκ
532 3481 644 3534 τῶν
690 3477 964 3549 πρόπαλαι
1003 3475 1293 3546 ἀρχιερέων
1340 3473 1594 3526 κατιοῦσα

94 3567 296 3642 διαδοχὴ,
358 3572 487 3625 αὐτό
545 3587 607 3623 τε
674 3568 740 3620 τὸ
804 3565 941 3620 κατὰ
999 3564 1190 3635 νόμους
1242 3562 1445 3633 χρίσμα
1496 3563 1594 3616 οὐκ

93 3660 152 3711 ἔτι
172 3663 291 3714 κατά
349 3663 526 3734 κρίσιν
563 3659 883 3728 γινόμενον,
927 3654 1173 3716 ἀτάκτως
1206 3654 1262 3706 δὲ
1289 3654 1379 3707 καὶ
1401 3670 1593 3721 συγκε-

91 3749 320 3818 χυμένως,
376 3753 436 3804 ού
488 3750 634 3803 κατὰ
687 3748 755 3800 τὰ
787 3746 934 3816 παρά
978 3745 1196 3798 Μωῦσεί
1250 3744 1593 3814 νενομοθετη-

91 3840 482 3915 μὲνσ,συνέτρεχε
522 3840 583 3892 δὲ
636 3837 773 3908 ὁμοῦ
807 3836 982 3889 πάντα
1037 3833 1333 3897 ἀκολούθως
1373 3837 1436 3904 τῇ
1467 3851 1594 3904 προ-

91 3931 241 4002 φητείᾳ
288 3934 539 4004 φησάσῃο
579 3949 600 3981 ι
637 3926 1169 3999 Ἐξολοθρευθήσεται
1216 3927 1420 3997 χρίσμα
1444 3963 1459 3987 ,
1503 3928 1594 3981 καὶ

84 4022 219 4088 κρῖμα
254 4023 347 4075 οὐκ
402 4022 552 4074 ἔστιν
616 4020 680 4071 ἑν
723 4016 888 4086 αὐτῷ.
918 4035 937 4067 ι
973 4014 1194 4085 Μάρτυς
1236 4015 1279 4067 δ’
1309 4014 1593 4084 ἀξιόχρεως

84 4106 245 4161 τούτων
279 4114 307 4164 6
357 4111 415 4175 ἑξ
459 4108 648 4163 αὐτῶν
704 4106 962 4177 Ἐϐραίων
1012 4103 1297 4175 Ἰώσηπος,
1336 4097 1440 4156 ὧδέ
1479 4119 1594 4165 πως

80 4195 264 4267 ἱστορῶν
301 4199 370 4251 τὰ
417 4196 567 4251 κατὰ
614 4195 745 4257 τοὺς
787 4194 1009 4265 χρόνους
1059 4193 1114 4243 ὲν
1159 4189 1595 4259 ὀκτωκαιδεκάτῳ

46 4326 55 4335 .
80 4287 157 4355 τῆς
193 4289 514 4356 Ἰουδαϊκῆς
560 4285 1038 4355 ’Λρχαιολοτίαςι
1065 4300 1084 4333 ι
1118 4282 1225 4351 Τὴν
1247 4281 1303 4335 δὲ
1326 4279 1594 4350 βασιλείαν

85 4376 287 4451 Ἡρώδης
315 4380 469 4451 παρὰ
512 4375 801 4446 Ῥωμαίων
825 4370 1173 4443 ἑγχειρισθεὶς
1192 4410 1208 4433 ,
1238 4372 1335 4424 οὐκ
1365 4369 1442 4421 ἔτι
1473 4369 1594 4433 τοὺς

1694 1965 1874 2017 culum
1921 1964 2060 2018 hanc
2099 1965 2266 2033 ipsam
2313 1979 2425 2018 rem
2476 1964 2774 2034 anticipans
2821 1966 3102 2026 divinavit,
3130 1965 3215 2020 his

1692 2052 1904 2107 verbis:
1933 2070 1953 2103 ι
1986 2052 2050 2105 Et
2074 2060 2195 2121 post
2225 2052 2584 2107 hebdomadas
2632 2062 2831 2122 septem
2864 2061 2917 2107 et
2945 2053 3219 2123 sexaginta

1695 2142 1832 2197 duas
1877 2142 2071 2212 peribit
2099 2143 2300 2207 unctio,
2330 2149 2385 2194 et
2417 2141 2679 2209 judicium
2711 2155 2816 2196 non
2850 2150 2932 2197 est
2978 2143 3032 2196 in
3074 2158 3156 2197 ea.
3192 2163 3212 2194 υ

1693 2231 1844 2296 Quod
1878 2231 2090 2301 quidem
2120 2232 2400 2300 perspicue
2437 2232 2628 2301 reliqui
2680 2247 2890 2303 quoque
2926 2242 3218 2302 posuerunt

1693 2323 2048 2390 interpretes:
2082 2322 2276 2391 Aquila
2308 2322 2524 2391 quidem
2575 2324 2694 2377 sic:
2727 2340 2746 2373 ι
2781 2322 2844 2375 Ει
2866 2306 2987 2391 post
3016 2330 3216 2392 septem

1690 2412 2052 2467 hebdomadas
2080 2422 2132 2467 et
2194 2412 2467 2482 sexaginta
2499 2412 2633 2467 duas
2673 2412 2866 2482 peribit
2914 2420 3131 2476 unctus,
3163 2421 3218 2467 et

1691 2516 1797 2556 non
1842 2511 1925 2556 est
1959 2501 2028 2555 ei.
2069 2520 2088 2553 ι
2140 2497 2492 2571 Symmachus
2544 2509 2719 2556 autem
2754 2502 2872 2556 sic:
2909 2519 2930 2553 ι
2987 2500 3053 2555 Et
3097 2514 3217 2572 post

1692 2589 2048 2644 hebdomadas
2093 2597 2295 2658 septem
2341 2599 2394 2644 et
2434 2591 2707 2660 sexaginta
2769 2589 2903 2645 duas
2945 2591 3216 2649 excidetur

1689 2674 1954 2741 Christus,
1989 2682 2043 2730 et
2071 2691 2177 2730 non
2201 2677 2370 2731 aderit
2418 2678 2488 2732 ei.
2536 2695 2557 2729 ι
2579 2676 2655 2731 Ex
2680 2692 2789 2747 quo
2815 2677 3047 2733 maxime
3087 2680 3217 2734 mihi

1688 2773 1939 2821 constare
1960 2764 2191 2831 videtur,
2218 2764 2491 2819 Christum
2520 2764 2711 2820 ducem
2743 2780 2865 2823 esse
2884 2780 3032 2829 eum,
3057 2781 3215 2835 quem

1688 2857 1955 2925 expositio
1993 2863 2180 2910 nostra
2203 2855 2517 2911 declaravit.
2541 2855 2672 2912 Post
2691 2864 2792 2912 'eas
2821 2856 2985 2928 igitur
3005 2856 3073 2915 de
3095 2859 3215 2926 qui-

1688 2945 1791 3001 bus
1822 2946 2057 3000 diximus
2078 2945 2371 3014 completas
2386 2944 2769 3009 hebdomadas,
2803 2962 2827 2998 ι
2855 2946 3050 3014 peribit
3069 2946 3199 3006 Chri

1690 3042 1824 3097 stus,
1866 3055 1887 3088 s
1918 3037 2112 3106 inquit.
2156 3035 2259 3091 Sed
2296 3035 2416 3105 quis
2450 3035 2664 3090 tandem
2692 3035 2782 3089 hic
2802 3032 3073 3101 Christus,
3111 3038 3215 3093 uisi

1688 3123 1794 3176 dux
1826 3125 1918 3192 qui
1945 3125 2176 3194 legitime
2203 3110 2493 3178 succedens
2508 3138 2570 3177 ex
2592 3124 2861 3192 pontificio
2876 3140 3087 3194 genere,
3108 3142 3216 3181 suas

1688 3213 1827 3281 genti
1854 3213 2140 3281 praeesset?
2159 3212 2353 3267 Mansit
2375 3212 2539 3281 igitur
2569 3212 2658 3266 hic
2684 3212 2951 3277 Christus,
2977 3215 3215 3283 quandiu

1690 3303 2046 3357 hebdomades
2085 3303 2190 3356 illa:
2234 3301 2594 3367 duraverunt;
2639 3302 2731 3356 ubi
2774 3310 2952 3357 autem
3002 3304 3215 3358 illarum

1689 3392 1810 3448 llnis
1830 3392 2059 3456 advenit,
2089 3392 2302 3447 excisus
2332 3398 2434 3451 est.
2461 3391 2552 3459 qui
2582 3390 2648 3444 de
2672 3390 2885 3459 generis
2916 3392 3213 3448 successio-

1688 3496 1757 3536 ne
1807 3479 1948 3548 genti
1976 3487 2245 3547 praeesset.
2266 3477 2433 3532 Porro
2468 3477 2559 3530 hic
2600 3476 2700 3531 fuit
2730 3476 3028 3547 Hyrcanus,
3055 3494 3212 3541 quem

1689 3584 1808 3624 cum
1838 3567 2075 3622 Herodes
2121 3566 2504 3629 interfecisset,
2542 3580 2761 3635 regnum
2800 3567 3043 3636 protinus
3071 3569 3213 3636 quod

1688 3658 1756 3713 ad
1785 3658 1959 3727 ipsum
1991 3656 2123 3710 nihil
2160 3655 2454 3725 spectabat,
2477 3655 2724 3724 arripuit,
2758 3654 3068 3723 primusque
3098 3656 3214 3724 ipse

1690 3745 1898 3818 praefuit
1917 3758 1982 3799 ex
2009 3743 2182 3800 alieno
2217 3758 2429 3815 genere.
2477 3744 2738 3800 Caeterum
2763 3758 2868 3799 non
2901 3746 3051 3800 solus
3077 3744 3214 3817 Hyr-

1689 3852 1878 3898 canus.
1907 3835 1999 3904 qui
2035 3835 2280 3889 Christus
2313 3841 2449 3901 erat,
2478 3844 2532 3890 et
2558 3836 2856 3905 priscorum
2902 3835 3214 3905 pontificum

1689 3925 2035 3987 novissimus,
2065 3925 2280 3979 excisus
2327 3933 2428 3987 est,
2454 3924 2548 3980 sed
2573 3926 2733 3980 etiam
2758 3941 2822 3980 ea
2841 3941 2959 3994 qua:
2991 3926 3151 3982 altius
3183 3945 3216 3983 a

1690 4015 1981 4085 majoribus
2001 4014 2265 4083 longeque
2296 4015 2665 4085 superioribus
2695 4017 3040 4085 pontiﬁcibus
3062 4032 3215 4087 repe-

1692 4106 1787 4159 tita
1854 4104 2026 4160 fuerat
2072 4105 2368 4169 successio,
2428 4105 2648 4175 ipsaque
2700 4106 2937 4175 legitima
2983 4108 3213 4163 unctio:

1690 4195 1887 4264 quippe
1931 4208 2049 4264 quae
2076 4210 2184 4248 non
2216 4195 2355 4248 ultra
2380 4210 2444 4250 ex
2472 4193 2678 4263 judicio
2710 4193 2849 4249 facta
2887 4197 2977 4258 sit,
3007 4196 3101 4249 sed
3134 4198 3217 4250 iu-

1688 4283 1932 4338 ordinate
1955 4291 2009 4338 et
2031 4283 2273 4347 confuse,
2307 4297 2413 4337 non
2460 4283 2752 4338 secundum
2774 4297 2859 4343 ea.
2884 4299 3003 4354 qua:
3040 4283 3216 4341 Moses

1691 4374 1745 4428 in
1776 4375 1892 4428 suis
1921 4374 2128 4443 legibus
2156 4383 2425 4439 sanxerat,
2453 4383 2951 4444 concurreruntque
2970 4376 3025 4429 in
3051 4392 3216 4430 unum

77 4463 216 4517 ὲκτοῦ
251 4467 632 4539 Ἀσαμωναίου
652 4465 843 4533 γένους
897 4458 1058 4529 (οὗτοι
1080 4462 1136 4514 δὲ
1164 4457 1299 4530 ἦσαν
1325 4460 1372 4512 οἱ
1402 4459 1593 4512 καλού-

1694 4465 1891 4527 omnia,
1916 4463 2357 4533 quemadmodum
2413 4464 2691 4533 praphetia
2739 4466 3077 4532 praedixerat,
3109 4467 3219 4520 illis

75 4568 194 4619 μενοι
248 4553 681 4624 Μακκαϐαἰοι),
733 4552 1044 4620 καθίστησιν
1097 4551 1406 4621 ἀρχιερεῖς,
1457 4548 1592 4601 ἀλλά

1690 4554 1908 4609 verbis:
1948 4570 1966 4603 ι
2004 4552 2206 4607 Peribit
2230 4552 2433 4615 unctio,
2464 4561 2519 4607 et
2554 4552 2817 4622 judicium
2870 4569 2979 4610 non
3024 4562 3107 4609 est
3162 4555 3217 4609 iu

73 4654 192 4703 τινας
218 4645 456 4714 ἀσήμους
489 4647 591 4697 καὶ
632 4641 789 4710 μόνον
829 4637 890 4701 ἑξ
937 4636 1193 4706 Ἐϐραίων
1232 4635 1385 4697 ὄντας
1406 4674 1421 4698 ,
1455 4635 1590 4705 πλὴν

1690 4658 1768 4701 ea.
1805 4661 1822 4693 ι
1850 4642 2022 4709 Atque
2047 4643 2280 4710 Optimus
2299 4641 2522 4709 hujusce
2543 4643 2620 4696 rei
2650 4641 2805 4696 testis
2830 4651 2914 4697 est
2926 4642 3218 4698 Hebraicus

71 4728 165 4793 ἕνδῖ
198 4733 635 4804 Ἀριστοϐούλου,
666 4731 725 4784 ὃν
777 4726 1036 4800 ’Υρκανοῦ
1073 4727 1184 4779 υἱὸν
1215 4726 1363 4789 ὄντα,
1422 4742 1590 4779 κατα-

1690 4743 1869 4789 auctor
1901 4731 2186 4801 Iosephus,
2234 4734 2323 4801 qui
2353 4733 2406 4786 in
2435 4748 2565 4787 xvut
2594 4730 2832 4786 Iudaica:
2879 4733 3216 4801 Antiquitatis

74 4821 398 4893 στήσαςάρχιε
405 4824 531 4895 ρέα,
552 4824 626 4892 τῇ
647 4820 848 4888 ἀδελφῇ
859 4815 1022 4870 αὐτοῦ
1048 4815 1319 4885 συνῴκησε
1337 4815 1589 4885 Μαριάμ-

1690 4824 1844 4886 libro,
1875 4837 1994 4890 quae
2023 4823 2092 4875 ad
2114 4823 2204 4875 illa
2238 4831 2476 4892 tempora
2498 4823 2790 4890 pertinent,
2824 4823 2880 4876 in
2921 4824 3065 4877 hunc
3105 4837 3219 4877 mo-

76 4920 158 4976 μη,
181 4910 269 4981 τὴν
292 4911 384 4965 τοῦ
417 4910 668 4981 πλήθους
697 4907 831 4978 πρὸς
859 4907 1015 4961 αὐτὸν
1045 4905 1348 4975 θηρώμενος
1387 4903 1588 4956 εὖνοιαν

1691 4910 1816 4966 dum
1843 4909 2087 4977 exponit:
2109 4927 2127 4959 ι
2150 4908 2387 4965 Herodes
2410 4909 2771 4975 autem,regui
2801 4909 3222 4966 administratio-

72 4992 143 5048 διὰ
165 4998 251 5069 τὴν
287 4998 562 5070 Ὑρκανοῦ
600 4998 836 5069 μνήμην.
869 4992 998 5048 Εἶτα
1025 4992 1204 5056 δεδιὼς
1237 4994 1310 5063 μὴ
1342 4992 1473 5063 πρὸς
1500 4993 1588 5045 τὸν

1690 5017 1759 5055 ne
1784 5016 1813 5053 a
1857 4998 2112 5054 Romanis
2139 5012 2377 5069 accepta,
2405 4999 2577 5053 nullos
2620 4996 2850 5062 amplius
2893 5013 2960 5053 ex
2992 4997 3219 5055 Asamo-

84 5082 448 5155 Ἀριστόϐουλον
482 5089 691 5148 πάντες
720 5087 1094 5150 ἀποκλίνωσιν,
1114 5085 1316 5138 ἀνεῖλεν
1348 5085 1505 5137 αὐτὸν
1531 5087 1588 5138 ἑν

1690 5104 1806 5145 meo
1837 5103 2029 5157 genere
2056 5086 2132 5157 (hi
2172 5096 2350 5142 autem
2395 5093 2548 5143 erant
2574 5084 2662 5152 qui
2696 5083 2991 5142 Machabzei
3026 5103 3223 5143 vocan-

1690 5179 1798 5249 tur)
1836 5176 2119 5246 pontiﬁces
2158 5177 2415 5240 declarat,
2445 5175 2539 5231 sed
2582 5173 2846 5242 ignobiles
2884 5179 3223 5249 quosdamet

1688 5270 1757 5323 ab
1785 5267 2022 5322 Hebraeis
2071 5266 2441 5321 tantummodo
2495 5264 2781 5326 oriundos,
2809 5274 3011 5334 praeter
3061 5282 3225 5325 unum

1686 5354 2075 5417 Aristobulum.
2106 5354 2199 5423 qui
2228 5352 2460 5423 Hyrcani
2516 5350 2661 5404 (ilius
2711 5349 2833 5406 fuit.
2889 5350 3048 5406 Hunc
3086 5354 3230 5408 enim

1688 5456 1809 5496 eum
1836 5441 2135 5510 pontificem
2169 5440 2520 5502 declarasset,
2554 5452 2798 5494 sororem
2833 5438 2960 5505 ejus
2988 5438 3235 5493 Mariam-

85 5172 277 5246 Ἰεριχοί,
295 5182 556 5250 πνιγῆναι
594 5177 1036 5248 μηχανησάμενος
1065 5175 1435 5245 κολυμϐῶντα,
1462 5174 1590 5227 καθ-

80 5259 135 5323 ὼς
191 5268 285 5339 ήδη
327 5270 738 5340 δεδηλώκαμεν.
792 5264 944 5319 Μετὰ
988 5263 1168 5316 τοῦτον
1214 5264 1312 5316 οὐκ
1355 5261 1435 5314 ἐτι
1479 5266 1587 5325 τοῖς

85 5347 281 5417 ὲκγόνοις
297 5358 402 5409 τῶν
446 5352 828 5424 Ἀσαμωναίου
852 5350 1053 5403 παίδων
1074 5349 1169 5419 τὴν
1189 5347 1585 5419 ἀρχιερωσύνην

85 5435 371 5499 luimus“.
413 5442 667 5513 Ἔπραξε
708 5440 765 5491 δὲ
800 5440 958 5508 ὃμοια
985 5437 1060 5507 τῷ
1101 5437 1308 5509 Ἡρώδῃ
1338 5436 1466 5505 περὶ
1491 5438 1585 5508 τῆς

93 5534 418 5596 καταστάσεως
463 5533 577 5586 τῶν
626 5527 944 5599 ἀρχιερέων,
990 5525 1264 5595 Ἀρχέλαός
1290 5540 1350 5576 τε
1396 5525 1424 5575 6
1464 5528 1584 5588 παῖς

1690 5546 1832 5584 mam
1862 5529 2015 5585 duxit
2044 5544 2284 5596 uxorem,
2337 5529 2542 5599 quippe
2575 5526 2675 5595 qui
2721 5526 3088 5581 multitudinis
3114 5539 3243 5586 erga

90 5616 237 5682 αὐτοῦ,
262 5623 349 5676 καὶ
374 5621 513 5691 μετά
543 5617 740 5673 τοῦτον
783 5616 1032 5681 Ῥωμαῖοι
1064 5615 1163 5683 τὴν
1188 5615 1293 5667 τῶν
1332 5612 1581 5668 Ἰουδαίων

1690 5619 1839 5673 illum
1866 5626 2104 5686 captaret
2124 5618 2586 5679 benevolentiam,
2619 5623 2839 5684 propter
2867 5612 3107 5683 Hyrcani
3138 5625 3249 5662 me-

102 5701 320 5769 βασιλείαν
359 5704 781 5780 παρειληφότες.
821 5720 839 5750 ι
878 5703 1041 5756 Πάλιν
1068 5704 1124 5756 ὲν
1185 5702 1383 5772 ἑτέροις
1418 5702 1574 5756 ταῦτα

1690 5706 1933 5761 moriam.
1956 5703 2117 5775 398
2137 5703 2332 5762 Deinde
2355 5704 2585 5760 veritus
2612 5715 2687 5755 ne
2717 5714 2904 5755 omnes
2947 5694 3015 5749 ad
3049 5693 3253 5745 Aristo-
