3740 6330
133 414 223 467 69.3

907 405 1538 472 DEMONSTRATIONIS
1573 413 2019 473 EVMGELICJE
2053 406 2178 467 LIB.
2204 405 2331 467 Vill.

3156 422 3259 477 (326

132 524 341 585 ᾶιιείνους
377 524 646 593 ἡγήσαντο
684 528 776 580 τοῦ
809 528 1007 591 ἔθνους,
1033 528 1125 580 σὺν
1160 519 1236 588 οἷς
1261 520 1352 576 καὶ
1392 519 1503 591 μεθ’
1538 518 1632 587 ὧν,

1736 535 1788 581 et
1818 534 2059 583 sanctum
2092 519 2362 589 disperdet
2389 539 2510 577 cum
2544 524 2678 580 duce
2701 535 2938 582 venturo.
2978 547 2994 578 ι
3031 527 3131 582 Ubi
3160 546 3256 599 ego

127 612 332 684 ὡσπερεὶ
367 617 645 683 συνεργοῖς
690 616 985 686 χρώμενος,
1016 620 1045 670 ὁ
1091 613 1367 686 μισὸκαλος
1412 611 1505 664 καὶ
1531 613 1635 665 τῶν

128 704 319 772 ἀγαθῶν
352 702 604 773 φθορεὺς,
630 706 727 758 καὶ
748 706 844 775 τὴν
873 706 1023 759 πόλιν
1045 706 1136 759 καὶ
1160 705 1220 758 τὸ
1249 704 1397 770 ἅγιον
1420 702 1633 770 διαφθε-

127 796 220 867 ρεῖν
256 794 479 863 είρηται.
526 793 639 845 Καὶ
679 794 789 865 γὰρ
824 795 1117 865 διέφθειρεν
1160 792 1367 864 ἀληθῶς
1393 791 1534 844 ἆπαν
1576 792 1636 846 τὸ

125 883 269 944 Em,
298 881 411 933 τοτὲ
453 881 551 949 μὲν
573 882 675 951 τὴν
697 884 797 953 τῆς
826 884 1116 955 ἱερωσύνης
1137 883 1283 947 τάξιν
1307 883 1384 944 είς
1407 897 1636 949 παρανο-

124 976 228 1045 μίαν
260 973 417 1041 ἄγων,
447 973 571 1026 τοτὲ
595 973 655 1026 δὲ
687 974 784 1028 τὸν
822 975 997 1027 πάντα
1022 974 1145 1028 λαὸν
1171 973 1517 1043 διαστρέφων,
1544 973 1635 1026 καὶ

120 1066 202 1135 τήν
221 1066 379 1125 πόλιν,
410 1064 555 1116 οὕτω
585 1065 700 1118 τῶν
743 1066 970 1120 πολιτῶν
1021 1063 1391 1135 μεταφορικῶς
1428 1063 1636 1133 ὼνομα⁶

118 1156 318 1227 σμίνων,
339 1156 417 1217 είς
442 1154 703 1208 ἀσέϐειαν
738 1155 1365 1225 ἑκκαλούμενος.Συνᾲδει
1396 1154 1451 1205 δὲ
1478 1153 1633 1223 ἡμῶν

116 1249 169 1315 τῇ
207 1244 435 1297 ἀποδόσει
473 1244 572 1296 καὶ
613 1245 644 1294 ό
692 1245 921 1307 ’Δκύλας
961 1244 1142 1297 τοῦτον
1184 1243 1517 1314 ἑρμηνεύσας
1544 1244 1633 1295 τὸν

116 1330 299 1401 τρόπον·
338 1347 355 1379 ι
391 1329 497 1382 Καὶ
518 1330 621 1401 τὴν
637 1332 798 1385 πόλιν
836 1331 1007 1385 καὶτὸ
1038 1332 1187 1399 ἀγιον
1218 1331 1489 1400 διαφθερεῖ
1510 1328 1633 1392 λαὸς

114 1420 375 1489 ἡγουμένου
417 1421 747 1489 ἀρχομένου.
790 1440 809 1473 ι
845 1422 919 1474 Ού
948 1421 1102 1491 μόνον
1131 1421 1237 1491 γάρ
1262 1422 1290 1471 ὁ
1324 1422 1630 1491 ἐρχόμενος,

113 1509 272 1564 ama
296 1507 363 1570 τὰ
383 1508 762 1580 ἀποδεδομένα
802 1513 931 1581 ήμῖν
969 1510 1220 1580 δηλωθεὶς
1243 1510 1503 1579 διέφθειρε
1534 1508 1630 1579 τήν

116 1599 238 1652 πόλιν
273 1599 442 1651 καὶτὸ
472 1598 657 1665 ἄτιον.
685 1600 824 1652 ἀλλά
853 1601 945 1654 καὶ
965 1602 992 1653 ό
1019 1599 1204 1652 τούτου
1232 1600 1374 1663 λαός.
1400 1600 1554 1652 Εἴποι
1584 1600 1628 1652 δ’

113 1689 165 1742 ἀν
195 1703 268 1750 τις
304 1687 401 1740 οὐκ
425 1686 540 1740 ἀπὸ
582 1688 796 1741 σκοποῦ
842 1689 935 1741 καὶ
968 1689 1056 1741 τὸν
1093 1688 1367 1759 Ῥωμαίων
1393 1688 1629 1759 ἡγεμόνα

114 1778 181 1838 Cui
203 1779 298 1835 τῶν
322 1778 704 1848 προκειμένων
732 1779 1039 1848 δηλοῦσθαι,
1061 1780 1151 1832 τόν
1177 1796 1236 1831 τε
1263 1778 1448 1832 τούτου
1468 1775 1625 1837 iam.

1737 632 1922 672 rursus
1956 624 2008 671 et
2045 615 2215 684 ipsum
2248 610 2510 667 Herodem
2530 651 2546 676 ,
2578 621 2631 668 et
2658 630 2750 670 eos
2800 618 2888 684 qui
2937 626 3054 686 post
3085 616 3254 672 Hero-

1734 708 1852 760 dem
1880 722 1941 762 ex
1972 706 2144 758 alieno
2170 719 2364 773 genere
2388 704 2780 771 imperaverint,
2804 717 2927 774 puto
2950 691 3254 779 iutelligen-
3354 726 3359 731 '

1733 798 1831 851 dos
1889 815 1905 851 :
1963 811 2084 850 nam
2138 793 2584 864 quemadmodum
2644 797 2889 862 superius
2944 799 3256 851 nominabat

1733 888 1974 942 (Ihristos
2003 886 2185 947 duces,
2219 899 2339 938 cum
2371 885 2425 939 in
2472 885 2576 939 illis
2605 886 2781 939 verbis
2809 887 3084 953 pontilices
3109 888 3254 943 dice-

1733 983 1862 1037 ret,c
1882 990 2048 1044 usque
2063 975 2129 1029 ad
2150 974 2419 1029 Christum
2438 975 2645 1038 ducem,
2673 993 2691 1027 ι
2711 977 2784 1029 ita
2802 983 2920 1043 post
2935 991 3047 1040 eos,
3063 987 3115 1031 et
3131 983 3254 1046 post

1730 1082 1914 1121 eorum
1974 1068 2392 1135 abrogationem,
2438 1082 2544 1121 non
2600 1068 2740 1122 alius
2785 1067 2945 1121 fuerit
2998 1070 3252 1123 rcuturus

1731 1174 1889 1226 quam
1925 1160 1971 1211 is
2003 1161 2093 1228 qui
2117 1160 2292 1215 dictus
2330 1167 2413 1215 est
2439 1175 2505 1214 ex
2532 1159 2706 1213 alieno
2732 1174 2944 1228 genere,
2973 1161 3252 1230 umerique

1730 1249 2031 1317 quicunque
2078 1257 2198 1317 post
2241 1250 2360 1303 illos
2410 1249 2850 1322 deinceps‘gcnti
2903 1249 3250 1317 przefuerunt.

1729 1336 1922 1404 quibus
1952 1345 2201 1405 tanquam
2233 1338 2565 1406 adjotoribus
2596 1345 2772 1400 utens,
2798 1351 2900 1390 una
2920 1352 3042 1391 cum
3066 1338 3251 1394 iisdem

1729 1427 1842 1496 ipse
1894 1428 2102 1484 honesti
2150 1429 2398 1484 inimicus
2442 1429 2809 1497 bonorumque
2856 1437 3157 1498 corruptor,
3199 1439 3253 1483 et

1727 1518 1990 1572 civitatem
2036 1526 2089 1573 et
2136 1528 2379 1573 sanctum
2424 1518 2729 1587 perditurus
2785 1517 2998 1571 dicitur.
3043 1517 3248 1572 Etenim

1727 1623 1848 1662 vere
1876 1608 2104 1677 perdidit
2150 1616 2313 1661 totam
2342 1617 2571 1678 gentem,
2605 1607 2762 1660 modo
2802 1607 3017 1675 quidem
3068 1623 3247 1662 sacer-

1726 1698 1857 1751 dotii
1889 1698 2127 1751 ordinem
2161 1706 2353 1767 praeter
2374 1700 2537 1767 legem
2561 1697 2902 1767 perturbans,
2936 1697 3094 1752 modo
3122 1712 3250 1753 vero

1727 1796 1976 1842 cunctum
2004 1789 2252 1858 populum
2275 1796 2601 1857 pervertens.
2619 1794 2673 1841 et
2692 1787 2956 1840 civitatem
2977 1784 3079 1856 (sic
3106 1787 3246 1842 enim

116 1869 167 1921 δι’
197 1862 251 1921 οὗ
273 1868 472 1937 νομίζω
501 1868 873 1938 σημαίνεσθαι
898 1869 966 1923 τὰ
989 1870 1314 1939 στρατόπεδα
1349 1867 1455 1920 τῶν
1498 1867 1628 1918 Ῥω-

1728 1877 1870 1931 cives
1916 1876 2138 1946 ﬁgurate
2176 1876 2540 1943 nominantur)
2564 1889 2795 1930 evocans
2822 1874 2885 1928 ad
2925 1876 3244 1944 impietatem

119 1960 258 2028 μαίων
280 1960 570 2029 ἀρχόντων.
588 1959 653 2022 ἑξ
681 1959 892 2012 ἑκείνου
916 1959 1294 2029 κρατησάντων
1312 1957 1404 2011 τοῦ
1420 1957 1620 2018 ἔθνους,

114 2045 337 2114 οἰκαὶτὴν
351 2044 499 2105 πολιν
526 2044 705 2115 αὐτὴν
723 2048 1090 2118 Ἰερουσαλὴμ,
1120 2049 1211 2100 καὶ
1239 2048 1327 2101 τὸν
1366 2046 1527 2099 πάλαι
1567 2048 1623 2098 ὲν

116 2139 224 2206 αὐτῇ
250 2139 431 2206 σεμνὸν
456 2137 555 2190 καὶ
576 2139 742 2205 ἆγιον
765 2137 907 2195 νεὼν.
923 2137 1246 2208 διέφθειραν.
1276 2134 1406 2187 ’Υπὺ
1428 2134 1624 2188 τούτων

115 2226 217 2292 γοῦν
257 2228 343 2285 καὶ
371 2226 718 2296 ἑξεκόπησαν
761 2227 836 2290 ὡς
876 2229 934 2283 ἑν
974 2223 1353 2294 κατακλυσμῷ,
1390 2224 1481 2277 καὶ
1524 2223 1624 2285 ἕως

116 2317 264 2380 τέλους
288 2317 516 2387 πολέμου
552 2318 997 2389 συντετμημένου
1020 2317 1337 2386 ἀφανισμοῖς
1366 2314 1620 2383 ἔφθασαν,

116 2407 226 2460 ὥστε
247 2408 360 2478 ήδη,
382 2408 520 2461 κατά
545 2409 647 2479 τὴν
694 2408 1047 2479 προφητείαν,
1084 2407 1313 2476 παντελῆ
1343 2407 1624 2474 ὑπομεῖναι

117 2501 306 2568 ἐρημίαν
340 2500 476 2554 κατά
514 2499 615 2570 τὴν
656 2499 802 2552 κατά
832 2498 924 2550 τοῦ
965 2497 1207 2567 Σωτῆρος
1232 2495 1384 2566 ήμῶν
1415 2494 1624 2547 ἐπιϐου-

118 2588 192 2655 λῆν
210 2589 390 2650 αὐτῶν,
414 2588 532 2659 μεθ’
568 2589 638 2657 ήν
674 2587 774 2640 καὶ
807 2588 915 2657 τὴν.
941 2585 1169 2654 ἑσχάτην
1203 2584 1492 2656 ὑπέμειναν
1528 2599 1622 2635 πο·-

118 2675 332 2746 λιορκίαν.
370 2679 553 2747 Ἔχεις
582 2678 683 2730 καὶ
717 2677 886 2729 ταῦτα
913 2674 1151 2746 ἀκριϐῶς
1179 2676 1234 2725 ἐν
1260 2676 1375 2735 ταῖς
1401 2672 1623 2741 γραφεί-

121 2783 213 2829 σαις
247 2767 380 2836 αύτῷ
417 2768 667 2837 Ἰωσήπῳ
717 2766 987 2836 ἱστορίαις.
1020 2763 1229 2817 Τούτων
1257 2763 1313 2816 δὲ
1355 2762 1480 2833 περ)⁵
1517 2761 1622 2813 τῶν

122 2856 492 2927 συμϐεϐηκότων
541 2857 624 2926 τῷ
690 2854 960 2909 Ἰουδαίων
1006 2853 1144 2906 ἔθνει
1189 2856 1246 2905 ἑν
1294 2852 1370 2922 τῷ
1422 2851 1619 2921 μεταξὺ

120 2946 259 3015 χρόνῳ
284 2947 382 2999 τῶν
410 2946 547 2999 ἑπτὰ
586 2946 687 3001 καὶ
732 2943 992 3014 ἑξήκοντα
1030 2942 1121 2995 δύο
1154 2942 1451 3012 ἑϐδομάδων
1492 2957 1621 3009 προ-

122 3040 515 3111 τεφητευμίνων,
556 3037 873 3098 ἀκολούθως
912 3038 946 3105 ή
997 3035 1221 3105 δήλωσις
1258 3033 1353 3102 τῆς
1399 3033 1500 3085 ὑπὸ
1527 3030 1618 3084 τοῦ

123 3128 325 3198 Σωτῆρος
345 3128 493 3198 ήμῶν
514 3123 983 3193 καταγγελθείσης
1017 3122 1205 3190 καινῆς
1232 3120 1498 3227 Διαθήκης
1531 3119 1617 3221 θε-
1645 3169 1688 3227 C

124 3216 342 3279 στίζεται.
372 3217 652 3271 Τοσούτων
690 3215 820 3283 γοῦν
843 3213 930 3266 διὰ
958 3212 1117 3282 μέσου
1145 3212 1238 3264 καὶ
1280 3209 1476 3280 μεταξὺ
1513 3208 1618 3261 τῶν

123 3308 231 3361 ma
252 3311 335 3362 καὶ
357 3310 615 3381 ἑῇκοντα
639 3307 737 3360 δύο
767 3305 1070 3374 ἑϐδομάδων
1104 3305 1220 3373 είρη
1229 3303 1418 3371 μένων,
1443 3299 1621 3352 ἐπιλέ-

123 3414 263 3463 τεται·
295 3418 312 3451 ι
343 3400 446 3453 Καὶ
489 3395 803 3467 δυναμὼσει
842 3394 1110 3461 Διαθήκην
1144 3391 1354 3452 πολλοῖς
1394 3387 1619 3458 ἑϐδομὰς

124 3489 215 3554 μία,
233 3491 315 3541 καὶ
340 3493 393 3542 ἑν
413 3489 489 3558 τῷ
511 3488 705 3557 ἡμίσει
727 3486 823 3553 τῆς
845 3482 1128 3551 ἑϐδομάδος
1155 3480 1444 3551 ἀρθήσεται
1466 3478 1619 3532 θυσία

122 3577 193 3628 καί
216 3578 411 3645 σπονδὴ,
446 3579 541 3631 καὶ
573 3576 670 3629 ἐπὶ
714 3574 774 3626 τὸ
809 3573 949 3642 ἱερὸν
979 3570 1245 3640 βδέλυγμα
1273 3570 1380 3621 τῶν
1406 3568 1619 3639 ἐρημώ-

122 3681 227 3717 σεων
248 3668 402 3729 ἔσται,
437 3668 532 3720 καὶ
563 3666 675 3727 ἑως
705 3662 1008 3723 συντελείας
1036 3658 1224 3729 καιροῦ
1259 3658 1527 3711 συντέλεια
1545 3658 1622 3710 δο-

122 3754 300 3823 θήσεται
340 3758 430 3810 ἑπὶ
471 3757 573 3826 τὴν
622 3754 918 3824 ἐρήμωσιν.
960 3772 979 3803 ι
1026 3750 1156 3803 Τίνα
1194 3750 1249 3802 δὲ
1287 3749 1484 3820 τρόπον
1530 3751 1621 3803 καὶ

118 3843 249 3896 ταῦτα
293 3846 591 3918 ἐπληροῦτο
640 3842 1078 3909 κατανοήσωμεν.
1138 3839 1440 3907 Ἰστορεῖται
1489 3838 1544 3891 δὲ
1592 3839 1620 3890 ὁ

121 3933 200 3994 πᾶς
218 3934 304 4003 τῆς
323 3935 668 3996 διδασκαλίας
691 3932 782 3984 καὶ
797 3927 1239 3999 παραδοξοποιίας
1253 3928 1385 3997 ὁμοῦ
1412 3926 1502 3982 τοῦ
1516 3929 1624 3981 Σω-

117 4018 247 4088 τῆρος
269 4026 413 4093 ήμῶν
439 4024 634 4094 χρόνος
673 4020 839 4091 τριῶν
863 4019 1030 4088 ἣμισυ
1057 4016 1288 4083 γεγονὼς
1312 4016 1465 4080 ἑτῶν,
1487 4018 1619 4086 ὅπερ

119 4110 232 4163 tactv
294 4114 579 4184 ἑϐδομάδος
636 4112 826 4181 ἥμισυ.
886 4107 1053 4160 Τοῦτό
1110 4125 1227 4169 πως
1286 4107 1530 4174 Ἰωάννης
1592 4108 1621 4158 ό

115 4199 450 4273 ιύαγγελιστὴς
491 4200 741 4271 ἀκριϐῶς
783 4200 1062 4267 ἐφιστᾶσιν
1084 4198 1244 4250 αὑτοῦ
1268 4198 1346 4267 τῷ
1380 4198 1618 4264 Εύᾳγγε-

116 4287 191 4356 λίῳ
210 4295 546 4363 παραστήσει.
576 4290 679 4358 Εῖη
706 4290 773 4344 ἂν
798 4285 891 4342 οὖν
914 4288 1144 4357 ἑϐδομὰς
1173 4288 1303 4340 ἑτῶν
1339 4286 1432 4356 μία
1460 4289 1487 4338 ό
1514 4288 1618 4348 πᾶς

115 4378 264 4446 χρόνος
280 4382 375 4451 τῆς
400 4382 539 4452 μετὰ
573 4380 682 4434 τῶν
706 4377 1013 4433 ἀποστόλων
1036 4377 1198 4430 αὑτοῦ
1228 4377 1612 4447 συνδιατριϐῆς,

1721 1974 1776 2022 et
1799 1967 1984 2033 nefas;
2019 1967 2143 2021 huic
2169 1974 2344 2021 autem
2372 1964 2804 2020 commentatioui
2829 1972 3024 2021 nostra:
3056 1965 3245 2033 Aquila

1723 2071 1934 2125 quoque
1979 2056 2290 2119 concordat,
2335 2057 2425 2125 qui
2458 2056 2836 2125 interpretatus
2875 2062 2958 2109 est
3006 2055 3061 2107 in
3103 2054 3246 2111 hunc

1722 2144 1972 2198 modum:
2007 2163 2025 2195 ε
2063 2144 2128 2198 Ει
2154 2146 2421 2200 civitatem
2446 2153 2498 2198 et
2519 2153 2764 2199 sanctum
2788 2144 3057 2213 disperdet
3077 2158 3244 2212 popu-

1723 2233 1807 2299 lus
1833 2234 1986 2289 ducis
2007 2235 2238 2289 venturi.
2283 2252 2301 2285 ι
2336 2232 2450 2288 Νοη
2492 2234 2662 2287 solum
2702 2234 2842 2288 enim
2870 2233 2958 2301 qui
2989 2243 3242 2287 venturus

1722 2322 1823 2377 fuit
1848 2324 1978 2383 dux.
2010 2338 2166 2392 quem
2204 2338 2303 2378 nos
2340 2323 2616 2392 superiore
2640 2323 2971 2391 expositione
3002 2320 3242 2391 prodidi-

1722 2428 1862 2474 mus,
1884 2413 2121 2480 corrupit
2138 2412 2408 2467 civitatem
2431 2420 2483 2467 et
2507 2420 2773 2475 sanctum,
2795 2413 2887 2467 sed
2909 2412 3068 2466 etiam
3099 2411 3241 2466 illius

1721 2503 1947 2571 populus
1980 2522 1995 2558 :
2031 2510 2285 2571 praeterea
2313 2518 2419 2557 non
2466 2502 2692 2557 forsitan
2733 2502 2996 2572 quispiam
3025 2518 3056 2554 a
3094 2509 3242 2556 recto

1721 2590 2045 2644 aberraverit
2075 2590 2122 2644 si
2150 2590 2385 2654 dixerit,
2409 2591 2568 2644 etiam
2598 2589 2894 2644 Romanum
2925 2590 3111 2644 ducem
3146 2589 3241 2644 iis-

1719 2679 1837 2733 dem
1874 2679 2049 2733 verbis
2080 2680 2367 2748 designari,
2397 2679 2619 2748 ejusque
2648 2680 2802 2734 ducis
2837 2679 3111 2750 populum.
3140 2676 3242 2734 Per

1718 2784 1836 2836 qum
1861 2770 2092 2823 arbitror
2112 2769 2399 2839 signiﬁcari
2425 2770 2694 2824 exercitus
2719 2768 3078 2835 Romanorum
3102 2768 3244 2838 prin-

1719 2860 1914 2927 cipum,
1957 2859 2047 2928 qui
2080 2874 2143 2914 ex
2191 2844 2283 2913 illo
2331 2866 2569 2928 tempore
2615 2858 2789 2929 gentis
2831 2859 3110 2928 imperium
3158 2867 3241 2912 te-

1715 2965 1901 3010 nuere.
1932 2951 2129 3020 quique
2159 2950 2426 3006 civitatem
2458 2951 2628 3020 ipsam
2671 2948 2989 3013 Jerusalem,
3019 2957 3073 3004 et
3099 2949 3151 3004 iu
3178 2964 3243 3004 ea

1715 3038 1982 3109 quondam
2014 3024 2315 3093 venerabile
2347 3046 2400 3093 et
2422 3048 2664 3093 sanctum
2704 3039 2956 3108 templum
2989 3053 3242 3107 corrupe—

1717 3138 1861 3185 runt.
1910 3129 2180 3199 Siquidem
2210 3130 2277 3183 ab
2319 3130 2384 3184 iis
2408 3130 2566 3186 etiam
2611 3130 2779 3185 excisi
2808 3138 2934 3184 sunt
2987 3137 3244 3199 tanquam

1717 3218 1773 3271 in
1805 3218 2027 3281 diluvio,
2056 3226 2110 3273 et
2156 3234 2326 3287 usque
2351 3218 2417 3272 ad
2446 3217 2599 3272 linem
2630 3218 2751 3271 belli
2787 3217 2842 3270 in
2867 3218 3238 3285 compendium

1717 3307 1822 3360 acti
1855 3307 2135 3361 itineribus
2155 3321 2442 3375 pervenere
2463 3344 2479 3368 ,
2509 3321 2679 3373 usque
2706 3304 2838 3359 adeo
2873 3312 2952 3368 ut,
2986 3307 3241 3375 quemad-

1717 3395 1931 3448 modum
1959 3395 2234 3463 prophetia
2256 3394 2486 3456 dixerat,
2507 3399 2799 3447 extremam
2823 3401 2935 3446 tum
2960 3392 3103 3460 passi
3133 3392 3242 3446 sint

1717 3485 2075 3549 solitudinem,
2138 3491 2255 3553 post
2305 3483 2537 3551 ipsorum
2580 3480 2814 3536 nefarias
2857 3480 3017 3551 500
3056 3488 3239 3534 contra

1719 3573 2042 3628 Salvatorem
2106 3580 2346 3627 nostrqu
2386 3572 2638 3636 insidias;
2697 3584 2820 3624 nam
2862 3577 3142 3637 postquam
3186 3568 3237 3622 id

1720 3664 1889 3716 moliti
1948 3672 2093 3728 sunt,
2137 3672 2427 3717 extremam
2448 3676 2576 3716 sane
2599 3660 2929 3715 obsidionem
2955 3659 3237 3729 pertulere.

1718 3752 1838 3807 llaec
1865 3767 2076 3821 quoque
2110 3753 2222 3821 ipsa
2248 3752 2571 3807 adamussim
2601 3752 2873 3820 explorata
2901 3748 3065 3805 habes
3090 3748 3144 3803 in
3174 3748 3241 3802 iis

1716 3855 1849 3908 quas
1866 3839 2133 3907 Iosephus
2161 3840 2378 3908 scripsit
2403 3838 2660 3893 historiis.
2688 3839 2948 3893 Caeterum
2978 3851 3100 3891 cum
3129 3836 3242 3891 hanc

1714 3929 1781 3983 de
1804 3929 1871 3984 iis
1901 3946 2019 3997 quae
2049 3931 2365 3984 intermedio
2385 3945 2455 3983 vu
2476 3937 2530 3983 et
2557 3945 2666 3983 un
2693 3927 3080 3983 bebdomadum
3104 3932 3243 3980 tem-

1714 4034 1842 4087 pore
1881 4016 2115 4074 Iudaica:
2167 4021 2311 4090 genti
2363 4019 2710 4080 acciderunt,
2768 4034 2862 4088 per
2908 4018 3239 4088 prophetiam

1715 4111 1966 4179 przcdicta
1987 4112 2116 4173 sint,
2143 4110 2330 4164 ordine
2349 4110 2602 4179 deinceps
2624 4108 2755 4163 Novi
2785 4123 2879 4178 per
2910 4109 3239 4164 Salvatorem

1716 4209 1958 4252 nostrum
1997 4198 2348 4254 denuntiandi
2380 4198 2705 4254 Testamenti
2740 4199 3060 4268 signiﬁcatio
3086 4198 3239 4254 cani-

1714 4294 1819 4341 tur.
1850 4286 1990 4357 Ergo
2019 4289 2111 4342 ubi
2154 4298 2257 4341 tum
2295 4289 2460 4343 multa
2506 4289 2561 4342 in
2601 4289 2775 4343 medio
2797 4290 2935 4343 inter
2960 4296 3161 4358 septem
3186 4297 3240 4342 et

1715 4377 1988 4447 sexaginta
2018 4378 2152 4434 duas
2186 4378 2546 4434 hebdomadas
2570 4380 2712 4434 dicta
2736 4387 2883 4443 sunt,
2910 4386 3022 4432 tum
3051 4377 3240 4446 adjun-

114 4466 201 4519 δτε
221 4472 312 4539 πρὸ
347 4472 440 4525 τοῦ
477 4470 687 4532 πάθους
708 4469 801 4522 καί⁸
823 4470 852 4520 ό
879 4466 1016 4537 μετά
1041 4468 1140 4535 τήν
1167 4468 1229 4519 ὲκ
1252 4466 1454 4537 νεκρῶν
1487 4467 1613 4519 ἀνά-

1719 4469 1855 4536 gitur
1885 4488 1899 4523 :
1933 4489 1951 4520 ε
1994 4468 2057 4522 Et
2083 4469 2421 4524 conﬁrmabit
2458 4479 2671 4540 pactum
2702 4470 2885 4526 multis
2912 4470 3239 4524 bebdomada

117 4570 265 4611 στασιν
304 4561 484 4614 αὐτοῦ.
523 4561 642 4631 Πρὸ
668 4560 765 4629 μὲν
788 4559 895 4629 γὰρ
919 4557 1012 4610 τοῦ
1040 4556 1238 4618 πάθους
1260 4557 1351 4611 ἐπὶ
1371 4557 1495 4627 τρία
1524 4559 1615 4611 καὶ

113 4643 248 4710 ἥμισυ
281 4649 369 4719 ἑτη
405 4653 521 4712 τοῖς
559 4651 727 4703 πᾶσιν
765 4649 953 4703 ἑαυτὸν
991 4647 1240 4718 παρέχων
1273 4647 1529 4716 μαθηταῖς
1554 4666 1614 4702 τε

114 4732 301 4798 καὶτοῖς
328 4737 400 4807 μή
424 4738 687 4802 τοιούτοις
707 4739 1131 4808 ἀναγέγραπταν
1160 4737 1277 4789 καθ’
1301 4739 1358 4791 ὃν
1377 4738 1615 4792 διδασκα-

113 4819 224 4885 λίαις
254 4830 565 4898 παραδόξοις
597 4847 656 4882 τε
698 4829 1030 4899 θεραπείαις,
1054 4831 1152 4898 τῆς
1179 4829 1423 4897 θεότητος
1454 4831 1612 4883 αὑτοῦ

115 4910 191 4974 τὰς
214 4915 449 4988 δυνάμεις
476 4923 642 4974 πᾶσιν
677 4920 866 4983 ἁπλῶς
892 4920 1110 4990 Ἕλλησί
1134 4937 1194 4972 τε
1223 4920 1314 4972 καὶ⁷
1350 4921 1615 4984 Ἰουδαίοις

121 5004 389 5073 παρείχετο·
420 5010 561 5078 μετὰ
605 5010 662 5063 δὲ
702 5008 801 5081 τὴν
832 5010 897 5065 ὲκ
941 5009 1147 5079 νεκρῶν
1194 5008 1481 5060 ἀνάστασιν
1522 5010 1612 5062 τὸν

122 5087 227 5154 ἴσον,
251 5096 316 5158 ὡς
340 5100 503 5162 είκὺς,
526 5099 633 5153 τῶν
656 5100 797 5161 ἑτῶν
814 5099 998 5168 χρόνον
1016 5102 1127 5160 τοῖς
1142 5096 1332 5149 ἑαυτοῦ
1355 5097 1611 5166 μαθηταῖς

127 5180 197 5231 καὶ
216 5184 711 5256 ἀποστόλοιςυυνῆν,
726 5188 791 5239 δι’
811 5188 1023 5257 ήμερῶν
1037 5186 1431 5254 τεσσαράκοντα
1446 5189 1611 5241 ὀπτα-

127 5265 300 5335 ἥμενος
311 5277 504 5340 αὐτοῖς,
523 5278 617 5329 καὶ
640 5276 919 5339 συναυλιζό
926 5276 1196 5345 μενος,καὶ
1209 5272 1380 5338 λέγων
1403 5275 1467 5328 τά
1481 5281 1607 5347 περὶ

134 5355 205 5422 τῆς
221 5359 464 5429 βασιλείας
480 5365 575 5419 τοῦ
597 5364 761 5427 Θεοῦ,
777 5366 850 5427 ὡς
873 5366 1000 5432 γοῦν
1020 5366 1072 5415 αἱ
1095 5361 1322 5431 [πράξεις
1346 5364 1446 5418 τῶν
1472 5368 1604 5421 ἀπο-

136 5445 284 5499 στόλων
308 5454 634 5522 περιέχουσιν
650 5470 666 5484 ⁵
697 5452 773 5513 ὼς
798 5447 930 5504 εἶναι
953 5451 1146 5517 ταύτην
1165 5448 1259 5517 τὴν
1281 5450 1599 5526 δηλουμένην

144 5532 211 5599 τῆς
234 5544 531 5610 προφητείας
564 5541 681 5593 τῶν
723 5540 853 5592 ἑτῶν
893 5539 1167 5608 ἑϐδομάδα,
1193 5540 1311 5589 καθ’
1340 5540 1400 5609 ἢν
1426 5544 1593 5597 ἐνεδυ-

138 5621 301 5687 viuum
323 5630 580 5703 Διαθήκην
610 5628 847 5690 πολλοῖς,
874 5629 965 5697 τὴν
989 5626 1166 5695 καινὴν
1193 5625 1379 5700 δηλαδή
1403 5633 1588 5704 Διαθή-

149 5715 310 5774 κξντοῦ
342 5714 683 5786 εὐαγγελικοῦ
722 5715 1052 5783 κηρύγματος
1078 5711 1355 5782 κρατύνων.
1383 5720 1482 5773 Τίσι
1516 5722 1578 5775 δὲ

1714 4575 1840 4619 una,
1869 4566 1922 4612 et
1951 4559 2004 4612 in
2032 4559 2208 4613 medio
2237 4558 2586 4614 hebdomadis
2613 4558 2886 4614 auferetur
2915 4558 3238 4613 sacriﬁcium

1711 4657 1765 4702 et
1793 4647 1993 4710 libatio,
2039 4647 2173 4701 etin
2220 4648 2420 4715 templo
2472 4649 2799 4703 abominatio
2855 4646 3238 4702 desolationum

1711 4737 1830 4799 erit,
1860 4743 1913 4788 et
1950 4750 2121 4796 usque
2169 4735 2236 4789 ad
2280 4737 2791 4790 consummationem
2824 4734 3081 4804 temporis
3109 4749 3241 4789 con-

1710 4822 1992 4880 summatio
2015 4823 2227 4878 dabitur
2256 4824 2311 4877 in
2342 4823 2746 4879 desolationem.
2784 4843 2803 4875 ι
2841 4823 2945 4878 Sed
2983 4824 3096 4892 jam
3128 4824 3241 4877 haec

1711 4929 1944 4986 quonam
1995 4922 2151 4982 pacto
2190 4913 2450 4981 completa
2505 4915 2633 4976 siut,
2692 4912 3055 4980 exploremus.
3098 4910 3241 4966 Sane

1713 5003 1975 5073 proditum
2002 5008 2085 5056 est
2115 5002 2385 5056 memoriae
2420 5016 2578 5057 onine
2604 5001 2861 5054 doctrinm
2898 4999 3242 5054 eruditionis-

1712 5108 1815 5163 que
1860 5092 2235 5145 miraculorum
2285 5090 2580 5148 Salvatoris
2608 5089 2778 5143 nostri
2812 5096 3044 5158 tempus,
3078 5089 3240 5143 triqu

1714 5194 1971 5236 annorum
2001 5187 2055 5232 et
2088 5179 2249 5235 semis
2284 5178 2452 5233 fuisse
2477 5198 2490 5233 :
2521 5178 2663 5248 quod
2690 5177 2904 5247 quidem
2923 5187 3006 5233 est
3041 5178 3240 5232 hebdo-

1716 5271 1884 5326 madis
1916 5271 2076 5324 unius
2106 5270 2406 5324 dimidium.
2439 5270 2552 5324 lloc
2596 5271 2775 5339 ipsum
2815 5270 3049 5337 quodam
3088 5269 3247 5323 modo

1714 5364 1942 5419 Joannes
1986 5362 2306 5431 evangelista
2350 5360 2706 5416 attentissime
2749 5358 2869 5427 ejus
2901 5356 3250 5427 Evangelium

1676 5508 1691 5517 ,
1715 5450 2121 5506 observantibus
2154 5448 2467 5505 declarabit.
2495 5449 2612 5503 Erit
2640 5447 2807 5518 igitur
2836 5446 3131 5501 bebdomas
3157 5461 3254 5499 an»

1716 5558 1906 5599 norum
1939 5555 2046 5594 una
2071 5555 2228 5594 omne
2259 5550 2488 5612 tempus,
2520 5538 2669 5610 quod
2701 5553 2824 5592 cum
2854 5535 3112 5605 apostolis
3141 5538 3260 5587 suis

1718 5640 1960 5689 versatus
1990 5637 2091 5694 est,
2136 5638 2249 5685 tum
2283 5642 2563 5703 antequam
2592 5645 2802 5700 passus
2828 5635 2930 5692 est,
2958 5634 3072 5679 tum
3111 5630 3265 5690 post-

1713 5734 1880 5794 quam
1914 5723 1981 5778 de
2008 5729 2178 5778 morte
2207 5724 2273 5780 ad
2305 5724 2469 5780 vitam
2498 5721 2723 5777 revenit
2749 5738 2765 5787 ;
2793 5735 2909 5774 nam
2939 5712 3081 5784 quod
3110 5716 3271 5762 ante—
