3740 6326
399 404 488 457 621

1013 396 1273 451 EUSEBll
1306 395 1776 455 CESARIENSIS
1811 395 1959 451 OPP.
1997 390 2174 447 PARS
2209 391 2273 447 ll.
2302 388 2490 444 -ΔΡ4

1424 395 1776 455 SARIENSIS
1811 395 1959 451 OPP.
1997 390 2174 447 PARS
2209 391 2273 447 ll.
2302 379 2901 444 ——APOLOGETICA.

3526 364 3624 420 628

401 527 556 581 quam
590 511 656 564 sit
687 525 879 578 passus
907 524 1000 578 per
1038 516 1149 564 tres
1183 526 1353 565 annos
1380 520 1432 563 et
1465 508 1648 571 semis,
1689 505 1878 563 omnibi

2150 504 2250 564 λοῖς
2273 500 2476 570 ταύτην
2502 494 2940 563 ἐνεδυνάμωσεν,
2967 484 3003 554 ἢ
3027 472 3627 581 δηλονότξηῗῖςιέαυτξῦ

401 614 452 657 et
477 601 751 667 discipulis
783 607 837 652 et
877 614 983 651 non
1025 600 1300 668 discipulis
1327 600 1563 669 seipsum
1606 595 1927 657 exhibuerit,

407 689 574 757 palam
620 701 681 740 ex
730 687 797 740 iis
843 701 961 754 qua:
1000 688 1197 754 scripta
1237 695 1360 755 sunt
1388 687 1453 740 de
1481 688 1619 755 ipso,
1660 685 1930 753 proditum

403 785 533 828 est:
582 788 689 842 quo
717 779 957 841 tempore
999 782 1051 827 et
1101 774 1435 828 documentis
1478 780 1533 825 et
1580 770 1935 824 admiratione

403 865 583 933 dignis
608 863 1000 925 curationibus,
1034 863 1330 917 divinitatis
1363 877 1472 917 suae
1503 862 1646 933 vires
1683 862 1936 928 omnibus

405 954 720 1021 simpliciter
766 962 870 1006 tam
903 952 1102 1017 Graecis
1132 968 1288 1021 quam
1317 952 1514 1007 Judaais
1544 952 1798 1007 ostendit.
1836 952 1938 1006 Ubi

408 1059 532 1097 vero
563 1058 592 1095 a
621 1050 793 1105 morte
843 1043 907 1096 ad
952 1043 1112 1096 vitam
1149 1050 1231 1094 est
1262 1045 1561 1105 restitutus,
1609 1040 1753 1109 quod
1798 1041 1939 1094 idem

406 1132 682 1201 temporis,
706 1132 1057 1200 eumdemque
1083 1145 1345 1185 annorum
1375 1145 1655 1194 numerum
1679 1144 1803 1183 cum
1825 1129 1942 1184 suis

408 1229 652 1276 Versatus
688 1222 777 1283 sit,
830 1220 1112 1291 discipulis
1164 1230 1217 1275 et
1272 1221 1549 1290 apostolis,
1581 1218 1780 1272 rationi
1809 1233 1942 1273 sane

408 1316 823 1362 consentaneum
869 1317 983 1369 est,
1032 1323 1127 1376 per
1168 1308 1284 1361 dies
1330 1323 1398 1374 xi.
1434 1321 1697 1377 apparens
1730 1307 1848 1369 eis,
1888 1313 1944 1359 et

409 1408 788 1459 consutescens,
816 1404 868 1451 et
894 1396 961 1451 de
991 1412 1154 1466 regno
1188 1395 1277 1450 Dei
1313 1397 1533 1465 loquens
1553 1435 1568 1459 ,
1595 1395 1947 1465 quemadmo-

411 1489 537 1540 dum
591 1487 803 1556 quidem
842 1486 897 1539 in
949 1487 1310 1554 apostolorum
1342 1485 1493 1540 Actis
1520 1485 1849 1547 continetur,
1885 1491 1946 1535 ut

411 1577 523 1630 haec
556 1575 625 1628 sit
668 1575 779 1637 illa,
818 1574 885 1629 de
915 1589 1020 1643 qua
1069 1574 1345 1643 prophetia
1388 1574 1642 1642 loquitur,
1676 1586 1945 1634 annorum

411 1664 722 1727 hebdomas,
752 1665 808 1717 in
833 1678 941 1733 qua
980 1664 1311 1717 conﬁrmavit
1344 1670 1556 1731 pactum
1584 1661 1787 1726 multis,
1821 1676 1946 1714 mu-

410 1755 577 1810 nitius
597 1754 842 1807 videlicet
863 1752 1090 1808 reddens
1116 1767 1310 1807 novum
1340 1753 1657 1821 evangelica:
1687 1749 1948 1820 praedicas-

412 1935 616 1988 mavit?
645 1933 847 2003 Nempe
879 1935 994 1988 suis
1038 1933 1317 2002 discipulis
1356 1941 1409 1986 et
1448 1932 1728 2001 apostolis,
1780 1932 1955 2001 iisque

411 2023 660 2080 omnibus
689 2023 994 2092 quicunque
1026 2038 1091 2076 ex
1112 2021 1350 2076 Hebrmis
1380 2023 1433 2076 in
1463 2021 1617 2076 ﬁdem
1640 2022 1756 2089 ejus
1785 2035 1951 2074 vene-

412 2122 558 2170 runt.
581 2114 842 2170 Cmterum
872 2115 926 2167 in
959 2114 1180 2183 hujusce
1199 2114 1361 2167 unius
1383 2113 1732 2168 hebdomadis
1754 2113 1967 2172 medio,.

415 2206 468 2259 in
500 2218 607 2274 qua
659 2205 788 2259 illud
838 2204 1013 2273 ipsum
1057 2203 1125 2257 de
1152 2217 1259 2272 quo
1299 2202 1533 2257 diximus
1575 2211 1956 2258 testamentum

414 2293 597 2346 multis
629 2292 987 2355 conlirmavit,
1017 2290 1287 2345 sublatum
1313 2299 1397 2345 est
1426 2289 1770 2354 sacriﬁcium,
1795 2290 1950 2361 5,01

413 2391 467 2436 et
493 2382 700 2445 libatio,
732 2381 1171 2449 abominatioque
1198 2381 1552 2435 desolationis
1580 2381 1830 2434 inchoata
1851 2390 1955 2446 est,

414 2470 844 2539 quandoquidem
878 2470 975 2524 hac
1002 2471 1116 2539 ipsa
1144 2471 1474 2525 hebdomade
1498 2471 1609 2540 jam
1635 2471 1699 2524 ad
1722 2471 1955 2526 medium

416 2561 501 2613 sui
527 2559 756 2628 spatium
806 2560 989 2623 ducta,
1021 2569 1141 2628 post
1166 2560 1326 2612 trium
1357 2574 1620 2614 annorum
1659 2567 1874 2630 tempus
1904 2569 1957 2615 et

416 2648 580 2701 semis
607 2647 863 2707 doctrina:
892 2646 1057 2707 illius,
1085 2661 1191 2716 quo
1225 2655 1463 2715 tempore
1500 2663 1695 2717 passus
1726 2659 1829 2713 est,
1863 2662 1954 2703 ve-

417 2737 528 2790 lum
560 2738 741 2806 templi
777 2737 1006 2791 scissum
1033 2744 1116 2791 est
1152 2752 1182 2789 a
1213 2752 1423 2791 summo
1453 2745 1625 2805 u‘sque
1649 2738 1901 2794 deorsum
1936 2754 1951 2790 :

418 2838 477 2880 ut
505 2841 573 2881 ex
603 2827 695 2880 illo
718 2826 828 2895 jam
858 2828 906 2880 vi
933 2825 1163 2896 quadam
1195 2826 1403 2879 sublata
1429 2807 1597 2880 luerit
1624 2827 1693 2882 ab
1712 2829 1792 2884 eis
1818 2827 1952 2882 liba-

416 2919 492 2971 tio
517 2923 571 2969 et
594 2916 914 2971 sacriﬁcium
937 2923 991 2970 et
1016 2916 1341 2971 abominatio
1362 2916 1712 2973 dcsolationis
1743 2918 1799 2972 in
1826 2925 1956 2972 tem-

417 3006 506 3075 plo
537 3004 755 3068 sederit,
787 3012 968 3074 utpote
999 3019 1122 3058 cum
1164 3019 1258 3069 eos
1313 3005 1488 3060 virtus
1532 3006 1622 3059 illa
1677 3007 1953 3076 reliquerit

418 3095 584 3158 solos,
614 3110 732 3163 quae
769 3095 837 3149 ab
876 3095 1028 3150 initio
1054 3095 1127 3171 ad
1153 3096 1283 3153 illud
1313 3112 1484 3166 usque
1514 3105 1748 3169 tempus,
1779 3110 1832 3155 et
1859 3106 1949 3153 tu-

418 3185 577 3239 telam
620 3193 676 3240 et
710 3186 1097 3255 providentiam
1148 3187 1265 3255 ejus
1294 3187 1401 3240 loci-
1437 3189 1656 3257 gerebat
1686 3209 1702 3245 ι
1732 3206 1856 3263 nam
1890 3189 1958 3247 ad
1984 3174 2027 3233 (ἶ

417 3273 548 3328 illud
584 3289 752 3343 usque
777 3282 988 3344 tempus
1021 3292 1127 3345 quo
1156 3277 1245 3331 ille
1271 3292 1368 3346 pro
1411 3279 1586 3335 salute
1614 3289 1800 3347 nostra
1831 3296 1956 3351 pas-

417 3379 511 3419 sus
542 3371 644 3427 est,
674 3364 908 3419 divinam
938 3366 1223 3434 quamdam
1246 3368 1352 3421 vim
1390 3367 1559 3424 fuisse
1589 3385 1709 3439 qua:
1736 3379 1790 3438 et
1816 3364 1954 3426 tem-

417 3456 564 3522 plum
615 3462 670 3509 et
696 3454 952 3510 Sanctum
1005 3465 1313 3511 sanctorum
1358 3466 1619 3523 tueretur,
1649 3460 1962 3519 existimare,

416 3560 513 3614 par
534 3552 636 3600 est.
665 3545 875 3615 Alioqui
899 3546 1026 3615 quid
1057 3548 1358 3616 oportebat,
1380 3548 1528 3602 illum
1551 3564 1657 3603 una
1682 3564 1802 3604 cum
1835 3549 1962 3620 aliis

418 3635 602 3690 multis
635 3637 823 3691 sedere
854 3636 906 3689 in
956 3638 1153 3705 templo
1191 3645 1244 3691 et
1275 3652 1342 3692 ex
1386 3638 1594 3706 legibus
1644 3638 1808 3694 festos
1839 3640 1955 3695 dies

415 3726 719 3787 celebrare,
750 3727 794 3779 si
834 3727 1070 3780 novisset
1106 3742 1212 3781 non
1260 3729 1490 3797 amplius
1530 3731 1827 3790 consistere
1873 3710 1965 3784 lo-I

417 3828 539 3868 cum
566 3814 737 3876 illum,
765 3830 937 3883 neque
966 3815 1057 3869 Dei
1087 3818 1373 3886 praesentia
1396 3818 1616 3887 dignum
1643 3819 1793 3874 esse?
1812 3816 1949 3873 Fue-

417 3908 545 3955 runt
565 3901 726 3971 igitur
756 3903 821 3956 ad
846 3903 974 3957 illud
999 3921 1168 3974 usque
1196 3907 1452 3976 temporis
1482 3909 1725 3962 nonnulli
1748 3911 1800 3963 in
1826 3916 1957 3977 tem-1

417 3989 508 4059 plo
538 3989 858 4054 divinantes,
891 3994 1064 4060 qualis
1099 3994 1248 4048 Anna
1289 3996 1600 4065 prophetica
1634 3998 1823 4051 mulier
1846 3998 1963 4065 ﬁlia

416 4078 675 4142 Phanuel,
709 4087 763 4134 et
804 4079 1017 4135 Simeon
1062 4084 1153 4151 qui
1186 4084 1241 4139 in
1272 4086 1427 4141 ulnas
1460 4088 1634 4159 ipsum
1662 4088 1836 4142 adhuc
1868 4088 1952 4141 in-

420 4168 617 4224 fantem
640 4170 865 4238 accepit,
902 4174 1173 4238 quietiam
1204 4177 1518 4231 cecinerunt
1545 4191 1607 4231 ea
1635 4193 1753 4246 quae
1781 4177 1954 4245 publi-

414 4273 494 4312 cae
521 4259 791 4314 memoria:
813 4261 1022 4329 prodita
1052 4273 1198 4328 sunt,
1221 4267 1314 4321 sed
1343 4282 1515 4336 neque
1545 4267 1657 4336 ipse
1696 4266 1951 4319 Dominus

417 4355 603 4401 noster
620 4346 845 4402 dixisset
869 4348 1078 4417 leproso
1111 4371 1124 4406 :
1161 4371 1180 4403 ι
1209 4354 1330 4420 Abi,
1364 4349 1592 4415 ostende
1613 4364 1664 4418 te
1686 4355 1971 4418 sacerdoti,

2032 592 2297 663 μαθηταῖς
2333 565 2442 643 καὶ⁷
2463 584 2807 645 ἀποστόλοις,
2835 579 2937 655 καὶ
2983 578 3099 637 τοῖς
3136 572 3215 663 ἐξ
3240 565 3518 663 Ἑϐραίων
3559 565 3628 663 είς

2032 655 2190 736 αὑτὸν
2240 678 2660 733 πεπιστευκόσιν
2696 675 2913 732 amat;
2963 665 3114 735 Πλὴν
3167 659 3315 714 ἀλλὰ
3362 657 3465 724 τῆς
3516 655 3629 723 μιᾶς

2030 773 2227 842 ταύτης
2253 769 2560 839 ἑϐδομάδος,
2587 764 2709 819 καθ’
2732 763 2802 832 ἢν
2825 757 3214 842 ἐνεδυνάμωσε
3241 750 3347 842 τὴν
3369 743 3629 842 δηλιρθεῖο,

2039 877 2135 913 σαν
2162 828 2437 928 διαθήκην
2462 828 2577 917 τοῖς
2605 828 2850 910 πολλοῖς,
2881 849 2942 898 ἐν
2970 840 3054 911 τῷ
3081 839 3284 928 ἡμίσει
3308 832 3455 928 ἤρθη
3480 828 3623 928 θυσία

2040 933 2133 1003 καὶ
2158 918 2464 1017 σπονδῆ,’τό
2488 961 2548 996 τε
2578 940 2864 1012 βδέλυγμα
2903 934 3010 1001 τῆς
3036 925 3390 1017 ἐρημώσειος
3417 918 3626 1017 ἧρξατοῖ

2040 1008 2721 1110 ἐπειδήπεμμεσαξοιῦσης
2760 1028 2867 1097 τῆς
2911 1020 3222 1113 ἑϐδομάδος
3259 1012 3474 1113 τοξότης
3514 1008 3631 1113 .1151}

2039 1129 2128 1184 τὸν
2344 1103 2437 1179 καὶ
2474 1123 2664 1195 τριετῆ
2708 1117 2910 1189 χρόνον
2939 1113 3042 1182 τῆς
3073 1103 3445 1164 διδασκαλίας
3464 1103 3629 1199 αὑτοῦ³

2042 1198 2248 1271 meta»;
2290 1215 2476 1284 καιρὸν
2519 1209 2784 1272 πέπονθε,
2819 1205 2884 1258 τὸ
2926 1198 3356 1266 καταπέτασμα
3398 1207 3495 1294 του
3526 1203 3630 1294 vanu

2041 1307 2246 1377 ἐρράγη
2273 1281 2602 1358 άπὺνάνωθεν
2626 1301 2735 1361 ἕως
2756 1298 2947 1350 κάτωο
2979 1294 3062 1355 ὡς
3095 1289 3155 1356 ἐξ
3179 1285 3407 1377 ἐκείνου
3438 1281 3632 1377 δυνάμει

2043 1372 2205 1470 ῆρθαι
2235 1372 2292 1462 ἐξ
2323 1396 2498 1448 αὐτῶν
2529 1394 2630 1461 τὴν
2664 1388 2929 1458 σπονδὴν,
2964 1385 3070 1437 καὶ
3095 1382 3202 1452 τὴν
3232 1375 3456 1470 θυσίαν,
3484 1372 3633 1425 καὶτὸ

2046 1463 2310 1559 βδέλυγμα
2334 1486 2430 1554 τῆς
2462 1480 2800 1557 ἐρημώσεως
2823 1477 2925 1529 ἐπὶ
2947 1474 3018 1526 τὸ
3057 1470 3210 1543 ἱερὸν
3238 1463 3474 1559 ῆρχθαι,
3498 1477 3633 1559 κατα-

2054 1941 2160 1992 τῶν
2191 1937 2355 2005 ἁγίων
2378 1932 2623 2004 ἡγεῖσθαι
2652 1930 2960 2001 προσήκει.
3005 1926 3099 1979 Οὐ
3141 1921 3295 1994 πὰρ
3318 1921 3389 1976 ἂν
3421 1919 3584 1983 ἄλλως
3608 1918 3676 1972 καὶ

2054 2028 2211 2089 αὐτὸς
2242 2025 2355 2095 ἅμα
2382 2026 2493 2086 τοῖς
2532 2021 2746 2082 πολλοῖς
2786 2016 3161 2087 συνήδρευεν
3218 2015 3283 2066 ἐν
3324 2012 3409 2082 τῷ
3437 2010 3580 2081 ἱερῷ,
3606 2009 3677 2070 τὰς

2054 2116 2193 2171 κατὰ
2216 2116 2407 2185 νόμους
2428 2109 2618 2182 ἑορτὰς
2645 2106 2946 2169 ἐπιτελῶν,
2967 2105 3056 2183 μὴ
3081 2104 3165 2156 οὐ
3194 2103 3256 2174 χῖ
3276 2101 3366 2156 ἔτι
3390 2099 3676 2164 συνεστῶτα,

2054 2207 2145 2260 καὶ
2183 2204 2316 2257 Θεοῦ
2342 2199 2477 2254 εἶναι
2510 2198 2656 2263 ἄξιον
2687 2197 2780 2249 τὸν
2827 2195 3011 2249 τόπον
3063 2193 3298 2258 εἰδώς.
3332 2189 3513 2248 Ἦσαν
3535 2188 3614 2247 οὗν
3636 2193 3675 2243 ἐν

2052 2298 2130 2367 τῷ
2162 2294 2289 2365 ἱερῷ
2317 2294 2410 2346 καὶ
2441 2286 2880 2360 προφητεύοντες
2907 2301 3081 2346 τινες
3111 2284 3232 2350 εις
3265 2287 3454 2345 ἐκεῖνο
3475 2282 3562 2338 τοῦ
3587 2300 3676 2336 χιι-

2057 2386 2167 2457 ροῦ,
2210 2383 2395 2453 ὥσπερ
2433 2382 2598 2432 ’Ἄννα
2629 2379 2663 2448 ἡ
2706 2376 3001 2446 προφῆτις
3054 2376 3096 2444 ἡ
3150 2376 3273 2429 τοῦ
3310 2377 3561 2444 Φανουὴλ,
3589 2372 3658 2425 καὶ

2052 2474 2268 2545 Συμεὼν
2312 2475 2340 2525 ὁ
2367 2472 2460 2525 ἐπὶ
2487 2470 2586 2533 τὰς
2628 2467 2882 2536 ἀγκάλας
2923 2465 3132 2529 αὐτὸν,
3165 2465 3384 2536 βρέφος
3423 2464 3503 2516 ἐτι
3530 2463 3647 2523 ὂντα,

2052 2562 2246 2624 λαϐὼν,
2271 2561 2319 2613 οἳ
2352 2560 2444 2612 καὶ
2471 2555 2883 2628 προφητεύουσι
2909 2553 2989 2607 τὰ
3013 2552 3543 2627 ἀναγεγραμμένα-
3564 2549 3644 2603 οὐδ’

2053 2654 2118 2708 ἂν
2142 2652 2297 2714 αὐτὸς
2320 2652 2348 2703 ό
2368 2649 2571 2718 Κύριος
2590 2646 2749 2717 ἡμῶν
2782 2645 3019 2717 εἰρήκει
3047 2645 3135 2716 τῷ
3168 2645 3396 2717 λεπρῷ·
3419 2645 3651 2714 (Ὕπαγε,

2050 2743 2213 2806 δεῖξον
2245 2740 2462 2794 σεαυτὸν
2491 2738 2569 2808 τῷ
2602 2739 2759 2809 ἱερεῖ,
2792 2739 2894 2791 καὶ
2921 2740 3313 2811 προσήνεγκε
3343 2740 3448 2810 τὴν
3480 2736 3650 2795 θυσίαν.

2050 2835 2115 2907 ἣν
2133 2831 2423 2904 προσέταξε
2455 2830 2660 2900 Μωσῆς
2687 2831 2771 2891 εἰς
2809 2828 3136 2901 μαρτύριον
3172 2831 3399 2894 αὐτοῖς,
3432 2848 3453 2882 ι
3477 2829 3544 2899 μὴ
3566 2825 3658 2894 οὐχὶ

2055 2927 2133 2980 ἔτι
2145 2926 2255 2978 δεῖν
2274 2920 2570 2991 ἡγούμενος
2590 2917 2660 2970 τὰ
2675 2918 2821 2971 κατὰ
2831 2918 3052 2988 νόμους
3072 2918 3469 2972 ἐπιτελεῖσθαι
3486 2916 3653 2972 αὐτόθι,

2050 3017 2125 3079 ὡς
2140 3017 2195 3067 ἐν
2223 3012 2361 3081 ἁγίῳ
2386 3010 2479 3063 καὶ
2515 3008 2651 3061 Θεοῦ
2690 3008 2831 3079 ἀξίῳ
2868 3010 3060 3078 τόπῳ·
3088 3010 3208 3062 οὐδ’
3232 3011 3305 3065 ἂν
3326 3012 3466 3073 τοὺς
3490 3006 3655 3076 ἀγορά.

2058 3107 2245 3173 ζοντας
2263 3101 2355 3155 καὶ
2377 3099 2791 3170 πιπράσκοντας
2816 3098 3060 3164 ἐξωθῶν
3077 3100 3269 3169 ἔλεγε·
3298 3120 3320 3152 ι
3354 3101 3657 3171 Γέγραπται,

2056 3197 2134 3249 ὅτι
2166 3197 2195 3249 ὁ
2234 3189 2380 3254 οἶκός
2409 3206 2511 3261 μου
2554 3184 2704 3251 οἶκος
2752 3189 3095 3259 προσευχῆς
3128 3189 3506 3260 κληθήσεταιν
3535 3187 3657 3255 ὑμεῖς

2052 3286 2107 3339 δὲ
2148 3284 2306 3339 αὑτὸν
2352 3283 2552 3335 ποιεῖτε
2604 3277 2874 3348 σπήλαιον
2929 3277 3172 3349 λῃστῶν
3200 3297 3216 3311 ο
3266 3300 3289 3331 ι
3357 3281 3460 3334 καὶ
3502 3275 3656 3337 αὖθις·

2059 3375 2288 3443 «Ἄρατε
2317 3368 2490 3425 ταῦτα
2517 3367 2910 3432 ἐντειῗδθεν,καὶ⁹
2927 3370 3013 3440 μὴ
3043 3373 3270 3423 ποιεῖτε
3301 3370 3404 3424 τὸν
3432 3365 3570 3421 οἷκον
3588 3361 3659 3417 τοῦ

2051 3464 2260 3536 Πατρός
2292 3479 2391 3533 μου
2416 3458 2566 3514 οἶκον
2598 3459 2909 3530 ἐμπορείου
2929 3476 2949 3489 ⁸
3005 3479 3027 3511 ι
3072 3463 3124 3513 εί
3158 3462 3247 3531 μὴ
3283 3462 3374 3514 ἔτι
3399 3460 3573 3531 τίμιον
3594 3473 3661 3508 σα·

2052 3555 2165 3623 φῶς
2209 3553 2317 3607 δεῖν
2364 3551 2612 3621 ἐνόμιζεν
2661 3547 3039 3618 ὑπολαμϐάνε
3050 3567 3101 3603 ιν
3147 3546 3308 3603 εἶναι
3365 3550 3463 3603 τὸν
3511 3547 3660 3599 τόπον.

2065 3640 2220 3695 Ἀλλὰ
2256 3641 2363 3713 γὰρ
2397 3639 2809 3710 πλησιαζούσης
2835 3637 3044 3691 αὐτῶν
3072 3638 3183 3707 τῆς
3218 3639 3475 3708 ἐσχάτης
3505 3637 3663 3689 δυσσε-

2050 3733 2219 3795 ϐείας,
2258 3730 2394 3801 μετὰ
2425 3729 2598 3782 ταῦτα
2632 3729 2818 3781 πάντα
2850 3727 3210 3799 ἀπεφήνατο
3247 3726 3465 3781 εἰπών’
3506 3744 3524 3776 ι
3562 3721 3662 3775 ’1δοῦ

2049 3804 2268 3891 ἀφίεται
2311 3822 2436 3890 ὑμῖν
2472 3823 2500 3873 ό
2547 3815 2698 3882 οἶκος
2751 3818 2917 3890 ὑμῶν
2975 3818 3205 3890 ἔρημος
3230 3836 3247 3850 ’
3298 3838 3320 3870 ι
3361 3818 3393 3871 δ
3427 3819 3523 3871 καὶ
3564 3810 3667 3868 αὐτὸ

2051 3896 2348 3981 ἐπληροῦτο
2373 3910 2482 3973 ὅτε,
2515 3909 2780 3972 παθόντος
2814 3908 3024 3974 αὐτοῦ,
3049 3911 3115 3963 τὸ
3148 3909 3570 3977 καταπέτασμα
3594 3899 3666 3952 ταῦ

2050 4000 2179 4053 ναοῦ
2225 3999 2343 4052 ὅλον
2392 3999 2460 4051 δι’
2503 3999 2627 4051 ὅλου
2677 3999 2847 4068 μέσον
2904 4002 3168 4074 ἐρράγη,
3205 3998 3513 4071 καθῄρητό
3546 4011 3600 4046 τε
3626 3989 3673 4052 ἒξ

2051 4089 2255 4142 ἐκείνου
2285 4088 2511 4158 δυνάμει
2540 4092 2574 4160 ἡ
2609 4091 2900 4160 προσηνὴς
2940 4092 3033 4163 τῷ
3078 4091 3225 4162 Θεῷ
3277 4089 3440 4144 κατὰ
3476 4086 3573 4155 τὴν
3608 4078 3682 4132 τοῦ

2049 4179 2210 4248 νόμου
2243 4173 2484 4242 διάταξιν
2528 4179 2691 4232 θυσία
2727 4182 2823 4232 καὶ
2874 4184 3130 4256 σπονδὴ,
3176 4178 3264 4254 ἦς
3298 4179 3590 4253 ἀρθείσης,
3618 4170 3691 4226 καὶ

2048 4269 2108 4320 τὸ
2137 4268 2411 4338 βδέλυγμα
2433 4265 2535 4339 τῆς
2559 4269 2930 4339 ἐρημώσεως,
2966 4278 3130 4330 κατὰ
3158 4275 3287 4347 τὴν
3315 4276 3382 4329 ὲν
3410 4271 3569 4344 χερσὶ
3587 4280 3691 4337 πρίν

2052 4356 2292 4425 φητείαν,
2323 4355 2731 4426 ἐπηκολούθησε
2762 4356 2845 4427 τῷ
2874 4360 3066 4433 τόπῳ,
3099 4366 3188 4419 EE
3220 4364 3287 4418 δὲ
3328 4365 3433 4418 καὶ
3466 4358 3556 4415 ἐπί
3592 4370 3687 4409 τινα

415 4441 472 4488 et
516 4436 646 4491 oll'er
672 4437 1014 4501 sacriﬁcium,
1038 4443 1178 4509 quod
1224 4447 1477 4515 praecepit
1505 4446 1676 4501 Moses
1712 4446 1764 4499 in
1803 4453 1892 4500 tes:

2213 4464 2234 4499 ν
2266 4447 2600 4517 παραμένειν
2623 4446 2773 4511 ἔδοξε
2799 4448 2874 4515 τᾲ
2899 4452 3106 4523 τῆςὲν
3137 4455 3245 4525 τῷ
3278 4456 3446 4525 τόπῳ
3479 4454 3690 4516 λειτουίν

416 4528 654 4583 monium
681 4529 760 4584 eis
784 4527 853 4592 ⁸⁷,
888 4548 908 4583 ι
936 4529 981 4584 si
1007 4531 1097 4585 illo
1125 4534 1178 4587 in
1207 4535 1324 4590 loco
1345 4554 1452 4590 non
1485 4537 1623 4591 ultra
1649 4536 1952 4602 existimas-

415 4625 496 4672 set
519 4617 780 4685 quasi.
806 4620 942 4673 ritus
991 4620 1240 4691 legesque
1285 4626 1549 4693 pertinent
1602 4634 1853 4693 tanquam
1896 4622 1950 4675 in

417 4716 604 4762 sancto
644 4717 710 4762 et-
741 4707 837 4769 Dei
864 4713 1147 4778 praesentia
1185 4713 1347 4783 digno
1368 4717 1484 4769 loco
1511 4715 1767 4770 celebrari
1792 4727 1950 4780 opor-

414 4804 547 4858 tere,
578 4813 749 4867 neque
798 4801 1089 4857 vendentes
1119 4811 1175 4856 et
1215 4813 1453 4860 ementes
1483 4806 1705 4874 ejiciens
1729 4804 1950 4858 dixisset

415 4887 577 4938 verba
601 4887 689 4940 illa
724 4907 737 4941 :
769 4906 789 4939 ι
824 4887 1090 4958 Scriptum
1114 4899 1216 4955 est,
1240 4891 1431 4947 domus
1451 4910 1570 4949 mea
1593 4896 1786 4949 domus
1825 4907 1947 4946 ora-

416 4973 580 5027 tionis
607 4978 908 5045 vocabitur,
940 4995 1039 5035 vos
1072 4991 1247 5037 autem
1276 4999 1393 5037 eam
1428 4983 1608 5040 facitis
1637 4985 1943 5054 speluncam

417 5060 686 5123 latronum
715 5067 783 5125 '3.
821 5088 839 5118 ι
872 5068 937 5122 Ει
981 5086 1210 5126 rursus:
1264 5092 1283 5124 ι
1321 5074 1540 5130 Auferte
1585 5054 1687 5130 ista
1716 5075 1861 5135 hinc,
1893 5078 1946 5124 et

418 5147 584 5201 nolite
614 5148 788 5204 facere
815 5153 1028 5209 domum
1057 5158 1239 5215 Patris
1261 5162 1366 5214 mei
1386 5162 1602 5217 domum
1638 5158 1948 5229 negotiatio-

418 5233 506 5287 ιιίί
524 5235 592 5299 ⁸’ν
619 5254 638 5287 ι
671 5237 789 5292 'nisi
831 5242 1006 5296 adhuc
1046 5248 1200 5313 plane
1253 5255 1553 5308 censuisset
1595 5248 1945 5305 venerabilem

417 5337 542 5377 esse
576 5324 753 5377 locum
780 5335 967 5393 putare
1009 5346 1270 5401 oportere.
1320 5343 1389 5396 At
1435 5344 1575 5397 enim
1605 5341 1697 5395 ubi
1736 5338 1944 5390 illorum

419 5420 716 5464 extremum
750 5415 929 5472 scelus
957 5425 1419 5495 appropinquavit,
1460 5440 1570 5486 tum
1599 5429 1779 5484 omnia
1807 5425 1940 5481 indi-

418 5501 563 5554 cavit
600 5499 784 5554 dicens
821 5521 835 5557 :
877 5525 896 5557 ι
934 5508 1069 5566 Ecce
1100 5513 1420 5583 relinquitur
1452 5520 1606 5575 vobis
1633 5519 1824 5573 domus
1856 5531 1946 5569 ve-

2051 4536 2192 4603 γίας,
2225 4535 2338 4588 ἀλλ’
2370 4536 2558 4589 οὐκέτι
2588 4554 2655 4605 γε
2688 4538 2870 4593 ταῦτα
2905 4543 3138 4614 ἀρεστὰ
3163 4547 3269 4616 τῷ
3295 4545 3428 4617 Θεῷ
3450 4541 3541 4616 ἦν,
3564 4536 3691 4609 ἀκρίο

2051 4641 2158 4686 τως
2208 4626 2302 4677 καὶ
2344 4624 2406 4677 οὐ
2452 4625 2594 4678 κατὰ
2619 4626 2789 4696 νόμον
2835 4631 3315 4708 ἐπιτελούμεναι.
3359 4637 3573 4710 ’Ὠσπερ
3599 4628 3686 4696 γάρ

2054 4712 2324 4803 πρόπαλαιΪ
2365 4713 2847 4787 ἑξολοθρευθέντος
2894 4721 3002 4776 τοῦ
3059 4729 3433 4797 χρίσματος,
3481 4723 3574 4803 καὶ
3600 4717 3688 4772 τῶν

2052 4800 2188 4853 κατὰ
2217 4800 2466 4872 διαδοχὴν
2493 4805 2743 4876 νομίμων
2771 4808 3108 4883 ἀρχιερέων
3152 4800 3580 4884 πεπαυμένώνδ
3604 4804 3688 4869 ἀπδ

2054 4892 2153 4960 τῆς
2205 4892 2472 4962 Ὑρκανοῦ
2515 4896 2798 4968 τελευτῆς,
2847 4903 2900 4954 οἱ
2958 4906 3112 4974 μετὰ
3163 4904 3389 4963 ταῦτα
3427 4901 3690 4973 παριόντες

2050 4979 2298 5044 ἀτάκτως
2341 4984 2437 5037 καὶ
2478 4986 2840 5058 παρανόμως,
2880 4993 3122 5049 ἐδόκουν
3162 4995 3294 5067 μέν
3328 5012 3389 5048 τι
3418 4994 3606 5053 ποιεῖν.
3636 4987 3684 5038 οὗ

2054 5070 2158 5139 μὴν
2186 5072 2329 5125 κατά
2358 5076 2488 5139 τοὺς
2514 5078 2833 5148 πρέποντας
2867 5082 3157 5157 ἔπραττον
3208 5084 3485 5157 θεσμοὺς,
3516 5082 3580 5143 δι’
3605 5078 3680 5138 οὓς

2052 5162 2144 5214 καὶ
2199 5162 2437 5231 ἔφασκεν
2498 5170 2533 5239 ἡ
2600 5174 2953 5244 προφητεία⁸
3017 5197 3039 5229 ι
3125 5176 3668 5249 Ἐξολοθρευθήσεται

2051 5252 2280 5324 χρίσμα,
2303 5258 2398 5310 καὶ
2425 5264 2601 5333 κρῖμα
2647 5263 2750 5317 οὐκ
2791 5264 2946 5322 ἐστιν
2992 5271 3053 5322 ἐν
3086 5268 3266 5338 αὐτῷ,
3308 5288 3332 5320 ι
3360 5268 3424 5320 τὸ
3455 5266 3658 5335 ἄκριτον

2052 5342 2145 5394 καὶ
2166 5347 2485 5420 παράνομον
2521 5352 2704 5408 αὐτῶν
2730 5354 3098 5413 διαϐάλλουσα
3119 5376 3131 5389 ·
3170 5358 3331 5411 οὓτω
3363 5358 3433 5428 δὴ
3465 5356 3555 5408 καί
3577 5351 3655 5403 ἐπὶ

2018 5431 2149 5522 ,τῆς
2185 5434 2377 5504 θυσίας
2411 5444 2508 5496 καὶ
2554 5445 2658 5516 τῆς
2692 5447 2933 5520 σπονδῆς
2987 5447 3416 5522 συμϐεϐηκέναι
3465 5446 3657 5516 φήσεις,

2052 5519 2229 5592 ὀρθῶς
2267 5530 2368 5599 μὲν
2402 5537 2497 5590 καὶ
2545 5537 2691 5593 κατὰ
2716 5519 3011 5614 νόμον-πρὸ
3042 5519 3134 5597 τοῦ
3177 5539 3399 5602 πάθους
3436 5536 3530 5592 τοῦ
3556 5534 3650 5588 2w-

492 5675 534 5708 ⁸⁷
566 5674 750 5730 Matth.
788 5697 911 5753 vui,
945 5689 994 5745 4.
1072 5696 1115 5727 ⁸⁸
1150 5694 1334 5750 Matth.
1372 5712 1494 5765 ut,
1536 5700 1617 5755 l5.
1694 5699 1737 5730 '9
1769 5694 1921 5751 Joan.
1955 5710 2032 5765 tt,
2068 5702 2158 5762 16.
