3740 6314
126 416 223 470 θεο
1039 370 1673 465 nsunnsrnmoms
1709 371 2154 464 nuncnum
2202 399 2313 455 Lm
2373 403 2503 461 Vlll.
3208 404 3313 457 630

134 532 301 597 τηρος
350 514 507 586 ήμῶν
542 517 981 590 ἐπιτελουμένης,
1020 521 1106 576 διὰ
1134 526 1232 595 τὴν
1269 525 1432 579 είσέτι
1468 526 1587 579 τότε
1626 526 1685 579 τὰ

1791 534 1901 582 stra
1941 525 2149 580 deserta
2185 522 2254 588 '°,
2289 541 2309 575 ι
2350 522 2494 593 quod
2524 521 2736 591 quidem
2783 522 2956 591 ipsum
2989 521 3310 590 completum

137 615 238 668 τῶν
269 604 449 673 ἁγίων
473 605 657 659 τόπων
684 609 961 678 ἐφορῶσαν
985 610 1228 682 δύναμιν,
1262 615 1685 686 περιαιρεθείσης

1790 623 1873 669 est
1899 629 2005 685 quo
2036 622 2272 680 tempore
2300 612 2426 665 dum
2472 611 2559 664 ille
2589 611 2734 664 cruci
2784 610 2969 665 allixus
2999 618 3102 675 est,
3134 610 3309 664 vclum

144 703 194 753 δδ
216 694 420 755 αὐτίκα
457 693 596 764 μετὰ
624 696 726 767 τὴν
751 697 911 750 αὐτοῦ
942 700 1148 756 τελείαν
1178 702 1269 755 καὶ
1302 703 1568 774 θεοπρεπῆ
1599 703 1685 756 θυ-

1789 705 1970 774 templi
2003 703 2231 757 medium
2265 709 2380 755 toto
2405 701 2617 771 penitus
2658 701 2950 755 altitudinis
2986 716 3097 756 suae
3137 702 3311 769 spatio

148 789 280 851 σίαν,
316 785 385 853 ἢν
417 784 788 853 προσήνεγκεν
827 787 986 851 αὐτὸς
1009 790 1195 844 ἑαυτὸν
1226 791 1362 861 ὑπὲρ
1391 791 1499 844 τῶν
1516 792 1685 861 ἀμαρ-

1791 794 2017 848 scissum
2063 799 2166 856 est,
2186 792 2573 859 sublatumque
2613 797 2694 845 est
2739 805 2802 844 ex
2833 791 2945 852 illo,
2977 791 3027 844 vi
3057 790 3309 859 quadam,

148 880 271 932 τιῶν
294 873 469 944 ἡμῶν,
498 875 661 938 αὐτὸς
693 876 769 930 ὣν
808 879 837 931 ό
867 879 1035 949 ἀμνὸς
1062 880 1154 933 τοῦ
1186 880 1338 944 Θεοῦ,
1358 883 1387 933 ό
1410 882 1574 950 αἴρων
1595 883 1685 952 τὴν

1790 883 1898 937 Deo
1933 893 2140 952 gnatum
2166 897 2231 936 ex
2276 881 2609 936 institutione
2656 880 2790 948 legis
2820 878 3139 933 sacriﬁcium
3165 888 3219 934 et
3246 878 3310 932 li-

149 963 413 1038 ἁμαρτίαν
422 962 514 1016 τοῦ
531 965 761 1035 κόσμου,
788 961 857 1037 ἦς
871 968 1057 1032 θυσίας
1070 971 1230 1023 πᾶσιν
1244 968 1542 1040 ἀνθρώποις
1556 970 1685 1023 κατᾶ

1788 972 1956 1035 batio,
1988 987 2093 1042 qua
2145 972 2387 1032 sublata,
2449 969 2773 1023 abominatio
2818 967 3194 1029 desolationis,
3224 982 3309 1021 se-

151 1056 216 1109 τὰ
242 1053 407 1109 καινὰ
433 1054 705 1125 μυστήρια
728 1059 829 1127 τῆς
853 1060 1041 1128 καινῆς
1084 1058 1349 1129 Διαθήκης
1388 1058 1685 1129 παραδοθεί-

1789 1060 2019 1115 cundum
2040 1075 2155 1115 eam
2183 1075 2302 1129 qua:
2325 1074 2466 1114 nunc
2494 1059 2550 1111 in
2578 1058 2828 1113 manibus
2849 1067 2952 1120 est,
2980 1058 3309 1128 prophetiam

156 1163 272 1216 σης,
292 1144 363 1197 τὰ
387 1146 480 1214 τῆς
510 1143 748 1207 παλαιᾶς
780 1145 1092 1217 περιῄρητο.
1129 1146 1291 1216 Ὀμοῧ
1327 1146 1433 1218 γὰρ
1462 1146 1539 1216 τῷ
1560 1148 1685 1217 πλη-

1789 1147 1846 1201 in
1874 1148 1992 1203 loco
2016 1150 2109 1202 illo
2134 1157 2316 1203 secuta
2344 1156 2444 1203 est.
2476 1147 2624 1213 Quod
2662 1146 2706 1201 si
2736 1162 2832 1215 per
2861 1146 3075 1214 aliquod
3102 1155 3310 1214 tempus

158 1235 373 1304 ροῦσθαι
401 1233 459 1286 τὸ
478 1234 688 1303 φάσκον
716 1234 970 1304 λόγιον,’‹
999 1237 1104 1289 Καὶ
1123 1236 1685 1308 δυναμώσειΔιαθήκην

1790 1252 2101 1307 permanere
2134 1239 2250 1293 visa
2282 1248 2408 1294 sunt
2433 1253 2516 1293 ea.
2556 1250 2675 1306 quae
2701 1237 2767 1291 ad
2808 1235 3134 1293 iunctionem
3160 1236 3305 1290 illam

158 1325 362 1389 πολλοῖς
379 1325 601 1396 ἑϐδομὰς
623 1326 739 1396 μία,
752 1325 847 1378 *τὰ
866 1326 965 1396 τῆς
984 1326 1210 1388 παλαιᾶς
1226 1327 1492 1397 Διαθήκης
1508 1327 1685 1396 περιῄ-

1800 1327 1856 1380 ἰη
1889 1326 1982 1380 tali
2026 1326 2145 1381 loco
2175 1327 2460 1397 pertinent,
2492 1342 2601 1381 non
2651 1334 2826 1382 tamen
2857 1327 3039 1381 eadem
3085 1325 3312 1395 amplius

156 1430 299 1481 ρητο.
314 1431 335 1466 ι
356 1414 482 1466 Πότε
494 1414 552 1467 δέ
567 1415 635 1467 τὰ
649 1416 748 1485 τῆς
762 1415 1028 1487 Διαθήκης
1040 1414 1138 1485 τῆς
1149 1415 1338 1484 καινῆς
1354 1413 1685 1484 έδυναμοῢτο,

1790 1423 1938 1485 grata
1966 1415 2074 1472 Deo
2105 1416 2342 1481 fuerunt,
2375 1420 2572 1487 quippe
2617 1433 2737 1472 cum
2789 1429 2841 1473 et
2869 1417 2987 1473 sine
3028 1417 3232 1486 judicio
3258 1398 3313 1471 et

151 1501 183 1572 ἣ
213 1505 301 1556 ἅτε
328 1507 359 1557 ό
394 1505 577 1576 Σωτὴρ
603 1505 702 1558 καὶ
740 1504 944 1577 Κύριος
972 1505 1144 1575 ήμῶν,
1188 1504 1391 1575 μέλλων
1426 1504 1593 1556 τελεῖν
1631 1502 1692 1555 τὸ

149 1593 290 1663 μέγα
334 1595 622 1666 μυστήριον
651 1596 754 1665 τῆς
777 1598 856 1659 είς
885 1596 976 1648 τὸν
1008 1596 1227 1648 θάνατον
1251 1594 1412 1649 αὐτοῦ
1442 1594 1685 1666 παρόδου,

1789 1603 1904 1660 tea,
1935 1597 2184 1651 unctione
2225 1597 2442 1660 abolita,
2486 1606 2540 1651 et
2586 1597 2834 1666 legitimis
2872 1613 2938 1651 cx
2991 1596 3310 1652 succedendi

145 1675 176 1753 ᾖ
224 1684 381 1735 νυκτὶ
435 1682 765 1753 παρεδίδοτο,
800 1684 868 1735 τὰ
922 1682 1159 1753 σύμϐολα
1210 1683 1317 1735 τῶν
1360 1685 1478 1736 κατ’
1531 1682 1685 1735 αὑτὸν

1789 1684 1925 1738 serie
1951 1685 2290 1753 pontiﬁcibus
2318 1694 2439 1754 post
2468 1685 2698 1756 Hyrcani
2722 1686 2992 1740 interitum
3014 1686 3306 1754 abrogatis.

138 1770 465 1840 ἀποῤῥήτων
504 1772 607 1840 τῆς
656 1772 852 1840 καινῆς
895 1772 1162 1842 Διαθήκης
1191 1771 1359 1840 λόγων
1391 1775 1499 1835 τοῖς
1530 1772 1685 1825 αὑτοῦ

1789 1772 1877 1840 qui
1907 1773 2126 1842 posthac
2151 1774 2269 1828 sine
2287 1774 2475 1829 ordine
2499 1781 2552 1828 et
2572 1785 2765 1842 printer
2790 1776 2933 1845 leges
2948 1774 3015 1829 ad
3038 1775 3166 1829 illud
3196 1791 3315 1829 mu-

137 1857 423 1927 παρεδίδου
458 1859 763 1930 μαθηταῖςς
795 1860 930 1931 ὁμοῦ
949 1861 1056 1931 γὰρ
1084 1860 1232 1914 ταῦτ’
1262 1861 1508 1925 ἐτελεῖτο,
1542 1861 1685 1933 καὶή

1788 1874 1890 1914 nus
1931 1861 2273 1924 accedebant,
2306 1861 2619 1954 videbantur
2649 1861 2723 1913 illi
2755 1860 2971 1930 quidem
3007 1860 3210 1929 aliquid
3237 1860 3314 1913 fa-

132 1948 269 2001 κατὰ
299 1951 539 2006 Μωῦσέα
571 1951 778 2004 παλαιὰ
803 1951 1040 2022 Διαθήκη
1069 1951 1379 2023 προῄρητο,
1413 1952 1546 2022 ὅπερ
1568 1953 1685 2024 ἐδή-

1789 1964 1927 2012 cere,
1960 1957 2014 2004 et
2050 1958 2226 2004 tamen
2261 1950 2313 2004 id
2344 1951 2492 2004 nullo
2523 1936 2775 2004 laudabili
2811 1950 3058 2005 instituto
3086 1957 3314 2019 praesta-

129 2037 216 2090 λου
246 2038 320 2090 τὸ
362 2040 754 2111 καταπέτασμα
797 2041 889 2093 τοῦ
915 2040 1063 2105 ναοῦ,
1101 2040 1239 2094 κατὰ
1270 2041 1361 2094 τὸν
1405 2041 1562 2095 αὑτὸν
1591 2045 1685 2113 ρη-

1786 2038 1939 2103 bant,
1969 2047 2186 2109 propter
2206 2055 2342 2109 quos
2361 2041 2521 2095 etiam
2551 2039 2687 2094 dixit
2713 2040 2990 2110 prophetia
3014 2056 3029 2093 :
3058 2057 3076 2091 ι
3110 2038 3315 2093 Peribit

123 2126 399 2198 γνύμενον
440 2131 653 2202 χρόνον.
713 2128 995 2202 Ἀρθείσης
1038 2131 1167 2199 γοῦν
1211 2130 1270 2196 ἐξ
1309 2132 1548 2195 ἐκείνου,
1592 2133 1685 2185 καὶ

1786 2128 1984 2191 unctio,
2005 2128 2335 2196 etjudieium
2365 2143 2471 2183 non
2490 2135 2572 2183 est
2599 2128 2651 2181 in
2690 2143 2785 2192 ea,
2817 2148 2835 2181 ι
2869 2128 3068 2183 talibus
3094 2126 3311 2181 interim

122 2217 365 2287 δυνάμει
388 2218 480 2271 καὶ
520 2220 749 2292 ἀληθείᾳ
779 2219 1168 2290 καταλυθείσης
1192 2220 1379 2283 θυσίας
1403 2223 1494 2275 καὶ
1531 2238 1685 2275 σπον-

1786 2218 1960 2273 verbis
1998 2218 2325 2288 iudiciorum
2367 2220 2648 2288 legumque
2705 2218 2759 2272 in
2788 2219 2895 2275 illis
2943 2224 3306 2285 contemptum
3354 2258 3355 2261 η

116 2304 235 2375 δῆς,
264 2308 339 2358 αἱ
375 2307 509 2377 μετὰ
536 2308 711 2361 ταῦτα
736 2307 1078 2378 νομιζόμεναι
1105 2309 1289 2363 αὐτόθι
1333 2310 1685 2364 ἐπιτελεῖσθαι

1786 2322 2043 2363 accusans
2072 2327 2088 2362 :
2120 2308 2193 2362 ita
2219 2309 2381 2364 etiam
2408 2311 2554 2363 circa
2586 2307 2890 2363 libationem
2917 2317 2970 2363 et
2992 2307 3309 2364 sacriﬁcium

118 2392 321 2446 θυσίαι
351 2396 597 2450 ἄσπονδοι
624 2398 720 2450 καὶ
750 2396 951 2467 ἁνίεροι
975 2398 1040 2452 ἐν
1073 2395 1279 2467 βεϐήλῳ
1302 2398 1449 2468 τόπῳ
1474 2399 1564 2451 καὶ
1584 2400 1685 2452 ὑπὸ

1786 2398 2071 2468 contigisse
2106 2397 2410 2463 al‘ﬁrmabis,
2440 2414 2559 2468 qua:
2576 2406 2722 2455 recte
2747 2398 2959 2469 quidem
2985 2414 3051 2453 ex
3073 2397 3186 2468 lege
3212 2413 3312 2451 an~

121 2481 382 2551 βεϐήλων
411 2487 504 2540 καὶ
539 2487 773 2557 ἀνιέρων
805 2486 1169 2540 ἐπετελοῦντο.
1204 2487 1363 2557 Δέχου
1390 2488 1445 2541 δὲ
1477 2488 1685 2552 καὶτὰς

1786 2498 1994 2558 tequam
2035 2488 2289 2543 Salvator
2322 2498 2509 2544 noster
2541 2492 2613 2544 sit
2654 2504 2869 2560 passus,
2902 2489 3311 2544 celebrabantur

120 2573 251 2643 περὶ
297 2576 503 2630 τούτων
551 2578 813 2647 Ἰωσήπου
870 2577 1193 2649 μαρτυρίας·
1235 2577 1430 2631 (Κατὰ
1482 2578 1537 2630 δὲ
1588 2579 1684 2648 τὴν

1786 2589 1999 2652 propter
2025 2580 2278 2635 virtutem
2320 2582 2467 2636 illam
2497 2598 2616 2652 quae
2652 2583 2719 2638 ad
2745 2582 2875 2638 illud
2905 2597 3077 2651 usque
3098 2589 3313 2651 tempus

120 2661 353 2734 ἡμέραν
379 2666 475 2735 τῆς
503 2667 885 2737 Πεντηκοστῆς
907 2665 1120 2737 νύκτωρ
1144 2668 1193 2720 oi
1215 2668 1378 2738 ίερεῖς
1403 2667 1685 2738 παρελθόν-

1786 2673 1881 2726 loci
1915 2672 2253 2727 sanctitatem
2290 2675 2558 2730 tuebatur.
2588 2674 2851 2729 Caeterum
2895 2682 2950 2730 et
2975 2674 3185 2730 sublata
3230 2682 3313 2727 est
3356 2692 3360 2696 ·

117 2771 212 2818 τες
261 2756 359 2821 είς
395 2759 454 2811 τὸ
491 2758 657 2830 ίερδν,
691 2757 878 2828 ὥσπερ
920 2758 1100 2821 αὐτοῖς
1144 2758 1260 2821 ἔθος
1304 2753 1390 2828 ἦν,
1422 2759 1553 2830 πρὸς
1588 2758 1685 2823 τὰς

1786 2761 1925 2815 illico
1953 2772 2075 2831 post
2106 2760 2253 2818 illius
2281 2763 2575 2833 perfectum
2607 2763 2819 2834 Deoque
2866 2764 3188 2819 conveniens
3225 2778 3315 2818 sa-

119 2844 493 2917 λειτουργίας,
520 2848 736 2919 πρῶτον
773 2848 870 2919 μὲν
897 2849 1158 2918 κινήσεως
1188 2849 1386 2916 ἔφασαν
1428 2849 1684 2920 ἀντιλαμ-

1786 2849 2061 2916 oriﬁcium,
2100 2851 2241 2922 quod
2273 2852 2387 2921 ipse
2428 2866 2488 2906 se
2512 2851 2686 2920 ipsum
2716 2866 2814 2921 pro
2844 2851 3081 2920 peccatis
3112 2849 3315 2905 nostris

122 2932 396 2989 ϐἀνεσθαι
425 2937 519 2990 καὶ
555 2936 765 2989 κτύπου
784 2953 799 2967 ·
835 2936 969 3007 μετὰ
1005 2936 1061 2990 δὲ
1083 2935 1252 2990 ταῦτα
1283 2941 1462 3008 φωνῆς
1487 2937 1685 3009 ἁθρόας

1788 2937 2001 3000 obtulit.
2031 2955 2152 2995 cum
2193 2940 2308 3010 ipse
2333 2948 2477 2996 esset
2503 2939 2592 2995 ille
2632 2958 2651 2990 ι
2690 2940 2883 3010 Agnus
2903 2939 2993 2995 Dei
3033 2938 3126 3009 qui
3178 2938 3315 2993 tollit

120 3019 416 3095 λεγούσης·
441 3025 891 3093 Μεταϐαίνωμεν
915 3023 1235 3080 ἐντεῦθεν.»
1257 3024 1439 3078 Ταῦτα
1468 3026 1524 3078 δὲ
1548 3027 1684 3078 ίστο-

1786 3036 1998 3097 peccata
2032 3029 2214 3083 mundi
2240 3030 2285 3062 “
2320 3047 2333 3083 :
2391 3048 2409 3081 ι
2435 3045 2543 3099 quo
2573 3029 2786 3099 quidem
2818 3030 3084 3085 sacriﬁcio
3102 3028 3314 3082 cunctis

123 3111 210 3177 ρεῖ
238 3113 392 3178 μετά
407 3113 465 3166 τὸ
484 3114 656 3177 πάθος
688 3115 780 3167 τοῦ
812 3114 1060 3184 Σωτῆρος
1083 3112 1237 3184 ήμῶν
1261 3114 1555 3184 γεγονέναι.
1575 3116 1682 3168 Καὶ

1786 3113 2091 3172 hominibus
2118 3119 2410 3173 secundum
2440 3133 2577 3173 nova
2599 3118 2731 3173 Novi
2763 3118 3088 3174 TeStamenti
3122 3123 3316 3187 myste-

126 3197 297 3250 πάλιν
324 3204 355 3255 ὁ
370 3203 521 3266 αὑτός
534 3220 691 3273 φησι,
716 3221 735 3254 ‹
763 3202 996 3256 Πιλάτον
1014 3201 1105 3255 τδν
1121 3202 1220 3272 ήγε
1229 3202 1380 3272 μόνα,
1405 3221 1424 3253 ι
1448 3203 1604 3256 αὑτὸν
1620 3202 1685 3277 δὴ

1786 3204 1867 3259 ria
1891 3204 2106 3269 tradita,
2135 3220 2254 3275 quae
2277 3205 2488 3261 Veteris
2511 3207 2728 3276 propria
2748 3213 2905 3261 erant
2922 3206 3132 3261 sublata
3165 3212 3313 3261 sunt.

125 3288 351 3344 ἐκεῖνον
399 3292 485 3345 τὸν
536 3294 629 3345 ἐπὶ
658 3291 755 3345 τοῦ
785 3293 1035 3362 Σωτῆρος
1052 3290 1229 3361 ήμῶν,
1254 3309 1273 3342 ι
1295 3290 1393 3353 τὰς
1415 3289 1685 3363 Καίσαρος

1787 3293 1982 3349 Eodem
2004 3295 2145 3350 enim
2166 3303 2405 3364 tempore
2433 3303 2487 3350 et
2515 3290 2795 3349 oraculum
2824 3294 2959 3348 illud
2988 3296 3313 3363 completum
3358 3352 3377 3363 ,

126 3377 355 3445 εἰκόνας
375 3384 582 3454 νύκτωρ
617 3385 697 3447 είς
711 3383 772 3435 τὸ
791 3382 1098 3451 ίερδν,ὄπερ
1111 3381 1207 3434 οὒκ
1223 3376 1290 3452 ἧν
1309 3379 1483 3451 θέμις,
1519 3382 1685 3436 είσκο-

1786 3390 1912 3439 est:
1950 3403 1969 3434 ι
2014 3383 2080 3438 Ει
2129 3383 2468 3438 conﬁrmabit
2500 3386 2743 3452 pactum
2791 3382 2997 3437 multis,
3021 3383 3314 3437 hebdomas

131 3468 322 3536 μίσαι,
349 3475 598 3544 μεγίστην
622 3490 682 3527 τε
702 3473 944 3544 ταραχὴν
961 3512 976 3538 ,
1005 3470 1229 3541 θορύϐου
1252 3487 1312 3524 τε
1339 3472 1433 3525 καὶ
1452 3472 1685 3536 στάσεως

1788 3488 1915 3537 una,
1945 3482 2000 3528 et
2048 3488 2166 3543 quae
2213 3474 2280 3528 ad
2307 3472 2892 3528 Vetus-Testamentum
2921 3478 3170 3541 spectant:
3185 3472 3307 3527 sub-

127 3557 499 3635 ὲμϐεδλῆσθαι
541 3567 656 3627 τοῖς
686 3562 979 3623 Ἰουδαίοις.
1010 3581 1029 3613 ι
1064 3559 1210 3614 Αὐτὰ
1235 3559 1299 3631 δὴ
1328 3560 1499 3615 ταῦτα
1525 3563 1619 3616 κα)⁸
1658 3564 1685 3615 ό

1787 3563 1891 3616 lata
1921 3571 2065 3619 sunt.
2100 3583 2119 3616 ι
2151 3564 2411 3619 Cancrum
2434 3563 2651 3632 quando
2684 3556 2899 3620 tandem
2944 3576 3075 3632 qua,
3106 3562 3173 3616 ad
3206 3559 3317 3615 No-

128 3647 309 3701 φίλων
365 3655 768 3727 συμμαρτυρεῖ,
807 3671 826 3704 ι
852 3652 965 3716 Τὰς
1019 3651 1256 3722 σημαίας
1302 3652 1523 3721 φάσκων
1590 3652 1685 3716 τὰς

1786 3668 1909 3707 vum
1965 3654 2230 3722 pertinent
2251 3646 2653 3707 Testamentum
2686 3660 2825 3707 sunt-
2841 3650 3175 3714 conﬁrmata,
3204 3651 3311 3706 nisi

1788 1512 1977 1574 prater
2031 1507 2173 1574 leges
2225 1507 2639 1562 celebrarentur.
2669 1507 2827 1578 M2
2867 1505 3019 1560 Sicut
3049 1505 3192 1560 enim
3216 1520 3312 1559 an.

134 3735 419 3806 βασιλικὰς
439 3744 530 3797 τὸν
547 3742 781 3797 Πιλᾶτον
806 3740 1018 3811 νύκτωρ
1045 3741 1103 3792 ἐν
1127 3738 1206 3808 τῷ
1240 3739 1367 3810 ίερῷ
1394 3738 1684 3803 ἀναθεῖναι,

132 3825 313 3896 ἀρχὴν
343 3850 401 3885 τε
425 3833 663 3886 στάσεων
692 3830 787 3885 καὶ
811 3828 1100 3901 συμφορῶν
1123 3828 1431 3899 ἐπαλλήλων
1457 3827 1516 3894 ἐξ
1545 3828 1685 3883 ἐκεί-

75 3906 88 3917 ’
133 3929 221 3966 νου
264 3925 389 3985 τοῖς
436 3922 713 3984 Ἰουδαίοις
755 3922 1067 3990 συμπεσεῖν.
1100 3938 1120 3971 ι
1146 3918 1218 3973 Ού
1299 3918 1532 3972 διέλιπον
1596 3914 1686 3973 οὖν

132 4002 331 4062 ἔκτοτε
370 4014 428 4066 τὸ
476 4015 586 4067 πᾶν
638 4011 791 4074 ἔθνος
842 4011 935 4064 καὶ
983 4010 1081 4082 τὴν
1140 4010 1461 4081 μητρόπολιν
1511 4008 1686 4082 αὐτῶν

136 4099 408 4154 παντοίων
458 4102 645 4155 κακῶν
712 4079 1102 4162 ἐπαναστάσεις
1144 4079 1262 4162 ιωξ
1310 4098 1400 4151 τοῦ
1459 4079 1684 4152 ὑστάτου

134 4184 247 4233 κατ’
290 4191 473 4245 αὐτῶν
513 4191 774 4261 πολέμου.
817 4190 912 4242 καὶ
951 4190 1050 4259 τῆς
1085 4188 1313 4258 ἐσχάτης
1355 4187 1683 4258 πολιορκίαςδ

140 4271 249 4323 καθ’
283 4280 366 4350 ἢν
389 4283 659 4345 παντοίοις
689 4282 1013 4349 ἀφανισμοῖς
1032 4319 1046 4343 ,
1092 4279 1257 4349 λιμοῦ·
1278 4296 1335 4331 τε
1376 4280 1477 4332 καὶν
1502 4278 1692 4349 λοιμοῦ

141 4360 223 4411 καὶ
261 4372 563 4442 μαχαίρας,
593 4367 1036 4438 καταποντισμοῦ
1069 4368 1220 4438 δίκην
1244 4367 1478 4422 τοῦοκατ’
1509 4368 1685 4420 αὐτῶν

145 4448 363 4522 ὀλέθρου
386 4462 795 4534 συρρεύσαντος,
828 4460 1027 4522 πάντες
1055 4460 1558 4521 οίκκατασυστάντες
1591 4456 1686 4510 τοῦ

1786 3755 1908 3794 cum
1937 3738 2181 3794 Salvator
2208 3754 2271 3794 ac
2294 3738 2552 3794 Dominus
2584 3747 2768 3795 noster
2798 3754 2991 3810 magno
3021 3737 3114 3793 illo
3141 3740 3225 3794 sui
3245 3739 3314 3793 ad

1787 3841 2007 3885 mortem
2054 3844 2304 3885 accessus
2357 3830 2959 3901 mysteriofl‘uncturus,
3008 3843 3116 3899 qua
3158 3839 3315 3883 nocte

1786 3921 2118 3986 tradebatur,
2158 3922 2490 3977 occultarum
2540 3927 2595 3975 et
2621 3921 2689 3975 ad
2735 3921 2911 3989 ipsum
2959 3919 3313 3990 spectantium

1786 4008 1931 4063 Novi“
1958 4008 2284 4065 Testamenti
2312 4010 2764 4082 rationum'signa
2795 4016 2849 4064 et
2878 4016 3032 4064 notas
3076 4008 3192 4064 suis
3226 4007 3315 4065 di-

1786 4099 2008 4168 scipulis
2042 4098 2297 4153 tradidit?
2325 4100 2509 4154 eodem
2541 4099 2687 4153 enim
2717 4108 2956 4167 tempore
2980 4104 3038 4152 et
3062 4096 3175 4151 haec
3199 4111 3315 4167 per-

1789 4188 1922 4244 l‘ecta
1950 4196 2098 4251 sunt,
2140 4196 2194 4243 et
2226 4203 2256 4242 a
2288 4188 2434 4245 Mose
2462 4189 2791 4258 descriptum
2820 4187 2984 4242 Vetus
3012 4186 3319 4242 Testamen-

1787 4288 1896 4331 tum
1924 4279 2192 4333 sublatum
2232 4288 2332 4342 est,
2362 4294 2521 4349 quam
2570 4295 2682 4336 rem
2712 4281 2869 4350 plane
2895 4278 3188 4333 declaravit
3226 4290 3316 4330 ve-

1785 4367 1892 4420 lum
1926 4368 2106 4436 templi
2126 4369 2265 4438 quod
2286 4384 2381 4439 per
2407 4369 2545 4424 idem
2570 4379 2781 4439 tempus
2802 4368 3031 4424 scissum
3050 4374 3156 4422 est.
3176 4365 3317 4420 Sub-

1786 4457 1895 4509 lato
1944 4456 2107 4526 igitur
2138 4473 2205 4513 ex
2251 4459 2344 4512 illo
2375 4459 2650 4530 deinceps,
2677 4470 2733 4515 ct
2762 4476 2868 4517 non
2897 4458 3076 4513 minus
3106 4473 3167 4513 re
3191 4471 3314 4512 vera

147 4535 395 4616 Σωτῆρος
423 4550 576 4621 ἡμῶν
612 4549 814 4620 ἡϐηδὸν
837 4547 1203 4613 ἐξεκόπησανο
1236 4550 1323 4601 ὅτε
1348 4549 1449 4601 καὶι
1471 4547 1532 4600 τὸ
1566 4545 1685 4615 βδέ-

1787 4561 1947 4614 quam
1976 4549 2027 4600 vi
2051 4586 2066 4606 .
2103 4549 2281 4603 soluto
2321 4550 2589 4605 sacriﬁcio
2619 4566 2683 4607 ac
2708 4551 2982 4612 libatione,
3016 4562 3138 4617 qua
3163 4553 3315 4617 βοει-

154 4623 332 4698 λυγμα
364 4640 456 4709 τῆς
485 4640 820 4712 ἐρημώσεως
847 4637 946 4690 ἐπὶ.⁸
971 4637 1038 4689 τὸ
1064 4637 1203 4707 ἱερὸν
1240 4636 1388 4705 ἔστη,
1423 4636 1569 4689 δ’καὶ
1604 4637 1683 4698 είς

1787 4634 1887 4687 hac
1935 4634 2380 4692 existimabantur
2432 4640 2542 4693 illic
2600 4640 2782 4710 perﬁci
2841 4637 3105 4697 sacriﬁcia
3135 4676 3151 4701 ,
3199 4636 3316 4692 sine

150 4712 288 4786 δεῦρο
349 4728 626 4799 διέμεινεν,
682 4727 954 4797 ὁσημέραι
1010 4727 1100 4778 ἐπὶ
1139 4725 1201 4779 τὸ
1238 4729 1413 4796 χεῖρον
1452 4726 1682 4796 ἐρημίας

1786 4722 1974 4792 gratia,
2004 4723 2166 4779 rebus
2192 4728 2366 4783 sacris
2395 4729 2569 4783 aliena
2588 4767 2603 4792 ,
2635 4729 2689 4782 in
2720 4727 2948 4798 profmo
2978 4726 3098 4780 loco
3127 4740 3158 4778 a
3192 4738 3317 4793 pro-

155 4799 378 4870 ιλαῦνκυν,
415 4820 569 4882 Εἰκὸς
596 4820 656 4872 δὲ
688 4818 784 4870 καὶ
822 4814 1107 4868 ἐπιτείνειν
1132 4815 1262 4868 αὐτὸ
1285 4815 1439 4887 μέχρι
1464 4815 1563 4884 τῆς
1588 4814 1680 4867 τοῦ

1786 4811 1925 4866 fanis
1950 4817 2004 4866 et
2023 4827 2054 4865 a
2087 4829 2145 4868 re
2181 4831 2336 4870 sacra
2361 4817 2552 4872 alienis
2580 4816 3014 4887 perﬁciebantur.
3050 4814 3315 4869 (laterum

149 4890 252 4988 μυῇ
263 4908 591 4988 φνπελείας,
623 4906 775 4960 κατὰ·
796 4905 892 4958 τὸν
925 4903 1028 4956 ὑπὸ
1061 4904 1158 4973 τῆς
1194 4905 1519 4977 προφητείας
1556 4906 1684 4959 ἀπο-

1786 4898 1868 4952 his
1894 4897 1961 4951 de
2007 4900 2167 4956 rebus
2209 4904 2369 4956 etiam
2420 4902 2632 4988 Iosephi
2680 4899 3049 4959 testimonium
3075 4901 3264 4969 accipe
3295 4919 3313 4953 ι

145 4983 400 5052 φανθέντα
421 4999 574 5071 ὅρον,
645 4998 908 5067 φήσαντα
930 5009 945 5024 ο
1019 5011 1037 5043 ι
1069 4994 1178 5047 Καὶ
1226 4994 1327 5057 ἕως
1381 4994 1680 5057 συντελείας

1786 5008 1807 5063 μ
1843 4989 1961 5058 ipso
2011 4998 2187 5046 autem
2233 4992 2319 5047 die
2349 4983 2695 5050 Pentecostes
2735 5000 2900 5049 noctu
2929 4990 3238 5060 sacerdotes
3261 4993 3318 5046 in

121 5076 324 5153 δαίδθῆ
367 5089 640 5144 συντέλεια
698 5084 996 5153 δοθήσεται
1047 5082 1136 5134 ἐπὶ
1163 5083 1257 5152 τὴν
1319 5084 1621 5152 ἐρήμωσιν.
1656 5104 1676 5136 δ

1786 5082 2034 5150 templum
2068 5082 2319 5152 ingrcssi,
2353 5085 2492 5139 sicut
2534 5085 2614 5140 eis
2657 5099 2778 5140 mos
2804 5088 2948 5145 erat,
2975 5082 3045 5136 ad
3094 5094 3319 5135 munera

108 5144 309 5252 θςῗῑνῆ
347 5181 523 5252 φωνὴν
575 5181 606 5233 ὁ
914 5169 1008 5222 καίΙ
1041 5144 1239 5239 Κύριος
1479 5170 1679 5240 Ἰησοῦς

1786 5144 2047 5238 obeunda,
2066 5144 2526 5244 primum'quidem
2556 5190 2614 5230 se
2638 5182 2849 5229 motum
2873 5171 3160 5242 quemdam
3189 5176 3323 5225 stre.

126 5233 899 5341 bhpt‘méivéééwpaytaaao
929 5233 1139 5309 εἰπών·⁷
1181 5233 1340 5309 «Ὀτζί
1360 5257 1424 5309 ἂν
1449 5258 1505 5309 δὲ
1540 5233 1680 5326 ίδητε

1786 5233 2347 5329 ρίιυηιίιιιεέοηείεεέ
2379 5264 2648 5326 dixerunt,
2684 5233 2908 5317 deinde.
2935 5272 3062 5312 vero
3090 5257 3327 5311 subitam

144 5324 195 5437 ᾗ
211 5324 623 5437 ξδεῃυῖζμᾶτῆξ
666 5324 1057 5437 ὲρηᾲμὼοζεως,
1082 5344 1145 5437 τι
1186 5346 1352 5437 ῥηθὲν.
1377 5324 1681 5437 διὰΔΔανιὴλ

1786 5363 1968 5402 vocem
2008 5351 2201 5406 crebro
2237 5360 2591 5421 repetentem,
2626 5352 2921 5422 Migramus
2960 5346 3098 5399 hinc.
3149 5363 3170 5396 ι
3207 5343 3333 5399 llaec

530 5437 728 5498 ἑστὼς
766 5435 837 5486 έν
858 5430 1010 5499 τόπῳ
1035 5433 1194 5503 ἁγίῳ,
1226 5435 1343 5487 τότε
1368 5433 1674 5504 γινώσκετε,

1786 5446 1959 5493 autem
1987 5439 2076 5495 ille
2121 5442 2309 5496 scribit
2346 5441 2486 5497 facta
2517 5459 2637 5503 esse
2661 5449 2789 5512 post
2818 5437 3126 5493 Salvatoris
3155 5439 3338 5487 nostra

100 5494 155 5547 ὅτ’
532 5494 873 5602 ἐρήμωσις
918 5494 1101 5589 αύτῆςξ
1294 5523 1349 5575 δὲ
1379 5494 1677 5589 δυσπίστως

1786 5537 2027 5584 mortem.
2055 5528 2265 5588 Rursus
2295 5530 2433 5588 idem
2453 5535 2522 5589 ait
2548 5552 2599 5587 τι
2626 5494 2878 5587 Pilatum
2906 5524 3249 5599 praesidem.»
3276 5522 3351 5587 ip-

104 5661 386 5787 I-Ihmw,
422 5718 588 5771 χχιιι
612 5737 634 5766 ,
675 5690 786 5748 58.
859 5690 905 5723 ’⁸
946 5689 1102 5748 Joan.
1136 5711 1191 5762 ι,
1216 5694 1307 5751 29.
