3740 6330
563 371 658 427 631

563 504 682 541 sum
713 486 896 553 utique
915 484 1062 539 illum
1079 487 1171 555 qui
1195 496 1432 556 tempore
1452 486 1748 542 Salvatoris
1767 487 1938 541 nostri
1962 501 2099 555 prae-
2126 519 2170 574 Α

562 575 682 638 fuit,
712 591 731 625 ι
754 581 914 628 noctu
930 574 983 627 in
1006 575 1255 645 templum
1284 585 1468 629 contra
1483 575 1564 629 fas
1591 576 1851 644 imagines
1870 575 2098 632 Caesaris

562 665 828 728 intulisse,
849 663 1007 735 403
1030 680 1382 735 magnamque
1405 667 1856 737 perturbationem
1877 668 2099 723 seditio-

561 755 646 809 nis
688 765 845 823 atque
869 755 1131 809 tumultus
1157 753 1356 809 Judieis
1388 755 1662 824 injecisse.
1696 775 1714 807 ι
1750 755 1948 811 Eadem
1986 757 2097 811 hac

558 846 718 898 etiam
766 844 920 901 Philo
962 845 1264 907 conﬁrmat,
1298 847 1390 915 qui
1437 850 1511 901 ait
1545 866 1559 901 :
1608 846 1804 917 Regias
1839 849 2098 919 imagines

561 933 791 990 Pilatum
822 943 990 990 noctu
1021 935 1073 989 in
1116 938 1313 1005 templo
1344 937 1575 999 dicasse.
1602 937 1922 1006 initiumque
1949 939 2096 994 sedi—

558 1027 763 1081 tionum
805 1034 860 1083 et
892 1036 1195 1082 mutuarum
1251 1029 1388 1082 inter
1437 1028 1583 1097 ipsus
1615 1029 2001 1094 calamitatum,
2028 1046 2096 1084 ex

558 1115 650 1170 illo
679 1113 878 1171 Iudaeis
907 1116 1190 1172 accidisse.
1223 1115 1339 1169 Non
1375 1115 1652 1171 desierunt
1699 1131 1827 1186 ergo
1871 1118 2097 1187 posthac

555 1219 676 1272 quae
698 1204 998 1262 universam
1025 1210 1233 1274 gentem
1260 1203 1676 1272 eorumdemque
1694 1206 1988 1274 principem
2016 1207 2095 1260 ci-

555 1294 774 1350 vitatem
823 1294 1136 1349 invaderent
1169 1295 1344 1349 omnis
1377 1296 1589 1365 generis
1620 1297 1780 1356 mala,
1815 1313 1984 1365 usque
2026 1296 2092 1351 ad

562 1381 811 1437 ultimum
843 1382 971 1435 illud
996 1382 1138 1451 quod
1169 1392 1355 1435 contra
1384 1382 1506 1437 illos
1528 1390 1731 1451 gestum
1758 1391 1841 1436 est
1869 1383 2090 1443 bellum,

555 1476 956 1537 extremamque
969 1470 1110 1523 illam
1126 1469 1474 1530 obsidionem,
1491 1471 1541 1523 in
1563 1485 1665 1539 qua
1678 1469 1854 1523 omnis
1876 1470 2092 1538 generis

555 1557 1012 1613 internecionibus
1037 1598 1052 1620 ,
1086 1569 1139 1613 et
1170 1558 1325 1615 famis
1369 1569 1422 1614 et
1459 1561 1796 1630 pestilentiae,
1820 1567 1873 1615 et
1903 1560 2088 1628 gladii,

554 1662 673 1700 cum
696 1648 959 1718 pernicies
979 1649 1236 1704 adversus
1250 1664 1344 1705 eos
1357 1650 1541 1705 diluvii
1560 1649 1731 1704 instar
1761 1648 2053 1705 conﬂueret
2072 1689 2086 1714 ,

553 1752 740 1793 omnes
757 1739 1061 1809 quicunque
1071 1739 1329 1795 adversus
1342 1739 1669 1794 Salvatorem
1695 1749 1935 1794 nostrum
1956 1755 2088 1794 con-

1185 370 1446 425 EUSEBll
1479 370 1953 426 CJESARIENSIS
1989 371 2139 425 OPP.
2183 369 2363 426 PARS
2402 369 2463 424 Il.
2497 402 2564 410 —
2600 368 3091 427 APOLOGETICA.
3584 377 3650 430 6εέ

2197 486 2334 558 πρὸς
2360 486 2531 540 ταῦτα
2551 486 2718 556 ἔχοιεν
2740 487 2789 539 οἱ
2817 488 2883 540 ἐκ
2909 486 3218 557 περιτομῆς,
3243 485 3494 553 ἐλεγκτέον
3515 487 3650 547 αὐτοὺς

2202 578 2275 647 μὴ
2313 576 2471 648 μόνον
2499 576 2727 640 ἀναιδῶς
2762 576 2897 647 πρὸς
2930 575 2998 627 τὰ
3028 574 3196 646 ἀληθῆ
3230 574 3320 628 καὶ¹
3351 575 3530 646 ἐναργῆ
3554 576 3644 631 itm

2199 666 2425 735 μένους,
2475 665 2611 719 ἀλλὰ
2655 667 2748 718 καὶ
2797 664 2897 729 τὰς
2944 665 3265 736 προρρήσεις
3298 664 3368 726 ὡς
3386 664 3593 733 ψευδεῖς.
3623 667 3650 720 τὶ

2194 757 2313 809 ὅσον
2361 756 2447 810 ἐπ’
2493 757 2707 819 αὐτοῖς,
2769 753 3178 816 διαϐάλλοντας,
3239 754 3345 820 εἴτε
3387 753 3438 804 αἱ
3488 755 3567 821 μὲν
3610 758 3650 809 ει.

2194 845 2555 915 ἐϐδομήκοντα
2595 845 2887 915 ἑϐδομάδας
2912 843 3045 897 ἐτῶν
3067 844 3157 897 τὸν
3185 844 3353 897 πάντα
3372 843 3650 914 περιορίζουσ

2192 934 2397 1005 χρόνον,
2431 935 2497 988 τὰ
2525 937 2583 988 ἐν
2614 935 2691 1004 τῷ
2724 935 2927 1005 μεταξὺ
2965 933 3339 1004 συμϐησόμενα
3369 932 3650 996 θεσπίζουσαι

2194 1025 2248 1077 αἱ
2289 1025 2364 1087 δὲ,
2406 1025 2586 1094 σχεδὸν
2618 1025 2717 1095 ήδη
2752 1022 3022 1093 χιλιοστοῦ
3068 1021 3216 1085 ἔτους
3256 1020 3356 1076 ἀπὸ
3393 1020 3482 1090 τῆς
3512 1039 3650 1092 apoqu

2192 1114 2337 1177 τείας
2376 1114 2469 1168 καὶ
2505 1115 2585 1176 είς
2614 1115 2764 1184 ἡμᾶς
2803 1112 3142 1174 ἐλαύνοντος,
3185 1110 3330 1162 οὐδὲν
3359 1109 3456 1161 τῶν
3483 1125 3650 1178 γεγρσμ.

2196 1201 2367 1270 μένων
2396 1201 2612 1270 γεγονὸς
2644 1200 3072 1263 ἐπιδείκνυνται,
3103 1199 3271 1267 καίτοι
3292 1196 3649 1269 ἐξολοθρευθέντε

2193 1291 2365 1344 αὐτῶν
2411 1290 2501 1344 τοῦ
2538 1292 2874 1362 χρίσματος,
2916 1288 3061 1347 κατὰ
3110 1288 3204 1359 τὴν
3246 1287 3384 1340 Θείαν
3420 1287 3649 1356 πρόρῤῃσω

2193 1378 2393 1431 καὶτοῦ
2423 1380 2762 1453 ἁγιάσματος
2798 1377 3004 1442 αὐτῶν,
3031 1377 3128 1430 καὶ
3170 1375 3271 1444 τῶν
3297 1374 3415 1444 πρὶν
3445 1373 3649 1444 οἰκητὸρω

2190 1468 2583 1539 διαφθαρέντων
2632 1471 2728 1523 καὶ
2766 1468 3113 1529 ἐκκοπέντων
3148 1469 3203 1520 ἐν
3243 1463 3571 1533 κατακλυσμῷ
3604 1482 3649 1515 πο

2190 1558 2350 1629 λέμου
2380 1576 2643 1630 συντετμη
2654 1560 2815 1629 μένου
2845 1560 3195 1629 ἀφανισμοῖς,
3224 1557 3312 1619 καὶ
3335 1557 3421 1613 τοῦ
3443 1572 3498 1624 γε

2191 1648 2611 1720 παραδοξοτάτου
2662 1649 2829 1702 εἰσέτι
2881 1648 2979 1704 νῦν
3031 1646 3219 1711 αὐτόοι
3267 1646 3540 1716 δρωμένου·
3576 1645 3649 1709 λέγι

2189 1737 2251 1809 δὴ
2279 1737 2370 1790 τοῦ
2401 1736 2756 1807 βδελύγματος
2790 1738 2895 1808 τῆς
2934 1736 3269 1813 ἐρημώσεως
3296 1737 3371 1797 είς
3396 1732 3531 1803 δεῦρο
3557 1732 3650 1786 ιστῶ

554 1825 905 1893 spiraverant,
934 1828 1304 1898 cujuscunque
1321 1838 1503 1884 essent
1517 1829 1710 1893 atatis,
1731 1830 1894 1885 excisi
1919 1840 2047 1884 sunt
2070 1849 2083 1886 :

2188 1843 2278 1890 τος
2304 1828 2360 1879 ὲν
2386 1826 2463 1896 τῷ
2490 1827 2617 1898 πρὶν
2646 1826 2789 1898 ἁγίῳ
2813 1827 2998 1897 τόπῳ,
3030 1826 3163 1897 περὶ
3183 1820 3243 1879 οὗ
3272 1825 3364 1877 καί⁵
3387 1826 3413 1877 ὁ
3436 1822 3587 1900 Σωτὴρ
3607 1822 3649 1873 κει

551 1929 659 1985 quo
680 1930 810 1971 sane
832 1924 1070 1987 tempore
1091 1918 1251 1973 etiam
1279 1918 1628 1976 desolationis
1643 1919 1785 1974 illius
1808 1920 2084 1975 abomina-

2187 1916 2386 1987 Κύριος
2419 1915 2572 1986 ἡμῶν
2597 1916 2693 1979 τὰς
2728 1914 3055 1981 ἐκτεθείσας
3099 1916 3373 1987 προήκατο
3410 1911 3574 1980 φωνάς.
3601 1904 3650 1961 '0

552 2006 626 2060 tio
646 2006 700 2060 in
730 2007 928 2076 templo
946 2009 1247 2072 constituit,
1265 2025 1383 2078 qua:
1416 2010 1630 2080 quidem
1655 2010 1721 2064 ad
1743 2010 1887 2063 hunc
1914 2025 2087 2079 usque

551 2093 690 2157 diem
725 2098 1017 2165 permansit
1055 2098 1280 2167 singulis
1307 2099 1498 2154 diebus
1528 2100 1583 2153 in
1610 2098 1929 2154 deteriorem
1955 2098 2085 2153 soli.

552 2187 791 2248 tudinem
818 2202 1095 2243 corruens.
1143 2188 1248 2243 Par
1282 2198 1460 2244 autem
1490 2200 1575 2244 est
1604 2203 1721 2244 eam
1768 2188 1949 2243 itidem
1992 2205 2083 2245 us-

549 2290 654 2344 que
699 2275 763 2329 ad
809 2278 931 2332 vita:
978 2278 1492 2333 consummationem
1546 2279 1880 2340 duraturam,
1927 2278 2081 2346 juxta

547 2364 833 2431 terminum
861 2380 1019 2434 quem
1049 2366 1331 2435 prophetia
1363 2367 1710 2428 indicaverat,
1732 2366 1838 2421 illis
1860 2366 2040 2421 verbis
2064 2385 2077 2424 :

553 2470 574 2502 ι
610 2453 672 2508 Et
699 2470 866 2522 usque
894 2455 960 2509 ad
994 2456 1509 2511 consummationem
1542 2457 1801 2526 temporis
1823 2471 2083 2511 consum-

545 2542 711 2605 matio
739 2542 954 2597 dabitur
991 2543 1043 2596 in
1092 2543 1458 2608 solitudinem,
1495 2562 1515 2596 ι
1546 2559 1707 2612 quam
1738 2559 1925 2599 vocem
1961 2544 2081 2598 Sal-

544 2640 700 2691 vator
724 2646 789 2686 ac
828 2630 1086 2687 Dominus
1116 2640 1298 2686 noster
1339 2630 1497 2687 Jesus
1526 2632 1772 2687 Christus
1799 2634 1954 2702 quasi
1976 2634 2078 2709 usi-

543 2735 649 2788 gno
702 2720 962 2790 impresso
1010 2720 1345 2775 conﬁrmavit
1395 2722 1582 2777 dicens
1618 2739 1632 2774 :
1670 2740 1688 2772 ι
1731 2720 1863 2775 Cum
1895 2706 2075 2776 autem

549 2809 783 2867 videritis
811 2811 1261 2865 aliominationem
1287 2810 1654 2873 desolationis,
1679 2826 1798 2879 qua:
1825 2810 1971 2866 dicta
1993 2821 2077 2867 est

544 2914 638 2968 per
667 2899 934 2955 Danielem
971 2900 1279 2968 prophetam
1319 2907 1547 2954 stantem
1588 2899 1640 2952 in
1687 2900 1804 2954 loco
1836 2912 2026 2956 sancto
2057 2920 2071 2956 :

543 2997 672 3050 tunc
691 2988 881 3042 scitote
901 2988 1044 3056 quod
1068 2987 1515 3056 appropinquavit
1536 2987 1796 3042 desolatio
1818 2989 1936 3057 ejus
1957 2991 2023 3045 ".
2049 3010 2066 3043 I

542 3077 695 3143 Quod
723 3080 766 3135 si
793 3076 962 3132 Judaei
991 3093 1095 3132 non
1122 3080 1338 3134 credere
1365 3094 1422 3133 se
1446 3078 1549 3133 ista
1576 3078 1955 3148 respondeant,
1986 3096 2074 3135 ar-

2186 2004 2368 2073 σαφῶς
2406 2006 2499 2057 ὑπ’
2539 2005 2841 2076 ὀφθαλμοῖς
2896 2004 3194 2077 ὁρωμένων
3252 2006 3377 2076 ἡμῖν
3417 2001 3555 2054 εἰσέτι
3588 1998 3645 2056 νῦν

2186 2096 2457 2165 θαυμάσαι
2485 2095 2597 2149 ἔστι
2630 2097 2759 2159 τοὺς
2793 2098 2860 2150 ἐκ
2903 2095 3243 2168 περιτομῆς,
3272 2094 3367 2164 οὐχ
3394 2090 3540 2154 οὕτως
3569 2091 3649 2141 ἀντι

2184 2186 2400 2240 ϐλέπειν
2431 2188 2542 2249 τοῖς
2563 2187 2815 2257 ἐναργέσι
2844 2184 3183 2257 τολμῶντας,
3212 2187 3331 2239 ὅσον
3356 2181 3650 2239 ἁϐλεπτοῦντις

2182 2280 2276 2332 καὶ
2310 2277 2407 2348 τὴν
2443 2277 2676 2331 διάνοιαν
2733 2276 3181 2347 ἐσκοτωμένους,
3234 2274 3364 2344 πρὸς
3393 2274 3447 2326 τὸ
3491 2273 3550 2343 μὴ
3578 2271 3650 2339 ὀρῷ

2181 2369 2246 2421 τὰ
2280 2366 2421 2421 οὕτω
2466 2368 2612 2436 σαφῆ
2648 2367 2744 2420 καὶ
2781 2367 2990 2437 ἐναργῆ
3030 2366 3142 2420 τῶν
3174 2365 3332 2418 θείων
3358 2363 3555 2436 Γραφῶν
3578 2362 3650 2412 ἀπο

2177 2458 2506 2529 τελέσματα·
2557 2457 2585 2510 ὃ
2628 2458 2724 2510 καὶ
2774 2456 3082 2510 πεπόνθασι
3129 2455 3268 2510 κατὰ
3306 2454 3397 2525 τὴν
3441 2454 3508 2514 είς
3531 2450 3650 2507 αὑτοῦ,

2182 2548 2283 2619 πλη
2294 2547 2551 2619 ρωθεϊσαν
2583 2549 2685 2600 κάν
2726 2547 2907 2618 τούτῳ
2946 2546 3042 2601 τοῦ
3080 2547 3298 2629 Ἦσαξου
3347 2544 3524 2612 φωνὴν,
3548 2540 3594 2592 δι’
3619 2533 3650 2606 ἧς

2178 2638 2457 2691 ἐθέσπισεν
2494 2640 2697 2701 αὐτοῖς,
2746 2639 2951 2692 εἰπών’
3000 2640 3194 2709 «Ἄκοῇ
3238 2636 3508 2696 ἀκούσετε,
3536 2630 3650 2684 καὶοί

2180 2728 2253 2799 μὴ
2284 2727 2501 2799 συνῆτε,
2525 2729 2619 2782 καὶ
2653 2729 2949 2799 βλέποντες
2976 2729 3223 2799 βλέψετε,
3252 2728 3343 2780 καὶ
3377 2728 3431 2778 οὐ
3459 2725 3521 2795 μὴ
3543 2722 3650 2790 ίδητε’

2175 2817 2449 2889 ἐπαχύνθη
2485 2817 2593 2888 γὰρ
2633 2820 2667 2888 ὴ
2701 2818 2904 2889 καρδία
2944 2817 3041 2871 τοῦ
3071 2817 3202 2877 λαοῦ
3240 2816 3449 2871 τούτου·
3490 2812 3561 2865 καὶ

2174 2908 2305 2960 ὠσὶν
2358 2908 2536 2961 αὐτῶν
2580 2908 2799 2979 βαρέως
2844 2911 3107 2981 ῆκουσαν,
3148 2910 3241 2971 καὶ
3282 2909 3401 2971 τοὺς
3434 2899 3650 2972 ὀφθαλμοὺς

2173 2997 2349 3053 αὐτῶν
2397 2998 2758 3069 ἐκάμμυσαν,
2811 3002 3026 3072 μήποτε
3075 3000 3225 3053 ἴδωσι
3275 3001 3381 3061 τοῖς
3425 2990 3650 3063 ὀφθαλμοῖς.

2172 3089 2265 3142 καὶ
2290 3087 2422 3141 ὠσὶν
2447 3089 2753 3155 ἀκούσωσι,
2781 3092 2878 3144 καί⁵
2911 3094 2979 3162 τῇ
3011 3091 3210 3163 καρδίᾳ
3239 3090 3446 3150 συνῶσι,
3479 3085 3551 3138 καὶ
3575 3084 3650 3133 la

541 3167 735 3237 guendi
780 3175 905 3222 sunt
939 3177 1192 3238 tanquam
1221 3169 1279 3232 ii,
1308 3168 1400 3238 qui
1438 3183 1546 3222 non
1576 3170 1747 3223 solum
1793 3170 2073 3240 impuden-

2182 3176 2462 3246 πρέψωσι,
2516 3176 2613 3231 καὶ
2664 3179 2907 3250 ίάσωμαι
2955 3160 3196 3242 αὐτους(
3230 3198 3248 3231 ι
3313 3176 3440 3243 Ἀλλ’
3475 3172 3567 3225 ἐπεὶ
3598 3167 3648 3221 καὶ

542 3267 625 3312 ter
664 3258 825 3321 rebus
852 3259 993 3315 veris
1019 3275 1081 3314 ac
1104 3260 1403 3317 manifestis
1433 3269 1749 3331 repugnent,
1784 3262 1877 3316 sed
1905 3264 2067 3317 etiam

538 3349 790 3414 vaticinia
819 3364 917 3413 sua
939 3357 998 3403 ut
1021 3349 1173 3415 falsa,
1197 3360 1454 3420 quantum
1480 3352 1533 3405 in
1560 3351 1692 3421 ipsis
1712 3357 1815 3416 est,
1864 3352 2071 3406 calum-

539 3440 775 3500 nientur,
826 3439 873 3495 si
916 3441 1004 3500 illa
1045 3440 1259 3509 quidem
1289 3441 1341 3494 in
1371 3456 1752 3497 uxaunorum
1780 3441 2070 3496 hebdoma-

537 3531 635 3586 das
672 3532 979 3597 universum
1009 3542 1217 3603 tempus
1262 3532 1562 3593 includunt,
1592 3532 1719 3587 dum
1752 3545 1870 3600 qua
1904 3531 2069 3587 inter-

536 3621 716 3677 medio
742 3629 981 3689 tempore
1026 3629 1280 3677 eventura
1328 3630 1454 3676 sunt
1488 3622 1733 3676 divinant
1759 3641 1773 3677 :
1804 3624 1903 3691 ipsi
1944 3638 2071 3677 vero

539 3724 663 3766 cum
689 3710 799 3779 jam
824 3711 894 3765 ab
924 3709 1037 3780 ipsa
1058 3711 1333 3780 prophetia
1357 3727 1526 3781 usque
1546 3711 1611 3765 ad
1626 3721 1733 3768 nos
1763 3727 1926 3781 prope
1953 3713 2072 3766 mil.

535 3799 757 3854 lesimus
779 3808 968 3867 agatur
986 3814 1181 3861 annus,
1212 3800 1345 3857 nihil
1368 3817 1555 3857 eorum
1584 3817 1703 3869 quae
1726 3801 1926 3870 scripta
1947 3810 2071 3856 sunt

536 3888 734 3942 factum
757 3904 875 3943 esse
906 3889 1298 3955 demonstrant,
1334 3894 1548 3949 tametsi
1590 3894 1828 3961 ipsorum
1863 3894 2068 3958 unctio,

532 3985 594 4032 ut
650 3977 889 4035 divinum
942 3980 1259 4047 praedixerat
1307 3983 1605 4044 oraculum,
1648 3981 1819 4036 deleta
1875 3990 1978 4045 est,
2019 3992 2073 4038 et

2172 3269 2298 3337 περὶ
2325 3267 2430 3319 τῶν
2473 3270 2926 3323 πεπιστευκότων
2969 3270 3140 3324 ἐθνῶν
3173 3272 3251 3333 εἰς
3282 3269 3367 3324 τὸν
3396 3261 3580 3337 Χριστὸν
3596 3254 3648 3310 τα]

2171 3354 2301 3409 Θεοῦ
2345 3357 2511 3411 πάλαι
2549 3358 2828 3435 πρότερον
2871 3360 3080 3433 εἴρητο·
3137 3380 3155 3411 ι
3192 3356 3284 3424 Οἷς
3334 3360 3424 3423 oux
3460 3348 3648 3423 ἀνηγγέλη

2172 3445 2301 3515 περί
2354 3444 2518 3498 αὑτοῦ
2544 3485 2559 3509 ,
2612 3447 2880 3516 ὄψονται,
2933 3452 3028 3503 καὶ
3070 3450 3120 3502 οἳ
3162 3450 3261 3503 οὐκ
3297 3445 3545 3517 ἀκηκόασι,
3577 3453 3646 3489 σαν-

2170 3536 2381 3606 ήσουσιν
2412 3539 2475 3608 τῇ
2510 3539 2685 3594 αὑτοῦ
2716 3543 2904 3612 χάριτι
2930 3544 3105 3614 καὶτῇ
3132 3542 3225 3594 τοῦ
3248 3540 3525 3611 πέμψαντος
3552 3528 3646 3584 αὑτὸν

2167 3628 2404 3698 Πατέρος
2420 3666 2434 3690 ν
2464 3647 2482 3679 ι
2517 3631 2692 3698 ἡμεῖς
2721 3650 2782 3686 τε
2817 3634 2962 3688 κατὰ
2988 3636 3049 3688 τὸ
3071 3634 3288 3688 δυνατὸν
3318 3634 3381 3685 τὰ
3398 3627 3585 3698 φανέντα
3605 3620 3644 3677 εἰς

2164 3718 2289 3780 τοὺς
2318 3719 2513 3781 τόπους
2546 3722 2890 3794 εἰρήκαμεν,
2920 3726 3016 3778 καὶ
3041 3725 3112 3778 τὰ
3138 3724 3214 3794 τῷ
3248 3723 3348 3794 πρὸ
3373 3719 3506 3791 ἡμῶν
3534 3716 3644 3778 ﬁt???

2166 3807 2312 3877 κανῷ
2354 3809 2724 3879 εὐγνωμόνως
2768 3815 2999 3891 δόξαντα
3051 3814 3455 3887 παρεθήκαμεν,
3496 3805 3644 3891 ἐχόμεγπ

2164 3896 2257 3950 καὶ
2315 3896 2453 3950 αὐτὰ
2500 3899 2800 3970 ἀκριϐείας
2826 3889 2851 3938 ε’
2900 3904 3024 3967 ὅθεν
3075 3905 3171 3961 καὶ
3214 3905 3388 3964 αὐτοῖς
3429 3899 3494 3960 ὡς

2165 3984 2343 4054 ἔχουσι
2378 3990 2675 4057 χρηστέον.

532 4079 778 4124 sanctum
806 4072 1114 4125 earumdem
1139 4088 1244 4127 una
1264 4088 1385 4129 cum
1412 4051 1683 4144 prioribus
1744 4075 1938 4131 incolis
1989 4051 2340 4146 disperditum
2371 4089 2538 4149 atque
2573 4086 2829 4143 excisum
2871 4087 2930 4145 in
2967 4087 3175 4149 diluvio
3201 4088 3321 4144 belli
3356 4077 3574 4141 contracti
3598 4074 3640 4126 ini

530 4161 949 4229 terneeionibus,
970 4167 1024 4227 et
1052 4161 1106 4215 in
1127 4177 1193 4217 eo
1218 4163 1335 4225 loco
1361 4166 1536 4231 adhuc
1552 4166 1813 4230 cernitur.
1839 4166 1891 4225 id
1918 4168 2060 4237 quod
2118 4170 2357 4225 omnium
2421 4173 2856 4235 admirationem
2888 4190 3113 4251 superat
3136 4201 3151 4255 ε
3176 4182 3296 4238 dico
3325 4187 3483 4235 autem
3510 4166 3640 4227 εδοειιί·

531 4253 799 4307 nationem
816 4252 1162 4308 desolationis
1182 4253 1356 4308 adhuc
1377 4262 1520 4325 stare
1543 4270 1608 4310 eo
1631 4255 1686 4309 in
1712 4256 1829 4323 loco
1856 4257 1948 4325 qui
1975 4266 2132 4312 antea
2152 4268 2377 4315 sanctus
2395 4269 2538 4328 erat,
2560 4281 2675 4335 qua
2705 4268 2776 4324 de
2790 4286 2853 4326 re
2873 4272 3041 4335 etiam
3096 4252 3337 4328 Salvator
3359 4287 3417 4326 ac
3463 4265 3640 4322 Domino!

530 4348 715 4395 noster
747 4341 988 4410 exposita
1033 4358 1206 4412 nuper
1259 4345 1420 4400 verba
1464 4345 1782 4401 enuntiavit.
1811 4344 1938 4413 Quae
1964 4347 2176 4417 quidem
2203 4366 2292 4406 res
2315 4367 2438 4406 cum
2499 4356 2837 4421 planissime
2870 4363 2975 4426 sub
3003 4367 3194 4429 oculos
3216 4366 3363 4423 nobis
3410 4357 3544 4434 404
3563 4354 3638 4409 διιίν

524 4432 680 4504 jectte
699 4432 827 4496 sint,
854 4439 1015 4505 atque
1042 4434 1202 4505 etiam
1228 4451 1373 4508 nunc
1396 4444 1703 4502 cernantur,
1731 4434 1941 4491 Judteos
1969 4438 2222 4495 admirari
2245 4457 2423 4510 operae
2452 4449 2704 4513 pretium
2731 4461 2842 4516 est,
2877 4470 2989 4510 non
3021 4465 3129 4511 tam
3188 4458 3328 4527 quod
3385 4432 3638 4509 adven-sust:

529 4541 649 4600 qua
666 4528 740 4582 ita
755 4527 1038 4597 perspicua
1057 4536 1183 4623 sunt
1201 4528 1474 4587 intendere
1496 4530 1682 4593 oculos
1701 4532 1951 4596 audeant,
2000 4549 2159 4604 quam
2189 4537 2333 4605 quod
2390 4539 2465 4592 ita
2488 4544 2763 4615 caligcnt,
2799 4565 3104 4623 eorumque
3138 4570 3289 4610 mens
3324 4553 3392 4607 ita
3428 4547 3636 4604 involuta

527 4622 785 4684 tenebris,
810 4628 870 4718 ut
894 4636 1003 4677 non
1030 4622 1246 4693 videant
1273 4638 1357 4687 ea,
1379 4638 1496 4718 qua:
1521 4634 1627 4677 tam
1655 4627 1799 4703 clara
1825 4637 2040 4699 tamque
2074 4630 2339 4686 evidentia
2367 4642 2497 4689 sunt
2558 4639 2878 4699 divinarum
2937 4641 3339 4718 Scripturarum
3362 4644 3636 4707 eventa,tll0l

528 4715 742 4809 quidem
788 4714 869 4770 eis
916 4716 1207 4809 secundum
1251 4716 1395 4809 illam
1427 4716 1579 4809 Isaiae
1606 4734 1815 4802 vocem,
1844 4734 1962 4790 quae
1998 4721 2051 4774 in
2089 4723 2189 4787 hoc
2210 4738 2425 4792 quoque
2454 4727 2740 4790 adversus
2769 4737 2896 4792 illos
2950 4714 3217 4809 completa
3274 4750 3371 4800 est,
3396 4720 3635 4791 accidit.“

525 4805 695 4858 utitur
730 4806 836 4862 illis
859 4807 1037 4863 verbis
1068 4826 1082 4859 :
1120 4825 1138 4858 r
1177 4807 1378 4862 Auditu
1405 4807 1668 4874 audietis,
1699 4820 1752 4865 et
1818 4826 1923 4865 non
1963 4811 2264 4883 intelligetis
2300 4832 2313 4867 :
2345 4822 2402 4868 et
2436 4816 2729 4882 intuentes
2798 4805 3172 4892 intuebimini,
3217 4837 3269 4884 et
3297 4843 3396 4883 non
3433 4816 3633 4877 videbilitl

526 4911 769 4954 crassum
801 4903 943 4957 enim
976 4903 1173 4957 factum
1202 4912 1285 4959 est
1317 4919 1413 4958 cor
1445 4904 1626 4975 populi
1652 4905 1813 4975 hujus
1846 4925 1858 4959 :
1905 4913 1958 4960 et
2000 4907 2221 4961 auribus
2267 4908 2384 4963 suis
2422 4916 2676 4981 graviter
2740 4924 3060 4987 audierunt.
3091 4932 3145 4982 et
3175 4925 3354 4980 oculos
3411 4931 3520 4975 suos
3546 4911 3634 4971 diu

527 4998 733 5083 serunt,
765 5007 831 5083 ne
873 4993 1088 5061 quando
1131 4993 1345 5049 videant
1382 4996 1577 5063 oculis,
1610 5006 1666 5053 et
1708 4999 1929 5064 auribus
1958 4997 2197 5060 audiant,
2225 5006 2279 5052 et
2308 5002 2479 5059 corde
2545 5008 2886 5083 intelligant,
2921 5022 2979 5070 et
3037 5022 3425 5075 convertantur,
3453 5010 3631 5064 etsantl

527 5090 620 5179 eos
647 5080 747 5133 ".i
792 5081 894 5179 ξιξιί
927 5087 1176 5154 quoniam
1205 5087 1270 5143 de
1298 5091 1546 5158 gentibus
1572 5107 1692 5162 quae
1718 5093 1772 5146 in
1802 5091 1958 5157 ﬁdem
1993 5088 2194 5144 Christi
2219 5090 2312 5148 Dei
2341 5110 2623 5157 venerunt
2657 5080 2792 5162 olim
2856 5110 3014 5179 prius
3042 5110 3244 5165 dictum
3301 5109 3488 5164 fuerat:
3513 5117 3530 5151 ι
3555 5089 3632 5160 Οά

530 5166 630 5269 bus
663 5172 963 5269 nuntiatum
990 5192 1100 5269 non
1128 5188 1213 5269 est
1242 5179 1308 5234 de
1334 5181 1447 5245 illo,
1480 5184 1516 5240 ii
1542 5185 1818 5244 videbunt.
1853 5189 1906 5235 et
1926 5180 2017 5250 qui
2042 5195 2147 5234 non
2202 5183 2518 5254 audierunt,
2545 5192 2582 5246 ii
2627 5166 2939 5269 intelligent
2957 5203 3027 5268 οι,
3065 5222 3085 5256 ι
3128 5219 3225 5260 nos
3251 5204 3371 5258 item
3391 5196 3514 5252 illius
3532 5192 3630 5254 aut!

527 5250 667 5319 ejus,
698 5259 787 5321 qui
814 5260 965 5362 misit
986 5262 1159 5362 illum,
1183 5266 1359 5325 Patris
1382 5272 1668 5334 beneﬁcio,
1699 5286 1795 5341 pro
1827 5269 2050 5331 viribus,
2088 5284 2207 5339 quae
2244 5274 2360 5346 visa
2403 5250 2537 5334 sunt
2604 5250 2938 5347 dicenda—in
3454 5250 3630 5339 dirimit

530 5353 898 5453 ingemit-“qum
938 5346 1188 5453 Anii-.imno
1246 5360 1539 5425 superioris
1564 5360 1738 5415 aetatis
1784 5358 1901 5411 viro
1929 5448 1940 5453 Δ
1965 5366 2093 5430 sunt
2126 5361 2260 5424 visa,
2301 5363 2380 5418 illi
2424 5367 2532 5443 ipsi
2564 5387 2794 5448 accepta
2843 5346 3533 5453 referentes—iapposuimus,
3561 5372 3630 5436 qi

528 5432 642 5501 ipsa
692 5445 903 5499 quoque
946 5435 1224 5507 "iugem"
1272 5453 1431 5516 διεμιθ
1472 5459 1721 5508 δροππεδῐο
1759 5448 2055 5520 ειοηείιειιε
2094 5460 2221 5507 sum
2254 5469 2267 5504 τ
2300 5432 2471 5526 quare
2495 5463 2609 5523 illis
2639 5432 3145 5534 utlhenevin'v'e—nvt‘is
3164 5432 3520 5534 eriiiitendum.

599 5617 643 5645 "
680 5613 809 5671 Luc.
842 5634 929 5673 ut
953 5659 967 5684 ,
1000 5622 1086 5676 20.
1161 5630 1205 5661 ³³
1243 5629 1342 5686 lsa.
1379 5652 1462 5705 vi,
1500 5642 1582 5699 it).
1659 5643 1703 5677 "
1740 5641 1894 5697 Rom.
1929 5658 2027 5712 xv,
2056 5645 2146 5703 ‘21.
