3740 6334
156 428 245 483 655

166 540 281 596 Ἀπὸ
336 538 438 613 τοῦ
487 542 734 613 ligula.
756 575 826 584 —
852 544 1065 613 Σημεῖα

212 610 413 677 Κυρίου
434 610 535 678 ,είς
576 610 944 678 ἀνθρώπους(
967 610 1217 668 καθόδου
1259 612 1395 667 τάδε
1433 610 1674 667 ἔσεσθαι

210 683 240 733 ὀ
258 676 558 749 προφήτης
592 676 887 749 Δθεσπίζᾱιιο
904 676 1247 747 ’καθαίρεσιν
1272 681 1534 749 παντελῆ
1562 680 1676 749 τῶν

208 747 352 819 παρὰ
382 744 696 819 Ἰουδαίοις
725 750 981 819 σζεμνῶν,
1014 744 1199 803 eoi-or
1226 744 1545 819 ἐπίγνωσιύ
1569 748 1675 819 τοῦ

206 818 352 887 παρὰ
397 815 521 887 τοῖς
564 815 903 887 προφήταις
924 815 1479 887 νκαταγτελλοιὶἐγου
1504 816 1668 881 Θεοῦ,

204 884 436 953 ειρήνην
464 884 824 953 βαθυτάτην
851 884 1227 941 πάηωνέὠν
1255 884 1459 943 ἐθνῶν.

210 1017 229 1050 ι
247 994 545 1058 Ἀκούσατε,
593 994 718 1049 λαοὶ
768 997 964 1060 πάντες
986 1037 1001 1061 ,
1051 998 1142 1051 καὶ
1178 998 1483 1069 προσεχέτω
1514 1000 1547 1069 ἡ
1576 998 1670 1068 γῆ.

146 1086 228 1140 καὶ
264 1083 450 1145 πάντες
497 1084 548 1134 οἱ
585 1083 646 1135 ὲν
681 1084 847 1155 αὐτῇ,
881 1085 972 1138 καὶ
1014 1084 1159 1138 ἔσται
1187 1084 1383 1155 Κύριος
1432 1086 1556 1154 ὑμῖν
1597 1086 1673 1147 είς

146 1173 432 1247 μαρτύριον,
462 1172 673 1242 Κύριος
706 1173 771 1239 ἐξ
801 1175 946 1227 οίκου
979 1173 1131 1241 ἁγίου
1171 1173 1364 1226 αὑτοῦ·
1400 1172 1529 1226 δίοτι
1568 1172 1672 1227 ίδοὺ

145 1264 319 1333 Κύριος
353 1261 753 1332 ὲκπορεύσεται
800 1265 866 1317 ὲκ
908 1263 998 1316 τοῦ
1037 1264 1198 1316 τόπου
1231 1264 1413 1326 αὐτοῦ,
1447 1264 1539 1319 καὶ
1575 1280 1661 1316 κα-

140 1357 418 1427 ταϐήσεται,
469 1354 564 1407 καὶ
620 1355 958 1407 ὲπικείσεται
1011 1355 1102 1407 ἐπὶ
1141 1353 1208 1407 τά
1261 1353 1364 1425 ὕψη
1409 1354 1505 1422 τῆς
1551 1354 1667 1423 γῆς.

140 1448 231 1501 Καὶ
272 1444 655 1516 σαλευθήσεται
709 1444 787 1497 τὰ
822 1445 919 1515 ὅρη
960 1444 1297 1498 ὑποκάτωθεν
1361 1444 1544 1505 αὑτοῦ,
1581 1447 1674 1500 καὶ

138 1540 184 1592 ai
233 1536 458 1599 κοιλάδες
507 1537 850 1607 τακήσονται
902 1536 977 1599 ὡς
1028 1536 1193 1607 κηρὸς
1240 1535 1344 1589 ἀπὸ
1386 1535 1667 1607 προσώπου

142 1628 307 1696 πυρὸς,
347 1626 439 1679 καὶ
479 1626 557 1688 ὡς
600 1626 753 1698 ὕδωρ
797 1626 1230 1696 καταφερόμενον
1272 1626 1327 1678 ὲν
1358 1625 1668 1681 καταϐάσει.

140 1719 201 1771 Δι’
234 1715 470 1771 ἀσέϐειαν
520 1714 723 1768 Ἰακὼὸ
755 1716 932 1769 πάντα
965 1714 1151 1777 ταῦτα,
1181 1715 1274 1767 καὶ
1310 1714 1375 1767 δι’
1408 1715 1672 1785 ἁμαρτίαν

139 1812 262 1865 οἴκου
289 1811 516 1882 Ἰσραήλ.
545 1832 564 1863 ι
585 1807 727 1863 Εἶτα
764 1809 881 1879 μεθ’
908 1810 1068 1879 ἔτερα
1093 1807 1311 1860 πλεῖστα
1340 1808 1536 1877 μεταξὺ
1556 1809 1672 1861 ὲπι-

141 1902 363 1955 συνάπτει
395 1902 570 1969 λέγων
590 1918 605 1931 ·
637 1920 656 1951 ι
682 1900 984 1954 Ἀκούσατε
995 1899 1057 1969 δὴ
1089 1898 1255 1951 ταῦτα
1273 1937 1287 1957 ,
1312 1900 1361 1951 οἱ
1390 1898 1671 1968 ἡγούμενοι

140 1993 262 2045 almo
312 1991 523 2055 Ἰακὼϐ,
572 1991 674 2044 καὶ
717 1992 773 2042 οι
814 1988 1122 2042 κατάλοιποι
1165 1988 1309 2040 οἴκου
1358 1987 1584 2057 Ἰσραὴλ,
1623 1990 1670 2041 οί

36 2126 41 2153 ὃ
142 2081 518 2152 βδελυσσόμενοι
561 2084 771 2150 κρίμα,
815 2080 907 2133 καὶ
951 2079 1124 2132 πάντα
1160 2079 1227 2131 τά
1264 2078 1397 2149 ὀρθὰ
1431 2078 1673 2149 διαστρὲ-

140 2190 319 2240 φοντες,
354 2175 403 2225 οἱ
429 2171 851 2242 οἰκοδομοῦντες
874 2169 1010 2222 Σιὼν
1041 2173 1097 2223 ὲν
1124 2169 1334 2239 αἵμασι,
1359 2168 1452 2221 καὶ
1483 2169 1671 2238 Ἰερου-

141 2263 293 2334 σαλὴμ
311 2265 366 2317 ὲν
402 2262 661 2325 ἀδικίαις.
700 2263 768 2315 Οἱ
806 2261 1095 2331 ἡγούμενοι
1123 2260 1288 2328 αὐτῆς
1330 2258 1461 2328 μετὰ
1488 2256 1670 2330 δώρων

140 2352 339 2422 ἔκρινον,
390 2351 485 2404 καὶ
520 2351 571 2403 οἱ
616 2352 787 2419 ἱερεῖς
827 2349 997 2417 αὐτῆς
1042 2346 1176 2418 μετά
1216 2345 1401 2416 μισθοῦ
1449 2345 1645 2416 ἀπεκρί

139 2458 281 2505 νοντο,
319 2441 407 2493 καὶ
450 2443 499 2493 ot
532 2440 823 2509 προφῆται
861 2439 1027 2508 αὐτῆς
1060 2437 1195 2507 μετὰ
1219 2437 1472 2507 ἀργυρίου
1508 2438 1670 2505 ἐμαν-

136 2531 339 2593 τεύοντο,
368 2532 458 2584 καὶ
480 2530 576 2583 ἐπὶ
600 2530 698 2583 τὸν
733 2530 935 2599 Κύριον
958 2526 1376 2589 ὲπανεπαύοντο,
1392 2526 1634 2594 λέγοντες
1651 2541 1664 2555 ·

135 2622 243 2690 Dixi
277 2620 473 2691 Κύριος
503 2623 562 2673 ἐν
599 2621 748 2689 ἡμῖν
778 2621 956 2683 ἐστιν;
989 2618 1048 2670 ού
1083 2615 1155 2685 μὴ
1187 2615 1381 2687 ἐπέλθῃ
1416 2615 1499 2684 ἐφ’
1526 2615 1669 2684 ἡμᾶς

137 2709 271 2770 κακά.
297 2709 389 2761 Διά
417 2706 577 2762 τοῦτο
605 2706 678 2759 δι’
721 2707 864 2775 ὑμᾶς
894 2704 1028 2759 Σιὼν
1068 2702 1142 2767 ὡς
1171 2703 1331 2773 ἀγρὸς
1355 2701 1669 2773 ἀροτριαθή-

138 2814 280 2861 σεται,
306 2798 396 2865 καὶ
436 2796 896 2870 Ἰεῳυσαλὴμώς
917 2795 1352 2866 όπωροφυλάκιον
1381 2793 1548 2855 ἔσται,
1577 2792 1668 2845 καὶ

138 2889 185 2940 τὸ
208 2889 317 2959 δρος
344 2888 435 2945 τοῦ
465 2889 619 2941 οἴκου
640 2888 856 2958 Κυρίου
882 2888 961 2949 είς
983 2885 1139 2948 ἄλσος
1162 2883 1390 2956 δρυμοῦ*
1410 2884 1500 2936 καὶ
1518 2882 1665 2934 ἔσται

140 2979 209 3029 ἐπ’
240 2979 467 3048 ἐσχάτων
498 2979 610 3041 τῶν
648 2976 879 3048 ἡμερῶν
916 2976 1151 3047 ἐμφανὲς
1184 2976 1243 3027 τὸ
1280 2974 1402 3044 ὅρος
1441 2973 1663 3043 Κυρίου,

138 3066 318 3136 ἕτοιμον
346 3067 434 3120 ἐπὶ
459 3066 559 3129 τάς
582 3064 838 3136 κορυφάς
858 3063 964 3120 τῶν
985 3063 1171 3132 ὀρέων,
1194 3061 1285 3113 καὶ
1310 3058 1666 3130 μετεωρισθή-

1023 430 1658 490 DEMONS’I’RATIONIS
1687 420 2133 485 EVANGELICE
2169 419 2296 480 LIB.
2338 418 2472 482 VIII.

3201 434 3304 487 654

1205 547 1359 618 ora)!
1412 542 1518 618 τῇς
1567 543 1670 618 τοῦ

1770 540 1813 594 Α
1834 538 2074 618 uictura:
2092 563 2155 575 -
2176 534 2337 618 Signa
2359 534 2469 589 ha’c
2499 548 2778 618 temporum
2801 540 3071 595 descensus
3094 539 3307 618 Domini

1842 609 1909 662 ad
1936 606 2160 661 homines
2199 604 2389 677 futura
2417 610 2557 661 canit
2599 604 2876 677 propheta,
2903 618 3187 665 extremum
3228 613 3305 667 ri-

1842 687 1985 729 tuum
2016 685 2165 745 atque
2191 672 2571 746 institutorum,
2608 672 2747 746 quae?
2766 672 2904 745 ap'ttd
2938 677 3152 732 Judteos
3182 695 3302 733 cum

1842 747 2162 800 veneratione
2212 744 2568 815 servabantur,
2596 744 2863 815 interitum
2905 750 3164 814 agnitione
3185 748 3299 815 ejus

1845 815 1940 868 Dei
1960 815 2048 884 qui
2077 831 2108 866 a
2128 814 2387 884 prophetis
2407 828 2653 884 ueittnrus
2675 814 3094 882 denuntiabatur,
3121 814 3301 878 patent

1840 882 2066 938 omnium
2086 883 2311 953 gentium
2336 882 2827 951 profundissimam;

1847 1018 1865 1051 ι
1904 998 2111 1061 Audite,
2144 999 2322 1068 populi
2346 1013 2551 1062 omnes,
2582 1007 2636 1053 et
2659 998 2898 1053 attendat
2922 1005 3083 1064 terra,
3109 1008 3162 1056 et
3183 1016 3299 1055 om-

1772 1104 1869 1143 nes
1895 1089 1986 1157 qui
2016 1088 2071 1141 in
2099 1103 2162 1142 ea
2195 1095 2342 1151 sunt,
2374 1097 2429 1141 et
2461 1089 2563 1143 erit
2597 1087 2854 1143 Dominus
2875 1088 3027 1144 vobis
3056 1092 3297 1144 testimo-

1771 1180 1939 1241 nium,
1969 1176 2224 1233 Dominus
2247 1179 2313 1233 de
2338 1178 2498 1232 domo
2526 1184 2712 1233 sancta
2733 1193 2832 1233 sua
2857 1196 2870 1230 :
2899 1179 3149 1247 quoniam
3173 1193 3299 1235 ecce

1771 1266 2028 1321 Dominus
2055 1268 2357 1335 egredietur
2390 1267 2457 1321 de
2490 1266 2608 1319 loco
2642 1281 2759 1322 suo.
2788 1265 2855 1319 Et
2894 1266 3201 1330 descendet,
3245 1275 3299 1323 et

1769 1356 1984 1410 insistet
2013 1371 2176 1424 super
2193 1355 2505 1410 altitudines
2526 1366 2699 1410 terrai.
2729 1355 2795 1408 Et
2822 1356 3299 1411 commovebuntur

1770 1456 1976 1500 montes
1999 1446 2184 1499 subter
2210 1460 2275 1499 eo
2306 1463 2320 1498 :
2350 1454 2405 1500 et
2426 1446 2594 1500 valles
2630 1444 2926 1513 liquescent
2945 1446 3086 1500 sicut
3113 1460 3236 1501 cera
3265 1459 3299 1500 a

1769 1530 1905 1586 facie
1936 1532 2096 1603 ignis,
2151 1542 2203 1588 et
2227 1534 2367 1588 sicut
2391 1549 2528 1603 aqua
2553 1549 2672 1602 quae
2701 1534 2937 1589 defertur
2964 1536 3017 1588 in
3041 1551 3295 1605 praeceps.

1767 1621 1928 1694 405
1952 1621 2177 1691 Propter
2201 1623 2525 1691 impietatem
2548 1622 2714 1677 Iacob
2741 1624 2922 1677 omnia
2944 1625 3075 1687 hzec.
3100 1633 3152 1681 et
3183 1641 3301 1696 pro.

1770 1722 1886 1781 pter
1914 1724 2189 1783 peccatum
2236 1715 2427 1769 domus
2476 1714 2637 1769 Israel
2661 1715 2728 1770 ”.
2770 1735 2790 1767 ι
2821 1714 3023 1771 Deinde
3045 1728 3165 1786 post
3196 1718 3299 1772 alia

1769 1804 1999 1872 plurima
2023 1820 2139 1873 qua:
2171 1806 2224 1858 in
2255 1804 2430 1859 medio
2465 1806 2710 1870 collocat,
2744 1809 2904 1863 verba
2946 1808 3058 1863 haec
3107 1809 3301 1879 adjun-

1700 1873 1743 1926 Β
1768 1894 1844 1962 git
1878 1911 1891 1946 :
1929 1912 1949 1944 ι
1985 1894 2178 1949 Audite
2200 1896 2309 1962 jam
2340 1895 2654 1958 baec,duces
2672 1898 2864 1954 domus
2882 1898 3071 1964 Jacob,
3093 1873 3188 1969 qui
3213 1915 3299 1956 re-

1769 1986 1897 2055 liqui
1920 1988 2051 2067 estis
2070 1988 2259 2041 domus
2290 1988 2472 2049 Israel,
2494 1990 2583 2058 qui
2609 1992 2992 2047 abominamini
3015 1994 3295 2060 judicium,

1767 2085 1821 2131 et
1861 2080 2041 2133 omnia
2085 2089 2227 2133 recta
2283 2082 2606 2147 pervertitis,
2637 2081 2728 2149 qui
2757 2083 3030 2138 :edificatis
3063 2083 3191 2138 Sion
3242 2085 3296 2139 in

1767 2167 2140 2235 sanguinibus.
2164 2176 2218 2220 et
2243 2165 2539 2222 Jerusalem
2565 2170 2617 2221 in
2647 2170 2943 2235 injustitiis.
2983 2170 3153 2227 Duces
3180 2173 3297 2242 ejus

1766 2271 1889 2310 cum
1922 2257 2232 2312 muneribus
2257 2256 2590 2323 judicabant,
2624 2268 2676 2313 et
2695 2260 3000 2316 sacerdotes
3027 2261 3145 2329 ejus
3174 2276 3296 2317 cum

1766 2348 2008 2402 mercede
2039 2347 2450 2416 respondebant,
2492 2356 2546 2403 et
2582 2350 2853 2417 propheta:
2888 2351 3006 2418 ejus
3039 2368 3160 2408 cum
3210 2370 3301 2408 ar-

1764 2443 1923 2505 gento
1940 2437 2267 2495 divinabaut,
2293 2447 2345 2490 et
2372 2453 2533 2506 super
2558 2437 2841 2494 Dominum
2868 2442 3293 2511 requiescebant,

1764 2525 2037 2580 dicentes:
2071 2524 2256 2578 Nonne
2280 2524 2534 2581 Dominus
2559 2528 2610 2581 in
2636 2529 2793 2583 nobis
2813 2532 2929 2584 est?
2954 2546 3060 2585 non
3082 2533 3295 2588 venient

1764 2629 1926 2681 super
1956 2629 2055 2669 nos
2088 2616 2245 2675 mala.
2291 2613 2497 2669 Idcirco
2526 2625 2744 2686 propter
2778 2633 2876 2674 vos
2918 2621 3043 2674 Sion
3076 2629 3132 2675 ut
3172 2637 3297 2692 ager

1763 2701 2025 2763 arabitur,
2054 2708 2107 2755 et
2132 2700 2427 2756 Jerusalem
2474 2710 2531 2755 ut
2574 2718 2847 2766 pomorum
2895 2710 3140 2762 custodia
3168 2712 3293 2774 erit,

1761 2797 1815 2844 et
1842 2805 2001 2846 mons
2027 2790 2218 2845 domus
2241 2790 2445 2844 Domini
2478 2794 2531 2845 in
2566 2794 2744 2847 lucum
2774 2796 2937 2865 sylva:
2976 2816 2992 2853 :
3027 2806 3079 2852 et
3105 2800 3209 2853 erit
3241 2800 3296 2855 in
3328 2788 3335 2799 ’

1761 2880 2067 2935 novissimis
2109 2880 2297 2935 diebus
2333 2880 2646 2937 manifestus
2679 2898 2835 2938 mons
2876 2883 3107 2951 Domini,
3141 2903 3296 2957 para-

1761 2975 1850 3022 tus
1899 2984 2059 3038 super
2100 2969 2330 3023 vertices
2369 2970 2664 3035 montium,
2706 2981 2759 3026 et
2803 2975 3091 3030 extolletur
3137 2994 3297 3047 super

1761 3058 1948 3122 colles,
1980 3068 2033 3113 et
2065 3059 2392 3113 festinabunt
2423 3061 2490 3114 ad
2518 3076 2639 3115 eum
2668 3064 2869 3131 populi,
2900 3076 2951 3119 et
2979 3067 3133 3122 ibunt
3161 3086 3295 3139 gen-

142 3169 265 3206 σεται
292 3154 539 3225 ὑπεράνω
561 3152 674 3219 τῶν
714 3150 935 3220 βουνῶν,
959 3150 1053 3203 καὶ
1077 3148 1393 3201 σπεύσουσιν
1426 3148 1515 3199 ἐπὶ
1535 3147 1663 3199 αὐτὸ

1770 3155 1844 3204 tes
1871 3150 2054 3203 multae
2080 3157 2132 3204 et
2158 3149 2335 3203 dicent
2358 3150 2586 3215 :Venite,
2612 3153 2965 3208 ascendamus
2989 3155 3042 3208 in
3060 3165 3293 3212 montem

137 3240 270 3309 λαοὶ,
314 3245 404 3297 καὶ
459 3241 830 3312 πορεύσονται
884 3239 1007 3309 ἔθνη
1061 3237 1261 3301 πολλὰ,
1309 3238 1403 3290 καὶ
1446 3235 1658 3307 ὲροῦσι’

140 3332 391 3397 Δεῦτε,καὶ
424 3333 727 3403 ἀναδῶμεν
755 3332 833 3393 είς
865 3330 924 3382 τὸ
953 3330 1076 3399 ὅρος
1106 3329 1328 3400 Κυρίου,
1350 3328 1439 3380 καὶ
1470 3329 1547 3389 είς
1575 3327 1663 3379 τὸν

138 3419 258 3476 οἷκον
282 3424 369 3478 τοῦ
406 3424 542 3478 Θεοῦ
583 3420 783 3475 Ἰακώϐ
804 3438 817 3453 ο
852 3422 945 3473 καὶ
975 3418 1232 3483 δείξουσιν
1262 3420 1391 3487 ἡμῖν
1422 3417 1517 3487 τὴν
1550 3416 1661 3469 ὁδὸν

140 3514 301 3577 αὐτοῦ,
335 3517 427 3568 καὶ
468 3511 856 3584 πορευσόμεθα
890 3512 948 3563 ὲν
984 3512 1102 3572 ταῖς
1132 3508 1332 3579 τρίὸοις
1368 3506 1526 3559 αὐτοῦ
1551 3523 1564 3537 ο
1600 3508 1660 3559 ὲκ

138 3603 226 3674 γάρ
273 3605 404 3659 Σιὼν
441 3604 795 3670 ἐξελεύσεται
846 3602 1006 3671 νόμος
1029 3640 1043 3664 ,
1098 3601 1190 3653 καὶ
1238 3600 1404 3666 Λόγος
1463 3598 1659 3667 Κυρίου

140 3692 187 3755 ἐξ
204 3695 558 3765 Ἰερουσαλήμ.
593 3694 710 3747 Καὶ
737 3694 909 3762 κρινεῖ
938 3689 1039 3744 ἀνά
1064 3689 1222 3760 μέσον
1254 3688 1456 3741 πολλῶν
1478 3688 1658 3748 ἐθνῶν,

139 3784 214 3836 καὶ
251 3785 445 3853 ἐλέγξει
486 3784 618 3854 ἔθνη
653 3782 847 3853 ισχυρά
881 3782 984 3843 ἕως
1022 3782 1099 3843 είς
1142 3779 1243 3849 γῆν
1283 3778 1511 3849 μακράν.
1557 3777 1661 3829 Καὶ

139 3877 428 3943 συγκόφουσι
459 3874 562 3937 τὰς
591 3872 865 3943 μαχαίρας
896 3870 1073 3923 αὐτῶν
1104 3871 1180 3931 είς
1210 3870 1409 3939 ἄροτρα
1429 3908 1443 3931 ,
1474 3868 1564 3920 καὶ
1594 3866 1659 3919 τά

137 3958 303 4031 δόρατα
326 3963 502 4015 αὐτῶν
536 3964 621 4023 είς
660 3960 928 4031 δρέπανα·
951 3959 1043 4012 καὶ
1067 3959 1127 4011 οὐ
1166 3957 1388 4027 λήψεται
1420 3956 1497 4008 ἔτι
1517 3956 1659 4019 ἔθνος

139 4050 208 4101 ἐπ’
229 4051 364 4114 ῑθνος
391 4053 696 4122 μάχαιραν,
728 4050 821 4103 καὶ
851 4050 913 4102 οὐ
941 4049 1013 4120 μὴ
1042 4048 1277 4117 μάθωσιν
1297 4046 1375 4099 ἔτι
1393 4046 1654 4115 πολεμεῖν.

139 4137 225 4192 Καὶ
246 4141 614 4195 ἀναπαύσεται
641 4138 867 4201 ἕκαστος
898 4138 1150 4191 ὑποκάτω
1182 4137 1279 4206 τῆς
1305 4135 1542 4204 ἀμπέλου
1566 4134 1660 4185 αύ-

137 4229 231 4291 τοῦ,
267 4233 354 4284 καὶ
405 4230 671 4284 ὑποκάτω
716 4228 886 4297 συκῆς
932 4226 1114 4281 αὐτοῦ.
1153 4226 1261 4277 Καὶ
1307 4224 1405 4276 οὐκ
1453 4222 1599 4275 ἔσται
1630 4223 1657 4274 ό

139 4316 350 4385 ἐκφοὸὦν
374 4320 603 4383 αὐτούς’
635 4320 715 4372 ὅτι
735 4318 795 4371 τὸ
822 4318 992 4387 στόμα
1016 4315 1215 4385 Κυρίου
1233 4312 1658 4382 παντοκράτορος

140 4406 335 4479 ὲλάλησε
364 4411 556 4464 ταῦτα.
598 4427 618 4460 ι
655 4408 793 4477 Ἤδη
824 4406 1199 4477 καὶπρότερον
1227 4402 1395 4456 ταῦτα
1422 4403 1551 4471 ἡμῖν
1581 4401 1656 4463 είς

1761 3238 1971 3292 Domini
1997 3246 2051 3293 et
2073 3240 2126 3293 in
2154 3240 2370 3294 domum
2401 3240 2491 3294 Dei
2516 3241 2684 3296 Jacob
2708 3263 2722 3297 :
2756 3252 2810 3297 et
2835 3247 3117 3302 ostendent
3142 3250 3294 3306 nobis

1762 3329 1899 3381 viam
1945 3328 2084 3396 ejus.
2118 3342 2171 3383 et
2215 3330 2608 3385 ambulabimus
2644 3332 2699 3385 in
2740 3334 2946 3388 semitis
2971 3335 3089 3403 ejus
3123 3356 3136 3391 :
3168 3353 3292 3392 nam

1759 3434 1825 3474 ex
1868 3418 1996 3473 Sion
2029 3422 2197 3475 exibit
2224 3421 2331 3486 lex,
2364 3432 2417 3477 et
2443 3422 2677 3478 Verbum
2728 3424 2938 3480 Domini
2979 3429 3047 3483 de
3071 3428 3291 3486 Jerusa-

1760 3509 1883 3564 lem.
1911 3510 2259 3578 Etjudicabit
2284 3514 2422 3568 inter
2455 3516 2653 3570 multas
2691 3528 2897 3585 gentes,
2923 3527 2976 3572 et
3011 3521 3293 3590 redarguet

1760 3610 1943 3670 gentes
1972 3601 2137 3658 fortes
2164 3617 2334 3671 usque
2360 3605 2424 3658 ad
2452 3612 2647 3660 terram
2676 3607 3041 3677 longinquam.
3070 3610 3134 3664 Et
3161 3627 3291 3665 con-

1757 3692 1935 3745 cident
1983 3693 2188 3761 gladios
2224 3709 2354 3748 suos
2381 3694 2435 3747 in
2465 3709 2740 3762 vomeres,
2785 3706 2836 3753 et
2867 3700 3047 3753 hastas
3080 3715 3206 3755 suas
3236 3717 3292 3756 tn

1759 3780 1959 3836 falces:
1996 3791 2050 3836 et
2102 3798 2208 3837 non
2237 3784 2455 3851 arripiet
2488 3785 2626 3838 ultra
2673 3802 2804 3856 gens
2841 3798 3031 3843 contra
3083 3798 3289 3859 gentem

1757 3870 1988 3938 gladium
2021 3911 2036 3933 ,
2095 3880 2149 3926 et
2193 3888 2302 3926 non
2344 3873 2556 3929 discent
2608 3878 2839 3947 amplius
2890 3879 3027 3933 bella
3087 3897 3288 3951 gerere.

1758 3957 1822 4010 Et
1864 3960 2101 4028 quiescet
2127 3963 2465 4033 unusquique
2502 3966 2603 4020 sub
2636 3967 2740 4022 vite
2771 3984 2891 4035 sua,
2936 3978 2991 4024 et
3035 3973 3136 4025 sub
3187 3972 3291 4026 licu

1756 4063 1875 4102 sua.
1910 4049 1975 4103 Et
2012 4066 2118 4105 non
2162 4054 2263 4105 erit
2288 4055 2376 4121 qui
2421 4054 2685 4111 deterreat
2736 4073 2871 4113 eos:
2919 4062 3172 4128 quoniam
3228 4078 3290 4119 os

1756 4135 1963 4191 Domini
1994 4141 2375 4209 omnipotentis
2407 4141 2645 4196 locutum
2672 4153 2756 4198 est
2775 4144 2889 4199 haec
2912 4146 2975 4199 ".
3016 4167 3034 4197 ι
3066 4146 3180 4201 Jam
3202 4165 3290 4203 an-

1755 4236 1837 4280 tea
1887 4228 1999 4282 hazc
2047 4245 2146 4284 suo
2193 4232 2313 4285 loco
2355 4247 2457 4288 nos
2503 4235 2864 4304 comtemplati
2911 4251 3147 4291 sumus:
3198 4239 3287 4293 ubi

1755 4318 2086 4372 ostendimus
2111 4322 2558 4389 quemadmodum
2589 4338 2694 4377 non
2709 4326 2846 4380 alias
2873 4341 3033 4394 quam
3056 4336 3175 4396 post
3203 4329 3291 4383 ad-
3332 4360 3337 4363 -

1754 4414 1970 4460 ventum
2008 4407 2303 4466 Salvatoris
2342 4414 2515 4467 nostri
2537 4412 2665 4468 Jesu
2695 4416 2894 4470 Christi
2919 4417 2984 4471 ad
3022 4418 3285 4481 homines.

140 4498 243 4560 τοὺς
267 4501 454 4563 τόπους
489 4496 855 4569 τεθεώρηται·
888 4496 1147 4548 δέδεικται
1187 4493 1243 4545 δὲ
1270 4495 1413 4555 ὅπως
1431 4491 1535 4544 οὐδ’
1569 4490 1660 4543 ἀλ-

1770 4510 1882 4563 αιιαι
1917 4497 2043 4550 olim
2091 4500 2230 4567 apud
2278 4499 2493 4556 Iudaeos
2521 4502 2829 4572 dignitatem
2864 4508 3289 4563 venerationem-

142 4585 239 4638 λοτέ
254 4607 371 4643 ποτε
399 4590 434 4660 ἢ
457 4588 569 4642 άπὸ
593 4588 698 4640 τῶν
714 4588 921 4658 χρόνων
940 4585 1032 4638 τοῦ
1059 4585 1303 4654 Σωτῆρος
1332 4586 1365 4653 ἡ
1373 4583 1484 4653 μῶν
1498 4578 1671 4651 Ἰησοῦ

1770 4599 1860 4653 que
1903 4584 2189 4652 habebant,
2226 4599 2541 4661 montesque
2571 4593 2699 4647 Sion
2728 4602 2780 4648 et
2801 4593 3092 4649 Jerusalem
3129 4611 3289 4650 voca-

142 4674 339 4742 Χριστοῦ
381 4683 458 4743 είς
499 4678 820 4749 ἀνθρώπους
857 4674 1171 4745 ἐπιφανείας
1202 4670 1270 4727 τὰ
1303 4675 1465 4728 πάλαι
1491 4671 1659 4742 σεμνά

143 4763 230 4815 τῶν
256 4768 531 4831 Ἰουδαίων,
562 4769 662 4839 ὅρη
686 4767 825 4820 Σιὼν
844 4766 1238 4835 ὲπικαλούμενα
1267 4767 1358 4818 καὶ
1393 4765 1655 4835 Ἰερουσα-

134 4846 251 4918 lini,
281 4857 346 4911 τά
388 4874 445 4908 τε
482 4857 581 4908 ἐπὶ
628 4858 838 4911 τούτων
874 4856 1301 4925 οἰκοδομήματα,
1333 4857 1361 4908 ὁ
1391 4854 1524 4917 νεὼς
1560 4854 1653 4924 δη-

132 4933 255 5007 λαδὴ,
276 4943 363 4994 καὶ
378 4943 439 4995 τὺ
459 4945 667 5010 Ἀγιον
690 4944 804 4996 τῶν
826 4944 1013 5010 ἀγίων,
1039 4944 1132 4994 καὶ
1164 4942 1224 4993 τὸ
1261 4943 1650 5014 θυσιαστήριον,

141 5029 216 5080 καὶ
237 5030 327 5084 ὅσα
353 5034 483 5087 ἀλλα
510 5035 705 5087 αὖε-,τόθι
738 5035 821 5095 εἰς
842 5032 1002 5102 τιμὴν
1041 5032 1279 5084 ἀνέκειτο
1307 5033 1399 5085 τοῦ
1429 5034 1560 5086 Θεοῦ
1593 5038 1657 5089 ὲκ

152 5117 284 5181 μέσον
302 5124 524 5193 ἀρθέντα
553 5123 904 5183 σεσάλευται,
921 5121 1215 5181 ἀκολούθως
1246 5120 1471 5191 τῷλόγῳ
1490 5125 1663 5194 φήσα-

148 5218 215 5256 ντι
231 5221 244 5235 ο
263 5225 280 5257 ι
321 5211 443 5264 Ἰδοὺ
464 5212 668 5282 Κύριος
684 5209 898 5279 Κύριος
920 5208 1256 5277 ἐκπορεύεται
1286 5210 1351 5262 ὲκ
1383 5211 1470 5263 τοῦ
1504 5213 1663 5268 τόπου

150 5289 307 5369 αὑτοῦ,
329 5299 418 5350 καὶ
450 5296 935 5369 καταϐήσεταιὲπὶ
947 5296 1014 5347 τά
1040 5294 1143 5363 ὕψη
1165 5297 1260 5364 τῆς
1294 5298 1413 5366 γῆς,
1449 5301 1539 5352 καὶ
1572 5318 1665 5355 σα-

155 5368 447 5445 λευθήσονται
469 5385 535 5436 τὰ
565 5384 667 5453 ὅρη
694 5380 1046 5433 ὑποκάτωθεν
1078 5382 1234 5434 αὐτοῦ
1257 5422 1272 5445 ,
1307 5403 1326 5433 ›
1362 5379 1433 5439 ὧν
1464 5388 1654 5442 σαλευ-

152 5456 329 5529 θέντων,
348 5471 446 5523 τῶν
485 5475 549 5526 ἐκ
591 5469 913 5538 περιτομῆς
949 5470 1004 5519 αἱ
1040 5467 1233 5537 ψυχαὶ,
1270 5471 1500 5537 κοιλάδες
1536 5477 1655 5530 ovo-

161 5549 402 5620 μειζόμεναι
445 5560 529 5612 διὰ
570 5559 638 5611 τὸ
687 5556 944 5608 ταπεινὸν
990 5556 1179 5622 αὐτῶν,
1206 5560 1486 5627 παραθέσει
1539 5567 1653 5618 τῶν

214 5723 249 5756 ’⁸
275 5727 409 5787 .lft'cb.
440 5748 488 5798 ι,
519 5730 645 5784 2-5.
736 5729 788 5759 "
829 5727 980 5781 Mich.
1014 5743 1105 5794 Ill,
1144 5731 1310 5800 9-42;
1351 5754 1423 5805 ιν,
1459 5743 1572 5799 1-4,

1758 4674 1971 4737 bantur,
2003 4691 2225 4745 quaeque
2260 4681 2324 4734 in
2356 4682 2424 4736 iis
2448 4683 2674 4737 aediﬁcia
2716 4694 2886 4746 erant,
2927 4686 3182 4752 templum
3209 4687 3288 4738 vi-

1756 4761 1949 4816 delicet
1982 4761 2345 4837 Sanctamque
2364 4781 2695 4833 sanctorum,
2727 4779 2886 4840 atque
2906 4773 3095 4837 altare,
3126 4782 3287 4843 atque

1753 4852 1855 4905 alia
1874 4868 2204 4925 quaecunque
2230 4859 2424 4913 ibidem
2456 4861 2510 4914 in
2525 4861 2616 4916 Dei
2640 4864 2891 4916 honorem
2909 4863 3152 4917 dedicata
3170 4865 3293 4919 fue-.

1752 4949 1891 5003 rant.
1910 4941 1976 4997 de
1990 4944 2163 4999 medio
2177 4948 2384 5001 sublata
2402 4963 2766 5018 concussaque
2780 4956 2923 5009 sunt,
2943 4950 3085 5006 sicut
3105 4967 3294 5013 oracu-

1766 5034 1873 5088 lum
1918 5035 2049 5089 illud
2096 5038 2455 5105 praedixerat:
2501 5058 2520 5091 ι
2572 5040 2706 5093 Ecce
2737 5038 2996 5094 Dominus
3028 5041 3297 5107 Dominus

1760 5125 2061 5193 egredietur
2095 5126 2162 5179 de
2194 5128 2309 5180 loco
2346 5142 2465 5189 suo.
2494 5134 2548 5181 et
2589 5126 2876 5181 descendet
2901 5143 3064 5196 super
3104 5132 3293 5186 altituq

1761 5212 1914 5267 dines
1951 5221 2135 5278 terrai,
2162 5222 2216 5267 et
2241 5216 2618 5268 concutientur
2666 5219 2877 5265 montes
2920 5204 3110 5268 subter
3144 5231 3230 5279 eo,
3268 5235 3295 5273 δ

1761 5302 1956 5373 quibus
1987 5303 2267 5359 concussis
2291 5302 2596 5357 Iudaeorum
2622 5301 2835 5364 animae,
2857 5315 2977 5368 quae
3000 5303 3175 5357 valles
3199 5319 3298 5357 no-

1763 5390 2033 5445 minantur
2059 5392 2130 5445 ob
2161 5393 2395 5461 ipsarum
2430 5390 2811 5453 humilitatem,
2837 5390 2965 5441 dum
2996 5389 3196 5456 priscis
3221 5392 3299 5444 al-

1760 5479 2074 5535 titudinibus
2116 5481 2494 5545 conferuntur,
2524 5493 2716 5534 eorum
2770 5492 2890 5546 quae
2933 5491 3110 5545 nuper
3157 5478 3303 5532 dicta

1759 5575 1902 5631 sunt,
1935 5568 2205 5625 interitum
2236 5572 2576 5642 deplorantes
2608 5586 2626 5618 ι
2669 5575 2928 5635 tanquam
2951 5580 3074 5619 cera
3104 5579 3133 5616 a
3166 5564 3307 5620 facie
