3740 6322
116 423 213 473 στι
992 418 1626 477 DEMONSTRATIONIS
1661 413 2104 471 EVANGELICE
2135 414 2265 471 LIB.
2308 413 2444 470 Vill.
3195 415 3297 470 638

112 530 265 600 ημῶν
315 531 410 583 καὶ
466 529 549 591 είς
588 527 751 599 δεῦρο
798 528 1242 598 συντελουμένων,
1287 529 1672 600 ἀναμφίλεκτον

1778 526 1946 596 pbetia
1974 524 2311 594 praedixerat.
2335 523 2464 588 Qua:
2490 536 2611 575 cum
2636 519 2714 574 sic
2735 537 3002 593 nunquam
3024 524 3158 578 alias
3176 532 3298 577 ante

112 620 347 690 ἡγοῦμαι
377 619 480 688 τὴν
507 615 777 679 ἀπόδειξιν
808 616 1080 687 εἰληφέναι
1112 620 1202 672 τὸν
1245 621 1432 690 χρόνον
1468 622 1561 690 τῆς
1585 619 1669 671 θε-

1778 629 1799 666 a
1826 613 2038 667 condito
2082 628 2214 676 aevo,
2251 613 2353 667 nisi
2397 620 2517 681 post
2546 612 2826 666 adventum
2872 612 3167 668 Salvatoris
3201 628 3298 665 no-

116 708 444 778 σπιζομένης
470 708 557 768 είς
585 704 901 776 ἀνθρώπους
923 707 1011 760 τοῦ
1039 711 1241 780 Κυρίου
1270 713 1581 782 παρουσίας.

1778 705 1892 765 stri,
1954 702 2208 757 Romanis
2268 702 2549 771 imperium
2604 699 2987 767 obtinentibus,
3037 701 3102 753 ad
3154 702 3298 754 hunc

120 812 291 866 usque
327 796 476 848 diem
506 793 859 863 contigerint,
891 795 1188 851 indubitata
1241 799 1672 854 demonstratiom

1778 803 2003 849 stensum
2045 806 2166 846 esse
2200 791 2430 845 arbitror
2458 790 2598 858 eius,
2635 803 2792 857 quem
2843 791 3108 859 propheta:
3141 806 3298 845 cane.

111 889 259 949 bant,
295 884 519 940 Domini
557 884 825 939 adventus
847 885 914 938 ad
946 886 1210 955 homines,
1245 898 1475 959 tempus.

1774 1038 1817 1091 Α
1870 1034 2146 1089 Zaclmria.
2177 1064 2246 1075 -——
2275 1033 2436 1104 Signa
2485 1042 2767 1104 temporum
2808 1031 2904 1085 Dei
2950 1033 3018 1088 ad
3066 1035 3295 1090 homines

1845 1106 2092 1158 adtentus
2114 1143 2128 1166 ,
2168 1114 2215 1157 et
2254 1102 2451 1155 voc‘atio
2488 1102 2713 1171 gentium
2735 1139 2750 1164 ,
2788 1110 3111 1172 extremaque
3154 1104 3295 1159 urbis

1844 1174 2136 1228 Jerusalem
2163 1172 2377 1224 eversio.

178 1309 196 1341 ι
237 1288 458 1359 Τέρπου
493 1288 591 1340 καὶ
621 1287 933 1359 εὐφραίνου,
964 1288 1193 1361 θύγατερ
1222 1290 1375 1355 Σιὼν,
1403 1293 1531 1347 διότι
1566 1295 1670 1346 ἰδοὺ

1849 1298 1866 1330 ι
1898 1279 2077 1333 Gaude
2115 1285 2166 1331 et
2204 1276 2415 1338 lauare,
2456 1273 2560 1327 filia
2597 1271 2749 1338 Sion,
2783 1275 2906 1343 quia
2940 1289 3066 1329 eccc
3097 1289 3195 1344 ego
3210 1290 3300 1329 ve-

115 1379 215 1448 ἐγὼ
245 1379 509 1450 ἔρχομαι,
552 1378 648 1430 καὶ
680 1377 1080 1448 κατασκηνώσω
1121 1382 1176 1433 ἐν
1214 1382 1359 1452 μέσῳ
1388 1401 1499 1446 σου,
1528 1384 1672 1453 λέγει

1778 1372 1862 1424 nio
1886 1411 1900 1431 ,
1931 1380 1983 1425 et
2013 1368 2266 1423 habitabo
2300 1366 2352 1420 in
2387 1365 2563 1419 medio
2605 1365 2710 1427 tui,
2749 1365 2881 1418 dicit
2917 1363 3196 1420 Dominus.
3236 1364 3300 1418 Et

116 1469 324 1538 Κύριος.
362 1468 482 1520 Καὶ
512 1464 939 1534 καταφεύξονται
977 1466 1097 1539 ἔθνη
1128 1470 1293 1523 πολλά
1329 1474 1419 1526 ἐπὶ
1444 1475 1532 1525 τὸν
1565 1475 1672 1527 Κύ-

1778 1463 2085 1532 confugient
2114 1467 2299 1530 gentes
2332 1458 2512 1511 multa:
2545 1457 2610 1510 ad
2646 1455 2927 1509 Dominum
2959 1458 3013 1509 in
3051 1455 3138 1509 die
3174 1456 3259 1508 illa
3284 1495 3299 1517 ,

117 1577 221 1628 ριον
247 1559 306 1610 ἐν
332 1559 402 1627 τῇ
435 1557 627 1628 ἡμέρᾳ
670 1556 873 1627 ἐκείνῃ,
898 1557 991 1609 καὶ
1018 1557 1224 1612 ἔσονται
1255 1563 1398 1631 αὐτῷ
1420 1565 1497 1626 εἰς
1526 1563 1670 1630 λαὸν,

1778 1564 1826 1609 et
1861 1559 2020 1608 erunt
2053 1552 2100 1606 ei
2140 1551 2194 1604 in
2234 1550 2509 1618 populum.
2563 1547 2627 1600 Et
2677 1546 2995 1600 habitabunt
3034 1546 3086 1598 in
3125 1545 3301 1599 medio

117 1645 199 1697 καὶ
222 1643 745 1714 κατασκηνώσουσιν
771 1646 828 1695 ἐν
858 1644 1002 1714 μέσῳ
1028 1662 1138 1710 σου,
1160 1650 1252 1701 καὶ
1293 1651 1561 1724 ἐπιγνῶσῃ
1591 1656 1670 1706 ὅτι

1778 1647 1853 1700 tui
1886 1664 1899 1700 :
1940 1653 1993 1699 et
2031 1658 2328 1712 cognosces
2364 1640 2508 1711 quod
2546 1639 2803 1693 Dominus
2836 1637 3173 1707 omnipotens
3204 1637 3304 1691 mi-

120 1733 303 1805 Κύριος
330 1735 739 1803 παντοκράτωρ
763 1732 1121 1797 ἐξαπέσταλκέ
1150 1754 1214 1805 με
1248 1739 1380 1809 πρὸς
1407 1741 1486 1793 σέ.
1514 1761 1534 1791 ο
1565 1743 1671 1794 Καὶ

1778 1736 1843 1790 sit
1869 1751 1956 1789 me
1986 1733 2054 1787 ad
2085 1739 2136 1787 te
2166 1732 2231 1786 ⁸⁸.
2273 1751 2292 1783 ι
2321 1729 2387 1785 Et
2418 1737 2540 1800 post
2570 1728 2673 1781 alia
2702 1727 2932 1797 plurima
2962 1742 3080 1795 quae
3108 1726 3161 1778 in
3188 1741 3302 1780 me—

121 1822 226 1891 μεθ’
250 1822 412 1893 ἕτερα
443 1823 676 1874 πλεῖστα
697 1822 893 1892 μεταξῦ
917 1824 1148 1893 ἐπιλέγει
1171 1844 1183 1857 ο
1211 1845 1230 1878 ι
1265 1830 1427 1901 Χαῖρε
1451 1832 1670 1902 σφόδρα,

1778 1825 1863 1879 dio
1888 1823 2055 1894 ponit,
2077 1820 2315 1890 adiungit
2338 1839 2350 1873 :
2375 1837 2393 1868 ι
2423 1818 2604 1872 Gaude
2626 1816 2991 1882 vehementer,
3014 1815 3121 1868 illia
3147 1814 3299 1867 Sion.

120 1911 336 1982 θύγατερ
374 1910 547 1974 Σιὼν,
582 1913 842 1982 κήρυσσε,
880 1911 1110 1984 θύγατερ
1153 1916 1529 1989 Ἰερουσαλήμ·
1565 1922 1670 1974 ίδοὺ

1778 1912 2010 1967 Ριωᾱίρε
2030 1950 2045 1975 ,
2082 1911 2187 1963 lilia
2218 1908 2511 1963 Jerusalem
2540 1922 2554 1958 :
2590 1921 2716 1961 ecce
2746 1903 2857 1959 Rex
2884 1912 3011 1959 tuus
3037 1905 3180 1958 venit
3204 1903 3302 1957 tibi

120 2006 143 2054 ὁ
166 2001 408 2073 βασιλεύς
447 2019 547 2054 σου
579 2002 795 2073 ἔρχεταί
821 2020 900 2056 σοι
926 2005 1127 2069 δίκαιος
1165 2009 1257 2061 καὶ
1287 2009 1489 2073 σώζων,
1519 2013 1672 2075 αὐτὸς

1778 2001 1957 2070 justus
1993 2006 2045 2053 et
2085 1995 2347 2060 Salvator,
2402 1996 2514 2063 ipse
2561 2002 2871 2048 mansuetus
2919 2001 2973 2046 et
3018 1990 3301 2060 impositus

124 2092 281 2162 πραῢς
306 2093 402 2144 καὶ
427 2092 785 2160 ἐπιϐεϐηκὼς
804 2095 895 2147 ἐπὶ
921 2096 1205 2164 ὑποζύγιον
1231 2098 1322 2151 καὶ
1348 2100 1518 2153 πῶλον
1537 2102 1672 2155 νέον.

1778 2104 1941 2159 super
1961 2089 2263 2158 jumentum
2295 2093 2347 2140 et
2372 2085 2573 2155 pullum
2602 2084 3010 2138 adolescentem.
3038 2081 3099 2133 Et
3123 2080 3304 2150 perdet

123 2182 217 2235 Καὶ
243 2180 625 2252 ἐξολοθρεύσει
656 2182 874 2252 ἅρματα
920 2184 979 2248 ἐξ
1017 2186 1269 2256 Ἐφραῖμ,
1302 2189 1394 2240 καὶ
1427 2189 1588 2243 ἵππον
1619 2190 1672 2254 ἐξ

1778 2193 1967 2233 currus
2002 2194 2067 2232 ex
2104 2174 2371 2245 Ephrem,
2411 2181 2464 2229 et
2498 2188 2692 2242 equum
2753 2188 2818 2226 ex
2868 2170 3197 2225 Jerusalem:
3251 2176 3305 2225 et

130 2272 480 2343 Ἰερουσαλήμ
498 2289 513 2301 ·
551 2272 647 2325 καὶ
674 2272 851 2336 ἐξολοθ
861 2274 1171 2345 ρευθήσεται
1194 2277 1339 2342 τόξον
1367 2278 1672 2348 πολεμικὸν,

1778 2269 2027 2338 perdetur
2063 2282 2223 2321 arcus
2260 2266 2523 2325 bellicus,
2564 2270 2618 2318 et
2663 2262 2991 2316 abundantia
3042 2261 3190 2330 pacis
3238 2277 3301 2315 ex

123 2361 203 2413 καὶ
227 2361 425 2432 πλῆθος
471 2362 699 2430 εἰρήνης
726 2360 786 2424 ἐξ
816 2360 1005 2416 ἐθνῶν.
1030 2366 1137 2417 Καὶ
1170 2365 1418 2436 κατάρξει
1448 2368 1553 2420 ἀπὸ
1581 2369 1672 2421 θα-

1778 2358 2039 2428 gentibus.
2080 2354 2146 2408 Et
2184 2354 2542 2424 principatum
2581 2351 2847 2406 obtinebit
2890 2366 2919 2403 a
2966 2351 3100 2403 mari
3136 2365 3303 2418 usque

124 2447 306 2518 λάσσης
327 2447 436 2509 ἕως
468 2446 770 2516 Θαλάσσης,
811 2449 903 2500 καὶ
944 2450 1051 2502 ἀπὸ
1078 2452 1330 2521 ποταμῶν
1365 2453 1428 2505 δι’
1456 2455 1672 2519 ἐκϐολάς

1778 2446 1840 2499 ad
1871 2460 2050 2507 mare,
2082 2451 2135 2497 et
2160 2457 2190 2495 a
2215 2441 2527 2496 ﬂuminibus
2558 2454 2652 2508 per
2679 2438 2977 2506 ejectiones
3004 2444 3163 2490 terra:
3188 2437 3253 2489 ”.
3280 2454 3299 2486 ι

124 2535 229 2604 γῆς.
264 2554 282 2586 ι
309 2534 503 2587 Ταῦτα
534 2536 663 2605 περὶ
687 2536 784 2605 τῆς
806 2537 897 2588 τοῦ
934 2538 1179 2608 Σωτῆρος
1203 2539 1355 2608 ἡμῶν
1385 2543 1672 2611 παρουσίας

1778 2535 1896 2589 Haec
1948 2534 2037 2588 ubi
2087 2533 2153 2588 de
2200 2531 2496 2585 Salvatoris
2546 2528 2717 2584 nostri
2765 2528 2996 2581 adventu
3036 2526 3139 2581 hoc
3176 2526 3302 2579 item

126 2623 366 2686 θεσπίσας
401 2625 505 2676 καὶ
529 2623 626 2677 νῦν
654 2625 682 2676 6
705 2623 878 2692 λόγος,
916 2625 1031 2694 μεθ’
1063 2625 1220 2697 ἕτερα
1256 2630 1380 2699 περὶ
1406 2630 1500 2699 τῆς
1522 2633 1672 2701 ἐσχά-

1778 2627 1892 2680 loco
1926 2624 2202 2678 oraculum
2240 2622 2476 2686 cecinit;
2515 2628 2628 2674 tum
2670 2627 2790 2688 post
2820 2619 2923 2672 alia
2960 2633 3080 2688 quae
3132 2618 3303 2672 inter-

125 2730 208 2785 της
250 2714 593 2785 ἐρημώσεως
637 2715 738 2785 τῆς
787 2715 1150 2786 Ἰερουσαλὴμ,
1199 2717 1315 2769 τοτὲ
1369 2719 1464 2788 μὲν
1501 2722 1672 2773 ἐπικε-

1778 2711 1966 2781 ponit,
2010 2710 2170 2764 etiam
2213 2708 2279 2762 de
2324 2714 2559 2762 extrema
2610 2705 2905 2760 Jerusalem
2947 2705 3302 2771 desolatione,

127 2803 437 2873 κρυμμένως
488 2805 588 2857 καὶ
624 2804 691 2856 δι’
728 2804 1080 2875 αἰνιγμάτων,
1125 2806 1242 2859 τοτέ
1270 2806 1325 2859 δὲ
1361 2808 1672 2874 ἀκαλύπτως

1778 2816 1917 2854 nunc
1965 2799 2176 2854 occulte
2227 2812 2289 2851 ac
2341 2813 2437 2867 per
2489 2796 2752 2851 obscuros
2800 2812 3107 2862 sermones,
3162 2811 3306 2851 nunc

127 2895 491 2962 ci~ncpmvsi'5t‘
526 2895 867 2964 αἰνιγμάτων
903 2894 1000 2963 μέν
1022 2896 1079 2947 ἐν
1122 2890 1201 2958 οἷς
1230 2912 1388 2964 φησιο
1423 2915 1441 2948 ι
1476 2899 1672 2951 Διάνοι-

1778 2890 2022 2959 explicitc
2049 2896 2209 2958 atque
2240 2893 2423 2956 aperte
2448 2886 2611 2940 verba
2645 2884 2803 2949 facit,
2832 2886 3061 2940 obscure
3090 2885 3301 2955 quidem

129 2983 221 3047 ξον,
242 2986 269 3035 6
295 2984 557 3047 Λίϐανος.
585 2983 685 3046 τάς
722 2982 894 3044 πύλας
917 2999 1029 3047 σου,
1076 2983 1169 3034 καὶ
1196 2986 1545 3053 καταφαγέτω
1570 2986 1672 3057 πῦρ

1778 2993 1838 3032 ac
1870 2978 2111 3049 ﬁgurate,
2143 2978 2231 3032 ubi
2262 2978 2372 3030 ait:
2403 2975 2567 3047 ωε
2597 2994 2615 3026 ι
2646 2976 2838 3046 Aperi,
2867 2976 3096 3042 Libane,
3123 2985 3306 3048 portas

128 3074 210 3136 τὶς
236 3073 455 3146 κέδρους
504 3091 624 3126 σου.
671 3072 998 3138 Ὀλολυξάτω
1040 3074 1211 3138 πίτυς,
1259 3074 1389 3126 διότι
1428 3076 1672 3129 πέπτωκε

1778 3077 1928 3134 tuas,
1959 3078 2011 3125 et
2042 3070 2284 3124 comedat
2322 3069 2459 3138 ignis
2495 3068 2684 3123 cedros
2723 3078 2866 3127 tuas.
2896 3069 3072 3125 Ululet
3109 3071 3267 3139 pinus
3288 3109 3303 3135 .

129 3164 313 3233 κέδρος,
359 3164 500 3219 διότι
554 3164 806 3233 μεγάλως
860 3165 1174 3233 μεγιστᾶνες
1221 3164 1672 3237 ἐταλαιπώρησαν.

1778 3161 2023 3230 quoniam
2057 3159 2248 3214 cecidit
2279 3158 2473 3212 cedrus
2496 3197 2511 3221 ,
2542 3160 2791 3227 quoniam
2835 3175 3156 3230 magnopere
3193 3177 3308 3215 ma-

140 3251 457 3316 Ὀλολύξατε,
502 3251 670 3322 δρύες
713 3253 810 3322 τῆς
848 3251 1204 3315 Βασανίτιδος,
1241 3254 1672 3327 ὅτικαὴσπάσθη

1778 3252 1950 3323 gniﬁci
1983 3252 2160 3305 alliicti
2199 3258 2345 3305 sunt.
2384 3249 2594 3304 Ululate
2616 3290 2631 3311 ,
2671 3266 2902 3320 quercus
2938 3251 3260 3308 Basanitidis
3285 3293 3301 3318 ,

129 3340 153 3389 6
177 3340 366 3410 δρυμὸς
406 3342 438 3392 6
472 3340 791 3409 σύμφυτος·
834 3339 983 3409 φωνὴ
1021 3340 1350 3412 θρηνούντων
1388 3345 1669 3414 ποιμένων,

1778 3342 2021 3411 quoniam
2046 3341 2334 3396 convulsus
2358 3347 2439 3394 est
2462 3340 2631 3394 saltus
2658 3341 2922 3395 consitus.
2953 3340 3070 3395 Vox
3094 3342 3299 3395 lamen-

127 3425 197 3478 ὃτι
239 3425 727 3496 τεταλαιπὼρηκεν
776 3428 809 3496 ἠ
872 3427 1218 3498 μεγαλωσύνη
1276 3430 1480 3482 αύτῶψ
1528 3432 1672 3501 φωνὴ

1778 3431 1998 3485 tantium
2024 3436 2296 3499 pastorum
2314 3469 2330 3492 ,
2355 3430 2609 3498 quoniam
2633 3429 2828 3483 amicta
2849 3437 2932 3485 est
2962 3430 3307 3498 magniﬁcen—

128 3514 435 3585 ὠρυομένων
460 3516 721 3578 λεόντων,
748 3517 829 3568 ὄτι
861 3516 1294 3589 τεταλαιπώρηκε
1324 3519 1384 3571 τὸ
1420 3520 1672 3589 φρύαγμα

1778 3520 1845 3574 Lia
1875 3535 2078 3575 eorum.
2109 3517 2221 3573 Vox
2256 3519 2577 3588 rugientium
2621 3519 2864 3583 leonum,
2896 3520 3147 3588 quoniam
3176 3520 3307 3574 ami-

128 3602 207 3661 τοῦ
238 3604 527 3674 Ἰορδάνου.
565 3622 583 3654 ι
623 3603 807 3657 Ταῦτα
855 3605 951 3675 μὲν
981 3606 1049 3660 δι’
1088 3607 1443 3676 αἰνιγμάτωνο
1489 3610 1584 3679 τὴν
1620 3609 1672 3661 δὲ

1778 3618 1857 3664 cta
1892 3618 1975 3664 est
2012 3608 2262 3678 superbia
2297 3606 2547 3662 Jordanis
2588 3608 2627 3661 ¹.
2660 3627 2678 3659 ι
2708 3606 2769 3660 Et
2806 3608 2920 3661 haec
2956 3608 3170 3677 quidem
3211 3625 3306 3678 per

126 3691 307 3744 τούτων
353 3692 663 3763 ἑρμηνείαν
707 3693 1095 3757 ἀνακαλύπτως
1133 3696 1162 3746 6
1198 3696 1352 3758 αὐτὸς
1403 3700 1672 3768 προφήτης

1778 3700 2083 3769 smigmata:
2111 3698 2206 3752 sed
2230 3713 2416 3752 eorum
2443 3697 2936 3766 interpretationem
2958 3706 3142 3766 aperte
3163 3697 3303 3752 idem

128 3784 353 3855 ἐπιφέρει
408 3785 630 3853 λέγων·
677 3803 696 3835 ι
738 3785 870 3839 Ἰδοὺ
908 3784 1017 3854 ἐγὼ
1054 3785 1239 3855 τίθημι
1279 3787 1376 3855 τὴν
1418 3787 1672 3856 Ἰερουσα-

1778 3787 2030 3857 propheta
2062 3785 2337 3855 adiungit,
2376 3785 2563 3839 dicens
2589 3802 2603 3838 :
2639 3803 2657 3835 ι
2689 3783 2826 3839 Ecce
2855 3800 2952 3854 ego
2981 3800 3123 3853 pono
3150 3783 3305 3839 Jeru-

125 3870 220 3942 λημ
244 3873 316 3936 ὡς
347 3874 622 3947 πρόπυλα
655 3873 985 3943 σαλευόμενα
1032 3874 1200 3926 ἀπασι
1251 3877 1361 3937 τοῖς
1404 3875 1547 3938 λαοῖς
1586 3876 1678 3928 κύ-

127 3961 239 4031 κλῳ,
273 3964 366 4017 καὶ
399 3965 463 4015 ἐν
494 3965 567 4033 τῇ
608 3962 867 4032 Ἰουδαίῳ
906 3962 999 4014 καὶ
1028 3961 1173 4017 ἔσται
1206 3962 1426 4034 περιοχὴ
1462 3965 1551 4016 ἐπὶ
1582 3965 1675 4017 Ὶε-

128 4051 403 4122 ρουσαλὴμ.
440 4050 562 4103 Καὶ
598 4047 750 4102 ἔσται
793 4050 849 4101 ἐν
895 4050 962 4118 τῇ
1013 4048 1194 4119 ἡμέρᾳ
1218 4048 1416 4119 ἐκείνῃ,
1449 4048 1676 4118 θήσομαι

124 4138 210 4208 τὴν
254 4140 622 4213 Ἰερουσαλὴμ
676 4139 821 4192 λίθον
874 4138 1343 4208 καταπατούμενον
1394 4140 1524 4192 πᾶσι
1570 4143 1677 4203 τοῖς

123 4226 297 4282 ἔθνεσι.
333 4232 455 4293 Πᾶς
486 4232 518 4283 ὁ
553 4227 883 4281 καταπατῶν
914 4227 1079 4297 αὐτὴν
1107 4227 1383 4296 ἐμπαίζων
1427 4229 1680 4298 ἐμπαίξε-

123 4329 216 4378 ται,
244 4318 335 4371 καὶ
362 4317 910 4387 ἐπισυναχθήσονται
938 4318 1022 4369 ἐπ’
1048 4316 1213 4387 αὐτὴν
1254 4317 1426 4370 πάντα
1457 4318 1523 4369 τὰ
1554 4318 1675 4389 ἔθνη

121 4403 207 4473 τῆς
242 4409 364 4477 γῆς.
412 4428 433 4461 ι
466 4407 581 4462 Καὶ
620 4404 760 4475 μετά
809 4403 1011 4476 βραχέα
1042 4404 1310 4472 ἐπιλέγει·
1348 4425 1367 4456 ι
1408 4407 1515 4458 Καὶ
1564 4408 1679 4458 ἐπι-

124 4491 387 4562 ὅλέψονται
418 4496 567 4565 πρὸς
600 4495 689 4566 μὲ,
723 4494 838 4548 ἀνθ’
884 4488 959 4547 ὧν
999 4496 1409 4565 κατωρχήσαντο
1428 4512 1441 4525 ο
1475 4496 1565 4548 καὶ
1592 4496 1677 4547 κό-

122 1042 260 1114 Ἀπιξ
271 1040 377 1093 τοῦ
387 1042 789 1114 Ζαχαρίουτ-
804 1042 1018 1109 Σημεῖα
1037 1046 1264 1111 χρόνων
1276 1046 1388 1114 τῆς
1397 1048 1501 1100 τοῦ
1526 1049 1667 1103 θεοῦ

177 1110 369 1187 ᾼργρυ
427 1111 535 1187 ⁵εις
561 1108 919 1187 ,ἀνθρώπους
942 1108 1316 1187 παρουσίας,
1334 1108 1568 1183 ’κλῆσις
1594 1135 1671 1187 Ατε

174 1177 384 1239 ἐθνῶν,
414 1177 648 1245 ὑστάτη
679 1194 742 1229 τε
778 1180 1115 1245 καθαίρεσις
1141 1180 1245 1248 τῆς
1263 1177 1666 1254 Ἰερουσαλήμ.

1773 3877 1937 3931 salem
1966 3885 2023 3928 ut
2050 3874 2310 3930 vestibula
2333 3888 2451 3941 quae
2478 3873 2793 3942 quatiuntur
2817 3874 3066 3928 omnibus
3094 3874 3305 3943 populis

1772 3964 1825 4016 in
1858 3962 2121 4025 circuitu,
2153 3968 2207 4015 et
2242 3961 2294 4015 in
2329 3958 2551 4014 Judaea:
2592 3966 2645 4013 ct
2687 3960 2790 4013 erit
2835 3960 3072 4015 ambitus
3101 3962 3159 4014 in
3196 3960 3306 4014 cir-

1772 4053 1916 4106 cuitu
1950 4060 2138 4106 contra
2166 4050 2488 4106 Jerusalem.
2516 4052 2581 4103 Et
2608 4050 2713 4105 erit
2741 4051 2795 4104 in
2827 4050 2915 4106 die
2941 4050 3030 4105 illa
3054 4089 3070 4113 ,
3105 4065 3301 4121 ponam

1770 4141 2063 4197 Jerusalem
2115 4140 2379 4210 lapidem,
2428 4140 2521 4210 qui
2560 4141 2911 4195 conculcetur
2947 4141 3015 4194 ab
3050 4141 3303 4196 omnibus

1773 4233 2038 4302 gentibus.
2073 4231 2260 4287 Omnis
2289 4232 2381 4301 qui
2410 4232 2692 4286 conculcet
2729 4246 2878 4295 eam,
2920 4231 3148 4288 illudens
3180 4233 3304 4286 ιιιιι-

1773 4322 1925 4375 detur
1950 4340 1964 4375 :
1996 4328 2047 4374 et
2076 4320 2548 4389 congregabuntur
2576 4334 2738 4387 super
2759 4333 2875 4373 eam
2903 4334 3090 4375 omnes
3118 4326 3302 4387 gentes

1773 4416 1927 4464 terrae
1964 4412 2005 4463 ³.
2044 4429 2061 4460 ι
2089 4408 2152 4461 Ει
2182 4415 2303 4479 post
2334 4423 2505 4477 pauca
2544 4408 2824 4478 adjungit:
2865 4426 2884 4457 ι
2917 4406 2979 4459 Et
3014 4408 3302 4477 respicient

1775 4499 1840 4551 ad
1871 4513 1954 4551 me
1978 4536 1993 4562 ,
2031 4512 2190 4567 quem
2229 4497 2599 4561 conﬁxerunt,
2639 4503 2919 4564 propterea
2956 4494 3099 4563 quod
3137 4494 3303 4547 insul-

123 4581 296 4649 ψονται
326 4587 414 4638 ἐπ’
449 4565 621 4639 αὐτὸν
652 4584 877 4636 κοπετὸν
901 4584 976 4646 ὡς
1002 4584 1087 4636 ἐπ’
1115 4582 1395 4652 ἀγαπητῷ,
1440 4584 1530 4637 καὶ
1562 4584 1676 4636 66‘6-
1707 4565 1748 4619 θ

121 4687 208 4739 νην
232 4675 305 4737 ὡς
331 4675 429 4729 ἐπὶ
464 4674 819 4745 πρωτοτόκῳ.
862 4674 950 4725 Ἐν
1064 4673 1263 4743 ’ἡμέρᾳ
1287 4672 1462 4744 ἐκείνῃ
1514 4690 1674 4742 μεγα-

122 4760 428 4836 λυνθήσεται
502 4769 533 4819 6
591 4766 820 4827 κοπετὸς
877 4763 1224 4833 Ἰερουσαλὴμ
1244 4802 1259 4824 ,
1323 4764 1397 4826 ὡς
1454 4764 1674 4827 κοπετὸς

134 4852 343 4918 Ῥοῶνος
386 4859 448 4908 ἐν
484 4856 655 4925 πεδίῳ
691 4852 1107 4922 ἐκκοπτομένου.
1146 4852 1255 4904 Καὶ
1295 4852 1510 4921 κόψεται
1540 4855 1572 4922 ή
1604 4854 1672 4923 γῆ
1700 4861 1715 4873 '

128 4939 251 4992 κατὰ
282 4944 479 5010 φυλάς,
519 4942 659 5012 φυλὴ
701 4940 850 4993 οἴκου
881 4939 1043 4992 Δαϐὶδ
1089 4938 1205 4991 καθ’
1255 4938 1464 5007 ἑαυτὴν,
1496 4940 1588 4992 καὶ⁵
1618 4940 1674 4993 αἱ

128 5032 360 5095 γυναῖκες
388 5032 580 5084 αὐτῶν
608 5029 730 5083 καθ’
755 5029 983 5091 ἑαυτάς·
1011 5028 1147 5098 φυλὴ
1177 5026 1322 5080 οἴκου
1348 5027 1527 5081 Νάθαν
1559 5030 1676 5082 καθ’

133 5115 328 5189 ιιυτὴν,
356 5122 454 5174 καὶ
505 5122 565 5172 αί
609 5121 866 5188 γυναῖκες
906 5116 1081 5169 αὐτῶν
1120 5116 1239 5169 καθ’
1282 5116 1504 5178 ἑαυτάς·
1539 5118 1676 5189 φυλὴ

132 5204 261 5258 οἴκου
292 5209 425 5261 Λευῖ
461 5209 589 5261 καθ’
618 5206 838 5276 ἑαυτὴν,
872 5204 967 5257 καὶ
1001 5206 1055 5257 αί
1084 5207 1334 5271 γυναῖκες
1363 5206 1538 5258 αὐτῶν
1560 5207 1676 5260 καθ’

134 5291 343 5359 ἐαυτάςο
387 5297 536 5366 φυλὴ
576 5297 668 5349 τοῦ
718 5292 941 5363 Συμεὼν
980 5293 1098 5346 καθ’
1130 5292 1340 5363 ἑαυτὴν,
1367 5294 1458 5347 καὶ
1495 5296 1551 5347 αἱ
1579 5312 1675 5363 γυ-

138 5383 299 5446 ναῖκες
322 5386 509 5437 αὐτῶν
542 5386 659 5438 καθ’
691 5382 920 5443 ἑαυτάς·
954 5382 1120 5433 πᾶσαι
1158 5383 1210 5434 αἱ
1238 5382 1674 5454 ύπολελειμμέναι

140 5460 304 5553 mihi”
329 5475 474 5546 (ευλὴ
504 5474 625 5553 καθ’
653 5469 877 5553 ἐαυτην,
903 5469 992 5521 καὶ
1014 5469 1068 5520 αἱ
1086 5471 1331 5536 γυναῖκες
1358 5471 1531 5523 αὐτῶν
1554 5473 1672 5525 καθ’

146 5557 332 5622 ἑαυτάς,
382 5581 401 5612 ι
453 5561 567 5614 Καὶ
612 5559 782 5613 πάλιν
814 5552 945 5625 μεθ*
982 5555 1139 5626 ’ἕτερα
1186 5557 1281 5627 τὴν
1310 5559 1536 5628 ἐσχάτην
1579 5562 1675 5631 τῆς

156 5646 479 5722 Ἰερουσαλὴμ
510 5645 837 5718 πολιορκίαν
856 5645 1169 5716 σαφέστερον
1188 5649 1456 5718 κηρύττει,
1485 5649 1668 5717 λέγων’

210 5800 247 5829 ³³
282 5799 434 5855 Ζιιιςῐι.
466 5816 534 5867 ιι,
581 5795 771 5863 ιο,ιι.
853 5795 892 5824 ’³
929 5790 1141 5847 Zachar.
1176 5812 1227 5853 rx
1255 5840 1269 5867 ,

1777 4594 2021 4661 taverurit
2054 4603 2067 4639 :
2099 4594 2153 4640 et
2190 4586 2442 4654 plangent
2479 4600 2641 4653 super
2677 4600 2741 4637 eo
2802 4585 3072 4652 planctum
3118 4591 3176 4636 ut
3206 4599 3303 4637 su-

1777 4690 1870 4742 per
1896 4674 2107 4735 dilecto,
2124 4683 2176 4728 et
2203 4674 2440 4727 dolorem
2456 4680 2514 4727 ut
2539 4688 2699 4741 super
2729 4672 3099 4740 primogenito.
3132 4672 3188 4724 In
3220 4672 3306 4725 die

1777 4765 1865 4817 illa
1895 4763 2323 4832 magniiicabitur
2350 4765 2599 4833 planctus
2621 4761 2913 4816 Jerusalem
2935 4799 2950 4823 ,
2974 4768 3033 4812 ut
3059 4760 3304 4828 planctus

1776 4853 2028 4906 Rhoonos
2070 4852 2120 4904 in
2160 4867 2349 4921 campo
2382 4853 2501 4921 ejus
2535 4852 2627 4922 qui
2664 4850 2946 4905 exciditur.
2991 4849 3055 4901 Et
3089 4850 3302 4919 planget

1777 4952 1916 4997 terra
1955 4941 2236 4995 tributim:
2279 4942 2454 4996 tribus
2492 4942 2684 4995 domus
2724 4938 2889 4992 David
2927 4954 3171 4994 seorsum
3196 4978 3210 5002 ,
3249 4946 3303 4993 et

1776 5032 2026 5086 mulieres
2048 5045 2235 5084 eorum
2262 5045 2505 5085 seorsum
2531 5049 2544 5084 :
2570 5029 2744 5083 tribus
2771 5028 2962 5083 domus
2984 5026 3193 5081 Nathan
3219 5045 3304 5083 se-

1775 5136 1957 5177 orsum
1976 5160 1991 5182 ,
2025 5127 2080 5174 et
2110 5120 2361 5174 mulieres
2388 5134 2573 5173 eorum
2603 5132 2848 5173 seorsum
2876 5136 2889 5171 :
2918 5117 3091 5171 tribus
3111 5118 3304 5173 domus

1775 5211 1902 5265 Levi
1950 5224 2225 5273 seorsum,
2274 5218 2328 5263 et
2378 5210 2635 5263 mulieres
2682 5222 2867 5262 eorum
2897 5222 3172 5262 seorsum:
3206 5208 3305 5260 tri-

1776 5299 1878 5353 bus
1904 5296 2117 5351 Simeon
2146 5311 2389 5351 seorsum
2410 5336 2425 5359 ,
2453 5307 2505 5351 et
2526 5296 2777 5350 mulieres
2806 5311 2989 5349 eorum
3018 5312 3257 5351 seorsum
3285 5314 3299 5350 :

1775 5402 1961 5442 omnes
1990 5388 2209 5455 reliquae
2235 5387 2428 5450 tribus,
2458 5387 2630 5440 tribus
2660 5400 2903 5439 seorsum
2925 5424 2940 5448 ,
2967 5393 3021 5440 et
3051 5385 3303 5440 mulieres

1777 5490 1962 5530 eorum
2011 5489 2253 5529 seorsum
2282 5476 2322 5528 ³.
2352 5493 2371 5526 ι
2399 5474 2608 5530 Rursus
2653 5482 2774 5541 post
2822 5473 2962 5534 alia,
3008 5480 3301 5527 extremam

1776 5564 1923 5618 urbis
1958 5561 2253 5618 Jerusalem
2292 5565 2625 5619 obsidionem
2662 5562 2877 5630 planius
2902 5562 3163 5623 enuntiat,
3215 5546 3303 5614 di;

1784 5668 1948 5707 cens:
1987 5672 2004 5703 ι
2034 5652 2171 5708 Ecce
2206 5653 2322 5709 dies
2359 5657 2580 5713 veniunt
2616 5652 2828 5723 Domini
2851 5691 2872 5727 ,θ
2903 5659 2957 5707 et
2992 5650 3296 5706 dividentur

1356 5800 1512 5867 9,10.
1590 5803 1672 5856 ’Ζ

1778 5819 1861 5858 ιον.
1901 5818 1986 5870 τι,
2027 5805 2140 5860 1-5.
2218 5808 2238 5838 ²
2278 5805 2501 5864 Zachar.
2537 5821 2645 5870 xu,
2682 5804 2734 5868 Ξ,
2763 5804 2816 5858 5.
2892 5806 2911 5838 ³
2948 5804 3075 5859 ibid.
3112 5801 3290 5857 ιοσιε.
