3740 6344
524 417 627 471 659

1139 402 1398 459 EUSEBII
1426 396 1897 455 CAESARIENSIS
1928 392 2077 447 OPP.
2107 391 2283 446 PARS
2319 392 2382 448 ll.
2416 422 2485 433 -—
2523 389 3006 446 APOLOGETICA.
3523 395 3600 448 θα)

523 525 690 592 spolia
729 531 821 577 tua
861 525 914 578 in
952 530 1033 583 te,
1066 526 1119 573 et
1155 514 1492 585 congregabo
1529 528 1714 567 Omnes
1754 520 1942 581 gentes
1976 508 2039 561 ad

2150 523 2167 555 ι
2217 507 2346 560 Ἰδοὺ
2390 509 2592 577 ἡμέραι
2633 506 2872 575 ἔρχονται
2910 503 3002 554 τοῦ
3038 503 3249 574 Κυρίου,
3295 506 3378 557 καὶ
3413 506 3601 579 διαμερι.

516 612 815 666 Jerusalem
846 611 900 665 in
929 609 1120 662 bellum
1141 643 1154 667 ,
1182 611 1235 658 et
1269 602 1510 671 capietur
1548 601 1739 655 civitas
1764 637 1780 661 ,
1819 605 1874 652 et
1908 596 2044 649 diri-

523 701 735 770 pientur
761 699 980 758 domus,
1015 703 1068 749 et
1099 693 1347 745 mulieres
1378 691 1700 759 polluentur,
1735 696 1788 742 et
1815 686 2049 756 egredie-

522 798 613 841 tur
659 786 933 840 dimidium
983 781 1215 835 civitatis
1267 778 1323 832 in
1380 779 1794 847 captivitatem:
1846 774 2046 843 reliqui

519 888 700 932 autem
734 877 798 930 de
826 874 1019 944 populo
1051 887 1169 926 meo
1198 885 1304 924 non
1337 870 1586 939 peribunt
1616 869 1683 923 de
1712 868 1931 921 civitate
1949 904 1965 928 ,
1992 872 2049 919 et

520 965 821 1036 egredietur
858 961 1145 1021 Dominus,
1185 967 1238 1013 et
1269 959 1664 1026 comparabitur
1700 957 1765 1011 ad
1802 954 2043 1024 praelium

521 1056 578 1109 in
625 1052 869 1122 gentibus
914 1050 1050 1114 illis,
1095 1049 1239 1102 sicut
1287 1047 1401 1102 dies
1445 1047 1613 1115 praelii
1662 1046 1781 1114 ejus
1809 1086 1823 1109 ,
1864 1046 1920 1097 in
1958 1043 2047 1097 die

521 1143 682 1204 belli,
722 1149 776 1195 et
812 1140 1034 1194 stabunt
1072 1139 1231 1207 pedes
1268 1137 1388 1204 ejus
1424 1138 1479 1191 in
1517 1136 1604 1191 die
1642 1136 1730 1189 illa
1770 1136 1825 1189 in
1865 1144 2046 1188 monte

519 1233 786 1286 Olivarum
837 1229 978 1298 quod
1026 1236 1108 1283 est
1155 1236 1342 1282 contra
1390 1227 1686 1282 Jerusalem
1720 1226 1762 1279 ⁸.
1796 1245 1814 1276 ι
1842 1226 2045 1280 Deinde

518 1329 639 1389 post
675 1320 778 1372 alia
816 1333 934 1387 quae
973 1319 1027 1370 in
1066 1317 1240 1370 medio
1275 1315 1458 1385 ponit,
1498 1316 1612 1370 haec
1644 1317 1717 1369 ait
1747 1335 1760 1370 :
1792 1335 1809 1365 ι
1846 1315 1911 1368 Et
1942 1315 2046 1368 erit

521 1408 775 1463 Dominus
815 1423 988 1467 unus,
1025 1413 1078 1460 et
1114 1420 1309 1459 nomen
1336 1405 1454 1474 ejus
1488 1421 1648 1461 unum
1683 1406 2045 1473 complectens

514 1512 725 1551 onmem
757 1506 954 1551 terram
986 1504 1038 1548 et
1066 1495 1332 1549 desertum
1365 1495 1407 1548 ⁸.
1440 1513 1459 1546 ι
1495 1494 1655 1564 ἀθθ
1684 1494 1893 1549 Rursus
1921 1503 2044 1564 post

518 1586 622 1639 alia
661 1587 789 1638 dum
827 1585 1119 1654 prephetize
1156 1584 1292 1637 libro
1327 1582 1615 1637 terminum
1655 1585 1839 1652 ponit,
1875 1600 2042 1638 voca-

514 1674 712 1726 tionem
748 1672 982 1742 gentium
1016 1670 1100 1726 his
1129 1671 1307 1725 verbis
1338 1671 1577 1725 divinat:
1610 1690 1627 1721 ι
1660 1670 1724 1723 Ει
1756 1672 1892 1735 erit,
1922 1673 2044 1741 qui-

517 1777 730 1830 cunque
776 1748 949 1814 relicti
992 1760 1193 1814 l'uerint
1222 1775 1289 1814 ex
1325 1760 1575 1813 omnibus
1611 1760 1889 1828 gentibus,
1922 1776 2042 1830 qua:

2147 595 2242 665 σθή
2252 612 2427 648 σονται
2454 597 2522 649 τὰ
2551 595 2721 648 σκῦλά
2749 611 2840 645 σου
2862 594 2918 645 ἐν
2941 592 3039 655 σοὶ,
3061 591 3149 643 καὶ
3176 593 3448 657 ἐπισυνάξω
3473 599 3602 652 πάντα

2142 684 2210 736 τὰ
2241 685 2365 754 ἔθνη
2392 686 2485 738 ἐπὶ
2517 683 2863 755 Ἰερουσαλὴμ
2908 683 2984 743 εἰς
3015 679 3257 749 πόλεμον,
3291 682 3376 733 καὶ
3400 683 3603 740 ἁλώσεται

2142 775 2175 843 ἡ
2207 774 2376 836 πόλις,
2408 775 2501 827 καὶ
2526 774 2984 845 διαρπαγήσονται
3020 771 3074 822 αἱ
3104 770 3281 831 οἰκίαι,
3301 770 3386 823 καὶ
3412 778 3605 839 γυναῖκες

2145 863 2580 934 μολυνθήσονται,
2613 863 2707 916 καὶ
2739 861 3065 925 ἐξελεύσεται
3089 859 3148 910 τὸ
3163 859 3320 928 ἥμισυ
3348 860 3433 928 τῆς
3456 861 3605 925 πόλεως

2143 957 2198 1008 ἐν
2244 955 2615 1024 αἰχμαλωσίᾳ·
2655 955 2704 1005 oi
2743 952 2801 1005 δὲ
2843 949 3146 1004 κατάλοιποι
3184 948 3273 1002 τοῦ
3312 947 3428 1002 λαοῦ
3459 968 3537 1018 μου
3563 956 3602 1005 οὐ

2147 1047 2219 1117 μὴ
2253 1045 2695 1113 ἐξολοθρευθῶσιν
2731 1045 2796 1096 ἐκ
2828 1043 2922 1112 τῆς
2956 1042 3171 1104 πόλεως.
3204 1042 3306 1093 Καὶ
3346 1040 3604 1105 ἐξελεύσεται

2143 1136 2361 1207 Κύριος,
2400 1136 2490 1188 καὶ
2533 1133 2901 1205 παρατάξεται
2944 1133 3000 1184 ἐν
3040 1133 3147 1193 τοῖς
3194 1129 3384 1183 ἔθνεσιν
3426 1130 3603 1193 ἐκείνοις,

2144 1224 2322 1286 καθὼς
2366 1226 2547 1296 ἡμέρα
2593 1221 2948 1291 παρατάξεως
3003 1220 3159 1273 αὑτοῦ
3197 1221 3251 1271 ἐν
3303 1218 3463 1289 ἡμέρα
3503 1220 3607 1272 πολέ-

2148 1334 2281 1387 μου,
2331 1317 2424 1368 καὶ
2474 1313 2761 1382 στήσονται
2803 1310 2853 1362 οἱ
2902 1308 3061 1370 πόδες
3099 1305 3252 1361 αὐτοῦ
3298 1309 3351 1360 ἐν
3392 1309 3450 1377 τῇ
3481 1308 3607 1378 ἡμέρᾳ

2144 1405 2325 1476 ἐκείνῃ
2377 1404 2467 1455 ἐπὶ
2530 1401 2592 1454 τὸ
2650 1400 2777 1469 ὅρος
2839 1398 2948 1450 τῶν
3019 1396 3234 1448 Ἐλαιῶν
3287 1396 3340 1449 τὸ
3399 1395 3606 1448 κατέναντι

2154 1495 2521 1565 Ἰερουσαλήμ.
2572 1511 2590 1542 ι
2629 1489 2762 1543 Εἶτα
2812 1489 2931 1559 μεθ’
2990 1490 3149 1560 ἕτερα
3205 1486 3272 1540 τὰ
3326 1484 3497 1557 μεταξύ
3541 1503 3603 1555 qq-

2145 1602 2256 1638 σιν·
2304 1603 2323 1634 ‹
2370 1584 2477 1637 Καὶ
2516 1582 2664 1635 ἔσται
2711 1581 2916 1651 Κύριος
2956 1573 3056 1643 εἷς,
3090 1577 3180 1630 καὶ⁵
3216 1576 3275 1628 τδ
3317 1576 3464 1645 ὄνομα
3501 1574 3608 1629 αὐτοῦ

2146 1673 2224 1735 ἓν,
2267 1670 2494 1726 κυγλοῦν
2535 1671 2710 1722 πᾶσαν
2736 1669 2837 1739 τὴν
2861 1668 2985 1738 γῆν,
3014 1666 3107 1719 καὶ
3147 1662 3240 1734 τὴν
3283 1661 3477 1731 ἔρημον.
3506 1661 3610 1713 »Καὶ

2142 1759 2295 1825 αὖθις
2342 1761 2459 1833 μεθ’
2497 1761 2655 1831 ἕτερα
2705 1758 3056 1828 περιγράφων
3098 1754 3192 1824 τὴν
3230 1752 3392 1822 βίϐλον
3419 1751 3501 1819 τῆς
3525 1767 3605 1820 προ

519 1849 758 1904 venerint
785 1849 838 1902 in
862 1847 1190 1914 Jerusalem,
1219 1856 1272 1903 et
1297 1850 1585 1904 ascendent
1613 1850 1836 1918 singulis
1862 1852 2040 1915 annis,

2145 1852 2385 1923 φητείας,
2410 1851 2509 1920 τὴν
2530 1850 2718 1918 κλῆσιν
2740 1849 2851 1899 τῶν
2873 1847 3043 1900 ἐθνῶν
3062 1845 3148 1897 διὰ
3171 1843 3363 1898 τούτων
3407 1840 3605 1903 θεσπίζει’

519 1947 576 1993 ιιι
605 1939 827 1992 adorent
852 1936 1049 2008 Regem
1079 1938 1359 1993 Dominum
1395 1941 1811 2009 omnipotentem
1830 1981 1845 2002 .
1874 1952 1928 1995 et
1955 1958 2045 1997 ce-

518 2031 720 2084 lebrent
746 2029 882 2082 diem
915 2029 1109 2083 festum
1138 2028 1646 2086 Tabernaculorum.
1674 2030 1737 2084 Et
1763 2033 1892 2095 erit,
1919 2034 2042 2102 qui«

517 2133 727 2185 cunque
759 2132 869 2170 non
908 2118 1244 2172 ascenderint
1263 2134 1327 2172 ex
1350 2120 1597 2175 omnibus
1622 2121 1865 2177 tribubus
1887 2129 2045 2176 terrae

518 2208 572 2258 in
617 2203 912 2259 Jerusalem
964 2213 1021 2258 ut
1077 2206 1299 2259 adorent
1326 2206 1521 2276 Regem
1555 2209 1838 2263 Dominum
1870 2211 2045 2264 omni-

519 2302 819 2363 potentem,
850 2295 1008 2348 etiam
1038 2295 1092 2348 hi
1121 2298 1227 2352 illis
1265 2298 1546 2352 addentur.
1580 2297 1633 2353 Si
1660 2307 1836 2352 autem
1874 2300 2045 2354 tribus

520 2381 729 2450 Egypti
764 2397 867 2436 non
900 2384 1203 2440 asbenderit
1228 2425 1243 2449 ,
1271 2401 1441 2456 neque
1469 2389 1672 2442 venerit
1697 2389 1824 2442 illuc
1843 2435 1857 2453 ,
1882 2389 2043 2443 etiam

519 2483 680 2537 super
711 2469 794 2523 his
823 2470 928 2524 erit
953 2471 1109 2524 ruina
1130 2512 1144 2534 ,
1168 2488 1271 2541 qua
1298 2474 1560 2542 percutiet
1581 2473 1838 2528 Dominus
1859 2490 2045 2529 omnes

519 2566 702 2623 gentes
734 2568 917 2622 terrae,
946 2577 1277 2631 quaecunque
1306 2577 1409 2615 non
1433 2564 1772 2617 ascenderint
1807 2563 1873 2616 ad
1903 2565 2037 2617 cele-

519 2649 777 2703 brandum
803 2651 1038 2706 solemne
1062 2651 1572 2707 Tabernaculorum.
1598 2653 1706 2707 Hoc
1731 2654 1832 2708 erit
1856 2669 2045 2723 pecca-

519 2750 627 2791 tum
657 2738 870 2809 [Egypti
895 2780 909 2802 ,
942 2749 994 2795 et
1023 2750 1295 2810 peccatum
1326 2742 1562 2796 omnium
1595 2745 1828 2811 gentium
1854 2782 1868 2803 ,
1902 2759 2045 2812 qua:-

517 2844 727 2897 cunque
770 2847 872 2885 non
904 2832 1239 2887 ascenderint
1263 2833 1326 2885 ad
1360 2832 1735 2887 celebrandum
1765 2833 1902 2886 diem
1937 2832 2047 2886 fes-

518 2926 628 2970 tum
668 2918 1153 2974 Tabernaculorum
1181 2922 1221 2973 ⁶.
1258 2939 1275 2970 ι
1304 2919 1425 2975 Haec
1460 2936 1587 2975 sane
1610 2920 1900 2975 Zacharias
1925 2929 2046 2988 post

517 3007 745 3060 reditum
776 3009 841 3062 de
873 3007 1168 3078 Babylone,
1194 3007 1351 3062 Dario
1380 3009 1518 3077 apud
1549 3008 1738 3063 Persas
1769 3017 2043 3080 regnante,

517 3096 855 3161 vaticinatur,
885 3111 991 3165 quo
1030 3103 1264 3166 tempore
1298 3099 1423 3152 urbs
1459 3097 1752 3153 Jerusalem
1792 3114 1821 3151 a
1863 3100 2042 3168 priore
2073 3151 2111 3168 η

2101 3183 2112 3203 ⁴
2143 3182 2171 3233 6
2194 3179 2460 3249 Ζαχαρίας
2495 3179 2637 3248 μετὰ
2672 3180 2775 3251 τὴν
2808 3180 2915 3233 ἀπὸ
2942 3178 3254 3240 Βαϐυλῶνος
3284 3176 3519 3234 ἐπάνοδον,
3547 3173 3613 3222 Δα-

519 3180 844 3236 desolatione
862 3185 1090 3238 excitata
1112 3185 1509 3254 instaurataque
1529 3201 1697 3254 nuper
1713 3186 1904 3250 fuerat,
1924 3204 2041 3257 qua:

521 3271 773 3325 desolatio
796 3274 867 3326 illi
892 3288 921 3326 a
942 3274 1242 3345 Babyloniis
1266 3274 1437 3329 fuerat
1458 3273 1844 3344 illata.Colligit
1864 3285 2042 3332 autem

519 3372 676 3411 omne
701 3368 907 3428 tempus
935 3374 964 3412 a
991 3360 1147 3413 Dario
1166 3359 1447 3414 Persarum
1465 3399 1480 3422 ,
1506 3360 1607 3413 sub
1628 3375 1733 3428 quo
1754 3359 2043 3415 Zacharias

519 3450 806 3516 prophetia:
844 3465 1065 3504 munere
1111 3450 1367 3519 fungitur,
1410 3451 1477 3503 ad
1516 3452 1810 3521 Augustum
1848 3448 2045 3503 Roma-

521 3554 709 3593 norum
760 3555 973 3609 regem,
1023 3557 1282 3594 annorum
1329 3541 1690 3596 hebdomadas
1738 3555 1937 3611 septem
1991 3552 2044 3596 et

519 3628 790 3695 sexaginta
820 3628 983 3690 duas,
1011 3644 1128 3696 quae
1156 3628 1295 3696 apud
1321 3627 1587 3683 Danielem
1617 3629 1862 3684 feruntur
1885 3648 1897 3683 :
1926 3647 2044 3699 qua:

519 3731 727 3770 summa
761 3730 1023 3768 annorum
1077 3716 1302 3770 ellicitur
1343 3718 1854 3787 quadringentorum
1894 3728 2044 3772 octo-

518 3804 660 3872 ginta
704 3804 862 3855 trium
888 3844 903 3867 ,
947 3813 1003 3856 ut
1035 3804 1367 3859 ostendimus
1400 3806 1452 3859 in
1484 3807 1550 3860 iis
1585 3822 1700 3874 quae
1734 3809 1892 3874 paulo
1923 3816 2044 3868 ante

520 3907 550 3944 a
597 3890 753 3944 nobis
800 3899 1027 3944 tractata
1082 3902 1232 3947 sunt.
1277 3893 1541 3948 Caeterum
1595 3904 1712 3963 post
1761 3896 2040 3963 imperium

520 3980 863 4034 Macedonum
907 3982 979 4061 \ab
1025 3981 1327 4038 Alexandro
1376 4000 1547 4054 usque
1596 3986 1663 4038 ad
1708 3986 2039 4054 Augustum,

518 4072 675 4124 etiam
705 4070 749 4124 si
775 4068 946 4139 ipsius
974 4070 1193 4141 Augusti
1223 4090 1441 4143 regnum
1480 4077 1837 4144 complectare
1856 4112 1871 4137 ,
1909 4077 2041 4135 nihil

518 4176 648 4216 sane
699 4159 840 4226 quod
876 4160 1143 4227 prophetia
1180 4164 1355 4217 verbis
1389 4166 1679 4217 concordet
1727 4172 1819 4217 aut
1867 4164 2042 4226 simile

519 4252 620 4313 sit,
670 4249 911 4302 invenias
955 4262 1073 4301 esse
1110 4251 1451 4318 completum.
1492 4251 1716 4317 Quando
1758 4252 1897 4311 enim
1948 4269 2042 4327 per

519 4339 605 4391 iila
638 4344 876 4403 tempora
912 4336 959 4391 is
991 4334 1276 4401 Dominus,
1307 4355 1462 4407 quem
1494 4341 1761 4410 prophetae
1790 4349 1847 4393 ut
1876 4341 2039 4396 Deum

517 4426 789 4479 celebrant
808 4464 822 4485 ,
851 4440 973 4478 cum
1008 4424 1315 4481 hominibus
1344 4439 1591 4483 versatus
1619 4431 1742 4482 est?
1774 4439 1827 4484 et
1856 4439 2040 4498 gentes

522 4515 700 4568 multae
727 4514 873 4567 illum
891 4515 1264 4583 agnoverunt?
1292 4519 1642 4586 eumdemque
1675 4520 1844 4573 solum
1874 4520 2039 4576 Deum

518 4606 779 4661 confessa:
819 4606 986 4661 sunt?
1036 4612 1088 4659 et
1136 4605 1201 4658 ad
1251 4606 1423 4674 ipsum
1470 4607 1838 4678 confugientes
1891 4614 2041 4671 laeta:

518 4706 644 4751 sunt
668 4697 716 4750 ei
752 4696 804 4749 in
838 4696 1090 4764 populum
1111 4695 1136 4747 ?
1166 4695 1247 4749 vel
1275 4696 1492 4765 quando
1522 4698 1733 4754 tandem
1763 4709 1876 4757 toto
1908 4703 2039 4759 Per-

518 4798 697 4841 sarum
741 4790 832 4837 aut
873 4782 1217 4838 Macedonum
1251 4792 1521 4854 tempore,
1570 4787 1615 4844 is
1660 4786 1776 4845 Rex
1821 4793 1886 4847 de
1932 4809 2039 4862 quo

518 4872 780 4941 Propheta
829 4874 1084 4944 loquitur,
1117 4891 1135 4924 ι
1166 4876 1310 4929 venit
1364 4877 1648 4946 impositus
1696 4881 1942 4948 jumento
1984 4890 2037 4936 et

522 4964 665 5030 pullo
717 4964 1088 5022 adolescenti?
1121 4985 1139 5017 ι
1173 4974 1227 5020 et
1275 4970 1495 5024 veniens
1542 4969 1778 5027 Judait-ze
1827 4975 2034 5043 gentis,

523 5061 641 5111 quae
670 5049 896 5117 Ephrem
926 5056 1025 5107 hoc
1055 5056 1173 5108 loco
1207 5055 1423 5121 dicitur,
1459 5066 1512 5112 et
1544 5061 1712 5129 ipsius
1741 5060 2033 5115 Jerusalem

527 5135 724 5200 regiam
756 5139 920 5192 aciem
943 5181 957 5205 ,
993 5159 1111 5210 quae
1142 5160 1395 5199 curruum
1431 5157 1589 5217 atque
1624 5155 1745 5220 equi
1778 5152 2037 5204 vocabulo

529 5223 850 5310 nominatur,
876 5232 1138 5294 perdidit?
1162 5243 1215 5288 et
1236 5247 1470 5293 armatas
1492 5240 1724 5295 Judaica:
1747 5242 1917 5310 gentis
1943 5256 2035 5295 eo-

528 5311 644 5389 pfas
673 5309 903 5364 delevit?
930 5315 1041 5370 Hoc
1070 5321 1211 5377 enim
1240 5325 1571 5393 signiﬁcabat
1601 5309 1872 5384 oraculum
1910 5330 2037 5382 illud

527 5396 711 5489 dicens
736 5414 750 5448 :
784 5414 801 5445 ι
831 5397 965 5453 Ecce
990 5404 1102 5458 Rex
1132 5414 1256 5462 tuus
1285 5416 1427 5467 venit
1458 5419 1550 5472 tibi
1574 5428 1752 5489 justus
1782 5427 1833 5471 et
1864 5417 2040 5470 Salva-

526 5494 638 5546 tor,
669 5484 783 5552 ipse
814 5500 1121 5546 mansuetus
1152 5504 1205 5547 et
1237 5501 1520 5567 impositus
1554 5484 1714 5579 super
1738 5492 2046 5579 jumcutum'

2148 1960 2166 1992 ‹
2190 1941 2300 1995 Καὶ
2332 1940 2502 2002 ἔσται,
2533 1938 2644 1991 ὅσοι
2674 1936 2771 1989 ἐὰν
2805 1933 3230 2003 καταλειφθῶσιν
3259 1934 3321 1985 ἐκ
3348 1931 3526 1985 πάντων
3542 1930 3609 1982 τῶν

2142 2026 2309 2089 ἐθνῶν
2329 2027 2435 2078 τῶν
2463 2024 2719 2077 ἐλθόντων
2757 2022 2849 2074 ἐπὶ
2885 2020 3251 2091 Ἰερουσαλὴμ,
3285 2020 3370 2071 καὶ
3397 2017 3611 2087 ἀναϐήσον-

2142 2132 2230 2167 ται
2267 2113 2385 2168 κατ’
2419 2112 2679 2177 ἐνιαυτὸν,
2708 2110 2804 2163 τοῦ
2835 2111 3208 2180 προσκυνῆσαι
3242 2107 3315 2177 τῷ
3348 2106 3520 2176 βασιλεῖ
3538 2106 3610 2158 Κν-

2146 2204 2246 2275 ρίῳ
2271 2202 2687 2272 παντοκράτορι,
2722 2201 2816 2253 καὶ
2836 2198 2931 2251 τοῦ
2970 2197 3245 2269 ἑορτάζειν
3268 2196 3358 2266 τὴν
3380 2194 3534 2263 ἑορτὴν
3550 2194 3611 2260 τῆς

2142 2292 2532 2365 Σκηνοπηγίας.
2581 2292 2692 2343 Καὶ
2733 2290 2904 2353 ἔσται,
2939 2289 3053 2341 ὅσοι
3095 2286 3186 2340 ἐὰν
3226 2284 3296 2356 μὴ
3325 2282 3545 2338 ἀναϐῶσιν
3573 2282 3611 2332 ἐι

2144 2385 2328 2439 πασῶν
2375 2382 2482 2437 τῶν
2514 2381 2695 2451 φυλῶν
2738 2382 2839 2451 τῆς
2888 2383 2990 2449 γῆς
3038 2379 3118 2441 εἰς
3173 2373 3516 2447 Ἰερουσαλὴμ,
3553 2368 3610 2421 τοῦ

2144 2476 2511 2545 προσκυνῆσαι
2546 2472 2624 2542 τῷ
2673 2469 2883 2541 βασιλεῖ
2913 2469 3103 2540 Κυρίῳ
3137 2462 3522 2534 παντοκράτορι,
3555 2460 3609 2512 καὶ

2141 2559 2280 2619 οὗτοι
2302 2562 2525 2623 ἐκείνοις
2549 2559 3024 2632 προστεθήσονται.
3056 2557 3179 2609 Ἐάν
3197 2556 3253 2608 δὲ
3272 2553 3400 2623 φυλὴ
3414 2549 3612 2617 Αἰγύπτου

2146 2653 2217 2721 μὴ
2256 2652 2448 2722 ἀναϐῇ,
2485 2651 2621 2721 μηδὲ
2669 2649 2802 2722 ἔλθῃ
2841 2650 2992 2710 ἐκεῖ,
3038 2649 3131 2700 καλ⁵
3174 2647 3262 2698 ἐπὶ
3301 2644 3479 2696 τούτων
3514 2639 3612 2691 ἔσται

2140 2741 2170 2807 ἡ
2199 2739 2418 2800 πτῶσις,
2440 2739 2505 2808 ἢν
2534 2737 2768 2802 πατάξει
2796 2736 2999 2806 Κύριος
3022 2735 3197 2786 πάντα
3217 2731 3283 2784 τὰ
3304 2730 3418 2799 ἔθνη
3439 2730 3516 2798 τῆς
3531 2727 3609 2793 τῆς,

2140 2826 2236 2879 ὅσα
2262 2826 2354 2889 ἐὰν
2382 2826 2453 2895 μὴ
2482 2826 2657 2895 ἀναϐῇ
2691 2824 2788 2877 τοῦ
2820 2822 3077 2893 ἑορτάσαι
3104 2822 3200 2897 τὴν
3226 2819 3402 2891 ἑορτὴν
3424 2820 3503 2887 τῆς
3522 2816 3613 2879 Σκη-

2141 2915 2418 2983 νοπηγίαςο
2464 2913 2614 2985 Αὕτη
2646 2914 2799 2967 ἔσται
2828 2916 2862 2984 ἠ
2909 2910 3149 2982 ἁμαρτία
3186 2909 3458 2978 Αἰγύπτου,
3497 2903 3563 2955 καὶ
3593 2902 3613 2969 ἡ

2140 3004 2378 3074 ἁμαρτία
2408 3003 2629 3056 πάντων
2650 3003 2761 3055 τῶν
2817 3001 3020 3064 ἐθνῶν,
3047 3002 3144 3054 ὅσα
3176 2999 3239 3053 ἂν
3273 2998 3343 3069 μὴ
3384 2995 3523 3064 ἀναϐῇ
3555 2990 3613 3043 τοῦ

2142 3091 2389 3161 ἑορτάσαι
2422 3089 2519 3160 τὴν
2554 3090 2752 3161 ἑορτὴν
2778 3094 2879 3161 τῆς
2913 3088 3284 3159 Σκηνοπηγίας
3340 3105 3357 3136 ι
3384 3082 3532 3137 Ταῦτα
3556 3078 3614 3132 καὶ

2147 3272 2288 3342 ρείου
2315 3269 2534 3340 Περσῶν
2564 3269 2964 3338 βασιλεύοντος,
3002 3268 3339 3341 προφητεύει,
3369 3270 3453 3336 τῆς
3479 3264 3612 3332 Ἱερουο

2146 3360 2320 3431 σαλὴμ
2361 3359 2481 3429 ἄρτι
2530 3360 2656 3411 τότε
2708 3361 3155 3431 ἁνεγηγερμένης
3197 3361 3259 3414 ἐκ
3302 3360 3394 3428 τῆς
3424 3353 3613 3424 προτέρας

2144 3450 2392 3521 ἐρημίας,
2416 3449 2480 3518 ἣν
2504 3448 2612 3500 ὑπὸ
2637 3449 2995 3502 Βαϐυλωνίων
3035 3448 3280 3502 πέπονθε.
3320 3444 3559 3510 Σννάγεται
3578 3439 3613 3489 δὲ

2143 3542 2171 3594 ό
2197 3542 2300 3603 πᾶς
2319 3540 2505 3610 χρόνος
2538 3540 2650 3593 ἀπὸ
2674 3544 2775 3612 τῆς
2803 3541 3027 3612 Δαρείου
3052 3540 3144 3592 τοῦ
3171 3540 3388 3608 Πέρσου,
3410 3534 3509 3589 καθ’
3537 3530 3613 3599 ῆνδ

2144 3628 2410 3698 Ζαχαρίας
2446 3629 2800 3699 προφητεύει,
2835 3631 2928 3681 καὶ
2952 3628 3043 3681 ἐπὶ
3084 3627 3374 3694 Αὔγουστον
3413 3618 3614 3689 Ῥωμαίων

2147 3721 2365 3791 βασιλέα
2393 3721 2471 3782 εἰς
2499 3720 2640 3772 ἐτῶν
2699 3720 3001 3790 ἑϐδομάδας
3027 3720 3166 3772 ἑπτά
3199 3719 3289 3771 καὶ
3328 3708 3614 3787 ἑξηκονταδύο,

2143 3810 2239 3872 τὰς
2265 3811 2321 3861 ἐν
2354 3809 2430 3879 τῷ
2461 3810 2663 3881 Δανιὴλ
2704 3809 3029 3880 φερομένας,
3060 3809 3095 3862 ἃ
3136 3810 3331 3876 γίνεται
3372 3805 3453 3871 ἐτη
3486 3814 3615 3867 τετρα-

2144 3900 2300 3953 κόσια
2323 3899 2647 3967 ὁγδοήκοντα
2677 3901 2835 3970 τρία,
2880 3899 2956 3962 ὡς
2987 3897 3337 3968 ἀπεδείξαμεν
3369 3896 3421 3946 ἐν
3446 3893 3534 3950 τοῖς
3560 3902 3616 3955 μιν

2145 3990 2260 4060 κρῷ
2292 3989 2520 4061 πρόσθεν
2554 3990 3050 4061 γεγυμνασμένοις.
3080 3988 3212 4041 Οὔτε
3253 3988 3307 4039 δὲ
3338 3986 3417 4038 ἐπὶ
3440 3984 3519 4049 τῆς
3537 3977 3610 4029 Μαν

2144 4080 2366 4132 κεδόνων
2392 4080 2498 4132 άπὸ
2530 4080 2884 4152 Ἀλεξάνδρου
2931 4083 3024 4134 καὶ
3057 4080 3244 4151 μέχρις
3267 4074 3528 4144 Αὐγούστου
3553 4083 3617 4118 m-

2146 4170 2497 4240 ραταθείσης,
2553 4171 2666 4224 τῶν
2699 4172 3090 4242 ἐμφερομένων
3131 4172 3240 4232 τοῖς
3283 4167 3370 4220 τοῦ
3415 4159 3616 4233 προῄτου

2143 4259 2316 4328 λόγοις
2349 4261 2662 4314 συνίσταται
2700 4279 2753 4313 τι
2793 4261 3235 4333 πεπληρωμένον.
3280 4258 3402 4311 Πότε
3422 4253 3510 4322 γὰρ
3540 4243 3617 4300 κατ’

2143 4351 2377 4414 ἐκείνους
2412 4352 2537 4413 τοὺς
2560 4353 2789 4423 χρόνους
2820 4352 2915 4405 τοῦ
2950 4352 3099 4424 παρὰ
3126 4355 3235 4413 τοῖς
3261 4347 3521 4420 προφήταις
3539 4340 3616 4390 θετι-

2144 4438 2467 4509 λογουμένου
2481 4442 2693 4509 Κυρίου
2721 4441 3027 4511 ἀνθρώποις
3046 4439 3367 4499 ἐπιστάντος,
3380 4434 3486 4501 ἔθνη
3504 4423 3619 4480 πολλὰ

2145 4530 2429 4597 ἐπιγνόντα
2451 4531 2639 4595 αὐτὸν,
2658 4533 2755 4587 καὶ
2772 4533 2931 4602 μόνον
2954 4532 3084 4584 Θεὸν
3104 4529 3257 4583 αὐτὸν
3278 4523 3617 4596 ὁμολογήσαντι.

2142 4620 2227 4672 ἐπ’
2261 4619 2420 4675 αὑτὸν
2446 4623 2859 4691 καταπέφευγε,
2900 4623 2994 4686 καὶ
3019 4622 3231 4690 γέγονεν
3256 4614 3389 4685 αὐτῷ
3414 4613 3480 4674 εἰς
3503 4604 3615 4660 λαόν;

2142 4712 2266 4764 πότε
2301 4710 2439 4763 κατὰ
2459 4713 2587 4774 τοὺς
2613 4714 2840 4784 Περσῶν
2865 4714 2898 4788 ἢ
2923 4712 3238 4777 Μακεδόνων
3260 4707 3457 4778 χρόνους
3530 4708 3617 4788 ﬁt”:

2114 4794 2500 4868 ξφητευὸμενος
2532 4778 2795 4864 βασιλεὺς
2834 4778 3089 4881 ἐλήλυθεν
3109 4837 3123 4860 ,
3155 4817 3172 4848 ι
3210 4785 3535 4881 Ἐπιϐεϐηκὼξ
3557 4778 3617 4881 ili"-

2141 4881 2446 4949 ὑποζύγιον,
2476 4887 2573 4939 καὶ
2604 4888 2785 4943 πῶλον
2813 4872 2964 4955 νὲον;
2990 4911 3007 4942 ι
3039 4888 3200 4942 ἐλθών
3226 4905 3282 4940 τε
3305 4883 3388 4937 τοῦ
3419 4872 3616 4932 Ἰουδαίων

2139 4971 2319 5033 ἔθνους
2354 4972 2595 5047 Ἐφραὶμ
2642 4980 3067 5051 ὀνομαζομένου,
3102 4980 3190 5033 καὶ
3216 4979 3309 5046 τῆς
3346 4960 3616 5041 Ἰερουσαλὴμ

2140 5063 2306 5132 αὐτῆς
2340 5063 2437 5134 τὴν
2477 5064 2766 5142 βασιλικὴν
2797 5071 3121 5143 παράταξιν,
3154 5070 3359 5138 ἅρματα
3386 5060 3465 5115 καὶ
3501 5056 3615 5141 iam?

2138 5153 2567 5225 ἐπικαλουμένην
2617 5160 3022 5231 ἐξωλόθρευσεο,
3079 5160 3138 5225 τό
3172 5175 3229 5209 τε
3270 5148 3528 5231 ὁπλιτικὸν,
3552 5152 3614 5189 του

2150 5242 2414 5297 Ἰουδαίων
2435 5246 2621 5309 ἔθνους
2646 5247 2893 5313 καθεῖλε;
2919 5248 3085 5313 Τοῦτο
3101 5248 3204 5319 γὰρ
3230 5245 3395 5314 ἐδήλου
3417 5236 3467 5290 τὸ
3486 5230 3613 5295 λόγων

2139 5334 2374 5402 φάσκον·
2410 5357 2428 5388 ε
2464 5338 2594 5390 Ἰδοὺ
2624 5342 2654 5391 6
2690 5341 2952 5403 Βασιλεύς
3002 5358 3095 5408 στου
3128 5336 3329 5410 ἔρχεταί
3375 5346 3443 5385 σοι
3465 5325 3611 5377 δίκαιος

2143 5424 2237 5476 καὶ
2271 5424 2477 5491 σώζων,
2502 5428 2666 5490 αὐτὸς
2709 5430 2907 5500 πραῢς,
2947 5433 3041 5484 καὶ
3068 5423 3383 5494 ἐπιϐεϐηκὼς
3415 5416 3490 5469 ἐπὶ

2142 5512 2322 5582 ζύγιον
2356 5521 2449 5572 καὶ
2481 5519 2657 5572 πῶλον
2691 5498 2848 5584 νέον,
2886 5522 2979 5575 καὶ
3013 5514 3469 5590 ἐξολοθρευθήσεται
3502 5498 3607 5561 τόξον

602 5655 624 5687 ⁸
660 5654 884 5711 Zachar.
920 5673 1003 5714 ιιν
1027 5697 1042 5721 ,
1081 5662 1187 5718 1-4.
1259 5665 1281 5702 ⁸
1320 5669 1445 5730 ibid.
1478 5677 1531 5741 9,
1569 5682 1645 5735 ιο.
1726 5685 1747 5712 ⁴⁸
1781 5683 1908 5737 ibid.
1948 5681 2141 5736 lC-l9.
