3740 6330
139 393 237 448 σου

1023 392 1648 450 υΕΜΟΝδΤΒᾹΤΙΟΝΙΒ
1685 389 2126 446 EVANGELICE
2154 388 2281 444 LIB.
2314 390 2448 450 Vlll.

3209 402 3310 454 ϐέὲ

142 502 454 574 πολεμικόν.
481 521 500 555 ι
533 505 722 559 Ταῦτα
753 508 864 574 γάρ
898 506 1023 575 περί
1070 509 1165 574 τῆς
1206 506 1564 576 καθαιρέσεως
1595 508 1690 574 τῆς

1787 511 1840 556 et
1871 504 2070 573 pullum
2115 502 2514 560 adolescentem
2543 525 2556 561 :
2585 515 2637 561 et
2666 510 2917 576 perdetur
2962 527 3120 568 arcus
3151 515 3308 568 belli-

137 592 424 663 βασιλικῆς
471 591 628 656 ἀξίας
679 591 773 642 τοῦ
820 593 1081 646 Ἰουδαίων
1122 594 1301 656 έθνους
1351 594 1684 657 ἐθεσπίζετο,

134 683 216 750 ἐφ’
242 678 277 754 ᾖ
309 682 476 735 πάλιν
497 682 562 730 τά
579 680 679 747 τῆς
702 679 813 733 τῶν
840 682 1004 734 ἐθνῶν
1029 684 1243 753 εἰρήνης
1269 683 1680 751 συμφώνωςτοῖς

132 772 366 841 πρόσθεν
413 767 826 838 ἀποδεδομένας
873 773 1174 840 ἐπιλέγεται
1216 773 1300 824 διὰ
1339 772 1462 827 τοῦθ
1521 792 1534 823 ι
1581 775 1687 826 Καὶ

130 862 332 930 πλῆθος
355 862 581 930 εἰρήνης
612 859 673 922 ἐξ
700 860 868 913 ἐθνῶν
887 901 901 923 ,
933 881 950 913 ι
973 862 1084 915 ἀνθ’
1108 857 1166 915 οὗ
1203 865 1230 914 ὁ
1268 863 1489 924 Ἀκύλας
1521 863 1611 914 καὶ
1636 864 1684 914 oi

129 951 301 1003 λοιποὶ
344 951 686 1019 ἑρμηνευταί⁸
722 951 1074 1003 ἐκδεδώκασι·
1111 971 1128 1002 ι
1151 953 1257 1004 Καὶ
1294 953 1508 1021 λαλήσει
1538 954 1686 1023 εἰρή-

126 1056 220 1108 νην
249 1040 365 1098 τοῖς
387 1038 658 1102 ἐθνεσιν,›
695 1040 725 1092 6
753 1041 846 1092 καὶ
882 1041 1106 1109 μάλιστα
1121 1041 1224 1092 ἀπὸ
1258 1045 1354 1111 τῆς
1382 1043 1682 1108 Αὐγούστου

128 1127 405 1196 βασιλείας
431 1129 778 1191 συνίσταται,
802 1131 896 1182 καὶ
923 1131 1056 1199 πρὸς
1080 1131 1220 1195 λέξιν
1243 1131 1680 1200 πεπληρωμένον,

125 1220 300 1288 πάσης
349 1219 456 1283 μὲν
509 1219 572 1283 ἐξ
627 1221 834 1270 ἐκείνου
887 1219 1267 1288 καταλυθείσης
1322 1220 1679 1290 πολυαρχίας,

122 1309 339 1377 εἰρήνης
369 1307 432 1358 δὲ
469 1307 542 1359 τὰ
575 1307 802 1360 πλεῖστα
833 1311 930 1378 τῆς
975 1308 1288 1378 οἰκουμένης
1332 1310 1452 1380 έθνη
1500 1311 1681 1364 διαλα-

122 1398 336 1466 εούσης.
364 1396 470 1458 Τίς
497 1397 556 1448 δέ
589 1398 696 1466 πρὸ
717 1397 823 1448 τῶν
870 1397 1177 1466 Ῥωμαϊκῶν
1209 1397 1428 1467 χρόνων,
1461 1401 1550 1452 ἐπὶ
1577 1401 1680 1454 τῶν

120 1485 437 1557 Περσικῶν,
499 1485 534 1554 ἢ
595 1485 706 1536 τῶν
763 1486 1136 1538 Μακεδονικῶν
1191 1488 1421 1550 τοιοῦτος
1466 1489 1680 1556 γέγονεν

129 1577 393 1629 Ἰουδαίων
445 1575 704 1645 βασιλεὺς
727 1614 740 1635 ,
775 1577 849 1638 ὡς
885 1577 1040 1646 ἄρξαι
1094 1577 1250 1630 αὐτὸν
1282 1579 1386 1631 ἀπὸ
1414 1580 1680 1650 θαλάσσης

119 1668 216 1728 ἕως
246 1666 560 1735 θαλάσσης,
599 1667 694 1717 καὶ
735 1667 841 1718 ἀπὸ
882 1667 1132 1736 ποταμῶν
1167 1666 1268 1729 ἕως
1313 1670 1558 1738 περάτων
1582 1673 1680 1740 τῆς

123 1756 442 1824 οἰκουμένης
465 1771 479 1817 ;
511 1755 686 1806 Τοῦτο
707 1756 833 1822 γοῦν
864 1755 1126 1824 ἐδήλωσαν
1157 1756 1204 1807 οἱ
1230 1756 1401 1808 λοιποὶ
1423 1759 1678 1827 ἑρμηνευ-

1784 608 1900 647 eus.
1936 613 1954 644 ι
1987 592 2148 663 410
2173 591 2296 648 Haec
2328 593 2396 650 de
2425 596 2703 650 eversione
2730 601 2884 668 regiae
2913 601 3187 670 dignitatis
3213 604 3302 658 Ju-

1783 682 1948 736 daicae
1973 685 2148 752 gentis
2177 685 2428 755 praedicta
2459 692 2621 750 sunt,
2655 701 2759 756 qua
2791 691 3040 757 przedicta
3069 696 3308 748 eversio-

1783 787 1848 826 ne
1869 811 1883 836 ,
1920 789 2109 828 rursus
2142 790 2203 828 ea
2231 791 2348 843 quae
2379 775 2444 829 ad
2478 791 2662 844 pacem
2711 779 2946 845 gentium
2990 783 3299 848 pertinent,

1781 871 2144 918 consentanea
2175 865 2240 919 iis
2279 879 2398 934 quae
2439 866 2591 934 prius
2628 867 2870 934 exposita
2911 877 3070 933 sunt,
3106 871 3301 940 adjun-

1783 959 1980 1017 guntur
2013 951 2114 1004 hoc
2143 953 2301 1005 modo
2332 971 2346 1005 :
2385 970 2402 1002 ι
2442 953 2502 1004 Ει
2546 953 2872 1007 abundantia
2907 958 3051 1023 pacis
3083 973 3146 1010 ex
3175 975 3304 1029 gen-

1780 1039 1924 1092 tibus
1946 1080 1960 1104 ,
1994 1058 2013 1090 ›
2046 1056 2143 1108 pro
2171 1056 2277 1108 quo
2304 1042 2494 1109 Aquila
2528 1052 2580 1095 et
2613 1045 2804 1111 reliqui
2841 1045 3156 1110 interpretes
3185 1050 3304 1104 red-

1779 1128 2027 1181 diderunt
2057 1148 2068 1182 :
2106 1147 2125 1178 (
2155 1130 2220 1182 Et
2280 1132 2525 1200 loquetur
2581 1146 2762 1199 pacem
2808 1135 3084 1202 gentibus,
3117 1156 3134 1187 ι
3164 1139 3304 1205 quod

1778 1217 1990 1285 quidem
2021 1220 2250 1274 maxime
2274 1221 2340 1274 ab
2374 1220 2600 1289 Augusti
2633 1222 2854 1290 imperio
2886 1233 3096 1278 constat
3127 1227 3204 1280 vel
3237 1229 3302 1282 ad

1787 1309 2009 1363 verbum
2050 1325 2169 1364 esse
2203 1313 2518 1381 completum
2541 1351 2556 1376 ,
2587 1329 2707 1366 cum
2746 1328 2810 1366 ex
2852 1314 2941 1366 illo
2976 1318 3152 1370 omnis
3182 1320 3301 1385 qui-

1777 1396 1892 1449 dem
1948 1397 2244 1466 principum
2286 1400 2573 1452 multitudo
2621 1399 2956 1468 dispericrit,
2994 1418 3094 1470 pax
3127 1412 3300 1458 autem

1777 1485 2035 1552 plurimas
2082 1488 2229 1542 orbis
2275 1497 2461 1557 gentes
2499 1489 2770 1555 complexa
2817 1491 2905 1543 sit.
2959 1490 3092 1555 Quis
3143 1510 3303 1562 porro

1777 1581 1900 1627 ante
1932 1573 2173 1628 Romana
2215 1585 2451 1644 tempora
2483 1578 2564 1630 vel
2605 1576 2820 1632 Persico
2852 1580 2931 1632 vel
2964 1581 3303 1640 Macedonico

1779 1671 1952 1717 stante
1975 1665 2228 1732 imperio,
2257 1668 2376 1720 talis
2398 1668 2604 1720 exstitit
2629 1683 2721 1721 rex
2751 1667 3050 1722 Judmorum
3072 1710 3087 1733 ,
3121 1682 3176 1724 ut
3207 1673 3303 1726 do-

1778 1753 2010 1808 minatus
2041 1756 2109 1808 sit
2138 1771 2165 1807 a
2195 1758 2327 1809 mari
2359 1773 2527 1825 usque
2555 1758 2620 1810 ad
2649 1773 2824 1822 mare,
2857 1768 2909 1812 et
2937 1778 2963 1811 a
2995 1760 3302 1818 ﬂuminibus

122 1845 220 1896 ταί.
247 1823 304 1896 Ὀ
359 1823 504 1911 γοῦν
559 1844 788 1906 Ἀκύλας
820 1823 978 1912 φησί’
1019 1863 1036 1894 ι
1074 1846 1178 1897 Kal
1209 1845 1422 1915 λαλήσει
1452 1823 1677 1916 *εἰρήνην

1781 1856 1950 1909 usque
1982 1843 2047 1896 ad
2080 1846 2336 1900 terminos
2366 1849 2511 1901 orbis
2547 1849 2748 1901 terrae?
2782 1851 2960 1920 itaque
2992 1852 3091 1905 hoc
3127 1854 3300 1922 signi-

124 1938 224 1996 τοῖς
245 1933 451 1996 ἔθνεσι,
490 1934 586 1985 καὶ
607 1935 640 2002 ἠ
673 1934 885 1998 ἐξουσία
916 1935 1072 1986 αὐτοῦ
1112 1934 1217 1987 ἀπὸ
1253 1935 1517 2005 θαλάσσης
1539 1977 1551 1998 ,
1589 1939 1679 1990 καὶ

125 2025 220 2076 ἀπὸ
251 2023 509 2092 ποταμοῦ
538 2024 648 2085 ἓως
671 2025 915 2094 περάτων
947 2029 1042 2094 τῆς
1063 2026 1374 2096 οἰκουμένης
1392 2042 1405 2055 ³
1437 2045 1454 2076 ι
1484 2021 1528 2093 ᾧ
1561 2043 1678 2080 συν-

126 2117 226 2184 ᾴδει
249 2116 339 2166 καὶ
366 2114 436 2166 τὸ
474 2115 534 2165 ἐν
565 2113 942 2183 ἑϐδομηκοστῷ
990 2115 1185 2184 πρώτῳ
1211 2115 1402 2185 ψαλμῷ
1435 2118 1558 2185 περὶ
1583 2119 1674 2170 τοῦ

125 2209 179 2257 ἐκ
200 2206 524 2274 σπέρματος
559 2204 866 2273 Σολομῶνος
887 2206 1267 2274 γεννησομένου
1297 2207 1545 2276 Χριστοῦ,
1577 2203 1676 2261 ὧδέ

127 2313 192 2362 τη
208 2296 525 2365 εἰρημένον·
550 2312 569 2344 ί
593 2293 861 2346 Ἀνατελεῖ
877 2296 932 2345 ἐν
945 2297 1062 2356 ταῖς
1079 2295 1304 2365 ἡμέραις
1317 2297 1474 2348 αὐτοῦ
1490 2297 1678 2350 δικαιορ

127 2384 266 2453 σύνη,
285 2385 380 2436 καὶ
398 2384 620 2452 πλῆθος
635 2385 873 2454 εἰρήνης,
888 2383 992 2446 ἕως
1009 2379 1068 2436 οὗ
1086 2387 1432 2456 άνταναιρεθῇ
1461 2390 1492 2456 ἡ
1526 2389 1678 2458 σελή-

125 2492 202 2544 νη,
214 2476 304 2526 καὶ
317 2473 756 2544 κατακυριεύσει
772 2473 876 2525 άπὸ
897 2473 1166 2542 θαλάσσης
1181 2474 1283 2536 ἕως
1299 2475 1676 2545 θαλάσσης,κα“ί

125 2565 220 2614 ἀπὸ
243 2562 504 2632 ποταμοῦ
544 2563 653 2624 ’ἐως
684 2562 928 2632 περάτων
948 2565 1046 2632 τῆς
1074 2565 1388 2634 οἰκουμένης
1406 2581 1420 2594 ·
1457 2585 1475 2616 ι
1507 2566 1676 2620 ταῦτα

127 2653 221 2722 γὰρ
240 2652 486 2724 περὶτοῦ
508 2652 630 2705 υἱοῦ
647 2651 954 2721 Σολομῶνος
983 2651 1210 2719 ἐλέγετο,
1224 2654 1372 2706 οὐδὲν
1388 2655 1674 2726 λειπόμενα

127 2744 220 2796 τῶν
248 2746 302 2796 ἐν
333 2745 417 2815 τῷ
456 2744 715 2814 προφήτῃ
753 2743 1071 2812 εἰρημένων.
1106 2743 1228 2794 Πότ⁹
1254 2741 1344 2796 οὖν
1386 2745 1552 2797 ταῦτα
1582 2746 1674 2798 καὶ

130 2834 308 2903 πῶς,ἥ
341 2833 494 2887 κατὰ
548 2833 735 2893 ποίους
774 2832 992 2900 χρόνους
1023 2834 1255 2899 γέγονεν,
1288 2834 1316 2884 6
1367 2833 1674 2902 βουλόμενος

129 2925 502 2994 ὲρμηνευέτω·
539 2921 574 2990 ἢ
623 2922 751 2972 πότε
797 2920 981 2972 ἄλλοτε
1035 2921 1165 2990 μετὰ
1219 2921 1314 2990 τὴν
1359 2921 1462 2973 ὑπὸ
1505 2923 1674 2976 Βαϐυ-

128 3012 318 3075 λωνίοις
373 3010 704 3080 πολιορκίαν
745 3009 988 3078 δεύτερον
1026 3011 1342 3080 ἐμπρησμὸν
1394 3011 1673 3080 ὑπέμεινεν

1777 1930 2000 1982 ﬁcarunt
2043 1933 2232 2000 reliqui
2276 1936 2611 2003 interpretes.
2658 1939 2849 2006 Aquila
2895 1942 3034 1993 enim
3069 1943 3148 1995 sic
3178 1944 3296 1998 ait:

1781 2036 1798 2067 ι
1838 2021 1898 2071 Et
1941 2021 2184 2088 loquetur
2222 2039 2402 2091 pacem
2433 2028 2712 2094 gentibus,
2743 2036 2796 2081 et
2843 2038 3080 2096 potestas
3109 2033 3226 2098 ejus
3270 2048 3299 2085 a

1775 2108 1908 2160 mari
1954 2124 2122 2177 usque
2160 2113 2226 2164 ad
2272 2128 2449 2176 mare,
2497 2123 2550 2167 et
2592 2131 2621 2168 a
2665 2115 2976 2172 ﬂuminibus
3017 2135 3188 2188 USqtte
3234 2123 3297 2175 ad

1775 2198 2032 2251 terminos
2061 2199 2208 2251 orbis
2249 2209 2420 2254 terrae.
2454 2221 2472 2253 ι
2503 2204 2599 2257 Cui
2644 2208 2934 2260 concordat
2977 2211 3134 2261 etiam
3171 2211 3299 2263 illud

1773 2286 1914 2352 quod
1953 2287 2006 2338 in
2048 2301 2171 2339 Lxxl
2215 2289 2416 2355 psalmo
2449 2291 2513 2344 de
2541 2291 2756 2348 Christo
2785 2297 3013 2358 canitur,
3047 2298 3136 2366 qui
3185 2310 3299 2352 erat

1773 2373 1838 2429 de
1873 2376 2075 2430 semine
2118 2375 2420 2433 Salomonis
2470 2381 2742 2445 oriturus,
2793 2386 2932 2452 quod
2982 2387 3196 2454 quidem
3245 2393 3297 2445 in

1773 2463 1914 2517 hunc
1944 2466 2159 2518 modum
2207 2481 2264 2520 se
2295 2467 2496 2523 habet:
2532 2489 2549 2520 ι
2595 2471 2807 2526 Orietur
2849 2474 2902 2527 in
2943 2476 3128 2532 diebus
3183 2481 3299 2549 ejus

1767 2555 2008 2622 justitia,
2038 2564 2091 2608 et
2115 2557 2438 2611 abundantia
2468 2561 2806 2628 pacisdonec
2840 2565 3115 2619 auferatur
3152 2569 3296 2633 luna,

1771 2651 1824 2697 et
1853 2643 2217 2699 dominabitur
2244 2661 2274 2699 a
2309 2648 2441 2708 mari
2480 2665 2649 2716 usque
2695 2652 2761 2704 ad
2808 2669 2986 2714 mare,
3033 2666 3085 2709 et
3128 2673 3156 2710 a
3203 2660 3300 2712 ﬁu-

1773 2736 1917 2790 mine
1945 2752 2115 2806 usque
2143 2739 2209 2792 ad
2237 2739 2495 2794 terminos
2520 2744 2667 2798 orbis
2699 2753 2855 2800 terra:
2881 2750 2919 2802 ".
2960 2765 2978 2798 ›
3008 2749 3127 2804 llmc
3156 2752 3296 2805 enim

1771 2826 1837 2881 de
1879 2828 1986 2882 ﬁlio
2033 2827 2333 2884 Salomonis
2375 2832 2518 2886 dicta
2561 2843 2688 2889 sunt
2727 2853 2844 2905 quae
2878 2838 3008 2891 nihil
3045 2840 3300 2894 diﬁerunt

1771 2918 1838 2970 ab
1888 2919 1990 2983 iis,
2037 2935 2156 2989 qua
2204 2922 2344 2991 apud
2397 2922 2716 2993 Prophetam
2765 2929 3032 2996 leguntur.
3069 2911 3294 2994 Quando

1771 3005 1932 3075 igitur
1960 3009 2100 3073 haec,
2133 3010 2213 3064 vel
2238 3012 2535 3078 quomodo,
2566 3023 2656 3068 aut
2689 3017 2883 3083 quibus
2918 3019 3133 3075 tandem
3165 3029 3299 3075 tem-

135 3099 507 3170 Ἰερουσαλὴμ,
537 3098 633 3150 καὶ
663 3099 690 3148 6
727 3097 782 3147 ἐν
815 3097 951 3165 αὐτῇ
979 3097 1277 3167 κατερρίφη
1313 3097 1459 3160 νεώς.
1495 3102 1556 3150 Ὃ
1584 3102 1672 3154 καὶ

1772 3096 1990 3162 poribus
2019 3099 2355 3162 exstiterint,
2392 3102 2436 3155 si
2475 3103 2597 3170 quis
2635 3115 2718 3158 est
2757 3107 2846 3173 qui
2889 3109 3088 3174 possit,
3129 3111 3297 3164 inter-

127 3190 244 3242 αὐτὸ
263 3189 454 3259 θαῦμα
491 3187 638 3257 μέγα
666 3185 798 3254 ἔχει,
817 3185 892 3247 ὡς
911 3185 1120 3254 ᾐνίξατο
1145 3186 1173 3236 6
1195 3188 1469 3258 προφήτης
1488 3188 1670 3240 εἰπών·

129 3296 148 3331 ι
168 3281 457 3343 Διάνοεξον,
474 3281 505 3330 ὁ
526 3277 778 3338 Λίϐανος,
799 3274 898 3337 τὰς
913 3274 1076 3343 θύρας
1096 3292 1208 3338 σου,
1223 3278 1313 3328 καὶ
1327 3279 1673 3346 καταφαγέτω

127 3369 224 3440 πῦρ
243 3371 340 3433 τὰς
374 3369 618 3437 κέδρους
647 3382 757 3418 σου.
798 3383 816 3416 ι
855 3365 1079 3417 Λίϐανον
1106 3365 1210 3435 γὰρ
1231 3367 1296 3418 ἐν
1325 3367 1527 3428 τούτοις
1552 3385 1672 3420 συν-

124 3461 254 3529 ήθως
287 3460 421 3513 αὐτὸ
461 3459 524 3510 τὸ
578 3457 723 3525 ἱερὸν
769 3455 1050 3524 ὀνομάζεν
1090 3456 1210 3507 ἐπεὶ
1251 3458 1342 3508 καὶ
1385 3457 1448 3508 δι’
1481 3458 1673 3527 ἐτέρων

125 3549 464 3618 προφητειῶν
499 3545 874 3599 ἀποδέδεικται
898 3541 1122 3605 Λίϐανος
1149 3544 1304 3605 αὐτὸς
1331 3547 1359 3595 6
1399 3544 1530 3606 νεὼς
1559 3549 1674 3597 ἐπι-

121 3639 472 3708 κεκλημένος.
529 3633 703 3686 Τοῦτο
746 3633 802 3684 δὲ
838 3633 932 3684 καὶ
975 3631 1128 3683 αὐτοὶ
1180 3632 1362 3694 παῖδες
1417 3632 1672 3686 Ἰουδαίων

124 3728 275 3779 εἰσέτι
322 3726 421 3778 νῦν
478 3721 868 3793 ὁμολογοῦσιν·
904 3721 1026 3772 ἐπεὶ
1069 3719 1162 3771 καὶ
1205 3719 1424 3781 Ἡσαΐας
1467 3721 1671 3791 ἐμφερῆ

119 3817 189 3886 τῷ
218 3818 352 3886 μετὰ
397 3819 600 3884 χεῖρας
647 3812 897 3882 προφήτῃ
927 3809 1188 3871 θεσπίζων
1230 3809 1453 3878 ἔφησενο
1485 3829 1503 3860 ι
1550 3810 1671 3863 Ἰδοὺ

122 3903 311 3972 Κύριος
372 3900 612 3955 Σαϐαὼθ
672 3896 1023 3966 συνταράσσει
1069 3895 1193 3956 τοὺς
1252 3895 1487 3960 ἐνδόξους
1541 3897 1672 3966 μετὰ

123 3994 324 4062 ἰσχύος,
367 3995 472 4046 καὶ
507 3992 561 4043 οἱ
594 3988 785 4058 ὑψηλοὶ
813 3989 878 4056 τῇ
933 3986 1083 4056 ὕϐρει
1117 3986 1569 4056 συντριϐήσονται.
1619 3989 1672 4039 Ὅ

119 4081 168 4133 δὲ
194 4083 426 4144 Λίϐανος
451 4083 556 4133 σὺν
579 4081 694 4139 τοῖς
726 4075 944 4145 ὑψηλοῖς
964 4078 1221 4138 πεσεῖται,
1242 4075 1332 4126 καὶ
1347 4075 1672 4138 ἐξελεύσεται

121 4172 303 4242 ῥάϐδος
335 4173 408 4226 ἐκ
435 4174 546 4241 τῆς
569 4169 722 4239 ῥίζης
763 4166 975 4227 Ἰεσσαὶ,
1000 4165 1091 4217 καὶ
1133 4164 1289 4226 ἄνθος
1315 4167 1376 4217 ἐκ
1399 4167 1496 4235 τῆς
1524 4167 1672 4237 ῥίζης

116 4263 473 4332 ἀναϐήσεται,
500 4261 598 4313 καὶ
621 4255 1056 4310 ἐπαναπαύσεται
1076 4256 1160 4306 ἐπ’
1177 4253 1332 4306 αὑτὸν
1355 4255 1564 4324 πνεῦμα
1580 4256 1670 4308 τοῦ

115 4352 242 4406 Θεοῦ
265 4371 314 4406 ἰ
343 4349 432 4416 οἷς
445 4350 692 4417 ἐπιλέγει
710 4365 724 4378 ·
762 4368 780 4398 ι
809 4348 915 4400 Καὶ
942 4346 1085 4398 ἔσται
1112 4348 1144 4414 ἡ
1187 4345 1307 4414 ῥίζα
1335 4345 1426 4397 τοῦ
1461 4347 1668 4410 Ἰεσσαὶ,

1770 3193 2026 3252 pretetur.
2067 3191 2172 3239 Aut
2203 3203 2434 3256 quonam
2487 3192 2592 3244 alio
2636 3201 2872 3261 tempore
2909 3207 3028 3265 post
3071 3199 3297 3269 Babylo-

1769 3275 1943 3327 nicam
1971 3276 2334 3342 obsidionem,
2363 3281 2585 3334 alterum
2614 3299 2865 3351 perpessa
2893 3288 2964 3341 sit
2986 3289 3293 3343 incendium

1767 3359 2096 3426 Jerusalem,
2143 3373 2195 3418 et
2236 3368 2378 3436 quod
2421 3369 2475 3422 in
2517 3371 2630 3438 ipsa
2669 3375 2924 3441 templum
2969 3387 3116 3443 erat,
3149 3379 3298 3446 deje-

1769 3461 1912 3506 ctum
1945 3454 2034 3508 sit.
2061 3454 2212 3519 Quod
2241 3458 2399 3511 etiam
2427 3459 2597 3527 ipsum
2624 3477 2868 3531 magnam
2895 3465 3045 3518 aﬂert
3068 3470 3299 3522 admira-

1769 3542 1965 3597 tionem
1986 3586 2001 3609 ,
2035 3548 2479 3614 quemadmodum
2509 3552 2762 3619 propheta
2799 3554 2850 3606 id
2879 3556 3291 3625 signiﬁcaverit,

1769 3632 1952 3686 dicens
1982 3653 1994 3686 :
2024 3651 2042 3684 ι
2066 3636 2259 3704 Aperi,
2289 3635 2488 3692 Libane
2507 3678 2522 3702 ,
2559 3647 2740 3708 portas
2772 3649 2891 3696 tuas
2911 3684 2925 3701 .
2961 3653 3013 3698 et
3055 3648 3295 3701 comedat

1768 3721 1906 3790 ignis
1933 3722 2122 3777 cedros
2171 3731 2309 3778 tuas.
2347 3744 2365 3777 i
2396 3725 2526 3780 Nam
2578 3727 2836 3782 Libanum
2888 3732 2940 3785 in
2989 3735 3072 3788 his
3120 3737 3296 3793 verbis

1769 3826 1917 3864 more
1939 3826 2038 3864 suo
2059 3814 2311 3880 templum
2334 3815 2506 3883 ipsum
2529 3819 2801 3872 nominat:
2829 3823 3076 3890 quoniam
3100 3825 3151 3877 in
3175 3827 3294 3880 aliis

1769 3913 1983 3967 quoque
2030 3902 2324 3969 prophetiis
2369 3911 2642 3959 ostensum
2675 3914 2790 3968 est,
2827 3907 3084 3963 Libanum
3121 3913 3293 3981 ipsum

1770 3989 2026 4057 templum
2052 3991 2252 4044 vocari.
2282 3989 2338 4044 ld
2368 4000 2544 4047 autem
2568 3994 2669 4062 ipsi
2697 4011 2907 4066 quoque
2928 3998 3094 4054 Judaei
3122 4002 3294 4056 adhuc

1769 4078 2111 4139 conﬁtentur,
2161 4079 2590 4149 quandoquidem
2621 4083 2788 4140 Isaias
2818 4088 2942 4142 bule
2985 4091 3291 4159 prophetat,

1768 4167 1858 4236 qui
1887 4182 2029 4220 nunc
2046 4176 2330 4230 tractatur,
2361 4171 2557 4223 similia
2570 4187 2768 4229 canens
2795 4175 2929 4229 dixit
2953 4196 2965 4230 :
2989 4196 3007 4226 ι
3031 4176 3165 4232 Ecce
3190 4178 3295 4232 Do-

1767 4258 1944 4312 minus
1977 4257 2211 4313 Sabaoth
2239 4261 2582 4315 conturbabit
2606 4263 2870 4332 gloriosos
2902 4281 3021 4320 cum
3066 4268 3292 4331 robore,

1767 4353 1821 4402 et
1860 4347 2054 4402 excelsi
2108 4350 2428 4403 contumelia
2461 4357 2824 4407 conterentur.
2858 4353 3091 4409 Libanus
3116 4364 3291 4410 autem

115 4444 202 4493 καὶ
242 4446 271 4495 6
328 4441 705 4509 ἀνιστάμενος
736 4438 919 4507 ἄρχειν
969 4436 1171 4499 ἐθνῶν,
1229 4437 1312 4486 ἐπ’
1357 4435 1498 4504 αὐτῷ
1549 4436 1666 4506 έθνη

1772 4452 1890 4490 eum
1927 4438 2152 4492 excelsis
2191 4439 2377 4501 cadet,
2420 4447 2474 4493 et
2512 4442 2812 4508 egredietur
2843 4444 2989 4512 virga
3022 4445 3086 4499 de
3115 4445 3293 4500 radice

115 4530 374 4585 ζελπιοῦσι.
403 4551 425 4582 ι
464 4531 581 4583 Kal.
613 4528 839 4581 ἐνταῦθα
878 4527 984 4597 γὰρ
1018 4525 1150 4595 ὁμοῦ
1177 4528 1241 4594 τῇ
1275 4527 1337 4577 ἐκ
1371 4527 1673 4594 σπέρματος

125 4621 314 4672 Ἰεσσαὶ
338 4621 443 4673 καὶ
464 4618 630 4672 Δαϐἰδ
655 4617 863 4684 γενέσει
878 4615 968 4668 τοῦ
1002 4613 1254 4684 Χριστοῦ,
1289 4612 1516 4664 Λιϐάνου
1544 4613 1670 4665 καθ-

116 4709 316 4777 αίρεσις
362 4712 467 4762 καὶ
504 4707 674 4759 ἐθνῶν
703 4706 892 4775 κλῆσις
925 4703 1204 4771 συνῆπται.
1235 4701 1459 4754 Λίϐανον
1482 4701 1538 4753 δέ
1567 4702 1659 4770 τὴν

125 4793 496 4865 Ἰερουσαλὴμ
549 4793 835 4863 διαῤῥήδην
885 4794 913 4842 6
964 4791 1054 4842 καί
1115 4789 1365 4858 Ἰεζεκιὴλ
1430 4791 1672 4858 σημαίνει

115 4883 314 4950 λέγων’
364 4904 386 4936 ι
438 4887 505 4936 Ὁ
545 4884 700 4944 ἀετὸς
729 4885 757 4934 6
791 4881 988 4950 μέγας,
1028 4881 1056 4930 6
1105 4879 1565 4948 μεγαλοπτέρυγος
1587 4919 1602 4942 ,
1647 4883 1673 4932 6

120 4973 248 5041 ἔχων
277 4976 340 5027 τὸ
367 4976 576 5044 ἧγημα
613 4971 871 5025 εἰσελθεῖν
907 4970 985 5030 εἰς
1019 4969 1108 5019 τὸν
1148 4967 1404 5027 Λίϐανον,
1440 4968 1529 5018 καὶ
1570 4970 1671 5022 άπ-

124 5063 302 5133 έκρισε
335 5065 410 5116 τὰ
446 5063 635 5117 ἁπαλὰ
665 5063 763 5132 τῆς
791 5061 1000 5129 κέῗρου.
1042 5077 1059 5106 ι
1087 5055 1270 5108 Ταῦτα
1302 5054 1428 5122 γοῦν
1458 5057 1485 5106 6
1516 5056 1671 5119 αὐτὸς

125 5153 242 5220 ἑξῆς
278 5154 569 5221 διασαφῶν
595 5150 836 5217 ἐπιλέγει
855 5165 868 5176 ’
902 5167 918 5196 ι
946 5148 1056 5198 Ὅτ⁹
1090 5145 1154 5196 ἂν
1197 5143 1320 5213 ἔλθῃ
1348 5142 1670 5212 Ναϐουχοδο-

123 5243 273 5314 adeo?
321 5244 418 5295 ἐπὶ
480 5240 834 5311 Ἰερουσαλὴμ
858 5275 872 5298 ,
927 5235 1016 5286 καὶ
1079 5232 1216 5302 λάϐῃ
1240 5231 1358 5292 τοὺς
1413 5231 1668 5301 ἄρχοντας

132 5333 306 5400 αὐτῆς,
335 5352 353 5382 ι
398 5331 498 5384 καὶ
530 5331 596 5382 τά
637 5329 784 5396 ἐξῆς.
836 5323 993 5375 Ἀλλὰ
1026 5319 1195 5371 ταῦτα
1232 5321 1324 5388 μὲν
1355 5323 1381 5371 6
1422 5322 1669 5393 Ἰεζεκιὴλ

133 5422 246 5488 περὶ
277 5420 376 5488 τῆς
413 5417 637 5488 πρώτης
671 5413 865 5482 ἐδήλου
900 5406 1225 5476 πολιορκίας,
1262 5407 1369 5474 μεθ’
1397 5407 1456 5476 ἢν
1491 5411 1520 5461 6
1557 5413 1666 5462 Ζα-

141 5508 312 5576 χαρίας
347 5510 479 5578 περὶ
505 5509 595 5575 τῆς
623 5501 886 5569 δευτέρας
923 5493 1178 5556 θεσπίζει.
1203 5496 1328 5548 Πότε
1357 5497 1495 5560 οὗτος
1523 5502 1666 5568 μετὰ

205 5682 221 5711 ἰ
258 5680 396 5735 ma],
434 5696 588 5744 ιιιι,
625 5677 682 5736 7,
725 5674 783 5726 8.
869 5671 890 5701 ⁸
933 5669 1028 5723 lsa.
1060 5682 1144 5731 xi,
1183 5670 1233 5736 l,
1263 5673 1308 5725 2.
1375 5676 1394 5705 ³
1431 5673 1553 5726 ibid.
1599 5674 1688 5728 10.

1761 4525 1931 4590 Jesse,
1953 4535 2006 4580 et
2029 4527 2126 4581 ﬁos
2151 4528 2216 4581 de
2243 4527 2426 4582 radice
2446 4532 2719 4592 ascendet,
2741 4542 2794 4586 et
2816 4535 3115 4602 requiescet
3136 4551 3294 4603 super

1763 4631 1882 4669 eum
1905 4615 2130 4683 spiritus
2158 4616 2248 4670 Dei
2270 4617 2312 4681 8;
2338 4636 2356 4667 ι
2378 4616 2574 4684 quibus
2593 4619 2830 4688 adjungit
2857 4640 2868 4671 :
2891 4639 2907 4670 ι
2932 4619 2991 4672 Et
3013 4622 3113 4674 erit
3141 4622 3292 4674 radix

1761 4705 1950 4766 Jesse,
1993 4712 2047 4756 et
2085 4706 2176 4773 qui
2224 4708 2396 4774 surgit
2437 4715 2494 4760 ut
2536 4708 2754 4776 imperet
2783 4709 3058 4776 gentibus,
3091 4709 3142 4761 in
3177 4709 3293 4777 ipso

1763 4794 1916 4865 41],
1941 4801 2126 4862 gentes
2155 4781 2500 4864 sperabunt”.
2534 4816 2552 4848 ι
2590 4797 2794 4850 Etenim
2829 4797 2916 4849 hic
2945 4813 3156 4865 quoque
3189 4815 3292 4852 una

1763 4896 1884 4934 cum
1915 4887 2034 4932 ortu
2061 4879 2260 4935 Christi
2286 4881 2352 4935 de
2390 4884 2592 4936 semine
2619 4881 2773 4936 Jesse
2799 4889 2852 4933 et
2883 4880 3074 4946 David,
3108 4881 3292 4936 Libani

1769 4969 1975 5024 eversio
2004 4974 2058 5022 et
2084 4969 2320 5036 gentium
2350 4971 2558 5024 vocatio
2583 4969 2872 5036 conjuncta
2899 4977 3005 5024 est.
3036 4970 3302 5043 Libanum

1771 5067 1944 5110 autem
1987 5057 2153 5125 ipsam
2199 5055 2494 5112 Jerusalem
2539 5057 2807 5123 intelligi,
2855 5055 3105 5111 Ezechiel
3146 5059 3310 5126 plane

1769 5145 2032 5214 signiﬁcat
2060 5144 2144 5198 bis
2187 5147 2402 5202 verbis:
2437 5165 2454 5197 ι
2485 5146 2678 5214 Aquila
2717 5142 2943 5213 grandis
2991 5159 3311 5213 magnarum

1769 5238 1993 5301 alarum,
2017 5251 2135 5304 quae
2157 5236 2316 5291 habet
2351 5240 2730 5291 auctoritatem
2770 5234 3110 5303 ingrediendi
3142 5235 3194 5286 in
3224 5234 3308 5286 Li-

1766 5325 1983 5385 banum,
2022 5330 2075 5376 et
2113 5325 2305 5378 evulsit
2353 5333 2534 5380 tenera
2577 5322 2730 5378 cedri
2763 5322 2830 5374 ιο.
2865 5339 2884 5370 ι
2926 5319 2990 5372 Et
3037 5321 3150 5373 haec
3201 5322 3319 5386 ipsa

1765 5412 2015 5480 deinceps
2035 5413 2330 5481 explanans
2351 5415 2486 5471 idem
2513 5414 2814 5484 prOpheta,
2839 5409 3082 5477 adjungit
3104 5426 3118 5460 :
3141 5425 3162 5457 ι
3187 5407 3326 5460 Cum

1771 5504 1977 5558 Venerit
2008 5501 2509 5562 Nabuchodonosor
2559 5505 2613 5557 in
2647 5499 2992 5561 Jerusalem,
3023 5504 3078 5550 et
3110 5511 3328 5562 accepe-

1770 5677 1810 5708 ¹⁰
1850 5676 2036 5729 litet'li.
2072 5693 2180 5731 xvu
2203 5723 2220 5746 ,
2252 5685 2310 5745 3,
