3740 6282
547 333 656 391 643

1168 329 1434 387 EUSEBI!
1470 329 1944 386 CESARIENSIS
1977 328 2127 386 OPP.
2167 327 2347 384 PARS
2381 328 2447 383 ll.
2485 359 2555 369 —
2587 326 3074 385 APOLOGETICA.

3573 332 3648 389 ﬁll

551 451 624 504 rit
652 447 901 517 princeps
938 444 1135 515 eius“,
1169 463 1186 496 ν
1218 455 1271 499 et
1291 460 1412 514 quae
1445 453 1767 516 sequuntur.
1811 446 2082 508 Caeterum,

2195 445 2320 509 τοὺς
2339 443 2603 514 Ζαχαρίου
2626 442 2849 513 χρόνους
2871 440 2961 491 ἐπί
2988 443 3084 507 τῆς
3107 441 3407 494 Μακεδόνων
3439 441 3648 512 βασιλείας

548 534 1022 605 Ezechielquidem
1045 535 1154 588 haec
1173 532 1240 587 de
1253 534 1426 602 prima
1449 534 1755 589 Jerusalem
1810 535 2095 589 obsidione

548 626 795 697 przedixit
825 646 838 680 :
865 632 993 696 post
1027 626 1181 693 cujus
1220 624 1520 680 obsidionis
1562 635 1772 695 tempus
1806 625 2097 680 Zacharias

552 718 619 772 de
665 717 900 771 secunda
936 715 1158 769 divinat.
1201 715 1425 780 Quando
1470 717 1635 786 igitur
1673 724 1795 785 post
1825 715 2097 769 Zachariae

551 817 810 875 tempora,
845 807 945 860 sub
980 806 1201 876 imperio
1226 805 1576 860 Macedonum
1605 806 1865 875 templum
1911 806 2097 860 incen-

553 912 670 950 sum
709 897 826 951 est?
858 902 1005 950 certe
1047 910 1342 964 nunquam.
1388 895 1664 964 Siquidem
1697 905 1823 963 post
1866 894 2096 964 Babylo-

548 986 763 1040 niorum
794 986 1264 1055 depopulationem
1308 993 1469 1056 atque
1516 986 1844 1051 incendium,
1890 986 2092 1038 nullam

552 1077 690 1145 ignis
707 1083 928 1130 alteram
949 1078 1294 1131 vastationem
1310 1090 1544 1145 unquam
1568 1091 1822 1145 perpessa
1843 1086 1926 1129 est
1941 1076 2093 1140 urbs,

549 1163 652 1215 nisi
679 1163 781 1216 sub
811 1162 1144 1232 Vespasiano
1167 1179 1229 1217 ac
1257 1163 1378 1217 Tito
1403 1163 1766 1218 Romanorum
1800 1166 2093 1234 imperato.

547 1252 715 1312 ribus,
750 1253 818 1306 ob
864 1269 1024 1322 quam
1060 1270 1189 1308 sane
1231 1256 1589 1309 vastationem
1633 1270 1828 1309 rursus
1857 1256 2091 1310 obscure

545 1349 599 1395 et
628 1357 724 1410 per
758 1341 955 1411 ﬁguras
993 1358 1107 1403 eos,
1141 1344 1233 1411 qui
1277 1344 1403 1397 olim
1445 1344 1589 1412 genti
1632 1344 1990 1412 imperabant,
2023 1345 2091 1398 ad

545 1432 942 1501 deplorationes
966 1441 1020 1486 et
1042 1434 1277 1487 lamenta
1306 1434 1496 1488 invitat
1523 1435 1824 1498 oraculum,
1856 1434 2047 1488 dicens
2072 1446 2087 1485 :

550 1540 568 1572 ι
600 1520 780 1575 Ululet
823 1522 1015 1591 pinus,
1048 1524 1303 1590 quoniam
1337 1523 1532 1577 cecidit
1569 1523 1797 1587 cedrus,
1832 1524 2087 1592 quoniam

542 1625 865 1680 magnopere
903 1612 1169 1679 magniﬁci
1210 1611 1388 1666 amicti
1414 1619 1539 1666 sunt
1568 1625 1582 1663 :
1616 1613 1835 1677 ululate,
1856 1628 2090 1681 quercus

545 1702 887 1766 Basanitidis,
910 1704 1167 1771 quoniam
1198 1704 1492 1758 convulsus
1517 1711 1601 1759 est
1617 1705 1785 1759 saltus
1814 1706 2081 1765 consitus;

2194 535 2519 609 ἐμπρησμὸν
2543 534 2832 605 ὑπέμεινεν
2866 533 2894 583 ὁ
2920 528 3082 592 νεώςς
3113 527 3218 580 ἀλλ’
3243 533 3333 585 οὐκ
3361 531 3486 609 ἐστιν
3508 535 3648 588 simia

2193 624 2348 679 Μετὰ
2381 624 2492 694 γὰρ
2539 622 2637 694 τὴν
2682 622 2792 674 ὑπὸ
2840 617 3187 672 Βαῆυλωνίων
3233 622 3546 692 πυρτοόλησιν,
3579 624 3648 674 οὐδ

2193 712 2377 765 ἄλλοτε
2423 712 2677 782 δευτέραν
2733 711 2767 781 ἢ
2808 708 2947 763 κατὰ
3006 708 3156 760 Τῖτον
3198 708 3288 760 καδ⁸
3338 709 3648 766 Οὐεσπασιανὸνι

2203 802 2483 873 Ῥωμαίων
2539 802 2974 872 αὐτοκράτορας,
3015 798 3112 866 τὴν
3147 797 3229 850 διὰ
3271 799 3426 866 πυρὸς
3464 800 3648 871 ὑπέμεινε

2193 889 2412 961 φθορὰν,
2430 889 2514 957 ἐφ’
2593 889 2757 942 πάλιν
2783 887 2872 941 διὰ
2893 885 3203 955 αἰνίγματος
3226 885 3344 948 τοὺς
3362 885 3508 939 πάλαι
3527 890 3648 958 ἄρχον

2190 995 2287 1040 τας
2310 977 2401 1031 τοῦ
2433 977 2618 1040 ἔθνους
2645 978 2737 1029 ἐπὶ
2763 976 2994 1046 θρήνους
3019 976 3111 1028 καὶ
3133 974 3447 1044 ὀλοφυρμοὺς
3466 976 3648 1033 suum

2193 1069 2410 1137 φάσκων
2444 1069 2473 1120 ό
2493 1068 2678 1137 λόγος·
2714 1087 2733 1118 ι
2772 1065 3106 1133 Ὀλολυξόιτω
3130 1066 3303 1129 πίτυς,
3323 1065 3442 1118 διότι
3468 1067 3648 1125 πέπτωκε

2192 1159 2377 1231 κέδρος
2399 1197 2414 1222 ,
2470 1159 2552 1212 ὅτι
2605 1158 2857 1228 μεγάλως
2914 1158 3229 1226 μεγιστᾶνες
3278 1156 3648 1228 ἐταλαιπώρησαν.

2204 1249 2531 1315 Ὀλολύξατε,
2563 1249 2719 1318 δρύες
2740 1249 2843 1319 τῆς
2876 1247 3234 1311 Βασανίτιδος,
3272 1247 3349 1299 ὃτι
3384 1249 3648 1319 κατεσπάσθη

2192 1340 2220 1391 ό
2240 1339 2436 1409 δρυμὸς
2462 1340 2490 1392 ὁ
2528 1338 2808 1408 σύμφυτος
2826 1353 2840 1367 ·
2866 1336 3020 1407 φωνὴ
3060 1336 3386 1408 θρηνούντων
3429 1338 3648 1405 ποιμένων,

2190 1428 2271 1482 ὅτι
2314 1426 2787 1497 τεταλαιπώρηκεν
2838 1428 2874 1496 ἡ
2922 1423 3272 1494 μεγαλωσύνη
3313 1423 3491 1477 αὐτῶν.
3525 1442 3540 1474 ι
3572 1425 3648 1477 Τότε

2189 1517 2317 1587 γοῦν
2343 1519 2434 1570 καὶ
2464 1518 2685 1585 γέγονεν
2707 1518 2742 1586 ἡ
2775 1515 3135 1587 Ἰερουσαλὴμ
3153 1515 3226 1577 ὡς
3258 1513 3483 1584 πρόθυρα
3506 1513 3648 1565 saltue

2193 1627 2324 1680 μενα
2357 1611 2489 1662 πᾶσι
2518 1611 2628 1670 τοῖς
2657 1607 2808 1669 λαοῖς
2832 1606 3041 1676 κύκλῳ,
3076 1606 3169 1658 καὶ
3198 1605 3254 1656 ὲν
3278 1606 3342 1674 τῇ
3389 1602 3577 1672 Ἰουδαίᾳ
3601 1602 3648 1670 γέ-

2189 1717 2311 1769 γονε
2357 1698 2599 1771 περιοχὴ,
2632 1699 2661 1751 ὅ
2703 1714 2765 1749 τε
2809 1695 3197 1768 νενομισμένος
3233 1694 3403 1756 αὐτοῖς
3443 1694 3567 1760 ἅγιος
3598 1694 3648 1744 xci

541 1811 643 1849 vox
683 1793 1085 1846 lamentantium
1132 1799 1434 1862 pastorum,
1479 1793 1732 1863 quoniam
1774 1792 1965 1846 amicta
1996 1802 2081 1848 est

2185 1790 2326 1861 ἱερὸς
2348 1788 2528 1854 τόπος,
2548 1787 2714 1840 εἰσέτι
2741 1786 2839 1839 καὶ
2861 1786 3106 1855 σήμερον
3137 1783 3279 1846 λίθος
3299 1781 3525 1853 τυγχάνει
3542 1798 3648 1833 κατα-

542 1882 948 1951 magnillcentia
976 1897 1186 1937 eorum.
1230 1902 1248 1933 ι
1286 1882 1440 1937 Tunc
1469 1898 1599 1938 sane
1642 1881 1784 1936 facta
1815 1892 1896 1937 est
1928 1883 2085 1936 Jerus

541 1972 704 2026 salem
736 1971 890 2039 quasi
923 1971 1185 2025 vestibula
1216 1987 1338 2040 quae
1367 1973 1683 2041 quatiuntur
1710 1972 1960 2027 omnibus
1985 1988 2080 2042 po-

541 2060 681 2126 pulis
703 2059 757 2111 in
786 2058 1036 2122 circuitu,
1068 2065 1120 2111 et
1149 2058 1204 2111 in
1233 2058 1416 2113 Iudaea
1441 2059 1583 2112 facta
1613 2067 1695 2114 est
1721 2061 1945 2113 munitio
1973 2076 2086 2114 ama

540 2149 712 2213 biens,
744 2155 795 2203 et
836 2148 904 2202 ab
951 2148 1034 2203 eis
1078 2157 1461 2205 sacrosanctus
1507 2139 1845 2204 existimatus
1896 2151 2082 2215 locus,

540 2254 710 2309 usque
763 2239 817 2293 in
846 2238 1167 2293 hodiernum
1202 2241 1343 2297 diem
1392 2239 1531 2309 lapis
1562 2240 1796 2303 exsistit,
1831 2241 1923 2309 qui
1953 2256 2083 2295 cons

538 2330 786 2381 culcatur
812 2328 879 2381 ab
926 2329 1180 2383 omnibus
1212 2329 1489 2398 gentibus,
1517 2334 1570 2382 et
1597 2329 1906 2397 quicunque
1933 2328 2083 2382 illum

538 2418 821 2471 conculcat
850 2416 1082 2472 illudens
1103 2418 1378 2483 illudetur,
1407 2418 1548 2473 sicut
1586 2417 1861 2486 prophetia
1889 2416 2084 2485 praedi:-

538 2515 706 2560 xerat.
739 2505 878 2571 Quin
915 2506 1075 2559 etiam
1110 2512 1394 2574 propterea
1423 2504 1567 2575 quod
1598 2506 1675 2558 illi
1707 2505 1952 2569 Domino,
1987 2506 2080 2573 qui

536 2594 651 2647 haec
681 2594 972 2658 cecinerat,
992 2594 1406 2657 insultaverunt,
1436 2609 1544 2647 non
1576 2593 1770 2647 defecit
1790 2609 1882 2648 eos
1908 2609 2081 2663 neqpe

538 2684 802 2751 planctus,
831 2698 1003 2750 neque
1023 2683 1218 2745 luctus,
1249 2698 1422 2751 neque
1444 2683 1774 2736 lamentatio.
1797 2681 2076 2751 Nunquam

536 2771 703 2840 igitur
742 2771 875 2824 alias
916 2771 1023 2824 nisi
1064 2778 1186 2840 post
1234 2769 1532 2825 Salvatoris
1574 2771 1745 2826 nostri
1793 2771 2077 2825 adventum

537 2876 708 2930 usque
748 2860 817 2913 ad
844 2861 985 2914 hanc
1012 2868 1408 2932 tempestatem,
1443 2876 1630 2916 omnes
1674 2862 1846 2916 tribus
1869 2859 2079 2916 Judazo-

536 2966 657 3004 rum
722 2951 1014 3020 quidquam
1069 2951 1450 3007 lamentatione
1506 2954 1793 3021 planctuve
1854 2952 2075 3021 dignum

2184 1879 2516 1951 πατούμενος
2543 1880 2674 1931 πᾶσι
2701 1880 2817 1939 τοῖς
2847 1875 3050 1939 ἔθνεσι,
3091 1875 3185 1927 καὶ
3210 1876 3313 1936 πᾶς
3352 1876 3380 1926 ό
3413 1870 3648 1926 natanata:

2183 1971 2350 2041 αὐτὴν
2379 1969 2657 2040 ἐμπαίζων
2703 1965 3036 2037 ἐμπαίξεται
3055 2003 3072 2029 ,
3116 1964 3409 2026 ἀκολούθως
3429 1966 3486 2033 τῇ
3512 1978 3648 2031 προφη-

2181 2062 2322 2133 τείᾳ.
2363 2057 2524 2113 Ἀλλὰ
2564 2059 2661 2112 καὶ
2691 2058 2812 2111 ἀνθ’
2855 2050 2931 2109 ὧν
2978 2057 3390 2128 κατωρχήσαντο
3425 2051 3505 2106 τοῦ
3541 2051 3648 2103 ταῦτα

2183 2152 2534 2214 θεσπίσαντος
2566 2150 2800 2221 Κυρίου,
2830 2147 2892 2202 ού
2920 2146 3255 2200 διαλέλοιπεν
3291 2144 3469 2206 αὐτοὺς
3498 2140 3648 2200 atomi;

2182 2243 2276 2295 καὶ
2301 2241 2533 2313 ὀδυρμὸς
2563 2241 2657 2293 καὶ
2689 2238 2912 2310 θρῆνος.
2958 2238 3035 2290 Οὐ
3084 2235 3297 2290 πώποτε
3331 2234 3448 2303 γοῦν
3480 2228 3648 2296 ἄλλοτεῆ

2184 2331 2319 2401 μετὰ
2349 2331 2447 2403 τὴν
2470 2329 2564 2382 τοῦ
2598 2329 2857 2400 Σωτῆρος
2883 2328 3040 2399 ἡμῶν
3062 2326 3374 2397 παρουσίαν,
3402 2324 3483 2377 καὶ
3512 2323 3572 2383 είς
3596 2319 3648 2371 τὸν

2179 2419 2298 2472 καθ’
2341 2420 2488 2489 ἡμᾶς
2532 2418 2727 2489 χρόνον
2750 2456 2767 2482 ,
2818 2418 2992 2471 πᾶσαι
3031 2418 3089 2470 αἱ
3134 2415 3290 2485 φυλαὶ
3326 2412 3412 2467 τοῦ
3467 2410 3648 2464 Ἰουδαίων

2178 2509 2361 2570 ἔθνους
2389 2508 2601 2579 θρήνων
2637 2509 2737 2561 καὶ
2770 2506 3020 2561 κοπετῶν
3051 2495 3176 2571 ἄξια
3206 2503 3481 2557 πεπόνθασι
3509 2498 3574 2552 διὰ
3593 2496 3648 2565 τὴν

2177 2597 2584 2651 καταλαὼῦσαν
2617 2598 2827 2661 αὐτοὺς
2859 2599 2927 2652 ἐκ
2951 2596 3086 2650 Θεοῦ
3115 2594 3338 2666 πληγὴν,
3367 2593 3446 2661 ὑφ’
3470 2587 3526 2664 ἦς
3552 2588 3648 2655 καὶῆ

2178 2687 2501 2757 μητρόπολις
2528 2687 2716 2740 αὐτῶν
2739 2686 3062 2756 ἀλλοφύλοις
3087 2684 3287 2738 ἔθνεσιν
3302 2682 3511 2751 ἐξεδόθη,
3531 2678 3599 2731 καὶ
3616 2676 3648 2726 τὸ

2179 2772 2318 2843 ἱερὸν
2349 2772 2698 2845 κατεσκάφη,
2735 2774 2894 2827 αὐτοί
2919 2790 2981 2827 τε
3008 2774 3108 2843 τῆς
3154 2770 3285 2834 ἰδίας
3324 2771 3485 2841 χώρας
3516 2764 3648 2830 ἀπελή·

2174 2861 2349 2923 λαντο,
2371 2861 2429 2914 ἐν
2457 2863 2524 2931 τῇ
2563 2860 2816 2934 πολεμία
2844 2862 3058 2933 ἐχθροῖς
3084 2859 3408 2922 δουλεύοντες
3427 2874 3439 2888 -
3467 2850 3526 2909 ὧν
3548 2854 3648 2905 ἐντι]

2174 2953 2280 3015 πᾶς
2306 2951 2336 3003 ό
2359 2945 2503 3014 οἶκος
2523 2951 2738 3015 αὐτῶν,
2770 2955 2869 3006 καὶ
2905 2955 3055 3007 πᾶσα
3073 2950 3216 3023 ψυχὴ
3249 2949 3414 3004 αὐτῶν
3437 2945 3569 2999 είσέτι
3596 2938 3648 2993 καὶ

535 3053 708 3110 passae
738 3045 884 3102 sunt,
916 3048 1131 3109 propter
1158 3040 1367 3109 plagam
1397 3055 1517 3109 quae
1549 3040 1698 3109 ipsos
1720 3039 1828 3094 Deo
1851 3038 2075 3095 feriente

2182 3043 2407 3113 σήμερον
2445 3040 2673 3112 θρήνοις
2711 3044 3105 3115 ὑποϐέϐληται.
3147 3042 3236 3094 Διό
3272 3042 3425 3111 φησιν
3459 3039 3648 3140 ήπροξτῖ

535 3130 965 3198 deprehenderit,
986 3144 1052 3183 ex
1080 3144 1185 3199 qua
1214 3131 1375 3183 etiam
1401 3130 1640 3199 ipsorum
1667 3137 1841 3184 mater
1880 3130 2072 3186 civitas

2182 3132 2318 3185 τείαο
2360 3150 2379 3183 ι
2420 3132 2531 3185 Καὶ
2558 3132 2801 3203 κόψεται
2831 3134 2977 3206 φυλὴ
3011 3132 3151 3187 κατὰ
3190 3132 3374 3203 φυλὴν,
3411 3128 3527 3198 φυλὴ
3558 3123 3648 3177 om

535 3220 773 3275 externis
799 3219 1047 3290 gentibus
1077 3218 1275 3272 tradita
1296 3230 1398 3283 est,
1433 3229 1487 3273 et
1515 3221 1769 3290 templum
1802 3235 2049 3276 eversum

537 3310 931 3379 sull‘ossumque
976 3316 1078 3372 est,
1122 3308 1333 3377 ipsique
1378 3309 1445 3364 de
1487 3309 1705 3379 propria
1741 3309 1956 3379 regione
1989 3325 2077 3366 ex-

536 3399 677 3467 pulsi
698 3404 846 3462 sunt,
873 3397 1093 3450 interra
1122 3396 1302 3451 hostili
1326 3397 1562 3453 inimicis
1590 3399 1904 3453 servientes.
1929 3397 2074 3463 Quas

535 3490 605 3543 ob
637 3504 748 3555 res,
790 3487 968 3542 omnis
1004 3487 1242 3556 ipsorum
1272 3487 1484 3550 domus,
1516 3488 1799 3558 omnisque
1834 3488 2072 3557 ipsorum

537 3578 716 3632 anima
744 3579 800 3632 in
829 3578 974 3631 hunc
1003 3591 1179 3646 usque
1203 3576 1344 3631 diem
1375 3576 1851 3632 lamentationibus
1882 3576 2073 3630 alllicta

533 3674 635 3720 est.
675 3668 1011 3735 Quapropter
1060 3664 1319 3734 propheta
1363 3665 1443 3719 sic
1484 3665 1559 3717 ait
1594 3680 1609 3717 :
1659 3683 1677 3715 ‹
1715 3664 1782 3718 Ει
1823 3666 2073 3735 plangant

535 3755 758 3822 singulae
781 3754 955 3808 tribus
974 3768 1068 3823 per
1080 3754 1313 3822 seipsas:
1332 3752 1490 3824 412
1508 3755 1679 3809 tribus
1693 3754 1891 3810 domus
1904 3755 2070 3810 David

534 3854 799 3902 seorsum,
829 3849 883 3892 et
925 3839 1176 3893 mulieres
1214 3856 1399 3894 eorum
1445 3857 1689 3897 seorsum
1709 3845 1773 3908 η,
1808 3863 1827 3895 ν
1863 3854 1915 3899 et
1952 3860 2072 3914 qua:

2171 3223 2328 3278 Δασὶδ
2348 3222 2468 3276 καθ’
2491 3224 2727 3296 ἑαυτὴν,
2750 3226 2848 3279 καὶ
2873 3228 3135 3295 γυναῖκες
3154 3225 3327 3279 αὐτῶν
3351 3208 3461 3275 uno"
3475 3215 3648 3275 ιαυτάςι

2171 3312 2261 3364 καὶ
2310 3310 2381 3363 τὰ
2432 3310 2658 3374 τούτοις
2697 3315 2969 3384 ἑπόμενα.
3002 3315 3165 3368 Ποῖαι
3208 3313 3265 3367 δὲ
3307 3310 3434 3383 μετὰ
3472 3307 3569 3368 τοὺς
3596 3299 3648 3353 τοί

2170 3394 2434 3466 Ζαχαρίου
2474 3395 2715 3465 χρόνους
2749 3401 3042 3468 γεγόνασιν
3080 3400 3300 3473 ἡμέραι,
3347 3400 3400 3452 ὲν
3429 3391 3503 3457 αἷς
3535 3394 3648 3460 διεμε-

2173 3482 2323 3554 ρίσθη
2362 3483 2430 3535 τὰ
2474 3483 2662 3538 σκῦλα
2708 3490 2812 3559 τῆς
2867 3489 3239 3561 Ἰερουσαλὴμ,
3273 3487 3364 3540 καὶ
3410 3478 3648 3549 ἐπισυνήκθτ

2170 3571 2344 3625 πάντα
2385 3571 2456 3624 τὰ
2493 3572 2620 3644 ἔθνη
2670 3577 2760 3629 ἐπ’
2801 3578 2974 3651 αὐτὴν
3012 3581 3094 3643 είς
3146 3580 3396 3648 πόλεμον,
3437 3574 3531 3645 ﬁ)»
3563 3568 3648 3622 τεί

2169 3661 2341 3725 πόλις,
2381 3663 2474 3715 καὶ
2513 3663 2920 3740 διηρπάγησαν
2949 3670 3009 3723 al
3040 3671 3239 3734 οἰκίαι,
3273 3669 3362 3722 καὶ
3395 3668 3446 3722 αἱ
3479 3662 3648 3733 γυναῖκες

2168 3751 2552 3824 ἐμολύνθησαν,
2596 3756 2948 3828 ἀπήχθησαν
2971 3777 3035 3812 τε
3076 3762 3157 3824 είς
3185 3756 3548 3830 αίχμαλωσίαν,
3568 3744 3648 3818 ὁμοῦ

2167 3842 2333 3895 τεκαὶ
2356 3843 2498 3896 κατά
2525 3843 2589 3897 τὸ
2615 3848 2758 3902 αὐτὸ
2782 3851 2813 3903 ό
2843 3850 3073 3923 Κύριος,
3102 3849 3391 3921 συμμαχῶν
3423 3848 3518 3906 τοῖς
3535 3840 3648 3893 ἔθνεσί

534 3934 849 3997 sequuntur.
882 3926 989 3981 Sed
1029 3928 1120 3995 qui
1149 3929 1363 3982 tandem
1389 3938 1512 3998 post
1541 3931 1810 3986 Zachariae
1829 3940 2070 4003 tempora

2182 3933 2275 3994 τοῖς
2331 3932 2429 4003 τὴν
2490 3933 2857 4009 Ἰερουσαλὴμ
2918 3941 3214 4012 πολεμοῦσι
3235 3980 3251 4006 ,
3302 3934 3586 4010 παρετάξατο
3616 3928 3648 3976 ἐν

532 4017 703 4072 secuti
727 4024 854 4072 sunt
875 4017 1014 4083 dies,
1042 4018 1098 4069 in
1122 4018 1321 4086 quibus
1350 4020 1522 4088 spolia
1563 4019 1859 4075 Jerusalem
1896 4023 2069 4078 divisa

2182 4020 2379 4086 ιύτοϊςς
2411 4022 2445 4092 ἢ
2478 4022 2613 4077 πότε
2645 4025 2886 4099 ἔστησαν
2919 4030 2971 4081 οἱ
3010 4031 3169 4095 ¹ιἐόδες
3208 4029 3365 4085 αύτοῦ
3397 4028 3476 4081 ἐπὶ
3502 4024 3549 4075 τὸ
3571 4020 3648 4088 ὅρος

532 4108 695 4161 sunt?
732 4116 785 4161 et
823 4116 1009 4177 gentes
1052 4109 1317 4163 universae
1363 4108 1431 4162 ad
1476 4109 1673 4162 bellum
1722 4120 1908 4165 contra
1949 4128 2065 4167 eam

2182 4110 2267 4162 τῶν
2304 4111 2528 4165 Ἐλαιῶν
2551 4128 2568 4178 ;
2604 4116 2646 4188 ἢ
2669 4118 2805 4171 πότε
2831 4120 3027 4188 γέγονε
3057 4124 3264 4193 Κύριος
3293 4121 3368 4182 είς
3397 4113 3575 4187 βασιλέα
3592 4105 3648 4158 ἐπὶ

529 4197 827 4250 coiverint?
870 4205 923 4251 et
952 4198 1146 4251 civitas
1177 4204 1333 4266 capta
1372 4197 1462 4262 sit,
1496 4207 1549 4252 et
1590 4198 1781 4254 domus
1823 4200 2063 4270 direptae,

2182 4201 2339 4256 πᾶσαν
2391 4202 2491 4273 τὴν
2522 4204 2654 4276 γῆν,
2703 4208 2872 4272 αὑτός
2911 4227 2975 4264 τε
3027 4209 3109 4275 εἷς
3158 4212 3351 4281 Κύριος
3388 4206 3470 4260 ἐπὶ
3506 4200 3648 4253 πάντπέ

528 4294 581 4338 et
614 4287 863 4341 mulieres
891 4288 1108 4356 polluta:
1138 4296 1302 4356 atque
1329 4288 1383 4342 in
1413 4287 1724 4342 servitutem
1754 4289 1988 4344 abacta?
2011 4298 2065 4347 et

2182 4289 2496 4362 ινθρώπους,
2528 4296 2632 4348 καὶ
2673 4296 2738 4350 τὸ
2783 4300 2964 4370 δνομα
3012 4300 3179 4355 αὑτοῦ
3233 4295 3502 4369 ἐγιωκλοῦν
3529 4291 3648 4343 πᾶσαν

528 4373 743 4441 quando
780 4374 943 4427 simul
981 4374 1083 4429 sub
1111 4375 1253 4430 idem
1292 4383 1501 4444 tempus
1530 4374 1785 4431 Dominus
1812 4379 2062 4447 gentibus

2182 4380 2260 4449 τὴν
2289 4382 2391 4450 Υῆν
2423 4382 2517 4434 καὶ
2541 4384 2650 4456 τὴν
2689 4386 2902 4459 ἔρημον
2923 4405 2938 4454 ;
2962 4389 3137 4444 ταῦτα
3157 4389 3263 4462 γὰρ
3286 4389 3387 4442 οὐδ’
3416 4378 3568 4439 ἄλλοτέ

523 4460 818 4516 Jerusalem
847 4464 1291 4533 oppugnantibus
1348 4462 1694 4528 subveniens,
1733 4469 2066 4535 comparavit

2182 4468 2421 4539 πρότερον
2443 4469 2558 4541 εχοι
2581 4473 2652 4526 ἂν
2671 4493 2759 4539 τις
2779 4479 2863 4539 εις
2886 4479 3062 4551 πέρας
3079 4459 3245 4547 δεῖξαί
3264 4477 3489 4548 ἀχθέντα,
3510 4471 3538 4540 ἢ
3557 4459 3648 4519 κατά

525 4566 585 4606 se
612 4550 677 4604 ad
708 4551 947 4620 praelium
985 4567 1106 4607 cum
1138 4551 1280 4609 illis?
1311 4559 1404 4603 aut
1431 4552 1646 4620 quando
1674 4561 1934 4612 steterunt
1967 4573 2065 4627 pe-

2182 4558 2279 4619 τοὺς
2325 4559 2613 4628 Ῥωμαίων
2657 4566 2910 4636 χρόνους,
2955 4550 3076 4620 καθ’
3125 4566 3219 4630 οὓς
3264 4558 3551 4635 ἐμπρησμὸν
3585 4551 3648 4601 ὑπ”

524 4641 620 4697 des
648 4643 769 4710 ejus
815 4642 869 4696 in
902 4650 1085 4697 monte
1115 4642 1428 4719 Ulivarum?
1471 4649 1566 4696 aut
1610 4645 1827 4714 quando
1858 4648 2065 4702 exstitit

2187 4664 2334 4717 μεινε
2366 4648 2647 4721 δεύτερον,
2680 4655 2824 4725 μετὰ
2852 4657 2948 4710 τὸν
2989 4658 3096 4711 ὑπὸ
3123 4654 3455 4710 Βαϐυλωνίων
3473 4647 3532 4713 ,ὁ
3559 4640 3647 4695 νεὼς

526 4730 783 4786 Dominus
802 4731 856 4785 in
895 4730 1092 4803 Regem
1123 4748 1217 4802 per
1248 4735 1555 4790 universam
1584 4736 1821 4788 terram?
1844 4737 2062 4807 ipseque

2182 4736 2349 4801 ιύτῶν,
2366 4739 2400 4808 ἦ
2432 4755 2493 4791 τε
2521 4740 2686 4806 πόλις
2715 4744 2778 4808 ἐξ
2799 4746 3012 4801 ἐκείνου
3037 4748 3131 4800 καὶ
3152 4748 3231 4809 εἰς
3253 4742 3400 4814 δεῦρο
3433 4735 3522 4791 ὑπὸ
3544 4728 3648 4814 am

524 4832 663 4871 unus
705 4819 965 4877 Dominus
1017 4822 1158 4892 apud
1207 4839 1394 4879 omnes
1444 4822 1729 4880 homines?
1770 4831 1823 4879 et
1866 4841 2059 4880 nomen

2182 4827 2332 4880 δόλων
2366 4828 2534 4886 ἐθνῶν
2588 4837 3029 4890 κατοικισθεῖσαι
3076 4811 3372 4890 δείκνυται·
3414 4832 3489 4884 ὅτε
3530 4811 3646 4877 καὶι

522 4905 640 5000 eius
670 4912 910 4968 ambiens
930 4914 1233 4968 universam
1255 4923 1457 4970 terram
1475 4922 1530 4973 et
1550 4917 1891 4972 solitudinem
1907 4918 1930 4970 ?
1945 4918 2056 4971 haec

2182 4916 2355 4985 ἱύριος
2379 4918 2540 4989 ἡμῶν
2578 4922 2794 4994 Ἰησοῦς
2820 4930 2849 4980 ό
2875 4925 3111 4998 Χριστὸς
3134 4925 3226 4979 τοῦ
3247 4921 3371 4977 Θεοῦ
3394 4918 3479 4979 τὰς
3499 4906 3645 4967 οἶκείαί

523 5004 664 5082 enim
692 5008 959 5082 nunquam
991 5003 1273 5073 quisquam
1302 5013 1456 5059 antea
1484 5005 1548 5059 ad
1584 5016 1740 5057 suum
1765 5003 1920 5057 finem
1944 5014 2059 5070 per;

2184 5010 2383 5060 ποιεῖτο
2426 5009 2713 5082 διατριῦὰς
2762 5017 2859 5069 ἐπὶ
2900 5017 2995 5071 τοῦ
3040 5017 3290 5077 ἐλαιῶνος
3329 5009 3415 5066 τοῦ
3458 5005 3644 5066 ἄντικρυς

525 5074 685 5178 duc}?
710 5078 1073 5143 demonstrare
1117 5092 1336 5158 poterit,
1366 5094 1470 5148 nisi
1510 5093 1872 5148 Romanorum
1922 5097 2057 5143 tem-

2182 5092 2252 5162 ἧς
2286 5074 2643 5173 τιερθυσακὴμ
2671 5074 2858 5176 ἀρους,
2898 5106 3005 5177 πλη
3016 5074 3283 5178 ρουμὲνουν
3309 5099 3394 5154 τοῦ
3420 5094 3642 5178 ιιίνάσκογτος

523 5161 764 5263 vim“,
801 5170 1157 5263 (mutus-post
1202 5180 1586 5254 Babylonicum
1615 5181 1941 5245 incendium,
1978 5181 2056 5235 ει.

2182 5161 2311 5252 χόγου
2332 5161 2399 5239 ’.ι
2418 5190 2529 5243 Καὶ
2559 5161 2857 5259 στήσονταί
2888 5197 2939 5250 οί
3169 5193 3324 5250 αὑτοῦ
3360 5161 3443 5242 ἐπί
3474 5182 3524 5234 τὸ
3557 5175 3641 5263 €904

526 5252 644 5353 ειεςο
689 5263 877 5353 rursus
914 5252 1159 5318 incendio
1192 5252 1433 5335 ipsorum
1485 5277 1739 5347 templum
1782 5277 2051 5324 vastatum

2182 5271 2260 5325 ὦν
2300 5274 2528 5332 Ἐλαιῶν
2548 5279 2611 5331 τὸ
2630 5282 2925 5336 κατέναντι
2961 5282 3334 5353 Ἰερουσαλήμ’
3371 5294 3388 5326 ³
3427 5258 3639 5353 matiam

525 5343 628 5433 est,
666 5346 718 5391 et
741 5343 930 5443 civitas
954 5363 1018 5443 ex
1039 5351 1129 5407 illo
1159 5356 1225 5409 ad
1257 5359 1399 5421 hunc
1430 5343 1611 5440 usque
1630 5368 1768 5422 diem
1788 5362 1860 5418 ab
1878 5366 2054 5414 exter-

2182 5360 2246 5413 ὀὖ
2276 5362 2559 5432 θεοσεϐοῦς
2580 5370 2983 5443 πολιτεύματος
3003 5343 3123 5427 καθ’
3156 5343 3282 5440 ὄληξ
3301 5368 3389 5436 τῆς
3412 5350 3638 5443 ἀνθρώ

525 5427 611 5476 nis
638 5427 883 5491 gentibus
901 5429 1123 5493 habitari
1147 5451 1464 5512 ostenditur.
1488 5427 1607 5526 duo
1634 5466 1873 5528 tempore
1891 5449 2049 5505 etiam

2187 5451 2476 5529 Ξκουμένης
2500 5427 3042 5533 ἀνοικοδομηθέντος,
3073 5427 3249 5515 πάντα
3261 5427 3360 5509 τὰ.
3386 5449 3509 5514 ἔθνην
3541 5428 3637 5490 κατὰ

595 5597 635 5628 ¹¹
691 5596 887 5655 Ezecb.
924 5619 1054 5673 xvn,
1086 5611 1170 5670 12.
1249 5619 1292 5653 ¹²
1332 5625 1555 5687 Zachar.
1589 5645 1704 5694 ιιι,
1743 5619 1929 5683 1244.
