3740 6326
117 400 150 453 6
168 401 229 454 15
1057 399 1681 457 DEMONSTRATIONIS

1785 393 2166 465 vasorum
2204 393 2333 450 LIB.
2372 395 2503 450 vm.
3224 402 3328 459 eis

118 517 220 586 τὴν
283 519 662 589 προφητείαν,
691 520 791 589 τὴν
837 519 1022 583 ἑορεὴν
1072 518 1184 584 τῆς
1218 515 1585 584 Σκηνοπηγίας
1634 515 1681 566 ὲκ

1791 515 2045 568 Dominus
2101 520 2286 568 noster
2354 512 2512 568 Jesus
2570 513 2815 570 Christus
2863 517 2956 572 Dei
3014 520 3217 573 versari
3269 521 3324 574 in

122 606 288 658 παντὶ
325 607 483 678 τόπῳ
530 610 610 679 τῷ
666 603 779 672 Θεῷ
819 603 925 655 τῶν
981 604 1266 673 προφητῶν
1306 604 1681 674 πανηγυρίζει,

1789 605 1982 658 oliveto
2003 605 2300 669 consuevit,
2327 603 2470 672 quod
2497 610 2581 656 est
2633 604 2688 656 in
2739 614 2916 660 monte
2946 615 3133 661 contra
3164 608 3324 664 Jeru-

117 695 421 762 Αἰγύπτιοί
453 717 532 755 τε,
565 695 622 759 ἐξ
647 694 856 745 ἐκείνου
883 693 972 746 τὸν
1000 693 1106 745 τῶν
1134 695 1266 746 ὅλων
1294 693 1422 746 Θεὸν
1445 695 1681 760 ἐπιγνόν-

1790 693 1976 753 salem,
2005 693 2432 762 complctumque
2462 697 2544 745 est
2576 693 2853 746 oraculum
2883 695 3030 762 quod
3059 695 3168 748 ait:
3201 716 3220 746 ι
3259 697 3320 750 Et

114 802 244 847 τες,
296 786 402 844 τὰς
437 783 648 850 σκηνὰς
701 777 884 834 αὐτῶν
933 783 1014 849 ἐφ’
1063 782 1294 848 ἑκάστης
1344 781 1546 844 πόλεως
1598 784 1681 836 καὶ

1788 783 2002 836 stabunt
2021 781 2179 850 pedes
2211 782 2328 850 ejus
2356 782 2410 834 in
2441 789 2620 833 monte
2645 779 2939 847 Olivarum,
2972 785 3062 851 qui
3091 793 3173 839 est
3194 801 3317 839 con-

111 875 307 943 χώρας
339 871 742 939 κατεπήξαντο.
771 866 896 922 Εἶεν
927 870 970 921 δ’
1008 870 1071 922 ἂν
1097 865 1250 922 αὗται
1275 871 1329 922 αἰ
1361 869 1498 922 κατὰ
1531 871 1681 922 τόπον

1787 876 1868 921 tra
1903 867 2222 933 Jerusalem,
2259 888 2278 920 ›
2312 870 2414 924 hoc
2451 877 2536 923 est
2585 870 2841 939 religioso
2873 871 3068 939 pioque
3109 875 3319 928 vivendi

126 961 456 1029 Ἑκκλησίαι
487 960 584 1011 τοῦ
614 959 867 1029 Χριστοῦ.
895 959 1104 1021 Ταύτας
1134 959 1239 1028 γὰρ
1265 959 1394 1012 πολὺ
1418 959 1681 1028 κρείττους

1789 959 2032 1013 instituto
2076 975 2170 1028 per
2217 960 2400 1014 orbem
2454 966 2719 1013 terrarum
2777 960 2993 1013 condito
3033 971 3084 1016 et
3121 972 3316 1029 erecto,

114 1053 224 1103 τῶν
274 1048 438 1118 παρὰ
499 1050 727 1101 Μωῦσεῖ
775 1048 984 1117 σκηνῶν
1034 1050 1065 1117 ὴ
1111 1049 1202 1100 τοῦ
1250 1049 1495 1117 Σωτῆρος
1539 1048 1681 1117 ἡμῶν

1788 1063 1973 1102 omnes
2015 1049 2308 1104 secundum
2339 1051 2693 1118 prophetiam,
2724 1050 2864 1114 diem
2897 1051 3090 1105 festum
3121 1054 3316 1110 Taber‘

128 1135 306 1206 Ἰησοῦ
353 1135 602 1205 Χριστοῦ
645 1135 866 1204 δύναμις
904 1135 1022 1186 καθ’
1061 1135 1186 1205 ὅλης
1227 1136 1554 1206 συνεπήξατο
1591 1136 1681 1204 τῆς

1790 1140 2106 1192 naculorum
2184 1140 2534 1193 celebrabunt
2609 1139 2716 1194 Deo
2787 1141 3198 1209 prophetarum,
3269 1151 3320 1197 et

113 1225 430 1297 ἀνθρώπων
479 1227 832 1295 οἰκουμένης,
875 1225 952 1286 εἰς
977 1223 1037 1275 τὸ
1067 1226 1172 1276 πᾶν
1215 1225 1366 1291 γένος
1396 1225 1681 1296 ἀνθρώπων

1789 1229 2022 1298 IEgyptii
2043 1246 2109 1285 ex
2138 1230 2230 1284 illo
2254 1229 2416 1283 Deum
2445 1229 2681 1285 universi
2701 1239 3054 1299 agnoscentes
3085 1232 3322 1285 taberna-

114 1316 208 1368 καὶ
257 1315 452 1368 πάντα
495 1315 569 1366 τὰ
625 1314 786 1382 ἔθνη,
825 1315 1195 1384 Σκηνοπηγίας
1246 1315 1432 1384 ἑορτὴν
1474 1314 1550 1384 τῷ
1599 1315 1681 1366 ἐπὶ

1787 1319 1904 1371 cula
1927 1333 2023 1371 sua
2051 1319 2105 1371 in
2129 1319 2353 1388 singulis
2386 1319 2694 1372 civitatibus
2719 1329 2772 1373 et
2800 1319 3111 1388 regionibus
3133 1319 3315 1387 ligent.

114 1409 336 1460 πάντων
358 1405 490 1475 Θεῷ
523 1405 810 1456 ἐπιτελεῖν.
833 1407 958 1456 Ὅτε
976 1405 1148 1456 τοίνυν
1175 1404 1454 1456 καὶταῦτα
1471 1404 1540 1456 τὰ
1560 1405 1681 1475 πρό-

1788 1405 1878 1460 lla:
1907 1422 2067 1475 porro
2099 1408 2208 1461 sint
2230 1407 2431 1461 Christi
2463 1408 2514 1460 in
2551 1409 2697 1461 omni
2732 1409 2851 1461 loco
2881 1411 3113 1463 conditae
3136 1410 3322 1464 Eccle—

115 1499 281 1552 παλαι
309 1501 432 1558 τοῖς
469 1497 650 1548 ἔθνεσι
673 1496 1182 1564 προαναφωνηθέντα
1204 1495 1320 1547 καθ’
1338 1496 1480 1564 ἡμᾶς
1500 1496 1681 1557 αὐτοὺς

1787 1497 1897 1549 siae.
1933 1495 2039 1550 Has
2067 1497 2207 1550 enim
2231 1497 2398 1549 multo
2431 1498 2826 1564 prmstantiores
2871 1498 3120 1553 Mosaicis
3142 1499 3322 1554 taber—
3365 1530 3374 1536 -

113 1586 332 1655 ορῶμεν
372 1585 486 1654 τὴν
512 1584 738 1636 ἑκϐασιν
775 1584 1125 1655 ἀπειληφότα,
1167 1585 1234 1636 τά
1276 1600 1334 1634 τε
1373 1583 1464 1634 τοῦ
1498 1584 1681 1654 θρήνου

1786 1587 1992 1639 naculis
2026 1586 2317 1640 Salvatoris
2341 1588 2511 1640 nostri
2554 1585 2679 1640 Jesu
2723 1587 2920 1642 Christi
2975 1591 3231 1656 potentia,
3262 1588 3318 1644 in

116 1677 207 1727 καὶ
255 1675 356 1726 τοῦ
396 1673 644 1726 κοπετοῦ
682 1677 803 1735 ταῖς
841 1674 1028 1742 φυλαῖς
1064 1672 1156 1726 τού
1202 1673 1466 1725 Ἰουδαίων
1510 1673 1681 1735 ἔθνους

1785 1677 1927 1727 οηιηί
1963 1675 2030 1726 ab
2063 1675 2365 1730 hominibus
2400 1676 2637 1730 habitato
2667 1677 2794 1730 orbe
2837 1693 2931 1746 per
2956 1694 3113 1733 omne
3148 1681 3319 1734 homi-

116 1764 652 1835 προκεκηρυγμένα,
681 1764 748 1816 τά
772 1780 829 1814 τε
858 1763 957 1831 τῆς
986 1763 1368 1833 πυρπολήσεως
1391 1762 1481 1814 τοῦ
1519 1763 1681 1830 ἱεροῦ,

1786 1779 1912 1817 num
1945 1778 2130 1833 genus,
2162 1779 2255 1832 per
2283 1779 2468 1818 omnes
2497 1774 2680 1833 gentes
2712 1765 2844 1827 ﬁxit,
2889 1774 2947 1820 ut
2991 1766 3098 1821 Deo
3136 1769 3319 1822 omnia

118 1829 206 1908 καὶ
238 1829 627 1924 τῆς-ἐσχάτης
669 1852 846 1905 αὐτῶν
871 1829 1100 1922 ἐρημίας
1125 1891 1138 1914 ,
1173 1829 1370 1921 ὁμοίως
1402 1852 1491 1903 καὶ
1521 1829 1681 1904 ταῦτα

1786 1853 1886 1908 sub
1908 1829 1968 1906 se
1995 1829 2207 1906 habenti
2256 1829 2526 1906 celebrent
2550 1854 2688 1907 diem
2738 1854 2931 1908 festum
2979 1855 3316 1911 Tabernacu-

119 1949 230 2007 ταῖς
255 1945 649 2016 προρρήσεσιν
671 1942 836 1994 εἰσέτι
873 1943 964 1994 καὶ
987 1942 1216 2012 σήμερον
1239 1941 1526 2010 ὀφθαλμοῖς
1560 1940 1681 1992 θεω-

1791 1944 1985 1997 lorum.
2012 1943 2234 2008 Quando
2257 1943 2418 2012 igitur
2436 1945 2546 1998 haec
2571 1946 2807 2014 quzcjam
2839 1947 2927 2000 diu
2959 1947 3206 2016 gentibus
3232 1947 3322 2002 dc-

118 2039 288 2109 ριίται
308 2051 324 2064 ο
360 2035 422 2085 τί
447 2032 698 2083 λείπεται
731 2031 822 2082 ἐπὶ
843 2031 1046 2092 τούτοις
1072 2031 1103 2100 ἢ
1131 2033 1220 2082 καὶ
1243 2032 1331 2082 τὸν
1363 2033 1681 2098 προφητευό-

1787 2034 2028 2085 nuntiata
2051 2032 2285 2095 fuerunt,
2307 2034 2507 2088 nostris
2524 2035 2849 2102 temporibus
2863 2036 3102 2089 videmus
3118 2037 3316 2088 exitum

123 2142 278 2194 μενον
297 2121 554 2173 Βασιλέα
586 2121 678 2171 τὸν
709 2118 934 2188 Χριστὸν
959 2117 1050 2170 τού
1081 2118 1212 2171 Θεοῦ
1236 2119 1538 2187 ἐληλυθέναι
1562 2121 1681 2188 ὁμο-

1786 2125 1973 2176 sortita
2004 2138 2146 2185 esse,
2189 2133 2240 2177 et
2281 2139 2398 2192 quat
2443 2125 2508 2178 de
2548 2126 2780 2178 lamento
2817 2134 2870 2179 et
2918 2127 3133 2194 planctu
3171 2133 3321 2180 tanto

120 2216 328 2280 λογεῖν,
387 2211 513 2263 τῶν
571 2211 714 2263 κατὰ
762 2211 860 2280 τὴν
909 2211 1204 2280 παρουσίαν
1250 2209 1408 2261 αὑτοῦ
1458 2210 1681 2278 σημείων

1787 2219 1910 2264 ante
1943 2211 2008 2264 ad
2049 2211 2300 2266 Judaicas
2352 2215 2524 2266 tribus
2553 2213 2812 2268 divinitus
2856 2215 3142 2268 inclamata
3169 2224 3317 2279 sunt,

119 2301 200 2368 ἐφ’
258 2300 494 2368 ἑκάστῳ
544 2298 658 2350 τῶν
716 2297 1014 2368 εἰρημένων
1064 2297 1262 2368 ἐναργῆ
1321 2298 1418 2366 τὴν
1473 2296 1681 2349 ἔκϐασιν

1791 2316 2012 2370 quaeque
2050 2302 2116 2354 de
2160 2303 2460 2357 vastatione
2501 2303 2858 2372 incendioque
2913 2305 3114 2372 templi,
3145 2313 3316 2359 extre-

119 2387 400 2457 εἰληφέναι
440 2386 945 2454 ἀποδεδειγμένωνς

1791 2387 2228 2456 maqueipsorum
2248 2389 2534 2442 solitudine
2555 2389 2826 2458 praedicta,
2846 2405 2906 2444 ea
2922 2391 3035 2458 ipsa
3053 2406 3320 2460 nusquam

121 2482 184 2534 ab
211 2481 468 2535 oraculis
503 2478 870 2547 discrepantia
898 2493 1067 2546 usque
1093 2478 1160 2530 ad
1189 2477 1503 2532 hodiernum
1535 2478 1673 2532 diem
1711 2479 1791 2533 vel
1834 2480 2004 2534 oculis
2057 2494 2345 2547 possumus
2385 2481 2579 2535 intueri
2605 2496 2620 2546 ;
2645 2480 2802 2550 413
2828 2480 2956 2549 quid
2977 2481 3205 2550 amplius
3233 2496 3326 2536 su-

123 2579 316 2641 perest,
343 2571 464 2624 nisi
493 2578 557 2622 ut
577 2568 798 2638 Regem,
830 2569 896 2622 de
921 2583 1027 2638 quo
1056 2570 1325 2637 pr0phetze
1362 2569 1669 2638 loquuntur,
1709 2585 1835 2622 eum
1899 2569 1990 2638 qui
2039 2570 2286 2625 Christus
2325 2569 2419 2624 Dei
2459 2579 2564 2632 est,
2617 2573 2828 2626 venisse
2877 2569 3322 2626 fateamur?cum

120 2666 298 2734 utique
343 2662 510 2716 illius
551 2658 814 2714 adventus
862 2659 1014 2728 signa
1060 2659 1113 2712 in
1155 2659 1398 2729 singulis,
1442 2675 1558 2728 quae
1601 2659 1666 2713 de
1703 2661 1792 2714 illo
1842 2659 1980 2713 dicta
2009 2668 2153 2724 sunt,
2201 2661 2498 2716 evidentem
2534 2662 2739 2716 exitum
2773 2665 3045 2734 accepisse
3086 2665 3197 2734 jam
3230 2663 3324 2718 de-

123 2755 651 2808 monstraverimus.

132 2863 257 2916 Ἄπὺ
292 2862 404 2914 τοῦ
451 2861 804 2913 Ἠσαΐου.-ν-
825 2859 1039 2926 Σημεῖα
1074 2862 1300 2927 χρόνων
1325 2859 1430 2925 τῆς
1453 2861 1553 2911 τοῦ
1587 2863 1690 2912 Κυ-

175 2934 310 2998 ρίου
337 2930 699 2996 παρουσίας
715 2946 728 2958 °
747 2929 1076 2997 Αἰγυπτίων
1100 2929 1414 2997 ἐπίγνωσις
1447 2929 1549 2980 τοῦ
1574 2929 1689 2981 τῶν

184 2999 522 3068 προφητῶν
548 2998 793 3064 Κυρίου.

191 3132 208 3162 ι
248 3113 383 3165 Ἰδοὺ
420 3110 639 3180 Κύριος
685 3107 912 3178 κάθηται
946 3107 1037 3159 ἐπὶ
1068 3107 1289 3178 νεφέλης
1317 3109 1552 3179 κούφης,
1591 3110 1681 3161 καὶ

1793 2861 1870 2913 Ab
1905 2859 2074 2929 Isgia.
2117 2890 2184 2899 —
2230 2859 2388 2929 Signa
2445 2869 2728 2928 temporum
2767 2861 3012 2915 adventus
3061 2863 3320 2924 Domini:

1929 2928 2298 2998 zEgyptiorum'
2321 2931 2515 2998 agnitio
2548 2930 2756 2983 Domini
2797 2933 3178 2999 prop/telarum.

1855 3119 1875 3151 ι
1905 3100 2041 3154 Ecce
2072 3100 2325 3155 Dominus
2357 3101 2502 3155 sedet
2547 3116 2708 3170 super
2735 3101 2876 3156 nube
2908 3103 3030 3166 levi,
3061 3112 3115 3159 et
3144 3107 3320 3162 veniet

122 3201 231 3270 ἥξει
267 3203 347 3262 εἰς
370 3175 665 3266 Αἴγυπτον
684 3237 700 3263 ,
728 3175 820 3248 καί
849 3195 1185 3266 σεισθήσεται
1227 3175 1564 3268 χειροποίητα
1590 3199 1681 3250 Αί-

1785 3190 1836 3242 in
1865 3189 2172 3259 Egyptum,
2201 3198 2253 3244 et
2283 3192 2759 3244 commovebuntur
2777 3193 3082 3246 manufacta
3103 3195 3317 3268 Egypti

124 3291 322 3356 γύπτου
355 3288 474 3341 ἀπὸ
516 3284 810 3356 προσώπου
851 3284 1044 3348 αὑτοῦ,
1081 3287 1172 3338 καὶ
1216 3288 1248 3355 ἡ
1293 3287 1484 3356 καρδία
1514 3287 1685 3338 αὐτῶν

124 3379 494 3450 ἡττηθήσεται
551 3378 610 3427 ὲν
653 3375 864 3438 αὐτοῖς,
909 3373 1001 3427 καὶ
1040 3374 1485 3445 ὲπεγερθήσονται
1527 3375 1686 3443 Αἰγύ-

121 3486 262 3522 πτιοι
291 3470 382 3521 ἐπ’
412 3465 754 3533 Αἰγυπτίους
772 3501 787 3526 ,
832 3463 924 3516 καὶ
966 3463 1255 3534 πολεμήσει
1295 3464 1570 3534 ἄνθρωπος
1598 3465 1685 3517 τὸν

121 3559 342 3628 ἀδελφὸν
374 3555 590 3617 αὑτοῦ,
636 3553 729 3606 καὶ
768 3551 1051 3623 ἄνθρωπος
1093 3552 1182 3604 τὸν
1231 3553 1451 3623 πλησίον
1491 3546 1682 3606 αὐτοῦ·

121 3649 602 3720 ὲπεγερθήσονται
631 3643 781 3706 πόλις
816 3644 907 3695 ἐπὶ
948 3643 1127 3703 πόλιν,
1161 3643 1253 3694 καὶ
1289 3644 1447 3712 νόμος
1480 3645 1570 3696 ἐπὶ
1604 3645 1686 3696 νό-

126 3755 236 3806 μον,
262 3739 361 3790 καὶ
385 3733 806 3805 ταραχθήσεται
833 3731 891 3782 τὺ
925 3730 1137 3800 πνεῦμα
1164 3729 1269 3782 τῶν
1306 3731 1608 3799 Αἰγυπτίων
1632 3735 1685 3786 ὲν

118 3829 296 3890 αὐτοῖς
317 3867 332 3891 ,
364 3826 470 3878 καὶ
501 3825 606 3893 τὴν
639 3820 828 3890 βουλὴν
863 3820 1039 3873 αὐτῶν
1077 3819 1427 3882 διασκεδάσω,
1462 3821 1552 3873 καὶ
1590 3823 1684 3873 ὲπ-

117 3919 464 3986 ιρωτήσουσι
494 3915 629 3976 τοὺς
644 3912 796 3976 θεοὺς
819 3911 992 3965 αὐτῶν
1013 3950 1026 3974 ,
1064 3911 1156 3962 καί
1182 3911 1249 3962 τὰ
1275 3910 1556 3980 ἀγάλματα
1596 3912 1686 3963 αύ-

116 4007 250 4068 τών,
279 4007 379 4060 καὶ
416 4007 557 4066 τοὺς
597 4002 1077 4074 ἐγγαστριμύθους,
1111 4003 1202 4054 καὶ
1232 4001 1354 4064 τοὺς
1381 4004 1443 4053 ὲκ
1469 4002 1565 4070 τῆς
1588 4003 1684 4072 γῆς

122 4099 440 4164 φωνοῦντας
461 4113 476 4126 ο
525 4113 546 4145 ι
579 4094 673 4146 καὶ
698 4093 822 4162 έξῆς
851 4094 987 4166 μετὰ
1033 4093 1253 4144 πλεῖστα
1272 4092 1336 4144 δι’
1363 4093 1684 4160 αἰνιγμάτων

117 4187 422 4256 εἰρημένα,
459 4183 810 4250 ὲπιλέγεταιο
845 4201 864 4233 ι
905 4184 992 4234 Ἐν
1020 4184 1086 4251 τῇ
1121 4182 1298 4251 ἡμέρᾳ
1333 4181 1511 4253 ἐκείνῃ
1538 4181 1684 4234 ἔσται

117 4276 521 4347 θυσιαστήριον
542 4271 621 4341 τῷ
648 4272 834 4342 Κυρίῳ
855 4273 910 4324 ἐν
933 4270 1081 4341 χώρα
1105 4269 1392 4337 Αἰγύπτου,
1407 4272 1497 4323 καὶ
1522 4273 1682 4343 στήλη

117 4365 246 4433 πρὸς
277 4365 344 4417 τὸ
374 4367 538 4436 ὅριον
563 4363 733 4432 αὐτῆς
756 4361 833 4430 τῷ
854 4361 1058 4430 Κυρίῳ,
1077 4360 1168 4413 καὶ
1199 4360 1345 4412 ἔσται
1368 4364 1446 4423 εἰς
1469 4365 1682 4431 σημεῖον

116 4456 190 4516 εἰς
220 4457 315 4508 τὸν
343 4456 538 4508 αἰῶνα
569 4453 646 4523 τῷ
671 4453 857 4523 Κυρίῳ
884 4453 940 4503 ὲν
967 4451 1116 4523 χώρα
1142 4453 1409 4520 Αἰγύπτου
1428 4491 1442 4515 ,
1491 4455 1569 4506 ὃτι
1599 4471 1684 4506 κε-
1713 4490 1754 4543 D

116 4545 416 4614 κράξονται
469 4545 611 4616 πρὸς
637 4543 837 4614 Κύριον
864 4543 950 4596 διὰ
979 4545 1103 4606 τοὺς
1152 4543 1421 4606 θλίϐοντας
1458 4544 1676 4607 αὐτοὺς,

115 4636 206 4688 καὶ
238 4636 551 4689 ἀποστελεί
597 4634 781 4695 αὐτοῖς
824 4631 1026 4703 Κύριος
1064 4632 1375 4702 ἄνθρωπον,
1416 4633 1474 4695 ὃς
1525 4632 1679 4685 σώσει

115 4726 313 4790 αὐτοὺς
336 4767 354 4792 ,
393 4726 608 4797 κρίνων
656 4722 817 4777 σώσει
861 4724 1082 4786 αὐτοὺς,
1133 4724 1225 4775 καὶ
1261 4723 1494 4790 γνωστὸς
1533 4722 1678 4775 ἔσται

116 4817 320 4887 Κύριος
363 4821 489 4879 τοῖς
516 4816 858 4882 Αἰγυπτίοις,
890 4815 984 4866 καὶ
1014 4812 1302 4881 γνώσονται
1328 4814 1375 4866 οἰ
1403 4811 1678 4880 Αἰγύπτιοι

116 4905 318 4975 Κύριον
345 4907 448 4959 τὸν
477 4905 608 4957 Θεὸν
637 4907 695 4957 ὲν
730 4907 795 4974 τῇ
828 4903 1007 4973 ἡμέρα
1039 4902 1232 4974 ἐκείνῃ,
1261 4903 1352 4955 καὶ
1378 4904 1679 4972 ποιήσονται

116 4991 305 5060 θυσίας
334 5036 348 5058 ,
380 4997 486 5048 καὶ
518 4994 762 5058 εὔξονται
790 4993 951 5062 εὐχὰς
984 4991 1060 5060 τῷ
1095 4992 1312 5062 Κυρίῳ,
1346 4993 1438 5043 καὶ
1475 4991 1678 5047 ἀποδώ-

120 5099 290 5138 σουσι.
328 5105 348 5136 ι
383 5086 504 5138 Καὶ
531 5083 702 5136 ταῦτα
737 5080 1090 5152 προλαϐόντες
1122 5083 1183 5132 ὲκ
1211 5081 1403 5150 μέρους
1432 5080 1679 5150 διεσαφή-

122 5188 313 5239 σαμεν.
344 5176 416 5226 Εἰ
461 5174 556 5243 μὲν
587 5167 680 5224 οὖν
717 5170 812 5240 μὴ,
848 5169 970 5230 τοὺς
994 5168 1267 5237 πατρῴους
1292 5166 1440 5227 θεοὺς
1465 5168 1679 5221 καταλι-

120 5263 313 5328 πάντες
336 5262 652 5331 Αἰγύπτιοι,
679 5259 802 5312 καθ’
827 5259 973 5326 ἡμᾶς
1000 5258 1190 5318 αὐτοὺς
1211 5255 1434 5325 ὁρῶνται
1454 5256 1543 5307 τὸν
1571 5257 1678 5309 τών

125 5351 427 5421 προφητῶν
469 5351 598 5403 Θεὸν
631 5345 1074 5414 ἐπικαλούμενοι·
1110 5346 1156 5395 εἰ
1191 5343 1260 5412 μὴ
1290 5343 1407 5395 καθ’
1434 5343 1555 5412 ὅλης
1581 5347 1676 5414 τῆς

129 5442 436 5510 Αἰγύπτου,
472 5441 610 5495 κατὰ
638 5439 816 5491 πάντα
849 5435 1011 5487 τόπον
1056 5435 1148 5486 καὶ
1175 5434 1323 5485 πόλιν
1369 5433 1458 5485 καὶ
1503 5435 1680 5505 χώραν

133 5533 497 5602 ἀνεγηγερται
525 5527 908 5594 θυσιαστήριον
937 5522 1014 5576 τῶ
1037 5523 1180 5590 παρὰ
1213 5522 1384 5590 μόνοις
1418 5522 1679 5594 Ἑϐραίοις

200 5703 245 5738 ⁸³
286 5704 396 5757 lsa.
438 5717 561 5766 nx,
598 5696 718 5751 1-3.
796 5693 842 5724 “
879 5691 1010 5748 ibid.
1048 5696 1230 5753 19-21.

1785 3295 1816 3333 a
1849 3279 1986 3334 facie
2011 3280 2149 3348 ejus,
2181 3288 2234 3334 et
2262 3295 2356 3334 cor
2383 3295 2568 3334 eorum
2595 3282 2842 3334 vincetur
2871 3282 2924 3333 in
2960 3284 3108 3350 ipsis,
3141 3295 3195 3340 et
3228 3301 3321 3343 ex-

1783 3369 2092 3422 citabuntur
2137 3367 2372 3438 Egyptii
2421 3377 2607 3420 contra
2659 3367 2976 3438 Egyptios,
3020 3379 3073 3424 et
3119 3373 3315 3426 bellum

1783 3465 1931 3527 geret
1964 3458 2121 3512 homo
2163 3465 2352 3510 contra
2381 3455 2598 3510 fratrem
2652 3473 2830 3518 suum,
2863 3467 2916 3509 et
2945 3458 3102 3511 homo
3129 3467 3315 3512 contra

1783 3548 2081 3616 proximum
2113 3563 2268 3601 suum
2299 3565 2312 3601 :
2347 3549 2670 3601 excitabitur
2712 3549 2901 3602 civitas
2943 3549 2996 3600 in
3026 3549 3315 3618 civitatem,

1781 3646 1835 3695 et
1866 3639 1948 3691 lex
1970 3640 2023 3690 in
2065 3637 2253 3704 legem,
2285 3643 2338 3690 et
2369 3637 2670 3690 turbabitur
2700 3639 2918 3706 spiritus
2942 3638 3313 3706 Egyptiorum

1783 3730 1835 3783 in
1869 3729 2022 3796 ipsis,
2052 3733 2103 3779 et
2138 3725 2419 3778 consilium
2449 3741 2633 3779 eorum
2667 3726 2961 3796 dissipabo,
3006 3736 3060 3781 et
3088 3727 3317 3782 interro-

1781 3817 1979 3886 gabunt
2011 3814 2138 3868 deos
2169 3829 2295 3868 suos
2321 3824 2372 3868 et
2405 3815 2693 3869 simulacra
2725 3830 2841 3876 sua,
2869 3826 2920 3870 ct
2944 3817 3233 3887 Pythones,
3263 3827 3316 3871 et

1783 3923 1874 3961 eos
1900 3909 1988 3976 qui
2032 3908 2098 3960 de
2141 3914 2283 3959 terra
2324 3920 2509 3958 vocem
2553 3905 2886 3960 emittunt".
2921 3926 2938 3958 ι
2971 3906 3036 3959 Et
3065 3908 3316 3976 deinceps

1784 4006 1902 4067 post
1932 3999 2156 4064 plurima
2205 4010 2324 4064 quae
2352 3995 2574 4064 ﬁgurate
2621 4004 2672 4048 et
2713 3997 2942 4051 obscure
2982 3999 3122 4053 dicta
3167 4007 3313 4062 sunt,

1781 4086 2123 4155 adjungitur:
2161 4103 2178 4135 ι
2211 4085 2265 4137 In
2296 4084 2382 4138 die
2412 4085 2500 4136 illa
2527 4084 2628 4137 erit
2658 4086 2826 4139 altare
2855 4084 3076 4140 Domino
3100 4087 3153 4138 in
3173 4099 3315 4139 terra

1780 4177 2016 4246 Egypti,
2045 4184 2097 4230 et
2135 4175 2320 4229 titulus
2361 4174 2516 4242 juxta
2565 4176 2854 4229 terminum
2897 4177 3015 4245 ejus
3040 4175 3264 4230 Domino
3295 4193 3310 4229 :

1781 4280 1835 4322 et
1878 4270 1979 4323 erit
2023 4268 2078 4320 in
2128 4267 2340 4335 signum
2389 4269 2444 4318 in
2501 4276 2756 4320 aeternum
2811 4267 3034 4320 Domino
3079 4267 3132 4320 in
3172 4276 3314 4321 terra

1782 4359 2016 4429 Egypti,
2056 4359 2306 4428 quoniam
2350 4357 2660 4411 clamabunt
2689 4359 2754 4412 ad
2790 4357 3070 4411 Dominum
3100 4365 3316 4427 propter

1783 4451 2072 4519 allligentcs
2102 4464 2178 4508 sc,
2211 4455 2262 4501 et
2289 4448 2464 4500 mittet
2489 4448 2569 4501 eis
2601 4447 2856 4502 Dominus
2898 4447 3190 4507 hominem,
3222 4447 3311 4515 qui

1783 4538 2009 4592 salvabit
2036 4551 2150 4597 eos,
2185 4535 2435 4603 judicans
2467 4535 2694 4589 salvabit
2719 4549 2832 4598 eos,
2865 4541 2916 4587 et
2939 4533 3186 4601 cognitus
3211 4533 3314 4586 erit

1783 4627 2038 4695 Dominus
2076 4625 2362 4694 Egyptiis,
2403 4634 2456 4679 et
2503 4632 2826 4693 cognoscent
2861 4623 3095 4693 Αἴθῃ)ιῆ
3141 4621 3315 4676 Domi.

1785 4732 1908 4770 num
1945 4715 2108 4769 Deum
2138 4717 2189 4767 in
2211 4717 2296 4769 die
2326 4716 2436 4778 illa,
2464 4722 2517 4768 et
2547 4714 2743 4767 facient
2771 4712 3051 4774 sacriﬁcia,
3081 4721 3134 4764 et
3153 4725 3313 4764 vove-

1781 4810 1912 4862 buut
1939 4812 2059 4858 vota
2091 4804 2334 4868 Domino,
2365 4814 2418 4859 et
2447 4806 2741 4859 reddent“.
2777 4825 2794 4856 ι
2827 4804 2948 4858 llaec
2975 4816 3073 4856 nos
3098 4802 3310 4870 quidem

1782 4906 1934 4950 antea
1963 4909 2174 4964 quoque
2202 4895 2501 4958 citavimus,
2533 4902 2586 4948 et
2608 4894 2658 4945 in
2686 4901 2835 4962 parte
2859 4894 3047 4946 saltem
3071 4891 3310 4957 planiora

1781 4987 2108 5042 reddidimus
2137 5005 2149 5040 :
2184 4987 2326 5054 quod
2363 4987 2406 5040 si
2431 5002 2538 5039 non
2568 4985 2756 5054 patriis
2783 4984 2888 5038 diis
2925 4982 3124 5037 relictis
3154 4980 3313 5051 Egy-

1781 5076 1920 5145 ptios
1949 5074 2049 5126 hoc
2067 5074 2182 5142 ipso
2208 5080 2446 5143 tempore
2477 5075 2718 5128 videmus
2741 5073 3119 5141 prophetarum
3145 5069 3315 5128 Deum

1780 5166 2118 5227 invocantes;
2154 5163 2197 5216 si
2245 5178 2336 5232 per
2384 5164 2688 5218 universam
2737 5161 3022 5232 A'Zgyptum
3069 5160 3122 5213 in
3163 5162 3318 5218 omni

1781 5256 1917 5316 loco,
1952 5263 2004 5306 et
2030 5252 2263 5314 civitate,
2303 5260 2356 5305 et
2381 5252 2615 5323 regione,
2647 5253 2813 5306 altare
2843 5252 2915 5305 illi
2941 5251 3046 5306 Deo
3073 5259 3317 5306 erectum

1781 5358 1887 5396 non
1912 5349 2013 5406 est,
2045 5343 2135 5410 qui
2162 5341 2302 5410 apud
2351 5344 2495 5396 solos
2520 5340 2768 5396 Hebraeos
2801 5341 3048 5395 laudibus
3077 5341 3320 5393 celebra-

1781 5440 1888 5497 tur,
1918 5432 1962 5485 si
1997 5431 2293 5485 manul'acta
2328 5431 2541 5503 Egypti
2568 5439 2828 5486 commota
2849 5446 2955 5484 non
2977 5436 3121 5492 sunt,
3153 5424 3322 5497 414

1783 5523 2140 5580 ctdzemonica
2178 5524 2258 5580 vis
2286 5539 2405 5594 quae
2447 5526 2648 5580 circum
2691 5523 2778 5576 illa
2822 5522 3162 5583 versabatur,
3207 5532 3312 5570 non
