3740 6298
535 348 643 405 643

1153 343 1419 401 EUSEBII
1454 341 1929 399 CASSARIENSIS
1961 339 2112 397 OPP.
2151 338 2330 395 PARS
2364 339 2429 393 ll.
2468 370 2540 380 —
2572 338 3049 395 APOLOGETICA.

3543 344 3623 400 θίί

536 466 611 518 rit
639 461 887 531 princeps
924 458 1121 529 ejus“,
1155 477 1172 509 ι
1204 469 1257 513 et
1277 473 1398 528 quae
1430 466 1752 528 sequuntur.
1795 458 2068 520 Caeterum,

2180 455 2303 519 τοὺς
2322 453 2588 524 Ζαχαρίου
2611 453 2829 523 χρόνους
2851 451 2938 502 ἐπὶ
2962 454 3058 519 τῆς
3081 452 3376 506 Μακεδόνων
3407 452 3623 522 βασιλείας

536 547 1007 619 Ezechielquidem
1030 548 1140 600 haec
1160 546 1226 600 de
1239 548 1411 615 prima
1434 546 1740 602 Jerusalem
1794 545 2079 600 obsidione

535 640 781 712 praedixit
811 659 824 693 :
850 646 977 708 post
1013 638 1167 706 cujus
1207 637 1505 692 obsidionis
1548 646 1757 706 tempus
1790 636 2081 690 Zacharias

539 733 606 786 de
651 729 885 784 secunda
922 728 1145 782 divinat.
1188 727 1410 792 Quando
1456 729 1620 797 igitur
1658 734 1781 796 post
1811 727 2081 780 Zachariae

539 831 796 889 tempora,
830 819 930 873 sub
965 819 1188 888 imperio
1213 818 1562 872 Macedonum
1591 818 1850 886 templum
1896 817 2081 871 incen-

540 926 657 964 sum
696 910 813 964 est?
844 914 990 963 certe
1033 922 1329 976 nunquam.
1375 907 1652 976 Siquidem
1684 916 1808 975 post
1851 905 2081 975 Babylo-

536 1000 750 1054 niorum
782 999 1251 1067 depopulationem
1295 1005 1456 1068 atque
1503 998 1830 1062 incendium,
1876 996 2078 1050 nullam

539 1091 677 1159 ignis
694 1097 914 1142 atteram
934 1090 1281 1143 vastationem
1298 1103 1531 1157 unquam
1556 1102 1808 1157 perpessa
1830 1096 1912 1141 est
1927 1087 2078 1150 urbs,

536 1177 640 1230 nisi
666 1177 768 1230 sub
797 1175 1129 1245 Vespasiano
1152 1191 1216 1230 ac
1244 1175 1366 1230 Tito
1391 1176 1753 1230 Romanorum
1787 1177 2078 1246 imperato-

535 1267 703 1326 ribus,
737 1267 805 1320 ob
851 1282 1009 1335 quam
1045 1282 1174 1321 sane
1217 1268 1577 1322 vastationem
1621 1282 1815 1321 rursus
1844 1268 2076 1321 obscure

533 1363 586 1409 et
616 1371 712 1424 per
746 1355 942 1425 ﬁguras
979 1370 1092 1417 eos,
1127 1357 1219 1424 qui
1263 1357 1390 1410 olim
1432 1356 1577 1424 genti
1620 1356 1977 1424 imperabant,
2009 1356 2078 1409 ad

533 1447 929 1515 deplorationes
953 1454 1006 1499 et
1027 1447 1263 1500 lamenta
1292 1447 1483 1501 invitat
1510 1447 1810 1510 oraculum,
1844 1446 2033 1500 dicens
2058 1457 2074 1496 :

539 1555 557 1586 ι
589 1534 768 1589 Ululet
810 1536 1002 1604 pinus,
1035 1537 1289 1603 quoniam
1323 1536 1518 1590 cecidit
1556 1536 1784 1599 cedrus,
1819 1536 2073 1604 quoniam

531 1640 853 1693 magnopere
890 1625 1155 1693 magniﬁci
1196 1625 1374 1679 alllicti
1400 1631 1525 1679 sunt
1554 1638 1568 1676 :
1602 1625 1822 1689 ululate,
1843 1639 2076 1693 quercus

534 1715 875 1779 Dasanitidis,
898 1717 1154 1785 quoniam
1184 1717 1478 1771 convulsus
1503 1723 1587 1771 est
1604 1716 1772 1771 saltus
1802 1718 2067 1775 consitus;

2179 546 2502 619 ἐμπρησμὸν
2527 544 2811 616 ὑπέμεινεν
2844 544 2871 593 ὁ
2896 539 3054 602 νεώς;
3085 539 3188 591 ἀλλ’
3212 543 3303 595 οὐκ
3329 541 3454 619 ἐστιν
3477 542 3635 598 είπεὶν.¹

2178 634 2332 689 Μετὰ
2365 634 2477 704 γὰρ
2523 632 2622 704 τὴν
2667 632 2770 684 ὑπὸ
2817 627 3156 682 Βαϐυλωνίων
3202 632 3513 701 πυρπόλησιν,
3547 634 3626 685 οὐδ’

2178 722 2360 775 ἄλλοτε
2407 722 2659 792 δευτέραν
2712 720 2745 789 ἢ
2784 717 2919 771 κατὰ
2977 718 3122 770 Τῖτον
3165 718 3254 770 καὶ
3304 718 3627 775 Οὐεσπασιανὸν

2188 813 2467 884 Ῥωμαίων
2523 811 2949 881 αὐτοκράτορας,
2988 807 3084 875 τὴν
3119 807 3200 860 διὰ
3241 808 3397 875 πυρὸς
3434 810 3628 881 ὑπέμεινε

2177 900 2397 972 φθορὰν,
2415 900 2499 968 ἐφ’
2522 895 2555 973 ᾖ
2578 899 2741 951 πάλιν
2766 896 2852 949 διά
2873 894 3176 965 αἰνίγματος
3198 895 3314 956 τοὺς
3333 894 3480 948 πάλαι
3499 898 3631 967 ἄρχον

2175 1006 2271 1051 τας
2295 988 2386 1041 τοῦ
2418 988 2601 1050 ἔθνους
2629 987 2723 1038 ἐπὶ
2748 985 2970 1056 θρήνους
2994 984 3085 1037 καὶ
3107 982 3419 1053 ὀλοφυρμοὺς
3438 984 3630 1042 avaram

2178 1080 2395 1148 φάσκων
2429 1081 2457 1131 ό
2477 1078 2632 1147 λόγος
2648 1094 2663 1107 ·
2700 1096 2719 1127 ‹
2756 1074 3081 1141 Ὀλολυξάτω
3104 1074 3275 1137 πίτυς,
3295 1073 3414 1127 διότι
3441 1076 3630 1133 πέπτωκε

2177 1170 2361 1241 κέδρος
2383 1208 2399 1232 ,
2455 1170 2536 1222 ὅτι
2588 1167 2837 1238 μεγάλως
2893 1166 3204 1235 μεγιστᾶνες
3251 1164 3631 1237 ἐταλαιπώρησαν.

2189 1259 2514 1325 Ὀλολύξατε,
2546 1258 2704 1327 δρύες
2725 1258 2823 1327 τῆς
2855 1255 3208 1319 Βασανίτιδος,
3246 1255 3322 1307 ὅτι
3357 1256 3633 1327 κατεσπάσθη

2177 1351 2206 1402 ό
2224 1349 2420 1420 δρυμὸς
2447 1350 2474 1402 ὀ
2513 1348 2790 1418 σύμφυτος
2808 1361 2821 1375 °
2846 1343 2997 1414 φωνὴ
3037 1343 3361 1416 θρηνούντων
3404 1345 3634 1414 ποιμένων,

2175 1439 2255 1492 ὅτι
2299 1435 2770 1507 τεταλαιπώρηκεν
2820 1436 2854 1504 ἡ
2902 1431 3247 1503 μεγαλωσύνη
3288 1431 3467 1485 αὐτῶν.
3501 1449 3516 1482 ι
3549 1433 3634 1484 Τίηε

2174 1528 2301 1597 γοῦν
2327 1529 2419 1580 καὶ
2449 1528 2669 1595 γέγονεν
2692 1528 2725 1596 ή
2758 1523 3112 1595 Ἰερουσαλὴμ
3129 1522 3203 1584 ὡς
3234 1521 3460 1592 πρόθυρα
3484 1520 3637 1573 σαλευό-

2179 1637 2310 1691 μενα
2342 1621 2473 1673 πᾶσι
2502 1620 2612 1680 τοῖς
2641 1616 2790 1678 λαοῖς
2813 1615 3018 1684 κύκλῳ,
3054 1614 3146 1666 καὶ
3174 1613 3231 1664 ὲν
3254 1614 3318 1681 τῇ
3366 1610 3555 1680 Ἰουδαίᾳ
3580 1610 3638 1678 γέ-

2174 1728 2296 1780 γονε
2342 1708 2584 1781 περιοχὴ,
2616 1709 2645 1761 ὃ
2687 1724 2749 1759 τε
2792 1703 3175 1776 νενομισμένος
3211 1702 3381 1764 αὐτοῖς
3421 1700 3547 1767 ἅγιος
3578 1702 3636 1752 καὶ

529 1824 633 1863 vox
671 1806 1073 1859 lamentantium
1119 1811 1420 1874 pastorum,
1465 1805 1719 1875 quoniam
1762 1804 1953 1858 alllicta
1983 1812 2067 1859 est

2171 1800 2311 1871 ἱερὸς
2333 1799 2512 1865 τόπος,
2533 1796 2698 1849 είσέτι
2724 1795 2822 1849 καὶ
2843 1796 3085 1864 σήμερον
3116 1791 3256 1853 λίθος
3277 1789 3503 1860 τυγχάνει
3521 1805 3636 1840 κατα-

531 1896 936 1965 magniﬁeentia
964 1911 1173 1950 eorum.
1216 1915 1235 1946 ι
1272 1894 1425 1949 Tunc
1455 1910 1586 1949 sane
1629 1893 1771 1948 facta
1802 1904 1884 1948 est
1916 1894 2072 1948 Jerus

530 1986 693 2039 salem
725 1984 879 2052 quasi
912 1984 1172 2038 vestibula
1203 1999 1324 2053 qua:
1353 1985 1670 2053 quatiuntur
1698 1983 1948 2039 omnibus
1972 1999 2067 2053 po-

530 2073 669 2139 pulis
692 2072 745 2124 in
774 2071 1025 2135 circuitu,
1056 2078 1109 2124 et
1137 2071 1191 2123 in
1220 2070 1403 2126 Judaaa
1427 2071 1571 2124 facta
1600 2078 1682 2126 est
1709 2072 1933 2125 munitio
1961 2088 2074 2125 σηιε-

529 2162 701 2226 biens,
732 2168 784 2216 et
825 2161 892 2215 ab
940 2161 1022 2215 eis
1067 2170 1447 2217 sacrosanctus
1495 2150 1833 2216 existimatus
1884 2162 2069 2226 locus,

530 2267 698 2322 usque
752 2252 806 2305 in
835 2251 1155 2306 hodiernum
1189 2253 1331 2308 diem
1379 2251 1519 2321 lapis
1550 2252 1784 2314 exsistit,
1819 2252 1912 2320 qui
1942 2267 2071 2305 cons

528 2342 774 2394 culcatur
802 2341 867 2394 ab
915 2342 1168 2395 omnibus
1200 2341 1477 2410 gentibus,
1504 2346 1559 2394 et
1584 2341 1893 2409 quicunque
1921 2340 2071 2392 illum

528 2430 811 2484 conculcat
840 2428 1071 2484 illudens
1093 2430 1366 2495 illudetur,
1395 2430 1536 2484 sicut
1574 2428 1850 2498 prophetia
1877 2427 2072 2495 praedi-’-

527 2528 695 2573 xerat.
729 2518 868 2584 Quin
904 2519 1064 2571 etiam
1100 2525 1382 2586 propterea
1412 2516 1557 2586 quod
1586 2517 1664 2569 illi
1695 2516 1940 2579 Domino,
1976 2516 2069 2584 qui

526 2607 641 2660 haec
671 2607 962 2670 cecinerat,
981 2607 1395 2667 insultaverunt,
1425 2620 1533 2658 non
1565 2604 1759 2659 defecit
1778 2620 1871 2658 eos
1897 2619 2069 2673 neqpe

528 2697 792 2764 planctus,
821 2710 993 2762 neque
1012 2695 1208 2756 luctus,
1238 2709 1411 2762 neque
1434 2693 1763 2747 lamentatio;
1787 2691 2065 2761 Nunquam

528 2784 693 2852 igitur
733 2784 865 2836 alias
906 2783 1013 2836 nisi
1054 2790 1176 2851 post
1224 2780 1522 2837 Salvatoris
1564 2782 1735 2837 nostri
1783 2781 2067 2835 adventum

528 2889 699 2943 usque
740 2872 808 2925 ad
835 2873 974 2925 hanc
1003 2880 1398 2943 tempestatem,
1432 2887 1621 2926 omnes
1664 2873 1836 2926 tribus
1859 2870 2068 2926 Judaao-

528 2978 648 3017 rum
715 2963 1004 3032 quidquam
1060 2963 1440 3017 lamentatione
1496 2964 1783 3032 planctuve
1844 2962 2065 3032 dignum

2171 1888 2501 1961 πατούμενος
2527 1889 2659 1941 πᾶσι
2684 1889 2800 1948 τοῖς
2829 1884 3030 1947 ἔθνεσι,
3070 1882 3163 1935 καὶ
3190 1883 3292 1944 πᾶς
3331 1883 3360 1933 ὁ
3392 1879 3636 1934 καταπατῶν

2169 1981 2336 2051 αὐτὴν
2364 1978 2642 2050 ὲμπαίζων
2687 1974 3016 2047 ὲμπαίξεται
3035 2010 3052 2037 ,
3095 1970 3388 2033 ἀκολούθως
3409 1973 3467 2039 τῇ
3493 1985 3636 2038 προφη-

2168 2073 2307 2143 τείᾳ.
2349 2068 2508 2123 ’Δλλά
2549 2068 2645 2121 καὶ
2674 2067 2795 2120 ἀνθ’
2838 2059 2913 2118 ὧν
2960 2064 3372 2135 κατωρχήσαντο
3406 2059 3486 2113 τοῦ
3524 2058 3637 2110 ταῦτα

2170 2162 2518 2223 θεσπίσαντος
2551 2158 2784 2229 Κυρίου,
2813 2156 2875 2211 ού
2903 2154 3235 2209 διαλέλοιπεν
3272 2151 3451 2213 αὐτοὺς
3481 2147 3638 2208 atomi;

2169 2253 2262 2304 καὶ
2287 2250 2518 2321 ὀδυρμὸς
2548 2250 2641 2302 καὶ
2672 2247 2894 2318 θρῆνος.
2941 2246 3017 2298 Οὐ
3065 2243 3279 2298 πώποτε
3313 2240 3445 2310 γοῦν,
3464 2234 3638 2303 ἀλλοτεῆ

2172 2340 2306 2410 μετά
2336 2340 2434 2412 τὴν
2456 2339 2551 2392 τοῦ
2584 2337 2841 2408 Σωτῆρος
2866 2336 3023 2408 ήμῶν
3044 2333 3357 2405 παρουσίαν,
3385 2331 3467 2384 καὶ
3496 2330 3557 2389 είς
3582 2326 3639 2377 τὸν

2167 2430 2285 2481 καθ’
2328 2430 2475 2498 ἡμᾶς
2519 2427 2707 2498 χρόνον
2731 2464 2749 2490 ,
2802 2427 2975 2479 πᾶσαι
3014 2426 3072 2479 αἱ
3116 2422 3274 2493 φυλαὶ
3309 2419 3397 2474 τοῦ
3451 2416 3642 2471 Ἰουδαίων

2166 2518 2348 2580 ἔθνους
2377 2517 2588 2588 θρήνων
2622 2517 2717 2569 καὶ
2751 2515 3003 2569 κοπετῶν
3034 2503 3159 2580 ἄξια
3189 2510 3467 2565 πεπόνθασι
3495 2506 3562 2559 διὰ
3581 2504 3641 2572 τὴν

2166 2606 2571 2660 καταλαϐοῦσαν
2604 2607 2812 2669 αὐτοὺς
2843 2607 2912 2659 ὲκ
2934 2603 3069 2657 Θεοῦ
3098 2602 3323 2673 πληγὴν,
3352 2600 3432 2669 ὑφ’
3457 2593 3513 2670 ἧς
3540 2594 3642 2662 καὶὴ

2167 2695 2489 2767 μητρόπολις
2516 2695 2695 2748 αὐτῶν
2719 2694 3046 2764 ἀλλοφύλοις
3071 2692 3272 2746 ἔθνεσιν
3287 2689 3499 2758 ἐξεδόθη,
3519 2682 3642 2738 καὶτὸ

2168 2782 2307 2852 ἱερὸν
2339 2781 2678 2852 κατεσκάφη,
2714 2781 2879 2834 αὺτοί
2903 2797 2966 2834 τε
2992 2782 3092 2851 τῆς
3139 2778 3271 2841 ίδίας
3310 2778 3473 2848 χώρας
3504 2770 3642 2837 ἀπελή-

2163 2870 2338 2932 λαντο,
2360 2871 2418 2922 ὲν
2446 2872 2513 2940 τῇ
2552 2868 2802 2942 πολεμίᾳ
2830 2869 3044 2940 ἐχθροῖς
3069 2866 3395 2929 δουλεύοντες
3414 2881 3427 2894 ·
3456 2856 3516 2916 ὧν
3538 2861 3642 2912 ἕνεκα

2164 2962 2269 3024 πᾶς
2295 2961 2324 3013 ὃ
2348 2954 2493 3023 οἶκος
2513 2959 2716 3023 αὐτῶν,
2754 2963 2855 3014 καλ⁵
2890 2961 3041 3013 πᾶσα
3058 2957 3203 3029 ψυχὴ
3235 2955 3402 3010 αὐτῶν
3426 2951 3559 3005 εισέτι
3587 2945 3642 2999 καὶ

527 3066 699 3122 passae
730 3057 875 3115 sunt,
907 3060 1121 3120 propter
1150 3051 1358 3120 plagam
1387 3065 1508 3120 quae
1541 3051 1688 3120 ipsos
1710 3049 1818 3104 Deo
1841 3048 2064 3105 feriente

2167 3052 2397 3122 σήμερον
2435 3049 2651 3121 θρήνοις
2688 3051 3092 3123 ὑποϐέϐληται.
3134 3049 3224 3101 Διό
3259 3048 3415 3117 φησιν
3449 3045 3642 3150 ήιπροξη·

527 3141 956 3210 deprehenderit,
977 3156 1042 3194 ex
1071 3156 1176 3210 qua
1204 3142 1365 3194 etiam
1391 3140 1630 3209 ipsorum
1657 3147 1831 3194 mater
1869 3140 2062 3196 civitas

2167 3142 2308 3194 τεία·
2350 3159 2368 3192 ι
2410 3142 2521 3194 Καὶ
2548 3140 2788 3211 κόψεται
2818 3141 2964 3213 φυλὴ
2998 3139 3139 3194 κατά
3177 3139 3365 3210 φυλὴν,
3401 3134 3520 3204 φυλὴ
3550 3128 3642 3183 otto:

526 3232 764 3287 externis
790 3231 1038 3301 gentibus
1068 3229 1265 3283 tradita
1286 3241 1388 3294 est,
1424 3241 1477 3283 et
1505 3231 1759 3300 templum
1792 3245 2039 3285 eversum

528 3322 921 3391 sull'ossumque
966 3327 1068 3383 est,
1113 3319 1323 3388 ipsique
1369 3320 1436 3374 de
1477 3319 1694 3388 propria
1730 3319 1946 3388 regione
1979 3335 2066 3375 ex-

527 3410 668 3479 pulsi
689 3415 836 3472 sunt,
863 3407 1083 3461 interra
1112 3407 1292 3461 hostili
1316 3407 1551 3462 inimicis
1580 3408 1893 3463 servientes.
1918 3406 2063 3473 Quas

527 3501 597 3555 ob
628 3515 738 3566 res,
780 3498 958 3553 omnis
996 3498 1233 3566 ipsorum
1263 3497 1474 3560 domus,
1507 3497 1789 3567 omnisque
1823 3498 2062 3567 ipsorum

528 3589 707 3643 anima
735 3590 791 3643 in
820 3588 965 3642 hunc
993 3601 1169 3656 usque
1194 3586 1334 3640 diem
1365 3586 1841 3641 lamentationibus
1871 3585 2063 3639 atllicta

525 3684 626 3731 est.
666 3679 1001 3745 Quapropter
1051 3674 1308 3744 propheta
1354 3675 1433 3729 sic
1474 3675 1549 3727 ait
1584 3690 1599 3727 :
1649 3693 1668 3725 ι
1705 3674 1772 3728 Ει
1812 3676 2063 3744 plangent

526 3766 750 3833 singulae
773 3765 946 3819 tribus
966 3779 1059 3833 per
1071 3764 1278 3832 seipsas
1293 3783 1305 3818 :
1323 3762 1481 3834 412
1498 3765 1670 3819 tribus
1684 3764 1881 3820 domus
1894 3765 2061 3819 David

526 3865 792 3914 seorsum,
821 3860 875 3904 et
917 3850 1167 3904 mulieres
1204 3866 1390 3904 eorum
1436 3867 1680 3906 seorsum
1699 3854 1764 3918 ¹²,
1798 3872 1818 3905 ι
1853 3863 1906 3908 et
1943 3870 2063 3924 quae

526 3946 842 4008 sequuntur.
875 3937 981 3993 Sed
1021 3939 1112 4006 qui
1141 3939 1354 3993 tandem
1380 3948 1504 4009 post
1532 3940 1801 3997 Zachariae
1820 3950 2061 4013 tempora

525 4029 695 4084 secuti
720 4036 847 4083 sunt
868 4029 1007 4094 dies,
1035 4029 1091 4081 in
1115 4029 1313 4097 quibus
1343 4031 1514 4098 spolia
1555 4028 1850 4085 Jerusalem
1887 4033 2060 4088 divisa

525 4119 688 4172 sunt?
725 4128 778 4173 et
816 4127 1002 4189 gentes
1045 4120 1309 4174 universae
1355 4119 1423 4172 ad
1468 4119 1664 4173 bellum
1713 4130 1900 4174 contra
1941 4138 2057 4178 eam

522 4208 820 4262 coiverint?
863 4216 915 4263 et
945 4209 1139 4262 civitas
1170 4216 1326 4277 capta
1364 4208 1454 4271 sit,
1488 4217 1542 4262 et
1582 4208 1774 4264 domus
1815 4210 2055 4280 direptae,

521 4305 574 4350 ct
607 4298 856 4352 mulieres
883 4299 1101 4367 pollutae
1132 4307 1296 4367 atque
1322 4298 1376 4353 in
1406 4298 1717 4353 servitutem
1746 4300 1981 4354 abactae?
2004 4310 2058 4357 et

521 4385 737 4475 quando
774 4386 936 4439 simul
975 4386 1076 4440 sub
1104 4386 1246 4441 idem
1285 4395 1494 4475 tempus
1523 4385 1778 4475 Domi-nus
1805 4389 2055 4456 gentibus
2086 4418 2132 4475 υ

516 4472 812 4528 Jerusalem
840 4475 1285 4544 oppugnantibus
1342 4474 1687 4539 subveniens,
1726 4480 2058 4545 comparavit

2160 3232 2318 3286 Δαϐὶδ
2338 3231 2458 3285 καθ’
2481 3233 2703 3303 ἑαυτὴν,
2725 3234 2836 3287 καὶ
2861 3236 3124 3302 γυναῖκες
3143 3231 3317 3287 αὐτῶν
3341 3216 3454 3282 καθ⁴
3468 3222 3642 3281 tntum"

2160 3322 2251 3375 καὶ
2299 3320 2370 3373 τὰ
2422 3318 2634 3383 τούτοις
2672 3322 2957 3392 ἑπόμενα.
2990 3323 3154 3375 Ποίαι
3197 3320 3256 3374 δὲ
3297 3317 3426 3390 μετά
3465 3313 3564 3374 τοὺς
3591 3305 3642 3360 τοί

2160 3404 2423 3475 Ζαχαρίου
2464 3404 2689 3474 χρόνους
2723 3408 3030 3477 γεγόνασιν
3069 3407 3290 3480 ἡμέραι,
3338 3407 3393 3459 ὲν
3422 3397 3497 3464 αἷς
3530 3400 3642 3466 διεμε-

2162 3491 2312 3563 ρίσθη
2351 3492 2420 3544 τά
2464 3491 2636 3547 σκῦλα
2683 3498 2795 3567 τῆς
2851 3497 3225 3567 Ἰερουσαλὴμ,
3259 3493 3352 3547 καὶ
3399 3484 3642 3555 ὲπισυνήχθτ

2160 3581 2334 3634 πάντα
2374 3580 2446 3634 τὰ
2482 3581 2609 3653 ἔθνη
2643 3583 2739 3637 ἐπ’
2779 3585 2956 3658 αὐτὴν
2994 3587 3079 3650 είς
3131 3586 3385 3655 πόλεμον,
3426 3580 3523 3650 ἥλω
3556 3592 3599 3628 τε
3629 3573 3642 3622 ί

2158 3670 2331 3734 πόλις,
2370 3672 2465 3724 καὶ
2503 3672 2901 3747 διηρπάγησαν
2930 3677 2990 3730 αἱ
3022 3677 3224 3740 οἰκίαι,
3258 3674 3349 3728 καὶ
3383 3673 3435 3727 αί
3469 3668 3642 3738 xui/vin;

2158 3760 2542 3832 ἐμολύνθησαν,
2586 3764 2931 3836 ἀπήχθησαν
2956 3784 3021 3819 τε
3062 3768 3145 3831 είς
3174 3749 3642 3836 αἰχμαλωσίαν,ὁμιί

2156 3868 2214 3904 τε
2229 3851 2323 3904 καὶ
2346 3851 2488 3919 κατά
2515 3852 2577 3905 τὸ
2601 3854 2744 3909 αὐτὸ
2769 3859 2800 3910 ό
2832 3857 3063 3929 Κύριος,
3092 3855 3384 3928 συμμαχῶν
3418 3853 3514 3912 τοῖς
3531 3846 3641 3899 Elim“

2156 3943 2266 4003 τοῖς
2321 3941 2419 4012 τὴν
2479 3942 2846 4016 Ἰερουσαλὴμ
2908 3947 3244 4019 πολεμοῦσι,
3295 3941 3586 4016 παρετάξατο
3616 3934 3642 3982 ἐ·

2157 4030 2368 4094 αύτοῖς;
2400 4031 2437 4100 ἢ
2468 4030 2597 4083 πότε
2627 4031 2876 4106 ἔστησαν
2909 4036 2962 4088 οἱ
3002 4038 3161 4100 πόδες
3201 4035 3359 4091 αὐτοῦ
3393 4034 3474 4086 ἐπὶ
3500 4030 3549 4081 τὸ
3571 4027 3642 4094 ὅροι

2155 4119 2258 4172 τῶν
2294 4120 2557 4186 Ἐλαιῶν;
2590 4121 2629 4192 ἦ
2651 4124 2793 4178 πότε
2820 4126 3020 4194 γέγονε
3050 4129 3259 4199 Κύριος
3289 4127 3366 4188 είς
3395 4119 3577 4194 βασιλέα
3595 4110 3641 4165 ἐπέ

2156 4211 2330 4264 πᾶσαν
2382 4210 2481 4281 τὴν
2512 4211 2637 4282 γῆν,
2688 4215 2863 4279 αὑτός
2902 4234 2967 4271 τε
3020 4215 3103 4282 εἷς
3152 4218 3349 4289 Κύριος
3386 4213 3470 4267 ἐπὶ
3506 4207 3642 4260 πάντα

2154 4298 2486 4371 ἀνθρώπους,
2519 4302 2616 4355 καὶ
2656 4303 2726 4358 «re
2771 4307 2957 4377 ὄνομα
3006 4307 3175 4362 αὑτοῦ
3230 4302 3503 4376 ἐγκυκλοῦν
3531 4298 3642 4351 πᾶσαν

2155 4389 2251 4458 τὴν
2281 4391 2382 4458 γῆν
2414 4390 2508 4441 καὶ
2532 4390 2634 4461 τὴν
2675 4392 2894 4465 ἔρημον
2915 4412 2931 4461 ;
2955 4397 3133 4451 ταῦτα
3153 4396 3262 4469 γὰρ
3285 4396 3387 4448 οὐδ’
3416 4385 3571 4445 ἄλλοτέ

2154 4478 2412 4549 πρότερον
2434 4477 2548 4549 ἔχοι
2569 4479 2636 4532 ἄν
2655 4499 2748 4546 τις
2769 4486 2855 4547 εις
2879 4485 3058 4559 πέρας
3076 4486 3244 4554 δεῖξαι
3263 4483 3492 4555 ἀχθέντα,
3513 4477 3542 4547 ἢ
3561 4484 3642 4526 κατε

519 4577 579 4617 se
605 4561 671 4615 all
702 4563 940 4632 praelium
979 4579 1101 4618 cum
1132 4563 1275 4620 illis?
1305 4570 1398 4615 aut
1425 4563 1640 4631 quando
1667 4572 1927 4622 steterunt
1960 4582 2057 4636 pe-

2167 4567 2270 4628 ποὺς
2316 4568 2598 4637 Ῥωμαίων
2641 4573 2903 4643 χρόνους,
2948 4575 3073 4628 καθ’
3123 4573 3219 4637 οὓς
3264 4565 3556 4642 ἐμπρησμὸν
3591 4559 3642 4608 ὑπ

518 4653 614 4708 des
641 4654 762 4721 ejus
809 4653 863 4707 in
895 4662 1078 4709 monte
1110 4654 1422 4731 Ulivarum?
1465 4660 1560 4707 aut
1605 4656 1820 4724 quando
1851 4657 2057 4712 exstitit

2167 4657 2327 4728 ἔμεινε
2358 4657 2632 4729 δεύτερον,
2665 4662 2816 4732 μετὰ
2844 4665 2942 4718 τὸν
2984 4665 3093 4718 ὑπὸ
3120 4660 3458 4717 Βαϐυλωνίων
3478 4694 3491 4720 ,
3514 4655 3537 4706 6
3565 4648 3642 4703 νεὼ

519 4742 777 4798 Dominus
796 4743 855 4797 in
888 4742 1086 4814 Regem
1116 4759 1211 4813 per
1243 4747 1549 4801 universam
1578 4746 1813 4799 terram?
1835 4747 2054 4817 ipseque

2167 4746 2341 4810 ιῦτῶνο
2358 4748 2392 4817 ἧ
2424 4764 2484 4799 τε
2511 4747 2672 4813 πόλις
2704 4752 2768 4816 ἐξ
2788 4754 3008 4808 ἐκείνου
3034 4756 3130 4808 καὶ
3151 4756 3231 4816 εἰς
3254 4750 3404 4821 δεῦρο
3438 4743 3528 4799 ὑπὸ
3551 4737 3642 4793 ἀλλο

517 4846 656 4885 unus
700 4831 959 4889 Dominus
1010 4833 1152 4904 apud
1200 4849 1389 4891 omnes
1438 4834 1721 4892 homines?
1762 4841 1816 4889 et
1858 4851 2052 4890 nomen

2167 4836 2324 4903 Ρύλων
2358 4836 2526 4894 ἐθνῶν
2577 4845 3026 4899 κατοικισθεῖσαι
3074 4845 3376 4899 δείκνυται·
3419 4841 3496 4892 ὅτε
3538 4830 3642 4887 καῖε

515 4920 634 4987 ejus
663 4924 905 4980 ambiens
924 4926 1227 4980 universam
1250 4935 1451 4981 terram
1469 4933 1523 4983 et
1544 4927 1884 4982 solitudinem
1900 4928 1923 4980 ‘i
1939 4928 2050 4981 haec

2167 4925 2348 4994 ίύριος
2372 4926 2532 4997 ἡμῶν
2568 4929 2786 5002 Ἰησοῦς
2812 4938 2843 4988 ὁ
2869 4934 3110 5006 Χριστὸς
3134 4934 3228 4987 τοῦ
3249 4929 3376 4985 Θεοῦ
3399 4927 3486 4988 τάς
3507 4917 3642 4975 οἰκείαν

517 5006 658 5058 enim
687 5024 955 5078 nunquam
985 5015 1266 5086 quisquam
1296 5022 1449 5069 antea
1477 5015 1541 5069 ad
1577 5026 1734 5066 suum
1758 5012 1913 5066 ﬁnem
1936 5024 2054 5080 per-.2

2167 5019 2376 5069 ιποιεῖτο
2418 5017 2703 5090 διατριϐὰς
2753 5024 2852 5077 ἐπὶ
2894 5025 2992 5079 τοῦ
3039 5024 3293 5086 ὲλαιῶνος
3334 5018 3422 5075 τοῦ
3466 5014 3642 5075 avsa?"

517 5094 678 5144 ducta
703 5094 1068 5156 demonstrare
1111 5104 1329 5172 poterit,
1359 5105 1463 5159 nisi
1503 5104 1866 5158 Romanorum
1915 5106 2051 5153 tem-

2167 5102 2246 5173 τῆς
2280 5106 2632 5180 Ἰερουσαλὴμ
2661 5111 2852 5183 ὅρους,
2893 5114 3273 5186 πληρουμένου
3313 5108 3401 5163 τοῦ
3428 5104 3642 5186 φάσκοῩτθ

516 5180 757 5247 poribus,
795 5185 1151 5269 quibuspost
1195 5194 1579 5265 Babylonicum
1608 5190 1935 5255 incendium,
1972 5191 2051 5244 al-

2167 5194 2305 5262 λόγου
2326 5213 2340 5226 °
2375 5198 2521 5251 ιΚαὶ
2551 5180 2852 5266 στήσονται
2883 5206 2935 5257 οἱ
3171 5200 3330 5258 αὐτοῦ
3366 5197 3452 5251 ἐπὶ
3484 5190 3535 5243 τὸ
3569 5185 3642 5252 ὀρθ

518 5275 636 5323 tero
681 5284 870 5325 rursus
908 5265 1152 5337 incéndio
1185 5287 1425 5354 ipsorum
1478 5286 1733 5356 templum
1775 5286 2046 5333 vastatum

2167 5282 2256 5336 πῶν
2294 5284 2520 5339 Ἐλαιῶν
2540 5286 2602 5339 τὸ
2621 5265 2921 5344 κατέναντι
2958 5265 3341 5362 Ἰερουσαλήμ’
3378 5303 3397 5335 ι
3437 5268 3641 5362 τοῦτίὲστ

515 5365 619 5452 est,
656 5367 709 5413 et
733 5359 920 5452 civitas
945 5378 1008 5452 ex
1030 5368 1120 5428 illo
1150 5378 1216 5434 ad
1251 5374 1391 5432 hunc
1422 5394 1594 5452 usque
1624 5376 1761 5431 diem
1782 5370 1854 5426 ab
1872 5377 2050 5424 exter-

2167 5371 2243 5424 ςοῦ
2272 5374 2551 5439 θεοσεϐοῦς
2572 5377 2982 5451 πολιτεύματος
3001 5359 3125 5436 καθ’
3159 5381 3284 5450 ὅλης
3307 5376 3399 5445 τῆς
3422 5360 3642 5452 ἀνθρώ

515 5446 601 5499 nis
628 5447 871 5515 gentibus
889 5447 1112 5518 habitari
1136 5464 1455 5528 ostenditur,
1480 5439 1601 5539 ριιο
1627 5475 1867 5536 tempore
1886 5459 2044 5514 etiam

2167 5463 2469 5538 δίκουμένης
2492 5439 3046 5541 ἀνοικοδομηθέντος,
3076 5439 3370 5524 τεάντιιί-τιὶι⁷
3395 5459 3524 5525 ἔθνη.
3554 5439 3642 5502 κατέ

582 5620 623 5652 ¹¹
677 5619 869 5693 Ezeclt.
907 5637 1036 5698 xvu,
1069 5640 1153 5706 12.
1237 5643 1281 5675 ιι
1322 5639 1548 5703 Ζαριιπ,
1584 5652 1699 5702 ιιι,
1737 5628 1924 5690 liv”.
