3740 6328
166 402 254 457 M5
452 422 453 425 ‘
1028 405 1661 464 DEMONSTRATIONIS
1697 399 2139 472 EVANGELICE
2177 398 2307 457 LIB.
2344 399 2478 455 VIII.

3197 406 3303 463 ϐιιῦ

168 519 249 589 τήν
295 521 635 591 προφητείαν,
663 524 764 595 τὴν
810 527 898 591 inp
910 525 996 589 δήν
1044 524 1159 592 τῆς
1191 521 1559 591 Σκηνοπηγίας
1607 521 1662 573 ὲν

1764 520 2019 575 Dominus
2073 526 2260 574 noster
2327 517 2486 574 Iesus
2543 517 2789 575 Christus
2835 521 2931 577 Dei
2987 524 3191 578 versari
3242 526 3299 579 in

166 608 298 661 παντί
325 610 465 680 τόπῳ
506 613 583 683 τῷ
636 608 751 678 Θεῷ
792 611 900 663 τῶν
953 611 1240 681 προφητῶν
1279 610 1662 681 πανηγυρίζει,

164 698 409 766 Αἰγύπτιοί
436 718 509 759 τι,
538 698 595 762 ἐξ
618 698 830 752 ἐκείνου
856 700 945 754 τὸν
972 699 1079 753 τῶν
1107 701 1240 753 ὅλων
1267 700 1397 753 Θεὸν
1419 700 1663 766 ἐπιγνόν-

158 805 261 851 τες,
301 788 390 847 τὰς
420 785 619 854 σκηνὰς
671 783 859 841 αὐτῶν
905 790 988 857 ἐφ’
1036 788 1269 855 ἑκάστης
1318 788 1521 851 πόλεως
1572 790 1667 843 καὶ

158 877 312 947 χώρας
336 873 713 942 κατεπήξαντο.
741 872 870 929 Εἶεν
901 877 945 929 δ’
981 877 1045 929 ἂν
1070 871 1224 930 αὗται
1249 878 1303 930 αἰ
1335 876 1473 929 κατὰ
1505 877 1665 929 τόπον

166 963 436 1033 Ἑκκλησίαι
463 962 555 1015 τοῦ
583 964 842 1034 Χριστοῦ.
869 967 1079 1029 Ταύτας
1108 966 1213 1035 γὰρ
1238 966 1369 1019 πολὺ
1392 965 1665 1035 κρείττους

157 1055 245 1107 τῶν
284 1051 419 1121 παρὰ
473 1053 697 1105 Μωῦσεῖ
745 1055 958 1125 σκηνῶν
1007 1057 1040 1124 ή
1085 1056 1176 1107 τοῦ
1224 1056 1470 1125 Σωτῆρος
1512 1054 1666 1124 ἡμῶν

167 1138 309 1210 Ἰησοῦ
346 1139 571 1209 Χριστοῦ
612 1140 842 1211 δύναμις
878 1142 997 1194 καθ’
1036 1142 1161 1213 ὅλης
1201 1143 1529 1214 συνεπήξατο
1566 1143 1665 1211 τῆς

155 1230 412 1301 ἀνθρώπιον
452 1231 806 1301 οἰκουμένης,
848 1232 927 1293 εἰς
952 1230 1012 1283 τὸ
1042 1233 1147 1283 πᾶν
1189 1232 1341 1299 γένος
1370 1231 1664 1303 ἀνθρώπων

154 1320 230 1373 καὶ
268 1319 429 1373 πάντα
467 1318 536 1371 τὰ
591 1319 721 1389 ἔθνη
742 1360 757 1383 ,
797 1322 1171 1392 Σκηνοπηγίας
1221 1321 1407 1391 ἑορτὴν
1448 1321 1524 1391 τῷ
1573 1320 1664 1372 ἐπὶ

154 1413 333 1464 πάντων
350 1409 463 1480 Θεῷ
491 1410 783 1464 ἐπιτελεῖν.
806 1413 934 1464 Ὅτε
951 1411 1124 1464 τοίνυν
1149 1410 1243 1464 καὶ
1261 1410 1430 1463 ταῦτα
1446 1410 1515 1463 τὰ
1533 1412 1664 1482 πρό-

154 1503 289 1557 παλαι
311 1504 412 1563 τοῖς
441 1500 615 1554 ἔθνεσι
639 1503 1157 1572 προαναφωνηθέντα
1178 1501 1296 1554 καθ’
1313 1502 1455 1571 ἡμᾶς
1475 1503 1665 1564 αὐτοὺς

152 1590 330 1660 ὁρῶμεν
362 1590 457 1660 τὴν
481 1589 706 1642 ἑκϐασιν
744 1590 1100 1663 ἀπειληφότα,
1142 1591 1209 1643 τά
1250 1607 1310 1642 τε
1348 1589 1439 1642 τοῦ
1473 1590 1662 1661 θρήνου

154 1680 229 1733 καὶ
268 1679 350 1732 τοῦ
382 1678 609 1732 κοπετοῢ
647 1683 775 1743 ταῖς
815 1681 1004 1749 φυλαῖς
1039 1679 1133 1733 τοῦ
1177 1680 1441 1732 Ἰουδαίων
1485 1679 1664 1742 ἔθνους

154 1770 616 1840 προκεκηρυγμένα,
646 1770 718 1823 τά
740 1787 802 1822 τε
833 1770 933 1839 τῆς
961 1769 1343 1841 πυρπολήσεως
1365 1768 1457 1822 τοῦ
1494 1768 1659 1837 ἱεροῦ,

155 1861 229 1913 καὶ
253 1860 338 1930 τῆς
365 1860 592 1930 ἐσχάτης
634 1859 821 1912 αὐτῶν
846 1860 1076 1930 ἐρημίας
1100 1897 1114 1922 ,
1148 1857 1346 1928 ὁμοίως
1377 1858 1467 1910 καὶ
1496 1857 1664 1911 ταῦτα.

155 1953 248 2012 ταῖς
268 1951 614 2023 προρρήσεσιν
636 1949 810 2001 εἰσέτι
848 1950 940 2001 καὶ
961 1949 1192 2019 σήμερον
1214 1946 1502 2017 ὀφθαλμοῖς
1535 1946 1665 1999 θεω-

156 2043 326 2114 ριίται·
355 2040 405 2091 τί
423 2038 665 2090 λείπεται
699 2038 796 2089 ἐπὶ
816 2037 1023 2099 τούτοις
1046 2038 1079 2107 ἢ
1106 2039 1196 2090 καὶ
1218 2039 1307 2089 τὸν
1338 2038 1665 2105 προφητευό-

158 2127 520 2199 μενονΒασιλέα
551 2127 644 2179 τὸν
676 2125 910 2197 Χριστὸν
934 2124 1026 2178 τοῦ
1057 2125 1188 2178 Θεοῦ
1212 2125 1515 2194 ἐληλυθέναι
1537 2127 1664 2194 ὁμο-

157 2220 331 2286 λογεῖν,
377 2217 483 2270 τῶν
537 2218 681 2271 κατὰ
731 2219 836 2288 τὴν
884 2217 1180 2287 παρουσίαν
1226 2214 1385 2268 αὑτοῦ
1433 2215 1665 2284 σημείων

154 2306 223 2373 ἐφ’
270 2306 465 2375 ἑκάστῳ
510 2305 625 2358 τῶν
682 2304 992 2376 εἰρημένων
1040 2302 1238 2375 ἐναργῆ
1297 2304 1395 2374 τὴν
1449 2302 1667 2356 ἔκϐασιν

152 2392 385 2463 εἰληφέναι
415 2393 889 2462 ἀποδεδειγμένων
907 2409 922 2458 ;

1763 611 1956 665 oliveto
1977 611 2275 674 consuevit,
2300 606 2445 677 quod
2471 615 2555 662 est
2606 608 2661 661 in
2712 617 2891 664 monte
2920 619 3107 665 contra
3137 612 3298 668 Jeru-

1764 699 1951 760 salem,
1978 699 2407 768 completumque
2435 701 2518 750 est
2550 697 2827 751 oraculum
2856 698 3004 767 quod
3033 699 3142 753 ait:
3175 719 3194 750 ‹
3232 701 3295 754 Et

1762 788 1977 842 stabunt
1995 787 2154 856 pedes
2184 787 2303 857 ejus
2329 787 2384 840 in
2415 794 2594 838 monte
2619 783 2914 852 Olivarum,
2946 789 3037 856 qui
3065 795 3147 843 est
3167 805 3292 843 con-

1761 882 1842 928 tra
1877 873 2197 940 Jerusalem,
2232 894 2252 926 ›
2285 875 2388 930 hoc
2424 881 2510 929 est
2560 875 2815 945 religioso
2846 875 3042 944 pioque
3083 879 3294 934 vivendi

1762 965 2006 1019 instituto
2050 980 2145 1034 per
2191 965 2375 1019 orbem
2427 971 2694 1018 terrarum
2751 964 2968 1018 condito
3007 974 3059 1020 et
3094 976 3291 1034 erecto,

1762 1069 1948 1109 omnes
1989 1055 2283 1110 secundum
2313 1055 2668 1124 prophetiam,
2698 1055 2839 1118 diem
2871 1054 3065 1110 festum
3095 1057 3291 1113 Taber-

1764 1145 2081 1198 naculorum
2158 1145 2509 1199 celebrabunt
2583 1144 2691 1198 Deo
2761 1145 3173 1214 prophetarum,
3242 1155 3296 1202 et

1762 1235 1997 1305 Egyptii
2018 1251 2084 1291 ex
2112 1236 2206 1290 illo
2228 1234 2391 1289 Deum
2419 1235 2656 1290 universi
2676 1243 3029 1304 agnoscentes
3059 1235 3298 1289 taberna-

1762 1325 1880 1378 cula
1901 1338 1998 1377 sua
2026 1324 2080 1377 in
2103 1324 2329 1394 singulis
2360 1323 2670 1377 civitatibus
2694 1333 2747 1378 et
2773 1323 3086 1392 regionibus
3108 1323 3291 1391 ﬁgent.

1762 1411 1854 1466 Hae
1882 1427 2042 1481 porro
2074 1414 2185 1468 sint
2204 1412 2407 1467 Christi
2437 1412 2490 1465 in
2525 1413 2672 1467 omni
2706 1414 2826 1466 loco
2856 1414 3088 1468 conditae
3110 1413 3297 1470 Eccle-

1761 1502 1873 1556 siae.
1906 1500 2014 1557 Has
2042 1502 2182 1556 enim
2206 1502 2373 1555 multo
2406 1502 2802 1569 praestantiores
2845 1501 3096 1558 Mosaicis
3116 1503 3297 1559 taber-
3340 1532 3349 1541 -

1760 1592 1967 1645 naculis
2000 1591 2292 1646 Salvatoris
2315 1593 2487 1646 nostri
2529 1590 2655 1646 Jesu
2697 1592 2896 1646 Christi
2950 1594 3206 1661 potentia,
3236 1591 3294 1648 in

1760 1682 1903 1734 omni
1937 1680 2006 1733 ab
2037 1680 2341 1735 hominibus
2374 1681 2613 1737 habitato
2641 1682 2770 1735 orbe
2811 1698 2906 1751 per
2931 1698 3089 1738 omne
3122 1684 3295 1738 homi-

1761 1785 1888 1823 num
1920 1783 2106 1839 genus,
2136 1785 2231 1838 per
2258 1784 2444 1824 omnes
2471 1778 2657 1839 gentes
2686 1769 2820 1832 ﬁxit,
2863 1778 2923 1824 ut
2965 1770 3074 1826 Deo
3111 1772 3294 1827 omnia

1761 1858 1862 1914 sub
1883 1873 1942 1913 se
1969 1858 2184 1912 habenti
2231 1858 2503 1912 celebrent
2525 1858 2665 1913 diem
2713 1858 2907 1914 festum
2954 1859 3292 1916 Tabernacu-

1766 1949 1961 2003 lorum.
1987 1948 2210 2014 Quando
2232 1948 2394 2017 igitur
2411 1950 2522 2003 haec
2546 1951 2783 2019 quaejam
2814 1951 2903 2005 diu
2935 1952 3182 2020 gentibus
3207 1951 3297 2006 de-

1762 2040 2005 2091 nuntiata
2026 2038 2262 2100 fuerunt,
2282 2038 2483 2093 nostris
2499 2039 2825 2108 temporibus
2838 2040 3078 2094 videmus
3093 2040 3292 2094 exitum

1762 2131 1949 2182 sortita
1980 2143 2122 2192 esse,
2164 2138 2217 2183 et
2257 2143 2374 2198 quae
2419 2130 2485 2183 de
2523 2130 2757 2183 lamento
2792 2138 2846 2184 et
2894 2130 3109 2199 planctu
3146 2136 3297 2185 tanto

1763 2225 1887 2271 ante
1918 2217 1985 2270 ad
2025 2217 2277 2272 Judaicas
2327 2219 2500 2272 tribus
2528 2218 2789 2273 divinitus
2831 2219 3119 2273 inclamata
3145 2228 3293 2284 sunt,

1767 2321 1989 2376 quaeque
2026 2307 2093 2361 de
2136 2308 2436 2363 vastatione
2476 2307 2835 2377 incendioque
2888 2308 3090 2377 templi,
3120 2317 3292 2364 extre-

1766 2407 1958 2462 maque
1971 2392 2205 2462 ipsorum
2224 2394 2511 2448 solitudine
2531 2394 2803 2462 praedicta,
2821 2409 2884 2449 ea
2898 2394 3012 2463 ipsa
3029 2410 3297 2465 nusquam

154 2487 208 2540 ab
229 2487 438 2542 oraculis
468 2486 847 2555 discrepantia
874 2500 1043 2554 usque
1069 2484 1137 2538 ad
1165 2484 1480 2539 hodiernum
1511 2484 1650 2538 diem
1687 2484 1768 2539 vel
1810 2485 1981 2539 oculis
2033 2499 2322 2553 possumus
2361 2485 2556 2541 intueri
2581 2501 2596 2551 ;
2621 2484 2778 2556 413
2804 2484 2932 2554 quid
2954 2485 3181 2554 amplius
3208 2500 3303 2540 su-

156 2584 319 2647 perest,
341 2577 438 2631 nisi
462 2586 521 2631 ut
539 2576 775 2646 Regem,
806 2576 873 2629 de
896 2590 1004 2645 quo
1031 2577 1302 2644 prophetae
1338 2575 1646 2644 loquuntur,
1685 2590 1812 2628 eum
1875 2574 1967 2644 qui
2015 2575 2263 2630 Christus
2300 2575 2395 2629 Dei
2435 2583 2541 2637 est,
2593 2577 2805 2630 venisse
2853 2574 3298 2633 fateamuricum

155 2672 305 2739 utique
342 2669 479 2723 illius
515 2666 790 2722 adventus
838 2666 991 2736 signa
1035 2665 1091 2720 in
1131 2666 1375 2736 singulis,
1419 2681 1536 2734 qua:
1578 2665 1644 2719 de
1679 2667 1769 2720 illo
1819 2665 1957 2720 dicta
1985 2673 2131 2730 sunt,
2178 2667 2476 2722 evidentem
2510 2667 2716 2722 exitum
2750 2669 3022 2738 accepisse
3063 2669 3174 2739 jam
3206 2667 3301 2723 de-

158 2763 615 2816 monstraverimus.

166 2869 272 2923 Ἅπύ
300 2869 395 2922 τοῦ
428 2870 688 2923 Ἡσαΐου.
705 2898 782 2914 --
801 2866 1017 2935 Σημεῖα
1051 2869 1277 2935 χρόνων
1302 2866 1407 2933 τῆς
1429 2867 1531 2919 τοῦ
1563 2870 1662 2918 Κυ-

1769 2866 1847 2920 Ab
1882 2865 2052 2935 Isaia.
2094 2896 2162 2904 —
2207 2864 2366 2935 Signa
2421 2874 2705 2933 temporum
2743 2865 2989 2920 adventus
3038 2866 3299 2927 Domini:

203 2940 318 3004 ρίου
340 2938 666 3005 παρουσίας
682 2954 696 2966 ·
716 2936 1053 3005 Αἰγυπτίων
1077 2936 1391 3004 ἐπίγνωσις
1424 2935 1527 2988 τοῦ
1551 2935 1666 2988 τῶν

211 3006 494 3075 προφητῶν
517 3006 770 3073 Κυρίου.

218 3137 233 3168 ι
266 3119 379 3172 Ἰδοὺ
407 3119 607 3189 Κύριος
652 3114 889 3186 κάθηται
923 3114 1014 3167 ἐπὶ
1045 3114 1268 3185 νεφέλης
1293 3115 1529 3186 κούφης,
1568 3116 1659 3167 καὶ

1905 2934 2269 3005 Αῗςωιιὶονιιηι
2298 2935 2493 3003 agnitio
2525 2935 2733 2988 Domini
2774 2937 3156 3004 prophetarum.

1831 3124 1853 3157 ι
1882 3105 2018 3160 Ecce
2048 3105 2302 3161 Dominus
2334 3106 2481 3161 sedet
2524 3120 2685 3174 super
2711 3105 2854 3160 nube
2884 3107 3008 3170 levi,
3039 3115 3094 3162 et
3121 3111 3299 3166 veniet

158 3206 252 3276 ἥξει
280 3209 350 3271 εἰς
368 3180 634 3276 Αἴγυπτον
652 3245 670 3273 ,
698 3180 798 3256 καί
826 3180 1163 3274 σεισθήσεται
1203 3180 1543 3275 γειροποίητα
1567 3205 1660 3257 Αἰ-

1763 3196 1813 3249 in
1843 3194 2150 3265 Egyptum,
2178 3202 2231 3250 et
2260 3196 2737 3249 commovebuntur
2753 3196 3061 3250 manufacta
3080 3198 3297 3271 Egypti

162 3296 330 3362 τύπτου
349 3297 455 3358 ,ἀπὸ
490 3293 788 3366 προσώπου
828 3291 1022 3356 αὐτοῦ,
1058 3293 1150 3345 καὶ
1193 3294 1227 3362 ή
1271 3293 1461 3363 καρδία
1491 3292 1663 3345 αὐτῶν

161 3385 473 3458 ήττηθήσεται
522 3387 581 3437 ὲν
622 3383 842 3446 αὐτοῖς,
885 3380 979 3435 καὶ
1018 3381 1464 3452 ὲπεγερθήσονται
1505 3381 1665 3450 Αίγύ-

161 3490 279 3529 πτιοι
303 3477 380 3528 ἐπ’
403 3474 728 3543 Αἰγυπτίους
748 3508 766 3535 ,
809 3470 903 3523 καὶ
943 3470 1234 3541 πολεμήσει
1272 3470 1548 3541 ἄνθρωπος
1575 3471 1663 3523 τὸν

160 3563 346 3635 ἀδελφὸν
372 3564 529 3618 αὑτοῦ
545 3601 561 3627 ,
606 3562 703 3616 καὶ
745 3558 1029 3631 ἄνθρωπος
1071 3559 1161 3611 τὸν
1209 3558 1430 3630 πλησίον
1469 3552 1628 3613 αὐτοῦ
1646 3577 1660 3591 ·

161 3655 573 3727 ὲτιεγερθήσονται
600 3652 759 3714 πόλις
793 3651 886 3703 ἐπὶ
925 3649 1106 3711 πόλιν,
1139 3649 1232 3701 καὶ
1267 3650 1426 3718 νόμος
1458 3651 1549 3703 ἐπὶ
1582 3650 1665 3703 νό-

163 3759 257 3812 μον,
278 3746 363 3797 καὶ
381 3742 784 3814 ταραχθήσεται
810 3738 870 3791 τὸ
903 3736 1115 3807 πνεῦμα
1143 3735 1248 3789 τῶν
1284 3737 1586 3806 Αἰγυπτίων
1609 3740 1663 3792 ὲν

160 3834 338 3898 αὐτοῖς,
363 3834 453 3886 καὶ
478 3834 578 3903 τὴν
610 3828 807 3900 βουλὴν
841 3826 1018 3881 αὑτῶν
1055 3825 1406 3888 διασκεδάσαι,
1439 3827 1531 3880 καὶ
1568 3829 1663 3880 ἐπ-

157 3925 449 3993 ιριιιτήσουσι
473 3924 602 3985 τοὺς
617 3920 774 3983 θεοὺς
796 3917 971 3972 αὐτῶν
991 3957 1006 3981 ,
1042 3917 1135 3970 καί
1160 3917 1228 3969 τὰ
1252 3916 1535 3986 ἀγάλματα
1574 3918 1664 3969 αύ-

157 4012 270 4075 τῶν,
293 4015 377 4067 καὶ
406 4015 531 4076 τοὺς
569 4009 1057 4082 ἐγγαστριμύθους,
1088 4009 1182 4062 καὶ
1210 4007 1334 4071 τοὺς
1359 4010 1422 4060 ὲκ
1447 4008 1544 4078 τῆς
1566 4009 1664 4079 γῆς

163 4103 427 4169 φωνοῦντας
445 4121 458 4134 ο
500 4122 520 4155 ι
552 4103 649 4156 καὶ
674 4099 801 4170 ἑξῆς
829 4101 967 4174 μετὰ
1011 4099 1232 4152 πλεῖστα
1251 4098 1315 4150 δι’
1341 4098 1663 4167 αἰνιγμάτων

160 4193 412 4261 εἰρημένα,
443 4191 789 4259 ὲπιλέγεται’
824 4208 843 4241 ι
883 4190 971 4241 Ἐν
999 4191 1065 4259 τῇ
1100 4188 1278 4258 ἡμέρᾳ
1311 4186 1490 4260 ἐκείνῃ
1517 4187 1663 4241 ἔσται

161 4279 497 4354 θυσιαστήριον
517 4280 596 4351 τῷ
623 4279 813 4350 Κυρίῳ
833 4280 890 4331 ὲν
912 4276 1060 4349 χώρᾳ
1084 4276 1477 4344 Δίγύπτου,κα”ι
1501 4278 1662 4349 στήλη

160 4369 267 4437 πρὸς
292 4372 348 4424 τὸ
372 4373 514 4443 ὄριον
538 4370 713 4439 αὐτῆς
734 4368 812 4438 τῷ
831 4368 1037 4438 Κυρίῳ,
1055 4366 1148 4420 καὶ
1178 4367 1325 4418 ἔσται
1346 4370 1425 4430 εἰς
1447 4371 1661 4437 σημεῖον

160 4458 222 4521 εἰς
246 4461 324 4513 τὸν
348 4463 516 4516 αἰῶνα
546 4461 625 4531 τῷ
648 4460 836 4531 Κυρίῳ
862 4460 919 4512 ὲν
946 4458 1096 4531 χώρᾳ
1121 4460 1388 4527 Αἰγύπτου
1406 4497 1421 4522 ,
1470 4461 1549 4513 ὅτι
1578 4477 1664 4512 κε·
1692 4496 1734 4549 D

160 4549 407 4618 κράξονται
452 4552 590 4625 πρὸς
615 4549 816 4621 Κύριον
842 4550 930 4604 διὰ
957 4553 1083 4613 τοὺς
1130 4549 1401 4613 θλίϐοντας
1436 4550 1656 4614 αὐτοὺς,

161 4639 236 4691 καί
261 4642 530 4695 ἀποστελεῖ
577 4641 760 4703 αὐτοῖς
803 4638 1005 4711 Κύριος
1043 4638 1320 4710 ἄνθρωπον
1339 4678 1355 4703 ,
1395 4639 1454 4702 ὃς
1504 4638 1658 4691 σώσει

162 4729 357 4799 αὐτοὺς,
388 4733 589 4805 κρίνων
638 4729 797 4784 σώσει
839 4731 1062 4794 αὐτοὺς,
1112 4731 1205 4782 καὶ
1241 4728 1474 4797 γνωστὸς
1512 4727 1658 4782 ἔσται

160 4819 327 4890 Κύριος
361 4826 470 4885 τοῖς
494 4823 839 4889 Αἰγυπτίοις,
869 4822 964 4873 καὶ
992 4818 1282 4888 γνώσονται
1308 4820 1355 4873 οἰ
1382 4817 1659 4887 Αἰγύπτιοι

160 4906 324 4979 Κύριον
345 4911 430 4964 τὸν
455 4911 587 4963 Θεὸν
615 4911 675 4963 ὲν
709 4914 775 4981 τῇ
808 4910 987 4981 ἡμέρᾳ
1018 4909 1212 4982 ἐκείνῃ,
1241 4910 1333 4962 καὶ
1357 4910 1659 4979 ποιήσονται

162 4993 316 5065 θυσίας
338 5040 351 5063 ,
375 5001 466 5053 καὶ
496 4999 743 5063 εὔξονται
770 5000 931 5069 εὐχὰς
963 4997 1040 5068 τῷ
1075 4999 1260 5070 Κυρίῳ
1278 5040 1293 5065 ,
1325 4999 1418 5050 καὶ
1455 4996 1659 5053 ἀποδώ-

168 5101 307 5142 τουσι.
335 5109 353 5141 δ
380 5091 486 5143 Καὶ
511 5087 684 5142 ταῦτα
716 5086 1070 5159 προλαϐόντες
1101 5090 1164 5140 ὲκ
1190 5087 1383 5157 μέρους
1411 5087 1660 5157 διεσαφή-

170 5189 326 5241 σαμεν.
350 5180 410 5231 Εἰ
446 5180 540 5249 μὲν
570 5172 662 5229 οὖν
699 5175 795 5246 μὴ,
828 5175 950 5237 τοὺς
974 5174 1247 5244 πατρῴους
1272 5173 1420 5235 θεοὺς
1444 5174 1659 5228 καταλι-

174 5264 329 5332 sine;
346 5267 640 5337 Αἰγύπτιοι,
661 5265 785 5318 καθ’
809 5266 953 5334 ἡμᾶς
980 5264 1170 5326 αὐτοὺς
1191 5262 1414 5333 ὁρῶνται
1434 5263 1524 5314 τὸν
1550 5263 1658 5316 τῶν

177 5356 424 5425 προφητῶν
458 5356 587 5409 Θεὸν
618 5351 1055 5421 ἐπικαλούμενον
1089 5353 1136 5403 εἰ
1170 5351 1241 5421 μὴ
1270 5350 1387 5403 καθ’
1414 5351 1535 5420 ὅλης
1561 5353 1657 5421 τῆς

185 5442 404 5512 Αἰγύπτου
418 5488 432 5513 ,
462 5444 600 5499 κατὰ
626 5444 802 5496 πάντα
832 5441 991 5494 τόπον
1035 5441 1128 5494 καὶ
1155 5442 1303 5495 πόλιν
1348 5440 1440 5493 καὶ
1483 5441 1660 5512 χώραν

186 5532 490 5606 ἀνεγήγερται
518 5531 891 5599 θυσιαστήριον
917 5528 993 5584 τῶ
1015 5530 1161 5598 παρὰ
1192 5530 1365 5599 μόνοις
1399 5529 1659 5601 Ἑϐραίοις

243 5704 280 5738 ⁸³
311 5706 401 5759 Isa.
434 5719 550 5767 nx,
584 5699 707 5754 1-3.
788 5699 832 5730 "
865 5698 989 5756 ibid.
1026 5703 1210 5761 19-21.

1763 3301 1795 3340 a
1826 3284 1963 3340 facie
1987 3285 2127 3354 ejus,
2159 3293 2212 3340 et
2239 3299 2334 3339 cor
2361 3300 2547 3339 eorum
2572 3286 2819 3339 vincetur
2848 3286 2903 3338 in
2936 3288 3087 3355 ipsis,
3119 3297 3174 3343 et
3206 3305 3300 3347 ex-

1761 3374 2071 3428 citabuntur
2114 3372 2350 3443 Egyptii
2398 3382 2585 3426 contra
2636 3372 2954 3442 Egyptios,
2997 3382 3051 3428 et
3096 3376 3294 3431 bellum

1760 3470 1909 3533 geret
1940 3463 2100 3517 homo
2141 3470 2331 3515 contra
2357 3460 2576 3515 fratrem
2630 3477 2809 3523 suum,
2840 3470 2894 3514 et
2922 3462 3080 3515 homo
3107 3470 3294 3516 contra

1761 3553 2060 3622 proximum
2090 3567 2246 3607 suum
2277 3570 2291 3606 :
2324 3552 2648 3606 excitabitur
2689 3554 2880 3607 civitas
2920 3553 2975 3605 in
3003 3552 3293 3622 civitatem,

1759 3651 1813 3701 et
1843 3644 1927 3697 lex
1948 3645 2001 3695 in
2042 3642 2232 3711 legem,
2263 3646 2317 3695 et
2345 3641 2648 3695 turbabitur
2678 3642 2896 3711 spiritus
2919 3641 3292 3711 Egyptiorum

1760 3735 1814 3789 in
1847 3733 2000 3801 ipsis,
2029 3737 2082 3785 et
2116 3730 2398 3784 consilium
2427 3745 2612 3784 eorum
2645 3730 2939 3801 dissipabo,
2984 3739 3038 3785 et
3066 3730 3295 3786 interro-

1759 3822 1958 3893 gabunt
1988 3819 2117 3873 deos
2147 3834 2275 3874 suos
2298 3829 2351 3873 et
2383 3820 2671 3874 simulacra
2703 3834 2821 3883 sua,
2846 3830 2900 3874 et
2921 3820 3212 3891 Pythones,
3241 3831 3295 3876 et

1760 3928 1853 3968 eos
1878 3913 1968 3982 qui
2010 3913 2077 3966 de
2118 3919 2262 3965 terra
2302 3925 2489 3963 vocem
2530 3909 2865 3965 emittunt".
2898 3930 2917 3962 ι
2949 3910 3015 3964 Ει
3043 3912 3295 3981 deinceps

1762 4011 1882 4073 post
1910 4003 2135 4071 plurima
2184 4015 2303 4070 quae
2330 3999 2553 4069 ﬁgurate
2598 4008 2651 4054 et
2691 4001 2922 4055 obscure
2961 4002 3102 4057 dicta
3145 4010 3293 4066 sunt,

1760 4091 2065 4161 adjungitur
2089 4110 2102 4145 :
2139 4107 2157 4140 ι
2188 4089 2244 4143 In
2274 4089 2361 4143 die
2390 4089 2480 4141 illa
2505 4088 2607 4142 erit
2636 4089 2806 4144 altare
2834 4088 3056 4144 Domino
3079 4091 3132 4143 in
3151 4102 3294 4143 terra

1758 4181 1995 4253 Egypti,
2023 4189 2077 4236 et
2113 4180 2300 4235 titulus
2339 4178 2495 4247 juxta
2543 4181 2834 4234 terminum
2875 4181 2995 4250 ejus
3017 4179 3244 4235 Domino
3273 4196 3290 4234 :

1760 4285 1815 4329 et
1856 4275 1958 4329 erit
2002 4273 2057 4326 in
2107 4272 2320 4341 signum
2368 4274 2423 4324 in
2479 4280 2735 4326 aeternum
2789 4271 3014 4325 Domino
3057 4271 3112 4325 in
3151 4279 3294 4325 terra

1761 4365 1996 4435 Egypti,
2035 4364 2286 4434 quoniam
2329 4361 2639 4417 clamabunt
2667 4363 2734 4417 ad
2769 4362 3049 4417 Dominum
3079 4368 3296 4432 propter

1762 4456 2051 4524 aﬂligentes
2081 4469 2158 4514 se.
2190 4460 2242 4506 et
2268 4453 2443 4506 mittet
2468 4453 2549 4506 eis
2580 4453 2836 4507 Dominus
2877 4451 3169 4513 hominem,
3200 4450 3291 4519 qui

1762 4544 1988 4598 salvabit
2015 4556 2130 4603 eos,
2164 4540 2415 4609 judicans
2447 4540 2674 4594 salvabit
2697 4553 2813 4603 eos,
2844 4545 2896 4592 et
2918 4537 3166 4606 cognitus
3190 4537 3293 4591 erit

1763 4633 2018 4701 Dominus
2055 4630 2342 4699 Egyptiis,
2383 4638 2436 4685 et
2482 4636 2806 4699 cognoscent
2840 4628 3075 4698 Egyptii
3121 4625 3294 4680 Domi.

1763 4737 1887 4777 num
1923 4720 2087 4775 Deum
2116 4722 2169 4773 in
2190 4722 2276 4775 die
2305 4721 2416 4783 illa,
2444 4727 2497 4774 et
2526 4718 2723 4772 facient
2750 4716 3031 4780 sacriﬁcia,
3061 4725 3115 4769 et
3132 4728 3292 4769 vove—

1761 4815 1892 4868 hunt
1918 4817 2039 4863 vota
2070 4809 2313 4875 Domino,
2345 4819 2398 4864 et
2426 4810 2721 4865 reddent“.
2755 4829 2774 4862 ι
2805 4809 2927 4862 Ilaec
2954 4820 3053 4860 nos
3077 4806 3291 4875 quidem

1762 4912 1915 4956 antea
1942 4914 2155 4969 quoque
2181 4900 2482 4964 citavimus,
2512 4906 2566 4952 et
2587 4899 2639 4951 in
2664 4905 2815 4967 parte
2838 4897 3027 4951 saltem
3050 4894 3290 4962 planiora

1761 4991 2088 5049 reddidimus
2117 5010 2130 5046 :
2164 4991 2307 5060 quod
2342 4991 2387 5045 si
2411 5006 2519 5044 non
2548 4989 2736 5060 patriis
2763 4988 2868 5043 diis
2906 4986 3104 5042 relictis
3134 4983 3293 5055 Egy-

1760 5081 1900 5151 ptios
1929 5079 2030 5132 hoc
2047 5079 2162 5147 ipso
2187 5085 2427 5148 tempore
2457 5079 2699 5133 videmus
2721 5077 3099 5146 prophetarum
3125 5073 3295 5133 Deum

1760 5171 2098 5233 invocantes;
2134 5168 2177 5221 si
2224 5182 2317 5237 per
2363 5168 2668 5222 universam
2717 5165 3002 5236 Egyptum
3049 5164 3103 5218 in
3143 5165 3298 5221 omni

1758 5261 1897 5322 loco,
1931 5268 1984 5313 et
2009 5257 2243 5320 civitate,
2283 5264 2336 5310 et
2360 5256 2596 5327 regione,
2627 5256 2793 5310 altare
2823 5256 2897 5309 illi
2921 5255 3027 5311 Deo
3052 5262 3298 5311 erectum

1761 5363 1868 5403 non
1892 5354 1994 5412 est,
2026 5348 2115 5416 qui
2142 5345 2283 5415 apud
2331 5348 2476 5401 solos
2500 5344 2749 5401 Hebraeos
2780 5345 3029 5400 laudibus
3058 5344 3300 5398 celebra-

1761 5445 1868 5504 tur,
1898 5437 1944 5491 si
1977 5435 2273 5490 manul’acta
2308 5435 2522 5508 Egypti
2548 5443 2809 5491 commota
2828 5449 2936 5489 non
2958 5440 3102 5496 sunt,
3133 5428 3303 5502 ιιι

1763 5528 2120 5586 οῑᾶοειηοιιίςιι
2157 5529 2238 5585 vis
2265 5544 2385 5599 quae
2427 5530 2629 5586 circum
2673 5527 2760 5581 illa
2802 5525 3143 5587 versabatur,
3186 5535 3293 5577 non
