3740 6308
488 375 584 428 64⁸1
1097 360 1358 416 EUSEBII
1395 352 1863 414 CASSARIENSIS
1901 350 2046 406 OPP.
2082 349 2254 402 PARS
2294 350 2422 402 Il.-—
2452 350 2942 407 APOLOGETICA.
3499 351 3583 403 618

487 486 697 545 defecit,
730 492 983 548 vetusque
1030 475 1396 544 Egyptiorum
1451 471 1757 538 superstitio
1799 485 1864 522 ex
1893 468 2008 519 ani-

2124 459 2496 529 Ιεολογουμένῳ
2527 461 2670 527 Θεᾷν
2725 462 2772 510 εἰ
2809 463 2882 526 μὴ
2905 461 3168 512 σέσεισται
3194 459 3257 510 τὰ
3291 461 3587 528 χειροποίητα

489 592 590 629 mis
617 586 797 626 eorum
830 573 1038 621 sublata
1077 579 1180 616 non
1210 572 1334 626 est;
1375 567 1646 629 prmterea,
1679 557 1722 610 si
1763 571 1856 624 per
1899 556 2010 608 sin-

2124 547 2398 616 ὶίγύπτου,
2421 549 2519 614 τῆς
2552 563 2617 597 πε
2627 546 2676 615 ρ).
2699 545 2832 598 αύτά
2859 545 3167 613 δαιμονικῖ-,ς
3197 548 3452 616 δυνάμεως
3475 550 3591 602 ὲκλε.

490 664 638 732 gulas
661 662 900 712 civitates
927 661 978 706 et
1007 669 1099 720 per
1127 652 1362 720 singulas
1399 650 1606 707 domos,
1641 646 1831 699 bellum
1876 644 2011 696 inte-

2124 637 2380 698 ιοιπυίας.
2407 637 2500 688 καὶ
2525 637 2620 704 τῆς
2647 634 2878 696 παλαιᾶς
2899 632 3295 701 δεισιδαιμονίας
3315 639 3375 688 ὲκ
3395 638 3482 705 τῆς
3509 640 3593 690 τῶν

491 720 684 805 ξῑίηυηι
731 746 866 813 apud
917 743 1192 811 Egyptius
1238 755 1342 793 non
1394 745 1702 806 grassatur,
1747 735 1873 787 dum
1922 732 2008 784 alii

2124 725 2408 792 ὶίγυπτίων
2437 725 2612 793 ψυχῆς
2652 723 2909 792 ἀρθείσης
2927 739 2941 751 ο
2971 722 3062 774 καὶ
3090 721 3167 772 ἔτι
3195 720 3323 790 πρὸς
3359 726 3535 788 τούτοις
3561 731 3596 780 εἰ

490 840 699 909 quidem
731 807 1011 887 Dominum
1022 807 1087 885 icit
1111 831 1308 882 cultum
1345 827 1436 879 Dei
1462 825 1835 892 prophetarum
1870 820 2012 873 acci-

2124 816 2184 885 αὴ
2217 815 2332 868 καθ’
2364 815 2594 883 ἑκάστην
2626 813 2776 865 πόλιν
2809 813 2903 863 καὶ
2925 807 3044 862 καθ’
3078 812 3298 862 ’ἑκαστον
3321 807 3452 862 οἷκον
3475 817 3598 866 πόλε-

491 900 662 998 piunt,
693 936 1034 989 erroremque
1061 934 1165 987 quo
1195 919 1260 971 ab
1299 917 1450 969 initio
1485 914 1616 968 deos
1646 913 1841 965 mullos
1865 911 2010 963 eole~

2124 923 2209 974 αος
2241 904 2497 974 ἐμφύλιος
2538 906 2649 965 τοῖς
2692 901 3010 968 Αἰγυπτίοις
3043 900 3374 962 συνίσταται,
3407 901 3498 953 τῶν
3527 905 3598 972 μὲν

491 989 637 1079 bant,
674 1021 1005 1075 aversantur,
1038 1011 1124 1062 alii
1174 1023 1298 1061 vero
1332 1014 1610 1074 propterea
1639 1003 1781 1072 quod
1823 1003 2012 1070 patriis

2124 997 2197 1050 τὸν
2241 996 2438 1066 Κύριον
2480 995 2572 1046 καὶ
2615 993 2675 1045 τὸ
2718 993 2882 1055 σέϐας
2912 990 3006 1043 τοῦ
3049 991 3178 1042 Θεοῦ
3218 989 3321 1042 τῶν
3360 995 3600 1059 προφητῶν

493 1108 663 1159 adhuc
693 1103 844 1155 malis
873 1101 1046 1155 affecti
1076 1100 1139 1152 iis
1169 1099 1459 1156 adluerent,
1483 1111 1576 1148 eos
1615 1094 1702 1162 qui
1732 1093 2012 1147 Dominum

2124 1083 2513 1152 ὶποδεξαμένων
2536 1121 2550 1145 ,
2608 1082 2701 1133 καὶ
2740 1079 3194 1149 ἀποστραφέντων
3237 1079 3331 1149 τὴν
3361 1078 3415 1142 ἐξ
3451 1079 3603 1142 αἰῶνος

492 1195 810 1263 acceperint,
842 1198 1173 1260 oppugnant,
1206 1188 1251 1240 si
1302 1201 1405 1238 non
1449 1185 1604 1238 hodie
1635 1197 1842 1251 quoque
1885 1181 2012 1234 dum

492 1300 618 1341 suos
649 1284 775 1336 deos
814 1295 1013 1348 suaque
1070 1279 1376 1337 simulacra,
1414 1290 1616 1344 eosque
1652 1274 1741 1342 qui
1777 1273 1842 1326 de
1868 1279 2011 1325 terra

493 1390 650 1430 voces
686 1373 950 1432 emittunt,
982 1377 1034 1423 et
1085 1368 1353 1437 Pythones
1390 1381 1580 1434 rogare
1609 1370 1892 1425 conantur,
1924 1361 2012 1413 in-

497 1461 690 1514 fectum
723 1465 878 1526 atque
908 1445 1064 1508 inane
1108 1455 1172 1506 ad
1215 1460 1406 1506 cuncta
1453 1451 1564 1504 haec
1595 1448 1892 1518 perfugium
1921 1461 2016 1500 ex-

496 1550 793 1618 periuntur,
840 1550 1118 1614 propterea
1164 1543 1304 1610 quod
1344 1555 1451 1594 non
1494 1537 1719 1606 amplius
1750 1543 1808 1590 ut
1859 1541 2014 1587 antea

2124 1530 2204 1582 καὶ
2229 1531 2350 1590 τοὺς
2380 1532 2442 1581 ἐκ
2469 1529 2567 1596 τῆς
2595 1531 2696 1598 γῆς
2725 1527 3042 1596 φωνοῦντας
3063 1566 3077 1589 ,
3113 1527 3206 1578 καὶ
3235 1527 3350 1589 τοὺς
3376 1528 3605 1595 ἐγγαστριο

497 1636 674 1689 itidem
698 1634 802 1685 vim
825 1646 974 1685 suam
1005 1643 1252 1682 exercere
1279 1627 1543 1680 daemones
1563 1627 1805 1692 possunt;
1833 1619 1878 1674 si
1907 1633 2014 1671 non

2124 1617 2330 1687 μύθους,
2352 1617 2508 1686 ἀτελῆ
2532 1617 2623 1670 καί
2649 1618 2929 1684 ἄπρακτον
2955 1617 3056 1686 τὴν
3085 1611 3176 1668 ἐπὶ
3203 1615 3320 1666 τάδε
3350 1615 3604 1683 καταφυγὴν

499 1723 742 1775 universa
773 1721 881 1772 hanc
917 1719 1091 1785 reipsa
1138 1717 1293 1769 finem
1342 1729 1496 1768 suum
1550 1711 1815 1765 invenisse
1835 1716 2016 1763 osten-

2124 1706 2382 1759 ποιοῦνται
2403 1745 2418 1768 ,
2444 1705 2530 1757 διὰ
2561 1705 2620 1757 τὸ
2649 1705 2842 1774 μηκέθ’
2871 1706 3078 1774 ὁμοίως
3111 1705 3344 1774 ἐνεργεῖν
3367 1702 3604 1761 δύνασθαι,

497 1813 738 1864 duntur:
772 1825 900 1864 sane
947 1808 1183 1862 nondum
1231 1806 1510 1874 quisquam
1559 1802 1685 1854 mihi
1733 1801 2019 1854 arbitretur

2124 1793 2298 1862 ὥσπερ
2329 1793 2385 1845 τὸ
2409 1794 2532 1861 πρὶν
2557 1831 2570 1854 ,
2601 1795 2723 1855 τοὺς
2751 1791 3054 1862 δαίμονας’
3089 1794 3138 1843 εἰ
3185 1791 3256 1861 μὴ
3294 1790 3456 1842 πάντα
3480 1790 3605 1842 ταῦτα

498 1900 861 1969 propheticum
913 1913 1032 1952 esse
1093 1896 1415 1964 completum
1471 1891 1780 1952 oraculum,
1847 1902 2019 1956 neque

2124 1882 2292 1952 ἔργοις
2318 1883 2491 1944 αὐτοῖς
2518 1877 2665 1942 τέλος
2705 1881 2973 1950 εἰληφότα
3000 1879 3304 1941 δείκνυται,
3338 1879 3404 1947 μή
3441 1876 3511 1928 πώ
3545 1894 3604 1946 μοι

502 1966 776 2042 Dominum
824 1989 968 2040 illum
1015 1987 1219 2054 ipsum,
1267 1998 1421 2051 quem
1472 1981 1739 2049 propheta:
1788 1987 2015 2040 canunt,

2124 1972 2380 2039 νομίζοιτο
2417 1976 2477 2023 τὸ
2515 1969 2846 2041 προφητικὸν
2879 1968 3272 2038 πεπληρῶσθαι
3303 1966 3487 2032 λόγιον,
3513 1967 3606 2034 μηδὲ

499 2078 637 2146 apud
667 2076 909 2129 homines
939 2075 1153 2126 vixisse.
1186 2073 1243 2124 Si
1271 2086 1396 2122 vero
1439 2086 1495 2123 re
1533 2069 1668 2137 ipsa,
1692 2082 1809 2136 qum
1844 2066 2019 2120 verbis

2124 2060 2205 2112 τὸν
2231 2060 2603 2130 θεσπιζόμενον
2632 2060 2834 2129 Κύριον
2860 2057 3314 2126 ἐπιδεδημηκέναι
3342 2055 3412 2124 τῷ
3438 2055 3517 2123 βίῳ
3531 2057 3605 2106 τῶν

501 2145 655 2236 longe
691 2175 774 2220 est
817 2164 1132 2226 evidentior,
1169 2161 1260 2225 qui
1303 2160 1586 2228 IEgyptum
1633 2157 1872 2209 incolunt
1904 2168 2022 2207 cer-

2124 2150 2426 2221 ἀνθρώπων.
2457 2151 2516 2202 Εἰ
2539 2150 2594 2202 δὲ
2619 2150 2801 2210 αὐτοῖς
2825 2148 3009 2218 ἔργοις
3040 2147 3180 2199 κατὰ
3212 2147 3339 2199 πολὺ
3361 2146 3457 2197 τῶν
3479 2145 3605 2209 λόγων

502 2234 700 2311 nuntur
747 2255 980 2317 interim,
1015 2266 1140 2321 pars
1179 2249 1394 2318 quidem
1434 2246 1808 2316 prophetarum
1857 2242 2018 2298 Deum

2124 2241 2520 2311 ἐναργεστέροις
2549 2241 2710 2292 εἰσέτι
2747 2239 2908 2309 δεῦρο
2943 2236 3272 2306 θεωροῦνται
3299 2237 3344 2288 οί
3374 2236 3460 2305 τὴν
3489 2234 3608 2299 Δίγυ-

502 2347 804 2418 agnovisse,
829 2351 881 2398 et
912 2349 1126 2411 propter
1149 2341 1295 2392 illum
1327 2339 1528 2406 patrios
1553 2337 1681 2390 deos
1721 2333 2018 2402 reliquisse,

2124 2347 2247 2382 πτον
2281 2328 2567 2392 οἰκοῦντες,
2594 2330 2641 2380 οἱ
2679 2329 2778 2398 μὲν
2809 2328 2904 2379 τὸν
2936 2327 3071 2378 Θεὸν
3109 2326 3218 2378 τῶν
3247 2324 3511 2394 προφητῶν
3543 2325 3608 2373 ἐπ-

502 2437 590 2489 alii
623 2450 750 2489 vero
795 2439 983 2486 contra
1027 2431 1125 2484 hos
1166 2427 1457 2482 seditiones
1489 2425 1703 2479 assidue
1730 2422 2018 2482 concitare,

2124 2421 2427 2488 εγνωκότες,
2458 2421 2550 2472 καὶ
2570 2421 2636 2472 δι’
2659 2417 2821 2472 αὐτὸν
2850 2421 2977 2482 τοὺς
3013 2417 3272 2487 πατρίους
3299 2413 3609 2470 καταλελοιπό-

505 2532 556 2578 et
587 2524 676 2576 alii
703 2521 830 2576 deos
859 2535 1005 2581 suos,
1048 2531 1248 2585 suaque
1278 2514 1582 2577 simulacra,
1615 2526 1813 2578 eosque
1837 2509 1929 2578 qui
1959 2508 2024 2563 de

2124 2527 2207 2572 τες
2233 2510 2402 2572 θεοὺς,
2425 2511 2473 2562 οί
2500 2510 2556 2561 δὲ
2589 2509 2723 2578 πρὸς
2746 2507 2978 2572 τούτους
3015 2506 3399 2568 στασιαστικῶς
3423 2505 3606 2573 ἔχοντες·

2121 2599 2212 2651 καὶ
2237 2599 2284 2651 οἱ
2324 2598 2420 2668 μὲν
2445 2599 2567 2660 τοὺς
2603 2597 2761 2658 θεοὺς
2795 2597 2976 2649 αὑτῶν
3008 2599 3174 2649 εἰσέτι
3205 2597 3296 2648 νῦν
3322 2593 3610 2660 ἐπικαλούμε-

2121 2703 2197 2739 νοι
2220 2685 2310 2738 καὶ
2335 2686 2400 2738 τά
2419 2687 2728 2756 ἀγάλματα,
2753 2687 2850 2740 καὶ
2873 2689 3000 2749 τοὺς
3021 2689 3084 2739 ἐκ
3108 2687 3206 2755 τῆς
3230 2686 3329 2754 γῆς
3349 2684 3608 2752 φωνοῦντας,

2127 2776 2284 2846 μηδέν
2311 2792 2370 2827 τε
2399 2777 2635 2846 ἐνεργεῖν
2667 2777 3005 2846 δυναμένους
3029 2817 3043 2837 ,
3074 2778 3123 2828 οἰ
3152 2777 3209 2829 δὲ
3247 2776 3320 2845 τῷ
3350 2774 3513 2845 Κυρίῳ
3537 2772 3609 2822 τῶν

2113 1172 2360 1226 πολύθεον
2392 1172 2594 1242 πλάνην
2621 1209 2636 1233 ,
2685 1170 2793 1221 τῶν
2827 1169 2886 1220 δὲ
2911 1209 2925 1226 ,
2969 1168 3059 1220 διὰ
3080 1168 3140 1220 τὸ
3169 1171 3276 1230 τοῖς
3305 1168 3523 1237 πατρίοις
3547 1169 3603 1220 ἔτι

2114 1262 2528 1334 προστετηκέναι
2577 1263 2794 1321 κακοῖς,
2835 1259 2962 1319 τοὺς
2996 1257 3086 1310 τὸν
3116 1257 3311 1325 Κύριον
3355 1252 3604 1326 παραδεξαι

2117 1352 2302 1421 μένους
2323 1340 2689 1421 πολεμούντων
2709 1366 2722 1380 ο
2758 1352 2806 1401 εἰ
2845 1349 2920 1417 μὴ
2954 1348 3120 1400 εἰσέτι
3153 1346 3246 1399 καὶ
3272 1347 3418 1417 δεῦρο
3444 1350 3604 1417 ἐπερω-

2111 1442 2208 1509 τᾷν
2241 1439 2558 1510 πειρώμενοι
2583 1441 2706 1500 τοὺς
2735 1438 2946 1491 ἑαυτῶν
2973 1437 3128 1499 θεοὺς
3152 1437 3243 1489 καὶ
3265 1436 3328 1488 τὰ
3352 1438 3602 1506 ἀγάλματα.

506 2625 646 2666 terra
676 2627 832 2665 voces
859 2610 1128 2668 emittunt,
1159 2607 1467 2659 invocantes
1509 2601 1640 2654 nihil
1670 2615 1826 2670 posse
1861 2597 2023 2666 proﬁ-

506 2715 648 2760 cere,
674 2699 761 2752 alii
802 2697 1027 2749 Domino
1073 2692 1449 2763 pr0phetarum
1493 2689 1546 2742 in
1597 2687 1740 2739 omni
1778 2684 2023 2753 zEgyptia

508 2789 740 2859 regione,
771 2789 936 2840 altare
963 2800 1056 2854 per
1087 2782 1323 2850 singulas
1355 2779 1607 2834 ecclesias
1649 2776 1902 2836 erexisse,
1941 2774 2023 2825 in-

509 2894 610 2947 que
655 2877 1026 2934 alllictionibus
1069 2884 1121 2927 et
1157 2872 1256 2926 sibi
1299 2869 1508 2922 infestis
1549 2865 2023 2926 insectationibus,

2124 2866 2403 2935 προφητῶν
2427 2867 2482 2918 ἐν
2509 2865 2657 2935 πάσῃ
2691 2869 2759 2935 τῇ
2784 2867 3099 2934 Αἰγυπτίων
3123 2865 3271 2937 χώρᾳ
3303 2864 3611 2932 θυσιαστήριον

511 2985 615 3022 non
649 2969 874 3036 amplius
901 2965 1104 3018 belluas
1132 2976 1302 3029 neque
1332 2958 1538 3026 reptilia
1579 2963 1733 3008 terrae
1760 2954 1908 3016 deos,
1935 2968 2028 3006 ne-

2125 2955 2241 3006 καθ⁹
2286 2955 2514 3026 ἐκᾶστην
2556 2955 2860 3024 ἐκκλησίαν
2928 2959 3352 3026 συστησάμενοι,
3379 2955 3429 3008 ἓν
3463 2971 3512 3006 τε
3530 2954 3611 3011 ταῖς

509 3075 612 3128 que
639 3065 872 3128 agrestes
895 3056 1033 3110 feras
1061 3063 1112 3108 et
1135 3054 1287 3106 bruta
1314 3048 1582 3108 animalia,
1610 3055 1884 3114 parentum
1905 3059 2030 3097 suo-

2127 3043 2327 3112 θλίψεσι
2377 3045 2469 3096 καὶ
2509 3049 2619 3107 τοῖς
2670 3049 2795 3099 κατ’
2847 3048 3028 3100 αὐτῶν
3077 3049 3328 3116 διωγμοῖς
3375 3043 3528 3098 οὐκέτι
3568 3042 3613 3091 τὰ

511 3164 626 3202 rum
659 3148 848 3212 instar,
881 3146 972 3200 sed
999 3157 1300 3212 supremum
1340 3139 1504 3192 Deum
1534 3138 1800 3196 invocare,
1826 3134 2026 3189 solum-

2129 3133 2392 3196 κνώδαλα,
2425 3133 2544 3186 οὐδὲ
2573 3134 2640 3186 τὰ
2683 3135 2896 3206 ἐρπετά
2923 3137 3026 3206 τῆς
3052 3138 3155 3206 γῆς
3175 3175 3188 3197 ,
3235 3137 3307 3198 ὡς
3347 3135 3510 3196 Θεοὺς,
3533 3129 3612 3182 οὐδὲ

510 3253 614 3308 que
640 3253 782 3299 eum,
811 3237 1034 3304 ejusque
1088 3233 1327 3285 timorem
1374 3229 1428 3280 in
1460 3226 1572 3281 suis
1607 3223 1873 3278 mentibus
1903 3238 2030 3275 con-

2127 3224 2246 3285 τοὺς
2281 3225 2498 3292 ἀγρίους
2525 3223 2702 3294 θῆρας
2735 3227 2833 3279 καλ⁸
2860 3226 2931 3280 τὰ
2962 3229 3132 3295 ἄλογα
3169 3226 3316 3290 ζῶα,
3344 3225 3516 3295 ὁμοίως
3539 3223 3613 3279 τοῖς

511 3334 720 3396 ceptum
754 3335 953 3386 tenere,
1002 3334 1296 3388 vovereque
1337 3317 1508 3371 eidem
1541 3320 1684 3376 vota,
1714 3327 1821 3366 non
1856 3319 2030 3364 autem

2128 3313 2298 3366 αὐτῶν
2331 3313 2591 3383 πατράσι,
2619 3313 2763 3366 ἀλλὰ
2807 3316 2899 3367 τὸν
2943 3316 3034 3367 ἐπὶ
3067 3315 3278 3368 πάντων
3318 3313 3436 3365 Θεὸν
3473 3312 3613 3362 Emu-

512 3418 839 3472 dzzmonibus
882 3421 938 3467 ut
971 3414 1141 3482 prius,
1173 3419 1225 3464 et
1269 3423 1385 3477 qua:
1428 3406 1527 3474 ipsi
1569 3404 1676 3458 Deo
1719 3401 2030 3456 conveniant

2127 3403 2368 3472 λούμενοι
2388 3441 2402 3464 ,
2440 3404 2532 3455 καὶ
2579 3403 2744 3472 μόνον
2781 3405 2944 3457 αὑτὸν
2979 3405 3073 3458 καὶ
3105 3405 3194 3458 τὸν
3238 3401 3394 3456 αὑτοῦ
3423 3400 3552 3469 φόϐον
3578 3400 3614 3448 ὲν

515 3505 776 3574 promissa
804 3503 1026 3556 reddere
1055 3513 1196 3554 :cur
1233 3511 1341 3549 non
1386 3493 1645 3561 sequitur,
1688 3499 1747 3544 ut
1777 3491 2030 3542 fateamur

2128 3496 2242 3555 ταῖς
2278 3493 2450 3546 αὐτῶν
2481 3492 2747 3556 διανοίαις
2773 3495 3180 3564 κατειληφότες,
3201 3492 3462 3563 εὐχόμενοί
3482 3506 3530 3540 τε
3551 3487 3614 3538 αὐ-

513 3595 674 3650 etiam
701 3609 785 3655 ea,
815 3606 935 3659 quae
963 3591 1111 3658 ipsos
1134 3595 1356 3642 eventus
1385 3590 1782 3636 antecesserunt
1817 3580 1870 3632 in
1901 3593 2030 3647 Opus

2129 3581 2202 3652 τῷ
2235 3581 2414 3652 εὐχὰς,
2439 3580 2551 3634 ἀλλ’
2584 3583 2775 3636 οὐκέτι
2802 3587 2916 3648 τοῖς
2941 3585 3186 3655 δαίμοσι,
3230 3584 3320 3637 καὶ
3353 3578 3616 3635 ἀποδιδόντες

513 3687 622 3754 jam
665 3682 1015 3752 processisse,
1057 3693 1154 3732 nec
1193 3676 1369 3729 futura
1410 3675 1636 3742 amplius
1665 3673 1717 3724 in
1743 3679 2030 3738 posterum,

2131 3671 2224 3734 τὰς
2257 3671 2570 3740 θεοπρεπεῖς
2599 3672 2963 3740 ἐπαγγελίας,
2987 3674 3104 3738 πῶς
3130 3675 3226 3743 οὐχ
3254 3673 3427 3724 ἕπεται
3453 3681 3617 3733 συνομο-

516 3775 612 3830 sed
655 3773 710 3825 in
757 3770 1079 3838 praeteritum
1126 3764 1358 3819 abiisse?
1394 3762 1562 3816 Porro
1617 3762 1728 3830 ipsa
1767 3760 1877 3811 haec
1913 3764 2030 3810 sunt

2131 3762 2301 3828 λογεῖν
2351 3761 2441 3813 καὶ
2488 3759 2555 3812 τὰ
2602 3761 2717 3830 πρὸ
2760 3762 2871 3814 τῶν
2914 3763 3355 3833 ἀποτελεσμάτων
3386 3761 3468 3836 ⁴είς
3508 3757 3617 3826 ἔργον

517 3863 688 3930 ipsius
723 3833 926 3908 D-omini
955 3854 1021 3907 ad
1050 3853 1326 3923 Egyptios
1352 3853 1476 3904 olim
1512 3850 1743 3910 futurus,
1785 3861 1891 3899 non
1924 3845 2030 3898 sine

2132 3850 2228 3920 ἢδη
2258 3850 2626 3920 κεχωρηκέναι
2655 3867 2673 3914 ;
2700 3847 2769 3921 ἦν
2797 3853 2857 3905 δὲ
2891 3852 3061 3904 ταῦτα
3080 3893 3094 3916 ,
3126 3853 3218 3905 τοῦ
3255 3833 3443 3921 Κυρίου
3469 3861 3616 3914 παρουο

451 3983 460 3992 ρ
517 3963 742 4018 corpore
775 3945 1051 4006 adventus,
1080 3943 1174 3997 sed
1201 3958 1292 4010 per
1320 3940 1515 3994 nubem
1553 3939 1740 3998 levem,
1770 3949 1832 3986 ac
1861 3932 2030 4001 potius

2135 3938 2219 3990 σία
2256 3939 2334 4000 εἰς
2365 3937 2634 4005 Αἴγυπτον
2673 3940 2776 3991 οὐκ
2807 3939 3098 4010 ἀσώματος
3127 3931 3500 4009 ἀποδησομίνη,
3526 3930 3618 3984 ἀλλά

519 4054 615 4110 per
642 4032 1052 4091 crassitudinem
1083 4031 1292 4099 agilem.
1326 4029 1415 4082 Sic
1447 4027 1590 4081 enim
1623 4023 1911 4078 Hebraicus
1943 4021 2030 4072 ha-

2133 4026 2216 4079 διά
2256 4027 2480 4097 νεφέλης
2516 4027 2764 4099 κούφης,
2857 4033 2952 4082 καὶ
2983 4030 3180 4100 μᾶλλον
3215 4030 3300 4082 διὰ
3329 4029 3506 4095 πάχους
3535 4021 3618 4071 ἐλαι

520 4131 608 4184 bet
631 4130 935 4185 contextus,
967 4120 1090 4174 dum
1127 4120 1268 4173 illius
1301 4131 1612 4186 corporeum
1642 4114 1921 4166 adventum
1943 4111 2030 4164 ob-

2137 4115 2286 4185 φροῦ.
2310 4117 2461 4169 Οὕτω
2484 4118 2591 4188 γὰρ
2625 4120 2689 4172 τὸ
2703 4119 3004 4191 ⁸Ἑϐραῖκὸν
3034 4119 3288 4191 περιέχει,
3308 4119 3398 4188 τὴν
3423 4116 3618 4181 ἐνσαρκῡν

522 4233 677 4272 scure
727 4210 1010 4283 significat.
1064 4206 1294 4260 Proinde
1344 4206 1485 4258 hunc
1538 4205 1709 4271 ipsum
1762 4214 2030 4269 progressa

2137 4205 2295 4258 αὑτοῦ
2342 4208 2644 4276 παρουσίαν
2675 4211 3068 4280 αἰνιττόμενον.
3103 4211 3298 4262 Τοῦτον
3329 4210 3380 4262 δὲ
3405 4202 3482 4260 οὖν
3504 4199 3618 4256 αὑτὸν

522 4307 733 4375 longius
797 4300 1001 4361 oratio,
1062 4296 1329 4349 hominem
1407 4293 1732 4346 Salvatorem
1797 4291 2030 4351 vocavit,

2137 4295 2334 4366 προῖὼν
2364 4297 2489 4367 ὲξῆς
2526 4300 2555 4350 ὁ
2589 4298 2750 4366 λόγος
2781 4301 3064 4371 ἄνθρωπον
3106 4287 3325 4371 Σωτῆρα
3349 4295 3616 4352 ἀπεκύλισε,

521 4391 778 4465 ηιειιῑε
797 4388 973 4442 verbis
999 4405 1012 4439 :
1046 4404 1065 4436 ι
1099 4383 1163 4436 Ει
1188 4383 1358 4436 mittet
1374 4383 1452 4436 eis
1469 4380 1722 4433 Dominus
1751 4378 2030 4440 hominem,

2141 4387 2342 4456 φίλης’
2383 4406 2401 4437 ι
2439 4388 2549 4441 Καὶ
2577 4390 2874 4444 ἀποστελεῖ
2911 4393 3093 4454 αὐτοῖς
3138 4384 3332 4462 Κύριος
3380 4387 3618 4455 ἄνθρωπον.

523 4484 615 4554 qui
641 4479 866 4538 salvabit
900 4491 1013 4532 eos.
1043 4491 1062 4525 ι
1089 4472 1220 4524 Nam
1254 4471 1340 4524 hic
1366 4485 1551 4524 rursus
1593 4469 1642 4521 in
1675 4468 1934 4521 Hebraico
1961 4469 2030 4522 si:

2137 4475 2192 4538 ὃς
2217 4474 2376 4528 σώσει
2405 4475 2623 4540 αὐτούς.
2657 4499 2676 4530 ι
2717 4481 2890 4533 Πάλιν
2919 4480 3050 4548 γοῦν
3085 4480 3348 4534 κάνταῦθα
3377 4477 3430 4529 τὺ
3466 4471 3621 4540 Ἐὁραῖο

523 4581 606 4629 est
641 4592 653 4627 :
691 4590 708 4622 ι
745 4569 812 4624 Et
846 4572 1018 4620 mittet
1047 4565 1124 4618 eis
1157 4560 1410 4615 Dominus
1435 4557 1900 4626 Salvatoremhqui
1933 4559 2030 4613 sal-

2140 4563 2248 4627 κδν,
2283 4583 2301 4614 ι
2329 4564 2439 4616 Καὶ
2471 4566 2768 4620 ἀποστελεῖ
2794 4571 2977 4632 αὐτοῖς
3005 4565 3205 4639 Κύριος
3236 4567 3467 4634 Σωτῆρα,
3484 4561 3531 4620 ὃς
3556 4555 3620 4607 σίίν

526 4661 668 4715 vabit
695 4675 808 4715 eos.
841 4676 858 4707 ι
893 4654 1020 4719 Quae
1065 4665 1185 4705 cum
1224 4649 1354 4704 adeo
1382 4646 1677 4702 evidentem
1710 4646 2030 4701 demonstra-

2142 4672 2220 4706 σει
2247 4654 2438 4716 αὐτοὺς
2457 4693 2471 4717 ,
2501 4675 2520 4707 ι
2559 4656 2698 4726 ἔχει.
2729 4654 2830 4712 Ὧν
2856 4659 3030 4722 οὕτως
3055 4659 3256 4730 ἐναργῆ
3289 4658 3381 4728 τὴν
3413 4646 3619 4708 ἀπόδειξιν

525 4753 722 4805 tionem
751 4746 1053 4805 exhibeant,
1080 4741 1306 4794 arbitror
1324 4738 1480 4792 etiam
1505 4736 1826 4800 constitisse,
1850 4737 2030 4804 quibus

2141 4746 2540 4815 παρεχομένων,
2571 4749 2819 4820 ⁴ἡγοῦμαι
2848 4753 2945 4804 καὶ
2973 4753 3098 4813 τοὺς
3123 4745 3340 4821 χρόνούς
3367 4743 3528 4813 σαφεῖς
3557 4752 3619 4801 γε’

528 4840 854 4907 temporibus
898 4850 958 4888 ea
993 4833 1170 4886 futura
1197 4837 1533 4888 canerentur,
1566 4842 1684 4894 qua:
1731 4827 1795 4880 ad
1835 4826 2030 4881 Domini

2139 4836 2364 4904 γονέναι.
2399 4837 2520 4889 καθ’
2545 4838 2644 4903 οὒς
2675 4842 2748 4894 τὰ
2775 4843 2876 4911 τῆς
2910 4843 2990 4904 εἰς
3023 4839 3331 4911 ἀνθρώπους
3355 4835 3437 4888 τοῦ
3467 4826 3617 4911 Κυρεω

529 4928 810 4980 adventum
833 4926 898 4979 ad
921 4925 1158 4978 homines
1186 4919 1534 4988 pertinebant.
1566 4916 1686 4971 Haec
1710 4933 1838 4972 sane
1860 4918 2030 4986 paucis

2141 4925 2434 4993 παρουσίας
2466 4926 2808 4993 ἐθεσπίζετο.
2836 4907 3090 4984 ⁷Τοσαῦτα
3113 4907 3196 4982 διὰ
3231 4927 3451 4998 βραχέων
3478 4907 3550 4974 καί
3574 4912 3618 4964 τὰ

534 5018 734 5070 anobis
753 5018 971 5069 collecta
1005 5022 1149 5076 sunt,
1174 5015 1239 5068 de
1271 5010 1598 5080 temporibus
1632 5011 1824 5078 quibus
1862 5007 2041 5062 Domi-

2072 5091 2074 5095 .
2142 5011 2265 5078 περὶ
2309 5013 2414 5066 τῶν
2462 5016 2675 5084 Χρόνων
2727 5020 2828 5087 τῆς
2876 5019 2971 5072 τοῦ
3014 5019 3212 5090 Κυρίου
3255 5018 3329 5078 εἰς
3368 5007 3618 5079 ἀνθρώπους

536 5112 638 5150 nus
668 5097 765 5149 fuit
795 5103 858 5151 ad
903 5101 1144 5155 homines
1193 5108 1467 5153 venturus.
1516 5098 1675 5150 Plura
1726 5105 1900 5149 autem
1949 5110 2044 5163 per

2143 5101 2360 5168 φανείας
2386 5103 2650 5173 συνῆκται
2668 5123 2680 5135 ·
2700 5108 2921 5160 πλείονα
2941 5109 2984 5160 δ’
3012 5108 3075 5160 ἀν
3095 5125 3176 5170 τις
3194 5106 3280 5157 ἐπὶ
3307 5101 3475 5172 σχολῆς
3493 5094 3614 5160 εὖροίθ

537 5184 704 5236 otium
734 5187 994 5254 quispiam
1019 5191 1280 5253 inveniet,
1306 5190 1351 5243 si
1382 5189 1613 5257 reliquas
1641 5189 1764 5242 item
1799 5186 2044 5255 Scriptu-

540 5286 629 5323 ras
651 5277 984 5338 percurrerit.
1013 5275 1116 5330 Nos
1146 5286 1319 5330 autem
1359 5282 1442 5336 his
1463 5279 1695 5334 contenti
1725 5291 1841 5346 quae
1863 5276 2045 5328 hacte-

541 5375 643 5413 nus
669 5359 808 5411 dicta
835 5363 1097 5430 sunt,jam
1119 5380 1259 5417 nunc
1278 5370 1507 5437 reliquas
1535 5383 1742 5438 quoque
1772 5363 2044 5434 aggredia-

543 5467 660 5504 mur
695 5449 1012 5517 propbetias.
1045 5455 1218 5516 Quare
1249 5470 1366 5520 quae
1397 5459 1460 5511 ab
1501 5461 1589 5512 illo
1632 5459 1768 5512 inter
1802 5453 2044 5508 homines

546 5555 642 5591 suo
679 5536 864 5590 ordine
901 5547 1022 5589 sunt
1060 5539 1420 5595 administrata
1445 5584 1462 5608 ,
1493 5563 1552 5600 ex
1594 5547 1786 5601 divinis
1816 5543 2044 5597 oraculis

546 5629 876 5697 colligamus.

2143 5187 2232 5241 ml.
2273 5191 2373 5253 τὰς
2414 5191 2606 5256 λοιπάς
2650 5196 2946 5266 ἐκπεριιών
2974 5195 3209 5268 Γραφάςο
3244 5193 3415 5262 Ἡμεῖς
3440 5201 3492 5254 γε
3517 5181 3612 5268 μὴνῖ

2143 5280 2250 5340 τοῖς
2292 5281 2594 5350 εἰρημένοις
2636 5265 3028 5354 ἀρκεσθέντες,
3064 5285 3279 5355 μέτιμεν
3315 5281 3402 5349 ἤδη
3433 5272 3522 5355 καὶ
3551 5265 3615 5318 ἐπὶ

2143 5365 2239 5429 τὰς
2276 5367 2464 5433 λοιπὰς
2494 5353 2831 5444 προφητείας
2851 5415 2866 5438 ,
2898 5375 2963 5426 δι’
2997 5353 3076 5429 ὧν
3100 5376 3166 5428 τὰ
3193 5353 3552 5439 οίκονομηθέντα
3572 5358 3614 5406 ὲν

2145 5455 2445 5527 ἀνθρώποις
2482 5463 2791 5528 ἀκολούθως
2828 5465 2977 5536 αὐτῷ
3015 5467 3078 5518 ἐκ
3107 5465 3208 5518 τῶν
3245 5463 3387 5517 θείων
3423 5447 3612 5525 πρηρὼξο

2148 5561 2281 5600 σεων
2314 5551 2696 5623 ἀναλεξάμεθα.
