3740 6302
149 434 239 489 653

998 421 1625 483 DEMONSTRATIONlS
1671 408 2110 476 EVANGELICE
2160 406 2287 469 LIB.
2309 414 2402 473 tx.

3161 420 3264 480 681

149 540 330 612 φεγώρ·
350 537 554 609 δαίμων
579 538 636 592 δὲ
654 535 720 610 ἦν
756 534 903 603 οὗτος
931 541 1005 598 ὡς
1029 541 1146 602 θεὸς
1173 540 1318 608 παρὰ
1350 535 1426 606 τῷ
1454 536 1649 605 βασιλεῖ

1746 532 1966 595 cultum,
1987 542 2095 599 quo
2120 525 2173 580 in
2190 524 2411 584 deserto
2436 544 2565 586 usus
2586 537 2806 601 est,quo
2836 541 3070 603 tempore
3097 548 3267 605 popua

143 630 298 686 Μωάσ
344 628 423 699 τῷ
469 629 646 682 Βαλὰκ
697 629 1016 699 τιμώμενος.
1060 630 1206 681 Ἐπεὶ
1245 622 1334 679 οὖν
1362 626 1661 694 νενίκητοό

153 719 347 790 Ἰσραὴλ
401 719 541 772 κατὰ
587 719 744 771 τοῦτο
783 718 874 771 τοῦ
906 715 1093 787 καιροῦ
1130 714 1261 785 πρὸς
1282 714 1385 767 τῶν
1416 714 1654 783 ἀοράτων

138 810 393 881 ἀρχόντων
422 808 515 861 τοῦ
538 807 729 869 Metili,
759 808 895 873 λέγω
917 807 971 859 δὲ
997 806 1102 858 τῶν
1143 805 1291 877 παρὰ
1309 808 1418 867 τοῖς
1448 803 1658 857 Μωαϐί-

139 913 245 958 ταις
263 897 656 965 νενομισμένων
701 894 833 946 θεῶν
855 910 868 924 ·
910 894 1374 964 (είδωλολάτρησαν
1409 892 1534 960 γοῦν
1561 893 1656 946 καὶ⁸

139 986 528 1058 προσεκύνησαν
570 987 680 1047 τοῖς
721 984 1002 1051 γλυπτοῖς,
1045 985 1119 1047 ῶς
1175 1000 1331 1053 φησιν
1360 986 1394 1054 ἡ
1435 984 1650 1054 Γραφή-

144 1096 161 1127 r
187 1078 282 1131 Καὶ
305 1076 656 1144 ὲτελέσθησαν
682 1074 757 1144 τῷ
788 1074 1118 1145 Βεελφεγὼρ,
1148 1094 1166 1126 ι
1205 1074 1405 1144 δαίμων
1425 1074 1479 1126 δὲ
1505 1070 1656 1136 οὗτος

135 1168 230 1220 τῶν
267 1164 568 1219 Μωαϐιτῶν
622 1159 724 1232 ἦν,
758 1163 846 1215 ὅτε
892 1164 983 1215 καὶ
1027 1163 1406 1232 ὲξεπόρνευσαν
1442 1164 1520 1225 είς
1559 1162 1654 1224 τὰς

136 1253 509 1319 Μωαϐίτιδας·)
559 1253 782 1315 εἰκότως
838 1254 897 1305 τὸ
936 1252 1117 1322 μέλλον
1138 1253 1349 1305 ἔσεσθαί
1382 1269 1528 1313 ποτε,
1561 1252 1652 1305 καὶ

136 1343 220 1413 τὴν
246 1345 321 1400 είς
343 1339 653 1392 τούναντίον
686 1339 792 1391 τῶν
820 1339 1147 1409 πραγμάτων
1199 1338 1490 1407 μεταϐολὴν
1517 1336 1656 1390 κατὰ

135 1431 300 1499 καιρὸν
318 1430 346 1480 ό
372 1427 601 1496 Βαλαὰμ
622 1426 888 1489 θεσπίζει,
907 1426 1073 1493 λέγων
1092 1443 1105 1455 ·
1128 1445 1146 1476 ι
1187 1426 1449 1478 ’Δνατελεῖ
1465 1425 1654 1495 ἄστρον

133 1520 181 1584 ἐξ
226 1516 424 1580 Ἰακὼϐ,
459 1518 557 1569 καὶ
610 1517 963 1586 ἀναστήσεται
993 1515 1265 1586 ἄνθρωπος
1306 1513 1364 1577 ἐξ
1410 1513 1648 1583 Ἰσραήλ’

131 1606 213 1657 καὶ
257 1605 472 1675 θραύσει
522 1607 798 1675 ἡγεμόνας
858 1605 1044 1658 Μωάϐ.
1086 1624 1104 1656 ι
1147 1604 1289 1657 Ὠσεὶ
1330 1604 1651 1673 σαφέστερον

132 1693 283 1761 ἔλεγε,
307 1695 429 1756 τοὺς
470 1694 984 1763 μεγαλαυχήσαντας
1011 1693 1143 1745 κατὰ
1175 1693 1264 1745 τοῦ
1309 1692 1515 1763 Ἰσραὴλ
1544 1693 1654 1745 δαί-

134 1802 276 1856 μονας
295 1784 399 1836 τῶν
426 1784 736 1837 Μωαϐιτῶν
759 1784 848 1835 ἐπὶ
875 1786 938 1852 τῇ
971 1783 1174 1849 γενέσει
1203 1780 1293 1833 τοῦ
1330 1797 1653 1851 προρητευοι

134 1872 291 1942 μένου,
332 1868 560 1941 θραῦσίν
617 1886 743 1922 ποτε
789 1869 878 1921 καὶ
904 1867 1101 1919 πτῶσιν
1131 1866 1348 1919 παθεῖν·
1379 1859 1451 1918 ὧν
1487 1864 1651 1934 θραυ-

1682 1836 1721 1890 Β

1753 626 1837 679 lus
1883 623 2120 677 initiatus
2168 626 2252 674 est
2299 620 2642 691 Beelphegor.
2680 620 2805 675 Erat
2857 637 3014 692 porro
3042 624 3127 679 hic
3155 625 3264 679 ἀωο

1754 730 1897 777 mon,
1942 712 2033 782 qui
2068 719 2123 763 ut
2168 710 2301 765 deus
2336 725 2366 763 a
2393 725 2517 780 rege
2556 710 2709 764 Moab
2735 710 2850 778 ipso
2880 712 3033 768 Balac
3052 716 3265 770 colebas

1753 811 1861 858 tur.
1892 802 2147 868 Quoniam
2178 801 2338 870 igitur
2358 800 2529 854 victus
2550 808 2632 854 est
2658 798 2817 855 Israel
2847 802 2936 855 illo
2961 810 3199 874 tempore
3231 819 3264 859 α

1751 892 2085 960 principibus
2129 888 2283 942 Moab
2310 889 2483 943 visum
2513 888 2905 957 etl'ugientibus,
2935 890 3053 945 dico
3084 900 3264 948 autem

1752 980 1818 1033 ab
1865 978 1932 1033 iis
1971 978 2061 1047 qui
2087 977 2227 1045 apud
2256 975 2510 1031 Moabitas
2536 990 2630 1045 pro
2652 976 2754 1030 diis
2779 977 3088 1033 colebantur
3115 981 3267 1049 (sane

1751 1068 1951 1122 ideirco
2006 1077 2058 1123 et
2104 1068 2387 1122 simulacra
2451 1068 2762 1130 coluerunt,
2813 1077 2865 1122 et
2915 1070 3267 1126 adoraverunt

1753 1158 2041 1225 sculptilia,
2062 1166 2118 1209 ιιι
2146 1157 2219 1209 ait
2246 1155 2516 1224 Scriptura
2549 1174 2563 1210 :
2595 1175 2612 1206 ι
2649 1156 2713 1209 Et
2747 1157 2936 1211 initiati
2963 1168 3087 1214 sunt
3114 1160 3266 1216 Beel-

1749 1246 2032 1314 phegnr",
2081 1263 2099 1295 ι
2154 1245 2242 1313 qui
2308 1243 2638 1313 Beelphegor
2689 1244 2893 1300 dzemun
2959 1258 3073 1302 erat
3128 1252 3267 1319 apud

1751 1331 2029 1396 Moabitas,
2062 1347 2167 1400 quo
2198 1339 2436 1400 tempore
2471 1332 2629 1386 iidem
2668 1348 2788 1387 cum
2836 1335 3046 1391 feminis
3078 1336 3269 1393 Moabi-

1752 1430 1921 1475 larum
1957 1421 2198 1475 fornicati
2226 1423 2394 1485 sunt),
2427 1422 2616 1475 merito
2650 1424 2788 1491 quod
2818 1425 2943 1477 olim
2984 1437 3097 1480 erat
3124 1428 3268 1481 futuo

1748 1525 1889 1571 rum,
1921 1517 2096 1564 rerum
2129 1512 2312 1579 utique
2366 1511 2418 1563 in
2465 1512 2790 1564 contrarium
2835 1515 3180 1570 mutationem
3212 1518 3265 1570 in

1748 1604 1985 1667 tempore
2015 1599 2215 1653 divinat
2262 1599 2496 1662 Balaam,
2526 1600 2753 1654 dicens:
2798 1620 2816 1651 ι
2856 1604 3068 1658 Orictur
3113 1608 3266 1661 stella

1749 1702 1811 1741 ex
1839 1688 2023 1750 Jacob,
2049 1696 2099 1741 et
2132 1696 2311 1758 surget
2346 1689 2502 1741 homo
2532 1704 2594 1744 ex
2628 1688 2808 1745 Israel.
2840 1690 2901 1744 Et
2933 1693 3137 1763 franget
3169 1698 3269 1749 du-

1751 1791 1839 1829 ces
1868 1777 2039 1831 Moab.
2063 1796 2081 1827 ι
2103 1776 2376 1846 Tanquam
2409 1778 2451 1831 si
2473 1776 2806 1835 manifestius
2823 1781 3041 1841 diceret.
3068 1783 3267 1838 Moabi-

1749 1873 1918 1919 tarum
1936 1867 2201 1920 daemonas
2218 1867 2307 1935 qui
2320 1881 2459 1919 nunc
2476 1867 2730 1922 adversus
2744 1868 3123 1939 lsraelgloriati
3142 1883 3267 1928 sunt

133 1958 356 2020 σθέντων,
382 1958 511 2019 τοὺς
539 1958 691 2019 υἱοὺς
721 1955 847 2024 Σὴθ,
874 1956 966 2007 καὶ
1002 1954 1193 2023 Ἐδὼμ,
1222 1953 1313 2004 καὶ
1352 1949 1535 2014 Ἠσαῦ,
1559 1950 1650 2004 καὶ

1747 1955 1799 2009 in
1820 1966 1937 2010 ortu
1969 1956 2085 2024 ejus
2112 1956 2176 2010 de
2193 1970 2298 2025 quo
2322 1957 2434 2025 ipse
2451 1956 2790 2019 vaticinatur.
2815 1958 3124 2016 fractionem
3148 1972 3267 2017 tan-

130 2048 188 2100 τὰ
214 2047 365 2100 λοιπὰ
388 2046 543 2116 ἔθνη,
577 2045 615 2099 ἃ
657 2044 743 2097 διὰ
788 2043 985 2096 τούτων
1025 2040 1372 2111 σημαίνεσθαι
1394 2040 1647 2109 ἠγοῦμαι,

130 2137 187 2189 τὰ
210 2136 364 2190 πάλαι
398 2132 910 2201 καταδεδουλωμένα
936 2134 1001 2201 τῇ
1030 2131 1303 2198 δαιμονικῇ
1333 2130 1521 2199 πλάνῃ,
1556 2145 1648 2197 με·

132 2225 399 2277 ταϐαλόντα
450 2224 557 2292 τῆς
602 2221 1045 2290 δεισιδαιμονίας,
1090 2221 1259 2272 οἰκεῖα
1283 2218 1373 2271 τοῦ
1403 2218 1646 2279 θεσπιζο-

135 2312 272 2382 μένου
315 2310 663 2380 γενήσεσθαι.
699 2329 717 2360 ι
768 2310 873 2362 Καὶ
913 2308 1080 2372 ἔσται,
1117 2309 1221 2378 γάρ
1263 2324 1442 2377 φησιν,
1478 2305 1650 2375 Ἐδὼμ

130 2400 450 2471 κληρονομία,
509 2399 606 2451 καὶ
652 2398 799 2450 ἔσται
856 2396 1178 2466 κληρονομία
1213 2396 1376 2448 Ἡσαῦ
1404 2397 1432 2447 ὁ
1464 2394 1649 2464 ἐχθρὸς

129 2490 291 2544 αὑτοῦ.
341 2508 361 2543 ι
411 2491 474 2543 0i
529 2489 639 2560 γὰρ
693 2488 852 2539 πάλαι
899 2487 1077 2557 ἐχθροὶ
1109 2486 1199 2538 τοῦ
1252 2485 1382 2538 Θεοῦ
1425 2487 1516 2539 καὶ
1557 2484 1647 2538 τοῦ

140 2578 364 2648 Ἰσραὴλ,
405 2577 577 2646 φησὶ,
654 2577 967 2645 γενήσονται
1012 2575 1335 2644 κληρονομία
1381 2574 1471 2627 τοῦ
1521 2592 1650 2645 προσ

131 2668 484 2738 φητευομένου.
539 2666 715 2727 Αὐτὸς
741 2665 847 2735 γὰρ
877 2661 943 2735 ἦν
979 2659 1023 2732 ᾧ
1048 2665 1227 2734 εἴρητο
1249 2665 1380 2735 πρὸς
1405 2664 1495 2717 τοῦ
1519 2664 1648 2718 Θεοῦ

130 2756 209 2807 καὶ
230 2756 431 2826 Πατρδς
482 2754 654 2808 αὐτοῦ
676 2770 690 2784 ·
731 2772 750 2803 ι
798 2754 1022 2821 Αίτησαι
1057 2753 1181 2821 παρ’
1202 2752 1354 2821 ἐμοῦ,
1377 2752 1470 2805 καὶ
1498 2752 1648 2819 δώσω

131 2861 198 2899 σοι
224 2845 338 2916 ἔθνη
382 2845 482 2915 τὴν
527 2841 890 2913 κληρονομίαν
912 2857 1021 2895 σου·
1063 2860 1081 2893 ι
1125 2835 1198 2893 ὧν
1220 2843 1296 2904 είς
1340 2842 1429 2894 τὸν
1457 2841 1650 2912 κλῆρον

127 2936 216 2987 τῶν
238 2936 401 3003 ἁγίων
437 2932 846 3004 μεταστάντων,
887 2931 1139 2983 τάναντία
1180 2931 1256 3000 τῷ
1299 2931 1506 3002 Ἰσραὴλ
1532 2932 1647 2984 ἔσε-

129 3023 230 3076 σθαι
254 3023 521 3086 θεσπίζει.
566 3023 704 3093 Φησὶ
742 3021 897 3089 γοῦν⁸
950 3038 967 3070 ι
1003 3022 1106 3074 Καὶ
1155 3020 1364 3090 Ἰσραὴλ
1405 3021 1650 3092 ἐποίησεν

123 3114 172 3165 ἐν
199 3115 350 3183 ίσχύῖ.
390 3133 408 3165 ι
444 3114 525 3165 Τὸ
557 3112 636 3173 δὲ,
668 3110 918 3180 ἐποίησεν
947 3112 1002 3161 ὲν
1034 3110 1173 3179 ἰσχύϊ
1197 3110 1293 3179 τὴν
1319 3110 1526 3164 πάντων
1559 3128 1652 3180 με·

124 3203 290 3273 γίστην
319 3203 579 3255 ἀσέϐειαν
599 3218 611 3233 ο
665 3200 746 3252 διὸ
786 3198 1188 3269 ὲξεγερθήσεται
1218 3199 1309 3250 ἀπ’
1353 3199 1526 3252 αὐτῶν
1556 3201 1646 3252 καὶ

122 3292 544 3363 ὲξαναστήσεται.
602 3290 695 3351 Τίς
746 3285 952 3357 οὗτοςῆ
983 3290 1013 3339 ό
1059 3287 1513 3358 προφητευόμενος
1554 3287 1646 3341 τοῦ

122 3380 237 3434 θεοῦ
266 3384 456 3450 Λόγος,
482 3381 549 3444 ὃς
577 3381 672 3432 καὶ
718 3377 962 3431 ἀπώλεσε
1000 3378 1289 3446 σωζόμενον
1321 3380 1384 3430 ἐκ
1415 3378 1645 3444 πόλεως;

118 3467 248 3539 οἶμαι
291 3473 348 3525 δὲ
409 3473 519 3542 τὴν
561 3468 913 3539 Ἰερουσαλὴμ
941 3466 1279 3528 αἰνίττεσθαι,
1309 3466 1366 3532 ἐξ
1395 3462 1461 3537 ἦς
1487 3466 1648 3519 ὤλετο

120 3562 211 3621 πᾶς
239 3561 568 3631 σωζόμενος,
599 3560 633 3628 ἢ
658 3558 752 3613 καί
782 3557 842 3609 τὸ
885 3558 991 3609 πᾶν
1021 3556 1114 3608 τοῦ
1141 3556 1320 3619 ἔθνους
1346 3555 1519 3609 αὐτῶν
1551 3572 1648 3608 πο-

115 3649 336 3720 λίτευμα.
370 3651 570 3704 Ταῦτα
613 3649 670 3701 δὲ
705 3649 827 3700 ὅποι
864 3646 1046 3708 τέλους
1076 3645 1277 3714 ἔτυχεν,
1306 3644 1435 3714 ὁμοῦ
1462 3649 1525 3715 τῇ
1553 3645 1646 3698 τοῦ

116 3737 339 3810 Σωτῆρος
365 3739 540 3810 ήμῶν
559 3739 639 3799 εἰς
664 3734 975 3807 ἀνθρώπους
1005 3735 1380 3805 ὲκλάμψειτῶν
1401 3735 1497 3804 μὲν
1523 3738 1646 3805 πρὶν

109 3826 494 3899 ιίδωιολατρῶν
520 3824 692 3878 ἐθνῶν
712 3826 794 3887 είς
819 3824 907 3877 τὸν
938 3822 1114 3878 αὐτῶν
1140 3824 1505 3893 μεταστάντων
1516 3825 1645 3894 κλῆ-

114 3931 210 3985 ρον,
233 3918 325 3971 τοῦ
354 3918 415 3971 δὲ
482 3914 759 3968 Ἰουδαίων
808 3912 985 3977 ἔθνους
1017 3915 1109 3967 καὶ¹
1146 3913 1243 3983 τῆς
1279 3914 1646 3983 μητροπόλεως

106 4006 264 4061 αὐτῶν
316 4006 679 4061 πεπονθότων
731 4006 885 4057 ὁποῖα
940 4000 1292 4064 οὐδεπώποτε,
1323 4002 1383 4055 οὺ
1427 4003 1642 4073 μακρῶν

106 4091 201 4146 δεῖν
223 4092 376 4165 οἶμαι
404 4095 608 4163 λόγων.
658 4090 816 4144 Ἀλλὰ
842 4089 909 4144 τὰ
939 4090 1035 4160 μὲν
1060 4091 1156 4157 τῆς
1197 4089 1522 4160 συμφωνίας,
1549 4092 1645 4161 τῆς

103 4196 158 4235 τε
204 4185 556 4256 πῳφητικῆς
610 4182 977 4252 προρρήσεως,
1022 4179 1116 4232 καὶ
1158 4179 1254 4248 τῆς
1295 4178 1644 4250 εὐαγγελικῆς

104 4276 548 4346 συμπεράνσεως,
612 4266 716 4324 ὧδέ
763 4285 876 4331 πως
932 4268 1099 4337 ἐχέτω
1128 4267 1295 4331 τέλος.
1331 4268 1395 4321 Τί
1422 4268 1465 4321 δ’
1492 4264 1558 4339 ἦν
1583 4269 1644 4322 τὸ

98 4360 254 4418 sirm
295 4364 402 4435 τῆς
438 4361 798 4432 ὲπιλάμψεως
836 4358 926 4413 τοῦ
954 4358 1205 4427 φανέντος
1229 4358 1469 4429 ἀστέρος,
1519 4376 1642 4413 συν-

1675 3147 1716 3204 C

1746 2043 1863 2098 dem
1910 2056 1961 2098 et
2001 2046 2205 2098 ruinam
2251 2061 2501 2113 passuros
2549 2064 2563 2100 :
2625 2048 2821 2115 quibus
2866 2048 3068 2115 fractis,
3127 2053 3264 2108 ﬁlios

1744 2132 1903 2202 419
1932 2133 2079 2196 Seth,
2106 2142 2158 2188 et
2196 2133 2380 2197 Edom,
2411 2134 2657 2200 etlEsau,
2687 2144 2739 2189 et
2787 2140 3019 2207 reliquas
3057 2150 3263 2209 gentes,

1746 2239 1879 2290 quas
1928 2223 2009 2277 his
2054 2223 2357 2278 nominibus
2399 2225 2685 2292 signiﬁcari
2732 2227 2995 2291 arbitror,
3041 2237 3099 2281 ut
3135 2230 3263 2285 olim

1749 2311 2039 2365 daemonica
2065 2314 2232 2366 errori
2277 2313 2500 2366 addicta:
2528 2322 2700 2379 erant,
2733 2318 2811 2371 sic
2850 2319 3044 2387 rejecta
3073 2334 3263 2389 super-

1748 2401 1981 2464 stitione,
2017 2401 2300 2458 familiares
2329 2403 2469 2458 illius
2501 2404 2729 2468 futuras,
2768 2409 2857 2475 qui
2892 2417 3148 2465 venturus
3170 2427 3264 2464 ca-

1746 2491 1908 2544 nitur.
1949 2509 1967 2541 ι
2004 2490 2069 2544 Et
2116 2493 2235 2555 erit,
2286 2492 2477 2562 inquit,
2518 2493 2679 2549 Edam
2722 2496 3035 2563 luereditas,
3074 2509 3126 2555 et
3162 2503 3266 2557 erit

1747 2578 2026 2633 luereditas
2070 2578 2209 2633 Esau
2256 2582 2504 2636 inimicus
2551 2585 2688 2651 ejus;
2729 2603 2747 2635 ι
2788 2592 3011 2651 veteres,
3065 2590 3259 2659 inquit,

1746 2666 1926 2720 hostes
1959 2664 2052 2719 Dei
2094 2675 2250 2734 atque
2299 2668 2458 2721 Israel
2489 2677 2645 2723 erunt
2683 2670 2966 2729 hmrcdilas
3002 2673 3140 2743 ejus,
3169 2679 3261 2745 qui

1745 2759 1954 2811 canitur
1979 2758 2209 2823 futurus;
2240 2759 2352 2826 ipse
2376 2759 2514 2813 enim
2543 2770 2625 2814 est
2648 2762 2733 2815 cui
2762 2762 2961 2816 dictum
2981 2773 3066 2819 est
3098 2780 3127 2819 a
3158 2766 3266 2823 Deo

1746 2854 1798 2900 et
1826 2846 1980 2900 Patre
2015 2862 2113 2900 suo
2144 2866 2156 2900 :
2194 2865 2211 2896 ι
2247 2846 2461 2902 Postnla
2491 2862 2522 2901 a
2554 2865 2656 2915 me,
2689 2860 2740 2904 ct
2768 2851 2906 2906 dabo
2950 2854 3045 2908 tibi
3080 2865 3264 2924 gentes

1746 2936 2101 2991 haereditatem
2132 2938 2358 2991 tuam".
2402 2958 2421 2990 ι
2450 2938 2578 3003 Qua:
2599 2954 2719 2993 eum
2744 2941 2797 2994 in
2820 2951 3014 2997 sortem
3048 2955 3265 3000 saneto-

1746 3041 1862 3081 rum
1897 3026 2221 3088 transierint,
2256 3029 2519 3082 contraria
2560 3028 2660 3098 ipsi
2694 3029 2852 3086 Israel
2887 3031 2999 3087 fore
3038 3034 3262 3094 divinat.

1747 3117 1834 3168 Ait
1864 3116 2025 3183 igitur
2050 3132 2064 3169 :
2103 3134 2120 3165 ι
2158 3114 2225 3168 Et
2251 3116 2412 3169 Israel
2442 3115 2564 3170 fecit
2584 3117 2637 3170 in
2661 3119 2870 3183 robore,
2900 3138 2918 3170 ι
2946 3121 3263 3178 fecitautem

1748 3204 1802 3257 in
1849 3205 2036 3257 robore
2081 3205 2317 3259 omnium
2365 3207 2653 3260 maximum
2701 3209 2906 3275 scelus;
2944 3222 3270 3282 quapropter

1766 3294 2084 3347 excitabitur
2141 3304 2195 3349 et
2239 3303 2504 3364 exsurget.
2570 3295 2701 3361 Quis
2769 3300 2980 3353 tandem
3023 3301 3125 3356 iste
3159 3302 3267 3358 nisi

1749 3382 1796 3435 is
1822 3382 1910 3450 qui
1936 3397 1966 3435 a
1997 3383 2266 3451 prophetis
2318 3384 2527 3438 canitur
2581 3383 2673 3440 Dei
2711 3384 2962 3448 Verbum,
2988 3390 3077 3457 qui
3104 3393 3264 3446 etiam

1748 3471 1973 3539 perdidit
1999 3486 2117 3524 eum
2150 3473 2239 3540 qui
2267 3481 2509 3527 servatur
2538 3488 2602 3527 ex
2633 3474 2882 3529 civitate?
2914 3475 3119 3541 Quibus
3146 3495 3265 3534 ver-

1748 3557 1830 3614 bis
1882 3558 2047 3627 ipsam
2106 3557 2397 3613 Jerusalem
2443 3560 2736 3630 significari
2786 3563 3032 3625 arbitror.
3065 3579 3131 3618 ex
3156 3584 3261 3636 qua

1746 3644 1898 3713 periit
1912 3644 2083 3699 omnis
2109 3646 2409 3715 quicunque
2436 3656 2706 3715 superstes
2732 3650 2925 3705 mansit
2955 3659 3081 3704 :aut
3105 3654 3262 3707 etiam

1746 3746 1901 3785 omne
1943 3731 2060 3797 ejus
2113 3733 2285 3801 gentis
2342 3733 2493 3789 civile
2551 3734 2872 3791 institutum.
2919 3735 3041 3792 llazc
3086 3749 3262 3794 autem

1746 3834 2024 3889 quemnam
2056 3821 2253 3875 exitum
2284 3822 2471 3875 sortita
2496 3822 2625 3885 sint,
2656 3839 2777 3878 cum
2809 3833 2993 3894 gentes
3018 3828 3167 3897 prius
3189 3831 3268 3886 si-

1745 3910 1982 3963 mulacra
2010 3910 2243 3965 colentes
2278 3925 2385 3964 una
2421 3925 2543 3965 cum
2592 3912 2885 3971 Salvatoris
2925 3926 3095 3972 nostri
3127 3920 3267 3975 inter

1746 4000 1987 4055 homines
2014 4008 2223 4062 exortu,
2255 4001 2309 4054 in
2348 4002 2558 4056 illorum
2590 4011 2788 4059 sortem
2820 4009 3095 4062 translata:
3130 4011 3267 4074 sint,

1741 4087 1963 4144 Judaiea
1991 4103 2116 4144 vero
2148 4105 2296 4160 gens,
2325 4100 2378 4145 et
2418 4090 2720 4146 Iudaeorum
2764 4104 2933 4150 mater
2972 4096 3160 4152 civitas
3198 4114 3263 4153 ea

1742 4193 2006 4250 perpessae
2042 4179 2149 4234 sint
2192 4180 2310 4249 quae
2345 4195 2617 4249 nunquam
2662 4190 2838 4251 antea,
2885 4201 2990 4241 non
3038 4188 3266 4257 longiori

1744 4269 1973 4323 arbitror
2021 4270 2259 4324 oratione
2295 4270 2531 4341 indigere
2575 4278 2635 4325 ut
2661 4275 2898 4342 apertius
2928 4277 3265 4334 ostendatur.

1742 4359 1987 4412 Attamen
2013 4373 2131 4427 qua:
2162 4358 2226 4413 ad
2258 4373 2576 4415 consensum
2607 4363 2871 4430 pertinent
2894 4371 3005 4417 tum
3030 4367 3263 4436 prophe-

101 4452 217 4506 ιὸεῖν
233 4455 404 4519 ἄξιον.
423 4458 529 4517 Εἰς
563 4451 769 4523 σημεῖά
798 4466 957 4521 φησιν
976 4451 1005 4503 ὁ
1026 4450 1277 4519 Μωῦσῆς,
1306 4452 1399 4504 καὶ
1428 4452 1509 4513 είς
1526 4467 1647 4504 καισ

1746 4447 1859 4502 ticae
1880 4449 2253 4517 praedictionis,
2277 4458 2389 4505 tum
2423 4456 2737 4524 evangelica:
2764 4460 3261 4523 consummationis,

97 4543 215 4611 ροὺς
236 4544 518 4598 τεθεῖσθαι
563 4543 688 4604 τοὺς
741 4541 946 4601 πάντας
973 4540 1031 4591 ἐν
1065 4537 1142 4607 τῷ
1184 4538 1509 4610 στερεώματι
1537 4540 1639 4593 ὑπὸ

93 4626 179 4683 τοῦ
198 4632 334 4686 Θεοῦ
362 4633 640 4702 ἀστέρας·
675 4629 820 4693 ξένος
844 4627 899 4680 δὲ
925 4624 1016 4680 οὖν
1046 4628 1136 4680 καὶ
1158 4627 1218 4680 οὐ
1250 4627 1495 4699 συνήθης,
1523 4629 1639 4682 οὐδὲ

94 4718 194 4771 τῶν
230 4722 451 4775 πολλῶν
489 4722 587 4773 καὶ
622 4718 910 4789 γνωρίμων
939 4712 1038 4780 εἷς,
1069 4715 1202 4770 ἀλλά
1229 4733 1310 4779 τις
1344 4717 1522 4780 καινὸς
1551 4718 1641 4770 καὶ

92 4808 199 4871 νέος
222 4811 408 4882 ἀστὴρ
445 4809 735 4876 ἐπιφανεὶς
766 4805 844 4875 τῷ
878 4806 994 4877 βίῳ,
1019 4807 1234 4874 σημεῖον
1261 4803 1404 4870 ξένου
1430 4806 1639 4875 φωστῆ-

97 4910 177 4964 ρος
199 4898 394 4967 ἐδήλου
443 4896 899 4966 καταλάμψαντος
933 4892 1008 4962 τῷ
1044 4894 1200 4946 παντὶ
1258 4894 1459 4964 κόσμῳ,
1492 4896 1549 4959 ὃς
1572 4891 1639 4966 ἦν

90 4986 118 5036 ό
143 4988 378 5058 Χριστὸς
434 4988 541 5042 τοῦ
575 4986 732 5046 Θεοῦ,
779 4984 949 5054 μέγας
977 4982 1069 5036 καὶ
1101 4982 1217 5044 νέος
1243 4984 1432 5053 ἀστὴρ,
1459 4978 1518 5037 οῦ
1542 4984 1639 5055 τὴν

93 5076 266 5130 εἰκόνα
303 5076 658 5146 συμϐολικῶς
700 5076 730 5128 ό
768 5073 953 5142 φανεὶς
986 5070 1104 5123 τότε
1143 5074 1249 5133 τοῖς
1309 5073 1498 5141 μάγοις
1540 5077 1638 5127 ὲπ-

93 5164 324 5235 εςέρετο.
372 5166 601 5235 Ἐπειδὴ
620 5163 732 5234 γὰρ
760 5160 883 5215 καθ’
921 5160 1049 5229 ὅλης
1088 5160 1183 5229 τῆς
1229 5161 1375 5229 ἱερᾶς
1402 5162 1493 5214 καὶ
1524 5162 1636 5217 θεο-

94 5254 346 5309 πνεύστου
372 5255 605 5326 tenvit»:
639 5258 671 5308 ὁ
708 5249 1105 5323 προηγούμενος
1132 5249 1229 5316 τῆς
1257 5249 1485 5315 διανοίας
1516 5270 1633 5307 σκ⁰⁶

97 5341 184 5404 ὼς
216 5344 606 5415 μυστικώτερα
645 5344 739 5396 καὶ
770 5340 893 5393 θεῖα
925 5336 1163 5406 βούλεται
1196 5337 1476 5403 παιδεύειν,
1503 5342 1638 5411 μετὰ

95 5429 177 5480 τοῦ
220 5431 315 5485 καὶ
364 5434 476 5502 τὴν
530 5432 817 5502 πρόχειρον
861 5425 1094 5478 διάνοιαν
1117 5422 1374 5486 σώζεσθαι
1390 5428 1447 5479 ὲν
1486 5431 1633 5501 μέρει

1739 4537 1898 4590 talem
1938 4552 2066 4593 sane
2098 4538 2565 4597 habeantexitum.
2598 4543 2860 4599 Caeterum
2901 4562 3020 4615 quae
3049 4547 3260 4601 tandem

1740 4639 1903 4680 causa
1930 4627 2134 4681 exstitit
2157 4639 2374 4697 prepter
2395 4647 2554 4699 quam
2577 4633 2727 4687 stella
2753 4650 2871 4704 qua:
2892 4643 3002 4689 tum
3023 4637 3137 4691 visa
3156 4646 3257 4698 est,

1742 4714 1995 4778 illuxerit,
2024 4730 2141 4783 qua:
2171 4717 2382 4785 quidem
2406 4735 2565 4776 causa
2599 4725 2955 4791 contemplatu
2986 4724 3144 4792 digna
3166 4724 3261 4779 siti

1741 4802 1915 4861 Moses
1935 4804 2147 4872 quidem
2168 4809 2222 4860 in
2250 4810 2399 4879 signa
2423 4812 2495 4865 ait
2516 4821 2569 4866 et
2591 4821 2827 4881 tempora
2845 4814 2899 4868 in
2926 4813 3261 4870 ﬁrmamento

1743 4908 1774 4947 a
1806 4892 1911 4947 Deo
1936 4894 2107 4962 posita
2135 4894 2299 4951 fuisse
2333 4900 2506 4953 sidera
2528 4900 2809 4966 universa;
2844 4912 2898 4956 at
2920 4918 3046 4957 vero
3077 4903 3178 4959 hoc
3203 4914 3260 4960 et

1739 4984 2072 5054 peregrinum
2121 4991 2176 5037 et
2203 4986 2499 5048 insolitum,
2528 5004 2701 5057 neque
2725 4989 2862 5044 idem
2898 5006 2962 5045 ex
2996 4994 3175 5048 multis
3204 5002 3261 5049 et

1738 5072 1966 5142 cognitis
1995 5086 2181 5133 unum,
2218 5075 2310 5129 sed
2342 5091 2535 5129 novum
2584 5078 2762 5145 potius
2796 5080 3059 5147 quoddam
3088 5097 3261 5151 neque

1738 5168 1893 5217 antea
1916 5161 2086 5215 visum
2116 5162 2289 5224 sidus,
2317 5163 2457 5233 quod
2486 5165 2606 5217 vitae
2638 5163 2912 5220 hominum
2953 5169 3146 5229 illuxit,
3171 5185 3258 5225 re-

1737 5252 1907 5307 centis
1948 5252 2224 5320 cujusdam
2263 5255 2543 5309 luminaris
2588 5254 2831 5323 signum,
2862 5260 3002 5326 quod
3046 5261 3258 5314 univer-

1738 5354 1855 5393 sum
1893 5339 2147 5393 mundum
2179 5340 2489 5402 illustraret,
2531 5339 2840 5394 indicabat:
2870 5342 3012 5410 quod
3042 5340 3258 5411 quidem

1737 5430 1999 5485 luminare
2038 5429 2285 5486 Christus
2321 5430 2415 5486 Dei
2469 5439 2609 5492 erat,
2639 5430 2830 5499 ingens
2872 5431 3000 5485 illud
3033 5446 3262 5486 novum-

101 5517 372 5590 ἱστορικῶς
401 5518 835 5589 πεπραγμένων,
878 5515 1092 5574 εἰκότως
1121 5513 1212 5564 καὶ
1237 5515 1268 5581 ή
1295 5515 1423 5581 μετὰ
1450 5521 1631 5588 χεῖρας

1746 5535 1836 5589 que
1862 5520 2031 5583 sidus,
2076 5520 2233 5590 cujus
2258 5521 2544 5591 imaginem
2572 5534 2636 5574 ex
2667 5522 3063 5589 comparatione
3089 5532 3154 5573 ac
3182 5518 3266 5574 si-

164 5692 201 5723 “
235 5692 383 5748 P331,
415 5708 517 5755 εν,
550 5693 639 5746 38.
722 5691 766 5719 "
808 5686 956 5740 Psal.
990 5701 1059 5748 tt,
1088 5685 1139 5739 8.
