3740 6320
471 424 572 481 655

1085 409 1345 468 EUSEBII
1383 401 1852 464 CESABIENSIS
1891 399 2040 455 OPP.
2084 396 2285 453 PARS.
2325 394 2484 452 ll.—
2514 392 2997 449 APOLOGETICA.
3505 390 3584 448 δῖε

470 534 767 594 militudine
792 529 1043 600 quadam,
1065 527 1192 580 illud
1212 526 1355 596 quod
1385 533 1512 577 tunc
1535 519 1704 589 magis
1729 514 1998 585 apparuit,

2127 511 2410 600 πρόρρησις
2434 506 2727 579 ἐπληροῦτο
2760 505 2894 576 πρὸς
2911 501 3054 568 λέξιν
3084 500 3175 552 ἐπὶ
3199 502 3259 570 τῇ
3283 498 3367 552 τοῦ
3397 517 3588 570 προανα.

388 670 402 684 ..
471 625 748 683 referebat.
788 619 920 674 Cum
971 616 1111 672 enim
1153 630 1247 684 per
1298 622 1464 668 totam
1508 612 1907 665 sacrosanctam
1951 610 2006 656 et

472 733 500 770 a
521 715 699 770 divino
737 710 940 780 Spiritu
965 706 1216 760 traditam
1248 703 1607 772 Scripturam,
1644 699 1689 752 si
1733 696 1855 764 quis
1887 705 2009 746 eam

473 805 536 859 ad
565 815 779 857 sensum
813 798 1208 864 interpretetur,
1252 792 1482 862 primum
1528 789 1597 842 sit
1643 782 2003 855 propositum,

473 899 531 944 ut
559 888 779 959 mystica
806 882 1047 953 quaedam
1089 880 1376 947 divinaque
1419 876 1630 937 doceat,
1681 876 1895 926 servato
1924 874 2009 918 ta~

472 996 594 1036 men
620 979 807 1033 saltem
829 976 887 1027 in
913 979 1065 1043 parte
1093 972 1254 1045 etiam
1284 966 1490 1036 vulgari
1512 971 1801 1034 apertoque
1849 972 2012 1013 sensu

473 1084 658 1125 eorum
687 1081 806 1136 qua:
846 1062 1101 1117 historice
1132 1066 1280 1129 gesta
1312 1064 1439 1112 sunt
1466 1073 1478 1108 :
1508 1053 1703 1107 merito
1742 1050 1845 1103 hoc
1877 1061 2015 1116 quo-

474 1176 578 1231 que
601 1158 740 1228 quod
771 1171 913 1210 nunc
948 1160 1207 1206 tractatur
1239 1147 1535 1210 oraculum,
1568 1147 1624 1197 in
1649 1142 1766 1210 ejus
1796 1138 2009 1200 sideris,

448 1230 752 1320 prophetia
790 1244 933 1314 quod
968 1244 1021 1295 in
1051 1253 1170 1295 ortu
1210 1236 1503 1292 Salvatoris
1535 1232 1704 1287 nostri
1748 1230 2013 1282 oriturum

479 1335 922 1396 denuntiabatur,
969 1331 1128 1385 etiam
1173 1328 1238 1381 ad
1278 1326 1495 1379 verbum
1541 1321 1859 1390 completum
1908 1322 2010 1369 est.

477 1428 636 1500 520
663 1424 938 1478 Exsistunt
983 1419 1199 1490 quidem
1246 1416 1366 1468 aliis
1411 1425 1623 1482 quoque
1672 1405 1923 1478 gloriosis
1960 1411 2015 1457 et

469 1517 778 1574 illustribus
806 1514 934 1568 viris
962 1510 1297 1564 insolitarum
1328 1504 1599 1558 stellarum
1632 1499 1800 1568 ignes,
1835 1501 1893 1548 ut
1923 1507 2017 1546 ea—

478 1626 597 1665 rum
629 1622 746 1677 quae
789 1620 820 1660 a
848 1601 1169 1673 quibusdam
1203 1597 1410 1652 crinitae
1431 1598 1711 1653 vocantur,
1744 1590 1868 1641 item
1897 1599 2018 1654 quze

483 1673 667 1756 trabis,
710 1702 800 1749 aut
833 1707 951 1762 qua:
976 1690 1152 1744 barbae
1190 1683 1589 1741 similitudinem
1624 1678 1879 1738 ferentes,
1912 1673 2019 1727 uti-

2108 598 2441 670 φωνηθέντος
2494 597 2715 666 ἀστέρος
2757 596 2849 649 ἐπὶ
2894 596 2961 664 τῇ
3011 590 3212 659 γενέσει
3253 588 3340 643 τοῦ
3386 591 3590 661 Σωτῆρος

2107 690 2260 762 ἡμῶν
2298 686 2622 760 προφητείᾳ.
2672 682 2946 751 Γίγνονται
2991 681 3087 752 μὲν
3112 676 3201 733 οὖν
3221 680 3308 732 καὶ
3336 680 3413 747 ἐφ’
3436 681 3593 751 ἐτέρων

2107 779 2356 844 ἐπιδόξων
2392 777 2485 831 καὶ
2534 772 2805 842 ἐπιφανῶν
2836 770 3038 840 ἀνδρῶν
3076 768 3367 836 ξενιζόντων
3400 769 3598 840 ἀστέρων

2108 868 2419 939 ἐκλάμψεις,
2447 860 2556 919 οἷον
2579 862 2686 915 τῶν
2701 857 3044 927 καλουμένων
3072 846 3216 928 παρά
3244 873 3346 909 τισι
3373 857 3597 926 κομητῶν,

2109 962 2143 1030 ἢ
2201 958 2437 1020 δοκίδων,
2490 954 2524 1025 ἢ
2575 947 2894 1021 πωγωνιῶν,
2938 935 2991 1016 ἠ’
3020 961 3176 998 τινων
3209 946 3396 1017 ἐτέρων
3437 946 3600 1011 τούτοις

2113 1045 2520 1118 παραπλησίων,
2570 1040 2664 1094 ἐπὶ
2728 1036 2983 1109 μεγάλοις
3041 1035 3341 1103 πράγμασιν
3395 1035 3448 1098 ἐξ
3488 1035 3602 1098 εθους

2113 1135 2569 1206 ἀναφαινομὲνων.
2638 1129 2795 1183 Ἀλλά
2843 1128 2897 1180 τί
2926 1126 3038 1197 γὰρ
3069 1127 3302 1195 κρεῖττον
3322 1125 3353 1196 ἢ
3377 1125 3528 1195 μεῖζον
3550 1124 3602 1193 τῷ

2114 1224 2273 1276 παντὶ
2305 1222 2488 1291 κόσμῳ
2530 1218 2724 1287 γένοιτ’
2753 1217 2820 1270 ἄν
2865 1231 2997 1266 ποτε
3022 1212 3054 1282 ἢ
3076 1213 3134 1264 τὸ
3156 1212 3240 1265 διὰ
3271 1214 3509 1284 σωτηρίου
3529 1216 3605 1265 ἐπι.

2116 1313 2334 1383 φανείας
2353 1313 2512 1364 πᾶσιν
2540 1306 2788 1378 ὑπάρξαν
2820 1303 3136 1376 ἀνθρώποις
3157 1300 3331 1373 νοερὸν
3364 1304 3481 1370 φῶς,
3498 1304 3606 1356 εὐτε.

2117 1403 2263 1465 ϐείας
2316 1401 2409 1455 καὶ
2454 1397 2779 1467 θεογνωσίας
2831 1393 3067 1465 ἀληθοῦς
3097 1391 3384 1462 κατάληψιν
3423 1390 3606 1458 λογικοῖς

2114 1491 2307 1560 ψυχαῖς
2332 1487 2677 1559 νομιζόμενον
2701 1500 2714 1548 ;
2757 1474 2819 1536 οὗ
2858 1483 2925 1551 δὴ
2955 1483 3116 1552 χάριν
3143 1480 3202 1533 τὸ
3228 1480 3359 1550 μέγα
3387 1481 3607 1547 σημεῖονό

2119 1580 2393 1651 προφανὴς
2432 1576 2615 1647 ἐδήλου
2677 1574 2875 1645 ἀστὴρ,
2924 1573 3097 1642 μεγαν
3147 1572 3239 1624 καὶ
3276 1569 3385 1623 νέον
3412 1567 3609 1637 φωστῆρα

2118 1670 2491 1740 ἐπιλάμψαντα
2516 1666 2591 1736 τῷ
2621 1666 2785 1718 παντὶ
2836 1663 3032 1731 κόσμῳ
3067 1660 3158 1713 τὸν
3179 1658 3397 1731 Χριστὸν
3414 1657 3493 1710 τοῦ
3518 1655 3608 1708 θεοῦ

476 1805 585 1861 que
616 1789 773 1841 etiam
805 1779 1158 1853 quarumdam
1197 1776 1426 1829 aliarum
1466 1772 1550 1827 his
1590 1768 1865 1829 similium,
1901 1777 2020 1832 quae

2127 1764 2281 1815 πᾶσιν
2336 1758 2716 1827 αἰνιττόμενος.
2761 1752 2926 1806 Κατὰ
2988 1752 3049 1805 τὸ
3079 1750 3209 1804 αὐτὸ
3237 1750 3344 1818 δὲὴ
3377 1747 3611 1816 προφητεία

2127 1851 2148 1861 ..
2188 1849 2210 1861 ,ι
2445 1848 2456 1861 .
2540 1843 2565 1853 ~
2652 1843 2689 1861 Α
2750 1841 2949 1861 ›.--ι,..
2999 1837 3235 1861 n--_u-_.
3273 1838 3332 1861 en
3367 1830 3432 1861 Τ...
3466 1850 3607 1861 ....-....

480 1830 585 1861 ιιι-ν
618 1830 773 1841 νου-η·
808 1830 1053 1853 νι--ν-ηυ
1080 1830 1101 1831 η
1919 1830 1933 1832 _

480 1878 687 1949 magnis
728 1869 1132 1927 imminentibus
1177 1865 1340 1920 rebus
1379 1863 1551 1916 solent
1597 1858 1876 1913 exsistere.
1936 1852 2005 1905 At

2127 1849 2396 1919 ἄνθρωπον
2436 1843 2568 1915 ὁμοῦ
2603 1843 2697 1896 καὶ
2742 1841 2952 1911 ἀστέρα
2999 1837 3241 1902 θεσπίζει
3270 1838 3332 1889 δι’
3364 1830 3432 1888 ὧν
3465 1850 3607 1905 φησιν·

484 1938 630 2023 enim
660 1962 785 2034 quid
825 1960 1035 2015 tandem
1083 1966 1174 2010 aut
1192 1950 1538 2008 excellentius
1577 1954 1667 2000 aut
1710 1943 1882 2011 majus
1920 1938 2019 1992 toti

482 2056 682 2112 mundo
713 2064 947 2121 unquam
990 2044 1293 2114 contigerit,
1343 2055 1501 2110 quam
1530 2037 1670 2107 quod
1704 2050 1798 2103 per
1827 2032 2022 2086 saluta-

483 2162 597 2202 rem
631 2120 913 2198 adventum
946 2136 1195 2191 omnibus
1239 2131 1413 2185 illuxit
1456 2126 1774 2181 mortalibus
1827 2120 2023 2175 intelli-

486 2235 674 2305 gentiae
702 2232 902 2294 lumen,
933 2224 1076 2296 quod
1113 2231 1167 2277 et
1209 2219 1423 2289 pietatis
1457 2224 1509 2271 et
1550 2230 1686 2268 verae
1734 2208 2022 2280 agnitionis

484 2299 578 2379 Elei
606 2320 997 2393 perceptionem
1030 2312 1221 2368 animis
1260 2307 1610 2361 rationalibus
1634 2302 1838 2362 attulit,
1862 2299 2022 2367 cujus

466 2411 678 2482 -;gratia,
702 2409 890 2477 ingens
920 2404 1132 2473 signum
1163 2399 1236 2461 id,
1269 2397 1334 2451 de
1362 2410 1470 2466 quo
1503 2398 1656 2446 antea
1688 2390 1889 2443 dictum
1917 2392 2021 2447 est,

476 2500 757 2554 indicabat
797 2495 969 2556 sidus,
1014 2492 1139 2546 dum
1187 2491 1374 2557 ingens
1426 2493 1477 2539 et
1515 2495 1710 2536 novum
1760 2477 2025 2530 luminare

489 2588 632 2658 quod
663 2595 834 2640 totum
873 2579 1163 2635 illustravit
1208 2576 1485 2635 mundum,
1524 2569 1797 2625 Christum
1842 2564 2025 2632 utique

488 2655 582 2732 ﬁci
603 2675 851 2731 omnibus
873 2668 1159 2740 signiﬁcat?
1187 2665 1386 2719 Eodem
1421 2675 1544 2715 vero
1579 2660 1696 2711 loco
1724 2655 2022 2724 prophetia,

488 2774 541 2821 et
569 2763 835 2818 hominem
871 2768 925 2813 et
973 2758 1122 2813 sidus
1149 2754 1386 2807 futurum
1432 2749 1655 2810 divinat,
1687 2744 1772 2797 his
1794 2742 1974 2796 verbis
2007 2760 2022 2795 :

496 2868 515 2901 ι
560 2848 844 2902 Exorietur
878 2845 1032 2898 stella
1058 2857 1125 2896 ex
1157 2839 1344 2903 Jacob,
1369 2846 1422 2891 et
1452 2840 1635 2903 surget
1669 2832 1829 2885 homo
1853 2845 1918 2884 ex
1948 2829 2027 2883 ls-

490 2942 623 3008 rael,
654 2960 673 2993 ›
707 2946 889 3008 utpote
924 2950 1043 3006 quae
1072 2940 1124 2988 et
1165 2931 1385 2986 caeleste
1419 2925 1684 2979 luminare
1704 2921 1872 2977 Deum
1893 2918 2025 2974 Ver.

494 3036 619 3088 hum
643 3046 760 3087 esse
790 3027 1072 3099 signiﬁcet,
1097 3032 1149 3077 et
1181 3030 1358 3075 tamen
1378 3016 1622 3073 eumdem
1650 3012 1920 3067 hominem
1942 3025 2031 3081 ap-

2124 1958 2143 1990 ι
2178 1936 2441 1991 Ἀνατελεῖ
2460 1937 2653 2005 ἄστρον
2670 1932 2731 1996 ἐξ
2756 1930 2979 1995 Ἰακὼϐ,
2996 1931 3091 1984 καὶ⁸
3112 1930 3453 1998 ἀναστήσεται
3470 1927 3613 1996 ἂνθρω-

2119 2047 2217 2092 πος
2258 2028 2316 2094 ἐξ
2367 2025 2612 2097 Ἰσραήλ·
2654 2043 2673 2074 ι
2721 2023 2817 2074 τὸν
2869 2022 2970 2092 μὲν
3024 2019 3269 2090 οὐράνιον
3298 2017 3525 2088 φωστῆρα
3553 2017 3613 2067 τὸν

2120 2120 2247 2171 Θεὸν
2309 2117 2476 2184 Λόγον
2535 2111 2699 2178 εἶναι,
2745 2113 2840 2165 τὸν
2887 2111 3053 2164 αὑτὸν
3082 2110 3139 2162 δέ
3180 2109 3444 2180 ἄνθρωπον
3477 2107 3615 2177 όνομά⁶

2121 2211 2303 2275 ζουσα.
2340 2207 2617 2278 Διαφόρως
2651 2206 2709 2258 δέ
2758 2204 2922 2258 αὐτὸν
2965 2203 3061 2255 καὶ
3105 2204 3161 2254 ἐν
3204 2202 3397 2272 ἑτέροις
3421 2198 3614 2267 ἀνατολὴν

2119 2300 2273 2372 ὁμοῦ,
2303 2300 2395 2352 καὶ
2426 2298 2559 2367 φῶς,
2604 2297 2698 2349 καί
2730 2294 2882 2364 ἥλιον
2935 2291 3278 2361 δικαιοσύνης
3304 2288 3545 2349 ἀποκαλεῖ,
3568 2288 3615 2348 ὡς

2120 2393 2176 2443 ἐν
2204 2393 2315 2453 τοῖς
2337 2387 2570 2460 πρώτοις
2605 2383 2993 2453 ἀπεδείξαμεν.
3042 2379 3180 2434 Εἶτα
3214 2381 3272 2433 τὸ
3303 2382 3395 2450 μὲν
3418 2379 3616 2446 θειότερον

2122 2478 2302 2543 αὑτοῦ,
2334 2478 2428 2531 ἅτε
2466 2474 2697 2545 φωτίζον
2743 2472 2931 2527 πάντα
2975 2471 3261 2542 ἄνθρωπον
3300 2470 3547 2541 ἐρχόμενον
3568 2470 3618 2527 εἰς

2121 2570 2208 2622 τὸν
2237 2568 2458 2636 κόσμον,
2492 2564 2570 2634 τῷ
2591 2565 2690 2634 τῆς
2718 2562 2988 2631 ἀνατολῆς
3010 2562 3312 2630 ἐπεφήμισε
3343 2560 3618 2628 προσρήματι

2124 2660 2324 2728 φήσας·
2356 2675 2375 2707 ι
2426 2653 2701 2707 Ἀνατελεῖ
2744 2654 2946 2725 ἄστρον
2996 2650 3056 2714 ἐξ
3098 2649 3318 2703 Ἰακώϐο
3354 2666 3371 2698 ι
3400 2647 3476 2700 τὸν
3496 2646 3539 2697 δὲ
3560 2644 3619 2696 ἂν·

2123 2745 2335 2815 θρωπον
2389 2743 2478 2796 διά
2525 2743 2588 2795 τὸ
2637 2742 2857 2812 συμϐὰν
2925 2740 3054 2809 περὶ
3099 2740 3258 2792 αὐτὸν
3306 2738 3475 2799 πάθος,
3503 2734 3621 2795 digit

2125 2833 2467 2897 πεπτωκότα,
2519 2832 2929 2904 ἀναστήσεσθαι
2979 2828 3242 2893 θεσπίζει,
3279 2827 3458 2899 ὁμοίως
3479 2818 3542 2886 οἷς
3562 2822 3622 2874 xit

2136 2925 2361 2986 Ἡσαΐας
2410 2924 2540 2996 περὶ
2585 2924 2760 2976 αὐτοῦ
2815 2939 2949 2994 φησι
2973 2937 2989 2954 ·
3027 2939 3047 2973 ι
3085 2922 3195 2973 Καὶ
3221 2920 3365 2973 ἐσται
3395 2921 3425 2987 ή
3450 2914 3545 2987 ῥίζα
3561 2908 3621 2963 τοῦ

2139 3013 2352 3076 Ἰεσσαὶ,
2387 3013 2483 3066 καὶ
2531 3014 2560 3066 ό
2594 3014 2963 3082 ἀνιστάμενος
3009 3010 3195 3081 ἄρχειν
3230 3006 3407 3068 ἐθνῶν,
3436 2997 3621 3066 ὲπάὺτῷ

492 3126 670 3195 pellet.
701 3088 868 3175 Varie
903 3088 1066 3189 porro
1113 3114 1263 3168 illum
1303 3110 1423 3164 aliis
1471 3120 1685 3177 quoque
1721 3104 1777 3157 in
1816 3102 1948 3156 locis
1978 3109 2028 3154 et

2127 3101 2278 3195 E0211
2297 3100 2563 3153 ἐλπιοῦσι.
2603 3120 2622 3152 ι
2662 3102 2780 3155 Καὶ
2822 3101 2993 3169 σαφές
3028 3115 3093 3166 γε
3132 3099 3251 3151 τίνα
3277 3096 3459 3167 τρόπον
3479 3092 3525 3143 τὸ
3547 3088 3621 3157 qi);

492 3224 669 3269 ortum
700 3210 878 3276 simul,
913 3215 966 3262 et
1004 3207 1182 3260 lumen
1224 3209 1278 3257 et
1320 3176 1734 3265 solemijustitiae
1761 3199 1938 3255 vocat,
1966 3198 2027 3244 ut

2127 3192 2214 3245 τοῦ
2243 3191 2493 3261 Σωτῆρος
2547 3192 2711 3261 ἡμῶν
2767 3193 2832 3244 ἐκ
2855 3190 2951 3243 τοῦ
2997 3188 3188 3243 Ἰακὼϐ
3234 3184 3505 3246 ἀνατεῖλαν,
3528 3176 3621 3233 τοῦτ’

494 3309 549 3360 in
582 3274 1028 3375 prioribuslibris
1058 3293 1413 3350 ostendimus.
1444 3288 1708 3342 Caeterum
1732 3280 1877 3351 quod
1911 3280 2028 3349 qui-

2128 3284 2271 3337 ἕστιν
2295 3283 2402 3335 ἀπὸ
2430 3280 2523 3334 τοῦ
2554 3284 2619 3334 ἐκ
2666 3284 2977 3355 περιτομῆς
2999 3281 3154 3345 λαοῦ,
3186 3282 3313 3333 πᾶσι
3343 3281 3442 3339 τοῖς
3467 3274 3625 3328 ἔθνεσιν.

493 3361 615 3453 dem
646 3396 701 3449 in
730 3393 820 3446 illo
848 3388 1083 3445 divinius
1115 3392 1219 3449 est,
1251 3391 1505 3451 tanquam
1523 3378 1578 3432 id
1603 3373 1745 3446 quod
1772 3372 2028 3425 illuminet

2128 3375 2236 3427 ἀλλ’
2264 3374 2383 3444 οὐχὶ
2403 3372 2483 3443 τῷ
2544 3372 2776 3438 Ἰακὼϐ,
2812 3373 2938 3427 ὃθεν
2984 3373 3078 3426 καὶ
3103 3369 3381 3445 προῆλθεν,
3410 3361 3625 3432 ἐξέλαμπξε·

496 3499 706 3541 omnem
737 3482 1005 3535 hominem
1035 3476 1333 3532 venientem
1384 3472 1438 3524 in
1467 3470 1609 3523 hunc
1640 3462 1920 3526 mundum,
1945 3475 2025 3514 or-

499 3590 586 3632 tus
612 3573 875 3630 vocabulo
904 3567 1213 3630 celebravit,
1245 3566 1300 3618 in
1329 3564 1474 3616 hunc
1521 3557 1740 3612 modum
1775 3573 1787 3607 :
1824 3570 1842 3603 ι
1882 3550 2033 3606 Orie-

501 3680 589 3721 tur
607 3665 757 3721 stella
783 3678 846 3717 ex
865 3660 1049 3716 Jacob.
1072 3676 1091 3709 ι
1109 3653 1386 3709 Hominem
1407 3664 1535 3704 vero
1556 3645 1797 3702 eumdem
1821 3648 2035 3712 propter

503 3758 839 3811 :illlictionem
881 3768 944 3806 ac
995 3757 1220 3803 mortem
1274 3758 1434 3814 quam
1490 3737 1729 3810 pertulit,
1779 3741 2034 3802 tanquam

490 3834 620 3901 eum
647 3844 736 3914 qui
767 3841 1055 3900 ceciderat,
1087 3844 1457 3891 surrecturum
1490 3828 1714 3887 divinat,
1742 3823 1938 3892 quibus
1961 3818 2036 3874 si-

501 3934 644 3987 milia
663 3906 740 3985 .de
769 3928 955 3984 eodem
983 3926 1149 3982 lsaias
1177 3922 1321 3977 canit
1350 3938 1362 3973 :
1402 3936 1421 3968 ι
1455 3914 1521 3968 Et
1550 3913 1654 3969 erit
1684 3911 1834 3965 radix
1863 3906 2033 3971 Jesse,

500 4033 554 4078 et
591 4022 681 4092 qui
723 4018 896 4086 surgit
933 4024 993 4069 ut
1040 4015 1265 4082 imperet
1309 4005 1605 4079 gentibus:
1640 4003 1695 4054 in
1742 4014 1805 4054 eo
1852 4004 2037 4068 gentes

501 4109 868 4182 sperabunt".
908 4124 926 4157 ι
961 4104 1024 4157 Et
1048 4103 1391 4157 manifestum
1421 4096 1636 4166 quidem
1668 4098 1771 4152 est,
1805 4101 2037 4158 quonam

501 4202 662 4257 modo
699 4195 994 4253 Salvatoris
1022 4193 1191 4248 nostri
1245 4191 1425 4244 lumen
1460 4185 1526 4239 de
1566 4182 1731 4236 Jarob
1772 4186 2034 4240 exortum,

504 4293 606 4344 hoc
670 4296 754 4343 est
788 4286 854 4340 de
903 4283 1126 4339 Judaico
1174 4280 1392 4351 populo,
1422 4290 1531 4331 non
1576 4272 1677 4342 ipsi
1706 4269 1872 4324 Jacoh
1898 4267 2039 4321 unde

502 4379 802 4451 profectum
850 4382 962 4439 est,
1024 4372 1118 4428 sed
1167 4370 1418 4426 omnibus
1482 4364 1728 4437 gentibus
1782 4358 2035 4413 illuxerit.

504 4472 616 4525 lloc
640 4484 770 4524 vero
802 4480 924 4522 cum
962 4479 1029 4519 ex
1060 4463 1178 4517 aliis
1208 4458 1457 4531 plurimis
1496 4452 1788 4525 prophetiis
1833 4448 2041 4503 discere

504 4578 810 4635 possumus,
839 4568 1093 4624 tanquam
1118 4552 1185 4607 ad
1207 4554 1381 4623 ipsum
1405 4547 1677 4603 Christum
1699 4540 2035 4597 dicentibus:

509 4677 526 4708 ι
567 4655 702 4711 Ecce
737 4651 891 4724 posui
922 4658 971 4703 te
998 4648 1055 4700 in
1084 4644 1488 4700 Testamentum
1520 4635 1751 4706 generis,
1779 4634 1832 4687 in
1863 4633 2041 4686 lumen

504 4723 823 4814 gentium“;
856 4760 870 4792 I
900 4750 1009 4793 tum
1033 4734 1192 4791 etiam
1209 4749 1271 4788 ex
1289 4730 1460 4799 ipsius
1482 4726 1694 4779 Balaam
1705 4723 1902 4788 verbis,
1926 4734 2044 4790 quae

507 4838 586 4889 sic
612 4836 810 4889 habent
841 4852 855 4885 :
891 4849 910 4881 ι
947 4825 1262 4898 Egredietur
1288 4821 1355 4875 de
1381 4817 1585 4874 semine
1621 4815 1739 4885 ejus
1778 4814 1957 4875 homo,
1987 4815 2041 4864 et

509 4924 866 4977 dominabitur
894 4919 1138 4991 gentibus
1171 4911 1351 4967 multis
1372 4911 1436 4962 ³³.
1473 4926 1492 4960 ι
1528 4906 1691 4976 Atqui
1720 4904 1785 4958 de
1811 4914 2038 4972 quonam

512 5012 616 5063 alio
666 5012 868 5064 semine
916 5023 1073 5078 quam
1110 5005 1177 5059 de
1210 5002 1392 5064 Israel,
1442 5006 1500 5053 ut
1545 4996 1701 5051 facile
1727 4997 1939 5049 constat
1976 5002 2042 5043 ex

513 5099 684 5167 ipsius
739 5101 997 5153 orationis
1046 5093 1334 5151 contextu?
1384 5087 1615 5144 Proinde
1658 5086 1767 5154 jam
1805 5080 2040 5153 gentium

515 5187 790 5239 dominatu
819 5194 1037 5254 accepto
1085 5184 1378 5239 Salvatoris
1429 5178 1601 5234 nostri
1626 5175 1881 5235 Verbum,
1920 5183 2040 5223 cum

516 5276 630 5342 ipsa
656 5273 930 5340 prophetia
956 5272 1313 5331 concordans,
1354 5285 1538 5325 omnes
1568 5276 1900 5337 quaecunque
1937 5257 2042 5312 illis

517 5360 783 5432 quondam
815 5361 1165 5429 imperabant,
1190 5359 1485 5415 invisibiles
1515 5365 1568 5413 et
1589 5353 1919 5427 perniciosas
1944 5361 2041 5432 pp-

519 5457 738 5507 testates
763 5448 973 5510 delevit,
1024 5464 1230 5503 necnon
1262 5450 1556 5518 spiritualia
1593 5421 1818 5500 malitia:
1866 5421 2042 5491 cate’r-

2129 3463 2294 3517 Τοῦτο
2342 3463 2399 3516 δὲ
2437 3463 2534 3516 καὶ
2570 3464 2686 3517 ἀπὸ
2716 3465 2990 3518 πλείστων
3037 3465 3236 3535 ἐτέρων
3270 3462 3500 3531 πάρεστιν
3531 3452 3631 3505 ἔκλα·

2131 3554 2243 3607 δεῖν
2274 3553 2641 3624 προφητειῶν,
2662 3556 2741 3618 ὡς
2766 3555 2903 3625 πρὸς
2936 3555 3098 3608 αὑτὸν
3123 3550 3428 3623 φασκουσῶν
3452 3546 3525 3600 τὸν
3545 3543 3630 3608 X9!-

2133 3645 2280 3696 στόν·
2328 3663 2345 3695 ι
2392 3644 2522 3697 Ἰδοὺ
2581 3646 2813 3700 τέθεικά
2864 3663 2926 3698 σε
2976 3648 3057 3709 εἰς
3092 3644 3357 3715 Διαθήκην
3395 3632 3629 3709 γένονς.εἱς

2135 3734 2248 3804 φῶς
2293 3733 2462 3787 ἐθνῶν
2484 3750 2496 3763 ·
2538 3754 2556 3786 ι
2596 3738 2661 3788 ού
2692 3736 2800 3807 μὴν
2848 3736 2984 3789 ἀλλά
3017 3736 3112 3789 καὶ
3138 3737 3199 3787 ἐκ
3238 3732 3341 3786 τῶν
3365 3730 3446 3784 τοῦ
3473 3721 3630 3787 Βαλαὰμ

2132 3825 2323 3892 λόγων,
2345 3824 2409 3876 δι’
2442 3817 2514 3876 ὧν
2537 3842 2708 3896 φησιν
2727 3844 2743 3859 ο
2787 3845 2806 3878 ι
2856 3826 3227 3894 Ἐξελεύσεται
3262 3826 3322 3875 ἐκ
3350 3820 3433 3873 τοῦ
3457 3816 3632 3885 σπέρμα·

2132 3930 2221 3976 τος
2247 3911 2408 3965 αὑτοῦ
2440 3911 2758 3982 ἄνθρωπος,
2788 3914 2886 3966 καὶ
2914 3912 3194 3985 κυριεύσει
3223 3909 3380 3962 ἐθνῶν
3418 3900 3593 3957 πολλῶν.
3617 3912 3631 3944 ι

2135 3997 2287 4060 Τίνος
2314 3998 2370 4050 δὲ
2394 3999 2456 4049 ἐκ
2491 3998 2819 4069 σπέρματος
2844 4004 2879 4069 ἥ
2907 4000 3003 4053 τοῦ
3047 4000 3277 4071 Ἰσραὴλ,
3306 3998 3422 4065 ὼςή
3450 3992 3626 4061 σύμφρα·

2136 4103 2218 4149 σις
2246 4085 2590 4157 παρέστησε;
2625 4088 2724 4140 καὶ
2749 4089 2816 4157 δὴ
2847 4088 3145 4160 κυριεύσας
3174 4085 3336 4139 ἐθνῶν
3358 4087 3385 4136 ό
3407 4080 3487 4134 τοῦ
3509 4071 3635 4137 Emi:

2139 4194 2226 4247 ρος
2247 4176 2399 4246 ἡμῶν
2441 4176 2639 4243 Λόγος,
2684 4158 2969 4248 ἀρχούσας
3015 4179 3278 4249 ἀοράτους
3317 4175 3405 4226 καὶ
3435 4158 3637 4241 μοχθηρὰς

2134 4268 2385 4337 δυνάμεις
2406 4268 2650 4333 καθεῖλε,
2667 4272 2766 4324 καὶ
2787 4272 2858 4326 τά
2878 4269 3225 4343 πνευματικά
3240 4269 3333 4338 τῆς
3356 4262 3586 4333 πονηρίας,
3600 4249 3638 4302 τά

2137 4373 2196 4408 τε
2229 4360 2416 4425 στῖφος
2446 4357 2507 4409 τὸ
2546 4357 2894 4431 δαιμονικὸν,
2939 4342 3216 4433 ἀρχηγοὺς
3250 4355 3431 4433 Ἀίωὰὸ,
3461 4352 3537 4405 καὶ
3552 4342 3637 4433 Σὴθ)

2139 4447 2231 4499 καὶ
2297 4446 2490 4517 Ἐδὼμ,
2531 4428 2661 4502 καὶ*
2700 4451 2878 4504 Ἦσαῦ
2931 4428 3335 4523 τροπικώτερον
3352 4449 3403 4499 ἐν
3425 4444 3518 4503 τοῖς
3550 4428 3639 4523 μεέί

2068 4506 2115 4564 D
2141 4540 2325 4607 χεῖρας
2352 4506 2745 4610 ὼνδμασμένα.
2803 4506 3059 4610 Ἀσαςρῶς
3088 4542 3145 4594 δὲ
3176 4506 3414 4609 κείμενον
3434 4527 3554 4601 παρὰ
3568 4522 3640 4578 τοῖῖ

2156 4626 2552 4698 Ἐδδομήκοντα
2609 4630 2695 4694 τὸ,
2737 4650 2758 4682 ι
2799 4631 2973 4696 Δείξω
2996 4630 3167 4701 αὐτῷ,
3202 4630 3291 4683 καὶ
3320 4626 3429 4695 ούχὶ
3447 4621 3539 4677 νῦν,
3568 4627 3636 4683 μα·

2146 4714 2374 4785 καρίξων
2409 4717 2505 4769 καὶ
2529 4719 2636 4773 ούκ
2665 4720 2902 4789 ἐγγίζει,
2941 4741 2961 4773 ι
3000 4700 3325 4792 σαφέστερον
3362 4719 3388 4768 ὁ
3415 4714 3497 4784 μὲν
3531 4700 3639 4758 Ἀκύ·

2142 4808 2235 4870 λας
2280 4807 2540 4873 ἐξέδωκεν
2569 4827 2583 4841 ’
2615 4830 2634 4863 ι
2675 4813 2921 4883 Ὀψομαι
2958 4815 3122 4867 αὐτὸν
3150 4851 3166 4875 .
3215 4812 3305 4865 καὶ
3336 4808 3391 4861 οὐ
3430 4802 3524 4864 νῦν,
3552 4807 3641 4864 πρίν

2147 4894 2348 4960 σκοπῶ,
2383 4896 2496 4949 ἀλλ’
2529 4901 2635 4953 οὐκ
2661 4903 2831 4971 ἐγγύς
2856 4920 2870 4934 ·
2904 4922 2921 4953 ι
2952 4906 2982 4957 ό
3001 4904 3056 4956 δὲ
3082 4903 3364 4972 Σύμμαχος
3381 4890 3640 4972 Ruﬁ“???

2147 4989 2320 5058 φήσας
2341 5005 2352 5016 ·
2389 5007 2408 5039 ι
2461 4988 2608 5061 Ὀρῶ
2654 4967 2845 5057 αύτὸν,
2895 4995 3009 5047 ἀλλ’
3034 4996 3135 5046 οὐκ
3381 5007 3397 5038 ›
3426 4967 3641 5061 Λέγοιτοδ

2146 5079 2210 5132 ἂν
2236 5078 2404 5131 ταῦτα
2434 5081 2542 5133 ὑπὸ
2589 5085 2688 5137 τοῦ
2719 5086 2974 5157 Βαλαὰμ,
3000 5087 3077 5149 ὡς
3108 5088 3328 5157 μακροῖς
3351 5082 3539 5148 ὕστερον
3564 5060 3639 5137 μετ’

2146 5168 2306 5221 αὐτὸν
2334 5170 2545 5240 χρόνοις
2599 5172 2912 5243 μελλόντων
2958 5171 3444 5245 ἐπιτελεσθήσεσθαι
3474 5161 3558 5214 τῶν

2145 5239 2416 5326 λουμένων
2434 5274 2448 5288 ·
2474 5239 2617 5328 μετά
2653 5261 2788 5329 γοῦν
2817 5262 3174 5333 δισχιλιοστὸν
3213 5239 3324 5319 ἔτος
3351 5255 3439 5323 τῆς
3463 5239 3640 5333 “PO”?

2149 5325 2282 5407 σεώς
2308 5325 2621 5418 ἐπληροῦτο
2668 5325 2877 5416 ταῦτα,
2907 5325 3022 5404 ’ἐπὶ
3044 5352 3145 5421 τῆς
3170 5350 3260 5402 τοῦ
3296 5343 3513 5411 Σωτῆρος
3533 5325 3640 5401 ἡμῶν

2147 5436 2224 5497 εἰς
2248 5435 2571 5508 ἀνθρώπους
2588 5441 2910 5512 ἐπιδημίας.

517 5556 745 5610 vamque
781 5539 1146 5603 daemonicam,
1181 5514 1309 5609 quae
1355 5541 1605 5595 ductores
1644 5535 1818 5599 Moab,
1849 5537 1901 5585 et
1946 5525 2095 5588 Setb,
2118 5535 2170 5579 et
2204 5526 2396 5591 Edom,
2427 5537 2480 5583 et
2517 5528 2681 5599 421
2724 5531 2894 5596 Esau,
2921 5534 3201 5604 ﬁguratius
3233 5532 3283 5585 in
3322 5528 3380 5580 iis
3404 5532 3504 5590 θυῖε
3540 5514 3639 5563 "unc

521 5642 836 5696 tractamus,
880 5629 1220 5685 denominata
1264 5640 1407 5687 sunt.
1436 5632 1567 5684 Cum
1603 5638 1776 5681 autem
1832 5620 1966 5691 apud
2008 5618 2142 5669 LXX
2164 5618 2454 5675 obscurius
2506 5591 2753 5689 turgt—um
2799 5591 3042 5681 sit'iu‘ud
3076 5645 3090 5681 ε
3129 5644 3147 5676 ς
3173 5619 3438 5679 ostendam
3478 5591 3639 5665 illi,”I1

587 5747 630 5782 ³⁸
670 5742 769 5796 lsa.
807 5758 890 5802 x1,
928 5743 1011 5798 10.
1089 5746 1129 5778 ⁸³
1170 5747 1247 5802 lsa
1308 5764 1444 5807 XL".
1481 5743 1533 5798 6.
1605 5743 1647 5775 ’³
1684 5740 1842 5794 Νυιη.
1877 5752 2031 5791 xxxv.
2066 5730 2150 5785 l9.
