3740 6290
144 420 237 475 637

986 408 1617 467 DEMONSTBATIOMS
1649 395 2093 466 EVANGELICIE
2143 390 2267 451 LIB.
2314 398 2405 453 rx.

3186 398 3299 451 658'

145 550 242 586 min
281 544 448 597 nunc,
489 532 699 586 beatum
734 529 876 594 dico,
909 530 999 584 sed
1045 544 1152 583 non
1194 528 1600 598 appropinquat,
1648 545 1669 579 ι
1695 523 1833 580 idem
1875 521 2005 576 illud
2056 514 2296 585 apertius
2346 486 2535 586 λίιιιὶιίι
2601 514 2798 568 edidit:
2829 533 2845 565 ι
2882 512 3081 567 Videbo
3140 511 3287 564 illum

143 627 230 683 sed
284 642 394 679 non
439 641 608 689 nunc,
643 624 911 694 prospicio
961 626 1131 687 illum,
1185 624 1276 679 sed
1323 639 1429 678 non
1477 637 1662 692 prope,
1692 640 1711 672 ι
1749 616 2099 689 Symmachus
2149 619 2352 677 autem,
2410 610 2735 667 candidius:
2778 628 2796 659 ι
2834 607 3018 669 Video,
3072 608 3287 677 inquit,

139 719 295 778 illum,
327 717 422 772 sed
466 733 575 771 non
606 733 791 788 prope.
822 738 840 769 ι
877 717 989 770 Dici
1036 732 1161 771 vero
1198 717 1309 771 haec
1357 717 1602 771 videntur
1634 730 1663 767 a
1693 709 1928 778 Balaam,
1956 721 2208 780 tanquam
2254 707 2429 778 longis
2474 704 2722 772 deinceps
2766 710 2885 772 post
2927 702 3100 770 ipsum
3148 709 3284 754 tem-

135 808 340 876 poribus
392 807 718 875 perﬁcienda
763 813 941 862 essent
991 821 1073 869 ea,
1112 823 1229 876 qure
1280 808 1348 862 ab
1403 808 1521 878 ipso
1568 809 1936 862 canebantur:
1968 817 2091 856 nam
2129 798 2340 853 duobus
2390 796 2624 851 millibus
2687 809 2947 847 annorum
2990 800 3108 863 post
3155 791 3285 847 illud

134 902 430 953 vaticinium
459 902 724 968 completa
771 908 897 953 sunt
928 900 1059 963 haec,
1106 916 1212 970 quo
1261 900 1508 954 videlicet
1545 909 1785 970 tempore
1843 897 2089 951 Salvator
2140 901 2324 947 noster
2367 906 2488 949 cum
2541 888 2843 942 hominibus
2884 894 3124 943 versatus
3183 896 3283 943 est.

137 1018 266 1070 Ἀπὸ
293 1018 397 1070 τοῦ
442 1018 699 1070 Ἡσαΐου.
730 1048 798 1057 -
843 1018 934 1081 ’.Ως
986 1021 1018 1071 ὁ
1062 1020 1288 1085 Κύριος.
1342 1019 1543 1083 ἐπιϐὰς
1594 1018 1657 1071 οὗ

1763 1015 1840 1070 Ab
1894 1015 2072 1069 Esaia.
2128 1039 2197 1085 7——

188 1087 507 1151 ἀνείληφεν
543 1084 613 1147 ἐξ
652 1086 820 1152 ἁγίας
846 1084 1153 1153 Παρθένου
1172 1088 1459 1153 σώματος,
1492 1087 1657 1152 ἥξειν

183 1156 262 1217 είς
282 1156 590 1220 Αἴγυπτον
621 1154 817 1219 ῥητῶς
851 1171 911 1207 τε
948 1156 1042 1207 καὶ
1074 1156 1217 1207 κατὰ
1243 1154 1506 1208 διάνοιαν
1532 1157 1655 1207 ἐθε-

184 1222 427 1281 σπίζετο,
482 1220 652 1273 πᾶσά
706 1239 767 1273 τε
817 1222 914 1273 ἐπὶ
955 1222 1062 1288 τῆς
1118 1225 1445 1289 παρουσίας
1475 1223 1655 1277 αὑτοῦ

183 1289 703 1356 καθαιρεθήσεσθαι
731 1289 845 1341 τῶν
867 1290 1050 1345 ἐθνῶν
1079 1290 1518 1360 δεισιδαιμονία.

186 1419 205 1451 ι
247 1396 371 1450 Ἰδοῦ
411 1397 621 1469 Κύριος
661 1399 891 1469 κάθηται
935 1401 1024 1452 ἐπὶ
1056 1400 1277 1470 νεφέλης
1316 1400 1536 1471 κούφης,
1565 1400 1655 1453 καὶ

117 1485 219 1555 ἥξει
245 1487 319 1546 εἰς
347 1483 630 1552 Αἴγυπτον
652 1501 664 1513 ·
700 1487 793 1538 καὶ
828 1487 1159 1557 σεισθήσεται
1200 1487 1268 1539 τὰ
1309 1488 1656 1558 χειροποίητα

116 1574 363 1643 Αἰγύπτου
389 1575 502 1627 ἀπὸ
537 1574 828 1645 προσώπου
859 1575 1039 1639 αὐτοῦ,
1071 1577 1160 1629 καὶ
1194 1579 1225 1645 ἡ
1259 1577 1446 1646 καρδία
1481 1576 1653 1628 αὐτῶν

115 1664 453 1733 ἡττηθήσεται
478 1668 539 1716 ὲν
577 1666 776 1727 αὐτοῖς.
810 1685 828 1715 ι
859 1667 932 1717 Τὸ
953 1666 997 1718 δ’
1032 1667 1199 1719 αἴτιον
1225 1665 1316 1718 τοῦ
1344 1666 1432 1718 τὸν
1453 1667 1653 1736 Κύριον

113 1755 243 1824 ἥξειν
270 1757 345 1816 εἰς
368 1754 646 1822 Αἴγυπτον
679 1755 1040 1821 θεσπίζεσθαι,
1065 1757 1179 1808 τόδε
1221 1759 1307 1828 μοι
1334 1754 1467 1809 εἶναι
1490 1757 1648 1809 δοκεῖ.

115 1845 300 1914 Πρῶτοι
327 1845 424 1914 μὲν
461 1846 685 1898 πάντων
712 1846 988 1912 Αἰγύπτιοι
1019 1848 1115 1916 τῆς
1141 1847 1395 1901 πολυθέου
1422 1851 1512 1901 καὶ
1543 1849 1652 1901 δαι-

116 1936 314 2004 μονικῆς
354 1934 571 2002 πλάνης
623 1934 962 2004 ἀπάρξασθαι
1000 1923 1262 2003 λέγονται,
1287 1939 1377 1989 καὶ
1407 1942 1515 2001 τοῖς
1542 1938 1649 1990 λοι-

114 2025 217 2085 ποῖς
246 2025 405 2075 πᾶσιν
446 2022 760 2092 ἀνθρώποις
789 2023 948 2076 αἴτιοι
985 2026 1304 2095 καταστῆναι
1336 2026 1652 2097 δεισιδαιμο-

112 2112 230 2173 νίας,
258 2111 391 2164 ἀλλὰ
423 2112 523 2164 καὶ
570 2111 787 2165 πάντων
831 2112 1024 2181 μᾶλλον
1057 2114 1180 2183 περὶ
1218 2115 1313 2177 τὰς
1344 2115 1651 2185 δαιμονικὲις

114 2202 365 2269 ἐνεργείας
422 2217 485 2252 τε
542 2202 638 2254 καὶ
686 2204 1027 2270 περιεργείας
1093 2204 1451 2272 ἠσχολῆσθαιο
1509 2202 1648 2259 οὗτοι

110 2289 159 2343 δὲ
206 2290 293 2343 καὶ
348 2290 456 2342 ὑπὸ
504 2290 612 2358 τῆς
665 2290 845 2343 ἐνθέου
903 2291 1121 2361 Γραφῆς
1161 2292 1338 2363 ἐχθροὶ
1386 2294 1477 2346 τοῦ
1522 2295 1646 2347 λαοῦ
1680 2328 1720 2384 Β

109 2380 186 2432 τοῦ
246 2380 374 2432 Θεοῦ
428 2381 642 2434 ἄνωθεν
712 2381 803 2433 καὶ
865 2381 923 2444 ἐξ
989 2381 1161 2451 ἀρχῆς
1223 2384 1490 2450 γεγονέναι
1548 2402 1643 2453 με-

111 2469 484 2539 μαρτύρηνται·
545 2470 639 2522 καὶ
687 2471 716 2522 ὅ
753 2486 816 2537 γε
861 2470 1085 2532 παλαιὸς
1160 2471 1333 2523 αὐτῶν
1400 2472 1644 2542 βασιλεὺς

108 2558 350 2626 ὁμολογῶν
390 2557 466 2628 μὴ
510 2558 710 2610 εἰδέναι
755 2558 845 2610 τὸν
886 2557 1086 2627 Κύριον
1107 2558 1529 2629 ἀναγέγραπται,
1555 2560 1641 2612 ὅτε

109 2645 161 2715 δὴ
181 2645 401 2715 ἔφασκεν
420 2665 434 2677 ·
473 2665 493 2696 ι
536 2646 656 2700 Οὐκ
679 2641 791 2697 οἶδα
822 2644 913 2697 τὸν
943 2645 1164 2715 Κύριον,
1194 2646 1288 2698 καὶ
1311 2646 1397 2698 τὸν
1433 2647 1642 2717 Ἰσραὴλ

109 2737 191 2790 οὐκ
219 2737 575 2802 ἐξαποστελῶ.
602 2755 621 2786 ι
641 2737 714 2788 Τὸ
739 2736 803 2806 δὴ
837 2732 927 2789 οῦν
957 2735 1097 2805 μέγα
1122 2735 1297 2806 θαῦμα
1335 2737 1431 2807 τῆς
1460 2737 1639 2790 ἐνθέου

108 2824 186 2880 τοῦ
224 2826 449 2897 Χριστοῦ
494 2826 786 2895 δυνάμεως
836 2825 1181 2895 παραστῆσαι
1243 2825 1557 2895 βουλόμενος
1610 2828 1639 2879 ὁ

108 2916 255 2984 λόγος,
289 2917 537 2980 θεσπίζει
565 2915 662 2968 τοῦ
693 2916 896 2985 Κυρίου
918 2914 1015 2985 τὴν
1045 2917 1123 2978 είς
1146 2916 1409 2984 Αἴγυπτον
1442 2917 1635 2984 ἄφιξιν,

107 3009 174 3076 ἐφ’
266 3008 568 3078 μεταϐολὴν
614 3008 677 3060 ού
736 3007 834 3077 τὴν
885 3005 1161 3075 τυχοῦσαν
1188 3007 1295 3058 τῶν
1341 3008 1636 3075 Αἰγυπτίων

104 3096 287 3150 ἔσεσθαι
317 3095 678 3167 προφητεύει,
713 3094 884 3162 λέγων
932 3093 1085 3164 ἑξῆς·
1127 3112 1145 3143 ι
1197 3095 1636 3162 Καὶ’γνώσονται

104 3186 143 3235 oi
166 3187 433 3255 Αἰγύπτιοι
471 3186 569 3240 τὸν
608 3185 832 3255 Κύριον,
863 3203 881 3236 ι
914 3186 962 3236 οἱ
980 3186 1104 3255 πρὶν
1143 3186 1216 3255 μὴ
1240 3186 1434 3248 ειδότες
1455 3188 1631 3250 αὐτὸν,

107 3292 121 3323 ι
148 3276 227 3328 καὶ
242 3275 479 3339 εὔξονται
509 3274 589 3342 τῷ
611 3272 800 3341 Κυρίῳ
814 3270 1027 3339 εύχὰς,›
1055 3271 1144 3323 καὶ
1161 3270 1229 3323 τὰ
1241 3271 1441 3334 τούτοις
1465 3290 1634 3343 παρα-

101 3362 290 3432 πλήσια.
363 3364 652 3433 Ἇνωτέρω
685 3362 783 3431 μὲν
815 3354 905 3413 οὖν
934 3362 990 3412 ἐν
1038 3360 1112 3429 τῷ
1143 3361 1247 3429 πρὸ
1294 3361 1479 3414 τούτου
1540 3378 1631 3414 κε-

98 3454 279 3524 φαλαίῳ
335 3453 681 3525 κληρονομία
732 3450 825 3503 τοῦ
876 3448 1259 3518 θεσπιζομένου
1322 3450 1495 3519 Ἐδὼμ
1542 3452 1632 3503 καὶ

106 3540 249 3597 Ἠσαῦ
273 3545 516 3611 ἐλέγετο,
546 3543 656 3595 τῶν
688 3540 976 3611 ἀλλοτρίων
1020 3540 1228 3609 Ἰσραὴλ
1260 3540 1397 3593 οὕτω
1439 3558 1633 3611 σημαι-

2254 1008 2692 1076 Quemadmodum
2744 1006 2993 1059 Dominus
3048 1007 3286 1060 insistens

1830 1084 1961 1136 illud
2008 1082 2143 1151 quod
2191 1080 2479 1151 de_sancta
2526 1077 2729 1147 Virgine
2775 1076 3052 1151 assumpsit
3082 1090 3282 1151 corpus,

1825 1143 2061 1207 uenturus
2111 1152 2163 1202 in
2220 1148 2501 1216 Aigyptum
2556 1143 2633 1198 ρι’
2661 1143 2935 1198 secundum
2957 1212 2968 1216 _
2999 1143 3180 1216 verba,
3212 1153 3286 1216 _et

1822 1220 2096 1274 secundant
2114 1209 2411 1271 sententian
2432 1223 2569 1283 ρι’ωα
2578 1217 2707 1267 ictus
2721 1223 2814 1273 est,
2831 1212 3090 1280 omnisque
3104 1212 3158 1264 in
3175 1209 3286 1279 ejus

1824 1290 2041 1342 adventu
2062 1285 2328 1340 evertenda
2348 1285 2571 1353 gentium
2592 1283 2902 1348 superstitio.

1826 1419 1843 1450 ι
1870 1399 2006 1453 Ecce
2042 1398 2296 1452 Dominus
2327 1396 2474 1449 sedet
2512 1410 2672 1463 super
2700 1394 2840 1448 nube
2874 1393 2997 1456 levi,
3035 1399 3086 1446 et
3110 1391 3285 1446 veniet

1752 1488 1806 1542 in
1824 1487 2108 1556 Egyptum
2132 1504 2144 1537 :
2167 1493 2219 1537 et
2249 1481 2727 1536 commovebuntur
2747 1477 3047 1532 manufacta
3070 1474 3282 1546 Egypti

1751 1592 1781 1631 a
1832 1578 1967 1632 facie
2017 1576 2154 1644 ejus,
2205 1582 2259 1628 et
2287 1587 2379 1626 cor
2406 1585 2591 1624 eorum
2630 1570 2872 1622 vincetur
2902 1569 2955 1620 in
2988 1568 3117 1635 ipsis
3149 1567 3215 1618 “.
3259 1584 3280 1617 ι

1749 1666 1922 1722 Causa
1961 1681 2124 1736 porro
2174 1676 2271 1717 cur
2300 1661 2554 1714 Dominus
2592 1659 2662 1712 ita
2717 1659 2768 1710 in
2798 1657 3085 1728 Egyptum
3117 1656 3283 1711 desti-

1748 1760 1905 1808 netur
1931 1762 2210 1814 venturus,
2258 1751 2372 1805 haec
2415 1748 2543 1801 mihi
2587 1761 2705 1800 esse
2744 1747 2970 1799 videtur.
3013 1746 3171 1800 Primi
3210 1746 3285 1799 si-

1749 1844 1958 1912 quidem
1985 1842 2223 1896 omnium
2237 1838 2468 1910 ngyptii
2489 1837 2659 1890 errori
2688 1836 2896 1889 colendi
2926 1837 3120 1889 mullos
3151 1835 3281 1888 deos

1748 1948 1811 1987 ac
1835 1932 2105 1986 daamonas
2134 1929 2345 1983 initium
2383 1927 2594 1981 dedisse
2638 1927 2908 1989 dicuntur,
2963 1931 3016 1978 et
3064 1924 3279 1993 reliquis

1748 2020 2012 2075 universis
2042 2018 2358 2072 mortalibus
2391 2015 2784 2087 superstitionis
2827 2024 3070 2069 auctores
3114 2015 3278 2069 exsti-

1746 2111 1898 2174 tisse,
1922 2110 2051 2180 quin
2085 2108 2247 2162 etiam
2285 2107 2524 2162 omnium
2553 2108 2775 2161 aliorum
2814 2105 3059 2166 maxime,
3085 2104 3276 2158 daemo-

1746 2200 1885 2253 nicis
1939 2197 2341 2267 operationibus
2394 2205 2444 2252 et
2503 2195 2905 2250 curiositatibus
2955 2193 3272 2248 studuisse:

1745 2288 1902 2342 iidem
1940 2297 2193 2356 prreterea
2228 2287 2295 2340 ab
2350 2287 2465 2355 ipsa
2518 2284 2794 2354 Scriptura
2842 2284 3020 2337 divina
3093 2283 3275 2338 hostes

1746 2378 1926 2447 populi
1964 2376 2055 2432 Dei
2089 2376 2253 2431 fuisse
2279 2376 2641 2445 perhibentur.
2661 2372 2767 2429 Sed
2792 2373 3041 2442 antiquus
3060 2387 3273 2440 quoque

1744 2469 1979 2537 ipsorum
2014 2483 2105 2522 rex
2140 2467 2291 2521 fateri
2337 2482 2395 2520 se
2427 2481 2532 2519 non
2563 2480 2718 2520 nosse
2743 2464 3049 2528 Dominum,
3097 2464 3268 2532 palam

1744 2558 2043 2627 descriptus
2066 2565 2167 2620 est,
2189 2557 2312 2611 dum
2340 2557 2419 2612 sic
2450 2556 2525 2609 ait
2565 2574 2578 2609 :
2615 2574 2634 2605 ι
2678 2554 2794 2609 Non
2816 2558 2937 2610 novi
2963 2555 3265 2620 Dominum,

1742 2656 1795 2702 et
1842 2647 2003 2702 israel
2048 2663 2153 2701 non
2200 2648 2438 2702 emittam
2482 2649 2546 2701 ³⁸.
2578 2665 2596 2698 ι
2632 2646 2769 2715 Ergo
2795 2646 2981 2714 ingens
3008 2645 3271 2715 quoddam

1741 2738 1933 2791 divinae
1968 2737 2168 2791 Christi
2208 2736 2788 2791 virtutismiraculum
2834 2735 3083 2789 exhibere
3120 2733 3274 2788 nobis

1739 2829 1925 2881 volens
1960 2825 2268 2896 pmphetica
2294 2827 2486 2888 oratio,
2512 2823 2721 2879 Domini
2744 2825 2797 2878 in
2822 2822 3107 2892 Egyptum
3130 2824 3273 2876 canit

1741 2917 2047 2979 adventum,
2062 2915 2220 2986 422
2234 2914 2336 2970 sub
2362 2930 2520 2984 quem
2542 2929 2649 2968 non
2671 2913 2835 2967 levem
2866 2912 3094 2966 futuram
3109 2911 3273 2981 Egy-

1738 3008 1972 3076 ptiorum
2006 3008 2375 3068 mutationem,
2400 3005 2603 3058 divinat
2632 3004 2882 3072 deinceps
2915 3003 2992 3058 sic
3034 3003 3215 3058 dicens
3254 3022 3267 3056 :

1742 3116 1762 3150 ι
1800 3098 1863 3151 Ει
1890 3106 2215 3165 cognoscent
2238 3096 2474 3165 AEgyptii
2507 3095 2810 3157 Dominum,
2855 3113 2873 3146 ι
2906 3094 2996 3164 qui
3024 3093 3270 3147 videlicet

1739 3202 1841 3241 non
1889 3187 2279 3255 cognoscebant
2320 3186 2464 3238 illum
2497 3185 2665 3253 prius,
2707 3203 2726 3235 ι
2770 3192 2821 3238 et
2873 3183 3134 3237 vovebunt
3162 3181 3267 3235 Do-

1735 3278 1879 3330 mino
1909 3284 2031 3331 vota
2053 3278 2119 3339 ",
2153 3296 2172 3328 ι
2205 3284 2257 3329 et
2296 3291 2414 3345 quae
2455 3275 2539 3328 his
2570 3275 2764 3328 similia
2810 3280 3125 3341 sequuntur.
3163 3270 3268 3325 Suo

1736 3366 1929 3434 periori
1960 3366 2171 3433 quidem
2216 3366 2458 3434 proximo
2486 3364 2658 3431 capite
2688 3361 2966 3416 haereditas
2994 3362 3141 3429 ejus,
3173 3361 3265 3429 qui

1736 3462 1990 3508 venturus
2018 3456 2248 3515 canitur,
2280 3453 2447 3507 Edom
2471 3460 2522 3506 et
2552 3451 2692 3505 Esau
2718 3451 3014 3511 dicebatur,
3065 3450 3265 3519 quippe

1732 3558 1853 3596 cum
1880 3543 2035 3596 alieni
2074 3546 2141 3596 ab
2173 3542 2332 3597 Israel
2363 3556 2428 3595 eo
2472 3542 2630 3595 modo
2671 3541 3096 3610 signiﬁcarentur
3127 3556 3141 3592 :
3175 3539 3264 3590 hic

93 3631 303 3699 νομένων
323 3649 336 3663 ·
369 3629 617 3684 ⁴ἐνταῦθα
654 3630 711 3681 δὲ
740 3630 772 3698 ἡ
808 3629 1093 3695 Αἴγυπτος,
1124 3626 1248 3688 λαὸς
1272 3628 1370 3680 ούκ
1397 3627 1496 3691 ἔτι,
1525 3628 1630 3682 τῶν

1746 3648 1858 3687 vero
1901 3640 1954 3687 et
2003 3632 2265 3703 Egyptns
2291 3638 2345 3686 et
2392 3631 2605 3701 IEgypti
2633 3632 2878 3700 populus,
2904 3645 3010 3684 non
3043 3630 3265 3682 simula»

94 3718 313 3783 είδὼλων,
338 3721 455 3773 ἀλλ’
484 3717 658 3772 αὐτοῦ
686 3717 780 3769 τοῦ
809 3716 957 3786 παρὰ
981 3718 1091 3777 τοῖς
1135 3712 1394 3768 Ἰουδαίων
1426 3719 1632 3787 προφή-

88 3823 190 3871 ταις
237 3808 667 3879 θεολογουμένου
724 3807 926 3877 Κυρίου
976 3805 1306 3868 θεσπίζεται.
1367 3807 1538 3878 "Amp
1582 3810 1629 3860 εἰ

93 3899 172 3965 μὲν
219 3901 289 3969 μὴ
332 3901 457 3969 ὄψει
514 3896 913 3966 συντελούμενα
937 3896 1234 3965 θεωρεῖται,
1261 3896 1358 3949 οὐκ
1388 3896 1528 3949 ἔστιν
1556 3899 1631 3949 εί-

88 3990 188 4041 πεῑν
229 3990 325 4060 τὴν
374 3988 783 4057 θεσπιζομένην
832 3987 1009 4053 ἄφιξιν
1042 3986 1135 4038 τοῦ
1184 3984 1381 4056 Κυρίου
1419 3987 1497 4048 εἰς
1533 3988 1627 4055 τὴν

85 4076 329 4144 Αἴγυπτον
372 4078 666 4148 γεγονέναι
686 4093 701 4106 ⁸
730 4077 778 4128 εί
816 4074 872 4127 δὲ
897 4076 1033 4145 ὑπὲρ
1062 4074 1233 4128 πάντα
1267 4074 1418 4142 λόγον
1442 4078 1474 4145 ή
1499 4075 1626 4145 ἁλή-

84 4166 184 4220 θεια
198 4172 469 4240 μαρτυρεῖ
492 4171 611 4230 τοῖς
636 4165 938 4237 πράγμασι,
967 4166 1057 4218 καὶ
1082 4168 1193 4227 τοῖς
1223 4165 1628 4233 ἀγνωμονεστά-

80 4273 175 4319 τοις
196 4259 444 4330 ἐναργῶς
476 4259 752 4312 δείκνυσιν
796 4256 987 4318 αὐτοὺς
1025 4256 1363 4323 Αἰγυπτίους,
1394 4256 1489 4324 τῆς
1528 4257 1625 4326 μὲν

82 4344 131 4410 ἐξ
154 4349 338 4412 αἰῶνος
383 4345 876 4418 πατροπαραδότου
915 4344 1324 4414 δεισιδαιμονίας
1355 4344 1625 4414 ἀνακεχω-

81 4439 307 4504 ρηκότας,
330 4438 723 4498 οἱκειωθέντας
747 4436 805 4488 δὲ
825 4435 903 4505 τῷ
924 4433 1040 4503 Θεῷ
1063 4434 1169 4487 τῶν
1193 4432 1362 4487 ταῦτα
1389 4450 1624 4504 προανα-

78 4526 420 4592 φωνησάντων
463 4523 782 4595 προφητῶν,
821 4524 913 4575 καὶ
943 4522 1125 4574 τοῦτον
1164 4521 1315 4590 μόνον
1356 4521 1618 4585 σέϐοντας,

73 4613 154 4663 καὶ
188 4615 364 4667 πάντα
419 4615 656 4668 θάνατον
702 4612 1109 4681 ἀσπαζομένους
1133 4611 1269 4680 ὑπὲρ
1298 4611 1395 4680 τῆς
1423 4613 1501 4674 εἰς
1527 4610 1622 4663 αύ-

74 4700 150 4753 τδν
172 4706 486 4769 εὐσεϐείας·
521 4705 636 4776 ὥρα
673 4704 747 4774 μὴ
774 4703 944 4765 ἄλλως
971 4700 1139 4754 ταῦτα
1170 4702 1442 4769 γεγονέναι
1494 4718 1615 4754 συν-

1730 3738 1941 3776 crurum
1978 3724 2206 3790 amplius
2258 3723 2472 3776 futurus
2524 3722 2753 3786 canitur,
2789 3721 2880 3775 sed
2906 3722 3022 3790 ejus
3052 3721 3261 3776 Domlni

1729 3812 1819 3878 qui
1858 3810 2011 3878 apud.
2029 3808 2334 3863 Iudaeorum
2363 3809 2649 3878 prophetas
2674 3824 2771 3879 pro
2798 3809 2904 3864 Deo
2931 3809 3255 3863 celebratur.

1728 3899 1856 3964 Quae
1878 3899 1921 3952 si
1943 3899 2114 3952 oculis
2143 3899 2402 3967 completa
2430 3914 2539 3953 non
2570 3907 2884 3964 cernuntur,
2917 3915 2983 3954 ne
3016 3899 3259 3955 dicamus

1728 4004 1856 4043 sane
1878 3988 2162 4042 adventum
2203 3988 2349 4043 illum
2384 3989 2614 4052 Domini,
2642 3990 2733 4059 qui
2777 3990 2830 4043 in
2862 3989 3148 4059 Aigyptuin
3174 3989 3258 4043 fu-

1729 4088 1879 4135 turus
1933 4081 2260 4151 praedicitur,
2321 4080 2488 4135 fuisse
2550 4080 2746 4135 adhuc.
2816 4078 2919 4134 Sed
2982 4080 3026 4134 si
3094 4096 3258 4149 supra

1726 4184 1936 4223 omnem
1985 4170 2266 4233 rationem,
2320 4169 2481 4223 rebus
2530 4168 2684 4222 ﬁdem
2719 4168 2834 4237 ipsa
2866 4169 3064 4222 veritas
3107 4167 3255 4231 facit,

1725 4265 1883 4327 atque
1910 4258 2069 4311 etiam
2109 4258 2411 4312 rudissimis
2447 4266 2500 4311 et
2548 4272 2709 4312 sensu
2753 4258 2896 4312 omni
2949 4258 3256 4313 carentibus

1723 4348 1995 4401 evidenter
2019 4348 2273 4410 ostendit,
2328 4347 2474 4416 ipsos
2508 4346 2787 4417 Egyptios
2814 4349 2881 4402 ab
2909 4363 2968 4402 ea
2994 4350 3256 4417 supersti-

1724 4438 1867 4491 tione
1904 4438 2212 4502 recessisse,
2249 4452 2407 4508 quam
2435 4454 2607 4506 usque
2642 4440 2709 4492 ab
2749 4439 2903 4493 initio
2946 4454 2975 4492 a
3010 4439 3254 4507 patribus

1724 4528 1836 4581 suis
1889 4536 2239 4596 acceperant,
2299 4529 2482 4597 illique
2536 4529 2644 4584 Deo
2704 4529 3011 4591 adhaesisse,
3068 4530 3157 4598 qui
3223 4545 3255 4583 a

1722 4613 1995 4683 prophetis
2025 4617 2136 4670 haec
2162 4617 2279 4685 ipsa
2306 4616 2669 4671 divinantibus
2696 4618 3057 4679 eolebatur,et
3088 4631 3252 4669 unum

1721 4703 1861 4757 hunc
1891 4704 2101 4758 interim
2130 4708 2324 4770 colere,
2350 4723 2523 4776 neque
2556 4708 2716 4760 ullam
2749 4715 2971 4761 mortem
3001 4720 3252 4761 recusare

71 4791 329 4858 ομολογεῖν
355 4795 391 4863 ἢ
417 4792 523 4846 τοῦ
548 4792 750 4864 Κυρίου
777 4790 1091 4861 ἐληλυθότος
1112 4793 1189 4852 εἰς
1211 4789 1474 4858 Αἴγυπτον
1487 4792 1614 4844 ἀκο-

1746 4809 1817 4849 ιτο
1848 4794 1993 4848 cultu
2044 4803 2098 4850 et
2136 4799 2330 4863 pietate
2383 4812 2508 4867 erga
2537 4798 2725 4851 illum:
2770 4797 2897 4866 quid
2948 4798 3092 4851 aliud
3139 4797 3249 4866 jam

72 4873 255 4943 λούθως
284 4885 353 4952 τῇ
388 4883 733 4953 προκειμένῃ
766 4882 1082 4952 προρρήσει.
1113 4881 1264 4933 Ἔστι
1286 4881 1382 4949 μὲν
1412 4877 1501 4934 οὖν
1524 4883 1616 4935 καὶ

1746 4892 1983 4952 υρετθδι,
2009 4884 2117 4939 nisi
2167 4893 2224 4938 ιιι
2276 4886 2540 4941 fateamur
2584 4903 2690 4940 non
2723 4888 2875 4942 aliter
2928 4886 3029 4942 ista
3076 4889 3251 4942 conti-

72 4964 224 5030 ἄλλως
246 4970 340 5023 τὸν
367 4972 537 5040 λόγον
562 4970 890 5025 αἰνίττεσθαι
921 4968 1193 5040 τροπικῶς
1218 4971 1306 5021 τὸν
1346 4971 1615 5041 περίγειον
1648 4972 1657 5024 l

1746 4974 1879 5036 :isse,
1913 4986 2071 5041 quam
2102 4988 2198 5041 per
2240 4973 2451 5029 Domini
2502 4974 2558 5027 in
2609 4972 2895 5042 Egyptum
2938 4975 3246 5037 adventum,

72 5054 275 5125 κόσμον,
313 5064 398 5125 εἰς
443 5062 509 5114 ὃν
548 5063 577 5114 ὁ
619 5061 777 5128 λόγος
818 5058 1146 5130 προφητεύει
1172 5059 1263 5111 τὸν
1293 5059 1488 5129 Κύριον
1530 5063 1620 5114 ἐπὶ

1748 5062 1859 5116 icut
1886 5061 2196 5115 vaticinium
2228 5064 2469 5131 proxime
2520 5064 2821 5131 expositum
2876 5064 3251 5133 signiﬁcabat?

78 5147 281 5218 νεφέλης
325 5152 547 5220 κούφης
590 5152 763 5220 ἥξειν,
808 5149 953 5202 οὕτω
998 5148 1084 5200 τὸν
1125 5150 1187 5200 ὲκ
1231 5148 1500 5217 Παρθένου
1529 5151 1620 5204 καὶ

1746 5150 1781 5204 3t
1804 5150 1934 5205 nihil
1951 5151 2163 5220 quidem
2188 5152 2408 5221 impedit
2427 5153 2582 5205 aliter
2601 5167 2815 5221 quoque
2841 5153 2979 5207 idem
3008 5157 3251 5224 accipere

77 5231 371 5307 Πνεύματος
410 5242 571 5308 ἁγίου
609 5240 882 5312 ληφθέντα
907 5237 1051 5305 αὐτῷ
1085 5236 1360 5306 ἄνθρωπον
1396 5240 1619 5293 αἰνιττό-

1746 5239 2009 5300 raculum,
2027 5249 2084 5293 ut
2109 5240 2357 5295 videlicet
2386 5240 2607 5308 ﬁgurate
2630 5246 2901 5294 terrenum
2930 5242 3073 5296 hunc
3100 5258 3251 5296 mun-

83 5333 215 5387 μενος
234 5343 248 5358 ·
277 5330 635 5400 χειροποίητα
660 5330 719 5381 δὲ
741 5326 1018 5393 Αἰγύπτου
1040 5324 1405 5394 σεισθήσεσθαι
1423 5327 1489 5380 τὰ
1506 5329 1612 5382 τῶν

1752 5344 1841 5383 um
1865 5328 2129 5399 signiﬁcet
2154 5348 2167 5383 :
2190 5330 2245 5384 in
2269 5346 2425 5399 quem
2448 5328 2608 5383 verba
2645 5329 2764 5399 ipsa
2785 5329 3064 5385 Dominum
3089 5346 3251 5400 super

78 5407 221 5466 ἐθνῶν
265 5417 457 5481 ξόανα,
490 5421 581 5472 καὶ
624 5418 758 5478 τοὺς
806 5418 865 5467 ὲν
905 5415 1083 5475 αὐτοῖς
1120 5413 1391 5482 δαίμονας,
1435 5417 1508 5481 ὡς
1543 5417 1611 5474 αὖ

1746 5419 1856 5474 lube
1874 5419 1974 5473 levi
2003 5428 2283 5474 venturum
2317 5421 2675 5475 vaticinentur
2706 5438 2720 5475 :
2752 5420 2947 5490 quippe
2993 5435 3112 5489 quae
3146 5417 3250 5473 hoc

84 5500 219 5555 πᾶλιν
265 5509 601 5575 Αἰγυπτίους
655 5503 1006 5576 ἡττωμένους
1052 5501 1250 5566 πάντας
1294 5506 1415 5568 τοὺς
1451 5509 1613 5565 πάλαι

1746 5509 1875 5564 nodo
1898 5509 2164 5564 hominem
2198 5512 2266 5566 ab
2294 5512 2386 5566 illo
2417 5512 2488 5566 de
2520 5509 2738 5579 Virgine
2765 5517 2817 5565 et
2847 5510 3044 5580 Spiritu
3063 5517 3252 5564 saneto

82 5589 312 5661 αρύτερον
381 5598 519 5667 περὶ
576 5597 677 5665 τὴν
752 5590 1183 5661 είδωλολατρείαν
1236 5594 1610 5664 ἐπτοημένους.

1746 5608 2071 5670 .ssumptum,
2123 5600 2345 5675 intelligi
2406 5602 2597 5656 velint.
2655 5599 2813 5656 Manu
2879 5608 3054 5656 autem
3106 5597 3250 5650 facta

143 5740 180 5771 ”
211 5742 306 5799 In,
341 5762 430 5799 χες
455 5786 473 5814 ,
515 5747 562 5800 Ι,
643 5744 693 5777 ⁸⁵
733 5739 913 5794 Ετοα.
947 5756 1010 5808 ν,
1037 5742 1085 5794 2.
1158 5743 1200 5774 ’⁸
1239 5743 1364 5801 ibid.
1394 5746 1487 5804 21.
