3740 6316
1038 389 1672 449 ΒΕΜΟΝΞΤΚᾹΤῘΟΝΙΒ
1711 377 2155 446 ΕῩΔΝΟΕῙΔΕᾸΕ
2219 373 2351 438 LIB.
2394 385 2483 442 IX.

3198 391 3302 447 σοι

138 502 314 568 σάρκα
347 499 642 570 ἀνθρώπου
664 501 962 574 ἐκυρίευσε,
988 515 1079 558 και
1110 505 1270 559 είσὲτι
1297 504 1388 559 νῦν
1416 505 1680 576 κυριεύσει

1787 483 1886 568 tur,
1931 495 2238 571 planissime
2303 498 2581 562 indicans,
2637 500 3073 571 quemadmodum
3121 505 3297 558 divina

135 592 301 646 ἐθνῶν
358 591 600 646 πολλῶν.
655 593 821 656 Αὐτὸς
867 595 970 665 ἄρα
1017 589 1166 659 οὗτος
1221 598 1418 660 ἐκεῖνος
1467 593 1553 666 ἦν,
1593 599 1685 650 καὶ

135 683 236 734 οὐδ’
266 681 453 744 ἄλλος,
484 681 548 734 ὃν
574 685 606 752 ἠ
637 684 930 754 προφητεία
954 687 1334 758 προηγόρευσε,
1367 687 1483 740 καθ’
1509 688 1568 740 ὃν
1595 689 1686 741 καὶ

134 775 165 842 ἡ
187 771 310 840 Γὼγ
335 771 536 842 ὑψώθη
561 773 816 842 βασιλεία,
837 775 932 842 τῆς
955 777 1181 846 Χριστοῦ
1200 778 1468 848 δυνάμεως
1494 795 1683 854 συναυτ

134 861 347 930 εούσης.
405 861 616 916 Τοῦτον
659 863 704 916 δ’
749 865 976 918 ἐνταῦθά
1019 882 1174 933 φησιν
1221 867 1540 920 αἰνίττεσθαι
1567 869 1683 922 καθ’

145 951 430 1022 Ἑϐραίους
467 951 564 1004 τὸν
595 954 790 1022 τρόπον
815 954 912 1023 τὴν
939 955 1045 1006 τῶν
1087 956 1359 1024 Ῥωμαίων
1399 955 1682 1024 βασιλείαν,

132 1035 165 1112 ᾖ
207 1041 298 1092 καὶ
345 1043 758 1110 συνήκμασενὴ
791 1043 1019 1110 Χριστοῦ
1055 1044 1374 1098 διδασκαλία.
1407 1046 1684 1116 Μέμνηται

131 1126 184 1180 £2
209 1125 302 1178 τοῦ
335 1125 465 1194 Γὼγ
494 1128 589 1180 καὶ
613 1129 642 1180 ὁ
670 1132 946 1199 προφήτης
972 1130 1240 1203 Ἰεζεκιὴλ,
1265 1133 1494 1202 ἄρχοντα
1532 1133 1682 1196 Ῥὼς,

131 1213 310 1283 Μοτὸχ
357 1215 458 1267 καὶ
502 1215 674 1267 Θοϐὲλ
719 1216 1022 1287 ὀνομάζιυνο
1064 1217 1148 1270 διὰ
1188 1219 1286 1286 μὲν
1320 1217 1411 1270 τοῦ
1429 1217 1558 1280 Ῥὼς
1589 1218 1684 1288 τὴν

145 1302 448 1372 Ῥωμαίων,
483 1302 565 1366 ὡς
619 1303 782 1369 ἔοικε,
823 1305 971 1356 πόλιν
1015 1305 1396 1375 αἰνιττόμενος,
1427 1309 1547 1359 ἐπεὶ
1593 1309 1684 1360 καὶ

135 1393 268 1462 ἁρχὴ
317 1392 413 1444 καὶ
461 1393 680 1464 κεφαλὴ
705 1394 844 1448 κατὰ
871 1394 966 1464 τὴν
1007 1395 1262 1464 Ἐϐραίων
1291 1397 1465 1466 φωνὴν
1486 1395 1571 1448 διὰ
1593 1397 1684 1448 τοῦ

142 1481 270 1542 Ῥὼς
295 1479 561 1548 δηλοῦται
578 1499 592 1512 ο
625 1482 713 1535 διὰ
743 1482 798 1534 δὲ
827 1481 916 1535 τοῦ
947 1483 1126 1552 Mosz
1147 1483 1243 1552 τὴν
1263 1485 1490 1548 Μυσίαν,
1511 1483 1686 1538 καὶτὰ

131 1568 284 1639 πέριξ
328 1569 545 1638 ταύτης
583 1571 732 1640 ἒονη,
761 1571 858 1623 ὅσα
885 1570 978 1623 νῦν
1013 1574 1182 1624 οἰκεῖα
1222 1573 1497 1642 Ῥωμαίων
1540 1574 1679 1626 ἐστί·

131 1658 216 1712 διὰ
263 1659 316 1711 δὶ
349 1658 448 1712 τοῦ
493 1660 669 1712 Θοϐὶλ
711 1661 808 1729 τὴν
863 1661 1113 1731 Ἰϐηρίαν,
1139 1661 1277 1713 οὕτω
1310 1679 1422 1724 πως
1456 1662 1560 1716 ἀπὸ
1597 1662 1684 1716 τοῦ

134 1747 292 1801 θοεὲλ
323 1749 622 1816 γεγονέναι
672 1750 890 1816 φάσκων
933 1750 1224 1819 Θοὸεήλους
1270 1751 1392 1813 τοὺς
1439 1751 1680 1821 Ἰϐηραςο

1782 595 1923 648 illius
1949 593 2118 648 virtus
2147 603 2239 659 per
2265 589 2439 652 illum,
2466 593 2553 661 qui
2577 593 2644 646 ab
2670 593 2784 662 ipso
2819 595 2883 649 de
2911 597 3110 651 semine
3137 586 3298 652 lsrael

1779 684 1985 737 ratione
2018 681 2255 750 corporis
2285 691 2592 749 assumptus
2614 691 2714 746 est,
2745 683 3007 738 hominem
3031 684 3298 740 dominata

1781 783 1880 835 est,
1904 780 2059 840 atque
2082 771 2240 824 etiam
2285 786 2430 825 nunc
2473 771 2776 825 dominatur
2814 773 3056 839 gentibus
3095 775 3296 830 multis.

1782 863 1878 916 Hic
1906 863 2066 932 igitur
2093 861 2180 916 ille
2209 862 2320 931 ipse
2341 870 2476 928 erat,
2505 877 2608 914 non
2633 862 2768 916 alius
2811 865 3090 931 quispiam,
3142 881 3299 935 quem

1781 953 2053 1022 prophetia
2102 952 2452 1020 praedixerat,
2493 953 2647 1018 cujus
2701 959 2936 1022 tempore
2979 955 3136 1008 etiam
3188 956 3300 1023 Gog

1783 1059 2000 1112 regnum
2033 1043 2082 1094 in
2116 1042 2340 1096 sublime
2395 1044 2679 1096 adauctum
2722 1051 2836 1099 est,
2871 1057 2990 1095 cum
3031 1059 3095 1097 eo
3143 1046 3297 1099 simul

1781 1130 1977 1185 Christi
2015 1131 2208 1184 virtute
2253 1145 2313 1184 ac
2361 1131 2594 1200 potentia
2644 1139 2939 1186 crescente.
2973 1131 3083 1184 Hoc
3129 1142 3298 1188 autem

1783 1219 1937 1273 modo
1956 1217 2472 1274 aiuntiiomanurmn
2496 1235 2714 1288 regnent
2746 1221 3036 1274 secundum
3054 1220 3302 1278 Hebraeos

1782 1309 2093 1377 signiﬁcari,
2122 1326 2243 1363 cum
2287 1325 2393 1378 quo
2424 1311 2582 1364 simul
2609 1310 2808 1364 Christi
2857 1311 3098 1365 doctrina
3138 1313 3303 1367 robur

1781 1406 1940 1468 atque
1991 1401 2372 1454 incrementum
2416 1402 2640 1469 accepit.
2689 1401 2924 1454 Meminit
2976 1409 3150 1456 autem
3191 1403 3304 1473 Gog

1780 1496 1942 1548 etiam
2004 1491 2258 1560 prepheta
2315 1491 2592 1553 Ezechiel,
2639 1491 2764 1544 dum
2815 1493 3108 1562 principem
3174 1492 3302 1558 Bos,

1779 1581 1996 1636 Mosoch
2025 1589 2078 1635 et
2103 1581 2302 1634 Thobcl
2331 1580 2597 1642 nominat,
2647 1580 2738 1633 ubi
2781 1597 2874 1650 per
2914 1582 3043 1636 illud
3088 1583 3301 1651 quidem

1781 1671 1909 1735 Ros,
1941 1671 2326 1733 Romanorum,
2357 1677 2414 1723 ut
2442 1685 2538 1738 par
2562 1677 2666 1732 est,
2700 1669 2966 1724 civitatem
3001 1673 3300 1740 signiﬁcat:

1782 1761 2212 1832 quandoquidem
2258 1761 2584 1830 principatus
2635 1770 2687 1813 et
2718 1769 2876 1830 caput
2900 1775 2963 1814 ea
3006 1777 3135 1816 voce
3162 1761 3302 1830 apud

131 1833 201 1892 ὧν
249 1840 512 1892 ἁπάντων
559 1839 794 1908 ἄρχοντα
829 1839 918 1890 τὸν
965 1838 1084 1906 Γὼγ
1115 1839 1481 1908 ὑψωθήσεσθαί
1525 1858 1682 1910 φησιν

1787 1831 2032 1906 Hebraeos
2062 1849 2394 1916 intelligitur;
2445 1862 2538 1916 per
2569 1846 2783 1902 Mosoch
2841 1857 3015 1902 autem
3059 1849 3300 1917 Mysiam,

133 1926 220 1980 ἐπὶ
243 1925 339 1996 τῆς
368 1925 466 1978 τοῦ
499 1928 976 1996 προφητειῖομένου
1023 1928 1251 1996 Χριστοῦ
1295 1930 1604 1999 παρουσίας,
1625 1931 1682 1983 ὃν

133 2021 162 2074 ὁ
186 2020 311 2081 Θεὸς
352 2017 648 2086 ὡδήγησεν
697 2016 755 2082 ἐξ
796 2017 1083 2084 Αἰγύπτου,
1111 2021 1198 2071 ὅτε
1243 2019 1380 2072 κατὰ
1414 2021 1500 2072 τὸν
1532 2022 1684 2074 Ματ-

137 2107 293 2170 θαῖον,
322 2102 779 2168 ἐπιϐουλεύοντος
809 2107 899 2158 τοῦ
943 2109 1174 2178 Ἡρώδου
1208 2110 1352 2162 παιδὶ
1383 2109 1492 2162 όντι
1517 2110 1680 2180 αύτῷ,

136 2197 521 2266 χρηματισθεὶς
553 2196 584 2247 ὁ
625 2195 820 2266 Ἰωσὴφ
853 2196 1118 2265 παρέλαϐε
1153 2197 1214 2249 τὸ
1237 2198 1440 2250 παιδίον
1482 2199 1572 2251 καὶ
1588 2199 1682 2270 τὴν

141 2285 336 2356 μητερα
371 2284 569 2350 αὑτοῦ,
601 2285 697 2336 καὶ
722 2284 1016 2353 ἐπανῆλθεν
1043 2285 1122 2346 είς
1151 2285 1252 2354 γῆν
1291 2287 1520 2357 Ἰσραήλ.
1550 2289 1682 2354 Δόξα

137 2376 190 2430 δὲ
235 2379 621 2447 μονοκέρωτος
667 2375 812 2444 αὐτῷ
839 2375 917 2444 τῷ
944 2375 1158 2444 Χριστῷ
1199 2379 1393 2448 παρῆν,
1423 2379 1508 2432 διὰ
1541 2382 1600 2434 τὸ
1625 2385 1682 2434 ἐν

138 2467 272 2538 αὐτῷ
317 2466 683 2535 εὐδοκηκέναι
725 2467 1040 2534 κατοικῆσαι
1074 2469 1177 2519 πᾶν
1210 2469 1269 2521 τὸ
1301 2469 1564 2541 πλήρωμα
1585 2473 1682 2541 τῆς

139 2557 394 2628 θεότητος,
434 2557 587 2609 κατὰ
615 2557 708 2610 τὸν
748 2556 892 2626 ἱερὸν
932 2557 1262 2612 Ἀπόστολον.
1286 2561 1478 2631 Διόπερ
1502 2562 1575 2625 ὠς
1602 2563 1686 2616 κέ·

145 2663 232 2718 ρας
269 2647 716 2718 ἐπιγραφόμενος
758 2646 848 2699 τὸν
875 2646 982 2699 τῶν
1029 2648 1161 2700 ὅλων
1196 2649 1324 2701 Θεὸν
1351 2651 1440 2702 καὶ
1473 2653 1682 2722 Πατέρα

144 2737 310 2799 αὑτοῦ,
349 2736 667 2806 μονόκερως
694 2737 787 2788 καὶ
814 2737 871 2787 ὲν
899 2737 1106 2805 ἑτέραις
1124 2738 1356 2808 Γραφαῖς
1378 2739 1679 2813 ὠνομάσθη.

74 2847 83 2857 ”
154 2827 205 2880 ’0
227 2827 270 2879 δ’
297 2827 459 2889 αὐτὸς
486 2827 588 2880 τοῦ
615 2825 750 2878 Θεοῦ
777 2826 944 2892 Λόγος
969 2827 1077 2888 τοῖς
1105 2831 1308 2898 νοητοῖς
1339 2829 1428 2882 καὶ
1457 2829 1684 2898 λογικοῖς

144 2916 291 2971 αὑτοῦ
316 2917 496 2986 βέλεσι
516 2916 612 2969 τὸν
638 2915 828 2985 ἐχθρὸν
857 2916 949 2967 καὶ
967 2915 1330 2985 ἀντικείμενον
1356 2919 1502 2988 αύτῷ
1520 2919 1685 2972 διάϐο-

144 3003 239 3068 λον,
257 3006 432 3066 πάσας
454 3021 522 3057 τε
552 3004 653 3066 τὰς
678 3004 810 3072 ἀμφ’
841 3003 998 3056 αὐτὸν
1023 3004 1280 3072 ἁοράτους
1320 3008 1409 3060 καὶ
1451 3007 1684 3078 πονηρὰς

144 3097 397 3167 δυνάμεις,
433 3097 532 3149 διὰ
569 3096 872 3166 κρείττονος
899 3095 992 3146 καὶ
1037 3095 1382 3166 ἁκαταμάχου
1413 3097 1684 3167 δυνάμεως

147 3185 567 3254 ἧλαυνεν,εἱ.τέτι
595 3201 655 3236 τε
691 3183 784 3234 νῦν
820 3182 1054 3254 κυριεύει
1092 3183 1255 3237 ἐθνῶν
1284 3185 1504 3250 πολλῶν,
1524 3181 1596 3238 ὧν
1615 3187 1682 3240 τὰ

147 3277 277 3345 πάχη
293 3276 459 3328 καὶτὸ
475 3274 736 3344 φρόνημα
747 3275 842 3343 τῆς
861 3273 1055 3343 σαρκὸς
1069 3271 1352 3336 λεπτύνων,
1367 3275 1457 3327 ἐπὶ
1468 3277 1562 3346 τὴν
1579 3292 1686 3329 στεο

146 3363 230 3431 νὴν
245 3363 358 3414 ὀῧῦν
377 3363 480 3431 νξῆς
511 3361 735 3414 αἰωνίου
763 3361 905 3429 ζωῆς
929 3359 1253 3429 ἐπιτηδείους
1278 3361 1682 3426 κατασκευάζει.

157 3451 300 3504 Ἀλλὰ
327 3453 422 3506 καὶ
446 3451 801 3513 κατακλιθεὶς
828 3451 984 3511 αὐτὸς
1010 3445 1159 3513 οὗτος
1188 3452 1218 3502 ὁ
1239 3451 1294 3516 ἐξ
1332 3453 1538 3523 Ἰσραὴλ
1566 3471 1689 3524 προ-

145 3541 298 3594 ελθὼν
344 3543 660 3613 ἄνθρωπες,
711 3544 740 3594 ὁ
785 3540 1207 3608 κατακυριεύσας
1257 3541 1418 3594 ἐθνῶν
1463 3544 1686 3608 πολλῶν,

150 3632 555 3698 «ἀνεπαύσατο,
628 3634 810 3700 φησιν,
851 3633 924 3695 ὡς
984 3633 1138 3695 λέων,
1167 3651 1184 3682 ι
1213 3632 1350 3684 οὕτω
1400 3633 1568 3702 δηλῶν
1621 3634 1686 3704 ἣν

145 3720 412 3786 ἀνεδέξατο
442 3722 782 3791 οἰκονομίαν,
817 3721 932 3774 καθ’
961 3722 1026 3792 ἢν
1072 3721 1256 3792 ὥσπερ
1299 3739 1378 3784 τις
1424 3721 1688 3791 βασιλικὸς

143 3809 225 3862 καὶ
253 3810 563 3882 θαρραλέος
606 3810 711 3880 Θὴρ
757 3811 1111 3874 ἀνεπαύσατο,
1151 3811 1368 3880 μηδενὸς
1401 3813 1558 3869 αὑτοῦ
1590 3815 1688 3884 τὴν

147 3901 302 3970 ἀρχὴν
329 3906 426 3956 καὶ
457 3901 564 3972 τὴν
601 3899 873 3970 βασιλείαν
913 3900 1334 3971 μεταστήσασθαι
1359 3902 1646 3972 δυναμένου
1672 3922 1686 3934 ·

148 3990 332 4054 πάντες
365 4009 426 4044 τε
469 3993 522 4045 οἱ
559 3991 652 4042 τὸν
695 3989 923 4060 Χριστὸν
954 3989 1310 4057 εὐλογοῦντες,
1343 3991 1480 4062 λόγῳ
1509 4009 1567 4045 τε
1599 3995 1692 4046 καὶ

148 4077 238 4148 βίῳ
263 4082 626 4151 σεμνύνοντες
657 4080 756 4150 τὴν
787 4079 979 4150 ἀρετὴν
1021 4079 1114 4132 τοῦ
1148 4079 1478 4145 διδασκάλου,
1503 4083 1599 4153 τῆς
1630 4086 1691 4136 ἐκ

147 4167 269 4222 Θεοῦ
302 4169 700 4240 μετειλήφασιν
728 4167 991 4235 εὐλογίας,
1026 4165 1273 4232 αὔξοντες
1308 4169 1568 4241 ὁσημέραι
1599 4173 1690 4224 καὶ

147 4259 524 4329 πληθύνοντες,
559 4255 704 4310 κατὰ
724 4255 804 4319 τὸ,
841 4275 858 4306 ι
880 4255 1196 4321 Λύξάνεσοε,
1223 4259 1314 4310 καὶ
1345 4258 1686 4328 πληθύνεσθε,

146 4347 234 4399 καὶ
282 4346 615 4417 πληρώσατε
669 4343 766 4414 τὴν
813 4343 936 4413 γῆν,
967 4363 986 4393 ν
1019 4344 1368 4416 ἀληθέστερον
1412 4349 1496 4399 ἐπ’
1517 4349 1689 4400 αὐτῶν

147 4438 231 4490 καὶ
259 4437 730 4512 οεοπρετεέστερον
762 4441 859 4510 τῆς
882 4441 1029 4504 Θείας
1087 4442 1466 4512 ὲκτελουμένης
1497 4444 1694 4514 φωνῆς.

157 4525 236 4591 Ὠς
258 4529 496 4599 ἔμπαλιν
522 4535 571 4586 οἱ
597 4532 707 4586 ἀπὸ
730 4533 947 4602 πρώτης
969 4534 1066 4602 τῆς
1094 4533 1210 4586 κατ’
1233 4534 1391 4586 αὐτοῦ
1411 4535 1692 4606 ἐπιϐουλῆς

146 4617 300 4670 εἰσέτι
324 4623 424 4674 καὶ
443 4621 544 4675 νῦν
569 4622 729 4675 αὐτὸν
755 4624 812 4675 ὲν
837 4625 946 4684 τοῖς
972 4621 1146 4674 αὐτῶν
1174 4624 1459 4694 συνεδρίοις
1483 4623 1694 4697 ἀρώμε-

147 4719 238 4767 νοι,
264 4709 364 4778 τὴν
390 4712 458 4764 ὲκ
499 4711 634 4764 Θεοῦ
659 4712 898 4782 κατάραν
929 4712 985 4777 ἐξ
1016 4712 1217 4764 ἐκείνου
1241 4715 1332 4766 καὶ
1359 4715 1516 4768 εἰσέτι
1541 4715 1694 4786 δεῦρο

149 4793 258 4846 καθ’
285 4797 506 4852 ἑαυτῶν
553 4800 947 4855 ἐπεσπάσαντο.
980 4800 1069 4852 Διὸ
1111 4802 1202 4853 καὶ
1240 4803 1335 4872 τὴν
1380 4803 1605 4876 ἐσχάτην
1633 4807 1692 4858 οὐ

154 4881 302 4948 μόνον
336 4888 440 4957 τῆς
472 4887 765 4956 βασιλείας,
799 4888 933 4942 ἀλλὰ
955 4891 1045 4942 καὶ
1075 4888 1165 4942 τοῦ
1193 4890 1352 4944 πάλαι
1377 4894 1695 4962 σεμνοτάτου

151 4972 319 5028 αὐτῶν
344 4979 692 5048 ἁγιάσματος
723 4979 956 5050 ἐρημίαν
986 4996 1045 5031 τε
1074 4981 1167 5033 καὶ
1195 4981 1391 5050 φθορὰν
1413 4985 1472 5036 ού
1501 4986 1696 5038 παύον-

151 5075 234 5113 ται
263 5066 565 5136 ὀφθαλμοῖς
589 5068 1034 5141 ὀρῶντες.”Αξιον
1053 5069 1108 5122 δὲ
1127 5069 1439 5138 παραθεῖναι
1466 5077 1571 5136 τοῖς
1603 5091 1698 5144 με·

153 5147 216 5200 τα
244 5158 430 5222 χεῖρας
474 5158 574 5227 τὴν
618 5159 757 5228 πρὸς
795 5157 887 5210 τὸν
925 5156 1116 5210 Ἰούδαν
1150 5158 1242 5210 τοῦ
1283 5158 1466 5212 Ἰακὼϐ
1499 5179 1702 5232 προφη-

153 5241 314 5306 τείαν,
343 5247 411 5316 ῆν
459 5249 551 5300 καὶ
596 5247 766 5317 αὐτὴν
810 5245 1169 5314 ἐναργέστατα
1205 5249 1282 5309 είς
1321 5249 1409 5301 τὸν
1439 5252 1695 5323 ἡμέτερον

158 5327 374 5403 Σωτῆρα
422 5335 755 5407 ἐφαρμόζειν
801 5336 1339 5404 προπαρεστήσαμεν,
1375 5339 1594 5393 συνιδεῖν
1637 5358 1697 5394 τε

159 5418 248 5486 τὴν
275 5423 332 5476 ἐν
360 5425 641 5494 ἑκατέροις
685 5424 1022 5494 συμφωνίαν.
1039 5423 1123 5486 Ὠς
1155 5424 1260 5494 γὰρ
1286 5427 1511 5482 ἐνταῦθα
1549 5433 1698 5504 εἴρη-

164 5519 274 5560 ται·
313 5529 330 5562 ι
352 5513 721 5580 Ἐξελεύσεται
747 5511 1029 5583 ἄνθρωπος
1065 5513 1126 5564 ἐκ
1153 5510 1244 5564 τοῦ
1277 5515 1577 5586 σπέρματος
1605 5519 1700 5572 αὐ-

229 5685 651 5753 “Gen.i,28.

1779 1951 1830 1994 et
1851 1942 1898 1994 ei
1930 1941 2182 1994 ﬁnitimas
2213 1945 2417 2008 gentes,
2441 1952 2770 2006 qumcunque
2798 1953 2939 1991 nunc
2983 1938 3082 1992 sub
3108 1937 3304 1992 Roma-

1779 2048 1966 2086 norum
2008 2032 2228 2100 imperio
2269 2037 2414 2093 sunt,
2459 2041 2511 2086 et
2552 2045 2647 2098 per
2674 2027 2898 2090 Thobel,
2930 2030 3151 2085 theriam
3211 2029 3304 2084 Jo-

1780 2122 1976 2190 seplms
2023 2121 2306 2190 intelligit,
2347 2120 2437 2188 qni
2485 2133 2514 2172 a
2567 2119 2766 2174 Thohel
2795 2118 2923 2172 dicit
2967 2117 3136 2173 factos
3182 2133 3304 2175 esse

1779 2209 2094 2274 Thobeclos,
2122 2209 2214 2278 qui
2271 2209 2449 2261 Iberes
2520 2205 2793 2268 dicuntur,
2829 2207 3025 2276 quibus
3053 2206 3302 2262 omnibus

1780 2299 2126 2368 imperantem
2167 2297 2281 2366 Gcg
2311 2297 2366 2350 in
2409 2297 2636 2351 sublime
2679 2295 3042 2366 adaugendum
3073 2297 3167 2359 ait,
3203 2299 3304 2352 sub

1779 2388 1896 2456 ejus
1922 2387 2119 2442 Christi
2149 2387 2216 2442 de
2240 2403 2346 2456 quo
2370 2386 2641 2456 propheta:
2679 2385 2970 2454 loquuntur
2997 2386 3300 2454 adventum,

1780 2492 1939 2544 quem
1964 2475 2104 2530 Deus
2139 2475 2290 2530 duxit
2309 2491 2373 2529 ex
2407 2474 2658 2544 Egypto,
2673 2489 2778 2542 quo
2805 2481 3061 2543 tempore,
3087 2482 3142 2527 ut
3164 2477 3300 2546 apud

1781 2562 2080 2616 Matthzeum
2109 2561 2458 2632 legitur,dum
2481 2562 2584 2632 ipsi
2616 2561 2790 2615 adhuc
2820 2577 2984 2630 puero
3023 2562 3306 2616 insidiatur

1781 2652 2034 2710 Herodes.
2075 2650 2268 2720 Josepb
2301 2660 2518 2719 accepto
2550 2651 2802 2711 oraculo,
2829 2651 3034 2720 accepit
3083 2667 3306 2718 puerum

1780 2754 1832 2797 et
1877 2751 2094 2796 matrem
2126 2741 2262 2808 ejus,
2286 2749 2338 2795 et
2369 2755 2616 2794 reversus
2665 2748 2748 2794 est
2799 2740 2850 2792 in
2881 2747 3078 2794 terram
3123 2738 3303 2794 Israel.

1781 2831 2178 2886 Rhiuoccrotis
2221 2846 2348 2884 vero
2416 2831 2587 2900 gloria
2650 2829 2750 2898 ipsi
2829 2829 3041 2884 Christo
3096 2829 3306 2894 adfuit,

1780 2930 2054 2993 propterea
2101 2919 2242 2990 quod
2295 2921 2558 2990 placuerit
2607 2920 2660 2973 in
2698 2935 2762 2974 eo
2805 2920 3043 2974 habitare
3097 2935 3306 2973 onmem

1781 3012 2158 3083 plenitudinem
2203 3009 2520 3074 divinitatis,
2551 3017 2608 3062 ut
2639 3009 2713 3062 ait
2753 3017 2971 3064 sanctus
2999 3008 3308 3077 Apostolus.

1784 3102 2116 3170 Quapropter
2153 3097 2276 3152 dum
2306 3099 2467 3151 veluti
2513 3111 2681 3151 cornu
2725 3098 2827 3152 sibi
2875 3096 3110 3150 universi
3145 3095 3308 3149 Deum

1785 3189 1993 3244 Patrem
2027 3188 2266 3251 ascribit,
2291 3187 2448 3241 etiam
2477 3187 2748 3241 unicornis
2779 3186 2832 3238 in
2854 3185 2970 3238 aliis
2992 3183 3310 3260 quihusdam

1789 3278 2082 3347 Scripturis
2109 3285 2191 3332 cst
2218 3276 2538 3330 nominatus.
2583 3275 2724 3328 Idem
2758 3288 2916 3342 porro
2953 3273 3046 3326 Dei
3083 3270 3308 3326 Verbum

1784 3367 2200 3435 intelligibilibus
2247 3365 2702 3432 rationalibusque
2758 3363 2872 3418 suis
2911 3363 3152 3430 sagittis.
3208 3363 3315 3415 iiii-

1787 3457 1982 3510 micum
2031 3455 2239 3524 sibique
2283 3455 2649 3508 adversantem
2698 3452 2989 3513 diabolum;
3023 3466 3314 3518 omnesque

1787 3545 1930 3599 circa
1977 3545 2122 3597 illum
2167 3552 2442 3598 versantes
2478 3541 2776 3595 invisibiles
2817 3547 2870 3594 ct
2915 3540 3177 3608 malignas
3219 3556 3315 3607 pc—

1789 3643 2028 3698 testatos,
2059 3635 2416 3706 pracstantiori
2465 3649 2561 3688 sua
2602 3641 2656 3688 et
2693 3630 3091 3700 inexpugnabili
3121 3631 3314 3684 virtute

1789 3727 2038 3792 conﬁxit,
2093 3736 2252 3796 atque
2307 3726 2465 3780 etiam
2519 3739 2664 3778 nunc
2719 3725 2964 3792 gentibus
3008 3722 3190 3776 multis
3219 3721 3314 3776 do-

1791 3815 2055 3879 minatur,
2109 3829 2336 3882 quarum
2385 3813 2768 3867 crassitudines
2821 3820 2874 3864 et
2941 3809 3135 3864 fastum
3195 3825 3314 3864 cor-

1792 3919 1962 3974 porea:
2035 3917 2224 3958 massae
2299 3910 2592 3956 extenuans
2663 3901 2729 3955 ad
2807 3907 3086 3970 angustam
3157 3909 3312 3954 mter-

1789 4010 1871 4049 nae
1905 3996 2024 4049 vitae
2087 3995 2226 4048 viam
2286 3992 2683 4062 ingrediendam
2750 3992 2968 4048 idoneas
3021 3997 3314 4060 comparat.

1789 4083 1948 4156 425
1987 4084 2090 4137 Sed
2120 4083 2276 4137 etiam
2307 4083 2624 4142 recumbens
2666 4081 2804 4136 idem
2837 4081 2924 4135 hic
2957 4080 3116 4134 homo
3137 4094 3202 4134 ex
3241 4077 3318 4132 ls-

1791 4176 1901 4228 rael
1934 4173 2223 4243 prolectus,
2259 4172 2348 4241 qui
2379 4172 2560 4237 multis
2591 4171 2896 4225 dominatus
2933 4175 3016 4222 est
3046 4167 3314 4238 gentibus.

1798 4281 1818 4313 ι
1853 4261 2070 4332 quievit,
2109 4261 2298 4330 inquit,
2332 4267 2388 4312 ut
2419 4261 2520 4322 leo,
2559 4278 2578 4310 ›
2615 4259 2810 4328 quibus
2833 4257 3008 4312 verbis
3039 4268 3197 4324 quam
3231 4255 3319 4308 ille

1795 4353 2086 4420 assumpsit
2133 4352 2622 4422 dispensationem,
2685 4353 2968 4422 signiﬁcat,
3026 4347 3318 4404 secundum

1727 4446 1772 4501 D
1797 4455 1954 4510 quam
1983 4440 2134 4508 quasi
2161 4443 2376 4510 quidam
2410 4443 2648 4512 regulus,
2670 4451 2723 4496 ct
2749 4441 2903 4510 quasi
2936 4441 3045 4494 fera
3079 4439 3320 4508 quadam

1795 4530 2052 4584 audacior
2077 4532 2436 4600 quievit,dum
2463 4534 2606 4587 illius
2627 4533 2974 4600 principatum
3009 4544 3072 4583 ac
3100 4543 3320 4598 regnum

1796 4635 2011 4674 movere
2033 4623 2152 4676 loco
2175 4638 2331 4676 nemo
2351 4631 2434 4676 est
2461 4623 2550 4692 qui
2583 4623 2772 4690 possit.
2804 4621 3005 4676 Omnes
3030 4627 3204 4672 autem
3227 4617 3318 4684 qui

1796 4712 2013 4768 Christo
2059 4713 2238 4766 favent
2287 4729 2350 4766 ac
2409 4713 2768 4772 benedicunt,
2815 4717 2868 4762 ct
2918 4717 3030 4761 tum
3082 4706 3323 4759 oratione

1798 4813 1908 4856 tum
1940 4803 2045 4854 vita
2081 4803 2262 4854 virtuti
2297 4801 2637 4870 praeceptoris
2674 4797 2874 4852 addunt
2899 4797 3098 4849 cultum
3143 4801 3194 4847 et
3238 4809 3321 4846 re-

1796 4892 2104 4954 verentiam,
2131 4891 2325 4944 favoris
2357 4887 2845 4952 benedictionisque
2876 4885 3068 4936 divina
3084 4880 3320 4934 vicissim

1796 4979 2082 5049 participes
2133 4978 2277 5041 facti,
2337 4982 2631 5046 augescunt
2675 4973 2912 5042 quotidie
2958 4986 3020 5024 ac
3070 4969 3324 5038 multipli-

1798 5080 2010 5130 cantur,
2036 5075 2220 5134 utpote
2239 5083 2359 5122 cum
2397 5069 2450 5120 in
2486 5064 2616 5134 ipsis
2640 5063 2822 5116 divina
2845 5061 2934 5114 illa
2960 5075 3061 5112 vox
3091 5077 3105 5112 :
3142 5076 3161 5108 ι
3191 5059 3326 5112 Cre-

1801 5159 1930 5214 scite
1959 5167 2014 5212 et
2039 5155 2464 5224 multiplicamini
2495 5161 2548 5206 et
2566 5152 2765 5220 replete
2782 5158 2976 5204 terram
3006 5149 3071 5209 ",
3102 5165 3120 5200 ι
3151 5157 3202 5200 et
3237 5162 3326 5200 ve-

1799 5249 1910 5303 rius
1939 5256 1991 5302 et
2010 5247 2119 5300 Deo
2149 5243 2550 5300 convenientius
2578 5241 2734 5295 ﬁnem
2755 5255 2912 5294 suum
2935 5243 3323 5306 consequatur:

1801 5339 1940 5392 sicut
1985 5337 2311 5401 econtrario,
2351 5335 2443 5404 qui
2477 5348 2507 5386 a
2535 5331 2708 5402 prima
2732 5332 2988 5386 adversus
3021 5331 3169 5382 illum
3193 5344 3325 5382 con-

1803 5429 2092 5498 Spiratione
2117 5429 2279 5482 etiam
2311 5441 2456 5482 nunc
2508 5425 2564 5477 in
2591 5424 2704 5478 suis
2735 5424 2884 5477 illum
2914 5421 3151 5477 consiliis
3176 5435 3331 5474 exse-

1804 5525 2044 5584 erantur,
2077 5518 2170 5574 Dei
2201 5519 2258 5573 in
2315 5518 2524 5589 seipsos
2571 5514 2992 5568 exsecratiOnem
3036 5525 3100 5564 ex
3157 5507 3248 5560 illo
3276 5504 3332 5559 in
