3740 6334
511 378 612 431 663

1125 358 1385 414 EUSEBII
1424 315 1893 412 cmsanmmes
1929 353 2025 408 ορ]

2132 352 2312 408 PARS.
2351 350 2414 406 ll.
2443 382 2510 393 —-
2529 352 3025 409 APOLOGETICA.
3524 359 3598 417 ὅθι

514 494 652 545 hunc
693 498 863 553 usque
909 479 1046 533 diem
1085 485 1479 531 contraxerunt.
1538 474 1872 542 Quapropter
1924 484 2025 523 non

2132 470 2243 534 τοῦ,
2276 490 2295 522 ι
2329 470 2518 541 (δῆλον
2559 468 2603 521 δ’
2627 469 2703 521 ὃτι
2750 469 2847 526 τοῦ
2882 468 3114 536 Ἰακὼ6,)
3148 468 3281 521 οὕτω
3315 470 3477 522 κάκεῖ·
3502 474 3600 527 «Ἐκ

512 576 661 647 regni
684 573 876 630 solum,
902 567 995 622 sed
1017 565 1172 620 etiam
1205 563 1288 617 sui
1314 563 1480 625 illius,
1512 560 1652 628 quod
1688 560 1890 613 honore
1924 572 2035 611 om-

512 670 565 722 ni
587 680 648 718 ac
672 658 968 716 reverentia
996 655 1261 712 colebant,
1293 651 1603 713 sanctuarii,
1631 657 1924 703 extremam
1946 664 2033 703 so-

512 755 790 811 Iitudinem
822 756 979 815 atque
1025 744 1295 797 interitum
1331 742 1383 792 in
1417 742 1587 793 oculis
1624 739 1839 800 habere,
1877 747 2034 806 atque

509 843 703 899 intueri
724 855 829 895 non
859 837 1130 890 desinunt.
1156 830 1271 883 Non
1298 830 1395 883 abs
1416 844 1472 882 re
1496 835 1669 882 autem
1704 828 1863 881 fuerit
1889 828 2034 882 hisce

510 948 627 1001 quae
656 943 797 984 nunc
828 932 1135 984 tractamus,
1168 920 1338 989 ipsius
1384 917 1549 970 Jacoh
1575 916 1641 970 ad
1682 914 1873 969 Judam
1909 932 2034 986 pro—

513 1019 743 1090 phetiam
778 1010 1085 1083 adjungere,
1115 1021 1273 1075 quam
1298 1005 1456 1059 etiam
1490 1005 1659 1072 ipsam
1687 1003 2034 1059 evidentissi-

510 1089 596 1159 ine
633 1101 892 1156 Salvatori
915 1104 1095 1151 nostro
1118 1091 1625 1159 accommodarijam
1641 1089 2033 1146 demonstravi-

508 1209 648 1255 mus,
698 1186 1146 1256 contemplarique
1195 1196 1333 1245 eam,
1367 1191 1484 1250 qua:
1533 1180 1587 1233 in
1640 1180 1881 1248 utrisque
1927 1182 2030 1235 est,

507 1281 862 1337 concordiam.
895 1272 1345 1341 Quemadmodum
1378 1271 1517 1324 enim
1540 1268 1627 1321 hic
1671 1268 1870 1322 dictum
1904 1274 1987 1321 est
2015 1285 2028 1321 :

515 1392 533 1421 ι
577 1369 888 1439 Egredietur
910 1366 1069 1418 homo
1097 1363 1164 1415 de
1205 1361 1405 1415 semine
1427 1359 1542 1428 ejus
1568 1358 1758 1428 (ipsius
1789 1357 2033 1411 videlicet

508 1457 724 1528 lat-ob),
747 1476 765 1508 ι
794 1457 867 1509 ita
890 1456 1048 1509 etiam
1089 1452 1422 1518 illic;dictum
1453 1457 1533 1503 est
1570 1467 1583 1503 :
1615 1467 1633 1500 ι
1670 1448 1745 1502 De
1769 1449 2029 1517 germine,

508 1549 584 1602 lili
614 1547 711 1609 mi,
753 1542 1038 1598 ascendisti
1071 1542 1136 1607 ",
1175 1559 1193 1592 ι
1227 1540 1295 1593 ab
1323 1539 1441 1608 ipso
1468 1536 1653 1601 Jacob,
1702 1537 1769 1591 ad
1794 1552 1916 1591 cum
1965 1536 2034 1592 de

508 1651 615 1705 quo
649 1636 761 1704 ipse
787 1633 1123 1687 vaticinatur.
1162 1629 1333 1698 thue
1366 1630 1419 1681 in
1453 1628 1698 1697 praesenti
1739 1628 1936 1681 dicitur
1967 1628 2034 1682 il-

2131 560 2378 630 βλαστοῦ,
2428 561 2514 614 υἱέ
2566 577 2682 631 μου,
2727 558 2947 627 ἀνὲὄης,
2979 575 2998 607 ι
3036 558 3212 628 εῖρητο
3254 558 3338 610 ὑπ’
3363 560 3500 613 αὐτοῦ
3535 567 3600 619 τοῦ

2144 649 2329 703 Ἰακὼὸ
2361 649 2496 722 πρὸς
2525 650 2614 702 τὸν
2653 647 3144 719 προφητευόμενον.
3186 648 3289 699 Καὶ
3328 648 3395 710 ὡς
3430 651 3507 704 ἐπὶ
3536 656 3602 707 τοῦ

2133 743 2392 813 παρόντος
2414 742 2623 809 λέγεται
2644 741 2723 805 τὸ,
2749 760 2767 790 ι
2788 741 2899 791 Καὶ
2917 739 3192 809 κυριεύσει
3219 738 3377 791 ἐθνῶν
3399 741 3599 803 πολλῶν.»

2129 833 2322 902 ὁμοίως
2350 831 2441 884 καὶ
2469 833 2526 883 ἐν
2551 830 2772 893 ἐκείνοις
2798 829 2881 893 τὸ,
2918 847 2936 879 ι
2964 830 3073 880 Kal
3098 828 3253 891 αὐτὸς
3280 828 3413 881 ἔσται
3442 834 3605 900 προσδο-

2130 924 2221 975 κία
2264 921 2446 975 ἐθνῶν.
2494 940 2515 972 ι
2570 922 2680 974 Kal
2729 919 2890 972 πάλιν
2944 915 3171 970 ἐνταῦθα
3215 918 3327 987 μὲν,
3375 937 3392 970 ι
3431 921 3602 983 Ἐδεται,

2132 1013 2309 1081 φησὶν,
2354 1031 2371 1062 ν
2397 1011 2520 1082 ἔθνη
2562 1011 2769 1081 ἐχθρῶν
2796 1008 2987 1072 αὑτοῦ,
3021 1009 3114 1060 καὶ
3142 1011 3258 1070 ταῖς
3293 1008 3470 1077 βολίσιν
3492 1011 3604 1064 αὑτοῦ

2130 1100 2501 1166 κατατοξεύσει
2528 1100 2746 1170 ἐχθρόν·
2774 1119 2795 1150 ι
2817 1098 3090 1160 Ὡσαύτως
3116 1097 3171 1148 δὲ
3198 1099 3287 1150 καὶ
3329 1100 3381 1151 ἐν
3420 1099 3606 1162 ἐκείνοις,

2136 1210 2155 1242 ε
2188 1191 2250 1242 Δί
2276 1190 2450 1261 χεῖρές
2472 1207 2562 1242 σου
2585 1189 2679 1241 ἐπὶ
2704 1187 2877 1241 νώτου
2900 1186 3009 1240 τῶν
3040 1186 3130 1256 ὲχθ
3140 1185 3243 1255 ρῶν
3275 1202 3380 1250 σου,
3398 1205 3414 1238 ι
3437 1187 3607 1254 ἐλέγετο.

2130 1281 2239 1332 Kal
2285 1281 2364 1346 τὸ,
2397 1298 2416 1330 ι
2445 1279 2687 1349 Σκύμνος
2729 1278 2948 1340 λέοντος
2983 1276 3169 1339 Ἰούδα,
3197 1295 3216 1327 ι
3246 1276 3334 1327 καὶ
3372 1275 3443 1338 τὸ,
3469 1296 3484 1327 ι
3503 1278 3607 1329 Ἀνε-

2131 1370 2305 1425 πεσὼν
2327 1370 2613 1440 ἐκοιμήθης
2635 1370 2711 1432 ὡς
2729 1370 2888 1434 λέων,
2907 1370 3002 1423 καὶ
3020 1369 3097 1430 ὡς
3124 1367 3376 1436 σκύμνοςο
3393 1368 3465 1429 τίς
3488 1370 3611 1439 ἐγερεῖ

2130 1461 2319 1524 αύτόν;
2356 1480 2374 1511 ›
2406 1461 2462 1511 ὲν
2490 1459 2718 1520 ἐκείνοις
2743 1458 3059 1528 εἰρημένον,
3089 1457 3237 1509 οὐδέν
3273 1474 3355 1525 μοι
3395 1456 3516 1508 δοκεῖ
3541 1458 3610 1509 διει-

2132 1551 2312 1621 φέρειν
2342 1550 2437 1619 τῆς
2473 1548 2604 1619 μετὰ
2633 1552 2824 1617 χεῖρας
2852 1547 3055 1611 λέξεως
3086 1546 3413 1615 φασκούσηςο
3446 1565 3462 1595 ι
3485 1548 3610 1601 Κατα-

2131 1639 2326 1701 κλιθεὶς
2373 1638 2710 1690 ἀνεπαύσατο
2755 1637 2836 1699 ὡς
2885 1637 3047 1699 λέων,
3078 1638 3172 1689 καὶ
3212 1636 3284 1699 ώς
3310 1637 3537 1706 σκύμνος·
3561 1639 3611 1699 τίς

507 1724 599 1778 lud
627 1740 642 1778 :
675 1741 694 1772 ι
726 1720 791 1774 Ει
817 1720 1179 1775 dominabitur
1205 1717 1451 1787 gentibus
1474 1717 1675 1780 multis,
1701 1734 1719 1766 ι
1740 1716 1820 1770 sic
1844 1718 1898 1769 in
1922 1716 2025 1771 illis

2135 1728 2419 1797 ἀναστήσει
2464 1727 2654 1792 αὐτόν;
2692 1745 2710 1777 ι
2756 1726 2953 1783 Ταῦτα
3003 1728 3062 1780 δὲ
3111 1727 3330 1790 εἰκότως
3373 1729 3442 1789 εἰς
3482 1728 3611 1779 ταύτὸν

508 1829 721 1886 quoque
748 1812 876 1866 illud
909 1829 921 1865 :
951 1829 967 1861 ι
995 1812 1060 1864 Ει
1084 1812 1198 1879 ipse
1216 1786 1656 1877 eritexspectatio
1675 1806 1911 1875 gentium
1928 1806 2025 1860 “.i

2136 1786 2522 1888 συνηγάγομεν,
2552 1816 2620 1869 ἶν’
2641 1786 2843 1887 ’ὥσπερ
2872 1817 2968 1869 ἐπὶ
2991 1817 3260 1887 στόματος
3287 1786 3373 1870 δύο
3401 1786 3612 1886 μαρτύρων

506 1907 572 1962 Et
602 1918 795 1958 rursus
826 1901 913 1955 hic
943 1900 1157 1968 quidem
1194 1918 1207 1953 :
1242 1917 1260 1949 ‹
1296 1898 1598 1961 Devorahit,
1622 1896 1811 1966 inquit,
1847 1904 2025 1965 gentes

2132 1909 2227 1977 τῆς
2270 1909 2327 1959 ὲν
2356 1910 2472 1969 ταῖς
2501 1905 2858 1976 προφητείαις
2902 1907 3282 1977 συμφωνίαςή
3313 1905 3520 1977 περὶτοῦ
3543 1906 3612 1957 Σω-

505 1994 843 2050 inimicorum
873 2005 1115 2052 suorum,
1151 1997 1215 2053 et,
1251 1988 1447 2056 jaculis
1488 1987 1601 2042 suis
1648 1986 1802 2040 feriet
1852 1986 2024 2039 inimi-

2132 1995 2290 2066 τῆρος
2316 1997 2347 2065 ἡ
2356 1995 2464 2064 μῶν
2485 1995 2747 2061 ἀπόδειξις
2772 1995 3132 2066 βεϐαιοτέραν
3151 1996 3299 2050 λάϐοι
3316 1996 3405 2065 τὴν
3423 1995 3610 2064 κύρωσιν.

504 2099 653 2147 cum;
682 2101 700 2133 ι
740 2081 797 2134 in
826 2080 932 2134 illis
977 2086 1156 2132 autem
1187 2078 1349 2132 simili
1398 2076 1603 2130 ratione
1652 2074 1782 2128 illud
1827 2074 2025 2128 dictum

2132 2084 2311 2137 Πάντα
2333 2085 2377 2136 δ’
2398 2080 2488 2138 οὖν
2516 2084 2583 2137 τά
2605 2086 2683 2146 εἰς
2706 2087 2807 2157 τὴν
2834 2085 2933 2138 τοῦ
2968 2085 3164 2139 Ἰακὼϐ
3187 2087 3466 2157 πρόρρησιν
3486 2084 3613 2136 saltau-

439 2192 446 2198 ·
503 2183 585 2228 est
616 2191 629 2226 :
665 2189 683 2222 ι
727 2169 915 2230 Manus
936 2169 1120 2239 tuaain
1149 2175 1299 2237 tergo
1323 2167 1663 2220 inimicorum
1693 2174 1907 2218 tuorum
1928 2165 2025 2217 δι.»

2132 2174 2335 2243 ρημένα
2367 2174 2648 2244 ἀρμόσειεν
2688 2174 2755 2228 ἂν
2798 2177 2896 2229 καὶ
2944 2178 3028 2237 εἰς
3066 2175 3163 2245 τὴν
3207 2175 3299 2228 τοῦ
3346 2173 3534 2241 Βαλαὰμ
3551 2174 3611 2240 τῆς

502 2263 633 2317 Item
660 2262 788 2315 illud
816 2279 829 2313 :
856 2279 873 2310 ι
911 2259 1133 2314 Catulus
1159 2258 1330 2312 leonis
1357 2255 1513 2320 Juda,
1551 2274 1571 2308 ι
1593 2262 1647 2310 et
1672 2255 1803 2309 illud
1834 2274 1848 2310 :
1883 2274 1901 2306 ι
1926 2253 2025 2309 Re-

2132 2259 2435 2329 ΰμοιότητος
2475 2260 2579 2313 τῶν
2625 2261 2934 2331 λεγομένων
2972 2263 3158 2316 ἕνεκα.
3190 2264 3252 2316 Et
3298 2263 3357 2332 δὴ
3392 2264 3540 2315 ἐκεῖνα
3558 2260 3611 2312 διὰ

502 2351 759 2404 cumhens
782 2348 1081 2403 dormivisti
1112 2353 1172 2402 ut
1196 2347 1299 2411 leo,
1351 2354 1402 2401 et
1437 2354 1495 2400 ut
1522 2345 1755 2410 catulus,
1785 2345 1907 2414 quis
1931 2360 2025 2399 ex-

2132 2349 2321 2419 πολλῆς
2340 2350 2659 2416 ἀποδείξεως
2684 2353 2780 2404 ἐπὶ
2811 2352 2906 2405 τὸν
2942 2355 3209 2425 ἡμέτερον
3236 2353 3443 2423 Σωτῆρα
3466 2350 3609 2419 πεπλη·

501 2439 689 2493 citabit
716 2439 865 2491 illum
893 2438 976 2490 ³³2
1014 2457 1032 2488 ι
1087 2436 1311 2506 quodin
1359 2435 1464 2491 illis
1511 2435 1712 2489 dictum
1763 2442 1864 2500 est,
1895 2434 2025 2488 nihil

2132 2441 2343 2508 ρωμένα
2370 2440 2616 2512 συνέστη,
2649 2442 2950 2496 ἀκόλουθον
2996 2443 3064 2497 ἂν
3111 2446 3195 2514 εἴη
3233 2444 3323 2497 καί
3349 2442 3412 2496 τὰ
3441 2442 3612 2513 παρόντα

504 2527 634 2580 mihi
670 2526 883 2581 diﬂerre
933 2525 1142 2580 videtur
1172 2526 1238 2578 ab
1267 2539 1350 2587 eo,
1400 2522 1543 2592 quod
1570 2538 1713 2577 nunc
1739 2530 2025 2580 tractamus

2132 2526 2418 2596 ὁμολογεῖν.

501 2619 736 2681 oraculo,
769 2618 923 2687 cujus
948 2617 1036 2670 illa
1063 2623 1188 2671 sunt
1209 2615 1369 2669 verba
1399 2633 1413 2669 :
1450 2632 1468 2664 (
1504 2613 1841 2669 Recumbens
1871 2617 2069 2684 quievit
2093 2618 2172 2672 ἰιι
2223 2619 2326 2684 leo,
2359 2628 2411 2674 et
2458 2628 2514 2676 ut
2555 2628 2795 2685 catulus,
2828 2628 2957 2695 quis
3012 2628 3273 2683 excitabit
3316 2622 3612 2683 illumilich

502 2717 675 2763 autem
707 2724 812 2762 non
845 2710 940 2763 abs
960 2723 1019 2763 re
1045 2723 1209 2762 unum
1238 2708 1293 2761 in
1314 2709 1487 2761 locum
1510 2708 1801 2777 coegimus,
1844 2717 1901 2762 ut
1952 2712 2102 2779 quasi
2137 2712 2192 2765 in
2243 2728 2336 2769 ore
2383 2715 2610 2769 duorum
2660 2720 2916 2784 testium,
2966 2722 3090 2790 ejus
3139 2738 3257 2791 quae
3310 2723 3363 2776 in
3392 2716 3612 2791 prapheiiil

501 2804 772 2865 spectatur
829 2798 1148 2861 concordiae,
1195 2797 1261 2852 de
1306 2796 1582 2851 Salvatore
1625 2805 1809 2853 nostro
1850 2799 2235 2859 demonstratio
2289 2804 2578 2861 ﬁrmiorem
2630 2810 2875 2880 accipiat
2908 2812 3312 2867 auctoritatem.
3354 2810 3447 2865 Sed
3488 2808 3610 2860 omnia

499 2901 825 2957 quacunque
846 2888 899 2942 in
915 2887 1224 2942 vaticinium
1257 2886 1422 2942 Jacob
1463 2889 1869 2971 contemplanda
1916 2894 2262 2962 contulimus,
2296 2896 2421 2951 huic
2450 2899 2575 2953 item
2624 2902 2775 2969 quod
2823 2919 2855 2956 a
2887 2904 3109 2959 Balaam
3145 2906 3342 2959 dictum
3373 2912 3463 2964 est,
3502 2896 3613 2970 426

502 2981 887 3035 accommodari
935 2988 1203 3051 poterunt,
1233 2990 1451 3051 propter
1499 2998 1683 3037 eorum
1736 3000 1854 3053 quae
1884 2985 2029 3041 dicta
2059 2997 2184 3042 sunt
2237 2991 2664 3056 similitudinem.
2697 2996 2860 3062 Quod
2918 3000 2965 3054 si
3001 3002 3092 3053 illa
3127 3001 3182 3054 in
3217 3009 3394 3055 nostro
3438 2996 3612 3050 Salvato-

499 3086 558 3127 η
603 3072 865 3143 completa
911 3088 1031 3129 esse
1059 3072 1304 3142 ampliori
1351 3074 1810 3130 demonstratione
1858 3084 1977 3141 tum.
2027 3080 2289 3145 constitit,
2342 3085 2587 3153 sequitur
2634 3085 2754 3154 jam
2802 3096 2867 3142 ut
2925 3095 3217 3159 prasentia
3271 3105 3465 3162 quoque
3501 3086 3612 3139 fatea-

500 3177 640 3217 mur.

500 3290 760 3378 Alesee.
790 3323 859 3334 —-
903 3294 1125 3378 [tepide
1155 3295 1245 3349 illo
1290 3296 1423 3360 quod
1478 3296 1787 3378 dictumnest
1818 3312 1841 3378 ε,
1870 3314 1888 3347 ι
1947 3298 2025 3351 EI

2143 3302 2404 3378 ’Aqdzpv
2442 3273 2872 3378 ὨοςηέςΑξέ-Ἕτι
2903 3310 3039 3378 περὶ
3064 3312 3191 3374 τοῦ,
3222 3330 3239 3361 ι
3272 3311 3365 3374 Ἐξ
3390 3310 3609 3378 Αἰγύπτοι]

570 3359 1200 3436 Ερυριο-υοεαυιβίίὶμηι
1235 3359 1418 3424 meum,
1453 3383 1471 3415 ι
1504 3377 1550 3419 et
1577 3366 1639 3418 de
1668 3365 1870 3421 Herode
1894 3383 2026 3436 rege,

569 3440 619 3487 et
644 3433 899 3489 eversione
927 3438 1070 3502 regni
1089 3433 1412 3492 Judworam.

575 3647 597 3681 ι
623 3628 689 3682 Et
716 3640 967 3699 exsurget
1004 3634 1232 3702 perditio
1261 3636 1316 3687 in
1363 3635 1559 3704 populo
1590 3641 1702 3698 tuo,
1742 3641 1796 3688 et
1841 3649 2025 3689 omnia

504 3719 710 3773 munita
733 3728 822 3773 tua
850 3721 1116 3788 peribunt,
1150 3736 1209 3776 ut
1238 3725 1486 3793 princeps
1510 3723 1756 3777 Salaman
1785 3724 1850 3778 de
1870 3723 2027 3778 domo

499 3805 799 3862 Jeroboam.
827 3805 884 3860 ιιι
911 3808 1098 3866 diebus
1145 3812 1268 3866 belli
1308 3821 1529 3867 matrem
1573 3829 1733 3883 super
1757 3815 1879 3868 filiis
1911 3814 2027 3866 alli-

501 3903 703 3950 serunt.
735 3891 823 3947 Sic
851 3894 1226 3963 faciam,vobis
1249 3901 1438 3956 domus
1468 3900 1650 3966 Israel,
1676 3918 1703 3955 a
1727 3902 1858 3956 facie
1884 3902 2025 3970 inju-

499 3980 702 4037 riarum
735 3991 1055 4047 vestrarum.
1104 3989 1256 4046 Mane
1286 3990 1439 4059 ejecti
1492 4000 1617 4045 sunt
1649 4011 1662 4046 :
1696 3992 1899 4060 ejectus
1942 4001 2024 4045 est

501 4086 596 4126 rex
625 4069 807 4138 lsrael,
837 4075 1088 4143 quoniam
1137 4078 1316 4133 infans
1372 4079 1553 4136 Israel.
1611 4080 1675 4133 Et
1726 4096 1823 4150 ego
1860 4081 2022 4135 dilexi

498 4173 662 4219 eum:
692 4170 747 4218 et
791 4177 857 4217 ex
887 4163 1119 4236 Egypto
1162 4168 1379 4223 evocavi
1429 4168 1566 4225 ﬁlios
1602 4169 1719 4237 ejus
1757 4170 1818 4222 ³³.
1860 4188 1879 4219 ι
1918 4168 2020 4222 Sed

498 4250 690 4318 Aquila
722 4290 737 4316 ,
795 4251 1071 4309 Hebraicis
1121 4257 1408 4311 elocutioni
1476 4258 1801 4321 inserviens,
1858 4276 1876 4308 ι
1946 4257 2020 4310 Ex

2195 3370 2453 3447 ἐκάλεσα
2483 3374 2586 3425 τὸν
2613 3375 2756 3447 Υὶόν
2778 3393 2923 3443 μου,
2955 3370 2993 3429 ι’
3007 3381 3105 3432 καὶ
3130 3370 3257 3447 περὶ
3304 3370 3514 3447 Who
3544 3373 3608 3429 τσῦ

2188 3441 2509 3517 ἕαᾳιλέως,
2539 3444 2639 3517 agat
2686 3441 2824 3512 περὶ
2862 3448 2977 3515 τῆς
3004 3441 3390 3517 καθαιρέσεως
3408 3446 3496 3514 τῆς
3522 3447 3608 3499 Ἰου-

2192 3508 2371 3561 δαίων
2391 3511 2737 3578 βασιλείας.

2198 3639 2217 3671 ι
2251 3621 2359 3675 Kal
2391 3621 2815 3694 ἐξαναστήσεται
2855 3630 3103 3684 ἀπώλεια
3132 3633 3188 3684 ἐν
3211 3632 3286 3702 τῷ
3315 3631 3417 3700 λαῷ
3438 3645 3528 3691 σου,
3549 3623 3608 3675 καὶ

2124 3711 2297 3764 πάντα
2328 3712 2394 3766 τὰ
2422 3720 2936 3789 περιτετειχισμένα
2968 3739 3061 3775 σου
3101 3725 3382 3794 οἰχήσεται,
3402 3720 3609 3788 ὠςᾶρχων

2123 3802 2370 3871 Σαλαμάν
2386 3806 2448 3856 ὲκ
2469 3804 2559 3857 τοῦ
2579 3805 2736 3860 οἴκου
2752 3810 3055 3883 Ἰερεὸοὰμ.
3091 3814 3178 3867 Ἑν
3195 3815 3412 3885 ἡμέραις
3439 3809 3606 3875 πολέμου

2125 3895 2332 3963 μητέρα
2343 3895 2431 3946 ἐπὶ
2455 3895 2664 3959 τέκνοις
2679 3899 2971 3968 ἡδάιρισαν.
2991 3904 3147 3957 Οὕτω
3166 3895 3607 3974 ποιήσωὸμίν,οἷκος

2135 3983 2366 4053 Ἰσραὴλ,
2415 3985 2521 4037 ἀπὸ
2541 3989 2840 4056 προσώπου
2866 3992 2974 4046 τῶν
3005 3994 3224 4047 ἀδικιῶν
3248 3994 3404 4066 ὑμῶν.
3439 3988 3605 4060 Ὀρθρσδ

2120 4072 2515 4143 ἀπερῤίφησαψ
2538 4077 2826 4151 ἀπερρίφη
2845 4081 3096 4150 βασιλεὺς
3112 4085 3334 4156 Ἰσραὴλ,
3349 4080 3463 4135 διότι
3476 4080 3607 4148 νήπιος

2132 4162 2362 4233 Ἰσραήλ.
2382 4167 2489 4218 Kal
2517 4168 2627 4234 ἐγὼ
2670 4171 2936 4240 ἠγάπησα
2970 4175 3153 4237 αὑτὸν,
3197 4176 3286 4228 κοι)⁴
3319 4173 3372 4238 ἐξ
3402 4169 3604 4237 Αἰγύπτου

2123 4253 2451 4319 μετεκάλεσα
2466 4256 2533 4309 τὰ
2545 4258 2718 4312 τέκνα
2734 4263 2917 4337 αὐτοῦ.
2951 4283 2969 4315 ι
2989 4265 3282 4327 Δουλεύσας
3301 4265 3372 4333 τῷ
3384 4255 3603 4330 Ἐὁραῖκῴι

501 4338 725 4409 Αἴθῃ)ιο
766 4346 949 4400 vocavi
1005 4345 1171 4403 ﬁlium
1229 4363 1423 4411 meum,
1457 4367 1476 4403 ι
1510 4350 1885 4417 interpretatus
1915 4358 2017 4405 est.

499 4427 612 4497 Ego
643 4440 817 4486 autem
869 4438 1170 4490 necessario
1218 4437 1283 4490 ad
1333 4437 1550 4491 verbum
1600 4437 1777 4489 notavi
1821 4438 2015 4504 locum,

499 4518 750 4583 quoniam
776 4521 1056 4578 Matthmus
1079 4539 1291 4593 quoque
1330 4524 1508 4594 posuit
1539 4524 1890 4593 prophetiam,
1926 4525 2017 4580 ubi

2132 4520 2339 4592 ιπείπερ
2385 4525 2479 4576 καὶ
2522 4528 2551 4578 ὁ
2596 4529 2887 4598 Ματθαίος
2915 4535 3148 4590 τέθειται
3189 4537 3286 4607 τὴν
3329 4526 3604 4603 προφητείανν

497 4608 552 4707 in
583 4607 864 4682 Egyptum
892 4615 1272 4683 commigrasse
1311 4613 1514 4679 Jesum,
1539 4624 1591 4669 et
1625 4616 1769 4669 illinc
1797 4615 2020 4672 rediisse

2132 4610 2345 4680 ὅπηνίκα
2376 4612 2454 4674 εἰς
2482 4613 2771 4681 Αἴγυπτον
2798 4621 3205 4693 διακομισθῆναι
3225 4623 3308 4675 τὸν
3339 4615 3525 4690 Ἰησοῦν,
3541 4609 3608 4662 xti-

498 4698 552 4749 in
578 4706 772 4753 terram
794 4703 956 4759 israel
979 4702 1262 4765 indicavit;
1308 4706 1353 4759 si
1383 4707 1502 4774 quis
1520 4713 1695 4760 autem
1725 4704 2018 4763 Salvatoris

2132 4702 2293 4760 κεῖθεν
2336 4705 2663 4762 ἐπανελθεῖν
2712 4711 2807 4765 ἐπὶ
2852 4713 2949 4784 τὴν
2980 4714 3080 4784 γῆν
3110 4714 3200 4767 τοῦ
3237 4709 3430 4783 Ἰσραὴλ
3454 4702 3604 4772 iiii;le-

497 4788 665 4841 nostri
695 4789 749 4843 in
778 4789 1066 4861 Egyptum
1107 4791 1486 4862 profectionem
1518 4801 1752 4858 accuset,
1785 4796 1919 4848 sciat
1962 4794 2015 4848 id

2132 4794 2180 4845 Et
2214 4793 2271 4850 δὲ
2304 4794 2677 4865 ὲπιμέμφοιτό
2708 4820 2791 4865 τις
2822 4807 2885 4875 τῇ
2923 4806 3002 4868 εἰς
3035 4805 3297 4873 Αἴγυπτον
3335 4795 3602 4868 ἀναχωρήσει

497 4879 666 4928 totum
695 4882 924 4934 maxima
969 4897 1089 4935 cum
1134 4884 1339 4937 ratione
1370 4884 1567 4938 factum
1600 4885 1784 4941 fuisse.
1837 4885 2016 4956 Neque

2132 4882 2208 4934 τοῦ
2231 4883 2381 4953 Σωτῆ
2390 4901 2478 4954 ρος
2502 4889 2689 4957 ἡμῶν,
2710 4893 2843 4947 ἴστω
2865 4896 3005 4949 κατά
3026 4895 3178 4965 λόγον
3192 4895 3349 4968 αὐτὴν
3368 4886 3598 4962 γεγονέναι·

499 4962 638 5014 enim
688 4963 912 5026 Herodis
943 4974 1294 5028 voluntariam
1345 4976 1600 5030 malitiam
1635 4978 1881 5032 cohibere
1924 4992 2021 5047 par

2123 4358 2141 4389 ι
2165 4342 2250 4407 Ἐξ
2282 4343 2549 4410 Αἰγύπτου
2586 4349 2831 4405 ἐκάλεσα
2873 4354 2967 4407 τὸν
3015 4357 3126 4408 υἱόν
3170 4373 3286 4426 μου,
3316 4374 3333 4405 ι
3366 4344 3606 4418 ἐξέδωκενά

2129 4430 2373 4494 Ἀκύλας.
2391 4434 2735 4506 Ἀναγκαεως
2785 4443 2844 4497 δὲ
2888 4445 2952 4497 τὸ
2994 4446 3153 4516 ῥητὸν
3179 4439 3604 4516 ὲπεσημειωσάμηνι

500 5058 636 5109 erat.
663 5065 834 5121 neque
856 5075 1044 5117 rursus
1071 5062 1424 5128 Salvatorem,
1466 5082 1689 5135 puerum
1721 5068 1895 5122 adhuc
1921 5068 2022 5121 mi«

500 5134 683 5189 facula
711 5147 944 5201 exordiri
999 5152 1108 5217 jam
1140 5162 1271 5218 tum,
1300 5163 1459 5225 atque
1488 5165 1611 5212 ante
1635 5166 1844 5226 tempus
1881 5157 2017 5213 divi-

499 5236 622 5320 "'3‘"
648 5234 918 5320 ρεξθημὶινθ
934 5240 1181 5295 virtutem
1216 5264 1228 5297 :
1257 5247 1398 5315 quod
1433 5263 1561 5302 sane
1583 5248 1780 5302 factum
1808 5247 2015 5310 fuisset,

452 5346 455 5349 .
501 5313 544 5395 si
591 5313 818 5368 mirabili
852 5326 1077 5389 quadam
1116 5313 1318 5388 ratione
1345 5337 1684 5395 insidiantem
1717 5337 1816 5392 sibi
1841 5336 2013 5390 Hero-

500 5394 621 5445 dem
648 5398 957 5467 punivisset,
981 5426 1149 5481 neque
1169 5418 1273 5470 ullo
1300 5423 1455 5478 modo
1476 5394 1617 5483 illam
1645 5428 1698 5480 in
1726 5426 2012 5494 Egypt"!!!

500 5496 606 5540 una
636 5496 758 5536 cum
810 5499 1120 5555 parentibus
1162 5508 1515 5567 secessionem
1551 5517 1876 5585 pertulisset.
1911 5511 2013 5568 Ve-

2115 4972 2249 5025 Οὔτε
2280 4973 2386 5044 γὰρ
2419 4977 2669 5049 ἐπισχεῖν
2699 4985 2792 5037 τὸν
2831 4985 3074 5059 Ἡρώδην
3098 4988 3193 5057 τῆς
3228 4974 3598 5053 αὐτοπροαιρέτου

2115 5061 2309 5124 κακίας
2337 5065 2615 5135 προσῆκον
2638 5065 2729 5141 ἦν,
2752 5071 2864 5125 οὔτ’
2885 5073 2951 5127 ἂν
2981 5074 3176 5147 βρέφος
3210 5075 3280 5128 ἔτ’
3299 5073 3411 5126 ὄντα
3432 5068 3504 5119 τὸν
3523 5062 3600 5113 Σω·

2112 5150 2255 5221 τῆρα
2278 5151 2385 5205 τῶν
2414 5153 2712 5225 θαυμάτων
2736 5163 3103 5235 ἀπάρξασθαι,
3125 5165 3215 5218 καὶ
3235 5164 3330 5234 πρὸ
3356 5157 3513 5230 καιροῦ
3529 5149 3596 5216 τὴν

2114 5239 2262 5294 θείαν
2294 5243 2697 5305 ἐπιδείκνυσθαι
2729 5252 2987 5325 δύναμινο
3037 5256 3170 5327 ὅπερ
3214 5254 3276 5308 ἂν
3314 5250 3535 5323 ἐπράχθη,
3560 5245 3593 5297 εἷ

2115 5332 2425 5403 παραδόξως
2443 5336 2863 5397 ἐπιϐουλεύοντα
2878 5344 3028 5414 αὐτῷ
3054 5347 3140 5398 τὸν
3163 5345 3380 5415 Ἡρώδην
3400 5335 3589 5411 μετῆλθες

2119 5423 2372 5495 μηδαμῶς
2405 5427 2701 5498 ὑπομείνας
2730 5432 2831 5504 τὴν
2872 5435 2954 5497 εἰς
2998 5437 3255 5504 Αἴγυπτον
3291 5437 3393 5506 ἅμα
3415 5431 3505 5492 τοῖς
3524 5439 3589 5493 γε

2114 5513 2294 5570 νεῦσιν
2319 5518 2680 5593 ἀναχώρησιν.
2700 5523 2862 5579 Ἀλλὰ
2901 5524 3010 5597 γὰρ
3048 5524 3115 5598 ἦν
3142 5529 3232 5598 τῆς
3261 5525 3517 5597 κρείττονος
3534 5516 3585 5574 οἱα

572 5636 617 5675 ⁸⁸
652 5635 783 5695 Gen.
817 5655 975 5710 sua,
1008 5647 1059 5701 9.
1132 5653 1174 5685 ³ο
1214 5656 1339 5713 ibid.
1379 5662 1455 5719 to.
1535 5671 1572 5701 ³¹
1615 5672 1741 5726 ibid.
1775 5671 1827 5727 8.
1901 5671 1946 5703 ⁸³
1985 5670 2025 5726 il

2153 5676 2206 5734 9.
2283 5682 2324 5714 ⁸³
2362 5680 2486 5739 Ose.
2516 5683 2847 5756 1.14.15;
2888 5690 3055 5753 31,1.
