3740 6326
72 401 170 455 £63
939 401 1573 457 DEMONSTRATIONIS

1619 400 2055 457 EVANGEIJCAS
2103 400 2225 458 LIB.
2291 405 2378 461 IX.
3134 421 3234 474 666

72 515 322 582 κονομίας
351 518 450 568 ἐπὶ
487 519 676 588 καιροῦ
705 520 792 572 τοῦ
817 523 1168 591 προσήκοντος
1191 520 1296 571 τῶν
1318 521 1413 589 τῆς
1435 521 1582 588 θεότη

1680 534 1834 580 ,rum
1863 519 2001 571 enim
2056 522 2440 584 prmstantioris
2493 523 2771 588 cujusdam
2825 527 3232 598 dispensationis

71 621 152 665 τος
181 603 548 672 ἀπάρξασθαι
569 607 872 676 θαυμάτων,
905 603 947 675 ᾧ
971 625 1030 676 γε
1059 609 1142 661 διὰ
1173 608 1365 670 παντὸς
1388 607 1476 658 τοῦ
1505 607 1615 675 βίου

69 695 122 744 τδ
169 695 344 762 πρᾶον
390 696 494 746 καὶ
537 697 845 759 ἀνεξίκακον
893 699 1312 770 μεμαρτύρηται,
1357 698 1616 767 προχείρῳ

73 783 160 848 μὲν
187 784 266 844 εἰς
300 782 404 846 τὰς
450 785 701 849 εὐποιίας
734 790 824 839 καὶ
861 789 956 850 τὰς
989 789 1165 850 κοινὰς
1193 788 1496 856 εὐεργεσίας
1523 805 1613 853 γε-

68 872 283 939 νομένῳ,
326 874 544 941 μηδένα
585 876 640 927 δὲ
683 877 788 928 τῶν
833 879 904 947 μὴ
952 880 1243 931 ἀκουόντων
1279 881 1610 949 ἀμυνομένῳ,

73 965 191 1032 μηδὲ
239 965 327 1015 ὅτε
372 965 454 1027 ὡς
509 968 777 1036 πρόϐατον
823 971 911 1019 ἐπὶ
956 970 1161 1037 σιξαγὴν
1201 970 1376 1036 ἤγετο,
1409 970 1498 1020 καὶ
1539 970 1611 1030 ub;

70 1054 222 1119 ἀμνὸς
248 1055 498 1105 ἐναντίον
542 1057 632 1107 τοῦ
667 1058 929 1127 κείροντος
951 1059 1172 1125 ἄςωνος.
1206 1058 1324 1119 Πῶς
1352 1054 1440 1109 οὖν
1469 1059 1610 1121 elate;

67 1139 123 1211 ἦν
148 1142 232 1194 τὸν
267 1144 519 1196 τοιοῦτον
542 1146 650 1197 δεῖν
685 1148 738 1197 ἐν
773 1148 965 1216 παιδίῳ
1006 1148 1077 1216 μὴ
1121 1149 1237 1215 οὐχι
1266 1148 1606 1218 ὑποχωρῆσαι

67 1236 122 1299 τῇ
154 1232 240 1283 τοῦ
282 1233 532 1302 Ἡρώδου
564 1236 751 1305 κακία,
780 1231 822 1302 ᾧ
855 1239 944 1289 καὶ
969 1239 1022 1288 ἐν
1051 1237 1199 1306 ἀνδρὶ
1226 1237 1284 1288 τὸ
1315 1239 1605 1306 ἀναχωρεῖν

68 1324 147 1373 καὶ
177 1325 294 1384 τοὺς
311 1326 609 1393 ,πονηροὺς
637 1326 897 1378 ἐκκλίνειν
936 1327 1356 1396 μεμαρτύρηται,
1386 1327 1605 1396 ἐπικρύ-

69 1412 271 1464 πτεσθαί
319 1429 377 1463 τε
424 1414 522 1464 καὶ
573 1415 894 1482 ὑποφεύγειν
925 1417 1011 1467 τὸν
1048 1417 1134 1467 ἐπὶ
1163 1420 1276 1480 ταῖς
1315 1417 1601 1486 παραδοξο-

67 1503 247 1563 mihi;
269 1501 527 1566 ἓπαινον;
575 1505 806 1574 παρῄνει
845 1507 970 1571 γοῦν
1004 1511 1109 1568 τοῖς
1141 1508 1227 1559 ὑπ’
1260 1507 1414 1559 αὐτοῦ
1444 1507 1599 1576 θερα-

70 1590 358 1656 πευομένοις
390 1591 586 1660 μηδενὶ
615 1593 808 1659 λέγειν.
846 1595 905 1645 Εἰ
929 1595 970 1646 δ’
993 1596 1080 1646 ἐπὶ
1099 1595 1186 1646 τὸν
1213 1596 1334 1647 λαὸν
1353 1597 1449 1665 τὴν
1475 1612 1600 1663 προ-

66 1677 268 1742 οητείαν
299 1678 567 1747 ἀναφέροι
603 1698 704 1742 τις,
738 1682 954 1748 φάσκων
985 1684 1106 1751 περὶ
1151 1682 1239 1734 τοῦ
1266 1685 1327 1733 ἐκ
1361 1684 1598 1752 σπέρμα-

67 1782 143 1825 τος
186 1765 272 1816 τοῦ
307 1767 530 1836 Ἰσραὴλ
583 1768 710 1821 λαοῦ
759 1770 1015 1839 εἰρῆσθαι,
1048 1772 1381 1840 ἐπιστησάτω
1408 1775 1468 1840 τῇ
1504 1772 1593 1824 τοῦ

68 1853 202 1919 λόγου
233 1855 546 1926 ἀκολουθίᾳ,
581 1859 753 1910 ταῦτα
798 1859 1005 1910 ἔσεσθαι
1044 1861 1254 1931 φησὰσῃ
1287 1861 1418 1929 μετὰ
1445 1862 1502 1912 τὸ
1528 1862 1601 1912 εξ-

75 1947 171 1993 πεῖν
196 1944 263 2006 ὡς
291 1947 426 2016 πρὸς
463 1947 641 2015 αὐτὴν
682 1949 778 2017 τὴν
815 1950 1186 2019 Ἰερουσαλήμ·
1231 1969 1248 2000 ι
1277 1952 1381 2002 Καὶ
1413 1949 1596 2013 ἐξανα-

72 2037 292 2101 στήσεται
316 2035 568 2088 ἀπώλεια
598 2038 655 2087 ἐν
684 2037 760 2106 τῷ
789 2038 898 2106 λαῷ
931 2056 1039 2100 σου,
1070 2041 1161 2090 καὶ
1191 2039 1359 2091 πάντα
1392 2056 1597 2109 περιτε-

72 2122 348 2190 τειχισμένα
377 2140 471 2174 σου
489 2125 790 2193 οἰχήσεται.
823 2144 840 2174 ι
870 2127 975 2178 Καὶ
1005 2128 1160 2197 ἅπερ,
1186 2128 1362 2196 φησιν,
1385 2129 1410 2178 6
1437 2127 1597 2178 τοιόσ·

67 2210 109 2259 δε
132 2212 295 2279 ἄρχων
324 2213 568 2264 πέπονθε
603 2215 742 2266 κατὰ
793 2215 880 2266 τὸν
933 2215 1216 2268 ἐπελθόντα
1254 2215 1396 2283 αὐτῷ
1440 2215 1593 2266 πόλε-

74 2315 169 2366 μον,
196 2302 246 2351 ἐν
286 2295 328 2366 ᾧ
361 2303 583 2371 μητέρα
625 2304 716 2354 ἐπὶ
764 2303 969 2365 τέκνοις
1004 2304 1282 2372 ἡδάερισαν,
1312 2304 1377 2355 τὰ
1422 2320 1593 2372 παρα·-

71 2391 238 2457 π).ήσια
258 2395 343 2444 καὶ
364 2394 493 2461 ὑμῖν
530 2396 714 2455 αὐτοῖς
739 2399 941 2463 ποιήσω
970 2394 1053 2446 διὰ
1084 2397 1178 2456 τὰς
1199 2395 1386 2456 κακίας
1419 2395 1585 2463 ὑμῶν·

79 2477 206 2546 Ὑμῖν
245 2479 298 2532 δέ
345 2481 453 2532 τίσι
512 2481 544 2550 ἣ
592 2485 702 2543 τοῖς
753 2482 1099 2550 καλουμένοις
1143 2482 1508 2552 Ἰσραηλίταις,
1539 2483 1587 2534 οἳ

71 2569 144 2618 καὶ
176 2570 509 2640 ἁπερῤίφητε
541 2571 639 2622 σὺν
675 2571 748 2639 τῷ
783 2571 985 2638 βασιλεῖ
1015 2571 1194 2640 ὑμῶν;
1226 2571 1310 2622 τὸν
1353 2571 1586 2641 Ἡρώδην

73 2656 389 2725 αἰνιττόμενος
409 2674 420 2685 ·
450 2658 552 2709 καὶ
596 2657 764 2709 ταῦτα
792 2674 851 2724 γε
898 2657 1068 2709 πάντα
1089 2657 1401 2722 πεπόνθατε,
1427 2660 1584 2710 «διότι

75 2747 191 2805 ταῖς,
216 2763 231 2794 ι
269 2747 450 2814 φησιν,
499 2766 519 2795 4
546 2746 778 2815 Ἰσραὴλ,
817 2746 911 2798 καὶ
958 2747 1062 2812 ἐγὼ
1103 2747 1360 2817 ἠγάπησα
1405 2748 1582 2811 αὑτὸν,

74 2837 145 2886 καὶ
184 2837 232 2901 ἐξ
261 2838 539 2903 Αἰγύπτου
591 2837 820 2890 ἐκάλεσα
866 2837 952 2889 τὸν
983 2838 1104 2889 Υἱόν
1136 2855 1252 2906 μου.
1285 2858 1301 2886 ι
1332 2839 1452 2901 Πῶς
1478 2841 1583 2910 γὰρ

74 2921 159 2976 οἷόν
181 2943 230 2979 τε
260 2929 394 2980 κατὰ
423 2928 481 2980 τὸ
516 2928 647 2979 αὐτὸ
687 2931 794 2989 τοῖς
838 2928 1013 2988 αὐτοῖς
1046 2929 1456 2998 ἐπιμέμφεσθαι,
1491 2931 1582 2984 καὶ

76 3016 200 3067 πάλιν
231 3019 346 3080 τοὺς
388 3019 594 3078 αὐτοὺς
641 3019 876 3068 ἐπαινεῖν
896 3033 908 3079 ;
929 3017 1062 3067 Ἀλλ’
1089 3013 1154 3085 ἦν
1183 3019 1209 3068 ὁ
1236 3017 1431 3087 ἀληθὴς
1461 3018 1581 3080 νοῦς

77 3106 237 3175 ταύτην
261 3108 389 3176 ἔχων
415 3107 677 3179 θεωρίαν.
698 3107 910 3176 Ἰσραὴλ
929 3107 1032 3176 γὰρ
1055 3109 1081 3157 6
1103 3108 1327 3176 Χριστὸς
1347 3109 1436 3161 καὶ
1460 3109 1577 3161 καθ’

76 3196 226 3265 £25m;
267 3199 624 3268 ἀνηγόρευται
675 3195 1020 3266 προφητείας,
1055 3195 1326 3266 ιῦσπεροῦν
1364 3198 1455 3250 καὶ
1489 3198 1578 3250 ἐπὶ

75 3282 148 3348 τῆς
173 3285 446 3354 παρούσης.
468 3285 694 3354 Ἐπειδὴ
739 3286 910 3336 τοίνυν
939 3279 1106 3348 οὗτος,
1138 3287 1312 3355 φησιν,
1349 3287 1579 3355 ὑπήκοός

79 3387 143 3434 μοι
159 3374 434 3442 γενόμενος,
460 3376 678 3446 μορφὴν
700 3374 881 3427 δούλου
913 3374 1118 3442 εἴληφε,
1141 3378 1232 3428 καὶ
1252 3377 1436 3443 γέγονε
1455 3393 1578 3428 παι-

73 3459 154 3510 δίον
176 3464 430 3533 ἀγαπητὸν
468 3466 616 3535 ἐμοὶ,
654 3467 830 3518 πᾶσαν
859 3465 954 3534 τὴν
984 3466 1118 3534 ἐμὴν
1146 3466 1422 3528 ἐκτελέσας
1455 3467 1576 3536 βου-

75 3549 161 3617 λὴν,
186 3554 260 3606 διὰ
301 3557 451 3610 τοῦτο
498 3557 663 3610 αὑτὸν
696 3556 794 3625 μὲν
839 3556 941 3608 ἀπὸ
969 3557 1063 3624 τῆς
1090 3556 1378 3623 Αἰγύπτου,
1409 3558 1485 3619 εἰς
1510 3558 1575 3626 ἢν

74 3639 436 3716 ἐνανορωπήσας
457 3646 841 3715 κατελήλυθεν,
861 3646 998 3698 οὕτω
1024 3645 1339 3714 δηλουμένου
1368 3647 1458 3698 τοῦ
1481 3663 1574 3698 πε-

75 3731 230 3792 ριγείου
249 3735 425 3798 τόπου,
450 3736 481 3805 ἢ
516 3737 613 3788 καὶ
713 3736 878 3804 αὐτῆς
902 3736 997 3803 τῆς
1028 3735 1309 3805 προχείρου
1339 3731 1423 3788 οἷα
1452 3737 1573 3805 γνή-

75 3831 156 3865 σιον
178 3822 258 3872 καὶ
287 3825 566 3894 ἀγαπητὸν
590 3825 717 3877 rem
740 3825 1145 3894 ἀνεκαλεσάμην
1163 3841 1176 3854 ⁸
1199 3825 1335 3894 ὑμᾶς
1354 3825 1426 3885 δὲ,
1448 3826 1568 3889 τοὺς

75 3905 172 3966 3:65;
193 3909 275 3972 οὒς
302 3916 329 3964 ὁ
361 3913 534 3982 λόγος,
575 3916 671 3966 σὺν
718 3915 808 3966 καὶ
837 3917 900 3984 τῇ
933 3915 1167 3984 ὑμετέρᾳ
1196 3914 1433 3984 βασιλεία
1457 3916 1568 3967 ὄλε-

71 3990 164 4058 θρος
207 4003 286 4053 καὶ
323 4003 569 4057 ἀπώλεια
615 4004 1004 4074 παραλήψεται.
1035 4004 1211 4055 Ταῦτα
1255 4005 1348 4073 μὲν
1376 4006 1406 4073 ἡ
1437 4021 1566 4073 προ-

71 4087 250 4148 ςηῃτεία·
289 4094 545 4163 πρόδηλον
593 4094 648 4146 δὲ
691 4095 836 4156 ὅπως
888 4094 991 4145 ἀπὸ
1040 4093 1142 4145 τῶν
1184 4093 1273 4146 τοῦ
1326 4094 1508 4163 xum-1‘0
1509 4111 1566 4156 ος

69 4175 188 4238 ἡμῶν
202 4183 388 4249 χρόνων
421 4184 872 4255 πολιορκηθείσης
901 4185 998 4250 τῆς
1041 4183 1403 4253 Ἰερουσαλὴμ,
1423 4183 1560 4236 καθ-

69 4265 197 4335 ῑρὲθη
226 4274 309 4324 καὶ
350 4277 428 4336 εἰς
476 4276 537 4327 τὸ
583 4275 841 4335 παντελὲς
872 4273 1141 4343 ἀπερρίφη
1174 4276 1205 4343 ἡ
1258 4275 1413 4343 μέχρι
1445 4274 1562 4325 τότε

71 4360 260 4412 συστᾶσα
281 4364 367 4416 τοῦ
399 4365 671 4417 Ἰουδαίων
698 4363 880 4424 ἔθνους
907 4363 1188 4431 αὑτονομία
1208 4380 1265 4414 τε
1287 4365 1378 4414 καὶ
1402 4365 1557 4433 ἀρχή.

67 4440 176 4511 Πλὴν
195 4449 314 4503 ἀλλὰ
334 4454 513 4522 τρίτον
545 4454 644 4523 ἤδη
674 4452 742 4504 τὰ
771 4452 898 4520 περὶ
926 4452 1022 4519 τῆς
1050 4440 1316 4520 Αἰγύπτου
1350 4454 1440 4505 καὶ
1466 4453 1560 4522 τῆς

69 4532 210 4586 αὐτόοι
238 4539 460 4606 ἀφίξεως
488 4542 652 4596 αὐτοῦ
684 4542 1130 4612 προπεφήτευται.
1164 4543 1223 4593 Εἰ
1245 4541 1300 4592 δέ
1325 4559 1404 4603 τις
1428 4541 1562 4593 αὒτᾶ

70 4620 277 4690 μῖδπμῶς
306 4631 635 4701 ἐφαρμόζειν
667 4632 756 4682 ἐπὶ
791 4630 878 4682 τὸν
913 4629 1172 4698 ἡμέτερον
1202 4629 1344 4695 λέγοι
1385 4628 1562 4697 Σωτῆ-

70 4719 132 4768 P1.
157 4711 271 4766 ἀλλὰ
312 4719 377 4772 τά
420 4737 484 4786 γε
533 4721 630 4788 τῆς
663 4718 754 4770 τοῦ
784 4717 1054 4770 Ματθαίου
1086 4717 1430 4787 παραθέσεως
1457 4718 1562 4772 ἀπὸ

70 4793 140 4861 τῆς
179 4805 310 4872 παρὰ
352 4809 569 4861 Μωῢσεῐ
615 4807 914 4877 μαρτυρίας
958 4807 1100 4875 αὐτῷ
1131 4807 1558 4876 παρειλημμένα,

71 4882 117 4946 ἣν
138 4889 212 4939 καὶ
237 4894 421 4960 ἁρτῖως
451 4897 856 4967 διεληλύθαμεν,
885 4896 964 4957 τὸ,
1008 4914 1025 4944 ‹
1048 4896 1101 4946 ’0
1126 4897 1251 4958 Θεὸς
1287 4895 1559 4965 ὡδήγησεν

75 4972 194 5026 αὺτὸν
221 4982 270 5045 ἐξ
299 4987 585 5053 Αἰγύπτου,
610 5007 627 5036 ι
663 4986 1002 5054 διηγούμενοι
1024 5001 1036 5014 ·
1065 4985 1181 5036 ἐπεὶ
1212 4985 1330 5052 μηδ’
1357 4985 1512 5048 αὐτὸς
1529 4990 1556 5038 ὁ

73 5059 392 5142 sca-namq;
413 5077 518 5128 ἀπὸ
545 5077 643 5145 τῆς
669 5075 758 5127 τοῦ
787 5074 939 5142 Ὠσηὲ
968 5074 1292 5142 προφητείας
1311 5072 1553 5139 Sil-irim

79 5149 185 5219 αὑτῷ
215 5158 264 5208 τὸ
287 5160 454 5229 λόγων
486 5167 705 5235 ἔφησεν,
738 5165 812 5223 ὡς
841 5162 1112 5224 δύνασθαι,
1138 5163 1229 5214 καὶ
1262 5161 1418 5212 πόθεν
1447 5165 1557 5216 ἐπι-

79 5232 364 5312 ζητήταιντας,
390 5256 560 5324 εὑρεῖν
612 5253 742 5305 αὐτὸ
786 5253 1060 5320 κείμενον·
1111 5250 1227 5304 ὅθεν
1280 5250 1419 5311 εἰκὸς
1465 5253 1552 5305 τὸν

83 5323 392 5410 ﬁrmittem-hu
420 5342 744 5412 πεποιῆσθαι
770 5339 931 5394 αὐτοῦ
964 5339 1056 5406 τὴν
1093 5338 1318 5390 ἔκθεσιν.

88 5409 230 5473 “usam
258 5429 317 5479 at,
356 5409 444 5484 ηιο
477 5409 722 5499 προέριίι,
756 5445 822 5482 ηε
843 5436 1015 5496 neget,
1058 5428 1198 5496 quod
1249 5427 1404 5495 paulo
1461 5441 1584 5484 ante

1715 624 1775 660 ac
1796 607 2064 669 sapientiae
2099 607 2223 672 fuit,
2252 625 2350 664 suo
2383 619 2543 679 atque
2569 619 2966 672 accommodato
2993 629 3230 692 tempore

1713 699 2109 762 miraculorum,
2142 716 2261 768 quae
2307 701 2372 756 ad
2427 703 2757 758 divinitatem
2814 712 3093 774 pertinent,
3134 716 3230 768 ini-

1712 786 1840 836 tium
1871 784 2042 839 facere
2063 801 2182 839 eum
2213 789 2298 840 cui
2350 789 2401 841 in
2437 797 2546 842 tota
2577 791 2682 843 vita
2713 800 3136 854 mansuetudinis
3175 811 3228 855 et

1710 874 1999 928 clementia:
2042 877 2399 931 testimonium
2459 879 2722 933 redditum
2778 892 2878 944 est,
2920 889 3114 955 quique
3161 894 3225 944 ad

1708 965 2136 1031 promerendum,
2169 974 2324 1034 atque
2377 968 2440 1020 ad
2477 971 2778 1023 communia
2809 974 2972 1026 ollicia
3003 977 3226 1045 fungen-

1707 1053 1772 1106 da
1803 1068 2100 1120 propensus
2124 1055 2344 1114 exstitit,
2371 1070 2467 1107 nec
2518 1057 2746 1125 aliquem
2783 1077 3012 1128 unquam
3043 1081 3223 1118 eorum

1705 1142 1795 1209 qui
1820 1157 1922 1194 non
1950 1143 2048 1210 ipsi
2080 1146 2532 1206 auscultaveruut,
2564 1149 2708 1201 ultus
2727 1159 2829 1211 est,
2863 1167 2928 1205 ne
2957 1161 3083 1206 tunc
3110 1157 3226 1222 qui-

1703 1230 1819 1282 dem
1846 1245 1966 1282 cum
1999 1238 2054 1282 ut
2086 1233 2200 1285 ovis
2246 1235 2310 1285 ad
2350 1237 2670 1290 occisionem
2725 1239 3035 1302 ducebatur,
3069 1253 3224 1310 atque

1702 1327 1758 1369 ut
1783 1335 1951 1386 agnus
1981 1335 2156 1372 coram
2202 1323 2454 1378 tondente
2485 1341 2542 1378 se
2568 1366 2581 1386 ,
2615 1329 3034 1384 obmutesuebat.
3065 1333 3222 1402 427

1699 1405 1797 1470 Qui
1819 1415 2013 1470 autem,
2033 1426 2235 1477 qumso,
2254 1414 2612 1479 convenisset,
2635 1431 2776 1478 cum,
2806 1420 2894 1485 qui
2934 1421 3054 1473 talis
3083 1432 3216 1479 erat.

1698 1509 1916 1561 puerum
1948 1497 2120 1549 adhuc
2154 1496 2380 1552 llerodis
2406 1502 2618 1555 malitia:
2654 1520 2758 1556 non
2791 1508 3102 1572 concedere,
3134 1514 3221 1565 cui

1696 1583 1851 1633 etiam
1882 1583 1946 1635 ad
1979 1585 2182 1638 virilem
2242 1592 2447 1642 :eta'tem
2510 1591 2767 1658 profecto,
2817 1597 3142 1650 concedendi
3170 1609 3222 1652 et

1695 1671 1959 1738 malignos.
2002 1674 2325 1738 declinandi,
2359 1679 2724 1734 testimonium
2780 1677 3045 1738 redditum
3098 1689 3223 1740 est?

1693 1759 1888 1826 quique
1936 1771 1994 1814 et.
2045 1778 2101 1816 se
2161 1767 2452 1829 occultare,
2489 1776 2540 1820 et
2572 1769 2622 1820 in
2676 1771 2952 1827 miraculis
3001 1776 3219 1834 edendis

1631 1860 1670 1915 Β
1702 1849 1906 1902 laudem
1931 1851 2158 1920 effugere
2188 1859 2522 1910 consueverit
2543 1859 2563 1909 ?
2584 1873 2704 1911 nam
2737 1877 2872 1928 quos
2893 1864 3005 1930 ipse
3037 1882 3222 1921 curas--

1697 1946 1795 1999 set,
1832 1940 1896 1994 iis
1927 1942 2217 2008 imperabat
2255 1954 2310 1996 ut
2338 1947 2530 1999 nemini
2557 1948 2812 2005 dicerent.
2841 1953 2990 2018 Quod
3023 1958 3065 2009 si
3100 1960 3218 2024 quis

1696 2028 2020 2094 prophetiam
2056 2031 2192 2084 hanc
2222 2033 2284 2084 ad
2311 2037 2561 2102 populum
2594 2037 2807 2098 referat.
2827 2042 3075 2111 dicatque
3108 2045 3218 2098 haec

1692 2115 1756 2168 de
1787 2118 1980 2183 pepulo
2007 2133 2068 2170 ex
2104 2121 2308 2175 semine
2356 2123 2517 2177 Israel
2565 2129 2792 2182 oriundo
2821 2131 2960 2184 dicta
2999 2148 3136 2198 esse,
3173 2135 3217 2189 is

1691 2206 1925 2261 attendat
1956 2208 2238 2261 verborum
2283 2213 2521 2266 ordinem
2575 2215 2626 2266 in
2657 2219 2852 2284 quibus
2891 2220 3002 2274 haec
3037 2222 3216 2278 futura

1689 2291 1958 2354 dicuntur,
1979 2304 2259 2365 postquam
2292 2301 2488 2354 dictum
2535 2313 2615 2358 est
2643 2308 2794 2374 quasi
2826 2309 2888 2360 ad
2927 2311 3097 2377 ipsum
3127 2312 3216 2368 Je-

1691 2384 1944 2445 rusalem,
1982 2403 1999 2432 ‹
2036 2396 2088 2438 ει
2115 2400 2367 2459 exsurget
2413 2394 2641 2460 perditio
2686 2398 2740 2449 in
2774 2401 2968 2467 populo
3015 2409 3126 2465 tuo,
3160 2412 3214 2458 et

1687 2471 1862 2522 omnia
1918 2475 2118 2547 inunita
2177 2485 2266 2529 tua
2325 2481 2614 2549 peribunt;
2675 2505 2691 2536 ι
2729 2493 2781 2538 ει
2831 2503 2949 2555 qua:
2997 2492 3211 2557 quidem

1685 2560 1931 2628 princeps
1963 2579 2152 2630 passus
2192 2575 2272 2620 est
2311 2569 2363 2620 in
2401 2570 2556 2633 bello,
2591 2574 2642 2626 in
2678 2590 2780 2642 quo
2802 2587 3022 2632 matrem
3055 2595 3214 2648 super

1685 2649 1827 2709 litiis,
1863 2659 2018 2705 terra:
2066 2656 2363 2721 alliserunt,
2402 2661 2584 2715 eadem
2621 2665 2768 2718 vobis
2813 2682 3026 2736 quoque
3081 2670 3213 2738 ipsis

1683 2736 1870 2791 faciam
1907 2752 2120 2810 propter
2157 2748 2388 2801 malitias
2434 2762 2662 2806 vestras.
2700 2753 2863 2810 Vobis
2906 2772 3066 2825 porro
3093 2736 3212 2826 qui-

1678 2825 1780 2880 bus
1834 2830 2046 2883 tandem
2091 2833 2231 2896 aliis,
2295 2838 2398 2890 nisi
2453 2843 2544 2908 qui
2601 2846 2866 2897 meamiui
2924 2847 3213 2900 lsraelitm?

1679 2918 1876 2985 quique
1898 2921 2056 2974 etiam
2087 2925 2270 2992 rejecti
2296 2928 2428 2982 estis
2450 2945 2568 2982 cum
2603 2947 2724 3002 rege
2754 2937 2965 2988 vestro?
2991 2937 3079 2990 ubi
3110 2937 3212 2992 lle-

1679 3006 1856 3058 rodem
1907 3010 2193 3067 obscurius
2247 3014 2494 3071 indicat:
2549 3027 2602 3072 et
2653 3021 2765 3074 haec
2827 3025 3007 3076 omnia
3066 3027 3210 3094 passi

1677 3097 1826 3158 estis,
1860 3115 1878 3147 ι
1920 3103 2170 3168 quoniam
2193 3120 2343 3172 puer,
2373 3107 2564 3174 inquit,
2589 3119 2672 3163 est
2699 3112 2860 3165 Israel
2886 3153 2899 3173 ,
2923 3123 2975 3167 et
3001 3129 3099 3184 ego
3127 3118 3210 3170 di-

1935 3163 1950 3168 -
2193 3163 2208 3172 .
2332 3163 2339 3167 .
2447 3163 2563 3174 ,,
2731 3163 3179 3184 καμηονε-

1604 3163 1643 3217 (ἶ
1676 3183 1778 3235 lexi
1808 3200 1926 3238 eum
1970 3207 1982 3240 :
2014 3198 2065 3240 et
2101 3191 2167 3243 de
2209 3191 2439 3260 {Egypto
2487 3196 2670 3249 vocari
2729 3199 2890 3251 tilium
2947 3216 3144 3257 meum.
3182 3223 3202 3256 ι

1677 3272 1777 3336 Qui
1806 3276 1943 3328 enim
1977 3279 2087 3331 ﬁeri
2131 3290 2324 3348 potest,
2351 3293 2405 3335 ut
2433 3287 2616 3338 eodem
2663 3287 2716 3338 in
2754 3289 2873 3340 loco
2907 3291 3123 3345 eosdem
3153 3304 3207 3348 et

1677 3374 1891 3417 accuset
1909 3373 1961 3418 et
1993 3367 2202 3421 laudet?
2228 3370 2318 3423 sed
2351 3387 2508 3426 verus
2537 3389 2728 3430 sensus
2759 3385 2839 3430 est
2871 3379 2936 3443 is,
2959 3383 3046 3447 qui
3066 3383 3205 3438 hanc

1676 3451 1831 3506 habet
1859 3460 2381 3525 contemplationem.
2414 3459 2576 3514 lsrael
2608 3465 2746 3516 enim
2771 3466 2821 3518 in
2851 3468 2953 3519 alia
2981 3473 3205 3538 prephe-

1673 3541 1744 3592 tia
1778 3544 1955 3598 dictus
1984 3555 2065 3600 est
2092 3547 2360 3612 Christus,
2403 3552 2848 3618 quemadmodum
2873 3556 2924 3607 in
2947 3557 3045 3610 hac
3066 3575 3201 3628 quo-

1672 3646 1774 3697 que
1803 3649 1960 3700 quam
2016 3652 2158 3690 nunc
2215 3645 2524 3693 tractamus.
2574 3642 2837 3704 Quoniam
2883 3645 3044 3710 igitur
3089 3649 3198 3712 hic,

1672 3719 1864 3786 inquit,
1897 3720 2149 3775 obediens
2177 3726 2303 3777 mihi
2332 3725 2526 3786 factus.
2552 3728 2774 3784 formam
2795 3735 2934 3787 servi
2971 3738 3196 3805 accepit,

1668 3819 1719 3862 et
1753 3809 1922 3862 factus
1949 3818 2029 3864 est
2061 3828 2192 3880 puer
2238 3815 2366 3868 mihi
2413 3817 2655 3882 dilectus,
2687 3821 2810 3874 dum
2848 3824 3025 3876 omnia
3055 3841 3199 3893 qua:-

1668 3915 1878 3968 cunque
1916 3901 2034 3955 volo
2077 3902 2254 3965 ellieit,
2288 3905 2488 3960 ideirco
2541 3909 2689 3962 illum
2742 3927 2808 3964 ex
2850 3912 3100 3982 Aigypto,
3131 3918 3198 3970 ad

1666 4007 1822 4058 quam
1857 3992 2086 4046 hominis
2115 3993 2288 4047 ferina
2327 4006 2603 4066 assumpta
2655 4001 2950 4066 descendit,
2981 4004 3105 4057 dum
3135 4022 3198 4061 ea

1665 4098 1794 4135 \‘oce
1824 4092 2068 4138 terrenus
2100 4086 2252 4141 locus
2285 4087 2634 4155 signiﬁcatur,
2670 4100 2761 4144 aut
2798 4094 2959 4146 etiam
2999 4110 3056 4148 ex
3107 4096 3196 4150 illa

1665 4173 1955 4241 vulgatiore
1985 4184 2237 4244 tanquam
2261 4181 2553 4247 legitimum
2604 4179 2965 4252 dilectumque
2996 4183 3192 4237 Filium

1662 4264 1874 4316 evocavi
1904 4282 1916 4316 ε
1942 4280 2037 4320 vos
2075 4274 2248 4318 autem
2281 4267 2425 4336 ipsos
2455 4270 2520 4324 ad
2567 4285 2701 4338 quos
2739 4287 2915 4326 sermo
2960 4273 3195 4329 directus

1661 4361 1761 4415 est,
1798 4369 1902 4406 una
1959 4371 2078 4408 eum
2131 4373 2295 4427 regno
2352 4370 2531 4414 vestro
2585 4365 2832 4419 interitus
2878 4375 2931 4420 et
2970 4367 3196 4432 perditio

1662 4446 2092 4513 comprehendet.
2137 4447 2259 4503 Haec
2293 4452 2504 4519 quidem
2541 4453 2654 4521 ipsa
2705 4456 2981 4524 prophetia
3010 4478 3023 4512 :
3052 4474 3188 4512 con-

1661 4542 1768 4586 stat
1810 4542 1983 4588 autem
2019 4539 2462 4605 quemadmodum
2512 4552 2632 4610 post
2690 4543 2984 4601 Salvatoris
3012 4550 3184 4602 nostri

1657 4629 1918 4689 tempora,
1945 4639 2064 4676 cum
2101 4627 2321 4682 obsessa
2374 4627 2563 4682 fuisset
2619 4645 2681 4683 ac
2720 4639 2925 4684 vastata
2969 4632 3187 4685 Jerusa-

1656 4714 1777 4775 lem,
1801 4713 2040 4766 sublatus
2062 4723 2164 4778 est,
2197 4725 2248 4770 et
2273 4717 2338 4770 ad
2366 4727 2654 4771 extremam
2706 4720 2995 4787 perniciem
3050 4723 3186 4788 reje-

1654 4811 1793 4864 ctus,
1835 4804 1924 4872 qui
1956 4820 2124 4872 usque
2154 4808 2216 4858 ad
2251 4808 2377 4860 illud
2425 4816 2634 4876 tempus
2681 4817 2900 4861 steterat
2947 4807 3184 4862 Judaiea:

1652 4893 1823 4959 gentis
1864 4893 2032 4960 legum
2092 4910 2223 4948 usus
2273 4895 2554 4964 omnisque
2585 4889 2932 4965 principatus.
2958 4897 3186 4952 Verum-

1657 4991 1830 5036 tamen
1886 4983 1995 5050 jam
2043 4985 2221 5046 tertio,
2270 5001 2386 5052 quae
2423 4986 2488 5038 ad
2541 4987 2827 5056 Aigyptum
2888 4987 3184 5053 pertinent,

1654 5088 1876 5141 qumque
1908 5073 1973 5125 ad
2006 5073 2106 5126 iter
2131 5074 2271 5141 quod
2308 5075 2362 5127 in
2399 5077 2540 5128 illam
2574 5084 2656 5130 est
2689 5073 3190 5135 factum,divinitus

1655 5164 1901 5232 praedicta
1940 5170 2065 5216 sunt
2095 5180 2109 5217 :
2139 5165 2277 5231 quod
2314 5166 2357 5217 si
2389 5166 2506 5233 quis
2554 5167 2700 5218 nullo
2744 5166 2904 5218 modo
2955 5166 3192 5221 fateatur

1651 5270 1712 5306 ea
1755 5262 1938 5307 nostro
1984 5251 2247 5306 Salvatori
2279 5257 2583 5318 convenire,
2612 5264 2665 5308 at
2714 5256 2904 5309 saltem
2945 5271 3082 5309 eum
3131 5271 3194 5310 ea

1652 5343 1926 5396 Matthzeus
1956 5344 2280 5410 apposucrit,
2317 5344 2382 5396 de
2409 5346 2717 5399 testimonio
2754 5342 2901 5412 quod
2933 5352 3027 5396 est
3059 5345 3197 5412 apud

1622 5433 1987 5495 tractavimus,
2027 5432 2294 5485 dumillud
2315 5433 2478 5505 428
2512 5455 2524 5491 :
2565 5437 2735 5491 «Deus
2762 5433 2921 5488 duxit
2951 5433 3113 5486 illum
3135 5449 3198 5487 ex

93 5497 280 5575 Musio,
319 5537 336 5566 ›
363 5497 701 5578 enarremus.
732 5514 950 5583 quando
984 5529 1048 5567 ne
1089 5515 1203 5582 ipse
1238 5513 1444 5580 quidem
1467 5519 1818 5585 evangelista,
1848 5535 1904 5573 se
1928 5520 1994 5572 ab
2022 5520 2192 5587 ipsius
2237 5517 2385 5573 Oscae
2416 5523 2691 5592 prophetia
2736 5521 3038 5575 oraculum
3111 5535 3204 5572 ac-

92 5594 241 5656 Ft‘pisse
267 5603 519 5665 indicavit.
566 5617 626 5660 ut
676 5605 1027 5670 undecunque
1055 5609 1345 5670 quaerentes
1389 5608 1604 5675 possint
1645 5609 1717 5662 illi
1750 5609 2049 5679 ubicunque
2089 5611 2316 5678 positum
2348 5613 2438 5677 sit,
2488 5615 2728 5670 invenire
2770 5631 2785 5666 :

94 5679 193 5734 unde
207 5703 283 5752 3m
305 5705 377 5748 est
395 5696 778 5766 evangelistam
809 5689 937 5746 illud
968 5690 1263 5758 protulisse.

2827 5611 2902 5663 ibi
2945 5608 3207 5668 videlicet
