3740 6332
515 377 616 431 685

1129 355 1388 412 EUSEBII
1428 349 1897 409 CIESARIENSIS
1933 348 2075 405 OPP.
2122 347 2317 403 PARS.
2356 345 2420 400 11.
2447 346 3029 403 —APOLOGETICA.
3533 352 3606 409 (itit

519 493 657 545 hunc
697 497 868 553 usque
913 478 1050 531 diem
1089 483 1483 529 contraxerunt.
1542 471 1877 538 Quapropter
1929 481 2035 518 non

2143 465 2248 529 τοῦ,
2280 485 2299 516 ι
2334 464 2523 536 (δῆλον
2564 462 2606 515 δ’
2630 463 2707 515 ὅτι
2752 463 2850 519 τοῦ
2886 461 3119 530 Ἰακὼ6,)
3154 461 3288 514 οὕτω
3324 463 3485 515 mer
3511 466 3609 520 «Ἐκ

517 576 666 646 regni
688 572 881 629 solum,
907 565 999 621 sed
1022 563 1176 617 etiam
1210 561 1293 615 sui
1320 560 1485 622 illius,
1517 557 1657 625 quod
1693 557 1895 609 honore
1929 568 2039 607 om-

516 669 570 721 ni
592 680 653 718 ac
678 656 974 715 reverentia
1001 653 1266 710 colebant,
1298 648 1608 710 sanctuarii,
1636 654 1929 700 extremam
1951 659 2037 699 so-

517 755 795 810 litudinem
827 755 985 814 atque
1029 741 1300 795 interitum
1336 740 1389 789 in
1422 739 1592 790 oculis
1629 736 1844 797 habere,
1882 742 2039 802 atque

514 843 708 898 intueri
730 854 834 894 non
865 836 1136 889 desinunt.
1161 828 1276 881 Non
1304 828 1400 883 abs
1420 842 1478 879 re
1502 833 1675 879 autem
1710 824 1869 877 fuerit
1894 824 2040 878 hisce

516 947 633 1001 qua:
662 942 803 983 nunc
834 931 1140 981 tractamus,
1174 918 1344 987 ipsius
1389 915 1555 968 Jacob
1581 913 1646 967 ad
1688 911 1879 967 Judam
1915 927 2039 982 pro-

519 999 749 1090 phetiam
785 1009 1091 1082 adiungere,
1120 1019 1279 1073 quam
1304 1003 1462 1057 etiam
1495 1002 1665 1070 ipsam
1694 999 2040 1055 evidentissi-

516 1087 603 1159 ine
639 1100 899 1156 Salvatori
922 1102 1102 1149 nostro
1124 1088 1632 1157 accommodarijam
1648 1087 2039 1142 demonstravi-

514 1209 655 1255 mus,
705 1184 1152 1254 contemplarique
1201 1194 1340 1242 eam,
1374 1189 1490 1247 qua
1538 1177 1594 1230 in
1646 1176 1887 1244 utrisque
1933 1178 2036 1231 est,

514 1281 869 1337 concordiam.
901 1269 1352 1340 Quemadmodum
1385 1269 1523 1322 enim
1547 1265 1634 1319 bic
1677 1265 1877 1319 dictum
1910 1270 1993 1318 est
2022 1281 2035 1317 :

521 1391 540 1421 ι
584 1368 895 1438 Egredietur
917 1365 1076 1416 homo
1104 1361 1171 1413 de
1211 1359 1412 1414 semine
1433 1356 1548 1425 ejus
1575 1354 1765 1425 (ipsius
1795 1353 2040 1408 videlicet

515 1457 732 1527 ,ιω-οὺ),
755 1476 772 1507 ι
801 1456 874 1508 ita
897 1454 1055 1507 etiam
1096 1449 1430 1516 illic;dictum
1460 1453 1541 1501 est
1576 1463 1590 1500 :
1622 1464 1640 1497 ι
1677 1444 1752 1498 De
1775 1444 2036 1514 germine,

516 1548 591 1602 lili
623 1547 718 1608 mi,
761 1541 1045 1597 ascendisti
1078 1540 1144 1605 '9,
1182 1557 1200 1589 ι
1234 1538 1302 1593 ab
1330 1536 1448 1605 ipso
1476 1533 1660 1598 Jacob,
1710 1533 1776 1588 ad
1801 1548 1924 1588 eum
1972 1532 2041 1588 de

516 1651 622 1705 quo
656 1636 769 1704 ipse
795 1631 1131 1686 vaticinatur.
1169 1628 1341 1696 thue
1374 1627 1427 1679 in
1461 1625 1705 1694 praesenti
1746 1625 1944 1678 dicitur
1975 1624 2042 1677 il-

2136 555 2383 625 βλαστοῦ,
2434 555 2518 609 υἱέ
2571 572 2687 625 μου,
2730 552 2950 621 ἀνέϐης,
2983 569 3002 600 ι
3039 551 3218 621 εἴρητο
3260 550 3345 602 ὑπ’
3371 553 3509 606 αὑτοῦ
3543 558 3609 611 τοῦ

2148 644 2334 698 Tum
2366 644 2501 716 πρὸς
2530 644 2618 696 τὸν
2658 641 3149 713 πρςφητευόμενον.
3193 640 3297 692 Καὶ
3335 641 3403 703 ὡς
3439 644 3515 696 ἐπὶ
3545 649 3610 699 τοῦ

2137 737 2397 808 παρόντος
2420 736 2628 803 λέγεται
2648 735 2727 798 τὸ,
2752 754 2770 784 ι
2790 735 2902 785 Ka‘t
2920 718 3199 802 κυριεύσει
3226 731 3385 783 ἐθνῶν
3406 734 3608 795 nonin,»

2134 828 2327 897 ὁμοίως
2355 826 2446 879 καὶ
2474 827 2531 877 ὲν
2556 824 2776 886 ἐκείνοις
2802 823 2885 886 τὸ,
2922 841 2940 872 ι
2968 824 3079 874 Kal.
3104 821 3260 884 αὐτὸς
3287 821 3421 875 ἔσται
3450 826 3614 892 προσδο-

2136 919 2227 971 κία
2270 916 2451 970 ἐθνῶν.
2500 935 2520 967 ι
2576 916 2685 968 Kal.
2733 913 2894 966 πάλιν
2948 908 3177 963 ἐνταῦθα
3222 910 3334 980 μὲν,
3383 930 3400 963 ι
3439 913 3610 973 Ἔδεται,

2137 1008 2314 1076 φησὶν,
2360 1026 2376 1057 ι
2403 1006 2526 1076 ἔθνη
2568 1005 2774 1075 ἐχθρῶν
2799 1002 2992 1065 αὑτοῦ,
3026 1002 3119 1053 καὶ
3149 1004 3267 1062 ταῖς
3300 1002 3478 1070 βολίσιν
3501 1004 3613 1056 αὑτοῦ

2136 1095 2507 1161 κατατοξεύσει
2533 1094 2751 1164 ἐχθρόν·
2779 1113 2799 1144 ι
2821 1091 3097 1153 Ὡσαύτως
3122 1090 3179 1142 δὲ
3204 1091 3295 1143 καὶ
3337 1093 3390 1144 ὲν
3429 1092 3615 1154 ἐκείνοις,

2142 1205 2161 1236 ‹
2194 1187 2256 1237 Αἱ
2282 1185 2457 1256 χεῖρές
2479 1202 2569 1238 σου
2591 1184 2686 1235 ἐπὶ
2710 1181 2882 1236 νώτου
2905 1179 3014 1233 τῶν
3045 1178 3251 1249 ἐχθρῶν
3283 1195 3389 1243 σου,
3405 1198 3423 1230 ι
3445 1180 3615 1247 ἐλέγετο.

2136 1276 2245 1328 Καὶ
2292 1276 2370 1341 τὸ,
2404 1292 2423 1325 ι
2452 1274 2693 1343 Σκύμνος
2735 1272 2953 1334 λέοντος
2988 1269 3176 1331 Ἰούδα,
3204 1288 3223 1321 ι
3254 1268 3342 1320 καὶ
3381 1268 3453 1331 τὸ,
3478 1288 3493 1319 ι
3513 1271 3616 1321 Ἀνι-

2137 1366 2311 1420 πεσὼν
2334 1364 2620 1435 ἐκοιμήθης
2642 1364 2717 1427 ὼς
2735 1364 2894 1427 λέων,
2911 1363 3008 1416 καὶ
3026 1362 3103 1424 ὡς
3130 1360 3384 1429 σκύμνος’
3402 1360 3474 1421 τίς
3498 1363 3620 1431 ἐγερεῖ

2137 1457 2326 1519 αύτόν;
2363 1475 2381 1506 ι
2413 1456 2469 1506 ὲν
2496 1453 2724 1514 ἐκείνοις
2749 1451 3066 1522 εἰρημένον,
3096 1450 3244 1502 οὐδέν
3280 1467 3364 1518 μοι
3404 1448 3525 1501 δοκεῖ
3551 1451 3620 1501 διι-

2138 1547 2319 1616 φέρειν
2349 1545 2444 1614 τῆς
2480 1542 2611 1613 μετὰ
2640 1545 2831 1611 χεῖρας
2858 1541 3062 1604 λέξεως
3093 1539 3423 1609 φασκούσης’
3455 1558 3471 1589 ι
3495 1541 3619 1593 Κατιο

2138 1634 2333 1697 κλιθεὶς
2380 1633 2718 1685 ἀνεπαύσατο
2763 1631 2843 1693 ὡς
2892 1631 3054 1693 λέων,
3086 1631 3181 1683 καὶ
3220 1630 3293 1692 ὡς
3320 1630 3547 1699 σκύμνος⁹
3570 1632 3622 1692 τίς

515 1724 608 1778 lud
634 1740 650 1777 :
684 1740 701 1771 ‹
734 1719 798 1773 Ει
825 1719 1186 1773 dominabitur
1213 1715 1458 1785 gentibus
1481 1714 1682 1777 multis,
1708 1730 1727 1763 ι
1748 1712 1827 1766 sic
1851 1713 1906 1766 in
1930 1712 2036 1767 illis

2143 1722 2426 1792 ἀναστήσει
2472 1721 2662 1786 αὐτὸν;
2701 1738 2718 1770 ι
2764 1719 2960 1777 Ταῦτα
3011 1722 3071 1775 δὲ
3120 1720 3340 1784 εἰκότως
3384 1722 3452 1783 εἰς
3493 1720 3621 1772 ταύτὸν

516 1829 730 1886 quoque
757 1811 884 1865 illud
917 1828 930 1864 :
959 1828 976 1859 ι
1003 1810 1068 1865 Et
1092 1810 1206 1877 ipse
1220 1782 1664 1875 eritexspectatio
1683 1802 1920 1872 gentium
1936 1802 2036 1856 ⁸ο.»

2144 1782 2530 1883 συνηγάγομεν,
2560 1811 2627 1863 ἵν’
2649 1782 2850 1881 ⁷ὥσπερ
2879 1810 2976 1862 ἐπὶ
2999 1811 3269 1880 στόματος
3296 1782 3382 1863 δύο
3411 1808 3621 1879 μρτᾶρωδ

515 1907 581 1962 Ει
612 1917 803 1958 rursus
834 1900 922 1958 hic
952 1898 1165 1967 quidem
1202 1916 1216 1951 :
1251 1915 1269 1948 ι
1304 1895 1606 1958 Devorabit,
1630 1892 1820 1962 inquit,
1855 1900 2036 1962 gentes

2143 1903 2235 1972 τῆς
2278 1905 2336 1954 ὲν
2364 1905 2480 1963 ταῖς
2509 1899 2865 1970 προφητείαις
2909 1900 3236 1970 συμφωνίας
3259 1903 3291 1970 ἡ
3322 1900 3437 1970 περὶ
3460 1898 3530 1951 τοῦ
3554 1899 3621 1950 Σω-

514 1994 850 2049 inimicorum
881 2003 1123 2051 suorum,
1159 1995 1213 2041 et
1260 1986 1456 2055 jaeulis
1496 1984 1610 2039 suis
1656 1983 1811 2036 feriet
1860 1982 2033 2035 inimi-

2143 1991 2298 2061 τῆρος
2324 1989 2473 2060 ἡμῶν
2494 1989 2755 2054 ἀπόδειξις
2779 1989 3140 2059 βεϐαιοτέραν
3160 1989 3309 2043 λάϐοι
3325 1989 3415 2058 τὴν
3433 1988 3619 2057 κύρωσιν.

512 2098 662 2147 cum;
692 2100 709 2132 ι
750 2081 806 2133 in
835 2079 941 2132 illis
985 2084 1165 2131 autem
1196 2076 1358 2130 simili
1405 2073 1612 2127 ratione
1660 2070 1791 2124 illud
1835 2070 2036 2124 dictum

2143 2079 2319 2132 Πάντα
2341 2080 2385 2130 δ’
2407 2075 2497 2133 οὖν
2524 2078 2591 2131 τὰ
2613 2080 2691 2141 εἰς
2714 2080 2814 2151 τὴν
2841 2079 2941 2131 τοῦ
2976 2078 3173 2133 Ἰακὼϐ
3196 2080 3476 2150 πρόρρησιν
3495 2077 3622 2128 τεθεω-

449 2192 456 2199 ’
513 2183 594 2228 est
625 2191 637 2225 :
674 2188 693 2221 ι
736 2169 924 2229 Manus
945 2168 1129 2237 tuaegin
1159 2174 1308 2235 tergo
1333 2165 1672 2217 inimicorum
1702 2170 1916 2214 tuorum
1936 2161 2034 2213 ³¹.›

2143 2169 2343 2239 ρημένα
2375 2169 2657 2239 ἁρμόσειεν
2696 2168 2763 2222 ἂν
2805 2170 2904 2223 καὶ
2952 2172 3036 2231 εἰς
3074 2168 3173 2239 τὴν
3216 2168 3307 2221 τοῦ
3356 2166 3544 2234 Βαλαὰμ
3560 2166 3620 2233 τῆς

512 2263 643 2317 item
669 2261 797 2314 illud
825 2278 838 2312 :
865 2277 883 2310 ι
920 2258 1142 2313 Catulus
1169 2256 1339 2310 leonis
1365 2253 1522 2317 Juda,
1561 2271 1581 2305 ι
1602 2260 1656 2307 et
1682 2251 1813 2307 illud
1843 2271 1857 2307 :
1892 2270 1910 2302 ι
1936 2249 2036 2305 Be-

2143 2254 2444 2324 5μοιότητος
2484 2254 2588 2307 τῶν
2633 2256 2943 2325 λεγομένων
2981 2257 3167 2309 ἓνεκα.
3198 2257 3261 2309 Εἰ
3308 2256 3367 2325 δὴ
3402 2257 3550 2307 ἐκεῖνα
3568 2253 3620 2304 διὰ

512 2350 768 2403 cumbens
792 2346 1090 2401 dormivisti
1122 2351 1182 2399 ut
1205 2345 1309 2409 leo,
1361 2351 1411 2399 et
1446 2351 1505 2396 ut
1532 2342 1764 2407 catulus,
1794 2341 1916 2410 quis
1940 2356 2036 2394 ex-

2143 2344 2331 2414 πολλῆς
2349 2345 2668 2410 ἀποδείξεως
2693 2346 2788 2397 ἐπὶ
2819 2346 2914 2399 τὸν
2951 2348 3219 2418 ἡμέτερον
3245 2346 3453 2416 Σωτῆρα
3476 2343 3618 2411 πεπλη-

512 2438 698 2492 citabit
726 2438 874 2489 illum
902 2437 986 2489 ³²ἳ
1024 2454 1042 2486 ι
1097 2434 1321 2504 quodin
1368 2433 1474 2488 illis
1521 2432 1722 2486 dictum
1772 2430 2036 2505 est,‘nihil

2143 2436 2352 2503 ρωμένα
2380 2435 2625 2506 συνέστη,
2659 2435 2959 2490 ἀκόλουθον
3005 2436 3073 2490 ἂν
3120 2438 3204 2507 εἴη
3243 2438 3333 2489 καὶ
3360 2435 3423 2489 τὰ
3451 2434 3621 2505 παρόντι

514 2527 644 2579 mihi
680 2525 893 2581 differre
943 2524 1151 2579 videtur
1182 2523 1248 2576 ab
1276 2537 1360 2584 eo,
1409 2520 1553 2589 quod
1581 2534 1723 2573 nunc
1749 2527 2041 2575 tractamus
2133 2522 2428 2592 ὁμολογεῖν.

512 2618 747 2680 oraculo,
780 2617 934 2686 cujus
958 2615 1047 2669 illa
1073 2622 1199 2670 sunt
1218 2612 1379 2667 verba
1409 2631 1424 2666 :
1460 2630 1479 2661 ι
1514 2610 1851 2666 Recumbens
1880 2612 2079 2680 quievit
2102 2613 2182 2667 ἰιι
2233 2614 2336 2678 leo,
2368 2623 2421 2669 et
2468 2623 2524 2670 ut
2565 2621 2804 2679 catulus.
2837 2621 2967 2689 quis
3022 2621 3283 2676 excitabit
3326 2615 3622 2679 illurnhilac

513 2716 686 2763 autem
717 2723 823 2761 non
855 2708 951 2762 abs
971 2722 1030 2762 re
1055 2721 1220 2761 unum
1249 2705 1304 2759 in
1324 2706 1497 2759 locum
1521 2705 1811 2773 coegimus,
1855 2712 1912 2758 ut
1962 2708 2113 2774 quasi
2147 2707 2202 2761 in
2253 2723 2346 2764 ore
2393 2710 2621 2763 duorum
2671 2713 2925 2778 testium,
2975 2715 3099 2783 ejus
3149 2731 3268 2784 qua:
3320 2716 3373 2769 in
3402 2708 3622 2784 prophetia

512 2804 783 2865 spectatur
840 2796 1158 2859 concordiae,
1206 2795 1272 2850 de
1317 2793 1592 2848 Salvatore
1635 2802 1820 2849 nostro
1861 2795 2245 2854 demonstratio
2299 2799 2589 2856 ﬁrmiorem
2640 2804 2885 2873 accipiat
2919 2806 3322 2860 auctoritatem.
3365 2803 3458 2858 Sed
3498 2800 3619 2853 omnia

511 2901 836 2956 quaecunque
857 2888 911 2941 in
926 2885 1235 2940 vaticinium
1268 2884 1433 2939 Jacob
1474 2885 1881 2969 contemplanda
1926 2890 2272 2956 contulimus,
2307 2890 2431 2947 huic
2461 2893 2586 2947 item
2634 2896 2785 2963 quod
2833 2912 2865 2949 a
2896 2897 3119 2953 Balaam
3155 2899 3352 2952 dictum
3384 2904 3474 2957 est,
3513 2889 3623 2963 426

513 2980 898 3035 accommodari
946 2987 1214 3050 poterunt,
1244 2987 1463 3050 propter
1510 2995 1694 3034 eorum
1746 2996 1865 3050 quae
1895 2982 2039 3036 dicta
2069 2992 2196 3037 sunt
2248 2986 2675 3048 similitudinem.
2707 2990 2870 3055 Quod
2928 2994 2975 3047 si
3012 2995 3102 3047 illa
3137 2995 3193 3047 in
3227 3001 3405 3048 nostro
3449 2988 3621 3043 Salvato-

512 3085 570 3127 η
615 3072 876 3142 completa
923 3087 1043 3128 esse
1070 3071 1316 3140 ampliori
1362 3070 1821 3127 demonstratione
1869 3081 1989 3137 tum
2039 3075 2300 3140 constitit,
2353 3080 2598 3148 sequitur
2646 3080 2763 3149 jam
2812 3090 2876 3135 ut
2935 3088 3227 3152 prmsentia
3281 3097 3475 3154 quoque
3511 3078 3622 3132 fatea-

512 3177 653 3217 Dllll‘.

513 3289 595 3345 Ab
612 3290 771 3361 Qsee.
802 3322 872 3333 -
916 3293 1047 3347 Item
1076 3293 1137 3347 de
1167 3294 1257 3347 illo
1302 3293 1435 3357 quod
1490 3292 1684 3347 dictum
1724 3303 1798 3346 est
1829 3309 1846 3344 :
1881 3310 1900 3343 ι
1958 3293 2040 3347 Ea:
2066 3306 2107 3361 (ς

583 3358 805 3428 Egypto
830 3362 1213 3432 vocatoiFiliunt
1247 3378 1431 3422 meum,
1465 3380 1484 3412 ι
1516 3374 1562 3415 ει
1589 3363 1651 3415 de
1680 3361 1882 3417 Herode
1906 3379 2039 3432 rege,

582 3439 632 3486 et
657 3432 912 3484 eversione
939 3436 1082 3501 regni
1101 3431 1425 3490 Judworam,

589 3647 610 3680 ι
636 3628 702 3682 Et
729 3638 980 3699 exsurget
1017 3631 1245 3700 perditio
1274 3634 1328 3685 in
1376 3632 1572 3701 populo
1603 3638 1715 3694 tuo,
1755 3637 1809 3685 et
1853 3645 2038 3685 omnia

518 3719 723 3773 munita
747 3728 835 3771 tua
863 3720 1129 3787 peribunt,
1163 3734 1223 3773 ut
1251 3722 1499 3790 princeps
1523 3720 1769 3774 Salaman
1797 3720 1863 3774 de
1882 3720 2040 3774 domo

512 3805 813 3861 Jeroboam.
840 3804 898 3859 In
925 3808 1111 3864 diebus
1158 3810 1282 3864 belli
1322 3819 1542 3864 matrem
1587 3826 1746 3879 super
1770 3811 1892 3864 ﬁliis
1924 3810 2040 3862 alli—

515 3902 717 3948 serunt.
749 3890 837 3947 Sic
865 3893 1240 3961 faciam,vobis
1263 3899 1452 3953 domus
1482 3897 1664 3963 Israel,
1689 3915 1717 3951 a
1740 3898 1871 3952 facie
1897 3898 2038 3965 inju-

514 3979 717 4035 riarum
750 3989 1068 4041 vestrarum.
1118 3986 1270 4045 Mane
1300 3988 1453 4057 cjecti
1506 3997 1631 4042 sunt
1663 4007 1675 4042 :
1709 3988 1912 4057 ejectus
1956 3997 2037 4042 est

516 4085 610 4125 rex
640 4068 821 4138 Israel,
851 4074 1103 4142 quoniam
1152 4076 1330 4131 infans
1386 4075 1568 4132 Israel.
1625 4076 1689 4130 Et
1739 4092 1837 4146 ego
1874 4077 2037 4130 dilexi

512 4173 677 4215 eum:
708 4169 762 4217 et
806 4176 871 4216 ex
902 4162 1133 4234 Egypto
1176 4165 1394 4220 evocavi
1443 4165 1580 4221 ﬁlios
1617 4166 1733 4232 ejus
1771 4166 1832 4218 ⁸³.
1874 4184 1892 4215 ι
1932 4164 2035 4217 Sed

514 4249 705 4317 Aquila
736 4288 753 4314 ,
810 4249 1085 4307 Hebraicze
1135 4254 1423 4309 elocutioni
1490 4255 1816 4317 inserviens,
1872 4272 1891 4304 ι
1960 4253 2034 4305 Ex

516 4338 740 4409 .‘Egypto
781 4344 964 4398 vocavi
1019 4343 1186 4402 ﬁlium
1243 4360 1438 4407 meum,
1472 4364 1491 4399 ι
1525 4347 1900 4413 interpretatus
1930 4353 2031 4399 est.

515 4426 627 4496 Ego
659 4438 833 4485 autem
884 4435 1186 4488 necessario
1234 4435 1299 4486 ad
1347 4434 1565 4487 verbum
1615 4433 1793 4485 notavi
1837 4433 2031 4498 locum,

2154 3298 2415 3371 ’Asjtdftov
2454 3296 2882 3371 Ὡᾳηέί-τ-Ἕτι
2913 3303 3048 3370 περὶ
3076 3304 3202 3365 τοῦ,
3233 3323 3250 3354 ι
3282 3304 3375 3366 Ἐξ
3401 3302 3619 3371 Amm;

2206 3366 2465 3440 ἐκάλεσα
2495 3368 2598 3419 τὸν
2625 3370 2767 3440 Υἱόν
2790 3387 2935 3436 μου,
2967 3365 3115 3425 ι’καὶ
3141 3373 3270 3440 περὶ
3316 3365 3526 3440 Ἡρώδου
3554 3365 3619 3420 τοῦ

2200 3435 2521 3509 βασιλέῳς,
2552 3438 2650 3509 kal
2699 3435 2837 3505 περὶ
2874 3441 2989 3508 τῆς
3015 3435 3402 3509 καθαιρέσεως
3421 3438 3508 3505 τῆς
3534 3439 3619 3491 Ἰουε

2205 3503 2383 3556 δαίων
2403 3506 2749 3572 βασιλείας.

2210 3634 2229 3666 ι
2264 3616 2372 3669 Kal.
2404 3616 2829 3688 ὲξαναστήσεται
2867 3623 3117 3677 ἀπώλεια
3145 3625 3201 3677 ὲν
3225 3623 3300 3695 τῷ
3327 3622 3430 3692 λαῷ
3452 3636 3542 3681 σου,
3562 3614 3620 3666 καὶ

2137 3706 2310 3760 πάντα
2340 3707 2407 3760 τὰ
2435 3713 2949 3782 περι-τετειχισμένα
2981 3732 3075 3767 σου
3114 3717 3396 3786 οἰχήσεται,
3416 3713 3480 3775 ὡς
3498 3711 3623 3779 ἄρχων

2136 3797 2274 3849 Σαλα
2281 3797 2382 3867 μὰν
2400 3801 2461 3850 ὲκ
2481 3798 2573 3851 τοῦ
2592 3799 2749 3853 οἴκου
2765 3804 3069 3876 Ἰεροὸοὰμ.
3104 3806 3192 3859 Ἐν
3209 3807 3425 3877 ἡμέραις
3453 3800 3619 3867 πολέμου

2139 3890 2346 3958 μητέρα
2356 3890 2445 3941 ἐπὶ
2466 3889 2679 3953 τέκνοις
2693 3893 2985 3961 ἦδάφισαν.
3005 3897 3161 3949 Οὕτω
3180 3898 3379 3965 ποιήσω
3389 3895 3513 3963 ὑμῖν,
3525 3886 3621 3945 οἶκος

2149 3978 2380 4048 Ἰσραὴλ,
2429 3979 2535 4032 ἀπὸ
2554 3982 2854 4050 προσώπου
2880 3985 2989 4039 τῶν
3019 3986 3239 4041 ἀδικιῶν
3263 3986 3421 4057 ὑμῶν.
3455 3979 3620 4051 Ὀρθρου

2134 4068 2529 4139 ἀπερῤίφησανο
2553 4071 2840 4144 ἀπεῤῥίφη
2860 4074 3111 4143 βασιλεὺς
3127 4077 3349 4149 Ἰσραὴλ,
3364 4072 3478 4126 διότι
3492 4072 3622 4138 νήπισς

2147 4157 2504 4229 ’ἰσραήλ.Καὶ
2531 4161 2643 4228 ἐγὼ
2685 4164 2951 4234 ἠγάπησα
2986 4167 3169 4231 αὐτὸν,
3212 4168 3302 4220 καὶ
3335 4164 3388 4229 ἐξ
3418 4159 3620 4228 Αἰγύπτου

2137 4248 2467 4314 μετεκάλεσα
2480 4250 2548 4304 τὰ
2560 4252 2732 4306 τέκνα
2749 4256 2933 4309 αὐτοῦ,
2966 4276 2985 4308 ι
3005 4256 3298 4319 Δουλεύσας
3318 4256 3388 4324 τῷ
3400 4244 3619 4321 Ἐϐραῖκῷι

2137 4354 2155 4384 ι
2180 4337 2265 4402 Ἐξ
2298 4339 2565 4406 Αἰγύπτου
2601 4343 2847 4399 ἐκάλεσα
2890 4348 2983 4400 τὸν
3031 4349 3143 4400 υἱόν
3187 4364 3302 4418 μου,
3333 4365 3350 4396 ι
3383 4334 3622 4408 ὲξέδωκενά

2145 4425 2390 4490 Ἀκύλας.
2407 4428 2752 4499 Ἀναγκαίως
2803 4437 2861 4491 δὲ
2906 4438 2968 4491 τὸ
3012 4438 3170 4509 ῥητὸν
3196 4430 3621 4507 ὲπεσημειωσάμηνν

514 4517 765 4582 quoniam
791 4519 1071 4576 Matthazus
1094 4537 1306 4590 quoque
1346 4521 1524 4590 posuit
1554 4520 1905 4589 prophetiam,
1942 4521 2032 4577 ubi

2143 4516 2356 4588 ἐπείπερ
2401 4520 2495 4572 καὶ
2538 4523 2567 4573 ὁ
2612 4524 2905 4591 Ματθαῖος
2933 4528 3165 4582 τέθειται
3208 4529 3304 4600 τὴν
3346 4518 3620 4596 προφητείανι

513 4607 568 4662 in
599 4606 880 4681 Egyptum
907 4612 1287 4680 commigrasse
1327 4610 1530 4675 Jesum,
1554 4620 1607 4665 et
1640 4613 1785 4665 illinc
1813 4611 2035 4667 rediisse

2143 4605 2362 4675 δπηνίκα
2393 4608 2471 4669 εἰς
2498 4608 2784 4676 Αἴγυπτον
2810 4615 3218 4686 διακομισθῆναι
3238 4615 3322 4667 τὸν
3354 4606 3539 4681 Ἰησοῦν,
3556 4600 3622 4653 κά·

514 4697 568 4749 in
593 4705 787 4753 terram
809 4701 972 4756 Israel
994 4700 1278 4763 indicavit;
1324 4703 1369 4755 si
1399 4704 1517 4771 quis
1535 4710 1710 4756 autem
1740 4700 2034 4758 Salvatoris

2143 4697 2310 4753 κεῖθεν
2353 4699 2673 4756 ἐπανελθεῖν
2723 4706 2819 4759 ἐπὶ
2862 4706 2960 4778 τὴν
2991 4707 3092 4778 γῆν
3121 4707 3212 4759 τοῦ
3249 4701 3443 4775 Ἰσραὴλ
3468 4693 3617 4764 ἐδήλωο

513 4787 681 4841 nostri
711 4788 765 4842 in
795 4788 1082 4859 (Egyptum
1123 4789 1501 4859 profectionem
1533 4796 1768 4853 accuset,
1800 4791 1935 4844 sciat
1978 4789 2031 4843 id

513 4879 683 4929 totum
711 4880 940 4933 maxima
985 4895 1106 4934 curn
1150 4881 1355 4935 ratione
1385 4881 1583 4935 factum
1616 4882 1800 4938 fuisse.
1852 4881 2032 4951 Neque

516 4962 656 5015 enim
704 4963 928 5024 Herodis
959 4971 1310 5025 voluntariam
1362 4972 1616 5026 malitiam
1651 4974 1898 5028 cohibere
1941 4987 2038 5042 par

517 5058 654 5109 erat.
680 5066 850 5120 neque
874 5075 1061 5116 rursus
1088 5059 1441 5126 Salvatorem,
1482 5078 1705 5132 puerum
1738 5064 1912 5119 adhuc
1938 5063 2038 5116 mi-

517 5136 700 5189 racula
728 5146 961 5199 exordiri
1016 5150 1126 5215 jam
1156 5160 1288 5216 tum,
1316 5161 1477 5223 atque
1504 5161 1627 5208 ante
1652 5162 1861 5222 tempus
1898 5152 2033 5207 divi-

518 5236 639 5312 nam
670 5235 935 5286 ostentare
952 5238 1198 5293 virtutem
1233 5261 1246 5294 :
1274 5244 1415 5312 quod
1450 5260 1578 5300 sane
1601 5245 1797 5298 factum
1825 5242 2032 5305 fuisset,

470 5347 474 5350 ι
519 5310 563 5363 si
610 5311 836 5368 mirabili
870 5324 1096 5387 quadam
1133 5310 1335 5385 ratione
1363 5334 1701 5390 insidiantem
1734 5333 1833 5388 sibi
1859 5331 2030 5385 Hero.-

519 5394 639 5445 dem
666 5399 975 5465 punivissct,
998 5424 1167 5478 neque
1186 5415 1291 5467 ullo
1318 5421 1473 5476 modo
1493 5424 1634 5479 illam
1663 5424 1716 5477 in
1743 5421 2029 5490 Egyplllm

520 5497 626 5541 una
655 5497 776 5537 cum
828 5496 1138 5555 parentibus
1180 5507 1533 5566 secessionem
1571 5514 1894 5583 pertulisset.
1929 5506 2030 5562 Ve-

2138 4789 2196 4840 Εἰ
2230 4788 2287 4843 δὲ
2321 4790 2692 4859 ἐπιμέμφοιτό
2723 4814 2805 4859 τις
2836 4801 2901 4868 τῇ
2939 4800 3016 4861 εἰς
3050 4799 3312 4866 Αἴγυπτον
3351 4788 3617 4860 ἀναχωρήσει

2133 4877 2224 4929 τοῦ
2247 4878 2495 4948 Σωτῆρος
2519 4883 2707 4951 ἡμῶν,
2727 4886 2860 4940 ἴστω
2883 4889 3022 4942 κατὰ
3045 4888 3195 4957 λόγον
3210 4887 3366 4959 αὐτὴν
3386 4876 3614 4954 γεγονέναι-

2131 4966 2266 5019 Οὔτε
2297 4967 2403 5039 γὰρ
2436 4972 2687 5043 ἐπισχεῖν
2717 4978 2810 5031 τὸν
2849 4978 3093 5052 Ἡρώδην
3116 4980 3211 5049 τῆς
3246 4965 3615 5043 αὐτοπροαιρέτου

2131 5056 2325 5118 κακίας
2353 5060 2634 5129 προσῆκον
2656 5059 2748 5134 ἦν,
2770 5065 2883 5118 οὔτ’
2904 5066 2969 5119 ἂν
3000 5066 3194 5139 βρέφος
3229 5067 3297 5118 ἔτ’
3317 5064 3430 5117 ὄντα
3449 5058 3522 5110 τὸν
3541 5053 3617 5102 Σω·

2129 5144 2271 5215 τῆρα
2295 5145 2402 5198 τῶν
2431 5147 2731 5218 θαυμάτων
2755 5156 3122 5228 ἀπάρξασθαι,
3143 5157 3233 5210 καὶ
3253 5154 3348 5225 πρὸ
3375 5148 3531 5220 καιροῦ
3548 5139 3613 5205 τὴν

2131 5233 2279 5288 θείαν
2311 5236 2717 5297 ἐπιδείκνυσθαι
2748 5245 3006 5317 δύναμιν·
3057 5248 3189 5318 ὅπερ
3234 5246 3295 5298 ἂν
3333 5240 3553 5313 ἐπράχθη,
3578 5234 3610 5285 εξ

2132 5326 2442 5397 παραδόξως
2461 5330 2882 5389 ἐπιϐουλεύοντα
2898 5336 3047 5406 σὺτῴ
3074 5337 3159 5389 τὸν
3183 5335 3399 5405 Ἡρώδην
3419 5324 3608 5400 μετῆλθες

2135 5416 2390 5487 μηδαμῶς
2423 5421 2720 5491 ὑπομείνας
2751 5426 2850 5497 τὴν
2892 5428 2973 5489 εἰς
3018 5428 3275 5496 Αἴγυπτον
3310 5426 3412 5495 ἅμα
3434 5420 3524 5480 τοῖς
3543 5427 3608 5481 γο-

2130 5506 2311 5563 νεῦσιν
2337 5512 2699 5587 ἀναχώρησιν.
2720 5516 2881 5571 Ἀλλὰ
2921 5516 3030 5589 γὰρ
3067 5515 3134 5590 ἦν
3162 5519 3252 5588 τῆς
3280 5514 3535 5586 κρείττονος
3553 5504 3604 5562 οε-

592 5638 636 5677 ⁸¹
671 5637 803 5699 Gen.
836 5656 993 5709 ms,
1027 5644 1078 5699 9.
1150 5651 1194 5682 ⁸ο
1233 5654 1358 5712 ibid.
1398 5660 1475 5720 to.
1554 5670 1590 5699 ³³
1633 5668 1760 5723 ibid.
1794 5667 1845 5723 8.
1919 5666 1964 5697 ³³
2003 5664 2036 5720 il

2168 5668 2222 5725 9.
2301 5675 2342 5707 ³³
2381 5674 2504 5732 Ose.
2535 5677 2862 5749 1,14,15;
2905 5681 3071 5746 31,1.
