3740 6334
118 400 206 455 (:63
933 407 1566 466 DEMONSTRATIONIS
1610 412 2048 468 EVANGELICAS
2094 412 2217 469 LIB.
2282 416 2369 472 IX.
3125 435 3227 490 660

118 514 337 583 κονομίας
360 518 447 569 ἐπὶ
478 524 667 591 καιροῦ
695 527 787 579 τοῦ
809 529 1161 598 προσήκοντος
1182 527 1289 579 τῶν
1310 529 1406 598 τῆς
1426 529 1595 598 θεότη-

1748 544 1826 582 um
1855 529 1993 583 enim
2048 532 2431 596 praestantioris
2484 534 2762 601 cujusdam
2816 539 3225 610 dispensationis

113 621 186 666 τος
209 604 534 673 ἀπάρξασθαι
557 609 865 682 θαυμάτων,
962 632 1023 683 γε
1051 616 1134 669 διὰ
1165 616 1357 678 παντὸς
1379 616 1469 668 τοῦ
1496 615 1590 684 βίοι

1745 634 1767 671 c
1787 618 2056 679 sapientiae
2090 619 2215 683 fuit,
2243 636 2341 675 suo
2374 629 2534 690 atque
2560 630 2958 686 accommodato
2984 641 3222 706 tempore

112 693 160 744 τὸ
200 696 353 763 πρᾶον
393 697 483 748 καὶ
522 700 838 764 ἀνεξίκακον
884 706 1304 778 μεμαρτύρηται,
1347 706 1589 777 προχείριι

1842 710 2101 773 culorum,
2132 727 2253 780 qua
2298 712 2364 768 ad
2418 714 2748 770 divinitatem
2805 693 3222 787 pertinent,lini-
3314 722 3317 727 ’

111 783 190 850 μὲν
212 785 284 846 είς
311 782 404 848 τὰς
442 786 692 855 εὐποιίας
725 796 816 847 καὶ
853 795 947 857 τὰς
980 796 1157 859 κοινὰς
1184 796 1488 865 εὐεργεσίας
1514 813 1588 863 γε·

1747 810 1831 847 um
1860 795 2034 851 facere
2053 812 2173 851 eum
2203 799 2289 853 cui
2341 799 2392 853 in
2427 808 2537 854 tota
2567 802 2673 855 vita
2703 813 3127 869 mansuetudinis
3165 824 3218 869 et

107 872 298 941 νομένῳ,
334 876 530 943 μηδένα
571 880 627 932 δὲ
672 883 780 935 τῶν
824 885 895 954 μὴ
943 887 1235 939 ἀκουόντων
1270 888 1581 959 ἀμυνομένῳ

1739 883 1990 939 Iementite
2018 876 2390 943 testimonium
2449 890 2713 945 redditum
2768 903 2869 958 est,
2910 901 3106 968 quique
3151 906 3216 959 ad

107 966 214 1033 μηδὲ
256 966 334 1018 ὅτε
373 966 447 1030 ὡς
494 972 769 1041 πρόϐατον
813 977 903 1026 ἐπὶ
947 976 1153 1046 σφαγὴν
1191 977 1368 1045 ἦγετο,
1398 978 1499 1028 καὶ»
1529 979 1584 1038 ὡς

1739 976 2126 1039 romerendum,
2158 984 2315 1045 atque
2367 978 2432 1031 ad
2466 983 2768 1036 communia
2798 985 2963 1041 ofﬁcia
2992 988 3216 1059 fungen-

104 1055 241 1120 ἀμνὸς
263 1057 485 1109 ἐναντίον
525 1060 619 1112 τοῦ
654 1064 921 1134 κείροντος
942 1065 1163 1133 ἄσωνος.
1196 1066 1316 1127 Πῶς
1342 1061 1431 1118 οὖν
1459 1068 1581 1127 εἰκὸς

1736 1076 1764 1113 a
1793 1077 2091 1130 propensus
2113 1066 2333 1126 exstitit.
2360 1082 2458 1119 nec
2508 1069 2737 1138 aliquem
2773 1088 3002 1140 unquam
3032 1093 3213 1132 eorum

100 1140 152 1213 ἦν
172 1143 249 1196 τὸν
277 1146 503 1201 τοιοῦτον
526 1149 637 1202 δεῖν
671 1154 730 1204 ὲν
764 1155 956 1224 παιδίῳ
996 1155 1068 1224 μὴ
1111 1156 1228 1224 οὐχὶ
1256 1157 1576 1227 ὑποχωρῆσα

1739 1151 1786 1204 ui
1810 1166 1913 1204 non
1940 1153 2038 1220 ipsi
2070 1156 2522 1218 auscultaveruut,
2552 1160 2699 1214 ultus
2717 1170 2819 1224 est,
2852 1179 2919 1218 ne
2946 1173 3074 1219 tunc
3099 1170 3216 1235 qui-

99 1237 149 1301 τῇ
176 1234 254 1286 τοῦ
291 1236 516 1305 Ἡρώδου
548 1242 742 1312 κακίᾳ,
770 1237 813 1308 ᾧ
844 1246 935 1297 καὶ
958 1246 1013 1296 ὲν
1040 1245 1190 1314 ἀνδρὶ
1216 1244 1274 1296 τὸ
1305 1246 1576 1315 ἀναχωρεῖπ

1737 1255 1809 1293 em
1836 1255 1956 1295 cum
1988 1248 2045 1297 ut
2075 1243 2189 1296 ovis
2235 1245 2309 1297 ad.
2339 1248 2660 1302 occisionem
2714 1250 3025 1315 ducebatur,
3058 1266 3214 1323 atque

99 1325 170 1376 καὶ
196 1327 303 1388 τοὺς
317 1330 593 1398 ,πονηροὺς
621 1332 888 1385 ἐκκλίνειν
925 1334 1346 1403 μεμαρτύρηται,
1376 1335 1576 1405 ἐπικρύ-

1734 1335 1748 1377 ι
1773 1343 1942 1396 agnus
1970 1345 2146 1384 coram
2190 1334 2444 1389 tondente
2474 1352 2531 1391 se
2557 1377 2571 1398 ,
2604 1340 3024 1397 obmuteseebat.
3055 1345 3211 1415 427

97 1415 280 1467 πτεσθαί
322 1432 376 1468 τε
416 1419 507 1469 καὶ
555 1420 885 1489 ὑποφεύγειν
914 1424 1002 1475 τὸν
1037 1424 1125 1475 ἐπὶ
1152 1428 1266 1488 ταῖς
1304 1424 1574 1494 παραδοξο

1729 1418 1787 1476 rui
1808 1425 2003 1481 autem,
2022 1436 2224 1487 ηιιωεο,
2243 1425 2601 1491 convenisset,
2624 1443 2765 1491 eum,
2795 1431 2884 1497 qui
2923 1433 3044 1486 talis
3072 1445 3206 1493 erat.

95 1505 259 1567 ποιίαις
278 1503 511 1572 ἓπαινον;
556 1511 796 1580 παρῄνει
834 1513 960 1579 γοῦν
992 1518 1099 1576 τοῖς
1130 1516 1217 1567 ὑπ’
1249 1514 1404 1567 αὑτοῦ
1433 1516 1572 1584 θερα-

1734 1519 1905 1556 uerum
1937 1506 2110 1560 adhuc
2142 1506 2606 1581 Herodismalitia:
2642 1531 2747 1569 non
2780 1519 3091 1585 concedere,
3123 1526 3211 1578 cui

95 1593 358 1659 πενομένοις
384 1596 568 1665 μηδενὶ
596 1598 797 1665 λέγειν.
835 1601 895 1652 Εἰ
918 1601 960 1653 δ’
982 1603 1069 1654 ἐπὶ
1088 1603 1175 1656 τὸν
1201 1603 1325 1656 λαὸν
1342 1604 1439 1674 τὴν
1463 1621 1572 1672 προ

1733 1592 1841 1644 iam
1870 1593 1936 1645 ad
1967 1595 2172 1648 virilem
2230 1603 2436 1655 aetatem
2498 1602 2756 1670 profecto,
2804 1609 3132 1663 concedendi
3159 1622 3210 1666 et

93 1679 277 1746 (maciam
303 1681 549 1753 ἀναφέροι
583 1702 690 1749 τις,
726 1688 943 1755 φάσκων
975 1691 1096 1759 περὶ
1140 1689 1228 1742 τοῦ
1255 1692 1316 1742 ὲκ
1349 1692 1570 1761 σπέρμα·

1738 1681 1949 1748 aliguos.
1990 1684 2315 1749 declinandi,
2347 1690 2713 1747 testimonium
2766 1686 3035 1752 redditum
3087 1702 3211 1754 est?

91 1784 161 1829 τος
199 1769 278 1820 τού
309 1772 513 1842 Ἰσραὴλ
564 1772 695 1827 λαοὺ
748 1777 1005 1846 εἰρῆσθαι,
1036 1779 1370 1849 ἐπιστησάτω
1397 1783 1458 1849 τῇ
1492 1780 1568 1833 τοῐ

1730 1767 1877 1836 uique
1924 1779 1983 1824 et
2033 1788 2091 1829 se
2150 1777 2441 1840 occultare,
2477 1787 2528 1832 et
2559 1781 2611 1833 in
2663 1783 2940 1840 miraculis
2988 1789 3207 1848 edendis

92 1855 214 1923 λόγου
240 1859 529 1932 ἀκολουθίᾳ,
560 1865 742 1917 ταῦτα
786 1866 994 1918 ἔσεσθαι
1032 1869 1243 1939 φησάσῃ
1275 1868 1407 1937 μετὰ
1432 1870 1491 1921 τὸ
1516 1870 1569 1921 εἰη

1732 1858 1895 1912 .udcm
1919 1860 2148 1930 effugere
2176 1870 2512 1921 consueverit
2530 1870 2552 1921 ?
2570 1885 2693 1924 nam
2724 1889 2860 1942 quos
2880 1877 2993 1944 ipse
3025 1895 3209 1935 curas--

96 1951 186 1997 πεῖν
208 1948 270 2011 ὡς
295 1951 418 2020 πρὸς
452 1952 622 2021 αὐτὴν
663 1955 767 2025 τὴν
803 1956 1175 2026 Ἰερουσαλήμ·
1218 1976 1236 2007 ι
1265 1960 1370 2011 Καὶ
1400 1958 1573 2022 ἐξανα-

1729 1955 1783 2009 :t,
1819 1949 1891 2003 iis
1915 1951 2206 2019 imperabat
2243 1964 2299 2007 ut
2325 1958 2519 2010 nemini
2545 1959 2800 2018 dicerent.
2828 1965 2979 2031 Quod
3010 1971 3055 2023 si
3088 1973 3206 2038 quis

94 2039 296 2105 στήσεται
318 2039 550 2094 ἀπώλεια
577 2043 637 2093 ὲν
666 2043 749 2112 τῷ
777 2044 887 2113 λαῷ
918 2062 1028 2108 σου,
1059 2048 1150 2099 καὶ
1177 2047 1348 2099 πάντα
1380 2063 1586 2118 περιτε..
1684 2037 2008 2104 prophetiam
2043 2040 2181 2095 hanc
2209 2043 2272 2095 ad
2299 2047 2550 2113 populum
2581 2049 2795 2110 referat.
2815 2054 3063 2124 dicatque
3095 2058 3206 2113 iure

93 2127 349 2195 τειχισμένα
373 2145 460 2180 σου
476 2130 779 2200 οἰχήσεται.
811 2150 828 2181 ι
858 2134 964 2186 Καὶ
993 2135 1149 2204 ἅπερ,
1174 2136 1350 2205 φησὶν,
1373 2137 1399 2187 ὁ
1425 2135 1570 2187 τοιόσ⁴

1727 2140 1745 2178 3
1775 2127 1969 2193 pepulo
1995 2143 2056 2181 ex
2091 2132 2296 2186 semine
2342 2133 2505 2189 Israel
2553 2140 2781 2195 oriundo
2808 2143 2948 2197 dicta
2986 2161 3124 2213 esse,
3158 2149 3204 2204 is

90 2213 130 2263 δε
151 2216 300 2283 ἅρχων
326 2218 549 2271 πέπονθε
582 2221 729 2273 κατὰ
780 2222 868 2273 τὸν
920 2222 1205 2276 ἐπελθόντα
1241 2223 1384 2292 αὑτῷ
1427 2224 1567 2276 πόλε-

1726 2215 1913 2271 tendat
1943 2218 2227 2272 verborum
2271 2223 2509 2278 ordinem
2561 2226 2614 2278 in
2645 2230 2840 2296 quibus
2878 2232 2991 2287 haec
3023 2234 3203 2292 futura

96 2318 185 2369 μον,
210 2306 257 2355 ὲν
293 2299 333 2371 ᾧ
362 2308 563 2377 μητέρα
605 2310 700 2360 ἐπὶ
751 2309 957 2373 τέκνοις
991 2311 1270 2380 ἡδάφισαν,
1299 2311 1365 2363 τὰ
1408 2329 1573 2382 παρα-

1725 2303 1946 2366 icuntur,
1966 2314 2247 2376 postquam
2279 2312 2477 2366 dictum
2521 2324 2603 2369 est
2630 2319 2783 2386 quasi
2812 2321 2876 2373 ad
2914 2323 3085 2390 ipsum
3113 2325 3202 2381 Je-

94 2395 248 2461 πλήσια
266 2399 484 2467 καὶὺμῖν
510 2401 697 2462 αὐτοῖς
724 2405 928 2470 ποιήσω
957 2400 1042 2453 διὰ
1071 2404 1165 2464 τὰς
1186 2402 1374 2465 κακίας
1406 2403 1573 2473 ὑμῶν.
1678 2393 1933 2455 Γυεδίθηιο
1969 2413 1987 2443 ⁸
2023 2406 2075 2448 οι
2102 2410 2355 2470 θιευτεεθ
2399 2405 2629 2470 Ρθτάίιίο
2673 2409 2728 2462 in
2760 2413 2955 2479 Populo
3001 2421 3113 2478 ῑυοι
3146 2425 3202 2471 οι

102 2481 220 2550 Ὑμῖν
255 2483 306 2537 δὲ
348 2485 449 2538 τίσι
493 2487 525 2557 ἢ
570 2491 685 2551 τοῖς
739 2488 1087 2557 καλουμένοις
1130 2489 1496 2561 Ἰσραηλίταις,
1527 2491 1575 2543 οἳ

1721 2480 1850 2532 nnia
1904 2484 2106 2557 munita
2163 2495 2253 2540 tua
2311 2492 2601 2561 peribunt;
2661 2516 2678 2548 ι
2715 2504 2768 2551 et
2817 2515 2936 2567 quae
2984 2504 3198 2570 quidem

92 2572 161 2622 uati
190 2574 491 2645 ἀπερρίφητε
522 2577 619 2629 σὺν
654 2577 735 2646 τῷ
769 2576 973 2645 βασιλεῖ
1001 2578 1181 2647 ὑμῶν;
1213 2579 1298 2630 τὸν
1339 2579 1569 2650 Ἡρώδην

1722 2569 1918 2637 τίιιοερε
1950 2588 2139 2640 passus
2179 2585 2259 2631 est
2297 2579 2351 2633 in
2387 2580 2544 2645 bello,
2578 2585 2630 2638 in
2664 2601 2767 2654 quo
2789 2569 3014 2644 matrem
3041 2608 3199 2662 super

95 2659 389 2730 αἰνιττόμενος
406 2679 418 2690 ·
444 2664 534 2715 καὶ
576 2663 752 2716 ταῦτα
779 2680 839 2731 γε
884 2664 1056 2717 πάντα
1076 2665 1388 2731 πεπόνθατε,
1413 2668 1572 2719 «διότι

1721 2658 1814 2721 iis,
1850 2667 2005 2715 tortae
2052 2666 2350 2732 alliserunt,
2388 2672 2572 2727 eadem
2608 2676 2755 2731 vobis
2799 2694 3013 2749 quoque
3067 2683 3198 2751 ipsis

96 2750 242 2809 παῖς,ι
277 2752 445 2819 φησιν,
485 2772 501 2802 ι
528 2752 765 2822 Ἰσραὴλ,
804 2752 897 2806 καὶ
944 2753 1049 2820 ἐγὼ
1089 2754 1347 2825 ἠγάπησα
1391 2757 1568 2820 αὑτὸν,

1725 2748 1858 2800 ciam
1892 2762 2107 2821 propter
2142 2759 2375 2812 malitias
2419 2772 2650 2819 vestras.
2686 2744 2850 2822 Vobis
2892 2744 3053 2838 porro
3077 2772 3198 2840 qui—

95 2841 162 2891 καὶ
198 2841 243 2906 ἐξ
268 2842 522 2909 Αἰγύπτου
571 2844 807 2897 ἐκάλεσα
852 2844 939 2897 τὸν
970 2845 1090 2896 Υίόν
1122 2863 1239 2915 μου.
1270 2865 1288 2895 ι
1317 2847 1438 2910 Πῶς
1464 2849 1569 2919 γὰρ

1720 2851 1767 2890 ιε
1819 2840 2033 2894 tandem
2076 2843 2217 2907 aliis,
2280 2848 2385 2902 nisi
2439 2853 2530 2919 qui
2587 2857 2853 2910 vocantilli
2909 2859 3197 2915 lsraelitm?

93 2924 173 2981 οἷόν
194 2948 239 2984 τε
267 2934 393 2985 κατὰ
420 2933 474 2985 τὸ
499 2935 629 2986 αὑτὸ
668 2937 781 2996 τοῖς
823 2935 1000 2997 αὑτοῖς
1031 2936 1443 3006 ἐπιμέμφεσθαι,
1476 2940 1569 2992 καὶ

1720 2927 1863 2995 tique
1883 2930 2042 2984 etiam
2073 2935 2258 3002 rejecti
2281 2939 2414 2994 estis
2435 2956 2555 2994 cum
2588 2958 2710 3013 rege
2740 2949 2951 3001 vestro?
2976 2950 3064 3003 ubi
3093 2950 3195 3005 He-

94 3019 212 3073 τάλιν
240 3023 349 3086 τοὺς
387 3024 575 3085 αὐτοὺς
620 3026 862 3077 ἐπαινεῖν
881 3040 895 3087 ;
914 3023 1048 3075 Ἀλλ’
1073 3020 1140 3094 ἦν
1168 3026 1195 3076 ὁ
1222 3025 1417 3095 ἀληθὴς
1446 3026 1567 3089 νοῦς

1715 3014 1842 3069 idem
1893 3019 2179 3077 obscurius
2232 3024 2481 3082 indicat:
2534 3038 2588 3083 et
2638 3032 2751 3087 haec
2813 3036 2992 3090 omnia
3048 3040 3192 3108 passi

94 3110 245 3180 ταύτην
267 3112 388 3181 ἔχων
412 3114 659 3185 Θεωρίαν.
680 3115 896 3184 Ἰσραὴλ
914 3114 1018 3184 γὰρ
1039 3116 1066 3166 ὁ
1087 3116 1313 3183 Χριστὸς
1333 3116 1422 3170 καὶ
1445 3117 1564 3170 καθ’

1715 3106 1812 3168 .tis,
1846 3124 1863 3157 ι
1905 3113 2156 3178 quoniam
2178 3129 2328 3182 puer,
2357 3117 2550 3186 inquit,
2575 3131 2657 3175 est
2685 3123 2845 3178 Israel
2871 3165 2884 3187 ,
2908 3134 2961 3180 et
2986 3106 3083 3197 ego
3110 3130 3192 3183 di-

93 3171 235 3270 ἑτέρας
272 3171 605 3273 άνηγόρευται
655 3171 1005 3273 προιρητείας,
1039 3171 1313 3274 ὡσπεροῦν
1349 3205 1441 3258 καὶ
1473 3207 1563 3258 ἐπὶ

1921 3171 1936 3178 -
2178 3171 2194 3182 .
2316 3171 2326 3178 .
2431 3171 2446 3186 .
2538 3171 2550 3182 ,
2584 3171 2654 3175 η-
2685 3171 2845 3178 -----.
2871 3171 2884 3187 ,
2910 3171 2960 3180 --
2988 3171 3081 3197 νυν
3111 3171 3163 3183 ...

1707 3194 1764 3244 αἱ
1793 3209 1913 3247 eum
1955 3208 2050 3251 :et
2086 3200 2153 3254 de
2193 3201 2424 3272 Egypto
2472 3208 2656 3262 vocavi
2713 3211 2876 3264 lilium
2931 3228 3127 3271 meum.
3164 3235 3184 3269 ι

91 3286 160 3352 τῆς
183 3290 441 3360 παρούσης.
460 3291 677 3362 Ἐπειδὴ
723 3292 895 3344 τοίνυν
924 3287 1092 3355 οὗτος,
1123 3294 1298 3363 φησὶν,
1334 3294 1564 3364 ὑπήκοός

1713 3284 1762 3336 ui
1790 3285 1929 3338 enim
1962 3288 2072 3342 fieri
2116 3300 2309 3358 potest,
2335 3304 2391 3347 ut
2418 3298 2601 3350 eodem
2647 3298 2701 3351 in
2739 3300 2859 3353 loco
2891 3304 3108 3358 eosdem
3136 3315 3190 3361 et

92 3390 155 3439 μοι
170 3378 428 3447 γενόμενος,
452 3382 661 3452 μορφὴν
682 3380 866 3434 δούλου
897 3380 1103 3450 εἴληφε,
1126 3385 1217 3436 καὶ
1236 3384 1421 3451 γέγονε
1440 3401 1564 3438 παι-

1711 3383 1876 3427 :cuset
1894 3383 1947 3429 et
1978 3377 2187 3432 laudet?
2213 3380 2304 3434 sed
2336 3398 2494 3437 verus
2522 3399 2712 3441 sensus
2743 3397 2825 3442 est
2855 3390 2920 3456 is,
2943 3394 3188 3460 quihanc

86 3463 163 3515 δίον
182 3468 422 3538 ἀγαπητὸν
457 3472 598 3541 ἐμοὶ,
634 3473 815 3524 πᾶσαν
843 3472 940 3541 τὴν
967 3474 1102 3542 ἐμὴν
1130 3473 1407 3537 ἐκτελέσας
1438 3475 1561 3544 βου-

1712 3461 1817 3517 ibet
1843 3469 2366 3535 contemplationem.
2398 3470 2560 3527 lsrael
2592 3477 2730 3528 enim
2755 3478 2806 3530 in
2835 3480 2938 3532 alia
2964 3459 3189 3550 prophe-

87 3552 169 3623 ὶὴν,
192 3558 263 3611 διὰ
300 3561 442 3615 τοῦτο
485 3563 646 3617 αὑτὸν
680 3562 779 3632 μὲν
822 3563 926 3615 ἀπὸ
953 3563 1048 3632 τῆς
1074 3563 1363 3630 Αἰγύπτου,
1393 3566 1470 3628 εἰς
1494 3566 1560 3635 ἣν

1707 3565 1729 3602 a
1762 3552 1940 3608 dictus
1968 3564 2050 3610 est
2076 3556 2344 3623 Christus,
2387 3563 2832 3628 quemadmodum
2856 3568 2910 3620 in
2930 3569 3030 3623 hac
3049 3586 3184 3640 quo-

84 3643 427 3721 ὲνανθρωπήσας
446 3652 825 3722 κατελήλυθεν,
844 3653 983 3705 οὕτω
1007 3652 1323 3722 δηλουμένου
1352 3654 1442 3707 τοῦ
1465 3672 1558 3707 πε-

1704 3655 1758 3693 ue
1787 3658 1944 3710 quam
2000 3661 2143 3701 nunc
2199 3656 2509 3705 tractamus.
2558 3653 2821 3716 Quoniam
2866 3656 3028 3723 igitur
3072 3661 3181 3725 hic,

85 3735 234 3797 ριγείου
250 3739 417 3803 τόπου,
439 3741 471 3810 ἢ
500 3743 595 3795 καὶ
616 3743 676 3807 ἐξ
696 3742 863 3811 αὐτῆς
886 3742 982 3811 τῆς
1011 3742 1294 3813 προχείρου
1322 3739 1407 3796 οἷα
1435 3746 1557 3815 γνή-

1702 3728 1848 3797 ιιιιιίι,
1881 3730 2134 3785 obediens
2161 3736 2287 3788 mibi
2316 3735 2511 3797 factus.
2535 3736 2758 3796 formam
2778 3746 2917 3799 servi
2954 3749 3179 3818 accepit,

84 3835 161 3871 τιον
182 3826 258 3877 καὶ
285 3830 549 3900 ἀγαπητὸν
571 3831 701 3883 Υῖὺν
724 3832 1129 3902 ἀνεκαλεσάμην
1146 3848 1160 3862 ’
1182 3832 1319 3901 ὑμᾶς
1337 3833 1410 3895 δὲ,
1432 3834 1553 3898 τοὺς

1736 3817 1906 3872 factus
1932 3828 2014 3874 est
2045 3837 2176 3890 puer
2221 3825 2350 3878 mihi
2396 3827 2639 3894 dilectus,
2670 3832 2795 3887 dum
2831 3836 3009 3888 omnia
3038 3817 3182 3906 quaa-

84 3908 178 3971 πρὸς
197 3912 275 3977 οὓς
299 3920 326 3969 ὁ
354 3917 519 3987 λόγος,
557 3921 655 3972 σὺν
701 3922 791 3974 καὶ
819 3924 883 3991 τῇ
915 3921 1151 3992 ὑμετέρᾳ
1179 3921 1418 3992 βασιλεία
1439 3924 1552 3976 ὄλε-

1703 3924 1862 3977 tnque
1900 3910 2018 3965 volo
2061 3912 2238 3976 ciiicit,
2270 3914 2472 3971 idcirco
2524 3920 2673 3975 illum
2725 3938 2791 3976 ex
2832 3923 3084 3995 Egypto,
3113 3930 3180 3983 ad

79 3994 169 4063 59°;
206 4007 284 4058 καὶ
318 4008 552 4063 ἀπώλεια
597 4011 988 4081 παραλήψεται.
1018 4011 1195 4063 Ταῦτα
1238 4012 1332 4081 μὲν
1359 4014 1390 4082 ἡ
1420 4029 1550 4082 προ-

1706 4015 1805 4052 iam
1840 4001 2071 4057 hominis
2098 4002 2273 4058 forma
2310 4017 2587 4078 assumpta
2639 4012 2933 4079 descendit,
2964 4015 3088 4070 dum
3117 4034 3181 4074 ea

80 4091 251 4153 φητείαο
286 4098 530 4168 πρόδηλον
575 4100 632 4152 δὲ
675 4102 820 4163 ὅπως
870 4101 974 4153 ἀπὸ
1022 4100 1126 4153 τῶν
1166 4101 1257 4154 τοῦ
1309 4101 1550 4171 Σωτῆρος

1701 4106 1777 4144 »οε
1806 4101 2051 4148 terrenus
2082 4096 2236 4151 locus
2268 4096 2618 4166 signiﬁcatur,
2652 4110 2745 4156 aut
2781 4106 2942 4159 etiam
2982 4122 3039 4162 ex
3088 4108 3178 4161 illa

77 4179 380 4254 ἦίειῶνχρόνων
410 4190 855 4261 πολιορκηθείσης
882 4192 981 4258 τῆς
1023 4190 1385 4261 Ἰερουσαλὴμ,
1405 4191 1543 4245 καθ-

1696 4181 1938 4250 ιιεειιίοιο
1968 4193 2220 4254 tanquam
2244 4191 2536 4258 legitimum
2587 4190 2948 4264 dilectumque
2979 4195 3173 4251 Filium

78 4269 199 4339 τι,οέοη
226 4278 305 4328 καὶ
342 4281 417 4340 είς
462 4280 522 4331 τὸ
566 4281 824 4342 παντελὲς
854 4280 1124 4351 ἀπερρίφη
1157 4283 1188 4351 ἡ
1240 4282 1395 4351 μέχρι
1427 4282 1546 4334 τότε

1701 4273 1858 4325 'ocavi
1886 4290 1900 4325 :
1925 4289 2020 4330 vos
2057 4283 2232 4329 autem
2263 4277 2408 4346 ipsos
2438 4280 2503 4335 ad
2549 4296 2684 4350 quos
2721 4298 2898 4338 sermo
2942 4285 3178 4342 directus

78 4364 259 4417 συστᾶσα
277 4368 359 4421 τοῦ
390 4370 653 4423 Ἰουδαίων
679 4369 863 4432 ἔθνους
889 4370 1171 4439 αὑτονομία
1190 4387 1248 4422 τε
1270 4372 1361 4423 καὶ
1384 4373 1540 4442 ἀρχή.

1700 4358 1885 4424 t,'una
1940 4381 2061 4419 cum
2113 4383 2279 4438 regno
2334 4380 2514 4426 vestro
2567 4376 2815 4431 interitus
2860 4387 2913 4433 et
2953 4379 3177 4445 perditio

75 4444 180 4515 Πλὴν
197 4453 310 4508 ἀλλὰ
328 4457 498 4527 τρίτον
529 4458 627 4528 ἤδη
656 4458 725 4511 τὰ
753 4459 881 4528 περὶ
908 4459 1005 4527 τῆς
1032 4446 1299 4550 Αἰγύπτου
1332 4461 1423 4513 καὶ

1692 4455 2074 4523 ιηιριεὶιεηόει.
2119 4457 2242 4515 Htec
2275 4462 2487 4530 quidem
2522 4464 2637 4533 ipsa
2687 4444 2967 4537 prophetia
2992 4490 3005 4524 :
3033 4486 3169 4526 con-

78 4535 211 4591 αὺτόθι
236 4543 448 4611 ἀφίξεως
473 4547 635 4601 αὑτοῦ
666 4549 1112 4619 προπεφήτευται.
1144 4550 1206 4601 Et
1227 4548 1283 4600 δέ
1306 4567 1387 4611 τις
1409 4549 1545 4602 αὑτὰ

1688 4551 1750 4595 ,at
1791 4551 1966 4598 autem
2001 4549 2444 4615 quemadmodum
2493 4562 2615 4622 post
2672 4535 2966 4614 Salvatoris
2994 4562 3165 4615 nostri

80 4624 275 4695 μηδαμὰ
302 4635 619 4705 ἐφαρμόζειν
648 4638 739 4689 ἐπὶ
774 4636 861 4688 τὸν
894 4636 1154 4705 ἡμέτερον
1183 4636 1326 4703 λέγοι
1365 4636 1545 4706 Σωτῆ-

1690 4647 1901 4699 mpora,
1926 4649 2046 4689 cum
2082 4636 2302 4693 obsessa
2355 4638 2546 4694 fuisset
2601 4656 2663 4694 ac
2700 4650 2908 4696 vastata
2950 4644 3167 4699 Jerusa-

81 4723 141 4774 ριν
163 4716 271 4771 ἀλλὰ
307 4722 369 4776 τά
408 4740 470 4790 γε
518 4724 614 4793 τῆς
644 4723 736 4777 τοὺ
766 4723 1036 4781 Ματθαίου
1068 4725 1412 4795 παραθέσεως
1438 4727 1545 4781 ἀπὸ

1689 4737 1759 4783 m,
1782 4722 2022 4776 sublatus
2043 4732 2146 4788 est,
2178 4734 2229 4780 et
2254 4727 2320 4781 ad
2347 4738 2636 4782 extremam
2687 4732 2978 4798 perniciem
3030 4734 3166 4801 reje-

81 4797 149 4864 τῆς
184 4808 307 4875 παρὰ
345 4812 555 4865 Musae:
598 4813 897 4883 μαρτυρίας
939 4813 1083 4882 αὑτῷ
1112 4814 1539 4884 παρειλημμένα,

1687 4827 1775 4874 ηιιε,
1815 4812 1909 4881 qui
1937 4829 2106 4882 usque
2134 4818 2198 4870 ad
2230 4818 2360 4871 illud
2405 4826 2616 4887 tempus
2661 4797 2881 4874 steterat
2927 4797 3164 4876 Iudaicae

83 4884 126 4950 ἦν
145 4893 216 4943 nl.
238 4897 411 4965 ἀρτίως
438 4901 840 4971 διεληλύθαμεν,
867 4902 947 4963 τὸ,
990 4920 1007 4951 ι
1030 4903 1083 4954 '0
1107 4903 1233 4967 Θεὸς
1267 4903 1540 4973 ὡδήγησεν

1687 4901 1804 4955 antis
1844 4902 2014 4970 legum
2073 4919 2204 4960 usus
2254 4906 2535 4975 onmisque
2566 4900 2913 4977 priucipaius.
2938 4909 3164 4965 Verum-

89 4976 201 5030 αὑτὸν
223 4985 271 5049 ἐξ
297 4990 571 5056 Αἰγύπτου,
593 5010 609 5040 ι
642 4991 984 5059 διηγούμενοι
1006 5007 1018 5020 ·
1046 4993 1162 5043 ἐπεὶ
1193 4992 1311 5061 μηδ’
1338 4993 1493 5056 αὑτὸς
1510 4998 1537 5047 ό

1683 5008 1811 5046 tmen
1867 4992 1976 5061 jam
2024 4994 2203 5056 tertio,
2250 5011 2367 5063 quae
2403 4997 2470 5050 ad
2521 4976 2809 5067 [Egyptum
2868 5000 3160 5066 pertinent,

86 5063 384 5145 εὐαγγελιστὴς
403 5079 504 5131 ἀπὸ
530 5081 623 5149 τῆς
647 5079 740 5133 τοῦ
769 5079 923 5147 Ὠσηὲ
949 5081 1274 5149 προφητείας
1291 5080 1534 5148 εἰλῆφθαι

1691 5098 1857 5151 neque
1888 5081 1954 5136 ad
1985 5082 2087 5136 iter
2112 5084 2253 5152 quod
2288 5085 2342 5138 in
2380 5087 2521 5139 illam
2555 5063 2642 5141 est
2663 5063 2885 5148 iactum;
2901 5086 3168 5146 divinitus

96 5152 195 5245 ξῦτῴ
221 5161 268 5211 τὸ
289 5164 443 5232 λόγιον
473 5168 684 5237 ἔφησεν,
719 5169 797 5228 ὡς
825 5168 1093 5232 δύνασθαι,
1118 5170 1210 5222 καὶ
1242 5168 1399 5221 πόθεν
1426 5172 1538 5224 ἐπι-

1693 5172 1883 5228 ἰιιάίειιι
1920 5179 2089 5228 sunt:
2120 5174 2259 5242 quod
2293 5176 2338 5228 si
2369 5177 2487 5245 quis
2534 5179 2681 5230 nullo
2725 5178 2884 5231 modo
2932 5178 3170 5235 fateatur

93 5234 358 5314 ἷτκτήπαντῖις.
381 5257 545 5326 εὑρεῖν
592 5257 724 5309 αὐτὸ
768 5258 1040 5325 κείμενον·
1091 5257 1208 5311 ὅθεν
1260 5258 1400 5320 εἰκὸς
1445 5261 1532 5313 τὸν

1735 5271 1919 5317 nostro
1964 5261 2231 5317 Salvatori
2259 5267 2564 5329 convenire,
2592 5275 2646 5320 at
2694 5268 2884 5321 saltem
2923 5283 3057 5322 cum
3106 5284 3170 5324 ea

104 5326 388 5412 εὶαγγελιστὴν
412 5346 725 5415 πεποιῆσθαι
750 5344 913 5398 αὑτοῦ
944 5344 1037 5413 τὴν
1072 5345 1299 5398 ἔκθεσιν.

1694 5352 1907 5406 attbwus
1935 5353 2260 5420 apposuerit,
2297 5354 2363 5407 de
2389 5326 2697 5411 testimonio
2732 5354 2881 5424 quod
2910 5364 3002 5408 est
3033 5357 3171 5425 apud

104 5411 236 5475 llusem
260 5430 316 5481 ab
352 5411 432 5485 illo
462 5411 701 5503 accepta,
737 5448 806 5486 ne
825 5411 1001 5501 neget,
1037 5436 1180 5503 quod
1229 5435 1386 5503 paulo
1441 5449 1564 5493 ante
1601 5442 1967 5505 tractavimus,
2006 5441 2275 5496 dumillud
2295 5443 2458 5516 428
2492 5465 2505 5502 :
2544 5448 2714 5502 «Deus
2740 5445 2900 5499 duxit
2927 5446 3089 5499 illum
3110 5462 3173 5500 ex

113 5500 284 5576 ESFPIO,
320 5538 334 5567 ι
359 5500 675 5581 enarremus,
709 5500 929 5585 quando
960 5535 1026 5574 ne
1057 5500 1185 5589 ipse
1219 5500 1425 5589 quidem
1447 5528 1798 5594 evangelista,
1827 5544 1884 5583 se
1907 5528 1974 5582 ab
2002 5528 2171 5597 ipsius
2217 5526 2365 5584 Osca:
2395 5533 2670 5603 prophetia
2714 5533 3013 5587 oraculum
3086 5547 3180 5587 ac-

108 5594 495 5665 “Pisseiudicavit.
537 5618 593 5663 ut
646 5606 1004 5676 undecunque
1031 5617 1327 5677 quaerentes
1370 5616 1584 5684 possint
1623 5617 1697 5671 illi
1730 5594 2040 5690 ubicunque:
2067 5620 2296 5689 positum
2327 5623 2417 5688 sit,
2467 5625 2706 5683 invenire
2747 5642 2762 5677 :
2802 5623 2881 5675 ibi
2920 5620 3182 5683 videlicet

118 5680 207 5735 mite
220 5702 289 5753 par
307 5703 370 5748 est
386 5697 756 5766 evangelistam
786 5693 914 5749 illud
942 5697 1245 5765 protulisse.
