3740 6326
57 402 150 453 675

944 397 1581 455 DEMONSTRATIONIS
1616 387 2062 455 EVANGELICE
2101 391 2229 454 LIB.
2266 396 2364 460 IX.
3138 396 3243 454 6ῗῦ

55 510 185 564 κατά
216 508 461 562 διάνοιαν
495 507 871 581 θεωρουμένου
910 511 1089 565 είκόνα
1114 551 1130 578 ,
1182 515 1308 585 περὶ
1350 509 1410 568 οῦ
1438 515 1582 568 διαλα

1682 567 1686 574 _
1717 534 1734 565 ι
1762 508 2024 567 Fluminis
2066 507 2300 580 impetus
2332 510 2564 565 laetiﬁcat
2601 512 2865 567 civitatem
2891 513 2980 568 Dei
3003 514 3067 571 ".
3103 535 3121 568 ι
3154 515 3231 569 Si~

55 600 224 654 λοῦσιν
265 601 326 652 αἱ
354 600 570 669 Γραφαὶ
617 600 907 669 λέγουσαι·
968 604 1102 657 «Τοῦ
1155 605 1393 675 ποταμοῦ
1425 605 1491 658 τά
1517 608 1582 677 ὁρ

1704 604 1920 673 gniﬁcat
1959 614 2120 670 porro
2176 602 2283 656 hoc
2326 609 2636 672 perpetuam
2682 602 3023 658 inﬁuxionem
3066 605 3238 660 divini

56 694 273 762 μήματα
302 690 660 759 εὐφραίνουσι
697 690 794 761 τὴν
833 692 985 747 πόλιν
1024 693 1115 747 τοῦ
1146 694 1331 747 Θεοῦ.»
1403 695 1604 765 Σημαί-

53 800 121 835 νει
169 780 227 833 δὲ
269 779 432 833 τοῦτο
478 780 580 849 τὴν
614 779 806 833 ἀέναον
846 783 1100 854 ὲπιῤῥοὴν
1143 784 1234 836 τοῦ
1269 784 1409 837 θείου
1439 784 1604 837 Πνεῦ-

54 889 208 942 ματος
228 911 243 934 ,
291 869 503 924 ἄνωθεν
531 870 868 940 ηγάζοντος
890 913 905 936 ,
937 873 1029 925 καὶ
1057 872 1151 943 τὴν
1178 873 1269 925 τοῦ
1297 873 1427 925 Θεοῦ
1453 873 1601 925 πόλιν

53 962 290 1032 άρδοντος
316 1000 332 1023 ,
395 959 540 1012 οὕτω
600 960 935 1031 καλουμένης
989 962 1087 1030 τῆς
1115 962 1253 1014 κατὰ
1295 962 1423 1015 Θεὸν
1457 962 1602 1013 πολι-

51 1052 200 1113 τείας.
277 1042 455 1112 Οὗτος
493 1049 560 1119 δὴ
604 1046 699 1103 οὖν
730 1051 967 1119 ποταμὸς
991 1051 1082 1103 τοῦ
1129 1051 1263 1103 Θεοῦ
1300 1053 1392 1104 καὶ
1444 1052 1600 1122 μέχρι

52 1143 135 1209 τῆς
170 1139 380 1210 ἐρήμου
416 1138 751 1209 κατελήλυθε
774 1179 787 1197 ,
843 1139 1036 1210 δηλαδὴ
1070 1140 1166 1209 τῆς
1196 1138 1253 1203 ἐξ
1280 1140 1444 1192 ἐθνῶν
1483 1141 1601 1193 Ἐκ-

52 1230 300 1300 κλησίας,
344 1230 445 1281 καὶ
494 1228 669 1299 ταύτῃ
717 1228 824 1281 τῶν
871 1231 927 1282 ὲν
956 1228 1101 1299 αὐτῷ
1143 1229 1380 1293 ζωτικῶν
1426 1230 1599 1300 ναμάο

51 1338 144 1372 των
173 1318 338 1371 εἰσέτι
384 1318 484 1370 νῦν
514 1320 853 1389 ὲπιχορηγεῖ.
909 1319 1049 1388 Πρὸς
1086 1318 1289 1381 τούτοις
1334 1321 1367 1389 ἡ
1402 1337 1599 1391 προφη-

52 1410 155 1462 τεία
203 1410 268 1477 τῇ
332 1406 648 1479 δηλωθείσῃ
694 1407 893 1477 ἐρήμῳ
944 1405 1255 1475 δοθήσεσθαι
1306 1423 1434 1475 φησι
1502 1407 1596 1478 την

50 1499 186 1564 δόξαν
225 1496 320 1548 τοῦ
369 1496 615 1548 Λιϐάνου
642 1534 657 1557 ,
711 1497 801 1547 καὶ
832 1496 930 1565 τὴν
959 1495 1117 1564 τιμὴν
1158 1495 1248 1548 τοῦ
1282 1496 1592 1566 Καρμήλου.

53 1589 133 1649 Τίς
180 1588 222 1639 6‘
268 1588 416 1638 ἔστιν
473 1588 508 1655 ή
551 1586 680 1650 δόξα
731 1584 822 1637 τοῦ
874 1584 1084 1637 λιϐάνου
1124 1585 1154 1654 ἢ
1197 1586 1345 1655 ηδιά
1381 1585 1592 1650 θυσιῶν,

51 1676 178 1728 κατά
202 1676 291 1726 τὸν
326 1675 617 1737 Μωῦσέως
665 1674 827 1743 νόμον
851 1712 865 1736 ,
911 1674 1291 1745 ἐπιτελουμένη
1338 1675 1590 1745 λατρείας

55 1765 108 1832 ἦν
147 1762 627 1833 παραιτησάμενος
657 1764 687 1814 6
737 1761 867 1824 Θεὸς
900 1762 986 1815 διὰ
1035 1762 1133 1831 τῆς
1168 1762 1428 1833 λεγούσης
1467 1780 1593 1834 προ-

56 1853 287 1923 φητείας,
358 1871 380 1904 ι
419 1854 538 1907 Ἵνα
595 1853 647 1905 τί
690 1870 777 1922 μοι
828 1854 1054 1908 Λίϐανον
1090 1856 1153 1907 ὲκ
1187 1853 1333 1907 Σαϐὰ
1368 1856 1588 1925 φέρετε;
1626 1834 1662 1887 Β

57 1946 134 1996 ναὶ
175 1944 224 1995 τί
271 1960 364 2014 μοι
423 1942 635 2011 πλῆθος
685 1943 792 1995 τῶν
828 1943 1019 1997 θυσιῶν
1062 1944 1250 2014 ὑμῶν;
1284 1964 1303 1997 ι
1371 1945 1461 1997 ἐπὶ
1498 1946 1592 2016 τὴν

55 2034 226 2103 ἔρημον
279 2033 377 2085 τοῦ
454 2033 724 2102 Ἰορδάνου
787 2034 1117 2104 μετατέθηκε
1162 2034 1256 2105 τὴν
1308 2035 1460 2100 δόξαν
1494 2038 1590 2105 τῆς

64 2123 388 2194 Ἰερουσαλὴμ
422 2162 437 2186 ,
480 2124 582 2192 τῆς
621 2124 739 2176 κατ’
790 2124 1062 2178 εὐσέϐειαν
1100 2126 1315 2195 ἀγωγῆς
1352 2127 1449 2179 οὐκ
1503 2129 1591 2181 ἐπὶ

68 2215 424 2284 Ἰερουσαλὴμ,
495 2213 614 2266 ἀλλ’
672 2214 762 2265 ἐπὶ
817 2215 916 2283 τῆς
974 2216 1175 2285 ἐρήμου
1234 2217 1589 2270 συντελεῖσθαι

59 2305 332 2376 ἀρξαμένης
386 2304 503 2357 ἀπὸ
561 2303 674 2356 τῶν
723 2305 963 2357 Ἰωάννου
1003 2306 1222 2375 χρόνων.
1328 2306 1589 2370 Ὡσαύτως

59 2397 101 2448 δὲ
133 2398 212 2449 καὶ
262 2398 292 2466 ἡ
329 2395 473 2465 τιμὴ
528 2394 624 2446 τοῦ
664 2395 827 2464 νόμου
854 2435 869 2457 ,
909 2394 1013 2447 τῶν
1046 2412 1103 2447 τε
1139 2395 1255 2448 κατ’
1294 2396 1451 2448 αὐτὸν
1489 2412 1589 2447 σω-

64 2484 292 2552 ματικώτε
301 2500 391 2556 ρον
431 2482 941 2553 νενομοθετημένων
964 2483 1161 2536 δέδοται
1187 2487 1251 2553 τῇ
1282 2485 1377 2555 ὲρή
1388 2502 1468 2553 μῳ
1494 2484 1585 2535 τοῦ

70 2574 299 2644 Ἰορδάνου
356 2573 449 2626 διὰ
490 2574 590 2643 τὴν
630 2572 976 2626 ἀποδοθεῖσαν
1013 2574 1219 2636 αἰτίαν,
1286 2575 1362 2626 ὅτι
1399 2575 1585 2643 μηκέτ’

64 2662 135 2712 ἐπὶ
163 2663 250 2733 τὴν
297 2662 665 2731 Ἰερουσαλὴμ
697 2660 1065 2731 προσέφευγον
1101 2663 1148 2713 οἱ
1184 2662 1280 2731 τῆς
1316 2662 1454 2715 κατά
1488 2661 1586 2730 ψυ-

64 2751 141 2820 χὴν
172 2750 458 2822 θεραπείας
500 2752 781 2820 δεόμενοι,
843 2749 974 2802 ἀλλὰ
1012 2751 1101 2802 ἐπὶ
1130 2752 1226 2821 τὴν
1258 2752 1582 2821 ὀνομαζομέ-

62 2855 139 2907 νην
170 2840 382 2910 ἔρημον,
405 2841 512 2909 τῆς
550 2842 608 2892 ἐν
629 2840 764 2910 αὑτῇ
796 2841 1193 2910 κηρυττομένης
1220 2841 1458 2909 ἀφέσεως
1477 2841 1583 2893 τῶν

66 2931 437 3000 ἁμαρτημάτων
476 2931 688 2983 ἕνεκεν.
764 2926 928 3000 Οἶμαι
973 2931 1028 2982 δὲ
1080 2930 1296 2983 καὶτοῦ
1338 2932 1583 3002 Σωτῆρος

64 3019 189 3085 ἡμῶν
235 3020 330 3090 τὴν
381 3021 484 3072 ἐπὶ
544 3020 606 3072 τὸ
648 3020 924 3089 βάπτισμα
974 3020 1265 3089 παρουσίαν
1302 3020 1581 3089 δηλοῦσθαι

64 3107 131 3159 διὰ
156 3111 237 3161 τοῦ
255 3151 268 3173 ,
310 3129 327 3160 ι
351 3110 465 3162 Καὶ
504 3111 533 3161 6
560 3109 688 3170 λαός
725 3126 824 3178 μου
843 3108 1028 3175 ὄψεται
1057 3107 1150 3177 τὴν
1180 3106 1328 3171 δόξαν
1355 3108 1579 3179 Κυρίου,

66 3196 137 3246 καὶ
183 3196 237 3249 τὸ
288 3197 417 3265 ὕψος
478 3196 574 3249 τοῦ
614 3195 770 3248 Θεοῦ.
821 3214 839 3246 ι
871 3196 1001 3247 Τότε
1037 3195 1143 3265 γὰρ
1177 3196 1266 3247 καὶ
1297 3194 1450 3265 ὤφθη
1487 3195 1579 3248 τοῦ

68 3286 273 3356 Σωτῆρος
304 3285 466 3357 ἡμῶν
511 3288 544 3354 ἡ
572 3285 718 3349 δόξα,
742 3284 831 3336 ὅτε
870 3282 1176 3352 βαπτισθεὶς
1213 3302 1230 3334 ι
1278 3284 1436 3354 ἀνέϐη
1477 3284 1581 3337 ἀπὸ

64 3372 136 3425 τοῦ
165 3374 338 3439 ὓδατος
360 3417 377 3441 ,
417 3379 520 3430 καὶ
559 3373 908 3443 ἀνεῴχθησαν
946 3372 1093 3441 αὐτῷ
1126 3374 1175 3425 οἱ
1214 3373 1454 3443 οὐρανοὶ,
1492 3374 1582 3426 καὶ

65 3465 146 3517 ι,δε
171 3466 226 3519 τὸ
258 3469 483 3538 Πνεῦμα
521 3465 617 3519 τοῦ
654 3463 786 3516 Θεοῦ
820 3462 1139 3517 καταϐαῖνον
1176 3463 1304 3515 ὡσεὶ
1341 3480 1583 3533 περιστε-

66 3555 173 3621 ρὰν,
206 3560 291 3610 καὶ
329 3558 498 3629 μένον
534 3558 620 3608 ἐπ’
658 3554 814 3608 αὐτόν
844 3570 857 3584 ο
902 3573 919 3604 ι
947 3554 1033 3605 ὅτε
1073 3554 1162 3605 καὶ
1199 3554 1345 3624 φωνὴ
1383 3556 1443 3606 ἐκ
1476 3554 1582 3607 τῶν

62 3643 258 3712 οὖρανῶν
295 3645 545 3714 ἠκούσθη
585 3643 815 3709 λέγουσα
839 3657 854 3673 ο
966 3658 985 3691 ι
1020 3635 1183 3703 Οὗτός
1216 3643 1357 3693 ἐστιν
1392 3643 1421 3694 6
1457 3642 1583 3705 Υἱός

65 3751 144 3799 μου
169 3737 195 3787 6
223 3737 507 3807 ἀγαπητὸς
539 3774 551 3795 ,
594 3737 651 3786 ὲν
687 3729 730 3801 ᾦ
767 3734 1059 3803 ηὑδόκησα.
1094 3751 1113 3783 ι
1168 3731 1322 3784 Ἀλλά
1358 3734 1447 3785 καὶ
1477 3736 1581 3797 πᾶς

60 3821 81 3868 6
123 3826 335 3894 γνησίως
372 3825 472 3877 ἐπὶ
506 3824 569 3875 τὸ
600 3823 694 3875 τοῦ
733 3823 956 3892 λουτροῦ
994 3820 1198 3892 παριὼν
1252 3824 1538 3893 μυστήριον
1563 3863 1576 3886 ,

60 3912 133 3980 τὴν
164 3916 278 3984 περὶ
307 3916 399 3968 τοῦ
430 3914 673 3985 Χριστοῦ
699 3911 1027 3984 παραλαϐὼν
1052 3912 1319 3979 θεολογίαν
1337 3953 1351 3974 ,
1389 3914 1486 3983 τὴν
1506 3914 1581 3966 δό-

59 4001 134 4063 ξεν
164 4004 312 4058 αὐτοῦ
352 4006 649 4066 θεάσεται,
709 4003 876 4068 λέξων
913 4003 977 4055 ἂν
1014 4003 1208 4071 ὁμοίως
1243 4003 1320 4071 τῷ
1356 4003 1575 4073 Παύλῳο

63 4093 151 4144 «lii
198 4097 284 4148 καὶ
338 4096 667 4165 ἐγνώκαμεν
725 4094 863 4147 κατὰ
903 4093 1076 4164 σάρκα
1112 4093 1338 4163 Χριστὸν
1363 4132 1379 4156 ,
1448 4094 1578 4147 ἀλλά

58 4178 129 4230 νῦν
159 4183 323 4237 οὐκέτι
361 4184 732 4253 γινώσκομεν.
768 4200 787 4232 ι

66 4291 169 4347 Ἀπὸ
209 4296 308 4349 τοῦ
346 4296 599 4365 ψαλμοῦ
642 4292 1075 4365 ιμᾲ--Ιζερζῗτοῦ
1102 4292 1248 4365 μετὰ
1272 4291 1577 4361 ,ϐάπτισμα

393 4361 732 4431 πειρασμοῦ
772 4361 875 4414 τοῦ
920 4361 1194 4426 Χριστοῦ.

1703 693 1956 761 Spiritus,
1977 690 2067 759 qui
2106 690 2337 760 desuper
2368 690 2609 752 inundat,
2641 697 2695 743 et
2731 689 2823 744 Dei
2855 693 3122 748 civitatem
3159 696 3237 748 ir-

1700 783 1856 851 rigat,
1908 781 1987 836 sic
2027 788 2201 835 autem
2234 789 2456 835 vocatur
2487 780 2610 832 vitae
2650 795 2840 849 genus,
2892 783 3008 848 ejus
3052 798 3171 853 qua:
3202 798 3233 837 a

1700 872 1808 927 Deo
1839 871 2106 940 dirigitur.
2140 871 2238 925 Hic
2266 872 2427 939 igitur
2449 870 2542 924 Dei
2571 868 2765 923 ﬂuvius
2794 885 2963 938 usque
3008 874 3070 926 ad
3103 875 3233 928 soli-

1696 962 1935 1015 tudinem
1982 963 2228 1026 devenit,
2280 964 2555 1017 collectam
2602 959 2850 1014 videlicet
2879 962 2944 1015 de
2987 966 3234 1030 gentibus

1698 1050 1990 1106 Eeclesiam
2011 1071 2022 1105 :
2041 1059 2094 1105 et
2120 1052 2244 1106 huic
2271 1067 2405 1121 quas
2428 1054 2480 1104 in
2506 1068 2563 1105 se
2585 1051 2703 1120 ipso
2734 1050 2892 1105 habet
2914 1068 3079 1120 aquas
3100 1056 3234 1108 vita-

1697 1137 1777 1195 les
1812 1141 1972 1194 etiam
2011 1156 2155 1196 nunc
2183 1142 2392 1195 abunde
2424 1142 2669 1211 largitur.
2698 1140 2890 1195 Postea
2928 1143 3066 1196 idem
3096 1146 3233 1197 vati-

1695 1230 1893 1284 cinium
1937 1231 2108 1285 eidem
2164 1233 2441 1286 solitudini
2491 1233 2634 1286 canit
2665 1231 2848 1286 datum
2898 1233 2963 1286 iri
3008 1234 3228 1299 gloriam

1698 1321 1906 1385 Libani,
1937 1329 1989 1375 et
2014 1322 2271 1376 honorem
2304 1324 2533 1377 Carmeli
2564 1341 2576 1376 :
2604 1323 2696 1377 sed
2726 1339 2970 1392 quamam
3000 1333 3083 1378 est
3114 1325 3229 1393 glu-

1694 1408 1770 1461 ria
1798 1407 2025 1463 Carmeli
2054 1410 2160 1464 nisi
2196 1411 2242 1465 is
2269 1411 2359 1479 qui
2391 1425 2453 1464 ex
2486 1411 2599 1479 lege
2640 1410 2800 1464 Musis
2842 1427 2936 1479 per
2966 1411 3229 1466 sacriﬁcia

1693 1500 2062 1553 celebrabatur
2099 1501 2277 1554 ritus?
2307 1516 2462 1569 quem
2497 1502 2586 1553 ubi
2626 1501 2923 1569 repudiavit
2957 1502 3095 1557 Deus
3134 1518 3231 1572 per

1692 1605 1805 1644 eam
1840 1591 2173 1659 prophetiam
2202 1607 2320 1660 qua:
2343 1592 2417 1644 ait
2444 1609 2455 1644 :
2493 1609 2511 1641 ι
2538 1591 2647 1644 Cur
2687 1592 2814 1644 mibi
2844 1592 2968 1646 thus
2995 1592 3059 1646 de
3086 1592 3227 1647 Saba

1691 1680 1923 1735 atl'ertis?
1947 1687 1999 1734 et
2032 1679 2159 1748 quid
2210 1680 2339 1733 mihi
2378 1680 2663 1732 multitudo
2706 1681 3090 1733 sacriﬁciorum
3135 1698 3229 1735 ve.

1692 1778 1924 1822 strorum
1948 1769 2025 1821 ⁵⁸2
2058 1788 2076 1820 ι
2103 1769 2155 1821 in
2180 1768 2521 1823 solitudinem
2542 1766 2794 1821 Jordanis
2816 1770 3086 1821 transtulit
3113 1770 3228 1838 glo-

1692 1860 1824 1912 riam
1855 1857 2173 1920 Jerusalem,
2221 1866 2504 1926 postquam
2560 1859 2697 1910 ratio
2742 1859 2827 1927 pie
2875 1860 3227 1928 religioseque

1690 1950 1898 2004 vivendi
1935 1965 2044 2003 non
2076 1951 2129 2002 in
2154 1948 2472 2013 Jerusalem,
2508 1951 2599 2003 sed
2633 1950 2685 2002 in
2727 1950 2943 2004 deserto
2968 1965 3225 2003 consum-

1690 2039 1822 2091 mari
1858 2047 2032 2107 empta
2075 2047 2179 2103 est,
2212 2040 2353 2108 quod
2398 2038 2646 2093 videlicet
2679 2040 2874 2093 accidit
2907 2048 3026 2109 post
3056 2038 3221 2093 Joan-

1688 2127 1772 2180 nis
1805 2126 2064 2195 tempora.
2093 2127 2266 2180 Simili
2313 2128 2542 2188 ratione,
2582 2127 2742 2181 etiam
2773 2128 2947 2181 honor
2976 2128 3109 2196 legis
3166 2135 3219 2182 et

1685 2229 1867 2267 eorum
1893 2230 2011 2283 qua:
2041 2215 2095 2268 in
2117 2216 2232 2284 lege
2258 2215 2599 2283 corporalius
2623 2214 2828 2267 sancita
2855 2224 2999 2278 sunt,
3030 2212 3221 2267 Jorda-

1687 2306 1768 2357 nis
1798 2304 2070 2358 solitudini
2110 2305 2266 2358 datus
2302 2313 2405 2368 est,
2440 2312 2656 2373 propter
2703 2304 2943 2356 eamdem
2974 2315 3217 2365 causam,

1684 2395 1933 2461 quoniam
1976 2410 2083 2448 non
2134 2395 2365 2464 amplius
2397 2394 2450 2447 in
2484 2393 2779 2448 Jerusalem
2815 2391 3217 2461 confugiebant,

1684 2484 1773 2550 qui
1817 2485 2109 2538 curationis
2165 2484 2477 2552 indigebant
2533 2482 2652 2550 ejus
2699 2495 2818 2550 qua:
2860 2480 2926 2533 ad
2979 2482 3217 2533 animum

1684 2573 1932 2641 pertinet,
1960 2573 2051 2627 sed
2084 2574 2138 2626 in
2168 2573 2221 2626 id
2255 2573 2396 2641 quod
2437 2572 2746 2625 nominatur
2767 2570 3060 2629 desertum,
3087 2582 3216 2637 pro-

1681 2670 1798 2731 pter
1839 2678 1955 2717 eam
1991 2678 2109 2732 quae
2161 2662 2215 2715 in
2272 2662 2364 2715 illo
2405 2661 2795 2731 praedicabatur
2843 2658 3215 2712 remissionem

1681 2759 2041 2820 peccatorum.
2073 2749 2210 2803 Puto
2247 2751 2407 2803 etiam
2461 2748 2755 2803 Salvatoris
2792 2747 2963 2802 nostri
3011 2746 3078 2798 ad
3120 2746 3217 2799 hac

1680 2842 1930 2910 ptismum
1966 2855 2246 2895 accessum
2279 2840 2568 2909 signiﬁca-ri
2597 2840 2704 2893 illis
2728 2838 2903 2892 verbis
2933 2854 2998 2891 :4
3035 2835 3098 2888 Et
3116 2850 3216 2903 po-

1678 2931 1836 2999 pulus
1867 2945 2019 2985 meus
2047 2931 2247 2985 videbit
2284 2930 2506 2999 gloriam
2542 2929 2774 2994 Domini,
2806 2937 2857 2983 et
2880 2927 3214 2981 altitudinem

1681 3019 1773 3074 Dei
1806 3038 1821 3085 ;
1855 3045 1873 3071 ι
1904 3030 2029 3074 tunc
2058 3022 2201 3074 enim
2228 3022 2343 3075 visa
2390 3028 2473 3074 est
2507 3018 2797 3073 Salvatoris
2826 3021 2995 3072 nostri
3021 3017 3213 3087 gloria,

1684 3126 1701 3158 ι
1739 3124 1859 3162 cum
1886 3110 2126 3164 ascendit
2157 3109 2223 3163 de
2250 3123 2408 3178 aqua,
2440 3116 2493 3163 et
2523 3108 2572 3162 ei
2605 3110 2773 3177 aperti
2820 3116 2945 3161 sunt
2977 3106 3120 3171 (εαξη,
3158 3111 3213 3160 et

1679 3197 1810 3250 vidit
1842 3197 2088 3265 spiritum
2122 3196 2215 3250 Dei
2240 3196 2649 3251 descendentem
2685 3197 2840 3264 quasi
2880 3194 3207 3257 columbam,

1677 3292 1730 3339 et
1759 3293 2057 3340 manentem
2086 3301 2248 3355 super
2267 3301 2329 3340 eo
2343 3286 2407 3339 δ’.
2433 3303 2451 3335 ι
2477 3284 2610 3339 Cum
2632 3299 2732 3337 vox
2749 3298 2957 3352 quoque
2978 3284 3045 3336 de
3072 3283 3211 3335 cmlo

1678 3377 1857 3430 audita
1896 3384 1997 3439 est,
2025 3376 2244 3430 dicens:
2276 3394 2294 3425 ι
2327 3375 2423 3428 llic
2458 3382 2539 3429 est
2562 3373 2729 3428 Filius
2772 3388 2926 3426 meus
2954 3356 3204 3433 dilectus,

1679 3467 1732 3519 in
1772 3479 1878 3533 quo
1918 3464 2044 3518 mibi
2074 3463 2456 3531 complacui”.
2490 3480 2508 3512 ι
2558 3460 2661 3515 Sed
2699 3461 2859 3514 etiam
2899 3462 3208 3528 quicunque

1679 3555 1911 3623 legitime
1936 3552 2001 3605 ad
2037 3552 2230 3605 lavacri
2264 3552 2576 3620 mysterium
2611 3550 2836 3615 accedit,
2876 3551 2968 3603 ubi
3000 3549 3207 3602 theolo-

1677 3647 1815 3713 giam
1861 3644 1927 3697 de
1969 3642 2185 3697 Christo
2228 3643 2512 3711 acceperit,
2561 3643 2782 3712 gloriam
2823 3641 2939 3709 ejus
2971 3641 3207 3694 intuebi~

1678 3744 1784 3797 tur,
1814 3743 1867 3788 ct
1892 3750 2011 3788 cum
2053 3733 2219 3788 Paulo
2256 3734 2433 3787 dicere
2474 3734 2707 3803 poterit:
2736 3751 2754 3784 ι
2803 3733 2915 3786 Etsi
2950 3731 3204 3801 cognovi-

1678 3841 1793 3880 mus
1835 3825 2124 3880 secundum
2157 3838 2371 3877 carnem
2404 3822 2701 3889 Cb‘ristum,
2743 3829 2797 3876 at
2845 3837 2989 3875 nunc
3019 3829 3200 3876 tamen

1676 3931 1781 3969 non
1817 3916 2044 3984 amplius
2071 3916 2444 3984 cognoscimus
2463 3914 2531 3968 ⁸¹.
2558 3932 2577 3965 ι

1670 4289 1825 4361 433
1864 4290 1906 4342 Α
1942 4291 2141 4359 psalmo
2184 4305 2269 4344 xc.
2301 4290 2470 4372 —_De
2507 4291 2701 4345 Christi
2732 4299 2847 4359 post
2885 4290 3194 4359 baptismum

2286 4370 2581 4415 leutatioue.

113 4490 128 4520 ι
170 4475 222 4526 '0
252 4476 523 4529 κατοικῶν
556 4477 634 4535 ὲν,
656 4472 872 4543 βοηθείᾳ
900 4471 993 4525 τοῦ
1029 4473 1297 4540 Ὑψίστου.
1317 4474 1373 4523 ἐν
1405 4475 1575 4545 σκέπῃ

1752 4489 1770 4521 ι
1812 4469 1913 4535 Qui
1952 4471 2155 4525 habitat
2189 4474 2244 4525 in
2277 4472 2545 4541 adjutorio
2582 4473 2839 4526 Altissimi
2866 4514 2880 4536 ,
2920 4473 2974 4525 in
3015 4481 3194 4541 prote—

53 4561 125 4613 τοῦ
162 4563 282 4619 Θεοῦ
326 4552 560 4640 οὐρανοῦ
607 4564 1007 4635 αὐλισθήσεται.
1053 4564 1198 4634 Ἐρεῖ
1244 4564 1320 4633 τῷ
1352 4564 1565 4633 Κυρίῳ·

63 4649 393 4726 Ἀντιλήπτωρ
441 4673 542 4725 μου
586 4652 655 4717 εἷ,
693 4654 785 4705 καὶ
826 4653 1105 4721 καταφυγή
1157 4669 1274 4721 μου.
1338 4652 1395 4703 '0
1443 4652 1571 4715 Θεός

58 4754 134 4803 μοι
158 4739 333 4813 βοηθός
366 4762 491 4815 μου,
525 4744 618 4796 καὶ
655 4741 822 4794 ἐλπιῶ
857 4742 943 4791 ἐπ’
968 4741 1152 4792 αὐτόν·
1188 4741 1264 4792 ὅτι
1292 4741 1447 4803 αὐτὸς
1474 4740 1568 4810 ῥῦ-

58 4832 177 4881 σεταί
217 4815 285 4900 με
318 4836 383 4885 ἐκ
426 4834 655 4900 παγίδος
700 4830 996 4901 θηρευτῶν,
1031 4830 1122 4881 καὶ
1153 4829 1257 4881 ἀπὸ
1296 4830 1449 4897 λόγου
1484 4846 1569 4882 τα·

59 4918 310 4984 ρεχὼὂους.
367 4922 460 4974 Ἐν
498 4925 609 4984 τοῖς
652 4918 1000 4991 μεταφρένοις
1039 4917 1227 4971 ἑαυτοῦ
1268 4919 1566 4970 ἐπισκιάσει

57 5020 137 5067 σοι,
166 5010 259 5061 ὑπὸ
288 5013 384 5075 τὰς
410 5013 681 5081 πτέρυγας
711 5008 872 5061 αὐτοῦ
898 5008 1113 5069 ὲλπιεῖς.
1153 5007 1334 5076 Ὄπλῳ
1362 5007 1567 5059 κυκλώ-

58 5107 120 5145 σει
161 5113 213 5150 σε
257 5102 291 5169 ἡ
339 5101 561 5172 ἀλήθεια
610 5098 795 5161 αὑτοῦ,
838 5098 897 5149 06
948 5096 1223 5167 φοϐηθήσῃ
1261 5095 1364 5147 ἀπὸ
1405 5094 1563 5163 φόϐου

60 5191 347 5256 νυκτερινοῦ,
402 5192 510 5244 ἀπὸ
566 5190 751 5261 βέλους
810 5186 1116 5255 πετωμένου
1179 5185 1399 5255 ἡμέρας,
1461 5184 1564 5237 ἀπὸ

60 5273 334 5343 πράγματος
373 5277 822 5351 διαπορευομένου
862 5275 919 5324 ὲν
953 5272 1143 5334 σκότει,
1184 5274 1287 5325 ἀπὸ
1320 5274 1563 5344 συμπτώ-

1671 4562 1850 4615 ctione
1865 4559 1958 4612 Dei
1988 4561 2110 4613 οωιί
2140 4563 2576 4616 commorabitur.
2606 4561 2752 4615 Dicet
2773 4560 2998 4614 Domino
3023 4579 3034 4612 :
3061 4560 3195 4613 Sus-

1668 4659 1851 4719 ceptor
1893 4664 2043 4703 meus
2088 4665 2179 4713 es,
2211 4660 2263 4705 ct
2292 4650 2555 4720 refugium
2607 4666 2821 4715 meum,
2867 4648 3005 4702 Deus
3045 4664 3194 4701 mens

1667 4742 1880 4809 adjutor
1920 4753 2106 4800 meus,
2140 4748 2195 4794 et
2237 4742 2461 4810 sperabo
2486 4744 2538 4795 in
2591 4758 2708 4796 eum
2740 4760 2752 4794 :
2789 4740 3039 4809 quoniam
3081 4738 3194 4805 ipse

1674 4829 1921 4883 liberabit
1953 4844 2036 4881 me
2074 4829 2140 4883 de
2173 4830 2364 4897 laqueo
2395 4838 2704 4882 venatorum
2726 4869 2739 4890 ,
2773 4837 2824 4881 et
2854 4828 2921 4879 ab
2952 4827 3193 4881 oratione
3288 4854 3293 4860 ι

1670 4916 1996 4969 turbulenta.
2045 4913 2099 4967 In
2151 4917 2384 4983 scapulis
2435 4918 2547 4971 suis
2589 4914 2930 4969 obumbrabit
2980 4913 3109 4977 tibi,
3138 4920 3193 4967 et

1670 5007 1771 5061 sub
1798 5006 1897 5058 alis
1924 5004 2042 5071 ejus
2093 5007 2352 5073 sperabis.
2394 5004 2557 5059 Scuto
2619 5003 2971 5056 circumdabit
3009 5010 3061 5056 te
3097 5018 3191 5082 ve.

1668 5097 1800 5150 ritas
1832 5094 1949 5162 ejus
1972 5132 1988 5157 ,
2019 5109 2125 5147 non
2159 5094 2372 5148 timebis
2403 5109 2433 5145 a
2469 5096 2661 5146 timore
2697 5099 2994 5152 nocturno,
3036 5105 3066 5144 a
3104 5105 3191 5144 sa-

1669 5187 1799 5256 gitta
1830 5185 2041 5238 volante
2089 5184 2145 5237 in
2192 5184 2309 5250 die,
2356 5199 2386 5236 a
2433 5183 2645 5253 negotio
2692 5181 3092 5250 perambulante
3132 5182 3188 5236 in

1664 5276 1932 5340 tenebris,
1969 5274 2035 5329 ab
2064 5275 2318 5339 incursu,
2351 5282 2405 5329 et
2436 5273 2698 5328 daemonio
2731 5272 3048 5325 meridiano.
3086 5271 3190 5324 Ca—

67 5376 213 5427 ματος,
240 5369 330 5419 καὶ
357 5369 626 5439 δαιμονίου
673 5360 1061 5436 μεσημϐρινοῦ.
1088 5363 1333 5416 Πεσεῖται
1372 5366 1435 5417 ὲκ
1465 5366 1556 5417 τοῦ

1682 5370 1785 5422 Ient
1818 5380 1847 5419 a
1882 5367 2049 5421 latere
2082 5374 2174 5419 tuo
2208 5365 2381 5429 mille,
2416 5375 2469 5419 et
2499 5364 2682 5419 decem
2716 5364 2883 5416 millia
2919 5377 2947 5415 a
2977 5361 3187 5416 dextris

65 5448 233 5517 κλίτους
265 5474 353 5510 σου
386 5459 577 5528 χιλιὰς,
617 5455 712 5509 καὶ
742 5450 936 5522 μυριὰς
969 5450 1031 5500 ἐκ
1060 5449 1241 5515 δεξιῶν
1268 5470 1357 5505 σου
1382 5471 1395 5483 ·
1426 5455 1558 5525 πρὸς

72 5535 175 5590 σὲόὲ
211 5546 303 5598 οὐκ
325 5550 511 5615 ὲγγιεῖ.
535 5548 683 5615 Πλὴν
722 5541 835 5599 τοῖς
869 5538 1151 5609 ὀφθαλμοῖς
1181 5558 1272 5593 σου
1305 5545 1559 5612 κατανοή-

127 5712 163 5744 ⁵⁷
190 5714 301 5772 Psal
351 5737 453 5775 xcv
471 5761 484 5782 ,
512 5724 563 5777 ὅ.

643 5719 689 5749 ⁸⁸
728 5715 840 5769 Jer.
875 5728 957 5779 vi,
984 5712 1067 5765 20.
1146 5715 1189 5747 δ’
1230 5715 1389 5769 Marc.
1428 5733 1478 5780 i,
1515 5717 1600 5774 10.

1663 5455 1809 5509 tuis:
1863 5454 1929 5507 ad
1973 5461 2025 5508 te
2072 5463 2247 5507 autem
2288 5468 2393 5507 non
2438 5452 2908 5522 appropinquabit.
2957 5448 3185 5505 Verum-

1661 5554 1835 5598 tamen
1879 5544 2051 5598 oculis
2097 5543 2646 5611 tuisconsiderabis,
2687 5554 2739 5596 et
2776 5541 3182 5599 retributionem

1674 5719 1717 5750 '°
1760 5717 1940 5771 Matth.
1978 5732 2071 5782 tu,
2105 5709 2192 5772 i7.
2266 5718 2308 5749 ⁸¹
2349 5718 2391 5772 ll
2421 5717 2544 5774 Cor.
2581 5734 2645 5781 v,
2679 5717 2766 5771 16.
