3740 6344
577 377 681 433 6⁸13

1189 371 1454 428 EUSEBH
1486 369 1952 428 CESARIENSIS
1989 367 2138 425 OPP.
2178 367 2373 424 PARS.
2405 369 2469 425 11.
2506 398 2573 411 --
2609 367 3116 425 APOLOGETICA.
3621 380 3630 424 t

580 496 914 560 peccatorum
954 481 1202 537 videbis:
1271 485 1528 552 quoniam
1577 491 1665 546 tu,
1711 482 1936 535 Domine
1993 495 2110 548 spes

2216 497 2345 544 σεις,
2379 481 2471 533 καὶ
2502 479 2851 532 ἀνταπόδοσιν
2875 477 3217 550 ἁμαρτωλῶν
3248 477 3392 546 ὄψει·
3424 479 3496 532 ὅτι
3525 485 3594 545 σὺ,
3619 486 3630 536 1

583 593 719 640 mea,
754 574 1084 627 Altissimum
1119 575 1346 643 posuisti
1377 573 1638 642 refugium
1673 584 1844 626 tuum.
1879 570 1992 624 Non
2027 585 2116 623 ac-

583 669 773 721 cedent
802 664 868 717 ad
901 671 952 717 te
983 665 1143 727 mala,
1179 672 1229 716 et
1261 663 1522 732 ﬂagellum
1543 679 1647 716 non
1672 661 2116 730 appropinquabit

579 753 923 810 tabernaculo
965 761 1097 806 tuo:
1140 754 1394 821 quoniam
1441 753 1646 821 angelis
1690 753 1804 807 suis
1847 751 2117 804 mandavit

579 845 647 898 de
694 851 778 907 te,
831 849 888 893 ut
935 842 1237 895 custodiant
1273 853 1322 894 te
1362 843 1412 894 in
1456 845 1707 897 omnibus
1751 843 1850 898 viis
1893 845 2019 897 tuis.
2057 843 2117 897 In

581 935 827 988 manibus
859 933 1141 1001 portabunt
1182 941 1268 993 te,
1303 949 1370 986 ne
1417 933 1555 986 forte
1603 933 1844 989 edendas
1874 935 1940 987 ad
1981 935 2116 1004 lapi-

580 1025 697 1080 dem
746 1024 928 1090 pedem
983 1031 1154 1074 tuum.
1208 1021 1380 1090 Super
1422 1023 1660 1092 aspidem
1705 1033 1757 1076 et
1802 1025 2114 1078 basiliseum

581 1115 899 1172 ambulabis.
930 1121 982 1166 et
1011 1115 1360 1167 conculcabis
1387 1115 1591 1168 leonem
1621 1124 1675 1168 et
1700 1115 1990 1169 draconem
2015 1117 2110 1166 ⁸³.»

581 1200 825 1254 Salvator
853 1208 903 1254 et
937 1201 1189 1254 Dominus
1229 1210 1408 1253 noster
1438 1201 1595 1256 Jcsus
1623 1202 1712 1270 qui
1743 1202 1994 1256 Christus
2026 1201 2116 1256 Dei

578 1301 660 1345 est
681 1331 693 1352 ,
724 1291 846 1343 dum
877 1299 1143 1358 quatenus
1173 1291 1332 1342 homo
1363 1290 1536 1344 factus
1565 1299 1648 1345 est
1669 1331 1684 1353 ,
1715 1293 2113 1356 consideratur,

579 1382 824 1435 habitans
854 1381 1048 1434 dicitur
1077 1386 1128 1433 in
1160 1381 1425 1448 adjutorio
1454 1381 1712 1435 Altissimi
1738 1421 1751 1443 ,
1785 1393 1967 1451 utpo;e
1994 1399 2114 1436 cum

579 1471 633 1524 in
663 1473 988 1539 protectione
1021 1470 1109 1523 Dei
1142 1479 1192 1522 ct
1225 1470 1398 1524 Patris
1427 1482 1803 1524 commoretur.
1833 1473 1928 1526 llic
1955 1475 2118 1542 igitur

580 1578 744 1616 unum
782 1561 986 1615 Patrem
1017 1578 1117 1615 nec
1147 1564 1307 1614 alium
1343 1569 1597 1630 praeterea
1631 1564 1935 1631 quempiam
1963 1601 1976 1625 ,
2010 1578 2118 1632 quo

579 1662 818 1722 tempo:e
847 1669 875 1704 a
907 1653 1120 1705 diabolo
1150 1660 1388 1706 tentatus
1417 1659 1498 1705 cst
1521 1691 1533 1711 ,
1568 1651 1867 1720 perfugium
1897 1661 2114 1715 nactus,

578 1744 834 1797 Lberatus
860 1750 942 1796 est
969 1744 1094 1795 olim
1125 1744 1190 1796 de
1217 1743 1422 1810 laqueis
1453 1742 1850 1794 adversantium
1881 1752 2119 1810 potesta-

2217 588 2296 639 ριε
2327 573 2358 640 ἡ
2386 569 2537 633 ἐλπίς
2566 587 2685 639 μου,
2725 571 2814 622 τὸν
2847 570 3113 638 ’Ὕψιστον
3153 567 3270 619 ἒϐου
3301 572 3582 640 καταφυγήν
3615 589 3630 624 o

2215 661 2287 711 Οὐ
2323 660 2733 730 προσελεύσεται
2758 660 2893 729 πρὸς
2923 659 2984 710 σὲ
3019 657 3187 720 κακὰ,
3216 659 3305 710 καὶ
3338 661 3515 727 μάστιξ
3539 663 3614 714 οὐκ

2214 752 2320 817 γιεῖ
2341 749 2417 818 τῷ
2445 749 2759 820 σκηνώματί
2787 765 2884 800 σου
2909 764 2922 777 ο
2954 748 3038 800 ὅτι
3078 749 3191 809 τοῖς
3217 748 3452 814 ἀγγέλοις
3485 751 3612 803 αὑτοῦ

2212 840 2439 892 τελεῖται
2481 840 2605 910 περὶ
2634 837 2749 901 σοῦ,
2773 839 2869 890 τοῦ
2901 837 3227 905 διαφυλάξαι
3256 854 3311 889 σε
3345 840 3399 889 ἐν
3430 841 3630 904 πάσαιςτ

2213 931 2345 993 ὁδοῖς
2372 948 2483 983 σου.
2526 932 2647 982 Ἐπὶ
2675 928 2875 998 χειρῶν
2910 928 3104 998 ἀροῦσί
3133 945 3212 989 σε,
3246 930 3441 997 μήποτε
3465 935 3630 1000 προσκὰ

2215 1021 2346 1090 πρὸς
2371 1020 2514 1072 λίθον
2535 1020 2624 1073 τὸν
2655 1019 2790 1072 πόδα
2819 1037 2937 1071 σου.
2985 1020 3107 1070 Ἐπὶ
3133 1019 3328 1072 ἀσπίδα
3359 1021 3446 1072 καὶ
3470 1021 3630 1089 βασιλεῖ

2215 1110 2465 1180 ὲπιϐἠσῃ,
2504 1112 2596 1161 καὶ
2642 1109 3059 1178 καταπατήσεις
3092 1108 3281 1160 λέοντα
3313 1111 3401 1161 καὶ
3430 1110 3630 1178 δράκοντα

2227 1201 2282 1252 Ὀ
2328 1202 2513 1270 Σωτὴρ
2556 1202 2649 1252 καὶ
2704 1201 2914 1270 Κύριος
2963 1199 3122 1268 ἡμῶν
3179 1200 3378 1270 Ἰησοῦς
3417 1202 3629 1270 Χριστὸς

2215 1291 2365 1351 Θεοῦ,
2409 1290 2524 1342 καθ’
2564 1291 2592 1342 ὃ
2631 1289 2980 1360 ὲνηνϐρώπει
3027 1290 3418 1358 ἐπινοούμενος,
3450 1295 3474 1343 ὁ
3511 1310 3630 1345 κειται

2214 1381 2424 1448 λέγεται
2451 1384 2506 1433 ἐν
2547 1381 2769 1451 βοηθείᾳ
2793 1383 2890 1434 τοῦ
2934 1382 3214 1450 Ὑψίστου,
3244 1383 3300 1432 ἐν
3327 1381 3486 1450 σκέπῃ
3515 1383 3628 1435 τοῦθ

2216 1472 2304 1522 καὶ
2342 1470 2547 1540 [ἰατρὸς
2591 1471 2970 1540 αὐλιζόμενος.
3021 1465 3191 1532 υῦτος
3224 1471 3286 1539 δὴ
3329 1467 3433 1532 οῦν,
3481 1473 3630 1539 μόνον’

2214 1561 2435 1629 Σωτῆρα
2467 1563 2556 1612 καὶ
2592 1561 2699 1613 οὐδ’
2726 1561 2920 1631 ἕτερον
2960 1561 3281 1630 καταφυγὴν
3307 1561 3361 1611 ἐν
3390 1560 3459 1629 τῷ
3485 1563 3630 1630 κιιιρςξμΔ

2215 1650 2348 1702 κατὰ
2394 1651 2480 1702 τὸν
2524 1649 2765 1702 διάϐολον
2817 1650 3136 1720 πειρασμοῦ
3174 1651 3485 1718 κεκτημένος
3527 1653 3630 1719 ὲρῤὐε

2218 1742 2340 1792 ποτε
2465 1741 2568 1792 τῶν
2616 1742 2859 1808 παγίδων
2903 1742 3016 1794 τίίν
3069 1741 3444 1810 ἀντικειμένων
3475 1740 3630 1809 δυνάμει

577 1841 720 1897 tum,
773 1849 889 1902 qua:
939 1841 1218 1886 venatores
1272 1832 1371 1885 hoc
1424 1833 1540 1885 loco
1592 1833 1946 1900 appellantur,
1991 1847 2110 1886 eum

2215 1831 2483 1902 θηρευτῶν
2514 1832 2605 1884 νῦν
2642 1830 3092 1900 ὀνομαζομένων,
3123 1833 3369 1900 ὁπηνίκα,
3393 1827 3470 1884 οἶά
3489 1850 3553 1894 τις
3572 1851 3629 1884 κον

577 1924 746 1978 instar
773 1923 1052 1991 cujusdam
1079 1923 1381 1975 communis
1412 1922 1644 1975 hominis
1673 1940 1691 1971 ι
1721 1921 1917 1976 ductus
1945 1931 2029 1976 est
2062 1925 2114 1975 in

577 2012 848 2066 desertum
872 2052 886 2076 ,
928 2020 986 2065 ut
1025 2020 1326 2067 tentaretur
1357 2028 1386 2065 a
1416 2011 1630 2065 diabolo
1653 2051 1668 2077 ,
1700 2019 1752 2065 et
1795 2011 1895 2064 fuit
1927 2013 1980 2066 in
2024 2013 2119 2067 de—

579 2114 724 2158 serto
764 2103 1118 2173 quadraginta
1166 2104 1280 2159 dies
1320 2112 1372 2157 et
1410 2103 1764 2172 quadraginta
1810 2112 2031 2166 noctes,
2063 2110 2117 2155 et

576 2200 823 2247 tentatus
869 2201 950 2247 est
999 2209 1027 2246 a
1079 2192 1324 2246 Satana:
1372 2193 1604 2262 fuitque,
1645 2213 1662 2244 ι
1691 2201 1748 2245 ιιι
1791 2195 2116 2262 evangelista

578 2293 766 2337 auctor
803 2291 886 2338 est
906 2324 919 2346 ,
949 2303 966 2334 ι
1001 2299 1121 2358 cum
1156 2284 1346 2338 bestiis
1375 2284 1442 2338 ⁸³.
1471 2305 1488 2334 ι
1516 2283 1619 2338 Sed
1649 2299 1767 2352 qua:
1795 2284 2006 2338 tandem
2036 2284 2116 2338 hae

576 2371 760 2425 bestiae
805 2373 906 2426 nisi
953 2388 1087 2439 quas
1133 2379 1523 2424 commemorat
1555 2374 1634 2432 is,
1680 2372 1770 2439 qui
1819 2388 1962 2425 nunc
2007 2380 2117 2424 tra-

577 2470 754 2513 ctatur
789 2463 1026 2529 psalmus
1058 2462 1124 2513 ad
1155 2477 1274 2515 cum
1302 2501 1314 2520 ,
1349 2461 1440 2530 qui
1470 2462 1526 2514 in
1561 2462 1826 2529 adjutorio
1856 2462 2114 2515 Altissimi

579 2549 803 2612 habitat,
825 2551 910 2602 ubi
934 2551 1006 2604 ait
1034 2571 1047 2604 :
1080 2571 1096 2600 ι
1120 2549 1289 2620 Super
1319 2550 1553 2619 aspidem
1582 2559 1635 2604 et
1664 2553 1970 2605 basiliseum
2002 2567 2115 2604 am-

577 2639 810 2702 bulabis,
832 2650 884 2695 et
916 2643 1265 2695 conculcabis
1296 2643 1501 2695 leonem
1529 2649 1580 2694 et
1600 2641 1920 2696 draconem?
1957 2664 1974 2691 ι
2013 2657 2112 2695 ea:-

576 2735 748 2782 terum
787 2746 890 2783 non
938 2731 1004 2784 ab
1048 2731 1131 2785 his
1179 2731 1350 2784 Solum
1384 2731 1666 2784 liberatum
1702 2733 1762 2783 iri
1795 2749 1914 2786 cum
1947 2732 2109 2796 dicit,

577 2818 672 2872 sed
710 2821 872 2872 etiam
917 2820 983 2872 ab
1027 2820 1273 2873 orat'one
1317 2820 1644 2872 turbulenta.
1685 2819 1846 2890 434
1883 2823 1948 2874 At
1987 2839 2113 2877 vero

575 2922 692 2976 quae
716 2909 928 2963 tandem
963 2910 1073 2963 haec
1105 2909 1205 2962 fuit
1235 2911 1445 2973 oratio,
1477 2910 1578 2962 nisi
1608 2925 1766 2977 quan
1809 2911 1884 2963 illi
1915 2912 2112 2978 ohjecit

576 3006 828 3061 tentatur,
854 3009 912 3052 ut
937 3001 990 3052 in
1013 3015 1168 3054 sacro
1192 2999 1478 3068 Evangelia
1502 3003 1758 3068 scriptum
1785 3010 1866 3054 est
1887 3002 1909 3054 ?
1928 3000 2113 3070 Opera:

577 3099 751 3143 autem
785 3091 1012 3158 pretium
1045 3101 1128 3144 est
1160 3091 1509 3160 contemplari
1536 3131 1550 3154 ,
1577 3107 1694 3159 qua!
1719 3107 1883 3145 causa
1915 3093 2107 3157 fuerit,

575 3187 633 3231 ut
663 3178 905 3233 Salvator
936 3189 1136 3244 noster,
1169 3180 1256 3249 qui
1303 3183 1424 3235 talis
1474 3191 1754 3250 tantusque
1801 3191 1910 3245 est,
1944 3191 2109 3236 tenta-
2134 3171 2174 3224 C

578 3269 773 3321 tionem
808 3285 1091 3338 perpessus
1125 3271 1213 3323 sit.
1247 3272 1377 3325 Cum
1410 3273 1567 3339 igitur
1594 3286 1800 3324 onmem
1831 3287 1894 3324 ex
1930 3272 2104 3324 homi-

575 3359 735 3413 nibus
775 3361 1143 3429 rgritm‘linem
1203 3375 1520 3430 omnemque
1575 3362 1911 3429 languoran
1972 3361 2106 3414 infe‘

578 3455 794 3516 stos-que
820 3450 1040 3516 spiritus
1072 3459 1230 3517 atque
1262 3450 1502 3520 impuros
1535 3449 1832 3512 dannonas,
1866 3453 1954 3518 qui
1985 3452 2105 3518 plu-

576 3536 726 3590 rimis
751 3547 873 3590 ante
899 3539 1109 3592 szcculis
1139 3554 1326 3593 omnes
1353 3540 1444 3608 qui
1479 3541 1532 3592 in
1565 3549 1702 3591 terra
1734 3541 2103 3603 versabantur,

577 3641 669 3696 per
712 3642 827 3680 eam
874 3631 1498 3700 superstitioncm,gqua:
1533 3631 1732 3684 multos
1777 3632 1905 3685 deos
1947 3632 2102 3693 colit,

577 3718 901 3783 subegerunt
919 3756 932 3778 ,
963 3728 1105 3771 esset
1133 3721 1457 3786 expulsurus
1479 3759 1492 3782 ,
1522 3736 1630 3774 non
1657 3736 1720 3773 ex
1749 3720 1930 3774 abdito
1953 3723 2105 3789 quasi

580 3809 802 3862 latitans
834 3811 898 3862 ad
930 3825 992 3861 ea
1022 3826 1138 3878 quae
1168 3811 1306 3864 dicta
1339 3819 1495 3875 sunt,
1525 3813 1768 3866 accessit.
1795 3811 1896 3864 Sed
1921 3821 2105 3866 contra

579 3898 803 3952 infe5tos
835 3899 984 3965 prius
1013 3901 1338 3969 eosdemque
1366 3902 1667 3956 invisibiles
1697 3903 1983 3972 principes,
2014 3919 2108 3971 per

577 4003 698 4042 eum
719 4026 733 4049 ,
766 4002 919 4055 quem
951 3991 1239 4058 assumpsit
1269 3991 1556 4054 hominem,
1591 3992 1930 4044 militantium
1961 4007 2108 4046 more

579 4075 882 4146 profectus,
919 4084 972 4130 et
1003 4078 1056 4129 in
1094 4079 1262 4145 ipsius
1294 4079 1492 4132 diaboli
1528 4080 1792 4142 medium,
1825 4081 2108 4148 omnisque

581 4165 891 4219 daztnonica:
921 4174 1148 4218 catervre
1181 4182 1528 4237 pregressus,
1561 4169 1650 4220 ubi
1681 4184 1842 4236 super
1870 4169 2106 4237 aspidem

580 4264 632 4310 et
673 4255 979 4309 basiliscum
1017 4257 1336 4318 ambulavit,
1368 4269 1417 4312 et
1454 4259 1786 4310 canculcavit
1820 4258 2023 4312 leonem
2055 4267 2107 4312 et

580 4344 902 4405 draconem,
955 4343 1230 4410 multoque
1276 4347 1425 4414 prius
1477 4349 1807 4414 regnantium
1864 4346 2110 4401 inimico-

583 4446 730 4492 rum,
757 4442 809 4486 et
830 4434 994 4485 millia
1020 4441 1072 4486 et
1095 4433 1232 4487 dena
1260 4436 1420 4488 millia
1450 4435 1740 4497 subvertit,
1765 4435 2104 4504 principatus

581 4523 828 4578 videlicet
873 4539 936 4577 ac
978 4531 1304 4591 potestates,
1353 4526 1486 4578 alias
1523 4523 1734 4593 quidem
1784 4540 1813 4578 a
1861 4526 2102 4594 dextris,

582 4615 715 4666 alias
743 4628 867 4667 vero
897 4628 924 4664 a
957 4612 1192 4665 sinistris
1226 4612 1516 4674 bellantes,
1562 4617 1794 4683 itemque
1832 4631 1925 4671 eos
1948 4657 1962 4680 ,
2012 4620 2101 4687 qui

579 4705 762 4759 mundi
810 4712 1045 4758 rectores
1090 4703 1278 4755 harum
1328 4703 1668 4757 tenebrarum
1717 4705 1992 4770 dicuntur,
2042 4723 2105 4762 ae

580 4795 878 4866 spiritualia
910 4794 1162 4858 malitiae;
1192 4794 1402 4854 omnia,
1436 4795 1685 4862 inquam,
1719 4797 1831 4850 haec
1855 4837 1868 4860 ,
1899 4799 1990 4852 ubi
2023 4797 2105 4850 ni-

581 4883 653 4936 hil
697 4899 854 4953 posse
891 4883 1200 4952 redarguit,
1247 4894 1311 4934 ac
1353 4883 1584 4952 denique
1627 4885 1803 4953 ipsum
1844 4888 2101 4940 malorum

582 4972 873 5042 principem
900 4975 1167 5028 diabolum
1198 4975 1364 5029 verbo
1389 4975 1502 5029 oris
1531 4977 1613 5030 sui
1643 4979 1828 5047 procul
1856 4977 2104 5036 extrusit.

583 5063 950 5131 percurritque
983 5074 1141 5133 atque
1174 5065 1557 5128 inambulavit,
1588 5081 1796 5123 omnem
1829 5071 2109 5121 adversan-

583 5151 686 5196 tem
721 5158 1069 5218 potestatem,
1102 5172 1163 5210 ac
1194 5158 1430 5226 seipsum
1471 5158 1684 5226 quidem
1720 5160 1868 5212 adire
1895 5174 1956 5212 ae
1995 5165 2107 5211 ten-

584 5233 698 5316 larl‘e
739 5235 1037 5295 volentibus
1083 5245 1358 5312 exhibuit,
1410 5263 1511 5305 nec
1559 5249 1837 5316 quisquam
1887 5247 2104 5300 omnino

585 5315 839 5411 adversus
865 5327 1008 5382 illum
1040 5342 1181 5390 stare
1210 5345 1385 5403 potuit
1412 5363 1427 5411 ;
1461 5349 1572 5394 tum
1603 5340 1811 5393 demum
1839 5337 1903 5390 ad
1932 5337 2103 5389 homi-

585 5418 710 5457 num
740 5409 957 5467 salutem
969 5427 1225 5482 aecessit.
1250 5409 1518 5494 Quocirca
1544 5431 1806 5484 intuentes
1833 5429 1979 5481 illum
2005 5424 2104 5479 dae-

586 5504 768 5547 mones
793 5509 1171 5584 agnoscebant,
1197 5532 1414 5591 propter
1442 5535 1559 5578 eam
1587 5519 1651 5573 de
1673 5533 1774 5589 qua
1800 5516 1997 5570 dictum
2024 5523 2102 5568 est

2215 1922 2510 1993 ἅνθρωπος,
2557 1941 2574 1971 ‹
2617 1923 2826 1992 ἀνήχθη
2882 1925 2966 1986 είς
3015 1922 3114 1993 τὴν
3161 1923 3380 1993 ἔρημον,
3424 1923 3630 1992 πειρασθῆν

2216 2010 2317 2062 ὑπὸ
2349 2010 2438 2061 τοῦ
2465 2010 2728 2072 διαϐόλου,
2754 2013 2850 2061 καὶ
2877 2006 2947 2080 ἦν
2977 2013 3036 2061 ὲν
3059 2014 3129 2079 τῇ
3163 2013 3347 2080 ἐρήμῳ
3377 2012 3630 2080 τεσσαράκον

2214 2100 2419 2170 ἡμέρας
2444 2100 2536 2151 καὶ
2565 2101 2987 2169 τεσσαράκοντα
3016 2100 3219 2162 νύκτας
3251 2100 3586 2170 πειραζόμενος
3613 2102 3629 2151 ὑ

2213 2190 2305 2243 τοῦ
2343 2191 2551 2243 Σατανᾶ
2576 2206 2590 2220 ⁸
2623 2193 2720 2244 καὶ
2743 2187 2836 2261 ἦν,
2871 2210 2888 2240 ι
2926 2192 3003 2254 ὼς
3025 2194 3054 2244 ὁ
3084 2192 3450 2261 εὐαγγελιστὴς
3481 2209 3629 2261 papas

2219 2301 2238 2332 ‹
2278 2282 2412 2352 μετὰ
2433 2283 2538 2334 τῶν
2567 2282 2796 2353 θηρίων.
2830 2305 2849 2334 ι
2889 2284 3071 2335 Ποίων
3098 2283 3155 2335 δὲ
3183 2283 3377 2337 τούτων
3407 2284 3434 2354 ἧ
3459 2278 3519 2335 ὧν
3544 2300 3630 2352 uva-9

2213 2373 2353 2424 νεύει
2397 2376 2425 2425 ὁ
2461 2373 2596 2442 μετὰ
2641 2377 2834 2444 χεῖρας
2880 2374 3118 2443 ψαλμὸς,
3155 2375 3288 2444 πρὸς
3321 2376 3404 2426 τὸν
3452 2376 3499 2425 ἐν
3534 2373 3630 2441 βοηθε

2213 2461 2303 2514 τοῦ
2341 2463 2590 2531 Ὑψίστου
2614 2464 2975 2517 κατοικοῦντα
3005 2463 3181 2532 λέγων
3202 2481 3214 2494 ·
3258 2483 3275 2514 ι
3317 2465 3428 2516 Ἐπὶ
3451 2464 3630 2515 dixiin

2215 2551 2519 2618 βασιλίσκον
2564 2551 2826 2622 ὲπιϐήσῃ,
2874 2553 2970 2605 καὶ
3014 2557 3406 2623 καταπατήσεις
3446 2552 3584 2603 λέοντι
3613 2569 3630 2601 κ

2210 2641 2493 2710 δράκοντα.
2537 2661 2555 2690 ι
2604 2643 2703 2704 Τίς
2736 2642 2780 2694 δ’
2817 2643 2884 2696 ἂν
2924 2644 3010 2716 εἴη
3055 2646 3149 2697 καὶ
3187 2641 3333 2707 οὗτος
3363 2645 3390 2713 ἢ
3424 2645 3552 2712 ὅνπερ
3580 2643 3630 2692 ai:

2212 2733 2518 2801 προύτεινεν
2561 2734 2590 2784 ό
2634 2735 2914 2803 πειράζων
2964 2737 3105 2787 κατά
3152 2736 3213 2788 τὸ
3255 2736 3386 2804 ἱερὸν
3415 2732 3630 2799 Εὑαγγὲλιιλ

2211 2821 2282 2873 τὸ
2310 2822 2354 2873 δ’
2383 2822 2551 2874 αἴτιον
2573 2823 2672 2874 τοῦ
2704 2825 3064 2894 πειράζεσθαι
3085 2826 3176 2877 τὸν
3206 2824 3488 2895 τηλικοῦτον
3523 2823 3630 2890 Σωτῆί

2209 2911 2364 2981 ἡμῶν
2391 2915 2665 2990 σμοπῆσαι
2700 2915 2872 2980 ἄξιον.
2914 2917 3140 2970 Μέλλων
3180 2917 3238 2980 ἐξ
3275 2918 3533 2988 ἀνθρώπων
3557 2915 3630 2966 acia

2211 3003 2359 3055 νόσον
2393 3004 2486 3056 καὶ
2530 3005 2716 3058 πᾶσαν
2767 3008 3062 3075 μαλακίαν,
3094 3009 3163 3060 τά
3199 3025 3255 3060 τε
3288 3007 3553 3077 ἐνοχλοῦντα
3574 3019 3630 3054 πίε

2215 3111 2374 3163 ματα,
2407 3096 2498 3147 καὶ
2531 3097 2662 3158 τοὺς
2694 3097 3040 3170 ἀκαθάρτους
3084 3099 3332 3169 δαίμονας
3355 3101 3404 3164 ἐξ
3441 3098 3583 3157 αἰῶνος
3604 3112 3630 3161 μ»

2208 3187 2337 3256 κροῦ
2369 3185 2472 3237 τῶν
2499 3187 2591 3237 ἐπὶ
2633 3189 2739 3258 γῆς
2767 3190 2989 3241 πάντων
3014 3189 3103 3241 διὰ
3124 3191 3220 3260 τῆς
3247 3188 3476 3242 πολυθὲου
3504 3183 3630 3239 auctir

2208 3274 2390 3342 μονίας
2423 3278 2850 3347 κεκρατηκότας
2881 3279 3144 3343 ἐλαύνειν,
3177 3281 3275 3332 οῦκ
3303 3283 3361 3333 ἐκ
3392 3278 3472 3331 τοῦ
3495 3272 3628 3345 demi

2206 3364 2391 3434 ὥσπερ
2443 3366 2958 3438 ἐπικρυπτόμενος,
3006 3372 3097 3422 sui.
3141 3370 3210 3422 τὰ
3253 3369 3486 3440 εἰρημένα

2212 3457 2336 3517 Τοῖς
2369 3459 2774 3527 παρενοχλοῦσι
2811 3460 2867 3511 δὲ
2893 3461 3154 3530 πρότερον
3183 3461 3416 3530 ἁοράτοις
3436 3449 3630 3527 ἄρχουςι,δ

2205 3541 2264 3599 οὗ
2289 3545 2573 3616 ἀνείληφεν
2606 3549 2901 3619 ἀνθρώπου
2928 3551 3364 3621 ἐπιστρατεύσας,
3393 3549 3470 3601 καὶ
3487 3548 3546 3607 εἰς
3564 3543 3630 3611 μω

2206 3637 2365 3689 αὐτοῦ
2396 3636 2487 3689 τοῦ
2515 3638 2796 3704 διαϐόλου,
2832 3643 2928 3693 καὶ
2973 3642 3171 3705 παντὸς
3208 3641 3297 3694 τοῦ
3327 3634 3575 3708 ῖαιμονικοῦ
3595 3647 3628 3682 ετ

2207 3744 2339 3796 (ρους
2388 3728 2699 3799 παρελθὼν,
2745 3730 2942 3794 ἐπιϐάς
2983 3749 3047 3784 τε
3099 3733 3276 3784 ἀσπίδι
3323 3732 3404 3782 καὶ
3444 3723 3630 3797 ﬂuat).in

2207 3818 2300 3870 καὶ
2348 3822 2748 3890 καταπατήσας
2793 3821 2986 3874 λέοντα
3038 3823 3129 3875 καὶ
3173 3822 3437 3892 δράκοντα,
3481 3817 3547 3868 καὶ
3578 3809 3629 3862 τισὶ

2207 3909 2463 3979 πρότερον
2502 3909 2756 3962 καθελὼν
2799 3912 2906 3964 τῶν
2940 3913 3265 3983 ἀρχοντικών
3293 3908 3472 3980 ἐχθρῶν
3503 3899 3630 3972 χιλιάδα

2206 4001 2298 4051 καὶ
2335 3999 2627 4069 μυριάδας,
2658 4002 2758 4065 τὰς
2797 4003 2894 4072 μὲν
2922 4004 2987 4055 ὲκ
3015 4003 3121 4055 τῶν
3143 4003 3337 4068 δεξιῶν,
3366 4000 3450 4061 τὰς
3471 3996 3513 4048 δὲ
3535 3986 3630 4044 ἐκτιέ

2206 4088 2495 4158 εὐωνύμων
2539 4091 2914 4162 πολεμούσας,
2955 4093 3122 4163 ἀρχάς
3158 4109 3213 4144 τε
3255 4093 3341 4145 καὶ
3381 4085 3630 4152 ἐξουσίαςν²⁵

2205 4176 2268 4244 δὴ
2323 4177 2414 4230 καὶ
2446 4179 2583 4243 τοὺς
2613 4182 2937 4252 λεγομένους
2971 4182 3390 4253 κοσμοκράτορας
3412 4174 3487 4230 τοῦ
3514 4169 3630 4253 sititet

2205 4264 2412 4324 τούτου,
2461 4266 2529 4319 τά
2575 4287 2636 4321 τε
2679 4270 3021 4340 πνευματικὰ
3059 4271 3155 4340 τῆς
3185 4269 3450 4340 πονηρίας·
3481 4252 3630 4314 adma

2205 4350 2297 4406 οὖν
2340 4354 2507 4407 ταῦτα
2571 4359 2632 4411 τὸ
2661 4361 2842 4430 ’μηδὲν
2892 4360 3092 4430 ἰσχύειν
3135 4358 3431 4426 ἀπελέγξας,
3465 4351 3535 4405 καὶ
3565 4342 3630 4396 τῖλε

2208 4443 2364 4494 αὑτὸν
2395 4445 2485 4498 τὸν
2519 4447 2637 4503 ’τῶν
2667 4449 2850 4502 κακῶν
2880 4450 3102 4520 ἔξαρχον
3132 4449 3358 4503 διάϐολον
3391 4445 3454 4512 τῷ
3479 4441 3630 4505 λόγῳτο

2209 4534 2467 4603 στόματος
2500 4539 2670 4592 αὑτοῦ
2714 4543 2930 4612 μακρὰν
2956 4543 3308 4613 ἀποσοϐήσας,
3338 4533 3518 4590 διελθών
3539 4537 3630 4579 tam

2207 4623 2666 4698 ἐμπεριπατήσας
2705 4631 2802 4701 τὴν
2846 4633 3218 4702 ἀντικειμένην
3265 4632 3452 4682 ἃπασαν
3487 4620 3630 4681 δύναμθ

2205 4711 2298 4764 καὶ
2324 4714 2518 4768 ἑαυτὸν
2549 4721 2649 4788 μὲν
2677 4722 2968 4792 παρασχὼν
3005 4726 3112 4786 τοῖς
3139 4722 3335 4774 Θέλουσι
3362 4711 3578 4786 προσιέναι
3595 4715 3630 4798 te

2206 4800 2508 4870 πειράζειν,
2544 4810 2774 4879 μηδενὸς
2808 4812 2864 4864 δὲ
2914 4813 3096 4882 στῆναι
3135 4811 3259 4881 πρὸς
3289 4806 3429 4860 αὑτὸν
3453 4800 3630 4859 δεδυνημε

2203 4906 2312 4951 νον»
2337 4889 2517 4958 οὕτως
2546 4899 2638 4950 ἐπὶ
2673 4903 2770 4971 τὴν
2798 4902 2904 4954 τῶν
2929 4903 3023 4956 άνΟ
3031 4903 3217 4974 ρώπων
3243 4897 3477 4968 σωτηρίαν
3503 4884 3630 4957 παρῄει

2204 4979 2293 5030 Διὸ
2321 4982 2414 5032 καὶ
2446 4984 2687 5054 ὁρῶντες
2715 4993 2876 5045 αὑτὸν
2908 4995 2956 5044 οἱ
2987 4993 3226 5062 δαίμονες
3264 4973 3630 5067 ἐπεγίνωσκον

2201 5067 2303 5138 τῆς
2331 5074 2778 5147 προδηλωθείσης
2816 5081 2954 5135 κατὰ
2989 5083 3084 5153 τὴν
3113 5081 3302 5150 ἔρημον
3327 5069 3565 5142 διατριϐῆς,

2205 5172 2424 5225 σκοντες
2471 5168 2662 5238 αὐτῷ’
2707 5189 2725 5219 ι
2759 5171 2822 5222 Τί
2872 5173 3000 5240 ἡμῖν
3050 5171 3138 5224 καί
3169 5187 3263 5233 σοι,
3313 5162 3457 5235 Ἰησοῦ
3488 5155 3556 5208 Υἱὲ
3586 5163 3630 5236 τθῖ

2203 5245 2369 5315 Θεοῧ;
2413 5271 2431 5303 ι
2472 5256 2654 5310 Ταῦτα
2691 5260 2787 5329 μὲν
2813 5256 2904 5312 οὖν
2941 5261 3063 5329 περὶ
3095 5259 3279 5311 τῶνδε·
3311 5254 3371 5307 τά
3396 5252 3440 5303 δὲ
3467 5244 3560 5310 ἑξῆς

2203 5334 2416 5410 ψαλμοῦ
2445 5347 2580 5415 πρὸς
2619 5349 2779 5400 αὐτὸν
2811 5349 3217 5420 ἀναπεφώνηται
3245 5347 3323 5399 τὸν
3356 5334 3554 5410 Χριστὸν»
3575 5337 3630 5375 ³⁷³

2204 5429 2321 5493 τοῦ,
2356 5451 2374 5481 ι
2419 5436 2506 5487 Ἐν
2540 5442 2652 5502 τοῖς
2685 5442 3037 5512 μεταφρένοις
3073 5439 3223 5494 αὑτοῦ
3253 5428 3507 5488 ἐπισκιάσει
3534 5425 3630 5522 6?“:

2206 5518 2449 5588 δηλθνότι
2475 5529 2503 5578 δ
2534 5529 2814 5611 Ἲζψιστος,
2915 5534 3003 5585 καὶ
3035 5531 3134 5584 ὑπὸ
3161 5529 3248 5590 τὰς
3282 5521 3508 5590 πτέρυγας
3528 5510 3630 5560 τάτθυ

651 5667 695 5698 ’¹
730 5665 866 5726 Psal.
897 5691 986 5745 xc.
1017 5683 1162 5751 1-13.
1239 5697 1282 5730 "
1321 5700 1522 5768 Matth.
1557 5711 1640 5761 iv,
1674 5695 1812 5764 1,3;
1847 5693 2005 5749 Marc.
2037 5707 2087 5756 I,
2127 5694 2306 5761 l3,l3.
