3740 6330
59 375 162 427 ῦῖ7

966 375 1596 434 οειιοΝετιιΑτιοΝιε
1631 361 2076 430 EVANGELlC/E
2115 358 2244 422 UB.
2289 373 2379 430 ῐΧ.

3143 382 3244 435 678

64 487 287 548 ἐλπιεῖς.
344 487 526 556 ὀπλῳ
553 485 817 539 κυκλώσει
845 504 902 540 σε
927 490 960 558 ἡ
989 489 1208 561 ἀλήθεια
1237 492 1394 545 αὑτοῦ
1414 508 1426 522 ³
1463 511 1481 542 ι
1514 492 1604 543 καὶ

1713 506 1755 541 ιιι
1777 487 1988 541 deserto
2013 489 2512 553 commorationem,
2539 506 2656 561 eum
2680 493 2744 546 ad
2766 494 2936 562 ipsum
2961 493 3196 546 dicerent
3223 513 3237 546 :

63 576 360 646 ἐπειδήπερ
403 577 634 645 ἡμέραις
675 579 1079 648 τεσσαράκοντα
1128 582 1220 633 καὶ
1261 584 1378 644 ταῖς
1423 581 1610 634 τοσαύ-

66 684 175 729 ταις
223 666 375 730 νυξὶν
416 667 754 735 ἐπειραζετο,
797 670 917 740 περὶ
951 669 1050 738 μὲν
1080 671 1186 722 τῶν
1223 672 1361 739 ἀμφὶ
1389 671 1486 733 τὰς
1517 672 1608 722 νύ-

65 771 190 816 κτας
225 755 486 806 ἐπιόντων
528 754 675 822 αύτῴ
706 755 981 808 λέλεκται·
1020 776 1037 807 ι
1075 759 1145 808 Ού
1192 758 1467 829 φοϐηθήσῃ
1505 759 1609 810 ἀπὸ

66 845 223 912 φέὅου
268 844 614 912 νυκτερινοῦ·
659 863 677 894 ι
713 847 837 914 περὶ
867 847 922 898 δὲ
959 847 1062 899 τῶν
1097 849 1235 917 ἀμφὶ
1277 849 1374 910 τὰς
1402 849 1610 917 ἡμέρας

67 934 220 986 αὑτὸν
268 934 668 1002 πολεμούντων,
710 936 789 997 τὸ,
839 956 856 986 ‹
897 939 1023 989 ’Λπὸ
1073 939 1253 1007 βέλους
1304 942 1608 1008 πετωμένου

73 1025 300 1091 ἡμέρας·
343 1043 359 1072 ι
392 1025 485 1075 καὶ
523 1021 679 1084 αὖθις
707 1026 833 1094 περὶ
868 1028 961 1094 μὲν
988 1027 1091 1078 τῶν
1123 1029 1178 1078 ἐν
1206 1029 1383 1080 νυκτί·
1421 1048 1438 1078 ι
1483 1031 1610 1081 Ἀπὸ

74 1112 384 1181 πράγματος
408 1113 466 1162 ἐν
499 1113 678 1164 σκότει
707 1113 1154 1184 διαπορευομένου
1174 1131 1186 1144 ³
1222 1134 1238 1166 ι
1273 1117 1396 1186 περὶ
1424 1117 1477 1167 δὲ
1505 1115 1608 1168 τῶν

72 1204 121 1252 ἐν
139 1202 320 1270 ἡμέρᾳ
337 1216 349 1228 ·
373 1220 388 1248 ι
415 1201 545 1252 Ἀπὸ
573 1201 969 1271 συμπτώματος
994 1204 1084 1256 καὶ
1106 1204 1374 1274 δαιμονίου
1403 1223 1612 1276 μεσημ-

73 1289 262 1358 ϐρινοῦ.
305 1309 324 1338 ι
378 1286 488 1341 Εἶτ’
537 1292 765 1362 ἐπείπερ
809 1294 865 1344 ἐν
905 1294 980 1361 τῷ
1032 1294 1304 1363 πειράζειν
1360 1296 1610 1364 δυνάμεις

78 1382 292 1451 πονηραὶ
322 1380 582 1433 ὲκύκλουν
612 1382 791 1445 αὑτὸν,
821 1384 911 1434 καὶ
936 1387 988 1435 αἱ
1013 1385 1107 1453 μὲν
1139 1385 1203 1436 τὰ
1232 1385 1375 1450 δεξιὰ
1410 1387 1610 1456 πλευρὰ

78 1476 303 1539 συνεῖχον
338 1469 521 1532 αὐτοῦ,
562 1471 696 1523 πολὺ
724 1472 780 1524 δὲ
815 1473 1023 1536 πλείους
1059 1475 1163 1526 τῶν
1197 1477 1506 1546 ἀριστερῶν,
1538 1478 1611 1538 ὡς

85 1561 140 1612 ἂν
171 1559 553 1631 κρατερώτερα
583 1561 679 1629 μὲν
717 1562 783 1614 τὰ
812 1562 975 1626 δεξιὰ.
1008 1565 1224 1628 εἰκότως
1263 1566 1404 1635 αὐτῷ
1438 1566 1611 1618 ἐπιλέ-

80 1668 261 1716 γεται·
299 1669 316 1700 ι
365 1652 627 1702 Πεσεῖται
674 1653 736 1702 ἐκ
776 1652 865 1704 τοῦ
919 1654 1124 1716 κλῖτους
1169 1673 1257 1708 σου
1301 1656 1470 1724 χιλιὰς
1522 1659 1610 1709 καὶ

81 1738 262 1810 μυριὰς
293 1741 354 1791 ἐκ
383 1739 578 1806 δεξιῶν
605 1759 700 1794 σου
718 1761 729 1772 ·
765 1742 896 1812 προς
921 1745 978 1796 σὲ
1003 1745 1056 1796 δὲ
1077 1746 1171 1795 ούκ
1199 1747 1381 1812 ἐγγιεῖ.
1402 1765 1417 1795 ι
1453 1747 1611 1798 (Κλί-

84 1846 192 1891 τους
234 1848 252 1880 ι
291 1830 407 1881 ἀντὶ
428 1829 522 1881 τοῦ
551 1831 835 1901 ἀριστεροῦ
859 1832 1253 1902 ὠνομασμένον),
1282 1835 1612 1903 παρασεσιω-

87 1916 302 1985 πημὲνου
337 1916 390 1968 δὲ
414 1918 638 1981 εἰκότως
661 1919 1031 1989 τοῦρνόματος
1071 1920 1160 1973 τοῦ
1193 1922 1491 1991 ἀριστεροῦ,
1536 1922 1612 1990 τῷ

87 2008 230 2078 μηδὲν
255 2009 458 2071 σκαιὸν,
496 2009 630 2078 μηδέ
662 2010 942 2078 ἀριστερὸν
981 2009 1317 2079 εὑρίσκεσθαι
1359 2012 1415 2061 ἐν
1446 2010 1606 2079 αὐτῷ.

88 2099 180 2149 Καὶ
209 2098 387 2168 ἐπειδὴ
419 2099 514 2168 ὅλη
546 2098 760 2168 μυριὰς.
796 2099 928 2168 ὁμοῦ
957 2099 1011 2150 δὲ
1040 2099 1130 2150 καὶ
1164 2099 1332 2167 χιλιὰς
1357 2099 1418 2150 ἐκ
1441 2117 1497 2151 τε
1519 2099 1611 2151 τοῦ

90 2188 275 2249 κλίτους
309 2187 472 2241 αὐτοῦ
504 2189 600 2240 καὶ
635 2189 742 2240 ἀπὸ
771 2189 875 2240 τῶν
912 2188 1093 2251 δεξιῶν
1130 2189 1400 2240 πεσεῖσθαι
1430 2189 1611 2256 λέγον-

89 2293 180 2337 ται,
210 2277 428 2340 εἰκότως
462 2278 555 2330 ἐπὶ
591 2277 798 2339 τούτοις
837 2278 961 2346 ἐξῆς
1001 2279 1239 2346 εἴρηται·
1276 2296 1293 2327 ι
1332 2278 1472 2347 Πλὴν
1503 2282 1613 2340 τοῖς

91 2364 354 2434 (φθαλμτλς
399 2382 490 2418 σου
539 2368 910 2436 κατανοήσεις,
945 2367 1034 2419 καὶ
1068 2367 1405 2420 ἀνταπόδοσιν
1449 2369 1616 2437 ἁμαρ-

90 2455 247 2506 τωλῶν
294 2455 434 2522 θύνει.
483 2476 499 2506 ι
540 2456 649 2507 Καὶ
693 2456 840 2507 ἕσται
904 2455 1103 2517 ταῦτα,
1163 2458 1310 2526 φησι,
1389 2457 1511 2525 περὶ
1555 2458 1613 2508 σὲ

93 2543 165 2596 τόν
197 2544 419 2614 Χριστὸν
440 2546 532 2598 τοῦ
547 2545 702 2608 Θεοῦ,
730 2565 746 2595 ι
774 2547 1060 2615 ἐπειδήπερ
1083 2547 1143 2598 σὺ
1167 2566 1183 2596 ι
1209 2547 1382 2609 αὐτὸς,
1416 2542 1459 2597 ὦ
1493 2545 1604 2599 Κύ-

95 2625 179 2704 ριε,
204 2635 256 2697 ὃς
283 2637 565 2704 τυγχάνεις
586 2636 659 2686 ὢν
744 2655 760 2683 ι
793 2636 896 2705 ἐμὴ
931 2635 1097 2696 ἐλπὶς,
1121 2636 1207 2687 τὸν
1231 2635 1481 2703 ’Ὕψιστον
1495 2635 1612 2687 ἔθου

95 2727 380 2795 καταφυγήν
416 2742 528 2778 σου.
563 2744 579 2773 ι
615 2724 779 2776 Ἔνθα
814 2727 904 2776 καὶ
930 2726 1252 2794 ἐπιστήσεις,
1281 2724 1397 2776 τίνα
1422 2725 1612 2795 τρόπον

94 2811 394 2882 ὀπροφήτης
441 2814 577 2884 πρὸς
622 2813 780 2865 αὑτὸν
829 2814 917 2865 τὸν
962 2813 1158 2882 Κύριόν
1200 2830 1390 2883 φησιν’
1433 2833 1452 2863 ι
1497 2814 1612 2865 Ὅτι

100 2902 167 2960 σὺ,
190 2902 346 2971 Κύριε
381 2903 539 2963 ἐλπίς
584 2920 706 2972 μου,
743 2903 833 2954 τὸν
863 2902 1114 2970 Ὕψιστον
1153 2903 1271 2955 ἔθου
1304 2905 1611 2973 καταφυγήν

99 3003 191 3050 σου,
223 3010 238 3040 ι
274 2990 490 3059 διαιρῶν
521 2988 761 3058 ἀκριϐῶς
790 2989 970 3058 ἕτερον
1001 2990 1140 3054 ἰδίως
1171 2991 1384 3060 Κύριον,
1414 2993 1502 3043 καὶ
1527 2992 1612 3043 τὸν

99 3079 256 3130 τούτου
281 3081 491 3148 Πατέρα
537 3080 667 3131 Θεὸν
713 3078 930 3146 ὕψιστον
952 3095 964 3107 ⁸
999 3079 1075 3130 διὸ
1106 3080 1394 3149 ἐπειδήπερ
1434 3080 1610 3140 αὑτὸν,

100 3170 160 3232 ὼς
196 3173 400 3241 Πατέρα
441 3173 534 3223 καὶ
575 3171 705 3222 Θεὸν
749 3169 964 3236 ὕψιστον
1014 3169 1324 3237 καταφυγὴν
1368 3169 1553 3220 ἑαυτοῦ
1585 3171 1611 3220 ὁ

103 3259 296 3328 Χριστὸς
321 3261 576 3323 τέθειται,
608 3259 854 3311 λέλεκται
880 3257 1023 3327 αὐτῷ
1064 3258 1141 3318 τὸ,
1178 3276 1194 3306 ι
1233 3258 1302 3309 Ού
1340 3257 1613 3326 προσελεύ-

105 3365 228 3402 σεται
256 3351 384 3420 πρὸς
415 3351 474 3402 σὲ
506 3350 672 3412 κακὰ,
701 3351 812 3400 και
835 3347 1026 3418 μάστιξ
1054 3348 1151 3398 οὐκ
1177 3349 1346 3414 ἐγγιεῖ
1378 3348 1451 3417 τῷ
1487 3365 1614 3418 σκη-

102 3435 277 3508 νώματί
303 3455 412 3491 σου.
439 3439 556 3490 Ὅτι
582 3441 693 3499 τοῖς
722 3435 968 3503 ἀγγέλοις
999 3433 1157 3486 αὑτοῦ
1183 3434 1467 3486 ἐντελεῖται
1491 3437 1613 3505 περὶ

105 3528 200 3589 σοῦ,
228 3528 310 3580 τοῦ
355 3526 675 3596 διαφυλάξαι
727 3542 784 3577 σε
826 3527 881 3576 ἐν
931 3526 1125 3584 πάσαις
1169 3526 1281 3586 ταῖς
1326 3523 1460 3585 ὁδοῖς
1499 3541 1609 3577 σου.

113 3615 213 3669 Ἐπὶ
239 3617 428 3688 χειρῶν
466 3616 656 3687 ἀροῦσί
683 3631 762 3677 σε,
796 3615 998 3684 μήποτε
1041 3612 1345 3682 προσκόψῃς
1385 3612 1516 3682 πρὸς
1541 3613 1615 3664 λί-

107 3707 176 3759 θον
199 3710 278 3762 τὸν
309 3710 444 3762 πόδα
467 3725 582 3761 σου.
615 3727 633 3756 ι
670 3707 780 3758 Καὶ
807 3702 1074 3771 ἐπιμελῶς
1100 3718 1160 3768 γε
1181 3703 1330 3770 τήρει
1359 3701 1472 3752 τίνα
1499 3701 1613 3771 τρό-

108 3811 184 3846 πον
210 3799 260 3848 ὲν
297 3797 399 3866 τῷ,
445 3815 462 3845 ι
502 3798 622 3846 Ὅτι
660 3794 744 3854 σὺ,
779 3789 946 3860 Κύριε
990 3789 1138 3850 ἐλπίς
1182 3805 1303 3856 μου,
1345 3787 1431 3840 τὸν
1460 3788 1614 3856 Ὕψι-

109 3901 206 3938 στον
246 3887 359 3940 ἕῡου
398 3885 712 3954 καταφυγήν
760 3899 872 3948 σου,
905 3899 922 3931 ι
951 3879 1038 3938 τὸ,
1071 3899 1087 3929 ι
1121 3878 1305 3948 Κύριε.
1339 3897 1356 3927 ›
1408 3878 1495 3930 διὰ
1521 3879 1610 3931 τοῦ

106 3980 489 4049 τετραγράμμου
542 3976 798 4044 ὀνόματος
833 3974 889 4024 ἐν
937 3969 1011 4038 τῷ
1066 3968 1323 4039 Ἑϐραῖκῴ
1373 3969 1610 4038 φέρεται,

106 4064 216 4136 ὅπερ
254 4067 623 4135 ανεκφώνητον
664 4060 800 4115 εἶναι
832 4060 1072 4127 λέγοντες
1115 4059 1366 4128 Ἐϐραίων
1408 4059 1610 4122 παῖδες,

108 4157 180 4207 ἐπὶ
205 4159 349 4226 μόνου
380 4157 468 4209 τοῦ
503 4154 638 4208 Θεοῦ
673 4149 1110 4222 παραλαμϐάνειν
1154 4148 1424 4200 εἰώθασιν·
1457 4151 1610 4217 ἡμεῖς

106 4245 152 4297 δὲ
177 4249 258 4298 καὶ
283 4249 369 4300 ἐπὶ
399 4249 493 4316 τῆς
523 4244 614 4298 τοῦ
655 4244 824 4309 Λόγου
864 4240 1106 4308 θεότητος
1130 4239 1184 4288 ἐν
1204 4237 1472 4300 πλείσταις
1500 4238 1609 4289 κεί-

113 4351 243 4401 μενον
284 4337 518 4407 Γραφαῖς
562 4329 1041 4403 προαπεδείξαμεν,
1076 4328 1258 4395 ὥσπερ
1311 4328 1399 4378 καὶ
1441 4329 1497 4378 ἐν
1538 4327 1613 4395 τῷ

1713 597 1730 628 ι
1764 577 1897 642 Quid
1929 575 2084 628 nobis
2104 578 2153 624 et
2180 573 2276 628 tibi
2305 575 2430 632 Jesu
2453 617 2467 642 ,
2507 579 2605 632 Fili
2639 580 2728 635 Dei
2759 584 2804 612 “
2829 583 2851 634 ?
2877 603 2893 634 ι
2927 582 3044 636 ilazc
3079 583 3240 652 igitur

1712 668 1777 719 de
1809 667 1892 720 his
1928 666 2069 718 dicta
2114 676 2261 718 sum.
2295 666 2424 731 Quae
2471 684 2594 722 vero
2639 670 2890 738 deinceps
2935 673 2987 724 in
3033 675 3238 740 psalmo

1712 765 2028 824 sequuntur,
2057 753 2119 806 ad
2147 755 2320 822 ipsum
2350 757 2616 810 Christum
2648 759 2991 812 enuntiantur
3019 777 3081 814 ex
3111 763 3236 817 illo:

1716 865 1732 895 ι
1770 845 1825 898 In
1877 845 2110 913 scapulis
2160 845 2274 898 suis
2322 847 2661 899 obnmbrahit
2709 848 2834 909 tibi,
2879 867 2895 896 ι
2929 850 3236 904 Altissimus

1712 937 1952 989 rideliret
1974 975 1987 996 ,
2020 954 2036 984 ι
2065 942 2118 988 et
2145 937 2244 988 sub
2271 937 2366 988 alis
2395 936 2510 1003 ejus
2538 935 2804 1004 sperabis,
2833 945 2983 990 scuto
3009 939 3236 991 circum-

1709 1024 1854 1076 dabit
1901 1034 1965 1077 te
1991 1026 2186 1078 veritas
2223 1029 2340 1091 ejus
2364 1065 2377 1086 ,
2412 1046 2429 1076 ι
2452 1035 2502 1079 et
2531 1027 2781 1094 quoniam
2823 1027 3010 1079 diebus
3041 1043 3104 1079 ιι
3134 1045 3233 1081 no-

1711 1114 1992 1180 ctibusijue
2025 1113 2242 1166 totidem
2281 1123 2513 1168 tentatus
2547 1123 2660 1177 est,
2693 1116 2758 1168 de
2791 1115 2854 1168 iis
2887 1118 3100 1183 quidem
3140 1121 3228 1184 qui

1708 1211 1868 1255 noctu
1896 1204 2040 1256 illum
2068 1201 2406 1264 invadebant,
2431 1203 2628 1256 dictum
2655 1213 2735 1256 est
2759 1203 2822 1255 ad
2851 1205 3057 1272 ipsum:
3082 1223 3098 1252 ι
3124 1205 3238 1260 Non

1710 1292 1927 1345 timebis
1957 1309 1984 1342 a
2016 1293 2204 1344 timore
2237 1301 2498 1345 nocturno
2525 1310 2537 1357 ;
2572 1312 2588 1343 ι
2615 1292 2679 1346 de
2716 1293 2780 1346 iis
2810 1309 2934 1346 vero
2964 1294 3054 1361 qui
3085 1310 3234 1347 eum-

1709 1381 1824 1434 dem
1858 1398 1949 1449 per
1978 1383 2116 1435 diem
2148 1384 2524 1450 oppugnabant
2545 1421 2558 1444 ,
2593 1382 2721 1434 illud
2752 1403 2764 1435 :
2804 1401 2820 1431 ι
2854 1383 2896 1434 Λ
2927 1385 3115 1452 sagitta
3148 1400 3240 1436 ro-

1708 1473 1850 1525 lante
1889 1472 1940 1523 in
1977 1471 2062 1525 die
2087 1489 2101 1537 ;
2128 1492 2144 1521 ι
2172 1474 2294 1526 item
2335 1474 2400 1526 de
2437 1473 2714 1526 nocturnis
2760 1473 2898 1535 illis,
2945 1473 3073 1525 illud
3103 1493 3113 1526 :
3144 1493 3162 1524 ι
3196 1476 3239 1526 Α

1709 1561 1923 1629 negotio
1950 1562 2354 1629 perambulante
2381 1564 2433 1615 in
2462 1563 2730 1626 tenebris;
2758 1581 2775 1612 ι
2797 1563 2861 1616 de
2884 1562 3090 1617 diurnis
3114 1581 3238 1618 vero

1710 1651 1835 1702 illud
1863 1670 1874 1703 :
1905 1670 1922 1700 ι
1958 1651 2039 1703 ΑΙ)
2071 1652 2286 1705 incursu
2317 1662 2368 1705 et
2394 1651 2654 1704 daemonio
2685 1652 3001 1706 meridiano.
3037 1673 3054 1704 ›
3080 1654 3238 1724 ﬁas

1709 1740 1785 1792 Ad
1829 1741 1959 1804 hinc,
1999 1743 2249 1809 quoniam
2286 1741 2409 1794 dum
2450 1741 2775 1803 tentabatur,
2811 1742 3055 1810 maligna:
3090 1750 3240 1811 pote-

1711 1836 1874 1884 states
1901 1832 2044 1883 ilium
2071 1831 2488 1885 circumstabant
2507 1870 2521 1891 ,
2545 1839 2596 1884 et
2623 1848 2738 1899 qua:
2764 1831 2973 1899 quidem
3002 1834 3144 1886 illius
3170 1833 3238 1886 la-

1709 1925 1796 1973 tus
1820 1919 2063 1973 dextrum
2092 1920 2378 1986 stipabant,
2402 1919 2635 1973 sinistris
2660 1921 2823 1971 multo
2849 1921 3026 1986 plures
3050 1929 3201 1973 erant
3219 1959 3236 1984 ,

1710 2017 1889 2078 utpote
1934 2026 2053 2064 cum
2099 2010 2282 2064 dextra
2325 2010 2478 2078 longe
2528 2010 2634 2062 sint
2671 2011 2996 2071 valentiora,
3045 2012 3237 2064 merito

1709 2098 2015 2166 adjungitur
2030 2098 2094 2150 ad
2124 2097 2367 2151 eumdem
2391 2116 2403 2149 :
2429 2115 2447 2147 ι
2476 2095 2676 2150 Cadent
2703 2113 2730 2150 ο
2763 2098 2925 2151 latere
2953 2105 3042 2150 tuo
3073 2098 3234 2159 mille,

1710 2195 1763 2241 et
1795 2187 1974 2240 decem
2006 2186 2168 2238 millia
2201 2200 2229 2237 a
2259 2185 2460 2239 dextris
2486 2185 2591 2238 tuis
2614 2225 2628 2245 ,
2653 2187 2713 2237 ad
2742 2194 2790 2239 te
2813 2196 2986 2240 autem
3011 2202 3114 2239 non
3146 2202 3239 2255 ap-

1710 2275 2106 2344 propinquabit.
2133 2293 2150 2325 ο
2177 2273 2277 2326 Ubi
2319 2291 2335 2322 ι
2362 2289 2390 2326 a
2435 2275 2597 2327 latere
2628 2293 2646 2324 ι
2675 2275 2876 2326 dictum
2917 2282 3021 2340 est,
3052 2290 3148 2342 pro
3174 2290 3238 2328 eo

1709 2362 1850 2430 quod
1874 2369 1950 2413 est
1981 2377 2010 2413 a
2038 2361 2278 2416 sinistro.
2308 2361 2440 2413 Cum
2473 2373 2645 2414 autem
2674 2377 2864 2415 nomen
2892 2362 3099 2414 sinistri
3128 2377 3238 2414 me-

1710 2453 1815 2505 rito
1839 2452 2257 2520 praetermissum
2290 2451 2360 2504 sit
2391 2466 2452 2503 ae
2481 2452 2733 2513 tacitum,
2760 2467 2825 2504 ne
2856 2451 3064 2505 adversi
3090 2452 3240 2517 quiil-

1710 2542 1848 2610 piam
1881 2549 1973 2593 aut
2008 2542 2214 2594 sinistri
2252 2541 2304 2593 in
2338 2542 2426 2594 illo
2460 2541 2676 2610 reperiri
2714 2541 2977 2601 rideatur,
3010 2556 3240 2610 cumque

1711 2638 1820 2683 tota
1851 2630 2032 2683 decem
2065 2630 2225 2682 millia
2248 2668 2262 2688 ,
2293 2645 2497 2682 necnon
2529 2631 2640 2698 ipsa
2673 2631 2846 2692 mille,
2879 2638 2992 2683 tutr.
3019 2645 3048 2684 τι
3074 2630 3238 2685 latere

1709 2721 1826 2786 ejus
1846 2759 1859 2780 ,
1889 2727 1997 2770 tum
2027 2735 2054 2770 a
2080 2719 2284 2772 dextris
2310 2733 2500 2771 casura
2525 2734 2644 2773 esse
2671 2719 2939 2784 dicantur,
2966 2719 3085 2785 jure
3109 2720 3242 2788 opti-

1710 2823 1797 2860 mo
1836 2815 1954 2875 post
1985 2808 2098 2875 ipsa
2131 2807 2241 2860 haze
2267 2808 2520 2875 deinceps
2553 2808 2751 2859 dictum
2783 2817 2864 2862 est
2898 2808 3026 2860 illud
3054 2828 3065 2860 :
3093 2828 3110 2859 ι
3140 2807 3240 2863 Ve-

1710 2906 2006 2951 rumtamen
2046 2899 2216 2952 oculis
2252 2898 2358 2951 tuis
2400 2898 2799 2958 considerabis,
2849 2905 2902 2952 et
2934 2899 3242 2952 retributio-

1713 3003 1828 3040 nem
1864 2999 2201 3054 peccatorum
2237 2987 2460 3040 ridebis.
2490 3007 2507 3036 ι
2535 2986 2597 3039 Et
2626 2988 2737 3041 inec
2758 3027 2771 3050 ,
2801 2988 3010 3056 inquit,
3039 2989 3241 3041 circum

1713 3083 1764 3130 te
1791 3083 1977 3138 erunt,
2008 3077 2100 3144 qui
2128 3092 2186 3130 es
2212 3076 2462 3130 Christus
2489 3076 2614 3137 Dei,
2645 3098 2661 3126 ι
2687 3079 2940 3146 quoniam
2967 3085 3022 3130 tu
3045 3098 3062 3128 ι
3088 3079 3201 3145 ipse
3223 3117 3238 3140 .

1717 3168 1806 3232 qui
1855 3183 1911 3220 es
1949 3187 1966 3215 ι
1998 3181 2120 3234 spes
2169 3181 2316 3227 mea,
2351 3166 2683 3219 Altissimum
2718 3168 2940 3233 posuisti
2980 3165 3240 3235 refugium

1717 3264 1885 3309 tuum.
1919 3254 2059 3308 iUbi
2113 3257 2273 3307 etiam
2329 3256 2610 3324 diligenter
2655 3255 2965 3308 obsenahis
3010 3271 3241 3323 quonam

1715 3353 1870 3414 pacto
1902 3345 2156 3413 prephela
2196 3343 2262 3397 ad
2305 3345 2477 3412 ipsum
2528 3343 2804 3395 Dominum
2837 3344 2978 3396 dicat
3005 3364 3016 3397 :
3049 3362 3066 3394 ι
3099 3346 3244 3409 Quo-

1716 3436 1854 3487 niam
1875 3441 1927 3485 ιιι
1985 3432 2356 3500 Dotniric,spes
2393 3447 2527 3495 mea,
2554 3432 2881 3485 Altissimnin
2910 3435 3128 3499 posuisti
3157 3447 3243 3487 re-

1718 3522 1920 3592 fugium
1952 3531 2137 3577 tuum:
2173 3540 2190 3572 ι
2227 3521 2313 3574 ubi
2343 3521 2606 3589 exquisite
2640 3522 2865 3574 alterum
2888 3560 2901 3581 ,
2935 3521 3024 3589 qui
3064 3522 3242 3588 priva-

1715 3615 1810 3666 tim
1844 3619 1926 3666 est
1954 3611 2242 3673 Dominus,
2277 3611 2343 3663 ab
2373 3613 2539 3664 altero
2572 3611 2850 3678 distinguit
2883 3613 2972 3690 qui
3004 3618 3055 3664 et
3083 3611 3242 3679 hujus

1719 3704 1886 3772 ipsius
1916 3710 1998 3757 est
2033 3701 2215 3764 Pater,
2245 3711 2296 3755 et
2326 3710 2580 3770 praeterea
2606 3699 2740 3754 Deus
2781 3701 3074 3755 altissimus
3111 3701 3244 3755 dici-

1718 3803 1839 3848 tur:
1891 3802 2234 3863 quapmpter,
2283 3808 2402 3846 cum
2451 3793 2598 3845 illum
2647 3800 2708 3845 ut
2770 3790 3020 3851 Patrem,
3079 3803 3242 3860 utque

1718 3883 1880 3937 Deum
1920 3883 2238 3937 altissimum
2264 3921 2279 3944 ,
2321 3881 2581 3950 refugium
2626 3896 2819 3942 suum,
2856 3880 3101 3935 Christus
3142 3897 3242 3951 po-

1718 3973 1914 4034 suerit,
1951 3973 2150 4025 dictum
2189 3978 2272 4024 est
2309 3974 2357 4024 ei
2405 3969 2532 4024 illud
2563 3989 2573 4023 :
2602 3988 2618 4019 (
2646 3968 2761 4022 Non
2795 3971 3048 4023 accedent
3087 3969 3153 4023 ad
3189 3976 3242 4023 te

1716 4060 1852 4112 mala
1874 4097 1886 4115 ,
1916 4065 1967 4110 et
1997 4057 2260 4125 flagellum
2289 4072 2395 4110 non
2424 4057 2870 4126 appropinquabit
2899 4058 3242 4111 tabernaculo

1717 4157 1826 4199 tuo.
1861 4147 2121 4212 Quoniam
2155 4148 2356 4214 angelis
2388 4148 2500 4200 suis
2531 4147 2801 4199 mandabit
2829 4147 2894 4201 de
2923 4157 2970 4201 te
2991 4187 3003 4209 ,
3045 4154 3102 4198 ut
3147 4162 3242 4199 cu-

1717 4237 1946 4290 stodiant
1980 4245 2029 4290 te
2061 4237 2111 4288 in
2140 4238 2387 4290 omnibus
2414 4239 2512 4289 riis
2538 4237 2662 4290 tuis.
2698 4236 2749 4288 In
2781 4238 3023 4290 manilms
3054 4244 3233 4304 porta-

1713 4326 1845 4378 bunt
1869 4334 1948 4387 te,
1973 4341 2038 4378 ne
2063 4326 2198 4377 forte
2219 4324 2456 4378 offendas
2480 4324 2544 4376 ad
2571 4324 2792 4392 lapidem
2820 4325 3004 4393 pedem
3031 4333 3234 4378 tuum.»

115 4424 226 4490 μετᾶ
257 4429 434 4496 χεῖρας
479 4421 696 4492 ψαλμῷ,
731 4421 788 4482 ὅς
831 4435 990 4488 φησιν
1018 4418 1095 4478 είς
1139 4417 1416 4486 πρόσωπον
1454 4415 1612 4468 αὑτοῦ

1716 4414 1779 4467 Ει
1808 4431 1937 4470 sane
1966 4417 2248 4485 diligenter
2281 4416 2507 4471 observa
2538 4430 2766 4484 quonam
2799 4416 2958 4467 modo
2978 4455 2990 4476 ,
3025 4417 3077 4476 in
3110 4416 3234 4470 illo:

111 4514 184 4567 τοῦ
217 4517 440 4587 Κυρίου·
483 4533 500 4565 ι
543 4515 662 4566 Ὅτι
696 4511 780 4572 σὺ,
810 4508 977 4576 Κύριε
1004 4505 1151 4568 ἐλπίς
1194 4523 1311 4574 μου,
1345 4506 1431 4556 τὸν
1464 4505 1620 4573 Ὕψι-

114 4618 214 4656 στον
241 4605 354 4659 ἔθου
396 4605 714 4674 καταφυγήν
745 4619 835 4654 σου
857 4617 869 4630 '
916 4619 934 4650 ι
966 4599 1239 4667 μονονουχὶ
1264 4597 1459 4664 λέγων·
1498 4597 1617 4650 Ὅτι

116 4693 167 4743 σὺ
199 4696 364 4760 αὐτὸς,
393 4691 436 4749 ὦ
467 4697 657 4766 Κύριε,
690 4692 749 4754 ὃς
782 4689 914 4760 ἐμοῦ
938 4687 1030 4740 τοῦ
1073 4687 1241 4739 ταῦτα
1271 4685 1620 4755 προφητεύον-

115 4797 186 4842 τος
209 4784 350 4850 ἐλπὶς
375 4787 446 4840 ὢν
474 4785 777 4856 τυγχάνεις,
810 4778 1026 4850 μείζονα
1061 4776 1250 4829 σαυτοῦ
1271 4777 1359 4828 τὸν
1383 4775 1510 4827 Θεὸν
1529 4774 1617 4826 τὸν

119 4867 306 4937 ὕψιστον
334 4875 479 4938 εἰδὼς
524 4877 748 4934 ἐκεῖνον,
789 4868 945 4922 αὑτὸν
989 4866 1108 4918 ἔθου
1145 4865 1454 4932 καταφυγήν
1495 4878 1614 4915 σουσ

119 4957 217 5014 ὅθεν
250 4965 337 5017 καὶ
366 4968 420 5018 ἐν
461 4967 599 5035 ἀρχῇ
637 4961 852 5026 ἐλέγετο
879 4955 972 5009 τοῦ
1001 4952 1211 5023 ψαλμοῦ
1244 4953 1366 5023 περὶ
1401 4953 1492 5005 τοῦ
1529 4953 1618 5005 αὑ-

122 5047 223 5100 τοῦ·
268 5073 282 5104 ι
318 5055 376 5107 '0
415 5051 677 5108 κατοικῶν
743 5052 801 5108 ἐν
851 5044 1066 5115 βοηθείᾳ
1106 5041 1198 5094 τοῦ
1236 5042 1504 5110 Ὑψίστου,
1559 5044 1616 5094 ἐν

126 5139 270 5212 σκέπῃ
311 5144 400 5197 τοῦ
440 5145 570 5198 Θεοῦ
619 5137 846 5211 οὐρανοῦ
892 5133 1286 5200 αύλισθήσεται.
1349 5132 1488 5200 Ἐρεῖ
1539 5130 1616 5200 τῷ

126 5228 308 5300 Rupit-9'
352 5236 708 5305 Ἀντιλήπτωρ
752 5245 850 5299 μου
879 5222 930 5278 εἷ
975 5225 1066 5274 καὶ
1101 5221 1378 5289 καταφυγή
1428 5237 1544 5288 μου,
1589 5223 1616 5273 ὁ

125 5319 230 5383 θεός
261 5339 372 5390 μου,
404 5325 582 5394 βοηθός
619 5338 741 5392 μου,
772 5318 866 5369 καὶ
899 5309 1064 5365 ἐλπιῶ
1091 5310 1177 5359 ἐπ’
1203 5308 1376 5362 αὐτόν,
1409 5307 1614 5378 Ἐπειδὴ

128 5408 270 5463 τοίνυν
315 5416 396 5477 σὺ,
428 5411 469 5468 ὣ
501 5415 692 5483 Κύριε,
733 5409 820 5460 τὸν
856 5404 1112 5470 ’Ὕψιστον
1157 5399 1272 5450 ἔθου
1309 5400 1614 5468 καταφυγήν

134 5513 223 5559 σου,
248 5521 264 5552 ι
281 5505 454 5557 τούτου
483 5507 637 5573 γάριν
667 5497 825 5558 αὐτὸς
841 5498 870 5546 ὁ
895 5493 1173 5559 “rdine;
1193 5489 1372 5558 φησ“ι,ι
1398 5487 1612 5556 ῥύσεταί

190 5672 224 5703 ’δ
256 5676 420 5733 Matth.
455 5697 580 5739 vui.
615 5679 698 5729 29.

1720 4525 1737 4556 ι
1769 4505 2026 4568 Quoniam
2059 4516 2134 4572 tu,
2166 4505 2386 4559 Domine
2445 4520 2566 4572 spes
2597 4519 2733 4564 mea,
2783 4503 3111 4557 Altissiumm
3147 4521 3240 4573 po-

1718 4591 1873 4646 suisti
1909 4591 2174 4661 refugium
2214 4601 2385 4657 tuum;
2416 4612 2432 4642 ι
2463 4591 2590 4645 illud
2627 4610 2637 4644 ε
2671 4609 2686 4639 ι
2720 4589 2968 4651 Domine,
3001 4609 3018 4639 ι
3054 4605 3147 4656 per
3188 4591 3266 4652 id,

1716 4697 1907 4736 nomen
1940 4683 2080 4750 quod
2112 4691 2340 4751 quatuor
2374 4683 2564 4736 litteris
2599 4687 2840 4738 constat,
2883 4679 2934 4730 in
2976 4677 3238 4730 llebraico

1718 4773 1974 4837 scriptum
2008 4771 2106 4835 sit,
2147 4772 2289 4838 quod
2322 4787 2442 4823 cum
2484 4767 2865 4823 inenuntiabile
2903 4783 3020 4820 esse
3059 4767 3238 4819 dicant

1717 4859 1943 4918 Hebraai,
1975 4874 2073 4926 pro
2104 4860 2219 4913 solo
2251 4859 2356 4913 Deo
2384 4868 2436 4913 et
2465 4857 2622 4910 Patre
2653 4872 2909 4924 usurpare
2937 4871 3230 4909 consueve-

1716 4957 1875 5015 runt;
1916 4963 2013 5002 nos
2048 4955 2226 5000 autem
2268 4947 2406 5000 idem
2447 4959 2638 4998 nomen
2681 4943 2769 4995 ubi
2809 4944 2874 4996 de
2911 4941 3066 4997 Verbi
3106 4959 3239 5012 quo-

1716 5055 1820 5110 que
1869 5038 2148 5091 divinitate
2201 5037 2393 5104 agitur,
2448 5035 2502 5087 in
2552 5033 2797 5102 plurimis
2846 5035 3072 5100 positum
3119 5049 3240 5088 esse

1719 5127 2013 5197 Scripturis
2051 5133 2208 5178 antea
2247 5122 2732 5176 demonstravimus
2758 5163 2772 5185 ,
2815 5130 2873 5173 ut
2913 5123 3036 5175 item
3075 5122 3127 5174 in
3174 5139 3236 5175 eo

1717 5220 1921 5289 psalmo
1954 5218 2043 5286 qui
2080 5229 2224 5269 nunc
2255 5216 2308 5267 in
2349 5214 2596 5266 manibus
2624 5221 2740 5276 est,
2773 5213 2864 5281 qui
2905 5215 2978 5266 ait
3004 5214 3070 5266 'in
3116 5229 3235 5283 per-

1718 5323 1903 5362 sonam
1956 5305 2125 5375 ipsius
2178 5304 2388 5356 Domini
2456 5321 2518 5357 ιι
2553 5302 2818 5367 Quoniam
2867 5311 2962 5365 tu,
3016 5302 3256 5362 Domine.

1717 5411 1840 5467 spes
1886 5411 2022 5457 mea,
2063 5395 2392 5448 Altissimum
2431 5391 2654 5462 posuisti
2691 5391 2954 5460 refugium
2992 5401 3177 5457 tuum,
3211 5411 3232 5446 υ

1716 5497 1970 5558 tanquam
2000 5486 2048 5543 si
2082 5487 2320 5541 diceret:
2353 5483 2616 5549 Quoniam
2645 5490 2703 5538 ιιι
2735 5483 2879 5553 ipse,
2910 5498 2943 5538 ο
2976 5483 3198 5540 Domine
3218 5522 3234 5548 ,
