3740 6322
523 357 624 410 679

1118 353 1381 410 EUSEBII
1416 356 1883 414 CIESARIENSIS
1918 359 2066 416 OPP.
2110 360 2301 415 PARS.
2331 358 2394 414 11.
2429 390 2495 401 -
2532 355 3036 414 APOLOGETICA.

3595 358 3681 412 680

520 464 614 532 qui
652 476 767 515 mea
805 477 927 531 spes
957 477 1016 516 es
1046 464 1339 521 divinantis
1368 470 1512 536 hmo;
1544 471 1693 524 illum
1728 486 1758 523 a
1789 485 1897 540 quo
1928 471 2018 541 ips«

2141 491 2197 526 σε
2236 474 2297 526 ἐκ
2334 473 2554 541 παγίδος
2576 471 2851 541 θηρευτῶν
2878 474 2980 527 καὶ
3014 471 3128 524 ἀπὸ
3154 470 3314 537 λόγου
3345 468 3678 540 ταραχώδους,

518 565 579 606 es
640 549 803 604 Deum
861 550 1183 606 altissimum
1234 557 1417 622 nosti,
1455 565 1509 611 et
1545 558 1692 612 hunc
1730 560 1906 628 ipsum
1952 575 2047 628 po-

519 640 674 694 suisti
711 639 976 710 refugium
1016 650 1166 696 tuum
1191 685 1206 711 ,
1244 661 1307 699 ex
1342 661 1450 715 quo
1487 648 1647 702 etiam
1686 649 1742 702 in
1781 650 2046 720 principio

517 728 708 797 psalmi
736 727 803 782 de
836 729 1023 783 eodem
1055 733 1335 787 dicebatur
1360 753 1372 787 :
1402 754 1420 785 ι
1443 734 1543 799 Qui
1573 736 1782 790 habitat
1812 738 1867 791 in
1896 740 2046 807 adju-

515 819 657 871 torio
684 817 945 871 Altissimi
969 857 982 881 ,
1015 821 1066 872 in
1096 823 1426 888 proiectione
1458 823 1550 878 Dei
1581 827 1703 880 caeli
1738 840 2044 883 commora-

512 906 675 960 bitur.
706 905 866 977 436
898 907 1045 960 Dicet
1078 908 1337 974 Domino,
1377 921 1657 980 susceptor
1688 930 1841 971 meus
1868 932 1926 972 es
1945 958 1961 986 ,
1989 928 2043 973 et

510 996 777 1066 refugium
827 1012 1037 1061 meum,
1091 999 1230 1055 Deus
1275 1016 1465 1066 meus,
1514 1004 1729 1072 adjutor
1762 1021 1948 1071 meus,
1990 1017 2044 1063 et

510 1088 739 1157 Sperabo
779 1090 831 1142 in
870 1105 1033 1143 eum:
1072 1093 1330 1159 quoniam
1380 1093 1545 1163 igitur
1579 1102 1670 1160 tu,
1707 1112 1740 1151 ο
1779 1096 2005 1154 Domine
2021 1126 2045 1164 ,-

506 1178 843 1232 Altissimum
874 1181 1102 1246 posuisti
1143 1182 1402 1251 refugium
1442 1192 1625 1247 tuum,
1654 1205 1673 1238 ι
1700 1186 1919 1251 idcirco,
1956 1189 2041 1243 in-

505 1268 623 1336 quit
645 1306 659 1329 ,
692 1268 805 1336 ipse
835 1267 1150 1324 Altissimus
1177 1290 1196 1322 ι
1224 1272 1467 1326 liberabit
1500 1281 1552 1327 te
1589 1289 1619 1327 a
1656 1276 1847 1346 laqueo
1875 1294 2039 1333 vena-

504 1365 680 1410 torum
727 1363 778 1409 et
827 1359 895 1411 ab
941 1360 1184 1416 oratione
1226 1363 1568 1428 turbulenta,
1605 1373 1657 1420 et
1697 1368 1750 1420 in
1796 1369 2036 1437 scapulis

502 1447 616 1500 suis
646 1448 984 1502 obumbrabit
1018 1452 1134 1507 tibi.
1167 1471 1185 1503 »
1214 1452 1553 1525 Quapropter
1581 1472 1701 1510 cum
1735 1458 1830 1510 tali
1869 1458 2034 1514 fultus

501 1536 579 1592 sis
617 1544 838 1607 paterno
870 1540 1134 1595 Altissimi
1166 1546 1366 1599 auxilio
1388 1586 1401 1609 ,
1435 1565 1452 1597 ι
1483 1562 1591 1601 non
1634 1547 1847 1603 timebis
1891 1564 1921 1602 a
1965 1551 2035 1603 ti-

500 1642 650 1682 more
677 1638 966 1694 nocturno,
990 1650 1007 1682 ι
1035 1648 1210 1703 neque
1242 1636 1462 1691 omnino
1493 1654 1523 1691 a
1554 1640 1804 1708 quopiam
1843 1656 2031 1695 eorum

499 1732 617 1786 qua:
643 1720 894 1787 praedicta
930 1731 1085 1789 sunt,
1117 1740 1179 1777 ac
1206 1740 1273 1779 ne
1301 1726 1368 1780 ab
1399 1728 1463 1782 iis
1492 1729 1704 1798 quidem
1731 1745 1849 1799 quae.
1878 1731 2032 1785 dein-

2145 565 2235 615 καὶ
2266 566 2320 616 ἐν
2341 566 2447 624 τοῖς
2476 563 2819 632 μεταφρένοις
2846 561 3023 614 αὑτοῦ
3059 557 3373 611 ἐπισκιάσει
3402 574 3500 610 σοι.
3543 577 3560 609 ι
3586 561 3681 613 Διό-

2144 670 2245 724 περ
2271 652 2364 722 τὴν
2393 653 2640 722 τοιαύτην
2671 653 2804 721 ἔχων
2837 649 3123 723 πατρικὴν
3156 647 3253 701 τοῦ
3291 648 3537 715 Ὑψίστου
3581 647 3681 719 βοή-

2144 741 2305 804 θειαν,
2337 743 2396 794 οὐ
2430 742 2703 812 φοϐηθήσῃ
2737 740 2846 793 ἀπὸ
2876 740 3052 808 φόϐου
3080 736 3418 807 νυκτερινοῦ,
3451 735 3569 791 οὒτε
3599 738 3682 791 ἀπό

2139 847 2280 893 τινος
2311 831 2414 883 τῶν
2439 829 3003 902 προκατειλεγμένων,
3039 827 3175 880 ἀλλὰ
3207 827 3333 879 οὐδὲ
3359 829 3425 880 ἐκ
3450 828 3554 880 τῶν
3578 828 3677 898 ἑξῆς

2140 923 2570 993 ἐπιφερομένων*
2628 939 2647 971 ι
2700 920 2853 973 Ἐπεὶ
2904 938 2926 970 ι
2979 919 3094 989 γὰρ
3153 936 3174 968 ι
3223 919 3329 983 σὺ,
3378 917 3567 990 Κύριε,
3610 923 3678 974 τὸν

2142 1011 2396 1079 Ὕψιστον
2428 1011 2547 1064 ἐθου
2596 1011 2920 1081 καταφυγήν
2969 1026 3088 1068 σου,
3120 1009 3213 1062 διὰ
3253 1008 3414 1062 τοῦτο
3455 1011 3516 1061 οὐ
3546 1028 3677 1082 προσ-

2138 1104 2407 1159 ελεύσεται
2432 1106 2565 1176 πρός
2606 1122 2667 1158 σε
2699 1104 2871 1170 κακὰ,
2908 1105 3009 1156 καὶ
3054 1102 3256 1173 μάστιξ
3297 1104 3400 1157 οὐκ
3441 1103 3602 1172 ἐγγιεῖ
3621 1106 3677 1175 τῷ

2140 1192 2447 1263 σκηνώματι
2492 1210 2604 1245 σου.
2650 1211 2669 1243 ›
2715 1193 3016 1258 Μάστιγας
3061 1191 3117 1243 δὲ
3160 1191 3264 1253 τὰς
3308 1191 3418 1243 ἀπὸ
3449 1191 3675 1261 δαιμόνων

2135 1284 2408 1353 ἐνεργείας
2443 1284 2532 1336 καὶ
2562 1284 2621 1336 ἐν
2656 1284 2772 1345 τοῖς
2811 1281 3186 1349 Εὑαγγελίοις
3213 1280 3607 1352 ὀνομαζομένας
3627 1282 3675 1336 ἂν

2133 1369 2328 1441 εὕροις,
2376 1371 2442 1434 ἃς
2483 1371 2604 1423 οὐδὲ
2652 1371 2982 1442 πλησιάζειν
3036 1371 3249 1440 τολμᾷν
3294 1370 3376 1440 τῷ
3406 1371 3674 1443 σκηνώματι

2131 1461 2222 1513 τοῦ
2268 1460 2517 1531 Χριστοῦ,
2557 1462 2802 1514 τουτέστι
2849 1460 2931 1530 τῷ
2977 1460 3200 1531 σώματι
3249 1462 3439 1525 αὐτοῦ,
3487 1462 3672 1525 δυνατὰς

2130 1548 2266 1605 εἶναί
2299 1569 2445 1622 φησι.
2481 1552 2603 1616 Πῶς
2634 1548 2763 1624 γὰρ,
2798 1553 2890 1605 ὅτε
2939 1551 3094 1622 λόγῳ
3131 1553 3299 1622 μόνον
3337 1553 3508 1617 αὐτὰς
3531 1555 3581 1620 ἐξ
3606 1556 3673 1607 ἂν·

2131 1642 2356 1714 θρώπων
2387 1645 2583 1714 ἧλασε;
2616 1644 2750 1714 Περὶ
2781 1644 2978 1697 τούτου
3017 1644 3077 1697 δὲ
3103 1644 3200 1698 τοῦ
3234 1645 3580 1715 σκηνώματκ
3606 1648 3671 1699 καὶ

2128 1741 2156 1791 6
2203 1735 2362 1788 Δαὸίδ
2403 1752 2529 1787 ποτε
2584 1754 2602 1786 ι
2643 1734 2827 1805 ὤμοσε
2874 1736 2956 1807 τῷ
3009 1736 3233 1807 Κυρίῳ,
3271 1738 3369 1790 καὶ⁵
3402 1737 3587 1808 ηὔξατο
3618 1740 3671 1808 τῷ

496 1823 623 1878 ceps
661 1809 967 1866 adduntur:
1010 1829 1133 1867 nam
1177 1834 1195 1866 ι
1226 1818 1477 1883 quoniam
1519 1828 1610 1883 tu,
1649 1819 1892 1886 Domine,
1935 1823 2018 1876 Al-

2131 1822 2241 1893 Θεῷ
2279 1806 2488 1885 Ἰακῗοϐ,
2517 1843 2535 1875 ι
2583 1799 2781 1892 λέγων’
2826 1844 2846 1875 ι
2883 1799 2949 1877 Et
2991 1799 3357 1898 ἀναδήσομαι
3401 1799 3498 1879 ἐπί
3525 1799 3672 1896 κλίνης

493 1899 766 1953 tissimum
812 1903 1041 1970 posuisti
1086 1905 1347 1975 refugium
1392 1917 1539 1962 tuum
1561 1949 1576 1971 ,
1602 1929 1619 1960 ι
1645 1909 1848 1965 idcirco
1876 1930 1895 1963 ι
1918 1927 2023 1966 non

494 1992 749 2046 accedent
793 1993 860 2046 ad
895 2000 949 2047 te
989 1996 1129 2048 mala
1151 2036 1164 2058 ,
1196 2005 1248 2051 et
1295 1997 1560 2067 flagellum
1593 2015 1698 2053 non
1738 2002 2027 2070 appropin-

490 2082 676 2152 quabit
718 2084 1061 2139 tabernaculo
1092 2094 1204 2141 tuo.
1237 2107 1255 2135 ι
1284 2087 1516 2158 Flagella
1556 2104 1719 2158 porro
1757 2091 2024 2145 etlicacias

491 2173 731 2243 ipsorum
764 2175 1065 2230 daemonum
1108 2178 1269 2232 etiam
1318 2178 1371 2232 in
1414 2176 1718 2251 Evangeliis
1756 2182 2022 2235 nominari

489 2264 891 2333 deprehendes,
922 2282 1056 2336 quas
1096 2284 1162 2322 ne
1203 2270 1635 2339 appmpinquare
1671 2273 1887 2341 quidem
1927 2287 2022 2325 au-

488 2355 615 2410 dere
666 2355 886 2411 idoneas
924 2372 1044 2411 esse
1122 2358 1196 2409 ait
1245 2359 1592 2414 tabernaculo
1638 2361 1873 2424 Christi,
1918 2361 2020 2414 hoc

485 2451 569 2497 est
597 2445 809 2512 corpori
841 2445 982 2512 ejus.
1021 2444 1121 2510 Qui
1150 2446 1290 2499 enim
1334 2446 1389 2499 id
1426 2449 1761 2515 potuissent,
1805 2449 2019 2518 quando

487 2534 602 2587 solo
639 2536 804 2588 verbo
845 2549 936 2589 eas
972 2550 1037 2588 ex
1080 2536 1391 2590 hominibus
1434 2540 1766 2606 expellebat?
1809 2540 1875 2593 de
1916 2540 2017 2593 hoc

485 2633 660 2679 autem
695 2625 1068 2687 tabernaculo,
1101 2625 1262 2678 etiam
1303 2625 1467 2679 David
1496 2628 1726 2695 quodam
1771 2629 1824 2680 in
1864 2629 2013 2691 loco,

488 2714 710 2782 «juravit
736 2713 981 2773 Domino,
1000 2722 1052 2767 et
1080 2724 1260 2768 votum
1285 2715 1429 2767 vovit
1463 2713 1568 2768 Deo
1593 2714 1759 2768 Jacob
1787 2717 1888 2777 ⁸³.»
1929 2717 2013 2771 his

481 2804 658 2859 verbis
684 2822 698 2858 :
727 2821 744 2853 ι
771 2801 824 2856 Si
859 2803 1152 2858 ascendere
1184 2804 1237 2856 in
1268 2805 1461 2857 lectum
1498 2805 1650 2857 strati
1680 2806 1815 2868 mei,
1844 2806 1890 2860 si
1920 2808 2014 2861 de-

480 2892 608 2946 dero
637 2904 883 2945 somnum
914 2891 1087 2946 oculis
1115 2891 1278 2956 meis,
1324 2898 1376 2945 et
1406 2891 1674 2960 palpebris
1715 2894 1845 2947 meis
1885 2895 2011 2948 dor-

481 2981 840 3040 irritationem,
887 2986 940 3033 et
977 2978 1216 3047 requiem
1263 2979 1594 3047 temporibus
1634 2979 1805 3042 meis,
1837 2980 2008 3036 donec

2126 1916 2408 1986 στρωμνῆς
2446 1932 2564 1984 μου,
2600 1916 2647 1967 εί
2680 1915 2836 1968 δώσω
2876 1917 3055 1969 ὕπνον
3096 1921 3217 1981 τοῖς
3257 1916 3548 1989 ὀφθαλμοῖς
3578 1937 3667 1989 μου.

2122 2006 2215 2057 καὶ
2244 2008 2355 2068 τοῖς
2402 2005 2685 2076 βλεφάροις
2720 2024 2823 2076 μου
2870 2007 3227 2078 νυσταγμὺν,
3275 2011 3373 2062 καὶ
3417 2010 3670 2064 ἀνάπαυσιν

2120 2097 2229 2157 τοῖς
2273 2096 2559 2164 κροτάφοις
2594 2113 2717 2165 μου,
2753 2096 2862 2158 ἕως
2894 2090 2960 2148 οὗ
3003 2096 3162 2167 εῦρω
3195 2099 3366 2152 τόπον
3396 2100 3473 2170 τῷ
3502 2101 3667 2172 Κυρίῳ,

2122 2187 2379 2256 σκήνωμα
2408 2185 2481 2255 τῷ
2533 2185 2651 2256 Θεῷ
2693 2186 2909 2240 Ἰακώϐ.
2949 2206 2968 2237 ι
3026 2188 3146 2241 Καὶ
3188 2190 3386 2243 τούτου
3439 2207 3498 2258 γε
3544 2192 3669 2244 Even

2118 2276 2208 2329 τοῦ
2245 2277 2591 2348 σκηνώματός
2623 2278 2872 2346 ἐλέγετο·
2914 2299 2933 2330 ι
2970 2281 3051 2333 Οὐ
3083 2281 3382 2355 φοϐηθήσῃ
3418 2284 3518 2337 ἀπὸ
3541 2283 3665 2352 φόϐοι

2115 2370 2445 2439 νυκτερινοῦ,
2490 2388 2508 2420 ι
2541 2372 2634 2422 καὶ
2666 2370 2746 2435 τὸ,
2790 2389 2810 2421 ι
2850 2372 3035 2435 Αὐτὸς
3077 2373 3317 2442 ῥύσεταί
3354 2391 3412 2428 σε
3436 2379 3498 2429 ἐκ
3540 2377 3666 2443 myri-

2111 2454 2198 2518 δος
2223 2457 2497 2527 θηρευτῶν
2531 2461 2625 2512 καὶ
2667 2460 2774 2512 ἀπὸ
2806 2461 2974 2530 λόγου
3000 2465 3393 2536 ταραχώδους,
3438 2486 3456 2518 ι
3494 2469 3574 2521 καὶ
3602 2469 3663 2527 τὸ,

2118 2562 2137 2595 ι
2168 2546 2239 2597 Οὐ
2275 2548 2686 2617 προσελεύσεται
2720 2544 2859 2621 πρὸς
2902 2552 2967 2604 σε
3016 2556 3199 2619 κακὰ,
3244 2560 3341 2611 καὶ
3375 2558 3556 2628 μάστιξ
3592 2557 3664 2631 οὐκ

2111 2636 2280 2702 ἐγγιεῖ
2309 2634 2385 2706 τῷ
2416 2639 2730 2709 σκηνώματί
2756 2658 2876 2704 σου,
2923 2662 2943 2692 ι
2984 2647 3087 2698 καὶ
3112 2648 3223 2700 ὃσα
3255 2648 3665 2720 ἀνθρωπινώτερα

2110 2725 2232 2795 περὶ
2260 2726 2419 2778 αὐτοῦ
2451 2726 2733 2782 λέλεκται·
2759 2731 2835 2793 ὡς
2866 2734 2969 2786 καὶ
2996 2735 3083 2798 τὸ,
3128 2754 3150 2787 ι
3180 2738 3315 2800 Τοῖς
3334 2740 3567 2808 ἀγγέλοις
3589 2738 3662 2789 αὑ-

2106 2813 2197 2865 τοῦ
2246 2814 2534 2869 ἐντελεῖται
2574 2818 2702 2888 περὶ
2749 2821 2867 2884 σοῦ,
2909 2823 3012 2876 τοῦ
3049 2825 3389 2896 διαφυλάξαι
3423 2846 3507 2883 σε’
3539 2850 3553 2880 ι
3593 2828 3663 2881 καὶ

2106 2901 2182 2992 τὸ,
2218 2921 2235 2954 ι
2275 2906 2394 2957 Ἐπὶ
2426 2908 2621 2977 χειρῶν
2647 2909 2845 2980 ἀροῦσί
2880 2929 2943 2964 σε
2974 2914 3200 2985 μήποτε
3236 2920 3540 2992 προσκόψῃς
3558 2917 3661 2988 πρὸς

2105 2990 2244 3046 λίθον
2274 2993 2363 3046 τὸν
2397 2995 2530 3048 πόδα
2578 3013 2693 3050 σου.
2729 3017 2748 3047 ι
2790 2996 2988 3054 Ταῦτα
3022 3004 3139 3076 γὰρ
3188 3007 3296 3061 οὐκ
3342 3008 3407 3061 ἂν
3448 2990 3517 3072 ὡς
3558 3008 3661 3078 πρὶς

476 3070 743 3125 inveniam
779 3070 952 3123 locum
1007 3067 1263 3131 Demino,
1313 3069 1716 3123 tabernaculum
1764 3069 1873 3125 Deo
1920 3072 2006 3126 Ja-

2131 3083 2233 3137 θεὸν
2258 3084 2506 3153 λέγεσθαι
2534 3089 2789 3160 ἁρμόσοι,
2825 3094 2971 3163 πρὸς
2999 3067 3060 3149 δέ
3094 3067 3159 3151 τὸ
3212 3101 3477 3171 σκήνωμα
3499 3067 3658 3158 αὐτοῦ,

475 3161 576 3214 cob
597 3160 664 3213 “.
687 3178 705 3211 ι
726 3157 899 3228 Hujus
928 3158 1091 3228 igitur
1120 3158 1456 3212 tabernaculi
1489 3172 1652 3213 causa
1685 3161 2000 3218 dicebatur:

482 3268 500 3301 ι
531 3248 649 3304 Non
670 3249 886 3303 timebis
915 3262 944 3301 a
974 3249 1168 3303 timore
1196 3256 1483 3311 nocturno,
1512 3267 1530 3301 ι
1555 3255 1609 3303 et
1638 3248 1769 3305 illud
1798 3270 1811 3306 ;
1840 3270 1859 3302 ι
1885 3251 2005 3322 Ipse

477 3340 727 3396 liberabit
756 3349 810 3395 te
842 3339 908 3393 de
952 3341 1144 3409 laqueo
1201 3347 1548 3404 venatorum,
1584 3348 1637 3396 et
1665 3342 1732 3394 ab
1763 3343 2005 3399 oratione

471 3433 830 3494 turbulenta,»
850 3439 904 3487 et
932 3432 1101 3487 illud:
1128 3450 1146 3483 ι
1176 3431 1294 3486 Non
1321 3434 1657 3488 accedentad
1688 3443 1739 3488 te
1765 3436 1923 3501 mala,
1950 3444 2003 3492 et

468 3524 733 3594 flagellum
763 3538 868 3581 non
900 3522 1350 3593 appropinquabit
1379 3524 1728 3578 tabernaculo
1755 3534 1847 3580 tuo
1868 3566 1882 3590 ,
1912 3546 1930 3578 ι
1949 3534 2001 3582 et

466 3629 801 3685 quaecunque
840 3613 908 3667 ad
950 3613 1220 3668 hominem
1263 3614 1435 3684 magis
1479 3615 1772 3683 spectantia
1803 3615 1868 3669 de
1909 3617 2000 3672 illo

466 3706 610 3760 dicta
640 3714 799 3768 sunt,
832 3704 972 3758 sicut
1001 3704 1159 3758 etiam
1202 3704 1332 3757 illud
1360 3724 1372 3758 :
1398 3723 1415 3754 ι
1440 3705 1657 3774 Angelis
1696 3705 1810 3760 suis
1849 3722 2000 3761 man-

466 3795 613 3849 dabit
654 3794 720 3848 de
761 3802 814 3848 te
834 3833 849 3857 ,
893 3800 950 3847 ut
989 3794 1294 3848 custodiant
1323 3801 1376 3847 te
1396 3833 1410 3856 ,
1442 3814 1461 3844 ι
1481 3802 1534 3848 et
1564 3796 1728 3850 illud:
1754 3814 1771 3848 ι
1797 3797 1855 3850 In
1885 3812 1999 3850 ma—

466 3884 626 3937 nibus
671 3882 964 3950 portabunt
1005 3890 1088 3943 te,
1132 3898 1199 3937 ne
1241 3881 1378 3936 forte
1405 3882 1643 3939 oil‘endas
1671 3886 1735 3939 ad
1770 3887 1997 3955 lapidem

465 3972 650 4043 pedem
679 3981 851 4025 tuum.
883 3991 899 4021 ι
922 3970 1072 4024 Talia
1098 3972 1237 4025 enim
1271 3972 1336 4025 ad
1362 3968 1529 4026 Deum
1571 3974 1678 4029 dici
1722 3988 1996 4045 nunquam

463 4062 770 4117 conveniet:
803 4067 857 4113 at
876 4076 1005 4115 vero
1034 4062 1099 4114 ad
1124 4062 1525 4116 tabernaculum
1549 4066 1685 4130 ejus,
1711 4068 1850 4133 quod
1878 4082 1996 4144 pro-

462 4160 581 4223 pter
615 4168 715 4208 nos
753 4150 1088 4220 assumpsit,
1129 4166 1238 4220 quo
1275 4160 1513 4224 tempore
1545 4174 1561 4205 ι
1598 4155 1827 4209 Verbum
1866 4172 1993 4212 caro

460 4244 660 4297 factum
703 4251 816 4308 est,
865 4250 919 4295 et
965 4240 1225 4296 habitavit
1268 4245 1323 4296 in
1350 4245 1507 4298 nobis
1539 4245 1607 4310 ⁸⁷,
1635 4265 1653 4297 ι
1678 4247 1985 4303 conveniet.

2103 3173 2234 3243 ὅπερ
2255 3174 2321 3226 δι’
2353 3177 2499 3245 ἡμᾶς
2522 3177 2834 3250 ἀνείληφεν,
2862 3183 2957 3235 ὅτε
2997 3203 3015 3235 ι
3043 3188 3075 3238 6
3104 3188 3290 3256 Λόγος
3313 3188 3445 3260 σὰρξ
3472 3190 3657 3259 ἐγένετο,

2102 3265 2195 3316 καὶ
2230 3266 2534 3335 ἐσκήνωσεν
2576 3272 2634 3321 ἐν
2657 3272 2814 3340 ἡμῖν.
2857 3292 2877 3324 ι
2917 3277 3091 3328 Δοκεῖ
3120 3276 3182 3329 δέ
3225 3296 3319 3349 μοι
3355 3279 3524 3342 καλῶς
3551 3279 3660 3347 ἔχειν

2101 3351 2236 3422 ὑπὲρ
2281 3352 2541 3423 ἀκριϐοῦς
2582 3354 2937 3424 βεϐαιώσεως
2977 3362 3095 3416 τῶν
3125 3365 3444 3437 εἰρημένων
3469 3367 3550 3419 καὶ
3584 3365 3658 3426 τὰς

2099 3441 2205 3494 τῶν
2253 3441 2451 3495 λοιπῶν
2495 3446 2852 3517 ἐρμηνευτῶν
2903 3453 3255 3524 παραθεῖναι
3307 3459 3515 3527 φωνάς’
3555 3451 3661 3510 ὧνὸ

2102 3530 2197 3620 μεν
2242 3531 2466 3594 Ἀκύλας
2496 3532 2669 3598 οὕτως
2718 3535 2965 3608 ἔφησεν·
3024 3562 3046 3594 ι
3105 3546 3236 3601 Ὅτι
3280 3550 3369 3613 σὺ,
3403 3548 3560 3620 Κύριε
3596 3548 3660 3599 ἐλ-

2098 3618 2187 3681 πίς
2222 3637 2343 3690 μου,
2382 3623 2642 3692 Ὕψιστον
2672 3625 2883 3699 ἔθηκας
2930 3635 3271 3708 οίκητήριόν
3322 3657 3436 3694 σου.
3469 3618 3537 3693 D6
3564 3654 3660 3709 μέτα

2096 3710 2387 3781 αχθήσεται
2410 3713 2546 3783 πρὸς
2571 3715 2629 3767 σὲ
2646 3717 2818 3784 κακά,
2845 3722 2945 3774 καὶ⁵
2970 3725 3091 3797 ἁφὴ
3113 3729 3222 3781 οὐκ
3253 3732 3431 3799 ἐγγιεῖ
3449 3733 3502 3784 ἐν

2099 3817 2190 3852 σου
2219 3818 2233 3831 ·
2286 3802 2369 3854 ὅτι
2407 3803 2657 3871 ἀγγέλοις
2705 3808 2877 3862 αὑτοῦ
2933 3814 3275 3885 ἐντελεῖται,
3324 3820 3419 3874 τοῦ
3466 3820 3658 3890 φυλάξαι

2096 3904 2154 3940 σε
2188 3892 2246 3943 ἐν
2285 3892 2483 3954 πάσαις
2507 3896 2629 3957 ταῖς
2656 3896 2798 3959 ὁδοῖς
2840 3915 2939 3952 σου
2962 3918 2979 3933 ο
3020 3922 3041 3956 ι
3077 3908 3108 3958 6
3137 3908 3199 3961 δὲ
3232 3912 3526 3982 Σύμμαχος
3545 3929 3558 3943 ·
3579 3908 3658 3960 «Eb

2092 3978 2218 4074 γάρ,
2237 3980 2427 4074 Κύριε,
2448 3983 2646 4050 ἁφοϐία
2666 4003 2792 4056 μου,
2815 3989 3061 4064 ὑψίστην
3075 3997 3205 4052 ἔθου
3230 3978 3335 4072 τὴν
3354 3978 3555 4074 οἴκησίν
3569 4020 3659 4056 σου.

2092 4068 2165 4119 Οὐ
2198 4070 2507 4138 κατισχύσει
2538 4087 2630 4125 σου
2661 4076 2858 4139 κακὸν,
2896 4082 3029 4135 οὐδέ
3063 4085 3181 4158 ἁφὴ
3211 4068 3394 4158 ἐγγιεί
3520 4092 3659 4160 σκηνῇ

2093 4170 2216 4206 σαν
2262 4158 2342 4209 δτι
2382 4163 2494 4221 τοῖς
2524 4162 2778 4230 ἀγγέλοις
2825 4168 3003 4223 αὑτοῦ
3052 4176 3362 4234 ἐντελεῖται
3414 4158 3538 4253 περὶ
3568 4158 3661 4239 σοῦ.

2087 4245 2177 4297 τοῦ
2226 4247 2543 4316 διαφυλάξαι
2588 4269 2649 4305 σε
2696 4257 2759 4308 ἐν
2802 4260 3018 4326 πάσαις
3078 4268 3247 4334 ὁδοῖς.
3287 4291 3307 4324 ι
3364 4245 3566 4328 Οὐκοῦν
3593 4271 3663 4325 διὰ

458 4332 723 4387 Caeterum
746 4347 853 4385 non
875 4330 971 4384 abs
993 4346 1051 4385 re
1074 4331 1203 4384 mihi
1219 4333 1434 4401 quidem
1451 4334 1670 4387 videbor
1697 4334 1890 4396 facere,
1917 4335 1985 4398 si,

2131 4337 2284 4390 >ύτων
2333 4341 2510 4395 αὐτῶν
2541 4344 2619 4413 τῷ
2645 4348 2840 4420 Κυρίῳ
2892 4353 3160 4413 λέλεκται
3203 4366 3283 4429 ὠς
3329 4367 3461 4437 περὶ
3504 4366 3664 4438 ἐτέριυ

459 4437 566 4493 quo
583 4420 903 4491 exquisitius
924 4436 986 4474 ac
1003 4421 1250 4476 stabilius
1270 4438 1331 4476 ea
1352 4438 1471 4492 qua:
1492 4423 1631 4476 dicta
1653 4430 1777 4477 sunt
1798 4424 1988 4478 contir-

2132 4426 2328 4491 εἶξονος
2372 4432 2454 4494 τδν
2506 4452 2524 4484 ί
2558 4436 2684 4500 Τοῖς
2719 4442 2980 4511 ἀγγέλοις
3019 4453 3195 4508 αὐτοῦ
3237 4420 3528 4513 ἐντελεῖται
3558 4420 3663 4530 περὶ

458 4520 690 4577 mentur,
712 4510 1040 4580 reliquorum
1072 4526 1286 4580 quoque
1318 4513 1668 4580 interpretum
1697 4516 1989 4571 sententias

2131 4518 2198 4580 r3,
2228 4519 2320 4571 τοῦ
2347 4521 2735 4591 διαφυλάσσειν
2771 4548 2826 4584 σε
2860 4537 2920 4588 ὲν
2952 4541 3170 4609 πάσαις
3203 4551 3328 4612 ταῖς
3360 4550 3519 4615 ὁδοῖς.
3562 4510 3660 4603 Ἐὲῖ

455 4604 823 4672 editionesque
844 4603 943 4657 hoc
966 4603 1084 4656 loco
1111 4617 1360 4670 posuero,
1383 4618 1608 4671 quorum
1636 4619 1777 4658 unus
1800 4604 1990 4675 Aquila

456 4695 469 4708 .
538 4694 550 4711 .
626 4708 672 4711 ,-
975 4691 1201 4711 μην.
1282 4692 1659 4711 κηηηεᾼμμ
1730 4693 1794 4711 η
1846 4696 1880 4711 ν.

2303 4612 2508 4711 ⁹όιροῦσί
2551 4635 2633 4683 σε,
2680 4621 2879 4693 δηλαδὴ
2926 4628 2991 4683 σὲ
3034 4603 3422 4710 τὸννΚύρίον,
3479 4603 3660 4711 μήποῖε

455 4695 509 4748 in
536 4694 679 4748 hunc
719 4692 935 4746 modum
975 4691 1205 4746 reddidit
1232 4710 1247 4748 :
1272 4710 1290 4742 ι
1318 4692 1580 4757 Quoniam
1608 4703 1662 4748 tu
1685 4733 1700 4758 ,
1730 4693 1953 4750 Domine
1972 4735 1986 4757 ,

2131 4712 2149 4747 ι
2183 4698 2442 4789 όΚύριος
2491 4712 2811 4786 προσκόψῃς
2853 4691 2999 4789 πρὸς
3032 4723 3192 4780 λίθον
3351 4691 3615 4784 σου.
3644 4756 3657 4777 ι

453 4799 575 4852 spes
611 4798 749 4847 mea,
793 4783 1127 4838 Altissimum
1168 4783 1393 4853 posuisti
1432 4784 1789 4840 habitaculum
1812 4794 1981 4840 tuum.

2131 4784 2312 4854 αὑταις
2330 4793 2387 4846 δὲ
2409 4798 2504 4850 καὶ
2526 4802 2554 4853 6
2575 4801 2820 4869 διάϐολος
2840 4813 2968 4875 ταῖς
2991 4813 3213 4880 λέξεσιν
3236 4821 3294 4875 ἐν
3322 4822 3404 4880 τῷ
3432 4823 3563 4876 κατὰ
3582 4819 3659 4872 τοῦ

450 4873 566 4928 Non
595 4874 944 4929 traducentur
978 4873 1044 4927 ad
1075 4882 1127 4926 te
1156 4874 1295 4926 mala
1324 4912 1337 4936 ,
1367 4880 1420 4927 et
1448 4882 1626 4929 tactus
1659 4892 1766 4931 non
1795 4890 1982 4945 appro-

2131 4880 2322 4984 υἷῆροιξ
2344 4885 2503 4984 ἡμξῦν
2524 4895 2818 4967 πειρασμῷ
2843 4873 3147 4975 κέχρηται,
3171 4873 3285 4978 ὅτε
3311 4873 3659 4984 «ἠαράλαδὼν

453 4966 729 5032 pinquabit
746 4965 800 5018 in
832 4965 1164 5034 protectione
1198 4973 1288 5018 tua
1311 4985 1323 5019 :
1344 4967 1593 5035 quoniam
1628 4968 1833 5036 angelis
1864 4968 1978 5022 suis

453 5047 721 5071 __--_.I_'__!.
832 5064 847 5071 Α
982 5062 1021 5071 ,γ
1055 5055 1109 5071 ιον
1146 5062 1180 5071 ,.
1226 5062 1241 5071 .
1306 5056 1318 5068 ο
1522 5058 1554 5071 ιι
1707 5059 1740 5070 ο.
1804 5066 1814 5071 ,
1864 5060 1872 5069 .

2131 4971 2231 5024 »τὸν
2278 4976 2358 5039 εἰς
2388 4980 2489 5052 τὴν
2535 4986 2696 5054 ἁγίαν
2745 4989 2925 5055 πόλιν,
2981 4996 3220 5071 ἔστησεν
3270 4965 3447 5056 αὑτὸνι
3487 5005 3573 5057 ἐπὶ
3609 5000 3660 5054 τὸ

452 5047 760 5117 mandavit,
793 5064 851 5107 ut
881 5055 1187 5108 custodiant
1224 5062 1277 5108 te
1304 5056 1359 5109 in
1390 5058 1642 5111 omnibus
1671 5059 1772 5112 viis
1802 5060 1926 5112 tuis.
1954 5076 1972 5109 ι

454 5137 554 5162 ΩΑ]
589 5139 925 5162 Ω,,-,-Α,,1Αηγ
1025 5143 1066 5162 m
1150 5161 1155 5162 γ
1210 5148 1221 5157 ο
1341 5147 1353 5158 ι
1477 5149 1509 5162 ιι
1564 5147 1603 5162 ἢ
1703 5149 1713 5159 1

2446 5047 2456 5052 -
2586 5047 2596 5054 Ι
2911 5047 2924 5055 ’
3025 5047 3211 5071 ’⁷⁷1”⁷’
3271 5047 3432 5056 *συντ
3488 5047 3573 5057 ν...
3618 5047 3655 5054 -ν

2131 5062 2359 5162 τερύγιον
2385 5072 2485 5126 τοῦ
2515 5079 2684 5151 ἱεροῦ,
2710 5080 2804 5133 καὶ
2832 5079 2992 5139 εἶπεν
3024 5090 3201 5162 αὐτῷ’
3237 5095 3300 5146 ΕΞ
3336 5095 3470 5157 Υἱὸς
3501 5092 3551 5146 εί
3576 5090 3655 5146 τοῦ

454 5137 557 5193 Sed
589 5139 958 5209 Symmachus,
983 5163 1000 5193 ι
1025 5143 1105 5198 Tu
1138 5148 1303 5211 enim,
1341 5147 1535 5217 inquit,
1564 5147 1978 5209 Dominc,secu—

454 5229 580 5255 -:Inn
615 5243 726 5255 ..ι-λη
793 5232 1101 5255 ..Is.-..:...-...
1141 5236 1364 5255 ‘-_-_!-.!
1395 5238 1407 5255 I
1439 5238 1614 5255 _L!.--!
1660 5251 1771 5255 4-..-
1803 5243 1944 5255 AnAn-

2174 5151 2201 5162 ,
2572 5137 2584 5151 .
2674 5137 2683 5144 .
2938 5137 3176 5162 μήν-τ
3238 5137 3652 5157 ...μην

2131 5168 2223 5218 ;ου,
2257 5153 2389 5255 θάλε
2427 5171 2657 5226 σεαυτὸν
2693 5171 2945 5230 ἐντεῦθεν
2988 5180 3162 5235 κάτω.
3190 5182 3511 5255 Γέγραπται
3544 5185 3653 5253 γὰρ,

451 5229 583 5281 ritas
615 5243 730 5281 mea
750 5267 765 5289 ,
793 5232 1107 5285 altissimam
1141 5236 1367 5304 posuisti
1395 5238 1776 5291 habitationem
1803 5243 1969 5289 tuam.

456 5314 604 5347 L9H
636 5313 749 5347 ΝΛη
801 5317 1082 5347 tumulum...
1124 5324 1394 5347 -.a--.._-__-_
1434 5335 1481 5347 Α-
1538 5328 1732 5347 μ--1--.μ
1798 5339 1971 5347 ..Α-η-

3192 5229 3511 5255 --η-...ην
3553 5229 3653 5253 ι-,η

2200 5246 2314 5308 τοῖς
2362 5250 2628 5327 ἀγγέλοις
2659 5263 2824 5318 αὑτοῦ
2878 5268 3173 5326 ἐντελεῖται
3227 5277 3357 5347 περὶ
3394 5277 3523 5341 σοῦ,
3574 5274 3655 5326 καὶ

448 5314 604 5388 43⁸1
636 5313 751 5368 Non
801 5317 1086 5375 invalescet
1122 5324 1400 5381 adversum
1434 5335 1487 5383 te
1538 5328 1758 5393 malum,
1798 5339 1975 5394 neque

451 5412 623 5439 lnnlun
675 5408 1115 5439 οηηιιηηῖνιηηηιιῖι
1151 5417 1374 5439 ιιι..ο....ε-
1404 5426 1493 5439 ιη-
1595 5416 1839 5439 _.__-..:.....
1875 5430 1938 5439 ι.-.

2131 5330 2168 5382 τὶ
2194 5339 2397 5439 χειρῶν
2424 5347 2626 5421 ἀροῦσί
2653 5373 2731 5420 σε,
2776 5358 2989 5430 μήποτε
3016 5313 3331 5436 προσκόψῃέ
3363 5318 3652 5439 πρδςνλεοον

451 5412 624 5457 tactus
674 5408 1119 5478 appropinquabit
1151 5417 1382 5472 tentorio
1404 5426 1499 5473 tuo
1538 5438 1550 5473 :
1589 5416 1840 5488 quoniam
1874 5430 1972 5467 an-

451 5494 579 5527 nm“.
607 5494 718 5527 αηῖ.
763 5498 1029 5527 manant.“
1062 5501 1124 5527 Α-
1167 5512 1215 5527 ι-
1264 5516 1316 5527 --.
1360 5524 1370 5527 Α
1449 5520 1461 5527 .
1520 5511 1554 5527 ι.
1632 5517 1647 5527 .
1697 5514 1744 5527 .,
1781 5506 1828 5527 :_
1867 5515 1979 5527 ,με

2131 5437 2166 5473 ιν
2204 5426 2351 5527 πόδα
2371 5408 2516 5527 σου.
2556 5408 2802 5524 119646;:

449 5494 580 5566 gelis
607 5494 720 5548 suis
762 5498 1034 5552 mandabit
1061 5501 1127 5556 de
1167 5512 1238 5570 te,
1264 5516 1320 5559 ut
1351 5511 1651 5568 custodiant
1697 5514 1750 5561 te
1780 5506 1834 5561 in
1862 5515 1979 5560 om-‘

2473 5494 2516 5500 "
2558 5494 2695 5524 "l’"
2747 5494 2797 5503 "
2848 5494 3100 5525 ""‘t"“‘
3156 5494 3303 5525 'H'w'
3347 5494 3648 5527 “’“”’“”Ἶ¹’“’“’“⁸

2131 5529 2234 5564 πθ
2311 5523 2675 5602 Γέγραπται·
2743 5543 2856 5598 Οὐκ
2917 5545 3253 5616 ἐκπειράσεις
3309 5546 3518 5616 Κύριον
3568 5541 3649 5597 τὸν

520 5676 565 5707 ³⁸
603 5672 746 5729 Ρεδι-
776 5688 970 5745 Cum.
1000 5682 1055 5741 2.
1129 5689 1172 5722 ⁵⁸
1210 5692 1335 5749 ibid.
1369 5698 1483 5756 5-5.
1558 5699 1601 5730 ’ν
1638 5694 1788 5750 Joau.
1829 5706 1876 5756 ι,
1915 5689 1997 5744 Η.
