3740 6330
164 401 261 458 683

1066 404 1691 472 bwossmutoms
1718 407 2159 470 EVANGELICA'I
2196 399 2308 467 LIB
2370 408 2458 473 I-x.

3217 422 3320 478 886

163 513 248 568 τοῦ
278 511 505 585 μεγάλου
530 520 707 587 φωτὸς
731 523 1019 595 ἔκλαμψιν,
1047 528 1117 590 οἳ,
1142 528 1246 596 πρὸ
1265 527 1363 597 τῆς
1397 529 1684 599 παρουσίας

1790 526 2126 586 laetabuntur,
2166 532 2223 576 ut
2262 524 2298 578 ii
2330 531 2422 597 qui
2470 529 2711 582 laetantur
2755 530 2808 584 in
2850 534 3046 594 messe,
3090 540 3252 601 utque
3282 533 3318 585 ii
3408 583 3414 589 .

165 607 217 657 ιν
255 606 424 657 σκότει
473 608 865 681 καθεζόμενοι,
911 617 969 667 ἐν
995 616 1145 687 χώρᾳ
1174 618 1266 670 καὶ
1298 619 1423 687 σκιᾷ
1458 617 1682 671 θανάτου

162 691 327 763 διῆγον
344 710 358 723 ·
404 694 825 766 ἀνατεταλκότος
865 704 922 758 δέ
950 706 1128 768 αὐτοῖς
1156 706 1247 758 τοῦ
1286 706 1546 777 σωτηρίου
1578 724 1687 775 φω-

163 781 259 844 τὸς,
296 783 475 836 τοῦτον
520 787 986 863 εὐφρανθήσονται
1027 796 1118 848 τὸν
1156 796 1370 867 τρόπον,
1405 796 1479 859 ὼς
1516 800 1562 850 οί
1600 799 1688 850 εὐ-

163 876 486 945 φραινόμενοι
513 877 571 930 ἐν
589 880 811 951 ἀμητῷ,
841 886 933 937 καὶ
962 885 1019 937 δν
1043 887 1232 954 τρόπον
1262 888 1310 940 οἱ
1335 887 1685 956 διαιρούμενοι

164 962 332 1016 σκῦλα.
384 964 493 1017 Καὶ
538 966 713 1021 ταῦτα
758 971 818 1023 δὲ
855 973 997 1043 ἔργῳ
1043 975 1365 1045 ἐπληροῦτο,
1415 978 1529 1041 ὅτε,
1566 978 1687 1041 τοὺς

162 1055 463 1119 ἀποστόλους
492 1059 521 1109 ὁ
542 1060 737 1133 Σωτὴρ
768 1066 862 1117 καὶ⁵
876 1066 1072 1137 Κύριος
1102 1070 1252 1139 ήμῶν
1278 1070 1384 1122 ἀπὸ
1407 1072 1503 1141 τῆς
1533 1072 1688 1124 Γαλι-

161 1144 300 1207 λαίας
334 1148 864 1221 προσκαλεσάμενος,
886 1155 951 1209 τὰ
976 1158 1243 1227 παράδοξα
1267 1160 1372 1212 τῶν
1400 1160 1570 1231 ἔργων
1594 1161 1687 1214 καὶ

161 1234 247 1304 τὴν
286 1235 627 1291 διδασκαλίαν
673 1243 860 1307 αὐτοῖς
909 1246 1269 1300 ἐπεδείκνυτοο
1322 1248 1686 1320 εὐφρανθήσε-

164 1324 269 1377 σθαι
295 1325 346 1378 δέ
369 1325 563 1390 αὐτοὺς
596 1330 845 1385 ἐναντίον
870 1335 1028 1388 αὐτοῦ
1051 1339 1083 1406 ή
1114 1338 1408 1408 προφητεία
1423 1340 1683 1406 θεσπίζει,

159 1412 296 1484 δίκην
322 1415 427 1500 τῶν
453 1418 901 1491 εὐφραινομένων
928 1426 984 1478 ἐν
1009 1426 1217 1496 ἀμητῷ.
1245 1428 1388 1497 Ποίῳ
1408 1429 1466 1481 δέ
1493 1429 1682 1500 τούτῳ,

161 1501 321 1573 ήπερὶ
353 1498 411 1558 οὗ
451 1504 723 1561 διδάσκων
756 1511 918 1573 αὐτὸς
951 1511 1128 1581 ἔλεγεν
1147 1530 1161 1544 ’
1213 1534 1231 1565 ι
1272 1516 1533 1588 Ἐπάρατε
1565 1498 1687 1581 τούς

160 1589 444 1661 ὀφθαλμοὺς
486 1594 668 1664 ὑμῶν,
714 1599 810 1650 καὶ
842 1599 975 1652 ἴδετε
999 1600 1094 1662 τὰς
1135 1600 1332 1672 χώρας,
1379 1604 1458 1657 ὃτι
1503 1605 1684 1657 λευκαί

164 1681 254 1732 είσι
290 1682 419 1751 πρὸς
455 1681 722 1755 θερισμὸν
778 1688 913 1758 ήδη;
945 1709 963 1740 ι
1012 1689 1221 1760 Ἐδήλου
1268 1693 1324 1746 δὲ
1359 1693 1445 1746 διά
1486 1694 1686 1747 τούτων

159 1767 242 1838 τήν
270 1770 368 1823 τῶν
408 1771 577 1826 ἐθνῶν
613 1775 1064 1848 ἐπισυναγωγήνο
1104 1781 1229 1851 περὶ
1274 1780 1379 1834 τῶν
1425 1783 1600 1835 αὐτῶν
1628 1784 1685 1837 δέ

160 1860 364 1933 εἴρηται,
396 1864 475 1918 ὅτι
520 1884 540 1918 ι
564 1867 1055 1940 εὐφρανθήσονται,
1081 1872 1138 1924 ὃν
1162 1849 1355 1941 τρόπον
1382 1875 1429 1926 οἱ
1456 1874 1688 1945 διαιρού-
1717 1849 1758 1904 Β

164 1965 289 2017 μενοι
331 1952 518 2007 σκῦλα.
564 1974 585 2005 ι
637 1956 948 2027 Διελόμενοι
998 1959 1128 2026 γοῦν
1171 1962 1248 2022 είς
1285 1960 1542 2029 ἀλλήλους
1588 1964 1686 2027 τάς

160 2039 318 2111 χώρας
348 2041 455 2095 τῶν
493 2043 666 2097 ἐθνῶν
706 2047 808 2099 καὶ
845 2046 942 2118 τὴν
982 2049 1071 2117 ὑφ’
1102 2049 1246 2119 ἣλιον
1292 2051 1466 2103 πᾶσαν
1504 2053 1553 2104 ol
1592 2054 1683 2106 τοῦ

159 2127 380 2199 Μτῆρος
400 2131 557 2201 ήμῶν
586 2132 833 2203 μαθηταί
855 2151 913 2186 τε
938 2135 1029 2189 καὶ
1048 2137 1438 2205 εὐαγγελισταὶ,
1467 2136 1687 2211 μυρίους

160 2216 295 2280 ὅσους
321 2219 645 2275 ἐσκύλευσαν
679 2222 950 2293 ἄρχοντας
984 2225 1075 2279 τοῦ
1107 2227 1293 2291 αἰῶνος
1326 2229 1531 2293 τούτου,
1559 2234 1684 2296 τοὺς

162 2304 392 2374 πρότερον
426 2308 534 2361 τῶν
573 2310 747 2364 ἐθνῶν
793 2311 1138 2382 κρατοῦντας.
1174 2315 1246 2368 Οὐ
1289 2318 1393 2387 μὴν
1424 2317 1556 2371 ἀλλὰ
1592 2320 1685 2372 καὶ

161 2390 270 2444 ἄλλο
304 2396 467 2449 αἴτιον
506 2397 603 2450 τοῦ
647 2398 1117 2471 εὐφρανθήσεσθαι
1171 2404 1362 2468 αὐτούς
1413 2422 1541 2476 φησι
1562 2450 1578 2471 ,
1626 2406 1687 2459 τὸ

158 2477 301 2552 ἦρθαι
341 2487 431 2538 ἀπ’
471 2487 651 2541 αὐτῶν
697 2489 795 2542 τὸν
836 2493 1137 2561 σωματικὸν
1178 2494 1270 2547 τοῦ
1306 2496 1467 2567 νόμον
1504 2497 1683 2566 ζυγὸν,

161 2573 237 2625 τὸν
279 2575 435 2629 πάλαι
488 2576 757 2650 πρότερον
807 2582 1142 2651 ἐπικείμενον
1188 2585 1399 2649 αὐτοῖς,
1454 2583 1512 2639 δν
1565 2587 1685 2640 οὐτε

164 2665 295 2718 αὐτοὶ
316 2667 432 2720 οὐτε
463 2669 512 2721 οί
541 2670 785 2739 πατέρες
821 2672 993 2724 αὐτῶν
1030 2673 1362 2745 ἠδυνήθησαν
1403 2676 1682 2744 βαστάσαι.

166 2755 227 2806 οὐ
267 2756 410 2824 μόνον
451 2760 508 2812 δὲ
549 2762 579 2812 ὁ
607 2760 775 2829 ζυγὸς
808 2761 1079 2833 ἀφῄρηται
1125 2765 1320 2827 αὐτῶν,
1366 2766 1498 2821 ἀλλὰ
1526 2767 1618 2820 καὶ
1648 2770 1681 2837 ἡ

166 2842 332 2910 ράὃδος
360 2847 464 2901 τῶν
502 2851 881 2904 ἀπαιτούντων
926 2853 958 2922 ή
1002 2852 1261 2923 πρότερον
1303 2856 1397 2907 ἐπὶ
1436 2855 1528 2908 τοῦ
1557 2872 1686 2927 τρα-

164 2933 302 3008 χήλου
337 2940 509 2993 αὐτῶν
540 2941 888 3011 ἐπικειμένη.
924 2942 1080 3013 Δηλοῖ
1100 2944 1155 2996 δέ
1180 2947 1303 3008 τοὺς
1328 2948 1685 3015 ἀπαιτοῦντας

62 3076 81 3103 .
164 3026 213 3079 ἐν
242 3028 415 3099 ἑτέρῳ,
452 3028 626 3098 λέγων
650 3047 664 3060 ·
720 3049 741 3080 ι
773 3031 910 3094 Λαός
948 3049 1069 3101 μου,
1110 3036 1158 3087 οἱ
1207 3037 1504 3108 πράκτορες
1535 3040 1683 3110 ὑμῶν

166 3116 479 3187 καλαμῶνται
521 3122 697 3191 ὑμᾶς,
737 3122 833 3173 καὶ
871 3122 920 3173 οἱ
956 3123 1303 3189 ἀπαιτοῦντες
1351 3129 1684 3199 κυριεύουσιν
1710 3155 1751 3212 c

166 3203 314 3275 ὐμῶν.
352 3227 371 3261 ι
400 3208 534 3261 Ἀλλ’
564 3204 711 3263 οὗτοι
750 3210 848 3279 μὲν
895 3212 943 3262 οἱ
991 3210 1095 3263 ἀπὸ
1125 3213 1223 3283 τῆς
1267 3216 1540 3270 Ζαϐουλὼν
1594 3220 1685 3272 καὶ

166 3294 447 3367 Νεφθαλεὶμ
476 3299 535 3352 τὸ
568 3300 713 3369 μέγα
745 3298 861 3367 φῶς
891 3299 1200 3371 τεθεαμένοι
1229 3305 1683 3378 εὐφρανθήσονται

165 3382 237 3437 διὰ
253 3386 314 3438 τὰ
333 3388 699 3459 προειρημένα
716 3404 731 3418 ·
762 3391 813 3440 οἱ
838 3388 895 3441 δὲ
926 3389 1090 3444 πάλαι
1122 3392 1467 3458 ἀπαιτοῦντες
1495 3397 1686 3460 αὐτοὺς

169 3473 604 3547 ἐκπραχθήσονται
641 3477 804 3547 μέχρι
833 3478 1119 3550 κοδράντου
1148 3483 1389 3550 ἐσχάτου,
1420 3485 1595 3539 πᾶσάν
1626 3501 1685 3538 τε

170 3562 332 3634 στολήν
365 3567 456 3619 καὶ
497 3569 605 3620 πᾶν
659 3567 873 3637 ἱμάτιον
920 3568 1296 3633 ἀποτίσαντες,
1334 3573 1685 3644 πυρίκαυστοι

168 3655 448 3723 γενήσονται
480 3659 539 3710 ἐν
566 3657 647 3727 τῷ
670 3659 774 3728 τῆς
805 3658 1117 3730 ἐκπράξεως
1145 3660 1319 3730 καιρῷ
1337 3677 1350 3690 ·
1393 3664 1485 3714 καὶ
1516 3663 1687 3718 ταῦτά

167 3744 396 3808 γεπάντα
426 3747 557 3815 φησὶ
606 3748 910 3814 πείσεσθαι,
944 3748 1076 3801 διότι
1134 3770 1152 3802 ι
1180 3750 1385 3804 παιδίον
1429 3753 1684 3824 ἐγεννήθη

166 3831 297 3900 ἡμῖν,
338 3835 429 3887 κα)⁵
473 3835 585 3897 υἱὸς
635 3835 790 3906 ἐδόθη
837 3837 989 3907 ἡμῖν,
1022 3840 1050 3890 ὁ
1073 3839 1170 3908 τῆς
1214 3839 1448 3910 μεγάλης
1497 3840 1687 3913 βουλῆς

166 3918 380 3986 ἄγγελος.
412 3940 431 3972 ι
467 3922 589 3974 Τίσι
614 3922 673 3974 δὲ
705 3924 833 3993 ήμῖν
876 3924 909 3995 ἢ
941 3928 1052 3989 τοῖς
1094 3930 1172 3990 είς
1210 3929 1366 3981 αὐτὸν
1407 3945 1688 3983 πεπιστευ-

168 4008 296 4073 κόσι,
323 4012 412 4065 καὶ
450 4011 601 4085 πάσῃ
632 4011 831 4083 δηλαδὴ
870 4017 933 4084 τῇ
967 4015 1214 4087 Γαλιλαίᾳ
1257 4017 1360 4070 τῶν
1391 4018 1575 4082 ἐθνῶν,
1608 4016 1688 4083 οἷς

168 4094 220 4147 τὸ
245 4097 370 4167 μέγα
396 4100 508 4169 φῶς
522 4100 880 4166 ἀνατέταλκε;
913 4103 966 4155 τί
984 4104 1046 4174 δὴ
1075 4101 1144 4175 ἦν
1171 4105 1343 4166 τοῦτο,
1370 4106 1484 4160 ἀλλ’
1514 4104 1546 4177 ἢ
1580 4124 1598 4158 ι
1627 4109 1687 4161 τὸ

169 4189 527 4260 γεγεννημένον
563 4189 795 4254 παιδίον,
837 4192 931 4244 καὶ
975 4195 1003 4245 ὁ
1032 4194 1181 4266 ποιρά
1222 4195 1311 4248 τοῦ
1337 4196 1468 4249 Θεοῦ
1517 4197 1688 4261 δοθεὶς

169 4274 281 4338 υἱὸς,
321 4279 552 4349 μεγάλης
589 4278 786 4349 βουλῆς
823 4281 1065 4348 ἄγγελος,
1105 4285 1196 4338 καὶ
1229 4285 1409 4360 ἄρχων
1446 4286 1683 4357 εἰρήνης,

169 4363 250 4415 καὶ
273 4364 637 4439 ἐξουσιαστὴς,
672 4368 765 4420 καὶ
790 4366 920 4433 Θεὸς
962 4373 1201 4443 ἰσχυρὸς,
1244 4375 1337 4427 καὶ
1385 4376 1563 4447 πατὴρ
1591 4376 1682 4429 τοῦ

173 4453 418 4522 μέλλοντος
471 4460 664 4520 αίῶνος
712 4459 1120 4530 ὠνομασμένοςς
1164 4480 1181 4512 ι
1247 4463 1415 4517 ταῦτα
1463 4463 1527 4535 δὴ
1578 4464 1677 4535 ήδη

1788 615 1879 684 qui
1920 612 2160 667 dividunt
2191 613 2384 680 spolia.
2414 613 2575 684 M0
2601 614 2722 669 Haec
2749 631 2876 671 vero
2904 617 3021 686 ipsa
3061 632 3121 672 re
3171 633 3317 672 com--

1788 704 1925 772 pleta
1956 710 2101 764 sunt,
2127 714 2248 755 cum
2276 703 2343 756 de
2370 701 2585 757 Galilaea
2615 706 2818 758 vocatis
2848 707 3126 774 apostolis,
3154 708 3318 761 mira-

1788 793 1913 847 bilia
1943 806 2102 863 opera
2124 806 2221 846 sua
2252 802 2308 847 ct
2339 793 2635 847 doctrinam
2696 793 2941 849 Salvator
2971 812 3034 851 ac
3057 797 3316 853 Dominus
3353 826 3387 855 ο

1788 891 1971 937 noster
2000 882 2107 936 illis
2153 886 2327 951 palam
2366 883 2647 937 exhibuit:
2683 884 2952 939 laataturos
3003 896 3179 942 autem
3220 903 3317 944 eos

1786 987 1967 1026 coram
1998 971 2115 1042 ipso
2148 972 2427 1042 prapbetia
2456 972 2680 1036 divinat,
2723 974 2896 1028 instar
2939 976 3228 1033 laetantium
3257 980 3316 1034 in

1788 1079 1981 1119 messe.
2033 1061 2136 1117 Sed
2176 1064 2231 1116 in
2262 1078 2367 1132 qua
2417 1063 2629 1117 tandem
2680 1078 2876 1125 messe,
2913 1066 3019 1121 nisi
3064 1066 3121 1122 in
3151 1084 3212 1123 ea
3246 1070 3317 1126 de

1787 1168 1893 1222 qua
1921 1153 2034 1222 ipse
2059 1154 2299 1207 dicebat:
2334 1171 2353 1203 ι
2383 1154 2624 1208 Attollite
2672 1155 2858 1208 oculos
2902 1163 3129 1221 vestros,
3153 1165 3207 1212 et
3229 1159 3315 1212 vi-

1786 1244 1906 1299 dete
1929 1245 2191 1314 regiones.
2212 1254 2268 1297 ut
2293 1245 2426 1298 albae
2444 1250 2568 1298 sunt
2592 1243 2659 1297 ad
2675 1259 2903 1299 messem
2927 1246 3038 1314 jam
3062 1249 3313 1304 ποθοίη

1786 1331 1881 1387 His
1912 1341 2087 1387 autem
2116 1333 2292 1388 verbis
2344 1332 2579 1402 gentium
2609 1335 3071 1402 congregationem
3115 1338 3317 1408 signina

1787 1421 1939 1475 cabat
1967 1436 1979 1471 :
2005 1420 2070 1476 de
2098 1421 2299 1477 eisdem
2314 1435 2441 1474 vero
2469 1421 2672 1474 dictum
2705 1429 2807 1483 est,
2840 1423 2983 1491 quod
3008 1443 3027 1475 ι
3060 1426 3311 1483 [natabunt

1786 1518 1944 1566 turut
1974 1511 2010 1564 ii
2039 1512 2130 1580 qui
2163 1510 2408 1565 dividunt
2443 1512 2686 1580 spolia”.
2724 1531 2742 1564 ι
2767 1512 2900 1567 Cdm
2924 1530 3051 1582 ergo
3079 1520 3317 1586 gentium

1784 1600 1923 1654 inter
1954 1615 2011 1654 se
2055 1600 2299 1669 regiones
2330 1608 2383 1654 et
2433 1600 2741 1655 universam
2785 1617 2904 1671 quas
2934 1604 3035 1658 sub
3081 1606 3193 1660 sole
3236 1619 3321 1663 est

1785 1697 2006 1754 terram,
2058 1689 2353 1745 Salvatoris
2389 1690 2566 1744 nostri
2614 1691 2860 1761 discipuli
2904 1702 3064 1763 atque
3091 1711 3320 1768 evange-

1785 1780 1922 1834 listae
1948 1778 2277 1844 divisissent,
2308 1780 2728 1837 innumerabiles
2772 1784 2955 1838 saeculi
2984 1784 3147 1855 hujus
3176 1792 3318 1855 prin-

1785 1869 1931 1938 cipes
1958 1868 2340 1938 spoliaverunt.
2391 1886 2485 1925 eos
2516 1871 2702 1940 utique
2748 1873 2839 1942 qui
2883 1873 3034 1942 prius
3071 1876 3319 1946 gentibus

1783 1959 2393 2029 imperabant.Attamen
2423 1962 2579 2014 aliam
2599 1977 2808 2031 quoque
2836 1978 3077 2029 causam,
3102 1974 3319 2036 propter

1784 2065 1942 2119 quam
1992 2050 2172 2104 latitia
2217 2050 2326 2104 sint
2371 2050 2653 2115 alliciendi,
2707 2063 3110 2120 commemorat,-
3172 2059 3317 2126 quod

1785 2139 2132 2194 auferendum
2161 2140 2232 2194 sit
2258 2139 2326 2193 ab
2352 2140 2482 2210 ipsis
2511 2143 2790 2211 corporale
2819 2144 2953 2213 legis
2977 2144 3167 2215 jugum
3185 2145 3320 2214 janis

1783 2229 1989 2298 pridem
2015 2229 2147 2299 ipsis
2179 2230 2510 2298 impositum,
2531 2226 2672 2300 quod
2694 2248 2868 2302 neque
2899 2234 2999 2303 ipsi
3022 2249 3197 2305 neque
3223 2249 3319 2306 ρει-ι

1782 2327 1894 2374 tres
1924 2320 2163 2388 ipsorum
2194 2329 2483 2389 potuerunt
2527 2320 2686 2377 ferre.
2730 2323 2991 2378 Caeterum
3019 2340 3128 2379 non
3159 2326 3318 2380 modo

1780 2408 1966 2477 jugum
1998 2408 2263 2464 sublatum
2291 2418 2374 2465 est
2404 2411 2471 2464 ab
2499 2410 2652 2480 ipsis.
2671 2413 2765 2467 sed
2796 2414 2957 2467 etiam
2986 2415 3133 2484 virga
3162 2431 3316 2485 repe‘

1785 2496 2030 2561 tentium,
2057 2508 2176 2566 quae
2203 2497 2355 2567 prius
2388 2498 2444 2552 in
2477 2500 2616 2554 collo
2646 2501 2885 2570 ipsorum
2908 2502 3160 2572 imposita
3180 2515 3314 2560 erat.

1784 2584 2031 2640 Declarat
2078 2602 2238 2656 porro
2282 2589 2374 2657 qui
2408 2590 2516 2644 sint
2555 2598 2856 2659 repetentes
2909 2591 3056 2657 alibi,
3095 2594 3312 2649 dicens:

1790 2690 1809 2722 ‹
1841 2671 2076 2743 Populus
2119 2689 2304 2739 meus,
2353 2685 2631 2733 exactores
2677 2680 2842 2733 vestri
2885 2681 3062 2750 spicas
3110 2690 3317 2739 vestras

1783 2761 2063 2833 colligunt,
2103 2773 2157 2819 et
2180 2774 2479 2833 repetentes
2507 2767 2852 2824 dominantur
2886 2771 3059 2825 vobis.
3080 2771 3317 2827 «Verum

1783 2854 1838 2908 hi
1869 2854 2085 2924 quidem
2114 2869 2145 2909 a
2190 2854 2429 2912 Zabulon
2475 2867 2529 2914 et
2566 2858 2907 2929 Nepbthalim
2946 2863 3181 2928 oriundi,
3224 2866 3320 2936 qui

1783 2945 1972 3014 ingens
2015 2946 2196 3003 lumen
2224 2947 2405 3002 intuiti
2437 2956 2585 3013 sunt,
2617 2950 2941 3007 laetabuntur
2972 2962 3190 3023 propter
3224 2943 3317 3009 illa

1782 3049 1901 3104 qua:
1922 3035 2034 3105 jam
2067 3046 2223 3092 antea
2249 3038 2392 3092 dicta
2419 3050 2563 3104 sunt;
2590 3041 2681 3109 qui
2703 3055 2831 3095 vero
2855 3042 2923 3096 ab
2954 3042 3084 3112 ipsis
3114 3055 3317 3115 repete-

1786 3125 1935 3191 bant,
1967 3128 2035 3181 ab
2063 3129 2131 3183 iis
2158 3136 2427 3197 repetetur
2458 3144 2632 3199 usque
2661 3130 2729 3185 ad
2762 3133 3007 3188 ultimum
3048 3136 3317 3205 quadrans

1781 3222 1912 3278 tem,
1944 3215 2210 3286 iidemque
2251 3219 2342 3272 ubi
2389 3234 2602 3275 omnem
2640 3230 2839 3276 vestem
2862 3237 3128 3294 omneque
3152 3230 3317 3282 vesti-

1783 3310 2019 3358 mentum
2051 3306 2427 3373 persolverint,
2470 3308 2590 3377 igne
2624 3309 2892 3363 combusti
2940 3313 3068 3365 ﬂent
3107 3313 3162 3367 in
3199 3315 3317 3383 ipso

1781 3394 2077 3448 exactionis
2123 3402 2383 3466 tempore,
2430 3399 2717 3468 omniaque
2757 3400 2871 3455 hac
2914 3416 3173 3470 passuros
3217 3405 3313 3468 ait,

1783 3492 2058 3553 propterea
2079 3486 2220 3555 quod
2255 3504 2274 3537 ‹
2304 3488 2560 3556 puerulus
2592 3499 2749 3543 natus
2776 3498 2861 3545 est
2888 3492 3064 3556 nobis,
3093 3501 3145 3547 et
3174 3493 3316 3549 illius

1782 3571 1939 3627 datus
1970 3582 2053 3628 est
2097 3576 2273 3640 nobis,
2304 3577 2419 3644 ipse
2449 3579 2629 3647 magni
2662 3581 2875 3635 consilii
2914 3584 3154 3652 angelus.
3188 3598 3208 3635 ι
3249 3584 3316 3639 At

1781 3678 1908 3718 vero
1938 3664 2131 3734 quibus
2156 3666 2372 3721 tandem
2402 3664 2581 3732 nobis,
2612 3669 2719 3725 nisi
2747 3671 2839 3740 qui
2888 3671 2943 3726 in
2978 3672 3153 3743 ipsum
3195 3685 3316 3729 ores

1782 3751 2036 3816 didimus,
2069 3763 2122 3809 et
2149 3756 2296 3809 omni
2325 3755 2576 3812 videlicet
2625 3756 2854 3816 Galilaea:
2900 3762 3165 3832 gentium,
3197 3764 3317 3834 quia

1782 3842 1883 3897 bus
1909 3857 2160 3914 magnum
2183 3846 2365 3901 lumen
2385 3859 2560 3903 ortum
2587 3851 2701 3905 est?
2714 3852 2807 3907 sed
2826 3853 3094 3922 quodnam
3110 3866 3314 3925 quaso.

1782 3934 1887 3989 nisi
1917 3933 2032 4005 ipse
2064 3950 2083 3986 ‹
2125 3946 2286 3992 natus
2319 3941 2597 4008 puerulus,
2624 3949 2679 3997 et
2707 3944 2799 4012 qui
2832 3958 2862 3998 a
2888 3943 2998 4000 Deo
3045 3945 3204 4002 datus
3234 3955 3319 4001 est

1785 4023 1944 4088 Illius,
1974 4025 2067 4095 qui
2103 4028 2283 4096 magni
2310 4030 2523 4084 consilii
2562 4033 2805 4102 angelus,
2840 4043 2894 4088 et
2922 4034 3174 4105 princeps
3221 4051 3318 4105 pas

1783 4109 1883 4177 cis,
1911 4120 1966 4166 et
1991 4112 2083 4181 jus
2111 4116 2514 4188 potentiamque
2546 4119 2771 4186 habens,
2805 4131 2859 4177 et
2888 4123 3029 4178 Deus
3054 4123 3230 4189 fortis,
3262 4127 3318 4180 et

1782 4206 1934 4268 pater
1981 4200 2150 4256 futuri
2201 4206 2384 4260 saeculi
2437 4210 2744 4267 nominatus
2783 4213 2895 4268 est?
2935 4233 2953 4265 ι
2987 4225 3171 4268 verum
3204 4214 3319 4269 haec

1782 4287 1896 4355 ipsa
1917 4288 2027 4357 jam
2058 4300 2215 4347 antea
2241 4294 2309 4348 ad
2337 4305 2504 4350 unum
2530 4300 2809 4357 referenda
2834 4318 2956 4359 esse
2985 4302 3317 4360 Salvatorem

1782 4374 2175 4451 Dominumqué
2224 4394 2490 4453 nostrum,
2539 4404 2639 4445 suo
2690 4400 2929 4463 tempore
2976 4393 3318 4450 demonstra;

1781 4479 1974 4522 VlmllS.

170 4540 439 4609 φθάσαντες
480 4546 573 4598 ἐπὶ
618 4545 775 4615 μόνον
841 4547 1195 4618 ἀναφέρεσθαι
1233 4550 1322 4603 τὸν
1353 4549 1578 4622 Σωτῆρα
1623 4551 1716 4604 καὶ
1749 4552 1951 4624 Κύριον
1985 4556 2139 4626 ήμῶν
2181 4560 2319 4615 κατὰ
2366 4563 2454 4618 τὸν
2500 4569 2693 4623 οἰκεῖον
2766 4574 2954 4644 καιρὸν
2998 4574 3317 4646 προαπεδείι

170 4632 334 4705 ξαμεν.

237 4750 356 4806 Ἀπὸ
391 4755 636 4824 ψαλμοῦ
664 4754 1083 4894 ξζπκέιῖξςεέε
1108 4759 1225 4812 τῶν
1248 4758 1600 4816 ἀποστόλων
1696 4763 1742 4818 D

234 4944 252 4976 ι
289 4929 686 5002 Ἐθεωρήθησαν
732 4935 786 4987 αί
820 4937 1029 5006 πορεῖαί
1065 4954 1155 4990 σου
1180 4977 1196 5002 ,
1230 4940 1258 4992 ὁ
1298 4932 1427 5004 Θεὸς
1449 4978 1465 5005 ,
1499 4944 1554 4995 αἱ
1589 4963 1683 4998 πο-

177 5016 293 5104 ρεῖαι
337 5019 425 5071 τοῦ
463 5020 597 5074 Θεοῦ
636 5038 731 5090 μου
762 5012 853 5076 τοῦ
894 5016 1168 5093 βασιλέως,
1201 5024 1292 5081 τοῦ
1334 5030 1390 5081 ἐν
1421 5030 1497 5100 τῷ
1520 5034 1677 5104 ἁγίῳ.

1835 4750 1991 4828 44],
2022 4760 2067 4811 Α
2088 4762 2291 4829 psalmo
2312 4776 2586 4888 vau.‘.—
2607 4735 2684 4823 υὲ
2713 4772 3065 4839 apostolorum
3096 4784 3249 4832 voca-5

2493 4853 2626 4888 ιοηε.

2493 4853 2626 4890 ιοηε.

1855 4955 1875 4990 ι
1905 4937 2036 4995 Visa
2092 4948 2218 4996 sunt
2256 4943 2448 5000 itinera
2478 4954 2593 5013 tua,
2647 4937 2804 5015 Deus,
2841 4951 3036 5015 itinera
3068 4955 3165 5013 Dei
3211 4961 3316 5018 mei

1775 5028 1937 5099 regis,
1957 5030 2051 5099 qui
2076 5038 2156 5085 est
2173 5031 2226 5085 in
2247 5038 2457 5090 sancto.
2474 5036 2855 5094 Praevenerunt
2888 5045 3159 5116 principes
3180 5065 3317 5107 con-

176 5097 493 5171 Προέφθασαν
530 5109 783 5178 ἄρχοντες
821 5113 1061 5183 ἐχόμενοι
1098 5108 1415 5185 ψαλλόντων,
1440 5097 1497 5173 ἐν
1532 5097 1680 5193 μέσῳ

1785 5097 1948 5185 iuncti
1965 5097 2315 5186 psallentibus
2344 5123 2399 5176 in
2417 5125 2594 5180 medio
2620 5097 3156 5192 solemnem;
3176 5097 3317 5210 ἶίιῆ-

177 5191 394 5278 νεανίδων
433 5199 888 5270 τυμπανιστριῶν.
924 5202 1008 5256 Ἑν
1043 5205 1351 5274 ἐκκλησίαις
1414 5191 1679 5278 εὐλογεῖτε

177 5275 253 5369 τὸν
281 5278 397 5335 Θεὸν
420 5283 619 5356 Κύριον
647 5288 711 5339 ἐκ
743 5279 926 5359 πηγῶν
975 5293 1205 5365 Ἰσραήλ.
1253 5295 1394 5347 Ἐκεῖ
1424 5275 1676 5369 Βενιαμὶν

180 5366 404 5459 vidrier»;
424 5376 497 5459 ἐν
536 5377 815 5442 ἐκστάσει,
863 5381 1114 5451 ἄρχοντες
1170 5372 1367 5451 Ἰούδα,
1419 5366 1676 5459 ἡγεμόνες

183 5451 366 5544 αὐτῶν,
404 5458 653 5529 ἄρχοντες
698 5460 989 5530 Ζαϐουλὼν,
1017 5467 1266 5538 ἄρχοντες
1290 5451 1614 5544 Νεφθαλείμ.

185 5538 433 5597 Κάνταῦθα
454 5549 575 5610 τοὺς
600 5548 948 5619 δηλουμένους
972 5552 1228 5624 ἄρχοντας
1250 5538 1569 5629 Νεφθαλεὶμ
1579 5560 1675 5614 οὐκ

241 5715 279 5746 ⁸³
307 5715 445 5774 Joan.
479 5738 560 5785 iv,
592 5723 686 5777 55.
764 5726 804 5756 ⁸³
841 5725 938 5781 lsa.
968 5745 1072 5781 xvu
1095 5769 1108 5794 ,
1143 5731 1191 5785 5.

1780 5203 2180 5273 panistriaru‘m.
2223 5207 2284 5261 In
2336 5211 2583 5268 ecclesiis
2622 5215 2924 5275 benedicite
2952 5221 3059 5278 Deo
3087 5203 3317 5285 Domino

1778 5293 1846 5348 de
1876 5293 2110 5350 fontibus
2141 5295 2325 5353 Israel.
2366 5294 2480 5356 Illic
2507 5302 2784 5374 Benjamin
2812 5310 2996 5379 junior
3023 5315 3077 5368 in
3121 5321 3317 5377 mentis

1779 5399 2025 5448 excessu,
2056 5387 2326 5457 principes
2368 5389 2526 5457 Juda,
2558 5394 2722 5452 duces
2744 5398 3005 5469 ipsorum,
3048 5408 3320 5479 principes

1782 5475 2039 5540 Zahulon,
2066 5479 2334 5550 principes
2370 5481 2704 5552 Nephtbalim
2736 5490 2801 5544 “.
2832 5511 2850 5543 ι
2887 5492 3000 5548 Hoc
3019 5475 3240 5567 quoque
3263 5503 3319 5555 in

1779 5566 1900 5620 loco
1931 5574 2023 5622 eos
2068 5569 2160 5638 qui
2203 5571 2462 5628 dicuntur
2512 5578 2782 5652 principes
2812 5566 3157 5655 Nepbtlialim
3209 5595 3325 5643 non

1296 5736 1338 5766 '“
1374 5736 1513 5792 Psal.
1546 5752 1719 5806 uvu,
1750 5741 1936 5798 25-38.
