3740 6330
389 349 495 406 687

1040 339 1298 396 EUSEBII
1333 341 1800 399 CESARIENSIS
1837 342 1984 398 OPP.
2022 341 2198 398 PARS
2223 343 2288 399 ll.
2329 370 2394 382 —
2421 342 2901 400 APOLOGETICA
2933 381 2946 398 ι

3534 347 3626 407 68!

379 466 516 518 alios
544 477 662 517 esse
691 475 886 514 censeo
929 474 1090 529 quam
1124 463 1392 530 apostolos
1421 483 1434 518 :
1479 465 1602 518 inde
1637 464 1779 518 enim
1813 477 1897 516 eos

2059 464 2196 528 κλους
2232 463 2468 535 ἡγοῦμαι
2501 465 2604 517 τῶν
2638 465 2970 518 ἀποστόλων
3023 458 3400 528 τυγχάνειν·
3437 463 3625 520 ἐνθένδε

382 553 625 607 Salvator
653 564 716 602 ac
745 547 1002 604 Dominus
1050 559 1236 606 noster
1281 552 1459 622 elegit,
1482 562 1540 606 ut
1587 568 1616 605 a
1667 552 1915 606 Mattme

377 643 633 711 scriptum
665 647 768 694 est.
810 639 1111 710 lngressum
1147 657 1270 697 vero
1316 643 1381 696 ad
1427 643 1692 707 homines,
1717 642 1915 696 adven-

301 762 326 779 .
375 740 596 798 tumque
627 727 720 782 Dei
737 726 897 782 Verbi
928 742 1047 781 cum
1069 744 1312 798 corpore,
1339 730 1465 782 dum
1497 730 1642 782 canit
1672 729 1914 798 Scriptu-

375 835 458 883 ra,
491 819 570 873 sic
600 818 675 871 ait
703 838 716 871 :
755 835 775 868 ι
822 817 945 871 Visa
975 825 1100 871 sunt
1130 818 1319 872 itinera
1351 827 1458 880 tua,
1486 817 1646 881 Deus,
1679 838 1696 869 ι
1731 825 1783 873 et
1809 834 1914 873 cae-

376 918 512 962 tera.
543 903 777 975 Hujusce
802 921 962 976 porro
995 906 1254 961 adventus
1288 923 1409 961 cum
1431 909 1584 977 quasi
1611 923 1913 978 praecurso-

376 1015 463 1054 res
493 999 689 1052 fuerint
723 1004 925 1052 veteres
961 995 1068 1052 Deo
1097 997 1253 1050 amici
1293 997 1580 1067 prophetae,
1615 997 1679 1050 ad
1713 999 1912 1067 psalte-

376 1089 515 1140 rium
549 1094 600 1139 et
629 1085 694 1138 ad
724 1085 900 1138 omnis
925 1085 1138 1153 generis
1167 1087 1429 1154 spiratilia
1467 1087 1820 1141 instrumenta
1844 1087 1910 1140 il-

374 1179 483 1232 lum
519 1177 571 1230 in
599 1177 778 1231 choris
807 1175 1178 1245 praedicantes,
1201 1185 1253 1230 et
1283 1177 1528 1233 laudibus
1572 1179 1907 1232 celebrantes

374 1275 783 1326 antevenerunt,
829 1267 881 1318 in
933 1265 1108 1320 medio
1135 1264 1645 1320 adolescentularum
1691 1274 1906 1336 tympa-

372 1357 704 1412 nistriarum.
774 1354 982 1425 Ubique
1035 1356 1177 1409 enim
1230 1355 1286 1408 in
1347 1355 1550 1410 medios
1596 1353 1902 1409 Judaeorum

297 1435 299 1438 ί
371 1454 664 1515 conventus
691 1446 959 1516 progressi
1002 1445 1167 1499 divini
1203 1446 1490 1515 prophetae,
1519 1446 1717 1502 Christi
1752 1455 1904 1502 tanto

371 1547 497 1594 ante
526 1539 915 1593 denuntiabant
944 1538 1230 1591 adventum
1259 1557 1272 1593 :
1303 1540 1428 1607 quin
1456 1539 1612 1594 etiam
1640 1539 1798 1593 iidem
1820 1541 1904 1594 di~

370 1630 497 1684 vino
527 1627 717 1698 spiritu
749 1628 908 1682 atllati
941 1627 1235 1682 Salvatoris
1288 1630 1460 1683 nostri
1503 1629 1794 1698 discipulos
1823 1630 1903 1683 al-

2013 555 2120 624 γάρ
2143 555 2336 617 αὐτοὺς
2371 556 2399 606 ὁ
2425 555 2608 624 Σωτὴρ
2646 555 2740 606 καὶ
2772 551 3000 621 Κύριος
3044 548 3217 618 ἡμῶν
3243 548 3630 618 ὼναλέλεκται,

2013 640 2151 694 κατά
2171 639 2266 710 τὴν
2289 641 2560 693 Ματθαίου
2587 640 2916 709 παράθεσιν.
2950 638 3074 704 Τὴν
3103 637 3190 697 είς
3219 635 3566 706 ἀνθράητους
3586 642 3634 696 δὲ

2012 733 2232 802 πορείαν
2257 733 2352 784 καὶ
2375 733 2472 802 τὴν
2498 731 2759 801 ἑνσαρκον
2785 727 3105 796 ἐπιδημίαν
3140 724 3245 778 τοῦ
3325 726 3460 781 Θεοῦ
3484 731 3637 800 Λόγου

2011 821 2336 885 θεσπίζουσα
2371 824 2403 891 ὴ
2446 821 2633 891 Γραφή
2673 835 2865 889 φησιν,
2903 835 2924 868 ι
2970 813 3273 885 Ἐθεωρήθ
3319 832 3456 886 ησαν
3479 821 3637 875 αἰπο-

2011 913 2146 984 ρεῖαί
2186 929 2276 966 σου
2301 913 2330 964 ό
2354 912 2484 974 Θεὸς
2503 951 2518 975 ,
2555 931 2572 962 ι
2602 910 2698 963 καὶ
2737 909 2811 962 τὰ
2837 909 2997 978 ἑξῆς.
3033 906 3276 975 Ταύτης
3342 907 3400 960 δὲ
3421 908 3518 978 τῆς
3541 912 3639 966 επις

2009 999 2230 1067 φανείας
2266 999 2462 1051 ὡσανεὶ
2489 998 2786 1068 πρόδρομοι
2821 995 3124 1064 γεγονότες
3148 995 3205 1046 οἱ
3244 996 3457 1050 πάλαι
3479 997 3635 1068 θεοφι-

2007 1089 2114 1152 λείς
2139 1089 2422 1158 προφῆται,
2439 1087 2526 1140 διὰ
2547 1087 2856 1158 ψαλτηρίου
2884 1085 2986 1138 καὶ
3012 1082 3204 1154 χορῶν
3231 1101 3274 1136 κ
3293 1086 3371 1138 -αὶ
3394 1088 3634 1142 παντοίων

2007 1179 2380 1246 πνευματικῶν
2404 1180 2648 1250 ὀργάνων
2676 1178 3082 1248 κηρύττοντες,
3113 1174 3220 1228 καὶ
3256 1175 3634 1246 ἂνυμνοῦντες

2005 1267 2342 1337 προέφθασαν
2377 1270 2432 1320 ὲν
2460 1268 2608 1339 μέσῳ
2643 1267 2913 1321 νεανίδων
2940 1267 3474 1337 τυμπανισεριῶν.
3510 1270 3630 1322 Πάν-

2002 1373 2108 1418 τως
2131 1357 2235 1426 γάρ
2257 1373 2357 1408 που
2381 1355 2488 1410 τῶν
2515 1357 2578 1409 ὲκ
2599 1355 2916 1426 περιτομῆς
2958 1354 3349 1422 συναγωγῶν
3377 1359 3458 1420 εὶς
3491 1359 3630 1427 μέσον

2003 1447 2280 1517 παριόντες
2329 1448 2376 1499 οί
2424 1447 2551 1500 θεῖοι
2591 1446 2878 1518 προφῆται
2925 1444 3034 1513 τὴν
3067 1443 3171 1498 τοῦ
3213 1446 3264 1496 Χ
3299 1448 3488 1516 ριστοῦ
3513 1466 3627 1519 προ-

2003 1536 2355 1606 κατήγγελλον
2399 1535 2609 1604 ἄφιξιν·
2671 1537 2720 1588 οξ
2757 1535 2817 1588 δὲ
2855 1534 3027 1587 αὐτοὶ
3053 1535 3138 1605 τῷ
3177 1535 3345 1605 θείῳ
3382 1537 3624 1608 πνεύματι

1998 1629 2110 1689 τοῖς
2145 1626 2238 1679 τοῦ
2279 1626 2524 1696 Σωτῆρος
2565 1625 2725 1695 ἡμῶν
2764 1625 3114 1688 ἀποστόλοις
3145 1627 3527 1696 προεφὼνουν
3559 1629 3622 1682 λέι

371 1719 726 1790 toquebantur
752 1719 992 1774 dicentes
1018 1737 1032 1774 :
1065 1737 1082 1770 ι
1117 1718 1173 1772 1η
1198 1719 1452 1773 Ecclesiis
1478 1717 1774 1774 benedicite
1795 1718 1897 1773 Deo

2059 1735 2183 1780 ιντες
2200 1734 2213 1747 ’
2247 1737 2266 1770 ι
2305 1719 2390 1771 Ἐν
2427 1716 2774 1784 Ἐκκλησίαις
2802 1716 3104 1784 εὐλογεῖτε
3130 1717 3230 1771 τδν
3257 1717 3417 1770 θεὸν
3440 1719 3620 1790 Κύριον

370 1811 594 1864 Domino
636 1808 702 1863 de
727 1807 964 1861 fontibus
1016 1809 1200 1864 Israel.
1231 1827 1250 1860 ι
1293 1808 1488 1862 Fontes
1529 1816 1702 1862 autem
1739 1810 1897 1864 Israel

2059 1830 2062 1859 μ
2105 1808 2292 1877 πηγῶν
2329 1807 2560 1878 Ἰσραήλ.
2599 1826 2617 1858 ι
2662 1807 2851 1877 Πηγαὶ
2888 1806 2950 1859 δὲ
3002 1807 3242 1878 Ἰσραὴλ
3299 1809 3352 1860 οί
3391 1786 3537 1876 λόγοί
3568 1809 3622 1863 ἂν

370 1901 532 1955 verba
564 1899 783 1956 fuerint.
816 1913 933 1966 quae
961 1899 1059 1968 ipsi
1097 1897 1256 1953 Israel
1287 1899 1481 1952 tradita
1515 1909 1639 1952 sunt
1670 1917 1682 1952 :
1711 1900 1900 1968 primis

368 1992 510 2047 enim
545 1992 652 2046 illis
703 1991 903 2045 credita
935 2002 1060 2046 sunt
1088 1992 1175 2046 Dei
1199 1993 1436 2053 oracula,
1464 1990 1602 2045 unde
1633 2007 1729 2046 nos
1766 2007 1901 2061 quo-

368 2097 473 2152 que
500 2081 810 2136 haurientes
837 2080 1041 2136 Christi
1066 2080 1334 2135 Eeclesias
1361 2081 1586 2148 irrigare
1613 2081 1897 2150 oportebit.

367 2163 813 2228 Adolescentulas
834 2181 1012 2226 autem
1041 2179 1094 2226 et
1139 2170 1540 2242 tympanistrias
1572 2170 1726 2234 dixit,
1753 2178 1809 2225 ut
1841 2187 1900 2226 eo

367 2265 528 2320 modo
551 2264 758 2319 animas
780 2265 905 2318 olim
938 2265 1099 2318 vitam
1137 2278 1288 2318 suam
1317 2263 1382 2318 ad
1414 2263 1575 2318 Mosis
1604 2264 1770 2334 legem
1816 2264 1898 2318 di-

369 2358 622 2425 rigentes,
643 2363 696 2409 et
723 2355 1013 2410 secundum
1065 2369 1262 2424 corpus
1311 2354 1594 2422 plurimum
1650 2354 1899 2424 degentes

367 2446 714 2515 signiﬁcaret,
747 2445 834 2497 ubi
865 2443 991 2496 dum
1021 2443 1448 2498 adolescentulas
1473 2443 1686 2512 quidem
1716 2451 1892 2506 vocat,

366 2549 550 2588 earum
575 2533 761 2586 rudius
783 2543 940 2600 atque
972 2529 1334 2599 imperfectius
1372 2523 1700 2599 propositum
1726 2537 1895 2592 notat,

366 2624 492 2675 dum
548 2629 724 2674 autem
777 2619 1197 2690 tympanistrias,
1243 2619 1550 2673 earumdem
1604 2619 1896 2687 corporalis

366 2712 696 2766 adorationis
729 2725 881 2764 usum
915 2708 1136 2778 intelligi
1167 2710 1298 2762 vult.

367 2821 524 2893 M2
559 2823 630 2873 Ab
655 2821 819 2873 Isaia.
841 2847 907 2856 -—-
937 2818 1007 2893 De
1027 2819 1320 2884 prophetica
1343 2819 1573 2893 lectique,
1601 2834 1755 2886 quam
1786 2819 1895 2893 ipse

435 2887 687 2944 Dominus
742 2897 912 2941 noster
965 2889 1019 2939 in
1076 2895 1321 2941 conventu
1385 2887 1690 2942 Iudaeorum
1749 2887 1898 2940 exhi-

436 2960 564 3014 buit.

440 3086 458 3117 ι
496 3065 729 3135 Spiritus
759 3065 964 3120 Domini
1000 3081 1162 3134 super
1191 3081 1295 3128 me,
1329 3075 1546 3136 propter
1571 3067 1714 3138 quod
1744 3069 1894 3124 unxit
1919 3094 1960 3151 ο

366 3169 469 3209 me.
533 3153 908 3224 Evangelizare
958 3152 1282 3222 pauperibus
1335 3154 1482 3208 misit
1539 3171 1644 3220 me,
1703 3171 1894 3212 sanare

365 3244 624 3299 eontritos
645 3243 826 3306 corde,
859 3243 1148 3310 praedicare
1168 3243 1393 3312 captivis
1417 3243 1806 3308 remissionem,
1841 3253 1894 3299 et

365 3334 521 3389 caecis
553 3333 747 3395 visum,
773 3346 964 3386 vocare
1003 3345 1199 3385 annum
1251 3330 1458 3386 Domini
1507 3341 1802 3402 acceptum,
1841 3340 1894 3388 et

365 3425 506 3479 diem
531 3421 900 3477 retributionis
930 3421 994 3474 ⁸⁸.
1036 3439 1054 3470 ι
1078 3418 1188 3474 Hoc
1215 3435 1427 3489 quoque
1449 3421 1753 3474 vaticinium
1783 3422 1893 3490 ipse

367 3512 623 3568 Dominus
655 3517 836 3564 noster
869 3510 922 3562 in
973 3510 1156 3577 seipse
1198 3509 1519 3578 completum
1553 3525 1672 3565 esse
1699 3510 1894 3564 contir-

366 3609 496 3664 mat,
531 3614 640 3668 quo
692 3606 928 3665 tempore
956 3611 1078 3650 cum
1125 3597 1356 3650 venisset
1391 3596 1444 3648 in
1474 3594 1757 3661 Nazareth,
1803 3598 1893 3652 ubi

365 3690 539 3741 fuerat
570 3687 850 3744 educatus,
876 3684 1153 3752 ingressus
1182 3693 1283 3748 est,
1314 3691 1372 3737 ut
1404 3684 1630 3748 solebat,
1661 3684 1892 3753 quodam

369 3783 720 3836 Sabbatorum
767 3779 854 3833 die
887 3794 940 3831 tn
970 3785 1317 3841 conventum,
1353 3778 1616 3847 siquidem
1641 3784 1889 3846 surgent;

367 3871 444 3924 illi
478 3876 756 3939 porrectus
785 3874 866 3921 est
893 3867 1028 3920 liber
1055 3863 1203 3920 lsaize
1261 3865 1554 3934 prophetae,
1583 3881 1740 3934 quem
1769 3881 1891 3920 eum

365 3960 673 4019 evolvisset,
713 3958 838 4026 legit
866 3956 995 4009 illud
1043 3957 1184 4024 quod
1241 3956 1295 4010 in
1346 3971 1408 4011 eo
1457 3956 1714 4025 scriptum
1759 3965 1888 4011 est:

371 4071 390 4101 ι
428 4047 660 4116 Spiritus
717 4043 926 4098 Domini
973 4059 1134 4112 super
1161 4059 1264 4108 me,
1297 4051 1514 4112 propter
1545 4042 1686 4112 quod
1741 4045 1892 4097 unxit

368 4153 471 4192 me.
505 4134 880 4204 Evangelizare
911 4133 1236 4201 pauperibus
1266 4133 1413 4186 misit
1467 4147 1572 4196 me,
1603 4133 1890 4201 praadieare

365 4227 592 4295 captivis
640 4223 1030 4285 remissionem,
1076 4229 1128 4276 et
1180 4224 1340 4278 caecis
1401 4222 1597 4286 visum,
1628 4221 1892 4276 dimittere

366 4315 668 4370 contractos
693 4314 746 4366 in
774 4313 1141 4368 remissionem
1179 4332 1191 4367 :
1232 4327 1425 4368 vocare
1453 4327 1651 4366 annum
1683 4310 1890 4365 Domini

1998 1897 2123 1961 εἷεν,
2157 1899 2206 1951 οἱ
2229 1897 2304 1968 τῷ
2337 1896 2548 1968 Ἰσραὴλ
2589 1897 3075 1968 παραδεδομένον
3107 1897 3351 1969 πρῶτοι
3378 1899 3488 1971 γὰρ
3521 1901 3624 1954 ὲπι-

2000 1987 2293 2057 στεύθησαν
2333 1987 2399 2040 τὰ
2431 1987 2583 2054 λόγια
2619 1987 2714 2040 τοῦ
2760 1987 2943 2051 Θεοῦ,
2979 1988 3113 2041 ὅθεν
3157 1989 3518 2055 ἀντλοῦντας
3547 1993 3624 2045 καὶ

1996 2080 2141 2148 ἡμᾶς
2170 2078 2409 2150 ἀρδεύειν
2452 2078 2628 2148 δεήσει
2664 2077 2765 2142 τὰς
2804 2079 3172 2150 Ἐκκλησίας
3209 2079 3332 2134 τοῦ
3381 2083 3624 2154 Χριστοῦ.

1997 2169 2257 2232 Νεάνιδας
2280 2169 2337 2222 δὲ
2362 2168 2454 2222 καὶ
2475 2169 2924 2238 τυμπανιστρίας
2948 2169 3058 2234 τὰς
3093 2171 3295 2225 πάλαι
3324 2172 3626 2243 σωματικὼ-

1995 2272 2149 2326 τερον
2207 2255 2347 2309 κατά
2410 2256 2502 2308 τὸν
2543 2256 2829 2320 Μωῦσέως
2892 2259 3078 2329 νόμον
3160 2260 3417 2331 βιούσας
3472 2263 3625 2333 ψυχὰς

1995 2345 2240 2414 ᾐνίξατο,
2271 2345 2357 2398 διὰ
2397 2345 2495 2415 μὲν
2527 2345 2589 2396 τὸ
2623 2343 2923 2416 νεώτερον.
2941 2349 3046 2402 καὶ
3071 2350 3294 2414 ἀτεὶὲς-
3319 2351 3417 2405 τοῦ
3444 2352 3623 2422 φρονή·

1998 2453 2161 2506 ματος
2185 2437 2426 2499 νεάνιδας
2448 2476 2463 2499 ,
2498 2435 2585 2489 διὰ
2615 2436 2672 2490 δὲ
2697 2437 2758 2489 τὸ
2785 2438 2930 2509 περὶ
2985 2442 3344 2513 σωματικὴν
3381 2441 3619 2512 κατατρί-

1995 2526 2180 2580 ϐεσθαι
2209 2527 2499 2597 θρησκείαν
2525 2529 2982 2599 τυμπανιστρίας
3022 2531 3206 2596 αύτάς
3248 2532 3614 2595 ἀποκαλέσας·

2009 2807 2130 2860 Ἀπὸ
2154 2806 2266 2878 τοῦ
2321 2808 2582 2878 'an‘tov.
2607 2839 2675 2878 έ-
2700 2808 2848 2875 Περὶ
2899 2808 3018 2876 τῆς
3060 2809 3452 2878 προφητικῆς
3472 2811 3598 2863 dm-

2059 2873 2348 2953 γζώσεως,
2372 2875 2450 2940 ἣν
2477 2877 2662 2954 ειὺτὸς
2697 2881 2731 2930 ό
2765 2873 3002 2998 Κύὲιοξ
3233 2873 3493 2947 διῆλθεν
3511 2877 3597 2930 ἐπὶ

2060 2961 2166 2998 τη(-
2191 2959 2541 2998 συναγωγηρ
2571 2962 2693 2998 των
2728 2947 2844 2998 Ἰου
2887 2948 3072 2998 alam

2060 2947 2166 3010 τῆς
2191 2947 2541 3014 συναγωγῆς
2571 2947 2693 2998 τῶν
2728 2947 3072 3000 Ἰουδαίων.

2067 3073 2086 3106 ι
2117 3054 2337 3124 Πνεῦμα
2382 3056 2589 3126 Κυρίου
2631 3058 2719 3109 ἐπ’
2762 3057 2894 3128 ἐμὲ,
2927 3050 2994 3110 οὗ
3044 3059 3254 3112 εἵνεκεν
3291 3057 3484 3129 ἐχρισέ
3519 3071 3596 3125 με.
3678 3041 3684 3064 ’

1992 3143 2449 3213 Εὐαγγελίσασθαι
2496 3149 2740 3216 πτωχοῖς
2788 3148 3130 3203 ἀπέσταλκέ
3185 3165 3288 3220 με,
3354 3145 3596 3201 ἰάσασθαι

1990 3238 2114 3301 τοὺς
2141 3239 2624 3310 συντετριμμένους
2650 3241 2754 3312 τὴν
2789 3242 3061 3312 καρδίαν,
3102 3245 3201 3297 καί
3225 3243 3479 3314 κηρύξαι
3497 3240 3603 3307 αἰχ·

1995 3325 2254 3399 μωέιτοις
2296 3328 2486 3396 ἄφεσιν
2511 3367 2526 3390 ,
2574 3331 2671 3384 καὶ
2718 3333 2957 3401 τυφλοῖς
2995 3337 3340 3408 ἀνάϐλεψιν,
3399 3333 3614 3388 καλέσαι

1995 3419 2230 3472 ἐνιαυτὸν
2253 3418 2454 3489 Κυρίου
2482 3419 2693 3485 δεκτόν,
2721 3423 2820 3475 καὶ
2851 3425 3082 3497 ἡμέραν
3110 3426 3566 3484 ἀνταποδόσεως.
3599 3438 3615 3470 ι

1990 3509 2097 3561 Καὶ
2127 3508 2322 3578 ταύτην
2347 3508 2507 3572 αὐτὸς
2531 3511 2559 3561 ὁ
2591 3511 2803 3582 Κύριος
2831 3515 3002 3584 ήμῶν
3039 3517 3146 3589 τὴν
3183 3517 3522 3590 πρόρρησιν
3551 3511 3620 3572 εἰς

1991 3598 2174 3652 ἑαυτὸν
2214 3597 2462 3669 ὁμολογεῖ
2499 3600 2940 3671 πεπληρῶσθαι,
3001 3607 3096 3660 ὅτε
3119 3647 3136 3669 ,
3175 3605 3374 3661 ἐλθὼν
3419 3603 3503 3664 εἰς
3539 3597 3625 3667 τὴν

1989 3687 2265 3759 Ναζαρὲθ,
2291 3683 2351 3741 οὗ
2375 3684 2441 3758 ἦν
2479 3689 2985 3762 ἀνατεθραμμένος
3007 3734 3024 3756 ,
3055 3697 3338 3767 εἰσῆλθεν
3361 3733 3378 3757 ,
3412 3689 3554 3745 κατά
3576 3685 3630 3738 τὸ

1988 3776 2172 3840 εἰωθὸς
2191 3777 2356 3847 αὐτῷ,
2379 3777 2435 3830 ὲν
2458 3781 2525 3849 τῇ
2549 3780 2738 3852 ἡμέρα
2759 3783 2874 3835 τῶν
2903 3785 3222 3842 Σαϐϐάτων
3245 3788 3356 3848 εις
3382 3783 3490 3852 τὴν
3520 3793 3634 3831 συν·

1989 3865 2230 3934 αγωγήνο
2259 3866 2548 3919 ἀναστάντι
2579 3868 2638 3920 δὲ
2659 3869 2814 3940 αὐτῷ
2845 3872 3096 3946 ἐπεδόθη
3139 3873 3412 3932 Ἠσαίας
3449 3871 3480 3921 ὁ
3517 3879 3639 3934 προ·

1990 3957 2161 4025 φήτης
2179 3994 2194 4018 ,
2219 3947 2279 4007 οὗ
2318 3957 2411 4009 καὶ
2440 3957 2755 4023 ἀναπτύξας
2776 3961 2884 4032 τὴν
2917 3962 3115 4032 βίϐλον
3139 4006 3156 4030 ,
3185 3961 3448 4028 ἀνέγνω
3470 3957 3535 4009 τὸ
3560 3957 3642 4020 ὲϊ·

1987 4046 2358 4114 γεγραμμένον
2377 4063 2390 4075 ο
2421 4065 2438 4096 ι
2485 4047 2712 4118 Πνεῦμα
2740 4051 2964 4122 Κυρίου
2993 4059 3087 4110 ἐπ’
3129 4060 3288 4128 ἐμὲ,
3344 4046 3416 4104 οῗ)
3449 4051 3650 4102 εἵνεκεν

1988 4133 2167 4204 ἐχρισέ
2209 4151 2294 4203 με,
2336 4136 2810 4204 Εὑαγγελίσασθαι
2848 4150 3106 4215 πτωχοῖς
3151 4151 3264 4202 ἀπέ
3309 4139 3530 4195 σταλκέ
3575 4150 3657 4204 με,

1988 4225 2216 4295 κηρύξαι
2241 4226 2601 4296 αἰχμαλώτοις
2625 4229 2826 4298 ἄφεσιν
2848 4271 2864 4296 ,
2893 4238 3000 4288 καὶ
3025 4240 3263 4309 τυφλοῖς
3335 4226 3663 4294 ἀνάβλεψιν,

1989 4315 2296 4367 ἀποστεῖλαι
2319 4316 2754 4386 τεθραυσμένους
2789 4321 2851 4374 ἐν
2880 4325 3093 4392 ἀφέσει
3116 4369 3134 4394 ,
3173 4323 3471 4384 καλρέσαι
3499 4319 3669 4371 tvmv-

367 4413 666 4473 acceptum.
703 4401 765 4455 Et
813 4418 932 4455 cum
992 4402 1267 4470 plicuisset
1300 4402 1514 4464 librum,
1544 4401 1888 4456 reddidisset-

2059 4403 2298 4472 ιΚυρίου
2322 4403 2526 4459 δεκτόν.
2569 4407 2680 4460 Καὶ
2720 4411 2944 4478 πτύξας
2986 4417 3053 4469 τὸ
3094 4417 3363 4487 βιϐλία-ιν
3393 4450 3412 4475 ,
3439 4406 3668 4464 ἀποδοὺς

351 4509 470 4565 .que
494 4494 759 4554 ministro,
791 4498 900 4545 tum
929 4492 1068 4546 sedit
1099 4509 1114 4548 :
1145 4498 1198 4545 et
1235 4491 1473 4544 omnium
1509 4490 1646 4544 oculi
1677 4491 1730 4545 in
1759 4507 1889 4545 con-

365 4597 528 4644 ventu
547 4593 699 4643 erant
721 4586 909 4639 intenti
941 4585 993 4638 in
1041 4584 1210 4638 illum.
1263 4583 1443 4660 Itaque
1471 4585 1633 4653 coapit
1675 4585 1739 4638 ad
1771 4586 1888 4641 illos

365 4679 564 4740 dicere,
594 4675 732 4744 quod
787 4676 878 4730 illo
906 4675 999 4728 die’
1030 4674 1286 4742 completa
1315 4681 1456 4728 esset
1505 4675 1771 4745 scriptura
1803 4676 1890 4729 illa

369 4768 423 4820 in
455 4768 672 4822 auribus
696 4765 990 4820 illorum“.
1022 4784 1038 4814 ι
1076 4763 1213 4834 Ergo
1257 4761 1500 4817 Salvator
1543 4780 1605 4818 ac
1633 4765 1889 4820 Dominus

370 4865 550 4911 noster
574 4874 637 4912 ex
669 4858 768 4911 hac
803 4858 959 4927 plane
995 4855 1257 4925 scriptura
1303 4854 1515 4908 videtur
1543 4857 1698 4927 longe
1717 4858 1892 4911 excel-

368 4947 562 5001 lentius
588 4962 650 5000 ae
678 4949 864 5002 melius
895 4962 1050 5016 quam
1073 4947 1148 4998 illi
1175 4947 1480 5001 sacerdotes
1508 4948 1596 5018 qui
1621 4949 1746 5002 olim
1781 4963 1892 5001 cor.

369 5033 537 5100 porali
583 5035 833 5088 unctione
879 5034 1231 5103 ungebantur,
1263 5049 1368 5088 non
1419 5035 1536 5089 oleo
1583 5043 1891 5104 comparato

371 5133 542 5187 neque
586 5121 651 5172 ab
693 5121 1018 5187 hominibus,
1051 5131 1107 5176 ut
1129 5124 1217 5176 alii
1248 5125 1509 5187 solebant,
1539 5123 1631 5178 sed
1682 5124 1881 5186 divino,

370 5209 473 5260 hoc
503 5215 604 5270 est,
639 5207 729 5262 Dei
757 5209 1038 5279 Patrisque
1089 5215 1172 5266 sui
1214 5215 1414 5284 Spiritu
1446 5222 1640 5268 unctus
1671 5231 1685 5267 :
1718 5230 1748 5268 a
1779 5229 1885 5283 quo

369 5295 529 5348 etiam
565 5294 683 5358 ejus
724 5295 1016 5353 divinitatis
1045 5316 1162 5368 quae
1197 5303 1330 5358 facta
1365 5321 1471 5359 non
1529 5315 1630 5366 est,
1668 5318 1885 5372 compos

369 5384 588 5465 eti'ectus
621 5381 760 5438 Deus
790 5401 850 5440 ac
883 5387 1142 5444 Dominus
1173 5393 1224 5444 in
1255 5396 1425 5449 sacris
1465 5394 1638 5448 dictus
1690 5401 1771 5446 est
1798 5390 1887 5442 Li-

370 5473 502 5527 bris.
556 5471 687 5525 lluic
716 5476 1004 5546 prephetia:
1048 5496 1160 5550 qua:
1189 5498 1330 5535 nunc
1381 5492 1639 5538 tractatur
1692 5480 1886 5538 sitnilia

439 5651 482 5682 ⁸⁸
519 5647 621 5704 lsa.
659 5665 766 5717 ut,
803 5653 848 5706 1.
927 5655 969 5687 ⁸⁸
1008 5658 1134 5714 Luc.
1176 5675 1256 5725 tv,
1294 5660 1469 5716 18σὲ1.

1987 4492 2064 4563 τῷ
2092 4494 2356 4566 ὑπηρέτῃ,
2391 4496 2629 4551 ἐκάθισε.
2657 4503 2774 4554 Καὶ
2811 4505 3049 4561 πάντων
3073 4513 3125 4562 οἱ
3151 4502 3496 4580 ὀφθαλμοὶ
3525 4501 3582 4552 ἐν
3605 4497 3666 4569 τῇ

1993 4588 2272 4673 συναγωγῇ
2320 4583 2456 4656 ἦσαν
2509 4589 2856 4658 ἀτενίζοντες
2899 4599 3085 4671 αὐτῷ.
3120 4603 3268 4673 Ἥρξ
3307 4615 3420 4651 ατο
3455 4595 3518 4649 δὲ
3568 4591 3652 4646 λέ-

1991 4687 2107 4738 γειν
2133 4671 2264 4740 πρὸς
2289 4673 2506 4739 αὐτοὺς,
2535 4677 2640 4740 ὅτι,
2672 4680 2934 4754 Σήμερον
2961 4688 3154 4760 πεπλή
3165 4671 3347 4759 prora:
3367 4689 3402 4758 ἡ
3426 4686 3481 4737 Γ
3464 4681 3618 4757 pag”)

1991 4760 2129 4830 αῦτη
2149 4762 2206 4812 ἐν
2247 4765 2358 4825 τοῖς
2398 4763 2532 4818 ὠσὶν
2575 4768 2753 4838 ὑμῶν.
2799 4789 2819 4822 ι
2877 4773 2940 4828 '0
2983 4777 3092 4847 μὲν
3137 4775 3224 4832 οὖν
3267 4777 3480 4847 Σωτὴρ
3503 4773 3600 4828 ’γαὶ

1987 4849 2185 4920 Κύριος
2207 4852 2361 4921 ἡμῶι
2381 4852 2469 4906 διὰ
2501 4857 2708 4928 ταύτης
2735 4861 3000 4928 φαίνεται
3036 4869 3224 4936 σαφῶς
3246 4867 3355 4935 τῆς
3377 4867 3422 4916 Γ
3428 4862 3600 4934 μφῆς

1986 4938 2340 5010 διαφερόντως
2367 4945 2461 4996 καὶ
2494 4949 2824 5017 κρειττόνως
2853 4954 3018 5024 παρά
3053 4958 3177 5019 τοὺς
3206 4953 3386 5008 πάλαι
3411 4967 3595 5018 σωμ-

1988 5027 2274 5099 τικώτερον
2309 5035 2634 5104 χριομένους
2675 5041 2866 5111 ἱερέας
2888 5081 2904 5106 ,
2947 5045 3056 5097 οὐκ
3089 5046 3250 5119 ἐλαίῳ
3312 5033 3628 5098 cuneatim

1984 5120 2102 5173 οὐδὲ
2131 5122 2222 5173 ὑπ’
2256 5123 2583 5194 ἀνθρώπων,
2627 5131 2838 5200 ὁμοίως
2870 5138 2988 5199 τοῖς
3027 5137 3231 5208 ἀλλοις,
3325 5124 3453 5178 ἀλλ’
3479 5121 3639 5191 ὲγθέῳ

1987 5210 2262 5281 Πνεύματι
2293 5214 2458 5268 αὑτοῦ
2491 5216 2558 5288 δὴ
2591 5220 2690 5273 τοῦ
2719 5223 2861 5278 Θεοῦ
2909 5228 3009 5280 καὶ
3063 5229 3306 5300 Πατρὸς
3326 5216 3503 5277 αὐτοῦ
3519 5233 3608 5273 κε-

1986 5303 2274 5391 χρισμένος
2297 5321 2310 5334 ·
2343 5307 2472 5376 παρ’
2504 5304 2567 5363 οὗ
2601 5314 2701 5366 καὶ
2741 5315 2846 5386 τῆς
2877 5318 3182 5391 ἀγεννητου
3207 5319 3462 5391 θεότητος
3491 5331 3581 5385 με’

1985 5389 2199 5460 τασχὼν
2219 5432 2234 5456 ,
2262 5395 2391 5460 Θεὸς
2426 5399 2520 5451 καὶ
2545 5402 2762 5474 Κύριος
2794 5409 2936 5480 πρὸς
2961 5411 3072 5464 τῶν
3112 5411 3256 5480 ἱερῶν
3285 5407 3579 5477 ἀνηγόρεψ

1985 5497 2075 5534 ται
2104 5483 2352 5556 Γραφῶν.
2398 5489 2746 5563 Ἀκολούθως
2786 5499 2842 5554 δὲ
2889 5505 2959 5574 τῇ
2999 5501 3135 5574 μετὰ
3159 5502 3336 5572 χεῖρας
3368 5506 3570 5564 προφη-
