3740 6326
137 430 231 486 689

1029 437 1662 495 DEMONSTRATIONIS
1698 436 2138 494 EV‘ANGELleE
2174 437 2302 494 LIB.
2341 439 2428 495 IX.

3182 441 3285 496 690

134 545 243 618 τεία
277 550 508 618 πτωχοῖς
555 550 1034 625 εὐαγγελιζόμενος
1091 558 1359 625 εἰσάγεται
1410 558 1556 630 παρά
1588 558 1659 627 τῷ

1763 559 1946 615 scribit
1977 559 2275 623 Matthaeus,
2319 560 2409 613 ubi
2468 560 2614 613 illum
2668 575 2926 630 pauperes
2982 561 3283 628 evangeliee

135 637 396 706 Ματθαίῳ,
429 640 516 692 ὅτε
558 660 577 692 ι
622 643 747 696 ἰδὼν
779 645 902 708 τοὺς
929 645 1110 714 ὄχλους
1140 647 1300 717 ἀνέϐη
1335 649 1412 710 είς
1435 647 1493 700 τὸ
1511 648 1631 718 ὅρος
1650 689 1665 712 ,

136 727 217 778 καὶ
261 726 572 791 καθίσαντος
619 731 786 783 αὑτοῦ
812 772 826 796 ,
879 733 1172 801 προσῆλθον
1224 732 1368 802 αὐτῷ
1392 736 1439 784 οἱ
1496 733 1666 803 μαθη-

133 817 212 870 ταὶ
258 815 433 880 αὑτοῦ,
470 817 562 869 καλ⁸
601 820 820 884 ἀνοίξας
871 823 930 874 τὸ
971 823 1140 893 στόμα
1195 823 1353 876 αὐτοῦ
1397 823 1666 878 ἐδίδασκεν

135 905 337 968 αὐτοὺς,
377 906 584 974 λέγων’
628 911 900 982 Μακάριοι
942 913 990 965 οἱ
1038 912 1232 982 πτωχοὶ
1270 913 1350 983 τῷ
1382 913 1662 982 πνεύματι,

133 995 205 1047 ὅτι
238 996 406 1048 αὐτῶν
451 999 598 1050 ἐστιν
629 1001 662 1068 ή
696 1000 936 1068 βασιλεία
962 1002 1067 1054 τῶν
1093 1003 1350 1074 οὐρανῶν.
1379 1023 1396 1055 ι
1433 1004 1536 1056 Καὶ
1571 1021 1665 1056 τυ-

137 1085 267 1154 φλοῖς
291 1086 345 1139 δὲ
386 1089 683 1158 ἀνάϐλεψιν
735 1092 1140 1162 παρεσχημένος
1172 1093 1268 1145 οὐκ
1307 1093 1501 1161 ὀλίγοις
1537 1096 1664 1148 άνα-

135 1177 443 1248 γέγραπται·
481 1180 544 1231 ού
597 1180 762 1250 μόνον
799 1182 905 1253 γάρ
948 1184 1058 1244 τοῖς
1098 1183 1192 1244 τὰς
1235 1183 1382 1252 ὄψεις
1428 1183 1518 1236 τοῦ
1559 1183 1662 1236 σώ-

139 1281 282 1335 ματος
305 1266 690 1336 ήφανισμένοις
717 1271 780 1322 τὸ
811 1270 1023 1340 βλέπειν
1052 1270 1314 1340 ἐδωρεῖτο,
1338 1271 1471 1324 ἀλλά
1490 1289 1550 1339 γε
1574 1273 1664 1325 καὶ

134 1357 229 1417 τοῖς
248 1355 497 1426 πρότερον
528 1359 594 1428 τῇ
617 1358 769 1429 ψυχῇ
801 1358 1185 1428 τυφλώττουσιν
1203 1362 1369 1425 αἴτιος
1402 1364 1498 1433 τῆς
1526 1365 1662 1418 κατά

135 1443 239 1496 νοῦν
290 1444 537 1516 θεωρίας,
593 1450 691 1501 καὶ
745 1449 843 1518 τῆς
884 1449 1220 1515 ἐπιγνώσεως
1258 1450 1347 1502 τοῦ
1380 1451 1484 1504 τῶν
1531 1453 1662 1504 ὅλων

135 1534 248 1587 Θεοῦ
266 1535 498 1603 γέγονεν.
531 1538 646 1590 Καὶ
660 1539 837 1602 ἄλλως
861 1541 957 1610 τῆς
979 1537 1092 1592 οὖσι
1119 1541 1352 1610 δεσμίοις
1373 1543 1465 1595 καὶ
1488 1545 1662 1612 ἁπηγ-

141 1623 295 1692 μένοις
320 1625 689 1695 αἰχμαλώτοις
727 1629 832 1681 ὑπὸ
858 1630 957 1696 τῆς
987 1630 1211 1698 ἀοράτου
1234 1632 1325 1684 καὶ
1351 1632 1661 1702 δαιμονικῆς

135 1713 412 1784 δυνάμεως,
447 1715 636 1768 κακῶν
673 1734 736 1769 τε
786 1721 985 1785 σειραῖς
1033 1719 1415 1789 πεπεδημένοις
1454 1721 1661 1774 ἐλευθε-

139 1809 240 1879 ρίαν
283 1809 369 1861 καὶ
407 1809 592 1862 ἄνεσιν
627 1810 740 1863 τῶν
793 1812 1110 1881 συνεχόντων
1147 1813 1452 1882 ἐκήρυττεν,
1490 1815 1535 1865 εί
1567 1814 1659 1866 καὶ

1765 649 2113 703 instruentem
2142 649 2363 713 inducit,
2392 662 2498 717 quo
2543 656 2779 718 tempore
2813 667 2832 700 ι
2866 650 3052 704 videns
3096 650 3282 704 turbas

1763 736 2007 791 ascendit
2031 738 2087 790 in
2125 743 2378 800 montem,
2410 744 2465 790 et
2511 751 2632 790 cum
2675 737 2916 798 sedisset.
2942 745 3282 794 accesserurt

1763 828 1830 882 ad
1862 829 2006 881 illum
2033 827 2278 896 discrpuli
2316 828 2452 895 ejus,
2475 834 2528 881 et
2569 827 2810 896 aperiens
2834 844 2894 883 os
2923 845 3075 882 suum
3121 828 3284 882 doce-

1763 915 1854 970 bat
1878 931 1991 978 eos,
2050 916 2232 970 dicens
2265 935 2278 970 :
2335 915 2480 968 Beati
2511 931 2765 984 pauperes
2793 918 3000 986 spiritu,
3029 920 3278 984 quoniam

1763 1004 1998 1074 ipsorum
2024 1013 2106 1060 est
2130 1019 2348 1074 regnum
2382 1007 2637 1059 cmlorum
2671 1007 2736 1060 °'.
2767 1025 2786 1058 ι
2811 1005 2939 1058 Nam
2962 1007 3116 1060 etiam
3149 1007 3278 1060 illud

1763 1095 1964 1162 scripto
1999 1095 2262 1164 proditum
2293 1103 2393 1158 est,
2419 1095 2560 1164 quod
2583 1095 2740 1150 caecis
2771 1111 2872 1149 non
2900 1097 3080 1164 paucis
3104 1098 3278 1152 visum

1763 1185 2082 1248 restituerit;
2109 1184 2265 1256 ω
2295 1200 2400 1238 non
2431 1186 2601 1239 solum
2651 1187 2791 1239 enim
2838 1185 2924 1245 iis,
2967 1185 3056 1253 qui
3109 1186 3279 1242 oculis

1760 1276 2001 1343 corporis
2035 1277 2176 1344 capti
2209 1283 2383 1337 erant,
2411 1277 2584 1330 visum
2615 1276 2956 1343 largiebatur,
2993 1276 3082 1330 sed
3121 1277 3277 1330 etiam

1759 1364 1846 1426 iis,
1876 1364 1968 1434 qui
1994 1365 2045 1418 in
2069 1365 2234 1420 altero
2263 1381 2456 1434 genere
2485 1366 2802 1434 caligabant,
2835 1373 2891 1418 ut
2912 1367 3090 1420 animo
3116 1366 3278 1420 Deum

1759 1454 1995 1508 universi
2041 1453 2378 1508 intuerentur
2423 1463 2581 1524 atque
2609 1463 2975 1524 agnoscerent,
3007 1463 3279 1509 auctorem

1759 1553 1819 1593 se
1850 1539 2150 1594 exhibebat.
2190 1540 2398 1608 Alioqui
2429 1555 2554 1594 vero
2580 1541 2738 1594 etiam
2767 1541 2853 1602 iis,
2874 1541 2964 1610 qui
2991 1541 3058 1594 ab
3094 1540 3280 1593 invisi-

1762 1629 1856 1684 bili
1891 1643 1953 1682 ac
1982 1628 2272 1684 daemonica
2302 1637 2562 1699 potestate
2588 1629 2751 1682 vincti
2778 1638 2956 1684 essent
2983 1629 3281 1698 captivique

1759 1720 1972 1774 abducti
1998 1735 2061 1774 ac
2091 1720 2350 1775 malorum
2401 1721 2604 1775 catenis
2656 1721 2918 1789 impliciti,
2962 1722 3277 1786 libertatem,

1759 1809 2273 1878 dissolutionemque
2302 1825 2484 1865 earum
2513 1826 2713 1874 rerum,
2737 1825 2766 1862 a
2789 1811 2983 1880 quibus
3025 1812 3280 1865 teneban-

138 1898 284 1961 αὐτοὶ,
311 1896 385 1968 τῷ
425 1898 751 1969 κηρύγματι
786 1899 1180 1984 πιστεύσαντες,
1204 1897 1288 1953 οἷα
1313 1900 1550 1971 λυτρωτῇ
1576 1903 1659 1954 καὶ

1762 1907 1870 1963 tur,
1898 1900 2266 1962 denuntiabat.
2298 1900 2343 1954 si
2372 1899 2528 1954 modo
2547 1899 2647 1967 ipsi
2677 1915 2889 1968 quoque
2924 1901 3067 1954 illius
3090 1900 3280 1968 praedi-

137 1988 320 2058 Σωτῆρι
347 1989 751 2059 προσδράμοιεν
774 1989 938 2058 αὐτῷ,
956 1991 1047 2042 καὶ
1077 1992 1183 2052 τοῖς
1210 1988 1368 2042 αὑτοῦ
1393 1990 1653 2042 πεισθεῖεν

137 2076 543 2148 παραγγέλμασι.
599 2079 714 2130 Καὶ
774 2077 840 2130 τὰ
878 2078 1034 2130 λοιπὰ
1065 2080 1118 2130 δὲ
1157 2077 1247 2130 τοῦ
1296 2078 1470 2146 λογίου
1518 2078 1654 2132 κατὰ

138 2166 299 2235 καιρὸν
329 2169 383 2218 ὲν
412 2169 524 2229 τοῖς
561 2167 695 2235 περὶ¹
730 2167 840 2218 τῶν
866 2167 1198 2234 ἐπαγγελιῶν
1226 2167 1650 2237 ἐξετασθήσεται.

1758 1988 1952 2042 cationi
1986 1989 2139 2042 ﬁdem
2169 1989 2497 2052 adhibentes,
2529 1987 2594 2040 ad
2635 1988 2782 2041 illum
2817 1995 3067 2056 tanquam
3099 1984 3164 2041 ad
3195 2003 3278 2042 re.

1755 2078 2082 2147 demptorem
2100 2085 2152 2133 et
2179 2076 2507 2132 Salvatorem
2529 2079 2877 2132 accurrebant
2903 2085 2954 2130 et
2976 2077 3117 2131 illius
3147 2092 3280 2146 prte-

1757 2169 1926 2236 ceptis
1962 2168 2418 2237 obtemperabant.
2461 2166 2742 2229 Caeterum,
2789 2183 2904 2236 qua:
2931 2183 2992 2221 ex
3029 2171 3126 2220 hoc
3155 2182 3279 2221 ora-

139 2259 242 2312 culo
274 2266 579 2328 supersunt,
615 2273 721 2312 suo
771 2268 1012 2327 tempore
1075 2259 1128 2312 in
1199 2258 1285 2324 iis,
1320 2273 1438 2327 quze
1485 2259 1551 2313 de
1595 2259 2040 2326 promissionibus
2062 2258 2336 2312 tractanda
2357 2266 2500 2322 sunt,
2530 2257 2893 2326 exquirentur.

149 2371 269 2423 Ἀπὸ
298 2371 396 2442 τοῦ
415 2373 898 2442 Δευτερονομίου.
919 2403 988 2413 --
1021 2373 1155 2440 Περὶ
1172 2372 1277 2439 τῆς
1292 2374 1435 2426 κατὰ
1454 2373 1516 2426 τὸ
1544 2375 1655 2427 Εὑ-

196 2439 452 2508 αιγέλιον
477 2439 585 2494 τοῦ
619 2439 880 2509 Χριστοῦ
910 2439 1276 2509 νομοθεσίας.

203 2567 219 2598 ι
242 2550 516 2620 Προφήτην
562 2552 628 2602 ὲκ
668 2550 781 2602 τῶν
817 2550 1050 2619 ἀδελφῶν
1094 2567 1183 2603 σου
1220 2553 1505 2622 ἀναστήσει
1544 2552 1656 2606 Κύ-

143 2657 236 2710 ριος
258 2641 282 2693 6
302 2641 425 2704 Θεός
451 2659 543 2692 σου
570 2641 647 2703 ώς
677 2643 702 2692 ὲ
711 2639 798 2710 μέ·
822 2639 983 2692 αὑτοῦ
1012 2639 1299 2692 ἀκούσεσθε
1321 2640 1458 2693 κατὰ
1485 2642 1659 2694 πάντα

143 2730 225 2782 ὅσα
264 2732 437 2800 ῂτήσω
466 2730 618 2800 παρὰ
669 2729 876 2799 Κυρίου
931 2729 1022 2781 τοῦ
1052 2728 1181 2782 Θεοῦ
1235 2746 1326 2781 σου
1367 2731 1422 2782 ὲν
1465 2729 1661 2800 Χωρὴϐ

142 2821 196 2889 τῇ
225 2820 388 2892 ἡμέρᾳ
410 2820 506 2890 τῆς
544 2818 864 2890 ἐκκλησίας,
887 2818 1127 2886 λέγοντες
1150 2835 1164 2849 ·
1185 2819 1257 2870 Οὐ
1287 2819 1654 2890 προσθήσομεν

139 2909 336 2962 ἀκοῦσαι
369 2911 468 2979 τῆς
505 2910 693 2979 φωνῆς
723 2909 819 2961 τοῦ
849 2909 1049 2981 Κυρίου
1083 2909 1173 2962 τοῦ
1202 2908 1331 2962 Θεοῦ
1365 2910 1534 2979 ήμῶν,
1563 2911 1654 2962 καὶ⁵

140 2998 188 3051 τὸ
211 2999 308 3070 πῦρ
345 3000 404 3052 τὸ
443 2999 585 3069 μέγα
632 2998 801 3051 τοῦτο
845 2999 943 3051 ούκ
992 2998 1227 3069 ὀψόμεθα
1276 2998 1388 3064 ἔτι,
1420 2999 1537 3051 οὐδὲ
1581 3000 1653 3070 μὴ

141 3087 476 3158 ἀποθάνωμεν.
526 3087 636 3142 Καὶ
703 3082 820 3138 εἷπε
867 3086 1064 3157 Κύριος
1113 3087 1245 3158 πρὸς
1305 3088 1402 3158 μέ·
1456 3088 1654 3158 Ὀρθῶς

143 3177 292 3230 πάντα
314 3179 407 3231 ὅσα
429 3178 706 3248 ἐλάλησαν
725 3192 739 3206 ο
765 3177 1049 3246 Προφήτην
1076 3178 1138 3229 ὲκ
1166 3177 1270 3230 τῶν
1303 3177 1536 3246 ἀδελφῶν
1563 3178 1658 3230 αύ-

1749 2355 1791 2408 Α
1832 2353 2246 2408 Deutsronomio.
2292 2384 2359 2392 —
2399 2351 2475 2404 De
2531 2367 2672 2404 novre
2728 2351 2852 2420 legis
2899 2351 2951 2404 in
3001 2348 3276 2418 Evangelia

2260 2420 2454 2475 Christi
2491 2421 2774 2474 sanctione.

1826 2549 1845 2582 ι
1874 2529 2187 2600 Prophetam
2217 2529 2282 2584 de
2313 2528 2569 2583 fratribus
2602 2527 2707 2582 tuis
2740 2527 3016 2582 suscitabit
3040 2527 3133 2582 tibi
3167 2526 3275 2581 Do-

1755 2621 1933 2676 minus
1955 2621 2094 2676 Deus
2123 2629 2248 2676 tuus
2281 2619 2419 2673 sicut
2449 2634 2560 2672 me:
2585 2618 2729 2670 illum
2759 2616 2983 2671 audietis
3013 2618 3066 2670 in
3098 2617 3274 2670 omni-

1755 2711 1856 2765 bus
1900 2725 2228 2780 quaecunque
2273 2710 2552 2780 postulasti
2593 2725 2622 2763 a
2672 2706 2896 2762 Domino
2933 2707 3038 2762 Deo
3087 2716 3177 2761 tuo
3219 2707 3275 2762 in

1755 2800 1966 2856 Cboreb
1998 2800 2051 2854 in
2100 2800 2185 2854 die
2227 2800 2501 2853 concionis
2529 2798 2804 2854 dicentes:
2835 2798 2950 2852 Non
3001 2799 3137 2852 ultra
3181 2813 3278 2851 au-

1756 2892 1965 2946 diemus
2001 2905 2186 2944 vocem
2225 2887 2434 2942 Domini
2478 2888 2567 2943 Dei
2614 2890 2806 2950 nostri,
2841 2897 2894 2944 et
2923 2889 3094 2960 ignem
3134 2887 3277 2940 hunc

1753 2981 2004 3050 grandem
2034 2995 2140 3034 non
2161 2977 2457 3032 videbimus
2488 2978 2736 3046 amplius,
2759 2994 2930 3047 neque
2957 2977 3276 3043 moriemur;

1755 3077 1808 3124 et
1838 3070 1969 3123 dixit
1999 3069 2254 3123 Dominus
2281 3068 2347 3122 ad
2375 3083 2459 3122 me
2489 3087 2500 3121 :
2525 3067 2685 3122 Recte
2709 3070 2889 3122 omnia
2912 3068 3073 3122 locuti
3112 3074 3234 3121 sunt
3260 3082 3276 3131 ;

1757 3160 2066 3229 preplietam
2100 3176 2165 3214 ex
2193 3159 2447 3213 fratribus
2478 3159 2712 3228 ipsorum
2736 3160 3006 3214 suscitabo
3034 3158 3113 3214 eis
3140 3158 3280 3212 sicut

143 3269 232 3322 τῶν
259 3271 528 3340 ἀναστήσω
563 3270 758 3330 αὐτοῖς
782 3267 965 3338 ῶσπερ
997 3286 1053 3320 σε
1073 3307 1088 3330 ,
1116 3270 1208 3322 καὶ
1237 3267 1388 3322 δώσω
1423 3269 1481 3322 τὸ
1510 3269 1656 3339 ῥῆμά

1760 3257 1828 3313 te,
1865 3258 1916 3304 et
1948 3251 2086 3305 dabo
2114 3250 2344 3305 Verbum
2379 3265 2552 3304 meum
2596 3251 2650 3303 in
2678 3265 2739 3304 os
2777 3249 2914 3317 ejus,
2952 3257 3004 3302 et
3035 3250 3280 3318 loquetur

150 3375 232 3430 μου
259 3364 328 3425 είς
356 3363 413 3415 τὸ
440 3364 615 3432 στόμα
635 3359 829 3422 αὑτοῦ,
860 3360 948 3413 καὶ
966 3360 1184 3431 λαλήσει
1207 3362 1382 3424 αὐτοῖς
1409 3361 1528 3414 καθ’
1559 3363 1586 3414 ὅ
1607 3379 1656 3414 τι

1760 3340 1834 3394 eis
1873 3339 2166 3394 secundum
2202 3338 2555 3409 quodcunque
2599 3353 2898 3406 praecepero
2937 3338 3032 3399 illi,
3062 3345 3114 3391 et
3158 3337 3277 3406 qui-

149 3449 201 3502 άν
244 3453 546 3523 ὲντείλωμαι
593 3449 781 3519 αὐτῷ,
829 3450 922 3502 κα)⁸
970 3452 998 3502 6
1041 3449 1316 3520 ἄνθρωπος
1353 3451 1410 3513 ὃς
1449 3451 1540 3503 ἐὰν
1585 3451 1657 3520 μὴ

148 3541 323 3614 ἀκούσῃ
355 3544 524 3596 πάντα
560 3544 664 3596 ὅσα
705 3541 797 3594 ἐὰν
840 3540 1042 3610 λαλήσῃ
1080 3541 1108 3592 ὁ
1144 3542 1418 3611 προφήτης
1456 3542 1544 3593 ἐπὶ
1581 3541 1658 3609 τῷ

149 3625 335 3698 ὀνόματί
364 3648 482 3700 μου,
508 3628 618 3697 ἐγὼ
640 3627 908 3696 ἐκδικήσω
936 3626 994 3690 ἐξ
1020 3625 1232 3678 αὑτοῦ.»
1252 3627 1562 3696 Ἐπίστησον
1580 3629 1658 3679 ὅτι

155 3718 312 3786 μηδεὶς
347 3723 468 3790 παρ’
510 3717 784 3789 Ἑϐραίοις
811 3718 1030 3769 Μωῡσεῖ
1059 3714 1429 3784 παραπλήσιος
1457 3718 1659 3786 προφή-

153 3821 232 3874 της
273 3809 551 3879 ἐγήγερται
575 3847 589 3868 ,
629 3807 870 3858 τουτέστι
911 3803 1231 3873 νομοθέτης,
1263 3804 1354 3855 κα)⁸
1390 3803 1661 3866 εὐσεϐείας

153 3893 420 3964 ἀνθρώποις
446 3892 762 3965 εἰσηγητὴς,
791 3895 823 3964 ἢ
855 3893 1009 3964 μόνος
1035 3893 1062 3943 6
1093 3891 1352 3962 ἡμέτερος
1381 3892 1588 3961 Σωτὴρ,
1633 3892 1662 3944 6

154 3981 352 4052 Χριστὸς
386 3986 478 4038 τοῦ
506 3983 643 4038 Θεοῦ
664 4001 677 4014 ·
711 3983 844 4054 πρὸς
870 3982 996 4050 γοῦν
1023 3980 1099 4050 τῷ
1121 3981 1262 4032 τέλει
1290 3979 1380 4032 τοῦ
1413 3982 1660 4050 Δεύτερο-

154 4072 310 4138 νομίου
325 4075 552 4141 λέγεταιο
579 4091 597 4122 ‹
619 4073 731 4126 Ούκ
759 4072 950 4139 ἀνέστη
976 4070 1053 4122 ἔτι
1074 4071 1349 4140 προφήτης
1369 4071 1424 4120 ὲν
1455 4068 1659 4139 Ἰσραὴλ

157 4157 218 4222 ὡς
243 4161 516 4232 Μωῦσῆς.»
544 4163 657 4214 Kal.
687 4161 790 4230 μὴν
822 4159 998 4230 μυρίοι
1028 4159 1292 4229 προφῆται
1321 4158 1454 4228 μετὰ
1479 4158 1660 4212 τοῦτον

156 4253 402 4317 γεγόνασιν
422 4295 437 4319 ,
467 4253 602 4307 ἀλλὰ
633 4254 729 4322 ούχ
761 4252 834 4314 ώς
858 4253 1034 4314 αὑτός.
1063 4251 1215 4304 Ὅλον
1245 4250 1298 4302 δὲ
1326 4249 1479 4302 τοῦτο
1507 4251 1539 4319 ή
1567 4249 1658 4301 τοῦ

159 4339 269 4392 Θεοῦ
297 4343 573 4412 ὑπόσχεσις
606 4341 1008 4410 ἐπαγγέλλεται,
1038 4341 1130 4394 ἕνα
1155 4339 1292 4401 τινά,
1319 4339 1435 4408 οὐχὶ
1453 4339 1507 4391 δὲ
1537 4339 1661 4391 πολ-

159 4425 279 4492 λοὺς,
303 4433 386 4484 καὶ
423 4434 605 4502 ὅμοιον
643 4433 958 4502 ἀναστήσειν
1004 4431 1164 4501 αὐτῷ.
1197 4431 1352 4500 Δηλοῖ
1396 4431 1450 4482 δὲ
1481 4429 1661 4482 τοῦτον

161 4520 414 4591 νομοθέτην
441 4523 533 4574 καὶ
562 4521 834 4584 εὐσεϐείας
861 4521 1153 4591 ἀνθρώπων
1181 4520 1488 4572 διδάσκαλον
1506 4559 1521 4581 ,
1557 4513 1663 4583 οἷος

1755 3444 1966 3498 cunque
1989 3431 2149 3484 homo
2195 3445 2300 3484 non
2351 3429 2580 3484 audierit
2616 3429 2792 3481 omnia
2833 3442 3160 3496 quacunque
3200 3426 3280 3478 lo-

1756 3526 1949 3587 quetur
1971 3519 2228 3588 propheta
2253 3520 2338 3572 ille
2367 3519 2419 3571 in
2443 3519 2657 3574 nomine
2685 3535 2822 3582 meo,
2853 3532 2948 3588 ego
2973 3516 3203 3572 ulciscar
3223 3514 3278 3566 in

1756 3625 1820 3662 eo
1839 3611 1902 3663 ⁸⁸.
1935 3629 1953 3660 ι
1976 3610 2350 3665 Animadverte
2373 3611 2652 3680 diligenter
2676 3619 2733 3664 ut
2761 3613 2940 3665 nullus
2963 3611 3114 3679 plane
3134 3603 3275 3677 apud

1758 3699 2010 3754 Hebraeos
2043 3699 2175 3754 Mosi
2199 3702 2390 3756 similis
2422 3703 2677 3771 propheta
2704 3702 3012 3762 surrexerit,
3046 3700 3147 3753 hoc
3169 3707 3272 3762 est,

1757 3791 1846 3859 qui
1881 3801 1931 3844 et
1959 3791 2131 3859 legum
2168 3801 2376 3854 auctor,
2410 3800 2463 3845 et
2495 3792 2707 3860 pietatis
2743 3794 2880 3862 apud
2921 3792 3160 3846 homines
3194 3790 3277 3843 in-

1759 3879 2032 3933 troductor
2059 3879 2344 3942 exstiterit,
2371 3881 2476 3934 nisi
2494 3897 2631 3936 unus
2649 3881 2890 3933 Salvator
2921 3891 3098 3935 noster
3125 3878 3280 3931 Chri-

1758 3977 1872 4022 stus
1928 3967 2052 4030 Dei;
2092 3969 2270 4038 itaque
2325 3969 2379 4022 in
2433 3969 2536 4024 ﬁne
2584 3970 2981 4025 Deuteronomii
3039 3969 3272 4038 legitur.

1763 4076 1781 4109 ι
1804 4058 1921 4112 Νοη
1965 4060 2195 4114 surrexit
2223 4060 2361 4112 ultra
2397 4060 2653 4128 propheta
2698 4061 2752 4114 in
2801 4061 2961 4114 Israel
3002 4061 3139 4114 sicut
3169 4059 3278 4113 Mo-

1759 4163 1844 4203 ses
1865 4149 1928 4203 ⁶⁹.
1967 4168 1985 4200 ι
2019 4147 2150 4201 Nam
2182 4150 2282 4204 etsi
2320 4148 2737 4204 innumerabiles
2763 4150 3032 4218 prophetae
3058 4155 3176 4218 post
3215 4148 3276 4200 il-

1756 4239 1866 4292 lum
1919 4239 2258 4302 exstiterunt,
2278 4248 2332 4292 at
2377 4255 2482 4294 non
2529 4249 2704 4295 tamen
2749 4242 2887 4296 sicut
2932 4241 3036 4296 ille.
3087 4243 3274 4295 Totum

1757 4344 1884 4382 vero
1915 4329 2018 4383 hoc
2052 4329 2164 4398 ipsa
2195 4327 2284 4383 Dei
2307 4331 2619 4398 pollicitatio
2651 4332 2924 4400 complexa
2955 4339 3059 4393 est,
3083 4331 3277 4400 quippe

1758 4435 1876 4488 qum
1905 4436 2068 4473 unum
2113 4421 2368 4476 duntaxat
2399 4438 2504 4475 non
2538 4421 2730 4475 multos
2763 4430 2815 4476 et
2841 4422 3083 4476 eumdem
3131 4421 3280 4476 suni-

1757 4510 1862 4564 iem
1897 4511 1970 4563 illi
2024 4512 2392 4566 suscitandum
2440 4512 2730 4582 promittat.
2779 4511 3054 4581 Signiﬁcat
3100 4522 3275 4565 autem

165 4607 295 4673 μὰνος
336 4614 362 4663 6
397 4611 586 4682 Σωτὴρ
630 4613 718 4664 καὶ
758 4611 957 4682 Κύριος
997 4610 1146 4680 ήμῶν
1185 4609 1385 4680 Ἰησοῦς
1413 4607 1656 4678 Χριστὸς,

1762 4599 1902 4652 hunc
1935 4607 1986 4653 et
2018 4600 2190 4670 legum
2233 4609 2503 4656 auctorem
2540 4610 2591 4656 et
2617 4603 2830 4671 pietatis
2867 4601 3006 4670 apud
3038 4601 3277 4653 homines

164 4695 238 4746 καὶ
251 4699 356 4750 οὐδὲ
379 4700 528 4761 ἄλλος
553 4699 938 4762 ἁναδέδεικται,
955 4698 1244 4768 νομοθέτης
1271 4697 1400 4768 ὁμοῦ
1429 4697 1516 4754 καὶ
1539 4713 1660 4768 προ-

165 4785 308 4854 φήτης
344 4788 433 4840 τοῦ
463 4788 570 4840 τῶν
596 4787 726 4841 ὅλων
761 4788 892 4842 Θεοῦ
915 4828 929 4851 ,
959 4789 1050 4841 καὶ
1079 4788 1282 4858 Πατρδς
1317 4789 1478 4840 αὑτοῦ
1508 4788 1658 4855 γενό-

168 4889 315 4940 μενος.
348 4878 479 4929 Ἀλλ’
505 4881 534 4930 ὀ
571 4879 666 4948 μὲν
685 4879 866 4941 ἔθνους
908 4879 1022 4940 ἐνὸς
1065 4880 1092 4930 6
1133 4879 1365 4948 Μωῦσῆς
1397 4880 1654 4948 ήγήσατον

101 4973 110 4984 ‘
168 4963 243 5012 καὶ
275 4967 562 5037 κατάλληλα
609 4967 662 5018 δὲ
680 4967 850 5036 τούτῳ
895 4967 1071 5036 μόνῳ,
1109 4965 1226 5034 οὐχὶ
1261 4966 1314 5017 δὲ
1355 4965 1448 5018 καὶ
1485 4965 1658 5028 ἄλλοις

169 5046 311 5103 ἔθνεσι
339 5054 631 5122 νομοθετῶν
669 5055 1060 5108 ἀποδέδεικται·
1093 5056 1120 5106 6
1151 5053 1202 5106 δέ
1226 5071 1285 5121 γε
1315 5053 1538 5124 Χριστὸς
1566 5051 1657 5106 τοῦ

169 5135 306 5203 Θεοῦ,
346 5141 514 5193 λαϐὼν
553 5143 874 5212 ἐπαγγελίαν
932 5143 1079 5214 παρὰ
1128 5143 1218 5194 τοῦ
1267 5143 1472 5212 Πατρδς
1526 5142 1657 5212 τὴν,

162 5243 178 5272 ι
195 5229 393 5296 Δῑτησαι
419 5231 544 5300 παρ’
561 5233 724 5301 ἐμοῦ,
747 5234 835 5285 καὶ
860 5234 1009 5286 δώσω
1027 5249 1105 5284 σοι
1132 5231 1253 5300 ἔθνη
1283 5231 1377 5300 τὴν
1409 5231 1656 5301 at).quo-

164 5318 265 5383 μίαν
288 5334 370 5371 σου
391 5336 404 5349 θ
439 5339 456 5371 r
487 5321 560 5381 ώς
583 5321 665 5376 ἂν
707 5322 779 5391 μὴ
815 5325 967 5392 μόνον
1005 5320 1286 5382 Ἰουδαίοις,
1313 5319 1444 5372 ἀλλὰ
1466 5322 1554 5371 καὶ
1585 5319 1660 5390 τῷ

174 5410 302 5460 παντὶ
341 5409 438 5461 τῶν
476 5407 773 5478 ἀνθρώπων
814 5412 952 5478 γένει
992 5408 1168 5469 καινὸς
1199 5408 1484 5478 νομοθέτης
1510 5408 1661 5460 εὐσε-

181 5497 301 5562 ϐείας
341 5502 437 5554 ὑπὸ
476 5501 566 5554 τοῦ
613 5500 817 5569 Πατρὸς
857 5499 1179 5566 καταστῆναι
1215 5500 1276 5566 τῇ
1311 5498 1520 5549 πάντων
1557 5497 1659 5547 τῶν

181 5583 318 5638 ἐθνῶν
345 5589 516 5658 κλήσει
543 5586 765 5654 δυνατὴν
801 5589 888 5640 καὶ
914 5585 1160 5657 ἁρμόδιον
1191 5586 1544 5655 προϐέϐληται
1581 5602 1661 5636 νο-

243 5765 276 5792 "
309 5765 472 5819 5mm
510 5781 570 5827 γ,
607 5761 730 5816 1-3.
801 5763 840 5792 ⁸⁸
877 5762 1024 5814 Deut.
1061 5773 1222 5822 xvm,
1260 5761 1436 5814 ltili).

1759 4690 2072 4756 magistrum
2113 4689 2374 4754 futurum,
2422 4691 2722 4759 cujusmodi
2754 4707 2890 4744 unus
2937 4689 3178 4742 Salvator
3215 4702 3279 4741 ac

1761 4777 2017 4833 Dominus
2042 4789 2226 4835 noster
2247 4781 2402 4836 Jesus
2430 4783 2696 4846 Christus,
2732 4798 2830 4836 nec
2859 4783 2996 4836 alius
3025 4790 3278 4851 praeterea

1759 4866 1924 4938 444
1951 4867 2214 4936 quispiam
2247 4869 2414 4925 fuisse
2450 4872 2863 4932 demonstratur,
2899 4877 2950 4924 et
2975 4871 3142 4940 legum
3177 4885 3277 4923 au-

1761 4965 1878 5010 ctor
1919 4957 2183 5021 videlicet,
2231 4967 2284 5013 et
2329 4959 2468 5014 idem
2515 4962 2596 5015 sui
2638 4961 2822 5028 patris,
2881 4961 2969 5029 qui
3012 4959 3150 5014 Deus
3196 4968 3280 5014 est

1761 5047 2014 5108 universi,
2067 5048 2346 5115 propheta.
2375 5048 2441 5102 Et
2485 5049 2654 5104 Moses
2697 5049 2910 5116 quidem
2955 5049 3111 5102 unius
3142 5048 3280 5101 dun-

1762 5144 1908 5190 taxat
1949 5136 2119 5205 gentis
2157 5136 2262 5188 dux
2315 5136 2434 5199 fuit,
2480 5144 2534 5192 et
2563 5152 2680 5206 qua:
2727 5137 2818 5190 uni
2854 5137 3066 5202 illi,non
3101 5146 3277 5191 autem

1761 5224 1964 5279 ueteris
2004 5239 2215 5293 quoque
2253 5225 2496 5294 gentibus
2537 5225 2928 5280 accommodari
2958 5231 3194 5293 possent.
3225 5224 3279 5277 in

1763 5314 1964 5383 legibus
1999 5315 2114 5368 suis
2152 5314 2396 5368 sanxisse
2425 5315 2710 5383 reperitur,
2738 5322 2792 5367 at
2821 5329 2944 5368 vero
2973 5315 3084 5383 ipse
3123 5313 3278 5368 Chri-

1762 5411 1876 5458 stus
1921 5403 2036 5467 Dei,
2089 5405 2174 5457 ubi
2225 5419 2254 5456 a
2286 5404 2444 5459 Patre
2491 5407 2807 5473 promissum
2852 5405 2980 5458 illud
3031 5404 3274 5473 accepit:

1767 5512 1785 5543 c
1820 5493 2032 5546 Postula
2080 5508 2109 5545 a
2146 5509 2248 5554 me,
2291 5500 2344 5546 et
2388 5494 2524 5547 dabo
2555 5494 2649 5547 tibi
2700 5501 2882 5562 gentes
2920 5492 3276 5546 haereditatem

1763 5591 1906 5636 tuam
1925 5583 1969 5620 ⁷ο
1997 5601 2008 5635 :
2042 5601 2060 5632 ι
2093 5590 2276 5648 utpote
2312 5584 2402 5652 qui
2448 5599 2554 5638 non
2580 5584 2707 5639 solis
2755 5581 2973 5642 Iudaeis,
2997 5581 3086 5635 sed
3117 5579 3278 5634 etiam

1547 5761 1588 5789 θ’
1629 5757 1779 5813 Deut.
1814 5775 2004 5822 xxxiv,
2045 5757 2127 5812 10.
2203 5758 2248 5790 ⁷⁰
2284 5757 2424 5814 Psal.
2458 5774 2528 5818 ιι,
2559 5759 2610 5812 8.
