3740 6322
478 393 575 447 1191

1135 386 1397 443 EUSEBII
1429 383 1892 443 CESARIENSIS
1913 381 2008 438 ΟΡ]

2107 380 2269 435 PARS
2304 378 2368 435 Il.
2404 410 2472 420 —
2504 374 2997 435 APOLOGETICA.

3530 367 3614 424 69!

482 507 733 568 universo
762 502 1038 557 hominum
1066 502 1247 573 generi
1278 519 1452 559 novus
1480 504 1652 573 legum
1682 501 2005 572 pietatisque

2109 496 2378 567 μοθεσίαν.
2433 493 2686 564 Θειοτέρᾳ
2732 490 2863 560 γοῦν
2912 489 2947 559 ἢ
2995 484 3135 543 κατά
3162 481 3391 541 Μωῦσᾶα
3429 483 3614 553 δυνάμει

480 604 668 651 auctor
711 608 742 646 a
792 601 942 661 patro
988 596 1423 657 constitueretur,
1464 594 1732 648 vocationi
1770 592 2009 646 omnium

481 686 736 751 gentium,
777 689 889 740 tum
923 680 1150 745 facilem,
1185 691 1298 738 tum
1341 684 1799 737 accommodatam
1834 681 2008 751 legum

480 773 816 842 disciplinam
834 774 1098 842 exposuit.
1132 772 1265 827 Cum
1292 788 1419 842 ergo
1447 773 1691 843 ampliori
1714 787 1873 842 quam
1894 786 2012 840 quae

481 863 749 917 hominem
777 861 963 922 deceat
1009 864 1349 925 auctoritate,
1382 864 1524 933 leges
1565 863 1848 925 invenerit,
1886 861 2013 915 divi-

480 953 634 1008 niore
685 953 845 1008 etiam
893 968 1052 1022 quam
1085 969 1203 1024 quae
1252 969 1281 1007 a
1319 953 1464 1008 Mose
1504 953 1745 1022 praestari
1783 952 2013 1021 potuerit

479 1045 695 1105 virtute,
731 1042 785 1095 in
828 1048 942 1096 toto
987 1041 1116 1095 orbe
1143 1040 1435 1095 servandas
1474 1046 1848 1095 sacrosanctas
1885 1052 2012 1093 suas

479 1134 625 1201 leges
662 1145 756 1201 per
788 1145 915 1187 suos
946 1131 1298 1200 evangelistas
1331 1129 1634 1199 descripsit,
1676 1127 1801 1182 dum
1842 1129 1913 1181 ita
1945 1128 2011 1182 ad

480 1223 600 1277 illos
622 1222 754 1276 dicit
778 1264 790 1275 .
817 1241 835 1273 ι
857 1221 1096 1277 Audistis
1115 1222 1258 1290 quod
1283 1221 1484 1275 dictum
1509 1221 1577 1274 sit
1603 1218 1840 1288 antiquis
1862 1237 1874 1271 :
1894 1217 2013 1272 Non

479 1314 730 1377 occides;
768 1327 865 1382 ego
896 1320 1072 1369 autem
1101 1311 1221 1367 dico
1240 1311 1392 1366 vobis
1438 1325 1504 1365 ne
1545 1309 1704 1365 irasci
1732 1327 1749 1359 ι
1794 1308 2010 1377 quidem

480 1402 762 1466 temere",
794 1407 844 1459 et
896 1415 1227 1471 quaecunque
1284 1400 1370 1457 his
1431 1399 1679 1467 adjuncta
1710 1398 1764 1451 in
1799 1398 2013 1468 publice

480 1491 765 1560 descriptis
798 1491 967 1560 ipsius
1007 1490 1344 1545 documentis
1383 1487 1858 1551 circumferuntur,
1893 1501 2014 1555 qua:

480 1583 696 1652 quidem
740 1582 855 1650 ipse
898 1581 1060 1638 etiam
1100 1579 1423 1650 evangelista
1468 1576 1822 1639 commendat,
1869 1576 2013 1645 quod

482 1671 668 1740 utique
694 1670 1141 1740 obstupescerent
1183 1684 1368 1727 omnes
1412 1668 1710 1725 doctrinam
1738 1666 1904 1728 illius,
1948 1681 2014 1722 eo

480 1760 625 1831 quod
675 1778 694 1813 ι
719 1759 936 1815 doceret
975 1774 1068 1817 eos
1116 1767 1366 1829 tanquam
1427 1766 1740 1829 potestatem
1786 1759 2010 1821 habens,

2105 585 2246 639 κατὰ
2292 586 2489 648 παντὸς
2521 584 2615 637 τοῦ
2659 583 2861 652 κόσμου
2892 580 3022 641 τοὺς
3062 577 3240 646 ἱεροὺς
3270 573 3426 628 αὐτοῦ
3454 573 3615 643 νόμους

2103 679 2192 731 διὰ
2228 677 2336 730 τῶν
2385 673 2778 744 εὐαγγελιστῶν
2831 669 2999 727 αὑτοῦ
3046 665 3341 730 διετάξατο,
3383 664 3616 733 μείζονιῆ

2106 768 2243 821 κατὰ
2273 767 2550 839 ἄνθρωπον
2579 762 2789 834 ἐξουσίᾳ
2808 759 3198 831 νομοθετήσας,
3227 752 3445 808 εἰπών’(
3466 752 3620 806 Ἠκού-

2108 876 2254 921 σατε,
2284 858 2311 911 δ
2333 876 2385 911 τι
2406 856 2604 931 ἐρρέθη
2633 857 2744 917 τοῖς
2768 852 3036 923 ἀρχαίοιςο
3063 849 3138 903 Οὐ
3160 846 3446 917 φονεύσεις·
3473 846 3620 913 ὲγὼδέ

2108 947 2248 1015 λέγω
2286 949 2411 1016 ὑμῖν
2463 945 2596 1016 μηδὲ
2638 939 2959 1014 ὀργίζεσθαι
2998 958 3017 989 ι
3051 937 3207 1006 εἰκῆ,
3236 936 3328 990 καὶ
3356 934 3422 989 τὰ
3454 933 3620 999 τούτοις

2107 1038 2366 1093 ἀκόλουθα
2393 1039 2491 1090 ὅσα
2520 1037 2583 1106 δὴ
2610 1037 2669 1088 ἐν
2690 1036 2812 1096 ταῖς
2837 1030 3213 1101 ἀναγράπτοις
3239 1026 3395 1079 αὐτοῦ
3420 1026 3621 1079 meum.

2107 1128 2246 1189 λίαις
2280 1126 2605 1197 ἐμφέρεται,
2656 1123 2742 1192 ἐφ’
2777 1117 2859 1184 οἷς
2892 1120 3159 1191 μαρτυρεῖ
3187 1115 3354 1185 λέγων
3379 1116 3408 1167 ό
3437 1114 3622 1181 εὐαγγε-

2108 1216 2311 1287 λιστὴς,
2334 1217 2412 1268 ὃτι
2433 1214 2820 1283 ἐξεπλήττοντο
2850 1211 3057 1272 πάντες
3086 1207 3178 1260 ἐπὶ
3197 1209 3261 1275 τῇ
3287 1204 3463 1273 διδαχῇ
3478 1203 3620 1256 αὐτοῦ’

2110 1301 2178 1375 ἦν
2210 1303 2316 1374 γὰρ
2344 1322 2362 1354 ι
2391 1303 2652 1355 διδάσκων
2669 1299 2959 1363 αὐτοὺςὼς
2991 1296 3240 1361 ἐξουσίαν
3270 1293 3420 1363 ἔχων,
3447 1291 3529 1345 καὶ
3552 1292 3623 1360 οὐχ

2109 1393 2185 1456 ὡς
2224 1393 2272 1445 οἰ
2300 1393 2637 1462 γραμματεῖς
2682 1387 2886 1442 αὐτῶν.
2940 1406 2959 1438 ι
2996 1386 3104 1438 Τὸν
3130 1385 3188 1436 δὲ
3225 1383 3414 1453 τρόπον
3438 1380 3527 1449 τῆς
3557 1378 3622 1432 τοῦ

2110 1481 2355 1552 Σωτῆρος
2378 1480 2529 1551 ήμῶν
2559 1476 2910 1539 διδασκαλίας
2942 1492 3006 1528 τε
3039 1473 3133 1527 καὶ
3160 1469 3461 1542 νομοθεσίας
3484 1471 3534 1522 ἐν
3554 1470 3622 1537 ἀρ.

2112 1574 2232 1640 χαῖς
2259 1571 2354 1639 τῆς
2401 1568 2679 1640 παρούσης
2724 1565 3046 1627 ὑποθέσεως
3076 1560 3400 1623 διελθόντες,
3449 1560 3527 1611 ὅτε
3558 1558 3622 1609 τὸν

2111 1659 2525 1734 Χριστιανισμδν
2543 1697 2557 1720 ,
2586 1659 2615 1711 ὃ
2645 1656 2700 1710 τί
2732 1656 2868 1710 ποτέ
2907 1657 3062 1707 ἐστιν
3088 1655 3168 1716 εἰς
3194 1650 3418 1722 φανερὸν
3445 1650 3621 1719 ἢγομεν,

2113 1753 2198 1805 ἐπ’
2210 1753 2386 1805 ἐκεῖνα
2402 1751 2491 1803 κει)⁸
2509 1749 2600 1802 νῦν
2620 1749 2746 1810 τοὺς
2764 1745 3204 1815 ἐντυγχάνοντας
3225 1740 3622 1815 παραπέμψομεν.

481 1865 590 1910 non
619 1856 871 1918 tanquam
919 1850 1108 1905 scribae
1132 1850 1371 1918 ipsorum
1393 1851 1457 1904 ⁷⁸.
1495 1867 1514 1899 ι
1546 1847 1679 1902 Cum
1709 1855 1885 1902 autem
1924 1854 2008 1901 to-

2121 1840 2432 1911 Ἐπιστῆσαι
2456 1839 2511 1892 δὲ
2529 1837 2606 1907 τῷ
2618 1837 2759 1907 λόγῳ
2779 1836 2960 1902 ἄξιον,
2976 1836 3042 1888 δι’
3065 1835 3123 1887 ὃν
3143 1837 3172 1888 ὁ
3192 1834 3387 1905 Κύριος
3401 1834 3622 1901 ὑπισχνείο

481 1940 591 1994 tius
618 1939 795 2008 aperis
819 1938 991 2002 initio,
1024 1938 1146 2007 quis
1176 1946 1317 1994 esset
1355 1936 1650 1991 Salvatoris
1677 1935 1864 1998 nostri,
1894 1942 2009 1996 tum

482 2027 537 2080 in
574 2026 839 2089 doctrina.
870 2034 980 2085 tum
1019 2026 1072 2080 in
1105 2026 1309 2096 legibus
1335 2025 1638 2085 sanciendis
1677 2023 1885 2085 modus,
1919 2038 2012 2077 ex-

482 2116 894 2185 planaverimus,
920 2115 1008 2174 ubi
1029 2115 1156 2184 quid
1179 2121 1324 2169 esset
1349 2113 1795 2169 Cbristianismus
1817 2112 1869 2166 in
1898 2126 2011 2167 me-

482 2205 626 2257 dium
656 2203 997 2274 protulimus,
1030 2203 1095 2256 ad
1128 2204 1217 2256 illa
1262 2204 1378 2271 ipsa
1406 2203 1639 2272 legentes
1668 2201 1828 2257 etiam
1868 2216 2011 2256 nunc

481 2296 824 2359 remittimus.
872 2294 976 2355 Sed
1032 2294 1354 2365 diligentiori
1402 2294 1630 2362 quadam
1678 2291 2010 2346 animadver-

482 2386 635 2439 sione
667 2400 753 2439 res
780 2384 940 2455 digna
969 2400 1089 2440 esse
1113 2384 1344 2443 videtur,
1373 2398 1470 2437 cur
1498 2384 1570 2436 ita
1599 2382 1856 2436 Dominus
1881 2393 2008 2449 pro-

482 2475 695 2542 phetam
723 2474 828 2530 illis
860 2488 918 2529 se
963 2474 1344 2534 suscitaturum
1379 2470 1713 2540 polliceatur.
1746 2467 2007 2543 Quoniam

484 2562 645 2630 igitur
673 2564 879 2619 Mosem
908 2562 1021 2631 ipse
1046 2560 1302 2615 Dominus
1325 2559 1559 2628 iusserat
1581 2557 1887 2611 universum
1913 2572 2009 2626 po-

483 2652 666 2722 pulum
706 2651 883 2715 triduo
912 2651 1148 2719 expiare,
1200 2655 1260 2708 ut
1296 2647 1455 2707 simul
1485 2655 1539 2706 et
1571 2653 1897 2714 spectatores
1929 2646 2006 2699 illi

483 2747 537 2803 et
583 2740 855 2797 auditores
899 2738 1065 2793 divini
1100 2736 1357 2798 adventus
1402 2734 1753 2797 efﬁcerentur,
1788 2732 1865 2787 illi
1909 2746 2005 2785 au-

482 2836 588 2888 tem
620 2827 940 2882 infirmiores
964 2827 1028 2880 ad
1050 2825 1273 2895 gratiam
1305 2823 1397 2878 Dei
1420 2822 1764 2885 exsistebant,
1796 2828 1856 2875 ut
1881 2834 2005 2891 pro-

483 2928 664 2988 pterea
706 2931 827 2970 cum
854 2916 966 2984 jam
1013 2927 1067 2969 et
1116 2915 1311 2969 intueri
1368 2921 1421 2967 et
1472 2911 1656 2965 audire
1689 2910 2003 2978 inciperent,

484 3021 599 3061 eam
644 3020 755 3059 rem
795 3005 897 3074 ipsi
944 3004 1327 3068 recusaverint,
1369 3002 1608 3056 dicentes
1651 3000 1718 3054 ad
1766 2998 2003 3054 Mosem:

491 3118 509 3149 ι
542 3096 622 3151 'l‘u
644 3096 860 3166 loquere
888 3094 954 3148 ad
984 3109 1101 3160 nos,
1140 3109 1315 3164 neque
1340 3093 1590 3162 loquatur
1614 3091 1681 3146 ad
1712 3104 1811 3144 nos
1841 3088 2002 3151 Deus,

493 3201 561 3264 tte
604 3186 897 3252 moriamur
934 3186 1018 3241 "z
1054 3205 1073 3237 ι
1128 3184 1320 3239 merito
1360 3184 1431 3238 ob
1473 3197 1591 3237 eam
1629 3197 1739 3236 rem
1783 3179 2006 3248 suscipit

487 3275 701 3344 quidem
734 3276 944 3341 illorum
975 3276 1225 3358 pietatem
1262 3289 1325 3329 ac
1352 3274 1699 3329 reverentiam
1729 3270 2003 3334 Dominus,

485 3367 624 3429 idem
674 3382 803 3432 vero
847 3367 957 3434 ait:
993 3366 1201 3429 «Recte
1247 3367 1426 3425 omnia
1475 3378 1804 3435 quaecunque
1843 3361 2006 3416 locuti

485 3465 631 3527 sunt,
673 3457 984 3531 prophetam
1017 3457 1261 3515 excitabo
1310 3455 1418 3510 illis
1452 3455 1519 3510 de
1566 3454 1742 3509 medio
1782 3452 2006 3507 fratrum

485 3546 623 3613 sicut
667 3554 740 3611 te.
776 3562 796 3596 ι
835 3542 927 3603 Sic
973 3559 1099 3623 ergo
1144 3558 1363 3609 causam
1407 3556 1619 3619 quoque
1662 3541 1864 3605 docuit,
1913 3556 2009 3595 cur

485 3645 738 3706 tanquam
764 3634 1022 3704 propheta
1052 3632 1215 3700 fuenit
1249 3640 1507 3693 venturus
1536 3631 1603 3684 ad
1637 3631 1902 3688 homines.
1933 3629 2008 3684 Ea

484 3740 610 3780 vero
639 3723 740 3785 fuit
764 3722 1037 3788 hominum
1058 3722 1416 3787 imbecillitas,
1445 3728 1497 3785 et
1516 3720 1906 3789 praestantioris
1926 3721 2008 3774 vi-

485 3828 579 3880 sus
613 3810 898 3877 recusatio,
935 3809 1111 3873 Habes
1137 3810 1300 3879 igitur
1343 3824 1584 3872 causam,
1625 3823 1722 3862 cur
1752 3808 2008 3885 propheta

486 3904 596 3967 ille,
624 3901 718 3971 qui
751 3909 1010 3966 venturus
1054 3900 1368 3965 cauebatur,
1415 3899 1575 3961 homo
1610 3904 1752 3952 esset
1775 3896 2005 3959 futurus,

485 3991 643 4065 M5
670 3988 856 4044 Merito
886 3988 1048 4058 igitur
1069 3995 1435 4056 exspectantes
1467 3986 1615 4052 illum
1636 3984 1824 4054 Judaei,
1848 3985 2010 4049 {oaus-

489 4095 608 4134 nem
634 4078 926 4148 Baptistam
948 4077 1369 4146 interrogabant,
1415 4090 1478 4132 ac
1516 4076 1762 4133 dicebant
1793 4093 1806 4129 :
1836 4092 1855 4124 ι
1893 4073 2011 4144 Ipse

487 4169 743 4242 propheta
770 4183 829 4223 es
848 4167 943 4221 tu?
970 4174 1023 4220 et
1044 4165 1336 4234 respondit,
1372 4181 1479 4220 non
1502 4164 1568 4229 ⁷⁸,
1607 4183 1626 4217 ι
1653 4162 1852 4227 Yerum
1884 4176 2008 4215 cum

486 4261 719 4331 Joannes
746 4275 928 4314 verum
978 4258 1250 4323 fateretur,
1277 4275 1383 4315 non
1442 4272 1501 4313 se
1542 4256 1852 4326 prophetam
1891 4269 2011 4323 esse

486 4350 738 4422 negavit;
775 4355 891 4403 erat
926 4348 1089 4409 enim,
1119 4348 1210 4402 sed
1244 4364 1303 4403 se
1349 4348 1498 4401 illum
1548 4360 1667 4401 esse
1696 4343 2009 4414 prophetam

2105 1948 2192 1991 ται
2228 1930 2503 2000 προφήτην
2529 1927 2856 1996 ἀναστήσειν
2888 1925 3103 1987 αὐτοῖς.
3140 1922 3351 1993 Ἐπειδὴ
3379 1921 3476 1991 γὰρ
3508 1935 3622 1972 κεκε-

2106 2021 2286 2077 λεύκει
2311 2020 2406 2091 μὲν
2435 2018 2592 2080 αὐτὸς
2612 2017 2690 2087 τῷ
2712 2018 2950 2071 Μωῦσεῖ
2996 2015 3221 2083 ἁγνίσαι
3238 2014 3327 2066 τὸν
3355 2013 3512 2066 πάντα
3532 2010 3623 2063 λαὸν

2108 2113 2190 2181 ἐφ’
2219 2110 2446 2182 ἡμέραις
2481 2108 2678 2179 τρισὶν,
2716 2107 2796 2169 ὡς
2830 2105 2901 2160 ἂν
2926 2107 3178 2173 γένοιντο
3203 2103 3386 2158 θεαταὶ
3415 2100 3532 2173 ὁμοῦ
3556 2100 3623 2153 γλιί

2107 2201 2367 2271 ἀκροαταὶ
2390 2200 2487 2269 τῆς
2514 2199 2694 2251 ἐνθέου
2728 2196 3067 2264 ἐπιφανείας
3093 2237 3108 2261 ,
3134 2196 3186 2247 οἰ
3220 2194 3276 2246 δέ
3321 2192 3623 2262 ἐξησθένησσν

2105 2292 2239 2361 πρὸς
2265 2290 2361 2361 τὴν
2388 2288 2480 2341 τοῦ
2515 2286 2647 2341 Θεθῦ
2677 2286 2843 2358 Χάριν
2868 2300 2882 2315 ⁶
2917 2284 3000 2339 διδ
3029 2286 3088 2337 έν
3111 2284 3252 2354 ἀρχῇ
3280 2280 3532 2351 γενόμενοι
3554 2278 3623 2346 τῆς

2105 2381 2350 2453 θεωρίας,
2374 2377 2707 2450 παρῃτοῦντο
2731 2377 2990 2446 λέγοντες
3017 2375 3098 2440 τῷ
3118 2376 3338 2431 Μωῦσεί
3353 2390 3365 2402 ο
3392 2392 3410 2423 ί
3442 2373 3504 2425 Σὺ
3515 2371 3623 2423 λάλει

2105 2470 2237 2541 πρὸς
2258 2471 2422 2542 ἡμᾶς,
2452 2470 2545 2521 καὶ
2577 2468 2652 2538 μὴ
2679 2467 2919 2520 λαλείτω
2949 2466 3092 2536 πρὸς
3115 2454 3263 2536 ἡμᾶς
3279 2466 3307 2516 ὁ
3324 2464 3463 2526 Θεὸς,
3486 2463 3555 2514 ἴνα
3571 2462 3622 2530 μὴ

2102 2559 2469 2628 ἀποθάνωμεν.
2499 2577 2518 2611 ι
2537 2557 2782 2619 Εἰκότως
2810 2556 2901 2609 διὰ
2923 2555 3101 2608 ταῦτα
3121 2555 3429 2624 ἀποδέχεται
3460 2553 3540 2623 μὲν
3558 2552 3623 2602 αὐ-

2101 2649 2224 2711 τοὺς
2246 2649 2273 2708 ό
2296 2646 2495 2719 Κύριος
2519 2648 2616 2715 τῆς
2637 2646 2955 2711 εὐλαϐείας,
2980 2647 3119 2716 φησί
3138 2645 3215 2699 δέ·
3241 2664 3260 2695 ι
3284 2643 3470 2717 Ὀρθῶς
3493 2642 3623 2695 πάντα

2103 2740 2201 2791 ὅσα
2218 2726 2479 2807 ἐλάλησαν
2498 2751 2512 2765 ο
2549 2737 2854 2809 Προφήτην
2885 2738 3185 2807 ἀναστήσω
3211 2737 3384 2799 αὐτοῖς
3416 2736 3472 2788 ἐκ
3502 2733 3625 2803 μέσον

2103 2830 2208 2893 τῶν
2249 2826 2487 2896 ἀδελφῶν
2511 2869 2525 2889 ,
2567 2826 2771 2898 ὥσπερ
2826 2826 2913 2883 σέ.
2944 2847 2963 2880 ι
3004 2828 3220 2882 Οὐκοῦν
3261 2828 3322 2881 τὸ
3368 2826 3521 2880 αἴτιον
3551 2823 3625 2875 ἐδί-

2101 2918 2223 2984 δαξε
2273 2916 2366 2969 τοῦ
2424 2916 2578 2986 δίκην
2635 2920 2934 2990 προφήτου
3000 2920 3214 2990 μέλλειν
3264 2918 3415 2971 αὑτὸν
3463 2918 3529 2977 εἰς
3561 2915 3625 2965 ἀνι

2104 3008 2349 3081 θρώπους
2393 3008 2715 3074 ἐπιφάνειαν
2777 3010 3091 3065 ποιεῖσθαι·
3144 3010 3300 3064 τοῦτο
3347 3009 3389 3062 δ’
3422 3004 3482 3080 ἦν
3508 3003 3627 3059 ἀσθὲ-

2106 3116 2219 3154 νεια
2258 3096 2576 3166 ἀνθρώπων,
2616 3099 2711 3153 καὶ
2760 3100 2866 3169 τῆς
2898 3092 3210 3173 κρείττὼος
3238 3102 3453 3171 θεωρίας
3488 3094 3627 3167 παραί-

2106 3205 2279 3259 τησις.
2333 3188 2516 3256 Ἔχεις
2575 3191 2888 3262 τοιγαροῦν
2931 3192 3031 3245 καὶ
3084 3194 3185 3264 τὴν
3236 3192 3406 3246 αἰτίαν
3446 3190 3528 3260 τῆς
3570 3189 3629 3238 ὲν-

2103 3280 2495 3352 ανθρωπήσεως
2568 3277 2664 3333 τοῦ
2743 3280 3152 3353 θεσπιζομένου
3221 3284 3499 3354 προφήτου.
3565 3278 3627 3329 Εἰ-

2104 3370 2270 3433 κότως
2323 3366 2414 3423 οὖν
2468 3370 2891 3440 προσδοκῶντες
2956 3374 3122 3427 αὐτὸν
3180 3375 3229 3427 οἰ
3280 3376 3342 3427 ἐκ
3392 3367 3627 3442 περιτομῆς

2105 3458 2450 3511 ἐπυνθάνοντο
2500 3457 2594 3509 τοῦ
2636 3456 2957 3526 βαπτιστοῦ
2995 3462 3241 3517 Ἰωάννου
3268 3501 3282 3522 ,
3333 3463 3421 3513 καὶ
3463 3459 3625 3524 ἔλεγον·

2109 3568 2128 3601 ι
2174 3551 2230 3602 'U
2257 3551 2532 3620 προφήτης
2555 3547 2604 3602 εἴ
2630 3551 2700 3603 σύ
2722 3569 2739 3616 ;
2773 3552 2833 3606 '0
2859 3553 2918 3604 δέ
2948 3554 3054 3625 ἐφη
3074 3571 3088 3584 ·
3122 3553 3287 3607 Οὔκ.»
3305 3552 3469 3607 mre
3495 3548 3627 3603 Ἰωάν-

2104 3654 2217 3707 νης,
2240 3637 2463 3707 τάληθὲς
2494 3637 2802 3707 ὁμολογῶν,
2838 3642 2967 3696 οῦτε
3015 3646 3303 3715 προφήτης
3346 3639 3471 3695 εἶναι
3506 3638 3626 3708 ἠρνή-

2108 3743 2253 3790 σατο,
2277 3721 2342 3796 ἦν
2366 3725 2493 3797 γὰρ,
2518 3727 2655 3780 ἀλλά
2686 3730 2751 3782 τὸ
2790 3732 2960 3795 αὐτὸς
2988 3730 3130 3785 εἶναι
3152 3736 3180 3786 ό
3209 3734 3475 3804 προφήτης
3495 3723 3628 3796 tingi;

2104 3814 2197 3868 τοῦ
2225 3816 2497 3879 Μωῦσέως
2527 3817 2938 3890 δεδηλωμένος·
2971 3825 3054 3876 ὅτι
3092 3824 3148 3876 δέ
3176 3819 3549 3892 ἀπεσταλμένος
3572 3815 3629 3879 εἴη

2107 3904 2406 3976 ἔμπροσθεν
2468 3906 2560 3959 τοῦ
2627 3914 2926 3981 προφήτου
2985 3913 3199 3967 ἐκείνου
3263 3912 3507 3965 ἐδίδασκε.
3554 3903 3629 3957 Καὶ

2106 3995 2394 4066 ἐπειδήπερ
2424 3998 2452 4049 ὁ
2473 3996 2627 4064 λόγος
2671 4001 2867 4064 αὐτοῖς
2894 4003 2960 4073 δὴ
2990 4008 3103 4070 τοῖς
3142 4007 3207 4058 ἐκ
3240 4001 3515 4076 περιτομῆς
3539 3997 3629 4050 ἀνα⁸

2109 4085 2392 4155 στήσεσθαι
2415 4086 2504 4139 τὸν
2533 4092 2831 4162 προφήτην
2862 4094 3180 4160 ἐθέσπιζεν,
3204 4095 3416 4156 εἰκότως
3441 4092 3466 4143 6
3490 4086 3631 4155 Σωτὴρ

2106 4175 2199 4240 καὶ
2226 4173 2424 4249 Κύριος
2453 4175 2628 4246 ἡμῶν,
2660 4178 2763 4231 ’ἁτε
2799 4181 2868 4251 δὴ
2898 4184 3066 4248 αὐτὸς
3093 4184 3169 4237 ὢν
3192 4187 3221 4237 ὁ
3250 4174 3630 4256 προκεκηρυγμέ’

2106 4281 2215 4331 νος,
2274 4284 2292 4319 ί
2345 4266 2455 4318 Οὐκ
2508 4262 2701 4337 ἦλθον,
2752 4275 2945 4345 φησὶν,
3000 4279 3049 4329 εἰ
3097 4277 3173 4348 μὴ
3223 4280 3299 4341 εἰς
3340 4275 3402 4328 τὰ
3444 4269 3633 4344 πρόϐατα

2107 4354 2415 4421 ἀπολωλότα
2461 4356 2608 4415 οἴκου
2646 4359 2897 4434 Ἰσραήλ.
2937 4384 2957 4416 ›
2996 4367 3126 4431 Τοῖς
3167 4368 3224 4420 δέ
3256 4363 3539 4423 ἀποστόλοις
3568 4356 3634 4409 αὖ·

485 4441 760 4511 duntaxat,
790 4454 944 4507 quem
973 4436 1145 4498 Moses
1179 4446 1462 4492 venturum
1488 4436 1835 4505 praedixisset.
1858 4433 2008 4500 Quod

2110 4441 2200 4495 τοῦ
2232 4444 2459 4519 παρῄνει
2494 4444 2704 4515 λέγων’
2739 4470 2758 4501 ι
2798 4433 2898 4517 Εἰς
2937 4455 3058 4508 ὁδὸν
3096 4455 3264 4510 ἐθνῶν
3297 4455 3368 4526 μὴ
3397 4449 3633 4517 ἀπέλθητε,

485 4546 611 4602 vero
648 4539 772 4588 ante
792 4529 939 4592 illum
978 4528 1289 4609 prophetam
1333 4526 1530 4581 missus
1566 4532 1730 4588 esset,
1760 4524 2009 4594 planissi-

486 4635 571 4685 me
599 4618 1000 4684 demonstravit,
1051 4616 1351 4677 Caeterum.
1398 4615 1650 4684 quoniam
1700 4615 2007 4684 prophetica

486 4712 655 4774 oratio
698 4711 818 4764 unis
862 4710 927 4775 iis
968 4706 1060 4778 qui
1103 4715 1167 4773 ad
1213 4706 1674 4762 circnmcisionem
1722 4705 2005 4774 pertinent,

490 4801 853 4872 suscitandum
878 4816 998 4859 esse
1021 4798 1329 4882 prophetam
1355 4797 1597 4861 canebat,
1620 4798 1809 4851 merito
1835 4796 2012 4862 Salva-

491 4902 574 4955 tor
612 4906 675 4957 ac
716 4891 972 4961 Dominus
1016 4897 1219 4958 noster,
1245 4896 1423 4958 utpote
1463 4888 1555 4958 qui
1587 4888 1701 4959 ipse
1740 4896 1881 4943 esset
1921 4887 2010 4943 ille

488 4987 642 5050 antea
663 4981 1024 5047 denuntiatus,
1054 4999 1072 5041 ι
1103 4979 1220 5045 Non
1260 4980 1401 5042 veni,
1426 4979 1621 5048 inquit,
1651 4979 1758 5034 nisi
1794 4977 1860 5031 ad
1883 4992 2009 5037 oves

488 5082 606 5136 qua:
643 5071 913 5139 perierunt
953 5072 1144 5139 domus
1189 5070 1347 5131 Israel
1371 5070 1437 5139 7',
1467 5089 1486 5122 ι
1510 5069 1797 5140 Apostolus
1830 5079 2008 5129 autem

490 5172 619 5221 suos
641 5148 908 5223 monebat,
932 5160 1116 5215 dicens
1139 5180 1153 5215 :
1185 5179 1202 5224 ς
1236 5160 1293 5214 In
1332 5160 1471 5227 viam
1514 5163 1752 5231 gentium
1773 5177 1839 5215 ne
1864 5163 2010 5217 abie—

489 5242 628 5310 ritis,
645 5250 698 5296 et
722 5242 777 5303 in
801 5245 1064 5307 civitatem
1091 5244 1549 5313 Samaritanorum
1572 5265 1639 5309 ne
1658 5249 2006 5304 intraveritis.

488 5332 566 5397 ite
616 5346 743 5385 vero
791 5334 967 5405 potius
1021 5335 1086 5405 ad
1135 5351 1259 5401 oves
1317 5354 1435 5407 quae
1493 5340 1763 5408 perierunt
1818 5339 2007 5392 domus

489 5419 651 5487 lsrael
676 5420 760 5484 ἠς
800 5422 940 5487 iubi
983 5425 1139 5498 plane
1182 5426 1444 5491 ostendit,
1493 5445 1551 5484 se
1576 5428 1746 5501 primo
1785 5428 1903 5481 loco
1940 5426 2007 5479 ad

488 5509 610 5579 illos
645 5522 766 5562 esse
804 5508 1057 5573 missum,
1082 5512 1222 5573 sicut
1275 5513 1434 5573 etiam
1474 5519 1541 5572 ab
1576 5520 1693 5588 ipsa
1731 5516 2007 5587 prophetia

557 5623 614 5695 '1
642 5617 821 5695 Matth.
851 5635 903 5695 v,
932 5620 1022 5689 2~l,
1046 5623 1133 5678 22.
1229 5625 1275 5656 "
1316 5629 1500 5683 Matth.
1562 5648 1635 5685 vn
1658 5670 1671 5695 ,
1730 5630 1819 5684 29.

487 5694 531 5737 ’φ
569 5687 753 5761 καιιὴ,
778 5704 827 5759 x,
863 5691 913 5757 5,
939 5687 1016 5750 «λ’
1658 5687 1673 5702 ”

1918 5628 1962 5659 ⁷³
2016 5626 2183 5691 Exod.
2241 5645 2348 5695 xx,
2384 5632 2472 5688 i9.

2110 4533 2202 4584 καὶ
2229 4534 2309 4595 εἰς
2333 4533 2482 4599 πόλίν
2509 4535 2882 4612 Σαμαρειτῶν
2924 4545 3001 4617 μὴ
3053 4546 3325 4616 εἰσέλθητε
3345 4560 3356 4576 ’
3398 4533 3634 4611 πορεύεσθε

2109 4617 2164 4670 δὲ
2200 4618 2393 4688 μᾶλλον
2424 4620 2559 4702 πρὸς
2589 4623 2661 4684 τὰ
2694 4629 2953 4701 πρόϐατα
2975 4633 3047 4685 τά
3077 4633 3382 4686 ἀπολωλότα
3402 4630 3531 4682 οἴκου
3560 4624 3633 4674 Ἱσ-

2114 4708 2274 4779 ραήλ·
2314 4727 2332 4759 ι
2364 4710 2552 4777 σαφῶς
2581 4712 2884 4783 διδᾴσκων,
2930 4722 3014 4776 ὅτι
3045 4723 3109 4794 δὴ
3150 4726 3324 4785 αὐτοῖς
3354 4709 3633 4790 προηγθνμέ’

2112 4816 2216 4862 νως
2242 4799 2561 4866 ἀπέσταλτο,
2617 4809 2689 4877 τῇ
2738 4814 3056 4884 προφητείᾳ
3107 4813 3420 4873 ἀκολούθως.
3466 4799 3632 4866 Ἐπειδὴ

2111 4888 2167 4940 δέ
2191 4888 2287 4939 οὐκ
2314 4888 2558 4958 ἐδέξαντο
2598 4895 2701 4967 τὴν
2744 4899 2932 4971 χάριν,
2968 4901 3260 4973 ἀπελέγχει
3286 4903 3376 4971 μὲν
3401 4897 3566 4955 αὐτοὺς
3592 4891 3633 4940 ἐν

2113 4978 2333 5066 ἑτέροις,
2356 4977 2528 5047 λέγων
2550 4999 2563 5011 ·
2600 5001 2621 5048 t
2659 4988 2813 5053 Ato‘ct
2840 4987 3031 5066 ἦλθον,
3061 4994 3155 5046 καὶ
3183 4994 3281 5045 οὐκ
3300 4989 3363 5062 ἦν
3387 4988 3632 5056 ἄνθρωπος’

2113 5064 2358 5132 ἐκάλεσα,
2394 5071 2486 5123 καὶ
2518 5072 2620 5135 οὐκ
2656 5070 2728 5145 ἦν
2767 5064 3086 5137 ὑπακούων.
3127 5101 3146 5134 ι
3181 5082 3315 5153 Φησὶ
3347 5080 3401 5133 δέ
3427 5074 3540 5147 πρὸς
3560 5069 3632 5122 αὖ·

2248 5173 2263 5186 ο
2287 5176 2305 5206 ι
2329 5159 2651 5251 ’Δρθήσεται
2680 5167 2778 5250 ἀφ’
2809 5169 2969 5239 ὑμῶν
2989 5175 3024 5242 ἡ
3049 5172 3289 5251 βασιλεία
3307 5167 3393 5222 τοῦ
3413 5163 3545 5223 Θεοῦ,
3564 5157 3631 5251 δια)

2110 5245 2391 5316 δοθήσεται
2421 5250 2563 5305 ἐθνει
2607 5245 2860 5325 ποιοῦντι
2885 5262 3015 5325 τοὺς
3048 5245 3291 5333 καρποὺς
3317 5258 3484 5327 αὐτῆς·
3508 5272 3523 5302 ³
3550 5245 3633 5301 Καὶ

2111 5338 2219 5398 τοῖς
2240 5354 2303 5404 γε
2332 5341 2495 5393 αὑτοῦ
2521 5344 2800 5416 μαθηταῖς
2826 5352 2968 5419 μετὰ
2993 5352 3093 5421 τὴν
3123 5351 3337 5406 ἐκείνων
3362 5342 3631 5416 παραίτησιν

2114 5425 2468 5500 προστάττειο
2503 5449 2521 5480 ι
2563 5432 2941 5502 Πορευθέντες
2994 5420 3359 5510 μάθητεύσατε
3401 5433 3551 5487 πάντα
3579 5420 3632 5475 τὰ

2113 5514 2236 5584 ἔθνη
2253 5516 2309 5567 ἐν
2325 5518 2403 5588 τῷ
2419 5520 2643 5607 ὀνόματί
2668 5541 2794 5593 μου.
2810 5546 2829 5577 ι
2849 5512 3011 5583 Οῦτω
3028 5531 3163 5596 δῆτα
3182 5533 3332 5607 ἡμεῖς
3355 5526 3445 5597 μὲν
3460 5522 3517 5573 τὰ
3531 5516 3628 5580 ἔθνη

2574 5634 2620 5666 ⁷⁸
2663 5635 2828 5694 Joan.
2867 5658 2885 5694 ι
2909 5681 2923 5707 ,
2956 5642 3049 5701 2i.
3154 5646 3198 5688 1'
3238 5640 3415 5703 malth.
3448 5628 3624 5698 xv,”-
