3740 6362
111 458 207 511 ggg
1160 425 1788 488 DEMONSTRATIONIS
1820 421 2258 482 EVANGELICE
2294 420 2424 477 LIB.
2462 421 2548 475 1x.
3296 419 3393 475 695

137 560 215 609 ﬁ”
244 524 877 615 Λτροαναεξωνηθιντα
901 552 1003 591 και
1025 540 1159 611 πρὸς
1178 541 1271 594 τοῦ
1296 542 1499 612 [ἰατρὸς
1519 541 1614 594 ἀπε

1917 540 2072 593 ictum
2093 538 2284 592 fuerat.
2323 534 2426 591 Sed
2445 549 2565 615 cum
2588 535 2744 589 talem
2780 539 3004 605 gratiam
3026 550 3139 590 non
3160 534 3394 603 accepis-

152 608 358 702 μνσθ
380 608 703 702 πρδῗῆτηνν
736 616 843 673 διτε
874 608 1174 698 νομοθέτην
1196 629 1361 682 ἅπασι
1382 608 1629 698 γενόμενο

1914 637 2016 691 ent,
2047 625 2258 683 eosdem
2299 625 2427 679 alibi
2466 608 2755 692 redarguit,
2794 625 3021 679 dicens:
3062 642 3087 675 ι
3131 623 3206 678 Εο
3249 623 3391 691 quod

175 697 447 787 \M‘G
480 697 588 770 τῆς
633 705 719 769 εἰς
751 709 850 763 τὸν
882 714 995 769 τῶν
1036 697 1168 771 ὅλων
1209 719 1334 771 Θεὸν
1381 697 1649 781 εὐσεϐείας

1914 716 2084 781 eni,et
2120 729 2228 770 non
2263 712 2361 767 fuit
2398 714 2578 773 homo,
2609 712 2813 775 vocavi,
2841 720 2895 765 et
2921 726 3025 765 non
3054 712 3153 765 fuit
3180 711 3272 781 qui
3298 726 3391 764 au—

204 804 302 871 τῆς
337 790 620 863 σωτηρίου
649 797 750 850 καὶ
782 802 1150 875 εὐαγγελικῆς
1177 805 1511 869 διδασκαλίας
1544 806 1680 873 ἔγνω

1917 804 2012 857 iret
2025 803 2090 857 ".
2120 822 2138 852 3
2170 800 2367 855 Deinde
2386 800 2451 854 ad
2470 799 2587 853 illos
2620 796 2751 850 dicit
2777 814 2790 850 :
2823 815 2843 847 ο
2870 795 3152 853 Anferetur
3183 815 3212 851 ι
3241 797 3394 852 vobis

208 889 312 941 καὶ
350 880 785 955 κατεδεξάμεθα,
829 891 1206 964 πληρουμένης
1244 893 1380 947 κατά
1414 894 1474 946 τὸ
1522 894 1649 947 αὐτὸ

1906 905 2092 959 egnum
2115 889 2228 954 Dei,
2256 895 2310 943 et
2333 886 2546 941 dabitur
2576 887 2721 956 genti
2744 885 2932 939 ferenti
2976 886 3182 941 fructus
3214 885 3383 955 ejus.3

226 975 425 1046 ἑτέρας
470 977 862 1048 προρρήσεως,
907 981 973 1033 δι’
996 978 1064 1052 ἧς
1098 983 1328 1052 είρηται’
1366 999 1386 1032 ι
1418 983 1703 1052 Κατάστησ

1913 978 2147 1050 uuis-vero
2175 976 2453 1046 discipulis
2492 987 2612 1045 post
2657 975 2866 1029 illorum
2906 973 3241 1041 rejectionem
3287 975 3390 1028 im-

216 1064 424 1135 Κύριε,
449 1064 745 1135 νομοθέτην
769 1067 972 1131 αὐτοῖς,
999 1067 1280 1137 γνώτωσαν
1300 1069 1440 1139 ἔθνη,
1465 1069 1543 1121 ὅτι
1574 1071 1693 1141 ἀνθρ

1911 1073 2024 1121 erat
2061 1083 2122 1119 ε(
2177 1065 2254 1119 Ite
2288 1072 2340 1120 et
2386 1065 2572 1119 docete
2626 1078 2811 1117 omnes
2863 1072 3044 1133 gentes
3083 1064 3137 1117 in
3176 1065 3388 1119 nomine

210 1152 322 1206 ποι
352 1154 495 1206 είσιο
537 1172 557 1205 3
587 1153 649 1205 τὸ
679 1153 737 1207 δὲ
771 1155 1036 1209 Ἰουδαίων
1070 1155 1216 1219 ἔθνος
1248 1157 1319 1227 μὴ
1351 1155 1687 1227 παραδεξάμε

1911 1171 1990 1210 leo
2011 1156 2075 1207 ⁷⁸.
2125 1174 2146 1207 3
2180 1154 2270 1209 Sic
2310 1155 2471 1223 igitur
2493 1170 2592 1209 nos
2615 1153 2826 1222 quidem
2866 1160 3070 1222 gentes,
3115 1162 3266 1207 antea
3293 1156 3388 1209 de-

196 1240 311 1296 τὸν
336 1243 842 1314 προφητευόμενον,
868 1245 1023 1315 δίκην
1047 1245 1186 1298 ἐτισε
1214 1245 1309 1316 τὴν
1329 1243 1497 1309 ἀξίαν,
1522 1246 1658 1298 κατά

1912 1244 2170 1297 untiatum
2222 1243 2369 1296 illum
2422 1252 2476 1297 et
2518 1257 2547 1295 a
2588 1241 2743 1295 Patre
2786 1241 3010 1295 missum
3052 1242 3383 1310 prophetam,

197 1330 374 1383 θείαν
395 1331 713 1401 πρόρρησιν
746 1332 991 1402 φήσασαν
1008 1350 1023 1363 ·
1061 1351 1080 1383 ι
1117 1333 1224 1384 Καὶ
1251 1335 1280 1384 ὁ
1300 1331 1573 1403 ἄνθρωπος
1596 1333 1654 1394 ὃς

1911 1348 2120 1402 Inquam
2151 1349 2275 1388 eum
2305 1334 2396 1403 qui
2432 1334 2680 1389 omnibus
2705 1331 3014 1388 hominibus
3042 1339 3095 1385 et
3127 1332 3299 1400 legum
3336 1340 3388 1387 et

193 1419 286 1489 μὴ
321 1416 546 1489 ἀκούσῃ
576 1419 753 1473 πάντα
781 1421 880 1472 ὅσα
904 1419 998 1473 ὲάν
1029 1419 1228 1492 λαλήσῃ
1260 1421 1288 1472 ὁ
1313 1420 1585 1490 προφήτης
1612 1420 1668 1472 ὲν

1912 1423 2080 1478 ietatis
2124 1438 2250 1491 erga
2295 1420 2459 1477 Deum
2500 1422 2734 1477 universi
2772 1428 2959 1475 auctor
2984 1422 3266 1487 exstiterit,
3295 1436 3389 1490 per

176 1504 443 1589 \Mml
473 1523 605 1577 μου,
630 1507 742 1575 ἐγὼ
766 1508 1030 1578 ἐκδικήσω
1058 1507 1118 1571 ἐξ
1144 1507 1321 1560 αὐτοῦ.
1356 1526 1373 1558 3
1419 1507 1653 1561 Ἐκδεδίκη

1911 1510 2152 1564 tlutarem
2168 1511 2337 1579 ipsius
2356 1511 2821 1580 evangelicamque
2851 1509 3146 1565 doctrinam
3177 1511 3388 1579 agnovi-

180 1594 351 1664 γοῦν
375 1597 446 1648 ἐκ
472 1594 578 1648 τοῦ
603 1596 743 1649 «λαοῦ
774 1598 978 1651 ἐκείνου
1003 1599 1105 1650 πᾶν
1129 1594 1262 1667 αἷμα
1292 1598 1510 1668 ἐκχυθὲν
1549 1597 1639 1649 ἐπὶ

1911 1613 2023 1662 ius,
2077 1605 2131 1653 et
2183 1599 2538 1668 suscepimus,
2590 1615 2711 1654 cum
2759 1600 2814 1654 in
2871 1600 2972 1655 hoc
3016 1600 3120 1653 alia
3176 1615 3388 1669 quoque

180 1685 341 1753 γῆς,
373 1684 487 1737 ἀπὸ
514 1684 754 1755 αἵματος
789 1685 949 1739 Ἀόελ
978 1686 1079 1748 ἕως
1109 1687 1331 1755 αἵματος
1373 1685 1653 1757 Ζαχαρίου,

1909 1688 2136 1757 rophetia
2161 1688 2423 1757 completa
2470 1688 2569 1753 sit,
2601 1704 2718 1757 qua:
2747 1690 2860 1744 ait:
2903 1707 2922 1739 ι
2959 1688 3256 1754 Constitue,
3284 1690 3386 1744 Do-

177 1773 380 1827 αὐτοῦ
402 1791 471 1843 γε
495 1776 596 1827 ἐπὶ
619 1778 753 1829 πᾶσι
775 1775 866 1829 τοῦ
886 1775 1136 1846 Χριστοῦ,
1158 1770 1219 1828 οῦ
1249 1776 1309 1829 τὸ
1333 1770 1469 1846 αἷμα
1499 1776 1616 1829 καθ’
1647 1780 1654 1826 l

1904 1776 2027 1838 line,
2058 1775 2411 1843 legislatorem
2437 1776 2572 1843 apud
2604 1791 2717 1839 eos,
2741 1786 3028 1845 agnoscant
3045 1788 3229 1846 gentes
3243 1779 3381 1847 quod

174 1863 311 1916 τῶν
351 1850 780 1935 ἐξαιτησάμενοι
811 1865 902 1918 καὶ
931 1866 1066 1919 κατά
1105 1866 1211 1919 τῶν
1244 1866 1381 1919 ἰδίων
1417 1865 1636 1927 παίδων,

1903 1864 2104 1918 omines
2138 1872 2263 1918 sunt
2294 1865 2359 1918 ⁷⁸.
2405 1882 2426 1915 3
2465 1862 2633 1919 Judaei
2676 1880 2804 1919 vero
2844 1873 3028 1919 contra
3077 1869 3167 1936 qui
3214 1869 3380 1935 illum,

175 1950 277 2003 ἑτι
314 1950 422 2003 νῦν
458 1951 571 2020 τῆς
606 1951 964 2023 τολμηθείσης
992 1957 1167 2019 αὐτοῖς
1194 1955 1438 2017 ἀσεϐείας
1468 1954 1564 2024 τὴν
1594 1969 1652 2017 τιχ

1904 1967 2019 2006 uem
2053 1967 2147 2007 sua
2177 1953 2415 2022 ipsorum
2451 1954 2667 2008 oracula
2708 1963 2985 2010 venturum
3027 1957 3381 2024 praedicebaut

175 2040 330 2109 ρίαν
359 2041 689 2110 ὑπέχουσιν.

1906 2056 1968 2094 οη
1989 2050 2355 2110 susceperunt,
2379 2041 2626 2097 idoneum
2655 2042 2844 2098 dedere
2862 2045 3178 2114 supplicium
3202 2085 3217 2107 ,
3243 2047 3383 2098 sicut

172 2131 504 2200 prophetia
543 2131 732 2186 divina
771 2133 1181 2203 signiﬁcaverat,
1225 2148 1346 2189 cum
1407 2134 1589 2189 dixit:
1652 2149 1672 2180 ι
1725 2131 1790 2183 Et
1823 2133 2130 2202 quicunque
2171 2134 2329 2189 homo
2380 2150 2486 2188 non
2532 2136 2763 2191 audierit
2824 2138 3000 2191 omnia
3052 2152 3379 2205 quaecunque

174 2220 470 2290 loquetur
492 2223 767 2291 propheta
791 2223 879 2278 ille
906 2225 960 2278 in
993 2225 1208 2279 nomine
1245 2239 1384 2288 meo,
1408 2238 1507 2293 ego
1531 2221 1760 2276 ulciscar
1794 2235 1859 2274 ex
1885 2235 1968 2276 eo.
2004 2240 2023 2273 3
2066 2221 2217 2278 Ultus
2240 2223 2401 2292 igitur
2454 2232 2537 2278 est
2573 2224 2638 2279 de
2662 2226 2856 2295 populo
2879 2227 2969 2280 illo
2989 2241 3197 2281 omnem
3254 2243 3379 2282 san-

172 2314 431 2382 guinem
463 2313 706 2370 eﬁ’usum
750 2316 806 2370 in
831 2323 1026 2370 terram
1065 2330 1092 2369 ο
1143 2317 1399 2387 sanguine
1455 2315 1606 2379 Abel,
1663 2327 1834 2382 usque
1869 2313 1935 2367 ad
1982 2316 2290 2384 sanguinem
2321 2315 2610 2380 Zachariae,
2641 2323 2694 2370 et
2744 2316 2811 2369 ad
2860 2323 3152 2371 extremum
3209 2319 3379 2387 ipsius

176 2403 440 2468 Christi,
489 2404 659 2474 cujus
706 2407 1019 2477 sanguinem
1066 2423 1189 2462 cum
1214 2422 1377 2477 super
1402 2423 1480 2475 se,
1509 2415 1564 2462 et
1601 2422 1761 2476 super
1796 2405 1934 2462 ﬁlios
1954 2422 2083 2463 suos
2136 2410 2596 2478 expoposcissent,
2655 2409 2710 2463 in
2730 2410 2873 2464 hunc
2897 2425 3064 2487 usque
3086 2409 3224 2465 diem
3260 2412 3390 2481 ejus.

175 2497 459 2561 sceleris,
477 2496 632 2565 quod
656 2498 1010 2555 audacissime
1030 2509 1418 2570 perpetrarunt,
1439 2500 1752 2571 supplicium
1790 2499 2046 2568 pendunt.

191 2602 356 2656 Ἀπὸ
390 2603 508 2657 τοῦ
538 2603 678 2657 Ἰώό.
704 2635 774 2645 -
794 2605 1078 2678 Περὶ-τῆς
1115 2606 1181 2678 ἐκ
1222 2606 1471 2661 θαλάττῃ
1525 2618 1668 2673 πορε

1889 2607 2049 2678 m
2102 2607 2179 2661 Ab
2237 2607 2356 2663 Iob.
2396 2638 2467 2655 —
2520 2608 2592 2663 De
2649 2610 2998 2675 ambulatione
3041 2611 3240 2667 Christi
3285 2614 3352 2669 in

500 2704 503 2707 -
795 2674 900 2726 τοῦ
928 2676 1201 2741 Χριστοῦ.
1911 2674 1933 2678 ⁷
1964 2674 1977 2678 ⁷

1911 2674 1933 2678 ⁷
1964 2674 1986 2678 ⁷
2009 2674 2036 2678 ⁷
2527 2680 2681 2734 mari.
2955 2720 2957 2724 ι

263 2799 288 2832 ι
344 2782 410 2834 '0
444 2780 625 2849 λέγων
657 2781 735 2852 τῷ
773 2782 923 2853 ἡλίῳ,
962 2785 1053 2837 καὶ
1082 2785 1178 2838 οὐκ
1221 2785 1511 2848 ἀνατέλλει,
1538 2786 1676 2838 κατά
1699 2783 1740 2836 δί

1927 2801 1946 2834 ι
1975 2781 2076 2849 Qui
2097 2783 2224 2838 dicit
2241 2785 2361 2848 soli,
2384 2793 2437 2839 et
2459 2800 2566 2840 non
2590 2787 2778 2849 oritur,
2804 2796 2857 2842 ct
2879 2796 3023 2843 astra
3044 2789 3198 2857 quasi
3221 2789 3381 2859 signa

180 2869 420 2940 ἄστρων
450 2875 905 2942 κατασφραγίζει,
947 2876 974 2927 ὁ
1017 2875 1246 2938 τανύσας
1283 2875 1371 2927 τὸν
1412 2875 1628 2945 οὐρανὸν

1899 2887 2117 2941 npresso
2159 2874 2378 2940 claudit,
2422 2875 2515 2943 qui
2559 2874 2798 2933 extendit
2846 2876 3038 2931 coelum
3073 2878 3259 2942 solus,
3282 2878 3376 2947 qui

184 2976 299 3024 νος,
330 2962 444 3015 καὶ
463 2951 786 3032 περιπατῶν
818 2965 908 3016 ἐπὶ
935 2963 1199 3033 θαλάσσης
1230 2964 1304 3025 ὡς
1331 2965 1413 3016 ἐπ’
1447 2964 1661 3031 ἐδάφους

1897 2961 2087 3014 mbulat
2123 2961 2178 3016 in
2204 2963 2337 3017 mari
2388 2963 2528 3018 sicut
2570 2963 2626 3017 in
2665 2964 2780 3019 Solo
2813 2964 2881 3019 ”.
2910 2984 2939 3017 3
2964 2963 3086 3021 Haec
3114 2966 3237 3020 item
3281 2967 3374 3022 uni

183 3051 304 3105 Καὶ
332 3052 520 3105 ταῦτα
560 3053 707 3122 μόνῳ
749 3051 826 3122 τῷ
862 3053 1069 3125 Σωτῆρι
1113 3054 1206 3107 καὶ
1250 3053 1432 3122 Κυρίῳ
1476 3053 1647 3123 ήμῶν,

1896 3049 2116 3104 alvatori
2149 3064 2213 3105 ac
2240 3050 2463 3107 Domino
2488 3063 2693 3117 nostro,
2717 3060 2970 3123 tanquam
3001 3053 3091 3109 Dei
3118 3054 3292 3110 Verbo
3319 3065 3373 3110 et

186 3139 258 3193 ἂν
282 3140 431 3193 Θεοῦ
465 3141 650 3210 Λόγῳ,
678 3141 986 3211 δημιουργῷ
1014 3142 1118 3194 τῶν
1147 3142 1276 3194 ὅλων
1315 3141 1621 3209 τυγχάνοντι
1659 3167 1663 3187 ‹

1894 3153 2031 3191 erum
2053 3140 2290 3193 omnium
2310 3141 2484 3209 opiﬁci
2507 3143 2894 3200 accommodari
2932 3154 3160 3213 possunt
3187 3162 3202 3209 ;
3226 3146 3371 3199 solus

190 3229 353 3296 βάτοι
388 3229 492 3282 ἀν’
546 3229 708 3299 μόνος
737 3229 865 3297 γοῦν
915 3230 1022 3282 τῶν
1061 3229 1271 3282 πώποτε
1319 3229 1457 3282 κατά
1496 3229 1617 3290 τοὺς
1660 3248 1667 3263 ι

1896 3227 1994 3279 nim
2032 3243 2098 3281 ex
2116 3229 2366 3284 omnibus
2386 3230 2476 3298 qui
2506 3245 2739 3300 unquam
2768 3230 2984 3298 fuerint,
3006 3249 3112 3302 quo
3138 3242 3373 3302 tempore

190 3317 675 3389 ὲνανθρωπήσεως
697 3319 934 3389 χρόνους,
968 3320 1120 3390 σῶμα
1150 3320 1240 3372 καὶ
1272 3320 1451 3389 σχῆμα
1482 3317 1667 3388 ἀνθρώλ

1893 3330 2010 3371 omo
2041 3316 2216 3373 factus
2241 3326 2343 3382 est,
2366 3328 2419 3373 et
2451 3335 2672 3388 corpore
2697 3329 2751 3374 et
2790 3321 2957 3390 ﬁgura
3007 3323 3240 3379 hominis
3281 3339 3370 3378 as-

190 3421 281 3458 vov
313 3407 634 3468 ἀναλαϐὼν,
665 3408 757 3461 ἐπὶ
785 3408 883 3477 τῆς
926 3408 1190 3477 Θαλάσσης
1219 3406 1572 3478 περιπατῆσαι
1601 3405 1667 3457 λέ·

1891 3413 2082 3474 nmpta,
2104 3407 2158 3460 in
2176 3410 2453 3475 superﬁcie
2474 3409 2637 3462 maris
2661 3409 2960 3465 ambulasse
2978 3410 3173 3464 dicitur
3198 3432 3212 3466 :
3247 3429 3368 3468 cum

188 3510 303 3559 ται,
326 3498 424 3549 ὅτε
448 3497 582 3558 τοὺς
612 3497 809 3550 ἑαυτοῦ
839 3497 1077 3568 μαθητὰς
1098 3498 1393 3567 ἠνάγκασεν
1424 3496 1647 3565 ἐμϐῆναι

1889 3512 1981 3549 uos
2027 3495 2318 3564 discipulos
2355 3497 2613 3564 compulit
2655 3498 2942 3551 ascendere
2972 3497 3024 3550 in
3048 3501 3366 3565 naviculam,

193 3583 396 3648 πλοῖον,
417 3585 517 3636 καὶ
542 3585 803 3654 προάγειν
823 3586 980 3638 αὐτὸν
1006 3586 1084 3647 είς
1106 3585 1166 3637 τὸ
1188 3584 1373 3647 πέραν,
1398 3584 1498 3645 ἓως
1518 3578 1577 3636 οὗ
1597 3584 1670 3635 αύ-

1892 3590 1900 3633 L
1927 3582 2222 3650 praecedere
2242 3582 2415 3651 ipsum
2442 3591 2590 3636 trans
2614 3582 3011 3645 fretum,donec
3040 3585 3153 3652 ipse
3189 3586 3369 3639 diluit-

192 3672 443 3744 ἀπολύσῃ
461 3674 595 3736 τοὺς
613 3673 801 3743 ὄχλους
817 3691 830 3703 ·
851 3676 942 3727 καὶ
962 3674 1227 3737 ἀπολύσας
1249 3677 1370 3737 τοὺς
1389 3675 1571 3744 ὄχλους
1590 3676 1669 3728 ἀνέ

1890 3677 1982 3725 :ret
2009 3671 2210 3733 turbas,
2227 3678 2281 3724 et
2303 3671 2541 3726 dimissis
2564 3672 2734 3725 turbis
2768 3672 3008 3726 ascendit
3046 3674 3100 3726 in
3136 3675 3367 3729 montem

190 3763 273 3824 είς
298 3763 363 3815 τὸ
393 3764 547 3834 ὅρος,
576 3766 699 3815 κατ’
730 3763 861 3816 ίδίαν
892 3763 1293 3833 προσεύξασθαι.
1321 3763 1499 3832 Ὀψίας
1527 3765 1583 3817 δὲ
1604 3781 1666 3832 γε

1886 3758 2071 3817 ῑεοιιιε
2090 3765 2285 3813 oraret.
2324 3757 2555 3828 Vespere
2580 3764 2755 3812 autem
2790 3759 2930 3813 facto
2955 3760 3103 3814 solus
3125 3769 3238 3814 erat
3269 3761 3363 3817 ibi.

196 3852 363 3922 μένης
390 3854 559 3924 μόνος
585 3849 656 3923 ἦν
682 3854 814 3906 ἐκεῖ.
833 3854 904 3905 Τὸ
926 3854 982 3904 δὲ
1005 3855 1179 3908 πλοῖον
1202 3854 1300 3924 ἤδη
1318 3850 1382 3925 ἦν
1402 3857 1458 3908 ὲν
1489 3855 1633 3924 μέσῳ
1651 3872 1673 3906 τ

1892 3848 2097 3907 avicula
2126 3858 2301 3903 autem
2337 3848 2448 3917 jam
2486 3855 2602 3902 erat
2641 3848 2694 3900 iu
2739 3848 2912 3902 medio
2950 3850 3367 3907 mari.Videntes

196 3941 493 4014 θαλάσσης.
535 3944 760 4006 ’ἰδόντες
789 3944 845 3996 δὲ
885 3944 1040 3996 αὑτὸν
1076 3944 1167 3997 ἐπὶ
1193 3945 1289 4014 τῆς
1317 3944 1600 4014 θαλάσσης,
1626 3948 1673 3997 ὲτ

1888 3950 2168 4009 utemeum
2193 3958 2353 4012 supra
2376 3958 2524 3997 mare
2551 3942 2747 3996 turbati
2774 3950 2919 4007 sunt,
2947 3942 3185 3997 dicentes
3226 3942 3365 4012 quod

198 4033 497 4105 ράχθησαν,
532 4034 805 4100 λέγοντες,
839 4034 918 4085 ὅτι
943 4033 1225 4103 φάντασμά
1247 4036 1381 4096 ἐστι,
1406 4035 1498 4087 καὶ
1523 4034 1627 4087 ἀπὸ
1653 4051 1675 4086 τ

1892 4040 2157 4089 mantasma
2182 4041 2345 4098 esset,
2369 4039 2422 4086 et
2450 4047 2558 4101 pra
2592 4031 2783 4085 timore
2820 4033 3200 4085 clamaverunt.
3249 4031 3369 4085 Sta-

196 4122 359 4189 φόϐου
388 4124 657 4195 ἔκραξαν.
688 4123 901 4185 Εὐθέως
938 4122 992 4175 δὲ
1031 4122 1284 4192 ἐλάλησεν
1319 4125 1512 4191 αὐτοῖς,
1542 4126 1673 4193 λέγω

1890 4137 1935 4174 m
1956 4136 2082 4176 vero
2097 4122 2307 4176 locutus
2331 4129 2412 4175 est
2437 4120 2733 4186 eis,dicens
2755 4119 3087 4182 :4Conlidile,
3106 4136 3206 4190 ego
3226 4137 3367 4202 sum,

199 4228 219 4261 ι
255 4212 539 4282 Θαρσεῖτε,
566 4212 681 4280 ἐ.γὼ
706 4213 839 4282 εἰμι,
870 4212 941 4281 μὴ
974 4212 1233 4279 φοϐεῖσθε.
1276 4232 1295 4264 3
1334 4215 1535 4278 Ἄλλως
1562 4217 1617 4270 δὲ
1646 4235 1674 4270 ο

1888 4211 2004 4266 alite
2028 4211 2215 4266 timere
2242 4211 2308 4264 “.
2347 4228 2366 4261 3
2392 4209 2523 4263 Nam
2562 4210 2759 4278 alioqui
2796 4208 2909 4262 ﬁeri
2950 4225 3058 4262 non
3090 4208 3284 4278 poterit
3306 4221 3365 4263 ut

194 4299 258 4352 ἂν
289 4303 499 4369 γένοιτο
534 4304 843 4372 ἀξιοπρεπῆ
879 4302 1143 4371 θεολογίαν
1177 4303 1346 4356 δοκεῖν
1379 4305 1662 4375 περιέχειν,

1891 4317 1946 4355 eo
1969 4301 2368 4355 convenientem
2417 4299 2737 4365 theologiam
2795 4297 3248 4367 comprehendere
3283 4300 3368 4352 vi-

191 4389 282 4441 ὲπὶ
303 4392 391 4445 τοῦ
424 4391 709 4447 ἀνωτάτω
738 4390 870 4443 Θεοῦ
912 4392 1002 4444 καὶ
1026 4392 1230 4462 Πατρὸς
1253 4392 1357 4446 τῶν
1385 4394 1516 4448 ὅλων
1546 4395 1668 4448 ὲκλα

1891 4399 2027 4445 eatur
2053 4392 2346 4453 oraculum,
2378 4390 2422 4443 si
2467 4389 2590 4459 quis
2618 4388 2747 4441 illud
2791 4389 2858 4442 de
2886 4403 3135 4457 supremo
3174 4387 3281 4443 Deo
3317 4398 3368 4442 et

190 4476 338 4532 δάνοι
359 4501 444 4546 τις
472 4483 545 4535 τὸ
573 4481 775 4549 λόγιον.
799 4480 863 4532 Τί
886 4480 990 4552 γὰρ
1013 4481 1122 4550 ἔχει
1156 4483 1345 4551 σεμνὸν
1364 4484 1463 4538 καὶ,
1480 4484 1667 4552 ἁξιόλοτ

1888 4486 2001 4534 atre
2039 4478 2273 4533 universi
2308 4477 2588 4546 intelligat.
2636 4476 2774 4542 Quid
2821 4477 2959 4530 enim
3006 4477 3365 4530 venerationis

186 4565 278 4619 ἐπὶ
302 4572 386 4625 τοῦ
416 4570 574 4625 Θεοῦ
617 4569 724 4621 τῶν
755 4570 887 4621 ὅλων
919 4574 1227 4639 περιπατεῖν
1266 4570 1507 4639 λέγεσθαι
1536 4574 1663 4627 ὲπὶπ

1887 4575 1934 4622 ut
1960 4567 2233 4636 dignitatis
2259 4566 2449 4620 habeat
2488 4568 2533 4621 si
2566 4565 2707 4621 Deus
2740 4566 2971 4619 universi
3011 4566 3284 4619 ambulare
3314 4566 3364 4618 in

187 4653 495 4731 θαλάσσης;
536 4657 669 4718 Πῶς
715 4657 771 4710 δὲ
824 4659 915 4710 καὶ
956 4658 1162 4730 νοηθείη
1198 4660 1487 4730 περίπατος
1523 4665 1613 4715 ἐπὶ
1647 4681 1664 4715 Ί

1886 4656 1974 4708 lari
2002 4657 2248 4710 dicatur?
2284 4655 2594 4725 Cujusmodi
2619 4665 2792 4709 autem
2831 4654 3117 4707 ambulat-io
3145 4654 3200 4707 in
3231 4653 3363 4706 mari

185 4743 456 4821 θαλάσσης
499 4746 604 4801 τοῦ
647 4745 716 4799 τά
748 4747 923 4800 πάντα
958 4749 1309 4820 περιέχοντος,
1349 4752 1439 4805 καὶ
1469 4753 1555 4805 τὸν
1586 4754 1662 4825 ούγ

1890 4745 2161 4814 ιῑείιίεριιιι·
2194 4745 2354 4807 illius,
2383 4746 2475 4814 qui
2515 4743 2693 4798 omnia
2733 4744 3123 4811 complectitur,
3151 4756 3213 4794 ac
3255 4755 3367 4793 coe-

183 4832 268 4886 νδν
294 4841 379 4893 καὶ
407 4839 525 4907 τὴν
550 4837 657 4905 γῆν
683 4834 1039 4905 πληροῦντοςς
1066 4837 1154 4891 καὶ
1178 4839 1445 4907 μονονουχὶ
1468 4840 1660 4908 λέγοντι

1882 4848 1953 4887 ιη]
2009 4840 2309 4901 terramque
2346 4833 2596 4900 complet,
2651 4840 2705 4885 et
2752 4830 3130 4898 propemodum
3181 4828 3310 4882 dicit
3348 4847 3359 4881 :

187 4939 208 4973 α
252 4925 311 4978 '0
335 4926 583 5000 οὐρανός
612 4941 703 4993 μοι
727 4924 928 4992 θρόνος,
960 4926 993 4993 ή
1020 4925 1076 4981 δὲ
1102 4925 1173 4993 γῆ
1198 4926 1473 4981 ὑποπόδιον
1508 4928 1614 4981 τῶν
1646 4947 1664 4981 ι

1905 4923 2105 4977 leum
2131 4924 2259 4976 mihi
2283 4924 2455 4987 sedes,
2485 4931 2626 4975 terra
2653 4929 2827 4974 autem
2858 4919 3154 4974 scabellum-
3173 4920 3365 4987 pedum

184 5008 287 5064 δῶν
335 5033 474 5085 μου·
515 5034 535 5064 3
564 5012 694 5065 καί·
742 5029 761 5061 σ
814 5011 914 5063 Τὸν
958 5011 1179 5081 οὐρανὸν
1226 5013 1317 5066 καὶ¹
1357 5014 1452 5083 τὴν
1495 5015 1595 5083 γῆν
1634 5017 1658 5066 ὲ

1884 5027 2082 5067 leorum
2111 5011 2155 5043 ⁸³
2180 5012 2204 5062 ?
2239 5031 2257 5063 3
2293 5013 2415 5065 item
2436 5010 2698 5064 :tleum
2730 5017 2782 5063 et
2809 5017 3005 5061 terram
3026 5023 3132 5077 ego
3147 5008 3361 5077 impleo,

187 5099 400 5172 πληρῶ,
423 5103 587 5170 λέγει
614 5099 837 5170 Κύριος.
888 5118 907 5150 3
940 5099 995 5153 '0
1020 5100 1079 5157 δέ
1115 5117 1176 5167 γε
1210 5101 1396 5172 Σωτὴρ
1420 5103 1510 5153 καὶ
1544 5103 1661 5173 Κύρ

1886 5102 1970 5154 icit
2023 5101 2275 5156 Dominus
2304 5102 2366 5154 ⁸⁸.
2431 5120 2450 5152 3
2488 5099 2729 5155 Salvator
2778 5107 2973 5153 autem-
3005 5112 3068 5151 ac
3110 5098 3363 5152 Dominus

187 5189 355 5259 ἡμῶν,
407 5192 617 5246 ἑαυτὸν
662 5188 924 5251 κενώσας,
968 5190 1058 5241 xal
1093 5189 1298 5259 μορφὴν
1332 5189 1510 5241 δούλου
1547 5189 1664 5244 λαϐέ

1887 5199 2039 5255 oster,
2065 5205 2185 5243 cum
2233 5191 2465 5258 scipsum
2515 5188 2848 5243 evacuaverit
2874 5196 2931 5242 et
2968 5186 3192 5241 formam
3223 5186 3364 5242 servi

189 5281 280 5333 καὶ
317 5286 565 5353 σχήματι
592 5279 837 5351 εὑρεθεὶς
857 5279 932 5341 ὡς
954 5278 1247 5349 ἄνθρωπος,
1280 5279 1472 5346 δεῖγμα
1495 5278 1593 5347 τῆς
1622 5282 1666 5333 λι

1885 5281 2124 5349 cceperit,
2153 5288 2207 5335 et
2232 5280 2416 5334 habitu
2447 5280 2699 5333 inventus
2720 5278 2790 5332 sit
2818 5287 2877 5332 ut
2904 5280 3090 5340 homo,
3126 5277 3253 5331 dum
3283 5277 3362 5331 si-

193 5365 456 5442 θανούσης
482 5373 616 5432 τοὺς
647 5368 873 5428 πολλοὺς
901 5367 1074 5420 ἐνθέου
1095 5367 1364 5434 δυνάμεως
1394 5366 1580 5418 ἑαυτοῦ
1603 5385 1670 5421 πα

1888 5385 2006 5424 num
2026 5370 2144 5438 ejus
2168 5384 2285 5439 quae
2329 5370 2524 5425 multos
2552 5369 2748 5423 latebat
2792 5368 2985 5422 divina:
3013 5367 3225 5422 virtutis
3254 5381 3365 5422 suae

197 5465 328 5535 ἔχων
348 5465 488 5536 ὁρᾷν
510 5463 627 5520 τοῖς
650 5456 845 5510 ἑαυτοῦ
874 5455 1152 5525 μαθηταῖς,
1186 5456 1278 5506 κ-α)⁵
1310 5458 1419 5516 τοῖς
1452 5454 1674 5509 θαλαττίε

1889 5459 2126 5515 ldendum
2160 5460 2270 5513 suis
2318 5460 2514 5533 praebet
2568 5459 2873 5527 discipulis,
2931 5472 3092 5527 super
3126 5457 3366 5512 marinos

263 5661 307 5692 π
348 5659 450 5714 '53.
486 5673 555 5715 ι,
590 5653 652 5723 ᾖ,
731 5649 778 5680 ’⁸
813 5648 1002 5723 Matth.
1027 5665 1223 5714 xxvm,
1260 5648 1342 5703 19.
1419 5650 1462 5681 ⁷⁸
1499 5648 1634 5705 Psal.
1668 5668 1740 5717 rx,

1896 5716 1898 5723 ν
1939 5655 1983 5686 θ’
2019 5652 2116 5708 τοι)
2147 5669 2221 5721 lx,
2251 5654 2364 5720 1,8.
2438 5654 2482 5685 ⁸⁸
2520 5650 2701 5706 Matth.
2765 5667 2885 5719 xlv,
2916 5648 3103 5703 22-27.
3177 5647 3222 5680 "
3261 5644 3373 5700 lsa.

199 5740 346 5792 m1,
382 5730 430 5781 ι.
507 5725 557 5757 ⁸³
592 5721 711 5773 Jer.
743 5730 909 5779 nm,
940 5715 1026 5769 24.
