3740 6298
544 326 649 380 695

1190 327 1448 380 EUSEBII
1481 327 1949 383 CASSARIENSIS
1985 327 2133 383 OPP.
2163 328 2343 384 PARS
2380 328 2443 382 ll.
2477 360 2547 372 —-
2586 330 3091 388 APOLOGETICA.
3563 337 3638 396 696

543 440 735 493 ﬂuetus
760 439 1064 500 incessnsse,
1100 447 1152 491 et
1187 448 1574 509 tempeStatem,
1605 449 1896 508 ventosque
1926 439 2040 495 eohi

2173 441 2459 496 ἐπιϐαίνων
2491 443 2713 513 κύμασι,
2739 444 2832 496 καὶ
2863 443 2945 513 τῷ
2968 444 3194 496 κλύδωνι
3232 445 3318 496 καὶ
3350 448 3448 508 τοῖς
3474 447 3644 517 ἀνεμοις

540 531 740 593 buisse,
772 528 997 598 publicae
1049 530 1324 599 scriptum
1372 533 1679 587 testimonio
1735 532 1912 586 dictus
1960 540 2064 598 est,

538 635 645 691 quo
697 629 932 687 tempore
972 619 1030 684 ii,
1061 621 1149 688 qui
1175 622 1298 674 talia
1327 622 1692 686 intuebantur,
1717 622 2059 692 obstupesce-

535 710 664 765 bant
696 709 937 764 dicentes
971 727 984 764 :
1021 728 1038 760 ι
1079 710 1210 776 Quis
1241 721 1322 767 est
1357 714 1440 766 hic
1461 752 1476 776 ,
1509 716 1596 768 cui
1637 715 1778 768 venti
1812 729 2067 783 mareque

534 805 901 870 obtemperant
924 800 1007 853 ⁸³2
1039 819 1080 875 ,ι
1119 803 1278 856 fuerit
1308 819 1434 857 vero
1478 804 1579 858 hoc
1629 807 1790 858 etiam
1845 805 2066 860 alterius

533 889 848 958 cujusdam.
903 891 1044 959 quod
1088 890 1431 960 intelligitur,
1488 894 1736 948 vastioris
1781 894 1945 948 maris
1986 895 2064 948 si-

530 993 728 1048 gnum,
783 978 838 1032 in
887 995 993 1048 quo
1037 980 1198 1035 draco
1231 982 1446 1050 quidam
1492 998 1612 1038 esse
1643 984 1860 1047 dicitur,
1893 983 2064 1038 factus

531 1078 590 1122 ut
611 1070 663 1122 in
695 1085 816 1123 eum
850 1069 1076 1125 illudant
1107 1073 1280 1142 angeli
1303 1073 1416 1135 Dei,
1449 1089 1610 1142 super
1634 1089 1740 1143 quo
1766 1075 1891 1128 item
1927 1074 2061 1128 mari

531 1157 776 1212 Salvator
798 1173 861 1212 ac
888 1158 1147 1215 Dominus
1162 1171 1343 1216 noster
1367 1161 1522 1233 447
1549 1163 1885 1217 inambulans
1904 1171 2064 1231 caput

527 1246 639 1300 illic
692 1249 970 1302 constituti
1020 1248 1289 1316 draconis,
1343 1252 1775 1320 reliquorumque
1830 1252 1922 1304 illo
1973 1252 2061 1305 in-

525 1337 781 1392 feriorum
815 1339 1106 1394 draconum
1133 1341 1328 1396 dicitur
1356 1342 1690 1404 contrivisse,
1709 1341 1860 1410 juxta
1890 1341 2018 1395 illud
2043 1361 2056 1396 :

531 1446 551 1478 ι
589 1425 669 1480 Tu
702 1429 1000 1483 contrivisti
1032 1431 1204 1498 capita
1242 1429 1532 1484 draconum
1565 1445 1726 1500 super
1755 1445 1968 1498 aquam,
2001 1440 2059 1486 tu

523 1516 831 1586 conlregisti
853 1525 1012 1587 caput
1034 1519 1284 1574 draconis
1303 1519 1347 1552 ⁸⁸
1380 1538 1394 1575 :
1437 1540 1454 1571 ι
1480 1521 1636 1589 plane
1667 1520 1886 1575 alterius
1916 1522 2059 1589 quod

521 1606 834 1675 intelligitur
866 1607 1050 1670 maris,
1102 1607 1168 1662 de
1199 1624 1306 1678 quo
1349 1609 1488 1664 idem
1538 1625 1725 1664 rursus
1766 1611 1818 1663 in
1851 1612 2059 1680 psalmo

521 1696 596 1748 ait
624 1715 637 1749 :
677 1713 696 1746 ‹
731 1696 925 1750 Deveni
955 1697 1008 1750 in
1037 1698 1299 1767 profunda
1326 1700 1489 1754 maris
1515 1700 1580 1752 ⁸⁸.
1621 1719 1641 1750 ι
1678 1699 1743 1752 Et
1775 1700 1841 1754 ad
1868 1699 1968 1755 Job
1990 1701 2056 1756 de

2165 533 2425 603 ἐπιτιμῶν
2450 535 2882 604 ἀναγέγραπται·
2907 535 2997 586 ὅτε
3018 535 3111 586 καὶ
3140 535 3187 586 οἰ
3206 535 3418 602 ὁρῶντες
3439 538 3639 610 tituli-5-

2163 638 2312 675 τοντο
2352 623 2596 689 λέγοντες
2614 639 2628 654 ·
2665 641 2683 673 ι
2720 623 2963 685 Ποταπός
3003 627 3148 675 ἐστιν
3187 620 3350 689 οὗτος,
3395 627 3465 678 ὅτι
3502 630 3579 680 καί
3609 633 3644 682 ιί

2163 710 2345 779 ἄνεμοι
2386 711 2478 764 καὶ
2516 713 2549 780 ἡ
2593 710 2830 764 θάλασσα
2863 710 3012 779 αὐτῷ
3043 710 3332 774 ὑπακούει;
3365 731 3383 763 ι
3407 709 3466 781 ἦν
3500 715 3547 767 δὲ
3578 718 3642 768 καί

2161 801 2315 852 τοῦτο
2335 801 2491 854 ἄλλου
2516 801 2658 864 τινος
2695 799 2934 871 μείζονος
2966 801 3229 870 σύμϐολον
3266 803 3526 873 νοουμένης
3564 808 3644 859 ἰτέ-

2163 909 2261 963 ρας
2303 892 2589 963 θαλάσσης,
2629 896 2685 945 ὲν
2784 892 3001 959 λέγεται
3059 892 3270 961 δράκων
3316 909 3393 954 τις
3424 891 3557 958 εἶναι,
3580 915 3644 950 rct-

2161 983 2446 1052 ποιημένος
2489 981 2984 1050 ἐγκαταπαίζεσθαι
3026 982 3132 1034 ὑπὸ
3179 981 3285 1034 τῶν
3333 983 3546 1050 ἀγγέλων
3581 985 3643 1040 σιιί

2160 1071 2312 1134 Θεοῦ,
2342 1073 2423 1140 ἐφ’
2455 1072 2520 1141 ἣν
2551 1073 2645 1126 καὶ
2682 1073 2852 1142 αὐτὴν
2887 1073 2918 1123 ὁ
2959 1071 3150 1141 Σωτὴρ
3191 1071 3283 1123 καὶ
3323 1072 3504 1141 Κύριος
3536 1075 3645 1142 ἡμῶν

2160 1161 2622 1231 ὲμπεριπατήσας,
2661 1162 2760 1232 τὴν
2799 1161 3046 1231 κεφαλὴν
3084 1160 3178 1214 τοῦ
3223 1160 3396 1214 αὐτόθι
3430 1161 3646 1232 δράκοντος

2159 1251 2250 1302 καὶ
2293 1251 2398 1302 τῶν
2441 1250 2640 1303 λοιπῶν
2687 1252 3114 1322 ὑποϐεϐηκότων
3156 1252 3447 1322 δρακόντων
3491 1253 3646 1320 λέγεται

2161 1341 2580 1409 συντετριφέναι,
2608 1340 2749 1394 κατὰ
2774 1343 2836 1394 τό
2857 1359 2871 1371 ·
2911 1361 2928 1392 ι
2970 1342 3042 1394 Σὺ
3080 1341 3397 1404 ωνέθλασας
3421 1341 3506 1404 τὰς
3531 1359 3646 1408 κεφα-

2157 1427 2253 1490 λὰς
2275 1428 2381 1480 τῶν
2406 1429 2710 1498 δρακόντων
2739 1432 2835 1482 ἐπὶ
2863 1431 2961 1482 τοῦ
3001 1431 3210 1492 ὓδατος,
3238 1432 3328 1483 καὶ
3367 1432 3426 1483 σὺ
3458 1432 3645 1482 συνέθλι-

2159 1532 2254 1578 σας
2293 1516 2389 1579 τὰς
2436 1518 2670 1586 κεφαλὰς
2709 1519 2803 1572 τοῦ
2855 1520 3186 1590 δράκοντος·
3236 1539 3254 1570 ι
3299 1520 3472 1588 σαφῶς
3510 1521 3644 1591 ἑτέρας

2155 1605 2442 1677 νοουμένης
2473 1606 2763 1677 θαλάσσης,
2799 1611 2932 1679 περὶ
2951 1606 3020 1676 ἦς
3053 1610 3214 1672 αὐτὸς
3245 1611 3395 1662 πάλιν
3424 1612 3475 1663 ὲν
3507 1611 3645 1680 ψαλμῷ

2156 1711 2346 1763 φησιν·
2379 1715 2396 1746 ‹
2432 1693 2630 1750 *Ηλθον
2666 1699 2745 1760 εἰς
2786 1699 2858 1751 τὰ
2920 1698 3062 1769 βάθη
3103 1699 3203 1769 τῆς
3239 1699 3516 1768 θαλάσσης·
3547 1699 3645 1753 »καὶ

520 1783 697 1853 seipse
745 1784 1013 1838 disserens
1079 1827 1092 1839 .
1140 1805 1158 1837 ι
1221 1785 1445 1852 Venisti,
1495 1788 1684 1857 inquit,
1739 1789 1805 1842 ad
1855 1788 2040 1843 fonten

2154 1783 2288 1852 πρὸς
2310 1784 2400 1837 τὸν
2433 1783 2549 1837 ’1ὼὸ
2576 1785 2645 1838 τὰ
2675 1787 2805 1856 περὶ
2849 1787 3052 1840 ἑαυτοῦ
3102 1788 3340 1851 διεξιών·
3372 1807 3389 1838 ι
3421 1785 3584 1850 Ἦλθες
3610 1789 3646 1840 δὲ

516 1873 683 1928 maris
701 1913 715 1936 ,
732 1880 785 1928 et
801 1873 854 1927 in
868 1875 1106 1944 vestigiis
1133 1876 1308 1946 abyssi
1333 1877 1678 1934 deambulasti
1694 1879 1718 1930 ἲ
1737 1881 2040 1947 aperiuntur

2153 1875 2244 1927 ἐπὶ
2287 1877 2466 1948 πηγὴν
2499 1877 2790 1947 θαλάσσης,
2858 1880 2920 1930 ὲν
2951 1879 3010 1931 δὲ
3053 1878 3252 1949 ἴχνεσιν
3293 1880 3505 1933 ἀϐύσσου
3541 1896 3647 1948 περι-

516 1976 644 2016 vero
675 1961 770 2015 tibi
806 1963 999 2017 timore
1024 1971 1189 2032 portae
1220 1965 1450 2018 mortis?
1481 1975 1534 2020 et
1559 1965 1821 2033 janitores
1850 1965 2040 2020 infero-

2151 1964 2461 2034 επάτησας;
2507 1966 2808 2033 ἀνοίγονται
2852 1969 2912 2020 δέ
2963 1986 3046 2022 σοι
3097 1971 3246 2040 φόϐῳ
3287 1971 3439 2024 πύλαι
3463 1971 3644 2032 θανάτου,

514 2069 635 2106 rum
651 2053 891 2108 videntes
906 2061 960 2108 te
988 2063 1320 2124 expaveruut
1335 2056 1377 2086 "'
1396 2055 1454 2108 2»
1474 2055 1659 2110 Merito
1687 2056 1852 2126 igitur
1881 2055 2040 2109 etiam

2150 2054 2387 2124 πυλωροὶ
2404 2055 2460 2108 δὲ
2481 2055 2604 2125 ᾅδου
2642 2057 2844 2120 ἰδόντες
2883 2075 2944 2110 σε
2990 2058 3260 2129 ἔπτηξανς
3298 2079 3316 2111 ι
3349 2060 3552 2122 Εἰκότως
3585 2056 3643 2111 οὖν

513 2143 570 2198 in
598 2159 682 2206 ea,
709 2129 828 2213 qum
843 2143 907 2198 ad
926 2159 1024 2200 nos
1053 2147 1281 2214 pertinet
1309 2147 1436 2210 vita,
1463 2147 1588 2200 dum
1612 2148 1784 2216 ipsum
1803 2161 1947 2199 mare
1967 2147 2040 2198 in-

2150 2143 2251 2194 κὰν
2279 2143 2356 2213 τῷ
2387 2143 2504 2196 καθ’
2531 2147 2677 2214 ἡμᾶς
2709 2145 2813 2215 βίῳ
2845 2147 3044 2210 ἐπιϐὰς
3087 2152 3153 2219 τῇ
3190 2150 3437 2220 θαλάττῃ,
3473 2151 3643 2209 καὶτοῖς

511 2235 750 2304 greditur
770 2243 822 2290 et
840 2244 1048 2300 ventos,
1074 2244 1549 2306 tempestatemque
1577 2237 1834 2307 increpat,
1868 2251 2040 2290 rerum

2148 2231 2366 2301 ἀνέμοις
2389 2233 2717 2304 ἐπιτιμήσας
2741 2236 2840 2286 καὶ
2861 2235 2940 2306 τῷ
2973 2235 3226 2302 κλύδωνι,
3255 2238 3321 2291 τὰ
3345 2237 3554 2308 σύμϐολα
3573 2235 3644 2288 τῶν

513 2325 568 2378 in
586 2325 798 2380 arcanis
821 2326 1118 2394 positarum
1146 2327 1298 2397 signa
1337 2327 1551 2380 interim
1580 2326 1691 2381 obit
1727 2341 1788 2380 ac
1819 2326 2040 2396 peragit.

2148 2322 2478 2392 ἀπορρητοτὲ
2484 2341 2591 2392 ρων
2611 2325 2876 2379 ἐπιτελεῖ.
2914 2376 2916 2378 τ

2159 2453 2300 2508 Ἀπὸ
2330 2454 2434 2508 τοῦ
2475 2456 2735 2526 Ἡσαΐου.
2771 2489 2844 2499 --
2887 2459 3031 2526 Περὶ
3070 2459 3191 2512 τῶν
3231 2459 3644 2514 ἐπιτελεσθέντων

2559 2525 2661 2579 ὐπ’
2695 2527 2890 2582 αὐτοῦ
2929 2525 3305 2596 παραδόξων.

2218 2629 2236 2662 ι
2287 2612 2776 2687 Ἰσχύσατε,χεῖρες
2809 2620 3117 2691 ἀνειμέναι,
3165 2625 3258 2676 καὶ
3297 2624 3482 2692 γόνατα
3519 2637 3641 2692 παρι-

2140 2698 2434 2770 λελυμένα·
2459 2709 2888 2775 παρακαλέσατε
2925 2715 2975 2764 οἰ
3019 2713 3346 2784 ὀλιγοψύχοι,
3387 2717 3446 2784 τῇ
3479 2711 3642 2779 διανοίᾳν

2144 2794 2414 2882 ίσΧῑξείςκτε,
2448 2799 2521 2868 μὴ
2539 2800 2828 2867 φοϐεῖσθε·
2852 2808 2964 2860 ἰδοῦ
2996 2811 3025 2861 ὁ
3047 2808 3180 2873 Θεὸς
3207 2811 3359 2882 ἡμῶν
3390 2811 3542 2881 κρίσιν
3559 2810 3643 2861 ἀντ-

509 2437 587 2504 Ᾰὺ
611 2451 777 2506 Isaia.
803 2483 872 2492 —
895 2451 973 2506 De
1000 2454 1147 2506 rebus
1175 2451 1238 2505 ab
1264 2454 1377 2520 ipso
1417 2452 1816 2507 admirabilibus
1863 2455 2038 2509 uestis.

582 2621 600 2653 ι
628 2601 1021 2667 Couvalescite,
1045 2617 1235 2657 manus
1261 2603 1503 2656 remissae
1522 2612 1572 2658 et
1612 2619 1782 2673 genua
1810 2602 2042 2658 dissolu-

507 2699 582 2755 ta,
609 2692 1360 2762 consolamini,pusillanimes
1381 2693 1673 2756 intellectu,
1705 2693 1869 2748 fortes
1896 2700 2041 2747 esto-

506 2790 578 2843 te,
606 2789 658 2836 et
679 2783 844 2836 nolite
871 2783 1088 2836 timere:
1109 2795 1236 2836 ecce
1254 2781 1395 2836 Deus
1423 2789 1609 2836 noster
1634 2781 1894 2849 judicium
1919 2780 2040 2834 red-

503 2869 582 2924 dit
608 2877 660 2925 et
687 2870 894 2934 reddet,
925 2870 1041 2940 ipse
1056 2869 1230 2924 veniet
1254 2876 1308 2923 et
1339 2870 1518 2926 salvos
1546 2869 1708 2924 faciet
1738 2884 1839 2924 nos
1865 2886 1878 2921 :
1910 2877 2038 2924 tunc

2148 2880 2420 2934 αποδίδωσι
2444 2921 2459 2946 ,
2497 2887 2593 2938 καὶ
2631 2889 3036 2960 ἀνταποδώσει,
3080 2869 3260 2960 αὐτὸς·
3284 2899 3398 2968 ἥξει
3426 2869 3506 2950 καὶ
3534 2897 3644 2948 σώσει

503 2959 810 3027 aperientur
837 2958 978 3013 oculi
1027 2972 1313 3022 caecorum,
1343 2964 1397 3012 et
1440 2972 1598 3013 aures
1624 2957 1910 3012 surdorum
1938 2973 2036 3010 au-

2148 2967 2301 3058 ημᾶς.
2359 2971 2490 3025 Τότε
2541 2975 2970 3052 ἀνοιχθήσονται
3023 2957 3541 3058 eamdem,
3585 2985 3646 3039 και

502 3050 692 3114 dieut;
731 3057 858 3102 tunc
903 3048 1057 3103 saliet
1088 3046 1229 3102 sicut
1271 3062 1464 3101 cervus
1506 3046 1750 3111 claudus,
1777 3053 1830 3100 et
1878 3048 2034 3116 plana

2148 3052 2249 3111 ὦτα
2280 3062 2478 3129 κωφῶν
2511 3066 2847 3124 ἀκούσονται
2868 3091 2882 3104 ·
2929 3077 3050 3129 τότε
3103 3078 3307 3132 ἀλεῖται
3345 3081 3414 3142 ὡς
3449 3079 3600 3146 ἔλαφος
3628 3078 3644 3126 δ

500 3141 603 3196 erit
629 3141 810 3209 lingua
831 3149 1104 3193 mutorum
1119 3142 1184 3192 ⁸⁸⁸.
1219 3157 1236 3190 ι
1263 3137 1462 3191 Harum
1493 3138 1655 3207 igitur
1684 3151 1862 3192 rerum
1885 3153 2040 3192 even-

2374 3111 2387 3129 .
2410 3111 2441 3114 η
2459 3111 2469 3116 -
2512 3111 2644 3120 ---ην
2664 3111 2847 3124 ..ννσυη
2941 3111 3050 3129 una
3103 3111 3307 3132 υυι-έιυιιι
3345 3111 3411 3142 ws
3449 3111 3598 3146 ςηιγυν
3628 3111 3643 3126 ’⁸

2148 3147 2326 3238 χωλὸς,
2372 3153 2463 3204 καὶ
2501 3159 2680 3228 τρανὴ
2732 3160 2888 3215 ἔσται
2936 3164 3156 3232 γλῶσσα
3209 3167 3504 3238 μογιλάλων.
3532 3187 3546 3218 ι
3572 3165 3643 3218 Καὶ

497 3235 552 3282 ta
573 3230 626 3282 in
655 3227 960 3298 Evangeliis
985 3227 1180 3290 habes;
1205 3240 1348 3279 nunc
1364 3224 1745 3294 quidem,‘dum
1773 3223 1839 3276 ad
1867 3223 2040 3292 ipsum

2148 3237 2336 3326 τούτων
2365 3239 2505 3310 ἔχεις
2533 3244 2592 3296 ὲν
2625 3223 2743 3311 τοῖς
2775 3223 3134 3322 Εύαήελίοις
3176 3223 3244 3311 τὲι
3282 3223 3640 3326 ἀποτελέσμαπ

502 3316 836 3371 Saivatorem
875 3331 937 3370 ac
966 3315 1249 3370 Dominum
1290 3323 1560 3379 nostrum,
1588 3314 1940 3384 paralyticum
1961 3312 2040 3366 af-

2148 3323 2321 3418 ιούτου
2369 3328 2484 3396 μὲν,
2537 3334 2785 3404 ὁπηνίκα
2828 3312 2919 3410 τῷ.
2945 3312 3168 3416 ’Σωτῆρι
3213 3349 3305 3400 κιιί⁵
3345 3312 3642 3418 Κυρίῳίμῖυν

499 3411 680 3464 ferunt
723 3409 780 3463 in
825 3409 965 3463 lecto
1000 3407 1289 3476 jacentem,
1319 3420 1477 3475 quem
1531 3405 1773 3474 pristinae
1821 3404 2039 3458 sanitati

2148 3415 2467 3506 προσέφερον
2495 3404 2892 3490 παραλυτικὸν.
2925 3433 3020 3484 ἐπὶ
3053 3404 3239 3506 κλίνης
3280 3404 3581 3506 βεϐλημένος.
3605 3434 3642 3484 ὃν

497 3513 607 3552 uno
636 3512 737 3552 suo
768 3496 932 3551 verbo
963 3495 1220 3560 restituit,
1246 3509 1390 3547 nunc
1421 3510 1548 3548 vero
1569 3494 1696 3548 dum
1731 3493 2039 3547 innumera—

2148 3505 2228 3555 καὶ
2255 3505 2379 3575 ὑγιῆ
2418 3507 2559 3577 λόγῳ
2616 3521 3017 3590 κατεστήσατο·
3060 3525 3247 3577 τούτου
3289 3527 3362 3586 δὲ,
3402 3527 3478 3578 ὅτε
3517 3522 3642 3595 μυρῖοί

496 3587 630 3644 biles
682 3589 809 3642 caeci
865 3596 919 3642 et
969 3586 1228 3640 daemonia
1275 3585 1558 3649 habentes,
1606 3600 1818 3640 necnon
1873 3583 2036 3636 variis

2148 3593 2454 3686 :U?l°1_xa1
2494 3583 2919 3674 δαιμονιῶτές,
2953 3611 3034 3666 ἔτι
3080 3613 3184 3684 μὴν
3226 3583 3479 3686 διαφύροις
3517 3583 3642 3670 νόσοις

495 3679 901 3749 aegritudiuibus
931 3687 984 3732 et
1004 3677 1352 3748 languoribus
1380 3676 1579 3738 aﬂ'ecti,
1611 3675 1865 3730 salutaris
1891 3674 2034 3729 illius

2148 3682 2226 3776 ιαί
2259 3684 2541 3751 μαλακίαις
2567 3699 3057 3769 καταπονούμενοι
3083 3704 3217 3776 πρὸς
3238 3704 3335 3775 τῆς
3362 3704 3504 3758 αὐτοῦ
3525 3717 3644 3767 σωτη-

494 3782 714 3835 virtutis
769 3779 1030 3834 beneﬁcio
1081 3779 1149 3832 ab
1181 3778 1430 3833 omnibus
1477 3777 1680 3832 morbis
1712 3775 2029 3830 liberantur.

2148 3771 2548 3865 stationariiqu
2570 3784 2691 3836 τῶν
2716 3789 2907 3841 παθῶν
2930 3793 3326 3865 ἀπηλλάττοντο
3343 3814 3355 3827 ·
3372 3797 3426 3849 οὐ
3448 3795 3534 3865 μὴν
3555 3789 3645 3845 ἀλλά

494 3871 756 3926 Praeterea
785 3871 946 3924 etiam
992 3885 1137 3923 nunc
1184 3869 1240 3922 in
1278 3869 1365 3932 iis,
1400 3884 1518 3938 qua:
1546 3867 1600 3920 iu
1629 3873 1743 3920 toto
1769 3866 1898 3919 orbe
1923 3873 2032 3917 ter-

2148 3861 2223 3956 ιαί
2249 3863 2315 3915 δι’
2353 3859 2427 3918 ὧν
2459 3871 2634 3926 εἰσέτι
2677 3876 2775 3929 νῦν
2810 3881 2936 3932 καθ’
2978 3885 3108 3954 ὅλης
3142 3886 3243 3955 τῆς
3270 3886 3555 3956 οἰκουμένης
3579 3899 3644 3950 μυ·

494 3975 674 4013 rarum
720 3958 972 4022 ostendit,
1013 3959 1140 4012 dum
1190 3957 1611 4012 innumerabiles
1657 3955 2030 4010 multitudines

2148 3950 2219 4046 ιία
2245 3953 2417 4024 πλήθη
2436 3959 2812 4046 πολυτρόποις
2838 3973 3043 4037 κακίας
3061 3950 3235 4028 εἴδεσι
3256 3950 3649 4046 δεδεμέναντάγνω·

492 4050 658 4104 variis
694 4048 912 4102 malitiae
951 4049 1236 4116 generibus
1275 4048 1585 4118 implicitas,
1609 4055 1662 4102 et
1693 4045 2029 4117 ignoratione

2148 4041 2247 4134 τίςέις
2279 4059 2336 4094 τε
2366 4045 2458 4098 τοῦ
2506 4050 2607 4103 ἐπὶ
2641 4056 2872 4112 πάντων
2909 4062 3048 4116 Θεοῦ
3083 4065 3180 4127 τὰς
3224 4065 3393 4134 ψυχὰς
3420 4064 3644 4130 πεπληρω-

491 4154 728 4226 supremi
753 4152 846 4207 Dei
877 4151 1101 4207 refertas
1123 4153 1328 4207 animas
1351 4151 1624 4213 habentes,
1640 4150 2028 4204 admirabiliter

2148 4130 2282 4196 ιένα,
2315 4133 2640 4206 θαυμασίως
2688 4149 2787 4201 καί⁸
2825 4151 2970 4223 ὑπὲρ
3004 4157 3181 4210 πάντα
3207 4157 3356 4224 λόγον
3379 4159 3478 4218 τοῖς
3500 4154 3577 4223 τῆς
3594 4149 3644 4200 δι’

489 4254 544 4302 et
597 4261 759 4315 supra
811 4259 1023 4298 onmem
1073 4246 1334 4299 rationem
1365 4244 1622 4298 doctrinae
1652 4258 1761 4298 suae
1794 4243 2026 4296 medica-

2148 4223 2416 4315 ξεῖκαλίας
2461 4229 2638 4285 αὑτοῦ
2691 4219 3013 4309 φαρμάκοις
3069 4249 3209 4300 ἰᾶται
3264 4219 3351 4300 καὶ
3402 4219 3640 4314 θερατέεπι

490 4310 688 4388 mentis
715 4341 868 4386 curat
895 4340 948 4384 et
979 4339 1154 4394 sanat,
1177 4339 1230 4384 et
1261 4341 1438 4386 tamen
1465 4331 1607 4400 quod
1633 4331 1795 4385 etiam
1834 4330 1890 4382 iu
1938 4329 2024 4384 his

2148 4311 2373 4410 lim-5m
2396 4319 2489 4370 καὶ
2520 4323 2662 4388 Θεὸς
2690 4330 2750 4380 ἐν
2781 4333 2999 4399 τούτοις
3035 4338 3384 4410 ἀνηγόρευται
3418 4334 3536 4390 κατὰ
3564 4347 3646 4384 και·

490 4423 631 4478 Deus
662 4423 959 4493 appelletur
993 4437 1092 4476 suo
1128 4429 1385 4490 tempore,
1420 4431 1671 4491 tanquam
1699 4421 1746 4475 is
1772 4421 1864 4489 qui
1894 4421 2022 4473 talia

2148 4402 2237 4502 δὸῖ,
2265 4404 2340 4468 ὡς
2376 4407 2446 4502 ξεν
2468 4417 2726 4502 τοιαῦτα
2771 4425 3034 4494 ἐνεργῶν,
3210 4402 3455 4502 πρότερον
3487 4429 3589 4496 ἡμῖν
3609 4425 3646 4473 ἐν

486 4525 702 4590 emciat,
727 4524 1044 4595 jampridem
1095 4539 1126 4576 a
1174 4524 1351 4587 nobis,
1376 4524 1467 4577 ubi
1499 4524 1567 4578 de
1594 4523 1872 4579 divinitate
1902 4525 2022 4594 ejus

2148 4495 2245 4555 ταῖῖ
2431 4499 2541 4568 τῆς
2576 4505 2838 4580 θεότητος
2869 4518 3036 4571 αὐτοῦ
3087 4520 3401 4592 μαρτυρίαις
3439 4513 3645 4571 ἀποδέδειν

487 4617 792 4671 testimonia
821 4615 1162 4684 protulimus,
1189 4614 1610 4668 demonstratum
1661 4623 1762 4679 est,
1787 4623 1840 4670 et
1891 4631 2024 4670 sane

2148 4597 2270 4684 ιται.
2299 4585 2666 4684 ΚριΥξπρεπέ
2701 4616 2765 4666 γε
2804 4603 2904 4658 νῦν
2939 4585 3099 4676 γοῦν,⁷
3128 4585 3177 4662 εἰ
3205 4585 3293 4662 καί
3332 4609 3516 4668 ἄλλοτε,
3553 4601 3645 4654 Θεὸν

486 4707 532 4761 si
561 4721 794 4776 unquam
839 4706 992 4768 alias,
1024 4721 1168 4759 nunc
1215 4705 1444 4759 maxime
1501 4707 1810 4761 convenerit
1855 4706 2020 4760 Deum

483 4797 648 4868 ηε
697 4797 846 4851 illum
891 4798 1153 4863 conﬁteri,
1181 4796 1398 4865 quando
1428 4808 1480 4854 et
1509 4797 1702 4853 divinae
1732 4808 1785 4853 et
1839 4813 2022 4854 revera

487 4886 650 4940 Deum
684 4891 975 4958 complexae
1005 4889 1222 4944 virtutis
1250 4889 1360 4958 jam
1411 4890 1566 4958 plane
1617 4905 1778 4960 opera
1831 4889 2014 4946 edidit.

488 4976 546 5029 Si
568 4979 784 5044 quidem
811 4982 974 5034 unius
1015 4979 1108 5035 Dei
1138 4995 1238 5034 nec
1284 4981 1503 5034 alterius
1538 4991 1794 5051 praeterea
1835 4982 2017 5051 cujus-

488 5079 628 5146 piam
674 5093 868 5149 munus
911 5082 1099 5148 fuerit,
1141 5084 1492 5141 corroborare
1541 5087 1854 5152 dissolutos,
1900 5088 2020 5142 vitae

487 5167 711 5220 reddere
763 5179 1024 5238 mortuos,
1083 5177 1319 5243 praebere
1355 5182 1582 5235 salutem
1611 5179 2016 5250 aegrotantibus,

483 5283 749 5324 caecorum
799 5276 1005 5340 aperire
1058 5281 1265 5344 oculos,
1321 5299 1586 5357 auresque
1633 5286 1760 5340 item
1822 5300 2014 5342 sanare

483 5373 791 5439 surdorum,
815 5385 868 5430 et
896 5379 1098 5450 erigere
1119 5387 1359 5454 claudos,
1381 5403 1433 5449 et
1452 5395 1686 5466 linguam
1705 5393 2012 5462 impeditam

587 5554 631 5584 ⁸⁵
671 5555 857 5626 Matth.
890 5574 1020 5626 vm,
1052 5563 1141 5619 27.

587 5569 631 5584 υ·
671 5569 857 5641 alarm.
890 5574 1020 5626 vui,
1052 5569 1141 5619 27.
1253 5571 1297 5604 ⁸⁸
1335 5569 1478 5630 Psal.
1513 5593 1712 5646 Lxxur,
1751 5575 1930 5645 15,”.

483 5640 662 5680 xxxv.
694 5625 807 5680 0-5.

647 5663 662 5691 ’
694 5663 807 5680 υνυο

2035 5575 2080 5607 ⁸⁸
2113 5575 2257 5634 Psal.
2290 5597 2464 5642 uvm
2493 5628 2508 5656 ,
2547 5591 2604 5648 3.

2336 4677 2761 4772 ὁμολογεῖσθαι,
2829 4697 2912 4751 ὅτι
2950 4671 3086 4753 *καὶν
3119 4701 3251 4772 ἔργα
3301 4700 3439 4762 θείας
3473 4696 3551 4750 καὶ
3592 4692 3642 4750 ὡς

2125 4761 2349 4854 ἀληθῶς
2389 4768 2579 4826 ἐνθέου
2654 4779 2946 4854 δυνάμεως
3006 4761 3356 4844 ἐπεδείκνυτο.
3407 4761 3523 4842 Θεοῦ
3568 4782 3641 4851 γὰρ

2128 4852 2399 4953 μόνουμῄ
2447 4866 2544 4918 καὶ
2587 4870 2712 4924 οὐδὲ
2760 4852 2924 4932 ἄλλου
2981 4883 3240 4953 ρωννύναι
3294 4883 3386 4953 μὲν
3438 4872 3641 4949 παρειμέ-

2123 4959 2262 5043 νουςῖ
2291 4946 2580 5016 ζωογονεῖν
2628 4961 2688 5013 δὲ
2733 4971 2981 5039 νεκροὺς,
3021 4974 3286 5043 σωτηρίαν
3327 4990 3381 5024 τε
3422 4966 3639 5024 ἀσθενοῦσι

2123 5035 2400 5133 παρεχειν,
2426 5042 2673 5116 ἀνοίγειν
2702 5074 2764 5108 τε
2787 5035 3101 5132 ὸςρθαλμοὺς
3128 5035 3354 5133 τύφλῶν,
3380 5062 3464 5115 καὶ
3490 5054 3638 5123 κωφῶν

2121 5125 2379 5226 ὡσαύτῳς
2427 5133 2606 5204 ἀκοὰς
2666 5125 2881 5213 ἰᾶσθαι,
2931 5125 3138 5222 χωλούς
3189 5125 3246 5208 τε
3286 5153 3531 5226 ἀνορθοῦν,
3573 5145 3637 5196 καὶ

2119 5219 2244 5311 ῖοὺς
2267 5221 2364 5291 τὴν
2391 5226 2646 5292 γλῶτταν
2675 5219 2996 5310 δεδεμένοῦς
3027 5248 3276 5311 εύλὰλους
3304 5219 3634 5306 meum???“

2118 5323 2260 5409 ατξερ
2294 5313 2510 5372 ἅπαντα
2541 5324 2651 5378 ὑπὸ
2685 5331 2782 5382 τοῦ
2810 5334 3066 5406 Σωτῆρος
3096 5339 3246 5408 ἡμῶν
3266 5337 3426 5409 Ἰησοῦ
3453 5322 3634 5402 Χριστοῦ

2117 5396 2450 5468 πέπρακται,
2478 5405 2570 5464 οἷα
2602 5415 2714 5470 ὑπὸ
2737 5420 2898 5488 Θεοῦ,
2924 5396 3021 5479 καὶ
3047 5396 3456 5499 μεμαρτύρηται
3483 5396 3534 5488 ᾖε
3559 5411 3634 5467 ὑπὸ

2715 5599 2760 5632 θ’
2800 5599 2906 5658 Joh
2937 5620 3176 5671 xxxvm,
3214 5603 3386 5661 16-17.
3482 5597 3520 5630 ⁸⁸
3550 5591 3628 5644 353-
