3740 6344
52 414 146 468 6θῖ

1075 393 1710 452 DEIONSTRATIONIS
1749 385 2189 451 EVANGELICAE
2221 386 2350 444 LIB.
2380 391 2472 450 IX.

3252 391 3354 448 698

83 508 419 582 ,Μίνωι
443 493 558 549 τῶν
590 502 723 556 καθ’
765 506 898 578 δλης
919 509 1016 580 τῆς
1051 511 1364 582 οἰκουμένης
1390 511 1675 582 κηρυξάντο

1826 509 2141 566 habentibus
2194 504 2498 562 facultatem
2547 507 2792 578 loquendi
2843 508 3128 564 restituere
3155 547 3170 571 ,
3224 525 3342 578 qua:

96 575 334 659 0,3,,ng
396 575 470 638 ὢν
506 587 571 641 τὸ
613 575 898 649 ἄπλαστον
933 575 1024 652 καὶ
1065 575 1256 670 aluei;
1301 575 1400 670 τῆς
1443 575 1735 672 μαρτυρίας

123 676 466 744 mum-th
497 679 533 749 ἡ
562 678 654 734 διὰ
681 683 934 752 βασάνων
966 691 1146 759 πεῖρα,
1180 691 1272 742 καὶ
1313 692 1346 758 ἡ
1384 690 1537 759 μέχρι
1579 691 1735 743 θανά-

136 789 227 824 του
256 777 324 828 εν
337 784 572 834 στασις,
603 771 670 843 ην
697 775 790 827 ἐπὶ
819 776 1094 844 βασιλέων,
1119 780 1383 848 ἀρχόντων
1407 796 1463 830 τε
1496 780 1587 832 καὶ
1609 782 1735 849 ἠγε-

152 863 340 928 μόνων
357 899 387 922 ς
423 862 512 913 καὶ
544 861 680 914 ὅλων
717 863 884 918 ἐθνῶν
931 867 1272 932 ἐνεδείξαντο,
1302 871 1411 930 τοῖς
1441 868 1529 920 ὑπ’
1561 868 1732 920 αὐτῶν

153 951 604 1020 κηρυττομένοις
631 952 888 1023 ἀλήθειαν
928 957 1468 1026 ἐπιμαρτυρήσαντες.
1518 956 1732 1019 Τούτοις

148 1039 209 1091 δέ
243 1043 458 1103 αὐτοῖς
486 1041 614 1112 ἡγοῦ
622 1059 719 1111 μαι
743 1046 854 1106 τοῖς
881 1045 1277 1112 εὐαγγελισταῖς
1300 1045 1458 1098 αὐτοῦ
1485 1047 1574 1098 καὶ
1601 1047 1731 1098 ἀπο-

153 1129 394 1191 στόλοις
425 1130 707 1196 ἐπιφωνεῖν
741 1131 803 1182 τὸ
841 1132 1050 1201 πνεῦμα
1083 1133 1144 1186 τὸ
1176 1132 1499 1204 προφητικὸν
1527 1132 1594 1185 τά
1625 1133 1729 1186 ἀπὸ

143 1216 273 1282 τοῦ,
309 1238 330 1269 ι
397 1217 683 1286 ’1σχύσατε,
715 1223 894 1291 χεῖρες
925 1222 1212 1290 ἀνειμέναι,
1239 1223 1330 1274 καὶ
1348 1222 1541 1289 γόνατα
1562 1238 1730 1290 παρα-

147 1302 469 1375 λιλυμὲνα.
510 1325 529 1356 ι
579 1307 734 1360 Ἐπεὶ
765 1309 873 1378 γὰρ
901 1309 998 1372 τὰς
1028 1313 1210 1380 χεῖρας
1244 1311 1334 1362 καὶ
1372 1311 1468 1373 τὰς
1497 1327 1723 1380 πρακτι-

143 1391 259 1453 κὰς
295 1394 570 1463 δυνάμεις
598 1387 762 1459 οὗτοι,
801 1397 896 1459 τάς
927 1415 984 1450 τε
1031 1398 1211 1467 βάσεις
1247 1400 1338 1451 καὶ
1373 1399 1468 1468 τὴν
1511 1399 1724 1469 πορείαν

143 1480 271 1532 ἀπὺ
327 1484 442 1554 τῆς
487 1487 702 1555 μακρᾶς
746 1487 988 1557 περιόδου
1017 1489 1114 1558 τῆς
1158 1488 1293 1542 κατά
1325 1488 1414 1541 τὸν
1459 1489 1726 1553 Μωῦσὲως

139 1563 335 1632 νόμον
365 1568 616 1639 λατρείας
646 1572 1000 1642 παρείθησαν,
1021 1575 1292 1644 διεγείρων
1312 1576 1502 1638 αὐτοὺς
1519 1576 1610 1627 ἐπὶ
1626 1577 1723 1647 τὴν

139 1651 309 1704 κατὰ
346 1654 416 1707 τὸ
439 1656 766 1722 Εὐαγγέλιον
821 1659 1124 1713 πολιτείανο
1164 1680 1182 1712 ι
1225 1661 1511 1730 Ἰσχύσατε,
1569 1663 1719 1732 φησὶ,

133 1743 354 1810 χεῖρες
414 1747 714 1815 ἀνειμέναι,
783 1748 876 1801 καὶ
905 1749 1098 1816 γόνατα
1129 1750 1552 1820 παραλελυμένα,
1594 1772 1613 1804 ι
1644 1754 1723 1815 είς

1831 599 2007 655 omnia
2040 596 2282 650 Salvator
2314 609 2378 648 ac
2411 595 2664 649 Dominus
2704 603 2883 650 noster
2921 593 3077 650 Jesus
3103 593 3348 648 Christus

1831 686 2213 740 admirabiliter
2243 684 2510 752 praestitit,
2549 689 2802 750 tanquam
2849 684 2895 736 is
2945 684 3036 752 qui
3090 698 3245 736 verus
3276 683 3348 736 sit

1830 774 1992 839 Deus,
2021 783 2074 830 et
2110 775 2220 828 haec
2263 773 2442 826 omnia
2481 772 2765 828 multorum
2803 773 3122 836 testimonio,
3155 773 3244 841 qui
3276 773 3344 825 il-

1829 865 1937 918 lum
1973 865 2026 918 in
2062 872 2172 918 toto
2204 864 2334 918 orbe
2368 863 2736 932 praedicarunt,
2777 859 2932 914 [idem
2983 873 3340 930 acceperunt:

1827 970 2049 1026 quorum
2080 954 2368 1008 testimonii
2389 963 2441 1007 et
2466 953 2854 1020 simplicitatem
2879 957 2932 1004 et
2958 951 3226 1004 veritatem
3249 967 3345 1007 el-

1827 1046 2052 1115 ploratio
2083 1059 2178 1112 per
2214 1051 2475 1097 tormenta
2506 1040 2802 1101 conﬁrmat,
2831 1046 2884 1092 et
2907 1053 3073 1107 usque
3103 1041 3166 1092 ad
3200 1055 3342 1094 mor-

1825 1143 1930 1190 tem
1962 1133 2199 1190 certandi
2234 1129 2644 1200 perseverantia,
2675 1143 2832 1196 quam
2881 1129 2934 1181 in
2973 1137 3258 1196 conspectu
3287 1135 3342 1183 et

1825 1240 2028 1294 regum,
2056 1230 2108 1277 et
2152 1221 2470 1289 principum,
2492 1225 2544 1272 et
2573 1217 2852 1287 praesidum
2900 1224 2952 1270 et
2977 1216 3338 1270 universarum

1822 1312 2058 1383 gentium
2115 1309 2492 1379 praestiterunt,
2529 1309 2653 1362 dum
2697 1320 2899 1370 eorum,
2931 1320 3048 1374 qua:
3098 1306 3165 1358 ab
3208 1305 3338 1375 ipsis

1823 1399 2264 1470 praedicabantur,
2315 1397 2524 1450 veritati
2553 1389 2726 1450 ﬁdem
2769 1394 2847 1448 sic
2901 1393 3119 1447 faciunt.
3173 1392 3338 1448 Porro

1821 1497 1996 1543 autem
2015 1487 2078 1540 ad
2104 1487 2203 1540 hos
2226 1487 2372 1556 ipsos
2390 1494 2442 1540 et
2463 1485 2814 1554 evangelistas
2835 1483 2951 1550 ejus
2971 1490 3024 1536 et
3049 1484 3335 1551 apostolos,

1821 1578 2064 1647 spiritum
2097 1575 2329 1630 arbitror
2361 1574 2648 1626 inclamare
2697 1571 3086 1640 propheticum,
3131 1586 3193 1624 ea
3221 1585 3339 1640 quae

1819 1669 2066 1736 deinceps
2095 1672 2409 1735 sequuntur,
2442 1663 2510 1717 ab
2558 1663 2646 1715 illo
2685 1662 2801 1714 loco
2831 1679 2845 1714 :
2881 1679 2898 1710 ι
2948 1659 3332 1724 Convalescite,

1819 1771 2007 1811 manus
2029 1756 2282 1812 remissae,
2297 1762 2348 1806 et
2375 1766 2542 1814 genua
2563 1751 2841 1805 dissoluta.
2880 1770 2898 1802 ι
2927 1749 3057 1803 Nam
3086 1750 3335 1819 quoniam

134 1827 488 1898 ἐταμασίαν
518 1834 716 1906 δηλαδὴ
748 1835 842 1888 τοῦ
882 1836 1020 1889 κατά
1057 1839 1116 1890 τὸ
1160 1838 1478 1906 Εὐαγγέλιον
1502 1840 1675 1910 δρόμοι

1817 1844 1869 1897 lii
1896 1851 1949 1896 et
1975 1841 2241 1904 manibus,
2271 1852 2324 1895 et
2345 1839 2548 1895 viribus
2581 1853 2696 1906 quae
2749 1839 2814 1892 ad
2867 1838 3122 1906 agendum
3175 1839 3336 1907 perti-

144 1913 460 1986 ’ἰσχύσατε
500 1923 555 1976 δὲ
596 1925 690 1976 καὶ
736 1926 817 1988 είς
862 1924 922 1977 τὸ
967 1927 1295 1996 παρακαλεῖν
1336 1928 1578 1996 ἐτέρους,
1627 1929 1718 1982 καὶ

125 2013 460 2082 παρορμᾷν
488 2012 704 2082 ἔχεσθαι
734 2016 832 2085 τῆς
859 2015 1206 2086 εὐαγγελικῆς
1251 2017 1532 2086 σωτηρίας,
1566 2018 1718 2086 ὑμεῖς

117 2097 174 2146 οἱ
211 2098 288 2149 τὸ
331 2104 472 2173 πρὶν
501 2104 831 2174 όλιγόψυχοι,
866 2107 959 2158 καὶ
994 2107 1063 2177 μή
1095 2125 1178 2169 τις
1209 2108 1348 2176 ὑμᾶς
1377 2108 1592 2178 αἱρείτω
1620 2109 1714 2176 φό-

115 2182 224 2246 60;
255 2187 401 2244 τῶν
431 2191 626 2256 ἔξωθεν
658 2192 1055 2262 ἀνθισταμένων
1084 2193 1164 2264 τῷ
1195 2195 1520 2265 εὐαγγελικῷ
1547 2194 1713 2266 κηρύ-

110 2284 361 2339 γματν
416 2279 547 2332 ἀλλά
590 2280 687 2332 καὶ
738 2281 872 2350 πρὸς
916 2281 1134 2344 τούτους
1187 2283 1452 2350 ἰσχύσατε,
1498 2284 1590 2336 καὶ
1641 2283 1712 2355 μὴ

113 2361 437 2424 φοϐεῖσθε.
489 2369 621 2432 Θεὸς
677 2370 785 2439 γάρ
831 2366 898 2440 ἦν
951 2371 1044 2423 ml.
1097 2370 1228 2423 Θεοῦ
1272 2371 1456 2438 Λόγος,
1497 2371 1606 2424 ἀλλ’
1653 2374 1712 2425 οὐ

107 2449 392 2510 limites?
429 2475 512 2522 τις
552 2460 946 2530 παραπλήσιος,
981 2459 1101 2511 οὐδέ
1139 2476 1221 2522 τις
1262 2462 1372 2521 τοῖς
1419 2461 1715 2530 προφήταις

107 2538 364 2607 ὅμοιος,
391 2548 450 2599 οὐ
481 2548 656 2618 μόνων
679 2548 788 2600 τῶν
813 2547 1120 2618 παραδόξων
1149 2545 1371 2616 ποιητὴς
1402 2545 1709 2615 θαυμάτων,

107 2628 264 2682 ἀλλὰ
295 2638 416 2689 καὶ
439 2637 565 2707 ὑμῖν
590 2638 772 2701 αὐτοῖς
803 2637 901 2705 τῆς
939 2635 1117 2704 ἰσχύος
1147 2636 1379 2704 γεγονὼς
1405 2635 1588 2698 αῐτιος.
1617 2636 1712 2687 Πί-

112 2731 245 2781 στις
272 2720 335 2772 δ’
381 2726 442 2778 ἂν
486 2727 694 2794 γένοιτο
732 2726 1091 2796 ἐναργεστάτη
1131 2724 1230 2793 τῆς
1260 2724 1350 2778 τοῦ
1381 2742 1710 2795 προφητευο-

115 2807 303 2873 μένου
354 2816 605 2887 Σωτῆρος
643 2815 802 2885 ἡμῶν
834 2815 1010 2868 ἐνθέου
1055 2815 1346 2884 δυνάμεως,
1375 2814 1440 2867 δι’
1475 2811 1542 2886 ἧς
1577 2815 1708 2885 ἀλη-

114 2894 234 2958 θῶς
287 2905 516 2970 χωλοὺς
563 2906 655 2957 καὶ
707 2903 956 2970 τυφλοὺς,
998 2904 1090 2956 καὶ
1128 2902 1377 2973 λεπροὺς,
1433 2903 1524 2954 καὶ
1572 2919 1709 2972 παρ-

113 2985 408 3058 ειμένους
454 2995 638 3048 ίάσατό
694 3011 825 3047 ποτε
878 2993 1044 3064 λόγῳ,
1095 2992 1233 3046 κατὰ
1283 2991 1380 3056 τὰς
1428 2993 1553 3064 περὶ
1610 2993 1706 3046 αὑ-

117 3072 215 3124 τοῦ
252 3077 536 3152 Γραφὰς,
589 3087 624 3154 ἠ
677 3086 772 3137 καὶ
812 3083 976 3136 είσέτι
1033 3081 1124 3134 νῦν
1175 3082 1527 3154 ἐνεργουμένη
1574 3081 1705 3152 πρὸς

116 3160 224 3230 τῆς
277 3173 466 3226 αὐτοῦ
519 3174 770 3244 θεότητος
821 3171 942 3226 καθ’
985 3171 1110 3240 ὅλης
1152 3171 1252 3239 τῆς
1297 3168 1589 3239 ἀνθρώπων
1631 3172 1706 3222 oi-

118 3254 427 3345 ξουμένης
469 3261 635 3332 ἀρετὴ
663 3299 679 3322 ,
730 3260 795 3312 δι’
835 3255 903 3330 ἧς
953 3259 1130 3320 αὐτοῖς
1185 3256 1362 3326 ἔργοις
1400 3257 1576 3319 ὁποῖός
1625 3273 1706 3320 τις

122 3343 191 3402 ην
238 3345 370 3399 καὶ
415 3349 562 3408 τότε,
613 3350 727 3410 τοῖς
776 3347 904 3410 οἵοις
954 3363 1012 3398 τε
1059 3346 1280 3415 συνορᾷν
1323 3343 1702 3418 ἐπιδείκνυταιο

123 3421 214 3476 ὅτε
241 3433 370 3486 καὶ
391 3436 476 3488 ἐπὶ
494 3434 767 3499 τοσούτοις
792 3435 926 3505 μετά
945 3433 1116 3486 ταῦτα
1142 3433 1349 3502 χρόνοις
1373 3432 1594 3503 διαρκὴς
1615 3432 1706 3484 καὶ

127 3513 437 3589 ἀνίκητος,
477 3528 564 3580 καὶ
608 3527 684 3588 ὡς
713 3525 925 3596 ἀληθῶς
949 3525 1082 3578 Θεοῦ
1109 3526 1293 3592 Λόγος,
1325 3526 1352 3576 ὁ
1380 3526 1511 3595 πρὸς
1547 3525 1704 3578 αὐτοῦ

129 3615 543 3681 καταγγελοεις
579 3615 976 3676 ἀποδείκνυται,
1013 3613 1217 3675 πάντας
1249 3613 1707 3683 ὑπερϐαλλόμενος

130 3688 254 3750 τοὺς
293 3699 544 3773 ἀρχῆθεν
573 3705 668 3756 καὶ
700 3702 862 3772 μέχρι
889 3700 980 3754 τοῦ
1012 3701 1104 3753 νῦν
1133 3701 1228 3770 τὴν
1249 3700 1584 3753 διδασκαλίαν
1607 3702 1704 3753 αὑ-

127 3773 221 3835 τοῦ
252 3790 532 3861 πολεμεῖν
562 3790 1128 3860 παρεσκευασμένους,
1171 3789 1226 3854 ἐξ
1261 3790 1471 3860 ἀπάσης
1507 3807 1564 3842 τε
1607 3791 1705 3860 τῆς

130 3862 286 3917 οἰκοτ,
298 3879 478 3950 μένης
508 3878 851 3948 ὑπαγόμενος
876 3878 1047 3948 ἐαυτῷ
1076 3877 1239 3948 μυρία
1268 3877 1459 3948 πλήθη,
1485 3880 1576 3932 καὶ
1604 3879 1706 3932 πά-

132 3965 225 4018 σης
261 3967 388 4026 μὲν
412 3969 686 4039 ἁμαρτίας
719 3969 811 4020 καὶ
833 3967 938 4020 τῶν
965 3967 1102 4020 κατά
1127 3967 1300 4036 ψυχὴν
1326 3967 1507 4019 παθῶν
1529 3984 1586 4019 τε
1615 3969 1704 4021 καὶ

132 4053 473 4116 νοσημάτων
507 4061 634 4120 τοὺς
669 4057 818 4126 αὐτῷ
856 4057 1170 4126 προσιόντας
1205 4055 1575 4119 ἀπαλλάσσων,
1614 4059 1704 4110 ἐπὶ

130 4126 179 4178 δὲ
206 4135 337 4207 τὴν
365 4149 556 4218 εὐσεϐῆ
582 4147 928 4201 διδασκαλίαν
951 4145 1111 4199 αὑτοῦ
1140 4147 1243 4197 πᾶν
1265 4146 1414 4212 γένος
1448 4146 1702 4217 Ἑλλήνων

133 4220 216 4270 κί’·
287 4231 586 4310 βαρϐάρων
640 4236 1125 4309 προσκαλούμενος,
1176 4239 1396 4306 μυρίους
1441 4253 1500 4288 τε
1549 4239 1702 4300 ὅσους

134 4321 442 4395 προσάγων
469 4330 560 4381 ἐπὶ
587 4328 687 4398 τὴν
715 4327 809 4378 τοῦ
839 4327 996 4397 μόνου
1025 4327 1117 4378 καὶ
1145 4325 1371 4394 ἀληθοῦς
1399 4325 1530 4378 Θεοῦ
1564 4325 1701 4394 γνῶ-

1815 1935 1964 1992 nent,
1992 1937 2046 1980 et
2075 1927 2270 1994 plantis
2303 1925 2434 1994 ipsis
2461 1933 2512 1978 et
2534 1923 2770 1987 incessu,
2795 1939 2859 1977 ex
2893 1925 3045 1993 longo
3067 1925 3334 1978 adoratio-

1812 2017 1896 2070 nis
1943 2015 2235 2071 secundum
2283 2013 2566 2068 Mosaicam
2600 2013 2766 2081 legem
2819 2013 3044 2066 circuitu
3085 2013 3334 2082 elangue-

1812 2113 1953 2164 rant,
1985 2105 2372 2172 solutioresque
2393 2109 2692 2162 evaserant,
2715 2101 2913 2155 idcirco
2944 2103 3182 2158 excitans
3212 2104 3333 2160 illos

1811 2193 1877 2246 ad
1903 2194 2256 2262 evangelicam
2283 2193 2404 2247 vita:
2437 2191 2856 2245 institutionem:
2893 2208 2910 2240 ι
2947 2189 3330 2256 Convalescite,

1810 2283 1999 2351 inquit,
2048 2297 2238 2336 manus
2282 2282 2536 2342 remissa,
2569 2287 2623 2333 et
2653 2293 2824 2348 genua
2871 2277 3152 2343 dissoluta,
3196 2298 3214 2330 ι
3265 2280 3332 2333 ad

1810 2371 2134 2426 alacritatem
2157 2371 2405 2425 videlicet
2444 2368 2736 2438 evangelici
2779 2383 2991 2422 cursus.
3036 2367 3332 2421 Conﬁrma-

1809 2461 1939 2514 mini
1967 2463 2124 2516 etiam
2160 2461 2223 2514 ad
2274 2461 2653 2523 exbortandos,
2691 2457 3148 2526 concitandosque
3174 2458 3327 2520 alios,

1809 2556 1868 2602 ut
1892 2551 2248 2618 evangelicam
2271 2551 2498 2604 salutem
2520 2550 2926 2618 amplectantur,
2952 2563 3068 2610 vos,
3090 2549 3326 2617 inquam,

1807 2640 1898 2706 qui
1943 2639 2089 2707 prius
2133 2638 2296 2692 eratis
2343 2639 2538 2707 pusillo
2585 2639 2784 2700 animo,
2844 2653 3013 2706 neque
3047 2637 3187 2691 ullus
3235 2649 3329 2691 Vos

1805 2728 1979 2796 capiat
2033 2730 2190 2781 timor
2245 2743 2450 2792 eorum,
2495 2728 2586 2796 qui
2638 2727 2964 2781 extrinsecus
3017 2725 3331 2793 evangelicae

1805 2816 2168 2885 przedicationi
2203 2818 2464 2872 resistunt
2495 2835 2508 2870 :
2536 2831 2720 2869 verum
2754 2824 2942 2868 contra
2992 2815 3089 2868 bos
3115 2826 3329 2881 quoque

1804 2907 1968 2960 robur
1987 2906 2227 2974 accipite,
2248 2914 2302 2960 et
2331 2921 2400 2960 ne
2441 2905 2644 2958 timete.
2678 2903 2818 2958 Deus
2860 2903 3000 2956 enim
3041 2912 3122 2957 est
3153 2910 3204 2956 et
3235 2901 3328 2956 Dei

1803 2995 2060 3059 Verbum,
2095 3009 2202 3048 non
2229 3002 2408 3048 autem
2437 2993 2700 3062 quispiam
2749 2993 2880 3047 Mosi
2930 2992 3138 3058 similis,
3170 3006 3232 3044 ac
3260 3006 3329 3046 ne

1805 3087 1946 3140 ullus
1976 3085 2188 3156 quidem
2221 3084 2598 3154 prophetarum
2641 3083 2768 3138 huic
2795 3090 2877 3138 est
2916 3083 3325 3152 comparandus,

1805 3176 1894 3244 qui
1916 3190 2021 3228 non
2052 3175 2221 3230 solum
2252 3174 2512 3226 miracula
2560 3173 2818 3228 inusitata
2845 3173 3002 3227 edere
3029 3173 3324 3236 consuevit,

1803 3276 1989 3316 verum
2018 3262 2180 3315 etiam
2203 3261 2355 3314 vobis
2389 3260 2522 3328 ipsis
2547 3261 2723 3313 omnis
2762 3260 3088 3314 fortitudinis
3118 3268 3170 3314 et
3199 3275 3328 3314 con-

1803 3352 2013 3407 stantiae
2041 3359 2230 3405 auctor
2266 3350 2508 3404 exsistit.
2532 3349 2916 3418 Argumentum
2941 3365 3064 3402 vero
3092 3349 3328 3404 certissi-

1803 3453 1946 3492 mum
1981 3438 2140 3492 fuerit
2161 3438 2356 3491 divina:
2384 3437 2522 3504 ejus,
2549 3449 2704 3503 quem
2750 3436 3018 3504 prophetae
3047 3445 3324 3488 venturum

1802 3529 2116 3580 nuntiarunt
2167 3525 2460 3578 Salvatoris
2493 3524 2661 3575 nostri
2688 3524 2925 3584 virtutis,
2961 3539 3052 3591 per
3081 3538 3234 3591 quam
3268 3538 3325 3577 re

1801 3630 1926 3668 vera
1961 3623 2013 3667 ct
2043 3614 2284 3675 claudos,
2324 3621 2375 3666 et
2426 3629 2614 3676 caecos,
2669 3623 2721 3666 et
2770 3612 2930 3679 lepris
2981 3611 3224 3674 infectos,
3271 3619 3326 3664 et

1803 3705 2053 3758 membris
2082 3702 2391 3763 dissolutos,
2421 3703 2604 3767 verbo,
2639 3709 2700 3755 ut
2729 3700 3014 3770 Scriptura:
3038 3715 3154 3769 quae
3172 3701 3238 3754 de
3260 3701 3325 3754 il-

1802 3793 1853 3846 lo
1896 3798 2108 3847 exstant
2157 3789 2312 3843 ﬁdem
2354 3789 2575 3853 faciunt,
2630 3789 2916 3858 aliquando
2945 3790 3231 3848 sanaverit.
3259 3804 3322 3842 ea

1801 3898 1917 3952 quae
1943 3881 2101 3935 etiam
2128 3896 2272 3934 nunc
2293 3879 2576 3933 eﬂicaciam
2607 3894 2755 3934 suam
2788 3894 2850 3932 ex
2881 3880 3024 3934 illius
3046 3878 3323 3931 divinitate

1802 3973 1855 4026 in
1897 3981 2030 4035 toto,
2060 3973 2150 4041 qui
2184 3973 2251 4026 ab
2297 3971 2602 4025 hominibus
2632 3968 2884 4023 incolitur
2907 3970 3055 4032 orbe,
3086 3969 3324 4023 ostendit

1800 4064 1992 4126 virtus,
2021 4077 2115 4131 per
2162 4077 2319 4131 quam
2354 4062 2515 4114 rebus
2557 4060 2689 4128 ipsis
2715 4069 2767 4114 et
2796 4060 2951 4114 factis
2981 4061 3154 4128 qualis
3199 4067 3324 4113 tunc

1799 4165 2012 4218 quoque
2044 4150 2203 4204 fuerit
2232 4151 2318 4212 iis,
2353 4150 2442 4218 qui
2480 4149 2674 4202 intueri
2708 4158 2952 4218 possunt,
2985 4149 3322 4202 ostenditur:

1797 4238 2192 4312 mquando
2224 4239 2275 4290 in
2325 4248 2430 4292 tam
2479 4238 2674 4291 multos
2721 4253 2889 4291 annos
2921 4244 3037 4306 post
3078 4237 3165 4289 illa
3205 4250 3326 4304 quas

1801 4332 1998 4399 scripta
2033 4337 2158 4382 sunt
2188 4329 2345 4382 durat
2374 4328 2622 4389 invictus,
2653 4335 2706 4381 et
2746 4342 2933 4380 revera
2964 4326 3054 4379 Dei
3092 4324 3322 4379 Verbum

138 4410 230 4460 σίν»
261 4406 375 4468 ὲἰἐί
401 4435 458 4470 τε
482 4419 572 4470 τὸν
600 4417 728 4486 ὑγιῆ
753 4417 846 4468 καί
871 4414 1116 4486 σώφρονα
1142 4414 1272 4482 βίον,
1293 4416 1350 4477 ὃς
1371 4415 1432 4486 δὴ
1456 4417 1546 4469 καὶ
1567 4417 1675 4486 πρὲι

1809 4436 1939 4484 esse,
1971 4419 2111 4488 quod
2141 4419 2208 4472 ab
2233 4419 2348 4487 ipso
2378 4417 2748 4471 denuntiatum
2765 4423 2867 4475 est,
2907 4415 3322 4478 demonstratur,

140 4499 247 4577 ¹ξιπων
313 4509 400 4577 εῖη
431 4508 494 4561 ἂν
542 4506 842 4576 ἐπαγγελίᾳ.
887 4505 1177 4576 θρησκείας
1219 4505 1309 4556 τοῦ
1359 4507 1448 4557 ἐπὶ
1491 4505 1675 4558 πάντωπ

1809 4514 1982 4573 utpote
2011 4505 2150 4574 quod
2191 4521 2377 4560 omnes
2401 4506 2510 4574 jam
2544 4506 2751 4564 vicerit.
2788 4504 3092 4572 quicunque
3118 4502 3185 4554 ab
3219 4501 3325 4553 ini-

143 4573 302 4665 φεοῦ.
356 4573 512 4661 σῖτος
554 4599 612 4651 δὲ
649 4573 869 4658 δαιτὸς-δ
898 4573 1027 4656 ea;
1071 4594 1242 4663 ἡμῶν,
1285 4593 1377 4647 ars
1429 4595 1700 4665 τυγχάνων

149 4661 277 4754 θεοῦ
350 4687 528 4754 Λόγος,
582 4706 600 4736 ι
645 4685 862 4754 Κρίσιν,
927 4661 1121 4751 φησὶν,
1163 4661 1560 4745 ἀνταποδίδωσί,
1605 4682 1698 4734 καὶ

151 4750 532 4843 ἁξ’ττι’²”εοδιὶ›”ι;ςει,
559 4750 722 4836 αὐτὸς
747 4773 865 4843 ἣξει
889 4750 1165 4824 καὶγσὼσει
1189 4772 1347 4838 ἡμᾶς.
1379 4789 1396 4820 ι
1425 4771 1574 4823 Κατά
1593 4770 1697 4840 γὰρ

154 4839 226 4933 ξὺν
259 4851 478 4932 ι«ίιθειλμὸν
511 4839 790 4933 φήσανταλ
837 4880 856 4911 ε
904 4859 962 4910 Ὁ
991 4858 1120 4918 Θεὸς
1144 4895 1159 4918 ,
1202 4858 1260 4907 τὸ
1291 4857 1458 4927 κρῖμά
1491 4873 1580 4908 σου
1622 4839 1698 4926 τῷ

158 4922 368 5031 ξξξλεί
387 4922 488 5017 δός,
567 4922 660 5006 καὶ
683 4950 826 5004 κατά
844 4949 941 5018 τὴν
962 4946 1313 5015 εὐαγγελικὴν
1331 4922 1694 5012 δίδασκαλίαν,

156 5010 311 5115 δι”ἦς
348 5010 566 5113 εἴρηταιο
602 5061 620 5092 ι
668 5043 726 5093 'O
767 5010 958 5105 Πατηρ
998 5010 1166 5104 κρίνει
1197 5010 1399 5093 οὐδένα,
1442 5033 1572 5086 ἀλλά
1599 5010 1696 5105 τὴν

152 5114 336 5198 κρίσιν
356 5134 526 5196 πᾶσαν
553 5132 754 5184 δέδωκε
779 5126 858 5195 τῷ
879 5123 1017 5192 Υίῷ,
1045 5143 1062 5172 ι
1091 5120 1233 5190 παρὰ
1258 5121 1346 5172 τοῦ
1373 5123 1578 5191 Πατρὸς
1599 5123 1694 5193 τὴν

149 5200 222 5290 Ϊῗυ
258 5220 465 5287 ³ερίνειν
491 5218 733 5290 εἰληφὼς
762 5213 1036 5278 ἐξουσίαν,
1061 5210 1361 5281 δικαιοσύνῃ
1385 5210 1596 5279 κρίνων,
1621 5213 1697 5283 τῷ

304 5272 820 5290 ,μη-νμ,,
1024 5272 1028 5273 ,
1585 5272 1681 5283 κ.

141 5272 225 5382 ἓν
266 5297 342 5364 ἐκ
366 5309 666 5382 περιτομῆς
693 5303 812 5371 λαῷ
840 5301 940 5368 τὴν
975 5299 1341 5367 προσήκουσαν
1373 5298 1477 5351 τῶν
1502 5301 1578 5363 είς
1601 5303 1696 5353 αὐ-

133 5358 200 5461 :
247 5401 321 5454 τε
346 5358 579 5460 mitrae;
606 5391 778 5448 αὐτοῦ
808 5388 1099 5456 προφήτας
1125 5384 1522 5454 τετολμημένων
1546 5390 1699 5461 δίκην

121 5451 451 5554 δέδωκε,
500 5487 722 5541 πάντας
763 5478 823 5528 δὲ
867 5473 1199 5537 ἁπαξαπλῶς
1233 5475 1539 5544 ἀνθρώπους
1575 5481 1698 5544 τοὺς

111 5542 254 5591 αυῖοδ
301 5542 416 5547 ’νῦ-Γ
436 5542 448 5554 ι
471 5579 484 5591 ι
611 5589 622 5591 ,
663 5567 720 5591 ιε
749 5564 868 5591 9--..
906 5561 1050 5591 ιιι-ρλ-
1074 5561 1130 5591 ..λ
1152 5542 1348 5591 κῆν-...ελ
1375 5564 1526 5591 3...--J

169 5561 265 5629 c‘t‘l
295 5579 624 5654 προσιόντας
659 5567 722 5631 ἐξ
749 5564 868 5615 ἴσου
906 5561 1052 5612 κατὰ
1073 5561 1131 5612 τὸ
1151 5561 1348 5613 δίκαιον
1373 5564 1693 5620 ἀνεσώσατο·

99 5627 155 5663 ων
561 5627 820 5714 δία-δόξας
848 5649 946 5702 καὶ
973 5650 1102 5711 τοὺς
1123 5649 1418 5721 ὀφθαλμοὺς
1447 5654 1696 5724 ἀνέῳξεν.

1800 4591 1875 4642 tio
1923 4590 1976 4642 in
2021 4594 2161 4644 hunc
2209 4604 2380 4658 usque
2425 4588 2564 4642 diem
2611 4587 2908 4640 doctrinam
2944 4586 3111 4654 ipsius
3157 4599 3326 4653 oppu-

1799 4692 1961 4746 gnare
1997 4678 2174 4729 conati
2215 4678 2340 4741 sint,
2377 4685 2429 4732 et
2459 4691 2522 4730 ex
2568 4677 2818 4728 universo
2857 4675 2984 4727 orbe
3015 4675 3322 4726 innumera—

1799 4766 1931 4820 biles
1962 4772 2254 4818 conventus
2285 4765 2347 4818 ad
2397 4767 2632 4832 seipsum
2676 4763 2888 4816 assidue
2935 4761 3131 4821 trahat,
3173 4767 3228 4813 et
3255 4761 3324 4814 ab

1801 4855 1942 4909 omni
1969 4863 2206 4922 peccato,
2241 4856 2593 4923 omnibusque
2623 4854 2785 4906 animi
2826 4860 2878 4906 et
2909 4853 3322 4920 perturbationi-

1801 4945 1901 4997 bns
1933 4953 1985 4996 et
2013 4943 2212 4996 morbis
2253 4957 2359 5007 eos,
2415 4944 2506 5010 qui
2548 4943 2612 4994 ad
2653 4957 2710 4995 se
2739 4941 3081 5001 accesserint,
3113 4940 3322 5006 liberet,

1799 5040 1852 5085 et
1905 5031 1972 5084 ad
2019 5030 2344 5097 religiosam,
2402 5030 2649 5097 piamque
2701 5029 2998 5080 doctrinam
3053 5043 3211 5082 omne
3271 5034 3327 5083 et

1799 5119 2102 5173 Graecorum
2143 5125 2195 5170 et
2243 5117 2586 5170 barbarorum
2624 5132 2790 5186 genus
2837 5116 3043 5179 invitet,
3084 5116 3326 5170 innume-

1799 5209 2100 5274 rabilesque
2150 5206 2216 5258 ad
2261 5207 2420 5259 unius
2456 5207 2674 5274 verique
2723 5205 2811 5258 Dei
2856 5205 3233 5273 cognitionem,
3271 5214 3326 5260 et

1801 5313 1987 5354 sanum
2039 5311 2102 5350 ac
2140 5295 2467 5349 moderatum
2497 5295 2708 5348 vivendi
2741 5296 3042 5347 institutum
3073 5295 3323 5353 adducat;

1815 5385 2253 5457 quemadmodum
2287 5385 2534 5439 videlicet
2562 5401 2680 5438 eum
2727 5387 2932 5448 deceat,
2960 5385 3051 5452 qui
3089 5385 3324 5454 supremi

1803 5477 1896 5532 Dei
1931 5477 2131 5530 cultum
2176 5475 2500 5540 proﬁteatur.
2532 5474 2827 5540 Quinetiam
2877 5475 2963 5528 hic
3008 5474 3146 5529 idem
3186 5475 3325 5529 Deus

1804 5579 2003 5626 noster,
2028 5573 2279 5632 tanquam
2310 5566 2356 5618 is
2377 5564 2465 5633 qni
2489 5566 2558 5618 sit
2590 5564 2677 5618 Dei
2701 5563 2956 5625 Verbum,
2994 5581 3012 5613 ι
3037 5563 3321 5630 judicium,

1807 5660 2000 5727 inquit,
2051 5657 2224 5712 reddit
2271 5665 2323 5711 et
2352 5656 2558 5721 reddet,
2609 5657 2720 5725 ipse
2765 5655 2941 5711 veniet
2992 5649 3326 5708 etservabit
