3740 6344
641 399 741 455 699

642 530 763 570 nos.
798 532 817 564 ι
848 507 979 564 Nam
1008 514 1066 562 ut
1096 515 1178 562 est
1217 507 1271 560 in
1305 505 1528 575 psalmo,
1575 499 1667 570 qui
1700 498 1811 552 ait:
1842 512 1861 545 ι
1890 492 2052 555 Deus,
2077 489 2164 557 ju—
2190 488 2237 546 Δ

646 602 842 658 dicium
886 606 1035 651 tuum
1082 595 1193 665 regi
1238 593 1305 647 da
1325 593 1391 657 ⁸ο,
1421 611 1440 644 ι
1496 596 1658 659 utque
1700 595 1783 641 est
1822 584 1877 636 in
1924 578 2167 635 doctrina

645 686 970 756 evangelica,
1003 685 1059 736 in
1094 697 1199 752 qua
1244 679 1374 735 illud
1417 679 1621 733 dictum
1665 684 1747 729 est
1777 692 1790 727 :
1822 690 1841 723 ι
1868 669 2029 723 Pater
2062 680 2169 719 non

641 777 847 854 judicat
865 772 1186 843 quempiam,
1201 770 1293 825 sed
1304 765 1732 836 omnejudicium
1750 760 1893 815 dedit
1914 758 2052 812 Filio
2066 756 2163 818 ",i

647 849 862 940 accepta
903 881 934 919 a
958 865 1116 919 Patre
1138 860 1415 932 judicandi
1449 864 1728 928 potestate,
1753 852 1882 907 dum
1911 851 2056 919 juste
2081 849 2171 917 ju-

645 937 809 1021 dicat,
839 954 1033 1026 populo
1061 952 1275 1023 quidem
1302 950 1367 1003 ad
1389 946 1849 1003 circumcisionem
1884 937 2167 1010 spectanti,

646 1063 746 1118 pro
774 1047 840 1101 iis
865 1059 983 1114 quae
1006 1049 1060 1098 et
1089 1043 1144 1096 in
1178 1041 1414 1108 seipsum
1438 1044 1490 1091 et
1523 1037 1577 1089 in
1597 1034 1882 1103 prophetas
1902 1044 2032 1085 suos
2053 1027 2169 1081 ausi

646 1143 794 1198 sunt,
822 1138 1093 1194 meritum,
1127 1128 1553 1193 conveniensque
1576 1121 1895 1191 supplicium
1927 1120 2171 1186 assigna-

643 1225 741 1289 vit,
771 1236 956 1276 omnes
989 1226 1165 1271 autem
1197 1214 1437 1278 omnino,
1468 1212 1560 1280 qui
1600 1211 1665 1265 ad
1701 1213 1873 1278 ipsum
1927 1218 2172 1259 accesse-

646 1320 773 1368 runt
799 1311 1042 1366 homines
1067 1323 1129 1361 ex
1163 1319 1316 1373 aequo
1344 1309 1403 1355 ut
1421 1301 1626 1370 justum
1654 1305 1755 1362 est,
1788 1294 2128 1350 conservavit
2153 1307 2169 1345 :

646 1416 872 1473 quorum
904 1398 1085 1467 utique
1122 1403 1173 1450 et
1210 1407 1368 1447 aures
1399 1399 1452 1446 et
1495 1389 1681 1444 oculos
1710 1387 1906 1441 mentis
1937 1384 2168 1453 aperuit.

645 1472 910 1558 Quocirca
941 1496 1154 1555 tempus
1193 1482 1337 1536 illius
1371 1480 1647 1541 adventus,
1690 1482 1900 1544 tempus
1935 1472 2172 1526 retribu-

646 1579 808 1634 tionis
837 1576 1074 1630 divinum
1103 1578 1256 1626 vocat
1290 1567 1587 1626 oraculum,
1629 1563 1770 1633 quod
1808 1562 1863 1615 in
1889 1560 2009 1615 aliis
2042 1560 2171 1614 item

647 1672 727 1726 sic
748 1670 821 1723 ait
848 1686 861 1722 :
892 1685 911 1718 ι
941 1663 1145 1718 Vocare
1163 1674 1363 1713 annum
1388 1655 1599 1711 Domini
1632 1659 1928 1721 acceptum,
1954 1656 2007 1704 et
2027 1650 2171 1703 diem

646 1755 1018 1816 retributionis
1039 1755 1104 1807 ⁹¹.
1139 1770 1156 1803 ι
1185 1748 1353 1804 Porro
1372 1748 1475 1802 hoc
1508 1745 1608 1800 fuit
1632 1740 2000 1797 retributionis
2030 1746 2171 1794 tem-

646 1866 768 1921 pus,
809 1848 865 1901 in
900 1860 1005 1916 quo
1059 1842 1233 1897 omnis
1281 1836 1557 1908 sanguinis
1603 1832 1777 1896 eil‘usi,
1827 1845 1858 1884 a
1907 1828 2172 1899 sanguine

645 1917 797 1996 Abel,
838 1945 1006 2000 usque
1051 1929 1117 1982 ad
1168 1925 1481 1996 sanguinem
1532 1920 1830 1984 Zacharim,
1879 1924 1933 1972 et
1990 1917 2170 1985 ipsum

648 2021 942 2091 pretiosum
987 2011 1301 2086 sanguinem
1346 2012 1496 2076 Jesu,
1526 2009 1660 2064 ultio
1708 2013 1918 2075 sumpta
1964 2012 2068 2069 est,
2118 2010 2173 2058 et

647 2109 964 2180 supplicium
1010 2107 1078 2160 de
1109 2105 1320 2158 illorum
1366 2102 1599 2161 natione,
1651 2099 1742 2167 qui
1773 2098 1829 2150 in
1858 2096 2004 2150 illum
2045 2108 2174 2163 pec-

646 2207 922 2263 caverunt,
953 2211 1120 2265 usque
1146 2195 1299 2257 adeo,
1333 2200 1392 2246 ut
1419 2207 1481 2247 ex
1527 2192 1619 2244 illo
1659 2199 1950 2244 extremum
1986 2185 2172 2238 interi-

650 2298 760 2344 tum
784 2300 1183 2357 extremamque
1200 2288 1550 2340 vastationem
1574 2278 1910 2349 pertulerint.
1937 2275 2001 2329 Et
2027 2273 2170 2344 quod

646 2381 860 2451 quidem
901 2379 968 2434 ad
1011 2379 1132 2433 illos
1170 2377 1397 2446 pertinet
1442 2370 1728 2442 judicium,
1770 2368 1933 2421 talem
1983 2372 2169 2420 contra

646 2470 768 2525 illos
798 2468 1196 2524 retributionem
1236 2464 1476 2518 molitum
1509 2468 1593 2514 est
1618 2478 1630 2512 :
1657 2473 1719 2512 ex
1757 2472 1864 2526 quo
1890 2453 2169 2524 pr0phetia

648 2559 727 2614 sic
755 2559 829 2612 ait
853 2578 866 2612 :
895 2575 913 2608 ι
942 2558 1079 2611 Ecce
1103 2555 1239 2610 Deus
1269 2560 1453 2606 noster
1474 2548 1734 2618 judicium
1769 2545 1943 2599 reddit
1972 2549 2026 2597 et
2050 2541 2172 2596 red-

646 2649 755 2703 det.
790 2666 808 2699 i
864 2631 1014 2715 Quod
1059 2662 1185 2700 vero
1227 2645 1294 2698 ad
1336 2642 1455 2696 illos
1498 2644 1734 2709 spectat,
1786 2637 1877 2705 qui
1926 2632 2172 2690 servandi

645 2744 792 2801 sunt,
822 2736 877 2791 in
921 2735 1270 2807 sequentibus
1299 2732 1587 2792 indicatur,
1633 2728 1741 2781 illis
1768 2725 1946 2779 verbis
1971 2742 1984 2777 :
2009 2741 2028 2773 ι
2052 2723 2173 2791 Ipse

3468 336 3532 391 illi

2260 483 2350 536 Διὸ
2374 483 2467 541 καὶ
2483 481 2573 534 τὸν
2595 477 2780 548 καιρὸν
2798 475 2890 544 τῆς
2905 467 3133 543 παρουσίας
3149 457 3288 522 αὑτοῦ,
3302 452 3437 548 καιρὸν
3448 453 3532 504 ἀντι

2267 572 2533 634 ποδόσεως
2552 572 2581 622 6
2606 543 2743 630 θεῖος
2766 562 2982 619 ἀποκαλεῖ
3000 558 3140 625 λόγος,
3157 554 3197 604 ὲν
3221 548 3378 619 ἑτέροις
3395 543 3532 634 qam

2272 681 2292 713 ι
2318 632 2553 714 Καλέσαι
2577 656 2816 712 ἐνιαυτὸν
2835 650 2995 723 Κυρίου
3013 644 3174 706 δεκτόν,
3197 639 3275 692 καὶ
3288 632 3532 723 ἡμέραν-ἀντι

2268 748 2550 808 ποδόσεως.
2585 763 2605 797 ι
2642 738 2808 804 uino;
2844 740 2895 792 δὲ
2911 718 2971 807 ’ἦν
2998 732 3151 802 καιρὸς
3171 729 3249 798 τῆς
3273 718 3532 778 ἀνταποδόσει

2267 835 2358 889 καὶ
2388 833 2506 887 καθ’
2535 833 2593 885 6v
2625 832 2733 884 πᾶν
2778 824 2904 898 αἷμα
2918 848 2919 851 η
2935 821 3116 893 ἐκχυθὲν
3152 816 3236 870 ἀπὸ
3267 814 3444 883 αἳματος
3469 809 3532 898 r'Al

2267 925 2368 987 ἓως
2391 923 2615 993 αἵματος
2647 917 2918 988 Ζαχαρίου,
2953 913 3028 967 καὶ
3062 906 3190 962 αύτοῦ
3214 920 3269 972 γε
3293 897 3522 993 τοῦᾼτιμίου

2272 1031 2434 1085 ματος
2454 988 2464 993 ’
2483 1007 2673 1081 Ἰησοῦ,
2710 1005 3003 1074 ὲκδεδίκηται
3032 998 3120 1053 ἀπὸ
3151 991 3418 1085 τῆς-γενεᾶς
3448 988 3525 1085 τῶν

2268 1077 2426 1156 eam
2458 1077 2985 1167 πεττλημμεληκότων,
3016 1089 3078 1151 ὡς
3098 1086 3147 1151 ιε
3166 1082 3336 1136 ἐκείνου
3362 1077 3433 1131 τδν
3458 1077 3530 1146 aq

2270 1192 2459 1253 αὐτοὺς
2493 1188 2777 1258 ὑπομεῖναι
2819 1181 3019 1252 ὄλεθρον,
3052 1177 3132 1229 καὶ
3154 1173 3236 1244 τὴν
3260 1169 3454 1240 ἐσχάτην
3472 1168 3532 1219 ποῖ

2270 1283 2412 1336 κίαν.
2440 1280 2546 1332 Καὶ
2575 1279 2608 1347 ἡ
2645 1276 2740 1346 μὲν
2774 1273 2886 1327 κατ’
2906 1269 3100 1329 ἐκείνους
3122 1263 3270 1336 κρίσις
3285 1259 3524 1328 τοιαύτηνὲ

2272 1389 2398 1428 σατο
2429 1370 2544 1423 κατ’
2582 1365 2756 1420 αὐτῶν
2789 1364 2883 1434 τὴν
2916 1357 3225 1415 ἀνταπόδοσινο
3251 1351 3323 1406 διό
3349 1367 3482 1419 φησιν
3507 1350 3532 1418 ὴ

2270 1462 2479 1533 φητεία·
2505 1477 2523 1509 ι
2563 1458 2690 1511 Ἰδοὺ
2714 1458 2743 1509 6
2765 1454 2892 1515 Θεὸς
2911 1450 3038 1522 ἡμῶν
3054 1446 3210 1518 κρίσιν
3233 1440 3530 1497 ἀντατοοδὶδωι

2270 1529 2644 1607 ἀνταποδώσω.
2681 1564 2699 1596 ι
2740 1545 2807 1597 Ἡ
2844 1542 2897 1597 δὲ
2919 1540 3026 1611 περὶ
3051 1538 3148 1591 τῶν
3172 1535 3230 1588 δι’
3262 1531 3408 1587 αὑτοῦ
3434 1529 3532 1583 σωθι

2269 1658 2373 1695 νων
2400 1639 2523 1708 ἑξῆς
2551 1635 2800 1706 δηλοῦται
2838 1631 2920 1685 διὰ
2943 1629 3023 1684 τοῦ
3039 1646 3051 1658 ·
3080 1647 3098 1678 ι
3122 1625 3279 1687 Αὺτδς
3309 1622 3433 1692 ἡξει,
3460 1622 3530 1672 καλ

2270 1733 2433 1802 ἡμᾶς.
2459 1730 2591 1781 Τότε
2617 1723 3000 1794 ἀναχθήσονται
3019 1715 3267 1788 ὀφθαλμοὶ
3287 1711 3532 1782 τυφλῶνη

2269 1820 2463 1888 κωφῶν
2507 1816 2845 1876 ἀκούσονται,
2886 1831 2904 1863 ι
2931 1811 3014 1864 καὶ⁵
3039 1808 3105 1861 τὰ.
3142 1806 3283 1876 ἑξῆς.
3325 1803 3515 1871 Ταύτην

2273 1910 2532 1979 σωτήριον
2582 1905 2759 1977 κρίσιν
2804 1902 2894 1956 καὶ
2936 1900 3057 1969 ἄλλη
3102 1895 3395 1969 προφητεία
3429 1891 3529 1957 εξοί

2270 2000 2498 2071 Χριστὸν
2518 1995 2898 2063 ἐπαγγέλλεται
2928 1992 3204 2060 φάσκουσα·
3242 2006 3264 2038 ι
3297 1987 3422 2039 Ἰδοὺ
3451 1987 3477 2037 6
3498 2002 3530 2036 τι

2270 2089 2625 2160 ἀντιλήψομαι
2648 2084 2831 2139 αὐτοῦ’
2861 2084 2887 2135 6
2918 2079 3150 2142 ἐκλεκτός
3175 2095 3303 2148 μου,
3327 2076 3532 2148 προσεδὲ

2268 2181 2357 2234 τὸν
2379 2182 2411 2251 ἡ
2441 2179 2582 2249 ψυχή
2620 2192 2736 2248 μου·
2767 2174 2936 2245 κρίσιν
2958 2174 3061 2234 τοῖς
3087 2170 3300 2223 ἔθνεσιν
3324 2169 3526 2235 ἐξοίσει.

2270 2270 2400 2340 περὶ
2425 2267 2519 2320 τοῦ
2544 2267 2709 2334 λόγου
2739 2264 2838 2334 τῆς
2867 2261 3045 2331 καινῆς
3071 2259 3352 2330 Διαθήκης
3382 2257 3528 2329 είρτχτ

2268 2357 2375 2429 γὰρ
2417 2355 2553 2408 Σιὼν
2598 2353 2930 2420 ἐξελεύσεται
2970 2351 3153 2420 νόμος,
3194 2350 3302 2403 καὶ
3339 2349 3495 2417 λόγος

2279 2446 2646 2518 Ἰερουσαλὴμ,
2666 2444 2758 2496 καὶ
2782 2442 2951 2512 κρινεῖ
2971 2439 3070 2493 ἀνὰ
3099 2439 3277 2510 μέσον
3300 2439 3411 2493 τῶν
3442 2439 3527 2491 ὲθν

2267 2555 2348 2590 σει
2379 2536 2486 2606 γὰρ
2518 2535 2637 2604 θείᾳ
2680 2534 2773 2587 καὶ
2810 2532 2979 2600 λόγοις
3020 2531 3154 2601 ἡμῖν
3186 2531 3487 2603 ἀρρήτοις,
3524 2550 3530 2559 ·

2265 2627 2503 2697 κλήσεως
2534 2624 2646 2677 τῶν
2692 2625 2774 2685 εἰς
2814 2621 2969 2676 αὑτὸν
3006 2621 3469 2691 ἐπιστρεφόντων
3511 2638 3526 2672 ε

2264 2718 2521 2787 ἐνεργεῖν.
2562 2713 2722 2766 Ἀλλὰ
2754 2713 2850 2767 καί¹
2875 2713 2965 2782 τὴν
2993 2710 3149 2764 θείαν
3178 2711 3530 2783 διδάσκωνὴ

646 2825 844 2889 veniet,
874 2832 926 2880 et
954 2823 1188 2880 servabit
1221 2836 1318 2874 nos
1345 2837 1359 2873 :
1384 2826 1514 2871 tunc
1559 2814 1866 2885 aperientur
1892 2808 2031 2863 oculi
2064 2822 2123 2861 ca

2064 2822 2169 2861 cas-
2267 2807 2360 2860 καὶ
2385 2805 2555 2858 πάντα
2574 2803 2911 2875 κεκριμένως
2935 2802 3084 2872 ἡμᾶς
3117 2803 3410 2874 πράττειν
3438 2821 3525 2857 ita:

645 2926 854 2975 corum,
888 2919 941 2966 et
980 2924 1135 2964 aures
1168 2907 1449 2962 surdorum
1493 2902 1726 2964 audient,
1763 2918 1781 2951 ›
1817 2906 1869 2953 et
1919 2910 2037 2966 quae
2081 2910 2122 2950 St

1817 2906 1869 2953 et
1919 2910 2037 2966 quae
2081 2910 2167 2950 se-
2272 2911 2354 2947 σιν
2380 2895 2489 2955 τοῖς
2520 2891 2723 2945 ἔθνεσιν
2755 2890 2982 2955 ἐξοίσειν
3011 2891 3270 2959 λέγεται.

647 3009 906 3071 quuntur.
928 3001 1040 3055 Hoc
1065 3015 1192 3055 vero
1213 2999 1446 3054 salutare
1474 2995 1735 3064 judicium
1760 3008 1789 3045 a
1816 2991 2032 3047 Christo
2052 3003 2171 3044 esse
2206 2986 2608 3058 proferendum,
2641 2986 2748 3038 alia
2804 3000 3023 3055 quoque
3043 2986 3373 3056 prephetia
3405 2988 3528 3043 den'

649 3095 728 3149 sic
769 3095 843 3148 ait
868 3115 880 3149 :
902 3095 1062 3167 550
1094 3113 1112 3145 ι
1139 3091 1277 3147 Ecce
1305 3105 1437 3160 puer
1464 3105 1637 3146 mens.
1684 3085 1973 3155 suscipiam
2008 3098 2127 3137 eum
2156 3100 2169 3135 :
2209 3082 2410 3136 electus
2445 3094 2617 3142 meus,
2655 3078 2898 3147 suscepit
2934 3093 3065 3132 eum
3138 3080 3361 3134 anima
3410 3097 3530 3134 me:

650 3184 897 3255 gentibus
917 3166 1233 3254 proferet".
1266 3201 1283 3232 ι
1318 3177 1552 3232 Proinde
1607 3177 1769 3233 etiam
1803 3174 1868 3228 de
1895 3173 2061 3227 verbo
2082 3171 2214 3225 Novi
2253 3169 2582 3226 Testamenti
2627 3167 2835 3220 dictum
2884 3174 3013 3221 est:
3052 3184 3074 3217 ι
3143 3166 3236 3222 De
3289 3168 3457 3224 Sion
3499 3187 3526 3225 ε

647 3275 866 3329 verbum
918 3274 1127 3329 Domini
1171 3274 1235 3328 de
1275 3271 1590 3333 Jerusalem,
1638 3276 1691 3323 et
1726 3265 1990 3336 judicabit
2029 3263 2168 3316 inter
2204 3255 2478 3331 gentes".
2546 3277 2565 3309 ι
2599 3255 2792 3309 Divino
2821 3256 2969 3310 enim
2994 3255 3263 3325 judicio,
3345 3260 3532 3315 ratio:

648 3363 734 3419 bis
774 3365 999 3418 occultis
1038 3373 1199 3433 atque
1247 3362 1601 3418 ineﬂ‘abilibus
1631 3373 1692 3413 ea
1721 3373 1838 3427 qua;
1901 3356 1967 3410 ad
2008 3356 2336 3409 vocationem
2396 3350 2666 3421 pertinent
2726 3362 2945 3412 eorum,
2990 3347 3096 3417 qui
3135 3348 3221 3402 ad
3250 3349 3478 3419 ipsum

649 3454 1023 3510 administrare
1088 3456 1239 3510 illum
1279 3471 1375 3525 par
1418 3463 1520 3509 est.
1587 3452 1725 3519 Quin
1772 3451 1930 3505 etiam
1973 3448 2099 3503 dum
2140 3462 2240 3501 nos
2277 3445 2516 3499 divinum
2570 3441 2726 3495 docet
2766 3440 3078 3509 judicium,
3125 3441 3438 3515 dumque
3496 3463 3530 3500 ι]

645 3547 846 3618 judicio
876 3548 1155 3614 faciamus,
1190 3548 1441 3613 instituit,
1463 3546 1722 3616 judicium
1752 3543 1998 3615 gentibus
2035 3540 2232 3594 dicitur
2257 3537 2581 3608 prolaturns.

716 3664 793 3717 Ab
811 3663 1004 3718 eodem.
1033 3693 1101 3703 -—
1119 3663 1197 3717 De
1221 3663 1380 3734 signis
1412 3672 1457 3715 et
1497 3660 1747 3729 prodigiis
1780 3675 1894 3729 quae
1920 3656 2101 3710 edidit.

2050 3656 2101 3709 ἱι.
2198 3662 2240 3717 c
2284 3651 2412 3706 Ἀπὸ
2442 3647 2547 3701 τοῦ
2572 3648 2777 3701 αὐτοῦ.
2830 3677 2905 3734 -τ
2927 3646 3088 3712 Περὶ
3142 3648 3527 3734 τῶν-’σημε

724 3856 744 3888 ι
773 3836 925 3890 Tunc
961 3836 1229 3892 manifesti
1260 3848 1416 3893 erunt
1444 3837 1535 3906 qui
1570 3836 1782 3905 signant
1825 3841 1878 3888 et
1919 3830 2175 3886 claudunt

649 3925 842 3994 legem,
867 3938 934 3977 ne
953 3924 1181 3978 discant.
1211 3924 1277 3978 Et
1290 3926 1429 3979 dicet
1457 3943 1470 3978 :
1502 3922 1837 3992 Exspectabo
1872 3921 2059 3980 Deum,
2083 3916 2171 3984 qui

651 4014 846 4067 avertit
888 4011 1079 4068 faciem
1117 4028 1267 4066 suam
1316 4030 1345 4067 a
1378 4016 1536 4069 domo
1582 4013 1768 4078 Jacob,
1816 4021 1868 4064 et
1904 4007 2174 4063 conlidens

650 4120 745 4161 ero
776 4106 831 4158 in
874 4104 1010 4172 ipso.
1060 4103 1198 4157 Ecce
1235 4119 1331 4174 ego
1374 4116 1427 4158 et
1472 4107 1642 4174 pueri,
1675 4118 1809 4173 quos
1857 4100 1983 4153 mihi
2030 4097 2175 4151 dedit

650 4195 810 4252 Deus.
855 4194 919 4247 Et
946 4201 1105 4249 erunt
1148 4188 1299 4262 signa
1342 4203 1393 4248 et
1438 4194 1678 4264 prodigia
1725 4195 1779 4247 in
1805 4190 1967 4245 Israel
1996 4203 2025 4240 a
2071 4186 2174 4239 Do-

650 4287 796 4339 mino
838 4283 1094 4345 Sabaoth,
1147 4282 1233 4350 qui
1279 4283 1479 4337 habitat
1507 4284 1559 4336 in
1599 4289 1776 4336 monte
1821 4280 1991 4332 Sion:
2031 4284 2083 4329 et
2128 4273 2174 4327 si

651 4374 884 4429 dixerint
914 4372 981 4427 ad
1008 4388 1123 4435 vos,
1154 4371 1375 4441 quaerite
1411 4371 1702 4442 Pythonas,
1747 4377 1799 4423 et
1839 4382 1954 4430 eos,
1990 4364 2080 4433 qui
2109 4364 2175 4417 de

652 4470 795 4518 terra
838 4477 997 4517 voces
1037 4461 1223 4523 edunt,
1257 4461 1348 4528 qui
1390 4460 1570 4513 inania
1612 4460 1925 4527 loquuntur,
1971 4455 2063 4523 qui
2108 4451 2174 4506 de

652 4559 837 4608 ventre
863 4567 1020 4606 voces
1050 4550 1322 4613 emittunt.
1366 4548 1483 4601 Non
1521 4564 1651 4617 gens
1690 4546 1756 4601 ad
1788 4546 1954 4600 Deum
1985 4542 2174 4598 suum?

653 4641 782 4710 quid
823 4639 1114 4709 exquirunt
1152 4638 1219 4692 de
1271 4636 1574 4690 viventibus
1629 4650 1659 4689 a
1707 4635 1971 4690 mortuis?
2007 4634 2172 4703 legem

653 4730 794 4784 enim
813 4730 867 4783 in
906 4729 1160 4783 auxilium
1189 4727 1335 4782 dedit
1354 4726 1420 4778 οι.
1453 4746 1471 4777 ι
1497 4724 1696 4780 Paulus
1722 4725 1935 4795 quidem
1961 4730 2175 4794 aposto-

656 4819 743 4876 lus
769 4821 825 4874 in
854 4820 1079 4889 epistola
1107 4818 1171 4873 ad
1200 4817 1470 4880 Hebraeos,
1494 4817 1669 4871 citans
1705 4817 1867 4885 hujus
1893 4816 1997 4869 loci
2015 4814 2174 4867 verba

659 4907 747 4961 illa
778 4927 792 4963 :
829 4928 847 4960 ι
878 4908 1014 4964 Ecce
1037 4923 1135 4979 ego
1161 4915 1215 4962 et
1248 4908 1418 4977 pueri,
1451 4922 1587 4975 quos
1622 4905 1768 4961 dedit
1804 4906 1933 4959 mihi
1956 4903 2167 4958 Deusu

2691 3732 2830 3779 των,
2863 3709 2962 3768 ὧν
2987 3709 3528 3789 ἡατειρτάσάἶε(

2404 3828 2534 3882 Τότε
2554 3825 2776 3897 φανεροὶ
2800 3825 3039 3879 ἔσονται
3062 3827 3123 3877 οἱ
3157 3843 3252 3895 cep
3264 3829 3530 3899 ραγιζό

2276 3918 2367 3971 τοῦ
2404 3918 2477 3988 μὴ
2511 3917 2715 3987 μαθεῖν.
2768 3917 2881 3968 Καὶ
2930 3917 3103 3985 ἐρεῖο
3142 3917 3379 3971 Μενῶ
3424 3921 3528 3973 τὸκ.

2280 4008 2577 4079 στρέψαντα
2596 4007 2654 4058 τὸ
2680 4005 2989 4076 πρόσωπον
3026 4005 3243 4058 αὑτοῦ
3294 4009 3460 4064 ἀπὸ
3496 4029 3532 4063 τ

2277 4098 2369 4150 καὶ
2390 4095 2658 4158 πεποιθὼς
2681 4095 2881 4164 ἔσομαι
2911 4095 3014 4147 ἐπ’
3045 4095 3274 4167 αὐτῷ.
3324 4099 3524 4154 Ἰδοὺ

2276 4187 2364 4239 δία
2389 4187 2425 4240 ἆ
2455 4203 2542 4255 μοι
2562 4184 2758 4238 ἔδωκεν
2777 4186 2806 4237 6
2828 4184 3009 4249 Θεός.
3037 4185 3186 4238 Καὶ
3217 4186 3456 4243 ἔσται
3488 4209 3531 4244 σ

2278 4278 2334 4329 ὲν
2359 4275 2437 4346 τῷ
2474 4275 2684 4348 Ἰσραὴλ
2722 4274 2878 4345 παρὰ
2910 4274 3178 4346 Κυρίου
3223 4278 3532 4335 Σαϐαὼ

2278 4367 2354 4437 τῷ
2381 4368 2493 4440 όρει
2533 4366 2688 4421 Σιών⁸
2727 4367 2823 4419 καὶ
2855 4365 2972 4419 ἐὰν
3019 4366 3301 4421 εἴπωσι
3353 4375 3525 4445 πρὶι

2277 4456 2402 4518 τοὺς
2426 4454 2933 4526 ἐγγαστριμύθους,
2985 4457 3114 4509 καὶ
3157 4460 3354 4523 τοὺς
3410 4464 3532 4516 ἁττ

2277 4545 2402 4607 τοὺς
2432 4544 2866 4613 κενολογοῦντας,
2903 4547 2969 4598 οἳ
3005 4549 3095 4599 ὲκ
3119 4548 3270 4617 τῆς
3320 4556 3525 4607 κοιλ

2277 4632 2425 4695 ἔθνος
2458 4634 2592 4704 πρὸς
2617 4634 2749 4688 Θεὸν
2784 4635 2980 4688 αὑτοῦ
3009 4652 3031 4700 ;
3079 4638 3158 4689 τί
3205 4639 3532 4714 ὲκζητο

2276 4740 2383 4776 των
2408 4725 2531 4787 τοὺς
2559 4726 2816 4797 νεκρούς;
2855 4727 3083 4797 νόμον
3130 4728 3304 4801 γὰρ
3358 4736 3502 4799 εἰς

2291 4814 2378 4866 Ἐν
2415 4817 2480 4884 τῇ
2528 4816 2664 4886 πρὸς
2709 4816 3053 4889 Ἐϐραίους
3107 4820 3532 4896 ἐπιστολῇ

2282 4902 2462 4965 στολος
2487 4904 2586 4974 τὴν
2614 4907 2956 4973 φάσκουσαν
2992 4908 3254 4974 λέξων
3308 4929 3340 4963 ε
3408 4915 3532 4970 Ἰδ

660 5001 965 5066 exsequitur
1021 5000 1445 5070 explanationem
1507 4998 1576 5053 de
1626 4996 1842 5054 Christo
1867 5038 1882 5059 .
1928 4996 2114 5051 dicens

2042 5007 2114 5047 :ns
2157 5009 2172 5046 :
2207 4986 2356 5045 οδία
2387 4993 2422 5046 ἆ
2462 5010 2550 5063 μοι
2587 4994 2787 5049 ἔδωκεν
2826 4998 2856 5050 6
2911 4998 3145 5062 Θεὸς.
3209 5020 3239 5051 ι
3304 5003 3519 5065 ἑπεξ

668 5100 687 5132 ι
713 5081 845 5147 Quia
883 5103 1009 5157 ergo
1048 5090 1196 5157 pueri
1227 5090 1755 5144 communicaverunt
1793 5086 1941 5143 carni
1970 5092 2023 5140 et
2054 5097 2181 5138 san-

664 5170 831 5238 guini,
871 5185 922 5227 et
955 5176 1069 5243 ipse
1098 5178 1342 5232 similiter
1373 5179 1708 5249 particlpavit
1749 5178 1969 5238 eisdem,
2004 5182 2062 5228 ut
2087 5186 2182 5241 per

667 5268 887 5314 mortem
915 5266 1209 5320 destrueret
1225 5284 1346 5323 eum
1368 5271 1459 5337 qui
1484 5271 1706 5325 habebat
1732 5267 2012 5338 imperium
2038 5277 2181 5317 mor-

666 5348 736 5402 tis
757 5348 822 5447 ”:
863 5368 881 5398 ι
916 5349 1115 5408 Pueros
1155 5364 1331 5411 autem
1376 5373 1502 5414 suos
1531 5361 1634 5415 hoc
1667 5362 1723 5415 in
1765 5361 1882 5414 loco
1911 5355 2181 5425 apostolos

666 5436 924 5502 nominat,
968 5454 1060 5506 per
1088 5457 1223 5509 quos
1259 5444 1540 5501 Dominum
1581 5449 1815 5506 Sabaoth
1843 5446 1935 5518 qui
1978 5434 2182 5499 habitat

739 5653 760 5684 8

672 5650 974 5778 ιιι-ἰδίῃιέ
991 5655 1279 5794 ιἰ’ἷίξί›ἱ.ειίι,
1318 5660 1567 5784 1.2.10”
1603 5682 1668 5740 ν’
1700 5672 1787 5727 22‘

1890 5671 1934 5703 "
1974 5668 2073 5724 lsa.
2110 5680 2230 5732 ut,
2258 5665 2314 5723 2.

2283 5085 2517 5155 Χριστοῦ
2544 5085 2739 5155 λέγων·
2778 5108 2796 5139 ι
2847 5091 3071 5144 Ἐπεὶ
3112 5087 3263 5145 οὖν
3321 5095 3445 5148 τὰ
3497 5124 3499 5131 ι

2276 5175 2505 5277 αἰματος
2525 5178 2620 5232 καλ⁹
2639 5180 2867 5273 σαρκὸς,
2906 5183 3055 5235 καὶ
3098 5185 3366 5250 αὐτὸς
3409 5206 3483 5241 π

2275 5264 2380 5317 τῶν
2413 5267 2613 5330 αὐτῶν,
2660 5261 2889 5325 ἵνα’ὃιὰ
2948 5271 3094 5325 τοῢ
3153 5273 3466 5332 Θανάτε

2277 5355 2476 5425 κράτος
2525 5358 2721 5429 ἔχοντα
2765 5363 2866 5417 τοῦ
2927 5364 3329 5423 θανάτου.
3400 5391 3430 5423 ι

2276 5443 2483 5510 τούτοις
2503 5450 2632 5515 τοὺς
2664 5452 3070 5522 ἀποστόλους
3106 5459 3437 5531 ὀνομάξ

2415 5670 2464 5702 ”
2502 5669 2613 5731 ίδδα
2643 5690 2756 5733 λιιι
2782 5718 2796 5747 ι
2841 5682 2903 5737 1ο
3053 5685 3127 5717 ⁸³
3192 5685 3361 5745 Isa'.
