3740 6344
55 424 145 476 1M

88 535 317 593 gem-:9
356 505 438 557 εν
463 503 546 579 τῷ
574 507 716 581 οἴκῳ
758 514 978 586 Ἰσραὴλ
1007 518 1246 587 ποιήσειν
1274 516 1364 569 τὸν
1389 514 1589 585 Κύριον
1616 516 1711 569 Σα-

97 586 279 683 εέὼδῑ
366 596 460 651 τὸν
502 601 874 657 κατοικοῦντα
917 607 973 658 ἐν
1009 604 1084 674 τῷ
1120 586 1244 676 δόρει
1277 603 1429 666 Σιὼν,
1465 604 1714 657 διδάσκει·

126 704 311 757 wzmm.
330 706 397 756 ς
420 688 478 743 δέ
503 691 700 754 αὐτοὺς
729 695 994 764 φανεροὺς
1019 694 1230 748 ἔσεσθαι
1254 693 1486 763 συνήθως
1507 695 1632 763 ημῖν
1654 692 1721 745 τὰ

134 789 451 858 πρόσωπα
485 781 947 853 σφραγξζομένους
978 786 1043 853 τῇ
1073 782 1164 835 τοῦ
1192 781 1420 853 Χριστοῦ
1454 783 1716 852 σφραγῖδι,

149 872 599 944 παιδευομένους
627 888 688 924 τε
716 869 909 943 μηκῡιι
931 874 1019 926 τὸν
1047 874 1313 935 Μωῦσέως
1333 873 1488 942 νόμον
1524 871 1721 942 μανθά-

151 982 292 1030 νειν,
323 963 430 1035 τῷ
459 962 648 1034 μηκέτι
672 963 986 1016 συνεστάναι
1015 963 1190 1024 αὐτὸν,
1214 963 1303 1015 καὶ
1325 962 1400 1031 τῷ
1425 962 1512 1014 τὸν
1532 961 1721 1014 καλού-

157 1070 328 1122 μενον
397 1050 539 1106 οἷκον
602 1050 795 1106 Ἰακὼϐ
838 1050 1237 1120 καταλελεῖφθαι
1288 1051 1389 1104 ὑπὸ
1422 1050 1513 1103 τοῦ
1564 1050 1716 1102 Θεοῦσ

148 1143 416 1213 ἀσαφῶς
432 1143 485 1195 δὲ
510 1142 659 1213 παρὰ
684 1145 796 1205 τοῖς
823 1142 1203 1212 Ἐϐδομήκοντα
1223 1140 1517 1211 εἰρημένον*
1549 1159 1567 1190 ι
1590 1140 1717 1192 Τότε

151 1249 297 1301 (pave
308 1232 417 1304 pol.
452 1232 660 1284 ἔσονται
690 1233 741 1285 οί
770 1232 1175 1302 σφραγιζόμενοι
1210 1230 1298 1284 τὸν
1334 1230 1491 1298 νόμον
1518 1228 1609 1281 τοῦ
1645 1229 1716 1299 μὴ

151 1321 405 1389 μαθεῖν.
445 1319 552 1374 Καὶ
585 1321 718 1390 ἐμεῖ’
748 1320 908 1374 Μενῶ
931 1321 1018 1373 τὸν
1043 1320 1169 1373 Θεὸν
1201 1319 1289 1372 τὸν
1316 1317 1718 1389 ἀποστρέψαντα

149 1408 218 1459 τὸ
240 1410 550 1479 πρόσωπον
564 1408 727 1462 αὐτοῦ
751 1409 856 1461 ἀπὸ
870 1409 958 1462 τοῦ
974 1409 1116 1462 οἴκου
1132 1406 1335 1472 Ἰακὼϐ,
1355 1407 1444 1460 καὶ
1458 1403 1719 1467 πεποιθὼς

156 1495 381 1563 ἔσομαι
408 1500 487 1551 ἐπ’
505 1497 667 1567 αύτῷ.
701 1514 721 1548 ι
755 1499 1080 1569 Σαφέστερον
1109 1499 1138 1549 6
1166 1497 1447 1567 Σύμμαχος
1469 1495 1718 1559 ἐξέδωκεν

148 1584 378 1638 εἰπών’
423 1607 441 1639 ι
467 1589 633 1658 Δῆσον
675 1587 980 1659 μαρτύριον,
1023 1588 1307 1657 σφράγισον
1341 1587 1496 1657 νόμον
1526 1589 1581 1639 ἐν
1608 1588 1718 1650 τοῖς

146 1670 511 1745 διατάγμασί
560 1692 682 1746 μου.
737 1676 844 1728 Καὶ
881 1674 1220 1746 προσδοκήσω
1254 1675 1342 1728 τὸν
1385 1674 1581 1745 Κύριον
1626 1674 1716 1726 τὸν

142 1762 453 1827 κρυϐόντα
482 1766 540 1818 τὸ
570 1765 858 1835 πρόσωπον
885 1764 1042 1818 αὐτοῦ
1068 1765 1173 1817 ἀπὸ
1206 1764 1297 1816 τοῦ
1325 1764 1470 1817 οίκου
1508 1764 1714 1831 Ἰακὼϐ,

143 1851 255 1902 καὶ
302 1852 565 1925 ἀναμενῶ
601 1854 780 1908 αὐτόν.
816 1872 834 1904 ι
864 1855 971 1906 Καὶ
1004 1854 1033 1904 6
1080 1852 1300 1915 Ἀκύλας
1323 1852 1379 1904 δὲ
1408 1852 1589 1904 τοῦτον
1626 1853 1717 1905 καὶ

139 1937 341 2003 αὐτὸς
399 1944 617 2009 ἐξέδωκε
660 1942 753 1995 τὸν
796 1943 1017 2013 τρόπον’
1062 1961 1080 1992 ι
1114 1941 1365 2010 Ἕνδησον
1411 1941 1714 2011 μαρτύριον,

136 2030 481 2099 σφράγισον
506 2033 668 2103 νόμον
695 2033 755 2085 ἐν
786 2032 1046 2093 διδακτοῖς
1081 2049 1202 2101 μου,
1251 2031 1340 2083 καὶ
1366 2029 1715 2101 προσδεξομαι

130 2116 238 2170 τὸν
290 2119 443 2176 Θεὸν
481 2122 571 2175 τὸν
600 2120 975 2193 ἀποκρυϐόντα
1008 2121 1068 2171 τὸ
1110 2120 1386 2190 πρόσωπον
1425 2116 1582 2171 αὐτοῦ
1611 2118 1716 2170 ἀπὸ

125 2206 236 2258 τοῦ
273 2209 451 2265 οἴκου
488 2207 704 2271 Ἰακὼϐ,
733 2209 825 2261 καὶ
852 2206 1098 2277 ὑπομενῶ
1122 2207 1300 2267 αὐτόν.
1324 2226 1342 2257 ι
1366 2206 1545 2259 Ταῦτα
1563 2206 1605 2258 δ’
1624 2202 1715 2258 οὖν

123 2296 181 2347 οι
222 2297 345 2350 τοῦ
390 2301 635 2371 Σωτῆρος
664 2298 820 2369 ἡμῶν
853 2296 1130 2349 ἀπόστολοι
1160 2297 1486 2350 διδάσκονται
1527 2298 1713 2359 ποιεῖν,

121 2379 215 2446 οἷς
263 2386 426 2459 ἑξῆς
464 2389 725 2457 ἐπιλέγει·
757 2406 776 2438 ι
821 2387 949 2439 Ἰδοὺ
979 2385 1086 2453 ἐγὼ
1114 2384 1297 2438 καὶτὰ
1334 2385 1534 2448 παιδία,
1566 2385 1600 2437 ἆ
1630 2400 1716 2453 μοι

120 2471 373 2529 ἔδωκεν
405 2480 432 2530 6
462 2478 610 2541 Θεός.
647 2477 757 2530 Καὶ
794 2476 939 2528 ἔσται
971 2476 1049 2537 είς
1084 2477 1277 2552 σημεῖα
1306 2473 1399 2527 καὶ
1425 2473 1622 2543 τέρατα
1659 2473 1715 2526 ἐν

118 2560 210 2631 τῷ
248 2564 496 2638 Ἰσραὴλ
519 2566 669 2639 παρὰ
688 2566 888 2637 Κυρίου
907 2563 1146 2617 Σαϐαὼθ.
1174 2583 1191 2614 ι
1227 2564 1282 2616 ’0
1295 2562 1386 2615 τοῦ
1402 2561 1530 2614 Θεοῦ
1550 2562 1716 2629 Λόγος

121 2651 186 2706 ἐν
212 2645 265 2718 ᾧ
304 2656 607 2726 ἀνείληφεν
638 2654 921 2726 ἀνθρώπῳ,
956 2655 1050 2708 καὶ
1076 2653 1173 2716 τὰς
1198 2651 1470 2723 διατριϐὰς
1501 2666 1718 2719 πεποιη-

124 2739 316 2811 μένος
362 2747 421 2797 ἐν
452 2744 529 2816 τῷ
570 2744 687 2814 δρει
720 2741 877 2805 Σιὼν,
926 2742 1124 2812 σημεῖά
1156 2757 1214 2792 τε
1260 2740 1353 2792 καὶ
1385 2739 1579 2809 τέρατα
1605 2737 1717 2790 δια-

126 2826 537 2902 πραξάμενος,
567 2830 702 2902 όμοῦ
724 2834 834 2893 τοῖς
857 2828 1015 2883 αὑτοῦ
1040 2828 1315 2899 μαθηταῖς,
1345 2827 1434 2879 καὶ
1459 2828 1586 2879 πᾶσι
1610 2829 1715 2888 τοῖς

130 2916 220 2975 εἷς
246 2920 440 2974 αὑτὸν
466 2920 882 2973 πεπιστευκόσιν
919 2918 976 2982 ἐξ
1009 2916 1254 2971 ἁπάντων
1280 2916 1385 2967 τῶν
1412 2916 1535 2983 πρὶν
1570 2915 1718 2966 εἰδω-

129 3002 443 3080 λολατρῶν
481 3008 907 3080 παρακελεύεται
944 3007 1129 3077 μηκέτι
1169 3004 1390 3059 δεδιέναι
1434 3003 1570 3057 κατὰ
1611 3020 1714 3073 μη-

1070 397 1699 457 DEMONSTMTIONIS
1745 388 2191 453 EVANGELICE
2223 387 2353 449 LIB.
2390 392 2485 449 IX.

2686 469 2691 477 ,
3235 396 3336 451 τηε

1747 521 1791 575 Α
1819 514 1873 567 in
1903 521 2083 569 monte
2127 505 2275 568 Sion,
2308 509 2460 578 signa
2500 515 2552 564 et
2592 509 2829 578 prodigia
2874 510 2928 563 in
2965 508 3130 562 'domo
3168 508 3330 564 Israel

1814 602 2078 656 editurum
2142 595 2384 661 indicat,
2446 596 2765 664 eosdemque
2818 595 2931 651 fore
2985 596 3330 661 manifestos,

1814 688 1939 743 dum
1989 700 2135 740 more
2174 692 2361 737 nostro
2414 684 2591 738 vultus
2634 682 2831 737 Christi
2877 685 3071 739 annulo
3111 686 3334 756 impres-

1815 791 1907 830 sos
1958 781 2011 828 et
2064 773 2298 841 signatos
2337 777 2556 840 gerent,
2602 771 3058 841 monebunturque
3104 788 3173 828 ne
3218 789 3333 828 am-

1817 866 1957 936 plius
2010 861 2172 917 Mosis
2228 861 2394 931 legem
2458 861 2704 922 discant,
2779 861 2972 930 quippe
3034 878 3152 930 qua:
3212 879 3329 918 am.

1816 956 1958 1026 plius
1994 968 2103 1006 non
2161 951 2461 1015 consistat,
2521 965 2586 1005 eo
2623 949 2766 1020 quod
2812 967 2928 1020 quae
2983 960 3201 1007 vocatur
3243 955 3333 1008 do-

1816 1058 1937 1097 mus
1980 1040 2178 1101 Jacob,
2237 1054 2267 1092 a
2322 1038 2429 1092 Deo
2478 1039 2663 1092 relicta
2726 1039 2814 1091 sil.
2869 1037 3001 1092 Cum
3056 1056 3183 1096 vero
3231 1042 3330 1097 ob—

1815 1130 2027 1186 scurius
2053 1128 2192 1198 apud
2221 1126 2356 1179 LXX
2387 1127 2585 1181 dictum
2616 1127 2687 1180 sit
2726 1128 2852 1181 illud
2882 1146 2895 1181 :
2933 1146 2951 1178 ι
2979 1126 3128 1181 Tunc
3159 1131 3334 1184 mani-

1815 1218 1935 1272 festi
1951 1224 2108 1271 erunt
2127 1216 2215 1284 qui
2250 1216 2462 1284 signant
2485 1222 2537 1268 et
2557 1216 2809 1269 claudunt
2828 1216 2992 1285 legem
3014 1232 3081 1270 ne
3102 1217 3329 1271 discant.

1814 1302 1967 1373 45],
2000 1301 2063 1354 Ει
2098 1302 2277 1355 dicet:
2318 1300 2648 1370 Exspectabo
2687 1301 2850 1356 Deum
2889 1305 2979 1372 qui
3019 1304 3208 1358 avertit
3247 1304 3331 1358 fa-

1814 1393 1948 1445 ciem
1976 1406 2126 1444 suam
2151 1406 2179 1442 a
2209 1389 2365 1444 domo
2389 1389 2584 1454 Jacob,
2617 1398 2670 1445 et
2696 1390 2965 1447 conlidens
2990 1407 3082 1446 ero
3107 1393 3162 1446 in
3187 1408 3269 1449 eo.
3306 1411 3327 1445 ι

1812 1477 2028 1533 Planius
2054 1480 2190 1533 idem
2217 1480 2445 1534 reddidit
2468 1479 2815 1550 Symmachus
2836 1480 2919 1534 his
2943 1481 3142 1535 verbis:
3167 1500 3186 1532 ι
3204 1480 3331 1552 Liga

1812 1568 2175 1622 testimonium
2197 1606 2213 1630 ,
2248 1569 2402 1638 signa
2431 1570 2595 1639 legem
2630 1571 2681 1622 in
2715 1570 3140 1625 ordinationibus
3176 1572 3329 1627 meis.

1813 1654 1879 1708 Et
1903 1657 2222 1725 exspectabo
2248 1654 2528 1713 Dominum
2551 1656 2642 1722 qui
2664 1656 2941 1709 abscondit
2965 1656 3152 1711 faciem
3176 1673 3330 1711 suam

1813 1758 1842 1797 a
1874 1744 2030 1799 domo
2058 1744 2222 1800 Jacob
2241 1785 2256 1809 ,
2287 1752 2340 1800 et
2370 1745 2690 1814 exspectabo
2722 1746 2916 1814 ipsum.
2944 1764 2964 1797 ι
2989 1745 3177 1813 Aquila
3204 1761 3332 1800 vero

1746 1821 1785 1876 Β
1813 1835 1970 1888 etiam
2009 1836 2122 1904 ipse
2158 1836 2210 1888 in
2249 1835 2393 1889 hunc
2431 1834 2645 1888 modum
2683 1836 2983 1890 convertit:
3010 1852 3030 1886 ι
3058 1834 3205 1904 llliga
3262 1841 3335 1888 te-

1813 1923 2119 1977 stimonium
2140 1963 2154 1986 ,
2183 1924 2333 1995 signa
2356 1924 2522 1992 legem
2550 1924 2602 1975 in
2634 1922 2954 1977 docibilibus
2983 1923 3145 1982 meis.
3169 1931 3221 1976 et
3247 1938 3335 1978 as-

1812 2026 2017 2066 sumam
2045 2010 2209 2065 Deum
2246 2012 2338 2081 qui
2377 2011 2654 2065 abscondit
2692 2010 2878 2065 faciem
2916 2027 3065 2065 suam
3105 2027 3134 2064 a
3172 2012 3333 2066 domo

1809 2100 2005 2165 Jacob,
2042 2109 2096 2155 et
2131 2101 2450 2170 exspectabo
2490 2100 2684 2169 ipsum.
2724 2119 2741 2151 ι
2788 2099 2912 2154 Haec
2948 2100 3109 2167 igitur
3157 2099 3333 2154 facere

1814 2191 2108 2247 Salvatoris
2135 2192 2303 2246 nostri
2337 2190 2583 2259 discipuli
2607 2191 2883 2249 docentur,
2908 2197 3029 2259 post
3050 2203 3165 2257 quae
3188 2189 3335 2242 deiu-

1811 2294 1934 2347 ceps
1961 2281 2235 2348 subjungit
2259 2297 2271 2332 :
2303 2297 2321 2329 ι
2345 2278 2481 2332 Ecce
2505 2293 2600 2347 ego
2628 2285 2680 2332 et
2704 2280 2853 2346 pueri
2879 2293 3014 2346 quos
3037 2277 3180 2331 dedit
3202 2277 3330 2335 mihi

1812 2367 1973 2422 Deus.
2005 2367 2070 2420 Et
2095 2375 2252 2421 erunt
2276 2367 2330 2419 in
2365 2367 2514 2435 signa
2541 2374 2593 2420 et
2621 2373 2867 2435 portenta
2896 2366 2948 2418 in
2977 2366 3139 2420 Israel
3172 2381 3201 2418 a
3230 2364 3334 2418 Do-

1810 2458 1954 2512 mino
1989 2457 2254 2521 Sabaoth,
2286 2458 2378 2526 qui
2408 2457 2610 2510 habitat
2639 2457 2691 2509 in
2727 2465 2906 2511 monte
2936 2457 3084 2512 Sion.
3120 2477 3138 2509 i
3163 2455 3334 2510 Porro

1811 2544 2067 2600 Dominus
2100 2545 2330 2600 Sabaoth
2353 2585 2368 2609 ,
2400 2546 2575 2615 ipsum
2608 2544 2700 2599 Dei
2736 2545 2965 2599 Verbum
2989 2585 3003 2607 ,
3051 2552 3329 2615 postquam

1811 2635 2066 2688 habitavit
2105 2636 2159 2687 in
2198 2649 2262 2689 eo
2304 2634 2548 2696 homine,
2596 2648 2753 2702 quem
2801 2633 3123 2701 assumpsit,
3175 2639 3229 2686 et
3273 2633 3330 2686 in

1810 2732 1990 2778 monte
2041 2721 2170 2777 Sion
2215 2730 2466 2777 versatus
2516 2730 2633 2785 est,
2687 2722 2946 2792 signaque
2992 2730 3045 2775 et
3086 2730 3333 2790 portenta

1809 2810 1975 2864 edidit
1999 2829 2011 2864 :
2041 2818 2151 2863 tum
2180 2825 2309 2865 vero
2335 2810 2449 2865 suis
2476 2810 2754 2878 discipulis
2775 2849 2790 2872 ,
2817 2817 2869 2863 et
2897 2809 3147 2863 omnibus
3173 2848 3186 2871 ,
3214 2812 3334 2878 qui-

1810 2914 2020 2968 cunque
2062 2907 2218 2954 antea
2261 2899 2564 2954 simulacris
2604 2899 2836 2961 addicti,
2879 2899 2932 2951 in
2970 2898 3125 2953 fidem
3164 2898 3335 2967 ipsius

1811 2989 2117 3051 venissent,
2151 2991 2401 3057 praecepit
2421 3026 2436 3051 ,
2466 3003 2533 3042 ne
2562 2988 2791 3057 amplius
2820 2988 3220 3057 superstitionis
3249 3002 3335 3040 er-

131 3091 267 3145 δένα
321 3078 532 3170 ’τρόπον
564 3078 667 3169 τὴν
710 3097 1067 3166 δεισιδαίμονα
1116 3095 1352 3164 πλάνηνο
1394 3093 1502 3145 ἀλλ’
1542 3094 1589 3144 εί
1622 3094 1714 3145 καὶ
1739 3119 1779 3173 C

1812 3094 1984 3133 rorem
2012 3080 2122 3132 ullo
2163 3078 2322 3132 modo
2361 3079 2641 3140 timerent,
2687 3093 2868 3132 verum
2911 3079 3119 3146 potius,
3149 3091 3335 3146 quam-

134 3186 595 3248 παρα-σαλεύοιεν
620 3185 837 3246 αὐτοὺς,
864 3182 896 3251 ἢ
917 3183 1009 3235 καὶ
1032 3181 1376 3249 ἀναγκάζοιεν
1399 3181 1446 3231 οί
1468 3179 1524 3245 ἐξ
1550 3179 1710 3231 ἐθνῶν

135 3263 546 3343 εἰδωλολάτραι
591 3271 773 3339 ζητεῖν
820 3270 943 3330 τοὺς
988 3267 1471 3336 ἐγγαστριμύθους,
1519 3266 1610 3319 καὶ
1644 3265 1711 3319 τὰ

135 3352 249 3404 τῶν
284 3357 570 3431 δαιμόνων
611 3361 834 3431 μαντεῖα
865 3358 939 3418 ὡς
970 3356 1258 3426 θαυμάσια,
1297 3357 1386 3409 καὶ⁵
1416 3357 1531 3409 κατ’
1564 3354 1711 3407 οὐδὲν

136 3438 425 3504 λείποντα
448 3451 546 3519 τῆς
570 3449 678 3502 τῶν
708 3447 864 3500 θείων
889 3446 980 3499 καὶ
1005 3445 1258 3513 θεοφιλῶν
1284 3445 1483 3516 ἀνδρῶν
1510 3460 1713 3516 προφη-

138 3529 320 3597 τεκῆς
357 3539 579 3608 διαίτης,
626 3537 822 3598 αὐτοὺς
846 3535 954 3587 δεῖν
982 3535 1360 3605 ἀποκρίνεσθαι
1404 3534 1496 3587 καὶ
1539 3532 1711 3599 λέγειν

136 3611 427 3679 διδάσκει·
466 3645 483 3677 ι
525 3625 590 3678 Τί
629 3622 914 3693 ἐκζητοῦσι
943 3621 1197 3692 περὶτῶν
1229 3620 1435 3685 ζώντων
1470 3622 1593 3682 τοὺς
1624 3637 1709 3671 νε-

141 3706 332 3771 κρούς
359 3732 374 3780 ;
401 3716 558 3786 νόμον
587 3714 695 3784 γὰρ
720 3716 798 3775 είς
822 3710 1068 3782 βοήθειαν
1096 3709 1311 3773 δέδωκε,
1342 3729 1359 3760 ι
1385 3712 1475 3763 καὶ
1504 3709 1569 3762 τὰ
1594 3708 1712 3762 τού-

137 3801 250 3851 τοις
292 3799 588 3856 ἀκόλουθα.
625 3803 764 3864 Τοὺς
797 3800 905 3871 γὰρ
935 3798 1075 3863 ἅπαξ
1109 3797 1268 3867 νόμον
1309 3795 1585 3867 εἰληφότας
1619 3798 1711 3850 καὶ

146 3887 469 3955 σωτηρίους
513 3886 736 3950 ἐντολὰς
782 3888 873 3938 ἐπὶ
923 3884 1140 3956 βοηθείᾳ
1182 3883 1275 3937 καὶ
1320 3881 1577 3956 θεραπείᾳ
1619 3883 1709 3936 τοῦ

141 3959 278 4049 ίδὶου
324 3977 445 4045 βίου
472 3976 726 4049 περιττὸν
758 3974 1009 4044 μαντείας
1037 3972 1496 4041 πολυπραγμονεῖν
1517 3970 1601 4025 διὰ
1616 3972 1733 4042 τῆς

139 4047 482 4138 δαιμονικῆς
509 4047 730 4136 ἀπάτης
759 4064 1164 4135 ἐνεργουμένας.

155 4329 308 4394 Ἀπὸ
350 4350 449 4405 τοῦ
473 4350 784 4405 αὑτοῦν-
809 4349 947 4416 Περὶ
978 4349 1081 4418 τοῦ
1107 4348 1192 4417 μὴ
1220 4349 1509 4418 φανητιᾷν
1537 4352 1605 4404 ἐν
1635 4351 1711 4417 τῷ

481 4417 973 4487 παραδοξοποιεῖν
1004 4417 1111 4470 τὸν
1138 4419 1404 4483 Χριστόν.
1542 4438 1551 4445 ο

216 4508 237 4542 ι
301 4504 495 4562 Ἰακὼϐ
519 4511 549 4562 6
577 4512 708 4570 παῖς
730 4524 851 4577 μου,
878 4505 1226 4575 ἀντιλήψομαι
1244 4507 1426 4560 αὐτοῦ’
1451 4508 1659 4580 Ἰσραὴλ
1680 4509 1710 4560 6

154 4577 420 4661 ὲχλετιετός
445 4616 565 4669 μου,
598 4597 953 4669 προσεδέξατο
980 4595 1138 4648 αὐτὸν
1164 4595 1354 4667 ὴψυχή
1379 4613 1494 4667 μου.
1518 4577 1708 4668 Κρίσιν

155 4671 266 4758 ῖοῖς
302 4684 503 4741 ἔθνεσιν
529 4689 748 4755 ἐξοίσει,
772 4687 832 4739 ού
858 4685 1197 4756 κεκράξεται,
1223 4686 1339 4737 οὐδὲ
1365 4688 1568 4758 ἀνήσει,
1590 4688 1707 4740 ούδέ

160 4754 552 4848 ﬁatneque”;
574 4777 682 4841 ἔξω
699 4779 732 4847 ἡ
756 4776 905 4845 φωνὴ
929 4754 1113 4841 ᾳύτοῦ.
1138 4774 1386 4843 Κάλαμον
1408 4754 1709 4848 σύντετριμ-

356 4844 411 4918 ού
438 4844 833 4930 κατεάξειξκαὶ
855 4863 997 4916 λίνον
1019 4863 1397 4933 καπνιζόμενον
1424 4866 1482 4917 ού
1510 4844 1703 4931 σϐέσει,

164 4934 278 5027 id»
317 4956 396 5018 είς
424 4955 670 5027 ἀλήθειαν
705 4953 900 5018 ἐξοίσει
931 4952 1130 5022 κρίσιν.
1181 4950 1498 5022 Ἀναλάμψει
1528 4954 1619 5006 καὶ
1646 4956 1704 5007 ού

165 5013 576 5113 ρρξιυσθῆσετξη,
600 5044 707 5105 ἕως
733 5013 801 5095 ἐν
839 5041 904 5110 θῇ
932 5013 1026 5091 ἐπὶ
1048 5040 1147 5108 γῆς
1178 5013 1488 5108 κρίσινίκαὶ
1518 5043 1608 5095 ἐπὶ⁸
1630 5043 1706 5113 τῷ

158 5101 573 5201 ξνξματιΙαύτ-ού
606 5101 733 5200 ἔθνη
773 5101 1074 5181 ἐλπίόὖσινί
1106 5101 1264 5180 Ὀὕτω
1290 5128 1431 5195 λέγει
1459 5132 1653 5201 Κύριος

340 5222 366 5273 ὁ
392 5223 614 5292 ποιήσας
640 5184 734 5272 τὸν
757 5217 1007 5286 οὐρανὸν,
1036 5215 1126 5266 καὶ
1151 5214 1317 5284 πήξας
1338 5218 1511 5281 αὐτὸν,
1538 5184 1565 5272 6
1591 5238 1707 5275 στε-

144 5287 367 5381 ςῗῖξοας
398 5287 507 5381 τὴν⁷
537 5310 644 5379 γῆν
701 5305 801 5358 καὶ
834 5303 904 5355 τὰ
951 5304 1011 5353 ἐν
1046 5302 1197 5370 αὐτῇ,
1228 5305 1317 5356 καὶ
1347 5305 1516 5369 διδοὺς
1545 5312 1706 5381 πνοὴν

126 5368 203 5491 1:9
236 5377 364 5469 λαῷ
387 5368 464 5469 In];
497 5400 587 5450 ἐπ’
610 5392 808 5460 αὐτῆς,
836 5389 932 5440 καὶ
959 5389 1171 5458 πνεῦμα
1199 5394 1308 5453 τοῖς
1337 5394 1582 5448 πατοῦσιν
1611 5368 1707 5451 αύ-

164 5469 219 5491 .‘A
410 5490 413 5491 ν
482 5489 519 5491 ,-
546 5486 558 5491 -
729 5483 744 5491 -
785 5481 821 5491 Α
856 5479 872 5491 ι
948 5479 962 5491 ι
1031 5479 1068 5491 ιι
1156 5480 1167 5491 ι
1299 5482 1312 5491 ι
1383 5483 1405 5491 α
1599 5488 1609 5491 _

305 5490 438 5558 Ἐγὼ
473 5486 687 5556 Κύριος
719 5483 750 5532 6
781 5479 916 5541 Θεὸς
945 5479 1175 5532 ἐκάλεσα
1202 5496 1258 5531 σε
1296 5482 1351 5534 ἐν
1379 5483 1702 5560 δικαιοσύνῃ,

100 5540 208 5659 1:}
268 5540 528 5650 κξαξῆσω
720 5565 908 5659 χειρός
939 5581 1056 5625 σου,
1099 5568 1184 5659 καὶ
1214 5568 1466 5659 ἐνισχύσω
1500 5590 1577 5639 σε,

118 5626 493 5725 Ἁδεόῖε-ἔίς
514 5626 797 5724 διαθηκῆν
816 5626 1036 5716 ξένους,
1076 5656 1151 5715 εἰς
1169 5656 1277 5722 φῶς
1297 5626 1475 5726 ἐθνῶν,
1498 5626 1700 5728 ἀνοῖξαι

1808 3167 1889 3221 vis
1915 3168 2060 3236 ipsos
2087 3168 2378 3236 agitarent,
2422 3174 2515 3218 aut
2557 3167 2715 3220 etiam
2750 3177 3034 3235 cogerent,
3076 3167 3166 3236 qui
3194 3166 3334 3235 apud

1807 3263 1992 3325 gentes
2024 3256 2270 3309 colebant
2316 3255 2637 3316 simulacra,
2687 3270 2927 3322 quaerere
2970 3255 3235 3324 Pythones
3281 3262 3335 3309 et

1807 3345 2023 3397 oracula
2057 3344 2354 3397 daemonum
2389 3352 2639 3411 tanquam
2680 3343 3044 3406 admirabilia,
3074 3353 3126 3397 et
3166 3345 3331 3396 nullis

1807 3434 2048 3501 partibus
2100 3431 2352 3486 inferiora
2432 3432 2735 3486 divinorum
2780 3433 2992 3501 Dcoque
3035 3434 3329 3487 amicorum

1807 3523 2115 3584 hominum,
2161 3522 2471 3591 prophetico
2509 3524 2612 3576 ritu
2635 3562 2650 3585 ,
2689 3530 2923 3576 attamen
2957 3525 3057 3593 ipsi
3100 3524 3206 3577 illis
3244 3538 3332 3576 re-

1806 3601 2128 3682 sponderent
2190 3628 2253 3667 ac
2313 3614 2592 3669 dicerent:
2633 3632 2650 3662 ι
2683 3613 2818 3678 Quid
2875 3614 3204 3680 interrogant
3256 3612 3331 3667 de

1809 3704 2108 3757 viventibus
2147 3705 2428 3759 mortuos?
2455 3705 2621 3774 legem
2663 3704 2803 3758 enim
2850 3703 2902 3756 in
2948 3703 3204 3756 auxilium
3245 3701 3335 3756 dea

1806 3790 1921 3845 dit:
1958 3810 1976 3843 ι
2002 3798 2054 3845 et
2092 3806 2212 3859 quae
2250 3792 2502 3862 deinceps
2548 3802 2864 3860 sequuntur.
2906 3790 3012 3845 Eos
3052 3792 3192 3845 enim
3237 3792 3330 3860 qui

1808 3879 1970 3933 semel
2002 3886 2054 3932 et
2082 3880 2249 3948 legem
2293 3887 2347 3934 et
2400 3879 2657 3933 salutaria
2700 3888 2968 3950 praecepta
2999 3880 3063 3933 ad
3101 3878 3333 3948 propria:

1807 3967 2047 4037 ipsorum
2100 3969 2223 4022 vita:
2269 3983 2424 4038 opem
2479 3977 2639 4036 atque
2689 3968 2948 4023 medelam
2996 3969 3330 4038 acceperint,

1807 4059 2022 4111 oracula
2079 4075 2198 4127 qua:
2253 4059 2562 4112 daemonicis
2600 4059 2880 4113 fraudibus
2937 4059 3061 4112 nixa
3115 4072 3333 4128 responv

1807 4146 1999 4210 deant,
2046 4149 2314 4203 curiosius
2362 4149 2633 4217 inquirere
2688 4162 3144 4218 supervacaneum
3220 4147 3335 4200 ina-

1807 4251 1979 4304 neque
2010 4236 2191 4291 fuerit.

1909 4349 1984 4401 Ab
2021 4348 2213 4402 eadem.
2241 4380 2311 4389 —
2336 4349 2409 4404 De
2436 4349 2766 4404 enuntianda
2798 4360 2889 4403 aut
2917 4347 3224 4412 indicando,

2117 4417 2239 4470 dum
2279 4420 2532 4471 miracula
2569 4420 2736 4473 ederet
2765 4420 3020 4473 Christus.

1881 4528 1899 4560 ι
1925 4508 2086 4564 Jacob
2129 4526 2261 4580 puer
2289 4526 2439 4565 meus
2460 4550 2475 4573 ,
2508 4512 2796 4580 suscipiam
2830 4526 2950 4565 eum
2980 4529 2992 4563 :
3025 4509 3189 4565 Israel
3230 4509 3338 4562 ele-

1804 4607 1924 4653 ctus
1970 4614 2153 4663 meus,
2184 4601 2476 4670 assumpsit
2505 4616 2624 4655 eum
2656 4601 2832 4653 anima
2866 4614 2979 4653 mea
3015 4617 3029 4653 :
3068 4598 3327 4666 judicium

1803 4689 2048 4759 gentibus
2080 4690 2347 4757 proferet,
2380 4707 2488 4745 non
2522 4691 2803 4753 clamabit,
2851 4705 3024 4758 neque
3063 4690 3326 4751 remittet,

1803 4793 1976 4847 neque
2036 4777 2193 4848 452
2232 4779 2479 4834 audietur
2526 4781 2659 4834 feris
2711 4794 2812 4833 vox
2864 4778 3012 4845 ejus,
3065 4778 3328 4830 calamum

1803 4866 2089 4921 contritum
2136 4852 2241 4919 non
2294 4867 2533 4936 franget,
2587 4876 2641 4920 et
2687 4867 2854 4920 linum
2905 4865 3168 4934 fumigans
3216 4879 3325 4919 non

1802 4956 2132 5024 exstinguet,
2162 4956 2253 5010 sed
2285 4957 2340 5009 in
2373 4956 2597 5009 veritate
2630 4955 2865 5024 proferet
2905 4954 3166 5022 judicium
3186 4996 3200 5020 ,
3242 4969 3327 5009 re-

1803 5045 2099 5116 splendebit
2132 5052 2185 5099 et
2212 5061 2320 5099 non
2362 5046 2831 5115 conquassabitur,
2865 5044 3039 5098 donec
3075 5052 3240 5113 ponat
3270 5045 3326 5098 in

1804 5142 1944 5189 terra
1987 5135 2243 5202 judicium
2268 5173 2284 5198 ,
2332 5145 2385 5189 et
2422 5135 2476 5188 in
2514 5135 2731 5189 nomine
2761 5134 2879 5203 ejus
2923 5141 3108 5203 gentes
3142 5149 3326 5204 spera-

1801 5224 1955 5278 bunt.
1992 5222 2082 5276 Sic
2113 5222 2245 5277 dicit
2277 5223 2535 5278 Dominus
2568 5210 2829 5293 Deus'qui
2864 5224 2987 5279 fecit
3017 5225 3246 5289 cmlum,
3273 5231 3328 5279 et

1802 5313 2028 5367 intendit
2061 5313 2191 5369 illud
2212 5352 2227 5378 ,
2262 5314 2353 5383 qui
2388 5314 2617 5368 ﬁrmavit
2647 5322 2844 5370 terram
2876 5320 2930 5367 et
2961 5328 3023 5366 ea
3056 5329 3174 5382 qua
3201 5322 3328 5368 sunt

1803 5403 1854 5457 in
1887 5404 1998 5472 ipsa
2021 5441 2034 5463 ,
2071 5403 2272 5473 quique
2303 5403 2395 5457 dat
2425 5402 2604 5456 ﬂatum
2639 5404 2867 5473 populo,
2904 5403 2996 5470 qui
3024 5412 3108 5457 est
3146 5401 3199 5456 in
3232 5418 3326 5469 ea,

1799 5501 1854 5547 et
1897 5492 2143 5561 spiritum
2190 5494 2518 5548 calcantibus
2569 5509 2707 5548 eam.
2760 5492 2872 5562 Ego
2905 5492 3160 5547 Dominus
3190 5492 3331 5546 Deus

1800 5588 1924 5636 tuus
1950 5580 2133 5634 vocavi
2161 5590 2210 5635 te
2235 5582 2289 5634 in
2318 5582 2527 5651 justitia
2551 5623 2564 5645 ,
2596 5590 2651 5637 et
2682 5581 3079 5651 apprchendam
3113 5594 3328 5633 manum

1801 5676 1972 5737 tuam,
2005 5676 2056 5724 et
2086 5670 2443 5729 corroborabo
2477 5678 2528 5726 te
2548 5711 2563 5734 ,
2611 5681 2663 5727 et
2691 5670 2813 5726 dedi
2846 5681 2900 5726 te
2958 5670 3010 5724 in
3042 5674 3331 5722 testamen-

1744 4427 1785 4480 D
