3740 6336
413 370 512 424 705

1062 367 1324 424 EUSEBll
1362 367 1834 425 CESARIENSIS
1870 368 2020 426 OPP.
2057 369 2234 424 PARS
2262 369 2326 424 ll.
2362 399 2428 409 —
2466 365 3012 423 APOLOGETICA.
3601 371 3676 427 τοι

412 497 526 540 tum
555 483 764 554 generis
795 484 848 536 in
878 485 1056 539 lumen
1091 487 1327 556 gentium
1350 527 1364 550 ,
1400 495 1458 540 ut
1488 487 1724 557 aperires
1753 487 1889 541 oculi

2195 487 2338 557 .μοὺς
2362 484 2590 551 τυφλῶν,
2627 485 2724 536 καὶ
2764 480 3116 550 ἐξαγαγεῖν
3178 475 3260 527 ἐκ
3323 479 3530 551 δεσμῶν

413 589 675 630 caecorum
698 613 711 634 ,
747 581 800 626 et
842 575 1098 630 educeres
1139 594 1203 630 ex
1237 579 1469 632 vinculis
1503 579 1764 647 illigatos,
1798 585 1851 632 et
1878 579 1945 633 de

413 666 570 719 domo
601 663 832 717 carceris
864 665 1108 718 sedentes
1143 667 1195 718 in
1231 667 1469 720 tenebris
1497 668 1563 720 ’⁸.
1598 686 1615 718 ι
1643 667 1816 735 Atque
1846 669 1945 720 hu-

407 754 497 822 jus
537 753 640 806 loci
684 755 1009 822 evangelista
1040 755 1308 819 meminit,
1342 771 1449 824 quo
1481 765 1723 825 tempore
1750 755 1942 810 Phari-

418 844 510 898 saei
574 842 858 896 consilium
912 854 1168 912 ceperunt
1215 853 1400 897 contra
1454 843 1784 900 Salvatorem
1845 861 1944 900 no-

411 942 581 987 strum
603 973 617 997 ,
665 941 721 986 ut
746 948 866 987 eum
900 933 1286 999 interficerent,
1324 945 1601 1004 propterea
1636 939 1778 1006 quod
1811 936 1945 990 Sab-

409 1023 548 1080 batis
569 1031 886 1094 aegrotantes
907 1033 1148 1090 curaret;
1171 1043 1188 1075 ι
1214 1035 1343 1078 tunc
1365 1027 1528 1089 enim,
1554 1027 1726 1099 inquit
1748 1069 1761 1092 ,
1784 1026 1944 1082 Jesus

410 1113 679 1168 intellecta
709 1114 991 1167 adversum
1053 1130 1110 1168 se
1141 1116 1570 1184 conspiratione,
1606 1119 1828 1172 secessit
1861 1118 1945 1170 in-

409 1202 511 1266 de,
547 1213 600 1256 et
639 1211 835 1256 secuta:
877 1210 1004 1255 sunt
1047 1219 1166 1256 eum
1204 1205 1373 1258 turbae
1407 1206 1612 1268 multae,
1650 1215 1702 1260 et
1731 1208 1942 1261 curavit

409 1306 506 1347 eos
534 1306 749 1354 omnes,
793 1297 844 1344 et
885 1291 1137 1360 praecepit
1173 1293 1251 1346 eis
1294 1309 1358 1346 ne
1386 1294 1730 1349 manifestum
1763 1297 1940 1366 ipsum

411 1380 652 1436 facerent
685 1381 752 1434 ".
783 1400 801 1432 ι
833 1381 1038 1446 Quibus
1083 1383 1194 1436 hazc
1232 1383 1472 1452 adjungit
1507 1385 1801 1454 deinceps:
1843 1388 1946 1441 tEt

409 1471 523 1525 hac
543 1473 743 1534 omnia,
777 1472 970 1541 inquit,
1005 1473 1142 1526 facta
1169 1487 1339 1528 sunt.:
1379 1495 1396 1526 ι
1440 1477 1538 1529 hoc
1568 1484 1650 1532 est
1683 1476 1827 1545 quod
1859 1492 1944 1532 se-

413 1559 668 1622 cesserit,
700 1561 841 1628 quod
874 1562 1222 1616 declinaverit
1255 1563 1598 1618 insidiatores
1618 1604 1632 1629 ,
1673 1566 1818 1636 quod
1861 1567 1942 1620 la-

409 1644 523 1701 tere
556 1649 862 1712 studuerit,
897 1649 1022 1702 dum
1059 1651 1318 1705 miracula
1347 1653 1552 1718 ederet,
1584 1656 1834 1724 quodque
1861 1657 1942 1712 eis

410 1753 546 1808 quos
577 1747 859 1802 curasset,
897 1742 1248 1810 praeceperit,
1284 1759 1351 1796 ne
1384 1744 1726 1798 manifestum
1764 1747 1940 1814 ipsum

2047 578 2252 648 μένους,
2279 577 2371 629 καὶ
2395 576 2454 640 ἐξ
2473 575 2614 628 οἴκου
2639 574 2912 642 φυλακῆς
2942 566 3374 639 καθημένους
3398 573 3454 624 ὲν
3477 577 3674 631 miram

2042 669 2148 721 Καὶ
2177 666 2372 736 ταύτης
2411 667 2438 719 6
2471 664 2876 734 εὐαγγελιστὴς
2919 658 3337 732 μνημονεύει
3367 662 3469 732 τῆς
3497 665 3673 731 λέξεως,

2040 757 2126 808 ὅτε
2153 756 2456 820 ἐξελθόντες
2484 756 2533 808 οἱ
2561 756 2858 826 Φαρισαῖοι
2902 769 2975 804 συ
2986 748 3316 822 μϐούλιον
3356 752 3541 808 ἔλαϐον
3575 763 3679 814 κατ)

2039 847 2130 900 τοῦ
2159 847 2404 915 Σωτῆρος
2437 842 2612 914 ἡμῶν,
2655 844 2812 905 ὅπως
2854 840 3040 894 αὐτὸν
3085 837 3503 908 ἀπολέσωσιν,
3533 847 3674 918 ἐπειδῦ⁴

2039 940 2149 999 τοῖς
2169 930 2434 990 Σάϐϐασιν
2462 935 2590 996 τοὺς
2619 933 2957 1002 κάμνοντας
2985 928 3388 1000 ἐθεράπευε.
3421 951 3441 984 ι
3475 935 3550 989 Τδ
3566 955 3679 1011 «nm.

2040 1024 2210 1080 καῦτα
2254 1025 2378 1092 γὰρ,
2444 1023 2520 1085 ὥς
2571 1039 2728 1092 φησι,
2792 1021 2977 1088 γνοὺς
3043 1019 3078 1070 6
3133 1018 3398 1087 Ἰησοῦς
3467 1026 3564 1096 τὴν
3593 1031 3680 1082 καθ’

2041 1114 2200 1169 αὑτοῦ
2231 1113 2515 1184 συσκευὴν,
2552 1112 2921 1182 ἀνεχώρησεν
2959 1108 3244 1171 ἐκεῖθεν,
3308 1113 3410 1166 καὶ
3431 1114 3685 1192 ἡκολοὺθτ..

2043 1223 2138 1258 σαν
2158 1204 2300 1274 αὐτῷ
2324 1205 2467 1274 ὄχλοι
2502 1203 2708 1266 πολλοὶ,
2745 1202 2850 1255 καὶ
2877 1200 3342 1270 ἐθεράπευσεν
3371 1205 3567 1274 αὐτοὺς
3592 1215 3687 1266 πάν-

2038 1313 2154 1360 τας,
2207 1297 2296 1350 καὶ
2340 1295 2644 1366 ἐπέπληξεν
2694 1295 2894 1356 αὐτοῖς
2945 1293 3048 1345 ἵνα
3116 1290 3211 1362 μὴ
3285 1300 3534 1368 φανερὸν
3571 1304 3689 1359 αῧτδδο

2040 1389 2344 1458 ποιήσωσιν·
2371 1404 2389 1437 ι
2433 1379 2516 1448 οἷς
2544 1384 2804 1454 ἐπιφέρει
2841 1383 3069 1450 λέγων’
3107 1400 3130 1432 ι
3175 1381 3336 1437 Καὶ
3363 1390 3542 1444 ταῦτα
3561 1397 3694 1451 πάντα

2038 1477 2242 1544 γέγονε,
2271 1495 2289 1527 ι
2331 1475 2650 1528 τουτέστιτὸ
2668 1475 2999 1545 ἀναχωρεῖν
3043 1472 3245 1526 αὐτὸν
3271 1514 3299 1537 η
3329 1479 3434 1531 καὶ
3465 1481 3528 1534 τὸ
3559 1487 3696 1541 ἐκκλί-

2038 1583 2148 1620 νειν
2172 1568 2295 1629 τοὺς
2322 1564 2656 1630 ἐπιϐούλους,
2684 1566 2784 1617 καὶ
2813 1565 2882 1616 τὸ
2925 1563 3300 1621 λανθάνειν
3331 1575 3646 1644 σπουδάζειν
3659 1584 3695 1636 ἐν

2038 1655 2117 1721 οἷς
2140 1657 2336 1728 ἔπραξε
2357 1655 2697 1746 παραδόξοις,
2735 1656 2838 1746 καλ⁸
2880 1655 2953 1746 τὸ
2995 1667 3406 1738 παρεγξνυᾷν
3445 1673 3556 1735 τοῖς
3579 1673 3694 1746 θερί.

2040 1747 2348 1816 πενομένοις
2389 1746 2461 1816 μὴ
2494 1744 2726 1815 φανερὸν
2762 1744 2944 1797 αὑτὸν
2982 1748 3217 1808 ποιεῖν,
3275 1773 3301 1804 ι
3342 1759 3437 1809 ἵνα

411 1827 679 1891 facerent,
713 1848 730 1879 ι
762 1838 820 1883 ut
851 1830 1164 1900 impleretur
1193 1833 1334 1900 quod
1361 1833 1559 1887 dictum
1587 1842 1664 1887 est
1692 1849 1786 1902 per
1814 1849 1888 1902 pri

2189 1835 2285 1902 ίθέν
2316 1833 2403 1886 διὰ
2443 1833 2534 1886 τοῦ
2580 1835 2875 1904 προφήτου
2920 1833 3214 1902 λέγοντος
3243 1857 3260 1868 ο
3321 1844 3458 1896 Ἰδοὺ

408 1916 620 1984 phetam
656 1917 918 1972 dicentem
950 1937 962 1972 :
1008 1920 1145 1974 Ecce
1185 1935 1318 1989 puer
1358 1937 1537 1985 meus,
1573 1923 1625 1975 in
1653 1939 1759 1992 quo
1791 1938 1940 1978 com-

409 2007 583 2074 placui
618 2024 632 2060 :
668 2006 897 2062 dilectus
940 2025 1119 2074 meus,
1161 2026 1321 2079 quem
1369 2013 1524 2082 elegit
1571 2013 1748 2066 anima
1799 2028 1968 2096 mea._

407 2095 606 2150 Ponam
633 2099 875 2166 spiritum
899 2115 1073 2153 meum
1099 2116 1258 2170 super
1281 2117 1400 2156 eum
1421 2143 1433 2164 ,
1461 2111 1512 2157 et
1531 2102 1789 2171 judicium
1812 2119 1940 2172 gen-

409 2187 554 2242 tibus
596 2190 883 2243 nuntiabit.
927 2189 1042 2244 Non
1101 2191 1386 2246 contendet
1429 2208 1601 2262 neque
1652 2193 1934 2257 clamabit,

411 2293 581 2344 neque
609 2279 789 2334 audiet
817 2281 1080 2349 quispiam
1109 2281 1163 2333 in
1188 2281 1372 2350 plateis
1393 2298 1576 2338 vocem
1604 2283 1739 2352 ejus.
1758 2283 1937 2336 Arun-

408 2368 585 2423 dinem
625 2380 930 2439 quassatam
972 2387 1077 2425 non
1116 2373 1450 2442 confringet,
1479 2381 1532 2427 et
1572 2374 1738 2427 linum
1779 2373 1938 2427 fumi-

411 2475 543 2530 gans
581 2477 689 2515 non
731 2463 1064 2532 erstinguet,
1111 2464 1282 2518 donec
1331 2465 1512 2532 ejiciat
1561 2465 1616 2518 in
1658 2465 1935 2518 victoriam

405 2547 664 2615 judicium
684 2589 699 2611 ,
727 2559 778 2603 et
807 2551 858 2604 in
892 2551 1106 2606 nomine
1136 2552 1255 2620 ejus
1286 2561 1473 2622 gentes
1500 2554 1790 2623 sperabunt
1820 2554 1884 2609 ’⁸.
1912 2571 1930 2603 ι

406 2635 790 2692 Animadverte
834 2639 1116 2708 diligenter
1164 2656 1394 2710 quonam
1447 2642 1606 2696 modo
1659 2641 1935 2698 Mattharus

407 2725 498 2778 ubi
541 2727 714 2783 dixit:
746 2748 764 2780 ι
795 2729 931 2785 Ecce
974 2747 1106 2800 puer
1145 2746 1294 2786 meus
1322 2748 1478 2801 quem
1511 2733 1676 2803 elegi,
1707 2734 1935 2788 dilectus

407 2830 559 2872 meus
599 2818 654 2871 in
698 2834 804 2888 quo
847 2821 1168 2889 complacuit
1206 2822 1382 2874 anima
1427 2837 1571 2883 mea,
1605 2841 1623 2874 ι
1647 2837 1820 2890 neque
1846 2821 1935 2875 Ja-

407 2907 544 2971 cob,
576 2925 749 2978 neque
793 2911 958 2966 lsrael
997 2913 1388 2976 nominaverit;
1436 2928 1544 2966 non
1582 2913 1725 2967 enim
1757 2913 1930 2968 dixit:

405 2993 571 3050 Jacob
601 3014 730 3066 puer
761 3015 912 3056 meus
931 3041 946 3065 ,
982 3002 1146 3056 Israel
1177 3003 1377 3056 electus
1406 3017 1555 3055 meus
1575 3040 1590 3064 ,
1621 3002 1714 3056 sed
1747 3002 1934 3058 indefi-

2043 1942 2162 1994 μου,
2202 1925 2259 1979 ὃν
2293 1924 2548 1994 ᾑρέτισα,
2591 1925 2620 1975 6
2661 1924 2980 1994 ἀγαπητός
3022 1943 3141 1996 μου
3175 1928 3267 1991 είς
3304 1930 3373 1982 ὃν
3403 1933 3663 2003 εὐδόκησεν

2040 2015 2072 2082 ἡ
2109 2013 2248 2084 ψυχή
2303 2032 2420 2084 μου.
2461 2017 2620 2086 Θήσω
2653 2015 2714 2068 τὸ
2750 2017 3000 2089 πνεῦμά
3061 2037 3174 2090 μου
3226 2023 3332 2074 ἐπ’
3378 2025 3564 2091 αὐτὸν,
3596 2030 3664 2078 καὶ

2038 2104 2214 2173 κρίσιν
2234 2108 2343 2168 τοῖς
2373 2106 2576 2159 ἔθνεσιν
2606 2107 2958 2176 ἀπαγγελεῖ.
2998 2111 3132 2164 Οὐκ
3154 2112 3354 2182 ἐρίσει
3379 2117 3508 2169 οὐδὲ
3537 2136 3670 2188 κραν-

2037 2195 2211 2261 γάσει,
2241 2197 2359 2249 οὺδέ
2391 2197 2683 2251 ἀκούσεταί
2711 2217 2801 2262 τις
2835 2201 2901 2253 ὲν
2938 2205 3082 2264 ταῖς
3111 2203 3434 2269 πλατείαις
3467 2208 3564 2276 τὴν
3589 2225 3670 2274 φω-

2037 2286 2132 2356 νὴν
2159 2288 2339 2341 αὐτοῦ.
2370 2288 2624 2359 Κάλαμον
2655 2293 3169 2363 συντετριμμένον
3193 2296 3265 2348 οὐ
3295 2299 3587 2364 κατεάξει,
3607 2301 3678 2351 καὶ

2035 2373 2177 2428 λίνον
2205 2378 2500 2448 τυφόμενον
2531 2381 2589 2431 οὐ
2628 2379 2840 2445 σϐέσει,
2885 2382 3012 2447 ἕως
3056 2384 3132 2438 ἂν
3167 2386 3410 2458 ἐκϐάλῃ
3452 2392 3535 2452 είς
3563 2393 3680 2452 νῖκος

2035 2465 2130 2536 τὴν
2155 2469 2331 2538 κρίσιν
2356 2470 2446 2522 καὶ
2466 2471 2558 2522 ἐπὶ
2577 2470 2656 2540 τῷ
2695 2471 2944 2542 ὀνόματι
2976 2475 3169 2528 αὐτοῦ
3203 2477 3359 2550 ἔθνη
3396 2480 3683 2534 ἐλπιοῦσι.»

2035 2557 2197 2627 Τήρει
2236 2557 2293 2610 δὲ
2329 2559 2602 2629 ἐπιμελῶς
2633 2562 2756 2614 τίνα
2795 2564 3028 2633 τρόπον
3074 2570 3108 2620 6
3157 2569 3480 2635 Ματοαῖος
3524 2571 3686 2624 εἰπών’

2039 2663 2065 2736 1
2108 2647 2234 2700 Ἰδοὺ
2264 2651 2292 2701 6
2325 2652 2455 2714 παῖς
2487 2668 2608 2721 μου,
2639 2652 2698 2705 ὃν
2735 2655 3019 2725 ᾑρέτισα,
3060 2662 3094 2713 6
3133 2662 3467 2734 ἀγαπητός
3504 2684 3622 2736 μου,
3653 2667 3696 2717 ἐν

2031 2728 2074 2801 ᾦ
2095 2735 2378 2807 εὐδόκησεν
2403 2741 2436 2809 ἡ
2464 2740 2609 2811 ψυχή
2641 2760 2768 2812 μου,
2807 2764 2828 2796 ι
2868 2746 3019 2801 οὔτε
3054 2751 3161 2803 τοῦ
3215 2753 3450 2807 Ἰακὼϐ
3479 2755 3604 2808 οὔτε
3622 2755 3697 2807 τοῦ

2045 2825 2252 2916 Ἰσραὴλ
2288 2829 2550 2901 ἐμνήσθη.
2587 2833 2660 2884 Οὐ
2692 2833 2805 2905 γὰρ
2843 2832 3044 2891 εἶπεν·
3091 2841 3321 2895 Ἰακὼϐ
3354 2847 3389 2898 6
3425 2849 3566 2910 παῖς
3600 2864 3704 2916 μου,

2046 2915 2256 3006 Ἰσραὴλ
2287 2919 2315 2970 6
2343 2919 2594 2984 ἐκλεκτός
2629 2940 2756 2992 μου,
2800 2925 3120 2996 ἀορίστως
3154 2931 3221 2985 δὲ
3275 2915 3612 3006 ἐξήνεγκεν
3642 2938 3704 2987 εξ-

2033 3004 2166 3059 πώνο
2199 3024 2218 3056 ι
2253 3006 2382 3061 Ἰδοὺ
2401 3010 2430 3062 6
2453 3013 2581 3074 παῖς
2605 3029 2728 3081 μου,
2753 3016 2856 3068 καὶ
2879 3019 2910 3069 6
2939 3017 3276 3090 ἀγαπητός
3309 3004 3458 3094 μου.
3489 3004 3513 3078 ν»
3544 3026 3710 3088 Ὅθεν,

407 3084 518 3138 nite
545 3088 872 3154 enuntiavit,
906 3089 1090 3144 dicens
1117 3108 1132 3145 :
1169 3109 1186 3141 ι
1216 3089 1351 3143 Ecce
1382 3105 1513 3158 puer
1540 3105 1727 3154 meus,
1763 3099 1817 3146 et
1851 3091 1883 3144 d

2234 3097 2320 3150 ὲέν
2329 3098 2406 3168 τῷ
2430 3100 2702 3172 Ἑϐραῖκῷ
2713 3102 2819 3171 τῆς
2833 3084 3223 3178 προφητείας
3240 3084 3348 3166 ι
3357 3113 3568 3183 μένης,
3582 3084 3711 3182 παρά

408 3173 580 3230 lectus
610 3193 780 3232 meus.
812 3199 830 3230 ι
856 3178 1118 3244 Quocirca
1135 3220 1149 3244 ,
1176 3181 1328 3249 quasi
1358 3179 1411 3233 in
1438 3179 1696 3235 Hebraico
1722 3196 1784 3234 ea
1811 3196 1935 3250 pro-

407 3263 588 3332 pbetia
640 3282 744 3320 non
793 3270 886 3332 sit,
925 3271 1062 3338 apud
1104 3271 1248 3338 ipsos
1287 3271 1500 3339 quidem
1531 3269 1671 3323 LXX
1701 3271 1936 3328 obelisco

410 3353 675 3422 signatum
718 3366 801 3412 est
852 3375 1047 3413 nomen
1097 3357 1296 3423 Jacob,
1360 3367 1521 3429 atque
1553 3359 1718 3414 Israel
1747 3380 1760 3414 :
1792 3361 1936 3431 apud

410 3440 645 3509 reliquos
701 3451 878 3498 autem
934 3445 1251 3515 interpretes
1303 3446 1518 3500 silentio
1569 3447 1956 3516 praeteritum,

409 3539 688 3598 propterea
734 3533 876 3601 quod
926 3550 995 3588 ne
1044 3535 1100 3588 in
1149 3534 1408 3589 llehraico
1455 3536 1668 3604 quidem
1711 3537 1934 3592 feratur.

407 3619 564 3690 453
589 3620 814 3677 Proinde
856 3624 1016 3678 etiam
1045 3625 1373 3695 evangelista
1404 3626 1594 3680 merito
1640 3625 1692 3679 id
1717 3635 1938 3695 praeter-

409 3712 576 3772 misit,
611 3712 810 3781 quippe
839 3714 928 3782 qui
961 3725 1013 3768 et
1041 3715 1294 3770 Hebrzeus
1321 3725 1484 3780 esset,
1535 3725 1588 3772 et
1619 3717 1674 3770 in
1706 3717 1938 3786 prophe-

406 3799 496 3852 tiae
529 3801 793 3867 positione
821 3801 1114 3860 Hebraicos
1144 3806 1310 3860 libros
1344 3816 1673 3875 sequeretur.
1704 3805 1842 3876 Ergo
1869 3821 1938 3861 ne

408 3888 727 3942 sententiam
750 3891 964 3959 quidem
991 3894 1036 3948 si
1067 3905 1296 3963 spectes,
1328 3897 1524 3966 populo
1554 3897 1619 3950 ad
1649 3897 1935 3950 circumci-

409 3978 614 4034 sionem
653 3983 933 4048 spectanti,
968 3985 1242 4038 oraculum
1282 3985 1672 4039 accommodari
1718 3985 1934 4054 poterit,

409 4068 502 4123 sed
528 4067 620 4121 uni
649 4066 864 4122 Christo
899 4069 1009 4133 Dei,
1038 4074 1123 4126 cui
1157 4081 1210 4127 et
1237 4074 1349 4140 ipsa
1379 4073 1645 4127 evidentia
1701 4083 1755 4126 et
1785 4089 1940 4128 even-

407 4164 497 4212 tus
533 4172 710 4212 rerum
745 4157 898 4212 fidem
949 4160 1299 4216 indubitatam
1330 4162 1472 4216 facit.
1505 4163 1652 4217 Unus
1681 4163 1823 4217 enim
1851 4163 1937 4217 hic

408 4247 645 4300 futurum
688 4247 949 4316 judicium
999 4253 1245 4319 gentibus
1303 4253 1511 4321 publice
1566 4253 1933 4318 denuntiavit,

408 4350 531 4388 cum
555 4337 789 4404 seipsum
811 4339 970 4392 tacite
993 4339 1047 4392 in
1077 4342 1237 4395 vitam
1259 4343 1533 4396 hominum
1564 4342 1932 4406 insinuaverit,

406 4431 569 4494 atque
612 4433 665 4480 in
723 4435 862 4481 terra
907 4428 1172 4495 judicium
1227 4433 1482 4500 posuerit,
1529 4441 1581 4486 et
1623 4448 1726 4486 non
1773 4434 1883 4486 mod

1168 4456 1172 4483 ι
1227 4433 1482 4500 posuerit,
1529 4441 1581 4486 ct
1623 4448 1726 4486 non
1773 4433 1929 4486 modo
1959 4447 2003 4500 ι)
2035 4457 2190 4510 μενος
2221 4445 2351 4507 τοὺς
2400 4448 2645 4514 ἀσθενεῖς

406 4514 720 4568 arundinem
755 4517 1036 4570 contritam
1063 4535 1168 4572 non
1195 4520 1478 4590 confregit,
1517 4521 1632 4585 sed,
1659 4522 1706 4576 si
1746 4521 1825 4577 fas
1849 4533 1934 4578 est

405 4602 605 4670 dicere,
635 4608 922 4676 colligavit,
958 4623 1078 4662 cum
1124 4610 1364 4666 inﬁrmos
1389 4620 1442 4667 et
1476 4615 1737 4670 contritos
1775 4614 1935 4671 corde

408 4697 655 4758 erexerit,
709 4697 975 4766 fortesque
1024 4700 1333 4763 reddiderit,
1387 4709 1439 4755 et
1483 4705 1931 4772 quemadmodum

407 4786 647 4843 infirmos
685 4803 747 4842 ac
773 4789 996 4853 debiles,
1035 4799 1088 4844 et
1123 4808 1234 4847 sua:
1259 4792 1426 4861 ipsius
1462 4798 1754 4851 curationis
1789 4797 1931 4851 indi-

407 4883 591 4938 gentes
631 4892 738 4931 non
769 4878 1124 4948 despiciebat,
1173 4897 1346 4951 neque
1397 4899 1533 4954 quos
1580 4886 1776 4956 prioris
1814 4889 1933 4940 vita:

407 4962 762 5028 paenituisset,
793 4967 1198 5031 condemnabat,
1244 4977 1335 5024 aut
1366 4975 1706 5038 conterebat;
1743 4974 1823 5028 sic
1864 4989 1930 5028 ne

411 5044 530 5099 illos
557 5053 767 5117 quidem
799 5057 889 5124 qui
933 5058 984 5111 in
1027 5061 1182 5115 malis
1229 5072 1653 5131 perseverarent.
1698 5071 1790 5118 aut
1834 5065 1928 5132 qui

411 5136 587 5198 pravis
607 5143 764 5196 animi
785 5145 1060 5202 affectibus
1084 5150 1510 5217 incenderentur,
1540 5155 1929 5224 exstinguehat,

411 5228 600 5276 autne
635 5241 699 5280 ex
745 5247 841 5286 suo
877 5240 1146 5304 proposito
1187 5257 1390 5313 suaque
1435 5246 1672 5314 ipsorum
1714 5244 1932 5298 libidine

413 5320 646 5403 agerent,
674 5318 1000 5385 prohibebat;
1026 5340 1194 5393 neque
1220 5347 1346 5386 vero
1378 5343 1568 5403 praeter
1594 5341 1800 5400 tempus
1829 5349 1929 5386 un-

411 5410 571 5490 quam
606 5397 791 5490 horum
824 5409 1050 5476 aliquem
1092 5419 1352 5483 supplicio
1378 5397 1585 5487 vall‘ecit,
1613 5397 1806 5490 quippe
1835 5421 1926 5488 (ἰαί

412 5484 606 5540 talibus
634 5485 835 5544 debitas
865 5509 956 5560 pro
1001 5501 1205 5556 meritis
1239 5521 1423 5572 pmnas
1457 5513 1511 5566 in
1549 5484 1758 5580 tempus
1783 5484 1927 5563 com-

2042 3186 2137 3256 μὲν
2155 3189 2265 3250 τοῖς
2295 3188 2691 3260 Ἑϐδομήκοντα
2720 3192 3046 3250 ὠϐέλισται
3072 3200 3143 3253 τὸ
3159 3201 3279 3254 τοῦ
3333 3203 3554 3256 Ἰακὼϐ
3573 3202 3715 3257 καὶτὸ

2037 3277 2128 3331 τοῦ
2155 3278 2364 3349 Ἰσραὴλ
2373 3279 2558 3350 ὄνομα
2575 3284 2671 3334 καὶ
2684 3301 2761 3336 πα
2768 3284 2838 3352 ρὰ
2850 3289 2981 3352 τοῖς
2992 3288 3238 3356 λοιποῖς
3253 3295 3325 3347 δὲ
3349 3297 3380 3347 ἐ
3390 3314 3427 3364 ρ
3434 3299 3715 3366 μηνευταῐς

2015 3366 2541 3438 θπαρασεσιώπηται,
2575 3373 2700 3424 ἐπεὶ
2722 3371 2856 3444 μηδ’
2882 3377 2948 3429 ὲν
2979 3379 3073 3450 τῷ
3117 3383 3455 3456 Ἐϐραῖκῷ
3483 3387 3716 3459 φέρεται.

2044 3457 2229 3510 Ἔνθεν
2278 3459 2498 3523 εἰκότως
2529 3461 2648 3514 οὐδὲ
2683 3463 2840 3532 παρὰ
2893 3467 2987 3537 τῷ
3042 3471 3481 3546 εὐαγγελιστῇ
3522 3457 3719 3545 είρηται

2051 3547 2284 3619 Ἑϐραίῳ
2315 3549 2424 3602 δντι
2449 3589 2463 3612 ,
2514 3551 2608 3603 καὶ
2655 3553 2994 3620 ἀκολούθως
3052 3564 3131 3631 τῇ
3169 3563 3508 3634 Ἐϐραίων
3548 3566 3718 3637 γραῖᾖ

2039 3637 2137 3706 τὴν
2166 3640 2492 3709 προφητείαν
2522 3641 2832 3713 ἐκθεμένῳ.
2861 3645 3215 3720 Τοιγαροῦν
3259 3653 3416 3707 οὔτε
3445 3657 3598 3709 κατὰ
3626 3656 3721 3706 διὰ-

2041 3742 2186 3778 νοιαν
2210 3727 2287 3796 τῷ
2317 3729 2380 3780 ὲκ
2404 3731 2708 3800 περιτομῆς
2738 3731 2861 3803 λαῷ
2885 3735 2964 3788 τὰ
3004 3737 3451 3812 θεσπιζὸμενα
3482 3741 3720 3818 ἁρμόζει,

2045 3817 2187 3886 μόνῳ
2212 3817 2268 3869 δέ
2293 3816 2369 3886 τῷ
2400 3819 2620 3889 Χριστῷ
2651 3821 2746 3874 τοῦ
2775 3823 2922 3876 Θεοῦ
2954 3837 3481 3908 μαρτυρουμένῳ
3637 3837 3722 3904 τῆς

2041 3906 2326 3994 ἐναργείας
2352 3907 2444 3960 καὶ
2471 3908 2569 3978 τῆς
2601 3909 2712 3963 τῶν
2743 3918 3124 3984 πραγμάτων
3161 3906 3534 3994 ἐκϐάσεως.
3563 3931 3723 3990 Μόνος

2039 3993 2146 4064 γὰρ
2180 3988 2331 4057 οὗτος
2352 3997 2449 4066 τὴν
2486 3997 2789 4068 μέλλουσαν
2825 4005 3032 4073 κρίσιν
3067 4014 3200 4076 τοῖς
3234 4016 3456 4073 ἔθνεσι
3493 4023 3719 4090 προεκή-

2045 4084 2449 4182 ρυξεν,.ὴσυχῆ
2492 4087 2569 4182 τίς)
2739 4091 2854 4146 τῶν
2898 4097 3257 4170 ἀνθρώπων
3319 4084 3717 4182 ἐπιδημήσας-ν

2043 4172 2132 4224 καὶ
2165 4173 2341 4243 κρίσιν
2370 4177 2461 4228 ἐπὶ
2483 4179 2582 4247 τῆς
2613 4180 2719 4249 γῆς
2755 4181 3007 4253 θέμενος
3028 4207 3040 4220 ·
3069 4195 3176 4245 καὶ
3216 4197 3295 4249 οὐ
3342 4172 3533 4269 μόνον
3567 4172 3714 4255 κάλα-

2044 4279 2141 4355 μον
2173 4269 2630 4338 συντετριμμένον
2655 4273 2716 4323 οὐ
2753 4277 3045 4345 κατέαξεν
3066 4325 3080 4346 ,
3115 4285 3294 4341 ἀλλὰ
3320 4330 3338 4355 ,
3373 4293 3432 4343 εἰ
3465 4293 3618 4345 ἐστιν
3649 4294 3714 4344 εί-

2041 4354 2518 4456 πεῖν,,συνέδησεν,
2548 4361 2872 4432 ἀνορθώσας
2904 4372 3011 4424 καὶ
3047 4354 3352 4449 ἰσχυροὺς
3391 4385 3707 4456 ἀπεργασά-

2662 4493 2676 4516 ν
2705 4454 2802 4506 καὶ
2835 4460 2979 4524 τοὺς
3017 4454 3592 4543 συντετριμμένους

2038 4530 2282 4634 καρδίαν.
2311 4536 2524 4634 ’ΖΩσπερ
2557 4541 2614 4592 δὲ
2645 4544 2776 4606 τοὺς
2811 4548 3081 4618 ἀσθενεῖς
3116 4530 3262 4612 καὶ.
3288 4530 3588 4634 σαθροὺς;
3622 4530 3699 4618 καὶ

2037 4618 2133 4688 τῆς
2179 4623 2344 4677 αὐτοῦ
2395 4627 2695 4700 θεραπείας
2730 4635 3043 4708 δεομένους
3085 4647 3154 4698 οὐ
3196 4655 3544 4726 παρεώρα,
3597 4655 3700 4708 οὐδὲ

2041 4725 2438 4782 μετανοουντας
2491 4726 2845 4796 κατακρίνων
2898 4737 3252 4808 συνέτριϐεν
3276 4760 3292 4773 ⁸
3354 4725 3544 4813 οὕτως
3586 4747 3688 4800 οὐδὲ

2035 4801 2159 4863 τοὺς
2205 4807 2319 4868 τοῖς
2361 4816 2556 4876 κακοῖς
2588 4815 3002 4889 ἐπιμένοντας,
3041 4828 3136 4879 καὶ
3179 4832 3306 4887 ὑπὸ
3356 4838 3478 4891 τῶν
3519 4837 3687 4890 παθῶν

2033 4893 2369 4998 τυφομένους
2403 4901 2694 4971 ὲσϐέννυε,
2729 4910 2965 4968 κωλύων
3011 4919 3175 4988 παρὰ
3208 4923 3322 4994 τὴν
3349 4929 3541 4982 αὐτῶν
3568 4945 3677 4998 προ·

2034 4977 2245 5089 αἰρεσιν
2271 4987 2560 5088 ἐνεργεῖν·
2593 4999 2716 5053 οὐδὲ
2755 5001 2863 5073 μὴν
2901 5009 3062 5079 παρὰ
3090 4977 3312 5082 καιρὸν

2033 5083 2155 5168 τινα
2194 5083 2406 5172 τοιδτων
2429 5123 2445 5147 ,
2489 5086 2590 5159 τὴν
2623 5095 2747 5144 κατ’
2776 5094 2940 5162 ἀξίαν
2987 5098 3181 5153 αὐτῶν
3213 5106 3456 5162 κόλασιν
3485 5112 3564 5172 εἰς
3592 5107 3665 5160 τὸν

2034 5165 2135 5262 ξῆς
2177 5165 2416 5225 καθόλου
2461 5179 2702 5249 κρίσεως
2727 5188 2927 5257 καιρὸν
2961 5191 3449 5262 ὑπερτιθέμενος·
3483 5165 3561 5251 διδ
3586 5198 3661 5249 λέ-

2034 5245 2253 5352 lamas
2297 5277 2317 5309 ¹
2352 5263 2474 5322 Καὶ
2503 5245 3024 5352 Ἰλίνον-τυφθμενον
3065 5245 3129 5334 ὲὺ
3189 5245 3413 5341 σϐέσεῖ
3437 5309 3459 5341 ι
3488 5245 3655 5342 avri.-

2032 5353 2170 5445 υς
2291 5353 2478 5426 πέρας
2507 5365 2704 5439 εἴληφε
2731 5344 2814 5438 “Cb;
2843 5344 3004 5430 (Καὶ
3038 5378 3093 5430 ἐν
3137 5372 3225 5440 τῷ
3258 5376 3492 5445 ὀνόματι
3518 5376 3657 5432 abaci:

2206 5424 2530 5540 ἔίλπιοξσιν.
2569 5477 2588 5508 ι
2618 5424 3133 5540 pem—.2039

2123 5519 2149 5530 ι.
2718 5515 2721 5516 7
2737 5515 2743 5516 γ
2760 5515 2768 5517 7
2804 5515 2868 5536 Γ-
2886 5515 2895 5520 7
3026 5515 3047 5522 -
3059 5515 3080 5522 v
3234 5515 3248 5527 .
3492 5515 3518 5517 Ἦ
3571 5515 3598 5533 u
3643 5515 3658 5525 '

2030 5515 2192 5585 ἡμων
2226 5528 2416 5603 Ἰησοῦ
2455 5545 2706 5619 Χριστοῦ
2741 5557 2832 5611 ὀνό
2841 5515 2973 5632 tu;
2997 5515 3245 5634 .ﬂlfc‘“
3261 5550 3335 5600 ³⁵⁵⁵
3355 5552 3663 5621 ΧθίπΨΝὼ

479 5657 526 5691 ⁹⁶
563 5656 664 5713 lsa.
694 5673 837 5726 aut,
872 5663 976 5720 1-7.
1050 5672 1093 5702 ⁸⁷
1132 5673 1311 5735 Matth.
1346 5699 1417 5738 xu
1441 5725 1456 5752 ,
1495 5686 1668 5748 linit}.
1740 5685 1784 5720 ”
1822 5684 1951 5739 ibid.

698 5673 837 5726 χιιι,
872 5663 976 5720 1-7.
1050 5672 1093 5702 ⁸⁷
1132 5673 1311 5735 Matth.
1346 5699 1456 5752 xu,
1495 5686 1668 5748 linit}.
1740 5685 1784 5720 ’⁸
1822 5684 1951 5739 ibid.
1992 5688 2175 5748 17-21.
