3740 6330
76 394 178 450 703
959 402 1598 465 DEMONSTRATIONIS
1636 412 2080 471 EVANGELICA‘.‘
2117 417 2242 473 LIB.
2284 420 2374 478 IX.
3153 435 3255 491 706

73 511 195 578 ἔθνη
214 551 230 576 ,
269 514 377 583 τὴν
411 515 722 586 ἐπωνυμίαν
759 519 921 574 αυτοῦ
952 522 1026 586 ὼς
1054 524 1252 597 πατρὸς
1280 519 1347 594 ἧς
1375 526 1597 598 παρειλή

1727 530 1902 585 munis
1922 531 2108 599 judicii
2142 544 2460 599 reservaret,
2484 551 2547 592 ex
2578 555 2687 608 quo
2717 543 2852 598 illud
2895 544 3094 602 dictum
3125 557 3207 604 est
3233 567 3248 604 ‘.

72 617 232 667 φασιν
261 602 558 668 εὐσεϐείας
587 610 1012 680 ἐπιγραφόμενα.
1035 615 1140 668 Καὶ
1165 616 1272 685 γὰρ
1297 617 1374 678 εἰς
1401 617 1512 684 φῶς
1534 619 1591 670 οὐ

1730 639 1749 672 ι
1780 620 1845 674 Et
1869 622 2033 676 linum
2079 622 2348 695 fumigans
2377 642 2484 682 non
2527 602 2852 700 exstinguet.
2884 653 2904 686 ι
2939 602 3254 696 Planissime

71 688 247 752 ἄλλοις
282 691 317 762 ἢ
355 695 475 756 τοῖς
505 695 680 749 ἔθνεσι
710 698 946 753 δεδόσθαι
979 703 1407 773 προπεφώνηται,
1433 705 1497 757 δι’
1534 708 1630 759 αὺ-

68 777 156 832 τοῦ
187 796 247 832 τε
267 820 283 841 ,
322 784 393 852 τῇ
435 788 733 856 προρρήσει
758 789 1059 855 ἀκολούθως
1079 833 1093 857 ,
1121 793 1380 864 ὀφθαλμοὶ
1415 795 1629 863 τυφλῶν

66 870 169 923 τῶν
205 872 383 926 πάλαι
413 874 516 944 τὴν
542 875 776 931 διάνοιαν
805 882 1234 951 πεπηρωμένων,
1263 884 1355 935 καὶ
1381 883 1441 936 ού
1468 884 1625 953 μόνον

67 961 285 1026 τούτων,
319 963 468 1018 ἀλλά
511 967 609 1018 καὶ
641 968 746 1020 τῶν
783 971 911 1022 αὐτὸ
941 971 1002 1022 τὸ
1035 972 1187 1040 σῶμα
1217 974 1622 1043 ἠφανισμένων,

65 1051 154 1102 καὶ
176 1053 224 1102 oi
246 1051 476 1121 δεσμοῖς
496 1071 555 1105 τε
577 1054 671 1107 καὶ⁷
696 1061 899 1125 σειραῖς
929 1058 1225 1128 ἁμαρτιῶν,
1253 1062 1309 1113 ὲν
1333 1061 1507 1114 σκότει
1530 1065 1623 1116 καὶ

64 1140 251 1210 ἀγνοίᾳ
279 1141 384 1210 τῆς
418 1141 659 1210 ἀληθοῦς
690 1146 963 1211 εὐσεϐείας
995 1149 1053 1200 τὸ
1090 1153 1212 1220 πρὶν
1241 1151 1620 1222 κεκαλινδημέ-

65 1245 158 1290 νοι,
178 1228 243 1279 δι’
276 1228 451 1280 αὑτοῦ
481 1230 592 1282 τῶν
615 1231 890 1304 ἁμαρτιῶν
915 1235 1175 1300 λυθέντες,
1209 1239 1298 1290 τοῦ
1330 1241 1502 1307 φωτὸς
1524 1241 1620 1310 τῆς

65 1317 308 1385 γνώσεως
339 1318 442 1370 καὶ
475 1318 576 1387 τῆς
611 1322 761 1391 παρά
792 1322 868 1392 τῷ
894 1324 1006 1393 Θεῴ
1033 1325 1334 1397 ἐλευθερίας
1353 1328 1618 1396 ἠξίωνται.

68 1409 167 1470 Καὶ
195 1411 258 1460 σὺ
289 1409 371 1471 δὲ,
397 1410 498 1462 ἐπὶ
525 1411 719 1481 σχολῆς
754 1415 863 1475 τοῖς
889 1416 1290 1485 ἀποδεδομένοις
1321 1418 1618 1482 ἀκολούθως

68 1496 351 1563 βασανίσας
379 1497 488 1568 τὴν
540 1497 704 1562 λέξιν,
742 1500 831 1552 ἐπὶ
865 1501 1008 1570 μόνῳ
1039 1502 1103 1555 ἂν
1133 1502 1306 1574 εὕροις
1335 1505 1411 1575 τῷ
1439 1506 1621 1576 Κυρίῳ

65 1590 147 1641 καὶ
175 1590 388 1660 Σωτῆρι
435 1590 599 1660 ἡμῶν
643 1578 865 1647 ἕκαστον
911 1595 1146 1664 ἀκριϐῶς
1193 1597 1299 1649 τῶν
1343 1597 1408 1650 δι’
1452 1599 1619 1669 αὐτῆς

62 1679 394 1749 δηλουμένων
419 1698 495 1733 πε
505 1681 609 1751 πλη
619 1699 696 1750 ρω
702 1683 875 1752 μένον.

1723 719 1900 765 autem
1929 711 2087 766 ﬁnem
2120 729 2274 769 suum
2299 718 2504 786 accepit
2527 718 2838 776 etiam'illud
2875 739 2888 775 :
2925 743 2944 776 ι
2975 726 3040 779 Et
3071 728 3126 782 in
3158 744 3251 783 no-

1720 800 1862 855 mine
1892 801 2008 870 ejus
2039 814 2220 872 gentes
2244 807 2533 874 sperabunt
2559 808 2671 862 :iin
2701 812 2818 864 solo
2841 815 2980 867 enim
3009 814 3250 872 Salvato-

1718 890 1796 945 ris
1831 892 2002 946 nostri
2032 891 2158 948 Jcsu
2193 895 2392 949 Christi
2435 897 2671 962 nomine,
2703 899 3020 959 Christianae
3063 916 3250 976 gentes

1721 989 2087 1048 speraverunt,
2117 999 2234 1050 qua:
2259 987 2418 1039 etiam
2457 1003 2520 1041 ex
2554 989 2810 1058 religione
2841 1007 3000 1060 quam
3028 1009 3250 1066 accepe-

1720 1083 1797 1132 re,
1845 1070 1988 1126 illius
2020 1072 2172 1138 quasi
2219 1077 2453 1141 parentis
2504 1079 2824 1148 cognomine
2861 1089 3056 1137 notatae
3095 1094 3240 1140 sunt.

1722 1156 1926 1212 Etenim
1958 1162 2097 1227 quod
2128 1163 2289 1218 nullis
2336 1165 2458 1220 aliis
2490 1167 2593 1220 nisi
2625 1169 2870 1236 gentibus
2897 1171 2949 1224 in
2974 1172 3143 1228 lucem
3175 1174 3249 1230 sit

1719 1247 1898 1310 datus,
1944 1249 2052 1316 jam
2085 1259 2240 1306 antea
2276 1252 2476 1306 dictum
2523 1257 2694 1310 fuerat
2723 1276 2735 1313 :
2769 1266 2821 1312 et
2855 1274 2950 1328 per
2975 1261 3245 1328 eumdem,

1717 1341 1774 1386 ut
1807 1335 1982 1402 ipsum
2025 1340 2300 1393 oraculum
2335 1341 2748 1410 significaverat,
2780 1349 2920 1400 oculi
2955 1363 3241 1415 caecorum,

1715 1437 1896 1477 eorum
1926 1427 2106 1495 utique
2137 1429 2228 1497 qui
2269 1433 2536 1499 quondam
2568 1445 2742 1490 mente
2781 1439 3028 1491 excaseati
3067 1449 3242 1508 erant,

1713 1514 1879 1577 aperti
1909 1521 2054 1576 sunt,
2088 1529 2260 1583 neque
2291 1533 2475 1571 eorum
2502 1521 2680 1584 modo,
2711 1523 2802 1578 sed
2830 1526 2989 1578 etiam
3035 1527 3126 1596 qui
3155 1528 3241 1597 ip-

1713 1615 1831 1653 sum
1865 1617 2061 1671 corpus
2107 1606 2484 1673 perdidissent.
2510 1610 2670 1679 Atqui
2696 1614 2926 1670 vinculis
2953 1623 3006 1670 et
3035 1618 3241 1674 catenis

1710 1699 2048 1758 peccatorum
2072 1695 2124 1748 in
2155 1698 2391 1753 tenebris
2419 1707 2471 1752 et
2494 1701 2826 1769 ignoratione
2866 1721 3003 1759 verae
3024 1707 3240 1777 pietatis

65 1774 200 1840 prius
235 1774 632 1835 versabantur,
675 1791 768 1843 per
825 1777 1063 1831 eumdem
1099 1792 1130 1831 a
1165 1779 1400 1847 peccatis
1449 1779 1632 1847 soluti,
1695 1783 1870 1838 lumen
1933 1787 2252 1856 cognitionis
2299 1790 2704 1862 libertatemque
2733 1796 2868 1864 apud
2905 1774 3066 1851 Deum
3093 1799 3238 1853 acci~

66 1875 178 1926 pere
204 1869 558 1916 meruerunt.
593 1861 675 1916 Tu
708 1879 834 1918 vero
878 1865 942 1920 ad
972 1866 1159 1921 horum
1193 1869 1460 1938 exemplar
1489 1885 1607 1940 qua:
1642 1873 1882 1941 exposita
1917 1885 2062 1939 sunt,
2107 1878 2152 1932 si
2201 1879 2460 1949 reliquam
2530 1861 2656 1936 item
2724 1861 3010 1941 dictionem
3055 1890 3240 1958 explo-

64 1951 271 2013 raveris,
302 1951 358 2006 in
391 1952 522 2006 solo
549 1951 778 2008 Domino
794 1953 1174 2026 Salvatoreque
1227 1968 1432 2025 nostro,
1489 1964 1906 2035 unumquodque
1936 1982 2144 2033 eorum,
2170 1984 2288 2038 quae
2347 1971 2401 2025 in
2440 1973 2530 2027 illa
2576 1975 2936 2040 continentur,
2998 1978 3240 2036 absolute

63 2043 371 2113 completum
411 2044 688 2100 invenies.

73 2157 190 2214 Ἀπὸ
227 2161 333 2214 τοῦ
363 2163 696 2250 αὐτοῦκ-
726 2168 996 2250 {Epiron}
1020 2170 1104 2250 μὴ
1141 2173 1486 2250 πιστεύσειν
1521 2173 1597 2237 είς

1704 2171 1865 2243 454
1891 2173 1968 2225 Ab
1991 2173 2185 2250 eodem.
2216 2204 2283 2212 —
2313 2175 2474 2250 Daca
2495 2178 2632 2246 quod
2656 2177 2910 2233 Judaicus
2935 2183 3152 2250 populus
3175 2183 3233 2241 in

319 2232 525 2284 αὐτὸν
554 2234 662 2286 τὸν
691 2232 814 2290 τῶνῖ
843 2232 1130 2291 Ἰουδαίων·
1161 2241 1332 2296 λαόν.

128 2355 145 2387 ι
171 2334 319 2390 Εἶδον
351 2341 454 2393 τὸν
497 2342 701 2412 Κύριον
730 2333 1032 2416 καθήμενον
1062 2348 1151 2400 ἐπὶ
1187 2347 1370 2419 θρόνου
1407 2349 1603 2420 ὑψηλοῦ

64 2426 144 2476 καὶ
171 2427 512 2498 ἐπηρμένου,
537 2433 634 2484 καὶ
659 2436 928 2504 σεραφεὶμ
956 2439 1293 2507 είστήκεισαν
1319 2439 1498 2509 κύκλῳ
1517 2441 1607 2491 αύ-

65 2513 162 2568 τοῦ.
189 2535 206 2567 ι
251 2514 367 2571 Εἶθ’
397 2520 620 2582 ὑποϐάς
650 2539 780 2592 φησι
805 2541 818 2552 ⁸
868 2542 887 2574 ι
935 2525 1043 2577 Καὶ
1077 2526 1278 2595 ἤκουσα
1306 2527 1402 2596 τῆς
1429 2529 1605 2596 φωνῆς

68 2605 249 2675 Κυρίου
279 2607 544 2676 λέγοντος
563 2627 576 2642 ο
603 2610 735 2664 Τίνα
768 2613 1094 2678 ἀποστείλω,
1125 2616 1216 2667 καὶ
1241 2617 1322 2678 τίς
1353 2617 1604 2687 πορεύσε-

65 2695 288 2766 ται-πρὸς
307 2697 401 2750 τὸν
434 2699 572 2752 λαὸν
601 2700 822 2766 τοῦτον;
854 2704 963 2755 Καὶ
988 2699 1141 2756 εἶπα·
1180 2705 1306 2758 Ἰδοὺ
1341 2705 1447 2773 ἐγώ
1469 2710 1600 2776 είμι,

66 2784 356 2839 ἀπόστειλόν
389 2805 487 2857 με.
524 2790 635 2843 Καὶ
663 2787 814 2843 εἴπεο
864 2793 1183 2863 Πορεύθητι,
1227 2795 1318 2846 καὶ
1361 2795 1477 2848 είπὲ
1526 2797 1602 2867 τῷ

65 2870 160 2940 λαῷ
182 2875 349 2945 τούτῳ
367 2893 381 2906 ·
426 2877 594 2947 Ἀκοῇ
620 2879 905 2943 ἀκούσετε,
937 2883 1030 2935 καὶ
1061 2883 1120 2936 οὐ
1151 2882 1224 2953 μὴ
1255 2886 1443 2953 συνῆτε
1462 2925 1476 2946 ,
1511 2887 1629 2939 καῖ’

69 2959 327 3028 βλέποντες
356 2966 592 3035 βλέψετε
621 3007 636 3030 ,
661 2970 754 3021 καὶ
775 2971 834 3022 οὐ
868 2972 940 3042 μὴ
972 2972 1133 3041 ἴδητε.
1170 2974 1466 3045 Ἐπαχύνθη
1496 2976 1602 3048 γὰρ

68 3049 290 3120 ἡκαρδία
320 3053 418 3106 τοῦ
460 3053 592 3106 λαοῦ
625 3055 813 3108 τούτου
840 3097 854 3118 ,
883 3059 976 3110 καὶ
1003 3063 1113 3121 τοῖς
1145 3060 1275 3112 ὠσὶν
1303 3063 1478 3115 αὐτῶν
1507 3065 1600 3133 βα-

69 3141 184 3206 ρέως
207 3143 452 3212 ἥκουσαν
471 3184 487 3207 ,
522 3147 616 3198 καὶ
644 3148 768 3209 τοὺς
809 3148 1111 3218 ὀφθαλμοὺς
1141 3153 1317 3207 αὐτῶν
1357 3155 1601 3224 ἐκάμμυ-

68 3244 179 3292 σαν,
207 3233 419 3302 μήποτε
479 3233 630 3288 ἴδωσι
675 3237 785 3298 τοῖς
817 3237 1140 3306 ὀφθαλμοῖς,
1187 3245 1278 3296 καὶ
1321 3247 1428 3306 τοῖς
1470 3246 1600 3298 ὠσὶν

68 3319 312 3374 ἀκούσωσι
330 3363 345 3387 ,
373 3324 474 3376 καὶ
498 3326 564 3393 τῇ
599 3325 794 3396 καρδίᾳ
826 3327 1050 3394 συνῶσι,
1079 3331 1171 3382 καὶ
1209 3333 1598 3404 ὲπιστρέψωσι,

66 3409 142 3461 καὶ
173 3411 405 3483 ίάσωμαι
461 3414 678 3477 αὐτούς.
711 3435 728 3465 ι
770 3417 951 3486 Ἔχεις
997 3421 1088 3471 καὶ
1129 3421 1324 3476 τούτων
1365 3424 1426 3476 τὸ
1469 3426 1599 3478 ἀπο-

64 3501 276 3572 τέλεσμα
297 3504 392 3556 ἐπὶ
427 3504 527 3557 τοῦ
558 3505 807 3576 Σωτῆρος
833 3508 1008 3577 ἡμῶν,
1035 3511 1171 3563 κατά
1195 3513 1288 3582 μὲν
1308 3514 1396 3566 τὸν
1431 3515 1599 3568 Ἰωάν-
1623 3536 1666 3595 c

66 3605 147 3658 νην
174 3595 421 3662 φήσαντα
448 3610 463 3623 ’
517 3613 536 3644 ι
568 3594 815 3648 Τοσαῦτα
853 3591 909 3648 δὲ
943 3599 1104 3651 αὐτοῦ
1134 3603 1328 3669 σημεῖα
1372 3619 1595 3674 πεποιη-

62 3677 195 3741 κότος
222 3680 540 3752 ἔμπροσθεν
570 3681 746 3734 αὐτῶν
768 3722 781 3746 ,
812 3685 910 3736 οὐκ
943 3685 1260 3740 ἐπίστευσαν
1294 3691 1370 3752 είς
1415 3691 1592 3754 αὐτὸν,

63 3765 134 3816 ἵνα
175 3771 203 3820 6
245 3770 405 3839 λόγος
472 3773 698 3826 Ἡσαΐου
745 3773 836 3825 τοῦ
889 3777 1160 3846 προφήτου
1214 3777 1499 3849 πληρωθῇ,
1539 3780 1596 3832 ὃν

60 3853 186 3908 εἴπεο
228 3861 446 3932 Κύριε,
486 3862 574 3925 τίς
619 3863 902 3916 ἐπίστευσε
938 3868 1000 3935 τῇ
1033 3866 1166 3936 ἀκοῇ
1213 3868 1398 3937 ἡμῶν,
1452 3871 1596 3922 καὶὸ

62 3947 274 4021 βραχίων
318 3955 536 4025 Κυρίου
581 3953 686 4007 τίνι
732 3955 1117 4027 ἀπεκαλύφθη,
1177 3957 1259 4010 διά
1307 3958 1458 4011 τοῦτο
1499 3959 1596 4012 οὐκ

58 4039 293 4104 ἠδύναντο
327 4045 648 4098 πιστεύειν
681 4040 800 4096 εἷπε
827 4045 934 4116 γὰρ
962 4046 1115 4100 πάλιν
1153 4046 1404 4110 Ἡσαΐας⁹
1433 4049 1596 4101 Τετύ-

61 4128 249 4194 φλωκεν
278 4134 469 4187 αὐτῶν
490 4136 617 4197 τοὺς
642 4133 966 4204 ὀφθαλμοὺς,
993 4135 1085 4187 καὶ
1109 4135 1391 4206 ἐπώρωσεν
1423 4137 1594 4190 αὐτῶν

55 4218 142 4287 τὴν
171 4222 418 4292 καρδίαν,
451 4223 541 4274 ἵνα
571 4221 646 4291 μὴ
670 4221 816 4273 ἴδωσι
837 4223 944 4284 τοῖς
974 4222 1294 4291 ὀφθαλμοῖς,
1340 4223 1432 4276 καὶ
1475 4224 1596 4293 νοή-

60 4323 178 4360 σωσι
198 4314 265 4380 τῇ
289 4312 493 4382 καρδία
515 4351 530 4376 ,
564 4312 659 4363 καὶ
689 4311 1044 4380 ἐπιστρέψωσι
1065 4349 1079 4374 ,
1120 4312 1211 4364 καὶ
1243 4312 1472 4382 ίάσωμαι
1497 4313 1593 4365 αύ-

56 4398 182 4462 τούς.
231 4402 423 4456 Ταῦτα
469 4399 625 4455 εἶπεν
660 4401 915 4462 Ἡσαΐας,
950 4402 1036 4453 ὅτε
1065 4398 1170 4453 εἶδε
1205 4401 1299 4471 τὴν
1328 4403 1478 4466 δόξαν
1507 4403 1597 4455 αύ-

55 4485 262 4548 τοῦ,καὶ
284 4491 522 4561 ὲλάλησε
550 4488 677 4558 περὶ
707 4486 865 4540 αὑτοῦ
883 4505 897 4517 ο
923 4506 940 4537 ι
964 4487 1102 4539 κατά
1125 4489 1178 4539 δὲ
1201 4488 1288 4540 τὸν
1306 4488 1591 4550 Ματθαῖον,

58 4573 133 4627 ὅτε
181 4581 573 4648 προσελθόντες
619 4581 669 4632 οἱ
718 4578 948 4648 μαθηταὶ
1001 4576 1161 4629 αὐτοῦ
1211 4573 1356 4630 εἶπον
1417 4577 1591 4647 αὐτῷ’

60 4666 145 4716 Διά
169 4669 218 4720 τί
249 4671 306 4722 ὲν
338 4671 680 4740 παραϐολαῖς
710 4668 888 4730 αὐτοῖς
919 4668 1120 4731 λαλεῖς;
1150 4669 1178 4719 ό
1203 4667 1257 4720 δὲ
1286 4668 1594 4738 ἀποκριθεὶς

61 4749 221 4807 εἶπεν·
263 4759 430 4828 Ὑμῖν
459 4759 665 4811 δέδοται
704 4758 898 4824 γνῶναι
924 4756 990 4809 τά
1020 4758 1285 4827 μυστήρια
1317 4758 1411 4828 τῆς
1444 4759 1592 4828 βασιο

2070 2245 2236 2310 t'psum
2267 2245 2553 2299 crediturus
2582 2263 2683 2300 non
2705 2258 2855 2302 esset.

1777 2369 1796 2402 ι
1829 2350 1945 2404 Vidi
1976 2350 2256 2406 Dominum
2295 2353 2562 2409 sedentem
2597 2371 2756 2426 super
2788 2359 2921 2413 solio
2948 2363 3157 2418 excelso
3181 2369 3236 2418 et

1704 2441 1917 2493 sublimi
1945 2459 1958 2494 :
1991 2450 2043 2495 et
2071 2444 2337 2510 seraphim
2373 2445 2586 2499 stabant
2614 2448 2667 2500 in
2701 2448 2929 2503 circuitu
2968 2451 3084 2518 ejus
3104 2453 3168 2509 ”.
3207 2471 3226 2506 ι

1704 2527 1900 2583 Deinde
1944 2531 2215 2598 paululum
2256 2547 2572 2602 progressus
2623 2537 2701 2591 sic
2731 2539 2845 2591 ait:
2884 2557 2902 2588 ι
2943 2539 3006 2593 Ει
3051 2542 3229 2598 audivi

1701 2633 1884 2671 vocem
1933 2617 2140 2672 Domini
2191 2621 2418 2676 dicentis
2461 2641 2474 2677 :
2517 2623 2683 2688 Quem
2743 2627 2982 2682 mittam?
3021 2637 3072 2684 et
3109 2633 3233 2700 quis

1703 2701 1801 2756 ibit
1827 2703 1891 2755 ad
1938 2705 2187 2772 populum
2238 2707 2421 2760 hunc?
2452 2707 2516 2761 Et
2543 2710 2652 2763 dixi
2685 2726 2696 2761 :
2726 2710 2860 2767 Ecce
2886 2729 2985 2783 ego
3018 2715 3228 2782 adsum,

1702 2792 1852 2845 mitte
1880 2807 1981 2846 me.
2023 2792 2087 2845 Et
2119 2794 2252 2847 dixit
2283 2815 2295 2848 :
2329 2795 2492 2859 Vade,
2525 2807 2576 2850 et
2607 2798 2694 2853 die
2735 2803 2931 2870 populo
2957 2803 3100 2871 huic,
3131 2820 3231 2859 au-

1700 2879 1812 2933 ditu
1853 2881 2100 2945 audietis,
2128 2890 2180 2936 et
2202 2898 2308 2936 non
2338 2885 2662 2954 intelligetis,
2686 2897 2736 2942 et
2766 2889 3032 2947 intuentes
3053 2894 3229 2948 inlue-

1699 2970 1905 3032 bimini,
1946 2979 1998 3024 et
2030 2987 2133 3024 non
2173 2973 2436 3027 videbitis.
2465 2973 2720 3030 Crassum
2750 2978 2891 3032 enim
2923 2979 3119 3036 factum
3147 2989 3231 3038 est

1699 3073 1792 3111 cor
1815 3060 1992 3127 populi
2023 3061 2200 3128 hujus,
2230 3072 2280 3115 et
2303 3064 2520 3117 auribus
2543 3066 2656 3118 suis
2674 3068 2906 3135 graviter
2921 3070 3227 3137 audierunt,

1697 3154 1750 3200 et
1778 3149 1963 3202 oculos
1992 3163 2117 3203 suos
2143 3151 2472 3217 clauserunt,
2502 3157 2784 3222 nequando
2799 3159 3011 3213 videant
3031 3162 3225 3228 oculis,

1697 3243 1750 3290 et
1777 3237 1998 3289 auribus
2032 3237 2274 3301 audiant,
2307 3248 2360 3293 et
2391 3242 2551 3295 corde
2577 3242 2892 3313 intelligant,
2921 3254 2974 3302 et
3011 3263 3228 3304 conver-

1699 3331 1899 3387 tantur,
1950 3332 2003 3378 et
2049 3340 2230 3379 sanem
2276 3329 2426 3382 eos‘.
2475 3348 2494 3380 ι
2541 3329 2736 3384 Harum
2784 3345 2997 3404 quoque
3046 3351 3226 3390 rerum

1697 3413 1861 3467 habes
1892 3422 2138 3466 eventum
2175 3416 2228 3467 in
2269 3414 2546 3470 Salvatore
2570 3427 2774 3482 nostro,
2807 3427 2866 3473 ut
2889 3423 3028 3490 apud
3063 3422 3229 3477 Joan-

1697 3515 1816 3554 nem
1869 3501 2114 3569 lcgimus,
2157 3501 2248 3569 qui
2287 3503 2361 3554 ait
2399 3518 2412 3553 :
2449 3521 2468 3553 ι
2505 3504 2638 3558 Cum
2681 3513 2858 3559 autem
2911 3518 3015 3560 tam
3059 3511 3226 3562 multa

1695 3590 1846 3659 signa
1887 3589 2100 3644 fecisset
2131 3605 2311 3644 coram
2342 3591 2442 3657 eis,
2483 3608 2586 3646 non
2611 3594 2951 3649 crediderunt
2984 3597 3036 3649 in
3067 3613 3213 3662 eum,

1695 3685 1753 3731 ut
1781 3693 1958 3733 sermo
1989 3677 2136 3733 Isaiae
2168 3682 2439 3750 prophetas
2484 3683 2814 3750 impleretur,
2850 3700 3008 3753 quem
3042 3687 3175 3740 dixit
3203 3701 3219 3739 :

1694 3764 1936 3831 Domine,
1979 3768 2101 3836 quis
2135 3770 2357 3824 credidit
2385 3771 2586 3824 auditui
2620 3773 2846 3826 nostro?
2871 3783 2923 3827 et
2949 3775 3224 3830 brachium

1693 3853 1924 3921 Domini,
1950 3859 2036 3911 cui
2064 3860 2354 3914 revelatum
2387 3862 2505 3915 est?
2532 3869 2809 3932 propterea
2841 3879 2946 3919 non
2981 3874 3225 3934 poterant

1693 3949 1926 4014 credere,
1959 3951 2084 4018 quia
2134 3951 2325 4004 iterum
2359 3952 2494 4005 dixit
2535 3954 2702 4008 Isaias
2730 3969 2743 4004 :
2775 3955 3069 4010 Excaecavit
3095 3971 3226 4011 ocu-

1692 4040 1776 4097 los
1801 4058 2010 4109 eorum,
2039 4053 2093 4098 et
2123 4045 2391 4100 induravit
2419 4061 2512 4102 cor
2535 4063 2742 4111 eorum,
2767 4066 2833 4104 ne
2859 4051 3070 4105 videant
3093 4067 3226 4106 ocu-

1693 4134 1778 4194 lis.
1810 4142 1862 4188 et
1895 4136 2055 4190 corde
2095 4137 2410 4206 intelligant,
2442 4147 2497 4194 et
2523 4151 2925 4206 convertantur,
2945 4150 2998 4196 et
3036 4159 3218 4199 sanem

1691 4241 1804 4281 eos.
1852 4226 1974 4281 Haec
2001 4227 2135 4282 dixit
2179 4229 2365 4296 Isaias,
2397 4232 2612 4300 quando
2658 4234 2791 4288 vidit
2824 4235 3045 4304 gloriam
3079 4236 3218 4304 ejus,

1690 4320 1742 4366 et
1796 4314 2008 4370 loeutus
2063 4324 2146 4370 est
2188 4315 2253 4369 de
2305 4332 2368 4370 eo
2389 4319 2428 4369 ².
2471 4337 2488 4368 ι
2522 4318 2820 4386 Caeterum,
2872 4329 2928 4374 ut
2971 4329 3053 4375 est
3080 4323 3219 4391 apud

1692 4403 2020 4469 Matthzeum,
2057 4408 2370 4462 accedentes
2399 4407 2649 4478 discipuli
2691 4410 2810 4478 ejus
2839 4409 3088 4464 dixerunt
3117 4413 3165 4465 ei
3200 4431 3214 4467 :

1698 4510 1716 4542 ι
1749 4493 1924 4557 Quare
1960 4495 2011 4548 in
2042 4498 2308 4565 parabolis
2330 4499 2565 4566 loqueris
2594 4499 2704 4552 eis?
2757 4500 2846 4567 qui
2893 4501 3220 4566 respondens

1692 4582 1766 4634 ait
1792 4582 1896 4636 illis
1923 4599 1934 4632 :
1963 4584 2124 4639 Vobis
2145 4586 2325 4639 datum
2355 4595 2434 4642 est
2465 4603 2622 4641 nosse
2655 4588 2903 4656 mysteria
2929 4588 3095 4656 regni,
3114 4588 3219 4642 illis

1692 4677 1866 4724 autem
1919 4686 2024 4724 non
2078 4682 2158 4727 est
2202 4674 2383 4729 datum
2418 4676 2577 4730 :ideo
2615 4677 2665 4729 in
2716 4677 2981 4737 parabolis
3029 4677 3218 4744 loquor

1692 4757 1790 4820 eis,
1824 4765 1881 4809 ut
1908 4758 2150 4814 videntes
2188 4778 2292 4816 non
2326 4764 2558 4826 videant,
2587 4773 2639 4819 et
2672 4763 2949 4817 audientes
2982 4780 3086 4817 non
3121 4779 3217 4816 au-

62 4839 212 4904 λείας,
235 4846 468 4910 ἐκείνοις
489 4847 544 4899 δὲ
569 4847 630 4898 οὐ
651 4845 882 4898 δέδοταιν
907 4845 990 4897 διὰ
1014 4842 1168 4896 τοῦτο
1187 4846 1242 4896 ὲν
1269 4845 1594 4913 παραϐολαῖς

1703 4847 1860 4910 (iant,
1890 4861 1956 4899 ne
1988 4851 2202 4915 quando
2224 4861 2621 4914 convertantur,
2651 4861 2702 4907 et
2732 4867 2911 4907 sanem
2937 4852 3216 4908 eos.Tune

64 4929 227 4994 αὐτοῖς
255 4933 406 4986 λαλῶ
426 4974 440 4996 ,
468 4935 561 4987 ἵνα
593 4933 879 5003 βλέποντες
913 4940 984 5001 μη
1018 4931 1282 5000 βλέπωσι,
1317 4933 1408 4983 καὶ
1437 4933 1598 4986 ἀκού-

65 5031 196 5080 οντες
221 5024 294 5091 μὴ
325 5023 565 5076 ἀκούωσι
587 5061 602 5083 ,
637 5023 712 5092 μή
743 5038 864 5073 ποτε
897 5020 1252 5090 ἐπιστρέψωσι
1271 5058 1285 5081 ,
1313 5019 1404 5071 καὶ
1435 5021 1594 5074 ίάσω-

71 5119 154 5169 μαι
179 5109 396 5171 αύτούς.
431 5112 560 5163 Τότε
587 5108 873 5180 ἐπληρώθη
906 5110 991 5161 ἐπ’
1023 5111 1202 5168 αὐτοῖς
1237 5109 1268 5176 ή
1300 5110 1595 5177 προφητεία

82 5189 282 5248 Ἡσαΐου
327 5201 362 5268 ὴ
392 5199 626 5266 λέγουσα
646 5215 659 5227 ’
697 5217 713 5247 ι
742 5197 1062 5267 Πορεύθητι,
1092 5203 1184 5247 και
1229 5193 1345 5244 εἰπὲ
1374 5193 1450 5262 τῷ
1484 5195 1594 5265 λαῷ

70 5276 251 5347 totiter
294 5283 457 5354 Ἀκοῇ
487 5283 750 5336 ἀκούσετε
769 5319 783 5343 ,
815 5283 904 5334 καὶ
926 5283 985 5334 οὐ
1015 5281 1086 5350 μὴ
1122 5279 1332 5347 συνῆτε,
1364 5297 1382 5330 ι
1414 5282 1596 5337 καὶτὰ

75 5365 260 5430 τούτοις
299 5372 442 5440 ἑξῆς.
493 5371 778 5438 Ἐπιτήρει
818 5371 871 5421 δὲ
913 5371 1029 5422 τίνα
1061 5369 1254 5441 τρόπον
1285 5369 1312 5419 ό
1355 5368 1596 5442 Ἰωάννης

77 5451 245 5522 ἰπάγει
276 5459 481 5526 λέγων·
515 5479 533 5510 ι
565 5457 757 5510 Ταῦτα
786 5454 928 5510 εἶπεν
960 5459 1198 5519 Ἡσαΐας,
1230 5458 1316 5510 ὅτε
1354 5453 1454 5510 εἶδε
1498 5462 1595 5530 τὴν

83 5539 212 5606 δόξαν
226 5549 408 5611 αὐτοῦ,
424 5549 513 5602 καὶ
533 5545 769 5613 ὲλάλησε
787 5548 906 5616 περὶ
923 5545 1100 5607 αὑτοῦ,
1128 5566 1146 5598 ι
1159 5547 1230 5607 ὡς
1249 5545 1340 5597 τὸν
1363 5548 1592 5618 Χριστὸν

137 5692 174 5722 “
214 5694 314 5747 lsa.
347 5712 429 5755 vt,
464 5694 575 5757 1,2.

1697 4933 1959 5002 completa
1991 4943 2075 4988 est
2116 4936 2169 4989 in
2217 4939 2294 4993 eis
2336 4941 2611 5009 prophetia
2663 4939 2844 5002 Isaiae,
2890 4955 3004 5005 qua:
3034 4941 3212 4993 dicit:

1699 5021 1862 5086 Vade,
1891 5029 1943 5076 et
1989 5023 2075 5077 dic
2116 5028 2312 5095 populo
2357 5029 2498 5091 huic,
2536 5030 2716 5083 auditu
2747 5029 2997 5094 audietis,
3027 5037 3078 5082 οι
3106 5045 3213 5086 non

1700 5112 2079 5181 intelligetis’,
2126 5135 2144 5168 ι
2177 5124 2228 5170 et
2282 5134 2397 5186 qua!
2454 5127 2769 5187 sequuntur.
2818 5119 3043 5175 Attende
3087 5135 3216 5175 vero

1699 5201 1822 5268 quid
1859 5201 1938 5253 .sit
1980 5203 2120 5270 quod
2170 5204 2400 5261 Joannes
2440 5208 2698 5278 adjungit,
2740 5209 2826 5261 tibi
2877 5198 2993 5260 aiti
3035 5230 3053 5260 ι
3094 5209 3216 5266 Haec

1693 5291 1826 5345 dixit
1854 5289 2034 5356 Isaias,
2067 5297 2281 5362 quando
2327 5297 2456 5350 vidit
2486 5299 2706 5366 gloriam
2740 5299 2877 5366 ejus,
2902 5308 2956 5353 et
3001 5299 3213 5358 locutus

1693 5388 1775 5433 est
1825 5379 1891 5434 de
1946 5396 2030 5435 eo.
2083 5401 2100 5432 ι
2161 5383 2310 5449 Quod
2365 5402 2493 5440 sane
2547 5404 2650 5441 non
2717 5389 2870 5443 aliter
2941 5387 3213 5458 accipien-

1694 5467 1818 5522 dum
1880 5477 2000 5530 est,
2059 5485 2122 5523 ac
2177 5474 2222 5525 si
2293 5473 2562 5526 Christum
2628 5474 2931 5546 Christique
2987 5477 3210 5546 gloriam

1694 5558 1948 5626 prepheta
2003 5559 2057 5612 in
2121 5575 2184 5614 ea
2239 5563 2443 5617 visione
2513 5563 2748 5632 viderit,
2801 5566 2855 5619 in
2903 5577 3009 5634 qua
3065 5565 3140 5617 ait
3188 5577 3210 5621 :

669 5690 687 5719 ⁸
727 5690 1020 5749 ibid.~8-lO.
1091 5697 1111 5727 ¹
1154 5693 1299 5749 Joan.
1339 5714 1442 5763 xu,
1476 5699 1597 5752 57-4

1750 5705 1771 5736 ³
1804 5704 1988 5761 Matth.
2020 5723 2150 5772 xttt,
2193 5713 2368 5767 lC-H.
