3740 6344
410 392 510 446 703

1061 387 1323 443 EUSEBII
1360 382 1830 443 CASSARIENSIS
1867 383 2017 440 OPP.
2052 382 2230 438 PARS
2258 382 2321 436 ll.
2357 411 2424 421 —
2462 376 2996 433 APOLOGETICA.
3595 377 3674 433 7M

409 519 524 562 tum
553 504 762 576 generis
794 504 848 557 in
877 505 1055 559 lumen
1090 506 1326 574 gentium
1348 545 1363 568 ,
1397 513 1456 558 ut
1486 503 1722 574 aperires
1749 502 1886 556 OCUll

2188 499 2334 570 ιμοὺς
2358 496 2588 563 τυφλῶν,
2622 495 2714 547 καὶ
2754 489 3100 559 ἐξαγαγεῖν
3157 485 3236 576 ἐκ
3296 485 3518 560 δεσμῶν
3552 491 3665 543 δεδε.

411 610 674 652 caecorum
697 635 710 656 ,
745 602 798 648 et
841 595 1098 650 educeres
1139 613 1202 649 ex
1237 597 1468 650 vinculis
1501 595 1762 664 illigatos,
1796 600 1849 647 et
1876 593 1943 647 de

411 688 570 742 domo
600 683 832 738 carceris
863 685 1108 738 sedentes
1142 685 1194 736 in
1230 685 1468 738 tenebris
1496 685 1562 736 ’°.
1597 702 1614 735 ι
1642 683 1814 750 Atque
1844 683 1943 734 hu-

406 777 496 845 jus
537 775 640 828 loci
683 775 1008 842 evangelista
1039 773 1307 837 meminit,
1342 788 1448 841 quo
1481 782 1721 841 tempore
1748 771 1940 824 Phari-

418 866 510 920 saei
574 864 858 918 consilium
912 872 1168 931 ceperunt
1215 871 1399 915 contra
1453 861 1783 916 Salvatorem
1844 875 1943 914 no-

411 965 581 1010 strum
603 995 618 1019 ,
665 963 721 1008 ut
747 969 867 1007 eum
900 953 1287 1017 interﬁcerent,
1323 961 1602 1022 propterea
1635 955 1778 1022 quod
1811 951 1944 1005 Sab-

410 1045 549 1102 batis
570 1052 886 1116 aegrotantes
908 1051 1150 1108 curaret;
1172 1062 1189 1094 ι
1215 1053 1343 1096 tunc
1365 1043 1529 1106 enim,
1554 1043 1726 1115 inquit
1748 1085 1762 1108 ,
1784 1041 1945 1096 Jesus

411 1136 681 1190 intellecta
711 1135 992 1187 adversum
1054 1149 1110 1188 se
1142 1134 1571 1202 conspiratione,
1607 1133 1830 1188 secessit
1862 1133 1946 1185 in-

412 1225 513 1288 de,
549 1235 602 1278 et
640 1232 837 1278 secuta:
879 1229 1005 1274 sunt
1049 1238 1168 1276 eum
1206 1223 1376 1276 turba
1408 1223 1614 1284 multae,
1651 1231 1704 1276 et
1733 1223 1944 1277 curavit

412 1329 509 1370 eos
536 1328 752 1375 omnes,
795 1318 848 1364 et
887 1311 1138 1380 praecepit
1176 1312 1254 1364 eis
1296 1326 1360 1364 ne
1388 1311 1732 1365 manifestum
1765 1312 1942 1381 ipsum

413 1403 656 1458 facerent
689 1403 754 1455 ".
787 1421 804 1452 ι
836 1402 1040 1466 Quibus
1086 1402 1198 1455 haec
1235 1401 1476 1469 adjungit
1509 1402 1763 1470 deinceps
1790 1419 1804 1454 :
1845 1403 1948 1456 «Et

413 1495 528 1548 base
547 1495 747 1556 omnia,
780 1494 973 1562 inquit,
1008 1493 1145 1546 facta
1171 1505 1342 1547 suuL:
1383 1513 1400 1544 ι
1443 1494 1542 1546 hoc
1571 1501 1654 1548 est
1685 1492 1830 1560 quod
1862 1507 1947 1546 sc-

418 1581 672 1644 cesserit,
705 1582 845 1649 quod
878 1582 1226 1635 declinaverit
1260 1581 1637 1644 insidiatores,
1677 1581 1821 1652 quod
1863 1583 1944 1634 la-

415 1668 528 1724 tere
561 1670 866 1733 studuerit,
901 1669 1027 1723 dum
1063 1671 1322 1724 miracula
1352 1671 1556 1736 ederet,
1588 1672 1838 1740 quodque
1865 1671 1946 1726 eis

2045 591 2250 662 μένους,
2276 589 2368 642 καὶ
2392 587 2452 651 ἐξ
2471 586 2612 639 οἴκου
2635 584 2900 652 φυλακῆς
2930 575 3358 648 καθημένους
3382 583 3441 631 ἐν
3464 583 3640 636 σκότει.
3657 606 3672 636 ι

2040 683 2147 734 Καὶ
2175 679 2370 748 ταύτης
2409 679 2436 730 6
2469 674 2864 744 εὐαγγελιστὴς
2908 689 3030 742 μνη
3043 667 3315 739 μονεύει
3349 671 3454 739 τῆς
3483 671 3666 736 λέξεως,

2039 771 2126 822 ὅτε
2153 769 2454 833 ἐξελθόντες
2482 767 2531 818 οἱ
2560 766 2848 836 Φαρισαῖοι
2893 779 2966 814 συ
2976 757 3280 831 μϐούλιον
3334 760 3528 814 ἔλαϐον
3565 765 3676 818 ml

2039 861 2130 914 τοῦ
2159 859 2403 928 Σωτῆρος
2437 853 2609 926 ἡμῶν,
2651 855 2802 915 ὅπως
2845 850 3028 904 αὐτὸν
3069 845 3485 914 ἀπολέσωσιν,
3518 853 3670 924 ἐπειδὴ

2039 954 2149 1013 τοῖς
2169 942 2434 1004 Σάϐϐασιν
2461 946 2588 1008 τοὺς
2618 944 2948 1013 κάμνοντας
2976 937 3365 1010 ἐθεράπευε.
3399 958 3420 991 ι
3456 941 3535 994 Tb
3552 960 3676 1015 τηνι.

2041 1038 2211 1094 καῦτα
2254 1037 2380 1105 γὰρ,
2445 1035 2519 1096 ὥς
2570 1050 2724 1103 φησι,
2787 1031 2968 1099 γνοὺς
3029 1029 3062 1080 6
3112 1028 3374 1095 Ἰησοῦς
3447 1031 3548 1100 τὴν
3580 1033 3677 1086 καθ’

2041 1128 2201 1183 αὑτοῦ
2232 1125 2515 1196 συσκευὴν,
2551 1122 2914 1193 ἀνεχώρησεν
2951 1117 3216 1180 ἐκεῖθεν,
3267 1119 3384 1172 καὶ
3406 1119 3682 1195 ἠκολούθη-

2043 1237 2140 1272 σαν
2160 1217 2301 1288 αὐτῷ
2325 1217 2468 1286 δχλοι
2503 1214 2706 1276 πολλοὶ,
2743 1213 2844 1266 καὶ
2872 1209 3310 1280 ἐθεράπευσεν
3342 1211 3551 1277 αὐτοὺς
3577 1217 3684 1268 πάν-

2039 1327 2155 1373 τας,
2208 1310 2298 1362 καὶ
2342 1306 2645 1377 ἐπέπληξεν
2693 1304 2890 1365 αὐτοῖς
2937 1302 3035 1354 ἶνα
3097 1298 3186 1370 μὴ
3238 1304 3515 1372 φανερὸν
3555 1306 3686 1361 αὑτὸν

2043 1402 2346 1471 ποιήσωσιν·
2375 1416 2392 1449 ι
2437 1391 2517 1459 οἷς
2545 1394 2803 1464 ἐπιφέρει
2837 1392 3055 1459 λέγων’
3089 1408 3110 1440 ι
3152 1389 3304 1443 Καὶ
3333 1394 3524 1446 ταῦτα
3544 1398 3692 1452 πάντα

2041 1491 2245 1560 γέγονε,
2274 1507 2292 1540 ι
2334 1486 2652 1540 τουτέστιτὸ
2669 1485 2992 1554 ἀναχωρεῖν
3031 1480 3248 1542 αὑτὸν,
3297 1485 3408 1536 καὶ
3441 1484 3509 1537 τδ
3541 1488 3693 1542 emt.

2041 1598 2150 1634 νειν
2176 1581 2298 1642 τοὺς
2325 1576 2658 1640 ἐπιϐούλους,
2687 1576 2785 1627 καὶ
2812 1574 2880 1626 τὸ
2921 1571 3256 1624 λανθάνειν
3298 1577 3636 1642 σπουδάζειν
3650 1582 3693 1633 ἐν

2041 1668 2120 1734 οἷς
2144 1670 2340 1742 ἔπραξε
2361 1667 2700 1738 παραδόξοις,
2737 1666 2838 1717 καὶ
2879 1664 2948 1716 τὸ
2988 1669 3379 1738 παρεγγηᾷν
3419 1671 3539 1733 τοῖς
3564 1671 3691 1743 θερί.

416 1777 552 1831 quos
581 1767 864 1822 curasset,
901 1761 1253 1830 praeceperit,
1289 1776 1355 1815 ne
1389 1760 1732 1814 manifestum
1769 1761 1886 1830 ipsu

2210 1759 2352 1820 ένοις
2394 1757 2466 1827 μὴ
2499 1755 2729 1825 φανερὸν
2764 1753 2940 1806 αὐτὸν
2977 1756 3200 1816 ποιεῖν,
3239 1774 3272 1806 ‹
3319 1759 3417 1810 ἵνα
3448 1761 3687 1830 πληρωθῇ

417 1849 685 1913 facerent,
718 1869 736 1901 ι
767 1859 826 1904 ιιι
857 1850 1170 1920 impleretur
1198 1852 1340 1919 quod
1367 1851 1564 1904 dictum
1593 1858 1669 1904 est
1697 1865 1791 1918 per
1819 1865 1894 1918 [ιιι

2205 1847 2290 1899 θέν
2321 1845 2409 1898 διὰ
2448 1844 2539 1897 τοῦ
2585 1844 2874 1914 προφήτου
2918 1841 3240 1910 λέγοντος”
3303 1847 3451 1898 Ἰδοὺ
3501 1851 3531 1900 ὁ
3570 1854 3676 1911 παῖς

415 1939 627 2008 plietam
663 1939 924 1993 dicentem
956 1958 968 1992 :
1014 1940 1151 1993 Ecce
1192 1954 1323 2008 puer
1363 1955 1543 2002 meus,
1578 1939 1631 1992 in
1658 1955 1764 2008 quo
1797 1953 1945 1992 com-

416 2029 590 2098 placui
625 2046 638 2082 :
675 2028 904 2083 dilectus
946 2044 1126 2094 meus,
1168 2045 1326 2098 quem
1375 2030 1531 2099 elegit
1578 2029 1754 2082 anima
1805 2044 1973 2110 mea._

415 2118 613 2172 Ponam
640 2120 882 2187 spiritum
907 2135 1080 2173 meum
1106 2135 1265 2189 super
1288 2135 1406 2174 eum
1428 2161 1440 2182 ,
1468 2128 1519 2175 et
1538 2118 1794 2188 judicium
1818 2133 1946 2188 gen-

417 2211 562 2264 tibus
604 2211 891 2264 nuntiabit.
935 2209 1049 2264 Non
1108 2209 1394 2264 contendet
1436 2225 1609 2280 neque
1659 2209 1941 2272 clamabit,

419 2316 590 2367 neque
618 2301 798 2355 audiet
825 2300 1087 2370 quispiam
1118 2300 1171 2352 in
1195 2301 1380 2368 plateis
1402 2315 1584 2354 vocem
1612 2299 1746 2369 ejus.
1765 2299 1944 2351 Arun-

416 2391 594 2445 dinem
634 2401 938 2460 quassatam
981 2406 1085 2444 nou
1124 2391 1459 2460 confringet,
1487 2398 1540 2444 et
1580 2391 1746 2444 linum
1786 2388 1946 2442 fumi.

421 2497 553 2553 gans
591 2498 698 2537 non
740 2483 1074 2552 exstinguet,
1121 2482 1290 2537 donec
1339 2482 1521 2550 ejiciat
1571 2482 1624 2535 in
1666 2480 1944 2534 victoriam

415 2570 674 2638 judicium
695 2611 708 2632 ,
736 2580 788 2625 et
816 2572 869 2624 in
901 2571 1116 2625 nomine
1146 2571 1265 2639 ejus
1296 2579 1482 2640 gentes
1509 2571 1800 2639 sperabunt
1829 2569 1893 2623 “.
1921 2586 1939 2617 ι

416 2657 800 2713 Animadverte
844 2659 1126 2728 diligenter
1175 2674 1404 2728 quonam
1457 2659 1616 2712 modo
1668 2657 1944 2712 Matthams

418 2748 510 2801 ubi
551 2750 686 2804 dixit
712 2769 725 2804 :
757 2769 775 2802 ι
805 2750 942 2806 Ecce
985 2766 1116 2819 puer
1157 2764 1305 2803 meus
1333 2765 1488 2818 quem
1521 2750 1687 2818 elegi,
1717 2749 1945 2802 dilectus

419 2853 570 2894 meus
611 2840 665 2893 in
709 2855 815 2909 quo
857 2840 1180 2908 complacuit
1217 2840 1394 2892 anima
1438 2853 1582 2900 mea,
1615 2857 1634 2890 ι
1659 2852 1830 2906 neque
1857 2835 1945 2890 Ja-

419 2929 556 2993 eob,
588 2946 761 3000 neque
805 2932 970 2986 Israel
1009 2931 1400 2993 nominaverit;
1447 2945 1556 2982 non
1595 2928 1736 2983 enim
1768 2928 1942 2983 dixit:

417 3016 584 3073 Jacob
613 3036 743 3088 puer
773 3036 924 3075 meus
943 3060 958 3084 ,
995 3021 1159 3075 Israel
1189 3021 1389 3074 electus
1418 3033 1567 3072 meus
1587 3056 1602 3080 ,
1633 3017 1726 3072 sed
1759 3016 1945 3072 indeﬁ-

420 3106 531 3161 nite
557 3109 885 3173 enuntiavit,
918 3109 1104 3163 dicens
1130 3127 1145 3163 :
1182 3127 1198 3159 ι
1229 3107 1364 3161 Ecce
1395 3121 1526 3175 puer
1553 3121 1704 3159 meus
1724 3143 1739 3168 ,
1776 3113 1830 3161 et
1863 3105 1946 3159 di-

421 3195 594 3252 lectus
623 3214 793 3254 meus.
825 3219 842 3250 ι
869 3198 1131 3264 Quocirca
1149 3239 1163 3262 ,
1189 3198 1341 3266 quasi
1371 3196 1425 3250 in
1451 3195 1709 3251 Hebraico
1735 3211 1797 3250 ea
1823 3211 1948 3264 pro-

421 3286 602 3355 plietia
654 3304 758 3342 non
807 3290 900 3352 sit,
938 3290 1076 3358 apud
1118 3290 1262 3356 ipsos
1301 3287 1514 3357 quidem
1545 3285 1684 3339 LXX
1714 3286 1949 3341 obelisco

424 3375 689 3444 signatum
733 3388 816 3434 est
866 3394 1062 3433 nomen
1111 3377 1310 3441 Jacob,
1374 3384 1536 3446 atque
1567 3375 1774 3430 Israel:
1807 3375 1950 3446 apud

424 3462 660 3531 reliquos
715 3473 892 3518 autem
949 3466 1266 3534 interpretes
1319 3463 1532 3518 silentio
1584 3462 1969 3532 praeteritum,

424 3562 703 3620 propterea
749 3555 892 3622 quod
942 3570 1010 3608 ne
1059 3555 1115 3607 in
1164 3552 1423 3606 llebraico
1469 3553 1683 3622 quidem
1727 3553 1949 3607 feratur.

423 3642 580 3713 453
605 3643 831 3698 Proinde
871 3644 1031 3698 etiam
1061 3644 1388 3714 evangelista
1421 3643 1610 3698 merito
1656 3641 1708 3695 id
1733 3650 1953 3712 praeter-

425 3735 592 3794 misit,
628 3733 826 3802 quippe
855 3735 945 3803 qui
977 3745 1029 3789 et
1058 3734 1311 3789 Hebrzeus
1338 3743 1502 3798 esset,
1552 3741 1605 3789 et
1635 3734 1690 3786 in
1723 3732 1953 3802 prophe-

423 3822 512 3875 tiae
546 3823 810 3890 positione
838 3823 1131 3879 Hebraieos
1161 3825 1326 3878 libros
1361 3833 1690 3893 sequeretur.
1721 3821 1859 3891 Ergo
1886 3835 1954 3876 ne

426 3910 744 3965 sententiam
767 3913 982 3980 quidem
1009 3915 1053 3968 si
1084 3924 1314 3982 spectes,
1346 3915 1542 3984 populo
1572 3913 1637 3966 ad
1667 3911 1951 3965 circumci-

427 4001 632 4058 sionem
671 4003 950 4069 spectanti,
986 4005 1260 4057 oraculum
1300 4001 1690 4056 accommodari
1736 3999 1951 4070 poterit,

427 4091 520 4146 sed
546 4089 638 4144 uni
667 4088 882 4142 Christo
917 4090 1028 4154 Dei,
1057 4093 1142 4146 cui
1175 4100 1229 4146 et
1255 4093 1368 4159 ipsa
1398 4091 1664 4145 evidentia
1720 4098 1773 4142 et
1803 4103 1958 4142 even-

426 4187 516 4235 tus
552 4195 728 4234 rerum
764 4178 917 4233 fidem
968 4181 1318 4236 indubitatam
1349 4180 1492 4234 facit.
1523 4179 1672 4234 Unus
1701 4178 1842 4232 enim
1869 4177 1955 4230 hic

427 4270 666 4323 futurum
707 4268 969 4337 judicium
1019 4272 1265 4339 gentibus
1323 4271 1530 4339 publice
1585 4267 1952 4332 denuntiavit,

428 4373 550 4410 cum
575 4359 809 4426 seipsum
831 4359 990 4412 tacite
1013 4360 1067 4412 in
1097 4361 1257 4414 vitam
1279 4361 1552 4414 hominum
1583 4358 1952 4418 insinuaverit,

2049 1956 2167 2008 μου,
2207 1939 2264 1990 ὃν
2299 1936 2554 2007 ᾑρέτισα,
2597 1935 2626 1986 ὁ
2666 1934 2976 2003 ἀγαπητός
3017 1949 3132 2003 μου
3167 1934 3254 1997 είς
3293 1934 3364 1986 ὃν
3397 1936 3675 2006 εὐδόκησεν

2045 2029 2077 2096 ἠ
2308 2044 2426 2097 μου.
2467 2029 2626 2096 Θήσω
2659 2025 2720 2078 τὸ
2754 2027 2997 2097 πνεῦμά
3056 2045 3167 2098 μου
3214 2028 3324 2080 ἐπ’
3371 2029 3567 2094 αὑτὸν,
3602 2031 3677 2081 καὶ

2044 2117 2220 2187 κρίσιν
2240 2121 2349 2180 τοῖς
2380 2118 2582 2170 ἔθνεσιν
2613 2117 2957 2185 ἀπαγγελεῖ.
2996 2119 3128 2172 Οὐκ
3149 2118 3346 2189 ἐρίσει
3372 2121 3508 2173 οὐδέ
3537 2139 3681 2191 κραυ-

2043 2209 2218 2275 γάσει,
2248 2210 2365 2261 οὑδέ
2398 2208 2690 2262 ἀκούσεταί
2718 2226 2807 2271 τις
2839 2211 2904 2261 ἐν
2939 2212 3078 2272 ταῖς
3107 2210 3430 2274 πλατείαις
3463 2211 3567 2280 τὴν
3593 2229 3682 2278 φω-

2045 2300 2138 2370 νὴν
2166 2301 2346 2354 αὑτοῦ.
2377 2300 2632 2370 Κάλαμον
2662 2301 3165 2371 συντετριμμένον
3187 2302 3256 2354 οὺ
3286 2303 3588 2368 κατεάξει,
3611 2304 3686 2355 καὶ

2043 2388 2184 2442 λίνον
2212 2391 2507 2460 τυφόμενον
2539 2391 2597 2442 οὐ
2636 2389 2845 2454 σϐέσει,
2890 2391 3012 2455 ἐως
3056 2392 3131 2445 ἂν
3165 2391 3404 2463 ἐκϐάλῃ
3448 2396 3534 2456 είς
3564 2396 3687 2456 νῖκος

2043 2479 2138 2549 τὴν
2163 2481 2338 2550 κρίσιν
2363 2482 2454 2534 καὶ
2474 2481 2566 2534 ἐπὶ
2586 2481 2664 2550 τῷ
2703 2481 2947 2551 ὀνόματι
2978 2483 3167 2535 αὑτοῦ
3197 2483 3352 2554 ἔθνη
3389 2485 3686 2538 ὲλπιοῦσι.»

2044 2570 2206 2640 Τήρει
2244 2571 2301 2622 δὲ
2337 2570 2610 2641 ἐπιμελῶς
2641 2572 2764 2624 τίνα
2803 2573 3030 2641 τρόπον
3074 2577 3107 2628 6
3156 2575 3474 2640 Ματοαῖος
3521 2575 3690 2628 εἰπὼν·

2049 2677 2068 2708 ι
2117 2660 2244 2712 Ἰδοὺ
2273 2664 2301 2713 6
2335 2664 2464 2725 παῖς
2495 2680 2616 2733 μου,
2647 2662 2707 2716 ὃν
2743 2664 3022 2734 ᾑρέτισα,
3062 2669 3094 2720 6
3133 2668 3460 2739 ἀγαπητός
3498 2688 3619 2740 μου,
3650 2671 3696 2722 ἐν

2041 2741 2084 2814 ᾧ
2105 2748 2388 2819 εὐδόκησεν
2413 2753 2445 2821 ἡ
2473 2752 2618 2822 ψυχή
2650 2770 2778 2822 μου,
2817 2773 2836 2805 ι
2876 2754 3022 2808 οὔτε
3056 2757 3162 2810 τοῦ
3209 2759 3444 2812 Ἰακὼϐ
3474 2760 3600 2813 οὔτε
3618 2758 3696 2811 τοῦ

2055 2838 2262 2910 Ἰσραὴλ
2298 2841 2559 2912 ἐμνήσθη.
2596 2843 2669 2894 Οὐ
2701 2843 2816 2914 γὰρ
2853 2841 3050 2899 εἶπενσ
3094 2847 3315 2900 Ἰακὼϐ
3347 2851 3382 2903 6
3419 2853 3559 2914 παῖς
3593 2867 3698 2920 μου,

2057 2929 2267 3000 Ἰσραὴλ
2297 2932 2325 2982 6
2353 2930 2604 2995 ἐκλεκτός
2639 2950 2767 3003 μου,
2811 2934 3122 3005 ἀορίστως
3158 2939 3218 2991 δὲ
3271 2939 3597 3011 ἐξήνεγκεν
3634 2942 3699 2991 εἰ·

2045 3017 2178 3072 πών·
2211 3036 2230 3068 ι
2264 3018 2393 3073 Ἰδοὺ
2411 3021 2439 3073 6
2462 3023 2590 3084 παῖς
2615 3040 2739 3091 μου,
2763 3025 2866 3076 καὶ
2890 3027 2921 3077 6
2948 3025 3272 3097 ἀγαπητός
3304 3046 3448 3099 μου.
3484 3049 3504 3082 ι
3537 3029 3701 3091 Ὅθεν,

1973 3138 2015 3192 c
2045 3109 2119 3172 ὡς
2133 3108 2264 3179 μηδέ
2275 3109 2416 3179 ἐντῷ
2440 3111 2713 3181 Ἐϐραῖκῴ
2724 3111 2831 3180 τῆς
2844 3117 3221 3185 προφητείας
3238 3117 3559 3187 κειμένης,
3573 3117 3703 3186 παρὰ

2055 3199 2148 3270 μὲν
2167 3201 2277 3262 τοῖς
2306 3199 2702 3270 Ἐϐδομήκοντα
2731 3201 3055 3257 ὼϐέλισται
3079 3206 3149 3260 τὸ
3165 3206 3276 3259 τοῦ
3327 3207 3545 3260 Ἰακὼϐ
3564 3206 3707 3260 καὶτὸ

2050 3289 2141 3343 τοῦ
2168 3289 2376 3360 Ἰσραὴλ
2385 3290 2472 3342 δνο
2478 3308 2570 3360 μα’
2586 3293 2682 3344 καὶ
2695 3311 2772 3345 πα
2781 3293 2851 3362 ρά
2863 3298 2992 3359 τοῖς
3002 3296 3236 3362 λοιποῖς
3251 3299 3322 3351 δὲ
3345 3301 3374 3350 ἐ
3385 3317 3420 3368 ρ
3427 3301 3706 3370 μηνευταῖς

2030 3377 2553 3449 επαρασεσιὼπηται,
2587 3383 2711 3434 ἐπεὶ
2735 3380 2868 3452 μηδ’
2896 3386 2961 3437 ἐν
2990 3385 3082 3457 τῷ
3123 3387 3448 3460 Ἑϐραῖκῴ
3475 3390 3705 3462 φέρεται.

2058 3470 2242 3522 Ἔνθεν
2291 3470 2511 3534 εἰκότως
2541 3471 2660 3524 ούδέ
2694 3471 2854 3541 παρὰ
2907 3474 2998 3545 τῷ
3051 3477 3472 3549 εὐαγγελιστῇ
3512 3481 3706 3548 εἴρηται

2065 3559 2297 3630 Ἑϐραίῳ
2328 3560 2436 3613 ὅντι
2461 3600 2476 3622 ,
2527 3560 2620 3613 καὶ
2668 3562 3007 3628 ἀκολούθως
3062 3569 3134 3637 τῇ
3172 3568 3498 3638 Ἐϐραίων
3536 3569 3704 3640 γραιῖῇ

2053 3649 2151 3719 τὴν
2180 3650 2506 3720 προφητείαν
2535 3650 2846 3722 ἐκθεμένῳ.
2874 3654 3216 3727 Τοιγαροῦν
3258 3657 3410 3712 οὔτε
3437 3660 3586 3713 κατὰ
3613 3659 3707 3709 διά-

2055 3755 2200 3790 νοιαν
2225 3739 2300 3808 τῷ
2331 3741 2393 3791 ἐκ
2417 3741 2722 3810 περιτομῆς
2751 3741 2876 3811 λαῷ
2900 3743 2979 3796 τὰ
3017 3744 3444 3818 θεσπιζόμενα
3473 3745 3706 3821 ἁρμόζει,

2059 3829 2201 3898 μόνῳ
2227 3828 2282 3880 δὲ
2306 3827 2383 3898 τῷ
2413 3829 2634 3899 Χριστῷ
2665 3830 2760 3882 τοῦ
2789 3832 2938 3885 Θεοῦ
2969 3841 3472 3912 μαρτυρουμένῳ
3496 3842 3603 3892 ί)πῇ
3624 3838 3708 3907 τῆς

2057 3918 2340 3986 ἐναργείας
2366 3918 2459 3970 καὶ
2486 3919 2584 3988 τῆς
2616 3919 2728 3972 τῶν
2757 3926 3135 3993 πραγμάτων
3168 3931 3524 3997 ἐκϐάσεως.
3553 3934 3709 3992 Μόνος

2055 4005 2162 4075 γὰρ
2195 3999 2346 4068 οὗτος
2367 4007 2465 4076 τὴν
2502 4008 2804 4078 μέλλουσαν
2841 4013 3048 4082 κρίσιν
3082 4020 3206 4081 τοῖς
3238 4020 3450 4076 ἔθνεσι
3486 4025 3707 4093 προεκή-

2061 4095 2241 4162 ρυξεν,
2287 4097 2462 4166 ἡσυχῆ
2509 4097 2585 4167 τῷ
2623 4099 2722 4168 βίῳ
2755 4100 2870 4155 τῶν
2915 4105 3261 4177 ἀνθρώπων
3321 4114 3705 4184 ἐπιδημήσας,

2061 4184 2149 4236 καὶ
2181 4185 2357 4254 κρίσιν
2385 4187 2478 4238 ἐπὶ
2500 4189 2598 4257 τῆς
2629 4189 2736 4258 γῆς
2771 4190 3024 4261 θέμενος
3045 4214 3058 4227 ι
3085 4199 3186 4250 καὶ
3223 4201 3299 4253 οὐ
3343 4205 3524 4272 μόνον
3559 4205 3705 4258 κάλα-

2062 4291 2158 4344 μον
2190 4279 2646 4348 συντετριμμένον
2671 4281 2732 4332 οὐ
2770 4285 3064 4353 κατέαξεν
3084 4331 3098 4354 ,
3130 4289 3298 4345 ἀλλὰ
3323 4333 3341 4358 ,
3374 4297 3431 4346 εί
3462 4295 3610 4347 ἐστιν
3641 4296 3706 4346 εἰ-

2059 4366 2197 4426 πεῖν,
2225 4366 2536 4458 συνέδησεν,
2565 4370 2890 4441 ἀνορθώσας
2922 4379 3030 4432 καὶ
3066 4381 3355 4454 ἰσχυροὺς
3394 4386 3703 4458 ἀπεργασά-

427 4455 590 4516 atque
633 4454 686 4502 in
743 4457 882 4503 terra
928 4449 1192 4515 judicium
1247 4451 1503 4518 posuerit,
1549 4457 1600 4503 et
1643 4463 1746 4502 non
1794 4448 1904 4502 mod

2239 4456 2367 4546 τοὺς
2416 4457 2695 4525 ἀσθενεῖς,
2723 4462 2821 4514 καὶ
2853 4467 2998 4531 τοὺς
3036 4448 3590 4546 συντεντριμμένόυξ
3624 4475 3703 4544 τὴν

427 4537 742 4590 arundinem
776 4537 1058 4590 contritam
1084 4554 1189 4592 non
1217 4538 1499 4607 confregit,
1537 4537 1652 4602 sed,
1681 4537 1727 4592 si
1767 4537 1846 4593 fas
1870 4547 1954 4593 est

426 4625 627 4692 dicere,
657 4629 943 4697 colligavit,
980 4644 1100 4682 eum
1146 4629 1385 4684 infirmos
1411 4637 1464 4684 et
1497 4632 1759 4686 contritos
1796 4629 1956 4685 corde

430 4719 678 4779 erexerit.
730 4718 997 4787 fortesque
1046 4718 1356 4781 reddiderit,
1408 4726 1461 4773 et
1505 4720 1952 4789 quemadmodum

428 4808 670 4864 infirmos
707 4824 770 4863 ac
795 4809 1018 4873 debiles,
1059 4817 1111 4864 et
1147 4825 1256 4866 sua:
1281 4810 1448 4878 ipsius
1484 4814 1776 4867 curationis
1812 4812 1953 4866 indi-

429 4905 614 4963 gentes
655 4913 761 4952 non
792 4898 1147 4967 despiciebat,
1196 4914 1370 4969 neque
1419 4916 1556 4970 quos
1604 4901 1798 4972 prioris
1836 4903 1956 4955 vita:

429 4985 785 5050 paenituisset,
817 4986 1222 5048 condemnabat,
1267 4994 1358 5041 aut
1389 4991 1729 5054 conterebat;
1767 4989 1846 5043 sic
1887 5003 1954 5042 ne

433 5069 553 5123 illos
580 5076 790 5140 quidem
822 5077 914 5145 qui
957 5078 1008 5130 in
1051 5079 1206 5132 malis
1253 5089 1677 5149 perseverarent,
1722 5087 1814 5134 aut
1858 5079 1952 5147 qui

434 5160 611 5224 pravis
630 5165 788 5217 animi
809 5165 1085 5222 affectibus
1109 5169 1535 5234 incenderentur,
1564 5170 1954 5240 exstinguebat,

435 5253 624 5300 autne
659 5265 723 5303 ex
770 5269 866 5308 suo
902 5259 1171 5324 proposito
1213 5275 1416 5330 suaque
1460 5263 1696 5331 ipsorum
1738 5259 1957 5313 libidine

437 5344 670 5400 agerent,
698 5341 1026 5406 prohibebat;
1052 5360 1220 5411 neque
1245 5365 1372 5404 vero
1403 5359 1593 5420 prater
1619 5357 1824 5416 tempus
1853 5363 1954 5401 uu-

437 5435 596 5488 quam
631 5421 816 5478 horqu
849 5429 1077 5498 aliquem
1118 5437 1380 5501 supplicio
1418 5439 1612 5503 affecit,
1639 5438 1833 5506 quippe
1861 5435 1953 5504 qui

437 5509 632 5564 talibus
659 5509 861 5567 debitas
890 5532 983 5583 pro
1027 5520 1232 5575 meritis
1266 5539 1450 5591 prunas
1483 5530 1537 5584 in
1575 5537 1784 5597 tempus
1809 5541 1954 5579 corn-

2057 4541 2300 4636 καρδίαν.
2327 4545 2542 4636 ’ῘΩσπερ
2575 4549 2632 4602 δέ
2664 4552 2793 4615 τοὺς
2829 4556 3101 4625 ἀσθενεῖς
3133 4541 3270 4617 καὶ-
3299 4541 3590 4636 σαθροὺς,
3623 4541 3701 4621 καὶ

2057 4631 2152 4700 τῆς
2197 4633 2362 4686 αὐτοῦ
2412 4637 2714 4710 θεραπείας
2749 4643 3064 4716 δεομένους
3107 4652 3170 4705 οὐ
3212 4659 3549 4729 παρεώρα,
3601 4657 3704 4710 οὐδὲ

2061 4737 2456 4825 μετανοουντας
2510 4734 2862 4806 κατακρίνων
2917 4744 3268 4815 συνέτριϐεν
3292 4764 3308 4778 ο
3367 4750 3553 4814 οὕτως
3595 4748 3696 4802 οὐδὲ

2056 4816 2178 4874 τοὺς
2224 4816 2337 4876 τοῖς
2379 4825 2577 4886 κακοῖς
2608 4825 3022 4896 ἐπιμένοντας,
3062 4834 3157 4887 καὶ
3199 4837 3322 4891 ὑπὸ
3371 4840 3489 4893 τῶν
3529 4838 3696 4891 παθῶν

2054 4902 2389 4999 τυφομένους
2422 4911 2712 4980 ἐσϐέννυε,
2747 4918 2984 4974 κωλύων
3032 4924 3196 4995 ποιρά
3228 4927 3340 4999 τὴν
3367 4931 3555 4984 αὐτῶν
3583 4947 3692 4999 προ-

2057 4990 2265 5060 αίρεσιν
2292 4997 2582 5091 ἐνεργεῖν·
2614 5008 2734 5060 οὐδὲ
2773 5008 2880 5080 μὴν
2917 4990 3332 5087 παράκαιρον
3381 4990 3690 5091 ἐτιμωρεῖτό

2056 5095 2178 5181 τίνα
2215 5085 2426 5181 τορτων
2450 5133 2466 5158 ν
2511 5097 2612 5170 τὴν
2644 5101 2764 5153 κατ’
2793 5101 2959 5168 ἀξίαν
3006 5105 3204 5160 αὐτῶν
3236 5111 3476 5165 κόλασιν
3507 5114 3584 5174 είς
3613 5109 3686 5162 τὸν

2057 5175 2158 5270 ξῆς
2199 5175 2438 5237 καθόλου
2483 5191 2721 5261 κρίσεως
2745 5194 2943 5262 καιρὸν
2978 5196 3439 5270 ὑπερτιθέμενος
3459 5219 3474 5231 ·
3508 5202 3585 5254 διδ
3611 5200 3686 5251 λέ-

2058 5258 2275 5318 λεκται·
2319 5289 2338 5320 ί
2373 5275 2498 5334 Καὶ
2528 5258 2687 5338 -λίνον
2731 5258 3043 5356 τυφόμενον
3088 5258 3157 5342 οὐ
3217 5258 3437 5344 σϐέσειζ
3467 5312 3488 5344 ι
3533 5293 3684 5344 ’Δντιτ

2057 5367 2196 5452 ip“;
2313 5365 2503 5438 πέρας
2532 5376 2723 5450 εἴληφε
2749 5377 2828 5442 τὸ,
2857 5398 2875 5429 ι
2905 5380 3018 5432 Καὶ
3055 5383 3114 5434 ἐν
3158 5379 3245 5448 τῷ
3279 5382 3514 5452 ὀνόματι
3542 5378 3683 5436 αὺτοῦ

2057 5438 2187 5546 gavit
2233 5449 2557 5546 υπιοδσιν.
2595 5438 2786 5523 {ira
2818 5438 2964 5542 μόνῳ
2993 5469 3141 5538 γοῦν
3186 5438 3274 5536 ἑῷ
3316 5438 3417 5522 τοῖς
3460 5471 3684 5539 Σωτῆρος

2056 5531 2220 5601 ἡμῶν
2253 5544 2439 5618 Ἰησοῦ
2479 5558 2726 5633 Χριστοῦ
2759 5531 2984 5636 ὀνόματι
3006 5531 3338 5635 "eamsecl:
3364 5531 3681 5631 Χριστιεῶῶν

505 5683 552 5718 ’⁸
589 5682 690 5740 lsa.
720 5698 862 5751 XLII,
898 5687 1003 5744 1-7.
1077 5694 1120 5724 ⁸⁷
1159 5693 1338 5752 Matth.
1372 5716 1445 5756 xu
1469 5742 1484 5769 ,
1525 5703 1695 5764 l5i,lti.
1769 5701 1812 5736 "
1851 5701 1979 5755 ibid.

729 5698 862 5751 lLll,
898 5687 1003 5744 1-7.
1077 5694 1120 5724 ⁸⁷
1159 5693 1338 5752 Matth.
1372 5716 1484 5769 xu,
1525 5703 1695 5764 l5i,lti.
1769 5701 1812 5736 "
1851 5701 1979 5755 ibid.
2023 5704 2206 5764 ιτα-21.
