3740 6330
77 383 180 439 703
964 393 1602 455 DEMONSTBATIONIS
1641 403 2084 461 EVANGELICJE
2121 407 2247 464 LIB.
2289 411 2379 469 IX.
3157 427 3258 483 706

72 500 196 568 ἔθνη
216 540 233 565 ,
271 503 382 572 τὴν
415 504 727 576 ἐπωνυμίαν
764 510 926 564 αυτοῦ
957 512 1030 576 ὡς
1058 515 1255 587 πατρὸς
1283 511 1352 585 ἦς
1379 517 1599 588 παρειλή

1700 570 1702 577 ,
1731 521 1906 576 munis
1926 522 2113 590 judicii
2147 535 2464 590 reservaret,
2489 543 2552 583 ex
2583 546 2692 599 quo
2722 533 2854 590 illud
2899 536 3098 593 dictum
3128 549 3210 595 est
3237 559 3252 596 τ

71 606 234 656 φασιν
263 592 562 658 εὐσεϐείας
591 599 1017 670 ἐπιγραφόμενα.
1040 606 1144 658 Καὶ
1169 607 1276 676 γὰρ
1301 608 1379 668 είς
1406 607 1517 675 φῶς
1539 609 1595 661 ού

1735 629 1754 662 ι
1784 611 1849 664 Et
1873 612 2038 666 linum
2084 613 2352 686 fumigans
2383 633 2489 673 non
2532 592 2855 691 exstinguet.
2887 645 2907 678 ι
2941 592 3257 687 Planissime

70 677 249 741 ἄλλοις
285 681 320 752 ἢ
360 685 479 746 τοῖς
510 685 684 738 ἔθνεσι
714 688 951 743 δεδόσθαι
984 693 1412 763 προπεφώνηται,
1437 695 1502 747 δι’
1539 698 1599 749 αύ

1728 710 1904 756 autem
1933 701 2091 757 ﬁnem
2124 677 2278 760 suum
2304 709 2508 777 accepit
2531 709 2697 764 etiam
2711 677 2842 767 illud
2878 731 2891 766 :
2928 734 2947 767 ι
2979 717 3044 770 Et
3075 719 3130 773 in
3162 736 3254 775 no-

67 767 156 821 τοῦ
187 785 249 821 τε
269 809 286 830 ,
325 773 398 841 τῇ
439 777 737 846 προρρήσει
762 779 1064 845 ἀκολούθως
1083 823 1098 847 ,
1125 783 1384 854 ὀφθαλμοὶ
1419 785 1599 854 τυφλῶ

1725 791 1866 846 mine
1896 792 2012 862 ejus
2043 804 2224 863 gentes
2248 767 2538 865 sperabunt
2563 799 2675 853 :iin
2705 803 2822 855 solo
2845 806 2985 858 enim
3013 805 3253 864 Salvato-

64 859 169 912 τῶν
205 862 388 916 πάλαι
417 864 520 934 τὴν
547 865 781 921 διάνοιαν
809 872 1238 941 πεπηρωμένων,
1267 875 1359 925 καὶ
1385 874 1445 926 οὐ
1473 875 1599 944 μόνο

1722 881 1800 936 ris
1835 859 2006 937 nostri
2037 859 2162 939 Iesu
2198 859 2396 940 Christi
2439 888 2675 954 nomine,
2707 891 3024 950 Christiana:
3067 908 3253 968 gentes

65 950 287 1016 τούτων,
323 953 473 1008 ἀλλὰ
516 957 612 1008 καὶ
645 958 751 1010 τῶν
787 961 915 1012 αὐτὸ
945 961 1006 1012 τὸ
1039 962 1192 1031 σῶμα
1221 964 1592 1033 ἠφανισμένων

1725 980 2091 1039 speraverunt,
2121 990 2238 1041 quae
2263 978 2422 1030 etiam
2461 993 2524 1032 ex
2558 980 2814 1050 religione
2845 998 3004 1052 quam
3032 1001 3254 1057 accepe-

62 1041 153 1092 καὶ
176 1042 225 1092 οί
247 1040 481 1110 δεσμοῖς
500 1061 559 1095 τε
581 1044 675 1097 καὶ
700 1051 903 1115 σειραῖς
933 1049 1229 1118 ἁμαρτιῶν,
1257 1053 1313 1104 ὲν
1337 1053 1512 1105 σκότει
1535 1071 1599 1106 κα

1724 1074 1801 1123 re,
1850 1061 1993 1116 illius
2024 1063 2175 1129 quasi
2223 1069 2457 1132 parentis
2508 1070 2828 1140 cognomine
2865 1081 3060 1128 notatae
3100 1085 3244 1132 sunt.

62 1130 252 1199 (Σιγνοίξξ⁸
281 1131 388 1200 τῆς
423 1131 663 1200 ἀληθοῦς
694 1136 967 1202 εὐσεϐείας
999 1139 1057 1191 τὸ
1094 1143 1216 1210 πρὶν
1245 1142 1594 1212 κεκαλινδημέ

1725 1147 1930 1202 Etenim
1962 1153 2101 1218 quod
2131 1130 2294 1209 nullis
2340 1156 2462 1210 aliis
2494 1130 2603 1212 nisi
2629 1160 2875 1228 gentibus
2901 1163 2953 1216 in
2979 1130 3147 1218 lucem
3179 1130 3252 1222 sit

63 1235 156 1279 νοι,
178 1218 245 1269 δι’
277 1218 455 1270 αὑτοῦ
485 1220 595 1272 τῶν
618 1221 894 1294 ἁμαρτιῶν
919 1225 1179 1290 λυθέντες,
1213 1229 1302 1281 τοῦ
1334 1231 1506 1297 φωτὸς
1528 1231 1599 1300 τῆι

1723 1238 1901 1302 datus,
1948 1240 2056 1307 jam
2089 1250 2244 1296 antea
2280 1243 2480 1298 dictum
2525 1218 2698 1302 I'uervat
2727 1267 2740 1304 :
2773 1257 2825 1303 et
2859 1267 2954 1320 per
2979 1253 3249 1321 eumdem,

63 1307 310 1375 γνώσεως
342 1308 446 1360 καὶ
479 1308 580 1376 τῆς
615 1312 765 1381 παρά
796 1312 872 1382 τῷ
898 1314 1010 1383 Θεῷ
1037 1315 1337 1387 ἐλευθερίας
1357 1318 1599 1386 ἠξίωνται

1721 1331 1778 1377 ut
1811 1326 1986 1394 ipsum
2029 1331 2304 1383 oraculum
2338 1333 2752 1402 signiﬁcaverat,
2784 1340 2924 1392 oculi
2959 1355 3245 1406 caecorum,

66 1399 166 1460 Kal
195 1400 259 1450 σὺ
291 1398 375 1461 δὲ,
400 1399 502 1452 ἐπὶ
529 1401 723 1471 σχολῆς
757 1405 866 1465 τοῖς
893 1406 1294 1475 ὰποδεδομένοις
1325 1408 1599 1462 ἀκολούθως

1718 1428 1900 1467 eorum
1929 1417 2110 1486 utique
2141 1421 2230 1488 qui
2273 1424 2540 1490 quondam
2571 1437 2746 1480 mente
2785 1431 3032 1483 excaecati
3071 1441 3246 1500 erant,

65 1485 354 1552 βασανίσας
383 1486 492 1557 τὴν
544 1487 708 1552 λέξιν,
729 1490 834 1582 ,ἐπὶ
869 1492 1012 1560 μόνῳ
1043 1492 1106 1545 ἂν
1137 1492 1310 1565 εὕροις
1339 1495 1415 1565 τῷ
1443 1497 1599 1567 Kuth

1717 1505 1882 1568 aperti
1913 1485 2058 1566 sunt,
2091 1485 2264 1574 neque
2289 1485 2478 1562 eorum
2507 1512 2684 1575 modo,
2715 1514 2806 1569 sed
2834 1517 2993 1570 etiam
3039 1519 3130 1588 qui
3158 1485 3245 1589 ip:

63 1579 146 1630 καὶ
175 1579 392 1650 Σωτῆρι
438 1580 602 1650 ήμῶν
646 1568 868 1636 ἕκαστον
914 1585 1150 1654 ἀκριϐῶς
1197 1587 1302 1639 τῶν
1346 1588 1412 1640 δι’
1456 1589 1599 1659 αὐτῆ

1717 1605 1834 1644 sum
1868 1608 2064 1662 corpus
2111 1568 2487 1664 perdidissent.
2514 1601 2673 1670 Atqui
2699 1605 2929 1662 vinculis
2957 1615 3010 1661 et
3038 1568 3245 1665 catenris

59 1668 398 1739 δηλουμένων
423 1671 878 1742 πεπληρωμένον.

1714 1691 2050 1749 peccatorum
2075 1686 2127 1739 in
2159 1690 2394 1744 tenebris
2422 1699 2474 1744 et
2498 1668 2830 1760 ignoratione
2869 1711 3006 1751 verae
3027 1699 3243 1768 pietatis

63 1764 199 1830 prius
235 1764 635 1825 versabantur,
679 1780 771 1833 per
828 1767 1066 1821 eumdem
1103 1782 1134 1821 a
1169 1770 1404 1838 peccatis
1453 1770 1636 1837 soluti,
1698 1773 1873 1829 lumen
1937 1779 2256 1846 cognitionis
2303 1781 2707 1853 libertatemque
2735 1787 2872 1855 apud
2908 1764 3069 1843 Deum
3096 1791 3242 1844 acci-

64 1864 178 1916 pere
204 1859 562 1906 meruerunt.
596 1851 678 1906 Tu
711 1869 836 1908 vero
881 1855 946 1910 ad
975 1856 1162 1911 horum
1196 1860 1464 1928 exemplar
1493 1875 1610 1930 quze
1645 1864 1886 1932 exposita
1920 1876 2065 1930 sunt,
2110 1869 2155 1922 si
2204 1870 2463 1940 reliquam
2533 1851 2659 1927 item
2727 1851 3013 1932 dictionem
3059 1881 3243 1950 explov

61 1941 272 2003 raveris,
304 1940 361 1995 in
394 1942 526 1995 solo
551 1940 781 1998 Domino
797 1944 1178 2017 Salvatoreque
1231 1958 1436 2016 nostro,
1493 1954 1910 2025 unumquodque
1939 1973 2147 2024 eorum,
2173 1975 2291 2030 qua:
2351 1963 2403 2016 in
2444 1964 2532 2018 illa
2579 1967 2940 2032 continentur,
3001 1940 3244 2027 absolute

61 2033 374 2102 completum
413 2035 692 2090 invenies.

71 2146 190 2204 Ἀπὸ
227 2150 335 2204 τοῦ
366 2153 700 2242 αὐξοῦκ-
728 2158 999 2242 ῌερί-τορ
1023 2160 1107 2242 μὴ
1144 2164 1489 2242 πιστεύσειν
1524 2164 1599 2228 είς

1707 2161 1868 2234 454
1894 2163 1971 2215 Ab
1995 2163 2189 2242 eodem.
2219 2195 2286 2204 —-
2315 2166 2476 2242 De‘eo
2499 2169 2635 2237 quod
2659 2168 2913 2224 Iudaicus
2937 2175 3155 2242 populus
3178 2175 3236 2232 iu

321 2221 528 2274 αὐτὸν
557 2223 666 2276 τὸν
694 2221 818 2280 τῶνῖ
845 2221 1133 2281 Ἰουδαῖωᾶ
1165 2231 1335 2286 λαόν.

127 2345 144 2376 ι
170 2323 321 2380 Εἶδον
353 2330 456 2382 τὸν
501 2332 704 2401 Κύριον
733 2323 1035 2406 καθήμενον
1066 2339 1155 2390 ἐπὶ
1190 2338 1373 2409 θρόνου
1409 2340 1606 2411 ὑψηλοῦ

63 2416 144 2466 καὶ
171 2417 516 2488 ἐπηρμένου,
541 2423 637 2474 καὶ
662 2426 931 2494 σεραφεὶμ
959 2429 1296 2497 είστήκεισαν
1323 2430 1502 2499 κύκλῳ
1521 2431 1610 2482 αύ-

65 2503 162 2558 τοῦ.
189 2525 207 2556 ι
251 2504 369 2561 Εἴθ’
400 2510 623 2572 ὑποόἀς
653 2529 782 2582 φησι
809 2531 821 2542 ’
871 2532 890 2564 ι
939 2515 1046 2568 Καὶ
1079 2516 1281 2585 ἥκουσα
1309 2518 1405 2586 τῆς
1433 2519 1608 2588 φωνῆς

68 2595 250 2665 Κυρίου
281 2597 547 2666 λέγοντος
565 2617 579 2632 ο
605 2601 738 2655 Τίνα
771 2603 1066 2656 ἀποστείλω
1084 2645 1098 2668 ,
1129 2606 1219 2658 καὶ
1243 2607 1325 2668 τίς
1356 2608 1607 2678 πορεύσε-

65 2685 291 2756 ται-πρὸς
309 2687 403 2741 τὸν
437 2688 574 2742 λαὸν
604 2689 826 2756 τοῦτον;
857 2694 966 2745 Καὶ
991 2689 1144 2746 εἶπαο
1183 2695 1309 2748 Ἰδοὺ
1344 2696 1450 2764 ἐγώ
1472 2701 1602 2766 είμι,

66 2774 358 2829 ἀπόστειλόν
391 2794 491 2846 με.
527 2780 638 2833 Καὶ
665 2776 816 2833 εἶπε·
867 2783 1186 2852 Πορεύθητι,
1230 2785 1321 2837 καὶ
1364 2786 1480 2838 είπὲ
1529 2787 1605 2857 τῷ

65 2859 161 2930 λαῷ
183 2865 351 2935 τούτῳ
369 2883 384 2896 ·
429 2867 596 2938 Ἀκοῇ
623 2869 908 2933 ἀκούσετε,
939 2873 1034 2925 καὶ
1064 2873 1122 2926 οὐ
1154 2873 1227 2943 μὴ
1259 2876 1446 2944 συνῆτε
1464 2915 1478 2937 ,
1514 2877 1631 2930 καὶ.⁸

69 2949 329 3018 βλέποντες
358 2955 594 3025 βλέψετε
625 2997 639 3021 ,
664 2960 756 3011 καὶ
777 2961 837 3012 ού
870 2961 943 3032 μὴ
975 2962 1136 3031 ἴδητε.
1173 2964 1469 3035 Ἐπαχύνθη
1498 2967 1604 3038 γὰρ

69 3039 292 3110 ἡκαρδία
323 3043 421 3095 τοῦ
463 3043 595 3095 λαοῦ
628 3045 816 3098 τούτου
843 3087 856 3110 ,
886 3049 978 3101 καὶ
1006 3053 1116 3112 τοῖς
1148 3050 1278 3102 ὠσὶν
1306 3053 1480 3105 αὐτῶν
1509 3055 1603 3124 βα-

71 3131 185 3196 ρέως
209 3133 455 3202 ἤκουσαν
474 3173 489 3198 ,
524 3137 619 3188 καὶ
647 3138 770 3199 τοὺς
811 3138 1114 3209 ὀφθαλμοὺς
1144 3143 1320 3196 αὐτῶν
1360 3145 1604 3216 ἐκάμμυ-

71 3234 180 3282 σαν,
209 3223 421 3292 μήποτε
481 3223 632 3278 ἴδωσι
677 3228 788 3288 τοῖς
819 3227 1142 3297 ὀφθαλμοῖς,
1189 3235 1281 3286 καὶ
1323 3238 1430 3296 τοῖς
1473 3237 1604 3289 ὠσὶν

69 3309 348 3377 ἀκούσωσι,
375 3314 477 3366 καὶ
499 3316 566 3383 τῇ
602 3316 796 3386 καρδίᾳ
828 3318 1052 3384 συνῶσι,
1082 3321 1173 3373 καὶ
1211 3323 1600 3394 ὲπιστρέψωσι,

68 3399 145 3451 καὶ
175 3401 407 3473 ίάσωμαι
463 3405 681 3466 αύτούς.
713 3425 730 3455 ι
773 3407 953 3476 Ἔχεις
999 3411 1090 3461 καὶ
1131 3412 1326 3467 τούτων
1368 3415 1428 3466 τὸ
1472 3417 1602 3468 ἀπο-

68 3491 279 3562 τέλεσμα
301 3494 394 3546 ἐπὶ
428 3494 528 3547 τοῦ
559 3495 809 3566 Σωτῆρος
835 3498 1011 3567 ἡμῶν,
1037 3501 1174 3553 κατὰ
1198 3504 1291 3572 μὲν
1310 3504 1398 3556 τὸν
1433 3505 1601 3558 Ἰωάν-
1625 3527 1668 3586 C

69 3595 149 3649 νην
178 3584 423 3652 φήσαντα
450 3600 464 3613 ·
519 3602 538 3635 ι
570 3585 817 3638 Τοσαῦτα
855 3581 911 3638 δε
945 3589 1106 3641 αὑτοῦ
1136 3593 1331 3659 σημεῖα
1375 3610 1597 3664 πεποιη-

65 3667 197 3731 κότος
225 3671 542 3742 εμπροσθεν
571 3671 748 3724 αὐτῶν
769 3713 783 3736 ,
814 3675 912 3727 οὐκ
944 3676 1262 3730 ἐπίστευσαν
1297 3681 1372 3742 είς
1416 3681 1595 3744 αὐτὸν,

67 3755 138 3806 ἵνα
179 3761 206 3810 ὁ
249 3761 407 3829 λόγος
474 3763 700 3816 Ἡσαΐου
746 3763 838 3816 τοῦ
891 3767 1162 3836 προφήτου
1216 3767 1502 3840 πληρωθῇ,
1541 3771 1598 3823 ὃν

65 3843 189 3899 εἷπεο
231 3851 446 3922 Κύριε,
488 3852 575 3915 τίς
620 3853 903 3906 ἐπίστευσε
939 3858 1002 3925 τῇ
1035 3857 1168 3926 ἀκοῇ
1215 3858 1400 3928 ἡμῶν,
1455 3861 1598 3913 καὶὸ

66 3937 276 4010 βραχίων
322 3945 537 4016 Κυρίου
582 3943 687 3997 τίνι
734 3945 1119 4016 ἀπεκαλύφθη,
1179 3947 1261 4000 διὰ
1310 3948 1460 4001 τοῦτο
1502 3950 1599 4002 οὐκ

62 4029 295 4093 ἠδύναντο
329 4035 650 4088 πιστεύειν’
682 4030 802 4087 εἶπε
829 4035 935 4106 γὰρ
963 4036 1117 4090 πάλιν
1155 4036 1406 4100 Ἢσαῒαςο
1435 4039 1599 4091 Τετύ-

63 4117 252 4184 φλωκεν
280 4124 469 4177 αὐτῶν
491 4126 619 4187 τοὺς
644 4123 967 4194 ὀφθαλμοὺς,
996 4125 1088 4178 καὶ
1111 4125 1393 4196 ἐπώρωσεν
1424 4128 1596 4180 αὐτῶν

59 4208 146 4276 τὴν
174 4212 419 4282 καρδίαν,
452 4213 542 4264 ἵνα
572 4211 647 4282 μὴ
671 4211 817 4263 ῐδωσι
838 4214 945 4273 τοῖς
975 4212 1295 4282 ὀφθαλμοῖς,
1342 4213 1434 4266 καὶ
1477 4214 1598 4283 νοή-

63 4312 180 4349 σωσι
201 4303 266 4370 τῇ
291 4302 494 4372 καρδίᾳ.
515 4340 531 4365 ,
565 4302 660 4353 καὶ
690 4301 1046 4370 ὲπιστρέψωσι
1067 4339 1081 4363 ,
1121 4303 1212 4354 καὶ
1245 4302 1474 4372 ίάσωμαι
1499 4303 1595 4355 αύ-

59 4387 185 4451 τούς.
233 4392 424 4446 Ταῦτα
470 4388 626 4445 εἶπεν
661 4391 917 4452 Ἡσαΐας,
952 4392 1038 4443 ὅτε
1067 4388 1171 4443 εἶδε
1207 4391 1300 4461 τὴν
1330 4393 1479 4456 δόξαν
1509 4393 1598 4446 αύ-

59 4475 158 4538 τοῦ,
173 4479 264 4530 καὶ
286 4481 523 4550 ὲλάλησε
552 4495 617 4529 πε
626 4478 678 4547 pi.
709 4476 867 4530 αὑτοῦ
885 4495 898 4508 ’
925 4495 941 4527 ι
966 4477 1104 4529 κατά
1126 4479 1180 4529 δὲ
1202 4478 1289 4530 τὸν
1308 4479 1593 4540 Ματθαῖον,

61 4563 135 4616 ὅτε
184 4571 575 4638 προσελθόντες
620 4571 671 4621 οἱ
719 4568 950 4637 μαθηταὶ
1003 4566 1162 4619 αὐτοῦ
1211 4564 1358 4620 εἶπον
1418 4567 1592 4637 αὐτῷ·

63 4655 147 4705 Διά
170 4659 219 4709 τί
250 4660 308 4711 ὲν
338 4679 418 4712 πα
429 4661 682 4729 ραὸολαίς
711 4658 889 4720 αὐτοῖς
921 4658 1122 4721 λαλεῖς;
1151 4659 1179 4709 ό
1203 4658 1258 4710 δὲ
1287 4658 1596 4730 ἀποκριθεὶς

64 4738 223 4795 εἶπεν·
264 4748 431 4817 Ὑμῖν
459 4749 666 4800 δέδοται
706 4748 900 4814 γνῶναι
925 4746 991 4799 τά
1021 4748 1287 4817 μυστήρια
1318 4748 1412 4818 τῆς
1445 4749 1593 4818 βασι-

2073 2235 2239 2301 ipsum
2271 2235 2555 2290 crediturus
2585 2255 2686 2291 non
2708 2249 2858 2294 esset.

1780 2360 1798 2392 ι
1833 2341 1948 2395 Vidi
1979 2341 2259 2397 Dominum
2298 2345 2565 2400 sedentem
2599 2362 2759 2418 super
2791 2351 2924 2405 solio
2951 2354 3160 2409 excelso
3184 2360 3238 2410 et

1707 2431 1920 2484 sublimi
1949 2451 1961 2485 :
1994 2441 2046 2485 et
2074 2434 2340 2502 serapbim
2375 2437 2588 2490 stabant
2617 2439 2670 2491 in
2704 2440 2931 2494 circuitu
2971 2442 3087 2509 ejus
3107 2445 3170 2501 ’°.
3210 2464 3230 2497 ι

1707 2518 1903 2574 Deinde
1947 2521 2218 2588 paululum
2258 2539 2575 2594 progressus
2626 2528 2704 2582 sic
2735 2531 2848 2582 ait:
2887 2549 2906 2580 ‹
2945 2531 3009 2585 Et
3053 2534 3231 2589 audivi

1704 2623 1886 2662 vocem
1936 2607 2142 2663 Domini
2193 2613 2422 2668 dicentis
2464 2632 2478 2668 :
2519 2615 2686 2680 Quem
2747 2618 2984 2673 mittam?
3023 2629 3074 2676 et
3111 2625 3236 2692 quis

1705 2693 1804 2746 ibit
1829 2693 1894 2746 ad
1942 2696 2190 2762 populum
2241 2697 2423 2752 hunc?
2455 2698 2518 2752 Et
2545 2701 2655 2754 dixi
2687 2718 2699 2752 :
2729 2701 2863 2758 Ecce
2888 2721 2987 2775 ego
3020 2707 3231 2774 adsum,

1703 2783 1854 2835 mitte
1882 2798 1983 2837 me.
2026 2783 2089 2836 Et
2122 2785 2255 2838 dixit
2286 2806 2298 2840 :
2331 2786 2494 2850 Vade,
2527 2797 2578 2842 et
2609 2789 2697 2844 die
2738 2794 2933 2862 populo
2959 2795 3102 2862 huic,
3134 2813 3233 2851 au-

1703 2871 1814 2924 ditu
1855 2872 2102 2935 audietis,
2131 2881 2182 2926 et
2205 2889 2310 2927 non
2341 2876 2664 2945 intelligetis,
2688 2888 2739 2933 et
2768 2881 3034 2938 intuentes
3056 2885 3232 2940 intue-

1701 2961 1908 3023 bimini,
1948 2969 2001 3014 et
2033 2977 2136 3015 non
2176 2964 2438 3018 videbitis.
2467 2964 2722 3021 Crassum
2752 2969 2893 3023 enim
2925 2970 3122 3027 factum
3150 2981 3233 3030 est

1701 3064 1795 3102 cor
1818 3051 1994 3117 populi
2025 3051 2202 3119 hujus,
2232 3063 2283 3106 et
2305 3055 2523 3109 auribus
2545 3057 2658 3109 suis
2676 3059 2908 3126 graviter
2924 3062 3230 3129 audierunt,

1699 3145 1753 3191 et
1780 3139 1966 3193 oculos
1995 3154 2120 3194 suos
2145 3143 2474 3208 clauserunt,
2505 3149 2786 3213 nequando
2802 3150 3013 3204 videant
3034 3153 3227 3219 oculis,

1699 3234 1753 3281 et
1780 3228 2000 3280 auribus
2035 3228 2276 3292 audiant,
2309 3239 2362 3284 et
2393 3233 2553 3286 corde
2579 3233 2894 3304 intelligant,
2923 3245 2977 3293 et
3013 3254 3230 3296 conver-

1700 3323 1902 3378 tantur,
1952 3323 2005 3368 et
2051 3331 2232 3370 sanem
2279 3321 2428 3374 eos‘.
2477 3339 2496 3371 ›
2543 3320 2999 3395 IIarumquoqu’e
3047 3343 3228 3382 rerum

1699 3403 1863 3458 habes
1894 3413 2140 3457 eventum
2177 3407 2231 3458 in
2271 3405 2548 3461 Salvatore
2572 3418 2776 3473 nostro,
2809 3419 2868 3464 ut
2891 3415 3030 3482 apud
3065 3414 3230 3468 Joan-

1699 3505 1818 3544 nem
1870 3491 2115 3560 legimus,
2159 3493 2250 3560 qui
2289 3494 2362 3545 ait
2401 3509 2414 3544 :
2451 3512 2470 3544 ι
2506 3495 2638 3549 Cum
2683 3505 2860 3551 autem
2913 3509 3017 3550 tam
3061 3503 3228 3554 multa

1698 3580 1848 3650 signa
1889 3581 2102 3634 fecisset
2133 3596 2313 3634 coram
2344 3582 2443 3648 eis,
2485 3599 2588 3637 non
2613 3586 2953 3640 crediderunt
2985 3589 3038 3640 in
3069 3603 3214 3653 eum,

1697 3675 1755 3722 ut
1784 3684 1960 3723 sermo
1990 3668 2138 3724 Isaia:
2170 3672 2440 3741 propheta:
2485 3674 2815 3742 impleretur,
2852 3691 3010 3744 quem
3043 3678 3178 3731 dixit
3205 3693 3221 3730 :

1697 3755 1939 3822 Domine,
1981 3759 2103 3827 quis
2137 3761 2358 3814 credidit
2387 3762 2588 3815 auditui
2623 3763 2847 3817 nostro?
2872 3775 2925 3818 et
2951 3767 3226 3821 brachium

1695 3843 1927 3912 Domini,
1952 3851 2037 3902 cui
2066 3851 2355 3904 revelatum
2388 3853 2506 3906 est?
2534 3861 2810 3923 propterea
2842 3871 2947 3910 non
2983 3865 3227 3924 poterant

1695 3939 1928 4004 credere,
1961 3941 2085 4008 quia
2135 3942 2326 3995 iterum
2361 3943 2495 3996 dixit
2537 3945 2744 3999 Isaias:
2777 3945 3071 4002 Excaecavit
3096 3962 3228 4003 ocu-

1694 4030 1778 4087 los
1803 4049 2011 4100 eorum,
2041 4044 2094 4089 et
2124 4035 2392 4090 induravit
2421 4052 2514 4092 cor
2537 4053 2744 4103 eorum,
2769 4057 2835 4096 ne
2861 4043 3072 4096 videant
3095 4057 3228 4098 ocu-

1695 4124 1780 4184 lis.
1811 4132 1864 4178 et
1897 4127 2056 4180 corde
2096 4128 2412 4197 intelligant,
2444 4137 2499 4185 et
2525 4141 2926 4198 convertantur,
2946 4141 2999 4188 et
3037 4150 3220 4191 sanem

1693 4231 1806 4271 eos.
1853 4216 1975 4272 Haec
2003 4218 2136 4272 dixit
2181 4219 2366 4287 Isaias,
2398 4223 2614 4291 quando
2659 4226 2792 4279 vidit
2826 4227 3046 4296 gloriam
3080 4228 3220 4296 ejus,

1692 4309 1744 4356 et
1797 4304 2010 4360 locutus
2064 4314 2146 4361 est
2189 4305 2254 4360 de
2306 4322 2369 4360 eo
2391 4310 2430 4360 ².
2472 4328 2490 4359 ι
2524 4309 2822 4378 Caeterum,
2873 4321 2930 4366 ut
2973 4320 3054 4368 est
3082 4315 3221 4384 apud

1694 4393 2020 4459 Matthzeum,
2059 4399 2371 4453 accedentes
2401 4399 2651 4468 discipuli
2693 4402 2811 4470 ejus
2841 4401 3089 4457 dixerunt
3119 4405 3166 4458 ei
3201 4423 3216 4459 :

1701 4501 1718 4533 ι
1751 4483 1926 4548 Quare
1963 4486 2013 4538 in
2043 4489 2309 4555 parabolis
2331 4489 2567 4558 loqueris
2595 4491 2705 4544 eis?
2757 4492 2846 4559 qui
2894 4493 3221 4558 respondens

1694 4572 1768 4624 ait
1793 4572 1898 4626 illis
1924 4589 1935 4623 :
1965 4575 2124 4629 Vobis
2147 4577 2326 4630 datum
2356 4586 2435 4632 est
2466 4595 2624 4633 nosse
2655 4580 2904 4648 mysteria
2929 4581 3096 4648 regni,
3115 4580 3220 4634 illis

1693 4668 1867 4714 autem
1920 4676 2026 4714 non
2079 4672 2158 4717 est
2203 4665 2384 4720 datum
2419 4667 2579 4721 :ideo
2616 4668 2666 4720 in
2717 4669 2982 4729 parabolis
3031 4670 3220 4736 loquor

1694 4748 1791 4810 eis,
1825 4755 1882 4800 ut
1909 4749 2150 4805 videntes
2188 4769 2293 4807 non
2328 4755 2559 4818 videant,
2589 4765 2640 4810 et
2673 4756 2950 4808 audientes
2983 4772 3088 4809 non
3121 4771 3218 4808 au-

64 4827 214 4893 λείας,
237 4834 470 4899 ἐκείνοις
490 4837 545 4889 δὲ
570 4837 632 4888 οὑ
653 4836 856 4887 δέδοται
871 4853 883 4864 ’
909 4834 991 4888 διὰ
1015 4833 1169 4886 τοῦτο
1189 4835 1244 4886 ὲν
1271 4835 1596 4903 παραϐολαῖς

1700 4837 1861 4901 diant,
1891 4851 1957 4890 ne
1989 4841 2204 4906 quando
2226 4853 2622 4905 convertantur,
2652 4853 2704 4899 et
2734 4858 2912 4898 sanem
2938 4844 3217 4899 eos.Tunc

67 4918 229 4984 αὺτοῖς
257 4923 406 4975 λαλῶ
426 4964 440 4986 ,
469 4925 562 4976 ἵνα
595 4923 880 4993 βλέποντες
915 4930 986 4992 μη
1019 4921 1283 4990 βλέπωσι,
1319 4923 1410 4973 καὶ
1439 4923 1599 4976 ἀκού-

68 5021 198 5069 οντες
223 5015 296 5080 μὴ
326 5011 568 5065 ἀκούωσι
589 5051 604 5073 ,
639 5013 713 5082 μή
745 5028 866 5063 ποτε
899 5009 1254 5080 ἐπιστρέψωσι
1273 5047 1287 5070 ,
1315 5010 1406 5061 καὶ⁸
1437 5011 1595 5064 ίάσω-

74 5108 156 5157 μαι
181 5097 396 5161 αὐτούς.
431 5102 562 5153 Τότε
589 5099 874 5170 ἐπληρώθη
907 5101 993 5152 ἐπ’
1025 5100 1204 5158 αὐτοῖς
1239 5098 1270 5165 ἡ
1303 5099 1596 5167 προφητεία

86 5178 283 5237 Ἡσαΐου
327 5191 362 5257 ἠ
392 5188 628 5256 λέγουσα
647 5205 661 5217 ·
697 5207 714 5237 ι
744 5187 1064 5258 Πορεύθητι,
1094 5192 1188 5237 και
1232 5183 1346 5234 είτὲ
1376 5184 1451 5252 τῷ
1485 5185 1596 5256 λαῷ

73 5265 253 5337 τούτῳ·
295 5273 458 5343 Ἀκοῇ
488 5272 784 5333 ἀκούσετε,
816 5273 904 5325 καὶ
926 5275 986 5325 ού
1016 5272 1087 5340 μὴ
1124 5269 1334 5336 συνῆτε,
1366 5288 1384 5320 ι
1416 5272 1506 5323 καὶ
1531 5275 1598 5328 τά

81 5355 263 5420 Ιιβούτοις
301 5362 442 5430 ἑξῆς.
495 5361 778 5428 Ἐπιτήρει
819 5361 872 5412 δὲ
913 5362 1028 5413 τίνα
1061 5359 1259 5431 τρόπον
1289 5359 1316 5409 ὁ
1357 5359 1597 5432 Ἰωάννης

81 5441 247 5511 ἐπάγει
277 5449 482 5516 λέγων’
516 5469 534 5501 ι
566 5447 758 5500 Ταῦτα
786 5445 927 5501 εἶπεν
959 5449 1204 5508 Ἡσαΐας,
1237 5447 1321 5499 ὅτε
1357 5443 1458 5499 εἶδε
1500 5451 1595 5520 τὴν

88 5528 214 5595 δόξαν
229 5539 408 5600 αὐτοῦ,
424 5539 514 5592 καὶ
533 5535 769 5602 ὲλάλησε
786 5539 904 5607 περὶ
921 5536 1102 5597 αὐτοῦ,
1131 5555 1152 5586 ι
1165 5536 1238 5596 ὼς
1258 5535 1346 5588 τὸν
1367 5538 1592 5607 Χριστὸν

141 5681 177 5711 ⁸⁸
215 5683 315 5736 Isa.
347 5702 428 5745 vt.
466 5685 574 5747 ΗΞ.

669 5680 686 5709 ⁸
727 5680 844 5737 ibid.
875 5685 1018 5740 8-I0.
1093 5687 1114 5716 ’
1163 5683 1311 5738 Joan.
1348 5703 1449 5752 In,
1481 5689 1673 5744 57-41.

1699 4923 1960 4992 completa
1993 4933 2075 4979 est
2117 4927 2171 4980 in
2218 4931 2296 4984 eis
2337 4932 2612 4999 prophetia
2664 4930 2845 4994 Isaiae,
2891 4947 3005 4996 qua:
3035 4932 3212 4984 dicit:

1699 5011 1864 5076 Vade,
1893 5020 1944 5066 et
1990 5014 2076 5068 dic
2118 5019 2313 5086 populo
2357 5020 2498 5082 huic,
2537 5021 2718 5074 auditu
2748 5021 2998 5085 audietis,
3029 5029 3079 5073 ot
3106 5037 3214 5078 non

1701 5102 2080 5172 intelligetis’,
2127 5125 2145 5158 ι
2178 5116 2229 5161 et
2283 5125 2397 5177 quae
2455 5118 2769 5178 sequuntur.
2819 5110 3044 5166 Attende
3088 5126 3217 5167 vero

1700 5192 1823 5258 quid
1861 5192 1938 5244 usit
1981 5195 2121 5261 quod
2172 5195 2401 5252 Joannes
2442 5200 2698 5269 adjungit,
2742 5201 2828 5253 ubi
2878 5189 2994 5252 aiti
3036 5221 3054 5252 ι
3095 5201 3218 5258 Haec

1695 5283 1826 5336 dixit
1855 5281 2035 5347 Isaias,
2069 5288 2282 5354 quando
2328 5289 2457 5341 vidit
2487 5291 2705 5358 gloriam
2740 5291 2877 5358 ejus,
2903 5300 2956 5344 et
3002 5291 3214 5350 locutus

1694 5379 1775 5424 est
1827 5369 1892 5424 de
1947 5387 2031 5426 eo.
2085 5393 2102 5422 ι
2161 5374 2312 5440 Quod
2366 5393 2494 5432 sane
2547 5395 2650 5432 non
2717 5380 2871 5434 aliter
2942 5379 3214 5449 accipien-

1695 5458 1819 5512 dum
1881 5468 2001 5521 est,
2061 5476 2123 5514 ac
2178 5464 2222 5516 si
2295 5464 2562 5518 Christum
2628 5465 2932 5537 Christique
2988 5469 3211 5537 gloriam

1695 5548 1948 5616 propheta
2004 5550 2058 5602 in
2122 5566 2184 5604 ea
2239 5553 2444 5609 visione
2513 5555 2747 5622 viderit,
2801 5557 2855 5610 in
2903 5569 3009 5625 qua
3067 5557 3140 5609 ait
3188 5569 3212 5612 :

1751 5695 1772 5726 ⁸
1805 5695 1988 5751 Matth.
2021 5713 2150 5763 xm,
2194 5703 2368 5759 lC-M.
