3740 6316
43 5605 53 5640 ί

129 377 169 428 71
174 377 218 431 l9

992 388 1619 448 DEMONSTRATIONIS
1655 390 2094 446 EVANGELICIE
2135 392 2259 447 LIB.
2299 395 2385 449 IX.

3139 409 3238 462 710

125 486 320 554 εἴρηκεν
341 504 355 518 ⁸
386 506 402 537 ι
444 493 735 562 Ἐθεώρουν
758 493 861 556 ἕως
885 494 1003 546 ὅτου
1038 497 1206 566 θρόνοι
1229 498 1501 567 ἐτέθησαν,
1533 500 1609 552 καί

1723 501 1956 569 apertius
1981 500 2210 568 prodens
2233 518 2350 571 qua:
2376 506 2782 574 contemplanda
2815 507 2941 574 sint,
2973 517 3186 582 exponit
3219 537 3231 570 :

120 576 330 640 Παλαιὸς
361 579 580 648 ἡμερῶν
612 582 856 652 ἐκάθητο.
889 582 1067 636 Χίλιαι
1106 585 1330 653 χιλιάδες
1372 587 1609 657 ὲλειτούρ

1731 607 1749 639 ι
1791 589 2119 656 Aspieiebam
2147 591 2320 646 donec
2346 593 2524 646 throni
2549 596 2706 661 positi
2737 605 2881 660 sunt,
2903 609 2954 654 et
2968 576 3235 672 Antiquus

121 682 228 733 γουν
271 665 445 734 αὐτῷ,
505 669 599 719 καὶ
651 669 837 738 μύριαι
890 671 1137 741 μυριάδες
1183 675 1628 744 παρειστήκεισαν

119 754 393 824 ἔμπροσθεν
427 755 614 810 αὑτοῦ.
654 759 762 810 Καὶ
809 759 914 812 ἰδοὺ
956 761 1088 829 μετὰ
1124 761 1228 813 τῶν
1269 765 1497 830 νεφελῶν
1535 766 1626 818 τοῦ

117 844 335 912 ούρανοῦ,
363 843 436 906 ὡς
469 845 597 908 Υίὺς
629 846 906 917 ἀνθρώπου
939 849 1236 918 ἐρχόμενος.
1269 851 1374 902 Καὶ⁸
1396 851 1499 915 ἕως
1527 853 1618 904 τοῦ

118 931 325 985 Παλαιοῦ
351 932 454 983 τῶν
482 934 705 1004 ἡμερῶν
726 935 939 1004 ἔφθασε,
957 938 1047 988 καὶ
1069 939 1212 1008 αὐτῷ
1227 939 1376 1008 ἐδόθη
1403 942 1434 1008 ἡ
1463 941 1622 1010 ἀρχὴ,

116 1024 194 1072 aut
211 1024 240 1088 ἡ
259 1021 402 1090 τιμὴ,
432 1024 526 1074 καὶ
557 1025 590 1091 ἡ
627 1024 887 1092 βασιλεία,
914 1026 1001 1078 καὶ
1023 1026 1209 1089 πάντες
1228 1029 1275 1078 οἱ
1291 1028 1422 1090 λαοὶ,
1446 1030 1622 1092 φυλαὶ,

114 1108 323 1176 γλῶσσαι
349 1109 495 1179 αὐτῷ
526 1111 885 1166 δουλεύουσιν.
913 1114 972 1165 Ἦ
994 1114 1200 1179 ἐξουσία
1228 1116 1384 1168 αὑτοῦ
1416 1117 1623 1181 ἐξουσία

111 1199 313 1261 αἰώνιος,
342 1200 464 1268 ῆτις
495 1203 556 1252 ού
591 1201 1001 1271 παρελεύσεται,
1025 1205 1114 1258 καὶ
1142 1207 1173 1275 ή
1201 1205 1434 1274 βασιλεία
1463 1208 1620 1260 αὐτοῦ

112 1288 159 1338 οὑ
185 1287 621 1358 διαφθαρήσεται.
649 1310 668 1342 ι
695 1292 774 1343 Τά
805 1291 901 1361 μὲν
920 1292 1015 1360 τῆς
1038 1293 1252 1364 πρώτης
1280 1293 1506 1361 ἀφίξεως
1527 1295 1621 1364 τῆς

108 1377 630 1450 ἐνανθρωπικωτέρας
663 1381 756 1433 καὶ
775 1383 1030 1451 ταπεινῆς
1058 1384 1191 1451 μετά
1212 1383 1317 1434 τῶν
1339 1384 1506 1436 ἄλλων
1531 1386 1621 1436 καὶ

108 1467 236 1517 τοῦτο
261 1466 366 1534 ἔχει
399 1467 542 1534 μέγα
569 1469 779 1539 δεῖγμα
809 1473 900 1523 καὶ
932 1474 1165 1540 σημεῖον,
1200 1473 1258 1524 τὸ
1290 1474 1456 1542 πρᾶον
1481 1472 1621 1538 λέγει·

106 1557 208 1608 σθαι
236 1558 319 1608 καὶ
347 1556 594 1626 ἡσύχιον,
631 1559 783 1626 ἥξειν
812 1576 868 1610 τε
891 1559 1172 1629 ὀχούμενον
1202 1561 1468 1630 ὑποζυγίῳ
1491 1579 1620 1632 προ-

106 1646 422 1716 φητεύεσθαι·
455 1647 617 1699 τοῦτο
651 1649 761 1718 γὰρ
794 1649 967 1700 κοινοῦ
1000 1651 1092 1702 καὶ
1131 1649 1459 1719 ἀνθρωπίνου
1506 1651 1617 1720 βίον

103 1738 264 1804 γένοιτ’
293 1735 354 1789 ἂν
378 1737 692 1806 τεκμήριον
711 1755 724 1767 ο
751 1738 817 1788 τὰ
844 1738 898 1789 δὲ
929 1739 1022 1806 τῆς
1044 1738 1289 1807 δευτέρας
1320 1739 1410 1792 καὶ
1439 1738 1616 1792 ἐνθέου

1723 674 1926 729 dierum
1955 675 2108 730 sedit.
2137 675 2298 728 Millia
2328 677 2548 730 millium
2574 679 2943 735 ministrabant
2967 685 3036 747 ei,
3063 692 3117 740 et
3134 687 3228 741 de-

1723 763 1830 816 cies
1857 762 2047 815 millies
2080 764 2211 816 dena
2238 764 2399 816 millia
2431 763 2673 817 astabant
2699 767 2752 818 in
2784 779 3068 836 conspectu
3090 773 3230 841 ejus.

1723 848 1784 902 Et
1805 865 1928 904 ecce
1954 865 2072 903 cum
2102 852 2330 905 nubibus
2353 853 2472 905 caeli
2499 854 2652 920 quasi
2697 853 2862 910 Filius
2887 858 3115 916 hominis
3139 879 3231 916 ve.

1721 938 1892 990 niens.
1923 937 1986 990 Et
2009 954 2175 1006 usque
2204 940 2267 993 ad
2293 939 2581 1009 Antiquum
2623 942 2829 997 dierum
2869 950 3102 1014 pervenit
3131 968 3146 1004 :
3175 959 3231 1005 et

1720 1027 1874 1080 datus
1900 1034 1980 1080 est
2009 1029 2057 1080 ei
2100 1029 2446 1097 principatus,
2491 1037 2544 1084 et
2593 1032 2780 1097 honor,
2811 1042 2863 1087 et
2895 1052 3131 1105 regnum.
3162 1039 3228 1093 Et

1719 1131 1903 1170 omnes
1934 1117 2132 1185 populi,
2169 1117 2358 1180 tribus,
2389 1120 2598 1186 linguai,
2626 1123 2867 1176 serviunt
2893 1125 2963 1178 ei.
2988 1125 3227 1181 Potestas

1718 1203 1852 1269 ejus,
1890 1211 2123 1269 potestas
2154 1213 2372 1268 interna,
2411 1222 2527 1274 quae
2567 1223 2672 1261 non
2705 1212 3009 1277 praeteribit,
3043 1225 3094 1266 et
3142 1229 3230 1268 re-

1717 1305 1875 1359 gnum
1891 1291 2005 1358 ejus
2027 1306 2134 1344 non
2158 1302 2527 1361 corrumpetur
2555 1296 2592 1347 °.
2629 1315 2648 1347 »
2694 1296 2888 1352 Verum
2910 1315 2973 1354 ea
2992 1301 3226 1369 quidem,

1716 1395 1833 1447 quae
1861 1379 1925 1431 ad
1951 1379 2179 1447 primum
2207 1381 2487 1435 adventum
2533 1387 2814 1452 pertinent,
2843 1389 2933 1455 qui
2963 1398 3016 1442 et
3042 1391 3228 1442 buma-

1716 1470 1833 1523 nior
1872 1477 1925 1524 et
1957 1470 2210 1537 abiectior
2237 1471 2354 1535 fuit,
2388 1488 2506 1527 cum
2531 1469 2669 1536 aliis,
2703 1476 2801 1530 hoc
2829 1486 3042 1548 quoque
3068 1495 3226 1548 argu-

1716 1559 1878 1612 menti
1910 1559 2156 1627 signique
2178 1560 2391 1626 habent,
2419 1563 2560 1629 quod
2579 1573 2889 1620 mansuetus
2909 1575 2962 1620 et
2986 1568 3227 1636 placidus

1715 1646 1923 1701 futurus
1951 1647 2176 1711 dicatur,
2205 1656 2563 1718 venturusque
2599 1651 2836 1707 insidens
2861 1655 3102 1721 jumento
3127 1675 3225 1712 eo-

1718 1733 1834 1786 dem
1865 1735 2083 1787 oraculo
2122 1734 2422 1788 declaretur
2449 1753 2463 1789 :
2501 1735 2601 1790 hoc
2625 1739 2766 1791 enim
2797 1745 3094 1798 communis
3125 1745 3227 1798 huo

101 1822 418 1895 λαμπρότατα
456 1825 719 1894 δηλοῦται
757 1826 842 1878 διὰ
875 1827 968 1895 τῆς
1008 1828 1095 1878 ἐπὶ
1125 1826 1353 1895 νεφελῶν
1394 1826 1609 1896 ούρανοῦ

1715 1823 1964 1890 manique
2002 1823 2175 1876 victus
2217 1831 2587 1892 argumentum
2635 1825 2812 1882 fuerit.
2849 1830 2975 1894 Quae
3005 1847 3129 1886 vero
3157 1833 3225 1887 ad

101 1914 470 1984 παῳκομιδῆς,
515 1917 615 1966 καὶ
656 1914 762 1982 τῆς
804 1915 1015 1967 αἰωνίου
1059 1915 1266 1967 πάντων
1310 1915 1414 1966 τῶν
1452 1915 1614 1967 ἐθνῶν

103 2002 357 2069 βασιλείας.
405 2003 516 2054 Καὶ
549 1997 620 2071 ἦν
663 2017 731 2068 γε
763 2001 921 2053 καλὸν
960 2002 1265 2071 ἀμφοτέρας
1306 2002 1614 2072 παραθεῖναι

98 2095 187 2154 τοῖς
209 2094 265 2144 ἐκ
291 2091 612 2162 περιτομῆς,
645 2089 804 2157 λόγον
835 2107 894 2141 τε
923 2091 1112 2152 αὐτοὺς
1141 2092 1466 2161 ἀπαιτῆσαι,
1500 2090 1616 2152 πῶς

100 2181 151 2230 ἂν
189 2179 401 2232 σώσαιεν
445 2179 547 2240 τὰς
594 2177 962 2248 προφητείας,
1008 2177 1132 2246 μίαν
1169 2178 1342 2247 ἄφιξιν
1385 2178 1612 2248 Χριστοῦ

99 2267 462 2338 προσδοκῶντες
481 2285 493 2296 ·
542 2269 673 2319 ἐπεὶ
692 2267 798 2335 γὰρ
829 2267 1084 2336 ἑκατέραν
1099 2266 1200 2320 τῶν
1223 2267 1614 2336 παρατεθεισῶν

98 2358 398 2427 προφητειῶν
422 2358 518 2410 καὶ
560 2358 629 2409 αὐ
639 2358 728 2408 τοὶ
747 2356 835 2408 τὸν
857 2355 1081 2425 Χριστὸν
1101 2358 1226 2426 όρᾷν
1254 2355 1611 2425 ὁμολογοῦσιν,

96 2445 191 2516 ὥρα
221 2447 418 2514 λέγειν,
452 2446 550 2498 καὶ
594 2445 1014 2513 πυνθανομένοις
1045 2446 1172 2513 ἡμῖν
1210 2444 1610 2514 ἀποκρίνασθαι,

96 2537 190 2596 πῶς
221 2531 321 2587 οἷόν
352 2553 409 2587 τε
442 2536 535 2603 ὑφ’
569 2535 671 2586 ἕνα
709 2534 798 2585 καὶ
827 2534 914 2585 τὸν
961 2533 1118 2584 αὐτὸν
1145 2535 1359 2603 καιρὸν,
1393 2534 1482 2586 καὶ
1514 2535 1614 2586 ὑπὸ

98 2624 200 2692 μίαν
229 2622 429 2691 ἄφιξιν,
463 2623 560 2676 ἐπὶ
584 2621 826 2690 νεφελῶν
863 2622 1088 2691 οὐρανοῦ
1120 2621 1368 2690 φέρεσθαι
1400 2622 1488 2673 τὸν
1519 2622 1615 2674 αύ-

93 2713 201 2774 τδν,
230 2713 316 2764 καὶ
363 2711 455 2763 ἐπὶ
483 2709 788 2775 ὑποζυγίου
840 2709 933 2759 καὶ
974 2704 1148 2759 πώλου
1192 2707 1308 2759 νέου
1348 2708 1599 2777 ὀχεῖσθαι.

105 2800 206 2850 Ἐπὶ
252 2799 376 2852 πολὺ
428 2800 538 2870 γὰρ
586 2797 764 2850 ταῦτα
806 2796 1076 2864 διέστηκεν
1122 2795 1370 2892 ἀλληλων.
1407 2799 1612 2868 Μυρίας

98 2889 132 2942 δ’
161 2887 241 2943 οὖν
270 2890 520 2952 τοιαύτας
553 2889 654 2942 καὶ
689 2886 849 2948 ἄλλας
881 2886 1118 2956 περὶτοῦ
1156 2885 1380 2954 Χριστοῦ
1407 2903 1612 2957 προφη-

92 2981 218 3042 τείας
267 2979 606 3048 συναγαγὼν,
653 2975 915 3046 παραθείς
957 2991 1016 3026 τε
1053 2975 1143 3028 καὶ
1177 2976 1506 3046 συγκρούσας
1544 2975 1611 3028 τὰ

90 3072 318 3142 διαφόρως
345 3070 746 3141 σημαινόμενα,
777 3066 1134 3136 ἐναργέστατα
1162 3066 1439 3135 καταλήψῃ
1455 3066 1607 3128 τινάς

95 3160 174 3228 μὲν
210 3162 299 3229 τῆς
338 3160 559 3230 πρώτης
604 3156 774 3210 αὐτοῦ
803 3153 1093 3225 παρουσίας
1140 3153 1422 3222 δηλώματα
1456 3170 1607 3223 περι-

93 3252 305 3317 εχούσας,
334 3248 771 3319 πεπληρωμένας
790 3244 925 3298 κατὰ
941 3245 1036 3313 τὴν
1060 3243 1272 3313 πρώτην
1303 3244 1610 3310 ἐπιφάνειαν

94 3341 246 3403 αὐτοῦ,
277 3340 422 3402 τινὰς
451 3340 508 3390 δὲ
539 3340 624 3399 είς
651 3335 748 3405 τὴν
789 3334 1039 3403 δευτέραν
1072 3331 1229 3384 αὑτοῦ
1272 3334 1364 3384 καὶ
1409 3331 1610 3394 ἔνδοξον

91 3427 240 3496 ἄφιξιν
270 3425 704 3498 ἀναφερομένας.
767 3421 1148 3492 Ἐξωλόθρευσε
1184 3419 1288 3490 γὰρ
1312 3419 1603 3488 λεληθότως

91 3513 297 3582 ἅρματα,
335 3516 428 3567 καὶ
460 3514 668 3574 ἵππον,
709 3509 800 3562 καὶ
826 3511 929 3561 πᾶν
960 3508 1104 3573 τόξον
1140 3507 1422 3576 πολεμικὸν
1451 3509 1484 3576 ὴ
1516 3506 1608 3558 τοῦ

90 3601 305 3673 Σωτῆρος
343 3602 499 3672 ήμῶν
554 3600 735 3660 ἔνθεος
785 3596 1034 3667 δύναμις,
1084 3595 1220 3648 κατά
1262 3597 1356 3665 τὴν
1393 3594 1608 3665 πρώτην

91 3692 225 3743 αὐτοῦ
276 3692 614 3763 παρουσίαν,
662 3691 726 3740 ἐκ
775 3689 870 3758 τῆς
919 3685 1361 3754 σωματικωτέρας
1419 3685 1609 3754 Ἰερου-

92 3779 271 3851 σαλὴμ,
310 3782 401 3834 καὶ
438 3778 538 3833 τοῦ
588 3776 917 3846 καλουμένου
971 3773 1201 3842 Ἐφραῖμ
1241 3773 1364 3825 λαοῦ
1389 3789 1401 3803 ’
1436 3773 1518 3824 διδ
1551 3772 1607 3836 ἐξ

91 3868 266 3922 ἐκείνου
296 3873 387 3923 καὶ
418 3871 499 3931 εἰς
527 3866 692 3936 δεῦρο
713 3866 809 3916 ούκ
836 3863 912 3915 ἔτι
939 3863 1159 3930 συνέστη
1186 3862 1356 3913 αὐτῶν
1374 3861 1432 3913 τὸ
1459 3860 1605 3936 βασίέ

91 3956 222 4022 λειον,
246 3959 359 4012 ούδέ
378 3961 411 4028 ἡ
436 3957 611 4010 πάλαι
635 3957 690 4006 ἐν
722 3952 970 4022 πολέμοις
1007 3951 1262 4018 ἰσχύσασα
1297 3953 1604 4020 παρασκευή

89 4063 139 4098 τε
162 4049 318 4100 αὐτῶν
350 4050 446 4100 καὶ
473 4044 730 4111 ὁπλιτικὴ
754 4042 990 4110 δύναμις.
1022 4040 1212 4101 Καλῶς
1233 4040 1289 4091 δὲ
1319 4042 1374 4091 ἐν
1403 4039 1606 4102 τούτοις

90 4136 165 4187 τὸν
194 4138 352 4190 πάντα
382 4136 493 4188 τῶν
545 4133 809 4186 Ἰουδαίων
849 4129 971 4181 λαὸν
1017 4128 1248 4198 Ἐφραῒμ
1285 4127 1562 4197 ὠνόμασεν
1586 4167 1601 4190 ,

90 4225 183 4276 ἀλλ’
204 4229 314 4295 οῦχί
348 4224 588 4296 Ἰσραὴλ,
621 4221 737 4273 οὐδὲ
769 4219 961 4272 Ἰούδαν
982 4259 995 4280 ,
1029 4218 1113 4270 ἵνα
1151 4217 1222 4286 μὴ
1272 4216 1367 4278 τάς
1422 4233 1605 4286 σεμνο-

92 4313 225 4383 τέρας
253 4315 520 4367 διαόάλλοι
557 4308 936 4380 προσηγορίας.
971 4305 1158 4375 Εῦροις
1195 4305 1236 4356 δ’
1277 4303 1340 4356 ἂν
1373 4305 1466 4356 καὶ
1489 4307 1603 4366 ταῖς

91 4400 245 4463 ἄλλαις
289 4400 652 4472 προφητείαις
701 4397 761 4449 τὸ
815 4397 919 4449 πᾶν
978 4394 1122 4456 ἔθνος
1190 4391 1421 4461 Ἑφραῒμ
1472 4393 1601 4460 μετά
1633 4428 1675 4480 D

93 4489 261 4558 πολλῆς
316 4490 573 4556 διαϐολῆς
643 4486 733 4538 καὶ
805 4483 1125 4552 κατηγορίας
1189 4481 1596 4551 ὠνομασμένον,

93 4575 250 4648 ὥσπερ
294 4579 386 4631 καὶ
441 4576 563 4630 νῦν.
617 4573 764 4626 Μετὰ
807 4571 931 4639 γοῦν
979 4572 1074 4640 τὴν
1135 4571 1237 4622 ἀπὸ
1295 4570 1598 4632 Βαϐυλῶνος

94 4665 333 4729 ἐπάνοδον,
365 4664 561 4736 μηκέθ’
588 4661 803 4730 ὁμοίως,
824 4660 896 4720 ὡς
923 4659 981 4710 τὸ
1011 4659 1153 4728 πρὶν,
1174 4657 1487 4730 διῃρημένου
1507 4657 1596 4708 τοῦ

95 4753 225 4820 λαοῦ,
254 4757 396 4818 τίνας
429 4751 499 4824 ἦν
527 4750 674 4812 είκὺς
716 4747 996 4816 δηλοῦσθαι
1033 4747 1118 4799 διὰ
1155 4747 1246 4799 τοῦ
1300 4745 1530 4815 Ἐφραῒμ
1562 4745 1594 4815 ἢ

89 4844 252 4905 αὐτοὺς
273 4845 393 4905 τοὺς
424 4841 526 4909 τὴν
566 4836 912 4908 Ἰερουσαλὴμ
935 4835 1238 4899 οίκοῦντας;
1273 4829 1345 4888 ὧν
1380 4835 1472 4905 τὴν
1499 4851 1596 4886 πο-

89 4929 280 5002 λεμικὴν
308 4933 400 4984 καὶ
426 4929 719 4996 ὁπλιτικὴν
747 4925 964 4994 δύναμιν
988 4963 1001 4986 ,
1036 4923 1189 4993 μέχρι
1220 4923 1324 4975 τῶν
1368 4925 1596 4992 Ῥωμαῖ-

92 5021 179 5071 κῶν
205 5024 395 5092 χρόνων
424 5019 819 5088 διαρκέσασαν,
847 5016 879 5082 ἡ
902 5014 990 5065 τοῦ
1020 5015 1257 5082 Σωτῆρος
1280 5012 1430 5081 ἡμῶν
1456 5029 1595 5082 παρ-

95 5111 224 5164 ουσία
245 5111 400 5181 ἐνθέῳ
427 5110 524 5162 καὶ
552 5105 854 5174 ἀπορρήτῳ
874 5103 1088 5170 δυνάμει
1112 5102 1370 5162 καθεῖλεν,
1402 5102 1598 5169 ὁμοίως

96 5199 146 5264 τῇ
179 5198 481 5268 προφητείᾳ.
528 5194 722 5246 Ταῦτα.
761 5189 816 5242 δὲ
852 5190 944 5260 τὴν
983 5189 1041 5252 ἐξ
1072 5189 1234 5240 ἐθνῶν
1287 5189 1597 5258 Ἐκκλησίαν

101 5284 454 5353 εὺαγγελίζεται
483 5286 513 5335 ὁ
545 5282 710 5346 λόγος
727 5316 743 5341 ,
776 5277 869 5346 οὐχ
895 5269 1069 5337 ἁπλῶς
1096 5277 1316 5346 χαίρειν,
1352 5277 1479 5328 ἀλλά
1507 5277 1597 5328 καὶ

103 5374 266 5442 σφόδρα
305 5374 508 5442 χαίρειν
555 5369 702 5434 αὐτῇ
734 5363 1209 5433 παρακελευόμενος
1243 5363 1326 5414 διὰ
1368 5364 1462 5433 τὴν
1508 5363 1598 5414 τοῦ

101 5456 205 5511 Θεοῦ
235 5461 396 5526 Λόγου
435 5460 511 5518 είς
553 5452 740 5519 αὐτὴν
776 5452 1075 5520 παρουσίαν,
1105 5450 1170 5519 ῆν
1213 5452 1302 5504 καὶ
1338 5451 1600 5520 θυγατέρα

155 5635 172 5664 ⁸
192 5637 302 5690 Dan.
321 5650 412 5697 vlt,
443 5631 598 5685 9-H.

1712 1910 1934 1963 alterum
1963 1911 2109 1963 illum
2138 1919 2190 1965 et
2229 1912 2526 1966 divinitatis
2564 1917 2790 1983 amplius
2818 1933 2925 1986 pra:
2959 1934 3016 1973 se
3045 1920 3222 1976 feren-

1711 2007 1837 2062 tem,
1862 2000 2292 2054 manifestissime
2332 2001 2635 2056 indicantur
2664 2020 2758 2072 per
2788 2007 2927 2059 illam
2979 2009 3032 2061 in
3063 2011 3222 2064 nubi-

1710 2087 1810 2140 bus
1835 2089 1954 2140 coeli
1994 2089 2429 2156 advectationem,
2475 2107 2672 2160 perque
2703 2096 2830 2148 illud
2881 2105 3134 2150 aeternum
3166 2100 3222 2153 in

1711 2177 1956 2230 omnibus
1993 2179 2236 2245 gentibus
2282 2195 2499 2248 regnum
2532 2200 2544 2234 :
2575 2197 2673 2235 nec
2703 2199 2831 2236 sane
2873 2185 2940 2237 ab
2967 2201 3023 2238 re
3065 2187 3225 2242 fuerit

1713 2274 1996 2333 utrumque
2026 2267 2223 2322 Iudaeis
2259 2284 2572 2338 proponere,
2607 2274 2969 2348 rationemque
3004 2276 3070 2329 ab
3115 2277 3222 2332 illis
3330 2322 3334 2328 .

1710 2356 1999 2424 postulare,
2029 2373 2258 2426 quonam
2290 2360 2521 2427 pacto,si
2551 2376 2711 2413 unum
2742 2362 2998 2416 duntaxat
3019 2363 3220 2418 Christi

1710 2447 1990 2500 adventum
2018 2456 2343 2515 exspectant,
2396 2450 2696 2516 prophetias
2745 2466 2870 2504 suas
2913 2453 3013 2505 sibi
3058 2453 3222 2507 velint

1709 2542 1955 2587 constare
1980 2553 1992 2587 :
2027 2550 2150 2587 nam
2175 2549 2295 2588 cum
2320 2545 2597 2605 utramque
2628 2554 2832 2601 earum,
2865 2554 2982 2608 quae
3007 2545 3221 2611 exposi-

1708 2629 1774 2674 tae
1797 2629 1941 2684 sunt,
1966 2621 2032 2674 ad
2061 2621 2330 2677 Christum
2355 2625 2618 2692 pertinere
2660 2626 2759 2694 ipsi
2789 2643 2996 2696 quoque
3020 2630 3222 2684 fatean-

1709 2715 1816 2770 tur,
1869 2708 2048 2762 dicant
2092 2725 2293 2778 quzeso,
2342 2718 2394 2764 et
2438 2710 2884 2780 interrogantibus
2937 2716 3093 2770 nobis
3136 2732 3218 2771 re-

1709 2798 2039 2866 spondeant,
2101 2802 2193 2870 qui
2257 2803 2371 2856 lieri
2422 2805 2588 2872 possit
2653 2812 2712 2856 ut
2764 2821 2870 2860 uno
2927 2807 3220 2876 eodemque

1709 2894 1988 2956 tempore,
2057 2890 2156 2943 sub
2233 2893 2395 2944 unum
2467 2893 2813 2961 eumdemque
2885 2895 3218 2960 adventum,

1708 2975 1848 3029 idem
1897 2984 1950 3030 et
2001 2977 2055 3030 in
2105 2979 2336 3034 nubibus
2398 2981 2520 3034 caeli
2579 2979 2816 3044 feratur,
2880 2990 2933 3036 et
2977 2983 3220 3051 jumento

1700 3067 1957 3136 .pulloque
2033 3069 2364 3124 adolescente
2430 3070 2666 3125 insidens
2741 3073 2984 3125 vehatur.
3059 3072 3217 3142 457

1706 3153 1884 3223 Longe
1937 3159 2076 3208 enim
2123 3157 2235 3210 hazc
2291 3172 2320 3209 a
2375 3173 2432 3212 se
2489 3158 2714 3211 invicem
2765 3159 2968 3212 distant
3019 3179 3033 3213 :
3086 3176 3219 3229 qua-

1703 3251 1916 3312 propter
1948 3245 2070 3298 situ
2103 3261 2314 3314 quoque
2343 3247 2751 3301 innumerabiles
2788 3249 2918 3303 alias
2964 3250 3045 3304 his
3067 3251 3219 3307 simi-

1704 3333 1780 3386 les
1809 3332 1874 3386 de
1906 3331 2116 3387 Christo
2155 3333 2458 3401 prophetias
2499 3335 2774 3403 collegeris
2807 3342 2859 3388 et
2899 3337 3214 3398 contuleris,

1703 3428 1755 3474 et
1801 3435 1983 3472 earum
2037 3419 2330 3488 significata
2375 3420 2583 3473 diversa
2643 3421 2800 3474 simul
2855 3423 3213 3482 contenderis.

1703 3509 1834 3560 alias
1857 3507 2067 3576 quidem
2089 3523 2270 3561 earum
2300 3509 2534 3562 invenies
2566 3509 2719 3576 primi
2773 3509 2914 3562 illius
2958 3511 3216 3563 adventus

1705 3597 1950 3650 vaticinia
1999 3596 2463 3664 comprehendere,
2491 3611 2608 3663 quae
2656 3597 2815 3648 etiam
2841 3597 2940 3649 sub
2972 3596 3214 3649 eumdem

1700 3686 1924 3754 primum
1985 3685 2244 3753 completa
2294 3691 2438 3745 sunt,
2481 3684 2612 3738 alias
2639 3699 2764 3736 vero
2814 3683 2881 3735 ad
2922 3684 3213 3738 secundum

1700 3773 2044 3841 eumdemque
2059 3773 2344 3842 gloriosum
2379 3771 2564 3825 referri
2617 3780 2883 3840 oportere.
2931 3772 2994 3825 Et
3023 3787 3214 3826 currus

1700 3862 1839 3915 enim
1860 3871 1912 3916 et
1937 3877 2128 3931 equum
2151 3872 2202 3915 et
2226 3875 2434 3914 omnem
2450 3875 2631 3914 arcum
2649 3862 2889 3914 bellicum
2923 3861 3214 3916 Salvatoris

1700 3951 1868 4005 nostri
1895 3952 2070 4004 divina
2122 3952 2294 4006 virtus
2347 3954 2401 4006 in
2449 3951 2626 4020 priore
2653 3950 2820 4018 ipsius
2872 3951 3122 4013 adventu,
3147 3950 3215 4003 de

1699 4039 1789 4092 illa
1820 4040 1884 4092 ad
1906 4055 2098 4108 corpus
2145 4043 2492 4110 umbramque
2547 4040 2842 4108 pertinente
2884 4036 3210 4100 Jerusalem,

1699 4128 1867 4196 deque
1893 4143 1956 4181 eo
1983 4130 2074 4197 qui
2093 4129 2312 4196 Ephrem
2331 4136 2549 4182 vocatur
2575 4128 2788 4197 populo,
2813 4128 3032 4180 latenter
3057 4125 3214 4194 ejecit

1699 4229 1760 4268 ac
1785 4215 2008 4284 perdidit
2034 4234 2046 4268 :
2071 4231 2232 4284 quare
2255 4231 2318 4269 ex
2341 4215 2431 4269 illo
2461 4216 2527 4268 ad
2561 4215 2702 4268 hunc
2731 4229 2899 4284 usque
2919 4211 3057 4265 diem
3085 4227 3216 4264 nus—

1698 4320 1852 4374 quam
1875 4306 2097 4374 amplius
2123 4306 2330 4358 illorum
2355 4305 2496 4374 regia
2522 4305 2749 4374 dignitas
2785 4307 3009 4365 constat,
3043 4315 3216 4372 neque

1699 4393 2007 4449 eorumdem
2035 4395 2125 4463 qui
2152 4394 2277 4447 olim
2331 4394 2539 4446 valebat
2563 4393 2617 4444 in
2646 4391 2820 4454 bellis,
2855 4395 3141 4457 apparatus
3161 4394 3216 4440 et

1700 4485 1754 4537 in
1785 4483 1945 4536 armis
1964 4485 2153 4537 virtus.
2193 4481 2468 4550 Sapienter
2481 4497 2606 4536 vero
2628 4481 2680 4533 in
2695 4480 2778 4532 his
2795 4493 3003 4532 omnem
3031 4475 3215 4530 Judai-

1700 4586 1818 4624 cum
1853 4571 2101 4638 populum
2121 4571 2346 4640 Ephrem
2371 4569 2684 4632 nominavit,
2710 4583 2814 4621 non
2833 4575 3004 4619 autem
3025 4564 3210 4626 Israel,

1700 4673 1867 4726 neque
1917 4656 2071 4718 Juda,
2107 4675 2171 4712 ne
2197 4660 2535 4713 veneratione
2573 4659 2836 4726 digniores
2861 4655 3213 4708 calumnietur

1698 4746 2094 4815 appellationes.
2129 4747 2371 4800 Invenies
2410 4755 2584 4800 autem
2613 4748 2666 4799 in
2689 4746 2807 4797 aliis
2839 4756 3046 4810 quoque
3079 4756 3205 4807 pro-

1698 4834 1890 4903 phetiis
1937 4840 2098 4885 totam
2125 4843 2328 4902 gentem
2356 4834 2580 4903 Ephrem
2608 4848 2728 4886 cum
2761 4831 2923 4883 multa
2944 4829 3209 4882 calumnia

1698 4931 1751 4975 et
1774 4919 2108 4974 accusatione
2161 4920 2443 4982 nominari,
2481 4921 2619 4981 sicut
2675 4918 2762 4970 hic
2798 4929 3026 4983 quoque.
3074 4913 3208 4967 Cum

1699 5010 1856 5078 igitur
1881 5015 1999 5075 post
2030 5007 2257 5060 reditum
2302 5007 2366 5060 de
2411 5008 2677 5075 Babylone
2730 5017 2839 5056 non
2870 5003 3096 5070 amplius
3127 5003 3210 5056 iti-

1700 5099 1815 5152 dem
1843 5104 1900 5149 ut
1925 5096 2072 5163 prius
2101 5095 2154 5147 in
2183 5095 2357 5150 tribus
2380 5095 2583 5149 divisus
2605 5101 2751 5148 esset
2795 5090 3046 5159 populus,
3077 5106 3213 5158 quos

1699 5187 1911 5240 tandem
1943 5201 2036 5254 per
2062 5184 2288 5254 Ephrem
2318 5185 2506 5239 merito
2549 5181 2838 5253 signiﬁcari
2865 5179 3211 5240 intellexeris,

1699 5276 1800 5329 nisi
1828 5290 1918 5329 eos
1965 5275 2054 5342 qui
2099 5275 2267 5343 ipsam
2296 5273 2586 5328 Jerusalem
2616 5269 2919 5324 habitarent
2937 5267 2963 5318 ἲ
2991 5280 3218 5332 quorum

1699 5365 1753 5417 in
1784 5363 1937 5418 bellis
1965 5372 2018 5418 et
2039 5364 2093 5418 in
2126 5364 2287 5418 armis
2315 5363 2574 5433 egregiam
2601 5361 2874 5422 virtutem,
2907 5369 3035 5424 quae
3055 5366 3223 5420 usque

1701 5450 1766 5505 ad
1797 5449 2035 5504 Romana
2063 5457 2300 5517 tempora
2347 5450 2529 5519 vigens
2559 5445 2682 5511 l‘uit,
2723 5439 3030 5497 Salvatoris
3057 5435 3229 5491 nostri
