3740 6344
532 388 625 443 7H
1171 382 1434 440 EUSEBII
1468 379 1934 440 CESARIENSIS
1969 377 2115 434 OPP.
2153 373 2330 430 PARS
2365 371 2428 427 ll.
2456 401 2527 414 —
2564 364 3049 426 APOLOGETICA.
3547 365 3625 424 7i!

531 498 806 558 adventus,
831 495 970 549 sicut
998 494 1052 548 in
1084 495 1359 564 pr0pbetia
1387 493 1589 547 dictum
1624 493 1816 555 fuerat,
1867 489 2008 544 divin

2148 487 2243 556 τῆς
2270 484 2589 555 ἐπουρανίου
2621 481 2752 536 Σιὼν
2773 523 2788 547 ,
2815 481 2849 551 ἢ
2880 483 2974 535 καὶ
3002 480 3104 549 τῆς
3143 479 3395 552 προτέρας
3435 497 3625 549 συναγω-

529 595 582 640 et
611 585 856 638 ineﬂ‘abili
884 585 1078 638 virtute
1118 584 1328 638 delevit.
1385 582 1614 636 Proinde
1661 582 1938 635 collectam
1983 579 2006 631 d

2148 575 2246 642 γῆς
2275 574 2556 634 ἀποκαλεῖ,
2586 571 2671 623 διὰ
2697 569 2753 621 τὸ
2783 571 2989 631 πάντας
3021 569 3167 638 ἡμᾶς
3193 569 3314 630 τοὺς
3339 567 3394 633 ἐξ
3411 568 3553 621 ἐθνῶν
3573 574 3625 633 είς

532 672 776 741 gentibus
811 670 1096 725 Ecclesiam
1121 671 1395 725 oraculum
1415 668 1712 738 evangelice
1742 665 1960 720 instruit
1987 677 2009 715 a

2149 663 2236 715 τὸν
2293 662 2524 732 Χριστὸν
2565 659 2660 713 τοῦ
2721 658 2850 712 Θεοῦ
2907 659 3323 721 πεπιστευκότας
3377 662 3626 730 γεννήματα

532 769 729 823 monet,
759 775 868 814 non
911 769 970 813 ut
1002 761 1314 830 simpliciter
1365 759 1610 827 gaudeat,
1657 758 1750 810 sed
1781 765 1839 808 ut
1893 753 2009 807 veht

2150 748 2283 804 εἶναι
2325 754 2424 804 καὶ
2457 751 2624 804 τέκνα
2651 747 2880 820 Χριστοῦ
2918 750 3013 801 καὶ
3039 748 3144 802 τῶν
3181 748 3466 800 ἀποστόλων
3491 750 3627 813 αὺτοῦ,

533 856 738 902 menter
767 848 1010 916 gaudeat,
1040 850 1234 917 quippe
1255 847 1394 914 quod
1417 846 1559 897 illam
1583 844 1648 897 ad
1669 843 1723 896 id
1753 841 2010 895 faciendui

2152 835 2236 892 οἷα
2262 841 2324 891 ἐκ
2357 837 2562 909 μητρὸς
2595 838 2696 906 τῆς
2728 836 2833 888 τῶν
2873 835 3140 888 Ἰουδαίων
3177 834 3470 902 συναγωγῆς
3491 836 3629 905 προελ-

533 939 844 992 exhortetur
874 946 1087 1006 propter
1128 937 1219 991 Dei
1253 936 1413 991 Verbi
1441 933 1508 988 ad
1537 934 1706 1004 ipsam
1747 931 2010 986 adventun

2154 929 2356 987 θόντας.
2396 929 2506 981 Kal.
2549 927 2612 979 τὸ
2654 927 2778 996 ἑξῆς
2813 926 2870 978 δὲ
2908 924 3202 994 ἐπληροῦτο
3233 925 3321 976 ἐπὶ
3349 927 3410 993 τῇ
3445 924 3525 976 τοῦ
3554 927 3630 977 Σω-

534 1043 692 1097 quam
728 1033 856 1081 item
906 1028 1140 1082 celestis
1192 1027 1339 1089 Sion,
1405 1027 1681 1080 autetiam
1706 1023 1900 1092 prioris
1927 1036 2011 1074 cor

2154 1019 2313 1089 τῆρος
2341 1018 2496 1088 ἡμῶν
2520 1016 2816 1088 παρουσία.
2847 1015 3048 1088 Εἰρήνη
3069 1015 3194 1084 γοῦν
3221 1013 3279 1079 ἐξ
3303 1013 3457 1068 ἐθνῶν
3475 1015 3631 1082 γέγονεν

535 1117 857 1188 gregationis
884 1116 1044 1169 liliam
1071 1125 1245 1177 vocat,
1275 1124 1550 1184 propterea
1575 1113 1715 1183 quod
1743 1127 1842 1166 nos
1871 1127 2012 1165 omni

2157 1107 2263 1160 ἀπὸ
2281 1107 2385 1160 τῶν
2411 1107 2618 1175 χρόνων
2648 1107 2749 1177 τῆς
2781 1107 3018 1176 ἀφίξεως
3043 1105 3223 1170 αὑτοῦ,
3248 1107 3331 1159 οία
3351 1104 3634 1157 οὺδεπύηιοιε

537 1205 627 1274 qui
649 1219 712 1257 ex
744 1204 986 1273 gentibus
1019 1203 1241 1272 profecti
1284 1205 1337 1255 in
1371 1202 1644 1256 Christum
1693 1199 1786 1253 Dei
1833 1199 2013 1254 credid

2158 1199 2257 1251 οὐκ
2283 1198 2360 1250 ἑτι
2381 1197 2508 1265 γοῦν
2540 1197 2725 1259 πόλεις
2747 1199 2992 1260 πόλεσιν,
3013 1197 3088 1260 ὡς
3117 1197 3175 1249 τὸ
3203 1197 3344 1266 πρὶν,
3371 1195 3633 1263 πολεμοῦσιν,

537 1307 680 1354 mus,
698 1291 893 1346 Christi
922 1291 1389 1358 apostolorumque
1419 1290 1536 1357 ejus
1561 1289 1737 1358 proles
1766 1294 1820 1340 et
1851 1287 1943 1339 lilii
1972 1303 2014 1341 su

2160 1286 2277 1339 οὐδὲ
2311 1287 2434 1356 ἔθνη
2474 1287 2648 1339 ἔθνεσι
2683 1287 3096 1356 συρράσσουσιν,
3126 1284 3250 1347 οὐδ’,
3283 1284 3354 1345 ὠς
3378 1282 3432 1334 τὸ
3452 1282 3627 1342 παλαιὸν,

540 1394 682 1444 mus,
731 1385 909 1446 utpote
940 1377 1030 1445 qui
1062 1377 1129 1430 de
1158 1377 1460 1430 Judaeorum
1501 1374 1914 1444 congregatione
1947 1384 2017 1427 tat

2161 1375 2191 1426 ὁ
2233 1373 2341 1427 τῶν
2383 1373 2682 1444 ἀνθρώπων
2728 1373 2840 1442 βίος
2875 1369 3255 1432 ἀκαταστατεῖ,
3291 1369 3390 1421 οὐδ’
3437 1368 3629 1437 Ἀθηναῖοι

543 1482 701 1537 quam
757 1466 824 1520 de
873 1476 1041 1519 matre
1091 1465 1195 1518 orti
1234 1465 1401 1518 simus
1428 1481 1441 1516 :
1473 1476 1594 1516 nam
1627 1464 1787 1516 etiam
1813 1463 1953 1531 quod
1979 1477 2020 1516 SI

2168 1465 2266 1533 μὲν
2293 1462 2732 1532 Λακεδαιμονίοις
2781 1459 3255 1529 ἐπιστρατεύονται
3277 1496 3291 1520 ,
3326 1456 3472 1526 Σύροι
3492 1456 3537 1508 δὲ
3556 1457 3629 1506 Φοί-

539 1555 738 1624 quitur,
761 1556 815 1608 in
847 1553 1135 1608 Salvatoris
1157 1554 1326 1608 nostri
1355 1553 1581 1606 adventu
1600 1551 1920 1620 completum
1947 1567 2016 1606 es:

2165 1553 2321 1617 νιξιν,
2368 1551 2604 1620 Ἀράϐιοι
2630 1551 2686 1602 δὲ
2714 1548 3093 1610 Παλαιστίνοις
3111 1586 3126 1612 ,
3156 1546 3250 1599 καὶ
3286 1544 3536 1612 Αἰγύπτιοι
3563 1547 3629 1606 τοῖς

539 1651 766 1698 constat.
823 1641 955 1706 Quis
1005 1642 1147 1694 enim
1199 1642 1409 1711 ignorat
1452 1641 1715 1709 ejusmodi
1763 1655 1948 1710 pacem
2004 1657 2016 1694 ι

2168 1638 2573 1711 πλησιοχώροις.
2620 1641 2859 1692 Ἥνωται
2905 1639 2962 1690 δὲ
3004 1637 3064 1702 ἐξ
3103 1637 3302 1690 ἐκείνου
3345 1637 3432 1689 σὺν
3463 1635 3557 1705 Θεῷ
3592 1637 3629 1688 τὰ

541 1732 784 1803 gentibus
815 1738 934 1799 post
953 1726 1213 1784 adventus
1245 1730 1638 1798 illiustempora
1661 1731 1954 1792 exstitisse,
1973 1744 2018 1782 Cl

2171 1728 2374 1792 πάντα,
2422 1730 2515 1782 καὶ
2569 1728 2778 1799 ἀληθῶς
2837 1727 3044 1797 πλῆθος
3093 1728 3304 1797 εἰρήνης
3338 1724 3392 1791 ἐξ
3439 1725 3629 1790 ξθνῶνὲξ

536 1795 772 1888 jusmodi
815 1795 1104 1886 nunquam
1149 1825 1304 1872 antea
1351 1795 1574 1872 fuisset?
1622 1833 1794 1886 neque
1838 1819 2013 1873 enim:

2166 1817 2370 1870 ἐκείνου
2399 1819 2484 1871 καὶ
2515 1820 2594 1882 είς
2614 1795 2772 1888 δεῦρο
2791 1795 3037 1885 γέγονεν,
3073 1795 3367 1878 ἀκολούθως
3399 1818 3455 1884 τῇ
3487 1832 3628 1885 προφη-

542 1907 717 1976 ρι-ἱιιε,
747 1909 824 1962 sic
851 1924 994 1962 nunc
1009 1908 1256 1961 civitates
1282 1923 1313 1960 a
1341 1907 1646 1963 civitatibus
1674 1917 2014 1978 oppugnantu

2165 1907 2303 1978 τείᾳ.
2326 1908 2495 1964 Μόνος
2523 1909 2580 1962 δὲ
2623 1907 2849 1979 Ἰησοῦς,
2875 1908 2973 1960 καὶ
2995 1909 3023 1960 ὁ
3041 1907 3107 1959 δι’
3132 1906 3292 1961 αύτοῦ
3313 1905 3558 1977 κηρυχθείς
3571 1905 3629 1972 τῆς

543 2009 715 2062 neque
737 2003 919 2062 gentes
953 2009 1073 2048 cum
1097 1994 1346 2064 gentibus
1370 1995 1718 2058 colliduntur,
1749 2011 1920 2064 neque
1943 2012 2020 2050 vet

2166 1997 2520 2066 εύαγγελικῆς
2539 1997 2886 2061 διδασκαλίας
2912 1997 3070 2064 λόγος
3101 1992 3259 2068 ἦρξεν
3277 1997 3376 2049 ἀπὸ
3399 2001 3484 2067 τῆς
3501 1996 3631 2050 θαλάσ-

543 2092 604 2140 ut
635 2085 826 2152 priscis
862 2083 1192 2152 temporibus
1215 2121 1231 2147 ,
1287 2085 1365 2137 sic
1393 2086 1594 2139 nostris
1640 2085 1767 2138 vita~
1795 2085 2020 2139 hominu:

2168 2100 2267 2152 σης
2289 2084 2391 2147 ἕως
2417 2085 2710 2156 θαλάσσης,
2743 2087 2852 2140 ἀπὸ
2873 2087 2972 2158 τῆς
2997 2087 3070 2139 ἕω
3104 2088 3184 2148 είς
3210 2087 3296 2139 τὸν
3330 2087 3631 2157 καταδυόμενον

544 2174 779 2242 inquieta
813 2174 1182 2242 instabilisque
1196 2181 1298 2236 est,
1331 2173 1494 2243 458
1543 2174 1740 2244 quippe
1757 2189 1879 2229 cum
1900 2189 2021 2244 neqt

2177 2173 2344 2242 ἥλιον,
2380 2175 2473 2227 καὶ
2515 2175 2623 2228 ἀπὸ
2667 2177 2932 2246 ποταμῶν
2957 2179 3034 2238 είς
3056 2177 3154 2239 τὰς
3181 2177 3439 2241 διεκϐολὰς
3456 2179 3534 2247 τῆς
3554 2177 3629 2244 vis.

543 2264 891 2319 Athenienses
921 2272 1104 2318 contra
1131 2263 1561 2319 Lacedaemonios
1609 2266 1867 2328 ferantur,
1899 2282 2020 2336 neqt

2167 2262 2466 2326 ἀκολούθως
2485 2266 2597 2327 τοῖς
2619 2265 2676 2317 ὲν
2693 2264 2772 2335 τῷ
2798 2267 3051 2338 προφήτῃ
3075 2267 3503 2338 προλελεγμένοις.
3519 2267 3631 2331 ’Δπρ

547 2351 666 2423 Syri
695 2353 949 2407 adversus
977 2352 1280 2415 Phtenicas,
1307 2368 1480 2422 neque
1506 2353 1711 2409 Arabes
1758 2358 1812 2408 in
1834 2353 2023 2409 Palaest

2167 2353 2259 2404 καὶ
2287 2355 2314 2405 ὁ
2351 2353 2576 2417 Ἀκύλας
2601 2347 2704 2407 ὧδέ
2727 2372 2846 2419 πως
2867 2356 3205 2427 ήρμήνευσεν
3233 2356 3408 2410 εἰπών’
3442 2373 3459 2408 t
3480 2354 3631 2408 Καίλι-

545 2455 664 2500 nos.
691 2455 863 2509 neque
907 2441 1032 2495 item
1081 2438 1315 2511 Egyptii
1347 2442 1604 2496 adversus
1637 2443 1891 2496 ﬁnitimos
1931 2444 2022 2496 mil

2168 2439 2316 2511 λήσει
2345 2443 2560 2512 εἰρήνην
2589 2444 2648 2496 ὲν
2692 2446 2806 2508 τοῖς
2845 2444 3056 2510 ἔθνεσι,
3109 2447 3202 2498 καὶ
3233 2447 3266 2515 ἡ
3310 2446 3499 2512 ἐξουσία
3528 2440 3632 2495 αὐτοῦ

545 2532 674 2585 tiam
704 2539 1006 2586 exerceant.
1055 2529 1159 2586 Sed
1206 2545 1269 2584 ex
1304 2531 1396 2584 illo
1430 2533 1484 2584 in
1539 2530 1682 2584 hunc
1716 2546 1887 2600 usque
1906 2531 2022 2586 dien

2172 2529 2277 2581 ἀπὸ
2332 2529 2604 2601 θαλάσσης
2663 2532 2772 2596 ἓως
2823 2533 3131 2605 θαλάσσης,
3177 2536 3267 2588 καὶ
3312 2535 3409 2588 ἀπὸ
3453 2531 3632 2601 ποταμῶν

548 2619 656 2674 Deo
682 2619 907 2685 favente,
934 2621 988 2673 in
1017 2633 1180 2673 unum
1211 2620 1391 2672 omnia
1412 2619 1640 2685 coivere,
1665 2623 1718 2673 et
1741 2634 1942 2683 revera,
1962 2620 2025 2675 sit

2167 2618 2271 2682 ἓως
2292 2621 2534 2690 περάτων
2568 2622 2674 2692 τῆς
2706 2625 2833 2694 γῆς.
2875 2642 2894 2676 ι
2917 2623 3102 2679 Ταῦτα
3130 2626 3186 2679 δὲ
3205 2629 3386 2689 τοῖςὲν
3410 2625 3474 2694 τῷ
3503 2621 3635 2693 ψαλμῷ

551 2714 616 2760 ιιι
667 2707 722 2760 in
760 2708 1033 2776 prophetia
1067 2706 1268 2760 dictum
1321 2704 1512 2771 fuerat,
1567 2706 1891 2760 abundantia
1922 2719 2022 2774 pac

2173 2712 2450 2783 σύγκρινον
2486 2713 2564 2783 τῷ
2606 2715 3078 2788 ἐπιγεγραμμένῳ
3136 2720 3214 2782 είς
3267 2717 3516 2787 Σολομῶνα
3557 2713 3636 2782 περὶ

551 2811 617 2852 ex
640 2797 884 2865 gentibus
912 2797 1122 2866 prodiit,
1177 2803 1231 2850 et
1278 2811 1418 2850 unus
1442 2793 1616 2859 Jesus,
1651 2802 1704 2850 et
1735 2796 1802 2848 ab
1831 2796 1949 2861 ipso
1977 2794 2028 2849 dt

2170 2804 2261 2857 τοῦ
2309 2802 2420 2855 υἱοῦ
2467 2803 2558 2855 τοῦ
2603 2803 2874 2873 βασιλέως
2896 2846 2911 2869 ,
2957 2808 3153 2878 δηλαδὴ
3189 2807 3279 2859 τοῦ
3311 2807 3370 2858 ἐκ
3413 2805 3636 2874 σπέρματος

550 2890 852 2942 nuntlatum
892 2888 1210 2958 evangelicae
1240 2889 1496 2942 doctrinae
1527 2886 1768 2951 verbum,
1803 2886 2027 2955 princip:

2173 2892 2475 2962 Σολομῶνος
2536 2895 3049 2966 προελευσομένουί,
3112 2898 3428 2967 λεγομένοις,
3477 2895 3571 2964 περὶ
3599 2882 3635 2942 οὗ

548 2985 684 3039 tum,
745 2991 776 3030 a
820 2977 954 3030 mari
1004 2991 1170 3044 usque
1215 2975 1281 3030 ad
1329 2992 1494 3039 mare,
1531 2975 1632 3029 hoc
1661 2980 1742 3029 est
1765 2974 1833 3028 ab
1868 2976 2025 3028 orien;

2173 2983 2331 3052 φησὶν
2374 2984 2402 3034 ὁ
2443 2981 2693 3052 ψαλμός·
2737 3002 2756 3035 t
2786 2986 2898 3038 Kal
2941 2986 3346 3054 κατακυριεύσει
3383 2983 3473 3037 ἀπὸ
3505 2979 3637 3033 θαλάσ-

550 3066 660 3120 sole
676 3079 842 3133 usque
868 3064 932 3117 ad
956 3065 1306 3130 occidentem,
1329 3076 1381 3118 et
1401 3079 1431 3117 a
1461 3063 1770 3118 ﬂuminibus
1800 3063 1866 3116 ad
1883 3079 2027 3133 expol.

2176 3090 2272 3142 σης
2315 3072 2418 3134 ἕως
2471 3071 2780 3153 θαλάσσης,
2823 3075 2919 3126 καὶ
2953 3075 3059 3128 ἀπὺ
3117 3075 3358 3146 ποταμῶν
3405 3074 3492 3136 ἕως
3525 3068 3636 3158 περί·

550 3148 814 3202 rectiones
837 3155 1010 3211 terra),
1037 3148 1176 3202 sicut
1193 3162 1255 3201 ea
1287 3147 1734 3216 signiﬁcaverant,
1767 3161 1888 3216 qua:
1933 3163 2027 3216 apu

2175 3178 2281 3212 των
2316 3160 2414 3229 τῆς
2455 3142 2838 3233 οἰκουμένης.)
2872 3166 3131 3234 Σημαίνει
3162 3167 3217 3218 δὲ
3246 3142 3331 3219 καὶ
3365 3165 3449 3234 τήν
3482 3157 3638 3214 ἐνταῦθα

551 3241 855 3306 prophetam
874 3238 1121 3306 praedicta
1145 3245 1291 3298 sunt,
1313 3237 1536 3305 accepit;
1581 3252 1699 3306 quae
1727 3251 1856 3290 sane
1885 3236 2028 3306 Aqui

2177 3249 2501 3319 δηλουμένην
2523 3253 2753 3324 εἰρήνην
2779 3257 2807 3306 ὁ
2830 3254 2991 3318 αὐτὸς
3015 3255 3225 3326 ψαλμὸς
3248 3255 3446 3324 φάσκων
3467 3269 3480 3282 ·
3501 3269 3518 3302 ι
3542 3251 3638 3301 ’Δναι

552 3340 762 3394 quoque
789 3326 841 3378 in
866 3327 1005 3378 hunc
1052 3325 1264 3378 modum
1289 3325 1666 3393 interpretatus
1690 3332 1773 3379 est
1799 3340 1812 3374 :
1851 3343 1871 3375 ι
1904 3328 1967 3376 ist
1998 3326 2029 3377 ι‹

2177 3338 2317 3391 τελεῖ
2340 3341 2395 3390 ἐν
2425 3343 2544 3402 ταῖς
2574 3343 2820 3411 ἡμέραις
2854 3345 3018 3397 αὑτοῦ
3045 3325 3341 3416 δικαιοσύνη
3366 3383 3380 3407 ,
3403 3343 3481 3396 καὶ
3507 3338 3637 3407 eliserit

559 3423 750 3484 quetur
783 3429 964 3484 pacem
984 3415 1038 3468 in
1069 3415 1338 3484 gentibus,
1367 3421 1420 3468 et
1447 3422 1684 3483 potestas
1719 3416 1835 3483 ejus
1878 3429 1909 3468 ιι
1941 3430 2036 3467 ma:

2178 3430 2411 3499 εἰρήνης.
2442 3448 2460 3479 ι
2503 3431 2624 3482 Kal.
2663 3426 2893 3496 Ἡσαΐας
2922 3435 2979 3487 δὲ
3021 3435 3225 3499 τούτοις
3258 3433 3498 3506 συντρέχει
3529 3430 3575 3482 δι’
3595 3419 3639 3479 ὧν

554 3520 724 3571 usque
745 3505 808 3557 ad
830 3519 992 3566 mare,
1011 3512 1063 3556 et
1080 3521 1109 3556 a
1129 3504 1434 3557 ﬂuminibus
1454 3519 1623 3572 usque
1638 3503 1703 3556 ad
1717 3505 1849 3558 ﬂnes
1868 3512 2031 3559 terrae.

2180 3533 2346 3587 φησι·
2392 3536 2410 3568 ι
2449 3519 2556 3570 Kal
2611 3522 2947 3590 συγκόψουσι
2996 3525 3259 3595 μαχαίρας
3284 3503 3440 3576 αὐτων
3476 3518 3640 3586 £1;de-

555 3592 635 3646 Τιι
661 3607 781 3646 vero
798 3593 906 3646 haec
919 3604 1226 3661 comparato
1253 3607 1372 3645 cum
1401 3593 1506 3646 illis
1527 3606 1644 3657 qua:
1663 3593 1714 3644 in
1734 3593 1938 3661 psalmo
1957 3607 2032 3646 con

2177 3622 2311 3675 τρα,
2345 3608 2438 3660 και
2474 3607 2585 3672 τὰς
2636 3610 2863 3674 ζιόύνας
2912 3592 3103 3666 αὐτῶν
3134 3592 3211 3678 εις
3253 3614 3480 3685 δρέπανα.
3510 3605 3640 3663 Καὶώ

557 3684 810 3744 tinentur,
828 3683 915 3750 qui
933 3682 1220 3750 inscriptus
1240 3681 1383 3733 estin
1409 3681 1885 3750 Salomonem,quaa
1897 3683 2031 3736 videl

2180 3697 2400 3768 λήψεται
2445 3697 2525 3752 ἐτι
2579 3699 2732 3763 ἔθνος
2777 3704 2866 3756 ἐπ’
2913 3705 3064 3767 ἔθνος
3113 3681 3396 3776 μάχαιραν,
3426 3703 3502 3755 καὶ
3531 3700 3573 3751 οὐ
3597 3697 3639 3765 μή

557 3783 641 3826 cet
667 3773 732 3826 de
754 3772 862 3825 tilio
897 3771 1034 3839 regis
1055 3785 1115 3822 ex
1146 3770 1346 3824 semine
1391 3771 1695 3826 Salomonis
1735 3771 1966 3825 oriundo
1996 3771 2029 3824 d

2181 3741 2400 3768 ...ιτ-..η
2446 3741 2525 3752 τε..
2579 3741 2727 3763 ωιτν,
2777 3741 2848 3756 ..η
2913 3741 3060 3767 ςννν,
3113 3741 3396 3776 paulu-VIIII,
3428 3741 3502 3755 συν·-
3532 3741 3571 3751 ν-
3597 3741 3639 3765 ΓΊ

2185 3788 2420 3858 μάθωσιν
2450 3788 2529 3840 ἔτι
2571 3792 2850 3862 πολεμεῖν.
2886 3813 2903 3844 ι
2943 3795 3133 3866 Εὖροις
3184 3796 3225 3848 δ’
3261 3795 3322 3848 ἂν
3365 3794 3445 3848 καὶ
3482 3786 3639 3858 Μιχαίαν

558 3857 852 3921 cuntur;de
877 3872 981 3926 quo
998 3857 1044 3908 is
1062 3857 1296 3924 psalmus
1319 3855 1389 3908 ita
1417 3857 1650 3925 loquitur
1677 3875 1690 3911 :
1724 3877 1743 3908 ι
1765 3856 2035 3910 Etdomin:

2181 3855 2385 3939 τούτοις
2411 3855 2745 3950 συνᾴδοντα,
2781 3884 2878 3936 καὶ
2908 3855 3342 3948 ἄλλους-πλείους
3377 3884 3469 3936 τῶν

562 3950 704 4002 hitur
726 3959 756 3999 a
789 3947 922 4000 mari
953 3961 1118 4013 usque
1149 3946 1214 3998 ad
1239 3961 1402 4012 mare,
1439 3956 1491 4001 et
1518 3963 1547 4000 a
1575 3948 1882 4004 ﬂuminibus
1909 3964 2039 4018 usqu

2181 3967 2311 4020 τῶν.
2358 3935 2693 4041 ’Ἐπιστήσας
2717 3935 2774 4024 δὲ
2801 3935 3121 4046 ,ὡξέφήνξ

563 4039 628 4092 ad
647 4037 774 4091 lines
803 4037 946 4091 orbis
969 4037 1178 4090 teme".
1212 4054 1230 4084 ι
1254 4035 1418 4091 Porro
1437 4039 1574 4092 idem
1599 4040 1684 4093 hic
1702 4040 1938 4108 psalmus
1958 4055 2040 4092 eat

2576 4023 2587 4041 ι
2672 4023 2690 4035 ν
2730 4023 2767 4024 η
2803 4023 2816 4036 ι
2854 4023 3121 4046 ""T'l"
3160 4023 3253 4039 η’*
3286 4023 3483 4046 ΑΓυ-Ἱι
3589 4023 3641 4035 ι’·

2185 4057 2408 4110 συνιδεῖν
2431 4095 2446 4119 ,
2478 4058 2563 4121 ὡς
2594 4061 2704 4114 άπὸ
2742 4063 2851 4115 τῶν
2884 4065 3188 4134 Αὐγούστου
3226 4067 3412 4136 χρόνων
3432 4101 3445 4124 ,
3492 4060 3562 4112 καὶ
3583 4057 3641 4121 τῆς

570 4134 693 4185 item
723 4147 841 4201 qua:
861 4131 948 4186 hic
964 4130 1310 4200 sigm‘licatur,
1335 4143 1536 4196 pacem,
1555 4128 1632 4182 sic
1655 4126 1883 4180 futuram
1906 4123 2047 4175 dese:

2183 4145 2301 4198 κατ’
2335 4146 2493 4198 αὑτὸν
2530 4149 2916 4224 ἐπιλαμψάσης
2947 4123 3038 4208 τοῦ
3349 4151 3483 4224 ἡμῶν
3516 4151 3641 4210 illi?“

569 4222 645 4275 bit
677 4240 688 4276 :
721 4241 739 4273 ι
767 4222 980 4276 Orietur
1007 4222 1058 4276 in
1080 4222 1266 4275 diebus
1292 4220 1409 4288 ejus
1447 4219 1654 4288 justitia
1682 4225 1735 4271 et
1775 4213 2044 4315 abundant

2183 4234 2328 4297 νείας
2347 4274 2361 4295 ν
2393 4236 2491 4304 τῆς
2537 4211 2824 4309 Ῥωμαίων
2872 4211 3160 4315 μοναρχίας
3190 4211 3587 4314 {capacem
3609 4232 3640 4284 αῖ

569 4310 713 4368 pacis
737 4309 778 4362 ⁸.
818 4329 837 4361 ι
868 4309 1030 4365 Isaias
1076 4323 1289 4376 quoque
1334 4322 1455 4361 cum
1504 4307 1586 4360 his
1629 4304 1759 4372 ipsis
1792 4299 2046 4354 concorda

2185 4323 2348 4375 πάλαι
2376 4299 2482 4374 τῶν
2522 4299 2691 4381 ὲθνῶν
2722 4299 3352 4398 διελύθησανῆδιαστάσείς
3379 4299 3457 4386 κάὶ
3483 4299 3641 4391 πολυαρ-

569 4407 688 4446 cum
721 4393 794 4446 ait
823 4408 837 4445 :
875 4413 892 4444 ι
917 4393 978 4447 Ει
1007 4393 1308 4447 conﬂabunt
1333 4393 1536 4461 gladios
1579 4407 1704 4446 suos
1733 4393 1788 4444 in
1813 4406 2046 4446 vomeres

2188 4411 2326 4480 χίαι,
2384 4412 2478 4464 καὶ
2527 4418 2681 4471 τόνδε
2730 4419 2791 4485 ἐξ
2833 4379 3039 4476 ἐκείνου
3080 4426 3270 4494 τρόπον
3313 4379 3472 4484 ⁴ιζέλους
3513 4379 3642 4485 ἤρξαὲο

568 4492 622 4536 et
648 4483 912 4538 lanceolas
941 4499 1064 4538 suas
1118 4483 1172 4535 in
1200 4482 1384 4536 falces.
1413 4481 1476 4534 Et
1509 4497 1615 4534 non
1646 4487 1820 4534 sumet
1856 4482 2045 4550 ampliu

2186 4499 2472 4568 τυγχάνειν
2505 4505 2575 4558 τὰ
2617 4509 2720 4578 τῆς
2769 4481 3243 4582 πῳφητευομένης
3285 4481 3491 4582 εἰρήνης.
3529 4481 3641 4554 ⁷Ἆλὶιᾰ

568 4587 698 4642 gens
729 4573 780 4625 in
809 4581 1014 4642 gentem
1043 4571 1295 4642 gladium,
1319 4578 1372 4624 et
1403 4585 1509 4623 non
1555 4569 1764 4624 discent
1803 4571 1940 4624 ultra
1975 4571 2045 4624 bel

2264 4551 2320 4568 on
2426 4551 2460 4553 η
2517 4551 2575 4558 ην
2628 4551 2717 4578 --ιν
2777 4551 3240 4582 ’νιοντιιυυυνιηυοιν
3285 4551 3491 4582 ’νἰηνητ·
3552 4551 3579 4554 "

2188 4584 2282 4638 νῦν
2332 4587 2430 4656 μὲν
2477 4592 2617 4656 τέως
2662 4596 2893 4668 ἤρξατο,
2940 4600 3085 4651 ἔσται
3124 4600 3178 4651 δὲ
3221 4601 3301 4652 ὅτε
3330 4585 3641 4665 πληρὲσταταή

572 4663 678 4716 lum
703 4679 884 4733 gerere
913 4666 954 4716 ’.
988 4682 1006 4714 ι
1043 4661 1304 4716 Ca:terum
1367 4659 1638 4713 Michaaam
1693 4675 1904 4731 quoque
1938 4661 2049 4714 inve

2190 4675 2499 4742 προφητεία
2529 4659 3063 4754 συμπερασθήσεται,
3095 4687 3225 4739 ἐπὰν
3260 4686 3314 4740 τὸ
3343 4659 3561 4752 πλήρωμα
3577 4671 3640 4723 τῶν

573 4756 686 4809 nies
717 4755 901 4810 iisdem
943 4761 1299 4809 consentanea
1340 4753 1623 4819 dicentem,
1683 4755 1913 4824 itemque
1954 4755 2050 4808 alio

2191 4759 2358 4813 ἐθνῶν
2388 4763 2616 4839 εἰσέλθῃ
2641 4772 2860 4843 τὸλπρὸς
2882 4775 2974 4827 τοῦ
3011 4777 3149 4848 ἱεροῦ
3187 4773 3469 4827 Ἀποστόλου
3489 4762 3638 4832 Mill"

573 4855 638 4892 ex
701 4843 967 4911 prophetis
999 4843 1214 4898 multos.
1271 4842 1326 4896 Si
1360 4858 1484 4898 vero
1515 4843 1812 4914 diligenter,
1852 4854 1909 4899 ut
1955 4845 2085 4900 alias
2195 4849 2371 4918 μένον.

575 4930 705 5027 dixi,
729 4945 962 5027 tempora
1007 4936 1394 4999 observaveris,
1435 4936 1586 4990 facile
1643 4939 1833 4994 intueri
1863 4941 2079 5008 poteris,
2119 4943 2586 5008 quemadmodum
2646 4955 2718 5009 ab
2784 4957 3015 5027 Augusti
3069 4957 3400 5027 temporibus,
3440 4957 3484 5006 et
3515 4964 3537 5001 ι
3567 4940 3642 4996 Si"

581 5023 774 5116 ratoris
800 5027 969 5116 nostri
987 5027 1235 5084 adventu.
1264 5027 1354 5096 qui
1382 5042 1476 5095 per
1503 5043 1564 5082 ea
1622 5037 1860 5098 tempora
1921 5028 2160 5092 emicuit,
2202 5046 2324 5086 cum
2382 5038 2454 5092 ad
2507 5058 2678 5097 unum
2728 5023 3004 5101 τθάθέιυηι
3062 5023 3401 5102 ﬂuuium-um
3439 5034 3639 5106 imperium

583 5108 755 5203 plu-nia
783 5108 1133 5203 obtinuisset,
1197 5121 1402 5168 veteres
1441 5116 1677 5184 gentium
1747 5115 2078 5178 diﬂcrentiw,
2107 5123 2160 5170 et
2198 5120 2537 5192 multiplices
2590 5118 2931 5203 principatus
2977 5137 3158 5190 aboliti
3189 5144 3324 5198 sunt,
3354 5141 3490 5200 atque
3515 5137 3563 5176 ex
3583 5115 3641 5168 illo

583 5189 793 5292 lnhlmc
817 5199 1048 5292 tuo-dum,
1109 5218 1224 5270 quae
1255 5205 1320 5258 ad
1364 5221 1547 5274 pacem
1584 5209 1931 5276 pertinerent,
1999 5223 2155 5277 quam
2195 5189 2476 5284 proph‘eue
2502 5189 2894 5292 pfédixer-ant’
2918 5189 2992 5283 rea
3041 5189 3205 5284 ﬁnem,
3227 5189 3371 5283 suu'm
3414 5189 3640 5280 Emungere

878 5285 1135 5402 (itinerum
1190 5293 1444 5402 hactenus
1492 5298 1708 5367 quidem
1770 5297 1952 5366 etrapit,
1980 5385 2001 5402 ρ
2027 5303 2234 5368 tempus
2299 5282 2522 5362 autem-
2552 5315 2755 5376 veniet.
2789 5282 2910 5372 cum
2942 5282 3247 5389 plenissime
3263 5309 3504 5388 Prophetia
3543 5312 3641 5356 00""

587 5367 832 5432 plebitur,
862 5374 947 5425 ubi
978 5380 1210 5444 gentium
1257 5385 1527 5450 plenitudo
1553 5389 1794 5457 ingressa
1821 5387 1950 5441 illud
1979 5385 2064 5444 fue

1850 5387 1950 5440 llud
1979 5367 2159 5453 fuerit,
2192 5394 2337 5460 quod
2363 5412 2393 5450 a
2427 5411 2624 5460 sancto
2645 5367 2910 5478 Αρὀειᾷἰεῖ
3263 5367 3327 5461 ζλ.

655 5615 675 5646 '
711 5616 851 5673 Psal.
893 5635 1009 5676 tut
1033 5663 1047 5688 ,
1081 5627 1133 5681 8.
1205 5631 1224 5663 '
1259 5633 1386 5694 ibid.
1426 5636 1472 5692 'l.
1545 5642 1564 5672 '
1604 5643 1707 5698 lsa.
1740 5659 1796 5707 ιι,
1845 5642 1895 5702 Ι.
1967 5641 2009 5673 θ’
2045 5640 2129 5697 R0

988 5640 1009 5676 ,ι
1033 5663 1047 5688 ,
1081 5627 1133 5681 8.
1205 5631 1224 5663 ³
1259 5633 1386 5694 ibid.
1426 5636 1472 5692 Ἰ.
1545 5642 1564 5672 ⁹
1604 5643 1707 5698 lsa.
1740 5659 1796 5707 ιι,
1845 5642 1895 5702 ι.
1967 5641 2009 5673 θ’
2045 5640 2206 5700 Rom.
2240 5662 2334 5720 ιι,
2364 5651 2465 5705 23.
