3740 6300
88 386 179 441 7η

938 377 1574 438 DEMONSTBATIONIS
1607 375 2053 441 EVANGELICAE
2084 378 2212 435 LIB.
2250 383 2338 438 IX.

3105 388 3232 443 τη

97 487 220 549 Ἀπὸ
272 488 373 542 τοῦ
405 489 651 561 inmori
665 487 789 561 ριξ.
815 518 884 529 -
907 491 1045 561 Περὶ
1085 491 1182 555 Ὠς
1213 488 1366 543 ἁγνὰ
1393 487 1472 553 τῷ
1495 488 1602 553 υίῷ

1705 488 1864 560 πθ
1902 489 1943 542 Α
1998 489 2199 556 psalmo
2237 505 2401 547 cxvn.
2425 521 2495 531 —
2536 492 2612 548 De
2648 495 3038 561 acclamatione,
3084 497 3230 554 llos—

485 557 660 610 Aa6l6
676 595 691 620 ,
719 557 1179 629 exaspwwﬁaatoq.

148 689 165 721 ι
197 668 345 723 Λίθον
384 669 442 721 ὃν
482 669 882 738 ἀπεδοκίμασαν
911 672 959 724 οἱ
990 669 1383 741 οίκοδομοῦντες
1410 708 1425 734 ,
1457 664 1606 733 οὗτος

85 758 295 850 ὲγενήθμ
323 759 400 819 εἰς
441 757 678 828 κεφαλὴν
719 760 937 826 γωνίας.
976 759 1134 831 Παρὰ
1163 759 1365 834 Κυρίου
1397 759 1607 827 ἐγένετο

85 850 233 917 αῦτη,
253 847 342 900 καὶ
367 847 481 899 ἔστι
513 848 793 917 θαυμαστὴ
825 852 882 902 ὲν
911 849 1202 919 ὀφθαλμοῖς
1233 849 1405 920 ἡμῶν.
1459 848 1605 918 Αῦτη

84 938 293 1010 ήήμέρα
327 939 391 1008 ἢν
419 938 676 1007 εποίησεν
702 940 731 990 6
761 939 964 1010 Κύριος
982 979 997 1003 ,
1032 938 1475 1009 ἀγαλλιασώμεθα
1515 940 1607 991 καὶ

84 1026 442 1097 εὐφρανθῶμεν
496 1028 556 1079 ὲν
613 1028 774 1098 αὐτῇ.
820 1025 890 1081 Ὦ
937 1029 1142 1099 Κύριε,
1203 1029 1371 1082 σῶσον
1422 1028 1521 1099 δὴ,
1561 1022 1605 1081 ὧ

84 1116 262 1186 Κύριε,
303 1115 561 1168 εὑόδωσον
603 1116 686 1186 δή.
732 1117 1100 1188 Εὐλογημένος
1148 1120 1177 1171 6
1220 1119 1505 1189 ἐρχόμενος
1548 1118 1606 1169 ὲν

83 1207 274 1276 ὀνόματι
313 1207 537 1277 Κυρίου.
576 1207 708 1270 Θεὸς
744 1208 942 1279 Κύριος
981 1207 1073 1261 καὶ
1109 1208 1370 1277 ὲπέφανεν
1394 1209 1543 1277 ἡμῖν.
1580 1226 1598 1258 ι

87 1296 174 1348 Τοῦ
197 1296 433 1366 Σωτῆπ
469 1297 630 1366 ἡμῶν
672 1299 844 1367 Ἰησοῦ
872 1299 1101 1369 Χριστοῦ
1132 1299 1453 1361 εἰσελθόντος
1478 1298 1604 1350 ποτὲ

86 1391 153 1452 εις
192 1390 252 1443 τὰ
309 1392 674 1462 Ἱεροσόλυμα,
708 1394 795 1446 ὅτε
832 1394 971 1447 κατὰ
992 1394 1086 1464 τὴν
1118 1394 1223 1464 πρὸ
1251 1395 1451 1464 ταύτης
1476 1412 1605 1466 προ-

88 1480 282 1547 φητείαν
313 1482 605 1552 ὀχούμενος
643 1484 747 1554 ὄνῳ
782 1485 878 1554 τὴν
908 1487 964 1536 ὲν
997 1484 1073 1554 τῷ
1101 1486 1339 1556 Ζαχαρία
1365 1487 1603 1557 πρόῤῥη-

86 1584 158 1621 σιν
191 1572 433 1641 ἐπλήρου,
470 1573 617 1625 κατὰ
643 1574 735 1625 τὸν
774 1573 912 1626 θεῖον
946 1574 1354 1645 εὐαγγελιστὴν,
1388 1577 1436 1627 οἱ
1461 1575 1603 1644 ὄχλοι

87 1662 381 1728 προάγοντες
407 1663 574 1715 αὑτὸν
600 1664 692 1715 καὶ
713 1663 1122 1727 ἀκολουθοῦντες
1150 1666 1492 1735 ἐπευφήμουν
1520 1665 1604 1717 λέ-

86 1769 241 1820 γοντες
264 1769 275 1782 ·
316 1770 335 1801 ‹
387 1752 474 1814 Ὦς
520 1753 660 1805 ἀννὰ
690 1752 767 1822 τῷ
803 1752 903 1822 υίῷ
940 1753 1117 1805 Δαὸίδ.
1165 1754 1530 1823 Εὐλογημένος
1575 1758 1603 1808 6

86 1810 338 1910 ἐρχόμενος
368 1839 425 1890 ὲν
450 1810 684 1913 δνόματι
714 1810 935 1909 Κυρίόυ,
975 1839 1049 1900 ὡς
1089 1840 1222 1891 ἀννά
1258 1810 1323 1891 ὲν.
1344 1810 1453 1900 τοῖς
1478 1810 1599 1906 faili-
1635 1810 1675 1868 Β

89 1945 223 1991 στοις.
258 1930 376 1982 Ὅτε
406 1929 501 1981 καὶ
525 1928 856 1991 εἰσελθόντος
881 1929 1042 1982 αὐτοῦ
1069 1932 1147 1993 εἰς
1168 1929 1234 1983 τὰ
1270 1930 1600 1999 Ἰεροσόλυμα

86 2016 268 2085 ἐσείσθη
298 2018 441 2069 πᾶσα
464 2019 498 2086 ἡ
529 2017 688 2078 πόλις
714 2017 974 2085 λεγόντων
992 2035 1005 2048 ·
1034 2018 1127 2080 Τίς
1152 2019 1295 2070 ἐστιν
1329 2010 1510 2080 οὗτος
1538 2020 1600 2070 Ol

84 2104 129 2158 δὲ
161 2105 286 2175 ὄχλοι
323 2105 505 2171 ἔλεγον
527 2120 543 2133 ν
583 2099 749 2165 Οὗτός
777 2106 919 2156 ἐστιν
943 2106 972 2157 6
998 2109 1273 2175 προφήτης
1317 2103 1541 2173 Ἰησοῦς,
1575 2106 1602 2155 6

86 2193 174 2245 ἀπὸ
195 2192 428 2263 Ναζαρὲθ
474 2192 580 2262 τῆς
621 2191 924 2254 Γαλιλαίας.
958 2211 977 2244 ι
1036 2194 1185 2245 Ἐπεὶ
1214 2195 1389 2246 τοίνυν
1420 2196 1484 2245 ὲκ
1510 2193 1599 2246 τοῦ

86 2283 403 2353 προκειμένου
454 2280 678 2352 ψαλμοῦ
713 2282 920 2352 εἴρηται
943 2321 957 2344 ,
1002 2283 1061 2335 τὸ
1085 2323 1100 2344 ,
1145 2284 1229 2344 Ὠς
1275 2283 1423 2346 διννὰ,
1468 2285 1602 2351 ὅπερ

86 2371 375 2441 ίρμηνευθὲν
390 2372 575 2443 δηλοῖ,
612 2370 789 2423 Σῶσον
815 2370 878 2440 δὴ
894 2410 908 2433 ,
928 2371 988 2423 τὸ
1010 2371 1066 2423 δὲ
1106 2371 1401 2441 Ἐδραῖκὸν,
1451 2372 1603 2425 Ἀννὰ

95 2458 287 2513 ’Δδωναῖ
307 2461 379 2521 ὡς
408 2459 572 2521 ἀννὰ,
606 2459 865 2529 περιέχει.
906 2457 1061 2511 Ἀλλὰ
1084 2460 1175 2512 καὶ
1195 2457 1256 2511 τὸ
1274 2500 1288 2523 ,
1324 2478 1341 2509 ι
1373 2460 1603 2529 Εὐλογη-

89 2549 220 2615 μένος
251 2553 280 2602 6
306 2549 602 2619 ἐρχόμενος
645 2550 703 2600 ὲν
736 2548 954 2618 ὀνόματι
1002 2548 1236 2619 Κυρίου,
1266 2568 1283 2600 ι
1315 2549 1603 2619 ἐπειδήπερ

88 2640 165 2693 καὶ
185 2639 306 2694 αὐτὸ
326 2639 433 2693 ἀπὸ
466 2638 566 2692 τοῦ
594 2637 758 2691 αὐτοῦ
782 2637 995 2708 ψαλμοῦ
1024 2638 1368 2709 μετείληπται
1391 2679 1405 2703 ,
1434 2639 1603 2693 ταῦτα

82 2728 132 2781 δὶ
169 2729 337 2797 σαφῶς
372 2729 466 2781 ἐπὶ
508 2729 610 2780 τὸν
658 2727 888 2798 Χριστδν
931 2726 1024 2779 τοῦ
1066 2727 1196 2780 Θεοῦ
1237 2729 1601 2798 ἀνενήνεκται·

87 2816 277 2879 εἰκότως
320 2818 398 2880 είς
448 2817 618 2870 αὐτὸν
673 2816 766 2868 καὶ
808 2816 875 2869 τὰ
919 2815 1076 2869 λοιπὰ
1117 2816 1214 2885 τῆς
1257 2818 1602 2888 προρρήσεως

85 2906 427 2978 ὲξειλήφαμεν.
457 2903 633 2969 Οὗτος
653 2905 760 2978 γὰρ
791 2904 865 2958 ὢν
897 2905 1147 2975 τυγχάνει
1178 2906 1545 2977 εὐλογημένος,
1575 2910 1603 2961 6

86 2995 163 3048 καὶ
199 2994 259 3047 δι’
284 2995 467 3066 ἑτέρου
494 2996 781 3067 προφήτου
813 2994 1189 3064 ὠνομασμένος
1225 2996 1253 3046 6
1297 2996 1600 3066 ἐρχόμενος,

85 3083 161 3136 τοῦ
184 3086 463 3155 φήσαντος·
513 3104 533 3136 ι
571 3085 694 3136 Ἔτι
736 3084 955 3153 μικρὸν,
984 3086 1075 3136 καὶ
1096 3087 1124 3137 6
1152 3085 1433 3155 ἐρχόμενος
1464 3087 1600 3157 ἥξει,

87 3175 162 3227 καὶ
190 3176 244 3228 οὐ
276 3176 346 3246 μὴ
388 3176 654 3245 χρονίσῃ,
709 3193 730 3225 ι
769 3174 827 3236 ὃς
869 3175 962 3226 καὶ
1005 3173 1253 3245 ἐλήλυθεν
1286 3177 1343 3228 ὲν
1388 3176 1607 3247 ὀνόματι

85 3264 259 3336 Κυρίου
283 3264 373 3319 τοῦ
398 3266 563 3328 Θεοῦ,
600 3266 694 3317 καὶ
725 3263 934 3334 Πατρὸς
956 3263 1167 3317 ἑαυτοῦ.
1190 3265 1356 3326 Αὐτὸς
1375 3266 1419 3319 δ’
1440 3267 1503 3319 ἂν
1528 3268 1608 3336 εἴη

86 3355 163 3406 καὶ
196 3371 214 3403 ι
246 3354 371 3417 Θεὸς
395 3354 609 3425 Κύριος
642 3356 671 3406 6
713 3353 989 3420 ἐπιφανεὶς
1017 3354 1165 3422 ἡμῖν.
1206 3372 1224 3402 ι
1268 3355 1352 3407 Ἐν
1391 3355 1610 3424 ὀνόματι

82 3443 190 3510 γοῦν
220 3444 309 3499 τοῦ
345 3445 567 3515 Πατρδς
610 3442 773 3495 αὐτοῦ
807 3443 1052 3512 ὁμολογεῖ
1091 3444 1400 3513 ἐληλυθέναι
1440 3447 1609 3513 λέγων

85 3534 198 3603 πρὸς
239 3538 362 3600 τοὺς
408 3535 701 3596 Ἰουδαίους
725 3550 741 3566 ο
784 3552 803 3585 ι
847 3533 985 3601 Ἐγὼ
1019 3535 1248 3605 ἐλήλυθα
1287 3538 1343 3588 ὲν
1385 3535 1459 3605 τῷ
1503 3538 1611 3589 ὀνό-

82 3638 193 3690 ματι
228 3622 318 3677 τοῦ
364 3624 585 3693 Πατρός
623 3638 724 3690 μου
746 3661 763 3685 ,
794 3623 887 3674 καί
911 3623 970 3674 οὐ
989 3622 1288 3691 λαμδάνετέ
1317 3640 1380 3690 με
1402 3639 1415 3653 ο
1456 3623 1610 3686 ἄλλος

82 3710 159 3765 ἐὰν
179 3712 294 3783 ἔλθῃ
332 3717 390 3767 ὲν
412 3713 494 3783 τῷ
518 3711 745 3780 ὀνόματι
775 3710 853 3780 τῷ
893 3711 1034 3780 ἰδίῳ,
1062 3712 1262 3765 ἐκεῖνον
1297 3710 1544 3781 λήψεσθε.
1582 3702 1603 3763 i

76 3800 223 3865 Αὐτὸς
243 3804 304 3874 δὴ
326 3802 420 3858 οὖν
454 3807 486 3856 6
510 3801 799 3870 ἐπιφανεὶς
829 3803 958 3870 ἡμῖν
983 3800 1110 3862 Θεὸς
1140 3800 1337 3869 Κύριος
1356 3839 1371 3863 ,
1402 3802 1430 3853 6
1459 3801 1604 3853 εὐλο-

79 3895 308 3961 γημένος,
333 3897 362 3947 6
388 3893 568 3947 ἐλθὼν
597 3895 654 3945 ὲν
676 3892 895 3960 ὀνόματι
918 3891 1141 3959 Κυρίου,
1169 3891 1327 3953 αὐτὸς
1350 3887 1418 3961 ἦν
1452 3892 1543 3944 καὶ
1581 3893 1609 3942 6

75 3979 233 4047 λίθος,
267 3984 324 4038 ὃν
364 3982 784 4051 ἀπεδοκίμασαν
821 3983 870 4033 οί
908 3980 1071 4033 πάλαι
1110 3980 1364 4052 πρότερον
1411 3981 1499 4033 τὸν
1545 3982 1609 4032 ὲκ

77 4074 346 4143 περιτομῆς
371 4074 505 4127 λαὸν
528 4072 619 4126 διὰ
642 4071 742 4139 τῆς
764 4070 1057 4137 Μωσαῖκῆς
1086 4069 1432 4132 διδασκαλίας
1461 4072 1606 4124 οἰκο-

73 4158 353 4231 δομοῦντες,
389 4164 451 4226 ὃς
481 4163 580 4216 καὶ
604 4158 1049 4229 ἁποδοκιμασθεὶς
1075 4160 1163 4210 ὑπ’
1188 4159 1389 4223 αὐτῶν,
1413 4162 1492 4223 είς
1520 4177 1610 4213 κε-

73 4251 224 4322 φαλὴν
251 4254 444 4324 ἑτέρας
469 4251 679 4319 γωνίας
702 4250 800 4318 τῆς
824 4248 879 4310 ἐξ
904 4247 1066 4300 ἐθνῶν
1108 4247 1421 4318 Ἐκκλησίας
1482 4266 1610 4301 κατ-

72 4340 205 4415 ιστη,
228 4346 291 4415 ἢν
322 4345 398 4408 ὡς
428 4344 509 4414 μὴ
547 4345 665 4406 τοῖς
698 4342 860 4393 πᾶσιν
885 4339 1183 4408 ὁρωμένην,
1216 4340 1389 4408 μόνοις
1420 4340 1476 4392 δὲ
1498 4344 1607 4403 τοῖς

2214 576 2354 614 anna
2388 561 2499 631 ﬁlio
2530 561 2718 619 David.

1777 687 1795 720 ε
1830 668 2079 739 Lapidem
2107 685 2265 740 quem
2296 672 2718 741 reprobaverunt
2743 673 3065 733 aediﬁcantes
3084 716 3100 741 ,
3147 678 3235 732 hic

1704 760 1876 815 factus
1889 768 1970 815 est
1986 759 2038 813 in
2056 768 2211 829 caput
2232 762 2430 831 anguli.
2448 762 2490 815 A
2508 760 2732 817 Domino
2752 763 2946 819 factum
2966 774 3048 821 est
3065 769 3230 832 istud,

1703 855 1864 904 etest
1895 848 2137 903 mirabile
2181 849 2233 902 in
2262 849 2433 905 oculis
2466 851 2684 906 nostris.
2735 850 2858 907 Haec
2908 855 3021 909 dies
3069 872 3230 925 quam

1703 937 1829 992 fecit
1858 937 2134 1001 Dominus,
2165 939 2492 994 exsultemus
2515 947 2570 993 et
2603 939 2840 995 laetemur
2871 940 2926 995 in
2944 957 3023 996 ea.
3056 941 3100 997 0
3129 943 3235 997 Do-

1703 1027 1847 1083 mine
1878 1068 1894 1089 .
1948 1029 2153 1083 salvum
2186 1029 2269 1083 fac
2307 1029 2418 1097 jam
2453 1043 2630 1095 nunc;
2665 1044 2697 1082 ο
2733 1029 2986 1094 Domine,
3016 1033 3081 1085 da
3111 1049 3233 1102 pro-

1702 1114 1896 1171 fectum
1925 1117 2036 1185 jam
2080 1134 2241 1173 nunc.
2272 1118 2590 1173 Benedictus
2629 1121 2721 1189 qui
2751 1122 2893 1174 venit
2921 1121 2973 1173 in
3018 1123 3232 1175 nomine

1701 1205 1910 1260 Domini
1942 1225 1955 1261 :
1992 1206 2399 1279 [Benetliximus
2439 1208 2591 1264 vobis
2624 1209 2690 1263 de
2740 1209 2898 1264 domo
2927 1209 3137 1264 Domini
3172 1209 3230 1282 :]

1701 1293 1843 1351 Deus
1873 1295 2210 1360 Dominus,et
2254 1297 2429 1350 illuxit
2471 1296 2625 1351 nobis
2675 1297 2735 1350 ¹⁶.
2777 1317 2797 1348 ι
2836 1297 3109 1353 Salvatore
3136 1313 3234 1352 no«

1701 1394 1814 1440 εει-ο
1848 1385 1971 1441 Jesu
1994 1386 2207 1441 Christo
2236 1387 2481 1457 ingresso
2507 1388 2772 1455 quondam
2804 1388 2858 1441 in
2885 1390 3070 1443 urbem
3097 1388 3223 1444 Hie-

1701 1475 1985 1545 rosolyma,
2014 1490 2119 1543 quo
2148 1483 2405 1544 tempore,
2437 1475 2574 1530 sicut
2603 1476 2899 1544 prophetia,
2923 1492 3082 1546 quam
3113 1493 3234 1547 pro-

1701 1566 1841 1619 xime
1868 1576 1990 1619 ante
2021 1567 2158 1618 hanc
2195 1565 2569 1635 exposuimus,
2601 1568 2866 1632 continet,
2915 1567 3039 1620 dum
3067 1568 3232 1623 asello

1700 1653 1938 1708 insidens
1969 1654 2208 1717 vehitur,
2243 1655 2395 1708 ﬁdem
2429 1656 2552 1708 huic
2595 1655 2672 1708 rei
2725 1654 2953 1709 faciente
3005 1671 3232 1726 evange-

1701 1741 1819 1796 lista
1843 1781 1857 1805 ,
1915 1743 2222 1796 vaticinium
2272 1744 2412 1811 quod
2444 1753 2527 1798 est
2561 1744 2699 1812 apud
2749 1742 3059 1798 Zachariam
3090 1760 3233 1801 com-

1705 1832 1883 1899 plevit,
1916 1833 2085 1885 turba:
2117 1848 2235 1901 quae
2271 1833 2525 1901 praeibam
2565 1841 2619 1887 et
2674 1849 2792 1902 qua:
2839 1835 3229 1903 sequebantur,

1705 1920 2070 1973 acclamabant
2105 1922 2517 1976 benedicentes:
2553 1940 2570 1971 ‹
2603 1920 2849 1975 Hosanna
2896 1921 3003 1975 ﬁlio
3040 1921 3227 1978 David.

1704 2009 2019 2065 Benedictus
2049 2011 2139 2080 qui
2168 2013 2315 2064 venit
2362 2010 2415 2063 in
2463 2012 2677 2064 nomine
2719 2010 2946 2076 Domini,
2989 2010 3229 2065 bosanna

1706 2100 1760 2153 in
1802 2101 2096 2155 altissimis.
2145 2099 2262 2165 Quo
2309 2099 2468 2153 etiam
2522 2105 2759 2168 tempore
2802 2113 2925 2154 cum
2974 2099 3230 2154 intrasset

1708 2186 2147 2257 Hierosolymam,
2175 2194 2438 2241 commota
2487 2194 2570 2242 est
2623 2189 2872 2242 universa
2910 2189 3117 2253 civitas,
3145 2187 3231 2242 di-

1705 2291 1833 2330 cens
1862 2294 1876 2329 :
1917 2276 2047 2341 Quis
2073 2283 2155 2330 est
2184 2276 2303 2332 hic?
2338 2276 2529 2331 Turba:
2574 2285 2748 2330 autem
2789 2277 3036 2332 dicebant
3069 2296 3082 2331 :
3131 2276 3231 2333 Hic

1705 2373 1786 2420 est
1813 2367 2065 2436 propheta
2112 2366 2269 2423 Jcsus
2297 2383 2328 2421 a
2367 2366 2628 2422 Nazareth
2662 2366 2888 2423 Galilazaa
2917 2370 2979 2422 ¹¹.
3019 2388 3037 2420 ι
3087 2369 3231 2435 ρηο-

1705 2457 1846 2511 niam
1884 2458 2045 2526 igitur
2074 2471 2140 2511 ex
2185 2459 2427 2526 proximo
2456 2459 2661 2527 psalmo
2687 2459 2886 2512 dictum
2918 2468 3002 2514 est
3059 2460 3187 2515 illud
3210 2499 3226 2523 ,

1706 2548 1966 2609 bosanna,
1998 2546 2139 2616 quod
2178 2548 2224 2603 si
2256 2549 2641 2617 interpreteris,
2683 2549 2967 2619 signiﬁcat,
3024 2552 3230 2605 salvum

1706 2635 1789 2690 fac
1816 2635 1925 2703 jam
1971 2650 2145 2699 nunc,
2179 2644 2231 2690 et
2261 2635 2554 2691 Hebraicus
2580 2646 2882 2705 contextus,
2917 2640 3065 2693 Anna
3089 2640 3230 2695 Ado-

1704 2727 1791 2779 nai
1821 2726 2080 2790 bosanna,
2127 2725 2318 2789 habet,
2378 2741 2584 2780 necnon
2641 2727 2814 2782 illud:
2862 2747 2881 2779 ι
2913 2728 3230 2786 Benedictus

1705 2818 1795 2888 qui
1818 2818 1959 2872 venit
1990 2818 2043 2871 in
2089 2818 2303 2871 nomine
2330 2817 2574 2882 Domini,
2624 2838 2641 2869 ι
2701 2820 2872 2887 ipsum
2911 2835 3122 2888 quoque
3163 2821 3230 2873 ab

1705 2907 1889 2962 eodem
1924 2908 2127 2977 psalmo
2154 2914 2236 2961 est
2267 2916 2564 2976 acceptum,
2599 2917 2651 2962 et
2687 2909 2797 2961 haec
2830 2909 2943 2978 ipsa
2978 2910 3133 2979 plane
3163 2910 3229 2964 ad

1704 2997 1974 3052 Christum
2033 2998 2195 3051 Deum
2250 2997 2435 3052 referri
2470 3006 2714 3067 constat:
2751 3000 2940 3052 merito
2981 2999 3047 3053 ad
3089 3015 3231 3054 eum-

1705 3086 1824 3139 dem
1854 3087 2056 3157 reliqua
2087 3101 2297 3157 quoque
2334 3087 2571 3155 ejusdem
2617 3088 2852 3141 vaticinii
2896 3089 2995 3142 hoc
3024 3090 3076 3142 in
3114 3090 3230 3144 loco

1710 3177 2005 3231 retulimus.
2036 3175 2132 3231 llic
2157 3178 2298 3229 enim
2334 3184 2415 3231 est
2466 3177 2553 3230 ille
2610 3177 2954 3240 benedictus,
3018 3180 3109 3249 qui
3164 3180 3231 3234 ab

1709 3263 1812 3316 alio
1839 3265 2091 3331 propheta
2113 3263 2332 3317 veniens
2358 3269 2440 3317 est
2485 3263 2789 3316 nominatus
2813 3301 2830 3327 ,
2875 3264 2966 3319 ubi
2999 3265 3079 3319 sic
3112 3265 3184 3318 ait
3213 3284 3227 3318 :

1712 3371 1732 3403 ε
1771 3351 1958 3404 Adhuc
2010 3352 2273 3405 modicum
2299 3390 2315 3413 ,
2357 3357 2412 3404 et
2448 3351 2665 3405 veniens
2698 3352 2874 3406 veniet
2903 3362 2955 3407 et
2979 3367 3087 3406 non
3121 3362 3231 3407 tar-

1708 3442 1853 3497 dabit
1876 3443 1939 3505 ¹⁸,
1974 3460 1993 3492 ι
2028 3442 2120 3510 qui
2152 3442 2275 3496 item
2308 3441 2449 3495 venit
2499 3441 2550 3493 in
2593 3442 2807 3495 nomine
2842 3440 2935 3497 Dei
2974 3450 3027 3497 et
3054 3441 3229 3499 Patris

1708 3533 1812 3586 sui.
1847 3532 1988 3586 Idem
2022 3545 2147 3585 vero
2200 3528 2359 3584 fuerit
2400 3529 2559 3583 etiam
2594 3547 2614 3579 ς
2670 3529 2811 3585 Deus
2846 3531 3104 3587 Dominus
3135 3535 3228 3603 qui

1708 3621 1880 3675 illuxit
1910 3620 2082 3676 nobis.
2120 3638 2140 3671 ι
2178 3618 2361 3688 Itaque
2400 3619 2455 3673 in
2508 3620 2722 3675 nomine
2744 3619 2920 3676 Patris
2948 3622 3030 3677 sui
3058 3622 3229 3683 conﬂ-

1707 3718 1848 3765 tetur
1874 3725 1932 3764 se
1962 3709 2172 3763 venisse
2207 3710 2274 3762 ad
2296 3707 2529 3772 Judatos,
2559 3708 2744 3765 dicens
2774 3728 2788 3763 :
2827 3727 2848 3762 ι
2883 3709 2993 3782 Εεο
3021 3713 3140 3766 veni
3171 3712 3227 3767 in

1706 3800 1918 3854 nomine
1953 3798 2126 3853 Patris
2149 3799 2272 3860 mei,
2300 3806 2352 3853 et
2384 3813 2488 3852 non
2508 3799 2750 3867 accipitis
2772 3814 2873 3854 me.
2923 3801 3075 3855 Alius
3102 3817 3226 3856 cum

1704 3889 1907 3943 venerit
1936 3889 1989 3942 in
2023 3889 2239 3942 nomine
2277 3888 2494 3957 proprio
2519 3927 2533 3952 ,
2590 3889 2738 3942 illum
2789 3891 3064 3959 accipietis
3099 3893 3163 3944 ¹³.
3203 3912 3223 3945 ›

1706 3979 1804 4034 Hic
1834 3979 1948 4049 ipse
1970 3981 2151 4049 igitur,
2177 3980 2268 4048 qui
2300 3980 2474 4033 illuxit
2501 3980 2655 4036 nobis
2681 3980 2820 4036 Deus
2846 3981 3103 4041 Dominus
3137 3986 3231 4041 llo-

1704 4069 1967 4134 nedictus,
1996 4069 2087 4138 qui
2124 4071 2270 4123 venit
2314 4070 2370 4123 in
2407 4071 2621 4125 nomine
2664 4068 2913 4136 Domini,
2962 4072 3098 4142 lapis
3139 4074 3230 4131 illo

1704 4157 1825 4222 fuit,
1850 4173 2006 4226 quem
2035 4159 2469 4227 reprobaverunt,
2490 4160 2578 4227 qui
2602 4159 2866 4228 quondam
2888 4167 3045 4216 antea
3066 4176 3231 4231 popu-

1704 4248 1813 4301 lum
1845 4248 2255 4302 circumcisione
2279 4248 2577 4317 signatum,
2623 4247 2785 4320 5,30
2814 4264 2907 4318 per
2941 4249 3229 4306 Mosaicam

1704 4336 1999 4392 doctrinam
2024 4337 2356 4393 aediﬁcabant
2386 4357 2399 4393 :
2427 4339 2516 4408 qui
2540 4340 2663 4393 item
2697 4340 2893 4394 abillis
2913 4343 3230 4411 reprobatus

72 4437 403 4502 προφητικοῖς
460 4432 798 4501 ὀφθαλμοῖς,
845 4428 1153 4497 θαυμαστὴν
1193 4424 1327 4481 εἷναί
1376 4445 1534 4499 φησιν
1577 4432 1604 4483 6

1705 4426 1759 4478 in
1787 4425 1958 4493 capite
1988 4425 2208 4480 alterius
2236 4427 2437 4495 anguli,
2468 4427 2705 4482 collectae
2739 4428 2922 4497 utique
2961 4429 3028 4484 de
3053 4431 3228 4500 genti-

70 4515 207 4586 λόγος
230 4522 453 4589 φάσκων
484 4537 499 4551 ·
557 4539 574 4570 ι
607 4520 716 4572 Καὶ
754 4517 863 4570 ἔστι
910 4517 1188 4586 θαυμαστὴ
1227 4519 1282 4569 ὲν
1314 4518 1601 4587 ὀφθαλμοῖς

70 4612 224 4678 ἡμῶν.
267 4633 287 4664 ι
318 4613 432 4683 Τὴν
456 4612 520 4664 δὲ
559 4609 874 4675 ἐπιφάνειαν
898 4607 1055 4660 αὐτοῦ
1088 4608 1242 4660 πάλιν
1264 4607 1470 4678 ἡμέραν
1490 4608 1603 4659 ὀνο-

74 4699 232 4767 μάζει,
262 4704 327 4771 ἣν
351 4702 617 4770 εποίησεν
646 4702 674 4752 6
699 4697 917 4767 Κύριος,
945 4697 1065 4749 ἐπεὶ
1097 4697 1187 4748 καὶ
1216 4696 1326 4764 φῶς
1351 4693 1418 4766 ἦν
1448 4696 1602 4759 αὐτὸς

71 4787 122 4839 τὸ
144 4790 405 4860 ἀληθινὸν,
447 4789 551 4842 καὶ
593 4787 742 4857 ἥλιος
782 4783 1116 4853 δικαιοσύνης
1139 4825 1154 4848 ,
1193 4783 1283 4836 καὶ
1304 4784 1482 4854 ἡμέρα
1511 4781 1600 4835 τοῦ

72 4876 188 4931 Θεοῦ
206 4918 220 4941 ,
245 4882 302 4932 ὲν
388 4880 606 4947 γένοιτο
634 4877 730 4930 καί
753 4877 897 4945 ἡμᾶς
926 4876 1093 4926 εἰπεῖν
1122 4892 1135 4904 ·
1171 4873 1349 4942 «Αῦτη
1372 4873 1602 4943 ήήμέρα

72 4966 128 5038 ἢν
149 4970 391 5040 ἐποίησεν
425 4972 457 5022 6
496 4967 699 5038 Κύριος
719 5005 734 5028 ,
769 4962 1213 5033 ἀγαλλιασὼμεθα
1251 4963 1344 5014 καὶ
1373 4962 1601 5031 εὐφραν-

74 5054 235 5126 θῶμεν
249 5061 305 5111 ὲν
320 5061 489 5128 αὐτῇ.
504 5076 524 5107 ι
550 5057 656 5109 Καὶ
673 5055 872 5108 τούτων
886 5055 944 5107 δὲ
964 5052 1148 5106 τοῦτον
1169 5066 1426 5118 συντετμη
1434 5050 1601 5118 μένων

73 5144 149 5196 τὸν
187 5149 417 5217 τρόπον,
458 5146 651 5217 καιρὸς
699 5144 791 5197 καὶ
836 5145 927 5197 ἐπὶ
964 5141 1060 5205 τὰς
1099 5140 1225 5210 περὶ
1266 5137 1356 5190 τοῦ
1404 5138 1603 5202 πάθους

75 5236 218 5289 αὑτοῦ
249 5237 559 5307 μεταϐῆναι
582 5234 927 5305 προφητείας.

1703 4516 1803 4571 bus
1827 4514 2095 4581 Ecclesiae,
2120 4524 2201 4572 est
2223 4518 2565 4583 constitutus,
2587 4533 2744 4588 quam
2764 4534 2891 4573 sane
2902 4518 3221 4585 Ecclesiam,

1703 4618 1810 4656 non
1842 4609 1897 4656 ut
1917 4618 2031 4656 eam
2058 4621 2177 4672 qua:
2201 4606 2268 4659 ab
2295 4607 2542 4661 omnibus
2563 4645 2579 4669 ,
2628 4607 2719 4661 sed
2747 4615 2808 4659 ut
2857 4622 2974 4662 eam
3002 4624 3119 4676 quae
3160 4609 3229 4663 ab

1704 4694 1827 4749 unis
1863 4693 2185 4760 propheticis
2206 4696 2375 4751 oculis
2397 4705 2665 4757 cernatur,
2688 4695 3049 4751 admirabilem
3082 4712 3224 4760 esse.

1705 4783 1778 4836 ait
1809 4782 2101 4844 oraculum,
2121 4784 2208 4836 ubi
2235 4785 2312 4837 sic
2334 4784 2407 4836 ait
2434 4801 2448 4837 :
2489 4802 2508 4833 ε
2533 4784 2597 4837 Ει
2615 4792 2696 4837 est
2717 4784 2954 4839 mirabile
2968 4784 3023 4838 in
3056 4786 3227 4841 oculis

1704 4873 1920 4928 nostris.
1943 4888 1962 4920 ι
1997 4870 2291 4925 Adventum
2321 4887 2446 4927 vero
2473 4873 2589 4940 ejus
2608 4909 2623 4935 ,
2653 4887 2841 4925 rursus
2884 4871 3024 4926 diem
3055 4875 3228 4927 nomi-

1702 4970 1835 5025 nat,
1896 4975 2053 5029 quam
2105 4960 2231 5015 fecit
2285 4960 2578 5026 Dominus,
2635 4959 3063 5029 quandoquidem
3113 4963 3228 5032 ipse

1705 5052 1861 5108 etiam
1888 5051 1979 5102 lux
2003 5048 2103 5102 fuit
2132 5063 2276 5115 vera,
2305 5056 2358 5103 et
2385 5050 2464 5104 sol
2500 5049 2745 5119 justitiaa,
2787 5057 2841 5102 et
2865 5051 2982 5105 dies
3013 5050 3106 5105 Dei
3126 5087 3144 5115 ,
3173 5052 3229 5105 in

1704 5157 1807 5211 qua
1835 5140 2036 5193 utinam
2064 5139 2216 5194 nobis
2236 5154 2445 5207 quoque
2466 5138 2647 5193 dicere
2677 5138 2874 5192 liceat:
2912 5156 2932 5189 ι
2965 5138 3088 5193 Haec
3115 5139 3230 5194 dies

1705 5244 1864 5300 quam
1916 5227 2041 5282 fecit
2085 5226 2341 5282 Dominus
2377 5265 2395 5292 ,
2437 5229 2767 5283 exsultemus
2810 5234 2864 5281 et
2904 5228 3146 5283 laetemur
3174 5229 3231 5284 in

80 5344 147 5384 ea.
181 5351 200 5383 ι
229 5333 502 5388 Caeterum
553 5343 676 5383 cum
717 5327 829 5382 haec
863 5344 894 5381 a
921 5327 1078 5381 nobis
1112 5326 1165 5377 in
1198 5323 1344 5375 hunc
1387 5323 1601 5378 modum
1635 5325 1868 5381 breviter
1893 5323 2278 5393 comprehensa
2335 5323 2463 5389 sint,
2505 5330 2721 5392 tempus
2766 5319 2878 5390 iam
2921 5322 3083 5377 fuerit
3105 5358 3126 5390 ,
3164 5320 3235 5378 ad

82 5429 291 5491 usqum
320 5422 390 5476 de
432 5418 695 5489 passione
726 5416 865 5472 illius
919 5418 1231 5485 loquuntur,
1262 5411 1589 5481 pr0pbetias,
1630 5415 1880 5470 transire.

144 5595 184 5628 ¹⁶
218 5595 361 5652 Psal.
396 5610 548 5651 cxvii
571 5636 586 5659 ,
619 5593 812 5645 21-26.
885 5591 923 5623 ¹¹
962 5584 1149 5640 Matth.
1182 5596 1301 5646 XII,
1332 5582 1474 5639 9-H.
1551 5585 1595 5619 ¹²
1636 5584 1839 5643 Habac.
1876 5605 1944 5652 ll,
1979 5588 2013 5642 3
2109 5588 2151 5621 “
2187 5586 2343 5645 Joan.
2373 5604 2439 5654 v,
2470 5586 2557 5642 45.

330 5796 605 5853 ΡΑτιιοι..
644 5783 762 5848 Gtt.
806 5780 1001 5846 XXII.

2829 5712 2907 5767 Ἡ»
