3740 6292
71 372 169 429 717

954 374 1585 432 ΒΕΜΟΝΞΤΒΑΤΙΟΝΞδ
1620 374 2059 432 ΕἾΑΝΟΕῙΛΕΕ
2093 377 2225 436 LIB.
2260 378 2327 433 Χ.

3125 387 3227 443 713

68 485 161 539 καὶ
186 484 288 554 τὴν
328 484 581 555 ἀπαρχὴν
614 483 707 537 τοῦ
739 485 844 539 τῶν
888 486 1182 558 ἀνθρώπων
1204 489 1388 557 γένους
1433 491 1609 542 καλλι-

1712 498 1999 554 serventur,
2052 489 2179 544 dum
2233 507 2388 547 sacro
2447 506 2667 549 munere
2721 496 2974 566 fungitur,
3020 508 3224 567 patrem

69 576 432 646 κρησάμενος,
467 576 842 645 προσηγάγετο
880 577 958 647 τῷ
985 579 1175 650 Πατρὶ,
1215 580 1282 632 δι’
1315 573 1374 632 οὗ
1415 581 1506 632 καὶ
1543 584 1606 651 τῇ

69 663 497 735 τῶνάνθρώπων
538 664 780 735 ὡμίλησε
811 666 986 734 φύσει,
1019 670 1116 721 οὐκ
1148 668 1317 731 ἄλλως
1343 669 1610 741 δυναμένῃ

68 753 233 820 Λόγου
260 752 399 805 Θεοῦ
425 753 521 807 καὶ
545 754 821 824 δυνάμεως
840 758 1123 828 ἀσωμάτου
1147 760 1238 811 καὶ
1266 760 1453 828 νοερᾶς
1478 759 1610 827 ἐπη-

69 843 174 911 κόῳ
202 843 479 910 γενέσθαι,
512 843 633 896 οὐδέ
662 862 715 897 τι
766 845 945 915 μεῖζον
982 848 1193 918 σαρκῶν
1234 851 1325 900 καὶ
1352 848 1609 917 σωμάτων

67 929 128 982 δι’
154 929 447 999 ὀφθαλμῶν
479 932 690 1001 σαρκὸς
719 934 1016 1002 ἐπινοῆσαι.
1048 936 1185 987 Ὅσα
1224 935 1399 987 τοίνυν
1429 936 1519 986 ἐπὶ
1552 936 1611 987 τὸ

68 1019 440 1088 ταπεινότερον
460 1019 661 1085 δόξειεν
690 1022 746 1073 ἐν
769 1025 879 1085 τοῖς
906 1024 1272 1093 προκειμένοις
1298 1027 1423 1096 περὶ
1451 1026 1610 1078 αὐτοῦ

70 1107 331 1174 λέγεσθαι,
350 1108 519 1162 ταῦτα
538 1109 630 1162 τὸν
657 1111 713 1162 Ἀ
721 1111 847 1180 μνὸν
869 1114 996 1183 όρᾷν
1020 1112 1111 1166 τοῦ
1126 1113 1278 1177 Θεοῦ,
1291 1116 1379 1168 τὸν
1398 1116 1612 1185 αἴροντα

70 1198 578 1268 τὴνάμαρτίαντοῦ
616 1200 840 1269 κόσμου,
874 1205 964 1255 καὶ
1000 1203 1059 1255 τὸ
1094 1205 1285 1273 σκῆνος
1322 1206 1381 1258 τὸ
1408 1207 1614 1276 ἀνθρώ-

72 1301 213 1337 πειον
269 1286 566 1340 ὑποϐάλλει
617 1293 775 1344 νοεῖν.
836 1293 1023 1361 ’Δμνὸς
1056 1294 1151 1363 μὲν
1180 1295 1286 1366 γάρ
1331 1291 1398 1365 ἦν
1449 1298 1613 1368 αἴρων

70 1373 158 1443 τὴν
178 1375 455 1445 ἁμαρτίαν
479 1377 575 1429 τοῦ
607 1378 830 1449 κόσμου,
848 1381 985 1434 κατά
1005 1383 1092 1435 τὸν
1121 1384 1415 1455 Βαπτιστὴν
1442 1388 1617 1440 Ἱωάν-
1676 1373 1683 1381 ’

71 1480 158 1533 νην
192 1464 277 1516 τὸν
323 1464 585 1533 λέγοντα·
633 1486 653 1518 ι
690 1469 784 1521 Ἰδὲ
809 1472 838 1522 6
875 1471 1062 1540 Ἀμνὸς
1095 1471 1185 1524 τοῦ
1215 1474 1366 1538 Θεοῦ,
1398 1478 1426 1528 6
1452 1476 1615 1546 αἴρων

71 1552 158 1623 τὴν
189 1555 464 1625 ἁμαρτίαν
516 1556 612 1608 τοῦ
644 1558 844 1628 κόσμου
864 1577 878 1589 ·
912 1578 930 1610 ι
968 1563 1131 1630 ἀμνὸς
1158 1563 1212 1614 δὲ
1244 1559 1310 1633 ἦν
1334 1566 1426 1617 καὶ
1465 1568 1494 1617 6
1529 1567 1617 1618 ἐπὶ

73 1644 270 1712 σφαγὴν
296 1645 587 1714 ἀγόμενος,
621 1647 761 1699 κατὰ
789 1648 851 1701 τὸ
894 1650 1039 1719 παρὰ
1078 1651 1154 1721 τῷ
1208 1652 1399 1723 Ἡσαΐᾳ
1444 1654 1616 1721 λόγιον

73 1734 290 1801 φάσκονο
338 1754 359 1786 ι
402 1736 490 1798 Ὠς
517 1736 786 1807 πρόϐατον
835 1739 926 1790 ἐπὶ
969 1741 1175 1810 σφαγὴν
1201 1741 1336 1811 ἢχθη
1358 1781 1374 1805 ,
1411 1744 1502 1795 καὶ
1543 1743 1616 1806 ώς

72 1822 225 1892 ἀμνὸς
256 1824 509 1877 ἐναντίον
557 1803 654 1877 τοῦ
703 1826 974 1896 κείροντος
1013 1803 1480 1900 ἀφωνοςΪ-ίΠερὶ
1520 1803 1613 1884 τοῦ
1644 1803 1685 1857 Β

73 1909 219 1963 αὐτοῦ
243 1911 299 1963 δὲ
329 1911 407 1974 ὼς
443 1913 574 1982 περὶ
614 1913 785 1982 ἀμνοῦ
817 1913 1029 1982 ἐλέγετο
1066 1916 1157 1968 καὶ
1183 1917 1263 1979 τὸ,
1297 1936 1315 1967 ι
1354 1918 1482 1971 Ἀπὸ
1509 1919 1615 1972 τῶν

72 2000 335 2069 ἁμαρτιῶν
363 2000 461 2053 τοῦ
484 2000 617 2054 λαοῦ
645 2019 745 2071 μου
768 2002 905 2073 ἤχθη
929 2006 1007 2067 είς
1038 2004 1257 2059 θάνατον
1276 2023 1288 2035 ·
1326 2026 1344 2058 ι
1376 2007 1479 2062 ἔδει
1510 2008 1616 2078 γὰρ

71 2088 151 2143 τὸν
190 2090 385 2160 ’Δμνὸν
413 2090 511 2143 τοῦ
545 2090 682 2143 Θεοῦ
707 2092 797 2144 τὸν
824 2092 927 2145 ὑπὸ
950 2093 1040 2146 τοῦ
1069 2095 1299 2164 μεγάλου
1326 2097 1616 2167 ἀρχιερέως

71 2180 428 2249 ἀναληφθέντα
460 2183 605 2251 ὑπὲρ
624 2182 732 2235 τῶν
769 2183 967 2237 λοιπῶν
1002 2186 1268 2252 συγγενῶν
1295 2186 1496 2255 ἀμνῶν,
1524 2187 1615 2240 καὶ

73 2270 197 2341 ὑπὲρ
218 2273 399 2341 πάσης
430 2275 535 2342 τῆς
565 2272 909 2345 ἀνθρωπίνης
934 2275 1129 2345 ἀγέλης
1169 2275 1351 2329 θυσίαν
1392 2276 1467 2347 τῷ
1494 2277 1611 2346 Θεῷ

74 2360 451 2432 προσαχθῆναι.
498 2380 519 2412 ι
580 2362 793 2433 Ἐπειδὴ
847 2362 957 2431 γάρ
1010 2364 1075 2416 δι’
1134 2364 1413 2436 ἀνθρώπου
1452 2368 1482 2417 6
1520 2366 1615 2419 θά-

73 2466 211 2513 νατος
241 2450 334 2503 καὶ
368 2451 437 2503 δι’
480 2449 766 2522 ἀνθρώπου
794 2455 826 2521 ἡ
853 2453 1137 2515 ἀνάστασις
1175 2455 1208 2522 ἡ
1241 2455 1305 2506 ὲκ
1344 2455 1563 2526 νεκρῶν,
1591 2474 1609 2506 ι

76 2541 221 2608 φησὶν
244 2542 274 2592 6
314 2538 643 2602 ’Δπόστολος
662 2555 676 2569 ·
713 2540 803 2592 καὶ
831 2558 850 2589 ι
873 2539 1057 2610 ὤσπερ
1087 2540 1152 2593 δι’
1175 2541 1289 2603 ἑνὸς
1326 2542 1617 2612 παραπτώ-

77 2643 227 2697 ματος
259 2629 341 2691 εἰς
388 2627 604 2690 πάντας
638 2627 949 2698 ἀνθρώπους
993 2630 1070 2690 είς
1099 2629 1437 2700 κατάκριμα,
1480 2630 1617 2683 οὕτω

76 2719 157 2770 καὶ
180 2719 241 2771 δι’
272 2718 393 2782 ἐνὸς
426 2716 798 2787 δικαιώματος
833 2721 911 2779 είς
945 2719 1147 2780 πάντας
1187 2717 1499 2787 ἀνθρώπους
1537 2721 1616 2783 εἰς

75 2806 332 2863 δικαίωσιν
362 2809 547 2878 ζωῆς·
586 2827 605 2858 ο
643 2807 794 2860 ἔνθεν
823 2809 916 2861 καὶ
945 2809 1106 2870 αὐτὸς
1143 2808 1265 2871 τοὺς
1303 2810 1397 2878 μὲν
1428 2809 1615 2862 ἑαυτοῦ

78 2898 302 2969 μαθητὰς
330 2897 482 2968 ζωὴν
521 2898 619 2950 καὶ
646 2897 761 2965 φῶς
802 2899 895 2950 καὶ
923 2897 1191 2966 ’ἀλήθειαν
1232 2898 1419 2952 ἑαυτὸν
1458 2894 1614 2961 εἶναι,

77 2989 275 3051 καὶτὰς
322 2988 527 3050 λοιπὰς
573 2987 817 3051 ἐπινοίας
856 2987 955 3056 τῆς
1003 2988 1120 3041 κατ’
1147 2989 1307 3041 αὐτὸν
1349 2987 1615 3057 θεολογίας

77 3077 325 3143 ἐπαίδευε,
345 3081 466 3140 τοῖς
485 3077 544 3129 δὲ
569 3079 833 3148 ἀμυήτοις
856 3076 964 3129 τῶν
988 3079 1103 3129 κατ’
1123 3078 1280 3129 αὐτὸν
1303 3080 1614 3148 ἀπορρήτων

75 3167 235 3235 ελεγε·
270 3188 289 3219 ι
311 3170 378 3222 Τί
414 3186 486 3238 με
514 3171 731 3237 ζητεῖτε
761 3168 1073 3238 ἀποκτεῖναι
1103 3167 1400 3238 ἄνθρωπον,
1428 3168 1484 3230 ὃς
1518 3167 1613 3237 τὴν

74 3257 309 3328 ἀλήθειαν
331 3261 466 3328 ὑμῖν
492 3257 797 3327 λελάληκα;
819 3276 837 3307 ι
866 3258 1071 3327 Ὥσπερ
1102 3252 1193 3309 οὖν
1224 3256 1291 3309 τά
1315 3257 1414 3326 τῆς
1440 3257 1615 3309 θεολο-

74 3348 181 3413 γίας
219 3350 489 3420 ἰδιώματα
531 3351 592 3401 ὲν
639 3350 751 3411 τοῖς
798 3347 1098 3417 ἔμπροσθεν
1136 3346 1480 3410 ἀποδέδοται,
1527 3348 1616 3400 τὸν

72 3437 234 3508 ὅμοιον
273 3440 339 3510 δὴ
384 3439 596 3510 τρόπον
646 3436 921 3489 κάνταῦθα
956 3436 1049 3488 τοῦ
1098 3435 1268 3504 ἀμνοῦ
1315 3436 1381 3488 τὰ
1411 3435 1618 3505 ἀνθρω-

74 3529 273 3599 ππαθῆ
307 3530 767 3601 παραστήσεται,
795 3526 903 3579 τῶν
947 3526 1052 3596 πρὸ
1087 3524 1180 3577 τοῦ
1212 3525 1412 3587 πάθους
1452 3524 1614 3578 αὐτοῦ

72 3619 238 3687 μέσων
268 3620 468 3684 ὄντων,
504 3617 645 3689 ὁμοῦ
680 3633 740 3671 τε
772 3616 956 3686 ἄμφω,
989 3615 1059 3667 τά
1086 3631 1144 3667 τε
1183 3614 1320 3668 κατὰ
1367 3614 1457 3665 τὸν
1487 3614 1615 3666 Θεὸν

70 3710 152 3761 καὶ
190 3711 259 3763 τά
307 3712 457 3764 κατά
501 3710 597 3762 τὸν
644 3707 924 3778 ἄνθρωπον
963 3705 1124 3758 αὑτοῦ
1177 3705 1615 3776 περιειληφότων.

73 3796 269 3855 Τούτων
315 3801 615 3872 χρησίμως
660 3802 791 3868 ἡμῖν
833 3796 1313 3870 προτετηρημένων
1334 3835 1350 3859 ,
1382 3797 1481 3866 ἠδη
1528 3798 1621 3850 καὶ

67 3890 163 3944 τῶν
189 3894 389 3960 λογίων
433 3890 621 3945 αὐτῶν
653 3888 1001 3958 ὲφαψώμεθα,
1032 3889 1159 3958 περὶ
1185 3889 1283 3958 τῆς
1324 3887 1486 3940 Ἰούδα
1524 3885 1617 3939 τοῦ

68 3982 332 4051 προδότου,
356 3985 456 4037 καὶ
486 3982 599 4034 τῶν
636 3981 733 4031 σὺν
763 3977 908 4047 αὐτῷ
937 3976 1075 4031 κατὰ
1091 3975 1184 4028 τοῦ
1212 3975 1444 4046 Χριστοῦ
1473 3992 1625 4043 γενο-

68 4072 226 4141 μένης
257 4073 558 4142 συσκευῆς,
593 4069 723 4139 περί
752 4086 811 4121 τε
853 4069 960 4121 τῶν
991 4068 1132 4137 ἀμφὶ
1169 4066 1258 4120 τὸν
1306 4067 1492 4137 καιρὸν
1524 4065 1619 4118 τοῦ

66 4160 255 4226 πάθους
284 4164 458 4217 αὑτοῦ
494 4159 941 4232 συμϐεϐηκότων.

1707 592 1862 631 suum
1889 587 2090 633 exorat;
2129 580 2277 635 Alias
2309 588 2483 635 autem
2511 588 2760 651 tanquam
2802 595 2854 639 et
2895 587 3078 657 Agnus
3109 589 3226 653 Dei,

1706 668 1798 735 qui
1851 669 1995 721 tollat
2021 678 2235 737 peccata
2290 672 2492 734 mundi,
2524 680 2576 724 et
2605 673 2717 727 ovis
2749 690 2864 743 quae
2910 679 2976 731 ad
3031 681 3225 735 eadem

1707 755 1952 812 ducatur.
1995 757 2105 812 Hoc
2134 768 2307 814 autem
2343 760 2441 813 fuit
2474 760 2647 829 ipsum
2687 762 2973 819 humanum
3007 783 3223 838 corpus,

1708 846 1849 914 quod
1897 848 1985 902 ille
2017 848 2187 902 instar
2237 850 2356 917 agni
2402 858 2559 917 atque
2586 850 2721 913 ovis,
2758 866 2876 905 cum
2925 855 2990 908 de
3043 868 3226 912 nostro

1709 951 1864 1005 grege
1898 938 2059 991 veluti
2087 936 2330 992 Pontifex
2381 939 2791 1008 assumpsisset,
2844 943 3093 1009 primitiis
3125 948 3238 1001 hu-'

1709 1028 1852 1079 mani
1901 1028 2112 1095 generis
2158 1027 2332 1082 fauste
2376 1029 2707 1098 feliciterque
2758 1035 3028 1099 operatus,
3084 1034 3227 1092 Patri

1710 1129 1904 1168 munus
1937 1117 2133 1180 attulit,
2165 1131 2260 1185 per
2288 1116 2427 1185 quod
2457 1118 2612 1171 etiam
2636 1134 2755 1171 cum
2783 1120 3012 1174 humana
3041 1134 3229 1178 natura

1709 1204 2082 1257 commercium
2131 1206 2331 1270 habuit,
2364 1222 2481 1276 quae
2512 1207 2708 1276 alioqui
2743 1223 2914 1276 neque
2968 1209 3059 1264 Dei
3100 1211 3231 1265 Ver-

1709 1294 1856 1356 bum,
1887 1309 2056 1363 neque
2104 1296 2209 1349 vim
2246 1297 2607 1365 incorpoream
2667 1305 2823 1367 atque
2854 1301 3229 1370 intelligentem

1710 1385 1960 1438 exaudire
1986 1392 2076 1437 aut
2117 1386 2384 1454 percipere
2416 1387 2693 1455 potuisset,
2744 1402 2915 1455 neque
2942 1391 3229 1459 quidquam

1712 1490 1869 1543 supra
1896 1490 2107 1528 carnem
2160 1483 2250 1528 aut
2279 1489 2472 1543 corpus
2517 1491 2610 1544 per
2640 1477 2825 1532 oculos
2853 1480 3094 1547 corporis
3152 1482 3231 1533 in-

1712 1564 1868 1619 tueri.
1898 1563 2235 1634 Quaecunque
2284 1565 2443 1633 igitur
2492 1565 2558 1619 de
2607 1566 2699 1620 illo
2749 1568 2801 1619 in
2838 1569 2918 1622 his
2946 1585 3063 1637 qua:
3090 1586 3231 1624 nunc

1712 1661 2024 1717 tractamus,
2069 1655 2322 1707 humilius
2357 1653 2718 1724 abjectiusque
2754 1656 2858 1709 dici
2890 1658 3229 1720 videbuntur,

1714 1756 1775 1803 ea
1807 1751 2045 1811 spectare
2065 1743 2266 1811 Aguum
2298 1739 2408 1801 Dei,
2441 1744 2529 1809 qui
2553 1744 2687 1795 tollit
2718 1753 2989 1813 peccatum
3024 1745 3228 1808 mundi,

1712 1843 2011 1898 corpusque
2061 1830 2188 1881 illud
2238 1829 2550 1890 humanum,
2590 1832 2895 1887 meminisse
2944 1834 3227 1901 oportebit.

1713 1916 1896 1986 Agnus
1918 1918 2004 1970 ille
2030 1916 2240 1984 quidem
2270 1915 2387 1979 fuit,
2419 1918 2609 1970 tollens
2637 1927 2911 1985 peccatum
2944 1921 3148 1982 mundi,
3173 1927 3233 1972 ut

1710 2005 1943 2073 Baptista
1970 2003 2202 2058 Joannes
2222 1987 2486 2058 'dicebat:
2522 2024 2539 2055 ι
2596 2005 2751 2069 Ecce,
2800 2007 2990 2075 inquit,
3047 2008 3231 2076 Agnus

1713 2094 1827 2158 Dei,
1853 2096 1943 2163 qui
1967 2095 2104 2148 tollit
2135 2076 2409 2162 peccatum
2439 2094 2621 2148 mundi
2653 2096 2715 2161 “;
2748 2114 2766 2145 ι
2789 2111 2958 2163 agnus
2983 2096 3126 2159 item,
3159 2097 3227 2150 ad

1712 2185 1906 2239 caedem
1955 2185 2168 2247 ductus,
2202 2191 2260 2242 ut
2294 2194 2375 2238 est
2408 2185 2461 2238 in
2505 2184 2650 2238 Isaiae
2690 2187 2956 2254 propheta:
2991 2189 3228 2253 oraculo,

1711 2275 1851 2343 quod
1905 2275 1976 2327 ita
2014 2275 2086 2326 ait
2120 2293 2134 2327 :
2174 2293 2193 2324 ε
2231 2272 2506 2343 Tanquam
2535 2275 2650 2328 ovis
2689 2275 2754 2327 ad
2796 2277 2988 2331 caedem
3039 2278 3231 2331 ductus

1712 2370 1814 2420 est,
1871 2367 1923 2414 et
1971 2369 2221 2429 tanquam
2271 2375 2438 2430 agnus
2495 2376 2671 2415 coram
2740 2363 2990 2417 tondente
3041 2365 3243 2417 obmu-‘

1712 2452 1814 2504 tuit
1846 2451 1908 2504 ⁸⁸.
1943 2469 1960 2500 ι
1999 2449 2073 2504 De
2098 2449 2282 2504 eodem
2317 2465 2444 2504 vero
2497 2458 2748 2518 tanquam
2796 2451 2862 2505 de
2914 2467 3049 2521 agno
3071 2455 3232 2507 etiam

1712 2538 1839 2592 illud
1870 2539 2068 2592 dictum
2094 2546 2171 2592 est
2211 2557 2224 2592 :
2262 2557 2280 2589 ι
2316 2537 2390 2591 Ex
2421 2541 2653 2606 peccatis
2697 2540 2877 2607 populi
2911 2541 3010 2594 mei
3036 2531 3247 2595 ductus'

1713 2636 1795 2683 est
1820 2628 1887 2682 ad
1915 2636 2136 2682 mortem
2166 2629 2209 2659 ¹⁶
2245 2646 2257 2680 :
2296 2646 2315 2679 ι
2347 2629 2623 2696 oportebat
2676 2629 2816 2681 enim
2862 2629 3066 2698 Agnum
3117 2629 3229 2688 Dei.

1714 2721 1804 2789 qui
1833 2734 1863 2772 a
1894 2721 2123 2774 maximo
2146 2718 2401 2773 Pentilice
2435 2725 2740 2786 assumptus
2772 2718 2965 2783 fuerat,
3015 2733 3111 2787 pro
3149 2735 3249 2774 rev

1714 2812 1871 2880 liquis
1896 2810 2135 2879 cognatis
2164 2812 2335 2879 agnis,
2365 2819 2419 2863 et
2452 2825 2545 2878 pro
2574 2810 2717 2862 omni
2777 2810 3006 2862 humano
3054 2825 3232 2879 grege.

1716 2901 1822 2955 Deo
1847 2901 2116 2955 victimam
2170 2901 2366 2955 afferri.
2424 2901 2552 2954 Nam
2589 2920 2608 2951 ‹
2647 2903 2895 2969 quoniam
2935 2915 3027 2969 per
3066 2901 3236 2955 homi-

1714 3006 1834 3044 nem
1865 3006 2030 3053 mors,
2079 3005 2172 3059 per
2200 2990 2466 3043 hominem
2496 2991 2654 3043 etiam
2688 2992 3010 3043 resurrectio
3034 3004 3063 3041 a
3094 3006 3238 3045 mor-

1717 3082 1820 3135 tuis
1846 3082 1907 3145 ",
1951 3101 1970 3133 ι
1998 3081 2170 3148 inquit
2199 3081 2503 3148 Apostolus,
2530 3088 2581 3132 et
2608 3097 2627 3128 ε
2665 3080 2802 3133 sicut
2834 3094 2927 3147 per
2963 3080 3123 3134 unius
3144 3082 3237 3134 (le-

1711 3171 1891 3223 lictum
1940 3171 1992 3221 in
2021 3183 2204 3223 omnes
2234 3169 2473 3222 homines
2504 3169 2558 3220 in
2583 3168 3072 3221 condemnationem
3093 3207 3108 3230 ,
3158 3171 3236 3222 sic

1712 3273 1804 3327 per
1828 3259 1985 3312 unius
2012 3258 2293 3324 justitiam,
2326 3257 2380 3308 in
2408 3270 2592 3309 omnes
2627 3255 2867 3308 homines
2895 3255 2949 3308 in
2970 3256 3238 3323 justiﬁca-

1711 3348 1907 3401 tionem
1935 3347 2057 3399 vitai
2089 3347 2152 3409 “,
2208 3365 2226 3397 ι
2258 3362 2325 3399 ex
2355 3345 2456 3397 hoc
2484 3345 2597 3413 ipse
2623 3358 2834 3412 quoque
2861 3345 2973 3397 suis
3018 3346 3234 3413 quidem

1714 3435 1989 3503 discipulis
2016 3449 2073 3488 se
2095 3441 2149 3487 et
2172 3434 2354 3497 vitam,
2379 3441 2431 3487 et
2459 3433 2654 3494 lucem,
2688 3440 2740 3486 et
2781 3434 3054 3486 veritatem
3093 3448 3231 3495 esse,

1712 3533 1765 3581 et
1796 3526 1996 3593 reliqua
2026 3524 2183 3594 463
2230 3523 2407 3577 omnia
2457 3536 2574 3589 qua:
2621 3536 2683 3574 ex
2732 3521 2993 3590 theologia
3027 3520 3092 3576 de
3142 3524 3235 3575 illo

1712 3614 2141 3677 considerantur,
2167 3612 2500 3667 ostendebat.
2530 3610 2610 3663 Ad
2640 3610 2891 3677 profanos
2922 3619 3094 3664 autem
3115 3651 3129 3675 ,
3182 3620 3235 3663 et

1713 3718 2025 3759 arcanorum
2078 3703 2247 3772 ipsius
2301 3713 2543 3771 expertes
2601 3701 2849 3756 dicebat:
2885 3719 2903 3750 ι
2964 3699 3101 3765 Quid
3152 3716 3237 3755 me

1715 3794 1950 3863 quaeritis
1976 3792 2273 3845 interficere
2300 3791 2599 3855 hominem,
2632 3792 2721 3859 qui
2775 3790 3047 3843 veritatem
3085 3790 3236 3843 vobis

1719 3887 1930 3941 locutus
1958 3901 2073 3940 sum
2096 3885 2187 3937 ἠν
2205 3905 2224 3936 ι
2243 3882 2695 3950 Quemadmodum
2717 3883 2878 3951 igitur
2901 3897 3018 3950 quae
3041 3881 3240 3935 theolo-

1719 3976 1817 4046 gia:
1844 3978 1909 4029 de
1936 3975 2026 4029 illo
2054 3974 2265 4043 propria
2294 3982 2454 4040 sunt,
2498 3974 2551 4027 in
2599 3972 2869 4042 prioribus
2920 3971 3071 4025 libris
3113 3979 3238 4025 sunt

1717 4064 1980 4133 exposita,
1999 4063 2072 4115 ita
2103 4063 2154 4114 in
2185 4062 2287 4116 hoc
2313 4077 2431 4131 qua:
2458 4062 2524 4115 ad
2554 4062 2675 4130 agni
2712 4061 2972 4113 humanas
3000 4058 3237 4112 aﬂ‘ectio-

1718 4169 1834 4218 nes,
1859 4153 2232 4223 patibilemque
2263 4161 2505 4205 naturam
2533 4152 2816 4221 pertinent,
2836 4149 3238 4205 tracrabuntur:

63 4268 175 4323 quae
210 4259 379 4311 medii
413 4253 708 4324 cujusdam
739 4252 911 4306 instar
946 4250 1124 4313 fuere,
1150 4248 1216 4301 ad
1258 4262 1321 4303 ea
1364 4262 1482 4316 quae.
1530 4246 1828 4315 passionem
1880 4243 2026 4298 illius
2070 4251 2491 4306 antecesserunt,
2540 4249 2593 4297 et
2664 4250 2888 4309 utraque
2927 4240 3085 4295 simul
3127 4250 3240 4293 tum

63 4358 119 4399 ea
144 4362 264 4417 qua:
308 4347 382 4401 ad
425 4343 599 4400 Deum
636 4341 937 4411 pertinent,
966 4346 1082 4391 tum
1115 4350 1176 4391 ea
1204 4352 1323 4405 qua;
1364 4336 1429 4390 ad
1468 4335 1758 4399 hominem,
1810 4332 1903 4400 qui
1945 4331 2034 4386 ille
2079 4340 2215 4397 erat,
2250 4334 2524 4400 complexa
2561 4338 2706 4384 sunt.
2741 4328 3030 4412 Postquam
3081 4329 3244 4398 igitur

60 4436 414 4495 hacanobis
443 4453 558 4492 non
613 4432 880 4489 inutiliter
921 4430 1227 4496 observata;
1278 4434 1588 4494 retentaque
1626 4430 1771 4487 sunt,
1826 4423 1935 4491 jam
1968 4429 2077 4474 tum
2127 4422 2240 4490 ipsa
2295 4423 2456 4476 etiam
2504 4420 2719 4474 oracula
2765 4419 2980 4488 aggredi
3032 4426 3242 4487 tempus

60 4542 175 4583 esse
194 4532 440 4592 videtur,
472 4541 601 4597 quae
620 4533 677 4577 et
702 4523 893 4577 .ludam
917 4520 1264 4590 proditorem,
1293 4533 1521 4587 cumque
1549 4531 1614 4571 eo
1651 4515 1882 4570 futuram
1914 4515 2171 4569 adversus
2202 4512 2472 4569 Christum
2501 4511 2968 4581 conspirationem,
3020 4516 3075 4564 et
3126 4524 3243 4577 quas

63 4619 135 4674 illi
158 4623 263 4676 sub
283 4623 475 4691 ipsum
509 4616 788 4688 passionis
814 4625 1020 4683 tempus
1036 4598 1298 4667 ‘eventura
1323 4619 1504 4676 erant,
1538 4608 1928 4679 signiﬁcabant.

74 4732 207 4788 ’Διό
238 4732 521 4804 ψᾳλιωῦλ
534 4738 615 4800 μ’.
653 4761 725 4804 -τ-
758 4726 900 4804 μερζ
952 4725 1141 4804 Ἰούδα.
1169 4722 1614 4804 τοῦαπρ-οδόςου,

1720 4719 1758 4773 Α
1790 4719 2102 4804 psalmos-1..
2132 4748 2199 4756 —
2217 4716 2307 4804 JDe
2333 4715 2790 4804 Judabproditore,
2816 4718 2865 4765 et
2907 4713 2971 4804 iis
2995 4713 3082 4780 qui
3123 4726 3240 4804 eum

246 4783 582 4857 'zéii'ﬁ?
634 4797 792 4861 αὐτῷ
835 4783 957 4861 τὴν
1008 4793 1155 4847 κατά
1202 4792 1308 4845 τοῦ
1349 4783 1614 4858 Σωτῆροξ

1789 4783 1846 4842 eo
1900 4786 2117 4839 insidias
2174 4786 2418 4839 adversus
2472 4783 2801 4838 Saluatorem
2856 4790 3089 4834 nostrum
3120 4794 3245 4831 cono

123 4871 291 4941 ἡμῶν
310 4868 657 4935 ἐπιϐουλὴν
677 4862 1242 4931 συσκευασαμένων.

1791 4865 2043 4911 struxere.

130 5002 153 5035 ι
175 4987 475 5056 Μακάριος
509 4984 541 5034 6
568 4977 768 5033 συνιὼν
800 4976 892 5027 ἐπὶ
940 4975 1148 5044 πτωχὸν
1179 4972 1271 5025 καὶ
1311 4971 1533 5041 πένητα,
1563 4970 1614 5021 ὲν

1795 4985 1815 5018 ι
1834 4966 2029 5019 Beatus
2048 4962 2137 5032 qui
2163 4961 2406 5031 intelligit
2424 4975 2586 5027 super
2609 4964 2912 5056 egenum'et
2940 4969 3244 5026 pauperem,

56 5073 237 5146 ἡμέρᾳ
519 5070 743 5142 ῥύσεται
770 5064 928 5117 αὑτὸν
956 5066 985 5117 6
1015 5042 1232 5135 Κύριος.
1280 5058 1477 5130 Κύριος
1506 5058 1614 5109 δια-

1725 5057 1782 5112 in
1821 5055 1906 5110 die
1924 5052 2063 5106 mala
2094 5051 2341 5106 liberabit
2370 5062 2489 5104 eum
2520 5046 2793 5101 Dominus.
2832 5042 3091 5097 Dominus
3118 5057 3251 5098 con-

62 5130 289 5230 ;ﬂfiéat
308 5130 499 5227 αὑτὸν,
519 5130 615 5216 καὶ
641 5157 807 5228 ζήσαι
831 5155 1004 5215 αὑτὸν,
1028 5130 1122 5207 καί.
1154 5150 1444 5221 μακαρίσαι
1464 5148 1614 5201 αὑτὸν

1726 5152 1899 5201 servet
1923 5155 2065 5205 eum,
2095 5147 2150 5193 et
2173 5139 2401 5194 viviflcet
2422 5151 2543 5191 eum
2565 5176 2580 5200 ,
2615 5146 2668 5190 et
2690 5136 2904 5189 beatum
2936 5132 3097 5186 faciat
3122 5148 3244 5188 eum

62 5223 114 5301 έν
141 5223 324 5324 «τῇ-γῇ,
360 5252 465 5307 καὶ
486 5223 580 5321 νμὴ
613 5223 846 5315 παραδῷ
885 5244 1044 5296 αὐτὸν
1072 5242 1153 5303 είς
1191 5242 1374 5308 χεῖρας
1416 5236 1614 5306 ἐχθρῶν

1724 5238 1782 5292 in
1809 5243 1970 5298 terra,
1997 5241 2052 5286 et
2071 5247 2179 5286 non
2220 5231 2394 5284 tradat
2421 5242 2544 5281 eum
2572 5227 2628 5280 in
2673 5238 2864 5280 manus
2907 5223 3247 5277 inimicorum

271 5312 787 5413 ’ἱξύριοξβόηθήσει
809 5331 951 5401 αὐτῷ
982 5331 1073 5385 ἐπὶ
1108 5327 1289 5401 κλίνης
1314 5324 1500 5394 ὀδύνης
1528 5325 1614 5413 a6-

1727 5327 1863 5396 ejus.
1897 5322 2153 5376 Dominus
2179 5335 2333 5390 opem
2368 5318 2501 5370 feret
2524 5316 2602 5369 illi
2632 5329 2793 5384 super
2820 5314 3015 5366 lectum
3050 5312 3252 5366 doloris

76 5431 178 5493 τοῦ,
197 5432 325 5502 ὅλην
349 5401 695 5501 amen
713 5418 875 5473 αὐτοῦ
906 5418 1162 5492 έστρεψας
1180 5418 1236 5469 ὲν
1254 5416 1317 5484 τῇ
1349 5412 1614 5502 ἀρρωστίᾳ

1727 5418 1865 5486 ejus,
1890 5413 2196 5468 universum
2234 5418 2460 5466 stratum
2484 5405 2600 5474 ejus
2613 5404 2838 5459 versasti
2866 5403 2921 5455 in
2951 5401 3254 5455 inﬁrmitate

85 5490 244 5577 αὐτοῦ.
471 5490 642 5571 εἶπαί
693 5508 867 5577 Κύριε
889 5548 903 5571 ,
953 5490 1167 5576 ἐλέησόν
1195 5521 1261 5575 με
1283 5544 1297 5569 ,
1333 5501 1475 5554 ῐασαι
1519 5503 1614 5570 τὴν

1728 5505 1864 5575 ejus.
1889 5501 1999 5572 Ego
2010 5500 2119 5554 dixi
2146 5518 2160 5554 :
2190 5499 2432 5562 Domine,
2453 5496 2707 5550 miserere
2733 5493 2860 5556 mei,
2876 5505 3003 5546 sana
3017 5490 3254 5544 animam

140 5630 179 5660 “
209 5630 367 5687 Joan.
404 5647 452 5695 ι,
493 5625 587 5680 29.
728 5617 776 5648 "
813 5616 913 5673 lsa.
961 5634 1083 5683 ιιιι,
1115 5618 1166 5683 7,
1298 5617 1339 5647 ¹⁶
1376 5614 1500 5669 ibid.
1531 5616 1586 5670 8.
1735 5617 1960 5672 "lCor.
1997 5631 2099 5681 xv,
2154 5613 2243 5669 ‘21.
2389 5612 2431 5644 "
2471 5608 2627 5664 Rom.
2661 5626 2726 5670 ν,
2770 5607 2858 5660 l8.
3001 5604 3042 5634 ιθ
3104 5600 3261 5654 Joan.

140 5712 201 5752 u.
234 5699 319 5752 ω.

85 5706 171 5751 ’τω
187 5739 201 5765 ,
234 5702 319 5753 ιιι).

728 5617 776 5648 ’⁸
813 5616 913 5673 lsa.
961 5634 1083 5683 uri,
1115 5618 1166 5683 7,

1650 5780 1719 5795 εσο¹η
1760 5788 1763 5789 ν
