3740 6298
122 409 210 463 721

996 409 1621 466 DEMONSTRATIONIS
1655 401 2102 467 EVANGELICE
2138 393 2241 452 LIB
2279 401 2347 461 Χ.

3158 426 3267 480 722

117 524 268 591 τέρας
291 519 384 572 τοῦ
411 521 560 591 ἱεροῦ
598 522 955 589 κατασκαφῆς,
981 523 1381 592 προγνωσθέντα
1408 525 1499 575 καὶ
1520 525 1632 576 ἀνα-

1744 527 1895 588 alias,
1931 536 2090 593 quam
2119 516 2280 569 semel
2309 523 2525 588 quidem
2543 527 2907 595 papulantibus
2930 530 3262 602 Babyloniis:

117 611 420 682 φρονηθέντα
467 614 528 663 ἑν
594 616 698 674 τοῖς
739 611 1038 680 εἰρημένοις
1087 612 1325 681 Ψαλμοῖς
1390 615 1492 665 ὑπὸ
1550 614 1640 666 τοῦ

130 703 306 768 Ἀσάφ.
337 702 419 752 Τά
444 701 503 753 δὲ
525 703 748 772 δεύτερα
769 701 873 754 άπὸ
893 701 984 753 τοῦ
1014 703 1398 772 ἑϐδομηκοστοῦ
1427 705 1608 770 ὀγδόου
1625 745 1638 766 ,

113 790 400 862 ἐπληροῦτο
447 791 596 843 κατὰ
634 791 756 852 τοὺς
803 791 1066 858 Ἀντιόχου
1112 793 1346 861 χρόνους,
1384 792 1474 844 τοῦ
1515 793 1640 860 κλη-

113 883 281 944 θέντος
323 880 675 947 Ἐπιφανοῦς,
703 881 779 943 ὃς,
807 882 904 951 τῆς
945 882 1136 951 Συρίας
1173 882 1500 949 βασιλεύσας,
1541 885 1641 937 ὑπ-

109 976 284 1041 άγεται
323 972 423 1042 μὲν
459 971 531 1024 τὰ
570 972 921 1041 Ἱεροσόλυμα,
965 973 1156 1041 μιαίνει
1182 973 1237 1024 δὲ
1273 973 1360 1025 τὸν
1386 974 1525 1038 ναὸν,
1551 977 1641 1028 καὶ

109 1063 345 1132 καθαιρεῖ
386 1060 450 1114 τὸ
512 1063 920 1131 θυσιαστήριον
963 1062 1144 1114 ἔπειτα
1189 1065 1311 1125 τοὺς
1369 1065 1640 1128 Ἰουδαίους

117 1149 445 1220 Έλληνίζων,
486 1151 771 1212 πλείστους
799 1151 952 1212 ὅσους
980 1151 1152 1202 αὐτῶν
1190 1153 1380 1222 ἄνδρας
1427 1157 1518 1206 καὶ
1545 1171 1640 1221 γυ-

105 1245 278 1304 ναῖκας
324 1242 468 1311 ὑπὲρ
519 1241 618 1292 τοῦ
661 1241 860 1292 οἰκείου
907 1243 1066 1310 νόμου
1115 1243 1207 1294 καὶ
1251 1244 1346 1312 τῆς
1391 1244 1640 1314 πατρῴας

105 1333 364 1396 εὐσεϐείας
406 1331 625 1402 ἀνῄρει,
657 1331 916 1394 ποικίλαις
947 1331 1382 1404 προαικιζόμενος
1417 1335 1638 1403 τιμωρί-

109 1442 204 1488 αις.
229 1425 321 1485 Εἰς
369 1424 586 1474 ἐκεῖνον
615 1421 894 1490 τοιγαροῦν
929 1422 1016 1474 τὸν
1055 1422 1257 1491 καιρὸν,
1291 1424 1381 1475 καὶ
1411 1426 1489 1486 είς
1518 1426 1640 1486 τοὺς

109 1512 229 1585 μετὰ
266 1510 441 1565 ταῦτα
494 1509 580 1578 τῷ
636 1509 884 1578 Ἀντιόχῳ
916 1508 984 1560 τὰ
1026 1509 1111 1560 ἴσα
1147 1509 1467 1579 πράξαντας,
1513 1513 1641 1563 ἀνα..

105 1602 254 1670 φωνεῖ
307 1602 338 1652 ό
407 1600 592 1670 Ἀσάφ
655 1595 714 1647 τὸ
759 1596 864 1649 ἀπὸ
899 1595 989 1648 τοῦ
1043 1596 1424 1666 ἑϐδομηκοποῦ
1459 1599 1637 1666 ὀγδόου

103 1689 312 1760 ψαλμοῦ.
359 1691 657 1759 Μαρτυρεῖ
705 1688 758 1739 δὲ
811 1684 886 1754 τῷ
927 1684 1065 1753 λόγῳ
1094 1687 1125 1753 ή
1159 1685 1262 1735 τῶν
1303 1685 1638 1754 καλουμένων

105 1779 458 1830 Μακκαϐαίων
515 1779 726 1848 γραφὴ,
783 1773 964 1826 τοῦτον
1029 1773 1218 1841 ἔχουσα
1258 1775 1349 1826 τὸν
1408 1776 1633 1844 τρόπον’

111 1885 127 1917 ι
161 1869 258 1920 Καὶ
303 1867 888 1937 προσεπισυνηχθησαν
923 1867 1052 1936 πρὸς
1092 1865 1350 1933 Ἰάκειμον
1376 1865 1466 1916 καὶ
1498 1865 1634 1915 Βακ-

105 1958 236 2026 χίδην
291 1957 590 2026 συναγωγὴ
646 1955 1006 2025 γραμματέων
1043 1955 1334 2024 ὲκζητοῦσα
1374 1956 1568 2008 δίκαια.
1613 1975 1630 2007 ι

105 2045 198 2095 Καὶ
217 2045 339 2112 ἑξῆς
366 2044 620 2112 ἐπιλέγει
641 2061 653 2074 ·
680 2064 697 2094 ι
725 2046 832 2096 Καὶ
863 2043 1069 2112 ὤμοσεν
1095 2044 1271 2105 αὐτοῖς
1291 2043 1458 2110 λέγων
1477 2061 1489 2074 ’
1525 2045 1636 2096 Οὐκ

105 2134 453 2204 ἑκξητήσομεν
484 2135 623 2204 ὑμῖν
655 2134 840 2195 κακὸν,
859 2135 950 2186 καὶ
981 2136 1089 2195 τοῖς
1117 2133 1283 2200 φίλοις
1324 2133 1502 2202 ὑμῶν·
1546 2135 1636 2186 καὶ

105 2221 468 2273 ἑνεπίστευσαν
517 2205 705 2290 αύτῷο
751 2221 843 2273 καὶ
903 2220 1181 2272 συνέλαϐεν
1221 2219 1277 2284 ἑξ
1312 2220 1484 2272 αὐτῶν
1510 2220 1632 2290 ἑξή-

105 2327 246 2364 κοντα
275 2310 496 2382 ἄνδρας,
541 2312 641 2362 καὶ
669 2310 978 2362 ἀπέκτεινεν
1008 2310 1196 2372 αὐτοὺς
1216 2311 1272 2362 ὲν
1301 2311 1480 2380 ἡμέρᾳ
1519 2313 1631 2380 μιᾷ,

106 2401 228 2452 κατὰ
255 2401 341 2452 τὸν
369 2401 531 2468 λόγον
574 2400 745 2467 Ἀσὰφ
773 2400 832 2451 ὃν
860 2399 1106 2468 ἔγραψεν,
1134 2399 1334 2452 ἔδωκαν
1363 2399 1430 2451 τὰ
1455 2400 1634 2470 θνησι-

109 2492 223 2560 μαῖα
264 2490 368 2542 τῶν
421 2489 632 2542 δούλων
689 2506 780 2540 σου
826 2487 1082 2557 βρώματα
1111 2492 1221 2550 τοῖς
1257 2492 1511 2551 πετεινοῖς
1541 2488 1632 2540 τοῦ

106 2578 329 2647 ούρανοῦ,
361 2579 579 2648 σάρκας
614 2577 776 2628 ὁσίων
817 2593 908 2629 σου
940 2580 1050 2639 τοῖς
1079 2577 1232 2640 ζώοις
1271 2579 1366 2647 τῆς
1399 2579 1518 2646 γῆς,
1556 2580 1636 2630 αἶ-

109 2684 232 2736 ματα
269 2667 442 2721 αὐτῶν
469 2667 699 2736 ἐξέχεαν
725 2667 904 2736 κύκλῳ
939 2667 1298 2736 Ἰερουσαλὴμ,
1323 2669 1412 2719 καὶ
1444 2669 1540 2720 οὐκ
1569 2664 1635 2738 ἦν

106 2757 364 2809 ὀθάπτων.
399 2776 418 2808 ι
451 2756 678 2809 Τούτων
712 2755 850 2808 οὕτω
883 2755 1287 2826 προρρηθέντων
1321 2757 1410 2808 καὶ
1449 2758 1636 2809 ἀποτε-

107 2844 393 2910 λεσθέντων,
428 2848 492 2898 ού
527 2846 860 2914 θαυμαστὸν,
888 2847 934 2896 εί
967 2844 1103 2898 κατὰ
1131 2845 1218 2897 τὸν
1255 2846 1411 2897 αὐτὸν
1443 2846 1634 2915 τρόπον

108 2939 186 2990 καὶ
245 2938 309 2991 τὰ
357 2935 762 3008 προεκτεθέντα
805 2934 894 2987 τοῦ
939 2935 1361 3004 τεσσαρακοστοῦ
1426 2935 1633 3004 ψαλμοῦ

106 3023 236 3095 λόγια
285 3025 541 3096 σημαίνει
589 3023 662 3075 τὰ
703 3022 954 3091 μέλλοντα
995 3022 1204 3075 ἔσεσθαι
1248 3023 1384 3076 κατὰ
1423 3023 1508 3075 τὸν
1537 3023 1634 3093 τῆς

1741 618 1929 669 iterum
1947 622 2120 668 autem
2138 608 2272 663 bello
2283 615 2428 680 quod
2451 620 2724 672 adversum
2735 617 2979 675 Judzeosa
3003 621 3255 677 Romanis

1740 713 1944 774 gestum
1976 711 2077 765 est,
2102 707 2520 776 unumquodque
2559 707 2698 762 enim
2722 724 2930 772 eorum.
2954 727 3070 781 qua:
3110 714 3254 766 dicta

1739 802 1885 858 sunt,
1915 794 2233 864 completum
2268 804 2350 849 est
2393 806 2501 850 tam
2534 799 2702 867 prima
2735 801 2912 870 templi
2955 803 3250 866 eversione,

1736 901 1894 953 quam
1924 901 1985 940 ea
2023 899 2140 954 quae
2181 896 2363 941 secuta
2392 896 2493 950 est,
2535 891 2744 944 tametsi
2783 890 2835 943 in
2867 891 3013 945 hisce
3045 893 3252 947 duobus

1737 975 1955 1043 psalmis
1991 983 2043 1029 et
2073 977 2346 1044 provisum
2390 986 2443 1032 et
2472 980 2805 1032 enuntiatum
2843 988 2943 1033 est.
2979 980 3103 1045 Quae
3129 998 3253 1036 vero

1737 1063 1971 1117 secundo
1996 1063 2113 1117 loco
2135 1065 2494 1130 recitavimus,
2523 1075 2575 1120 et
2596 1080 2624 1117 a
2653 1067 3042 1135 septuagesimo
3067 1076 3254 1124 octavo

1735 1150 1940 1218 psalmo
1986 1152 2306 1220 accepimus,
2359 1155 2620 1221 completa
2676 1163 2800 1208 sunt
2847 1156 2964 1224 ejus
3007 1156 3253 1211 Antiochi

1735 1240 2083 1307 temporibus,
2128 1242 2221 1310 qui
2250 1249 2471 1296 vocatus
2503 1253 2586 1297 est
2629 1243 2878 1306 Illustris,
2924 1243 3014 1313 qui
3048 1261 3167 1298 cum
3200 1249 3252 1299 in

1737 1326 1889 1397 Syria
1913 1339 2174 1398 regnaret,
2209 1331 2401 1400 irrupit
2446 1331 2658 1401 quidem
2686 1332 2741 1387 in
2785 1333 2972 1386 urbem
3006 1331 3258 1387 Hieroso-

1736 1417 1895 1486 lyma,
1919 1417 2133 1472 fmdavit
2154 1436 2281 1475 vero
2309 1422 2585 1490 templum,
2612 1430 2665 1477 et
2701 1423 3064 1477 sanctuarium
3109 1439 3258 1476 ever-

1734 1509 1816 1563 tit.
1842 1508 2080 1578 Dumque
2123 1509 2336 1566 Judaeos
2373 1510 2677 1568 Graecorum
2719 1513 2956 1568 moribus
3005 1515 3147 1582 cogit
3179 1515 3259 1568 vi-

1733 1611 1878 1662 vere,
1911 1599 2331 1668 quamplurimos
2365 1616 2550 1655 eorum
2577 1608 2682 1654 tam
2714 1617 2887 1656 mares
2913 1617 3072 1671 quam
3107 1602 3259 1656 femi-

1736 1701 1850 1750 nas,
1878 1687 1966 1755 qui
1998 1703 2168 1757 neque
2199 1690 2440 1758 preprias
2473 1689 2616 1758 leges
2646 1705 2816 1758 neque
2847 1691 3074 1758 patriam
3098 1692 3261 1760 pieta-

1735 1783 1840 1828 tem
1863 1776 2107 1831 deserere
2142 1779 2405 1844 volebant,
2431 1779 2590 1834 variis
2617 1779 2767 1847 prius
2810 1788 3026 1836 vexatos
3053 1780 3256 1850 suppli-

1733 1864 1852 1923 ciis,
1886 1864 2168 1919 interfecit.
2201 1866 2258 1918 In
2290 1865 2417 1922 illud
2456 1880 2582 1934 ergo
2609 1873 2838 1936 tempus,
2863 1874 2916 1922 et
2945 1869 2997 1921 in
3031 1883 3123 1923 eos
3163 1870 3255 1936 qui

1733 1955 1975 2022 posthac,
2007 1956 2192 2009 eadem
2223 1971 2340 2024 quae
2366 1956 2660 2011 Antiochus
2690 1960 3036 2025 patraverint,
3062 1959 3256 2011 clamat

1732 2044 1909 2112 Asaph
1936 2059 1997 2098 ea
2025 2059 2143 2114 quae
2187 2049 2578 2122 septuagesimo
2617 2055 2805 2101 octavo
2846 2049 3051 2116 psalmo
3081 2050 3256 2100 conti--

1732 2139 1942 2185 nentur.
1970 2130 2150 2186 Fidem
2182 2131 2305 2186 huic
2336 2135 2409 2187 rei
2457 2133 2601 2196 facit,
2632 2149 2694 2188 ea
2741 2148 2857 2202 qua:
2888 2141 3109 2187 vocatur
3145 2133 3256 2186 Ma-

1732 2221 2028 2274 cabaeorum
2057 2221 2302 2286 historia,
2325 2238 2444 2292 quae
2463 2224 2516 2277 in
2549 2225 2692 2277 hunc
2720 2224 2932 2280 modum
2967 2239 3024 2278 se
3053 2223 3210 2278 habet
3235 2243 3248 2276 ι

1738 2325 1756 2358 ι
1787 2307 1848 2362 Et
1877 2319 2238 2364 convenerunt
2269 2310 2335 2363 ad
2362 2309 2624 2364 Jacimum
2667 2318 2720 2365 et
2754 2311 3072 2365 Bacchidem
3117 2326 3251 2364 con-

1731 2398 1966 2466 gregatio
1992 2399 2288 2453 scribarum
2307 2400 2694 2469 requirentium
2716 2401 2986 2469 quaajusta
3009 2383 3212 2464 sunt",
3227 2419 3244 2451 ι

1730 2493 1786 2538 et
1813 2484 2063 2554 deinceps
2095 2484 2370 2556 adiungit:
2395 2504 2415 2537 ι
2439 2485 2502 2538 Et
2524 2486 2725 2555 juravit
2752 2487 2858 2541 illis
2889 2487 3107 2542 dicens:
3134 2487 3252 2540 Non

1732 2571 2020 2626 inferemus
2054 2571 2206 2628 vobis
2252 2573 2470 2636 malum,
2508 2588 2679 2642 neque
2717 2574 2901 2628 amicis
2941 2575 3156 2637 vestris,
3199 2582 3252 2627 et

1731 2661 2067 2716 crediderunt
2113 2662 2183 2726 ei,
2219 2672 2272 2718 et
2317 2663 2714 2732 comprehendit
2756 2679 2821 2718 ex
2858 2665 2925 2719 iis
2976 2664 3250 2733 sexaginta

1730 2752 1895 2814 viros,
1923 2757 1976 2804 et
2003 2751 2197 2805 occidit
2223 2766 2315 2807 eos
2343 2753 2397 2806 in
2430 2768 2535 2807 uno
2567 2753 2672 2818 die,
2707 2755 2997 2808 secundum
3031 2755 3252 2808 verbum

1729 2838 1908 2910 Asaph
1936 2840 2078 2910 quod
2118 2842 2354 2909 scripsit,
2375 2842 2634 2896 dederunt
2662 2843 2944 2897 morticina
2977 2858 3252 2897 servorum

1732 2937 1942 2982 tuorum
1985 2944 2140 2985 escas
2174 2930 2478 2986 volatilibus
2516 2933 2658 2997 caeli,
2715 2947 2906 2986 carnes
2944 2941 3259 2988 sanctorum.

1733 3027 1942 3072 tuorum
1971 3020 2156 3075 bestiis
2182 3027 2358 3084 terrae,
2395 3026 2814 3092 sanguinemque
2845 3038 3030 3078 eorum
3051 3022 3253 3078 eﬂ'ude-

105 3113 182 3166 τοῦ
220 3116 462 3185 Σωτῆρος
501 3113 664 3183 ἡμῶν
694 3113 977 3183 ἐπιϐουλῆς
1003 3114 1206 3182 χρόνον,
1234 3113 1372 3183 άπερ
1403 3115 1473 3182 μὴ
1500 3114 1632 3166 πάν-

1732 3117 1855 3161 runt
1881 3111 1936 3163 in
1972 3110 2200 3163 circuitu
2237 3109 2553 3174 Jerusalem,
2604 3121 2658 3166 et
2689 3127 2795 3166 non
2822 3121 2938 3167 erat
2967 3114 3057 3181 qui
3099 3127 3252 3181 sepe-

105 3217 195 3254 των
223 3202 520 3273 ἀνθρώπων
552 3202 862 3264 συνιέντων,
895 3202 1038 3263 ὅπως
1071 3201 1237 3268 Λόγος
1263 3200 1335 3252 ὢν
1368 3202 1519 3265 Θεοῦ,
1541 3205 1631 3254 καὶ

106 3290 260 3357 σοφία,
293 3291 385 3343 καὶ
416 3289 555 3358 ζωὴ,
573 3288 668 3341 καὶ
695 3287 808 3355 φῶς
831 3287 1092 3356 ἀληθινὸν,
1110 3289 1200 3340 καὶ
1222 3289 1394 3340 πάντα
1415 3289 1632 3341 πλοῦτον

104 3377 295 3442 ἀγαθῶν
320 3377 685 3446 κεκτημένος,
715 3375 779 3426 δι’
807 3377 950 3444 ἡμᾶς
992 3374 1289 3442 ἑπτώχευσε
1341 3375 1513 3445 σάρκα
1543 3377 1634 3427 λα-

101 3467 211 3528 ϐὼν,
240 3470 330 3521 καὶ
371 3471 487 3530 τοῖς
521 3467 586 3518 τὸ
616 3466 770 3533 γένος
797 3465 1003 3534 θνητοῖς
1037 3465 1333 3534 ἀνθρώποις
1367 3467 1456 3517 καὶ
1495 3481 1634 3517 πτω-

99 3560 197 3625 χοῖς
225 3558 528 3628 όμοιωθεὶς,
549 3557 764 3626 μορφήν
784 3570 841 3605 τε
861 3554 1041 3607 δούλου
1067 3556 1158 3606 καὶ
1180 3555 1401 3622 πένητος
1419 3553 1598 3623 ἁνειλη

97 3648 211 3714 φὼς,
236 3652 324 3702 καὶ
352 3650 596 3718 μάλιστα
621 3645 740 3698 καθ’
765 3645 827 3696 ὃν
844 3645 1026 3713 καιρὸν
1047 3644 1277 3712 ἐπλήρου
1299 3645 1394 3712 τὴν
1419 3644 1524 3695 ἀπὸ
1541 3643 1631 3696 τοῦ

96 3737 285 3806 ψαλμοῦ
331 3737 702 3809 προφητείαν,
761 3734 980 3795 εἰκότως
1019 3734 1075 3784 ἐν
1125 3732 1260 3801 ἀρχῇ
1292 3731 1383 3783 τοῦ
1424 3731 1632 3801 ψαλμοῦ

95 3828 434 3899 μακαρίζεται
470 3828 500 3877 ὁ
529 3825 701 3878 ταῦτα
725 3824 852 3892 περὶ
881 3822 1041 3874 αὑτοῦ
1079 3821 1295 3883 συνιεὶς,
1318 3821 1630 3888 ἐπαγγελίας

93 3921 351 3986 τυγχάνων
379 3920 482 3987 τῆς
518 3913 1028 3984 ἀναγεγραμμένης.
1057 3910 1166 3964 Εἶθ’
1193 3911 1315 3980 ἑξῆς
1343 3914 1404 3963 ἐκ
1431 3910 1620 3980 προσώ-

89 4023 178 4057 που
193 4006 371 4060 λοιπὸν
393 4006 461 4075 δὴ
495 4004 594 4056 τοῦ
623 4003 849 4070 πένητος
883 4002 973 4052 καὶ
1002 3999 1231 4067 πτωχοῦ,
1250 3998 1408 4051 αὑτοῦ
1439 3998 1634 4069 δηλαδὴ

89 4094 172 4146 τοῦ
209 4097 270 4148 δι’
296 4099 450 4168 ἡμᾶς
491 4092 902 4161 πτωχεύσαντος
944 4090 1186 4158 Σωτῆρος
1229 4089 1413 4158 ήμῶν,
1463 4089 1609 4140 ἑπιλέ

86 4201 253 4251 γεται·
292 4206 311 4237 ι
367 4185 518 4253 Ἐγὼ
567 4181 724 4236 εἶπα·
761 4181 949 4251 Κύριε,
1003 4180 1214 4248 ἐλέησόν
1253 4197 1337 4250 με.
1379 4199 1398 4232 ι
1435 4183 1548 4233 ’Ὁτι
1577 4180 1632 4231 δε

86 4278 142 4327 ὲκ
168 4277 461 4345 προσώπου
489 4274 587 4326 τοῦ
622 4272 870 4340 Σωτῆρος
907 4269 974 4322 τὰ
1012 4272 1068 4322 ἑν
1112 4269 1186 4339 τῷ
1228 4269 1421 4339 ψαλμῷ
1449 4269 1620 4322 Θεσπίς

84 4363 249 4429 ζεται,
284 4369 580 4437 αὐτάρκης
638 4364 845 4434 μάρτυς
889 4362 917 4412 ὁ
963 4361 1344 4431 εὐαγγελιστὴς
1392 4363 1633 4431 Ἰωάννης

1734 3200 1925 3253 liret".
1959 3217 1979 3250 ι
2018 3197 2153 3252 Cum
2182 3199 2294 3253 haec
2338 3201 2394 3253 in
2422 3199 2564 3253 hunc
2591 3200 2805 3254 modum
2831 3208 2884 3254 et
2924 3201 3172 3269 praedicta
3201 3208 3260 3254 et.

1729 3289 1987 3355 completa
2023 3289 2150 3352 sint,
2192 3290 2388 3342 mirum
2415 3289 2582 3342 videri
2624 3304 2731 3343 non
2776 3290 2950 3355 debet,
2992 3293 3038 3344 si
3065 3290 3252 3344 eodem

1731 3377 1887 3430 modo
1905 3378 2063 3430 etiam
2085 3379 2302 3431 oracula
2334 3378 2400 3432 de
2428 3379 2834 3447 quadragesimo
2860 3379 3064 3446 psalmo
3085 3393 3255 3445 nuper

1728 3478 1964 3536 accepta,
1992 3468 2122 3536 quid
2171 3468 2411 3522 futurum
2457 3476 2600 3523 esset
2648 3484 2742 3537 per
2786 3468 2839 3522 id
2882 3477 3106 3537 tempus,
3145 3483 3265 3535 quo.

1727 3555 1893 3610 Judaei
1927 3557 2182 3612 adversus
2211 3557 2537 3612 Salvatorcm
2568 3564 2810 3611 nostrum
2853 3557 3248 3624 conspirarunt,

1730 3645 2031 3714 significant
2061 3663 2074 3698 :
2100 3661 2166 3700 ex
2194 3646 2389 3714 quibus
2437 3660 2558 3699 cum
2588 3645 2824 3698 universi
2871 3643 3114 3722 homines
3142 3657 3252 3696 non

1731 3736 2105 3805 intelligerent,
2138 3751 2370 3805 quonam
2417 3745 2575 3806 pacto
2617 3737 2709 3806 qui
2743 3734 2974 3789 Verbum
3020 3733 3112 3788 Dei
3145 3742 3248 3796 est,

1730 3835 1781 3881 et
1819 3827 2100 3894 sapientia,
2130 3835 2184 3879 et
2219 3827 2347 3890 vita,
2382 3833 2436 3880 et
2482 3827 2661 3880 lumen
2702 3839 2918 3889 verum,
2971 3830 3024 3877 et
3065 3838 3267 3878 omnes.

1732 3917 1990 3970 bonorum
2031 3916 2243 3970 divitias
2272 3916 2582 3984 possidens,
2598 3922 2814 3984 propter
2856 3928 2954 3967 nos
2977 3921 3253 3981 assumpto

1728 4021 1967 4074 corpore,
1992 4012 2044 4059 et
2076 4020 2275 4074 pauper
2305 4013 2358 4058 et
2386 4013 2574 4058 natura
2605 4004 2918 4058 mortalibus
2949 4002 3254 4056 hominibus

1730 4106 1781 4151 et
1804 4096 1984 4165 egenis
2021 4096 2213 4149 similis
2243 4097 2312 4150 sit
2341 4095 2536 4158 factus,
2577 4093 2911 4162 formamque
2935 4099 2988 4146 et
3029 4093 3170 4146 servi
3198 4101 3254 4146 et

1731 4187 1974 4255 pauperis
2020 4185 2301 4252 acceperit,
2333 4185 2564 4238 maxime
2607 4199 2712 4252 quo
2749 4191 2984 4252 tempore
3020 4182 3254 4250 comple-

1731 4276 1818 4328 bat
1865 4289 1927 4327 ea
1958 4287 2074 4343 quae
2103 4275 2164 4326 ad
2194 4274 2524 4342 prophetiam
2560 4273 2720 4340 hujus
2747 4271 2940 4340 psalmi
2964 4269 3252 4339 pertinent,

1731 4367 1918 4420 merito
1944 4367 1993 4418 in
2025 4366 2176 4418 initio
2206 4365 2416 4434 psalmi,
2446 4365 2492 4418 is
2519 4371 2577 4417 ut
2612 4364 2798 4426 beatus
2827 4359 3251 4422 commendatur,

83 4460 342 4526 τυγχάνει.
382 4459 620 4524 Ἱστορεῖ
651 4454 777 4524 γάρ,
815 4454 894 4505 ὅτι
943 4470 961 4502 ι
1002 4451 1236 4503 Δαϐὼνό
1279 4451 1477 4520 Ἰησοῦς
1506 4469 1629 4503 ποτε

1732 4457 1820 4524 qui
1853 4457 1962 4508 haec
1990 4456 2056 4510 de
2083 4455 2175 4509 illo
2206 4453 2545 4516 intellexerit,
2584 4457 2762 4520 utpote
2813 4451 2903 4518 qui
2931 4448 3270 4517 promissam.

83 4542 272 4599 λέντιον
305 4544 708 4618 περιεζώσατο,
743 4544 835 4594 καὶ
876 4542 1029 4606 νίψας
1063 4543 1184 4602 τοὺς
1209 4540 1369 4602 πόδας
1400 4541 1504 4594 τῶν
1533 4557 1631 4611 μα-

85 4632 246 4702 θητῶν
285 4637 460 4688 αὑτοῦ
506 4632 688 4686 εἶπεν·
727 4630 866 4698 Ἐγὼ
891 4624 1005 4682 οῖδα
1034 4630 1124 4692 οὓς
1153 4630 1488 4698 ἐξελεξάμην·
1519 4631 1630 4683 ἀλλ’

85 4722 162 4776 ἵνα
204 4727 236 4794 ἡ
285 4725 488 4797 Γραφὴ
524 4722 785 4794 πληρωθῇ
811 4737 824 4750 ·
870 4721 927 4773 '0
968 4719 1186 4790 τρώγων
1239 4721 1350 4789 μετ’
1384 4721 1513 4788 ἐμοῦ
1541 4722 1630 4775 τὸν

85 4813 232 4882 άρτον
275 4818 488 4886 ἐπῆρεν
540 4816 630 4866 ἐπ’
662 4812 762 4881 ἐμὲ
799 4811 892 4880 τὴν
931 4811 1160 4881 πτέρναν
1201 4810 1381 4862 αὑτοῦ.
1413 4829 1429 4859 ι
1467 4811 1628 4863 Ποίαν

85 4902 182 4973 γάρ
215 4904 614 4975 πεπληρῶσθαι
662 4901 878 4972 γραφὴν
916 4903 971 4952 ἐν
1001 4901 1203 4962 τούτοις
1242 4899 1422 4974 ἐδήλου
1454 4900 1565 4952 ἀλλ’
1597 4902 1631 4970 ἢ

89 4994 177 5062 τὴν
201 4995 290 5048 τοῦ
317 4996 462 5064 μετὰ
487 4999 676 5065 χεῖρας
695 4992 908 5060 ψαλμοῦ
939 4993 997 5045 ὲν
1025 4986 1068 5058 ᾧ
1099 4993 1324 5062 εἴρηται·
1346 5009 1364 5040 ι
1401 4991 1507 5042 Καὶ
1528 4992 1632 5063 γὰρ

87 5080 116 5130 ὁ
141 5083 418 5154 ἄνθρωπος
436 5085 542 5152 τῆς
572 5083 800 5152 είρήνης
821 5098 935 5149 μου,
964 5082 1043 5149 ἐφ’
1071 5082 1126 5132 ὃν
1147 5081 1365 5148 ἤλπισα,
1388 5079 1416 5128 ὁ
1444 5080 1630 5133 ἐσθίων

94 5170 271 5238 ἄρτους
319 5191 446 5243 μου,
485 5172 820 5242 ἐμεγάλυνεν
860 5173 940 5222 ἐπ’
968 5170 1064 5239 ἐμὲ
1092 5166 1440 5237 πτερνισμόν;
1473 5185 1490 5215 ι
1524 5169 1630 5237 Φη-

97 5260 167 5310 σὶν
191 5258 281 5314 οὖν
315 5263 651 5333 ἀρχόμενος·
688 5276 708 5308 ι
753 5256 888 5323 Ἐγὼ
918 5256 1041 5310 εἶπα
1059 5275 1071 5286 ·
1103 5256 1285 5326 Κύριε,
1303 5252 1518 5320 ἐλέησόν
1542 5272 1630 5323 με,

107 5345 230 5401 ίασαι
255 5352 352 5419 τὴν
383 5351 562 5418 ψυχήν
601 5345 829 5414 μου,ὃτι
849 5344 1080 5415 ἤμαρτόν
1113 5359 1218 5394 σοι·
1251 5360 1269 5391 ι
1309 5339 1398 5391 καὶ
1427 5339 1490 5390 δι’
1510 5342 1630 5394 ὅλου

100 5435 177 5486 τοῦ
200 5439 292 5505 φα)
305 5439 408 5508 μοῦ
428 5456 442 5468 ·
470 5440 620 5504 ἅπερ
659 5431 980 5501 σαφέστερον
998 5437 1024 5486 ὁ
1046 5431 1324 5500 Σύμμαχος
1352 5427 1532 5480 τοῦτον
1548 5431 1633 5496 ἐξ-

112 5521 248 5580 έδωκε
267 5529 351 5580 τὸν
383 5526 620 5596 τρόπον’
665 5537 687 5570 ε
733 5519 888 5587 Ἐμοῦ
920 5522 1182 5589 λέγοντοςο
1217 5517 1404 5586 Κύριε,
1437 5517 1632 5571 οἴκτει-

1733 4545 1956 4613 publicae
2009 4544 2276 4597 memoria:
2320 4545 2574 4597 traditum
2635 4541 2889 4596 obtineat.
2916 4539 3076 4609 466
3119 4537 3253 4590 Tum

1731 4633 2001 4698 deinceps,
2031 4634 2174 4700 quod
2204 4640 2467 4700 superest,
2500 4647 2565 4686 ex
2596 4631 2765 4698 ipsius
2811 4628 3059 4697 pauperis
3097 4634 3255 4694 atque

1733 4721 1879 4789 egeni
1907 4734 2157 4786 persona.
2196 4721 2367 4788 ipsius
2414 4719 2664 4775 videlicet
2717 4716 3012 4768 Salvatoris
3057 4714 3252 4774 nostri,

1731 4810 1825 4878 qui
1853 4814 2069 4876 propter
2092 4824 2190 4862 nos
2214 4809 2427 4878 inopem
2469 4810 2632 4863 vitam
2663 4806 2976 4873 assumpsit,
3008 4804 3222 4873 adjungi
3251 4838 3257 4844 -

1731 4909 1857 4952 tur:
1899 4916 1918 4948 ι
1955 4898 2064 4967 Ego
2093 4899 2227 4962 dixi,
2260 4899 2501 4963 Domine,
2543 4899 2794 4952 miserere
2837 4897 3021 4948 mei".
3059 4915 3076 4946 ι
3105 4895 3254 4960 Quod

1731 5004 1856 5044 vero
1876 5003 1940 5042 ex
1973 5003 2199 5056 persona
2235 4988 2546 5052 Salvatoris,
2568 5002 2686 5055 quae
2721 4979 2785 5037 ad
2812 4985 2957 5039 hunc
2995 4987 3256 5054 psalmum

1730 5076 2014 5146 pertinent,
2048 5076 2302 5144 praedicta
2350 5077 2477 5138 sint,
2521 5075 2755 5144 optimus
2806 5086 2940 5127 sane
2988 5075 3058 5127 sit
3105 5075 3260 5126 testis

1731 5166 2050 5236 evangelista
2081 5164 2335 5220 Joannes.
2364 5165 2560 5219 Narrat
2600 5164 2766 5224 enim,
2817 5170 2879 5215 ut
2924 5164 3052 5216 olim
3082 5162 3259 5226 Iesus,

1730 5272 1852 5310 cum
1899 5256 2194 5324 accepisset
2241 5257 2483 5316 linteum,
2525 5252 2868 5322 praecinxerit
2914 5268 2994 5316 se,
3039 5269 3265 5320 cumque

1733 5344 1894 5414 pedes
1911 5343 2291 5412 discipulorum
2315 5358 2534 5398 suorum
2560 5340 2840 5400 abluisset,
2865 5338 3066 5393 dixerit
3090 5355 3103 5389 :
3129 5340 3268 5406 «Ego

1733 5433 1846 5486 scio
1866 5447 2001 5501 quos
2028 5433 2296 5500 eiegerim,
2334 5434 2426 5488 sed
2463 5439 2522 5485 ut
2565 5429 2900 5497 compleatur
2939 5426 3224 5496 Scriptura
3251 5444 3268 5479 :

1733 5523 1834 5586 Qui
1863 5522 1970 5576 edit
2013 5537 2219 5576 mecum
2251 5538 2464 5592 panem,
2511 5519 2716 5576 levavit
2743 5525 2927 5572 contra
2956 5532 3051 5572 me
3099 5517 3274 5571 calca-

171 5697 514 5751 “lblachab.
557 5704 678 5752 νη,
726 5687 810 5740 12.
884 5693 928 5726 ’⁵
967 5693 1090 5749 ibid.
1127 5689 1299 5745 15-17.
1371 5689 1414 5721 ³³
1455 5687 1598 5744 Psal.
1640 5707 1730 5761 IL,
1765 5693 1815 5746 5.
