  <div class='ocr_page' id='page_1' title='image "/cluster/home/n/w/nwhite01/storage/ocr_20150623/22 (Eusebius; pt. 4)/nyp.33433081862355/393.png"; bbox 0 0 3740 6342; ppageno 0'>
   <div class='ocr_carea' id='block_1_1' title="bbox 402 370 506 424">
    <p class='ocr_par' dir='ltr' id='par_1_1' title="bbox 402 370 506 424">
     <span class='ocr_line' id='line_1_1' title="bbox 402 370 506 424; baseline 0 -1"><span class='ocrx_word' id='word_1_1' title='bbox 402 370 506 424; x_wconf 76' lang='grc'><strong>719</strong></span> 
     </span>
    </p>
   </div>
   <div class='ocr_carea' id='block_1_2' title="bbox 1059 334 3688 414">
    <p class='ocr_par' dir='ltr' id='par_1_2' title="bbox 1059 334 3688 414">
     <span class='ocr_line' id='line_1_2' title="bbox 1059 334 3688 414; baseline -0.013 -4"><span class='ocrx_word' id='word_1_2' title='bbox 1059 357 1322 414; x_wconf 82' lang='lat' dir='ltr'><strong>EUSEBll</strong></span> <span class='ocrx_word' id='word_1_3' title='bbox 1359 349 1829 409; x_wconf 57' lang='lat' dir='ltr'><strong>CASSARIENSIS</strong></span> <span class='ocrx_word' id='word_1_4' title='bbox 1867 347 2014 402; x_wconf 84' lang='lat' dir='ltr'>OPP.</span> <span class='ocrx_word' id='word_1_5' title='bbox 2060 343 2235 398; x_wconf 76' lang='lat' dir='ltr'><strong>PARS</strong></span> <span class='ocrx_word' id='word_1_6' title='bbox 2269 343 2335 397; x_wconf 80' lang='lat' dir='ltr'><strong>ll.</strong></span> <span class='ocrx_word' id='word_1_7' title='bbox 2375 371 2447 382; x_wconf 94' lang='lat'><strong><em>—</em></strong></span> <span class='ocrx_word' id='word_1_8' title='bbox 2481 334 3022 394; x_wconf 78' lang='lat' dir='ltr'><strong>APOLOGETICA.</strong></span> <span class='ocrx_word' id='word_1_9' title='bbox 3608 340 3688 391; x_wconf 56' lang='grc' dir='ltr'>τῆς,</span> 
     </span>
    </p>
   </div>
   <div class='ocr_carea' id='block_1_3' title="bbox 405 432 1882 544">
    <p class='ocr_par' dir='ltr' id='par_1_3' title="bbox 405 465 1882 544">
     <span class='ocr_line' id='line_1_3' title="bbox 405 465 1882 544; baseline -0.016 -10"><span class='ocrx_word' id='word_1_10' title='bbox 405 476 733 544; x_wconf 85' lang='lat' dir='ltr'><strong>meam,quia</strong></span> <span class='ocrx_word' id='word_1_11' title='bbox 755 472 974 541; x_wconf 78' lang='lat' dir='ltr'><strong>peccavi</strong></span> <span class='ocrx_word' id='word_1_12' title='bbox 1003 470 1130 535; x_wconf 93' lang='lat' dir='ltr'><strong>tibi;</strong></span> <span class='ocrx_word' id='word_1_13' title='bbox 1163 468 1364 523; x_wconf 85' lang='lat' dir='ltr'><strong>inimici</strong></span> <span class='ocrx_word' id='word_1_14' title='bbox 1401 467 1505 520; x_wconf 85' lang='lat' dir='ltr'><strong>mei</strong></span> <span class='ocrx_word' id='word_1_15' title='bbox 1530 465 1783 518; x_wconf 79' lang='lat' dir='ltr'><strong>dixerunt</strong></span> <span class='ocrx_word' id='word_1_16' title='bbox 1812 476 1882 512; x_wconf 81' lang='lat' dir='ltr'><strong>m:</strong></span> 
     </span>
    </p>
   </div>
   <div class='ocr_carea' id='block_1_4' title="bbox 2188 432 3665 544">
    <p class='ocr_par' dir='ltr' id='par_1_4' title="bbox 2194 432 3665 528">
     <span class='ocr_line' id='line_1_4' title="bbox 2194 432 3665 528; baseline -0.014 -17"><span class='ocrx_word' id='word_1_17' title='bbox 2194 477 2221 511; x_wconf 90' lang='grc' dir='ltr'><strong>ν</strong></span> <span class='ocrx_word' id='word_1_18' title='bbox 2252 474 2349 528; x_wconf 89' lang='grc' dir='ltr'><strong>μου</strong></span> <span class='ocrx_word' id='word_1_19' title='bbox 2373 493 2388 519; x_wconf 89' lang='grc'><strong>,</strong></span> <span class='ocrx_word' id='word_1_20' title='bbox 2423 455 2504 507; x_wconf 77' lang='grc' dir='ltr'><strong>ὅτι</strong></span> <span class='ocrx_word' id='word_1_21' title='bbox 2535 451 2783 523; x_wconf 79' lang='grc' dir='ltr'>ἦμαρτόν</span> <span class='ocrx_word' id='word_1_22' title='bbox 2837 464 2956 502; x_wconf 89' lang='grc' dir='ltr'>σοι.</span> <span class='ocrx_word' id='word_1_23' title='bbox 3022 443 3099 496; x_wconf 81' lang='grc' dir='ltr'><strong>Οἱ</strong></span> <span class='ocrx_word' id='word_1_24' title='bbox 3139 432 3371 518; x_wconf 54' lang='lat' dir='ltr'><strong>EXBW/</strong></span> <span class='ocrx_word' id='word_1_25' title='bbox 3393 463 3501 512; x_wconf 79' lang='grc' dir='ltr'>μου</span> <span class='ocrx_word' id='word_1_26' title='bbox 3539 442 3665 494; x_wconf 58' lang='grc' dir='ltr'>εἶπεν</span> 
     </span>
    </p>
   </div>
   <div class='ocr_carea' id='block_1_5' title="bbox 405 552 1947 634">
    <p class='ocr_par' dir='ltr' id='par_1_5' title="bbox 405 552 1947 634">
     <span class='ocr_line' id='line_1_5' title="bbox 405 552 1947 634; baseline -0.011 -12"><span class='ocrx_word' id='word_1_27' title='bbox 405 568 538 623; x_wconf 85' lang='lat' dir='ltr'><strong>mihi</strong></span> <span class='ocrx_word' id='word_1_28' title='bbox 565 566 810 634; x_wconf 85' lang='lat' dir='ltr'><strong>:quando</strong></span> <span class='ocrx_word' id='word_1_29' title='bbox 832 563 1106 626; x_wconf 84' lang='lat' dir='ltr'><strong>morietur,</strong></span> <span class='ocrx_word' id='word_1_30' title='bbox 1135 571 1187 614; x_wconf 90' lang='lat' dir='ltr'><strong>et</strong></span> <span class='ocrx_word' id='word_1_31' title='bbox 1221 560 1413 628; x_wconf 88' lang='lat' dir='ltr'><strong>peribit</strong></span> <span class='ocrx_word' id='word_1_32' title='bbox 1445 571 1638 610; x_wconf 84' lang='lat' dir='ltr'><strong>nomen</strong></span> <span class='ocrx_word' id='word_1_33' title='bbox 1682 555 1800 621; x_wconf 86' lang='lat' dir='ltr'><strong>ejus</strong></span> <span class='ocrx_word' id='word_1_34' title='bbox 1831 554 1852 605; x_wconf 86' lang='lat'><strong>?</strong></span> <span class='ocrx_word' id='word_1_35' title='bbox 1886 552 1947 605; x_wconf 81' lang='lat' dir='ltr'><strong>Et</strong></span> 
     </span>
    </p>
   </div>
   <div class='ocr_carea' id='block_1_6' title="bbox 405 643 1945 727">
    <p class='ocr_par' dir='ltr' id='par_1_6' title="bbox 405 643 1945 727">
     <span class='ocr_line' id='line_1_6' title="bbox 405 643 1945 727; baseline -0.013 -13"><span class='ocrx_word' id='word_1_36' title='bbox 405 661 452 715; x_wconf 85' lang='lat' dir='ltr'><strong>si</strong></span> <span class='ocrx_word' id='word_1_37' title='bbox 473 655 869 727; x_wconf 84' lang='lat' dir='ltr'><strong>ingrediebatur</strong></span> <span class='ocrx_word' id='word_1_38' title='bbox 884 653 1174 712; x_wconf 86' lang='lat' dir='ltr'><strong>utvideret,</strong></span> <span class='ocrx_word' id='word_1_39' title='bbox 1199 665 1336 702; x_wconf 81' lang='lat' dir='ltr'><strong>vana</strong></span> <span class='ocrx_word' id='word_1_40' title='bbox 1361 648 1682 716; x_wconf 80' lang='lat' dir='ltr'><strong>loquebatur</strong></span> <span class='ocrx_word' id='word_1_41' title='bbox 1695 659 1789 698; x_wconf 91' lang='lat' dir='ltr'><strong>cor</strong></span> <span class='ocrx_word' id='word_1_42' title='bbox 1806 643 1945 710; x_wconf 83' lang='lat' dir='ltr'><strong>ejus,</strong></span> 
     </span>
    </p>
   </div>
   <div class='ocr_carea' id='block_1_7' title="bbox 404 733 1950 816">
    <p class='ocr_par' dir='ltr' id='par_1_7' title="bbox 404 733 1950 816">
     <span class='ocr_line' id='line_1_7' title="bbox 404 733 1950 816; baseline -0.012 -13"><span class='ocrx_word' id='word_1_43' title='bbox 404 747 749 816; x_wconf 64' lang='lat' dir='ltr'><strong>congregavit</strong></span> <span class='ocrx_word' id='word_1_44' title='bbox 773 743 1107 812; x_wconf 77' lang='lat' dir='ltr'><strong>iniquitatem</strong></span> <span class='ocrx_word' id='word_1_45' title='bbox 1140 740 1264 801; x_wconf 88' lang='lat' dir='ltr'><strong>sibi,</strong></span> <span class='ocrx_word' id='word_1_46' title='bbox 1299 738 1672 806; x_wconf 77' lang='lat' dir='ltr'><strong>egrediebatur</strong></span> <span class='ocrx_word' id='word_1_47' title='bbox 1699 733 1866 792; x_wconf 82' lang='lat' dir='ltr'><strong>foras,</strong></span> <span class='ocrx_word' id='word_1_48' title='bbox 1897 741 1950 786; x_wconf 86' lang='lat' dir='ltr'><strong>et</strong></span> 
     </span>
    </p>
   </div>
   <div class='ocr_carea' id='block_1_8' title="bbox 406 824 1951 910">
    <p class='ocr_par' dir='ltr' id='par_1_8' title="bbox 406 824 1951 910">
     <span class='ocr_line' id='line_1_8' title="bbox 406 824 1951 910; baseline -0.014 -16"><span class='ocrx_word' id='word_1_49' title='bbox 406 839 722 910; x_wconf 85' lang='lat' dir='ltr'><strong>loquebatur</strong></span> <span class='ocrx_word' id='word_1_50' title='bbox 752 834 806 887; x_wconf 91' lang='lat' dir='ltr'><strong>in</strong></span> <span class='ocrx_word' id='word_1_51' title='bbox 833 833 1109 901; x_wconf 59' lang='lat' dir='ltr'><strong>idipsumf,</strong></span> <span class='ocrx_word' id='word_1_52' title='bbox 1165 829 1448 882; x_wconf 92' lang='lat' dir='ltr'><strong>adversum</strong></span> <span class='ocrx_word' id='word_1_53' title='bbox 1477 840 1561 878; x_wconf 92' lang='lat' dir='ltr'><strong>me</strong></span> <span class='ocrx_word' id='word_1_54' title='bbox 1593 824 1951 879; x_wconf 73' lang='lat' dir='ltr'><strong>susurrabant</strong></span> 
     </span>
    </p>
   </div>
   <div class='ocr_carea' id='block_1_9' title="bbox 407 913 1951 986">
    <p class='ocr_par' dir='ltr' id='par_1_9' title="bbox 407 913 1951 986">
     <span class='ocr_line' id='line_1_9' title="bbox 407 913 1951 986; baseline -0.013 -2"><span class='ocrx_word' id='word_1_55' title='bbox 407 944 594 985; x_wconf 90' lang='lat' dir='ltr'><strong>omnes</strong></span> <span class='ocrx_word' id='word_1_56' title='bbox 645 925 849 978; x_wconf 91' lang='lat' dir='ltr'><strong>inimici</strong></span> <span class='ocrx_word' id='word_1_57' title='bbox 883 923 1007 986; x_wconf 90' lang='lat' dir='ltr'><strong>mei,</strong></span> <span class='ocrx_word' id='word_1_58' title='bbox 1046 920 1332 974; x_wconf 87' lang='lat' dir='ltr'><strong>adversum</strong></span> <span class='ocrx_word' id='word_1_59' title='bbox 1363 933 1446 972; x_wconf 91' lang='lat' dir='ltr'><strong>me</strong></span> <span class='ocrx_word' id='word_1_60' title='bbox 1469 916 1778 985; x_wconf 77' lang='lat' dir='ltr'><strong>cogitabant</strong></span> <span class='ocrx_word' id='word_1_61' title='bbox 1811 913 1951 966; x_wconf 90' lang='lat' dir='ltr'><strong>mala</strong></span> 
     </span>
    </p>
   </div>
   <div class='ocr_carea' id='block_1_10' title="bbox 409 1006 1950 1084">
    <p class='ocr_par' dir='ltr' id='par_1_10' title="bbox 409 1006 1950 1084">
     <span class='ocr_line' id='line_1_10' title="bbox 409 1006 1950 1084; baseline -0.012 -10"><span class='ocrx_word' id='word_1_62' title='bbox 409 1021 560 1083; x_wconf 87' lang='lat' dir='ltr'><strong>mihi,</strong></span> <span class='ocrx_word' id='word_1_63' title='bbox 587 1017 808 1071; x_wconf 89' lang='lat' dir='ltr'><strong>verbum</strong></span> <span class='ocrx_word' id='word_1_64' title='bbox 837 1015 1081 1084; x_wconf 90' lang='lat' dir='ltr'><strong>iniquum</strong></span> <span class='ocrx_word' id='word_1_65' title='bbox 1105 1006 1806 1066; x_wconf 86' lang='lat' dir='ltr'><strong>constitueruntadversum</strong></span> <span class='ocrx_word' id='word_1_66' title='bbox 1843 1019 1950 1066; x_wconf 91' lang='lat' dir='ltr'><strong>me,</strong></span> 
     </span>
    </p>
   </div>
   <div class='ocr_carea' id='block_1_11' title="bbox 411 1094 1956 1180">
    <p class='ocr_par' dir='ltr' id='par_1_11' title="bbox 411 1094 1956 1180">
     <span class='ocr_line' id='line_1_11' title="bbox 411 1094 1956 1180; baseline -0.016 -11"><span class='ocrx_word' id='word_1_67' title='bbox 411 1109 652 1180; x_wconf 83' lang='lat' dir='ltr'><strong>nunquid</strong></span> <span class='ocrx_word' id='word_1_68' title='bbox 685 1106 777 1175; x_wconf 88' lang='lat' dir='ltr'><strong>qui</strong></span> <span class='ocrx_word' id='word_1_69' title='bbox 806 1105 1024 1171; x_wconf 83' lang='lat' dir='ltr'><strong>dormit,</strong></span> <span class='ocrx_word' id='word_1_70' title='bbox 1047 1118 1155 1157; x_wconf 92' lang='lat' dir='ltr'><strong>non</strong></span> <span class='ocrx_word' id='word_1_71' title='bbox 1185 1099 1405 1169; x_wconf 89' lang='lat' dir='ltr'><strong>adjiciet</strong></span> <span class='ocrx_word' id='word_1_72' title='bbox 1433 1105 1493 1151; x_wconf 90' lang='lat' dir='ltr'><strong>ut</strong></span> <span class='ocrx_word' id='word_1_73' title='bbox 1523 1103 1771 1163; x_wconf 85' lang='lat' dir='ltr'><strong>resurgat</strong></span> <span class='ocrx_word' id='word_1_74' title='bbox 1806 1094 1829 1145; x_wconf 87' lang='lat'><strong>?</strong></span> <span class='ocrx_word' id='word_1_75' title='bbox 1881 1099 1956 1147; x_wconf 89' lang='lat' dir='ltr'><strong>et-</strong></span> 
     </span>
    </p>
   </div>
   <div class='ocr_carea' id='block_1_12' title="bbox 411 1186 1956 1268">
    <p class='ocr_par' dir='ltr' id='par_1_12' title="bbox 411 1186 1956 1268">
     <span class='ocr_line' id='line_1_12' title="bbox 411 1186 1956 1268; baseline -0.014 -9"><span class='ocrx_word' id='word_1_76' title='bbox 411 1205 554 1259; x_wconf 86' lang='lat' dir='ltr'><strong>enim</strong></span> <span class='ocrx_word' id='word_1_77' title='bbox 587 1202 745 1255; x_wconf 93' lang='lat' dir='ltr'><strong>homo</strong></span> <span class='ocrx_word' id='word_1_78' title='bbox 796 1198 946 1268; x_wconf 87' lang='lat' dir='ltr'><strong>pacis</strong></span> <span class='ocrx_word' id='word_1_79' title='bbox 968 1210 1098 1250; x_wconf 69' lang='lat' dir='ltr'><strong>mea:</strong></span> <span class='ocrx_word' id='word_1_80' title='bbox 1125 1233 1141 1258; x_wconf 92' lang='lat'><strong>,</strong></span> <span class='ocrx_word' id='word_1_81' title='bbox 1173 1195 1228 1248; x_wconf 91' lang='lat' dir='ltr'><strong>in</strong></span> <span class='ocrx_word' id='word_1_82' title='bbox 1260 1206 1368 1262; x_wconf 88' lang='lat' dir='ltr'><strong>quo</strong></span> <span class='ocrx_word' id='word_1_83' title='bbox 1385 1189 1616 1259; x_wconf 87' lang='lat' dir='ltr'><strong>speravi,</strong></span> <span class='ocrx_word' id='word_1_84' title='bbox 1647 1187 1739 1256; x_wconf 91' lang='lat' dir='ltr'><strong>qui</strong></span> <span class='ocrx_word' id='word_1_85' title='bbox 1762 1186 1956 1240; x_wconf 88' lang='lat' dir='ltr'><strong>edebat</strong></span> 
     </span>
    </p>
   </div>
   <div class='ocr_carea' id='block_1_13' title="bbox 413 1278 1960 1364">
    <p class='ocr_par' dir='ltr' id='par_1_13' title="bbox 413 1278 1960 1364">
     <span class='ocr_line' id='line_1_13' title="bbox 413 1278 1960 1364; baseline -0.01 -17"><span class='ocrx_word' id='word_1_86' title='bbox 413 1308 581 1364; x_wconf 89' lang='lat' dir='ltr'><strong>panes</strong></span> <span class='ocrx_word' id='word_1_87' title='bbox 613 1304 781 1355; x_wconf 90' lang='lat' dir='ltr'><strong>meos,</strong></span> <span class='ocrx_word' id='word_1_88' title='bbox 817 1285 1180 1357; x_wconf 89' lang='lat' dir='ltr'><strong>magnilicavit</strong></span> <span class='ocrx_word' id='word_1_89' title='bbox 1224 1297 1385 1351; x_wconf 90' lang='lat' dir='ltr'><strong>super</strong></span> <span class='ocrx_word' id='word_1_90' title='bbox 1431 1295 1517 1334; x_wconf 89' lang='lat' dir='ltr'><strong>me</strong></span> <span class='ocrx_word' id='word_1_91' title='bbox 1571 1278 1960 1348; x_wconf 85' lang='lat' dir='ltr'><strong>supplantatio-</strong></span> 
     </span>
    </p>
   </div>
   <div class='ocr_carea' id='block_1_14' title="bbox 415 1368 1958 1445">
    <p class='ocr_par' dir='ltr' id='par_1_14' title="bbox 415 1368 1958 1445">
     <span class='ocr_line' id='line_1_14' title="bbox 415 1368 1958 1445; baseline -0.014 -3"><span class='ocrx_word' id='word_1_92' title='bbox 415 1401 559 1442; x_wconf 86' lang='lat' dir='ltr'><strong>nem.</strong></span> <span class='ocrx_word' id='word_1_93' title='bbox 591 1383 668 1436; x_wconf 90' lang='lat' dir='ltr'><strong>Tu</strong></span> <span class='ocrx_word' id='word_1_94' title='bbox 701 1377 1164 1445; x_wconf 87' lang='lat' dir='ltr'><strong>autem,Domine,</strong></span> <span class='ocrx_word' id='word_1_95' title='bbox 1189 1375 1443 1428; x_wconf 88' lang='lat' dir='ltr'><strong>miserere</strong></span> <span class='ocrx_word' id='word_1_96' title='bbox 1469 1372 1665 1434; x_wconf 91' lang='lat' dir='ltr'><strong>mei,et</strong></span> <span class='ocrx_word' id='word_1_97' title='bbox 1688 1368 1958 1423; x_wconf 86' lang='lat' dir='ltr'><strong>resuscita</strong></span> 
     </span>
    </p>
   </div>
   <div class='ocr_carea' id='block_1_15' title="bbox 416 1458 1958 1539">
    <p class='ocr_par' dir='ltr' id='par_1_15' title="bbox 416 1458 1958 1539">
     <span class='ocr_line' id='line_1_15' title="bbox 416 1458 1958 1539; baseline -0.013 -9"><span class='ocrx_word' id='word_1_98' title='bbox 416 1492 523 1539; x_wconf 86' lang='lat' dir='ltr'><strong>me,</strong></span> <span class='ocrx_word' id='word_1_99' title='bbox 552 1483 605 1529; x_wconf 83' lang='lat' dir='ltr'><strong>et</strong></span> <span class='ocrx_word' id='word_1_100' title='bbox 632 1472 921 1527; x_wconf 88' lang='lat' dir='ltr'><strong>retribuam</strong></span> <span class='ocrx_word' id='word_1_101' title='bbox 957 1469 1034 1522; x_wconf 91' lang='lat' dir='ltr'><strong>eis</strong></span> <span class='ocrx_word' id='word_1_102' title='bbox 1059 1483 1074 1533; x_wconf 87' lang='lat'><strong>;</strong></span> <span class='ocrx_word' id='word_1_103' title='bbox 1104 1467 1158 1520; x_wconf 92' lang='lat' dir='ltr'><strong>in</strong></span> <span class='ocrx_word' id='word_1_104' title='bbox 1190 1465 1291 1518; x_wconf 91' lang='lat' dir='ltr'><strong>hoc</strong></span> <span class='ocrx_word' id='word_1_105' title='bbox 1313 1461 1538 1533; x_wconf 83' lang='lat' dir='ltr'><strong>cognovi</strong></span> <span class='ocrx_word' id='word_1_106' title='bbox 1575 1458 1718 1530; x_wconf 88' lang='lat' dir='ltr'><strong>quod</strong></span> <span class='ocrx_word' id='word_1_107' title='bbox 1739 1458 1958 1513; x_wconf 90' lang='lat' dir='ltr'><strong>voluisti</strong></span> 
     </span>
    </p>
   </div>
   <div class='ocr_carea' id='block_1_16' title="bbox 418 1553 1959 1634">
    <p class='ocr_par' dir='ltr' id='par_1_16' title="bbox 418 1553 1959 1634">
     <span class='ocr_line' id='line_1_16' title="bbox 418 1553 1959 1634; baseline -0.014 -12"><span class='ocrx_word' id='word_1_108' title='bbox 418 1583 524 1628; x_wconf 91' lang='lat' dir='ltr'><strong>me,</strong></span> <span class='ocrx_word' id='word_1_109' title='bbox 549 1565 802 1634; x_wconf 89' lang='lat' dir='ltr'><strong>quoniam</strong></span> <span class='ocrx_word' id='word_1_110' title='bbox 828 1558 988 1632; x_wconf 65' lang='grc'><strong>464</strong></span> <span class='ocrx_word' id='word_1_111' title='bbox 1005 1573 1111 1612; x_wconf 90' lang='lat' dir='ltr'><strong>non</strong></span> <span class='ocrx_word' id='word_1_112' title='bbox 1132 1555 1383 1627; x_wconf 80' lang='lat' dir='ltr'><strong>gaudebit</strong></span> <span class='ocrx_word' id='word_1_113' title='bbox 1407 1553 1660 1608; x_wconf 89' lang='lat' dir='ltr'><strong>inimicus</strong></span> <span class='ocrx_word' id='word_1_114' title='bbox 1688 1566 1840 1605; x_wconf 90' lang='lat' dir='ltr'><strong>meus</strong></span> <span class='ocrx_word' id='word_1_115' title='bbox 1871 1565 1959 1604; x_wconf 88' lang='lat' dir='ltr'><strong>su-</strong></span> 
     </span>
    </p>
   </div>
   <div class='ocr_carea' id='block_1_17' title="bbox 418 1638 1959 1726">
    <p class='ocr_par' dir='ltr' id='par_1_17' title="bbox 418 1638 1959 1726">
     <span class='ocr_line' id='line_1_17' title="bbox 418 1638 1959 1726; baseline -0.014 -16"><span class='ocrx_word' id='word_1_116' title='bbox 418 1672 513 1726; x_wconf 88' lang='lat' dir='ltr'><strong>per</strong></span> <span class='ocrx_word' id='word_1_117' title='bbox 529 1670 632 1714; x_wconf 91' lang='lat' dir='ltr'><strong>me,</strong></span> <span class='ocrx_word' id='word_1_118' title='bbox 659 1667 743 1706; x_wconf 90' lang='lat' dir='ltr'><strong>me</strong></span> <span class='ocrx_word' id='word_1_119' title='bbox 756 1660 930 1706; x_wconf 88' lang='lat' dir='ltr'><strong>autem</strong></span> <span class='ocrx_word' id='word_1_120' title='bbox 952 1653 1168 1717; x_wconf 85' lang='lat' dir='ltr'><strong>propter</strong></span> <span class='ocrx_word' id='word_1_121' title='bbox 1187 1642 1548 1697; x_wconf 83' lang='lat' dir='ltr'><strong>innocentiam</strong></span> <span class='ocrx_word' id='word_1_122' title='bbox 1577 1638 1882 1707; x_wconf 90' lang='lat' dir='ltr'><strong>suscepisti,</strong></span> <span class='ocrx_word' id='word_1_123' title='bbox 1905 1643 1959 1691; x_wconf 91' lang='lat' dir='ltr'><strong>et</strong></span> 
     </span>
    </p>
   </div>
   <div class='ocr_carea' id='block_1_18' title="bbox 421 1730 1952 1803">
    <p class='ocr_par' dir='ltr' id='par_1_18' title="bbox 421 1730 1952 1803">
     <span class='ocr_line' id='line_1_18' title="bbox 421 1730 1952 1803; baseline -0.014 -3"><span class='ocrx_word' id='word_1_124' title='bbox 421 1743 753 1800; x_wconf 72' lang='lat' dir='ltr'><strong>confirmasti</strong></span> <span class='ocrx_word' id='word_1_125' title='bbox 795 1755 879 1792; x_wconf 87' lang='lat' dir='ltr'><strong>me</strong></span> <span class='ocrx_word' id='word_1_126' title='bbox 908 1738 962 1791; x_wconf 90' lang='lat' dir='ltr'><strong>in</strong></span> <span class='ocrx_word' id='word_1_127' title='bbox 996 1741 1286 1803; x_wconf 90' lang='lat' dir='ltr'><strong>conspectu</strong></span> <span class='ocrx_word' id='word_1_128' title='bbox 1343 1740 1433 1784; x_wconf 92' lang='lat' dir='ltr'><strong>tuo</strong></span> <span class='ocrx_word' id='word_1_129' title='bbox 1458 1731 1511 1784; x_wconf 91' lang='lat' dir='ltr'><strong>in</strong></span> <span class='ocrx_word' id='word_1_130' title='bbox 1535 1739 1792 1783; x_wconf 80' lang='lat' dir='ltr'><strong>aeternum</strong></span> <span class='ocrx_word' id='word_1_131' title='bbox 1825 1730 1890 1779; x_wconf 80' lang='grc' dir='ltr'><strong>ὀ.</strong></span> <span class='ocrx_word' id='word_1_132' title='bbox 1933 1744 1952 1776; x_wconf 75' lang='grc' dir='ltr'><strong>ι</strong></span> 
     </span>
    </p>
   </div>
   <div class='ocr_carea' id='block_1_19' title="bbox 422 1820 1956 1899">
    <p class='ocr_par' dir='ltr' id='par_1_19' title="bbox 422 1820 1956 1899">
     <span class='ocr_line' id='line_1_19' title="bbox 422 1820 1956 1899; baseline -0.012 -12"><span class='ocrx_word' id='word_1_133' title='bbox 422 1833 686 1899; x_wconf 83' lang='lat' dir='ltr'><strong>Quoniam</strong></span> <span class='ocrx_word' id='word_1_134' title='bbox 718 1827 959 1883; x_wconf 86' lang='lat' dir='ltr'><strong>nonnulli</strong></span> <span class='ocrx_word' id='word_1_135' title='bbox 979 1825 1233 1893; x_wconf 86' lang='lat' dir='ltr'><strong>suspicati</strong></span> <span class='ocrx_word' id='word_1_136' title='bbox 1249 1829 1374 1876; x_wconf 89' lang='lat' dir='ltr'><strong>sunt</strong></span> <span class='ocrx_word' id='word_1_137' title='bbox 1390 1821 1582 1875; x_wconf 92' lang='lat' dir='ltr'><strong>librum</strong></span> <span class='ocrx_word' id='word_1_138' title='bbox 1599 1820 1956 1882; x_wconf 88' lang='lat' dir='ltr'><strong>Psalmorum,</strong></span> 
     </span>
    </p>
   </div>
   <div class='ocr_carea' id='block_1_20' title="bbox 419 1910 1959 1994">
    <p class='ocr_par' dir='ltr' id='par_1_20' title="bbox 419 1910 1959 1994">
     <span class='ocr_line' id='line_1_20' title="bbox 419 1910 1959 1994; baseline -0.011 -16"><span class='ocrx_word' id='word_1_139' title='bbox 419 1924 654 1994; x_wconf 86' lang='lat' dir='ltr'><strong>hymnos</strong></span> <span class='ocrx_word' id='word_1_140' title='bbox 675 1928 879 1974; x_wconf 88' lang='lat' dir='ltr'><strong>tantum</strong></span> <span class='ocrx_word' id='word_1_141' title='bbox 915 1921 968 1970; x_wconf 89' lang='lat' dir='ltr'><strong>in</strong></span> <span class='ocrx_word' id='word_1_142' title='bbox 993 1916 1158 1968; x_wconf 91' lang='lat' dir='ltr'><strong>Deum</strong></span> <span class='ocrx_word' id='word_1_143' title='bbox 1177 1922 1229 1967; x_wconf 89' lang='lat' dir='ltr'><strong>et</strong></span> <span class='ocrx_word' id='word_1_144' title='bbox 1256 1911 1495 1965; x_wconf 89' lang='lat' dir='ltr'><strong>carmina</strong></span> <span class='ocrx_word' id='word_1_145' title='bbox 1513 1910 1807 1978; x_wconf 78' lang='lat' dir='ltr'><strong>theologica</strong></span> <span class='ocrx_word' id='word_1_146' title='bbox 1825 1923 1959 1962; x_wconf 92' lang='lat' dir='ltr'><strong>con-</strong></span> 
     </span>
    </p>
   </div>
   <div class='ocr_carea' id='block_1_21' title="bbox 421 1999 1961 2081">
    <p class='ocr_par' dir='ltr' id='par_1_21' title="bbox 421 1999 1961 2081">
     <span class='ocr_line' id='line_1_21' title="bbox 421 1999 1961 2081; baseline -0.01 -13"><span class='ocrx_word' id='word_1_147' title='bbox 421 2016 616 2074; x_wconf 83' lang='lat' dir='ltr'><strong>tinere,</strong></span> <span class='ocrx_word' id='word_1_148' title='bbox 647 2011 905 2081; x_wconf 59' lang='lat' dir='ltr'><strong>praesagia</strong></span> <span class='ocrx_word' id='word_1_149' title='bbox 934 2021 1061 2062; x_wconf 91' lang='lat' dir='ltr'><strong>vero</strong></span> <span class='ocrx_word' id='word_1_150' title='bbox 1091 2014 1182 2058; x_wconf 89' lang='lat' dir='ltr'><strong>aut</strong></span> <span class='ocrx_word' id='word_1_151' title='bbox 1207 2003 1272 2057; x_wconf 86' lang='lat' dir='ltr'><strong>de</strong></span> <span class='ocrx_word' id='word_1_152' title='bbox 1305 2002 1463 2057; x_wconf 87' lang='lat' dir='ltr'><strong>rebus</strong></span> <span class='ocrx_word' id='word_1_153' title='bbox 1504 1999 1699 2054; x_wconf 81' lang='lat' dir='ltr'><strong>futuris</strong></span> <span class='ocrx_word' id='word_1_154' title='bbox 1731 2000 1961 2068; x_wconf 85' lang='lat' dir='ltr'><strong>prophe-</strong></span> 
     </span>
    </p>
   </div>
   <div class='ocr_carea' id='block_1_22' title="bbox 423 2089 1963 2168">
    <p class='ocr_par' dir='ltr' id='par_1_22' title="bbox 423 2089 1963 2168">
     <span class='ocr_line' id='line_1_22' title="bbox 423 2089 1963 2168; baseline -0.008 -12"><span class='ocrx_word' id='word_1_155' title='bbox 423 2103 531 2156; x_wconf 87' lang='lat' dir='ltr'><strong>tias</strong></span> <span class='ocrx_word' id='word_1_156' title='bbox 556 2117 662 2154; x_wconf 91' lang='lat' dir='ltr'><strong>non</strong></span> <span class='ocrx_word' id='word_1_157' title='bbox 687 2101 834 2162; x_wconf 86' lang='lat' dir='ltr'><strong>item,</strong></span> <span class='ocrx_word' id='word_1_158' title='bbox 863 2097 1089 2168; x_wconf 76' lang='lat' dir='ltr'><strong>primum</strong></span> <span class='ocrx_word' id='word_1_159' title='bbox 1118 2093 1248 2147; x_wconf 79' lang='lat' dir='ltr'><strong>illud</strong></span> <span class='ocrx_word' id='word_1_160' title='bbox 1275 2089 1963 2157; x_wconf 84' lang='lat' dir='ltr'><strong>eritobservandum,quod</strong></span> 
     </span>
    </p>
   </div>
   <div class='ocr_carea' id='block_1_23' title="bbox 429 2177 1962 2248">
    <p class='ocr_par' dir='ltr' id='par_1_23' title="bbox 429 2177 1962 2248">
     <span class='ocr_line' id='line_1_23' title="bbox 429 2177 1962 2248; baseline -0.011 -5"><span class='ocrx_word' id='word_1_161' title='bbox 429 2187 843 2243; x_wconf 86' lang='lat' dir='ltr'><strong>innumerabilia</strong></span> <span class='ocrx_word' id='word_1_162' title='bbox 889 2190 1044 2245; x_wconf 89' lang='lat' dir='ltr'><strong>sunt,</strong></span> <span class='ocrx_word' id='word_1_163' title='bbox 1080 2195 1200 2248; x_wconf 65' lang='lat' dir='ltr'><strong>quae</strong></span> <span class='ocrx_word' id='word_1_164' title='bbox 1240 2179 1292 2230; x_wconf 90' lang='lat' dir='ltr'><strong>in</strong></span> <span class='ocrx_word' id='word_1_165' title='bbox 1330 2177 1435 2230; x_wconf 90' lang='lat' dir='ltr'><strong>illis</strong></span> <span class='ocrx_word' id='word_1_166' title='bbox 1466 2177 1641 2228; x_wconf 82' lang='lat' dir='ltr'><strong>futura</strong></span> <span class='ocrx_word' id='word_1_167' title='bbox 1673 2184 1962 2236; x_wconf 87' lang='lat' dir='ltr'><strong>canuntur,</strong></span> 
     </span>
    </p>
   </div>
   <div class='ocr_carea' id='block_1_24' title="bbox 427 2264 1961 2357">
    <p class='ocr_par' dir='ltr' id='par_1_24' title="bbox 427 2264 1961 2357">
     <span class='ocr_line' id='line_1_24' title="bbox 427 2264 1961 2357; baseline -0.012 -22"><span class='ocrx_word' id='word_1_168' title='bbox 427 2296 547 2357; x_wconf 66' lang='lat' dir='ltr'><strong>qua:</strong></span> <span class='ocrx_word' id='word_1_169' title='bbox 571 2279 786 2349; x_wconf 86' lang='lat' dir='ltr'><strong>quidem</strong></span> <span class='ocrx_word' id='word_1_170' title='bbox 835 2279 1050 2344; x_wconf 89' lang='lat' dir='ltr'><strong>longum</strong></span> <span class='ocrx_word' id='word_1_171' title='bbox 1083 2277 1224 2325; x_wconf 88' lang='lat' dir='ltr'><strong>esset</strong></span> <span class='ocrx_word' id='word_1_172' title='bbox 1256 2269 1310 2321; x_wconf 91' lang='lat' dir='ltr'><strong>in</strong></span> <span class='ocrx_word' id='word_1_173' title='bbox 1360 2267 1643 2336; x_wconf 67' lang='lat' dir='ltr'><strong>praesentia</strong></span> <span class='ocrx_word' id='word_1_174' title='bbox 1690 2264 1961 2332; x_wconf 81' lang='lat' dir='ltr'><strong>colligere,</strong></span> 
     </span>
    </p>
   </div>
   <div class='ocr_carea' id='block_1_25' title="bbox 423 2354 1962 2432">
    <p class='ocr_par' dir='ltr' id='par_1_25' title="bbox 423 2354 1962 2432">
     <span class='ocr_line' id='line_1_25' title="bbox 423 2354 1962 2432; baseline -0.014 -6"><span class='ocrx_word' id='word_1_175' title='bbox 423 2354 525 2426; x_wconf 80' lang='lat' dir='ltr'><strong>sed</strong></span> <span class='ocrx_word' id='word_1_176' title='bbox 537 2371 666 2424; x_wconf 85' lang='lat' dir='ltr'><strong>satis</strong></span> <span class='ocrx_word' id='word_1_177' title='bbox 692 2366 856 2422; x_wconf 80' lang='lat' dir='ltr'><strong>fuerit</strong></span> <span class='ocrx_word' id='word_1_178' title='bbox 875 2366 942 2418; x_wconf 91' lang='lat' dir='ltr'><strong>ad</strong></span> <span class='ocrx_word' id='word_1_179' title='bbox 962 2362 1186 2432; x_wconf 81' lang='lat' dir='ltr'><strong>hujusce</strong></span> <span class='ocrx_word' id='word_1_180' title='bbox 1203 2357 1463 2428; x_wconf 76' lang='lat' dir='ltr'><strong>prepositi</strong></span> <span class='ocrx_word' id='word_1_181' title='bbox 1478 2354 1962 2416; x_wconf 80' lang='lat' dir='ltr'><strong>conﬁrmationem,</strong></span> 
     </span>
    </p>
   </div>
   <div class='ocr_carea' id='block_1_26' title="bbox 429 2443 1967 2523">
    <p class='ocr_par' dir='ltr' id='par_1_26' title="bbox 429 2443 1967 2523">
     <span class='ocr_line' id='line_1_26' title="bbox 429 2443 1967 2523; baseline -0.012 -9"><span class='ocrx_word' id='word_1_182' title='bbox 429 2461 641 2517; x_wconf 83' lang='lat' dir='ltr'><strong>duobus</strong></span> <span class='ocrx_word' id='word_1_183' title='bbox 670 2473 814 2512; x_wconf 93' lang='lat' dir='ltr'><strong>nunc</strong></span> <span class='ocrx_word' id='word_1_184' title='bbox 864 2456 942 2509; x_wconf 89' lang='lat' dir='ltr'><strong>uti</strong></span> <span class='ocrx_word' id='word_1_185' title='bbox 975 2454 1218 2523; x_wconf 89' lang='lat' dir='ltr'><strong>psalmis,</strong></span> <span class='ocrx_word' id='word_1_186' title='bbox 1245 2450 1339 2519; x_wconf 90' lang='lat' dir='ltr'><strong>qui</strong></span> <span class='ocrx_word' id='word_1_187' title='bbox 1391 2447 1491 2515; x_wconf 90' lang='lat' dir='ltr'><strong>ipsi</strong></span> <span class='ocrx_word' id='word_1_188' title='bbox 1525 2444 1736 2514; x_wconf 87' lang='lat' dir='ltr'><strong>quidem</strong></span> <span class='ocrx_word' id='word_1_189' title='bbox 1785 2443 1967 2512; x_wconf 85' lang='lat' dir='ltr'><strong>Asaph</strong></span> 
     </span>
    </p>
   </div>
   <div class='ocr_carea' id='block_1_27' title="bbox 426 2531 1962 2618">
    <p class='ocr_par' dir='ltr' id='par_1_27' title="bbox 426 2531 1962 2618">
     <span class='ocr_line' id='line_1_27' title="bbox 426 2531 1962 2618; baseline -0.014 -14"><span class='ocrx_word' id='word_1_190' title='bbox 426 2549 676 2618; x_wconf 84' lang='lat' dir='ltr'><strong>inscripti</strong></span> <span class='ocrx_word' id='word_1_191' title='bbox 708 2553 852 2608; x_wconf 88' lang='lat' dir='ltr'><strong>sunt,</strong></span> <span class='ocrx_word' id='word_1_192' title='bbox 882 2544 1009 2598; x_wconf 89' lang='lat' dir='ltr'><strong>dicti</strong></span> <span class='ocrx_word' id='word_1_193' title='bbox 1054 2555 1182 2596; x_wconf 92' lang='lat' dir='ltr'><strong>vero</strong></span> <span class='ocrx_word' id='word_1_194' title='bbox 1219 2537 1390 2608; x_wconf 90' lang='lat' dir='ltr'><strong>ipsius</strong></span> <span class='ocrx_word' id='word_1_195' title='bbox 1425 2533 1589 2586; x_wconf 86' lang='lat' dir='ltr'><strong>David</strong></span> <span class='ocrx_word' id='word_1_196' title='bbox 1613 2531 1962 2600; x_wconf 88' lang='lat' dir='ltr'><strong>temporibus.</strong></span> 
     </span>
    </p>
   </div>
   <div class='ocr_carea' id='block_1_28' title="bbox 431 2619 1968 2702">
    <p class='ocr_par' dir='ltr' id='par_1_28' title="bbox 431 2619 1968 2702">
     <span class='ocr_line' id='line_1_28' title="bbox 431 2619 1968 2702; baseline -0.018 -7"><span class='ocrx_word' id='word_1_197' title='bbox 431 2642 586 2694; x_wconf 91' lang='lat' dir='ltr'><strong>Tunc</strong></span> <span class='ocrx_word' id='word_1_198' title='bbox 607 2639 746 2694; x_wconf 90' lang='lat' dir='ltr'><strong>enim</strong></span> <span class='ocrx_word' id='word_1_199' title='bbox 779 2649 901 2688; x_wconf 91' lang='lat' dir='ltr'><strong>cum</strong></span> <span class='ocrx_word' id='word_1_200' title='bbox 932 2632 1108 2702; x_wconf 81' lang='lat' dir='ltr'><strong>Asaph</strong></span> <span class='ocrx_word' id='word_1_201' title='bbox 1144 2643 1286 2684; x_wconf 89' lang='lat' dir='ltr'><strong>unus</strong></span> <span class='ocrx_word' id='word_1_202' title='bbox 1301 2632 1444 2682; x_wconf 90' lang='lat' dir='ltr'><strong>esset</strong></span> <span class='ocrx_word' id='word_1_203' title='bbox 1468 2639 1530 2676; x_wconf 74' lang='lat' dir='ltr'><strong>ex</strong></span> <span class='ocrx_word' id='word_1_204' title='bbox 1574 2621 1640 2674; x_wconf 89' lang='lat' dir='ltr'><strong>iis</strong></span> <span class='ocrx_word' id='word_1_205' title='bbox 1667 2619 1798 2672; x_wconf 85' lang='lat' dir='ltr'><strong>viris</strong></span> <span class='ocrx_word' id='word_1_206' title='bbox 1843 2631 1968 2672; x_wconf 88' lang='lat' dir='ltr'><strong>san-</strong></span> 
     </span>
    </p>
   </div>
   <div class='ocr_carea' id='block_1_29' title="bbox 431 2696 1968 2798">
    <p class='ocr_par' dir='ltr' id='par_1_29' title="bbox 431 2696 1968 2798">
     <span class='ocr_line' id='line_1_29' title="bbox 431 2696 1968 2798; baseline -0.018 -12"><span class='ocrx_word' id='word_1_207' title='bbox 431 2733 534 2786; x_wconf 88' lang='lat' dir='ltr'><strong>ctis</strong></span> <span class='ocrx_word' id='word_1_208' title='bbox 555 2729 645 2798; x_wconf 88' lang='lat' dir='ltr'><strong>qui</strong></span> <span class='ocrx_word' id='word_1_209' title='bbox 667 2726 900 2796; x_wconf 84' lang='lat' dir='ltr'><strong>psalmos</strong></span> <span class='ocrx_word' id='word_1_210' title='bbox 927 2696 1210 2782; x_wconf 74' lang='lat' dir='ltr'><strong>canebant,</strong></span> <span class='ocrx_word' id='word_1_211' title='bbox 1237 2727 1298 2772; x_wconf 92' lang='lat' dir='ltr'><strong>ut</strong></span> <span class='ocrx_word' id='word_1_212' title='bbox 1350 2717 1608 2783; x_wconf 88' lang='lat' dir='ltr'><strong>scriptum</strong></span> <span class='ocrx_word' id='word_1_213' title='bbox 1627 2719 1709 2764; x_wconf 87' lang='lat' dir='ltr'><strong>est</strong></span> <span class='ocrx_word' id='word_1_214' title='bbox 1743 2709 1800 2762; x_wconf 91' lang='lat' dir='ltr'><strong>in</strong></span> <span class='ocrx_word' id='word_1_215' title='bbox 1828 2696 1968 2761; x_wconf 82' lang='lat' dir='ltr'><strong>libro</strong></span> 
     </span>
    </p>
   </div>
   <div class='ocr_carea' id='block_1_30' title="bbox 431 2798 1968 2891">
    <p class='ocr_par' dir='ltr' id='par_1_30' title="bbox 431 2798 1968 2891">
     <span class='ocr_line' id='line_1_30' title="bbox 431 2798 1968 2891; baseline -0.017 -16"><span class='ocrx_word' id='word_1_216' title='bbox 431 2821 525 2891; x_wconf 86' lang='lat' dir='ltr'><strong>qui</strong></span> <span class='ocrx_word' id='word_1_217' title='bbox 559 2817 992 2884; x_wconf 80' lang='lat' dir='ltr'><strong>Paralipomenon</strong></span> <span class='ocrx_word' id='word_1_218' title='bbox 1024 2810 1355 2871; x_wconf 84' lang='lat' dir='ltr'><strong>inscribitur,</strong></span> <span class='ocrx_word' id='word_1_219' title='bbox 1395 2806 1628 2876; x_wconf 88' lang='lat' dir='ltr'><strong>psalmos</strong></span> <span class='ocrx_word' id='word_1_220' title='bbox 1657 2801 1747 2870; x_wconf 90' lang='lat' dir='ltr'><strong>qui</strong></span> <span class='ocrx_word' id='word_1_221' title='bbox 1782 2798 1858 2852; x_wconf 91' lang='lat' dir='ltr'><strong>illi</strong></span> <span class='ocrx_word' id='word_1_222' title='bbox 1883 2804 1968 2850; x_wconf 86' lang='lat' dir='ltr'><strong>at-</strong></span> 
     </span>
    </p>
   </div>
   <div class='ocr_carea' id='block_1_31' title="bbox 429 2887 1970 2970">
    <p class='ocr_par' dir='ltr' id='par_1_31' title="bbox 429 2887 1970 2970">
     <span class='ocr_line' id='line_1_31' title="bbox 429 2887 1970 2970; baseline -0.017 -5"><span class='ocrx_word' id='word_1_223' title='bbox 429 2887 766 2970; x_wconf 73' lang='lat' dir='ltr'><strong>tribuuntur,</strong></span> <span class='ocrx_word' id='word_1_224' title='bbox 803 2904 986 2958; x_wconf 88' lang='lat' dir='ltr'><strong>divino</strong></span> <span class='ocrx_word' id='word_1_225' title='bbox 1015 2901 1222 2960; x_wconf 71' lang='lat' dir='ltr'><strong>albatus</strong></span> <span class='ocrx_word' id='word_1_226' title='bbox 1264 2897 1465 2967; x_wconf 85' lang='lat' dir='ltr'><strong>Spiritu</strong></span> <span class='ocrx_word' id='word_1_227' title='bbox 1493 2889 1806 2949; x_wconf 84' lang='lat' dir='ltr'><strong>enuntiavit.</strong></span> <span class='ocrx_word' id='word_1_228' title='bbox 1831 2887 1970 2954; x_wconf 85' lang='lat' dir='ltr'><strong>Quid</strong></span> 
     </span>
    </p>
   </div>
   <div class='ocr_carea' id='block_1_32' title="bbox 438 2981 1971 3071">
    <p class='ocr_par' dir='ltr' id='par_1_32' title="bbox 438 2981 1971 3071">
     <span class='ocr_line' id='line_1_32' title="bbox 438 2981 1971 3071; baseline -0.016 -16"><span class='ocrx_word' id='word_1_229' title='bbox 438 3004 598 3071; x_wconf 83' lang='lat' dir='ltr'><strong>igitur</strong></span> <span class='ocrx_word' id='word_1_230' title='bbox 626 2994 998 3067; x_wconf 86' lang='lat' dir='ltr'><strong>hujuscemodi</strong></span> <span class='ocrx_word' id='word_1_231' title='bbox 1023 2989 1214 3062; x_wconf 86' lang='lat' dir='ltr'><strong>psalmi</strong></span> <span class='ocrx_word' id='word_1_232' title='bbox 1238 2987 1517 3042; x_wconf 88' lang='lat' dir='ltr'><strong>continent</strong></span> <span class='ocrx_word' id='word_1_233' title='bbox 1545 2983 1568 3037; x_wconf 74' lang='grc' dir='ltr'>’ί</span> <span class='ocrx_word' id='word_1_234' title='bbox 1597 2981 1852 3038; x_wconf 90' lang='lat' dir='ltr'><strong>nimirum</strong></span> <span class='ocrx_word' id='word_1_235' title='bbox 1884 2992 1971 3032; x_wconf 91' lang='lat' dir='ltr'><strong>va-</strong></span> 
     </span>
    </p>
   </div>
   <div class='ocr_carea' id='block_1_33' title="bbox 433 3070 1968 3159">
    <p class='ocr_par' dir='ltr' id='par_1_33' title="bbox 433 3070 1968 3159">
     <span class='ocr_line' id='line_1_33' title="bbox 433 3070 1968 3159; baseline -0.016 -13"><span class='ocrx_word' id='word_1_236' title='bbox 433 3070 644 3155; x_wconf 86' lang='lat' dir='ltr'><strong>ticinia,</strong></span> <span class='ocrx_word' id='word_1_237' title='bbox 701 3089 897 3159; x_wconf 86' lang='lat' dir='ltr'><strong>quibus</strong></span> <span class='ocrx_word' id='word_1_238' title='bbox 939 3084 1244 3138; x_wconf 72' lang='lat' dir='ltr'><strong>Judaeorum</strong></span> <span class='ocrx_word' id='word_1_239' title='bbox 1291 3079 1449 3147; x_wconf 63' lang='lat' dir='ltr'><strong>regite</strong></span> <span class='ocrx_word' id='word_1_240' title='bbox 1478 3073 1710 3131; x_wconf 83' lang='lat' dir='ltr'><strong>civitatis</strong></span> <span class='ocrx_word' id='word_1_241' title='bbox 1739 3070 1968 3124; x_wconf 83' lang='lat' dir='ltr'><strong>vastatio</strong></span> 
     </span>
    </p>
   </div>
   <div class='ocr_carea' id='block_1_34' title="bbox 435 3157 1966 3250">
    <p class='ocr_par' dir='ltr' id='par_1_34' title="bbox 435 3157 1966 3250">
     <span class='ocr_line' id='line_1_34' title="bbox 435 3157 1966 3250; baseline -0.018 -15"><span class='ocrx_word' id='word_1_242' title='bbox 435 3157 763 3250; x_wconf 67' lang='lat' dir='ltr'><strong>prmdieitur,</strong></span> <span class='ocrx_word' id='word_1_243' title='bbox 790 3192 909 3246; x_wconf 65' lang='lat' dir='ltr'><strong>quae</strong></span> <span class='ocrx_word' id='word_1_244' title='bbox 942 3172 1170 3227; x_wconf 82' lang='lat' dir='ltr'><strong>vastatio</strong></span> <span class='ocrx_word' id='word_1_245' title='bbox 1189 3167 1386 3222; x_wconf 70' lang='lat' dir='ltr'><strong>Iudaeis</strong></span> <span class='ocrx_word' id='word_1_246' title='bbox 1417 3163 1611 3218; x_wconf 91' lang='lat' dir='ltr'><strong>accidit</strong></span> <span class='ocrx_word' id='word_1_247' title='bbox 1635 3177 1774 3214; x_wconf 90' lang='lat' dir='ltr'><strong>anno</strong></span> <span class='ocrx_word' id='word_1_248' title='bbox 1803 3157 1966 3212; x_wconf 82' lang='lat' dir='ltr'><strong>circi-</strong></span> 
     </span>
    </p>
   </div>
   <div class='ocr_carea' id='block_1_35' title="bbox 439 3248 1972 3338">
    <p class='ocr_par' dir='ltr' id='par_1_35' title="bbox 439 3248 1972 3338">
     <span class='ocr_line' id='line_1_35' title="bbox 439 3248 1972 3338; baseline -0.015 -13"><span class='ocrx_word' id='word_1_249' title='bbox 439 3248 521 3325; x_wconf 70' lang='lat' dir='ltr'><strong>ter</strong></span> <span class='ocrx_word' id='word_1_250' title='bbox 546 3267 972 3338; x_wconf 84' lang='lat' dir='ltr'><strong>quingentesimo</strong></span> <span class='ocrx_word' id='word_1_251' title='bbox 1008 3271 1130 3332; x_wconf 89' lang='lat' dir='ltr'><strong>post</strong></span> <span class='ocrx_word' id='word_1_252' title='bbox 1159 3256 1424 3328; x_wconf 77' lang='lat' dir='ltr'><strong>ejusmodi</strong></span> <span class='ocrx_word' id='word_1_253' title='bbox 1467 3252 1800 3307; x_wconf 87' lang='lat' dir='ltr'><strong>vaticinium.</strong></span> <span class='ocrx_word' id='word_1_254' title='bbox 1833 3248 1972 3316; x_wconf 88' lang='lat' dir='ltr'><strong>Ergo</strong></span> 
     </span>
    </p>
   </div>
   <div class='ocr_carea' id='block_1_36' title="bbox 439 3336 1972 3430">
    <p class='ocr_par' dir='ltr' id='par_1_36' title="bbox 439 3336 1972 3430">
     <span class='ocr_line' id='line_1_36' title="bbox 439 3336 1972 3430; baseline -0.017 -16"><span class='ocrx_word' id='word_1_255' title='bbox 439 3336 1118 3430; x_wconf 41' lang='lat' dir='ltr'><strong>psalmus—septuagesimus</strong></span> <span class='ocrx_word' id='word_1_256' title='bbox 1140 3349 1350 3411; x_wconf 90' lang='lat' dir='ltr'><strong>tertius,</strong></span> <span class='ocrx_word' id='word_1_257' title='bbox 1369 3345 1459 3414; x_wconf 91' lang='lat' dir='ltr'><strong>qui</strong></span> <span class='ocrx_word' id='word_1_258' title='bbox 1473 3343 1780 3398; x_wconf 88' lang='lat' dir='ltr'><strong>intellectus</strong></span> <span class='ocrx_word' id='word_1_259' title='bbox 1792 3336 1972 3405; x_wconf 79' lang='lat' dir='ltr'><strong>Asaph</strong></span> 
     </span>
    </p>
   </div>
   <div class='ocr_carea' id='block_1_37' title="bbox 436 3426 1973 3508">
    <p class='ocr_par' dir='ltr' id='par_1_37' title="bbox 436 3426 1973 3508">
     <span class='ocr_line' id='line_1_37' title="bbox 436 3426 1973 3508; baseline -0.015 -8"><span class='ocrx_word' id='word_1_260' title='bbox 436 3426 775 3508; x_wconf 51' lang='lat' dir='ltr'><strong>Discribitur,</strong></span> <span class='ocrx_word' id='word_1_261' title='bbox 806 3445 878 3498; x_wconf 93' lang='lat' dir='ltr'><strong>ita</strong></span> <span class='ocrx_word' id='word_1_262' title='bbox 910 3442 1066 3495; x_wconf 85' lang='lat' dir='ltr'><strong>habet</strong></span> <span class='ocrx_word' id='word_1_263' title='bbox 1096 3436 1234 3494; x_wconf 69' lang='lat' dir='ltr'><strong>:«Ut</strong></span> <span class='ocrx_word' id='word_1_264' title='bbox 1255 3434 1408 3505; x_wconf 87' lang='lat' dir='ltr'><strong>quid,</strong></span> <span class='ocrx_word' id='word_1_265' title='bbox 1441 3433 1603 3496; x_wconf 87' lang='lat' dir='ltr'><strong>Deus,</strong></span> <span class='ocrx_word' id='word_1_266' title='bbox 1641 3427 1888 3500; x_wconf 89' lang='lat' dir='ltr'><strong>repulisti</strong></span> <span class='ocrx_word' id='word_1_267' title='bbox 1917 3426 1973 3478; x_wconf 92' lang='lat' dir='ltr'><strong>in</strong></span> 
     </span>
    </p>
   </div>
   <div class='ocr_carea' id='block_1_38' title="bbox 441 3527 1974 3590">
    <p class='ocr_par' dir='ltr' id='par_1_38' title="bbox 441 3527 1974 3590">
     <span class='ocr_line' id='line_1_38' title="bbox 441 3527 1974 3590; baseline -0.016 0"><span class='ocrx_word' id='word_1_268' title='bbox 441 3535 650 3590; x_wconf 78' lang='lat' dir='ltr'><strong>linem?</strong></span> <span class='ocrx_word' id='word_1_269' title='bbox 702 3534 869 3586; x_wconf 88' lang='lat' dir='ltr'><strong>iratus</strong></span> <span class='ocrx_word' id='word_1_270' title='bbox 907 3537 991 3585; x_wconf 91' lang='lat' dir='ltr'><strong>est</strong></span> <span class='ocrx_word' id='word_1_271' title='bbox 1021 3528 1169 3581; x_wconf 82' lang='lat' dir='ltr'><strong>furor</strong></span> <span class='ocrx_word' id='word_1_272' title='bbox 1224 3533 1351 3578; x_wconf 88' lang='lat' dir='ltr'><strong>tuus</strong></span> <span class='ocrx_word' id='word_1_273' title='bbox 1401 3535 1560 3589; x_wconf 78' lang='lat' dir='ltr'><strong>Super</strong></span> <span class='ocrx_word' id='word_1_274' title='bbox 1608 3532 1734 3572; x_wconf 90' lang='lat' dir='ltr'><strong>oves</strong></span> <span class='ocrx_word' id='word_1_275' title='bbox 1763 3527 1974 3584; x_wconf 85' lang='lat' dir='ltr'><strong>pascuae</strong></span> 
     </span>
    </p>
   </div>
   <div class='ocr_carea' id='block_1_39' title="bbox 441 3611 1976 3686">
    <p class='ocr_par' dir='ltr' id='par_1_39' title="bbox 441 3611 1976 3686">
     <span class='ocr_line' id='line_1_39' title="bbox 441 3611 1976 3686; baseline -0.017 -6"><span class='ocrx_word' id='word_1_276' title='bbox 441 3625 585 3680; x_wconf 79' lang='lat' dir='ltr'><strong>tuae?</strong></span> <span class='ocrx_word' id='word_1_277' title='bbox 616 3636 818 3677; x_wconf 91' lang='lat' dir='ltr'><strong>memor</strong></span> <span class='ocrx_word' id='word_1_278' title='bbox 835 3629 952 3675; x_wconf 88' lang='lat' dir='ltr'><strong>esto</strong></span> <span class='ocrx_word' id='word_1_279' title='bbox 980 3611 1416 3686; x_wconf 80' lang='lat' dir='ltr'><strong>congregationis</strong></span> <span class='ocrx_word' id='word_1_280' title='bbox 1439 3618 1572 3672; x_wconf 62' lang='lat' dir='ltr'><strong>tuae,</strong></span> <span class='ocrx_word' id='word_1_281' title='bbox 1605 3620 1764 3676; x_wconf 86' lang='lat' dir='ltr'><strong>quam</strong></span> <span class='ocrx_word' id='word_1_282' title='bbox 1796 3617 1976 3672; x_wconf 90' lang='lat' dir='ltr'><strong>posse-</strong></span> 
     </span>
    </p>
   </div>
   <div class='ocr_carea' id='block_1_40' title="bbox 441 3695 1972 3775">
    <p class='ocr_par' dir='ltr' id='par_1_40' title="bbox 441 3695 1972 3775">
     <span class='ocr_line' id='line_1_40' title="bbox 441 3695 1972 3775; baseline -0.016 -7"><span class='ocrx_word' id='word_1_283' title='bbox 441 3714 571 3768; x_wconf 85' lang='lat' dir='ltr'><strong>disti</strong></span> <span class='ocrx_word' id='word_1_284' title='bbox 602 3713 669 3766; x_wconf 89' lang='lat' dir='ltr'><strong>ab</strong></span> <span class='ocrx_word' id='word_1_285' title='bbox 723 3709 896 3775; x_wconf 85' lang='lat' dir='ltr'><strong>initio,</strong></span> <span class='ocrx_word' id='word_1_286' title='bbox 948 3706 1222 3762; x_wconf 83' lang='lat' dir='ltr'><strong>redemisti</strong></span> <span class='ocrx_word' id='word_1_287' title='bbox 1250 3704 1453 3774; x_wconf 83' lang='lat' dir='ltr'><strong>virgam</strong></span> <span class='ocrx_word' id='word_1_288' title='bbox 1483 3695 1810 3754; x_wconf 78' lang='lat' dir='ltr'><strong>haereditatis</strong></span> <span class='ocrx_word' id='word_1_289' title='bbox 1841 3703 1972 3754; x_wconf 75' lang='lat' dir='ltr'><strong>tuae,</strong></span> 
     </span>
    </p>
   </div>
   <div class='ocr_carea' id='block_1_41' title="bbox 443 3788 1974 3866">
    <p class='ocr_par' dir='ltr' id='par_1_41' title="bbox 443 3788 1974 3866">
     <span class='ocr_line' id='line_1_41' title="bbox 443 3788 1974 3866; baseline -0.016 -7"><span class='ocrx_word' id='word_1_290' title='bbox 443 3815 600 3858; x_wconf 89' lang='lat' dir='ltr'><strong>mons</strong></span> <span class='ocrx_word' id='word_1_291' title='bbox 642 3801 770 3854; x_wconf 92' lang='lat' dir='ltr'><strong>Sion</strong></span> <span class='ocrx_word' id='word_1_292' title='bbox 799 3799 906 3864; x_wconf 88' lang='lat' dir='ltr'><strong>hic,</strong></span> <span class='ocrx_word' id='word_1_293' title='bbox 926 3800 981 3851; x_wconf 89' lang='lat' dir='ltr'><strong>in</strong></span> <span class='ocrx_word' id='word_1_294' title='bbox 1011 3812 1119 3866; x_wconf 71' lang='grc' dir='ltr'>(ιμο</span> <span class='ocrx_word' id='word_1_295' title='bbox 1147 3793 1402 3850; x_wconf 86' lang='lat' dir='ltr'><strong>habitasti</strong></span> <span class='ocrx_word' id='word_1_296' title='bbox 1433 3792 1486 3848; x_wconf 90' lang='lat' dir='ltr'><strong>in</strong></span> <span class='ocrx_word' id='word_1_297' title='bbox 1514 3804 1598 3854; x_wconf 92' lang='lat' dir='ltr'><strong>eo,</strong></span> <span class='ocrx_word' id='word_1_298' title='bbox 1635 3788 1752 3842; x_wconf 88' lang='lat' dir='ltr'><strong>leva</strong></span> <span class='ocrx_word' id='word_1_299' title='bbox 1781 3798 1974 3838; x_wconf 87' lang='lat' dir='ltr'><strong>manus</strong></span> 
     </span>
    </p>
   </div>
   <div class='ocr_carea' id='block_1_42' title="bbox 439 3875 1975 3958">
    <p class='ocr_par' dir='ltr' id='par_1_42' title="bbox 439 3875 1975 3958">
     <span class='ocr_line' id='line_1_42' title="bbox 439 3875 1975 3958; baseline -0.015 -12"><span class='ocrx_word' id='word_1_300' title='bbox 439 3902 566 3948; x_wconf 85' lang='lat' dir='ltr'><strong>tuas</strong></span> <span class='ocrx_word' id='word_1_301' title='bbox 598 3893 652 3945; x_wconf 90' lang='lat' dir='ltr'><strong>in</strong></span> <span class='ocrx_word' id='word_1_302' title='bbox 673 3889 950 3958; x_wconf 87' lang='lat' dir='ltr'><strong>superbias</strong></span> <span class='ocrx_word' id='word_1_303' title='bbox 977 3899 1164 3941; x_wconf 89' lang='lat' dir='ltr'><strong>eorum</strong></span> <span class='ocrx_word' id='word_1_304' title='bbox 1193 3885 1248 3938; x_wconf 91' lang='lat' dir='ltr'><strong>in</strong></span> <span class='ocrx_word' id='word_1_305' title='bbox 1277 3885 1458 3948; x_wconf 83' lang='lat' dir='ltr'><strong>linem,</strong></span> <span class='ocrx_word' id='word_1_306' title='bbox 1483 3887 1683 3950; x_wconf 90' lang='lat' dir='ltr'><strong>quanta</strong></span> <span class='ocrx_word' id='word_1_307' title='bbox 1711 3875 1975 3943; x_wconf 83' lang='lat' dir='ltr'><strong>maligna-</strong></span> 
     </span>
    </p>
   </div>
   <div class='ocr_carea' id='block_1_43' title="bbox 443 3965 1976 4038">
    <p class='ocr_par' dir='ltr' id='par_1_43' title="bbox 443 3965 1976 4038">
     <span class='ocr_line' id='line_1_43' title="bbox 443 3965 1976 4038; baseline -0.017 0"><span class='ocrx_word' id='word_1_308' title='bbox 443 3991 533 4038; x_wconf 88' lang='lat' dir='ltr'><strong>tus</strong></span> <span class='ocrx_word' id='word_1_309' title='bbox 561 3987 643 4036; x_wconf 89' lang='lat' dir='ltr'><strong>est</strong></span> <span class='ocrx_word' id='word_1_310' title='bbox 673 3979 922 4032; x_wconf 88' lang='lat' dir='ltr'><strong>inimicus</strong></span> <span class='ocrx_word' id='word_1_311' title='bbox 951 3977 1008 4030; x_wconf 92' lang='lat' dir='ltr'><strong>in</strong></span> <span class='ocrx_word' id='word_1_312' title='bbox 1039 3974 1238 4030; x_wconf 82' lang='lat' dir='ltr'><strong>sanctis</strong></span> <span class='ocrx_word' id='word_1_313' title='bbox 1301 3972 1410 4026; x_wconf 90' lang='lat' dir='ltr'><strong>tuis</strong></span> <span class='ocrx_word' id='word_1_314' title='bbox 1432 4008 1448 4033; x_wconf 91' lang='lat'><strong>,</strong></span> <span class='ocrx_word' id='word_1_315' title='bbox 1485 3979 1539 4023; x_wconf 90' lang='lat' dir='ltr'><strong>et</strong></span> <span class='ocrx_word' id='word_1_316' title='bbox 1585 3965 1799 4038; x_wconf 84' lang='lat' dir='ltr'><strong>gloriati</strong></span> <span class='ocrx_word' id='word_1_317' title='bbox 1849 3967 1976 4016; x_wconf 88' lang='lat' dir='ltr'><strong>sunt</strong></span> 
     </span>
    </p>
   </div>
   <div class='ocr_carea' id='block_1_44' title="bbox 438 4057 1975 4141">
    <p class='ocr_par' dir='ltr' id='par_1_44' title="bbox 438 4057 1975 4141">
     <span class='ocr_line' id='line_1_44' title="bbox 438 4057 1975 4141; baseline -0.017 -14"><span class='ocrx_word' id='word_1_318' title='bbox 438 4071 539 4141; x_wconf 85' lang='lat' dir='ltr'><strong>qui</strong></span> <span class='ocrx_word' id='word_1_319' title='bbox 561 4069 790 4124; x_wconf 90' lang='lat' dir='ltr'><strong>oderunt</strong></span> <span class='ocrx_word' id='word_1_320' title='bbox 820 4075 870 4118; x_wconf 89' lang='lat' dir='ltr'><strong>te</strong></span> <span class='ocrx_word' id='word_1_321' title='bbox 899 4065 954 4118; x_wconf 92' lang='lat' dir='ltr'><strong>in</strong></span> <span class='ocrx_word' id='word_1_322' title='bbox 978 4062 1154 4118; x_wconf 91' lang='lat' dir='ltr'><strong>medio</strong></span> <span class='ocrx_word' id='word_1_323' title='bbox 1180 4057 1530 4117; x_wconf 87' lang='lat' dir='ltr'><strong>solemnitatis</strong></span> <span class='ocrx_word' id='word_1_324' title='bbox 1547 4064 1668 4116; x_wconf 74' lang='lat' dir='ltr'><strong>tuae,</strong></span> <span class='ocrx_word' id='word_1_325' title='bbox 1685 4057 1975 4122; x_wconf 88' lang='lat' dir='ltr'><strong>posuerunt</strong></span> 
     </span>
    </p>
   </div>
   <div class='ocr_carea' id='block_1_45' title="bbox 446 4141 1974 4232">
    <p class='ocr_par' dir='ltr' id='par_1_45' title="bbox 446 4141 1974 4232">
     <span class='ocr_line' id='line_1_45' title="bbox 446 4141 1974 4232; baseline -0.017 -14"><span class='ocrx_word' id='word_1_326' title='bbox 446 4163 598 4232; x_wconf 87' lang='lat' dir='ltr'><strong>signa</strong></span> <span class='ocrx_word' id='word_1_327' title='bbox 628 4173 724 4214; x_wconf 90' lang='lat' dir='ltr'><strong>sua</strong></span> <span class='ocrx_word' id='word_1_328' title='bbox 751 4157 902 4225; x_wconf 86' lang='lat' dir='ltr'><strong>signa</strong></span> <span class='ocrx_word' id='word_1_329' title='bbox 936 4175 948 4209; x_wconf 93' lang='lat'><strong>:</strong></span> <span class='ocrx_word' id='word_1_330' title='bbox 974 4165 1026 4209; x_wconf 88' lang='lat' dir='ltr'><strong>et</strong></span> <span class='ocrx_word' id='word_1_331' title='bbox 1047 4169 1154 4208; x_wconf 91' lang='lat' dir='ltr'><strong>non</strong></span> <span class='ocrx_word' id='word_1_332' title='bbox 1181 4160 1545 4222; x_wconf 87' lang='lat' dir='ltr'><strong>cognoverunt</strong></span> <span class='ocrx_word' id='word_1_333' title='bbox 1578 4147 1719 4202; x_wconf 91' lang='lat' dir='ltr'><strong>sicut</strong></span> <span class='ocrx_word' id='word_1_334' title='bbox 1750 4145 1804 4197; x_wconf 90' lang='lat' dir='ltr'><strong>in</strong></span> <span class='ocrx_word' id='word_1_335' title='bbox 1830 4141 1974 4195; x_wconf 79' lang='lat' dir='ltr'><strong>exitu</strong></span> 
     </span>
    </p>
   </div>
   <div class='ocr_carea' id='block_1_46' title="bbox 445 4230 1975 4319">
    <p class='ocr_par' dir='ltr' id='par_1_46' title="bbox 445 4230 1975 4319">
     <span class='ocr_line' id='line_1_46' title="bbox 445 4230 1975 4319; baseline -0.014 -13"><span class='ocrx_word' id='word_1_336' title='bbox 445 4254 695 4319; x_wconf 87' lang='lat' dir='ltr'><strong>desuper,</strong></span> <span class='ocrx_word' id='word_1_337' title='bbox 720 4245 872 4315; x_wconf 86' lang='lat' dir='ltr'><strong>quasi</strong></span> <span class='ocrx_word' id='word_1_338' title='bbox 902 4245 957 4298; x_wconf 91' lang='lat' dir='ltr'><strong>in</strong></span> <span class='ocrx_word' id='word_1_339' title='bbox 979 4245 1111 4298; x_wconf 89' lang='lat' dir='ltr'><strong>silva</strong></span> <span class='ocrx_word' id='word_1_340' title='bbox 1132 4245 1402 4311; x_wconf 88' lang='lat' dir='ltr'><strong>lignorum</strong></span> <span class='ocrx_word' id='word_1_341' title='bbox 1453 4236 1732 4293; x_wconf 84' lang='lat' dir='ltr'><strong>securibus</strong></span> <span class='ocrx_word' id='word_1_342' title='bbox 1759 4230 1975 4286; x_wconf 79' lang='lat' dir='ltr'><strong>excide-</strong></span> 
     </span>
    </p>
   </div>
   <div class='ocr_carea' id='block_1_47' title="bbox 446 4318 1971 4406">
    <p class='ocr_par' dir='ltr' id='par_1_47' title="bbox 446 4318 1971 4406">
     <span class='ocr_line' id='line_1_47' title="bbox 446 4318 1971 4406; baseline -0.015 -13"><span class='ocrx_word' id='word_1_343' title='bbox 446 4318 785 4406; x_wconf 77' lang='lat' dir='ltr'><strong>runtjanuas</strong></span> <span class='ocrx_word' id='word_1_344' title='bbox 809 4333 928 4401; x_wconf 86' lang='lat' dir='ltr'><strong>ejus</strong></span> <span class='ocrx_word' id='word_1_345' title='bbox 970 4331 1024 4383; x_wconf 92' lang='lat' dir='ltr'><strong>in</strong></span> <span class='ocrx_word' id='word_1_346' title='bbox 1052 4331 1303 4398; x_wconf 87' lang='lat' dir='ltr'><strong>idipsum,</strong></span> <span class='ocrx_word' id='word_1_347' title='bbox 1331 4329 1386 4382; x_wconf 92' lang='lat' dir='ltr'><strong>in</strong></span> <span class='ocrx_word' id='word_1_348' title='bbox 1413 4324 1590 4382; x_wconf 88' lang='lat' dir='ltr'><strong>securi</strong></span> <span class='ocrx_word' id='word_1_349' title='bbox 1621 4330 1674 4377; x_wconf 89' lang='lat' dir='ltr'><strong>et</strong></span> <span class='ocrx_word' id='word_1_350' title='bbox 1702 4327 1849 4374; x_wconf 90' lang='lat' dir='ltr'><strong>vecte</strong></span> <span class='ocrx_word' id='word_1_351' title='bbox 1877 4318 1971 4372; x_wconf 84' lang='lat' dir='ltr'><strong>de-</strong></span> 
     </span>
    </p>
   </div>
   <div class='ocr_carea' id='block_1_48' title="bbox 441 4410 1972 4495">
    <p class='ocr_par' dir='ltr' id='par_1_48' title="bbox 441 4410 1972 4495">
     <span class='ocr_line' id='line_1_48' title="bbox 441 4410 1972 4495; baseline -0.016 -13"><span class='ocrx_word' id='word_1_352' title='bbox 441 4428 692 4495; x_wconf 87' lang='lat' dir='ltr'><strong>jecerunt</strong></span> <span class='ocrx_word' id='word_1_353' title='bbox 716 4436 854 4484; x_wconf 89' lang='lat' dir='ltr'><strong>eam,</strong></span> <span class='ocrx_word' id='word_1_354' title='bbox 905 4419 1259 4474; x_wconf 87' lang='lat' dir='ltr'><strong>incenderunt</strong></span> <span class='ocrx_word' id='word_1_355' title='bbox 1277 4416 1384 4485; x_wconf 89' lang='lat' dir='ltr'><strong>igni</strong></span> <span class='ocrx_word' id='word_1_356' title='bbox 1405 4410 1770 4470; x_wconf 88' lang='lat' dir='ltr'><strong>sanctuarium</strong></span> <span class='ocrx_word' id='word_1_357' title='bbox 1801 4418 1972 4469; x_wconf 90' lang='lat' dir='ltr'><strong>tuum,</strong></span> 
     </span>
    </p>
   </div>
   <div class='ocr_carea' id='block_1_49' title="bbox 2048 528 3654 618">
    <p class='ocr_par' dir='ltr' id='par_1_49' title="bbox 2048 528 3654 618">
     <span class='ocr_line' id='line_1_49' title="bbox 2048 528 3654 618; baseline -0.016 -15"><span class='ocrx_word' id='word_1_358' title='bbox 2048 548 2192 603; x_wconf 85' lang='grc' dir='ltr'>κακά</span> <span class='ocrx_word' id='word_1_359' title='bbox 2220 565 2308 618; x_wconf 84' lang='grc' dir='ltr'><strong>μοι</strong></span> <span class='ocrx_word' id='word_1_360' title='bbox 2326 564 2338 576; x_wconf 95' lang='grc'><strong>·</strong></span> <span class='ocrx_word' id='word_1_361' title='bbox 2385 547 2516 598; x_wconf 87' lang='grc' dir='ltr'>πότε</span> <span class='ocrx_word' id='word_1_362' title='bbox 2551 541 2916 614; x_wconf 74' lang='grc' dir='ltr'>ἀποθανεῖται</span> <span class='ocrx_word' id='word_1_363' title='bbox 2957 534 3072 589; x_wconf 72' lang='grc' dir='ltr'>καὶ</span> <span class='ocrx_word' id='word_1_364' title='bbox 3107 528 3396 584; x_wconf 72' lang='grc' dir='ltr'>ἀπολεῖται</span> <span class='ocrx_word' id='word_1_365' title='bbox 3424 529 3488 582; x_wconf 78' lang='grc' dir='ltr'><strong>τό</strong></span> <span class='ocrx_word' id='word_1_366' title='bbox 3506 528 3654 598; x_wconf 63' lang='grc' dir='ltr'>ὗνομ</span> 
     </span>
    </p>
   </div>
   <div class='ocr_carea' id='block_1_50' title="bbox 2046 619 3656 703">
    <p class='ocr_par' dir='ltr' id='par_1_50' title="bbox 2046 619 3656 703">
     <span class='ocr_line' id='line_1_50' title="bbox 2046 619 3656 703; baseline -0.015 -9"><span class='ocrx_word' id='word_1_367' title='bbox 2046 639 2245 703; x_wconf 61' lang='lat' dir='ltr'><strong>aurati;</strong></span> <span class='ocrx_word' id='word_1_368' title='bbox 2291 637 2401 690; x_wconf 81' lang='grc' dir='ltr'><strong>Καὶ</strong></span> <span class='ocrx_word' id='word_1_369' title='bbox 2433 638 2482 687; x_wconf 82' lang='grc' dir='ltr'><strong>εί</strong></span> <span class='ocrx_word' id='word_1_370' title='bbox 2515 630 2907 703; x_wconf 82' lang='grc' dir='ltr'><strong>εἰσεπορεύετο</strong></span> <span class='ocrx_word' id='word_1_371' title='bbox 2929 625 3045 680; x_wconf 81' lang='grc' dir='ltr'>τοῦ</span> <span class='ocrx_word' id='word_1_372' title='bbox 3089 623 3216 675; x_wconf 77' lang='grc' dir='ltr'>ἰδεῖν</span> <span class='ocrx_word' id='word_1_373' title='bbox 3242 662 3258 686; x_wconf 92' lang='grc'><strong>,</strong></span> <span class='ocrx_word' id='word_1_374' title='bbox 3295 621 3482 690; x_wconf 78' lang='grc' dir='ltr'>μάτην</span> <span class='ocrx_word' id='word_1_375' title='bbox 3512 619 3656 674; x_wconf 69' lang='grc' dir='ltr'>ἐλάλει</span> 
     </span>
    </p>
   </div>
   <div class='ocr_carea' id='block_1_51' title="bbox 2048 710 3664 800">
    <p class='ocr_par' dir='ltr' id='par_1_51' title="bbox 2048 710 3664 800">
     <span class='ocr_line' id='line_1_51' title="bbox 2048 710 3664 800; baseline -0.011 -16"><span class='ocrx_word' id='word_1_376' title='bbox 2048 733 2081 800; x_wconf 84' lang='grc' dir='ltr'><strong>ἡ</strong></span> <span class='ocrx_word' id='word_1_377' title='bbox 2111 730 2302 800; x_wconf 85' lang='grc' dir='ltr'><strong>καρδία</strong></span> <span class='ocrx_word' id='word_1_378' title='bbox 2335 725 2523 789; x_wconf 77' lang='grc' dir='ltr'>αὑτοῦ,</span> <span class='ocrx_word' id='word_1_379' title='bbox 2559 725 2874 794; x_wconf 81' lang='grc' dir='ltr'>συνήγαγεν</span> <span class='ocrx_word' id='word_1_380' title='bbox 2912 715 3175 785; x_wconf 76' lang='grc' dir='ltr'>ἀνομίαν</span> <span class='ocrx_word' id='word_1_381' title='bbox 3206 711 3424 782; x_wconf 79' lang='grc' dir='ltr'>ἑαυτῷ.</span> <span class='ocrx_word' id='word_1_382' title='bbox 3469 710 3664 776; x_wconf 65' lang='grc' dir='ltr'>Ἑξετδο-</span> 
     </span>
    </p>
   </div>
   <div class='ocr_carea' id='block_1_52' title="bbox 2052 800 3673 892">
    <p class='ocr_par' dir='ltr' id='par_1_52' title="bbox 2052 800 3673 892">
     <span class='ocr_line' id='line_1_52' title="bbox 2052 800 3673 892; baseline -0.012 -18"><span class='ocrx_word' id='word_1_383' title='bbox 2052 822 2234 892; x_wconf 79' lang='grc' dir='ltr'>ρεύετο</span> <span class='ocrx_word' id='word_1_384' title='bbox 2267 820 2392 884; x_wconf 82' lang='grc' dir='ltr'>ἔξω,</span> <span class='ocrx_word' id='word_1_385' title='bbox 2433 817 2530 870; x_wconf 78' lang='grc' dir='ltr'><strong>καὶ</strong></span> <span class='ocrx_word' id='word_1_386' title='bbox 2562 815 2736 869; x_wconf 77' lang='grc' dir='ltr'><strong>ἐλάλει</strong></span> <span class='ocrx_word' id='word_1_387' title='bbox 2760 813 2873 866; x_wconf 72' lang='grc' dir='ltr'>-ὲπὶ</span> <span class='ocrx_word' id='word_1_388' title='bbox 2903 810 2974 863; x_wconf 80' lang='grc' dir='ltr'><strong>τὸ</strong></span> <span class='ocrx_word' id='word_1_389' title='bbox 3002 805 3170 862; x_wconf 82' lang='grc' dir='ltr'>αὐτό.</span> <span class='ocrx_word' id='word_1_390' title='bbox 3209 805 3364 858; x_wconf 76' lang='grc' dir='ltr'>Κατ’</span> <span class='ocrx_word' id='word_1_391' title='bbox 3412 800 3551 872; x_wconf 76' lang='grc' dir='ltr'>ἐμοῦ</span> <span class='ocrx_word' id='word_1_392' title='bbox 3581 804 3673 871; x_wconf 69' lang='grc' dir='ltr'><strong>ἑψι-</strong></span> 
     </span>
    </p>
   </div>
   <div class='ocr_carea' id='block_1_53' title="bbox 2051 893 3677 983">
    <p class='ocr_par' dir='ltr' id='par_1_53' title="bbox 2051 893 3677 983">
     <span class='ocr_line' id='line_1_53' title="bbox 2051 893 3677 983; baseline -0.012 -17"><span class='ocrx_word' id='word_1_393' title='bbox 2051 910 2263 983; x_wconf 82' lang='grc' dir='ltr'>Θύριζον</span> <span class='ocrx_word' id='word_1_394' title='bbox 2297 915 2498 971; x_wconf 82' lang='grc' dir='ltr'>πάντες</span> <span class='ocrx_word' id='word_1_395' title='bbox 2533 909 2582 960; x_wconf 84' lang='grc' dir='ltr'>οἱ</span> <span class='ocrx_word' id='word_1_396' title='bbox 2616 905 2805 976; x_wconf 79' lang='grc' dir='ltr'>ἐχθροί</span> <span class='ocrx_word' id='word_1_397' title='bbox 2844 919 2985 974; x_wconf 88' lang='grc' dir='ltr'>μου,</span> <span class='ocrx_word' id='word_1_398' title='bbox 3039 900 3172 952; x_wconf 77' lang='grc' dir='ltr'>κατ’</span> <span class='ocrx_word' id='word_1_399' title='bbox 3202 896 3356 968; x_wconf 79' lang='grc' dir='ltr'>ἐμοῦ</span> <span class='ocrx_word' id='word_1_400' title='bbox 3394 893 3677 963; x_wconf 72' lang='grc' dir='ltr'>ἐλογίζοντο</span> 
     </span>
    </p>
   </div>
   <div class='ocr_carea' id='block_1_54' title="bbox 2052 986 3691 1073">
    <p class='ocr_par' dir='ltr' id='par_1_54' title="bbox 2052 986 3691 1073">
     <span class='ocr_line' id='line_1_54' title="bbox 2052 986 3691 1073; baseline -0.015 -15"><span class='ocrx_word' id='word_1_401' title='bbox 2052 1004 2193 1058; x_wconf 83' lang='grc' dir='ltr'>κακά</span> <span class='ocrx_word' id='word_1_402' title='bbox 2206 1019 2314 1073; x_wconf 90' lang='grc' dir='ltr'>μοι.</span> <span class='ocrx_word' id='word_1_403' title='bbox 2333 1001 2424 1072; x_wconf 86' lang='grc' dir='ltr'><strong>Μὴ</strong></span> <span class='ocrx_word' id='word_1_404' title='bbox 2440 1002 2468 1052; x_wconf 93' lang='lat'><strong>6</strong></span> <span class='ocrx_word' id='word_1_405' title='bbox 2486 996 2834 1068; x_wconf 83' lang='grc' dir='ltr'>κοιμώμενος</span> <span class='ocrx_word' id='word_1_406' title='bbox 2851 992 2986 1062; x_wconf 53' lang='grc' dir='ltr'><strong>οὐχὶ⁹</strong></span> <span class='ocrx_word' id='word_1_407' title='bbox 3003 988 3338 1062; x_wconf 86' lang='grc' dir='ltr'>προσθήσει</span> <span class='ocrx_word' id='word_1_408' title='bbox 3352 986 3462 1039; x_wconf 82' lang='grc' dir='ltr'>τοῦ</span> <span class='ocrx_word' id='word_1_409' title='bbox 3480 986 3691 1056; x_wconf 81' lang='grc' dir='ltr'>ἀναστῆο</span> 
     </span>
    </p>
   </div>
   <div class='ocr_carea' id='block_1_55' title="bbox 2052 1075 3691 1162">
    <p class='ocr_par' dir='ltr' id='par_1_55' title="bbox 2052 1075 3691 1162">
     <span class='ocr_line' id='line_1_55' title="bbox 2052 1075 3691 1162; baseline -0.013 -14"><span class='ocrx_word' id='word_1_410' title='bbox 2052 1113 2138 1148; x_wconf 86' lang='grc' dir='ltr'><strong>ναι</strong></span> <span class='ocrx_word' id='word_1_411' title='bbox 2159 1094 2277 1159; x_wconf 56' lang='lat' dir='ltr'><strong>neat</strong></span> <span class='ocrx_word' id='word_1_412' title='bbox 2289 1082 2738 1162; x_wconf 78' lang='grc' dir='ltr'>γὰρόᾶνθρωπος</span> <span class='ocrx_word' id='word_1_413' title='bbox 2770 1085 2880 1154; x_wconf 79' lang='grc' dir='ltr'>τῆς</span> <span class='ocrx_word' id='word_1_414' title='bbox 2901 1083 3155 1153; x_wconf 84' lang='grc' dir='ltr'>εἰρήνης</span> <span class='ocrx_word' id='word_1_415' title='bbox 3179 1097 3320 1150; x_wconf 86' lang='grc' dir='ltr'>μου,</span> <span class='ocrx_word' id='word_1_416' title='bbox 3349 1079 3447 1146; x_wconf 75' lang='grc' dir='ltr'><strong>ἐφ’</strong></span> <span class='ocrx_word' id='word_1_417' title='bbox 3471 1076 3534 1128; x_wconf 81' lang='grc' dir='ltr'>ὃν</span> <span class='ocrx_word' id='word_1_418' title='bbox 3559 1075 3691 1147; x_wconf 48' lang='lat' dir='ltr'><strong>hinc</strong></span> 
     </span>
    </p>
   </div>
   <div class='ocr_carea' id='block_1_56' title="bbox 2059 1170 3702 1252">
    <p class='ocr_par' dir='ltr' id='par_1_56' title="bbox 2059 1170 3702 1252">
     <span class='ocr_line' id='line_1_56' title="bbox 2059 1170 3702 1252; baseline -0.01 -14"><span class='ocrx_word' id='word_1_419' title='bbox 2059 1188 2186 1248; x_wconf 85' lang='grc' dir='ltr'>σα,ὁ</span> <span class='ocrx_word' id='word_1_420' title='bbox 2209 1184 2396 1236; x_wconf 82' lang='grc' dir='ltr'>ὲσθίων</span> <span class='ocrx_word' id='word_1_421' title='bbox 2421 1183 2620 1252; x_wconf 84' lang='grc' dir='ltr'>ἄρτους</span> <span class='ocrx_word' id='word_1_422' title='bbox 2649 1196 2776 1249; x_wconf 87' lang='grc' dir='ltr'>μου,</span> <span class='ocrx_word' id='word_1_423' title='bbox 2806 1172 3178 1246; x_wconf 75' lang='grc' dir='ltr'>ἐμεγάλυνεν</span> <span class='ocrx_word' id='word_1_424' title='bbox 3197 1170 3299 1222; x_wconf 72' lang='grc' dir='ltr'>ἐπ’</span> <span class='ocrx_word' id='word_1_425' title='bbox 3342 1170 3466 1239; x_wconf 77' lang='grc' dir='ltr'>ἐμὲ</span> <span class='ocrx_word' id='word_1_426' title='bbox 3505 1185 3702 1238; x_wconf 85' lang='grc' dir='ltr'>πτερνι-</span> 
     </span>
    </p>
   </div>
   <div class='ocr_carea' id='block_1_57' title="bbox 2057 1259 3705 1345">
    <p class='ocr_par' dir='ltr' id='par_1_57' title="bbox 2057 1259 3705 1345">
     <span class='ocr_line' id='line_1_57' title="bbox 2057 1259 3705 1345; baseline -0.008 -17"><span class='ocrx_word' id='word_1_427' title='bbox 2057 1275 2210 1345; x_wconf 87' lang='grc' dir='ltr'>σμόν.</span> <span class='ocrx_word' id='word_1_428' title='bbox 2228 1275 2297 1326; x_wconf 81' lang='grc' dir='ltr'><strong>Σὺ</strong></span> <span class='ocrx_word' id='word_1_429' title='bbox 2313 1275 2388 1334; x_wconf 79' lang='grc' dir='ltr'><strong>δὲ,</strong></span> <span class='ocrx_word' id='word_1_430' title='bbox 2404 1272 2602 1342; x_wconf 83' lang='grc' dir='ltr'>Κύριε,</span> <span class='ocrx_word' id='word_1_431' title='bbox 2624 1268 2851 1337; x_wconf 79' lang='grc' dir='ltr'>ἐλέησόν</span> <span class='ocrx_word' id='word_1_432' title='bbox 2874 1283 2975 1336; x_wconf 90' lang='grc' dir='ltr'><strong>με,</strong></span> <span class='ocrx_word' id='word_1_433' title='bbox 3013 1262 3126 1317; x_wconf 72' lang='grc' dir='ltr'><strong>καὶ</strong></span> <span class='ocrx_word' id='word_1_434' title='bbox 3155 1259 3509 1329; x_wconf 60' lang='grc' dir='ltr'>ἀνάστησὼ</span> <span class='ocrx_word' id='word_1_435' title='bbox 3528 1276 3617 1330; x_wconf 83' lang='grc' dir='ltr'><strong>με,</strong></span> <span class='ocrx_word' id='word_1_436' title='bbox 3633 1262 3705 1314; x_wconf 73' lang='grc' dir='ltr'>καὶ</span> 
     </span>
    </p>
   </div>
   <div class='ocr_carea' id='block_1_58' title="bbox 2055 1351 3715 1425">
    <p class='ocr_par' dir='ltr' id='par_1_58' title="bbox 2055 1351 3715 1425">
     <span class='ocr_line' id='line_1_58' title="bbox 2055 1351 3715 1425; baseline -0.009 -7"><span class='ocrx_word' id='word_1_437' title='bbox 2055 1364 2410 1418; x_wconf 83' lang='grc' dir='ltr'>ἀνταποδώσω</span> <span class='ocrx_word' id='word_1_438' title='bbox 2435 1364 2635 1424; x_wconf 80' lang='grc' dir='ltr'>αὐτοῖς.</span> <span class='ocrx_word' id='word_1_439' title='bbox 2676 1361 2768 1413; x_wconf 87' lang='grc' dir='ltr'>Ἐν</span> <span class='ocrx_word' id='word_1_440' title='bbox 2793 1356 2992 1425; x_wconf 80' lang='grc' dir='ltr'>τούτῳ</span> <span class='ocrx_word' id='word_1_441' title='bbox 3029 1353 3239 1422; x_wconf 80' lang='grc' dir='ltr'>ἔγνων,</span> <span class='ocrx_word' id='word_1_442' title='bbox 3285 1352 3389 1404; x_wconf 81' lang='grc' dir='ltr'>ὅτι</span> <span class='ocrx_word' id='word_1_443' title='bbox 3428 1351 3715 1423; x_wconf 50' lang='lat' dir='ltr'><strong>“eam;</strong></span> 
     </span>
    </p>
   </div>
   <div class='ocr_carea' id='block_1_59' title="bbox 2061 1444 3714 1527">
    <p class='ocr_par' dir='ltr' id='par_1_59' title="bbox 2061 1444 3714 1527">
     <span class='ocr_line' id='line_1_59' title="bbox 2061 1444 3714 1527; baseline -0.008 -18"><span class='ocrx_word' id='word_1_444' title='bbox 2061 1475 2146 1527; x_wconf 86' lang='grc' dir='ltr'><strong>με,</strong></span> <span class='ocrx_word' id='word_1_445' title='bbox 2179 1458 2257 1509; x_wconf 84' lang='grc' dir='ltr'>ὅτι</span> <span class='ocrx_word' id='word_1_446' title='bbox 2289 1457 2348 1508; x_wconf 81' lang='grc' dir='ltr'><strong>οὐ</strong></span> <span class='ocrx_word' id='word_1_447' title='bbox 2383 1455 2454 1525; x_wconf 82' lang='grc' dir='ltr'>μὴ</span> <span class='ocrx_word' id='word_1_448' title='bbox 2477 1455 2714 1524; x_wconf 82' lang='grc' dir='ltr'>ὲπιχαρῇ</span> <span class='ocrx_word' id='word_1_449' title='bbox 2750 1452 2781 1503; x_wconf 97' lang='lat'><strong>6</strong></span> <span class='ocrx_word' id='word_1_450' title='bbox 2814 1448 3034 1519; x_wconf 77' lang='grc' dir='ltr'>ἐχθρός</span> <span class='ocrx_word' id='word_1_451' title='bbox 3071 1464 3182 1518; x_wconf 86' lang='grc' dir='ltr'><strong>μου</strong></span> <span class='ocrx_word' id='word_1_452' title='bbox 3218 1444 3328 1498; x_wconf 73' lang='grc' dir='ltr'><strong>ἐπ’</strong></span> <span class='ocrx_word' id='word_1_453' title='bbox 3367 1444 3535 1514; x_wconf 82' lang='grc' dir='ltr'>ὲμοί.</span> <span class='ocrx_word' id='word_1_454' title='bbox 3575 1445 3714 1514; x_wconf 67' lang='grc' dir='ltr'>Ἐμοῦ</span> 
     </span>
    </p>
   </div>
   <div class='ocr_carea' id='block_1_60' title="bbox 2056 1535 3718 1616">
    <p class='ocr_par' dir='ltr' id='par_1_60' title="bbox 2056 1535 3718 1616">
     <span class='ocr_line' id='line_1_60' title="bbox 2056 1535 3718 1616; baseline -0.007 -16"><span class='ocrx_word' id='word_1_455' title='bbox 2056 1548 2110 1600; x_wconf 84' lang='grc' dir='ltr'>δὲ</span> <span class='ocrx_word' id='word_1_456' title='bbox 2154 1547 2240 1600; x_wconf 85' lang='grc' dir='ltr'><strong>διὰ</strong></span> <span class='ocrx_word' id='word_1_457' title='bbox 2277 1547 2375 1616; x_wconf 83' lang='grc' dir='ltr'>τὴν</span> <span class='ocrx_word' id='word_1_458' title='bbox 2412 1544 2647 1598; x_wconf 78' lang='grc' dir='ltr'>ἀκακίαν</span> <span class='ocrx_word' id='word_1_459' title='bbox 2684 1538 3008 1598; x_wconf 79' lang='grc' dir='ltr'>ἀντελὰϐου</span> <span class='ocrx_word' id='word_1_460' title='bbox 3034 1579 3052 1603; x_wconf 88' lang='grc'><strong>,</strong></span> <span class='ocrx_word' id='word_1_461' title='bbox 3094 1539 3196 1591; x_wconf 76' lang='grc' dir='ltr'><strong>καὶ</strong></span> <span class='ocrx_word' id='word_1_462' title='bbox 3255 1535 3639 1599; x_wconf 72' lang='grc' dir='ltr'>ἐϐεϐαίωσάς</span> <span class='ocrx_word' id='word_1_463' title='bbox 3668 1554 3718 1606; x_wconf 77' lang='grc' dir='ltr'><strong>με</strong></span> 
     </span>
    </p>
   </div>
   <div class='ocr_carea' id='block_1_61' title="bbox 2059 1627 3720 1698">
    <p class='ocr_par' dir='ltr' id='par_1_61' title="bbox 2059 1627 3720 1698">
     <span class='ocr_line' id='line_1_61' title="bbox 2059 1627 3720 1698; baseline -0.008 -8"><span class='ocrx_word' id='word_1_464' title='bbox 2059 1637 2282 1689; x_wconf 75' lang='grc' dir='ltr'>ἐνώπιόν</span> <span class='ocrx_word' id='word_1_465' title='bbox 2308 1653 2400 1688; x_wconf 92' lang='grc' dir='ltr'><strong>σου</strong></span> <span class='ocrx_word' id='word_1_466' title='bbox 2430 1637 2509 1697; x_wconf 85' lang='grc' dir='ltr'><strong>είς</strong></span> <span class='ocrx_word' id='word_1_467' title='bbox 2541 1634 2634 1686; x_wconf 82' lang='grc' dir='ltr'><strong>τὸν</strong></span> <span class='ocrx_word' id='word_1_468' title='bbox 2674 1633 2879 1686; x_wconf 79' lang='grc' dir='ltr'>αἰῶνα.</span> <span class='ocrx_word' id='word_1_469' title='bbox 2918 1652 2937 1683; x_wconf 71' lang='grc' dir='ltr'><strong>ι</strong></span> <span class='ocrx_word' id='word_1_470' title='bbox 2984 1629 3229 1698; x_wconf 76' lang='grc' dir='ltr'>Ἐπειδὴ</span> <span class='ocrx_word' id='word_1_471' title='bbox 3291 1643 3472 1688; x_wconf 82' lang='grc' dir='ltr'>τινες</span> <span class='ocrx_word' id='word_1_472' title='bbox 3522 1627 3720 1696; x_wconf 68' lang='grc' dir='ltr'>ὑπειλήι</span> 
     </span>
    </p>
   </div>
   <div class='ocr_carea' id='block_1_62' title="bbox 2061 1717 3720 1798">
    <p class='ocr_par' dir='ltr' id='par_1_62' title="bbox 2061 1717 3720 1798">
     <span class='ocr_line' id='line_1_62' title="bbox 2061 1717 3720 1798; baseline -0.008 -17"><span class='ocrx_word' id='word_1_473' title='bbox 2061 1745 2190 1798; x_wconf 83' lang='grc' dir='ltr'>φασι</span> <span class='ocrx_word' id='word_1_474' title='bbox 2221 1727 2316 1797; x_wconf 85' lang='grc' dir='ltr'>τὴν</span> <span class='ocrx_word' id='word_1_475' title='bbox 2349 1725 2530 1796; x_wconf 86' lang='grc' dir='ltr'>βίϐλον</span> <span class='ocrx_word' id='word_1_476' title='bbox 2551 1723 2659 1776; x_wconf 90' lang='grc' dir='ltr'><strong>τῶν</strong></span> <span class='ocrx_word' id='word_1_477' title='bbox 2689 1723 2960 1793; x_wconf 83' lang='grc' dir='ltr'>Ψαλμῶν</span> <span class='ocrx_word' id='word_1_478' title='bbox 2981 1721 3213 1791; x_wconf 72' lang='grc' dir='ltr'>ὕμνους</span> <span class='ocrx_word' id='word_1_479' title='bbox 3257 1718 3454 1789; x_wconf 82' lang='grc' dir='ltr'>μόνον</span> <span class='ocrx_word' id='word_1_480' title='bbox 3476 1719 3566 1780; x_wconf 83' lang='grc' dir='ltr'><strong>είς</strong></span> <span class='ocrx_word' id='word_1_481' title='bbox 3597 1717 3720 1778; x_wconf 76' lang='grc' dir='ltr'>Θεὸν,</span> 
     </span>
    </p>
   </div>
   <div class='ocr_carea' id='block_1_63' title="bbox 2062 1809 3724 1887">
    <p class='ocr_par' dir='ltr' id='par_1_63' title="bbox 2062 1809 3724 1887">
     <span class='ocr_line' id='line_1_63' title="bbox 2062 1809 3724 1887; baseline -0.007 -15"><span class='ocrx_word' id='word_1_482' title='bbox 2062 1819 2153 1872; x_wconf 75' lang='grc' dir='ltr'><strong>καὶ</strong></span> <span class='ocrx_word' id='word_1_483' title='bbox 2185 1817 2326 1887; x_wconf 75' lang='grc' dir='ltr'>ᾠδὰς</span> <span class='ocrx_word' id='word_1_484' title='bbox 2358 1813 2671 1882; x_wconf 84' lang='grc' dir='ltr'>θεολογικὰς</span> <span class='ocrx_word' id='word_1_485' title='bbox 2701 1814 3039 1885; x_wconf 79' lang='grc' dir='ltr'>περιέχειν,</span> <span class='ocrx_word' id='word_1_486' title='bbox 3069 1812 3144 1864; x_wconf 85' lang='grc' dir='ltr'><strong>οὐ</strong></span> <span class='ocrx_word' id='word_1_487' title='bbox 3177 1811 3300 1881; x_wconf 82' lang='grc' dir='ltr'>μὴν</span> <span class='ocrx_word' id='word_1_488' title='bbox 3344 1811 3458 1863; x_wconf 74' lang='grc' dir='ltr'><strong>καὶ</strong></span> <span class='ocrx_word' id='word_1_489' title='bbox 3502 1809 3724 1881; x_wconf 73' lang='grc' dir='ltr'>προγνώ-</span> 
     </span>
    </p>
   </div>
   <div class='ocr_carea' id='block_1_64' title="bbox 2063 1899 3723 1976">
    <p class='ocr_par' dir='ltr' id='par_1_64' title="bbox 2063 1899 3723 1976">
     <span class='ocr_line' id='line_1_64' title="bbox 2063 1899 3723 1976; baseline -0.007 -15"><span class='ocrx_word' id='word_1_490' title='bbox 2063 1926 2192 1971; x_wconf 89' lang='grc' dir='ltr'>σεις,</span> <span class='ocrx_word' id='word_1_491' title='bbox 2228 1907 2343 1959; x_wconf 82' lang='grc' dir='ltr'>οὐδὲ</span> <span class='ocrx_word' id='word_1_492' title='bbox 2380 1905 2682 1976; x_wconf 84' lang='grc' dir='ltr'>μελλόντων</span> <span class='ocrx_word' id='word_1_493' title='bbox 2718 1901 3129 1974; x_wconf 72' lang='grc' dir='ltr'>προφητείας,</span> <span class='ocrx_word' id='word_1_494' title='bbox 3153 1900 3332 1953; x_wconf 79' lang='grc' dir='ltr'>τοῦτο</span> <span class='ocrx_word' id='word_1_495' title='bbox 3370 1899 3608 1972; x_wconf 86' lang='grc' dir='ltr'>πρῶτον</span> <span class='ocrx_word' id='word_1_496' title='bbox 3629 1899 3723 1950; x_wconf 68' lang='lat' dir='ltr'><strong>tm-</strong></span> 
     </span>
    </p>
   </div>
   <div class='ocr_carea' id='block_1_65' title="bbox 2060 1989 3724 2070">
    <p class='ocr_par' dir='ltr' id='par_1_65' title="bbox 2060 1989 3724 2070">
     <span class='ocr_line' id='line_1_65' title="bbox 2060 1989 3724 2070; baseline -0.007 -18"><span class='ocrx_word' id='word_1_497' title='bbox 2060 1999 2352 2070; x_wconf 82' lang='grc' dir='ltr'><strong>τηρητέον,</strong></span> <span class='ocrx_word' id='word_1_498' title='bbox 2402 1997 2479 2059; x_wconf 82' lang='grc' dir='ltr'>ὡς</span> <span class='ocrx_word' id='word_1_499' title='bbox 2527 1995 2700 2066; x_wconf 86' lang='grc' dir='ltr'>μυρία</span> <span class='ocrx_word' id='word_1_500' title='bbox 2747 1994 3112 2057; x_wconf 80' lang='grc' dir='ltr'>θεσπίζεται</span> <span class='ocrx_word' id='word_1_501' title='bbox 3149 1993 3214 2046; x_wconf 87' lang='grc' dir='ltr'>δι’</span> <span class='ocrx_word' id='word_1_502' title='bbox 3267 1991 3528 2053; x_wconf 80' lang='grc' dir='ltr'>αὐτῶν,</span> <span class='ocrx_word' id='word_1_503' title='bbox 3570 1989 3604 2043; x_wconf 79' lang='grc' dir='ltr'>ἃ</span> <span class='ocrx_word' id='word_1_504' title='bbox 3651 1993 3724 2041; x_wconf 71' lang='grc' dir='ltr'><strong>καὶ</strong></span> 
     </span>
    </p>
   </div>
   <div class='ocr_carea' id='block_1_66' title="bbox 2066 2081 3725 2159">
    <p class='ocr_par' dir='ltr' id='par_1_66' title="bbox 2066 2081 3725 2159">
     <span class='ocr_line' id='line_1_66' title="bbox 2066 2081 3725 2159; baseline -0.007 -17"><span class='ocrx_word' id='word_1_505' title='bbox 2066 2089 2269 2159; x_wconf 77' lang='grc' dir='ltr'>μακρὸν</span> <span class='ocrx_word' id='word_1_506' title='bbox 2304 2087 2368 2140; x_wconf 86' lang='grc' dir='ltr'><strong>ἂν</strong></span> <span class='ocrx_word' id='word_1_507' title='bbox 2401 2086 2484 2156; x_wconf 78' lang='grc' dir='ltr'><strong>εἴη</strong></span> <span class='ocrx_word' id='word_1_508' title='bbox 2521 2085 2861 2151; x_wconf 82' lang='grc' dir='ltr'>συναγαγεῖν</span> <span class='ocrx_word' id='word_1_509' title='bbox 2914 2083 3029 2134; x_wconf 73' lang='grc' dir='ltr'><strong>ἐπὶ</strong></span> <span class='ocrx_word' id='word_1_510' title='bbox 3065 2082 3176 2135; x_wconf 81' lang='grc' dir='ltr'>τοῦ</span> <span class='ocrx_word' id='word_1_511' title='bbox 3220 2081 3556 2148; x_wconf 81' lang='grc' dir='ltr'>παρόντος,</span> <span class='ocrx_word' id='word_1_512' title='bbox 3591 2081 3725 2149; x_wconf 79' lang='grc' dir='ltr'>ἀρκεῖ</span> 
     </span>
    </p>
   </div>
   <div class='ocr_carea' id='block_1_67' title="bbox 2061 2172 3720 2248">
    <p class='ocr_par' dir='ltr' id='par_1_67' title="bbox 2061 2172 3720 2248">
     <span class='ocr_line' id='line_1_67' title="bbox 2061 2172 3720 2248; baseline -0.005 -17"><span class='ocrx_word' id='word_1_513' title='bbox 2061 2179 2116 2231; x_wconf 86' lang='grc' dir='ltr'>δὲ</span> <span class='ocrx_word' id='word_1_514' title='bbox 2147 2177 2451 2248; x_wconf 84' lang='grc' dir='ltr'>χρήσασθαι</span> <span class='ocrx_word' id='word_1_515' title='bbox 2481 2177 2561 2238; x_wconf 84' lang='grc' dir='ltr'><strong>εἰς</strong></span> <span class='ocrx_word' id='word_1_516' title='bbox 2595 2173 2924 2245; x_wconf 85' lang='grc' dir='ltr'>μαρτυρίαν</span> <span class='ocrx_word' id='word_1_517' title='bbox 2960 2173 3078 2226; x_wconf 80' lang='grc' dir='ltr'>τοῦ</span> <span class='ocrx_word' id='word_1_518' title='bbox 3115 2173 3292 2242; x_wconf 86' lang='grc' dir='ltr'>λόγου</span> <span class='ocrx_word' id='word_1_519' title='bbox 3331 2172 3442 2225; x_wconf 83' lang='grc' dir='ltr'>δύο</span> <span class='ocrx_word' id='word_1_520' title='bbox 3475 2172 3720 2241; x_wconf 76' lang='grc' dir='ltr'>ψαλμοῖς·</span> 
     </span>
    </p>
   </div>
   <div class='ocr_carea' id='block_1_68' title="bbox 2065 2261 3717 2338">
    <p class='ocr_par' dir='ltr' id='par_1_68' title="bbox 2065 2261 3717 2338">
     <span class='ocr_line' id='line_1_68' title="bbox 2065 2261 3717 2338; baseline -0.005 -16"><span class='ocrx_word' id='word_1_521' title='bbox 2065 2267 2553 2338; x_wconf 83' lang='grc' dir='ltr'>ὲπιγεγραμμένως</span> <span class='ocrx_word' id='word_1_522' title='bbox 2602 2266 2659 2317; x_wconf 83' lang='grc' dir='ltr'>δὲ</span> <span class='ocrx_word' id='word_1_523' title='bbox 2715 2263 2867 2318; x_wconf 83' lang='grc' dir='ltr'>κατὰ</span> <span class='ocrx_word' id='word_1_524' title='bbox 2930 2263 3048 2317; x_wconf 81' lang='grc' dir='ltr'>τοῦ</span> <span class='ocrx_word' id='word_1_525' title='bbox 3110 2264 3296 2318; x_wconf 71' lang='grc' dir='ltr'>Δαϐὶδ</span> <span class='ocrx_word' id='word_1_526' title='bbox 3362 2264 3616 2334; x_wconf 83' lang='grc' dir='ltr'>χρόνους.</span> <span class='ocrx_word' id='word_1_527' title='bbox 3665 2261 3717 2314; x_wconf 72' lang='grc' dir='ltr'><strong>τὸ</strong></span> 
     </span>
    </p>
   </div>
   <div class='ocr_carea' id='block_1_69' title="bbox 2063 2349 3712 2428">
    <p class='ocr_par' dir='ltr' id='par_1_69' title="bbox 2063 2349 3712 2428">
     <span class='ocr_line' id='line_1_69' title="bbox 2063 2349 3712 2428; baseline -0.004 -18"><span class='ocrx_word' id='word_1_528' title='bbox 2063 2357 2357 2428; x_wconf 78' lang='grc' dir='ltr'>τηνικαῦτα</span> <span class='ocrx_word' id='word_1_529' title='bbox 2387 2356 2494 2425; x_wconf 86' lang='grc' dir='ltr'>γὰρ</span> <span class='ocrx_word' id='word_1_530' title='bbox 2526 2349 2608 2416; x_wconf 77' lang='grc' dir='ltr'>εἷς</span> <span class='ocrx_word' id='word_1_531' title='bbox 2641 2353 2753 2406; x_wconf 91' lang='grc' dir='ltr'><strong>τῶν</strong></span> <span class='ocrx_word' id='word_1_532' title='bbox 2796 2353 3187 2425; x_wconf 74' lang='grc' dir='ltr'>ἱεροψαλτῶν</span> <span class='ocrx_word' id='word_1_533' title='bbox 3217 2356 3251 2407; x_wconf 86' lang='lat'><strong>6</strong></span> <span class='ocrx_word' id='word_1_534' title='bbox 3301 2354 3500 2423; x_wconf 76' lang='grc' dir='ltr'><strong>Ἀσάφ</strong></span> <span class='ocrx_word' id='word_1_535' title='bbox 3538 2354 3712 2420; x_wconf 77' lang='grc' dir='ltr'>τυγχά-</span> 
     </span>
    </p>
   </div>
   <div class='ocr_carea' id='block_1_70' title="bbox 2063 2440 3708 2514">
    <p class='ocr_par' dir='ltr' id='par_1_70' title="bbox 2063 2440 3708 2514">
     <span class='ocr_line' id='line_1_70' title="bbox 2063 2440 3708 2514; baseline -0.001 -18"><span class='ocrx_word' id='word_1_536' title='bbox 2063 2460 2186 2507; x_wconf 87' lang='grc' dir='ltr'>νων,</span> <span class='ocrx_word' id='word_1_537' title='bbox 2222 2443 2296 2507; x_wconf 86' lang='grc' dir='ltr'>ὼς</span> <span class='ocrx_word' id='word_1_538' title='bbox 2329 2445 2384 2495; x_wconf 81' lang='grc' dir='ltr'>ὲν</span> <span class='ocrx_word' id='word_1_539' title='bbox 2417 2445 2482 2512; x_wconf 83' lang='grc' dir='ltr'>τῇ</span> <span class='ocrx_word' id='word_1_540' title='bbox 2520 2440 2688 2511; x_wconf 83' lang='grc' dir='ltr'>βίϐλῳ</span> <span class='ocrx_word' id='word_1_541' title='bbox 2729 2440 2982 2511; x_wconf 86' lang='grc' dir='ltr'>φέρεται</span> <span class='ocrx_word' id='word_1_542' title='bbox 3022 2442 3154 2496; x_wconf 87' lang='grc' dir='ltr'><strong>τῶν</strong></span> <span class='ocrx_word' id='word_1_543' title='bbox 3187 2442 3708 2514; x_wconf 78' lang='grc' dir='ltr'>Παραλειπομένων,</span> 
     </span>
    </p>
   </div>
   <div class='ocr_carea' id='block_1_71' title="bbox 2063 2530 3710 2603">
    <p class='ocr_par' dir='ltr' id='par_1_71' title="bbox 2063 2530 3710 2603">
     <span class='ocr_line' id='line_1_71' title="bbox 2063 2530 3710 2603; baseline -0.002 -19"><span class='ocrx_word' id='word_1_544' title='bbox 2063 2535 2187 2596; x_wconf 76' lang='grc' dir='ltr'>τοὺς</span> <span class='ocrx_word' id='word_1_545' title='bbox 2234 2531 2750 2603; x_wconf 80' lang='grc' dir='ltr'>ἐπιγεγραμμένους</span> <span class='ocrx_word' id='word_1_546' title='bbox 2803 2530 2995 2582; x_wconf 82' lang='grc' dir='ltr'>αὐτὸν</span> <span class='ocrx_word' id='word_1_547' title='bbox 3049 2532 3337 2603; x_wconf 65' lang='grc' dir='ltr'>ψαλμοὺς</span> <span class='ocrx_word' id='word_1_548' title='bbox 3393 2531 3533 2601; x_wconf 82' lang='grc' dir='ltr'>θείῳ</span> <span class='ocrx_word' id='word_1_549' title='bbox 3572 2531 3710 2583; x_wconf 63' lang='lat' dir='ltr'><strong>Ilvati-</strong></span> 
     </span>
    </p>
   </div>
   <div class='ocr_carea' id='block_1_72' title="bbox 2068 2603 3707 2694">
    <p class='ocr_par' dir='ltr' id='par_1_72' title="bbox 2068 2603 3707 2694">
     <span class='ocr_line' id='line_1_72' title="bbox 2068 2603 3707 2694; baseline -0.001 -20"><span class='ocrx_word' id='word_1_550' title='bbox 2068 2640 2193 2692; x_wconf 88' lang='grc' dir='ltr'>ματι</span> <span class='ocrx_word' id='word_1_551' title='bbox 2220 2621 2628 2692; x_wconf 78' lang='grc' dir='ltr'>προσεφώνησε.</span> <span class='ocrx_word' id='word_1_552' title='bbox 2647 2621 2714 2672; x_wconf 90' lang='grc' dir='ltr'>Τί</span> <span class='ocrx_word' id='word_1_553' title='bbox 2745 2620 2814 2692; x_wconf 82' lang='grc' dir='ltr'>δὴ</span> <span class='ocrx_word' id='word_1_554' title='bbox 2841 2603 2948 2674; x_wconf 72' lang='grc' dir='ltr'><strong>οὖν</strong></span> <span class='ocrx_word' id='word_1_555' title='bbox 2979 2623 3386 2694; x_wconf 81' lang='grc' dir='ltr'>περιέχουσιν</span> <span class='ocrx_word' id='word_1_556' title='bbox 3417 2624 3471 2674; x_wconf 82' lang='grc' dir='ltr'><strong>οί</strong></span> <span class='ocrx_word' id='word_1_557' title='bbox 3502 2620 3707 2692; x_wconf 54' lang='grc' dir='ltr'>ψιιὶμοὰ</span> 
     </span>
    </p>
   </div>
   <div class='ocr_carea' id='block_1_73' title="bbox 2065 2710 3704 2784">
    <p class='ocr_par' dir='ltr' id='par_1_73' title="bbox 2065 2710 3704 2784">
     <span class='ocr_line' id='line_1_73' title="bbox 2065 2710 3704 2784; baseline -0.001 -19"><span class='ocrx_word' id='word_1_558' title='bbox 2065 2713 2391 2783; x_wconf 72' lang='grc' dir='ltr'>προρρήσεις</span> <span class='ocrx_word' id='word_1_559' title='bbox 2447 2711 2548 2780; x_wconf 85' lang='grc' dir='ltr'>τῆς</span> <span class='ocrx_word' id='word_1_560' title='bbox 2580 2710 2921 2781; x_wconf 81' lang='grc' dir='ltr'>πολιορκίας</span> <span class='ocrx_word' id='word_1_561' title='bbox 2977 2713 3101 2783; x_wconf 84' lang='grc' dir='ltr'>τῆς</span> <span class='ocrx_word' id='word_1_562' title='bbox 3174 2713 3490 2784; x_wconf 81' lang='grc' dir='ltr'>βασιλικῆς</span> <span class='ocrx_word' id='word_1_563' title='bbox 3531 2712 3704 2772; x_wconf 79' lang='grc' dir='ltr'>πόλεως</span> 
     </span>
    </p>
   </div>
   <div class='ocr_carea' id='block_1_74' title="bbox 2064 2800 3705 2872">
    <p class='ocr_par' dir='ltr' id='par_1_74' title="bbox 2064 2800 3705 2872">
     <span class='ocr_line' id='line_1_74' title="bbox 2064 2800 3705 2872; baseline -0.001 -18"><span class='ocrx_word' id='word_1_564' title='bbox 2064 2802 2156 2854; x_wconf 74' lang='grc' dir='ltr'>τοῦ</span> <span class='ocrx_word' id='word_1_565' title='bbox 2193 2800 2458 2854; x_wconf 83' lang='grc' dir='ltr'>Ἰουδαίων</span> <span class='ocrx_word' id='word_1_566' title='bbox 2510 2800 2724 2863; x_wconf 75' lang='grc' dir='ltr'>ἔθνους,</span> <span class='ocrx_word' id='word_1_567' title='bbox 2756 2802 2893 2871; x_wconf 77' lang='grc' dir='ltr'>ἥτις</span> <span class='ocrx_word' id='word_1_568' title='bbox 2929 2802 3196 2870; x_wconf 81' lang='grc' dir='ltr'>γέγονεν</span> <span class='ocrx_word' id='word_1_569' title='bbox 3236 2803 3430 2872; x_wconf 76' lang='grc' dir='ltr'>ἐγγύς</span> <span class='ocrx_word' id='word_1_570' title='bbox 3465 2819 3568 2855; x_wconf 86' lang='grc' dir='ltr'><strong>που</strong></span> <span class='ocrx_word' id='word_1_571' title='bbox 3607 2817 3705 2854; x_wconf 75' lang='grc' dir='ltr'>πεν-</span> 
     </span>
    </p>
   </div>
   <div class='ocr_carea' id='block_1_75' title="bbox 2065 2891 3700 2968">
    <p class='ocr_par' dir='ltr' id='par_1_75' title="bbox 2065 2891 3700 2968">
     <span class='ocr_line' id='line_1_75' title="bbox 2065 2891 3700 2968; baseline 0.003 -22"><span class='ocrx_word' id='word_1_572' title='bbox 2065 2893 2327 2954; x_wconf 87' lang='grc' dir='ltr'>τακοσίοις</span> <span class='ocrx_word' id='word_1_573' title='bbox 2374 2891 2516 2944; x_wconf 73' lang='grc' dir='ltr'>ἔτεσι</span> <span class='ocrx_word' id='word_1_574' title='bbox 2547 2891 2689 2961; x_wconf 80' lang='grc' dir='ltr'>μετὰ</span> <span class='ocrx_word' id='word_1_575' title='bbox 2723 2892 2829 2963; x_wconf 81' lang='grc' dir='ltr'><strong>τὴν</strong></span> <span class='ocrx_word' id='word_1_576' title='bbox 2869 2895 3247 2968; x_wconf 74' lang='grc' dir='ltr'>πρόρρησιν.</span> <span class='ocrx_word' id='word_1_577' title='bbox 3289 2897 3472 2966; x_wconf 82' lang='grc' dir='ltr'>Λέγει</span> <span class='ocrx_word' id='word_1_578' title='bbox 3508 2897 3553 2950; x_wconf 82' lang='lat'>6&#39;</span> <span class='ocrx_word' id='word_1_579' title='bbox 3581 2891 3700 2949; x_wconf 79' lang='grc' dir='ltr'><strong>οὖνὸ</strong></span> 
     </span>
    </p>
   </div>
   <div class='ocr_carea' id='block_1_76' title="bbox 2068 2980 3700 3058">
    <p class='ocr_par' dir='ltr' id='par_1_76' title="bbox 2068 2980 3700 3058">
     <span class='ocr_line' id='line_1_76' title="bbox 2068 2980 3700 3058; baseline -0.001 -24"><span class='ocrx_word' id='word_1_580' title='bbox 2068 2980 2456 3051; x_wconf 79' lang='grc' dir='ltr'>ἑϐδομηκοστδς</span> <span class='ocrx_word' id='word_1_581' title='bbox 2511 2981 2698 3050; x_wconf 88' lang='grc' dir='ltr'>τρίτος</span> <span class='ocrx_word' id='word_1_582' title='bbox 2747 2983 3302 3058; x_wconf 78' lang='grc' dir='ltr'>ἐπιγεγραμμένος</span> <span class='ocrx_word' id='word_1_583' title='bbox 3351 2986 3700 3054; x_wconf 77' lang='grc' dir='ltr'>συνέσεωςτῷ</span> 
     </span>
    </p>
   </div>
   <div class='ocr_carea' id='block_1_77' title="bbox 2087 3071 3695 3150">
    <p class='ocr_par' dir='ltr' id='par_1_77' title="bbox 2087 3071 3695 3150">
     <span class='ocr_line' id='line_1_77' title="bbox 2087 3071 3695 3150; baseline 0.001 -25"><span class='ocrx_word' id='word_1_584' title='bbox 2087 3072 2275 3140; x_wconf 72' lang='grc' dir='ltr'>Ἀσὰφ,</span> <span class='ocrx_word' id='word_1_585' title='bbox 2297 3090 2316 3122; x_wconf 79' lang='grc' dir='ltr'><strong>ι</strong></span> <span class='ocrx_word' id='word_1_586' title='bbox 2345 3073 2460 3124; x_wconf 85' lang='grc' dir='ltr'>’Ἰνα</span> <span class='ocrx_word' id='word_1_587' title='bbox 2489 3071 2540 3123; x_wconf 90' lang='grc' dir='ltr'><strong>τί</strong></span> <span class='ocrx_word' id='word_1_588' title='bbox 2565 3071 2806 3138; x_wconf 86' lang='grc' dir='ltr'>ἀπώσω,</span> <span class='ocrx_word' id='word_1_589' title='bbox 2824 3076 2856 3126; x_wconf 89' lang='grc' dir='ltr'>ὁ</span> <span class='ocrx_word' id='word_1_590' title='bbox 2885 3073 3070 3142; x_wconf 86' lang='grc' dir='ltr'>Θεὸς,</span> <span class='ocrx_word' id='word_1_591' title='bbox 3113 3081 3201 3142; x_wconf 82' lang='grc' dir='ltr'><strong>είς</strong></span> <span class='ocrx_word' id='word_1_592' title='bbox 3215 3077 3695 3150; x_wconf 79' lang='grc' dir='ltr'>τέλος;ὠργίσθηό</span> 
     </span>
    </p>
   </div>
   <div class='ocr_carea' id='block_1_78' title="bbox 2072 3157 3696 3238">
    <p class='ocr_par' dir='ltr' id='par_1_78' title="bbox 2072 3157 3696 3238">
     <span class='ocr_line' id='line_1_78' title="bbox 2072 3157 3696 3238; baseline 0.009 -28"><span class='ocrx_word' id='word_1_593' title='bbox 2072 3157 2238 3228; x_wconf 86' lang='grc' dir='ltr'>θυμός</span> <span class='ocrx_word' id='word_1_594' title='bbox 2285 3174 2377 3210; x_wconf 91' lang='grc' dir='ltr'><strong>σου</strong></span> <span class='ocrx_word' id='word_1_595' title='bbox 2421 3157 2512 3210; x_wconf 77' lang='grc' dir='ltr'>ἐπὶ</span> <span class='ocrx_word' id='word_1_596' title='bbox 2559 3158 2820 3228; x_wconf 82' lang='grc' dir='ltr'>πρόϐατα</span> <span class='ocrx_word' id='word_1_597' title='bbox 2875 3163 3084 3234; x_wconf 74' lang='grc' dir='ltr'>νομῆς</span> <span class='ocrx_word' id='word_1_598' title='bbox 3141 3183 3282 3233; x_wconf 84' lang='grc' dir='ltr'>σου;</span> <span class='ocrx_word' id='word_1_599' title='bbox 3327 3168 3597 3238; x_wconf 81' lang='grc' dir='ltr'>μνήσθητι</span> <span class='ocrx_word' id='word_1_600' title='bbox 3620 3165 3696 3232; x_wconf 73' lang='grc' dir='ltr'><strong>τῆς</strong></span> 
     </span>
    </p>
   </div>
   <div class='ocr_carea' id='block_1_79' title="bbox 2073 3245 3694 3331">
    <p class='ocr_par' dir='ltr' id='par_1_79' title="bbox 2073 3245 3694 3331">
     <span class='ocr_line' id='line_1_79' title="bbox 2073 3245 3694 3331; baseline 0.006 -29"><span class='ocrx_word' id='word_1_601' title='bbox 2073 3249 2389 3318; x_wconf 80' lang='grc' dir='ltr'>συναγωγῆς</span> <span class='ocrx_word' id='word_1_602' title='bbox 2435 3265 2566 3314; x_wconf 90' lang='grc' dir='ltr'>σου,</span> <span class='ocrx_word' id='word_1_603' title='bbox 2608 3245 2679 3321; x_wconf 86' lang='grc' dir='ltr'>ἦς</span> <span class='ocrx_word' id='word_1_604' title='bbox 2712 3253 2952 3324; x_wconf 77' lang='grc' dir='ltr'>ἐκτήσω</span> <span class='ocrx_word' id='word_1_605' title='bbox 2987 3257 3104 3312; x_wconf 74' lang='grc' dir='ltr'>ἀπ’</span> <span class='ocrx_word' id='word_1_606' title='bbox 3166 3260 3391 3330; x_wconf 82' lang='grc' dir='ltr'>ἀρχῆς,</span> <span class='ocrx_word' id='word_1_607' title='bbox 3443 3254 3694 3331; x_wconf 74' lang='grc' dir='ltr'>ἑλυτρώσω</span> 
     </span>
    </p>
   </div>
   <div class='ocr_carea' id='block_1_80' title="bbox 2074 3340 3694 3418">
    <p class='ocr_par' dir='ltr' id='par_1_80' title="bbox 2074 3340 3694 3418">
     <span class='ocr_line' id='line_1_80' title="bbox 2074 3340 3694 3418; baseline 0.004 -23"><span class='ocrx_word' id='word_1_608' title='bbox 2074 3341 2262 3412; x_wconf 79' lang='grc' dir='ltr'>ῥάϐδον</span> <span class='ocrx_word' id='word_1_609' title='bbox 2321 3340 2688 3412; x_wconf 84' lang='grc' dir='ltr'>κληρονομίας</span> <span class='ocrx_word' id='word_1_610' title='bbox 2723 3360 2846 3398; x_wconf 87' lang='grc' dir='ltr'>σου.</span> <span class='ocrx_word' id='word_1_611' title='bbox 2892 3347 3091 3418; x_wconf 85' lang='grc' dir='ltr'>Ὄρος</span> <span class='ocrx_word' id='word_1_612' title='bbox 3137 3350 3289 3406; x_wconf 84' lang='grc' dir='ltr'>Σιὼν</span> <span class='ocrx_word' id='word_1_613' title='bbox 3324 3352 3514 3414; x_wconf 82' lang='grc' dir='ltr'>τοῦτο,</span> <span class='ocrx_word' id='word_1_614' title='bbox 3540 3350 3570 3403; x_wconf 76' lang='grc' dir='ltr'><strong>ὃ</strong></span> <span class='ocrx_word' id='word_1_615' title='bbox 3592 3364 3694 3401; x_wconf 75' lang='grc' dir='ltr'>κατ-</span> 
     </span>
    </p>
   </div>
   <div class='ocr_carea' id='block_1_81' title="bbox 2071 3431 3693 3513">
    <p class='ocr_par' dir='ltr' id='par_1_81' title="bbox 2071 3431 3693 3513">
     <span class='ocr_line' id='line_1_81' title="bbox 2071 3431 3693 3513; baseline 0.01 -31"><span class='ocrx_word' id='word_1_616' title='bbox 2071 3432 2378 3502; x_wconf 83' lang='grc' dir='ltr'>εσκήνωσας</span> <span class='ocrx_word' id='word_1_617' title='bbox 2419 3431 2477 3483; x_wconf 86' lang='grc' dir='ltr'><strong>ὲν</strong></span> <span class='ocrx_word' id='word_1_618' title='bbox 2508 3431 2682 3502; x_wconf 71' lang='grc' dir='ltr'>αὐτῷ,</span> <span class='ocrx_word' id='word_1_619' title='bbox 2711 3433 2936 3504; x_wconf 74' lang='grc' dir='ltr'>ἐπαρον</span> <span class='ocrx_word' id='word_1_620' title='bbox 2987 3438 3110 3504; x_wconf 80' lang='grc' dir='ltr'>τὰς</span> <span class='ocrx_word' id='word_1_621' title='bbox 3141 3443 3350 3513; x_wconf 85' lang='grc' dir='ltr'>χεῖράς</span> <span class='ocrx_word' id='word_1_622' title='bbox 3389 3459 3488 3496; x_wconf 87' lang='grc' dir='ltr'><strong>σου</strong></span> <span class='ocrx_word' id='word_1_623' title='bbox 3516 3440 3599 3493; x_wconf 79' lang='grc' dir='ltr'><strong>ἐπὶ</strong></span> <span class='ocrx_word' id='word_1_624' title='bbox 3620 3438 3693 3498; x_wconf 67' lang='grc' dir='ltr'><strong>τὰς</strong></span> 
     </span>
    </p>
   </div>
   <div class='ocr_carea' id='block_1_82' title="bbox 2073 3522 3695 3605">
    <p class='ocr_par' dir='ltr' id='par_1_82' title="bbox 2073 3522 3695 3605">
     <span class='ocr_line' id='line_1_82' title="bbox 2073 3522 3695 3605; baseline 0.004 -32"><span class='ocrx_word' id='word_1_625' title='bbox 2073 3522 2440 3592; x_wconf 80' lang='grc' dir='ltr'>ὑπερηφανίας</span> <span class='ocrx_word' id='word_1_626' title='bbox 2471 3522 2653 3576; x_wconf 78' lang='grc' dir='ltr'>αὐτῶν</span> <span class='ocrx_word' id='word_1_627' title='bbox 2685 3525 2770 3587; x_wconf 76' lang='grc' dir='ltr'><strong>είς</strong></span> <span class='ocrx_word' id='word_1_628' title='bbox 2816 3525 3019 3592; x_wconf 82' lang='grc' dir='ltr'>τέλος.</span> <span class='ocrx_word' id='word_1_629' title='bbox 3057 3531 3214 3588; x_wconf 86' lang='grc' dir='ltr'>Ὅσα</span> <span class='ocrx_word' id='word_1_630' title='bbox 3261 3528 3695 3605; x_wconf 78' lang='grc' dir='ltr'>ὲπονηρεύσατοὸ</span> 
     </span>
    </p>
   </div>
   <div class='ocr_carea' id='block_1_83' title="bbox 2073 3612 3696 3711">
    <p class='ocr_par' dir='ltr' id='par_1_83' title="bbox 2073 3612 3696 3711">
     <span class='ocr_line' id='line_1_83' title="bbox 2073 3612 3696 3711; baseline 0.002 -38"><span class='ocrx_word' id='word_1_631' title='bbox 2073 3612 2262 3711; x_wconf 59' lang='grc' dir='ltr'>ἐχθρξς</span> <span class='ocrx_word' id='word_1_632' title='bbox 2311 3612 2370 3711; x_wconf 44' lang='grc' dir='ltr'><strong>ἓν</strong></span> <span class='ocrx_word' id='word_1_633' title='bbox 2421 3614 2532 3711; x_wconf 58' lang='grc' dir='ltr'>τοζς</span> <span class='ocrx_word' id='word_1_634' title='bbox 2589 3614 2772 3711; x_wconf 63' lang='grc' dir='ltr'>ἁγίοις</span> <span class='ocrx_word' id='word_1_635' title='bbox 2827 3633 2962 3683; x_wconf 87' lang='grc' dir='ltr'>σου,</span> <span class='ocrx_word' id='word_1_636' title='bbox 3029 3623 3144 3676; x_wconf 73' lang='grc' dir='ltr'><strong>καὶ</strong></span> <span class='ocrx_word' id='word_1_637' title='bbox 3182 3625 3626 3695; x_wconf 77' lang='grc' dir='ltr'>ἑνεκαυχήσαντο</span> <span class='ocrx_word' id='word_1_638' title='bbox 3660 3620 3696 3669; x_wconf 68' lang='grc' dir='ltr'><strong>οἱ</strong></span> 
     </span>
    </p>
   </div>
   <div class='ocr_carea' id='block_1_84' title="bbox 2076 3702 3697 3784">
    <p class='ocr_par' dir='ltr' id='par_1_84' title="bbox 2076 3702 3697 3784">
     <span class='ocr_line' id='line_1_84' title="bbox 2076 3702 3697 3784; baseline 0.003 -30"><span class='ocrx_word' id='word_1_639' title='bbox 2076 3702 2356 3772; x_wconf 83' lang='grc' dir='ltr'>μισοῦντές</span> <span class='ocrx_word' id='word_1_640' title='bbox 2386 3719 2445 3755; x_wconf 85' lang='grc' dir='ltr'><strong>σε</strong></span> <span class='ocrx_word' id='word_1_641' title='bbox 2491 3704 2550 3756; x_wconf 73' lang='grc' dir='ltr'>ὲν</span> <span class='ocrx_word' id='word_1_642' title='bbox 2612 3705 2768 3775; x_wconf 83' lang='grc' dir='ltr'>μέσῳ</span> <span class='ocrx_word' id='word_1_643' title='bbox 2808 3707 2926 3777; x_wconf 78' lang='grc' dir='ltr'>τῆς</span> <span class='ocrx_word' id='word_1_644' title='bbox 2960 3712 3194 3784; x_wconf 79' lang='grc' dir='ltr'>ἑορτῆς</span> <span class='ocrx_word' id='word_1_645' title='bbox 3252 3732 3384 3778; x_wconf 82' lang='grc' dir='ltr'>σου,</span> <span class='ocrx_word' id='word_1_646' title='bbox 3441 3715 3610 3767; x_wconf 75' lang='grc' dir='ltr'>ἔθεντο</span> <span class='ocrx_word' id='word_1_647' title='bbox 3648 3709 3697 3760; x_wconf 70' lang='grc' dir='ltr'>τὰ</span> 
     </span>
    </p>
   </div>
   <div class='ocr_carea' id='block_1_85' title="bbox 2075 3791 3702 3873">
    <p class='ocr_par' dir='ltr' id='par_1_85' title="bbox 2075 3791 3702 3873">
     <span class='ocr_line' id='line_1_85' title="bbox 2075 3791 3702 3873; baseline 0.007 -29"><span class='ocrx_word' id='word_1_648' title='bbox 2075 3795 2272 3861; x_wconf 85' lang='grc' dir='ltr'>σημεῖα</span> <span class='ocrx_word' id='word_1_649' title='bbox 2309 3791 2487 3846; x_wconf 84' lang='grc' dir='ltr'>αὐτῶν</span> <span class='ocrx_word' id='word_1_650' title='bbox 2514 3797 2718 3863; x_wconf 86' lang='grc' dir='ltr'>σημεῖα</span> <span class='ocrx_word' id='word_1_651' title='bbox 2738 3809 2757 3827; x_wconf 81' lang='lat'><strong><em>°</em></strong></span> <span class='ocrx_word' id='word_1_652' title='bbox 2797 3799 2906 3850; x_wconf 67' lang='lat' dir='ltr'><strong>zeal.</strong></span> <span class='ocrx_word' id='word_1_653' title='bbox 2957 3802 3080 3856; x_wconf 79' lang='grc' dir='ltr'>οὐκ</span> <span class='ocrx_word' id='word_1_654' title='bbox 3118 3803 3390 3873; x_wconf 75' lang='grc' dir='ltr'>ἔγνωσαν</span> <span class='ocrx_word' id='word_1_655' title='bbox 3425 3805 3504 3867; x_wconf 83' lang='grc' dir='ltr'>ὡς</span> <span class='ocrx_word' id='word_1_656' title='bbox 3533 3804 3604 3864; x_wconf 76' lang='grc' dir='ltr'><strong>είς</strong></span> <span class='ocrx_word' id='word_1_657' title='bbox 3626 3801 3702 3868; x_wconf 69' lang='grc' dir='ltr'><strong>τὴν</strong></span> 
     </span>
    </p>
   </div>
   <div class='ocr_carea' id='block_1_86' title="bbox 2074 3879 3705 3963">
    <p class='ocr_par' dir='ltr' id='par_1_86' title="bbox 2074 3879 3705 3963">
     <span class='ocr_line' id='line_1_86' title="bbox 2074 3879 3705 3963; baseline 0.012 -32"><span class='ocrx_word' id='word_1_658' title='bbox 2074 3879 2247 3943; x_wconf 79' lang='grc' dir='ltr'>ἔξοδον</span> <span class='ocrx_word' id='word_1_659' title='bbox 2301 3882 2577 3952; x_wconf 78' lang='grc' dir='ltr'>ὑπεράνω.</span> <span class='ocrx_word' id='word_1_660' title='bbox 2623 3883 2712 3946; x_wconf 83' lang='grc' dir='ltr'>Ὠς</span> <span class='ocrx_word' id='word_1_661' title='bbox 2763 3886 2826 3938; x_wconf 83' lang='grc' dir='ltr'>ὲν</span> <span class='ocrx_word' id='word_1_662' title='bbox 2859 3887 3088 3963; x_wconf 81' lang='grc' dir='ltr'>δρυμῷ</span> <span class='ocrx_word' id='word_1_663' title='bbox 3127 3893 3352 3960; x_wconf 81' lang='grc' dir='ltr'>ξύλων,</span> <span class='ocrx_word' id='word_1_664' title='bbox 3403 3894 3608 3960; x_wconf 78' lang='grc' dir='ltr'>ἀξίναις</span> <span class='ocrx_word' id='word_1_665' title='bbox 3640 3888 3705 3950; x_wconf 73' lang='grc' dir='ltr'><strong>ἐξ·</strong></span> 
     </span>
    </p>
   </div>
   <div class='ocr_carea' id='block_1_87' title="bbox 2075 3968 3708 4047">
    <p class='ocr_par' dir='ltr' id='par_1_87' title="bbox 2075 3968 3708 4047">
     <span class='ocr_line' id='line_1_87' title="bbox 2075 3968 3708 4047; baseline 0.006 -27"><span class='ocrx_word' id='word_1_666' title='bbox 2075 3969 2274 4037; x_wconf 82' lang='grc' dir='ltr'>έκοψαν</span> <span class='ocrx_word' id='word_1_667' title='bbox 2305 3968 2402 4032; x_wconf 86' lang='grc' dir='ltr'><strong>τὰς</strong></span> <span class='ocrx_word' id='word_1_668' title='bbox 2429 3970 2599 4041; x_wconf 86' lang='grc' dir='ltr'>Θύρας</span> <span class='ocrx_word' id='word_1_669' title='bbox 2631 3973 2810 4043; x_wconf 80' lang='grc' dir='ltr'>αὐτῆς</span> <span class='ocrx_word' id='word_1_670' title='bbox 2847 3976 2956 4030; x_wconf 77' lang='grc' dir='ltr'>ἐπὶ</span> <span class='ocrx_word' id='word_1_671' title='bbox 2995 3982 3070 4034; x_wconf 81' lang='grc' dir='ltr'><strong>τὸ</strong></span> <span class='ocrx_word' id='word_1_672' title='bbox 3109 3985 3277 4047; x_wconf 73' lang='grc' dir='ltr'>αὐτὸ,</span> <span class='ocrx_word' id='word_1_673' title='bbox 3305 3987 3372 4038; x_wconf 78' lang='grc' dir='ltr'>ὲν</span> <span class='ocrx_word' id='word_1_674' title='bbox 3399 3985 3613 4037; x_wconf 76' lang='grc' dir='ltr'>πελέκει</span> <span class='ocrx_word' id='word_1_675' title='bbox 3633 3979 3708 4032; x_wconf 70' lang='grc' dir='ltr'>καὶ</span> 
     </span>
    </p>
   </div>
   <div class='ocr_carea' id='block_1_88' title="bbox 2072 4060 3710 4145">
    <p class='ocr_par' dir='ltr' id='par_1_88' title="bbox 2072 4060 3710 4145">
     <span class='ocr_line' id='line_1_88' title="bbox 2072 4060 3710 4145; baseline 0.002 -34"><span class='ocrx_word' id='word_1_676' title='bbox 2072 4060 2407 4132; x_wconf 81' lang='grc' dir='ltr'>λαξευτηρίῳ</span> <span class='ocrx_word' id='word_1_677' title='bbox 2437 4063 2786 4133; x_wconf 77' lang='grc' dir='ltr'>κατέρῤαξαν</span> <span class='ocrx_word' id='word_1_678' title='bbox 2823 4067 3047 4140; x_wconf 82' lang='grc' dir='ltr'>αὑτήν,</span> <span class='ocrx_word' id='word_1_679' title='bbox 3095 4074 3495 4145; x_wconf 72' lang='grc' dir='ltr'>Ἐνεπύρισαν</span> <span class='ocrx_word' id='word_1_680' title='bbox 3527 4075 3582 4124; x_wconf 70' lang='grc' dir='ltr'><strong>ιν</strong></span> <span class='ocrx_word' id='word_1_681' title='bbox 3607 4067 3710 4137; x_wconf 78' lang='grc' dir='ltr'>πυρὶ</span> 
     </span>
    </p>
   </div>
   <div class='ocr_carea' id='block_1_89' title="bbox 2071 4151 3712 4236">
    <p class='ocr_par' dir='ltr' id='par_1_89' title="bbox 2071 4151 3712 4236">
     <span class='ocr_line' id='line_1_89' title="bbox 2071 4151 3712 4236; baseline 0.016 -34"><span class='ocrx_word' id='word_1_682' title='bbox 2071 4151 2132 4202; x_wconf 82' lang='grc' dir='ltr'><strong>τὸ</strong></span> <span class='ocrx_word' id='word_1_683' title='bbox 2164 4153 2516 4222; x_wconf 84' lang='grc' dir='ltr'>ἀγιαστήριόν</span> <span class='ocrx_word' id='word_1_684' title='bbox 2545 4170 2659 4217; x_wconf 91' lang='grc' dir='ltr'>σου,</span> <span class='ocrx_word' id='word_1_685' title='bbox 2694 4156 2777 4218; x_wconf 83' lang='grc' dir='ltr'><strong>εἰς</strong></span> <span class='ocrx_word' id='word_1_686' title='bbox 2805 4158 2917 4228; x_wconf 81' lang='grc' dir='ltr'>τὴν</span> <span class='ocrx_word' id='word_1_687' title='bbox 2951 4163 3075 4232; x_wconf 81' lang='grc' dir='ltr'>γῆν</span> <span class='ocrx_word' id='word_1_688' title='bbox 3117 4165 3504 4236; x_wconf 77' lang='grc' dir='ltr'>ὲϐεϐήλωσαν</span> <span class='ocrx_word' id='word_1_689' title='bbox 3523 4164 3584 4216; x_wconf 77' lang='grc' dir='ltr'><strong>τὸ</strong></span> <span class='ocrx_word' id='word_1_690' title='bbox 3608 4161 3712 4227; x_wconf 57' lang='grc' dir='ltr'><strong>θ’κῆ</strong></span> 
     </span>
    </p>
   </div>
   <div class='ocr_carea' id='block_1_90' title="bbox 2073 4241 3718 4328">
    <p class='ocr_par' dir='ltr' id='par_1_90' title="bbox 2073 4241 3718 4328">
     <span class='ocr_line' id='line_1_90' title="bbox 2073 4241 3718 4328; baseline 0.012 -36"><span class='ocrx_word' id='word_1_691' title='bbox 2073 4258 2229 4310; x_wconf 86' lang='grc' dir='ltr'>νωμα</span> <span class='ocrx_word' id='word_1_692' title='bbox 2260 4241 2354 4294; x_wconf 84' lang='grc' dir='ltr'>τοῦ</span> <span class='ocrx_word' id='word_1_693' title='bbox 2379 4243 2643 4312; x_wconf 83' lang='grc' dir='ltr'>ὀνόματός</span> <span class='ocrx_word' id='word_1_694' title='bbox 2675 4261 2796 4298; x_wconf 91' lang='grc' dir='ltr'>σου.</span> <span class='ocrx_word' id='word_1_695' title='bbox 2832 4266 2851 4298; x_wconf 76' lang='grc' dir='ltr'><strong>ι</strong></span> <span class='ocrx_word' id='word_1_696' title='bbox 2881 4250 3105 4308; x_wconf 82' lang='grc' dir='ltr'>Ταῦτα</span> <span class='ocrx_word' id='word_1_697' title='bbox 3134 4259 3244 4328; x_wconf 84' lang='grc' dir='ltr'>μὲν</span> <span class='ocrx_word' id='word_1_698' title='bbox 3274 4259 3308 4310; x_wconf 95' lang='lat'><strong>6</strong></span> <span class='ocrx_word' id='word_1_699' title='bbox 3338 4252 3718 4326; x_wconf 66' lang='grc' dir='ltr'>ἑϐδομηκοστὸς</span> 
     </span>
    </p>
   </div>
   <div class='ocr_carea' id='block_1_91' title="bbox 2072 4332 3718 4416">
    <p class='ocr_par' dir='ltr' id='par_1_91' title="bbox 2072 4332 3718 4416">
     <span class='ocr_line' id='line_1_91' title="bbox 2072 4332 3718 4416; baseline 0.007 -33"><span class='ocrx_word' id='word_1_700' title='bbox 2072 4332 2252 4402; x_wconf 88' lang='grc' dir='ltr'>τρίτος</span> <span class='ocrx_word' id='word_1_701' title='bbox 2279 4332 2489 4402; x_wconf 80' lang='grc' dir='ltr'>ψαλμός</span> <span class='ocrx_word' id='word_1_702' title='bbox 2510 4352 2523 4364; x_wconf 76' lang='grc' dir='ltr'><strong><em>ο</em></strong></span> <span class='ocrx_word' id='word_1_703' title='bbox 2572 4335 2668 4389; x_wconf 75' lang='grc' dir='ltr'>καὶ</span> <span class='ocrx_word' id='word_1_704' title='bbox 2714 4339 2744 4390; x_wconf 93' lang='lat'><strong>6</strong></span> <span class='ocrx_word' id='word_1_705' title='bbox 2775 4338 3232 4414; x_wconf 80' lang='grc' dir='ltr'>ὲϐδομηκοστὸς</span> <span class='ocrx_word' id='word_1_706' title='bbox 3269 4349 3336 4401; x_wconf 81' lang='grc' dir='ltr'>δὲ</span> <span class='ocrx_word' id='word_1_707' title='bbox 3399 4349 3621 4416; x_wconf 75' lang='grc' dir='ltr'>ὄγδοος,</span> <span class='ocrx_word' id='word_1_708' title='bbox 3646 4339 3718 4394; x_wconf 67' lang='grc' dir='ltr'>τοῦ</span> 
     </span>
    </p>
   </div>
   <div class='ocr_carea' id='block_1_92' title="bbox 2087 4422 3722 4511">
    <p class='ocr_par' dir='ltr' id='par_1_92' title="bbox 2087 4422 3722 4511">
     <span class='ocr_line' id='line_1_92' title="bbox 2087 4422 3722 4511; baseline 0.007 -37"><span class='ocrx_word' id='word_1_709' title='bbox 2087 4422 2258 4511; x_wconf 48' lang='grc' dir='ltr'><strong>ΪΛσὰφ</strong></span> <span class='ocrx_word' id='word_1_710' title='bbox 2304 4424 2396 4476; x_wconf 76' lang='grc' dir='ltr'><strong>καὶ</strong></span> <span class='ocrx_word' id='word_1_711' title='bbox 2441 4425 2608 4488; x_wconf 79' lang='grc' dir='ltr'>αὐτὸς</span> <span class='ocrx_word' id='word_1_712' title='bbox 2650 4429 2998 4497; x_wconf 81' lang='grc' dir='ltr'>τυγχάνων,</span> <span class='ocrx_word' id='word_1_713' title='bbox 3061 4441 3209 4493; x_wconf 81' lang='grc' dir='ltr'>τάδε</span> <span class='ocrx_word' id='word_1_714' title='bbox 3263 4442 3571 4511; x_wconf 76' lang='grc' dir='ltr'>περιέχειο</span> <span class='ocrx_word' id='word_1_715' title='bbox 3623 4457 3639 4488; x_wconf 75' lang='grc' dir='ltr'><strong>ι</strong></span> <span class='ocrx_word' id='word_1_716' title='bbox 3679 4438 3722 4485; x_wconf 86' lang='lat'><strong>&#39;0</strong></span> 
     </span>
    </p>
   </div>
   <div class='ocr_carea' id='block_1_93' title="bbox 448 4497 1925 4602">
    <p class='ocr_par' dir='ltr' id='par_1_93' title="bbox 448 4497 1904 4586">
     <span class='ocr_line' id='line_1_93' title="bbox 448 4497 1904 4586; baseline -0.015 -15"><span class='ocrx_word' id='word_1_717' title='bbox 448 4520 503 4571; x_wconf 92' lang='lat' dir='ltr'><strong>in</strong></span> <span class='ocrx_word' id='word_1_718' title='bbox 535 4523 676 4570; x_wconf 87' lang='lat' dir='ltr'><strong>terra</strong></span> <span class='ocrx_word' id='word_1_719' title='bbox 704 4511 1008 4581; x_wconf 83' lang='lat' dir='ltr'><strong>polluerunt</strong></span> <span class='ocrx_word' id='word_1_720' title='bbox 1031 4506 1432 4586; x_wconf 82' lang='lat' dir='ltr'><strong>tabernaculum</strong></span> <span class='ocrx_word' id='word_1_721' title='bbox 1466 4500 1699 4557; x_wconf 88' lang='lat' dir='ltr'><strong>nominis</strong></span> <span class='ocrx_word' id='word_1_722' title='bbox 1735 4497 1812 4551; x_wconf 89' lang='lat' dir='ltr'><strong>tui</strong></span> <span class='ocrx_word' id='word_1_723' title='bbox 1839 4499 1904 4549; x_wconf 76' lang='grc' dir='ltr'><strong>ἰ.</strong></span> 
     </span>
    </p>
   </div>
   <div class='ocr_carea' id='block_1_94' title="bbox 2246 4497 3723 4602">
    <p class='ocr_par' dir='ltr' id='par_1_94' title="bbox 2295 4497 3723 4602">
     <span class='ocr_line' id='line_1_94' title="bbox 2295 4497 3723 4602; baseline 0.015 -40"><span class='ocrx_word' id='word_1_724' title='bbox 2295 4512 2616 4580; x_wconf 83' lang='grc' dir='ltr'>είσήλθοσαν</span> <span class='ocrx_word' id='word_1_725' title='bbox 2649 4515 2779 4587; x_wconf 73' lang='grc' dir='ltr'>ἔθνη</span> <span class='ocrx_word' id='word_1_726' title='bbox 2839 4523 2932 4584; x_wconf 85' lang='grc' dir='ltr'><strong>είς</strong></span> <span class='ocrx_word' id='word_1_727' title='bbox 2984 4526 3102 4598; x_wconf 75' lang='grc' dir='ltr'><strong>τὴν</strong></span> <span class='ocrx_word' id='word_1_728' title='bbox 3173 4497 3578 4602; x_wconf 61' lang='grc' dir='ltr'>κληρονομίαν</span> <span class='ocrx_word' id='word_1_729' title='bbox 3633 4544 3723 4584; x_wconf 67' lang='grc' dir='ltr'>σου.</span> 
     </span>
    </p>
   </div>
   <div class='ocr_carea' id='block_1_95' title="bbox 447 4587 1973 4675">
    <p class='ocr_par' dir='ltr' id='par_1_95' title="bbox 447 4587 1973 4675">
     <span class='ocr_line' id='line_1_95' title="bbox 447 4587 1973 4675; baseline -0.012 -16"><span class='ocrx_word' id='word_1_730' title='bbox 447 4606 572 4659; x_wconf 80' lang='lat' dir='ltr'><strong>Haec</strong></span> <span class='ocrx_word' id='word_1_731' title='bbox 589 4603 803 4675; x_wconf 84' lang='lat' dir='ltr'><strong>quidem</strong></span> <span class='ocrx_word' id='word_1_732' title='bbox 851 4597 1274 4669; x_wconf 88' lang='lat' dir='ltr'><strong>septuagesimus</strong></span> <span class='ocrx_word' id='word_1_733' title='bbox 1319 4595 1509 4648; x_wconf 90' lang='lat' dir='ltr'><strong>tertius</strong></span> <span class='ocrx_word' id='word_1_734' title='bbox 1552 4592 1812 4663; x_wconf 83' lang='lat' dir='ltr'><strong>psalmus.</strong></span> <span class='ocrx_word' id='word_1_735' title='bbox 1879 4587 1973 4640; x_wconf 89' lang='lat' dir='ltr'><strong>Se-</strong></span> 
     </span>
    </p>
   </div>
   <div class='ocr_carea' id='block_1_96' title="bbox 444 4678 1974 4766">
    <p class='ocr_par' dir='ltr' id='par_1_96' title="bbox 444 4678 1974 4766">
     <span class='ocr_line' id='line_1_96' title="bbox 444 4678 1974 4766; baseline -0.013 -17"><span class='ocrx_word' id='word_1_736' title='bbox 444 4695 808 4766; x_wconf 82' lang='lat' dir='ltr'><strong>ptuagesimus</strong></span> <span class='ocrx_word' id='word_1_737' title='bbox 823 4697 999 4745; x_wconf 89' lang='lat' dir='ltr'><strong>autem</strong></span> <span class='ocrx_word' id='word_1_738' title='bbox 1011 4697 1254 4753; x_wconf 84' lang='lat' dir='ltr'><strong>octavus,</strong></span> <span class='ocrx_word' id='word_1_739' title='bbox 1271 4686 1361 4754; x_wconf 88' lang='lat' dir='ltr'><strong>qui</strong></span> <span class='ocrx_word' id='word_1_740' title='bbox 1377 4685 1490 4754; x_wconf 91' lang='lat' dir='ltr'><strong>ipse</strong></span> <span class='ocrx_word' id='word_1_741' title='bbox 1519 4695 1729 4752; x_wconf 91' lang='lat' dir='ltr'><strong>quoque</strong></span> <span class='ocrx_word' id='word_1_742' title='bbox 1741 4686 1823 4734; x_wconf 88' lang='lat' dir='ltr'><strong>est</strong></span> <span class='ocrx_word' id='word_1_743' title='bbox 1838 4678 1941 4731; x_wconf 85' lang='lat' dir='ltr'><strong>Asa</strong></span> <span class='ocrx_word' id='word_1_744' title='bbox 1952 4706 1974 4720; x_wconf 85' lang='lat'><em>-</em></span> 
     </span>
    </p>
   </div>
   <div class='ocr_carea' id='block_1_97' title="bbox 445 4766 1977 4856">
    <p class='ocr_par' dir='ltr' id='par_1_97' title="bbox 445 4766 1977 4856">
     <span class='ocr_line' id='line_1_97' title="bbox 445 4766 1977 4856; baseline -0.014 -17"><span class='ocrx_word' id='word_1_745' title='bbox 445 4784 675 4856; x_wconf 73' lang='lat' dir='ltr'><strong>phi,htec</strong></span> <span class='ocrx_word' id='word_1_746' title='bbox 699 4781 938 4836; x_wconf 89' lang='lat' dir='ltr'><strong>continet</strong></span> <span class='ocrx_word' id='word_1_747' title='bbox 965 4797 1008 4833; x_wconf 76' lang='grc' dir='ltr'><strong>ει</strong></span> <span class='ocrx_word' id='word_1_748' title='bbox 1034 4777 1192 4840; x_wconf 85' lang='lat' dir='ltr'><strong>Deus,</strong></span> <span class='ocrx_word' id='word_1_749' title='bbox 1221 4766 1977 4843; x_wconf 73' lang='lat' dir='ltr'><strong>veneruntgentesinhmredi—</strong></span> 
     </span>
    </p>
   </div>
   <div class='ocr_carea' id='block_1_98' title="bbox 446 4866 1978 4938">
    <p class='ocr_par' dir='ltr' id='par_1_98' title="bbox 446 4866 1978 4938">
     <span class='ocr_line' id='line_1_98' title="bbox 446 4866 1978 4938; baseline -0.01 -12"><span class='ocrx_word' id='word_1_750' title='bbox 446 4885 607 4928; x_wconf 85' lang='lat' dir='ltr'><strong>tatem</strong></span> <span class='ocrx_word' id='word_1_751' title='bbox 626 4881 789 4933; x_wconf 87' lang='lat' dir='ltr'><strong>tuam,</strong></span> <span class='ocrx_word' id='word_1_752' title='bbox 805 4871 1107 4938; x_wconf 91' lang='lat' dir='ltr'><strong>polluerunt</strong></span> <span class='ocrx_word' id='word_1_753' title='bbox 1123 4866 1372 4935; x_wconf 90' lang='lat' dir='ltr'><strong>templum</strong></span> <span class='ocrx_word' id='word_1_754' title='bbox 1389 4873 1634 4919; x_wconf 90' lang='lat' dir='ltr'><strong>sanctum</strong></span> <span class='ocrx_word' id='word_1_755' title='bbox 1650 4870 1978 4928; x_wconf 87' lang='lat' dir='ltr'><strong>tuum,posu-</strong></span> 
     </span>
    </p>
   </div>
   <div class='ocr_carea' id='block_1_99' title="bbox 448 4955 1977 5029">
    <p class='ocr_par' dir='ltr' id='par_1_99' title="bbox 448 4955 1977 5029">
     <span class='ocr_line' id='line_1_99' title="bbox 448 4955 1977 5029; baseline -0.009 -16"><span class='ocrx_word' id='word_1_756' title='bbox 448 4961 907 5016; x_wconf 82' lang='lat' dir='ltr'><strong>eruntJerusalem</strong></span> <span class='ocrx_word' id='word_1_757' title='bbox 932 4959 1088 5029; x_wconf 91' lang='lat' dir='ltr'><strong>quasi</strong></span> <span class='ocrx_word' id='word_1_758' title='bbox 1121 4971 1404 5028; x_wconf 87' lang='lat' dir='ltr'><strong>pomorum</strong></span> <span class='ocrx_word' id='word_1_759' title='bbox 1436 4955 1755 5014; x_wconf 86' lang='lat' dir='ltr'><strong>custodiam,</strong></span> <span class='ocrx_word' id='word_1_760' title='bbox 1782 4963 1977 5019; x_wconf 87' lang='lat' dir='ltr'><strong>posue-</strong></span> 
     </span>
    </p>
   </div>
   <div class='ocr_carea' id='block_1_100' title="bbox 450 5040 1977 5106">
    <p class='ocr_par' dir='ltr' id='par_1_100' title="bbox 450 5040 1977 5106">
     <span class='ocr_line' id='line_1_100' title="bbox 450 5040 1977 5106; baseline -0.005 -6"><span class='ocrx_word' id='word_1_761' title='bbox 450 5058 578 5101; x_wconf 89' lang='lat' dir='ltr'><strong>runt</strong></span> <span class='ocrx_word' id='word_1_762' title='bbox 621 5051 906 5104; x_wconf 86' lang='lat' dir='ltr'><strong>morticina</strong></span> <span class='ocrx_word' id='word_1_763' title='bbox 936 5065 1214 5106; x_wconf 80' lang='lat' dir='ltr'><strong>servorum</strong></span> <span class='ocrx_word' id='word_1_764' title='bbox 1237 5058 1451 5102; x_wconf 90' lang='lat' dir='ltr'><strong>tuorum</strong></span> <span class='ocrx_word' id='word_1_765' title='bbox 1477 5060 1630 5100; x_wconf 86' lang='lat' dir='ltr'><strong>escas</strong></span> <span class='ocrx_word' id='word_1_766' title='bbox 1669 5040 1977 5098; x_wconf 89' lang='lat' dir='ltr'><strong>volatilibus</strong></span> 
     </span>
    </p>
   </div>
   <div class='ocr_carea' id='block_1_101' title="bbox 453 5127 1979 5200">
    <p class='ocr_par' dir='ltr' id='par_1_101' title="bbox 453 5127 1979 5200">
     <span class='ocr_line' id='line_1_101' title="bbox 453 5127 1979 5200; baseline -0.005 -13"><span class='ocrx_word' id='word_1_767' title='bbox 453 5138 598 5200; x_wconf 70' lang='lat' dir='ltr'><strong>cmli,</strong></span> <span class='ocrx_word' id='word_1_768' title='bbox 619 5153 806 5193; x_wconf 89' lang='lat' dir='ltr'><strong>carnes</strong></span> <span class='ocrx_word' id='word_1_769' title='bbox 819 5149 1123 5195; x_wconf 89' lang='lat' dir='ltr'><strong>sanctorum</strong></span> <span class='ocrx_word' id='word_1_770' title='bbox 1140 5149 1350 5195; x_wconf 89' lang='lat' dir='ltr'><strong>tuorum</strong></span> <span class='ocrx_word' id='word_1_771' title='bbox 1375 5137 1564 5193; x_wconf 91' lang='lat' dir='ltr'><strong>bestiis</strong></span> <span class='ocrx_word' id='word_1_772' title='bbox 1580 5144 1735 5190; x_wconf 64' lang='lat' dir='ltr'><strong>terrae</strong></span> <span class='ocrx_word' id='word_1_773' title='bbox 1763 5134 1827 5182; x_wconf 76' lang='lat'><strong>”.</strong></span> <span class='ocrx_word' id='word_1_774' title='bbox 1860 5151 1876 5182; x_wconf 76' lang='grc' dir='ltr'><strong>ι</strong></span> <span class='ocrx_word' id='word_1_775' title='bbox 1901 5127 1979 5182; x_wconf 80' lang='lat' dir='ltr'><strong>Ex</strong></span> 
     </span>
    </p>
   </div>
   <div class='ocr_carea' id='block_1_102' title="bbox 457 5221 1980 5296">
    <p class='ocr_par' dir='ltr' id='par_1_102' title="bbox 457 5221 1980 5296">
     <span class='ocr_line' id='line_1_102' title="bbox 457 5221 1980 5296; baseline 0.005 -22"><span class='ocrx_word' id='word_1_776' title='bbox 457 5224 540 5276; x_wconf 88' lang='lat' dir='ltr'><strong>his</strong></span> <span class='ocrx_word' id='word_1_777' title='bbox 563 5239 623 5277; x_wconf 87' lang='lat' dir='ltr'><strong>ea</strong></span> <span class='ocrx_word' id='word_1_778' title='bbox 643 5242 758 5294; x_wconf 72' lang='lat' dir='ltr'><strong>quae</strong></span> <span class='ocrx_word' id='word_1_779' title='bbox 769 5229 914 5296; x_wconf 90' lang='lat' dir='ltr'><strong>prius</strong></span> <span class='ocrx_word' id='word_1_780' title='bbox 936 5231 1159 5285; x_wconf 88' lang='lat' dir='ltr'><strong>recitata</strong></span> <span class='ocrx_word' id='word_1_781' title='bbox 1187 5237 1330 5294; x_wconf 86' lang='lat' dir='ltr'><strong>sunt,</strong></span> <span class='ocrx_word' id='word_1_782' title='bbox 1353 5229 1474 5284; x_wconf 91' lang='lat' dir='ltr'><strong>dico</strong></span> <span class='ocrx_word' id='word_1_783' title='bbox 1489 5235 1662 5282; x_wconf 86' lang='lat' dir='ltr'><strong>autem</strong></span> <span class='ocrx_word' id='word_1_784' title='bbox 1677 5239 1758 5286; x_wconf 91' lang='lat' dir='ltr'><strong>ea,</strong></span> <span class='ocrx_word' id='word_1_785' title='bbox 1781 5236 1896 5292; x_wconf 62' lang='lat' dir='ltr'><strong>quin</strong></span> <span class='ocrx_word' id='word_1_786' title='bbox 1914 5221 1980 5272; x_wconf 78' lang='lat' dir='ltr'><strong>de</strong></span> 
     </span>
    </p>
   </div>
   <div class='ocr_carea' id='block_1_103' title="bbox 457 5312 1980 5390">
    <p class='ocr_par' dir='ltr' id='par_1_103' title="bbox 457 5312 1980 5390">
     <span class='ocr_line' id='line_1_103' title="bbox 457 5312 1980 5390; baseline -0.001 -25"><span class='ocrx_word' id='word_1_787' title='bbox 457 5317 846 5381; x_wconf 82' lang='lat' dir='ltr'><strong>septuagesimo</strong></span> <span class='ocrx_word' id='word_1_788' title='bbox 858 5319 1060 5385; x_wconf 87' lang='lat' dir='ltr'><strong>psalmo</strong></span> <span class='ocrx_word' id='word_1_789' title='bbox 1073 5321 1651 5390; x_wconf 68' lang='lat' dir='ltr'><strong>accepimus,praadicta</strong></span> <span class='ocrx_word' id='word_1_790' title='bbox 1673 5323 1796 5372; x_wconf 90' lang='lat' dir='ltr'><strong>sunt</strong></span> <span class='ocrx_word' id='word_1_791' title='bbox 1809 5312 1980 5367; x_wconf 83' lang='lat' dir='ltr'><strong>adhuc</strong></span> 
     </span>
    </p>
   </div>
   <div class='ocr_carea' id='block_1_104' title="bbox 457 5399 1980 5479">
    <p class='ocr_par' dir='ltr' id='par_1_104' title="bbox 457 5399 1980 5479">
     <span class='ocr_line' id='line_1_104' title="bbox 457 5399 1980 5479; baseline 0.001 -28"><span class='ocrx_word' id='word_1_792' title='bbox 457 5407 713 5466; x_wconf 85' lang='lat' dir='ltr'><strong>regnante</strong></span> <span class='ocrx_word' id='word_1_793' title='bbox 727 5399 1201 5478; x_wconf 86' lang='lat' dir='ltr'><strong>David,antequam</strong></span> <span class='ocrx_word' id='word_1_794' title='bbox 1223 5411 1475 5479; x_wconf 89' lang='lat' dir='ltr'><strong>templum</strong></span> <span class='ocrx_word' id='word_1_795' title='bbox 1500 5424 1529 5461; x_wconf 90' lang='lat' dir='ltr'><strong>a</strong></span> <span class='ocrx_word' id='word_1_796' title='bbox 1553 5406 1838 5460; x_wconf 86' lang='lat' dir='ltr'><strong>Salomone</strong></span> <span class='ocrx_word' id='word_1_797' title='bbox 1857 5415 1980 5454; x_wconf 88' lang='lat' dir='ltr'><strong>con-</strong></span> 
     </span>
    </p>
   </div>
   <div class='ocr_carea' id='block_1_105' title="bbox 455 5493 1978 5569">
    <p class='ocr_par' dir='ltr' id='par_1_105' title="bbox 455 5493 1978 5569">
     <span class='ocr_line' id='line_1_105' title="bbox 455 5493 1978 5569; baseline 0.005 -28"><span class='ocrx_word' id='word_1_798' title='bbox 455 5493 719 5541; x_wconf 74' lang='lat' dir='ltr'><strong>structum</strong></span> <span class='ocrx_word' id='word_1_799' title='bbox 743 5499 900 5543; x_wconf 85' lang='lat' dir='ltr'><strong>esset.</strong></span> <span class='ocrx_word' id='word_1_800' title='bbox 916 5494 1073 5569; x_wconf 63' lang='lat'><strong>465</strong></span> <span class='ocrx_word' id='word_1_801' title='bbox 1094 5498 1196 5554; x_wconf 89' lang='lat' dir='ltr'><strong>Sed</strong></span> <span class='ocrx_word' id='word_1_802' title='bbox 1219 5513 1372 5552; x_wconf 90' lang='lat' dir='ltr'><strong>suum</strong></span> <span class='ocrx_word' id='word_1_803' title='bbox 1397 5500 1549 5553; x_wconf 90' lang='lat' dir='ltr'><strong>linem</strong></span> <span class='ocrx_word' id='word_1_804' title='bbox 1567 5496 1856 5563; x_wconf 83' lang='lat' dir='ltr'><strong>contigere,</strong></span> <span class='ocrx_word' id='word_1_805' title='bbox 1874 5506 1978 5543; x_wconf 82' lang='lat' dir='ltr'><strong>non</strong></span> 
     </span>
    </p>
   </div>
   <div class='ocr_carea' id='block_1_106' title="bbox 2077 4599 3729 4694">
    <p class='ocr_par' dir='ltr' id='par_1_106' title="bbox 2077 4599 3729 4694">
     <span class='ocr_line' id='line_1_106' title="bbox 2077 4599 3729 4694; baseline 0.013 -45"><span class='ocrx_word' id='word_1_806' title='bbox 2077 4599 2303 4694; x_wconf 63' lang='grc' dir='ltr'>έμίαναν</span> <span class='ocrx_word' id='word_1_807' title='bbox 2335 4601 2586 4694; x_wconf 30' lang='grc' dir='ltr'>τὸν-ναὸν</span> <span class='ocrx_word' id='word_1_808' title='bbox 2609 4605 2702 4659; x_wconf 80' lang='grc' dir='ltr'><strong>τὸν</strong></span> <span class='ocrx_word' id='word_1_809' title='bbox 2737 4607 2904 4676; x_wconf 73' lang='grc' dir='ltr'>ἅγιόν</span> <span class='ocrx_word' id='word_1_810' title='bbox 2940 4632 3075 4671; x_wconf 89' lang='grc' dir='ltr'>σου.</span> <span class='ocrx_word' id='word_1_811' title='bbox 3106 4599 3367 4675; x_wconf 80' lang='grc' dir='ltr'>Ἔθεντο</span> <span class='ocrx_word' id='word_1_812' title='bbox 3402 4599 3729 4694; x_wconf 70' lang='grc' dir='ltr'>Ἰερουσαλὴμ</span> 
     </span>
    </p>
   </div>
   <div class='ocr_carea' id='block_1_107' title="bbox 2079 4689 3730 4783">
    <p class='ocr_par' dir='ltr' id='par_1_107' title="bbox 2079 4689 3730 4783">
     <span class='ocr_line' id='line_1_107' title="bbox 2079 4689 3730 4783; baseline 0.018 -44"><span class='ocrx_word' id='word_1_813' title='bbox 2079 4689 2152 4750; x_wconf 84' lang='grc' dir='ltr'>ὡς</span> <span class='ocrx_word' id='word_1_814' title='bbox 2178 4691 2644 4783; x_wconf 72' lang='grc' dir='ltr'>ὀπωροφυλάκιον,</span> <span class='ocrx_word' id='word_1_815' title='bbox 2677 4696 2870 4752; x_wconf 75' lang='grc' dir='ltr'>ἔθεντο</span> <span class='ocrx_word' id='word_1_816' title='bbox 2907 4705 2987 4758; x_wconf 81' lang='grc' dir='ltr'>τὰ</span> <span class='ocrx_word' id='word_1_817' title='bbox 3025 4708 3379 4783; x_wconf 75' lang='grc' dir='ltr'>Θνησιμαῖα</span> <span class='ocrx_word' id='word_1_818' title='bbox 3408 4689 3525 4766; x_wconf 83' lang='grc' dir='ltr'><strong>τῶν</strong></span> <span class='ocrx_word' id='word_1_819' title='bbox 3559 4711 3730 4765; x_wconf 72' lang='grc' dir='ltr'>δούλων</span> 
     </span>
    </p>
   </div>
   <div class='ocr_carea' id='block_1_108' title="bbox 2083 4779 3722 4880">
    <p class='ocr_par' dir='ltr' id='par_1_108' title="bbox 2083 4779 3722 4880">
     <span class='ocr_line' id='line_1_108' title="bbox 2083 4779 3722 4880; baseline 0.024 -52"><span class='ocrx_word' id='word_1_820' title='bbox 2083 4794 2173 4829; x_wconf 88' lang='grc' dir='ltr'><strong>σου</strong></span> <span class='ocrx_word' id='word_1_821' title='bbox 2207 4779 2470 4880; x_wconf 65' lang='grc' dir='ltr'>βρώματα</span> <span class='ocrx_word' id='word_1_822' title='bbox 2514 4788 2629 4848; x_wconf 86' lang='grc' dir='ltr'>τοῖς</span> <span class='ocrx_word' id='word_1_823' title='bbox 2662 4796 2946 4858; x_wconf 85' lang='grc' dir='ltr'>πετεινοῖς</span> <span class='ocrx_word' id='word_1_824' title='bbox 2979 4800 3088 4852; x_wconf 77' lang='grc' dir='ltr'>τοῦ</span> <span class='ocrx_word' id='word_1_825' title='bbox 3129 4779 3403 4875; x_wconf 30' lang='grc' dir='ltr'>*οὐρανοῦ</span> <span class='ocrx_word' id='word_1_826' title='bbox 3425 4847 3441 4870; x_wconf 92' lang='grc'><strong>,</strong></span> <span class='ocrx_word' id='word_1_827' title='bbox 3486 4805 3588 4866; x_wconf 75' lang='grc' dir='ltr'><strong>τὰς</strong></span> <span class='ocrx_word' id='word_1_828' title='bbox 3618 4802 3722 4853; x_wconf 60' lang='grc' dir='ltr'><strong>σέο·</strong></span> 
     </span>
    </p>
   </div>
   <div class='ocr_carea' id='block_1_109' title="bbox 2083 4853 3714 4973">
    <p class='ocr_par' dir='ltr' id='par_1_109' title="bbox 2083 4853 3714 4973">
     <span class='ocr_line' id='line_1_109' title="bbox 2254 4853 3683 4896; baseline 0.02 -16"><span class='ocrx_word' id='word_1_829' title='bbox 2254 4869 2278 4880; x_wconf 76' lang='grc' dir='ltr'>ι.</span> <span class='ocrx_word' id='word_1_830' title='bbox 2423 4872 2434 4888; x_wconf 81' lang='grc'><strong><em>.</em></strong></span> <span class='ocrx_word' id='word_1_831' title='bbox 2727 4883 2750 4896; x_wconf 78' lang='grc'>.,</span> <span class='ocrx_word' id='word_1_832' title='bbox 2923 4853 2941 4858; x_wconf 45' lang='grc' dir='ltr'>ν</span> <span class='ocrx_word' id='word_1_833' title='bbox 3145 4853 3233 4875; x_wconf 44' lang='grc' dir='ltr'><strong>--Γ</strong></span> <span class='ocrx_word' id='word_1_834' title='bbox 3255 4853 3441 4870; x_wconf 36' lang='grc' dir='ltr'><strong>ᾑννν¹</strong></span> <span class='ocrx_word' id='word_1_835' title='bbox 3497 4853 3581 4866; x_wconf 34' lang='lat' dir='ltr'><strong>&quot;vi</strong></span> <span class='ocrx_word' id='word_1_836' title='bbox 3674 4853 3683 4869; x_wconf 61' lang='lat'><strong><em>.</em></strong></span> 
     </span>
     <span class='ocr_line' id='line_1_110' title="bbox 2083 4872 3714 4973; baseline 0.018 -55"><span class='ocrx_word' id='word_1_837' title='bbox 2083 4883 2182 4973; x_wconf 52' lang='grc' dir='ltr'>κςις</span> <span class='ocrx_word' id='word_1_838' title='bbox 2212 4885 2321 4973; x_wconf 56' lang='grc' dir='ltr'>’ξων</span> <span class='ocrx_word' id='word_1_839' title='bbox 2349 4872 2514 4973; x_wconf 44' lang='grc' dir='ltr'>ὁσίων</span> <span class='ocrx_word' id='word_1_840' title='bbox 2544 4893 2641 4973; x_wconf 77' lang='grc' dir='ltr'><strong>σου</strong></span> <span class='ocrx_word' id='word_1_841' title='bbox 2664 4881 3038 4973; x_wconf 17' lang='grc' dir='ltr'>τοιςᾼθηρίοις</span> <span class='ocrx_word' id='word_1_842' title='bbox 3071 4894 3178 4964; x_wconf 78' lang='grc' dir='ltr'>τῆς</span> <span class='ocrx_word' id='word_1_843' title='bbox 3203 4895 3348 4966; x_wconf 83' lang='grc' dir='ltr'>γῆς.</span> <span class='ocrx_word' id='word_1_844' title='bbox 3383 4915 3404 4947; x_wconf 71' lang='grc' dir='ltr'><strong>ι</strong></span> <span class='ocrx_word' id='word_1_845' title='bbox 3442 4894 3652 4948; x_wconf 82' lang='grc' dir='ltr'>Τούτων</span> <span class='ocrx_word' id='word_1_846' title='bbox 3672 4889 3714 4940; x_wconf 66' lang='grc' dir='ltr'><strong>δὲ</strong></span> 
     </span>
    </p>
   </div>
   <div class='ocr_carea' id='block_1_110' title="bbox 2078 4955 3709 5057">
    <p class='ocr_par' dir='ltr' id='par_1_110' title="bbox 2078 4955 3709 5057">
     <span class='ocr_line' id='line_1_111' title="bbox 2078 4955 3709 5057; baseline 0.021 -51"><span class='ocrx_word' id='word_1_847' title='bbox 2078 4955 2166 5057; x_wconf 42' lang='grc' dir='ltr'><strong>τὰ,</strong></span> <span class='ocrx_word' id='word_1_848' title='bbox 2191 4957 2288 5026; x_wconf 76' lang='grc' dir='ltr'><strong>μὲν</strong></span> <span class='ocrx_word' id='word_1_849' title='bbox 2306 4963 2549 5057; x_wconf 38' lang='grc' dir='ltr'>,π-ρῶτα,</span> <span class='ocrx_word' id='word_1_850' title='bbox 2578 4967 2728 5036; x_wconf 87' lang='grc' dir='ltr'>λέγω</span> <span class='ocrx_word' id='word_1_851' title='bbox 2758 4970 2818 5024; x_wconf 75' lang='grc' dir='ltr'>δὲ</span> <span class='ocrx_word' id='word_1_852' title='bbox 2851 4975 2928 5028; x_wconf 82' lang='grc' dir='ltr'>τὰ</span> <span class='ocrx_word' id='word_1_853' title='bbox 2984 4981 3105 5034; x_wconf 83' lang='grc' dir='ltr'><strong>ἀπὸ</strong></span> <span class='ocrx_word' id='word_1_854' title='bbox 3129 4955 3709 5057; x_wconf 44' lang='grc' dir='ltr'>ποῦ’-ἑϐδομηκοσπῦ</span> 
     </span>
    </p>
   </div>
   <div class='ocr_carea' id='block_1_111' title="bbox 2080 5031 3708 5148">
    <p class='ocr_par' dir='ltr' id='par_1_111' title="bbox 2080 5031 3708 5148">
     <span class='ocr_line' id='line_1_112' title="bbox 2080 5031 3708 5148; baseline -0.02 10"><span class='ocrx_word' id='word_1_855' title='bbox 2080 5045 2261 5148; x_wconf 50' lang='grc' dir='ltr'>τρίβου</span> <span class='ocrx_word' id='word_1_856' title='bbox 2291 5049 2508 5148; x_wconf 49' lang='lat' dir='ltr'><strong>aeros</strong></span> <span class='ocrx_word' id='word_1_857' title='bbox 2529 5059 2772 5148; x_wconf 53' lang='grc' dir='ltr'>τετρητο</span> <span class='ocrx_word' id='word_1_858' title='bbox 2817 5031 3708 5136; x_wconf 54' lang='grc' dir='ltr'><strong>βασιλεύέντέέέτῖίιῐπλξέίε,</strong></span> 
     </span>
    </p>
   </div>
   <div class='ocr_carea' id='block_1_112' title="bbox 2082 5135 3700 5230">
    <p class='ocr_par' dir='ltr' id='par_1_112' title="bbox 2082 5135 3700 5230">
     <span class='ocr_line' id='line_1_113' title="bbox 2082 5135 3700 5230; baseline 0.015 -45"><span class='ocrx_word' id='word_1_859' title='bbox 2082 5135 2189 5230; x_wconf 78' lang='grc' dir='ltr'><strong>πρὸ</strong></span> <span class='ocrx_word' id='word_1_860' title='bbox 2226 5155 2321 5190; x_wconf 89' lang='grc' dir='ltr'><strong>του</strong></span> <span class='ocrx_word' id='word_1_861' title='bbox 2357 5141 2446 5193; x_wconf 81' lang='grc' dir='ltr'><strong>τὸν</strong></span> <span class='ocrx_word' id='word_1_862' title='bbox 2482 5146 2614 5199; x_wconf 72' lang='grc' dir='ltr'>ναὸν</span> <span class='ocrx_word' id='word_1_863' title='bbox 2644 5148 2752 5203; x_wconf 80' lang='grc' dir='ltr'><strong>ὑπὸ</strong></span> <span class='ocrx_word' id='word_1_864' title='bbox 2791 5152 3128 5226; x_wconf 81' lang='grc' dir='ltr'>Σολομῶνος</span> <span class='ocrx_word' id='word_1_865' title='bbox 3151 5161 3700 5230; x_wconf 67' lang='grc' dir='ltr'>κατασκευασθῆναι*</span> 
     </span>
    </p>
   </div>
   <div class='ocr_carea' id='block_1_113' title="bbox 2082 5225 3703 5322">
    <p class='ocr_par' dir='ltr' id='par_1_113' title="bbox 2082 5225 3703 5322">
     <span class='ocr_line' id='line_1_114' title="bbox 2082 5225 3703 5322; baseline 0.025 -47"><span class='ocrx_word' id='word_1_866' title='bbox 2082 5225 2268 5322; x_wconf 56' lang='grc' dir='ltr'>τέλους</span> <span class='ocrx_word' id='word_1_867' title='bbox 2387 5231 2579 5304; x_wconf 76' lang='grc' dir='ltr'>ἔτυχεν</span> <span class='ocrx_word' id='word_1_868' title='bbox 2630 5240 2735 5293; x_wconf 74' lang='grc' dir='ltr'><strong>οὐκ</strong></span> <span class='ocrx_word' id='word_1_869' title='bbox 2779 5225 2980 5299; x_wconf 76' lang='grc' dir='ltr'>ἄλλοτε</span> <span class='ocrx_word' id='word_1_870' title='bbox 3017 5249 3052 5318; x_wconf 81' lang='grc' dir='ltr'>ἢ</span> <span class='ocrx_word' id='word_1_871' title='bbox 3087 5249 3320 5322; x_wconf 88' lang='grc' dir='ltr'>πρῶτον</span> <span class='ocrx_word' id='word_1_872' title='bbox 3356 5254 3464 5321; x_wconf 84' lang='grc' dir='ltr'>μὲν</span> <span class='ocrx_word' id='word_1_873' title='bbox 3497 5225 3595 5304; x_wconf 32' lang='grc' dir='ltr'><strong>ἐπὶ,</strong></span> <span class='ocrx_word' id='word_1_874' title='bbox 3621 5246 3703 5315; x_wconf 71' lang='grc' dir='ltr'><strong>τῆς</strong></span> 
     </span>
    </p>
   </div>
   <div class='ocr_carea' id='block_1_114' title="bbox 2085 5307 3695 5420">
    <p class='ocr_par' dir='ltr' id='par_1_114' title="bbox 2085 5307 3695 5420">
     <span class='ocr_line' id='line_1_115' title="bbox 2085 5307 3695 5420; baseline -0.013 -9"><span class='ocrx_word' id='word_1_875' title='bbox 2085 5313 2439 5420; x_wconf 37' lang='grc' dir='ltr'><strong>Βαῗυλθνίωγ</strong></span> <span class='ocrx_word' id='word_1_876' title='bbox 2495 5327 2848 5420; x_wconf 59' lang='grc' dir='ltr'>τῖολιρρκίας,</span> <span class='ocrx_word' id='word_1_877' title='bbox 2895 5307 3153 5410; x_wconf 75' lang='grc' dir='ltr'>δεύτερον</span> <span class='ocrx_word' id='word_1_878' title='bbox 3188 5340 3252 5393; x_wconf 87' lang='grc' dir='ltr'>δὲ</span> <span class='ocrx_word' id='word_1_879' title='bbox 3297 5307 3403 5395; x_wconf 71' lang='grc' dir='ltr'><strong>ἐπὶ</strong></span> <span class='ocrx_word' id='word_1_880' title='bbox 3457 5341 3552 5394; x_wconf 77' lang='grc' dir='ltr'>τοῦ</span> 
     </span>
    </p>
   </div>
   <div class='ocr_carea' id='block_1_115' title="bbox 2088 5411 3695 5514">
    <p class='ocr_par' dir='ltr' id='par_1_115' title="bbox 2088 5411 3695 5514">
     <span class='ocr_line' id='line_1_116' title="bbox 2088 5411 3695 5514; baseline -0.013 -18"><span class='ocrx_word' id='word_1_881' title='bbox 2329 5411 2466 5514; x_wconf 47' lang='grc' dir='ltr'>πρὸς</span> <span class='ocrx_word' id='word_1_882' title='bbox 2509 5419 2810 5514; x_wconf 52' lang='grc' dir='ltr'><strong>ξίουδεξιίους</strong></span> <span class='ocrx_word' id='word_1_883' title='bbox 2865 5429 3144 5501; x_wconf 72' lang='grc' dir='ltr'>πολέμουο</span> <span class='ocrx_word' id='word_1_884' title='bbox 3189 5431 3419 5485; x_wconf 78' lang='grc' dir='ltr'>ἕκαστα</span> <span class='ocrx_word' id='word_1_885' title='bbox 3456 5431 3567 5501; x_wconf 68' lang='grc' dir='ltr'><strong>γὰρ</strong></span> <span class='ocrx_word' id='word_1_886' title='bbox 3605 5427 3695 5477; x_wconf 82' lang='grc' dir='ltr'><strong>τῶν</strong></span> 
     </span>
    </p>
   </div>
   <div class='ocr_carea' id='block_1_116' title="bbox 2084 5507 3686 5595">
    <p class='ocr_par' dir='ltr' id='par_1_116' title="bbox 2084 5507 3686 5595">
     <span class='ocr_line' id='line_1_117' title="bbox 2084 5507 3686 5595; baseline 0.004 -32"><span class='ocrx_word' id='word_1_887' title='bbox 2084 5509 2392 5565; x_wconf 81' lang='grc' dir='ltr'>ειρημενων</span> <span class='ocrx_word' id='word_1_888' title='bbox 2438 5507 2756 5581; x_wconf 72' lang='grc' dir='ltr'>ἐπληροῦτο</span> <span class='ocrx_word' id='word_1_889' title='bbox 2794 5518 2890 5572; x_wconf 72' lang='grc' dir='ltr'><strong>ἐπί</strong></span> <span class='ocrx_word' id='word_1_890' title='bbox 2942 5539 3004 5575; x_wconf 77' lang='grc' dir='ltr'><strong>τε</strong></span> <span class='ocrx_word' id='word_1_891' title='bbox 3049 5523 3145 5595; x_wconf 71' lang='grc' dir='ltr'><strong>τῆς</strong></span> <span class='ocrx_word' id='word_1_892' title='bbox 3192 5519 3438 5591; x_wconf 68' lang='grc' dir='ltr'>πρώτης</span> <span class='ocrx_word' id='word_1_893' title='bbox 3464 5523 3558 5574; x_wconf 73' lang='grc' dir='ltr'><strong>και</strong></span> <span class='ocrx_word' id='word_1_894' title='bbox 3587 5519 3686 5571; x_wconf 73' lang='grc' dir='ltr'>δευ-</span> 
     </span>
    </p>
   </div>
   <div class='ocr_carea' id='block_1_117' title="bbox 527 5660 2004 5746">
    <p class='ocr_par' dir='ltr' id='par_1_117' title="bbox 527 5660 2004 5736">
     <span class='ocr_line' id='line_1_118' title="bbox 527 5660 2004 5736; baseline 0.001 -13"><span class='ocrx_word' id='word_1_895' title='bbox 527 5662 572 5695; x_wconf 70' lang='lat'><strong><em>”</em></strong></span> <span class='ocrx_word' id='word_1_896' title='bbox 603 5660 746 5717; x_wconf 71' lang='lat' dir='ltr'><strong>Psal-</strong></span> <span class='ocrx_word' id='word_1_897' title='bbox 778 5677 844 5714; x_wconf 74' lang='grc' dir='ltr'>η</span> <span class='ocrx_word' id='word_1_898' title='bbox 867 5702 880 5725; x_wconf 75' lang='grc' dir='ltr'><strong>ν</strong></span> <span class='ocrx_word' id='word_1_899' title='bbox 907 5667 1063 5730; x_wconf 64' lang='grc' dir='ltr'><strong>ς2-15.</strong></span> <span class='ocrx_word' id='word_1_900' title='bbox 1136 5678 1176 5709; x_wconf 82' lang='grc'>²¹</span> <span class='ocrx_word' id='word_1_901' title='bbox 1219 5674 1358 5730; x_wconf 86' lang='lat' dir='ltr'><strong>Psal.</strong></span> <span class='ocrx_word' id='word_1_902' title='bbox 1389 5689 1552 5728; x_wconf 76' lang='lat' dir='ltr'><strong>Lxxut</strong></span> <span class='ocrx_word' id='word_1_903' title='bbox 1575 5711 1588 5736; x_wconf 92' lang='lat'><strong>,</strong></span> <span class='ocrx_word' id='word_1_904' title='bbox 1623 5672 1734 5724; x_wconf 80' lang='grc'><strong>1-7.</strong></span> <span class='ocrx_word' id='word_1_905' title='bbox 1811 5666 2004 5736; x_wconf 67' lang='lat' dir='ltr'><strong>&quot;P531</strong></span> 
     </span>
    </p>
   </div>
   <div class='ocr_carea' id='block_1_118' title="bbox 1018 5660 2495 5746">
    <p class='ocr_par' dir='ltr' id='par_1_118' title="bbox 1018 5666 2495 5746">
     <span class='ocr_line' id='line_1_119' title="bbox 1018 5666 2495 5746; baseline 0.013 -28"><span class='ocrx_word' id='word_1_906' title='bbox 1018 5676 1063 5730; x_wconf 70' lang='lat'><strong>5,</strong></span> <span class='ocrx_word' id='word_1_907' title='bbox 1136 5678 1176 5709; x_wconf 73' lang='grc' dir='ltr'><strong>ιι</strong></span> <span class='ocrx_word' id='word_1_908' title='bbox 1219 5674 1358 5730; x_wconf 88' lang='lat' dir='ltr'><strong>Psal.</strong></span> <span class='ocrx_word' id='word_1_909' title='bbox 1389 5689 1588 5736; x_wconf 76' lang='lat' dir='ltr'><strong>Lxxut,</strong></span> <span class='ocrx_word' id='word_1_910' title='bbox 1623 5672 1734 5724; x_wconf 80' lang='grc'><strong>1-7.</strong></span> <span class='ocrx_word' id='word_1_911' title='bbox 1811 5666 2030 5736; x_wconf 72' lang='lat' dir='ltr'><strong>&quot;Psal.</strong></span> <span class='ocrx_word' id='word_1_912' title='bbox 2069 5683 2318 5742; x_wconf 80' lang='lat' dir='ltr'><strong>Lxxvm,</strong></span> <span class='ocrx_word' id='word_1_913' title='bbox 2359 5681 2495 5746; x_wconf 66' lang='lat'><strong>1,2.</strong></span> 
     </span>
    </p>
   </div>
  </div>
