3740 6298
139 399 252 454 ’121

1056 401 1681 458 DEMONSTRATIONIS
1715 395 2161 460 EVANGELICJE
2196 389 2299 446 LIB
2337 396 2408 455 Χ.

3217 420 3326 473 ῚΞΞ

133 516 318 583 τέρας
340 509 436 562 τοῦ
463 510 611 581 ἱεροῦ
647 513 1015 581 κατασκανρῆς,
1042 515 1440 584 προγνωσθέντα
1467 517 1558 568 καὶ
1580 517 1677 569 ἀνα

1803 520 1954 580 alias,
1991 530 2148 586 quam
2178 510 2340 564 semel
2369 517 2584 583 quidem
2603 521 2966 588 populantibus
2990 523 3320 596 Babyloniis:

135 603 476 674 φωνηθέντα
522 604 583 653 ὲν
644 605 752 664 τοῖς
796 602 1098 672 εἰρημένοις
1147 605 1384 673 Ψαλμοῖς
1449 607 1552 658 ὑπὸ
1610 607 1700 658 τοῦ

150 695 358 761 Ἀσάφ.
394 693 476 744 Τὰ
502 692 559 743 δὲ
581 692 806 762 δεύτερα
827 693 933 745 ἀπὸ
952 693 1044 745 τοῦ
1074 695 1458 764 ὲϐδομηκοστοῦ
1486 698 1668 763 ὀγδόου
1684 737 1698 759 ,

131 782 460 855 ἐπληροῦτο
507 781 650 834 κατὰ
689 782 815 843 τοὺς
863 783 1126 850 Ἀντιόχου
1171 785 1406 852 χρόνους,
1443 784 1533 837 τοῦ
1573 786 1699 853 κλη-

130 875 333 936 θέντος
379 871 732 939 Ἐπιφανοῦς,
761 872 838 934 ὃς,
866 874 963 942 τῆς
1005 873 1196 942 Συρίας
1233 874 1560 941 βασιλεύσας,
1599 879 1700 929 ὑπ-

127 967 338 1034 άγεται
383 965 486 1034 μὲν
522 962 592 1016 τὰ
627 963 980 1032 Ἰεροσόλυμα,
1024 965 1216 1032 μιαίνει
1242 965 1297 1016 δὲ
1333 965 1420 1018 τὸν
1445 966 1584 1030 ναὸν,
1611 970 1700 1020 καὶ

126 1057 406 1126 καθαιρεῖ
448 1052 514 1107 τὸ
574 1053 980 1123 θυσιαστήριον⁹
1023 1054 1203 1106 ἔπειτα
1248 1057 1371 1117 τοὺς
1429 1057 1699 1121 Ἰουδαίους

137 1143 511 1213 Ἐλληνίζων,
549 1142 830 1204 πλείστους
859 1143 1011 1204 ὅσους
1039 1143 1212 1195 αὐτῶν
1250 1145 1440 1214 ἄνδρας
1486 1149 1577 1198 καὶ
1604 1163 1698 1214 γυ-

120 1239 330 1297 ναῖκας
382 1234 533 1303 ὑπὲρ
582 1232 677 1284 τοῦ
721 1232 919 1284 οἰκείου
967 1234 1125 1302 νόμου
1174 1234 1266 1285 καὶ
1310 1236 1406 1304 τῆς
1451 1236 1698 1306 πατρῴας

121 1326 426 1388 εὐσεϐείας
471 1323 684 1393 ἀνῄρει,
716 1322 975 1386 ποικίλαις
1005 1323 1440 1396 προαικιξόμενος
1476 1327 1697 1395 τιμωρί-

127 1435 240 1482 αις,
271 1417 377 1478 Εἰς
432 1416 644 1466 ἐκεῖνον
674 1413 952 1482 τοιγαροῦν
988 1413 1075 1466 τὸν
1114 1414 1316 1483 καιρὸν,
1350 1416 1440 1467 καὶ
1471 1418 1548 1478 εἰς
1577 1418 1699 1478 τοὺς

127 1506 270 1578 μετὰ
314 1503 508 1558 ταῦτα
559 1501 638 1570 τῷ
695 1501 943 1570 ⁹Αντιόχῳ
975 1500 1042 1552 τὰ
1085 1501 1170 1552 ἴσα
1206 1502 1526 1571 πράξαντας,
1572 1505 1700 1556 ἀνα-

121 1595 299 1664 φωνεῖ
362 1594 398 1645 ὁ
472 1592 651 1661 Ἀσάφ
714 1587 774 1639 τὸ
818 1588 923 1641 ἀπὸ
958 1587 1048 1639 τοῦ
1101 1588 1482 1658 έδδομηκοστοῦ
1518 1592 1696 1658 ὀγδόου

118 1681 367 1752 ψαλμοῦ.
421 1683 716 1751 Μαρτυρεῖ
764 1680 818 1730 δὲ
870 1675 945 1745 τῷ
986 1675 1124 1744 λόγῳ
1152 1678 1184 1745 ἠ
1217 1677 1320 1727 τῶν
1362 1677 1697 1747 καλουμένων

121 1770 525 1824 Μακκαϐαίων
579 1770 784 1840 γραφὴ,
841 1765 1022 1818 τοῦτον
1087 1764 1276 1833 ἔχουσα
1317 1767 1407 1818 τὸν
1466 1768 1692 1837 τρόπον·

128 1879 148 1911 ι
187 1862 303 1914 Καὶ
356 1859 947 1930 προσεπισυνήχθησαν
982 1858 1110 1928 πρὸς
1150 1857 1408 1925 Ἰάκειμον
1435 1858 1524 1908 καὶ
1556 1857 1693 1907 Βακ-

121 1951 276 2020 χίδην
339 1949 650 2018 συναγωγὴ
705 1948 1064 2017 γραμματέων
1101 1948 1392 2016 ὲκξητοῦσα
1433 1949 1627 2000 δίκαια.
1672 1968 1689 2000 ι

120 2039 230 2090 Καὶ
253 2037 398 2105 ἑξῆς
428 2035 679 2103 ἐπιλέγει
699 2053 712 2066 ο
738 2055 756 2086 ι
784 2038 891 2088 Καὶ
922 2035 1127 2104 ὤμοσεν
1153 2036 1330 2097 αὐτοῖς
1349 2036 1516 2102 λέγων
1535 2053 1547 2066 '
1584 2037 1694 2088 Οὐκ

121 2127 521 2197 ἔκζητήσομεν
551 2126 681 2206 ὑμῖν
714 2126 898 2187 κακὸν,
917 2127 1008 2177 καὶ
1039 2128 1147 2187 τοῖς
1175 2125 1341 2192 φίλοις
1382 2126 1561 2194 ὑμῶν’
1604 2127 1695 2178 καὶ

120 2213 534 2267 ὲνεπίστευσαν
582 2211 763 2281 αύτῷο
810 2212 902 2264 καὶ
961 2212 1239 2263 συνέλαϐεν
1279 2211 1335 2276 ἐξ
1370 2212 1542 2265 αὐτῶν
1568 2212 1691 2283 ἐξή-

24 2327 32 2337 ε
119 2320 284 2358 κοντα
319 2303 561 2373 ἄνδρας,
605 2303 699 2354 καὶ
728 2302 1037 2354 ἀπέκτεινεν
1066 2302 1254 2364 αὐτοὺς
1274 2303 1330 2354 ὲν
1359 2303 1538 2372 ἡμέρᾳ
1577 2306 1689 2373 μιᾷ,

121 2394 263 2446 κατὰ
294 2393 400 2445 τὸν
431 2393 596 2460 λόγον
636 2391 803 2458 Ἀσὰφ
832 2392 890 2443 ὃν
918 2391 1164 2460 ἔγραψεν,
1192 2392 1392 2444 ἔδωκαν
1421 2392 1488 2443 τὰ
1513 2393 1692 2462 θνησι-

123 2485 256 2553 μαῖα
304 2483 429 2534 τῶν
485 2480 691 2533 δούλων
747 2497 838 2532 σου
884 2479 1140 2549 βρώματα
1169 2484 1278 2542 τοῖς
1314 2485 1569 2544 πετεινοῖς
1599 2481 1690 2533 τοῦ

120 2571 383 2641 ούρανοῦ,
422 2571 640 2640 σάρκας
673 2568 834 2620 ὁσίων
875 2585 966 2620 σου
998 2572 1108 2630 τοῖς
1137 2569 1290 2632 ζώοις
1329 2571 1424 2639 τῆς
1456 2571 1576 2638 γῆς,
1614 2573 1694 2623 αῖ..

125 2677 267 2730 ματα
309 2659 509 2713 αὐτῶν
535 2658 757 2728 ἐξέχεαν
784 2659 962 2727 κύκλῳ
997 2659 1355 2728 Ἰερουσαλὴμ,
1381 2662 1469 2712 καὶ
1502 2661 1597 2712 οὐκ
1627 2657 1692 2731 ἦν

120 2751 426 2802 ὁθάπτων.
463 2767 483 2799 ι
517 2747 736 2800 Τούτων
770 2747 908 2800 οὕτω
940 2748 1345 2818 προρρηθέντων
1378 2750 1468 2800 καὶ
1506 2750 1694 2802 ἀποτε-

121 2839 456 2901 λεσθέντων,
494 2839 557 2890 ού
591 2837 918 2906 θαυμαστὸν,
945 2839 992 2888 εί
1025 2837 1161 2890 κατὰ
1188 2837 1276 2890 τὸν
1313 2838 1468 2889 αὐτὸν
1501 2839 1692 2907 τρόπον

122 2933 212 2984 καὶ
281 2931 355 2984 τά
418 2926 819 2998 προεκτεθέντα
862 2926 952 2979 τοῦ
997 2928 1419 2996 τεσσαρακοστοῦ
1483 2927 1690 2997 ψαλμοῦ

120 3019 271 3089 λόγια
327 3016 605 3087 σημαίνει
649 3015 719 3066 τὰ
760 3014 1012 3083 μέλλοντα
1052 3014 1261 3068 ἔσεσθαι
1306 3015 1441 3068 κατὰ
1480 3016 1566 3067 τὸν
1595 3016 1692 3085 τῆς

1800 611 1989 662 iterum
2006 614 2179 660 autem
2197 601 2331 656 bello
2343 608 2488 675 quod
2510 613 2784 666 adversum
2794 611 3038 669 Judaeosa
3061 615 3314 670 Romanis

1799 707 2004 766 gestum
2035 703 2137 758 est,
2161 700 2580 770 unumquodque
2619 701 2757 756 enim
2781 717 2989 765 eorum,
3013 721 3130 774 quae
3169 707 3313 760 dicta

1798 796 1944 850 sunt,
1974 787 2292 857 completum
2328 798 2410 842 est
2453 799 2560 844 tam
2593 792 2761 860 prima
2793 795 2971 864 templi
3014 797 3310 860 eversione,

1795 893 1953 946 quam
1983 894 2044 933 ea
2083 892 2200 947 qua:
2241 889 2424 934 secuta
2452 889 2552 945 est,
2594 884 2804 937 tametsi
2842 883 2894 936 in
2926 884 3072 938 hisce
3104 887 3311 941 duobus

1797 968 2014 1035 psalmis
2051 976 2102 1022 et
2132 970 2404 1037 provisum
2449 979 2502 1026 et
2531 973 2864 1026 enuntiatum
2902 981 3002 1027 est.
3037 974 3162 1038 Quae
3187 992 3312 1030 vero

1795 1056 2030 1109 secundo
2055 1055 2172 1109 loco
2193 1058 2554 1122 recitavimus,
2582 1069 2634 1113 et
2655 1073 2684 1110 a
2712 1061 3101 1129 septuagesimo
3126 1070 3314 1118 octavo

1794 1143 1998 1211 psalmo
2044 1145 2364 1213 accepimus,
2417 1148 2679 1215 completa
2735 1156 2860 1202 sunt
2907 1149 3023 1218 ejus
3066 1149 3313 1205 Antiochi

1794 1233 2142 1300 temporibus,
2187 1235 2279 1303 qui
2309 1242 2530 1289 vocatus
2562 1245 2644 1290 est
2688 1237 2937 1298 illustris,
2983 1237 3073 1307 qui
3107 1254 3226 1292 cum
3260 1242 3312 1293 in

1796 1319 1948 1390 Syria
1972 1333 2233 1391 regnaret,
2269 1324 2460 1394 irrupit
2505 1324 2717 1394 quidem
2745 1325 2800 1381 in
2844 1326 3031 1380 urbem
3065 1324 3318 1381 Hieroso-

1796 1409 1953 1478 lyma,
1978 1409 2191 1465 fcedavit
2213 1429 2340 1468 vero
2367 1416 2643 1483 templum,
2671 1423 2724 1470 et
2759 1417 3122 1470 sanctuarium
3167 1432 3317 1470 ever-

1793 1502 1874 1555 tit.
1900 1500 2138 1570 Dumque
2182 1502 2394 1559 Iudaeos
2432 1504 2736 1562 Graecorum
2777 1507 3014 1562 moribus
3064 1509 3206 1576 cogit
3238 1509 3318 1562 vi-

1791 1604 1936 1654 vere,
1970 1593 2390 1661 quamplurimos
2424 1610 2608 1649 eorum
2636 1601 2741 1647 tam
2773 1609 2945 1650 mares
2971 1611 3131 1664 quam
3166 1596 3318 1651 femi-

1795 1693 1909 1742 nas,
1936 1680 2026 1748 qui
2057 1696 2226 1750 neque
2257 1683 2499 1751 proprias
2531 1683 2674 1751 leges
2705 1699 2874 1752 neque
2905 1685 3134 1752 patriam
3157 1687 3320 1753 pieta-

1794 1775 1900 1821 tem
1921 1769 2166 1824 deserere
2201 1771 2464 1837 volebant,
2489 1772 2649 1826 variis
2676 1773 2825 1841 prius
2868 1782 3084 1830 vexatos
3111 1775 3315 1844 suppli-

1792 1857 1910 1915 ciis.
1945 1857 2227 1912 interfecit.
2259 1859 2317 1912 In
2348 1858 2475 1915 illud
2515 1873 2640 1927 ergo
2668 1867 2896 1930 tempus,
2921 1868 2974 1915 et
3002 1862 3055 1915 in
3089 1876 3181 1916 eos
3222 1864 3313 1931 qui

1792 1947 2034 2014 posthac,
2065 1949 2250 2002 eadem
2281 1963 2398 2017 quae
2425 1949 2718 2004 Antiochus
2747 1953 3094 2018 patraverint,
3120 1953 3314 2005 clamat

1790 2037 1968 2116 Asaph
1995 2051 2055 2091 ea
2084 2053 2201 2106 quae
2246 2042 2636 2115 septuagesimo
2674 2048 2863 2094 octavo
2904 2042 3109 2110 psalmo
3139 2044 3313 2095 conti--

1790 2133 2001 2178 nentur.
2029 2123 2209 2179 Fidem
2240 2124 2363 2179 huic
2393 2127 2467 2181 rei
2515 2127 2659 2190 facit,
2690 2142 2751 2181 ea
2799 2142 2915 2196 quae
2945 2135 3167 2181 vocatur
3203 2127 3314 2180 Ma-

1790 2213 2085 2268 cabaaorum
2116 2215 2360 2279 historia,
2383 2231 2502 2286 qua:
2521 2217 2574 2270 in
2607 2218 2750 2270 hunc
2778 2217 2990 2273 modum
3025 2232 3081 2272 se
3111 2217 3268 2272 habet
3293 2236 3306 2270 :

1796 2318 1814 2351 ι
1845 2300 1907 2354 Ει
1935 2312 2296 2357 convenerunt
2327 2303 2393 2356 ad
2420 2302 2682 2357 Jacimum
2725 2312 2778 2358 et
2813 2304 3130 2358 Bacchidem
3175 2320 3309 2358 con-

1789 2390 2024 2459 gregatio
2050 2391 2345 2445 scribarum
2365 2393 2752 2462 requirentium
2773 2395 3045 2463 quaejusta
3067 2377 3270 2458 sunt",
3285 2413 3302 2445 ι

1788 2486 1843 2531 et
1871 2477 2120 2546 deinceps
2153 2477 2428 2548 adiungit:
2453 2497 2473 2530 ι
2497 2479 2560 2532 Et
2581 2479 2783 2549 juravit
2810 2481 2916 2534 illis
2947 2481 3128 2535 dicens
3153 2500 3165 2534 :
3191 2481 3308 2534 Non

1790 2563 2078 2619 inferemus
2113 2565 2264 2621 vobis
2309 2566 2528 2630 malum,
2565 2581 2737 2636 neque
2774 2568 2958 2622 amicis
2998 2569 3213 2632 vestris,
3256 2577 3310 2622 et.

1789 2653 2124 2709 crediderunt
2171 2655 2241 2718 ei,
2276 2665 2329 2710 et
2374 2657 2771 2726 comprehendit
2814 2673 2879 2711 ex
2915 2659 2982 2713 iis
3033 2658 3309 2727 sexaginta

1788 2745 1952 2806 viros,
1981 2750 2034 2797 et
2060 2744 2255 2798 occidit
2281 2759 2372 2800 eos
2400 2745 2454 2800 in
2488 2761 2592 2800 uno
2625 2746 2729 2811 die,
2765 2748 3054 2801 secundum
3088 2749 3310 2801 verbum

1786 2831 1966 2902 Asaph
1993 2833 2136 2902 quod
2175 2835 2410 2902 scripsit,
2433 2835 2692 2890 dederunt
2720 2837 3002 2892 morticina
3034 2852 3310 2891 servorum

1790 2930 1999 2975 tuorum
2043 2937 2197 2978 escas
2231 2923 2536 2979 volatilibus
2573 2926 2716 2991 coeli,
2772 2941 2963 2980 carnes
3001 2934 3317 2982 sanctorum.

1791 3020 1999 3065 tuorum
2028 3013 2213 3068 bestiis
2240 3020 2415 3078 terrze,
2453 3019 2871 3086 sanguinemque
2903 3032 3087 3071 eorum
3108 3016 3311 3072 etl'ude-

118 3108 207 3161 τοῦ
252 3107 527 3176 Σωτῆρος
566 3105 721 3174 ἡμῶν
751 3105 1034 3175 ἐπιϐουλῆς
1061 3106 1263 3174 χρόνον,
1292 3106 1430 3175 άπερ
1459 3107 1530 3175 μὴ
1557 3106 1677 3158 πάν·

1790 3109 1912 3154 runt
1939 3104 1994 3156 in
2029 3103 2257 3156 circuitu
2295 3102 2610 3168 Jerusalem,
2662 3115 2714 3160 et
2745 3121 2852 3160 non
2880 3115 2995 3161 erat
3024 3107 3114 3175 qui
3156 3121 3309 3174 sepe-

120 3213 222 3249 των
255 3196 360 3248 ἀνθ
371 3193 583 3266 ρώπων
614 3193 919 3256 συνιέντων,
953 3194 1095 3254 ὅπως
1129 3193 1294 3260 Λόγος
1319 3192 1392 3245 ὢν
1425 3194 1576 3256 Θεοῦ,
1598 3197 1688 3247 καὶ

121 3283 299 3352 σοφία,
337 3283 448 3335 καὶ
480 3280 617 3350 ζωὴ,
633 3280 725 3332 καὶ
753 3279 864 3347 φῶς
887 3279 1150 3348 ἀληθινὸν,
1167 3281 1257 3332 καὶ
1280 3281 1450 3333 πάντα
1472 3281 1689 3334 πλοῦτον

118 3371 339 3437 ἀγαθῶν
369 3369 742 3438 κεκτημένος,
771 3367 836 3418 δι’
865 3369 1008 3436 ἡμᾶς
1049 3366 1346 3434 ὲπτώχευσε
1398 3368 1570 3437 σάρκα
1599 3369 1690 3419 λα-

116 3461 243 3522 ϐὼν,
277 3463 384 3514 καὶ
433 3462 552 3521 τοῖς
584 3459 645 3509 τὸ
674 3458 827 3525 γένος
853 3457 1060 3526 θνητοῖς
1095 3456 1390 3526 ἀνθρώποις
1424 3459 1514 3509 καὶ⁹
1552 3474 1692 3509 πτω-

115 3555 227 3620 χοῖς
259 3549 591 3621 ὀμοιωθεὶς,
610 3548 820 3616 μορφήν
840 3562 897 3596 τε
917 3546 1098 3599 δούλου
1124 3547 1215 3597 καὶ
1238 3546 1459 3614 πένητος
1477 3545 1656 3615 ἀνειλη

115 3642 245 3709 φὼς,
275 3644 377 3695 καὶ
413 3640 655 3710 μάλιστα
678 3637 797 3690 καθ’
821 3637 883 3688 ὃν
901 3637 1083 3705 καιρὸν
1104 3636 1334 3705 ἐπλήρου
1356 3636 1451 3704 τὴν
1477 3636 1580 3687 ἀπὸ
1599 3635 1688 3688 τοῦ

111 3732 332 3801 ψαλμοῦ
386 3728 759 3800 προφητείαν,
817 3726 1036 3787 εἰκότως
1076 3726 1132 3776 ἐν
1182 3724 1317 3793 ἀρχῇ
1349 3723 1440 3775 τοῦ
1481 3723 1689 3792 ψαλμοῦ

113 3821 500 3893 μακαρίξεται
534 3819 563 3868 ὁ
591 3816 758 3868 ταῦτα
781 3817 908 3884 περὶ
937 3814 1098 3866 αὐτοῦ
1136 3813 1352 3875 συνιεὶς,
1375 3813 1688 3881 ἐπαγγελίας

111 3916 408 3981 τυγχάνων
439 3911 545 3978 τῆς
579 3905 1084 3975 ἀναγεγραμμένης.
1113 3901 1222 3956 Εἴθ’
1249 3903 1372 3973 ἑξῆς
1400 3906 1461 3956 ὲκ
1487 3903 1677 3972 προσώ

111 4018 214 4052 που
229 4001 431 4052 λοιπὸν
454 3997 524 4066 δὴ
556 3995 652 4048 τοῦ
680 3994 906 4061 πένητος
939 3994 1030 4044 καὶ
1059 3991 1288 4060 πτωχοῦ,
1307 3990 1464 4043 αὑτοῦ
1496 3991 1690 4061 δηλαδὴ

107 4090 204 4142 τοῦ
245 4091 317 4142 δι’
347 4090 514 4161 ἡμᾶς
552 4083 959 4153 πτωχεύσαντος
1001 4082 1242 4151 Σωτῆρος
1285 4080 1470 4150 ἡμῶν,
1520 4081 1665 4132 ὲπιλέ

107 4196 300 4247 γεται·
345 4200 366 4230 ι
426 4177 577 4244 Ἐγὼ
626 4172 780 4227 εἶπα·
817 4174 1006 4242 Κύριε,
1058 4172 1271 4241 ἐλέησόν
1308 4189 1393 4242 με.
1436 4192 1455 4224 ι
1491 4175 1604 4224 Ὅτι
1634 4172 1688 4223 δε.

105 4274 170 4324 ὲκ
200 4270 523 4341 προσώπου
549 4265 644 4317 τοῦ
678 4263 926 4332 Σωτῆρος
964 4261 1030 4314 τὰ
1068 4265 1125 4314 ἐν
1168 4261 1242 4330 τῷ
1284 4261 1478 4331 ψαλμῷ
1505 4261 1676 4314 θεσπίς

105 4359 296 4423 ζεται,
336 4361 638 4428 αὐτάρκης
695 4355 902 4425 μάρτυς
947 4354 974 4404 ὁ
1020 4353 1400 4422 εὐαγγελιστὴς
1448 4354 1690 4423 Ἰωάννης

101 4454 402 4521 τυγχάνει.
443 4449 676 4516 Ἰστορεί
708 4445 834 4515 γὰρ,
872 4446 950 4497 ὃτι
1000 4462 1018 4494 ι
1058 4442 1292 4495 Λαὸὼνὸ
1335 4442 1534 4512 Ἰησοῦς
1562 4461 1686 4495 ποτε

101 4539 320 4593 λέντιον
357 4535 765 4610 περιεζώσατο,
800 4536 892 4586 καὶ
932 4534 1085 4598 νίῲας
1119 4535 1240 4594 τοὺς
1264 4531 1425 4594 πόδας
1457 4533 1560 4586 τῶν
1589 4550 1688 4603 μα-

102 4629 290 4699 θητῶν
336 4628 518 4682 αὐτοῦ
561 4623 745 4678 εἷπεν“
783 4622 922 4691 Ἐγὼ
947 4617 1061 4675 οἶδα
1090 4622 1180 4684 οὒς
1210 4622 1544 4691 ἐξελεξάμην·
1575 4623 1686 4676 ἀλλ’

101 4719 190 4772 ἵνα
241 4723 277 4789 ή
335 4717 544 4790 Γραφὴ
579 4714 841 4785 πληρωθῇ
867 4729 880 4743 ο
926 4713 983 4765 Ὀ
1024 4711 1242 4783 τρώγων
1295 4713 1406 4781 μετ’
1439 4713 1570 4781 ἐμοῦ
1597 4714 1686 4767 τὸν

100 4809 272 4881 ἄρτον
321 4811 544 4878 ἐπῆρεν
597 4807 686 4858 ἐπ’
718 4804 818 4873 ἐμὲ
854 4803 948 4873 τὴν
987 4803 1216 4872 πτέρναν
1256 4802 1436 4855 αὑτοῦ.
1467 4821 1485 4852 ι
1524 4803 1684 4855 Ποίαν

99 4901 212 4969 γὰρ
251 4896 671 4968 πεπληρῶσθαι
718 4893 934 4964 γραφὴν
971 4895 1027 4945 ἐν
1057 4893 1259 4954 τούτοις
1298 4891 1478 4967 ἐδήλου
1509 4893 1621 4944 ἀλλ’
1652 4895 1686 4962 ἢ

101 4992 204 5060 τὴν
232 4991 336 5043 τοῦ
366 4989 518 5059 μετὰ
541 4991 732 5057 χεῖρας
752 4984 964 5052 ψαλμοῦ
995 4986 1052 5037 ὲν
1155 4985 1380 5054 εἴρηται·
1402 5002 1420 5033 ι
1456 4984 1562 5035 Καὶ
1584 4985 1688 5055 γὰρ

98 5078 133 5128 ὁ
160 5080 475 5150 ἄνθρωπος
494 5078 598 5145 τῆς
628 5075 855 5144 είρήνης
876 5090 990 5141 μου,
1019 5075 1099 5141 ἐφ’
1126 5074 1181 5125 ὃν
1203 5073 1421 5141 ἤλπισα,
1444 5073 1472 5122 ὁ
1499 5072 1686 5126 ἐσθίων

104 5167 311 5236 ἄρτους
368 5185 500 5237 μου,
537 5163 876 5234 ἐμεγάλυνεν
915 5164 995 5214 ἐπ’
1024 5163 1120 5231 ἐμὲ
1149 5159 1496 5230 πτερνισμόν;
1529 5178 1546 5209 ι
1579 5163 1686 5230 Φη-

108 5258 190 5308 σὶν
219 5254 324 5310 οὖν
362 5257 707 5328 ἀρχόμενος·
743 5268 763 5300 ι
808 5248 944 5315 Ἐγὼ
974 5248 1128 5302 εἷπα³
1161 5246 1574 5319 Κύριε,ὲλέησόν
1599 5265 1686 5317 με,

109 5343 260 5398 ῐεσαι
288 5346 402 5415 τὴν
435 5344 618 5412 ψυχήν
655 5337 884 5406 μου,ὅτι
905 5337 1136 5408 ἧμαρτόν
1169 5351 1276 5387 σοι’
1309 5353 1327 5384 ι
1366 5333 1456 5385 καὶ
1485 5333 1546 5384 δι’
1566 5335 1686 5388 ὅλου

109 5433 200 5484 τοῦ
226 5436 333 5502 ipa)
349 5434 461 5504 μοῦ
479 5451 492 5463 ·
518 5434 675 5497 ἅπερ
713 5423 1036 5493 σαφέστερον
1055 5429 1081 5478 ὁ
1103 5424 1382 5493 Σύμμαχος
1410 5421 1588 5474 τοῦτον
1605 5423 1689 5488 ἐξ·

113 5519 396 5576 ἔδωκε-,τὸν
431 5521 674 5592 τρόπον’
719 5530 742 5562 ι
788 5511 944 5579 Ἑμοῦ
976 5514 1241 5581 λέγοντοςο
1276 5511 1462 5581 Κύριε,
1495 5511 1689 5564 οἴκτει-

1791 3192 1982 3246 tiret“.
2017 3210 2036 3242 ι
2075 3191 2210 3245 Cum
2239 3192 2351 3246 haac
2395 3194 2451 3246 in
2479 3192 2622 3246 hunc
2647 3194 2863 3247 modum
2888 3201 2941 3248 et
2980 3195 3229 3262 praedicta
3258 3202 3317 3248 et.

1787 3281 2044 3348 completa
2080 3281 2207 3345 sint,
2249 3283 2445 3335 mirum
2472 3283 2638 3336 videri
2681 3297 2788 3336 non
2833 3283 3007 3348 debet,
3049 3286 3095 3338 si
3123 3283 3309 3338 eodem

1788 3369 1944 3422 modo
1962 3371 2121 3423 etiam
2142 3371 2358 3424 oracula
2391 3371 2456 3424 de
2485 3371 2891 3440 quadragesimo
2917 3373 3121 3440 psalmo
3142 3387 3312 3439 nuper

1785 3471 2020 3529 accepta,
2049 3461 2179 3529 quid
2229 3461 2468 3515 futurum
2515 3469 2657 3516 esset
2704 3477 2798 3530 per
2844 3461 2896 3516 id
2939 3470 3162 3530 tempus,
3202 3477 3312 3529 quo

1785 3549 1950 3602 Judaei
1983 3551 2239 3605 adversus
2267 3549 2593 3606 Salvatorem
2626 3559 2866 3604 nostrum
2910 3551 3305 3617 conspirarunt,

1787 3637 2089 3706 signiﬁcant
2117 3656 2131 3691 :
2157 3654 2223 3692 ex
2251 3639 2446 3707 quibus
2494 3653 2614 3692 cum
2645 3638 2880 3692 universi
2927 3637 3171 3716 homines
3199 3651 3310 3690 non

1788 3729 2162 3798 intelligerent,
2195 3744 2428 3798 quonam
2474 3738 2632 3799 pacto
2673 3730 2766 3800 qui
2799 3728 3030 3782 Verbum
3077 3727 3168 3781 Dei
3201 3735 3304 3790 est,

1787 3827 1838 3874 et
1875 3820 2157 3886 sapientia,
2187 3828 2240 3872 et
2275 3821 2404 3882 vita,
2439 3827 2493 3873 et
2539 3820 2716 3874 lumen
2757 3833 2974 3883 verum,
3027 3824 3080 3871 et
3121 3831 3324 3871 omnes.

1789 3909 2047 3962 bonorum
2087 3909 2300 3963 divitias
2329 3909 2638 3976 possidens,
2654 3915 2870 3977 propter
2912 3922 3010 3961 nos
3034 3914 3309 3974 assumpto

1785 4013 2024 4067 corpore,
2049 4005 2100 4052 et
2132 4013 2332 4066 pauper
2361 4006 2414 4052 et
2443 4006 2630 4051 natura
2661 3997 2974 4051 mortalibus
3005 3995 3310 4050 hominibus

1787 4098 1838 4143 et
1861 4089 2040 4158 egenis
2078 4089 2270 4142 similis
2300 4089 2368 4142 sit
2398 4088 2592 4151 factus,
2634 4087 2966 4156 formamque
2990 4093 3044 4140 et
3085 4087 3227 4139 servi
3255 4095 3310 4140 et

1787 4179 2031 4247 pauperis
2077 4178 2358 4246 acceperit,
2389 4178 2620 4231 maxime
2663 4192 2768 4245 quo
2806 4185 3040 4246 tempore
3075 4176 3309 4243 comple-

1787 4268 1875 4321 bat
1922 4281 1983 4320 ea
2015 4280 2131 4336 quae
2159 4267 2221 4318 ad
2250 4267 2580 4335 prophetiam
2615 4266 2776 4333 hujus
2803 4265 2995 4332 psalmi
3019 4263 3308 4332 pertinent,

1787 4359 1975 4412 merito
2000 4359 2050 4411 in
2081 4358 2232 4410 initio
2261 4357 2472 4426 psalmi,
2503 4358 2549 4411 is
2576 4363 2634 4410 ut
2668 4357 2854 4418 beatus
2884 4353 3307 4416 commendatur,

1716 4443 1760 4496 Β
1786 4449 1877 4517 qui
1909 4449 2018 4500 hmo
2047 4448 2112 4502 de
2139 4448 2232 4501 illo
2262 4447 2601 4509 intellexerit,
2640 4451 2819 4513 utpote
2869 4444 2958 4512 qui
2986 4441 3325 4511 promissum.

1790 4537 2013 4605 publica}
2065 4537 2333 4590 memoriae
2377 4538 2631 4590 traditum
2691 4535 2944 4589 obtineat.
2971 4532 3131 4602 466
3175 4531 3309 4584 Tum

1788 4625 2057 4690 deinceps,
2087 4626 2229 4692 quod
2260 4633 2523 4693 superest,
2556 4640 2621 4678 ex
2652 4623 2820 4692 ipsius
2866 4622 3114 4690 pauperis
3153 4628 3310 4688 atque

1788 4713 1935 4782 egeni
1963 4727 2213 4780 persona.
2253 4714 2424 4780 ipsius
2471 4713 2720 4768 videlicet
2773 4709 3067 4762 Salvatoris
3113 4708 3306 4768 nostri,

1787 4803 1882 4871 qui
1909 4808 2125 4870 propter
2148 4817 2246 4855 nos
2271 4802 2483 4871 inopem
2526 4803 2688 4856 vitam
2718 4799 3030 4866 assumpsit,
3063 4797 3278 4866 adjungi
3306 4831 3311 4836 -

1787 4902 1914 4945 tur:
1955 4910 1974 4942 ι
2010 4891 2120 4960 Ego
2149 4892 2282 4956 dixi,
2315 4892 2558 4956 Domine,
2599 4892 2849 4946 miserere
2892 4890 3076 4942 mei".
3114 4908 3131 4939 ι
3159 4889 3310 4954 Quod

1787 4997 1912 5037 vero
1932 4997 1996 5035 ex
2029 4996 2254 5050 persona
2291 4982 2602 5046 Salvatoris,
2624 4996 2742 5049 quae
2776 4973 2840 5031 ad
2867 4979 3012 5033 hunc
3049 4981 3312 5048 psalmum

1786 5069 2070 5139 pertinent,
2104 5069 2357 5137 praedicta
2405 5071 2533 5132 sint,
2577 5069 2810 5137 optimus
2861 5079 2994 5121 sane
3043 5069 3113 5120 sit
3160 5069 3315 5120 testis

1786 5159 2106 5228 evangelista
2136 5157 2390 5214 Joannes.
2419 5159 2616 5212 Narrat
2655 5157 2822 5217 enim,
2873 5163 2934 5208 ut
2979 5157 3106 5210 olim
3136 5155 3313 5220 Jesus,

1786 5265 1908 5304 cum
1955 5249 2248 5316 accepisset
2296 5250 2538 5310 linteum,
2580 5245 2922 5316 praecinxerit
2969 5261 3049 5308 se,
3094 5262 3320 5313 cumque

1788 5337 1949 5407 pedes
1967 5336 2346 5405 discipulorum
2370 5352 2588 5391 suorum
2615 5333 2895 5393 abluisset,
2921 5331 3121 5386 dixerit
3145 5349 3158 5383 :
3183 5333 3324 5399 «Ego

1788 5426 1900 5478 scio
1921 5440 2056 5494 quos
2084 5426 2351 5492 elegerim,
2389 5427 2481 5480 sed
2518 5433 2576 5479 ut
2620 5423 2956 5490 compleatur
2996 5419 3279 5489 Scriptura
3306 5437 3324 5471 :

1787 5516 1889 5578 Qui
1918 5515 2025 5569 edit
2068 5531 2274 5570 mecum
2306 5531 2519 5584 panem,
2565 5512 2772 5569 levavit
2799 5518 2985 5565 contra
3013 5525 3107 5564 me
3154 5510 3329 5564 calca-

180 5695 223 5723 ³³
263 5692 570 5747 lMachab.
613 5697 732 5745 vn,
779 5679 867 5734 12.
940 5687 984 5718 “
1025 5685 1148 5741 ibid.
1187 5683 1356 5737 l5-l7.
1429 5682 1472 5714 ³⁸
1514 5680 1654 5737 Psal.

1819 5686 1871 5739 5.
