3740 6326
586 360 686 414 723

1222 359 1487 415 EUSEBII
1526 361 1997 415 CESARlENSlS
2027 360 2117 413 ΟΡ

2218 358 2385 413 ΡΑΒὸ
2416 358 2479 412 ll.
2516 388 2588 399 --
2622 358 3110 413 APOLOGETICA.
3587 364 3644 421 η.

585 492 745 534 neum
770 490 926 529 suum
946 476 1009 526 “.
1045 495 1063 527 ι
1099 475 1304 531 Etenim
1333 493 1491 547 quam
1516 479 1730 533 tandem
1762 478 1919 530 aliam
1948 478 2002 530 in
2035 477 2117 530 his

2221 477 2310 545 ρόν
2353 493 2440 545 με,
2476 477 2625 528 ῑασαι
2668 474 2767 544 τὴν
2795 475 2967 544 ψυχήν
3004 491 3123 544 μου,
3158 474 3246 527 καὶ
3277 478 3322 528 εί
3366 477 3643 548 sum”

588 566 919 633 Scripturam
953 566 1266 634 completam
1296 582 1416 621 esse
1444 567 1675 629 dicebat,
1710 567 1816 620 nisi
1844 581 1961 620 eam
1995 581 2113 635 quae

585 656 641 708 in
670 653 771 707 hoc
795 653 1002 721 psalmo
1035 652 1280 715 habetur,
1314 656 1406 723 qui
1452 670 1595 708 nunc
1628 656 1681 707 in
1715 655 1964 708 manibus
2011 665 2112 719 est,

584 746 640 798 in
675 758 781 812 quo
812 743 1022 811 quidem
1051 744 1252 811 psalmo
1281 744 1409 797 illud
1448 745 1649 797 dictum
1683 752 1765 798 est
1794 761 1809 796 :
1853 763 1873 795 ι
1906 745 2113 798 Etenim

586 829 746 884 homo
773 829 920 894 pacis
949 843 1077 880 meae
1111 830 1162 880 in
1189 844 1295 896 quo
1328 830 1556 897 speravi,
1592 831 1682 897 qui
1723 832 1914 885 edebat
1952 848 2115 900 panes

584 933 758 981 meos,
787 919 1142 987 magniﬁcavit
1173 935 1332 988 super
1372 938 1455 976 me
1488 924 2056 992 supplantationem".
2092 942 2110 973 ι

584 1007 745 1063 Initio
773 1025 899 1078 ergo
941 1012 1021 1063 sic
1061 1012 1135 1063 ait
1166 1031 1179 1066 :
1215 1031 1235 1063 ι
1270 1013 1375 1081 Ego
1407 1014 1537 1077 dixi,
1575 1015 1817 1077 Domine,
1863 1018 2117 1072 miserere

583 1101 709 1162 mei,
745 1115 874 1154 sana
898 1102 1129 1153 animam
1165 1118 1355 1166 meam,
1382 1107 1505 1173 quia
1530 1109 1746 1176 peccavi
1776 1107 1929 1160 tibi"
1965 1127 1977 1161 :
2013 1128 2031 1158 ι
2064 1117 2117 1162 et

585 1207 680 1259 per
716 1199 884 1245 totum
918 1192 1199 1261 psalmum,
1246 1210 1306 1249 ea
1339 1211 1458 1264 quae.
1491 1198 1698 1264 planius
1732 1199 1782 1251 in
1828 1198 1974 1251 hunc
2001 1214 2120 1252 mo-

583 1282 709 1334 dum
746 1279 1108 1350 Symmachus
1148 1284 1351 1337 edidit:
1391 1304 1409 1334 ‹
1465 1285 1545 1340 Me
1588 1286 1833 1350 dicente,
1867 1287 2114 1351 Domine,

583 1371 841 1423 miserere
890 1372 1014 1435 mei,
1052 1387 1182 1426 sana
1206 1374 1436 1427 animam
1465 1390 1637 1428 meam
1664 1395 1678 1441 ;
1717 1385 1770 1430 et
1800 1379 1845 1431 si
1898 1381 2117 1447 peccavi

584 1460 700 1521 tibi,
738 1460 939 1512 inimici
992 1462 1096 1514 mei
1149 1461 1397 1515 dixerunt
1451 1464 1516 1517 de
1564 1480 1648 1518 me
1696 1472 1857 1531 mala,
1902 1468 2119 1534 quando

584 1549 863 1614 morietur,
893 1557 943 1602 et
972 1551 1166 1617 peribit
1193 1567 1385 1606 nomen
1407 1553 1556 1620 ejus?
1577 1565 1628 1607 et
1655 1569 1777 1608 cum
1810 1556 2119 1625 ingredere-

584 1651 691 1703 tur,
721 1656 857 1694 vana
889 1642 1203 1710 loquebatur
1238 1658 1332 1696 cor
1361 1645 1497 1711 ejus.
1523 1648 1875 1716 congregabat
1913 1649 2121 1716 injusti-

585 1732 711 1783 tiam
760 1732 881 1785 sibi.
926 1730 1059 1784 Cum
1110 1733 1454 1800 egrederetur
1501 1736 1665 1801 foras,
1702 1738 2113 1806 obloquebatur,

586 1835 694 1875 uno
724 1822 905 1873 animo
937 1823 1292 1876 susurrabant
1317 1832 1503 1878 contra
1542 1842 1626 1880 me
1654 1843 1839 1881 omnes
1864 1830 1956 1897 qui
1986 1831 2115 1885 ode-

583 1917 705 1964 rant
735 1925 840 1972 mc,
864 1910 929 1964 de
959 1927 1042 1966 me
1070 1914 1376 1982 cogitabant
1411 1917 1547 1968 mala
1579 1916 1729 1980 mihi,
1760 1919 1981 1971 verbum
2012 1920 2117 1973 ini.

583 2014 749 2068 quum
780 1999 1004 2054 ell‘usum
1035 2010 1151 2055 erat
1196 2003 1335 2057 inter
1359 2004 1524 2071 ipsos,
1559 2013 1613 2058 et
1650 2006 1741 2073 qui
1775 2007 1968 2060 cecidit
2007 2023 2116 2061 non

585 2092 815 2161 amplius
848 2100 1049 2162 surget,
1098 2095 1188 2149 sed
1236 2104 1288 2148 et
1328 2096 1488 2149 homo
1516 2097 1606 2164 qui
1651 2112 1835 2165 pacem
1887 2099 2117 2153 habebat

583 2198 814 2247 mecum,
845 2184 931 2237 cui
972 2186 1324 2251 conlidebam,
1355 2188 1638 2241 comedens
1688 2204 1895 2243 mecum
1921 2204 2116 2258 panem

582 2287 783 2337 meum,
818 2275 1192 2343 magnificatus
1228 2284 1312 2330 est
1349 2288 1536 2330 contra
1568 2293 1650 2332 me
1680 2286 2113 2347 consequenter;

584 2368 642 2412 tu
673 2368 871 2424 autem,
908 2362 1150 2429 Domine,
1169 2365 1420 2419 miserere
1448 2367 1571 2430 mei,
1602 2375 1654 2421 et
1680 2369 1882 2420 suscita
1914 2383 2017 2427 me,
2059 2376 2117 2420 ut

581 2450 878 2504 retribuam
910 2452 989 2506 eis
1020 2470 1034 2506 :
1063 2461 1279 2521 prepter
1308 2454 1410 2507 hoc
1433 2469 1753 2523 cognoscam
1779 2457 1921 2524 quod
1946 2458 2114 2520 voles,

583 2545 633 2597 si
660 2558 768 2597 non
796 2543 1115 2611 obloquetur
1132 2544 1379 2598 inimicus
1405 2560 1574 2608 meus,
1592 2561 1676 2600 me
1697 2555 1873 2599 autem
1899 2555 2118 2615 propter

584 2632 980 2699 simplicitatem
1012 2634 1317 2701 suscepisti,
1348 2643 1402 2687 et
1442 2636 1737 2689 constitues
1773 2651 1857 2688 me
1901 2636 1953 2688 in
1986 2651 2118 2689 cou-

585 2730 773 2789 spectu
799 2729 894 2775 tuo
916 2723 969 2775 in
1000 2730 1281 2777 aeternum.
1318 2742 1336 2774 ι
1366 2724 1499 2777 Cum
1536 2725 1622 2778 bis
1656 2739 1780 2778 vero
1805 2739 1923 2793 qua:
1956 2724 2115 2794 Sym-

584 2810 809 2863 machus
840 2810 1007 2865 edidit
1031 2810 1359 2863 concordant
1389 2811 1549 2864 etiam
1598 2826 1660 2864 ea
1685 2826 1805 2878 qua:
1828 2811 1895 2863 ab
1923 2811 2117 2879 Aquila

584 2900 728 2953 edita
757 2909 903 2961 sunt,
930 2915 1196 2967 sensuque
1215 2900 1354 2954 idem
1376 2901 1573 2953 valent.
1599 2898 1837 2953 Primum
1864 2900 2028 2969 igitur
2051 2901 2118 2956 de

585 3003 650 3042 eo
696 2990 838 3057 quod
878 3005 943 3043 ex
989 3004 1217 3057 persona
1271 2988 1567 3044 Salvatoris
1625 2993 1796 3045 nostri
1848 2994 2117 3047 enuntiari

2209 568 2259 617 oi
2286 565 2464 635 ἐχθροί
2494 581 2596 633 μου
2620 564 2801 631 ελεγον
2829 564 2957 635 περ)⁵
2982 563 3115 633 ἐμοῦ
3146 563 3307 617 κακά’
3324 564 3447 619 Πότε
3466 568 3644 643 ἀποθάνῃ

2212 655 2303 708 καὶ
2327 654 2604 707 ἀπολεῖται
2635 654 2696 706 τὸ
2721 653 2886 723 ὄνομα
2904 654 3064 705 αὑτοῦ
3085 670 3100 717 ;
3130 654 3488 725 Εἰσερχόμενος
3513 662 3644 715 trum

2210 744 2436 811 ψασθαι,
2490 745 2693 813 μάταια
2745 743 2921 795 ἐλάλει
2966 745 3000 812 ἡ
3046 743 3234 812 καρδία
3284 745 3461 809 αὐτοῦ,
3491 747 3643 818 ἠθρῡιξε

2213 834 2420 887 ἀδικίαν
2456 835 2642 903 ἑαυτῇ.
2674 832 3057 903 Ἐξερχόμενος
3079 832 3133 885 δὲ
3157 832 3256 897 ἔξω
3279 836 3544 890 κατελὰλει.
3561 840 3644 909 ’ομ

2214 925 2445 995 Θυμαδδν
2493 924 2805 992 ὲψιθύριξον
2851 926 2970 980 κατ’
3010 926 3138 996 ἐμοῦ
3182 927 3371 990 πάντες
3405 931 3449 981 οἱ
3477 932 3644 999 pronam

2219 1031 2304 1084 με,
2338 1014 2462 1083 περὶ
2491 1013 2625 1083 ἐμοῦ
2651 1015 2973 1075 ἐννοοῦντες
2999 1016 3137 1067 κακά
3149 1032 3253 1083 μοι.
3277 1016 3434 1081 Λόγος
3450 1019 3646 1087 παράνομι

2216 1107 2469 1173 ἐκκέχυτο
2505 1104 2651 1157 ἔνδον
2695 1106 2893 1167 αὐτῶν,
2927 1106 3018 1158 καὶ
3052 1106 3226 1158 πεσὼν
3253 1108 3419 1160 οὐκέτι
3456 1111 3646 1179 evantes

2214 1212 2333 1248 ταν
2376 1196 2507 1247 ἀλλά
2558 1196 2651 1248 καὶ
2691 1196 2995 1267 ἄνθρωπος,
3029 1196 3088 1257 ὃς
3126 1198 3357 1267 εἰρηνευέ
3401 1215 3495 1267 μοι,
3587 1203 3644 1251 ἐπε

2215 1284 2437 1347 ποίθειν,
2468 1286 2758 1337 συνεσθίων
2801 1304 2892 1355 μοι
2939 1287 3099 1354 ἄρτον
3143 1287 3287 1355 ἐμὸν.
3326 1290 3646 1357 κατεμεγαλύιό

2220 1391 2335 1443 μου.
2371 1374 2714 1437 Ἀκολούθως,
2740 1376 2803 1428 σῦ
2826 1375 2905 1436 δὲ,
2934 1375 3388 1445 Κύριε,οῐκτειρόν
3418 1393 3494 1445 με,
3516 1378 3585 1429 καὶ
3612 1381 3646 1429 ἂν

2215 1461 2421 1531 ἐγειρόν
2457 1479 2543 1531 με,
2575 1462 2661 1514 ἵνα
2700 1461 3068 1514 ἀνταποδώσω
3095 1462 3291 1524 αὐτοῖς.
3324 1464 3413 1514 Διὰ
3436 1463 3563 1515 τοῦτο
3580 1465 3645 1530 rei

2217 1568 2394 1621 σομαι,
2418 1553 2497 1604 ὅτι
2531 1552 2798 1622 Θελήσεις,
2834 1552 2932 1605 ἐὰν
2993 1552 3066 1623 μὴ
3113 1553 3441 1624 καταλαλήσῃ
3479 1557 3504 1607 ό
3547 1555 3646 1623 ἐχθρά

2219 1659 2336 1711 μου.
2381 1642 2540 1711 Ἐμοῦ
2562 1642 2617 1695 δὲ
2640 1642 2726 1694 διὰ
2752 1642 2852 1711 τὴν
2879 1642 3155 1711 ἁπλότητα
3185 1644 3444 1711 ἁντέσχου,
3467 1645 3542 1695 καὶ
3559 1660 3646 1713 παρα

2219 1733 2427 1800 στήσεις
2461 1747 2528 1800 με
2574 1730 2881 1800 ἔμπροσθέν
2918 1748 3013 1783 σου
3059 1731 3125 1783 δι’
3151 1732 3352 1794 αἰῶνος.
3383 1752 3399 1783 ι
3440 1733 3646 1800 ’ἰσοδυνιμέ

2216 1820 2273 1873 δὲ
2316 1823 2427 1882 τοῖς
2460 1819 2551 1872 τοῦ
2584 1820 2884 1889 Συμμάχου
2919 1822 3013 1874 καὶ
3053 1822 3121 1873 τὰ
3160 1820 3392 1874 Ἀκόλου.
3424 1822 3595 1893 Πρῶτον
3612 1818 3645 1872 αἱ

2217 1909 2343 1980 περὶ
2387 1907 2480 1961 τοῦ
2532 1908 2705 1960 δοκεῖν
2737 1909 3108 1978 ἀπεμφαίνειν
3143 1912 3206 1962 ὲκ
3232 1909 3494 1980 προσώπου
3519 1910 3646 1962 mihi

2214 2000 2373 2069 τῆρος
2402 1998 2555 2068 ἡμῶν
2584 1998 2643 2049 τὸ
2665 1999 2979 2069 εἰρημένον,
2997 2002 3077 2063 τὸ,
3105 2021 3122 2050 ι
3146 2002 3318 2053 Ἵασαι
3338 2001 3426 2069 τὴν
3442 2002 3577 2069 ψυχήν
3594 2017 3646 2067 μοι

2214 2090 2294 2141 ὅτι
2341 2088 2581 2158 ἥμαρτόν
2622 2104 2725 2153 σοι,
2764 2109 2781 2138 ι
2816 2091 3084 2160 τηρήσεις
3110 2091 3171 2143 τὸ
3200 2090 3343 2163 παρά
3377 2091 3448 2160 τῷ
3482 2091 3648 2159 Συμμάχι

2219 2177 2292 2247 μὴ
2334 2177 2502 2239 οῦτως
2549 2177 2689 2245 ἕχον,
2720 2178 2879 2241 ἀλλὰ,
2916 2198 2938 2229 ι
2981 2182 3156 2232 Ἴασαι
3187 2182 3283 2250 τὴν
3316 2181 3474 2249 ψυχήν
3505 2197 3591 2249 μου,
3614 2197 3648 2230 κς

2216 2271 2263 2321 εί
2287 2269 2527 2339 ἥμαρτόν
2561 2285 2660 2322 σοι.
2703 2288 2722 2320 ι
2759 2271 2872 2322 Καὶ
2913 2270 3061 2324 οῦτω
3094 2272 3152 2325 δὲ
3181 2271 3334 2324 τοῦτό
3374 2288 3526 2341 φησιν,
3556 2271 3647 2321 ἐπεώ

2215 2360 2312 2423 τὰς
2362 2362 2633 2430 ἡμετέρας
2673 2366 2973 2415 κοινοποιεϊ
3026 2366 3105 2425 είς
3150 2365 3332 2416 ἑαυτὸν
3372 2363 3648 2433 demtum:

2215 2450 2460 2503 λέλεκται
2481 2468 2494 2480 ·
2525 2469 2543 2501 ι
2572 2452 2681 2504 Καὶ
2702 2452 2909 2523 Κύριος
2942 2453 3255 2523 παρέδωκεν
3282 2454 3428 2507 αὑτὸν
3453 2456 3547 2514 ταῖς
3565 2454 3648 2519 ἁμαρ

2214 2540 2355 2602 τίαις
2394 2543 2425 2611 ἡ
2436 2540 2549 2609 μῶν
2572 2558 2585 2570 ·
2615 2560 2633 2591 ι
2672 2542 2790 2604 καὶ,
2823 2561 2841 2591 ι
2882 2543 3053 2604 Αὐτὸς
3083 2544 3347 2613 ἁμαρτίας
3373 2542 3507 2612 ἡμῶν
3527 2542 3640 2610 φέρει.

2216 2627 2410 2694 Γέγονε
2443 2629 2571 2697 γοῦν
2594 2631 2737 2701 ὑπὲρ
2762 2634 2795 2701 ἠ
2804 2632 2920 2701 μῶν
2956 2633 3170 2703 κατάρα
3194 2635 3221 2685 ὁ
3256 2633 3431 2702 Ἀμνὸς
3453 2631 3527 2684 τοῦ
3545 2628 3643 2687 Θεοῦ,

2215 2716 2384 2787 αἴρων
2427 2719 2525 2789 τὴν
2573 2721 2849 2791 ἁμαρτίαν
2893 2721 2989 2774 τοῦ
3036 2724 3236 2792 κόσμου
3257 2740 3274 2752 ⁸
3299 2724 3355 2775 ὃν
3380 2725 3459 2775 καὶ
3480 2722 3536 2791 μὴ
3551 2722 3648 2787 Mr.

2218 2809 2568 2879 ἁμαρτίανδὸ
2623 2812 2764 2875 θεὸς
2809 2814 2954 2884 ὑπὲρ
2995 2815 3150 2884 ἡμῶν
3195 2814 3447 2886 ἁμαρτίαν
3488 2813 3648 2879 ἐποίησε·

2216 2899 2503 2969 ἀντίψυχον
2540 2902 2686 2972 ὑπὲρ
2734 2905 2955 2956 πάντων
2989 2905 3143 2975 ἡμῶν
3175 2907 3449 2977 προέμενος
3478 2904 3648 2961 coam?»

2214 2993 2375 3061 ἡμεῖς
2403 2992 2692 3063 γενώμεθα
2717 2995 3033 3066 δικαιοσύνη
3068 2996 3202 3049 Θεοῦ
3223 3000 3278 3050 ἐν
3306 2996 3455 3066 αὗτῷ.
3484 2994 3647 3047 Ἀλλ’ἐπ

585 3078 849 3142 videatur,
882 3078 1013 3132 illud
1046 3080 1187 3147 quod
1241 3078 1442 3133 dictum
1486 3090 1605 3135 est:
1643 3099 1660 3130 ι
1699 3079 1841 3134 Sana
1883 3084 2113 3136 animam

2218 3082 2307 3133 καὶ
2343 3084 2399 3134 ὲν
2429 3083 2737 3154 ὁμοιώματι
2796 3087 3000 3156 σαρκὸς
3049 3088 3312 3158 ἁμαρτίας
3337 3088 3571 3155 γενόμενος
3596 3097 3648 3133 κατ

586 3183 779 3230 meam,
812 3169 935 3237 quia
965 3170 1175 3237 peccavi
1210 3169 1326 3233 tibi,
1360 3188 1377 3221 ι
1410 3170 1710 3235 observato,
1752 3187 1932 3239 quaeso
1962 3183 2031 3237 te,
2062 3182 2119 3227 ut

586 3257 725 3312 idem
756 3259 891 3326 apud
939 3258 1313 3328 Symmachum
1360 3274 1467 3313 non
1499 3260 1685 3314 eodem
1730 3262 1888 3316 modo
1935 3279 1992 3317 se
2025 3263 2120 3317 ba-

585 3348 728 3410 beat,
761 3348 854 3402 sed
885 3350 963 3402 sic
991 3367 1005 3401 :
1036 3346 1177 3402 Sana
1218 3350 1452 3402 animam
1496 3365 1688 3414 meam,
1721 3359 1774 3406 et
1810 3353 1856 3406 si
1900 3355 2121 3421 peccavi

583 3437 704 3490 tibi.
736 3458 756 3490 ι
790 3436 881 3491 Sic
907 3446 1083 3492 autem
1106 3439 1209 3493 hoc
1235 3439 1324 3492 ille
1342 3441 1435 3503 ait,
1462 3450 1740 3509 propterea
1767 3442 1910 3511 quod
1936 3451 2119 3498 nostra

585 3542 770 3582 secum
824 3528 940 3597 ipse
983 3538 1199 3597 peccata
1244 3530 1683 3585 communicavit.
1722 3531 1801 3585 Ex
1849 3549 1956 3603 quo
1988 3534 2119 3588 illud

582 3614 788 3671 dictum
832 3627 955 3672 est:
993 3636 1012 3668 ι
1043 3617 1106 3672 Ει
1150 3618 1406 3675 Dominus
1454 3621 1674 3675 tradidit
1716 3639 1838 3676 eum
1887 3625 2120 3692 peccatis

585 3705 809 3768 nostris,
837 3695 916 3767 et,
946 3707 1063 3775 ipse
1108 3716 1325 3774 peccata
1348 3716 1531 3763 nostra
1561 3710 1736 3764 fert“.
1775 3730 1794 3761 ι
1831 3710 1989 3781 467
2020 3712 2121 3765 Fa-

584 3804 707 3846 ctus
736 3784 820 3847 est
850 3794 1017 3863 igitur
1045 3810 1141 3864 pro
1165 3796 1322 3851 nobis
1349 3801 1648 3855 exsecratio
1676 3801 1764 3854 ille
1790 3801 1975 3868 Agnus
2004 3801 2117 3866 Dei,

584 3884 677 3952 qui
721 3883 861 3936 tollit
892 3894 1167 3951 peccatum
1202 3886 1407 3949 mundi,
1448 3903 1606 3955 quem
1639 3904 1749 3942 non
1790 3904 2122 3959 cognoscen-

584 3976 693 4025 tem
722 3978 1017 4036 peccatum,
1048 3971 1189 4027 Deus
1215 3988 1310 4041 pro
1335 3976 1489 4029 nobis
1519 3987 1792 4044 peccatum
1824 3977 1969 4039 fecit,
1991 3978 2118 4031 dum

586 4060 736 4114 illum
770 4060 998 4128 pretium
1030 4063 1321 4118 animatum
1353 4080 1415 4118 ac
1444 4066 1618 4119 vivum
1649 4082 1746 4135 pro
1774 4068 1975 4121 nostris
2003 4082 2120 4120 om-

586 4146 735 4200 nium
767 4146 963 4200 animis
994 4134 1194 4213 tradit,
1224 4159 1282 4204 ut
1327 4169 1425 4207 nos
1454 4134 1746 4207 elliciamur
1785 4154 1996 4221 justitia
2024 4153 2119 4209 Dei

586 4235 643 4289 in
673 4236 811 4304 ipso.
843 4233 948 4289 Sed
975 4238 1191 4304 quando
1218 4241 1375 4293 etiam
1424 4241 1477 4294 in
1507 4242 1909 4296 similitudinem
1938 4245 2120 4299 carnis

586 4326 791 4393 peccati
840 4323 1038 4390 factus,
1093 4328 1465 4382 condemnavit
1510 4340 1784 4399 peccatum
1833 4332 1890 4384 in
1933 4346 2115 4396 carne,

2224 3169 2403 3239 έκρινε
2430 3172 2528 3241 τὴν
2550 3173 2830 3244 ἁμαρτίαν
2847 3176 2907 3226 ὲν
2927 3178 2994 3245 τῇ
3020 3176 3200 3247 σαρκὶ,
3222 3176 3428 3237 εἰκότως
3450 3172 3650 3244 προφέρετε

2223 3265 2291 3316 τὰ
2321 3265 2635 3334 ἐκκείμενα.
2664 3268 2790 3319 ’Ότι
2830 3268 2887 3320 δὲ
2920 3268 3020 3331 τὰς
3059 3270 3324 3341 ἡμετέρας
3352 3266 3572 3338 ἁμαρτίας
3593 3262 3650 3325 ὲξοτ

2224 3352 2554 3420 κειούμενος,
2587 3354 2685 3409 διὰ
2741 3358 2847 3429 τὴν
2890 3359 3030 3428 πρὸς
3072 3361 3215 3429 ἡμᾶς
3238 3359 3439 3429 ἀγάπην
3460 3357 3534 3409 καὶ
3562 3352 3650 3421 φιλίη

2223 3441 2487 3511 θρωπίαν,
2516 3443 2701 3499 ταῦτὰ
2730 3463 2917 3515 φησιν,
2957 3449 3083 3518 ἑξῆς
3108 3448 3438 3510 ὑποκαταϐὰς
3453 3449 3501 3499 ὲν
3520 3442 3650 3509 uitri)?

2222 3532 2416 3602 ψαλμῷ
2440 3533 2720 3604 ἐπιφέρει,
2755 3536 2932 3605 λέγων
2947 3555 2961 3567 ’
3000 3556 3020 3588 ι
3060 3538 3221 3608 Ἐμοῦ
3244 3539 3299 3592 δὲ
3320 3537 3400 3591 διὰ
3423 3536 3504 3606 τήν
3528 3531 3650 3586 ἀκακία

2222 3623 2513 3677 ἀντελὰϐου
2529 3641 2543 3655 ·
2580 3643 2601 3674 ι
2647 3628 2839 3695 σαφῶς
2866 3629 2929 3681 τὸ
2961 3631 3318 3699 ἀπειρόκακον
3346 3628 3431 3681 τοῦ
3460 3622 3602 3694 ’Δμνσῖι
3619 3635 3650 3669 τε

2220 3710 2355 3763 Θεοῦ
2381 3713 2679 3782 παριστὰς.
2703 3715 2832 3776 Πῶς
2858 3717 2916 3769 δὲ
2945 3719 3045 3780 τὰς
3071 3718 3336 3789 ἡμετέρας
3354 3713 3575 3786 ἁμαρτίας
3591 3706 3650 3770 ἐξα

2220 3798 2495 3862 κειοῦται;
2530 3800 2637 3853 καὶ
2665 3802 2787 3866 πῶς
2821 3805 3009 3876 φέρειν
3029 3805 3239 3875 λέγεται
3265 3804 3357 3868 τὰς
3374 3802 3560 3874 ἀνομίας
3568 3793 3650 3866 ἡμίν

2222 3889 2256 3959 ἢ
2291 3888 2408 3941 καθ’
2441 3890 2470 3941 ὃ
2501 3889 2673 3959 σῶμα
2688 3893 2855 3946 αὑτοῦ
2881 3892 3018 3949 εἶναι
3045 3897 3331 3968 λεγόμεθα;
3356 3893 3479 3949 κατὰ
3492 3892 3563 3945 τὸν
3584 3889 3650 3938 '5.“-

2225 3978 2407 4032 στολον
2434 3981 2732 4049 φήσαντα·
2758 4004 2778 4035 ‹
2802 3986 2993 4056 Ὑμεῖς
3023 3988 3080 4041 δέ
3111 3990 3230 4041 ὲστε
3258 3989 3402 4058 σῶμα
3422 3978 3649 4055 Χριστοῦοκῖ

2227 4067 2359 4136 μέλη
2387 4068 2451 4120 ὲκ
2478 4068 2723 4140 μέρους·
2762 4074 2858 4127 καὶ
2894 4074 3017 4127 καθ’
3054 4076 3083 4128 ὃ
3116 4076 3399 4146 πάσχοντος
3425 4072 3522 4134 ἐνδς
3543 4066 3649 4138 μέλου

2224 4157 2531 4226 συμπάσχει
2568 4162 2757 4216 πάντα
2777 4164 2848 4217 τὰ
2877 4166 3033 4236 μέλη,
3065 4187 3083 4218 ι
3103 4167 3241 4220 οὕτω
3257 4168 3358 4221 τῶν
3377 4162 3548 4219 πολλῶν

2224 4248 2537 4317 πασχόντων
2562 4253 2664 4305 καὶ
2692 4255 3140 4326 ἁμαρτανόντων,
3165 4261 3256 4311 καὶ
3293 4257 3438 4318 αὐτὸς
3467 4250 3576 4307 κατὰ
3605 4245 3650 4297 τά

2223 4337 2321 4405 τῆς
2373 4340 2727 4406 συμπαθείας
2768 4344 2983 4413 λόγους,
3016 4348 3322 4420 (ἐπειδήπερ
3359 4335 3650 4410 εὐδόκησε,θεί

584 4415 778 4469 merito
823 4414 1170 4483 proferuntur
1220 4431 1282 4470 ea
1337 4434 1454 4486 qum
1495 4420 1605 4487 jam
1653 4422 1893 4489 exposita
1966 4430 2113 4476 sunt.

2220 4425 2388 4491 Λόγος
2414 4424 2510 4487 ὢν,
2548 4432 2774 4500 μορφὴν
2799 4433 2989 4487 δούλου
3006 4414 3216 4499 λαϐεῖν,
3238 4414 3325 4489 καὶ
3354 4434 3423 4504 τῷ
3452 4427 3579 4496 κοινῷ
3604 4421 3649 4473 πά

584 4503 741 4570 Ωιιοά
776 4512 958 4559 autem
997 4513 1218 4575 peccata
1262 4515 1469 4570 nostra,
1520 4524 1617 4561 sua
1661 4509 1863 4564 faciens
1906 4520 2123 4580 propter

582 4594 902 4650 charitatem
928 4611 1059 4667 erga
1084 4611 1183 4650 nos
1226 4611 1289 4650 ac
1317 4597 1738 4653 benevolentiam
1763 4640 1779 4663 ,
1815 4601 1927 4655 hazc
1955 4602 2119 4665 dicat,

2212 4528 2320 4564 των
2362 4511 2517 4581 ήμῶν
2579 4519 2907 4590 σκηνώματι
2955 4522 3338 4592 συναφθῆναι·)
3366 4524 3474 4582 τοὺς
3510 4515 3590 4569 τῶν
3619 4524 3649 4559 τε

2219 4602 2454 4670 σχόντων
2485 4606 2673 4671 μελῶν
2706 4610 2907 4673 πόνους
2951 4615 3032 4675 εις
3077 4614 3261 4666 ἑαυτὸν
3293 4607 3649 4678 ἀναλαμϐάνει,κ

583 4687 838 4758 deinceps
865 4690 1106 4744 oratione
1136 4705 1454 4759 progressus
1481 4691 1535 4744 in
1567 4692 1753 4746 eodem
1802 4695 2009 4764 psalmo
2032 4693 2117 4747 de-

2218 4687 2314 4753 ίτάς
2345 4693 2627 4763 ἡμετέρας
2661 4699 2854 4764 νόσους
2885 4702 3232 4767 ιδιποιεῖται,
3257 4704 3345 4756 καὶ
3382 4700 3560 4754 πάντων
3585 4684 3650 4758 ἠμί

584 4787 876 4844 monstrat,
900 4780 1083 4834 dicens
1111 4799 1124 4833 :
1158 4798 1176 4830 ι
1205 4778 1287 4834 Me
1313 4789 1491 4835 autem
1518 4790 1737 4851 propter
1764 4784 2123 4839 innocentiam

584 4857 955 4939 suscepisti“.
1005 4888 1025 4921 ι
1075 4869 1281 4935 Quibus
1324 4872 1503 4928 verbis
1546 4874 1859 4941 planissime
1905 4875 2113 4943 Agnum

586 4954 702 5021 Dei,
735 4959 910 5012 omnis
957 4959 1083 5013 mali
1126 4968 1398 5029 expertem
1430 4970 1483 5016 et
1531 4962 1822 5018 innocuum
1864 4966 2113 5020 ostendit.

589 5043 698 5098 Sed
725 5062 830 5114 quo
859 5051 1073 5105 tandem
1108 5052 1267 5106 modo
1302 5052 1393 5108 ille
1428 5062 1646 5123 peccata
1672 5063 1861 5109 nostra
1905 5071 2002 5110 sua
2046 5055 2122 5109 fe-

589 5131 688 5193 cit,
720 5141 773 5186 et
807 5152 915 5204 quo
960 5139 1086 5192 item
1138 5141 1298 5195 modo
1356 5142 1667 5213 iniquitates
1712 5154 1928 5199 nostras
1971 5145 2124 5198 tulit?

590 5233 722 5273 num
750 5234 815 5274 ex
836 5238 900 5276 eo
924 5228 1071 5294 quod
1095 5242 1290 5299 corpus
1313 5231 1458 5288 illius
1487 5248 1586 5289 nos
1611 5249 1731 5289 esse
1755 5234 1881 5287 dicti
1911 5248 2118 5296 sumus,

592 5312 655 5358 ul
675 5306 750 5357 ait
785 5308 1104 5375 Apostolus:
1148 5333 1166 5364 ι
1194 5315 1301 5371 Vos
1329 5331 1506 5377 autem
1540 5322 1673 5377 estis
1702 5336 1899 5389 corpus
1920 5320 2121 5375 Christi

592 5398 651 5453 et
679 5395 913 5481 membra
952 5414 1016 5452 ex
1067 5410 1238 5469 parte,
1286 5415 1338 5460 et
1377 5425 1440 5465 ex
1489 5428 1554 5468 eo
1595 5411 1740 5481 quod
1783 5409 1911 5463 dum
1954 5425 2119 5462 unum

594 5477 896 5533 membrum
936 5486 1154 5551 patitur,
1206 5492 1364 5548 simul
1394 5505 1574 5558 omnia
1613 5477 1743 5556 cum
1771 5513 1836 5554 eo
1878 5496 2120 5551 membra

2220 4781 2517 4852 ὑπεραλγεῖ
2565 4789 2663 4841 καὶ
2707 4791 3028 4862 ὑπερπονεί,
3061 4794 3200 4846 κατά
3220 4794 3338 4855 τοὺς
3359 4793 3447 4861 τῆς
3479 4779 3650 4856 φιλανθβ

2218 4870 2348 4933 πίας
2373 4871 2600 4941 νόμους.
2636 4879 2713 4931 Οὐ
2740 4881 2901 4949 μόνον
2922 4882 2977 4935 δὲ
3005 4883 3173 4936 ταῦτα
3194 4883 3386 4953 πράξας
3413 4882 3439 4933 ό
3468 4872 3650 4944 Ἀμνὺςτν

2220 4959 2375 5025 Θεοῦ,
2411 4961 2555 5018 ἀλλὰ
2597 4970 2695 5021 καὶ
2732 4972 2873 5042 ὑπὲρ
2906 4974 3062 5043 ἡμῶν
3100 4952 3367 5033 κολασθεὶς
3392 4968 3473 5023 καὶ
3500 4952 3650 5031 τιμωρίί

2221 5049 2494 5120 ὑποσχὼν.
2536 5057 2606 5127 ἢν
2645 5060 2809 5122 αὐτὸς
2844 5063 2942 5132 μὲν
2976 5063 3073 5116 οὐκ
3103 5062 3335 5131 ὤφειλεν,
3364 5057 3463 5111 ἀλλ’
3485 5051 3650 5123 ήμεῐςτί

2220 5139 2455 5233 πῇήθονς
2489 5144 2682 5200 ἕνεκεν
2720 5150 2830 5203 τῶν
2880 5153 3418 5224 πεπλημμελημένων,
3449 5146 3550 5233 ἡμῖν
3571 5133 3650 5233 αἶτῖξ

2219 5229 2321 5298 τῆς
2361 5232 2468 5285 τῶν
2517 5237 2940 5310 ἁμαρτημάτων
2990 5245 3229 5312 ἀφέσεως
3269 5242 3491 5307 κατέστη,
3520 5232 3589 5285 ἅτε
3624 5229 3650 5273 τί

2223 5319 2362 5391 ὑπὲρ
2398 5324 2558 5393 ἡμῶν
2597 5330 2996 5403 ἀναδεξάμενος
3024 5334 3262 5397 θάνατον,
3297 5327 3526 5402 μάστιγάς
3549 5335 3591 5371 τί

2227 5406 2432 5478 ὕϐρεις,
2467 5415 2564 5467 καὶ
2605 5401 2848 5489 ἀτιμίας
2883 5423 3015 5492 ἡμῖν
3045 5401 3436 5494 ὲποφειλομένας
3475 5416 3539 5475 είς
3574 5401 3650 5459 miti

2230 5504 2505 5570 μεταθεὶς,
2540 5512 2645 5581 »καὶ
2682 5513 2785 5583 τὴν
2839 5516 2969 5584 ἡμῖν
3009 5514 3475 5589 προστετιμημένην
3509 5497 3650 5562 iam”

668 5656 711 5688 ⁸⁸
746 5655 899 5713 Joau.
933 5676 1058 5728 ιιιιι,
1095 5667 1175 5721 l8.
1250 5677 1293 5708 ιτ
1334 5678 1473 5741 Ρεειι,
1506 5698 1605 5747 χι,
1641 5682 1724 5736 ιο,
1803 5682 1846 5714 ﬂ
1890 5677 2022 5737 ibi].
2056 5675 2107 5733 5.

2218 5682 2225 5711 '
2266 5680 2373 5739 lsa.
2415 5702 2524 5745 ιιιι
2547 5726 2562 5754 ,
2598 5690 2716 5748 4-8.
2790 5696 2835 5728 ⁸⁸
2874 5694 3023 5751 Psal.
3054 5711 3155 5759 ιι..
3185 5696 3268 5751 13.
