  <div class='ocr_page' id='page_1' title='image "/cluster/home/n/w/nwhite01/storage/ocr_20150623/22 (Eusebius; pt. 4)/nyp.33433081862355/396.png"; bbox 0 0 3740 6330; ppageno 0'>
   <div class='ocr_carea' id='block_1_1' title="bbox 153 420 298 476">
    <p class='ocr_par' dir='ltr' id='par_1_1' title="bbox 153 420 298 476">
     <span class='ocr_line' id='line_1_1' title="bbox 153 420 298 476; baseline 0 0"><span class='ocrx_word' id='word_1_1' title='bbox 153 420 298 476; x_wconf 70' lang='grc'><strong>725</strong></span> 
     </span>
    </p>
   </div>
   <div class='ocr_carea' id='block_1_2' title="bbox 1097 414 2491 479">
    <p class='ocr_par' dir='ltr' id='par_1_2' title="bbox 1097 414 2491 479">
     <span class='ocr_line' id='line_1_2' title="bbox 1097 414 2491 479; baseline -0.001 -1"><span class='ocrx_word' id='word_1_2' title='bbox 1097 418 1725 479; x_wconf 75' lang='lat' dir='ltr'><strong>DEIONSTBATIONlS</strong></span> <span class='ocrx_word' id='word_1_3' title='bbox 1759 414 2204 477; x_wconf 62' lang='lat' dir='ltr'><strong>EVANGELICE</strong></span> <span class='ocrx_word' id='word_1_4' title='bbox 2238 414 2365 472; x_wconf 77' lang='lat' dir='ltr'><strong>LIB.</strong></span> <span class='ocrx_word' id='word_1_5' title='bbox 2404 417 2491 476; x_wconf 66' lang='grc' dir='ltr'><strong>Χ-</strong></span> 
     </span>
    </p>
   </div>
   <div class='ocr_carea' id='block_1_3' title="bbox 3260 415 3362 475">
    <p class='ocr_par' dir='ltr' id='par_1_3' title="bbox 3260 415 3362 475">
     <span class='ocr_line' id='line_1_3' title="bbox 3260 415 3362 475; baseline 0 -2"><span class='ocrx_word' id='word_1_6' title='bbox 3260 415 3362 475; x_wconf 65' lang='grc'><strong>716</strong></span> 
     </span>
    </p>
   </div>
   <div class='ocr_carea' id='block_1_4' title="bbox 150 529 1627 607">
    <p class='ocr_par' dir='ltr' id='par_1_4' title="bbox 150 534 1627 607">
     <span class='ocr_line' id='line_1_4' title="bbox 150 534 1627 607; baseline -0.001 -16"><span class='ocrx_word' id='word_1_7' title='bbox 150 536 263 604; x_wconf 48' lang='grc' dir='ltr'>η’</span> <span class='ocrx_word' id='word_1_8' title='bbox 296 536 504 591; x_wconf 66' lang='grc' dir='ltr'>ἑαυτὸν</span> <span class='ocrx_word' id='word_1_9' title='bbox 547 536 796 599; x_wconf 62' lang='grc' dir='ltr'>ἑλκύσας,</span> <span class='ocrx_word' id='word_1_10' title='bbox 826 537 1107 606; x_wconf 81' lang='grc' dir='ltr'>γενόμενος</span> <span class='ocrx_word' id='word_1_11' title='bbox 1137 537 1275 606; x_wconf 77' lang='grc' dir='ltr'>ὑπὲρ</span> <span class='ocrx_word' id='word_1_12' title='bbox 1313 536 1466 607; x_wconf 75' lang='grc' dir='ltr'>ἡμῶν</span> <span class='ocrx_word' id='word_1_13' title='bbox 1495 534 1627 590; x_wconf 84' lang='grc' dir='ltr'>κατὰ</span> 
     </span>
    </p>
   </div>
   <div class='ocr_carea' id='block_1_5' title="bbox 1881 529 3358 607">
    <p class='ocr_par' dir='ltr' id='par_1_5' title="bbox 1881 529 3358 601">
     <span class='ocr_line' id='line_1_5' title="bbox 1881 529 3358 601; baseline -0.003 -12"><span class='ocrx_word' id='word_1_14' title='bbox 1881 529 2183 593; x_wconf 76' lang='grc' dir='ltr'>ιιὶιιιιιιιι³⁸,</span> <span class='ocrx_word' id='word_1_15' title='bbox 2213 547 2234 582; x_wconf 78' lang='grc' dir='ltr'><strong>ι</strong></span> <span class='ocrx_word' id='word_1_16' title='bbox 2261 529 2336 583; x_wconf 87' lang='lat' dir='ltr'><strong>ita</strong></span> <span class='ocrx_word' id='word_1_17' title='bbox 2362 530 2640 593; x_wconf 84' lang='lat' dir='ltr'><strong>nimirum,</strong></span> <span class='ocrx_word' id='word_1_18' title='bbox 2662 531 2847 585; x_wconf 82' lang='lat' dir='ltr'><strong>multis</strong></span> <span class='ocrx_word' id='word_1_19' title='bbox 2864 530 3006 586; x_wconf 79' lang='lat' dir='ltr'><strong>enim</strong></span> <span class='ocrx_word' id='word_1_20' title='bbox 3035 529 3358 601; x_wconf 70' lang='lat' dir='ltr'><strong>patientibus</strong></span> 
     </span>
    </p>
   </div>
   <div class='ocr_carea' id='block_1_6' title="bbox 150 624 1749 695">
    <p class='ocr_par' dir='ltr' id='par_1_6' title="bbox 150 624 1749 695">
     <span class='ocr_line' id='line_1_6' title="bbox 150 624 1749 695; baseline 0.001 -19"><span class='ocrx_word' id='word_1_21' title='bbox 150 624 275 676; x_wconf 65' lang='grc' dir='ltr'>καὶ</span> <span class='ocrx_word' id='word_1_22' title='bbox 343 624 403 676; x_wconf 82' lang='grc' dir='ltr'><strong>τί</strong></span> <span class='ocrx_word' id='word_1_23' title='bbox 435 624 549 695; x_wconf 88' lang='grc' dir='ltr'><strong>γάρ</strong></span> <span class='ocrx_word' id='word_1_24' title='bbox 588 625 733 689; x_wconf 81' lang='grc' dir='ltr'>ἀλλο,</span> <span class='ocrx_word' id='word_1_25' title='bbox 765 625 797 695; x_wconf 79' lang='grc' dir='ltr'><strong>ἢ</strong></span> <span class='ocrx_word' id='word_1_26' title='bbox 845 624 1159 695; x_wconf 82' lang='grc' dir='ltr'>ἀντίψυχον;</span> <span class='ocrx_word' id='word_1_27' title='bbox 1207 624 1287 679; x_wconf 80' lang='grc' dir='ltr'>διό</span> <span class='ocrx_word' id='word_1_28' title='bbox 1324 642 1486 695; x_wconf 90' lang='grc' dir='ltr'>φησιν</span> <span class='ocrx_word' id='word_1_29' title='bbox 1530 625 1589 688; x_wconf 78' lang='grc' dir='ltr'>ἐξ</span> <span class='ocrx_word' id='word_1_30' title='bbox 1619 627 1749 695; x_wconf 83' lang='grc' dir='ltr'>ἠμε-</span> 
     </span>
    </p>
   </div>
   <div class='ocr_carea' id='block_1_7' title="bbox 144 711 1744 784">
    <p class='ocr_par' dir='ltr' id='par_1_7' title="bbox 144 711 1744 784">
     <span class='ocr_line' id='line_1_7' title="bbox 144 711 1744 784; baseline -0.001 -19"><span class='ocrx_word' id='word_1_31' title='bbox 144 712 352 782; x_wconf 71' lang='grc' dir='ltr'>τὲρου</span> <span class='ocrx_word' id='word_1_32' title='bbox 409 713 707 783; x_wconf 80' lang='grc' dir='ltr'><strong>προσώπου</strong></span> <span class='ocrx_word' id='word_1_33' title='bbox 754 713 815 765; x_wconf 78' lang='grc' dir='ltr'>τὸ</span> <span class='ocrx_word' id='word_1_34' title='bbox 860 713 1061 780; x_wconf 72' lang='grc' dir='ltr'>λόγιονο</span> <span class='ocrx_word' id='word_1_35' title='bbox 1104 732 1124 764; x_wconf 80' lang='grc' dir='ltr'><strong>ι</strong></span> <span class='ocrx_word' id='word_1_36' title='bbox 1172 713 1260 784; x_wconf 84' lang='grc' dir='ltr'>Τῷ</span> <span class='ocrx_word' id='word_1_37' title='bbox 1314 712 1534 784; x_wconf 84' lang='grc' dir='ltr'><strong>μώλωπι</strong></span> <span class='ocrx_word' id='word_1_38' title='bbox 1586 711 1744 765; x_wconf 78' lang='grc' dir='ltr'>αὐτοῦ</span> 
     </span>
    </p>
   </div>
   <div class='ocr_carea' id='block_1_8' title="bbox 150 801 1746 872">
    <p class='ocr_par' dir='ltr' id='par_1_8' title="bbox 150 801 1746 872">
     <span class='ocr_line' id='line_1_8' title="bbox 150 801 1746 872; baseline 0.001 -20"><span class='ocrx_word' id='word_1_39' title='bbox 150 801 353 869; x_wconf 71' lang='grc' dir='ltr'>ἡμεῖς</span> <span class='ocrx_word' id='word_1_40' title='bbox 436 801 701 871; x_wconf 84' lang='grc' dir='ltr'>ἰάθημεν·</span> <span class='ocrx_word' id='word_1_41' title='bbox 786 802 880 855; x_wconf 79' lang='grc' dir='ltr'>καὶ</span> <span class='ocrx_word' id='word_1_42' title='bbox 946 802 1142 872; x_wconf 80' lang='grc' dir='ltr'>Κύριος</span> <span class='ocrx_word' id='word_1_43' title='bbox 1209 802 1515 872; x_wconf 85' lang='grc' dir='ltr'>παρέδωκεν</span> <span class='ocrx_word' id='word_1_44' title='bbox 1589 801 1746 854; x_wconf 83' lang='grc' dir='ltr'>αὐτὸν</span> 
     </span>
    </p>
   </div>
   <div class='ocr_carea' id='block_1_9' title="bbox 146 891 1747 961">
    <p class='ocr_par' dir='ltr' id='par_1_9' title="bbox 146 891 1747 961">
     <span class='ocr_line' id='line_1_9' title="bbox 146 891 1747 961; baseline 0 -18"><span class='ocrx_word' id='word_1_45' title='bbox 146 892 302 952; x_wconf 63' lang='grc' dir='ltr'>ταῖς</span> <span class='ocrx_word' id='word_1_46' title='bbox 353 891 657 961; x_wconf 79' lang='grc' dir='ltr'><strong>ἁμαρτίαις</strong></span> <span class='ocrx_word' id='word_1_47' title='bbox 716 892 888 961; x_wconf 80' lang='grc' dir='ltr'>ἡμῶν.</span> <span class='ocrx_word' id='word_1_48' title='bbox 932 910 950 942; x_wconf 78' lang='grc' dir='ltr'><strong>ι</strong></span> <span class='ocrx_word' id='word_1_49' title='bbox 990 893 1146 945; x_wconf 83' lang='grc' dir='ltr'><strong>Ὥστε</strong></span> <span class='ocrx_word' id='word_1_50' title='bbox 1185 894 1402 954; x_wconf 78' lang='grc' dir='ltr'><strong>εἰκότως</strong></span> <span class='ocrx_word' id='word_1_51' title='bbox 1451 891 1581 945; x_wconf 86' lang='grc' dir='ltr'>ἐνῶν</span> <span class='ocrx_word' id='word_1_52' title='bbox 1624 893 1747 944; x_wconf 82' lang='grc' dir='ltr'>ἐαυ-</span> 
     </span>
    </p>
   </div>
   <div class='ocr_carea' id='block_1_10' title="bbox 146 975 1743 1048">
    <p class='ocr_par' dir='ltr' id='par_1_10' title="bbox 146 975 1743 1048">
     <span class='ocr_line' id='line_1_10' title="bbox 146 975 1743 1048; baseline 0.001 -19"><span class='ocrx_word' id='word_1_53' title='bbox 146 975 264 1030; x_wconf 72' lang='grc' dir='ltr'>τὸν</span> <span class='ocrx_word' id='word_1_54' title='bbox 327 979 495 1046; x_wconf 80' lang='grc' dir='ltr'>ἡμῖν,</span> <span class='ocrx_word' id='word_1_55' title='bbox 546 980 694 1047; x_wconf 83' lang='grc' dir='ltr'>ἡμᾶς</span> <span class='ocrx_word' id='word_1_56' title='bbox 739 995 797 1030; x_wconf 90' lang='grc' dir='ltr'><strong>τε</strong></span> <span class='ocrx_word' id='word_1_57' title='bbox 857 978 1035 1048; x_wconf 80' lang='grc' dir='ltr'>αὐτῷ,</span> <span class='ocrx_word' id='word_1_58' title='bbox 1078 980 1169 1031; x_wconf 70' lang='grc' dir='ltr'><strong>καὶ</strong></span> <span class='ocrx_word' id='word_1_59' title='bbox 1210 979 1278 1031; x_wconf 86' lang='grc' dir='ltr'>τὰ</span> <span class='ocrx_word' id='word_1_60' title='bbox 1320 979 1554 1048; x_wconf 81' lang='grc' dir='ltr'>ἡμέτερα</span> <span class='ocrx_word' id='word_1_61' title='bbox 1603 978 1743 1048; x_wconf 88' lang='grc' dir='ltr'>πάθη</span> 
     </span>
    </p>
   </div>
   <div class='ocr_carea' id='block_1_11' title="bbox 152 1048 1746 1138">
    <p class='ocr_par' dir='ltr' id='par_1_11' title="bbox 152 1048 1746 1138">
     <span class='ocr_line' id='line_1_11' title="bbox 152 1048 1746 1138; baseline 0 -18"><span class='ocrx_word' id='word_1_62' title='bbox 152 1064 623 1136; x_wconf 76' lang='grc' dir='ltr'>ἰδιοποιούμενός</span> <span class='ocrx_word' id='word_1_63' title='bbox 663 1048 851 1136; x_wconf 79' lang='grc' dir='ltr'>φησιν’</span> <span class='ocrx_word' id='word_1_64' title='bbox 881 1085 901 1118; x_wconf 78' lang='grc' dir='ltr'><strong>ι</strong></span> <span class='ocrx_word' id='word_1_65' title='bbox 947 1065 1086 1134; x_wconf 85' lang='grc' dir='ltr'><strong>Ἐγὼ</strong></span> <span class='ocrx_word' id='word_1_66' title='bbox 1122 1063 1268 1121; x_wconf 66' lang='grc' dir='ltr'>εἶπαν</span> <span class='ocrx_word' id='word_1_67' title='bbox 1300 1067 1487 1138; x_wconf 79' lang='grc' dir='ltr'>Κύριε,</span> <span class='ocrx_word' id='word_1_68' title='bbox 1533 1067 1746 1137; x_wconf 85' lang='grc' dir='ltr'>ἐλέησόν</span> 
     </span>
    </p>
   </div>
   <div class='ocr_carea' id='block_1_12' title="bbox 154 1154 1748 1228">
    <p class='ocr_par' dir='ltr' id='par_1_12' title="bbox 154 1154 1748 1228">
     <span class='ocr_line' id='line_1_12' title="bbox 154 1154 1748 1228; baseline 0.001 -21"><span class='ocrx_word' id='word_1_69' title='bbox 154 1170 263 1226; x_wconf 74' lang='grc' dir='ltr'><strong>με,</strong></span> <span class='ocrx_word' id='word_1_70' title='bbox 292 1154 464 1209; x_wconf 70' lang='grc' dir='ltr'>ἴασαι</span> <span class='ocrx_word' id='word_1_71' title='bbox 499 1157 602 1228; x_wconf 82' lang='grc' dir='ltr'>τὴν</span> <span class='ocrx_word' id='word_1_72' title='bbox 621 1157 795 1227; x_wconf 77' lang='grc' dir='ltr'>ψυχήν</span> <span class='ocrx_word' id='word_1_73' title='bbox 828 1158 1040 1227; x_wconf 82' lang='grc' dir='ltr'>μου,ὃτι</span> <span class='ocrx_word' id='word_1_74' title='bbox 1065 1157 1301 1227; x_wconf 80' lang='grc' dir='ltr'>ἦμαρτόν</span> <span class='ocrx_word' id='word_1_75' title='bbox 1322 1172 1419 1208; x_wconf 89' lang='grc' dir='ltr'>σοι.</span> <span class='ocrx_word' id='word_1_76' title='bbox 1448 1174 1467 1207; x_wconf 75' lang='grc' dir='ltr'><strong>ι</strong></span> <span class='ocrx_word' id='word_1_77' title='bbox 1488 1156 1748 1226; x_wconf 84' lang='grc' dir='ltr'>Ὀρῶντας</span> 
     </span>
    </p>
   </div>
   <div class='ocr_carea' id='block_1_13' title="bbox 150 1242 1746 1313">
    <p class='ocr_par' dir='ltr' id='par_1_13' title="bbox 150 1242 1746 1313">
     <span class='ocr_line' id='line_1_13' title="bbox 150 1242 1746 1313; baseline 0.001 -19"><span class='ocrx_word' id='word_1_78' title='bbox 150 1243 494 1305; x_wconf 75' lang='grc' dir='ltr'>δὲείκότως</span> <span class='ocrx_word' id='word_1_79' title='bbox 537 1245 666 1306; x_wconf 81' lang='grc' dir='ltr'>τοὺς</span> <span class='ocrx_word' id='word_1_80' title='bbox 698 1243 1134 1305; x_wconf 79' lang='grc' dir='ltr'>ἐπιϐουλεύοντας</span> <span class='ocrx_word' id='word_1_81' title='bbox 1157 1244 1216 1296; x_wconf 85' lang='grc' dir='ltr'><strong>ού</strong></span> <span class='ocrx_word' id='word_1_82' title='bbox 1251 1242 1404 1312; x_wconf 87' lang='grc' dir='ltr'>μόνον</span> <span class='ocrx_word' id='word_1_83' title='bbox 1434 1243 1746 1313; x_wconf 83' lang='grc' dir='ltr'><strong>ἀνθρώπους</strong></span> 
     </span>
    </p>
   </div>
   <div class='ocr_carea' id='block_1_14' title="bbox 147 1329 1743 1400">
    <p class='ocr_par' dir='ltr' id='par_1_14' title="bbox 147 1329 1743 1400">
     <span class='ocr_line' id='line_1_14' title="bbox 147 1329 1743 1400; baseline 0.001 -19"><span class='ocrx_word' id='word_1_84' title='bbox 147 1329 314 1381; x_wconf 82' lang='grc' dir='ltr'>ἀλλὰ</span> <span class='ocrx_word' id='word_1_85' title='bbox 339 1331 444 1382; x_wconf 76' lang='grc' dir='ltr'>καὶ</span> <span class='ocrx_word' id='word_1_86' title='bbox 458 1331 727 1400; x_wconf 89' lang='grc' dir='ltr'>ἀοράτους</span> <span class='ocrx_word' id='word_1_87' title='bbox 747 1331 995 1400; x_wconf 86' lang='grc' dir='ltr'>δυνάμεις</span> <span class='ocrx_word' id='word_1_88' title='bbox 1021 1330 1117 1400; x_wconf 85' lang='grc' dir='ltr'>τὴν</span> <span class='ocrx_word' id='word_1_89' title='bbox 1139 1329 1569 1400; x_wconf 78' lang='grc' dir='ltr'>ὑπερϐάλλουσαν</span> <span class='ocrx_word' id='word_1_90' title='bbox 1596 1332 1743 1400; x_wconf 79' lang='grc' dir='ltr'>ἰσχὺν</span> 
     </span>
    </p>
   </div>
   <div class='ocr_carea' id='block_1_15' title="bbox 149 1418 1742 1491">
    <p class='ocr_par' dir='ltr' id='par_1_15' title="bbox 149 1418 1742 1491">
     <span class='ocr_line' id='line_1_15' title="bbox 149 1418 1742 1491; baseline 0.001 -21"><span class='ocrx_word' id='word_1_91' title='bbox 149 1418 346 1471; x_wconf 80' lang='grc' dir='ltr'>αὐτοῦ</span> <span class='ocrx_word' id='word_1_92' title='bbox 379 1420 492 1487; x_wconf 81' lang='grc' dir='ltr'>τῆς</span> <span class='ocrx_word' id='word_1_93' title='bbox 539 1419 691 1482; x_wconf 82' lang='grc' dir='ltr'><strong>Θείας</strong></span> <span class='ocrx_word' id='word_1_94' title='bbox 723 1419 1082 1491; x_wconf 78' lang='grc' dir='ltr'><strong>προσηγορίας</strong></span> <span class='ocrx_word' id='word_1_95' title='bbox 1120 1418 1211 1471; x_wconf 61' lang='grc' dir='ltr'><strong>κα)⁸</strong></span> <span class='ocrx_word' id='word_1_96' title='bbox 1253 1418 1345 1470; x_wconf 78' lang='grc' dir='ltr'>τοῦ</span> <span class='ocrx_word' id='word_1_97' title='bbox 1378 1418 1652 1487; x_wconf 80' lang='grc' dir='ltr'>ὀνόματος,</span> <span class='ocrx_word' id='word_1_98' title='bbox 1678 1418 1742 1471; x_wconf 82' lang='grc' dir='ltr'><strong>δι’</strong></span> 
     </span>
    </p>
   </div>
   <div class='ocr_carea' id='block_1_16' title="bbox 148 1500 1743 1579">
    <p class='ocr_par' dir='ltr' id='par_1_16' title="bbox 148 1500 1743 1579">
     <span class='ocr_line' id='line_1_16' title="bbox 148 1500 1743 1579; baseline 0 -20"><span class='ocrx_word' id='word_1_99' title='bbox 148 1500 220 1559; x_wconf 76' lang='grc' dir='ltr'>οὗ</span> <span class='ocrx_word' id='word_1_100' title='bbox 248 1507 474 1578; x_wconf 73' lang='grc' dir='ltr'>μικρὸν</span> <span class='ocrx_word' id='word_1_101' title='bbox 491 1508 722 1579; x_wconf 77' lang='grc' dir='ltr'>ὕστερον</span> <span class='ocrx_word' id='word_1_102' title='bbox 745 1507 1075 1579; x_wconf 82' lang='grc' dir='ltr'><strong>Χριστιανῶν</strong></span> <span class='ocrx_word' id='word_1_103' title='bbox 1102 1508 1197 1576; x_wconf 77' lang='grc' dir='ltr'><strong>τὴν</strong></span> <span class='ocrx_word' id='word_1_104' title='bbox 1220 1509 1392 1560; x_wconf 82' lang='grc' dir='ltr'>πᾶσαν</span> <span class='ocrx_word' id='word_1_105' title='bbox 1415 1508 1743 1577; x_wconf 78' lang='grc' dir='ltr'>κατέπλησεν</span> 
     </span>
    </p>
   </div>
   <div class='ocr_carea' id='block_1_17' title="bbox 150 1596 1743 1671">
    <p class='ocr_par' dir='ltr' id='par_1_17' title="bbox 150 1596 1743 1671">
     <span class='ocr_line' id='line_1_17' title="bbox 150 1596 1743 1671; baseline -0.001 -18"><span class='ocrx_word' id='word_1_106' title='bbox 150 1600 543 1671; x_wconf 82' lang='grc' dir='ltr'>οἰκουμένην,</span> <span class='ocrx_word' id='word_1_107' title='bbox 578 1601 791 1653; x_wconf 91' lang='grc' dir='ltr'>σϐέσειν</span> <span class='ocrx_word' id='word_1_108' title='bbox 828 1600 990 1669; x_wconf 81' lang='grc' dir='ltr'>αὐτὴν</span> <span class='ocrx_word' id='word_1_109' title='bbox 1011 1596 1156 1670; x_wconf 78' lang='grc' dir='ltr'>οἶμαι</span> <span class='ocrx_word' id='word_1_110' title='bbox 1191 1600 1554 1670; x_wconf 81' lang='grc' dir='ltr'><strong>ὑπειληφέναι,</strong></span> <span class='ocrx_word' id='word_1_111' title='bbox 1593 1602 1640 1652; x_wconf 86' lang='grc' dir='ltr'><strong>εἰ</strong></span> <span class='ocrx_word' id='word_1_112' title='bbox 1675 1598 1743 1651; x_wconf 86' lang='grc' dir='ltr'><strong>τά</strong></span> 
     </span>
    </p>
   </div>
   <div class='ocr_carea' id='block_1_18' title="bbox 150 1685 1741 1760">
    <p class='ocr_par' dir='ltr' id='par_1_18' title="bbox 150 1685 1741 1760">
     <span class='ocr_line' id='line_1_18' title="bbox 150 1685 1741 1760; baseline -0.001 -19"><span class='ocrx_word' id='word_1_113' title='bbox 150 1689 311 1759; x_wconf 81' lang='grc' dir='ltr'>πρὸς</span> <span class='ocrx_word' id='word_1_114' title='bbox 363 1690 613 1742; x_wconf 83' lang='grc' dir='ltr'>θάνατον</span> <span class='ocrx_word' id='word_1_115' title='bbox 662 1688 1094 1742; x_wconf 81' lang='grc' dir='ltr'>ἐπιϐουλεύσαιεν</span> <span class='ocrx_word' id='word_1_116' title='bbox 1142 1690 1303 1760; x_wconf 83' lang='grc' dir='ltr'>αύτῷ.</span> <span class='ocrx_word' id='word_1_117' title='bbox 1343 1690 1509 1743; x_wconf 79' lang='grc' dir='ltr'>Τοῦτο</span> <span class='ocrx_word' id='word_1_118' title='bbox 1549 1690 1610 1760; x_wconf 87' lang='grc' dir='ltr'>δὴ</span> <span class='ocrx_word' id='word_1_119' title='bbox 1650 1685 1741 1743; x_wconf 84' lang='grc' dir='ltr'>οὖν</span> 
     </span>
    </p>
   </div>
   <div class='ocr_carea' id='block_1_19' title="bbox 149 1777 1741 1850">
    <p class='ocr_par' dir='ltr' id='par_1_19' title="bbox 149 1777 1741 1850">
     <span class='ocr_line' id='line_1_19' title="bbox 149 1777 1741 1850; baseline 0.001 -18"><span class='ocrx_word' id='word_1_120' title='bbox 149 1779 302 1833; x_wconf 77' lang='grc' dir='ltr'>αὐτὸ</span> <span class='ocrx_word' id='word_1_121' title='bbox 333 1778 619 1847; x_wconf 79' lang='grc' dir='ltr'><strong>διελέγχει</strong></span> <span class='ocrx_word' id='word_1_122' title='bbox 661 1778 912 1846; x_wconf 82' lang='grc' dir='ltr'><strong>φάσκων·</strong></span> <span class='ocrx_word' id='word_1_123' title='bbox 953 1796 972 1828; x_wconf 79' lang='grc' dir='ltr'><strong>ι</strong></span> <span class='ocrx_word' id='word_1_124' title='bbox 1000 1781 1061 1832; x_wconf 85' lang='grc' dir='ltr'>Οἱ</span> <span class='ocrx_word' id='word_1_125' title='bbox 1091 1779 1267 1850; x_wconf 83' lang='grc' dir='ltr'>ἐχθροί</span> <span class='ocrx_word' id='word_1_126' title='bbox 1298 1796 1395 1849; x_wconf 88' lang='grc' dir='ltr'><strong>μου</strong></span> <span class='ocrx_word' id='word_1_127' title='bbox 1420 1777 1573 1833; x_wconf 78' lang='grc' dir='ltr'>εἶπαν</span> <span class='ocrx_word' id='word_1_128' title='bbox 1598 1782 1741 1834; x_wconf 89' lang='grc' dir='ltr'>κακά</span> 
     </span>
    </p>
   </div>
   <div class='ocr_carea' id='block_1_20' title="bbox 1841 619 3361 693">
    <p class='ocr_par' dir='ltr' id='par_1_20' title="bbox 1841 619 3361 693">
     <span class='ocr_line' id='line_1_20' title="bbox 1841 619 3361 693; baseline -0.001 -15"><span class='ocrx_word' id='word_1_129' title='bbox 1841 632 1895 679; x_wconf 88' lang='lat' dir='ltr'><strong>et</strong></span> <span class='ocrx_word' id='word_1_130' title='bbox 1924 620 2267 693; x_wconf 78' lang='lat' dir='ltr'><strong>peccantibus</strong></span> <span class='ocrx_word' id='word_1_131' title='bbox 2295 619 2572 683; x_wconf 83' lang='lat' dir='ltr'><strong>membris,</strong></span> <span class='ocrx_word' id='word_1_132' title='bbox 2607 620 2719 688; x_wconf 88' lang='lat' dir='ltr'><strong>ipse</strong></span> <span class='ocrx_word' id='word_1_133' title='bbox 2758 635 2969 691; x_wconf 82' lang='lat' dir='ltr'><strong>quoque</strong></span> <span class='ocrx_word' id='word_1_134' title='bbox 2994 622 3201 676; x_wconf 75' lang='lat' dir='ltr'><strong>ratione</strong></span> <span class='ocrx_word' id='word_1_135' title='bbox 3227 636 3361 678; x_wconf 79' lang='lat' dir='ltr'><strong>con-</strong></span> 
     </span>
    </p>
   </div>
   <div class='ocr_carea' id='block_1_21' title="bbox 1842 707 3357 780">
    <p class='ocr_par' dir='ltr' id='par_1_21' title="bbox 1842 707 3357 780">
     <span class='ocr_line' id='line_1_21' title="bbox 1842 707 3357 780; baseline -0.001 -13"><span class='ocrx_word' id='word_1_136' title='bbox 1842 709 2121 767; x_wconf 72' lang='lat' dir='ltr'><strong>sentientis</strong></span> <span class='ocrx_word' id='word_1_137' title='bbox 2197 708 2302 763; x_wconf 85' lang='lat' dir='ltr'><strong>sibi</strong></span> <span class='ocrx_word' id='word_1_138' title='bbox 2361 707 2590 763; x_wconf 83' lang='lat' dir='ltr'><strong>invicem</strong></span> <span class='ocrx_word' id='word_1_139' title='bbox 2640 715 2845 763; x_wconf 71' lang='lat' dir='ltr'><strong>naturze</strong></span> <span class='ocrx_word' id='word_1_140' title='bbox 2894 710 3357 780; x_wconf 85' lang='lat' dir='ltr'><strong>(quandoquidem</strong></span> 
     </span>
    </p>
   </div>
   <div class='ocr_carea' id='block_1_22' title="bbox 1842 797 3356 866">
    <p class='ocr_par' dir='ltr' id='par_1_22' title="bbox 1842 797 3356 866">
     <span class='ocr_line' id='line_1_22' title="bbox 1842 797 3356 866; baseline -0.001 -11"><span class='ocrx_word' id='word_1_141' title='bbox 1842 816 1961 856; x_wconf 88' lang='lat' dir='ltr'><strong>cum</strong></span> <span class='ocrx_word' id='word_1_142' title='bbox 1993 799 2085 854; x_wconf 85' lang='lat' dir='ltr'><strong>Dei</strong></span> <span class='ocrx_word' id='word_1_143' title='bbox 2111 797 2343 853; x_wconf 84' lang='lat' dir='ltr'><strong>Verbum</strong></span> <span class='ocrx_word' id='word_1_144' title='bbox 2371 806 2537 862; x_wconf 86' lang='lat' dir='ltr'><strong>esset,</strong></span> <span class='ocrx_word' id='word_1_145' title='bbox 2567 799 2615 852; x_wconf 89' lang='lat' dir='ltr'><strong>ei</strong></span> <span class='ocrx_word' id='word_1_146' title='bbox 2645 797 2864 866; x_wconf 90' lang='lat' dir='ltr'><strong>placuit,</strong></span> <span class='ocrx_word' id='word_1_147' title='bbox 2879 806 2939 853; x_wconf 84' lang='lat' dir='ltr'><strong>et</strong></span> <span class='ocrx_word' id='word_1_148' title='bbox 2968 799 3193 855; x_wconf 76' lang='lat' dir='ltr'><strong>formam</strong></span> <span class='ocrx_word' id='word_1_149' title='bbox 3214 801 3356 856; x_wconf 86' lang='lat' dir='ltr'><strong>servi</strong></span> 
     </span>
    </p>
   </div>
   <div class='ocr_carea' id='block_1_23' title="bbox 1841 885 3358 957">
    <p class='ocr_par' dir='ltr' id='par_1_23' title="bbox 1841 885 3358 957">
     <span class='ocr_line' id='line_1_23' title="bbox 1841 885 3358 957; baseline 0.001 -14"><span class='ocrx_word' id='word_1_150' title='bbox 1841 889 2104 957; x_wconf 88' lang='lat' dir='ltr'><strong>accipere,</strong></span> <span class='ocrx_word' id='word_1_151' title='bbox 2132 895 2185 941; x_wconf 91' lang='lat' dir='ltr'><strong>et</strong></span> <span class='ocrx_word' id='word_1_152' title='bbox 2214 888 2483 942; x_wconf 88' lang='lat' dir='ltr'><strong>communi</strong></span> <span class='ocrx_word' id='word_1_153' title='bbox 2508 885 2745 940; x_wconf 90' lang='lat' dir='ltr'><strong>omnium</strong></span> <span class='ocrx_word' id='word_1_154' title='bbox 2770 895 2955 942; x_wconf 87' lang='lat' dir='ltr'><strong>nostro</strong></span> <span class='ocrx_word' id='word_1_155' title='bbox 2975 889 3246 944; x_wconf 86' lang='lat' dir='ltr'><strong>domicilio</strong></span> <span class='ocrx_word' id='word_1_156' title='bbox 3273 903 3358 945; x_wconf 89' lang='lat' dir='ltr'><strong>co-</strong></span> 
     </span>
    </p>
   </div>
   <div class='ocr_carea' id='block_1_24' title="bbox 1841 976 3355 1048">
    <p class='ocr_par' dir='ltr' id='par_1_24' title="bbox 1841 976 3355 1048">
     <span class='ocr_line' id='line_1_24' title="bbox 1841 976 3355 1048; baseline -0.001 -17"><span class='ocrx_word' id='word_1_157' title='bbox 1841 977 2033 1048; x_wconf 87' lang='lat' dir='ltr'><strong>pulari)</strong></span> <span class='ocrx_word' id='word_1_158' title='bbox 2062 976 2374 1046; x_wconf 84' lang='lat' dir='ltr'><strong>patientium</strong></span> <span class='ocrx_word' id='word_1_159' title='bbox 2404 981 2762 1031; x_wconf 81' lang='lat' dir='ltr'><strong>membrorum</strong></span> <span class='ocrx_word' id='word_1_160' title='bbox 2784 976 2996 1031; x_wconf 81' lang='lat' dir='ltr'><strong>labores</strong></span> <span class='ocrx_word' id='word_1_161' title='bbox 3026 976 3082 1029; x_wconf 87' lang='lat' dir='ltr'><strong>in</strong></span> <span class='ocrx_word' id='word_1_162' title='bbox 3116 978 3355 1048; x_wconf 87' lang='lat' dir='ltr'><strong>seipsum</strong></span> 
     </span>
    </p>
   </div>
   <div class='ocr_carea' id='block_1_25' title="bbox 1839 1064 3356 1135">
    <p class='ocr_par' dir='ltr' id='par_1_25' title="bbox 1839 1064 3356 1135">
     <span class='ocr_line' id='line_1_25' title="bbox 1839 1064 3356 1135; baseline 0 -15"><span class='ocrx_word' id='word_1_163' title='bbox 1839 1066 2151 1135; x_wconf 86' lang='lat' dir='ltr'><strong>assumpsit,</strong></span> <span class='ocrx_word' id='word_1_164' title='bbox 2185 1073 2238 1119; x_wconf 91' lang='lat' dir='ltr'><strong>et</strong></span> <span class='ocrx_word' id='word_1_165' title='bbox 2266 1072 2484 1119; x_wconf 87' lang='lat' dir='ltr'><strong>nostras</strong></span> <span class='ocrx_word' id='word_1_166' title='bbox 2514 1064 3202 1129; x_wconf 81' lang='lat' dir='ltr'><strong>valetudinisinﬁrmitates,</strong></span> <span class='ocrx_word' id='word_1_167' title='bbox 3226 1080 3356 1120; x_wconf 79' lang='lat' dir='ltr'><strong>suas</strong></span> 
     </span>
    </p>
   </div>
   <div class='ocr_carea' id='block_1_26' title="bbox 1839 1153 3357 1224">
    <p class='ocr_par' dir='ltr' id='par_1_26' title="bbox 1839 1153 3357 1224">
     <span class='ocr_line' id='line_1_26' title="bbox 1839 1153 3357 1224; baseline -0.001 -16"><span class='ocrx_word' id='word_1_168' title='bbox 1839 1155 1986 1219; x_wconf 85' lang='lat' dir='ltr'><strong>fecit,</strong></span> <span class='ocrx_word' id='word_1_169' title='bbox 2018 1162 2071 1209; x_wconf 92' lang='lat' dir='ltr'><strong>et</strong></span> <span class='ocrx_word' id='word_1_170' title='bbox 2093 1170 2158 1209; x_wconf 76' lang='lat' dir='ltr'><strong>ex</strong></span> <span class='ocrx_word' id='word_1_171' title='bbox 2187 1155 2393 1224; x_wconf 90' lang='lat' dir='ltr'><strong>legibus</strong></span> <span class='ocrx_word' id='word_1_172' title='bbox 2420 1154 2771 1209; x_wconf 80' lang='lat' dir='ltr'><strong>humanitatis</strong></span> <span class='ocrx_word' id='word_1_173' title='bbox 2797 1169 2894 1222; x_wconf 93' lang='lat' dir='ltr'><strong>pro</strong></span> <span class='ocrx_word' id='word_1_174' title='bbox 2928 1153 3175 1207; x_wconf 88' lang='lat' dir='ltr'><strong>omnibus</strong></span> <span class='ocrx_word' id='word_1_175' title='bbox 3201 1154 3357 1208; x_wconf 87' lang='lat' dir='ltr'><strong>nobis</strong></span> 
     </span>
    </p>
   </div>
   <div class='ocr_carea' id='block_1_27' title="bbox 1838 1242 3356 1299">
    <p class='ocr_par' dir='ltr' id='par_1_27' title="bbox 1838 1242 3356 1299">
     <span class='ocr_line' id='line_1_27' title="bbox 1838 1242 3356 1299; baseline -0.001 0"><span class='ocrx_word' id='word_1_176' title='bbox 1838 1252 1891 1299; x_wconf 89' lang='lat' dir='ltr'><strong>et</strong></span> <span class='ocrx_word' id='word_1_177' title='bbox 1918 1243 2129 1298; x_wconf 81' lang='lat' dir='ltr'><strong>dolores</strong></span> <span class='ocrx_word' id='word_1_178' title='bbox 2155 1250 2208 1298; x_wconf 89' lang='lat' dir='ltr'><strong>et</strong></span> <span class='ocrx_word' id='word_1_179' title='bbox 2235 1244 2442 1298; x_wconf 86' lang='lat' dir='ltr'><strong>labores</strong></span> <span class='ocrx_word' id='word_1_180' title='bbox 2472 1244 2741 1298; x_wconf 86' lang='lat' dir='ltr'><strong>sustinuit.</strong></span> <span class='ocrx_word' id='word_1_181' title='bbox 2770 1243 3029 1298; x_wconf 68' lang='lat' dir='ltr'><strong>Caeterum</strong></span> <span class='ocrx_word' id='word_1_182' title='bbox 3062 1257 3171 1296; x_wconf 90' lang='lat' dir='ltr'><strong>non</strong></span> <span class='ocrx_word' id='word_1_183' title='bbox 3199 1242 3356 1298; x_wconf 89' lang='lat' dir='ltr'><strong>modo</strong></span> 
     </span>
    </p>
   </div>
   <div class='ocr_carea' id='block_1_28' title="bbox 1837 1331 3356 1402">
    <p class='ocr_par' dir='ltr' id='par_1_28' title="bbox 1837 1331 3356 1402">
     <span class='ocr_line' id='line_1_28' title="bbox 1837 1331 3356 1402; baseline -0.002 -15"><span class='ocrx_word' id='word_1_184' title='bbox 1837 1335 1998 1388; x_wconf 84' lang='lat' dir='ltr'><strong>rebus</strong></span> <span class='ocrx_word' id='word_1_185' title='bbox 2026 1334 2114 1387; x_wconf 87' lang='lat' dir='ltr'><strong>bis</strong></span> <span class='ocrx_word' id='word_1_186' title='bbox 2133 1334 2299 1402; x_wconf 77' lang='lat' dir='ltr'><strong>gestis</strong></span> <span class='ocrx_word' id='word_1_187' title='bbox 2327 1331 2418 1387; x_wconf 86' lang='lat' dir='ltr'><strong>Dei</strong></span> <span class='ocrx_word' id='word_1_188' title='bbox 2447 1332 2650 1402; x_wconf 88' lang='lat' dir='ltr'><strong>Agnus,</strong></span> <span class='ocrx_word' id='word_1_189' title='bbox 2681 1348 2863 1389; x_wconf 90' lang='lat' dir='ltr'><strong>verum</strong></span> <span class='ocrx_word' id='word_1_190' title='bbox 2889 1333 3048 1386; x_wconf 88' lang='lat' dir='ltr'><strong>etiam</strong></span> <span class='ocrx_word' id='word_1_191' title='bbox 3076 1344 3175 1401; x_wconf 87' lang='lat' dir='ltr'><strong>pro</strong></span> <span class='ocrx_word' id='word_1_192' title='bbox 3201 1331 3356 1384; x_wconf 89' lang='lat' dir='ltr'><strong>nobis</strong></span> 
     </span>
    </p>
   </div>
   <div class='ocr_carea' id='block_1_29' title="bbox 1836 1420 3357 1493">
    <p class='ocr_par' dir='ltr' id='par_1_29' title="bbox 1836 1420 3357 1493">
     <span class='ocr_line' id='line_1_29' title="bbox 1836 1420 3357 1493; baseline -0.003 -16"><span class='ocrx_word' id='word_1_193' title='bbox 1836 1431 2100 1477; x_wconf 88' lang='lat' dir='ltr'><strong>tormenta</strong></span> <span class='ocrx_word' id='word_1_194' title='bbox 2154 1436 2367 1490; x_wconf 92' lang='lat' dir='ltr'><strong>passus,</strong></span> <span class='ocrx_word' id='word_1_195' title='bbox 2411 1424 2776 1493; x_wconf 81' lang='lat' dir='ltr'><strong>supplicioque</strong></span> <span class='ocrx_word' id='word_1_196' title='bbox 2817 1421 3061 1487; x_wconf 65' lang='lat' dir='ltr'><strong>allectus,</strong></span> <span class='ocrx_word' id='word_1_197' title='bbox 3088 1435 3194 1490; x_wconf 89' lang='lat' dir='ltr'><strong>quo</strong></span> <span class='ocrx_word' id='word_1_198' title='bbox 3242 1420 3357 1489; x_wconf 86' lang='lat' dir='ltr'><strong>ipse</strong></span> 
     </span>
    </p>
   </div>
   <div class='ocr_carea' id='block_1_30' title="bbox 1835 1512 3356 1584">
    <p class='ocr_par' dir='ltr' id='par_1_30' title="bbox 1835 1512 3356 1584">
     <span class='ocr_line' id='line_1_30' title="bbox 1835 1512 3356 1584; baseline -0.002 -18"><span class='ocrx_word' id='word_1_199' title='bbox 1835 1514 2048 1582; x_wconf 87' lang='lat' dir='ltr'><strong>quidem</strong></span> <span class='ocrx_word' id='word_1_200' title='bbox 2077 1514 2271 1584; x_wconf 91' lang='lat' dir='ltr'><strong>dignus</strong></span> <span class='ocrx_word' id='word_1_201' title='bbox 2309 1515 2527 1570; x_wconf 90' lang='lat' dir='ltr'><strong>minime</strong></span> <span class='ocrx_word' id='word_1_202' title='bbox 2564 1521 2700 1578; x_wconf 90' lang='lat' dir='ltr'><strong>erat,</strong></span> <span class='ocrx_word' id='word_1_203' title='bbox 2738 1513 2831 1568; x_wconf 83' lang='lat' dir='ltr'><strong>sed</strong></span> <span class='ocrx_word' id='word_1_204' title='bbox 2868 1528 2968 1567; x_wconf 89' lang='lat' dir='ltr'><strong>nos</strong></span> <span class='ocrx_word' id='word_1_205' title='bbox 3002 1512 3107 1581; x_wconf 83' lang='lat' dir='ltr'><strong>ipsi</strong></span> <span class='ocrx_word' id='word_1_206' title='bbox 3138 1517 3356 1580; x_wconf 87' lang='lat' dir='ltr'><strong>propter</strong></span> 
     </span>
    </p>
   </div>
   <div class='ocr_carea' id='block_1_31' title="bbox 1835 1598 3357 1672">
    <p class='ocr_par' dir='ltr' id='par_1_31' title="bbox 1835 1598 3357 1672">
     <span class='ocr_line' id='line_1_31' title="bbox 1835 1598 3357 1672; baseline -0.001 -18"><span class='ocrx_word' id='word_1_207' title='bbox 1835 1601 2228 1657; x_wconf 88' lang='lat' dir='ltr'><strong>multitudinem</strong></span> <span class='ocrx_word' id='word_1_208' title='bbox 2267 1612 2630 1672; x_wconf 80' lang='lat' dir='ltr'><strong>peccatorum,</strong></span> <span class='ocrx_word' id='word_1_209' title='bbox 2656 1611 2716 1656; x_wconf 91' lang='lat' dir='ltr'><strong>ut</strong></span> <span class='ocrx_word' id='word_1_210' title='bbox 2743 1608 2959 1672; x_wconf 86' lang='lat' dir='ltr'><strong>peccata</strong></span> <span class='ocrx_word' id='word_1_211' title='bbox 2981 1600 3153 1657; x_wconf 42' lang='lat' dir='ltr'><strong>nobis,</strong></span> <span class='ocrx_word' id='word_1_212' title='bbox 3173 1598 3357 1652; x_wconf 90' lang='lat' dir='ltr'><strong>dimit-</strong></span> 
     </span>
    </p>
   </div>
   <div class='ocr_carea' id='block_1_32' title="bbox 1846 1686 3357 1761">
    <p class='ocr_par' dir='ltr' id='par_1_32' title="bbox 1846 1686 3357 1761">
     <span class='ocr_line' id='line_1_32' title="bbox 1846 1686 3357 1761; baseline -0.001 -19"><span class='ocrx_word' id='word_1_213' title='bbox 1846 1697 2105 1754; x_wconf 81' lang='lat' dir='ltr'><strong>terentur,</strong></span> <span class='ocrx_word' id='word_1_214' title='bbox 2135 1699 2323 1745; x_wconf 86' lang='lat' dir='ltr'><strong>auctor</strong></span> <span class='ocrx_word' id='word_1_215' title='bbox 2355 1691 2561 1749; x_wconf 85' lang='lat' dir='ltr'><strong>exstitit</strong></span> <span class='ocrx_word' id='word_1_216' title='bbox 2589 1709 2602 1745; x_wconf 90' lang='lat'><strong>:</strong></span> <span class='ocrx_word' id='word_1_217' title='bbox 2640 1697 2820 1761; x_wconf 76' lang='lat' dir='ltr'><strong>utpote</strong></span> <span class='ocrx_word' id='word_1_218' title='bbox 2869 1689 2960 1758; x_wconf 91' lang='lat' dir='ltr'><strong>qui</strong></span> <span class='ocrx_word' id='word_1_219' title='bbox 2986 1686 3268 1757; x_wconf 20' lang='lat' dir='ltr'><strong>prornohis</strong></span> <span class='ocrx_word' id='word_1_220' title='bbox 3302 1694 3357 1740; x_wconf 89' lang='lat' dir='ltr'><strong>et</strong></span> 
     </span>
    </p>
   </div>
   <div class='ocr_carea' id='block_1_33' title="bbox 1836 1777 3355 1847">
    <p class='ocr_par' dir='ltr' id='par_1_33' title="bbox 1836 1777 3355 1847">
     <span class='ocr_line' id='line_1_33' title="bbox 1836 1777 3355 1847; baseline -0.002 -17"><span class='ocrx_word' id='word_1_221' title='bbox 1836 1785 2057 1833; x_wconf 90' lang='lat' dir='ltr'><strong>mortem</strong></span> <span class='ocrx_word' id='word_1_222' title='bbox 2080 1779 2320 1843; x_wconf 88' lang='lat' dir='ltr'><strong>subierit,</strong></span> <span class='ocrx_word' id='word_1_223' title='bbox 2352 1787 2403 1833; x_wconf 90' lang='lat' dir='ltr'><strong>et</strong></span> <span class='ocrx_word' id='word_1_224' title='bbox 2428 1778 2670 1843; x_wconf 88' lang='lat' dir='ltr'><strong>verbera,</strong></span> <span class='ocrx_word' id='word_1_225' title='bbox 2697 1785 2749 1832; x_wconf 91' lang='lat' dir='ltr'><strong>et</strong></span> <span class='ocrx_word' id='word_1_226' title='bbox 2770 1777 2985 1847; x_wconf 86' lang='lat' dir='ltr'><strong>probra,</strong></span> <span class='ocrx_word' id='word_1_227' title='bbox 3013 1782 3355 1830; x_wconf 84' lang='lat' dir='ltr'><strong>et.contume-</strong></span> 
     </span>
    </p>
   </div>
   <div class='ocr_carea' id='block_1_34' title="bbox 155 1857 1632 1939">
    <p class='ocr_par' dir='ltr' id='par_1_34' title="bbox 155 1866 1616 1939">
     <span class='ocr_line' id='line_1_34' title="bbox 155 1866 1616 1939; baseline 0 -18"><span class='ocrx_word' id='word_1_228' title='bbox 155 1885 288 1939; x_wconf 75' lang='grc' dir='ltr'>μοι*</span> <span class='ocrx_word' id='word_1_229' title='bbox 352 1869 510 1921; x_wconf 80' lang='grc' dir='ltr'>Πότε</span> <span class='ocrx_word' id='word_1_230' title='bbox 550 1866 898 1920; x_wconf 80' lang='grc' dir='ltr'><strong>ἀποθανεῖται</strong></span> <span class='ocrx_word' id='word_1_231' title='bbox 940 1870 1031 1920; x_wconf 75' lang='grc' dir='ltr'>καὶ</span> <span class='ocrx_word' id='word_1_232' title='bbox 1059 1868 1327 1921; x_wconf 82' lang='grc' dir='ltr'>ἀπολεῖται</span> <span class='ocrx_word' id='word_1_233' title='bbox 1354 1869 1414 1921; x_wconf 83' lang='grc' dir='ltr'>τὸ</span> <span class='ocrx_word' id='word_1_234' title='bbox 1452 1869 1616 1937; x_wconf 74' lang='grc' dir='ltr'>ὄνομα</span> 
     </span>
    </p>
   </div>
   <div class='ocr_carea' id='block_1_35' title="bbox 1877 1857 3354 1939">
    <p class='ocr_par' dir='ltr' id='par_1_35' title="bbox 1877 1865 3354 1934">
     <span class='ocr_line' id='line_1_35' title="bbox 1877 1865 3354 1934; baseline -0.002 -15"><span class='ocrx_word' id='word_1_235' title='bbox 1877 1881 1954 1929; x_wconf 88' lang='lat' dir='ltr'><strong>as,</strong></span> <span class='ocrx_word' id='word_1_236' title='bbox 1984 1866 2179 1934; x_wconf 90' lang='lat' dir='ltr'><strong>quibus</strong></span> <span class='ocrx_word' id='word_1_237' title='bbox 2208 1881 2308 1919; x_wconf 87' lang='lat' dir='ltr'><strong>nos</strong></span> <span class='ocrx_word' id='word_1_238' title='bbox 2335 1865 2483 1934; x_wconf 88' lang='lat' dir='ltr'><strong>digni</strong></span> <span class='ocrx_word' id='word_1_239' title='bbox 2505 1881 2739 1929; x_wconf 87' lang='lat' dir='ltr'><strong>eramus,</strong></span> <span class='ocrx_word' id='word_1_240' title='bbox 2772 1866 2826 1919; x_wconf 89' lang='lat' dir='ltr'><strong>in</strong></span> <span class='ocrx_word' id='word_1_241' title='bbox 2855 1865 3086 1934; x_wconf 83' lang='lat' dir='ltr'><strong>seipsum</strong></span> <span class='ocrx_word' id='word_1_242' title='bbox 3120 1870 3354 1919; x_wconf 86' lang='lat' dir='ltr'><strong>transtu-</strong></span> 
     </span>
    </p>
   </div>
   <div class='ocr_carea' id='block_1_36' title="bbox 148 1938 1738 2028">
    <p class='ocr_par' dir='ltr' id='par_1_36' title="bbox 148 1938 1738 2028">
     <span class='ocr_line' id='line_1_36' title="bbox 148 1938 1738 2028; baseline -0.002 -16"><span class='ocrx_word' id='word_1_243' title='bbox 148 1938 292 2022; x_wconf 71' lang='grc' dir='ltr'><strong>τοῦ;</strong></span> <span class='ocrx_word' id='word_1_244' title='bbox 334 1975 361 2009; x_wconf 72' lang='grc' dir='ltr'><strong>ι</strong></span> <span class='ocrx_word' id='word_1_245' title='bbox 412 1956 575 2009; x_wconf 73' lang='grc' dir='ltr'>Ἐπεὶ</span> <span class='ocrx_word' id='word_1_246' title='bbox 602 1957 661 2008; x_wconf 81' lang='grc' dir='ltr'>δὲ</span> <span class='ocrx_word' id='word_1_247' title='bbox 697 1955 1204 2028; x_wconf 81' lang='grc' dir='ltr'>καθυποκρινόμενοι</span> <span class='ocrx_word' id='word_1_248' title='bbox 1230 1956 1528 2025; x_wconf 84' lang='grc' dir='ltr'>προσῄεσαν</span> <span class='ocrx_word' id='word_1_249' title='bbox 1553 1938 1738 2027; x_wconf 67' lang='grc' dir='ltr'>πειρά-</span> 
     </span>
    </p>
   </div>
   <div class='ocr_carea' id='block_1_37' title="bbox 144 2043 1737 2114">
    <p class='ocr_par' dir='ltr' id='par_1_37' title="bbox 144 2043 1737 2114">
     <span class='ocr_line' id='line_1_37' title="bbox 144 2043 1737 2114; baseline -0.001 -15"><span class='ocrx_word' id='word_1_250' title='bbox 144 2046 373 2107; x_wconf 67' lang='grc' dir='ltr'>ζοντες</span> <span class='ocrx_word' id='word_1_251' title='bbox 407 2046 567 2106; x_wconf 83' lang='grc' dir='ltr'>ὅπως</span> <span class='ocrx_word' id='word_1_252' title='bbox 611 2043 770 2095; x_wconf 81' lang='grc' dir='ltr'>αὐτὸν</span> <span class='ocrx_word' id='word_1_253' title='bbox 811 2043 1212 2110; x_wconf 82' lang='grc' dir='ltr'>παγιδεύσωσιν,</span> <span class='ocrx_word' id='word_1_254' title='bbox 1244 2044 1316 2106; x_wconf 84' lang='grc' dir='ltr'>ὠς</span> <span class='ocrx_word' id='word_1_255' title='bbox 1345 2046 1377 2114; x_wconf 81' lang='grc' dir='ltr'>ἡ</span> <span class='ocrx_word' id='word_1_256' title='bbox 1410 2044 1525 2097; x_wconf 88' lang='grc' dir='ltr'>θεία</span> <span class='ocrx_word' id='word_1_257' title='bbox 1556 2044 1737 2114; x_wconf 83' lang='grc' dir='ltr'>Γραφὴ</span> 
     </span>
    </p>
   </div>
   <div class='ocr_carea' id='block_1_38' title="bbox 151 2132 1738 2204">
    <p class='ocr_par' dir='ltr' id='par_1_38' title="bbox 151 2132 1738 2204">
     <span class='ocr_line' id='line_1_38' title="bbox 151 2132 1738 2204; baseline 0.001 -19"><span class='ocrx_word' id='word_1_258' title='bbox 151 2136 476 2204; x_wconf 80' lang='grc' dir='ltr'>μαρτυρεῖ,</span> <span class='ocrx_word' id='word_1_259' title='bbox 499 2132 688 2185; x_wconf 76' lang='grc' dir='ltr'>ἄλλοτε</span> <span class='ocrx_word' id='word_1_260' title='bbox 718 2132 878 2194; x_wconf 83' lang='grc' dir='ltr'>ἄλλας</span> <span class='ocrx_word' id='word_1_261' title='bbox 902 2132 1093 2194; x_wconf 78' lang='grc' dir='ltr'>αὐτοὺς</span> <span class='ocrx_word' id='word_1_262' title='bbox 1120 2133 1409 2200; x_wconf 86' lang='grc' dir='ltr'>προφάσεις</span> <span class='ocrx_word' id='word_1_263' title='bbox 1441 2134 1529 2186; x_wconf 73' lang='grc' dir='ltr'>καὶ</span> <span class='ocrx_word' id='word_1_264' title='bbox 1574 2151 1738 2204; x_wconf 90' lang='grc' dir='ltr'>κατη-</span> 
     </span>
    </p>
   </div>
   <div class='ocr_carea' id='block_1_39' title="bbox 146 2221 1737 2294">
    <p class='ocr_par' dir='ltr' id='par_1_39' title="bbox 146 2221 1737 2294">
     <span class='ocr_line' id='line_1_39' title="bbox 146 2221 1737 2294; baseline 0.003 -19"><span class='ocrx_word' id='word_1_265' title='bbox 146 2224 363 2294; x_wconf 84' lang='grc' dir='ltr'>γορίας</span> <span class='ocrx_word' id='word_1_266' title='bbox 408 2225 537 2276; x_wconf 87' lang='grc' dir='ltr'>κατ’</span> <span class='ocrx_word' id='word_1_267' title='bbox 571 2222 736 2275; x_wconf 79' lang='grc' dir='ltr'>αὑτοῦ</span> <span class='ocrx_word' id='word_1_268' title='bbox 765 2221 1178 2284; x_wconf 73' lang='grc' dir='ltr'>συσκευάζεσθαι</span> <span class='ocrx_word' id='word_1_269' title='bbox 1214 2222 1512 2294; x_wconf 85' lang='grc' dir='ltr'>ἰστοροῦσα,</span> <span class='ocrx_word' id='word_1_270' title='bbox 1535 2225 1737 2280; x_wconf 85' lang='grc' dir='ltr'>τούτων</span> 
     </span>
    </p>
   </div>
   <div class='ocr_carea' id='block_1_40' title="bbox 143 2311 1738 2387">
    <p class='ocr_par' dir='ltr' id='par_1_40' title="bbox 143 2311 1738 2387">
     <span class='ocr_line' id='line_1_40' title="bbox 143 2311 1738 2387; baseline 0.001 -19"><span class='ocrx_word' id='word_1_271' title='bbox 143 2314 326 2368; x_wconf 69' lang='grc' dir='ltr'>ἓνεκα</span> <span class='ocrx_word' id='word_1_272' title='bbox 341 2311 628 2379; x_wconf 64' lang='grc' dir='ltr'>ἐπιλέγει·</span> <span class='ocrx_word' id='word_1_273' title='bbox 661 2330 679 2361; x_wconf 82' lang='grc' dir='ltr'><strong>ι</strong></span> <span class='ocrx_word' id='word_1_274' title='bbox 707 2312 815 2363; x_wconf 79' lang='lat' dir='ltr'><strong>Kal</strong></span> <span class='ocrx_word' id='word_1_275' title='bbox 836 2314 884 2364; x_wconf 90' lang='grc' dir='ltr'><strong>εἰ</strong></span> <span class='ocrx_word' id='word_1_276' title='bbox 908 2312 1271 2382; x_wconf 83' lang='grc' dir='ltr'>εἰσεπορεύετο</span> <span class='ocrx_word' id='word_1_277' title='bbox 1288 2312 1381 2365; x_wconf 80' lang='grc' dir='ltr'><strong>τοῦ</strong></span> <span class='ocrx_word' id='word_1_278' title='bbox 1399 2313 1542 2375; x_wconf 72' lang='grc' dir='ltr'>ἰδεῖν,</span> <span class='ocrx_word' id='word_1_279' title='bbox 1568 2314 1738 2387; x_wconf 81' lang='grc' dir='ltr'>μάτην</span> 
     </span>
    </p>
   </div>
   <div class='ocr_carea' id='block_1_41' title="bbox 142 2400 1735 2473">
    <p class='ocr_par' dir='ltr' id='par_1_41' title="bbox 142 2400 1735 2473">
     <span class='ocr_line' id='line_1_41' title="bbox 142 2400 1735 2473; baseline -0.001 -16"><span class='ocrx_word' id='word_1_280' title='bbox 142 2403 344 2458; x_wconf 77' lang='grc' dir='ltr'>ἐλάλει</span> <span class='ocrx_word' id='word_1_281' title='bbox 407 2404 444 2472; x_wconf 75' lang='grc' dir='ltr'><strong>ἡ</strong></span> <span class='ocrx_word' id='word_1_282' title='bbox 489 2400 692 2473; x_wconf 79' lang='grc' dir='ltr'>καρδία</span> <span class='ocrx_word' id='word_1_283' title='bbox 733 2400 914 2463; x_wconf 79' lang='grc' dir='ltr'>αὐτοῦ,</span> <span class='ocrx_word' id='word_1_284' title='bbox 951 2403 1244 2472; x_wconf 81' lang='grc' dir='ltr'>συνήγαγεν</span> <span class='ocrx_word' id='word_1_285' title='bbox 1279 2403 1500 2472; x_wconf 80' lang='grc' dir='ltr'>ἀνομίαν</span> <span class='ocrx_word' id='word_1_286' title='bbox 1544 2403 1735 2473; x_wconf 83' lang='grc' dir='ltr'>ἐαυτῷ.</span> 
     </span>
    </p>
   </div>
   <div class='ocr_carea' id='block_1_42' title="bbox 157 2490 1731 2565">
    <p class='ocr_par' dir='ltr' id='par_1_42' title="bbox 157 2490 1731 2565">
     <span class='ocr_line' id='line_1_42' title="bbox 157 2490 1731 2565; baseline -0.001 -18"><span class='ocrx_word' id='word_1_287' title='bbox 157 2491 585 2565; x_wconf 75' lang='grc' dir='ltr'>Ἑξεπορεύετο</span> <span class='ocrx_word' id='word_1_288' title='bbox 606 2490 712 2557; x_wconf 72' lang='grc' dir='ltr'><strong>ἔξω</strong></span> <span class='ocrx_word' id='word_1_289' title='bbox 736 2492 828 2544; x_wconf 79' lang='grc' dir='ltr'>καὶ</span> <span class='ocrx_word' id='word_1_290' title='bbox 854 2491 1027 2545; x_wconf 77' lang='grc' dir='ltr'>ἐλάλει</span> <span class='ocrx_word' id='word_1_291' title='bbox 1065 2492 1156 2546; x_wconf 71' lang='grc' dir='ltr'>ἐπὶ</span> <span class='ocrx_word' id='word_1_292' title='bbox 1181 2492 1386 2545; x_wconf 58' lang='grc' dir='ltr'>τδραύτὸ</span> <span class='ocrx_word' id='word_1_293' title='bbox 1405 2493 1522 2546; x_wconf 82' lang='grc' dir='ltr'>κατ’</span> <span class='ocrx_word' id='word_1_294' title='bbox 1537 2493 1687 2562; x_wconf 83' lang='grc' dir='ltr'>ἐμοῦ.</span> <span class='ocrx_word' id='word_1_295' title='bbox 1712 2512 1731 2546; x_wconf 79' lang='grc' dir='ltr'><strong>ι</strong></span> 
     </span>
    </p>
   </div>
   <div class='ocr_carea' id='block_1_43' title="bbox 158 2580 1739 2653">
    <p class='ocr_par' dir='ltr' id='par_1_43' title="bbox 158 2580 1739 2653">
     <span class='ocr_line' id='line_1_43' title="bbox 158 2580 1739 2653; baseline -0.001 -16"><span class='ocrx_word' id='word_1_296' title='bbox 158 2583 331 2653; x_wconf 78' lang='grc' dir='ltr'><strong>Ἑξῆς</strong></span> <span class='ocrx_word' id='word_1_297' title='bbox 362 2583 432 2635; x_wconf 83' lang='grc' dir='ltr'>δὲ</span> <span class='ocrx_word' id='word_1_298' title='bbox 460 2582 678 2643; x_wconf 76' lang='grc' dir='ltr'>τούτοις</span> <span class='ocrx_word' id='word_1_299' title='bbox 707 2581 806 2651; x_wconf 76' lang='grc' dir='ltr'>ἥδη</span> <span class='ocrx_word' id='word_1_300' title='bbox 832 2580 1014 2649; x_wconf 83' lang='grc' dir='ltr'>σαφῶς</span> <span class='ocrx_word' id='word_1_301' title='bbox 1036 2581 1280 2651; x_wconf 77' lang='grc' dir='ltr'>ἐμφαίνει</span> <span class='ocrx_word' id='word_1_302' title='bbox 1305 2584 1396 2636; x_wconf 76' lang='grc' dir='ltr'>καὶ</span> <span class='ocrx_word' id='word_1_303' title='bbox 1421 2583 1577 2637; x_wconf 82' lang='grc' dir='ltr'>αὑτὸν</span> <span class='ocrx_word' id='word_1_304' title='bbox 1601 2586 1739 2636; x_wconf 83' lang='grc' dir='ltr'>ἐκεῖ-</span> 
     </span>
    </p>
   </div>
   <div class='ocr_carea' id='block_1_44' title="bbox 143 2667 1737 2739">
    <p class='ocr_par' dir='ltr' id='par_1_44' title="bbox 143 2667 1737 2739">
     <span class='ocr_line' id='line_1_44' title="bbox 143 2667 1737 2739; baseline -0.001 -15"><span class='ocrx_word' id='word_1_305' title='bbox 143 2685 243 2724; x_wconf 82' lang='grc' dir='ltr'><strong>νον</strong></span> <span class='ocrx_word' id='word_1_306' title='bbox 297 2669 409 2721; x_wconf 81' lang='grc' dir='ltr'>τὸν</span> <span class='ocrx_word' id='word_1_307' title='bbox 465 2667 886 2720; x_wconf 84' lang='grc' dir='ltr'>δυσσεϐέστατον</span> <span class='ocrx_word' id='word_1_308' title='bbox 923 2668 1181 2739; x_wconf 83' lang='grc' dir='ltr'>προδότην</span> <span class='ocrx_word' id='word_1_309' title='bbox 1199 2686 1213 2699; x_wconf 65' lang='grc' dir='ltr'><strong>ε</strong></span> <span class='ocrx_word' id='word_1_310' title='bbox 1252 2669 1433 2738; x_wconf 81' lang='grc' dir='ltr'>ἐπειδὴ</span> <span class='ocrx_word' id='word_1_311' title='bbox 1466 2671 1737 2724; x_wconf 83' lang='grc' dir='ltr'>συνέϐαινε</span> 
     </span>
    </p>
   </div>
   <div class='ocr_carea' id='block_1_45' title="bbox 144 2755 1736 2827">
    <p class='ocr_par' dir='ltr' id='par_1_45' title="bbox 144 2755 1736 2827">
     <span class='ocr_line' id='line_1_45' title="bbox 144 2755 1736 2827; baseline 0 -17"><span class='ocrx_word' id='word_1_312' title='bbox 144 2757 276 2826; x_wconf 79' lang='grc' dir='ltr'>μεθ’</span> <span class='ocrx_word' id='word_1_313' title='bbox 318 2756 403 2819; x_wconf 70' lang='grc' dir='ltr'>ἃς</span> <span class='ocrx_word' id='word_1_314' title='bbox 435 2755 708 2824; x_wconf 80' lang='grc' dir='ltr'>πεποίητο</span> <span class='ocrx_word' id='word_1_315' title='bbox 752 2755 1019 2825; x_wconf 84' lang='grc' dir='ltr'>συνθήκας</span> <span class='ocrx_word' id='word_1_316' title='bbox 1071 2760 1183 2820; x_wconf 84' lang='grc' dir='ltr'>τοῖς</span> <span class='ocrx_word' id='word_1_317' title='bbox 1219 2757 1439 2827; x_wconf 75' lang='grc' dir='ltr'>ἄρχουσι</span> <span class='ocrx_word' id='word_1_318' title='bbox 1467 2757 1580 2811; x_wconf 83' lang='grc' dir='ltr'>τῶν</span> <span class='ocrx_word' id='word_1_319' title='bbox 1608 2759 1736 2810; x_wconf 86' lang='grc' dir='ltr'>Ἰου-</span> 
     </span>
    </p>
   </div>
   <div class='ocr_carea' id='block_1_46' title="bbox 139 2842 1735 2919">
    <p class='ocr_par' dir='ltr' id='par_1_46' title="bbox 139 2842 1735 2919">
     <span class='ocr_line' id='line_1_46' title="bbox 139 2842 1735 2919; baseline 0.004 -23"><span class='ocrx_word' id='word_1_320' title='bbox 139 2842 324 2901; x_wconf 67' lang='grc' dir='ltr'>δαίων</span> <span class='ocrx_word' id='word_1_321' title='bbox 379 2846 518 2916; x_wconf 76' lang='grc' dir='ltr'>περὶ</span> <span class='ocrx_word' id='word_1_322' title='bbox 552 2846 653 2913; x_wconf 83' lang='grc' dir='ltr'>τῆς</span> <span class='ocrx_word' id='word_1_323' title='bbox 703 2843 794 2897; x_wconf 81' lang='grc' dir='ltr'><strong>τοῦ</strong></span> <span class='ocrx_word' id='word_1_324' title='bbox 838 2844 1145 2899; x_wconf 81' lang='grc' dir='ltr'>διδασκάλου</span> <span class='ocrx_word' id='word_1_325' title='bbox 1196 2848 1493 2917; x_wconf 83' lang='grc' dir='ltr'>προδοσίας,</span> <span class='ocrx_word' id='word_1_326' title='bbox 1552 2849 1735 2919; x_wconf 80' lang='grc' dir='ltr'>μηκέτ’</span> 
     </span>
    </p>
   </div>
   <div class='ocr_carea' id='block_1_47' title="bbox 138 2933 1737 3007">
    <p class='ocr_par' dir='ltr' id='par_1_47' title="bbox 138 2933 1737 3007">
     <span class='ocr_line' id='line_1_47' title="bbox 138 2933 1737 3007; baseline 0.003 -20"><span class='ocrx_word' id='word_1_327' title='bbox 138 2934 418 3006; x_wconf 73' lang='grc' dir='ltr'>διπαντᾷν</span> <span class='ocrx_word' id='word_1_328' title='bbox 444 2935 614 2988; x_wconf 84' lang='grc' dir='ltr'>αὐτὸν</span> <span class='ocrx_word' id='word_1_329' title='bbox 642 2933 885 3002; x_wconf 77' lang='grc' dir='ltr'>συνήθως</span> <span class='ocrx_word' id='word_1_330' title='bbox 903 2935 993 2987; x_wconf 75' lang='grc' dir='ltr'>ἐπὶ</span> <span class='ocrx_word' id='word_1_331' title='bbox 1015 2935 1108 3005; x_wconf 78' lang='grc' dir='ltr'>τὴν</span> <span class='ocrx_word' id='word_1_332' title='bbox 1121 2935 1228 2988; x_wconf 84' lang='grc' dir='ltr'><strong>τῶν</strong></span> <span class='ocrx_word' id='word_1_333' title='bbox 1243 2935 1395 2988; x_wconf 86' lang='grc' dir='ltr'>θείων</span> <span class='ocrx_word' id='word_1_334' title='bbox 1412 2936 1737 3007; x_wconf 86' lang='grc' dir='ltr'>μαθημάτων</span> 
     </span>
    </p>
   </div>
   <div class='ocr_carea' id='block_1_48' title="bbox 142 3019 1735 3097">
    <p class='ocr_par' dir='ltr' id='par_1_48' title="bbox 142 3019 1735 3097">
     <span class='ocr_line' id='line_1_48' title="bbox 142 3019 1735 3097; baseline 0.002 -20"><span class='ocrx_word' id='word_1_335' title='bbox 142 3024 549 3090; x_wconf 76' lang='grc' dir='ltr'>διδασκαλίαν,</span> <span class='ocrx_word' id='word_1_336' title='bbox 601 3025 725 3094; x_wconf 83' lang='grc' dir='ltr'>μηδ’</span> <span class='ocrx_word' id='word_1_337' title='bbox 756 3025 830 3087; x_wconf 82' lang='grc' dir='ltr'>ὡς</span> <span class='ocrx_word' id='word_1_338' title='bbox 858 3024 1006 3094; x_wconf 87' lang='grc' dir='ltr'>παρὰ</span> <span class='ocrx_word' id='word_1_339' title='bbox 1044 3024 1352 3077; x_wconf 87' lang='grc' dir='ltr'>διδάσκαλον</span> <span class='ocrx_word' id='word_1_340' title='bbox 1373 3027 1575 3095; x_wconf 82' lang='grc' dir='ltr'>φοιτᾷν,</span> <span class='ocrx_word' id='word_1_341' title='bbox 1616 3019 1735 3097; x_wconf 83' lang='grc' dir='ltr'>μηδ’</span> 
     </span>
    </p>
   </div>
   <div class='ocr_carea' id='block_1_49' title="bbox 143 3112 1799 3212">
    <p class='ocr_par' dir='ltr' id='par_1_49' title="bbox 143 3112 1799 3212">
     <span class='ocr_line' id='line_1_49' title="bbox 143 3112 1799 3212; baseline -0.001 -45"><span class='ocrx_word' id='word_1_342' title='bbox 143 3115 366 3182; x_wconf 82' lang='grc' dir='ltr'>ὁμοίως</span> <span class='ocrx_word' id='word_1_343' title='bbox 413 3116 536 3174; x_wconf 86' lang='grc' dir='ltr'>τοῖς</span> <span class='ocrx_word' id='word_1_344' title='bbox 586 3113 793 3183; x_wconf 75' lang='grc' dir='ltr'>ἑτέροις</span> <span class='ocrx_word' id='word_1_345' title='bbox 835 3112 1204 3185; x_wconf 82' lang='grc' dir='ltr'>παραϐάλλειν·</span> <span class='ocrx_word' id='word_1_346' title='bbox 1236 3116 1302 3184; x_wconf 77' lang='grc' dir='ltr'><strong>τῇ</strong></span> <span class='ocrx_word' id='word_1_347' title='bbox 1353 3113 1444 3167; x_wconf 78' lang='grc' dir='ltr'><strong>τοῦ</strong></span> <span class='ocrx_word' id='word_1_348' title='bbox 1490 3114 1734 3201; x_wconf 83' lang='grc' dir='ltr'>Σωτῆρος</span> <span class='ocrx_word' id='word_1_349' title='bbox 1758 3156 1799 3212; x_wconf 78' lang='lat' dir='ltr'><strong><em>C</em></strong></span> 
     </span>
    </p>
   </div>
   <div class='ocr_carea' id='block_1_50' title="bbox 143 3198 1731 3280">
    <p class='ocr_par' dir='ltr' id='par_1_50' title="bbox 143 3198 1731 3280">
     <span class='ocr_line' id='line_1_50' title="bbox 143 3198 1731 3280; baseline 0.001 -22"><span class='ocrx_word' id='word_1_350' title='bbox 143 3204 454 3280; x_wconf 74' lang='grc' dir='ltr'>διατριϐῇ,</span> <span class='ocrx_word' id='word_1_351' title='bbox 488 3202 605 3256; x_wconf 84' lang='grc' dir='ltr'>ἀλλ’</span> <span class='ocrx_word' id='word_1_352' title='bbox 630 3203 725 3255; x_wconf 73' lang='grc' dir='ltr'>ἐπὶ</span> <span class='ocrx_word' id='word_1_353' title='bbox 754 3203 833 3273; x_wconf 82' lang='grc' dir='ltr'><strong>τῷ</strong></span> <span class='ocrx_word' id='word_1_354' title='bbox 855 3203 1199 3257; x_wconf 85' lang='grc' dir='ltr'>κατοπτεύειν</span> <span class='ocrx_word' id='word_1_355' title='bbox 1225 3205 1317 3257; x_wconf 76' lang='grc' dir='ltr'>καὶ</span> <span class='ocrx_word' id='word_1_356' title='bbox 1345 3198 1588 3275; x_wconf 87' lang='grc' dir='ltr'>θηρεύειν</span> <span class='ocrx_word' id='word_1_357' title='bbox 1610 3223 1731 3259; x_wconf 90' lang='grc' dir='ltr'>και-</span> 
     </span>
    </p>
   </div>
   <div class='ocr_carea' id='block_1_51' title="bbox 148 3288 1735 3366">
    <p class='ocr_par' dir='ltr' id='par_1_51' title="bbox 148 3288 1735 3366">
     <span class='ocr_line' id='line_1_51' title="bbox 148 3288 1735 3366; baseline -0.001 -19"><span class='ocrx_word' id='word_1_358' title='bbox 148 3293 271 3364; x_wconf 74' lang='grc' dir='ltr'>ρὸν,</span> <span class='ocrx_word' id='word_1_359' title='bbox 302 3295 404 3347; x_wconf 82' lang='grc' dir='ltr'>ὂτε</span> <span class='ocrx_word' id='word_1_360' title='bbox 439 3293 555 3347; x_wconf 87' lang='grc' dir='ltr'>δέοι</span> <span class='ocrx_word' id='word_1_361' title='bbox 583 3292 863 3346; x_wconf 84' lang='grc' dir='ltr'>ἐπιθέσθαι</span> <span class='ocrx_word' id='word_1_362' title='bbox 883 3293 1046 3363; x_wconf 73' lang='grc' dir='ltr'>αὐτῷ.</span> <span class='ocrx_word' id='word_1_363' title='bbox 1080 3292 1244 3345; x_wconf 81' lang='grc' dir='ltr'>Τοῦτο</span> <span class='ocrx_word' id='word_1_364' title='bbox 1274 3294 1318 3346; x_wconf 84' lang='grc' dir='ltr'>δ’</span> <span class='ocrx_word' id='word_1_365' title='bbox 1335 3288 1423 3346; x_wconf 85' lang='grc' dir='ltr'>οὖν</span> <span class='ocrx_word' id='word_1_366' title='bbox 1450 3294 1541 3347; x_wconf 72' lang='grc' dir='ltr'>καὶ</span> <span class='ocrx_word' id='word_1_367' title='bbox 1571 3311 1735 3366; x_wconf 81' lang='grc' dir='ltr'>κατη-</span> 
     </span>
    </p>
   </div>
   <div class='ocr_carea' id='block_1_52' title="bbox 145 3382 1731 3455">
    <p class='ocr_par' dir='ltr' id='par_1_52' title="bbox 145 3382 1731 3455">
     <span class='ocr_line' id='line_1_52' title="bbox 145 3382 1731 3455; baseline 0 -19"><span class='ocrx_word' id='word_1_368' title='bbox 145 3386 413 3455; x_wconf 83' lang='grc' dir='ltr'>γορεῖται</span> <span class='ocrx_word' id='word_1_369' title='bbox 481 3382 740 3452; x_wconf 85' lang='grc' dir='ltr'>πράττων</span> <span class='ocrx_word' id='word_1_370' title='bbox 793 3382 895 3436; x_wconf 74' lang='grc' dir='ltr'><strong>ὑπὸ</strong></span> <span class='ocrx_word' id='word_1_371' title='bbox 937 3382 1045 3436; x_wconf 83' lang='grc' dir='ltr'><strong>τῶν</strong></span> <span class='ocrx_word' id='word_1_372' title='bbox 1123 3382 1278 3453; x_wconf 78' lang='grc' dir='ltr'>ιερῶν</span> <span class='ocrx_word' id='word_1_373' title='bbox 1328 3383 1731 3451; x_wconf 76' lang='grc' dir='ltr'>εύαγγελιοτῶν,</span> 
     </span>
    </p>
   </div>
   <div class='ocr_carea' id='block_1_53' title="bbox 142 3466 1733 3547">
    <p class='ocr_par' dir='ltr' id='par_1_53' title="bbox 142 3466 1733 3547">
     <span class='ocr_line' id='line_1_53' title="bbox 142 3466 1733 3547; baseline 0 -21"><span class='ocrx_word' id='word_1_374' title='bbox 142 3466 223 3526; x_wconf 76' lang='grc' dir='ltr'>ὧν</span> <span class='ocrx_word' id='word_1_375' title='bbox 255 3474 290 3525; x_wconf 83' lang='grc' dir='ltr'>ὁ</span> <span class='ocrx_word' id='word_1_376' title='bbox 329 3473 444 3543; x_wconf 77' lang='grc' dir='ltr'>μὲν</span> <span class='ocrx_word' id='word_1_377' title='bbox 491 3471 773 3534; x_wconf 84' lang='grc' dir='ltr'>Ματθαίὁς</span> <span class='ocrx_word' id='word_1_378' title='bbox 804 3489 970 3541; x_wconf 88' lang='grc' dir='ltr'>φησι·</span> <span class='ocrx_word' id='word_1_379' title='bbox 1011 3491 1029 3523; x_wconf 80' lang='grc' dir='ltr'><strong>ι</strong></span> <span class='ocrx_word' id='word_1_380' title='bbox 1054 3472 1183 3524; x_wconf 87' lang='grc' dir='ltr'>Τότε</span> <span class='ocrx_word' id='word_1_381' title='bbox 1214 3471 1488 3547; x_wconf 74' lang='grc' dir='ltr'>πορευθεὶς</span> <span class='ocrx_word' id='word_1_382' title='bbox 1519 3467 1598 3535; x_wconf 74' lang='grc' dir='ltr'><strong>εἷς</strong></span> <span class='ocrx_word' id='word_1_383' title='bbox 1627 3473 1733 3526; x_wconf 84' lang='grc' dir='ltr'><strong>τῶν</strong></span> 
     </span>
    </p>
   </div>
   <div class='ocr_carea' id='block_1_54' title="bbox 142 3559 1732 3632">
    <p class='ocr_par' dir='ltr' id='par_1_54' title="bbox 142 3559 1732 3632">
     <span class='ocr_line' id='line_1_54' title="bbox 142 3559 1732 3632; baseline -0.001 -15"><span class='ocrx_word' id='word_1_384' title='bbox 142 3562 396 3625; x_wconf 80' lang='grc' dir='ltr'>δώδεκα,</span> <span class='ocrx_word' id='word_1_385' title='bbox 432 3562 465 3614; x_wconf 86' lang='grc' dir='ltr'><strong>ὁ</strong></span> <span class='ocrx_word' id='word_1_386' title='bbox 497 3560 803 3631; x_wconf 72' lang='grc' dir='ltr'>λεγόμενος,</span> <span class='ocrx_word' id='word_1_387' title='bbox 834 3560 1026 3623; x_wconf 84' lang='grc' dir='ltr'>Ἰούδας</span> <span class='ocrx_word' id='word_1_388' title='bbox 1063 3559 1427 3630; x_wconf 83' lang='grc' dir='ltr'>Ἰσκαριώτης,</span> <span class='ocrx_word' id='word_1_389' title='bbox 1453 3562 1588 3632; x_wconf 81' lang='grc' dir='ltr'>πρὸς</span> <span class='ocrx_word' id='word_1_390' title='bbox 1608 3564 1732 3627; x_wconf 83' lang='grc' dir='ltr'>τοὺς</span> 
     </span>
    </p>
   </div>
   <div class='ocr_carea' id='block_1_55' title="bbox 140 3645 1733 3723">
    <p class='ocr_par' dir='ltr' id='par_1_55' title="bbox 140 3645 1733 3723">
     <span class='ocr_line' id='line_1_55' title="bbox 140 3645 1733 3723; baseline 0.001 -19"><span class='ocrx_word' id='word_1_391' title='bbox 140 3653 471 3723; x_wconf 74' lang='grc' dir='ltr'>ἀρχιερεῖς,</span> <span class='ocrx_word' id='word_1_392' title='bbox 514 3645 672 3703; x_wconf 80' lang='grc' dir='ltr'>εἶπεν</span> <span class='ocrx_word' id='word_1_393' title='bbox 696 3650 904 3712; x_wconf 74' lang='grc' dir='ltr'>αὐτοῖς·</span> <span class='ocrx_word' id='word_1_394' title='bbox 942 3649 1007 3702; x_wconf 89' lang='grc' dir='ltr'>Τί</span> <span class='ocrx_word' id='word_1_395' title='bbox 1037 3647 1215 3703; x_wconf 84' lang='grc' dir='ltr'>θέλετέ</span> <span class='ocrx_word' id='word_1_396' title='bbox 1253 3666 1341 3718; x_wconf 90' lang='grc' dir='ltr'><strong>μοι</strong></span> <span class='ocrx_word' id='word_1_397' title='bbox 1367 3649 1564 3715; x_wconf 81' lang='grc' dir='ltr'>δοῦναι,</span> <span class='ocrx_word' id='word_1_398' title='bbox 1581 3651 1733 3720; x_wconf 84' lang='grc' dir='ltr'>κάγὼ</span> 
     </span>
    </p>
   </div>
   <div class='ocr_carea' id='block_1_56' title="bbox 144 3724 1733 3814">
    <p class='ocr_par' dir='ltr' id='par_1_56' title="bbox 144 3724 1733 3814">
     <span class='ocr_line' id='line_1_56' title="bbox 144 3724 1733 3814; baseline 0.001 -21"><span class='ocrx_word' id='word_1_399' title='bbox 144 3741 285 3811; x_wconf 77' lang='grc' dir='ltr'><strong>ὑμῖν</strong></span> <span class='ocrx_word' id='word_1_400' title='bbox 344 3738 671 3811; x_wconf 81' lang='grc' dir='ltr'>παραδώσω</span> <span class='ocrx_word' id='word_1_401' title='bbox 714 3739 911 3804; x_wconf 83' lang='grc' dir='ltr'>αὐτόν;</span> <span class='ocrx_word' id='word_1_402' title='bbox 957 3741 1017 3793; x_wconf 84' lang='grc' dir='ltr'><strong>Οἱ</strong></span> <span class='ocrx_word' id='word_1_403' title='bbox 1064 3739 1121 3792; x_wconf 81' lang='grc' dir='ltr'>δὲ</span> <span class='ocrx_word' id='word_1_404' title='bbox 1159 3738 1385 3809; x_wconf 75' lang='grc' dir='ltr'>ἔστησαν</span> <span class='ocrx_word' id='word_1_405' title='bbox 1411 3724 1414 3727; x_wconf 21' lang='grc' dir='ltr'><strong>λ</strong></span> <span class='ocrx_word' id='word_1_406' title='bbox 1436 3740 1580 3811; x_wconf 83' lang='grc' dir='ltr'>αὐτῷ</span> <span class='ocrx_word' id='word_1_407' title='bbox 1618 3760 1733 3814; x_wconf 83' lang='grc' dir='ltr'>τρι-</span> 
     </span>
    </p>
   </div>
   <div class='ocr_carea' id='block_1_57' title="bbox 140 3824 1735 3901">
    <p class='ocr_par' dir='ltr' id='par_1_57' title="bbox 140 3824 1735 3901">
     <span class='ocr_line' id='line_1_57' title="bbox 140 3824 1735 3901; baseline 0 -15"><span class='ocrx_word' id='word_1_408' title='bbox 140 3832 367 3886; x_wconf 68' lang='grc' dir='ltr'>άκοντα</span> <span class='ocrx_word' id='word_1_409' title='bbox 403 3829 806 3901; x_wconf 62' lang='grc' dir='ltr'><strong>ἀργύρια..ι(αἰ⁵</strong></span> <span class='ocrx_word' id='word_1_410' title='bbox 829 3830 936 3883; x_wconf 84' lang='grc' dir='ltr'>ἀπὸ</span> <span class='ocrx_word' id='word_1_411' title='bbox 961 3830 1082 3882; x_wconf 84' lang='grc' dir='ltr'>τότε</span> <span class='ocrx_word' id='word_1_412' title='bbox 1113 3828 1289 3900; x_wconf 82' lang='grc' dir='ltr'>ἐζήτει</span> <span class='ocrx_word' id='word_1_413' title='bbox 1315 3831 1611 3901; x_wconf 80' lang='grc' dir='ltr'>εὐκαιρίαν,</span> <span class='ocrx_word' id='word_1_414' title='bbox 1645 3824 1735 3887; x_wconf 70' lang='grc' dir='ltr'>ἵνα</span> 
     </span>
    </p>
   </div>
   <div class='ocr_carea' id='block_1_58' title="bbox 141 3918 1729 3991">
    <p class='ocr_par' dir='ltr' id='par_1_58' title="bbox 141 3918 1729 3991">
     <span class='ocr_line' id='line_1_58' title="bbox 141 3918 1729 3991; baseline 0.003 -19"><span class='ocrx_word' id='word_1_415' title='bbox 141 3921 319 3974; x_wconf 77' lang='grc' dir='ltr'>αὐτὸν</span> <span class='ocrx_word' id='word_1_416' title='bbox 350 3918 595 3991; x_wconf 86' lang='grc' dir='ltr'>παραδῷ</span> <span class='ocrx_word' id='word_1_417' title='bbox 619 3919 826 3981; x_wconf 76' lang='grc' dir='ltr'>αὐτοῖς’</span> <span class='ocrx_word' id='word_1_418' title='bbox 858 3937 877 3969; x_wconf 77' lang='grc' dir='ltr'><strong>ι</strong></span> <span class='ocrx_word' id='word_1_419' title='bbox 899 3920 929 3971; x_wconf 85' lang='grc' dir='ltr'><strong>ὁ</strong></span> <span class='ocrx_word' id='word_1_420' title='bbox 950 3918 1009 3973; x_wconf 80' lang='grc' dir='ltr'>δὲ,</span> <span class='ocrx_word' id='word_1_421' title='bbox 1023 3918 1241 3988; x_wconf 85' lang='grc' dir='ltr'>Μάρκος</span> <span class='ocrx_word' id='word_1_422' title='bbox 1263 3936 1276 3949; x_wconf 89' lang='grc'>·</span> <span class='ocrx_word' id='word_1_423' title='bbox 1301 3937 1320 3970; x_wconf 82' lang='grc' dir='ltr'><strong>ι</strong></span> <span class='ocrx_word' id='word_1_424' title='bbox 1334 3921 1466 3974; x_wconf 75' lang='lat' dir='ltr'><strong>.Kal-</strong></span> <span class='ocrx_word' id='word_1_425' title='bbox 1486 3921 1683 3985; x_wconf 81' lang='grc' dir='ltr'>Ἰούδας</span> <span class='ocrx_word' id='word_1_426' title='bbox 1701 3924 1729 3977; x_wconf 85' lang='grc' dir='ltr'><strong>ὀ</strong></span> 
     </span>
    </p>
   </div>
   <div class='ocr_carea' id='block_1_59' title="bbox 156 4001 1733 4082">
    <p class='ocr_par' dir='ltr' id='par_1_59' title="bbox 156 4001 1733 4082">
     <span class='ocr_line' id='line_1_59' title="bbox 156 4001 1733 4082; baseline 0.003 -22"><span class='ocrx_word' id='word_1_427' title='bbox 156 4009 540 4081; x_wconf 81' lang='grc' dir='ltr'>Ἰσκαριώτης</span> <span class='ocrx_word' id='word_1_428' title='bbox 585 4001 669 4070; x_wconf 82' lang='grc' dir='ltr'>εἷς</span> <span class='ocrx_word' id='word_1_429' title='bbox 714 4007 822 4061; x_wconf 85' lang='grc' dir='ltr'><strong>τῶν</strong></span> <span class='ocrx_word' id='word_1_430' title='bbox 867 4007 1069 4062; x_wconf 85' lang='grc' dir='ltr'>δώδεκα</span> <span class='ocrx_word' id='word_1_431' title='bbox 1111 4008 1314 4077; x_wconf 82' lang='grc' dir='ltr'>ἀπῆλθε</span> <span class='ocrx_word' id='word_1_432' title='bbox 1339 4010 1471 4079; x_wconf 82' lang='grc' dir='ltr'>πρὸς</span> <span class='ocrx_word' id='word_1_433' title='bbox 1492 4012 1616 4074; x_wconf 83' lang='grc' dir='ltr'>τοὺς</span> <span class='ocrx_word' id='word_1_434' title='bbox 1635 4005 1733 4082; x_wconf 58' lang='grc' dir='ltr'><strong>ἀρέ</strong></span> 
     </span>
    </p>
   </div>
   <div class='ocr_carea' id='block_1_60' title="bbox 141 4098 1729 4171">
    <p class='ocr_par' dir='ltr' id='par_1_60' title="bbox 141 4098 1729 4171">
     <span class='ocr_line' id='line_1_60' title="bbox 141 4098 1729 4171; baseline 0.002 -18"><span class='ocrx_word' id='word_1_435' title='bbox 141 4105 363 4171; x_wconf 64' lang='grc' dir='ltr'>χωρεῖς</span> <span class='ocrx_word' id='word_1_436' title='bbox 396 4102 491 4154; x_wconf 83' lang='grc' dir='ltr'>ἵνα</span> <span class='ocrx_word' id='word_1_437' title='bbox 537 4098 705 4154; x_wconf 63' lang='grc' dir='ltr'>αὐτὸν</span> <span class='ocrx_word' id='word_1_438' title='bbox 749 4098 971 4169; x_wconf 82' lang='grc' dir='ltr'>παραδῷ</span> <span class='ocrx_word' id='word_1_439' title='bbox 1010 4100 1207 4161; x_wconf 84' lang='grc' dir='ltr'>αὐτοῖς.</span> <span class='ocrx_word' id='word_1_440' title='bbox 1239 4101 1301 4152; x_wconf 81' lang='lat' dir='ltr'><strong>Ol</strong></span> <span class='ocrx_word' id='word_1_441' title='bbox 1332 4100 1387 4153; x_wconf 84' lang='grc' dir='ltr'><strong>δέ</strong></span> <span class='ocrx_word' id='word_1_442' title='bbox 1410 4101 1729 4167; x_wconf 85' lang='grc' dir='ltr'>ἀκούσαντες</span> 
     </span>
    </p>
   </div>
   <div class='ocr_carea' id='block_1_61' title="bbox 138 4187 1723 4261">
    <p class='ocr_par' dir='ltr' id='par_1_61' title="bbox 138 4187 1723 4261">
     <span class='ocr_line' id='line_1_61' title="bbox 138 4187 1723 4261; baseline 0.003 -21"><span class='ocrx_word' id='word_1_443' title='bbox 138 4190 464 4261; x_wconf 76' lang='grc' dir='ltr'>ἐχάρησαν,</span> <span class='ocrx_word' id='word_1_444' title='bbox 496 4189 605 4242; x_wconf 67' lang='grc' dir='ltr'>καὶ</span> <span class='ocrx_word' id='word_1_445' title='bbox 650 4187 1036 4258; x_wconf 85' lang='grc' dir='ltr'>ἐπηγγείλαντο</span> <span class='ocrx_word' id='word_1_446' title='bbox 1072 4188 1218 4257; x_wconf 84' lang='grc' dir='ltr'>αὐτῷ</span> <span class='ocrx_word' id='word_1_447' title='bbox 1246 4189 1500 4261; x_wconf 85' lang='grc' dir='ltr'>ἀργύριον</span> <span class='ocrx_word' id='word_1_448' title='bbox 1527 4191 1723 4246; x_wconf 85' lang='grc' dir='ltr'>δοῦναι.</span> 
     </span>
    </p>
   </div>
   <div class='ocr_carea' id='block_1_62' title="bbox 138 4275 1727 4348">
    <p class='ocr_par' dir='ltr' id='par_1_62' title="bbox 138 4275 1727 4348">
     <span class='ocr_line' id='line_1_62' title="bbox 138 4275 1727 4348; baseline 0.005 -21"><span class='ocrx_word' id='word_1_449' title='bbox 138 4275 257 4329; x_wconf 76' lang='grc' dir='ltr'><strong>Καὶ</strong></span> <span class='ocrx_word' id='word_1_450' title='bbox 281 4277 481 4346; x_wconf 79' lang='grc' dir='ltr'>ἐζήτει</span> <span class='ocrx_word' id='word_1_451' title='bbox 506 4275 812 4338; x_wconf 79' lang='grc' dir='ltr'>πῶςαύτδν</span> <span class='ocrx_word' id='word_1_452' title='bbox 842 4276 1109 4346; x_wconf 83' lang='grc' dir='ltr'>εὐκαίρως</span> <span class='ocrx_word' id='word_1_453' title='bbox 1138 4277 1355 4348; x_wconf 83' lang='grc' dir='ltr'>παραδῷ</span> <span class='ocrx_word' id='word_1_454' title='bbox 1369 4296 1388 4325; x_wconf 80' lang='lat'><strong>.°</strong></span> <span class='ocrx_word' id='word_1_455' title='bbox 1420 4297 1438 4331; x_wconf 80' lang='grc' dir='ltr'><strong>ι</strong></span> <span class='ocrx_word' id='word_1_456' title='bbox 1463 4281 1492 4332; x_wconf 82' lang='grc' dir='ltr'><strong>ὁ</strong></span> <span class='ocrx_word' id='word_1_457' title='bbox 1515 4281 1571 4334; x_wconf 80' lang='grc' dir='ltr'><strong>δέ</strong></span> <span class='ocrx_word' id='word_1_458' title='bbox 1592 4283 1727 4335; x_wconf 85' lang='grc' dir='ltr'>Λου-</span> 
     </span>
    </p>
   </div>
   <div class='ocr_carea' id='block_1_63' title="bbox 138 4364 1728 4436">
    <p class='ocr_par' dir='ltr' id='par_1_63' title="bbox 138 4364 1728 4436">
     <span class='ocr_line' id='line_1_63' title="bbox 138 4364 1728 4436; baseline 0.006 -21"><span class='ocrx_word' id='word_1_459' title='bbox 138 4365 250 4426; x_wconf 79' lang='grc' dir='ltr'>κᾶς</span> <span class='ocrx_word' id='word_1_460' title='bbox 276 4366 495 4436; x_wconf 82' lang='grc' dir='ltr'>γράφει</span> <span class='ocrx_word' id='word_1_461' title='bbox 533 4364 710 4432; x_wconf 83' lang='grc' dir='ltr'>λέγων</span> <span class='ocrx_word' id='word_1_462' title='bbox 730 4382 743 4394; x_wconf 74' lang='grc' dir='ltr'><strong>ο</strong></span> <span class='ocrx_word' id='word_1_463' title='bbox 779 4382 799 4415; x_wconf 74' lang='grc' dir='ltr'><strong>ι</strong></span> <span class='ocrx_word' id='word_1_464' title='bbox 826 4365 1053 4435; x_wconf 77' lang='grc' dir='ltr'>Εἰσῆλθε</span> <span class='ocrx_word' id='word_1_465' title='bbox 1085 4366 1148 4419; x_wconf 82' lang='grc' dir='ltr'><strong>δὲ·</strong></span> <span class='ocrx_word' id='word_1_466' title='bbox 1171 4368 1198 4418; x_wconf 86' lang='grc' dir='ltr'>ὁ</span> <span class='ocrx_word' id='word_1_467' title='bbox 1225 4368 1460 4434; x_wconf 77' lang='grc' dir='ltr'>Σατανᾶς</span> <span class='ocrx_word' id='word_1_468' title='bbox 1484 4372 1561 4434; x_wconf 90' lang='grc' dir='ltr'><strong>εἰς</strong></span> <span class='ocrx_word' id='word_1_469' title='bbox 1603 4371 1728 4424; x_wconf 76' lang='grc' dir='ltr'>Ἰού-</span> 
     </span>
    </p>
   </div>
   <div class='ocr_carea' id='block_1_64' title="bbox 1834 1954 3351 2024">
    <p class='ocr_par' dir='ltr' id='par_1_64' title="bbox 1834 1954 3351 2024">
     <span class='ocr_line' id='line_1_64' title="bbox 1834 1954 3351 2024; baseline 0 -19"><span class='ocrx_word' id='word_1_470' title='bbox 1834 1954 1972 2017; x_wconf 88' lang='lat' dir='ltr'><strong>lcrit,</strong></span> <span class='ocrx_word' id='word_1_471' title='bbox 1998 1964 2051 2008; x_wconf 90' lang='lat' dir='ltr'><strong>et</strong></span> <span class='ocrx_word' id='word_1_472' title='bbox 2078 1955 2371 2009; x_wconf 83' lang='lat' dir='ltr'><strong>exsecratio</strong></span> <span class='ocrx_word' id='word_1_473' title='bbox 2400 1970 2498 2024; x_wconf 79' lang='lat' dir='ltr'><strong>pro</strong></span> <span class='ocrx_word' id='word_1_474' title='bbox 2526 1956 2681 2010; x_wconf 85' lang='lat' dir='ltr'><strong>nobis</strong></span> <span class='ocrx_word' id='word_1_475' title='bbox 2698 1954 2903 2019; x_wconf 86' lang='lat' dir='ltr'><strong>.l‘actus,</strong></span> <span class='ocrx_word' id='word_1_476' title='bbox 2936 1955 3351 2008; x_wconf 83' lang='lat' dir='ltr'><strong>exsecrationem</strong></span> 
     </span>
    </p>
   </div>
   <div class='ocr_carea' id='block_1_65' title="bbox 1834 2040 3351 2115">
    <p class='ocr_par' dir='ltr' id='par_1_65' title="bbox 1834 2040 3351 2115">
     <span class='ocr_line' id='line_1_65' title="bbox 1834 2040 3351 2115; baseline 0 -19"><span class='ocrx_word' id='word_1_477' title='bbox 1834 2058 1952 2112; x_wconf 67' lang='lat' dir='ltr'><strong>quae</strong></span> <span class='ocrx_word' id='word_1_478' title='bbox 1977 2042 2133 2097; x_wconf 88' lang='lat' dir='ltr'><strong>nobis</strong></span> <span class='ocrx_word' id='word_1_479' title='bbox 2161 2043 2476 2115; x_wconf 81' lang='lat' dir='ltr'><strong>debebatur,</strong></span> <span class='ocrx_word' id='word_1_480' title='bbox 2519 2044 2585 2098; x_wconf 89' lang='lat' dir='ltr'><strong>ad</strong></span> <span class='ocrx_word' id='word_1_481' title='bbox 2627 2044 2860 2115; x_wconf 89' lang='lat' dir='ltr'><strong>seipsum</strong></span> <span class='ocrx_word' id='word_1_482' title='bbox 2887 2043 3185 2098; x_wconf 77' lang='lat' dir='ltr'><strong>attraxerit.</strong></span> <span class='ocrx_word' id='word_1_483' title='bbox 3213 2040 3351 2107; x_wconf 86' lang='lat' dir='ltr'><strong>Quid</strong></span> 
     </span>
    </p>
   </div>
   <div class='ocr_carea' id='block_1_66' title="bbox 1834 2133 3353 2203">
    <p class='ocr_par' dir='ltr' id='par_1_66' title="bbox 1834 2133 3353 2203">
     <span class='ocr_line' id='line_1_66' title="bbox 1834 2133 3353 2203; baseline -0.002 -17"><span class='ocrx_word' id='word_1_484' title='bbox 1834 2133 1977 2186; x_wconf 86' lang='lat' dir='ltr'><strong>enim</strong></span> <span class='ocrx_word' id='word_1_485' title='bbox 2006 2134 2149 2188; x_wconf 88' lang='lat' dir='ltr'><strong>aliud</strong></span> <span class='ocrx_word' id='word_1_486' title='bbox 2177 2134 2288 2197; x_wconf 91' lang='lat' dir='ltr'><strong>ille,</strong></span> <span class='ocrx_word' id='word_1_487' title='bbox 2321 2149 2479 2203; x_wconf 88' lang='lat' dir='ltr'><strong>quam</strong></span> <span class='ocrx_word' id='word_1_488' title='bbox 2510 2149 2609 2202; x_wconf 90' lang='lat' dir='ltr'><strong>pro</strong></span> <span class='ocrx_word' id='word_1_489' title='bbox 2644 2135 2834 2189; x_wconf 89' lang='lat' dir='ltr'><strong>animis</strong></span> <span class='ocrx_word' id='word_1_490' title='bbox 2863 2133 3063 2188; x_wconf 72' lang='lat' dir='ltr'><strong>nostris</strong></span> <span class='ocrx_word' id='word_1_491' title='bbox 3084 2133 3353 2202; x_wconf 89' lang='lat' dir='ltr'><strong>pretium?</strong></span> 
     </span>
    </p>
   </div>
   <div class='ocr_carea' id='block_1_67' title="bbox 1833 2222 3353 2292">
    <p class='ocr_par' dir='ltr' id='par_1_67' title="bbox 1833 2222 3353 2292">
     <span class='ocr_line' id='line_1_67' title="bbox 1833 2222 3353 2292; baseline 0.001 -16"><span class='ocrx_word' id='word_1_492' title='bbox 1833 2222 2018 2292; x_wconf 82' lang='lat' dir='ltr'><strong>Itaque</strong></span> <span class='ocrx_word' id='word_1_493' title='bbox 2058 2238 2123 2278; x_wconf 79' lang='lat' dir='ltr'><strong>ex</strong></span> <span class='ocrx_word' id='word_1_494' title='bbox 2154 2238 2391 2292; x_wconf 22' lang='lat' dir='ltr'><strong>persona,</strong></span> <span class='ocrx_word' id='word_1_495' title='bbox 2418 2231 2603 2280; x_wconf 87' lang='lat' dir='ltr'><strong>nostra</strong></span> <span class='ocrx_word' id='word_1_496' title='bbox 2639 2225 2911 2279; x_wconf 88' lang='lat' dir='ltr'><strong>oraculum</strong></span> <span class='ocrx_word' id='word_1_497' title='bbox 2950 2225 3064 2278; x_wconf 88' lang='lat' dir='ltr'><strong>ait:</strong></span> <span class='ocrx_word' id='word_1_498' title='bbox 3111 2242 3129 2275; x_wconf 79' lang='grc' dir='ltr'><strong>ι</strong></span> <span class='ocrx_word' id='word_1_499' title='bbox 3163 2223 3353 2278; x_wconf 87' lang='lat' dir='ltr'><strong>Livore</strong></span> 
     </span>
    </p>
   </div>
   <div class='ocr_carea' id='block_1_68' title="bbox 1832 2313 3351 2382">
    <p class='ocr_par' dir='ltr' id='par_1_68' title="bbox 1832 2313 3351 2382">
     <span class='ocr_line' id='line_1_68' title="bbox 1832 2313 3351 2382; baseline -0.001 -15"><span class='ocrx_word' id='word_1_500' title='bbox 1832 2313 1950 2382; x_wconf 86' lang='lat' dir='ltr'><strong>ejus</strong></span> <span class='ocrx_word' id='word_1_501' title='bbox 1980 2328 2078 2368; x_wconf 88' lang='lat' dir='ltr'><strong>nos</strong></span> <span class='ocrx_word' id='word_1_502' title='bbox 2118 2315 2291 2369; x_wconf 88' lang='lat' dir='ltr'><strong>sanati</strong></span> <span class='ocrx_word' id='word_1_503' title='bbox 2328 2328 2513 2370; x_wconf 86' lang='lat' dir='ltr'><strong>sumus</strong></span> <span class='ocrx_word' id='word_1_504' title='bbox 2543 2332 2558 2367; x_wconf 92' lang='lat'><strong>:</strong></span> <span class='ocrx_word' id='word_1_505' title='bbox 2589 2321 2642 2368; x_wconf 91' lang='lat' dir='ltr'><strong>et</strong></span> <span class='ocrx_word' id='word_1_506' title='bbox 2676 2314 2932 2368; x_wconf 88' lang='lat' dir='ltr'><strong>Dominus</strong></span> <span class='ocrx_word' id='word_1_507' title='bbox 2974 2313 3195 2368; x_wconf 89' lang='lat' dir='ltr'><strong>tradidit</strong></span> <span class='ocrx_word' id='word_1_508' title='bbox 3229 2328 3351 2368; x_wconf 90' lang='lat' dir='ltr'><strong>eum</strong></span> 
     </span>
    </p>
   </div>
   <div class='ocr_carea' id='block_1_69' title="bbox 1833 2403 3353 2472">
    <p class='ocr_par' dir='ltr' id='par_1_69' title="bbox 1833 2403 3353 2472">
     <span class='ocr_line' id='line_1_69' title="bbox 1833 2403 3353 2472; baseline -0.001 -15"><span class='ocrx_word' id='word_1_509' title='bbox 1833 2403 2068 2471; x_wconf 84' lang='lat' dir='ltr'><strong>peccatis</strong></span> <span class='ocrx_word' id='word_1_510' title='bbox 2105 2404 2306 2459; x_wconf 90' lang='lat' dir='ltr'><strong>nostris</strong></span> <span class='ocrx_word' id='word_1_511' title='bbox 2321 2404 2385 2459; x_wconf 75' lang='lat'><strong>&quot;.</strong></span> <span class='ocrx_word' id='word_1_512' title='bbox 2416 2423 2434 2456; x_wconf 75' lang='grc' dir='ltr'><strong>ι</strong></span> <span class='ocrx_word' id='word_1_513' title='bbox 2459 2403 2689 2458; x_wconf 83' lang='lat' dir='ltr'><strong>Proinde</strong></span> <span class='ocrx_word' id='word_1_514' title='bbox 2721 2404 2912 2459; x_wconf 89' lang='lat' dir='ltr'><strong>merito</strong></span> <span class='ocrx_word' id='word_1_515' title='bbox 2952 2403 3079 2457; x_wconf 89' lang='lat' dir='ltr'><strong>dum</strong></span> <span class='ocrx_word' id='word_1_516' title='bbox 3113 2403 3353 2472; x_wconf 88' lang='lat' dir='ltr'><strong>seipsum</strong></span> 
     </span>
    </p>
   </div>
   <div class='ocr_carea' id='block_1_70' title="bbox 1834 2491 3350 2563">
    <p class='ocr_par' dir='ltr' id='par_1_70' title="bbox 1834 2491 3350 2563">
     <span class='ocr_line' id='line_1_70' title="bbox 1834 2491 3350 2563; baseline -0.001 -17"><span class='ocrx_word' id='word_1_517' title='bbox 1834 2492 1988 2548; x_wconf 88' lang='lat' dir='ltr'><strong>nobis</strong></span> <span class='ocrx_word' id='word_1_518' title='bbox 2008 2491 2303 2563; x_wconf 76' lang='lat' dir='ltr'><strong>coniungit,</strong></span> <span class='ocrx_word' id='word_1_519' title='bbox 2329 2504 2382 2549; x_wconf 92' lang='lat' dir='ltr'><strong>et</strong></span> <span class='ocrx_word' id='word_1_520' title='bbox 2405 2509 2504 2549; x_wconf 91' lang='lat' dir='ltr'><strong>nos</strong></span> <span class='ocrx_word' id='word_1_521' title='bbox 2523 2509 2586 2548; x_wconf 89' lang='lat' dir='ltr'><strong>ac</strong></span> <span class='ocrx_word' id='word_1_522' title='bbox 2613 2495 2741 2548; x_wconf 84' lang='lat' dir='ltr'><strong>vitia</strong></span> <span class='ocrx_word' id='word_1_523' title='bbox 2767 2501 2951 2549; x_wconf 85' lang='lat' dir='ltr'><strong>nostra</strong></span> <span class='ocrx_word' id='word_1_524' title='bbox 2980 2494 3082 2549; x_wconf 88' lang='lat' dir='ltr'><strong>sibi</strong></span> <span class='ocrx_word' id='word_1_525' title='bbox 3111 2493 3350 2557; x_wconf 77' lang='lat' dir='ltr'><strong>aseiscit,</strong></span> 
     </span>
    </p>
   </div>
   <div class='ocr_carea' id='block_1_71' title="bbox 1820 2582 3353 2655">
    <p class='ocr_par' dir='ltr' id='par_1_71' title="bbox 1820 2582 3353 2655">
     <span class='ocr_line' id='line_1_71' title="bbox 1820 2582 3353 2655; baseline 0 -20"><span class='ocrx_word' id='word_1_526' title='bbox 1820 2583 1910 2653; x_wconf 82' lang='lat' dir='ltr'><strong>ita</strong></span> <span class='ocrx_word' id='word_1_527' title='bbox 1937 2583 2012 2636; x_wconf 88' lang='lat' dir='ltr'><strong>ait</strong></span> <span class='ocrx_word' id='word_1_528' title='bbox 2048 2599 2062 2637; x_wconf 88' lang='lat'><strong>:</strong></span> <span class='ocrx_word' id='word_1_529' title='bbox 2104 2601 2123 2634; x_wconf 77' lang='grc' dir='ltr'><strong>ι</strong></span> <span class='ocrx_word' id='word_1_530' title='bbox 2155 2583 2265 2653; x_wconf 88' lang='lat' dir='ltr'><strong>Ego</strong></span> <span class='ocrx_word' id='word_1_531' title='bbox 2289 2584 2430 2655; x_wconf 82' lang='lat' dir='ltr'><strong>dixi,</strong></span> <span class='ocrx_word' id='word_1_532' title='bbox 2474 2584 2727 2648; x_wconf 75' lang='lat' dir='ltr'><strong>Domine,</strong></span> <span class='ocrx_word' id='word_1_533' title='bbox 2755 2583 3011 2640; x_wconf 85' lang='lat' dir='ltr'><strong>miserere</strong></span> <span class='ocrx_word' id='word_1_534' title='bbox 3048 2582 3172 2648; x_wconf 90' lang='lat' dir='ltr'><strong>mei,</strong></span> <span class='ocrx_word' id='word_1_535' title='bbox 3218 2596 3353 2639; x_wconf 84' lang='lat' dir='ltr'><strong>sana</strong></span> 
     </span>
    </p>
   </div>
   <div class='ocr_carea' id='block_1_72' title="bbox 1834 2671 3354 2745">
    <p class='ocr_par' dir='ltr' id='par_1_72' title="bbox 1834 2671 3354 2745">
     <span class='ocr_line' id='line_1_72' title="bbox 1834 2671 3354 2745; baseline 0.003 -21"><span class='ocrx_word' id='word_1_536' title='bbox 1834 2671 2066 2725; x_wconf 91' lang='lat' dir='ltr'><strong>animam</strong></span> <span class='ocrx_word' id='word_1_537' title='bbox 2112 2688 2306 2738; x_wconf 90' lang='lat' dir='ltr'><strong>meam,</strong></span> <span class='ocrx_word' id='word_1_538' title='bbox 2338 2674 2464 2744; x_wconf 89' lang='lat' dir='ltr'><strong>quia</strong></span> <span class='ocrx_word' id='word_1_539' title='bbox 2504 2675 2722 2745; x_wconf 87' lang='lat' dir='ltr'><strong>peccavi</strong></span> <span class='ocrx_word' id='word_1_540' title='bbox 2768 2676 2864 2730; x_wconf 89' lang='lat' dir='ltr'><strong>tibi</strong></span> <span class='ocrx_word' id='word_1_541' title='bbox 2901 2694 2915 2729; x_wconf 92' lang='lat'><strong>:</strong></span> <span class='ocrx_word' id='word_1_542' title='bbox 2956 2692 2976 2725; x_wconf 76' lang='grc' dir='ltr'><strong>ι</strong></span> <span class='ocrx_word' id='word_1_543' title='bbox 3007 2673 3354 2743; x_wconf 87' lang='lat' dir='ltr'><strong>videntesque</strong></span> 
     </span>
    </p>
   </div>
   <div class='ocr_carea' id='block_1_73' title="bbox 1833 2759 3356 2834">
    <p class='ocr_par' dir='ltr' id='par_1_73' title="bbox 1833 2759 3356 2834">
     <span class='ocr_line' id='line_1_73' title="bbox 1833 2759 3356 2834; baseline 0.01 -21"><span class='ocrx_word' id='word_1_544' title='bbox 1833 2759 1959 2815; x_wconf 88' lang='lat' dir='ltr'><strong>item</strong></span> <span class='ocrx_word' id='word_1_545' title='bbox 1981 2762 2172 2818; x_wconf 90' lang='lat' dir='ltr'><strong>merito</strong></span> <span class='ocrx_word' id='word_1_546' title='bbox 2193 2765 2505 2833; x_wconf 77' lang='lat' dir='ltr'><strong>nonsolum</strong></span> <span class='ocrx_word' id='word_1_547' title='bbox 2538 2766 2877 2821; x_wconf 88' lang='lat' dir='ltr'><strong>insidiatores</strong></span> <span class='ocrx_word' id='word_1_548' title='bbox 2900 2764 3163 2828; x_wconf 78' lang='lat' dir='ltr'><strong>homines.</strong></span> <span class='ocrx_word' id='word_1_549' title='bbox 3190 2762 3356 2834; x_wconf 61' lang='grc'><strong>488</strong></span> 
     </span>
    </p>
   </div>
   <div class='ocr_carea' id='block_1_74' title="bbox 1834 2848 3353 2923">
    <p class='ocr_par' dir='ltr' id='par_1_74' title="bbox 1834 2848 3353 2923">
     <span class='ocr_line' id='line_1_74' title="bbox 1834 2848 3353 2923; baseline 0.002 -20"><span class='ocrx_word' id='word_1_550' title='bbox 1834 2848 1928 2903; x_wconf 88' lang='lat' dir='ltr'><strong>sed</strong></span> <span class='ocrx_word' id='word_1_551' title='bbox 1962 2850 2123 2905; x_wconf 90' lang='lat' dir='ltr'><strong>etiam</strong></span> <span class='ocrx_word' id='word_1_552' title='bbox 2159 2853 2518 2921; x_wconf 83' lang='lat' dir='ltr'><strong>insidiatrices</strong></span> <span class='ocrx_word' id='word_1_553' title='bbox 2573 2854 2870 2910; x_wconf 79' lang='lat' dir='ltr'><strong>invisibiles</strong></span> <span class='ocrx_word' id='word_1_554' title='bbox 2897 2860 3208 2923; x_wconf 86' lang='lat' dir='ltr'><strong>potestates,</strong></span> <span class='ocrx_word' id='word_1_555' title='bbox 3243 2854 3353 2906; x_wconf 82' lang='lat' dir='ltr'><strong>vim</strong></span> 
     </span>
    </p>
   </div>
   <div class='ocr_carea' id='block_1_75' title="bbox 1833 2935 3351 3013">
    <p class='ocr_par' dir='ltr' id='par_1_75' title="bbox 1833 2935 3351 3013">
     <span class='ocr_line' id='line_1_75' title="bbox 1833 2935 3351 3013; baseline 0.004 -25"><span class='ocrx_word' id='word_1_556' title='bbox 1833 2935 2146 2993; x_wconf 89' lang='lat' dir='ltr'><strong>immensam</strong></span> <span class='ocrx_word' id='word_1_557' title='bbox 2188 2940 2331 2997; x_wconf 86' lang='lat' dir='ltr'><strong>illius</strong></span> <span class='ocrx_word' id='word_1_558' title='bbox 2371 2941 2564 2997; x_wconf 78' lang='lat' dir='ltr'><strong>divinae</strong></span> <span class='ocrx_word' id='word_1_559' title='bbox 2608 2943 2980 3013; x_wconf 88' lang='lat' dir='ltr'><strong>appellationis</strong></span> <span class='ocrx_word' id='word_1_560' title='bbox 3009 2951 3064 2997; x_wconf 91' lang='lat' dir='ltr'><strong>et</strong></span> <span class='ocrx_word' id='word_1_561' title='bbox 3092 2940 3351 3004; x_wconf 85' lang='lat' dir='ltr'><strong>nominis,</strong></span> 
     </span>
    </p>
   </div>
   <div class='ocr_carea' id='block_1_76' title="bbox 1833 3020 3351 3102">
    <p class='ocr_par' dir='ltr' id='par_1_76' title="bbox 1833 3020 3351 3102">
     <span class='ocr_line' id='line_1_76' title="bbox 1833 3020 3351 3102; baseline 0.006 -25"><span class='ocrx_word' id='word_1_562' title='bbox 1833 3039 1940 3093; x_wconf 86' lang='lat' dir='ltr'><strong>quo</strong></span> <span class='ocrx_word' id='word_1_563' title='bbox 1983 3025 2124 3082; x_wconf 91' lang='lat' dir='ltr'><strong>haud</strong></span> <span class='ocrx_word' id='word_1_564' title='bbox 2155 3020 2251 3098; x_wconf 74' lang='lat' dir='ltr'><strong>ita</strong></span> <span class='ocrx_word' id='word_1_565' title='bbox 2284 3032 2453 3086; x_wconf 88' lang='lat' dir='ltr'><strong>multo</strong></span> <span class='ocrx_word' id='word_1_566' title='bbox 2497 3039 2618 3102; x_wconf 90' lang='lat' dir='ltr'><strong>post</strong></span> <span class='ocrx_word' id='word_1_567' title='bbox 2652 3040 2823 3089; x_wconf 89' lang='lat' dir='ltr'><strong>totum</strong></span> <span class='ocrx_word' id='word_1_568' title='bbox 2867 3033 3048 3088; x_wconf 89' lang='lat' dir='ltr'><strong>orbem</strong></span> <span class='ocrx_word' id='word_1_569' title='bbox 3091 3042 3351 3088; x_wconf 80' lang='lat' dir='ltr'><strong>terrarum</strong></span> 
     </span>
    </p>
   </div>
   <div class='ocr_carea' id='block_1_77' title="bbox 1832 3112 3352 3192">
    <p class='ocr_par' dir='ltr' id='par_1_77' title="bbox 1832 3112 3352 3192">
     <span class='ocr_line' id='line_1_77' title="bbox 1832 3112 3352 3192; baseline 0.006 -25"><span class='ocrx_word' id='word_1_570' title='bbox 1832 3112 2465 3189; x_wconf 37' lang='lat' dir='ltr'><strong>Christianisgimplevit,‘</strong></span> <span class='ocrx_word' id='word_1_571' title='bbox 2505 3122 2653 3176; x_wconf 89' lang='lat' dir='ltr'><strong>illam</strong></span> <span class='ocrx_word' id='word_1_572' title='bbox 2700 3137 2758 3178; x_wconf 91' lang='lat' dir='ltr'><strong>se</strong></span> <span class='ocrx_word' id='word_1_573' title='bbox 2807 3137 2966 3191; x_wconf 90' lang='lat' dir='ltr'><strong>posse</strong></span> <span class='ocrx_word' id='word_1_574' title='bbox 3015 3122 3352 3192; x_wconf 74' lang='lat' dir='ltr'><strong>exstinguere</strong></span> 
     </span>
    </p>
   </div>
   <div class='ocr_carea' id='block_1_78' title="bbox 1832 3208 3355 3277">
    <p class='ocr_par' dir='ltr' id='par_1_78' title="bbox 1832 3208 3355 3277">
     <span class='ocr_line' id='line_1_78' title="bbox 1832 3208 3355 3277; baseline 0.005 -21"><span class='ocrx_word' id='word_1_575' title='bbox 1832 3212 2181 3271; x_wconf 90' lang='lat' dir='ltr'><strong>putaverunt,</strong></span> <span class='ocrx_word' id='word_1_576' title='bbox 2240 3208 2287 3262; x_wconf 91' lang='lat' dir='ltr'><strong>si</strong></span> <span class='ocrx_word' id='word_1_577' title='bbox 2318 3217 2558 3277; x_wconf 73' lang='lat' dir='ltr'><strong>mortem</strong></span> <span class='ocrx_word' id='word_1_578' title='bbox 2607 3210 2684 3265; x_wconf 89' lang='lat' dir='ltr'><strong>illi</strong></span> <span class='ocrx_word' id='word_1_579' title='bbox 2736 3211 3190 3268; x_wconf 88' lang='lat' dir='ltr'><strong>machinarentur.</strong></span> <span class='ocrx_word' id='word_1_580' title='bbox 3239 3209 3355 3264; x_wconf 77' lang='lat' dir='ltr'><strong>Hoc</strong></span> 
     </span>
    </p>
   </div>
   <div class='ocr_carea' id='block_1_79' title="bbox 1830 3292 3369 3369">
    <p class='ocr_par' dir='ltr' id='par_1_79' title="bbox 1830 3292 3369 3369">
     <span class='ocr_line' id='line_1_79' title="bbox 1830 3292 3369 3369; baseline 0.005 -25"><span class='ocrx_word' id='word_1_581' title='bbox 1830 3292 2005 3360; x_wconf 90' lang='lat' dir='ltr'><strong>ipsum</strong></span> <span class='ocrx_word' id='word_1_582' title='bbox 2037 3294 2199 3363; x_wconf 81' lang='lat' dir='ltr'><strong>igitur</strong></span> <span class='ocrx_word' id='word_1_583' title='bbox 2245 3297 2333 3351; x_wconf 90' lang='lat' dir='ltr'><strong>his</strong></span> <span class='ocrx_word' id='word_1_584' title='bbox 2375 3298 2551 3355; x_wconf 78' lang='lat' dir='ltr'><strong>verbis</strong></span> <span class='ocrx_word' id='word_1_585' title='bbox 2580 3298 2852 3369; x_wconf 78' lang='lat' dir='ltr'><strong>redarguit</strong></span> <span class='ocrx_word' id='word_1_586' title='bbox 2883 3316 2895 3350; x_wconf 91' lang='lat'>:</span> <span class='ocrx_word' id='word_1_587' title='bbox 2937 3317 2957 3350; x_wconf 75' lang='grc' dir='ltr'><strong>ι</strong></span> <span class='ocrx_word' id='word_1_588' title='bbox 2994 3299 3199 3354; x_wconf 81' lang='lat' dir='ltr'><strong>inimici</strong></span> <span class='ocrx_word' id='word_1_589' title='bbox 3247 3300 3369 3353; x_wconf 68' lang='lat' dir='ltr'><strong>mei~</strong></span> 
     </span>
    </p>
   </div>
   <div class='ocr_carea' id='block_1_80' title="bbox 1829 3380 3355 3456">
    <p class='ocr_par' dir='ltr' id='par_1_80' title="bbox 1829 3380 3355 3456">
     <span class='ocr_line' id='line_1_80' title="bbox 1829 3380 3355 3456; baseline 0.003 -22"><span class='ocrx_word' id='word_1_590' title='bbox 1829 3380 2083 3435; x_wconf 83' lang='lat' dir='ltr'><strong>dixerunt</strong></span> <span class='ocrx_word' id='word_1_591' title='bbox 2108 3385 2246 3437; x_wconf 90' lang='lat' dir='ltr'><strong>mala</strong></span> <span class='ocrx_word' id='word_1_592' title='bbox 2298 3386 2452 3450; x_wconf 89' lang='lat' dir='ltr'><strong>mihi,</strong></span> <span class='ocrx_word' id='word_1_593' title='bbox 2491 3386 2707 3456; x_wconf 89' lang='lat' dir='ltr'><strong>quando</strong></span> <span class='ocrx_word' id='word_1_594' title='bbox 2757 3388 3017 3441; x_wconf 90' lang='lat' dir='ltr'><strong>morietur</strong></span> <span class='ocrx_word' id='word_1_595' title='bbox 3062 3394 3117 3441; x_wconf 90' lang='lat' dir='ltr'><strong>et</strong></span> <span class='ocrx_word' id='word_1_596' title='bbox 3159 3386 3355 3456; x_wconf 83' lang='lat' dir='ltr'><strong>peribit</strong></span> 
     </span>
    </p>
   </div>
   <div class='ocr_carea' id='block_1_81' title="bbox 1830 3472 3352 3543">
    <p class='ocr_par' dir='ltr' id='par_1_81' title="bbox 1830 3472 3352 3543">
     <span class='ocr_line' id='line_1_81' title="bbox 1830 3472 3352 3543; baseline 0.005 -21"><span class='ocrx_word' id='word_1_597' title='bbox 1830 3484 2024 3523; x_wconf 90' lang='lat' dir='ltr'><strong>nomen</strong></span> <span class='ocrx_word' id='word_1_598' title='bbox 2052 3472 2169 3540; x_wconf 86' lang='lat' dir='ltr'><strong>ejus</strong></span> <span class='ocrx_word' id='word_1_599' title='bbox 2190 3472 2277 3543; x_wconf 64' lang='lat' dir='ltr'><strong>f&#39;?</strong></span> <span class='ocrx_word' id='word_1_600' title='bbox 2305 3492 2323 3525; x_wconf 77' lang='grc' dir='ltr'><strong>ι</strong></span> <span class='ocrx_word' id='word_1_601' title='bbox 2360 3473 2621 3540; x_wconf 89' lang='lat' dir='ltr'><strong>Quoniam</strong></span> <span class='ocrx_word' id='word_1_602' title='bbox 2668 3479 2847 3531; x_wconf 87' lang='lat' dir='ltr'><strong>autem</strong></span> <span class='ocrx_word' id='word_1_603' title='bbox 2879 3474 3144 3529; x_wconf 85' lang='lat' dir='ltr'><strong>simulatis</strong></span> <span class='ocrx_word' id='word_1_604' title='bbox 3176 3474 3352 3530; x_wconf 83' lang='lat' dir='ltr'><strong>verbis</strong></span> 
     </span>
    </p>
   </div>
   <div class='ocr_carea' id='block_1_82' title="bbox 1831 3556 3352 3633">
    <p class='ocr_par' dir='ltr' id='par_1_82' title="bbox 1831 3556 3352 3633">
     <span class='ocr_line' id='line_1_82' title="bbox 1831 3556 3352 3633; baseline 0.005 -23"><span class='ocrx_word' id='word_1_605' title='bbox 1831 3556 2187 3625; x_wconf 88' lang='lat' dir='ltr'><strong>accedebant,</strong></span> <span class='ocrx_word' id='word_1_606' title='bbox 2221 3567 2491 3619; x_wconf 86' lang='lat' dir='ltr'><strong>tentantes</strong></span> <span class='ocrx_word' id='word_1_607' title='bbox 2535 3570 2593 3617; x_wconf 92' lang='lat' dir='ltr'><strong>ut</strong></span> <span class='ocrx_word' id='word_1_608' title='bbox 2633 3564 2808 3633; x_wconf 86' lang='lat' dir='ltr'><strong>ipsum</strong></span> <span class='ocrx_word' id='word_1_609' title='bbox 2848 3571 3097 3633; x_wconf 89' lang='lat' dir='ltr'><strong>caperent</strong></span> <span class='ocrx_word' id='word_1_610' title='bbox 3139 3562 3197 3617; x_wconf 86' lang='lat' dir='ltr'><strong>in</strong></span> <span class='ocrx_word' id='word_1_611' title='bbox 3238 3578 3352 3618; x_wconf 84' lang='lat' dir='ltr'><strong>ser-</strong></span> 
     </span>
    </p>
   </div>
   <div class='ocr_carea' id='block_1_83' title="bbox 1829 3647 3353 3721">
    <p class='ocr_par' dir='ltr' id='par_1_83' title="bbox 1829 3647 3353 3721">
     <span class='ocr_line' id='line_1_83' title="bbox 1829 3647 3353 3721; baseline 0.007 -24"><span class='ocrx_word' id='word_1_612' title='bbox 1829 3659 2006 3709; x_wconf 90' lang='lat' dir='ltr'><strong>mone,</strong></span> <span class='ocrx_word' id='word_1_613' title='bbox 2036 3653 2095 3699; x_wconf 90' lang='lat' dir='ltr'><strong>ut</strong></span> <span class='ocrx_word' id='word_1_614' title='bbox 2122 3647 2346 3717; x_wconf 91' lang='lat' dir='ltr'><strong>legimus</strong></span> <span class='ocrx_word' id='word_1_615' title='bbox 2387 3651 2526 3718; x_wconf 90' lang='lat' dir='ltr'><strong>apud</strong></span> <span class='ocrx_word' id='word_1_616' title='bbox 2567 3652 2801 3707; x_wconf 88' lang='lat' dir='ltr'><strong>divinam</strong></span> <span class='ocrx_word' id='word_1_617' title='bbox 2848 3650 3198 3720; x_wconf 85' lang='lat' dir='ltr'><strong>Scripturam,</strong></span> <span class='ocrx_word' id='word_1_618' title='bbox 3233 3667 3353 3721; x_wconf 72' lang='lat' dir='ltr'><strong>quae</strong></span> 
     </span>
    </p>
   </div>
   <div class='ocr_carea' id='block_1_84' title="bbox 1829 3729 3352 3794">
    <p class='ocr_par' dir='ltr' id='par_1_84' title="bbox 1829 3729 3352 3794">
     <span class='ocr_line' id='line_1_84' title="bbox 1829 3729 3352 3794; baseline 0.005 -9"><span class='ocrx_word' id='word_1_619' title='bbox 1829 3729 1949 3785; x_wconf 88' lang='lat' dir='ltr'><strong>illos</strong></span> <span class='ocrx_word' id='word_1_620' title='bbox 1977 3742 2162 3788; x_wconf 90' lang='lat' dir='ltr'><strong>contra</strong></span> <span class='ocrx_word' id='word_1_621' title='bbox 2194 3735 2341 3790; x_wconf 88' lang='lat' dir='ltr'><strong>illum</strong></span> <span class='ocrx_word' id='word_1_622' title='bbox 2375 3737 2509 3793; x_wconf 89' lang='lat' dir='ltr'><strong>alias</strong></span> <span class='ocrx_word' id='word_1_623' title='bbox 2534 3738 2656 3793; x_wconf 89' lang='lat' dir='ltr'><strong>aliis</strong></span> <span class='ocrx_word' id='word_1_624' title='bbox 2678 3747 2732 3793; x_wconf 91' lang='lat' dir='ltr'><strong>et</strong></span> <span class='ocrx_word' id='word_1_625' title='bbox 2759 3738 3131 3794; x_wconf 86' lang='lat' dir='ltr'><strong>occasionibus</strong></span> <span class='ocrx_word' id='word_1_626' title='bbox 3155 3746 3209 3794; x_wconf 91' lang='lat' dir='ltr'><strong>et</strong></span> <span class='ocrx_word' id='word_1_627' title='bbox 3245 3740 3352 3793; x_wconf 82' lang='lat' dir='ltr'><strong>cri-</strong></span> 
     </span>
    </p>
   </div>
   <div class='ocr_carea' id='block_1_85' title="bbox 1829 3820 3374 3898">
    <p class='ocr_par' dir='ltr' id='par_1_85' title="bbox 1829 3820 3374 3898">
     <span class='ocr_line' id='line_1_85' title="bbox 1829 3820 3374 3898; baseline 0.008 -26"><span class='ocrx_word' id='word_1_628' title='bbox 1829 3820 2062 3876; x_wconf 89' lang='lat' dir='ltr'><strong>minibus</strong></span> <span class='ocrx_word' id='word_1_629' title='bbox 2113 3829 2327 3879; x_wconf 87' lang='lat' dir='ltr'><strong>utentes</strong></span> <span class='ocrx_word' id='word_1_630' title='bbox 2358 3825 2582 3893; x_wconf 89' lang='lat' dir='ltr'><strong>inducit,</strong></span> <span class='ocrx_word' id='word_1_631' title='bbox 2633 3827 2835 3882; x_wconf 90' lang='lat' dir='ltr'><strong>idcirco</strong></span> <span class='ocrx_word' id='word_1_632' title='bbox 2876 3829 3006 3883; x_wconf 90' lang='lat' dir='ltr'><strong>illud</strong></span> <span class='ocrx_word' id='word_1_633' title='bbox 3055 3827 3296 3898; x_wconf 74' lang='lat' dir='ltr'><strong>adiungit</strong></span> <span class='ocrx_word' id='word_1_634' title='bbox 3330 3844 3374 3885; x_wconf 72' lang='grc' dir='ltr'>ι-</span> 
     </span>
    </p>
   </div>
   <div class='ocr_carea' id='block_1_86' title="bbox 1822 3908 3379 3989">
    <p class='ocr_par' dir='ltr' id='par_1_86' title="bbox 1822 3908 3379 3989">
     <span class='ocr_line' id='line_1_86' title="bbox 1822 3908 3379 3989; baseline 0.009 -29"><span class='ocrx_word' id='word_1_635' title='bbox 1822 3926 1852 3975; x_wconf 78' lang='grc' dir='ltr'><strong>¹ι</strong></span> <span class='ocrx_word' id='word_1_636' title='bbox 1882 3908 1947 3964; x_wconf 84' lang='lat' dir='ltr'><strong>Et</strong></span> <span class='ocrx_word' id='word_1_637' title='bbox 1970 3911 2367 3985; x_wconf 87' lang='lat' dir='ltr'><strong>ingrediebatur</strong></span> <span class='ocrx_word' id='word_1_638' title='bbox 2398 3929 2457 3971; x_wconf 85' lang='lat' dir='ltr'><strong>ut</strong></span> <span class='ocrx_word' id='word_1_639' title='bbox 2501 3917 2725 3984; x_wconf 89' lang='lat' dir='ltr'><strong>videret,</strong></span> <span class='ocrx_word' id='word_1_640' title='bbox 2752 3933 2887 3973; x_wconf 89' lang='lat' dir='ltr'><strong>vana</strong></span> <span class='ocrx_word' id='word_1_641' title='bbox 2916 3918 3230 3989; x_wconf 84' lang='lat' dir='ltr'><strong>loquebatur</strong></span> <span class='ocrx_word' id='word_1_642' title='bbox 3256 3934 3379 3974; x_wconf 81' lang='lat' dir='ltr'><strong>cor-</strong></span> 
     </span>
    </p>
   </div>
   <div class='ocr_carea' id='block_1_87' title="bbox 1826 3999 3351 4079">
    <p class='ocr_par' dir='ltr' id='par_1_87' title="bbox 1826 3999 3351 4079">
     <span class='ocr_line' id='line_1_87' title="bbox 1826 3999 3351 4079; baseline 0.009 -27"><span class='ocrx_word' id='word_1_643' title='bbox 1826 3999 1963 4068; x_wconf 81' lang='lat' dir='ltr'><strong>ejus,</strong></span> <span class='ocrx_word' id='word_1_644' title='bbox 2010 4004 2352 4074; x_wconf 87' lang='lat' dir='ltr'><strong>congregavit</strong></span> <span class='ocrx_word' id='word_1_645' title='bbox 2409 4006 2745 4076; x_wconf 86' lang='lat' dir='ltr'><strong>iniquitatem</strong></span> <span class='ocrx_word' id='word_1_646' title='bbox 2793 4008 2929 4072; x_wconf 86' lang='lat' dir='ltr'><strong>sibi,</strong></span> <span class='ocrx_word' id='word_1_647' title='bbox 2979 4009 3351 4079; x_wconf 77' lang='lat' dir='ltr'><strong>egrediebatur</strong></span> 
     </span>
    </p>
   </div>
   <div class='ocr_carea' id='block_1_88' title="bbox 1828 4086 3349 4165">
    <p class='ocr_par' dir='ltr' id='par_1_88' title="bbox 1828 4086 3349 4165">
     <span class='ocr_line' id='line_1_88' title="bbox 1828 4086 3349 4165; baseline 0.009 -25"><span class='ocrx_word' id='word_1_648' title='bbox 1828 4086 1976 4142; x_wconf 80' lang='lat' dir='ltr'><strong>foras</strong></span> <span class='ocrx_word' id='word_1_649' title='bbox 1999 4096 2053 4144; x_wconf 91' lang='lat' dir='ltr'><strong>et</strong></span> <span class='ocrx_word' id='word_1_650' title='bbox 2073 4090 2387 4161; x_wconf 88' lang='lat' dir='ltr'><strong>loquebatur</strong></span> <span class='ocrx_word' id='word_1_651' title='bbox 2414 4095 2470 4149; x_wconf 92' lang='lat' dir='ltr'><strong>in</strong></span> <span class='ocrx_word' id='word_1_652' title='bbox 2499 4096 2729 4165; x_wconf 88' lang='lat' dir='ltr'><strong>idipsum</strong></span> <span class='ocrx_word' id='word_1_653' title='bbox 2757 4105 2941 4152; x_wconf 88' lang='lat' dir='ltr'><strong>contra</strong></span> <span class='ocrx_word' id='word_1_654' title='bbox 2962 4097 3159 4153; x_wconf 68' lang='lat' dir='ltr'><strong>me”.i</strong></span> <span class='ocrx_word' id='word_1_655' title='bbox 3190 4096 3349 4157; x_wconf 83' lang='lat' dir='ltr'><strong>llisce</strong></span> 
     </span>
    </p>
   </div>
   <div class='ocr_carea' id='block_1_89' title="bbox 1824 4181 3351 4257">
    <p class='ocr_par' dir='ltr' id='par_1_89' title="bbox 1824 4181 3351 4257">
     <span class='ocr_line' id='line_1_89' title="bbox 1824 4181 3351 4257; baseline 0.01 -28"><span class='ocrx_word' id='word_1_656' title='bbox 1824 4192 1951 4232; x_wconf 91' lang='lat' dir='ltr'><strong>vero</strong></span> <span class='ocrx_word' id='word_1_657' title='bbox 1976 4181 2137 4257; x_wconf 83' lang='lat' dir='ltr'><strong>rebus</strong></span> <span class='ocrx_word' id='word_1_658' title='bbox 2165 4184 2446 4252; x_wconf 77' lang='lat' dir='ltr'><strong>expositis,</strong></span> <span class='ocrx_word' id='word_1_659' title='bbox 2486 4184 2739 4255; x_wconf 90' lang='lat' dir='ltr'><strong>deinceps</strong></span> <span class='ocrx_word' id='word_1_660' title='bbox 2785 4187 2958 4255; x_wconf 91' lang='lat' dir='ltr'><strong>ipsum</strong></span> <span class='ocrx_word' id='word_1_661' title='bbox 2990 4187 3140 4240; x_wconf 90' lang='lat' dir='ltr'><strong>illum</strong></span> <span class='ocrx_word' id='word_1_662' title='bbox 3179 4187 3351 4243; x_wconf 77' lang='lat' dir='ltr'><strong>scele-</strong></span> 
     </span>
    </p>
   </div>
   <div class='ocr_carea' id='block_1_90' title="bbox 1825 4265 3350 4347">
    <p class='ocr_par' dir='ltr' id='par_1_90' title="bbox 1825 4265 3350 4347">
     <span class='ocr_line' id='line_1_90' title="bbox 1825 4265 3350 4347; baseline 0.008 -28"><span class='ocrx_word' id='word_1_663' title='bbox 1825 4265 2121 4323; x_wconf 85' lang='lat' dir='ltr'><strong>stissimum</strong></span> <span class='ocrx_word' id='word_1_664' title='bbox 2150 4271 2479 4339; x_wconf 87' lang='lat' dir='ltr'><strong>proditorem</strong></span> <span class='ocrx_word' id='word_1_665' title='bbox 2529 4274 2701 4329; x_wconf 90' lang='lat' dir='ltr'><strong>verbis</strong></span> <span class='ocrx_word' id='word_1_666' title='bbox 2736 4274 2939 4330; x_wconf 92' lang='lat' dir='ltr'><strong>indicat</strong></span> <span class='ocrx_word' id='word_1_667' title='bbox 2966 4290 2981 4326; x_wconf 88' lang='lat'><strong>:</strong></span> <span class='ocrx_word' id='word_1_668' title='bbox 3013 4276 3350 4347; x_wconf 55' lang='lat' dir='ltr'><strong>quandoquie</strong></span> 
     </span>
    </p>
   </div>
   <div class='ocr_carea' id='block_1_91' title="bbox 1824 4355 3351 4437">
    <p class='ocr_par' dir='ltr' id='par_1_91' title="bbox 1824 4355 3351 4437">
     <span class='ocr_line' id='line_1_91' title="bbox 1824 4355 3351 4437; baseline 0.012 -28"><span class='ocrx_word' id='word_1_669' title='bbox 1824 4355 1945 4411; x_wconf 91' lang='lat' dir='ltr'><strong>dem</strong></span> <span class='ocrx_word' id='word_1_670' title='bbox 1990 4359 2124 4415; x_wconf 91' lang='lat' dir='ltr'><strong>illud</strong></span> <span class='ocrx_word' id='word_1_671' title='bbox 2156 4363 2351 4427; x_wconf 88' lang='lat' dir='ltr'><strong>evenit,</strong></span> <span class='ocrx_word' id='word_1_672' title='bbox 2402 4372 2461 4417; x_wconf 91' lang='lat' dir='ltr'><strong>ut</strong></span> <span class='ocrx_word' id='word_1_673' title='bbox 2488 4375 2770 4434; x_wconf 88' lang='lat' dir='ltr'><strong>postquam</strong></span> <span class='ocrx_word' id='word_1_674' title='bbox 2801 4366 2868 4421; x_wconf 92' lang='lat' dir='ltr'><strong>de</strong></span> <span class='ocrx_word' id='word_1_675' title='bbox 2898 4364 3179 4436; x_wconf 75' lang='lat' dir='ltr'><strong>prodendo</strong></span> <span class='ocrx_word' id='word_1_676' title='bbox 3208 4381 3351 4437; x_wconf 61' lang='lat' dir='ltr'><strong>prae</strong></span> 
     </span>
    </p>
   </div>
   <div class='ocr_carea' id='block_1_92' title="bbox 137 4451 1614 4533">
    <p class='ocr_par' dir='ltr' id='par_1_92' title="bbox 137 4451 1614 4525">
     <span class='ocr_line' id='line_1_92' title="bbox 137 4451 1614 4525; baseline 0.004 -20"><span class='ocrx_word' id='word_1_677' title='bbox 137 4451 240 4506; x_wconf 81' lang='grc' dir='ltr'><strong>δαν</strong></span> <span class='ocrx_word' id='word_1_678' title='bbox 260 4454 365 4507; x_wconf 75' lang='grc' dir='ltr'>τὸν</span> <span class='ocrx_word' id='word_1_679' title='bbox 395 4453 830 4523; x_wconf 71' lang='grc' dir='ltr'>ἐπικαλούμενον</span> <span class='ocrx_word' id='word_1_680' title='bbox 867 4454 1229 4525; x_wconf 83' lang='grc' dir='ltr'>Ἰσκαριώτην,</span> <span class='ocrx_word' id='word_1_681' title='bbox 1250 4457 1376 4511; x_wconf 79' lang='grc' dir='ltr'>ὄντα</span> <span class='ocrx_word' id='word_1_682' title='bbox 1404 4460 1468 4512; x_wconf 87' lang='grc' dir='ltr'><strong>ἐκ</strong></span> <span class='ocrx_word' id='word_1_683' title='bbox 1492 4459 1583 4513; x_wconf 78' lang='grc' dir='ltr'><strong>τοῦ</strong></span> <span class='ocrx_word' id='word_1_684' title='bbox 1609 4485 1614 4511; x_wconf 80' lang='grc'>‹</span> 
     </span>
    </p>
   </div>
   <div class='ocr_carea' id='block_1_93' title="bbox 1869 4451 3346 4533">
    <p class='ocr_par' dir='ltr' id='par_1_93' title="bbox 1869 4453 3346 4525">
     <span class='ocr_line' id='line_1_93' title="bbox 1869 4453 3346 4525; baseline 0.007 -25"><span class='ocrx_word' id='word_1_685' title='bbox 1869 4457 2037 4515; x_wconf 69' lang='lat' dir='ltr'><strong>aptore</strong></span> <span class='ocrx_word' id='word_1_686' title='bbox 2073 4464 2196 4507; x_wconf 91' lang='lat' dir='ltr'><strong>cum</strong></span> <span class='ocrx_word' id='word_1_687' title='bbox 2234 4453 2567 4525; x_wconf 88' lang='lat' dir='ltr'><strong>principibus</strong></span> <span class='ocrx_word' id='word_1_688' title='bbox 2602 4453 2907 4509; x_wconf 68' lang='lat' dir='ltr'><strong>Iudaeorum</strong></span> <span class='ocrx_word' id='word_1_689' title='bbox 2950 4463 3155 4525; x_wconf 72' lang='lat' dir='ltr'><strong>pactus.</strong></span> <span class='ocrx_word' id='word_1_690' title='bbox 3185 4465 3346 4519; x_wconf 88' lang='lat' dir='ltr'><strong>esset,</strong></span> 
     </span>
    </p>
   </div>
   <div class='ocr_carea' id='block_1_94' title="bbox 135 4542 1728 4622">
    <p class='ocr_par' dir='ltr' id='par_1_94' title="bbox 135 4542 1728 4622">
     <span class='ocr_line' id='line_1_94' title="bbox 135 4542 1728 4622; baseline 0.004 -27"><span class='ocrx_word' id='word_1_691' title='bbox 135 4542 285 4612; x_wconf 81' lang='grc' dir='ltr'>θμοῦ</span> <span class='ocrx_word' id='word_1_692' title='bbox 313 4545 435 4598; x_wconf 85' lang='grc' dir='ltr'><strong>τῶν</strong></span> <span class='ocrx_word' id='word_1_693' title='bbox 456 4544 839 4600; x_wconf 76' lang='grc' dir='ltr'>δώδεκα.,Καὶ</span> <span class='ocrx_word' id='word_1_694' title='bbox 864 4543 1108 4597; x_wconf 80' lang='grc' dir='ltr'>ἀπελθὼν</span> <span class='ocrx_word' id='word_1_695' title='bbox 1145 4547 1463 4618; x_wconf 89' lang='grc' dir='ltr'>συνελάλησε</span> <span class='ocrx_word' id='word_1_696' title='bbox 1484 4551 1593 4611; x_wconf 84' lang='grc' dir='ltr'>τοῖς</span> <span class='ocrx_word' id='word_1_697' title='bbox 1631 4552 1728 4622; x_wconf 88' lang='grc' dir='ltr'><strong>ἀρ-</strong></span> 
     </span>
    </p>
   </div>
   <div class='ocr_carea' id='block_1_95' title="bbox 136 4631 1724 4705">
    <p class='ocr_par' dir='ltr' id='par_1_95' title="bbox 136 4631 1724 4705">
     <span class='ocr_line' id='line_1_95' title="bbox 136 4631 1724 4705; baseline 0.002 -19"><span class='ocrx_word' id='word_1_698' title='bbox 136 4633 417 4703; x_wconf 79' lang='grc' dir='ltr'>χιερεῦσι.</span> <span class='ocrx_word' id='word_1_699' title='bbox 440 4635 541 4689; x_wconf 79' lang='grc' dir='ltr'>καὶ</span> <span class='ocrx_word' id='word_1_700' title='bbox 567 4631 977 4703; x_wconf 76' lang='grc' dir='ltr'>γραμματεῦσι,</span> <span class='ocrx_word' id='word_1_701' title='bbox 1016 4633 1111 4684; x_wconf 72' lang='grc' dir='ltr'>καὶ</span> <span class='ocrx_word' id='word_1_702' title='bbox 1143 4634 1252 4696; x_wconf 88' lang='grc' dir='ltr'>τοῖς</span> <span class='ocrx_word' id='word_1_703' title='bbox 1293 4640 1605 4705; x_wconf 82' lang='grc' dir='ltr'>στρατηγοῖς</span> <span class='ocrx_word' id='word_1_704' title='bbox 1633 4636 1724 4689; x_wconf 80' lang='grc' dir='ltr'>τοῦ</span> 
     </span>
    </p>
   </div>
   <div class='ocr_carea' id='block_1_96' title="bbox 136 4718 1725 4793">
    <p class='ocr_par' dir='ltr' id='par_1_96' title="bbox 136 4718 1725 4793">
     <span class='ocr_line' id='line_1_96' title="bbox 136 4718 1725 4793; baseline 0.004 -22"><span class='ocrx_word' id='word_1_705' title='bbox 136 4720 320 4790; x_wconf 84' lang='grc' dir='ltr'>ἰεροῢ,</span> <span class='ocrx_word' id='word_1_706' title='bbox 352 4721 445 4774; x_wconf 79' lang='grc' dir='ltr'>ἵνα</span> <span class='ocrx_word' id='word_1_707' title='bbox 484 4720 653 4775; x_wconf 82' lang='grc' dir='ltr'>αὐτὸν</span> <span class='ocrx_word' id='word_1_708' title='bbox 691 4718 918 4789; x_wconf 82' lang='grc' dir='ltr'>παραδῷ</span> <span class='ocrx_word' id='word_1_709' title='bbox 953 4718 1150 4780; x_wconf 83' lang='grc' dir='ltr'>αὐτοῖς.</span> <span class='ocrx_word' id='word_1_710' title='bbox 1190 4721 1298 4773; x_wconf 73' lang='grc' dir='ltr'><strong>Καὶ</strong></span> <span class='ocrx_word' id='word_1_711' title='bbox 1321 4723 1607 4793; x_wconf 79' lang='grc' dir='ltr'>ἐχάρησαν,</span> <span class='ocrx_word' id='word_1_712' title='bbox 1633 4725 1725 4777; x_wconf 75' lang='grc' dir='ltr'><strong>καὶ</strong></span> 
     </span>
    </p>
   </div>
   <div class='ocr_carea' id='block_1_97' title="bbox 140 4804 1723 4882">
    <p class='ocr_par' dir='ltr' id='par_1_97' title="bbox 140 4804 1723 4882">
     <span class='ocr_line' id='line_1_97' title="bbox 140 4804 1723 4882; baseline 0.003 -21"><span class='ocrx_word' id='word_1_713' title='bbox 140 4810 443 4863; x_wconf 80' lang='grc' dir='ltr'>συνέθεντο</span> <span class='ocrx_word' id='word_1_714' title='bbox 487 4808 643 4877; x_wconf 72' lang='grc' dir='ltr'>αὐτῷ</span> <span class='ocrx_word' id='word_1_715' title='bbox 687 4807 950 4877; x_wconf 87' lang='grc' dir='ltr'>ἀργύριον</span> <span class='ocrx_word' id='word_1_716' title='bbox 980 4804 1175 4859; x_wconf 80' lang='grc' dir='ltr'>δοῦναι.</span> <span class='ocrx_word' id='word_1_717' title='bbox 1200 4808 1306 4860; x_wconf 78' lang='grc' dir='ltr'><strong>Καὶ</strong></span> <span class='ocrx_word' id='word_1_718' title='bbox 1333 4810 1508 4882; x_wconf 83' lang='grc' dir='ltr'>ἐζήτει</span> <span class='ocrx_word' id='word_1_719' title='bbox 1542 4815 1723 4867; x_wconf 82' lang='grc' dir='ltr'>εὐκαι-</span> 
     </span>
    </p>
   </div>
   <div class='ocr_carea' id='block_1_98' title="bbox 136 4894 1726 4968">
    <p class='ocr_par' dir='ltr' id='par_1_98' title="bbox 136 4894 1726 4968">
     <span class='ocr_line' id='line_1_98' title="bbox 136 4894 1726 4968; baseline 0.004 -19"><span class='ocrx_word' id='word_1_720' title='bbox 136 4897 265 4968; x_wconf 84' lang='grc' dir='ltr'>ρίαν</span> <span class='ocrx_word' id='word_1_721' title='bbox 287 4895 767 4967; x_wconf 72' lang='grc' dir='ltr'>τοῦ,,παραδοῦναι</span> <span class='ocrx_word' id='word_1_722' title='bbox 795 4894 956 4946; x_wconf 79' lang='grc' dir='ltr'>αὑτὸν</span> <span class='ocrx_word' id='word_1_723' title='bbox 975 4894 1153 4957; x_wconf 84' lang='grc' dir='ltr'>αὐτοῖς</span> <span class='ocrx_word' id='word_1_724' title='bbox 1172 4894 1299 4967; x_wconf 76' lang='grc' dir='ltr'>ἄτερ</span> <span class='ocrx_word' id='word_1_725' title='bbox 1316 4899 1487 4967; x_wconf 78' lang='grc' dir='ltr'>ὄχλου.</span> <span class='ocrx_word' id='word_1_726' title='bbox 1507 4920 1526 4953; x_wconf 73' lang='grc' dir='ltr'><strong>ι</strong></span> <span class='ocrx_word' id='word_1_727' title='bbox 1547 4902 1726 4955; x_wconf 80' lang='grc' dir='ltr'>Ταῦτα</span> 
     </span>
    </p>
   </div>
   <div class='ocr_carea' id='block_1_99' title="bbox 136 4982 1718 5062">
    <p class='ocr_par' dir='ltr' id='par_1_99' title="bbox 136 4982 1718 5062">
     <span class='ocr_line' id='line_1_99' title="bbox 136 4982 1718 5062; baseline 0.003 -23"><span class='ocrx_word' id='word_1_728' title='bbox 136 4985 202 5055; x_wconf 79' lang='grc' dir='ltr'>δὴ</span> <span class='ocrx_word' id='word_1_729' title='bbox 234 4984 335 5043; x_wconf 82' lang='grc' dir='ltr'>οὖν</span> <span class='ocrx_word' id='word_1_730' title='bbox 369 4987 516 5041; x_wconf 81' lang='grc' dir='ltr'><strong>αύτά</strong></span> <span class='ocrx_word' id='word_1_731' title='bbox 548 4983 893 5046; x_wconf 76' lang='grc' dir='ltr'>θεσπίζουσα</span> <span class='ocrx_word' id='word_1_732' title='bbox 930 4985 963 5052; x_wconf 84' lang='grc' dir='ltr'>ἡ</span> <span class='ocrx_word' id='word_1_733' title='bbox 1017 4982 1150 5052; x_wconf 82' lang='grc' dir='ltr'><strong>μετά</strong></span> <span class='ocrx_word' id='word_1_734' title='bbox 1194 4990 1374 5055; x_wconf 82' lang='grc' dir='ltr'>χεῖρας</span> <span class='ocrx_word' id='word_1_735' title='bbox 1423 4991 1718 5062; x_wconf 65' lang='grc' dir='ltr'>πρόρρησις</span> 
     </span>
    </p>
   </div>
   <div class='ocr_carea' id='block_1_100' title="bbox 134 5070 1716 5146">
    <p class='ocr_par' dir='ltr' id='par_1_100' title="bbox 134 5070 1716 5146">
     <span class='ocr_line' id='line_1_100' title="bbox 134 5070 1716 5146; baseline 0.007 -23"><span class='ocrx_word' id='word_1_736' title='bbox 134 5072 388 5141; x_wconf 69' lang='grc' dir='ltr'>ἐπιλέγει</span> <span class='ocrx_word' id='word_1_737' title='bbox 403 5092 418 5105; x_wconf 79' lang='grc' dir='ltr'><strong>ο</strong></span> <span class='ocrx_word' id='word_1_738' title='bbox 442 5075 588 5126; x_wconf 72' lang='grc' dir='ltr'>«Καὶ</span> <span class='ocrx_word' id='word_1_739' title='bbox 608 5074 660 5124; x_wconf 88' lang='grc' dir='ltr'><strong>εἰ</strong></span> <span class='ocrx_word' id='word_1_740' title='bbox 688 5070 1167 5139; x_wconf 86' lang='grc' dir='ltr'>εἰσεπορεύετοτοῦ</span> <span class='ocrx_word' id='word_1_741' title='bbox 1183 5073 1323 5138; x_wconf 84' lang='grc' dir='ltr'>ἰδεῖν,</span> <span class='ocrx_word' id='word_1_742' title='bbox 1350 5078 1526 5146; x_wconf 85' lang='grc' dir='ltr'>μάτην</span> <span class='ocrx_word' id='word_1_743' title='bbox 1544 5081 1716 5134; x_wconf 85' lang='grc' dir='ltr'>ἐλάλει</span> 
     </span>
    </p>
   </div>
   <div class='ocr_carea' id='block_1_101' title="bbox 137 5160 1719 5237">
    <p class='ocr_par' dir='ltr' id='par_1_101' title="bbox 137 5160 1719 5237">
     <span class='ocr_line' id='line_1_101' title="bbox 137 5160 1719 5237; baseline 0.001 -22"><span class='ocrx_word' id='word_1_744' title='bbox 137 5161 174 5230; x_wconf 67' lang='grc' dir='ltr'><strong>ἡ</strong></span> <span class='ocrx_word' id='word_1_745' title='bbox 187 5163 389 5233; x_wconf 81' lang='grc' dir='ltr'>καρδία</span> <span class='ocrx_word' id='word_1_746' title='bbox 404 5162 602 5223; x_wconf 80' lang='grc' dir='ltr'>αὐτοῦ,</span> <span class='ocrx_word' id='word_1_747' title='bbox 624 5161 941 5228; x_wconf 82' lang='grc' dir='ltr'>συνήγαγεν</span> <span class='ocrx_word' id='word_1_748' title='bbox 967 5160 1183 5227; x_wconf 86' lang='grc' dir='ltr'>ἀνομίαν</span> <span class='ocrx_word' id='word_1_749' title='bbox 1200 5162 1389 5233; x_wconf 83' lang='grc' dir='ltr'>ἐαυτῷ.</span> <span class='ocrx_word' id='word_1_750' title='bbox 1410 5165 1719 5237; x_wconf 80' lang='grc' dir='ltr'>Ἐξεπορεύ-</span> 
     </span>
    </p>
   </div>
   <div class='ocr_carea' id='block_1_102' title="bbox 132 5247 1716 5325">
    <p class='ocr_par' dir='ltr' id='par_1_102' title="bbox 132 5247 1716 5325">
     <span class='ocr_line' id='line_1_102' title="bbox 132 5247 1716 5325; baseline 0.003 -21"><span class='ocrx_word' id='word_1_751' title='bbox 132 5264 225 5303; x_wconf 80' lang='grc' dir='ltr'><strong>ετο</strong></span> <span class='ocrx_word' id='word_1_752' title='bbox 243 5252 378 5317; x_wconf 74' lang='grc' dir='ltr'><strong>ἔξω.</strong></span> <span class='ocrx_word' id='word_1_753' title='bbox 400 5253 497 5307; x_wconf 81' lang='grc' dir='ltr'>καὶ</span> <span class='ocrx_word' id='word_1_754' title='bbox 517 5248 715 5302; x_wconf 84' lang='grc' dir='ltr'>ἐλάλει</span> <span class='ocrx_word' id='word_1_755' title='bbox 747 5248 844 5301; x_wconf 78' lang='grc' dir='ltr'>ἐπὶ</span> <span class='ocrx_word' id='word_1_756' title='bbox 866 5247 925 5298; x_wconf 78' lang='grc' dir='ltr'><strong>τὸ</strong></span> <span class='ocrx_word' id='word_1_757' title='bbox 943 5248 1085 5299; x_wconf 77' lang='grc' dir='ltr'>αὐτό.</span> <span class='ocrx_word' id='word_1_758' title='bbox 1104 5248 1228 5300; x_wconf 85' lang='grc' dir='ltr'>Κατ’</span> <span class='ocrx_word' id='word_1_759' title='bbox 1251 5251 1381 5319; x_wconf 80' lang='grc' dir='ltr'>ἐμοῦ</span> <span class='ocrx_word' id='word_1_760' title='bbox 1403 5253 1716 5325; x_wconf 77' lang='grc' dir='ltr'>ἐψιθύριζον</span> 
     </span>
    </p>
   </div>
   <div class='ocr_carea' id='block_1_103' title="bbox 134 5334 1723 5417">
    <p class='ocr_par' dir='ltr' id='par_1_103' title="bbox 134 5334 1723 5417">
     <span class='ocr_line' id='line_1_103' title="bbox 134 5334 1723 5417; baseline -0.002 -24"><span class='ocrx_word' id='word_1_761' title='bbox 134 5338 335 5404; x_wconf 67' lang='grc' dir='ltr'>πάντες</span> <span class='ocrx_word' id='word_1_762' title='bbox 350 5343 400 5395; x_wconf 82' lang='grc' dir='ltr'>οἱ</span> <span class='ocrx_word' id='word_1_763' title='bbox 414 5339 615 5409; x_wconf 85' lang='grc' dir='ltr'>ἐχθροί</span> <span class='ocrx_word' id='word_1_764' title='bbox 643 5353 778 5405; x_wconf 81' lang='grc' dir='ltr'>μου.</span> <span class='ocrx_word' id='word_1_765' title='bbox 807 5353 826 5385; x_wconf 75' lang='grc' dir='ltr'><strong>ι</strong></span> <span class='ocrx_word' id='word_1_766' title='bbox 846 5336 902 5388; x_wconf 88' lang='grc'><strong>⁸0</strong></span> <span class='ocrx_word' id='word_1_767' title='bbox 916 5334 1040 5402; x_wconf 75' lang='grc' dir='ltr'>γοῦν</span> <span class='ocrx_word' id='word_1_768' title='bbox 1058 5334 1346 5407; x_wconf 83' lang='grc' dir='ltr'>Σύμμαχος,</span> <span class='ocrx_word' id='word_1_769' title='bbox 1359 5343 1723 5417; x_wconf 77' lang='grc' dir='ltr'>ιΕἰσερχόμε-</span> 
     </span>
    </p>
   </div>
   <div class='ocr_carea' id='block_1_104' title="bbox 133 5421 1720 5505">
    <p class='ocr_par' dir='ltr' id='par_1_104' title="bbox 133 5421 1720 5505">
     <span class='ocr_line' id='line_1_104' title="bbox 133 5421 1720 5505; baseline 0.006 -27"><span class='ocrx_word' id='word_1_770' title='bbox 133 5438 290 5493; x_wconf 47' lang='lat' dir='ltr'><strong>veg;</strong></span> <span class='ocrx_word' id='word_1_771' title='bbox 321 5429 515 5498; x_wconf 71' lang='grc' dir='ltr'>φησιν,</span> <span class='ocrx_word' id='word_1_772' title='bbox 549 5443 570 5475; x_wconf 76' lang='grc' dir='ltr'><strong>ι</strong></span> <span class='ocrx_word' id='word_1_773' title='bbox 593 5421 990 5489; x_wconf 77' lang='grc' dir='ltr'>ἐπισκοπῆσαι,</span> <span class='ocrx_word' id='word_1_774' title='bbox 1037 5422 1222 5490; x_wconf 81' lang='grc' dir='ltr'>μάταια</span> <span class='ocrx_word' id='word_1_775' title='bbox 1259 5427 1433 5482; x_wconf 83' lang='grc' dir='ltr'>ἐλάλει</span> <span class='ocrx_word' id='word_1_776' title='bbox 1466 5435 1720 5505; x_wconf 71' lang='grc' dir='ltr'>ἡκαρδία</span> 
     </span>
    </p>
   </div>
   <div class='ocr_carea' id='block_1_105' title="bbox 130 5509 1709 5589">
    <p class='ocr_par' dir='ltr' id='par_1_105' title="bbox 130 5509 1709 5589">
     <span class='ocr_line' id='line_1_105' title="bbox 130 5509 1709 5589; baseline 0.014 -35"><span class='ocrx_word' id='word_1_777' title='bbox 130 5513 311 5579; x_wconf 55' lang='grc' dir='ltr'><strong>αὑτοῦ,</strong></span> <span class='ocrx_word' id='word_1_778' title='bbox 336 5512 612 5586; x_wconf 62' lang='grc' dir='ltr'>ἥθροιζεν</span> <span class='ocrx_word' id='word_1_779' title='bbox 632 5509 867 5562; x_wconf 79' lang='grc' dir='ltr'>ἀδικίαν</span> <span class='ocrx_word' id='word_1_780' title='bbox 894 5510 1069 5579; x_wconf 74' lang='grc' dir='ltr'>ἑαυτῇ.</span> <span class='ocrx_word' id='word_1_781' title='bbox 1108 5511 1480 5587; x_wconf 80' lang='grc' dir='ltr'>Ἐξερχόμενος</span> <span class='ocrx_word' id='word_1_782' title='bbox 1509 5521 1571 5574; x_wconf 86' lang='grc' dir='ltr'><strong>δέ</strong></span> <span class='ocrx_word' id='word_1_783' title='bbox 1606 5524 1709 5589; x_wconf 78' lang='grc' dir='ltr'><strong>ἔξω</strong></span> 
     </span>
    </p>
   </div>
   <div class='ocr_carea' id='block_1_106' title="bbox 1823 4542 3348 4614">
    <p class='ocr_par' dir='ltr' id='par_1_106' title="bbox 1823 4542 3348 4614">
     <span class='ocr_line' id='line_1_106' title="bbox 1823 4542 3348 4614; baseline 0.005 -21"><span class='ocrx_word' id='word_1_784' title='bbox 1823 4554 1929 4593; x_wconf 89' lang='lat' dir='ltr'><strong>non</strong></span> <span class='ocrx_word' id='word_1_785' title='bbox 1957 4542 2186 4608; x_wconf 88' lang='lat' dir='ltr'><strong>amplius</strong></span> <span class='ocrx_word' id='word_1_786' title='bbox 2225 4552 2279 4596; x_wconf 86' lang='lat' dir='ltr'><strong>ut</strong></span> <span class='ocrx_word' id='word_1_787' title='bbox 2311 4544 2516 4598; x_wconf 91' lang='lat' dir='ltr'><strong>solebat</strong></span> <span class='ocrx_word' id='word_1_788' title='bbox 2561 4543 2627 4597; x_wconf 91' lang='lat' dir='ltr'><strong>ad</strong></span> <span class='ocrx_word' id='word_1_789' title='bbox 2661 4543 2842 4599; x_wconf 89' lang='lat' dir='ltr'><strong>divina</strong></span> <span class='ocrx_word' id='word_1_790' title='bbox 2884 4555 3144 4614; x_wconf 65' lang='lat' dir='ltr'><strong>praecepta</strong></span> <span class='ocrx_word' id='word_1_791' title='bbox 3169 4543 3348 4614; x_wconf 58' lang='lat' dir='ltr'><strong>perdis</strong></span> 
     </span>
    </p>
   </div>
   <div class='ocr_carea' id='block_1_107' title="bbox 1824 4627 3349 4704">
    <p class='ocr_par' dir='ltr' id='par_1_107' title="bbox 1824 4627 3349 4704">
     <span class='ocr_line' id='line_1_107' title="bbox 1824 4627 3349 4704; baseline 0.005 -23"><span class='ocrx_word' id='word_1_792' title='bbox 1824 4630 2021 4683; x_wconf 88' lang='lat' dir='ltr'><strong>scenda</strong></span> <span class='ocrx_word' id='word_1_793' title='bbox 2063 4634 2392 4698; x_wconf 84' lang='lat' dir='ltr'><strong>conveniret,</strong></span> <span class='ocrx_word' id='word_1_794' title='bbox 2435 4648 2609 4704; x_wconf 87' lang='lat' dir='ltr'><strong>neque</strong></span> <span class='ocrx_word' id='word_1_795' title='bbox 2646 4648 2772 4688; x_wconf 89' lang='lat' dir='ltr'><strong>vero</strong></span> <span class='ocrx_word' id='word_1_796' title='bbox 2818 4627 3069 4703; x_wconf 88' lang='lat' dir='ltr'><strong>tanquam</strong></span> <span class='ocrx_word' id='word_1_797' title='bbox 3111 4634 3177 4687; x_wconf 90' lang='lat' dir='ltr'><strong>ad</strong></span> <span class='ocrx_word' id='word_1_798' title='bbox 3211 4646 3349 4702; x_wconf 61' lang='lat' dir='ltr'><strong>prato</strong></span> 
     </span>
    </p>
   </div>
   <div class='ocr_carea' id='block_1_108' title="bbox 1821 4723 3347 4793">
    <p class='ocr_par' dir='ltr' id='par_1_108' title="bbox 1821 4723 3347 4793">
     <span class='ocr_line' id='line_1_108' title="bbox 1821 4723 3347 4793; baseline 0.002 -18"><span class='ocrx_word' id='word_1_799' title='bbox 1821 4727 2088 4791; x_wconf 89' lang='lat' dir='ltr'><strong>ceptorem</strong></span> <span class='ocrx_word' id='word_1_800' title='bbox 2123 4724 2422 4788; x_wconf 89' lang='lat' dir='ltr'><strong>accederet,</strong></span> <span class='ocrx_word' id='word_1_801' title='bbox 2451 4734 2543 4779; x_wconf 91' lang='lat' dir='ltr'><strong>aut</strong></span> <span class='ocrx_word' id='word_1_802' title='bbox 2571 4726 2796 4778; x_wconf 87' lang='lat' dir='ltr'><strong>aliorum</strong></span> <span class='ocrx_word' id='word_1_803' title='bbox 2828 4739 2973 4777; x_wconf 88' lang='lat' dir='ltr'><strong>more</strong></span> <span class='ocrx_word' id='word_1_804' title='bbox 3003 4723 3347 4793; x_wconf 70' lang='lat' dir='ltr'><strong>praeceptoris</strong></span> 
     </span>
    </p>
   </div>
   <div class='ocr_carea' id='block_1_109' title="bbox 1825 4811 3344 4882">
    <p class='ocr_par' dir='ltr' id='par_1_109' title="bbox 1825 4811 3344 4882">
     <span class='ocr_line' id='line_1_109' title="bbox 1825 4811 3344 4882; baseline 0.005 -21"><span class='ocrx_word' id='word_1_805' title='bbox 1825 4811 2209 4866; x_wconf 88' lang='lat' dir='ltr'><strong>consuetudine</strong></span> <span class='ocrx_word' id='word_1_806' title='bbox 2245 4820 2507 4875; x_wconf 89' lang='lat' dir='ltr'><strong>uteretur,</strong></span> <span class='ocrx_word' id='word_1_807' title='bbox 2553 4813 2645 4869; x_wconf 90' lang='lat' dir='ltr'><strong>sed</strong></span> <span class='ocrx_word' id='word_1_808' title='bbox 2677 4821 2889 4882; x_wconf 91' lang='lat' dir='ltr'><strong>tempus</strong></span> <span class='ocrx_word' id='word_1_809' title='bbox 2935 4811 3344 4871; x_wconf 80' lang='lat' dir='ltr'><strong>duntaxatcir-</strong></span> 
     </span>
    </p>
   </div>
   <div class='ocr_carea' id='block_1_110' title="bbox 1823 4900 3347 4974">
    <p class='ocr_par' dir='ltr' id='par_1_110' title="bbox 1823 4900 3347 4974">
     <span class='ocr_line' id='line_1_110' title="bbox 1823 4900 3347 4974; baseline 0.003 -22"><span class='ocrx_word' id='word_1_810' title='bbox 1823 4900 2176 4969; x_wconf 88' lang='lat' dir='ltr'><strong>cumspiceret</strong></span> <span class='ocrx_word' id='word_1_811' title='bbox 2209 4912 2369 4974; x_wconf 88' lang='lat' dir='ltr'><strong>atque</strong></span> <span class='ocrx_word' id='word_1_812' title='bbox 2414 4905 2742 4967; x_wconf 85' lang='lat' dir='ltr'><strong>observaret,</strong></span> <span class='ocrx_word' id='word_1_813' title='bbox 2790 4918 2897 4972; x_wconf 90' lang='lat' dir='ltr'><strong>quo</strong></span> <span class='ocrx_word' id='word_1_814' title='bbox 2950 4902 3146 4965; x_wconf 80' lang='lat' dir='ltr'><strong>adoriri</strong></span> <span class='ocrx_word' id='word_1_815' title='bbox 3196 4902 3347 4961; x_wconf 84' lang='lat' dir='ltr'><strong>illum</strong></span> 
     </span>
    </p>
   </div>
   <div class='ocr_carea' id='block_1_111' title="bbox 1821 4989 3344 5062">
    <p class='ocr_par' dir='ltr' id='par_1_111' title="bbox 1821 4989 3344 5062">
     <span class='ocr_line' id='line_1_111' title="bbox 1821 4989 3344 5062; baseline 0.002 -18"><span class='ocrx_word' id='word_1_816' title='bbox 1821 4999 2021 5060; x_wconf 84' lang='lat' dir='ltr'><strong>posset.</strong></span> <span class='ocrx_word' id='word_1_817' title='bbox 2040 4989 2271 5047; x_wconf 88' lang='lat' dir='ltr'><strong>Proinde</strong></span> <span class='ocrx_word' id='word_1_818' title='bbox 2295 4995 2443 5048; x_wconf 91' lang='lat' dir='ltr'><strong>illum</strong></span> <span class='ocrx_word' id='word_1_819' title='bbox 2470 4994 2573 5049; x_wconf 90' lang='lat' dir='ltr'><strong>ista</strong></span> <span class='ocrx_word' id='word_1_820' title='bbox 2600 4994 2901 5047; x_wconf 87' lang='lat' dir='ltr'><strong>molientem</strong></span> <span class='ocrx_word' id='word_1_821' title='bbox 2933 4999 3344 5062; x_wconf 16' lang='lat' dir='ltr'><strong>aclpatrantem,</strong></span> 
     </span>
    </p>
   </div>
   <div class='ocr_carea' id='block_1_112' title="bbox 1821 5079 3348 5151">
    <p class='ocr_par' dir='ltr' id='par_1_112' title="bbox 1821 5079 3348 5151">
     <span class='ocr_line' id='line_1_112' title="bbox 1821 5079 3348 5151; baseline 0.001 -17"><span class='ocrx_word' id='word_1_822' title='bbox 1821 5080 1991 5135; x_wconf 89' lang='lat' dir='ltr'><strong>sancti</strong></span> <span class='ocrx_word' id='word_1_823' title='bbox 2020 5081 2357 5151; x_wconf 80' lang='lat' dir='ltr'><strong>evangelista:</strong></span> <span class='ocrx_word' id='word_1_824' title='bbox 2372 5084 2766 5138; x_wconf 86' lang='lat' dir='ltr'><strong>criminantur:</strong></span> <span class='ocrx_word' id='word_1_825' title='bbox 2796 5079 3027 5150; x_wconf 87' lang='lat' dir='ltr'><strong>quorum</strong></span> <span class='ocrx_word' id='word_1_826' title='bbox 3057 5080 3348 5137; x_wconf 80' lang='lat' dir='ltr'><strong>unusMat-</strong></span> 
     </span>
    </p>
   </div>
   <div class='ocr_carea' id='block_1_113' title="bbox 1819 5169 3344 5234">
    <p class='ocr_par' dir='ltr' id='par_1_113' title="bbox 1819 5169 3344 5234">
     <span class='ocr_line' id='line_1_113' title="bbox 1819 5169 3344 5234; baseline 0.003 -13"><span class='ocrx_word' id='word_1_827' title='bbox 1819 5170 1990 5224; x_wconf 73' lang='lat' dir='ltr'><strong>thzeus</strong></span> <span class='ocrx_word' id='word_1_828' title='bbox 2022 5169 2096 5223; x_wconf 90' lang='lat' dir='ltr'><strong>ita</strong></span> <span class='ocrx_word' id='word_1_829' title='bbox 2136 5172 2210 5223; x_wconf 87' lang='lat' dir='ltr'><strong>ait</strong></span> <span class='ocrx_word' id='word_1_830' title='bbox 2239 5190 2252 5225; x_wconf 89' lang='lat'><strong>:</strong></span> <span class='ocrx_word' id='word_1_831' title='bbox 2285 5190 2305 5222; x_wconf 78' lang='grc' dir='ltr'><strong>ι</strong></span> <span class='ocrx_word' id='word_1_832' title='bbox 2335 5172 2486 5226; x_wconf 89' lang='lat' dir='ltr'><strong>Tunc</strong></span> <span class='ocrx_word' id='word_1_833' title='bbox 2532 5172 2718 5226; x_wconf 87' lang='lat' dir='ltr'><strong>abiens</strong></span> <span class='ocrx_word' id='word_1_834' title='bbox 2752 5186 2892 5225; x_wconf 89' lang='lat' dir='ltr'><strong>unus</strong></span> <span class='ocrx_word' id='word_1_835' title='bbox 2937 5186 3013 5231; x_wconf 78' lang='lat' dir='ltr'><strong>ex.</strong></span> <span class='ocrx_word' id='word_1_836' title='bbox 3043 5169 3344 5234; x_wconf 85' lang='lat' dir='ltr'><strong>duodecim,</strong></span> 
     </span>
    </p>
   </div>
   <div class='ocr_carea' id='block_1_114' title="bbox 1819 5259 3345 5330">
    <p class='ocr_par' dir='ltr' id='par_1_114' title="bbox 1819 5259 3345 5330">
     <span class='ocr_line' id='line_1_114' title="bbox 1819 5259 3345 5330; baseline -0.003 -15"><span class='ocrx_word' id='word_1_837' title='bbox 1819 5261 1912 5330; x_wconf 93' lang='lat' dir='ltr'><strong>qui</strong></span> <span class='ocrx_word' id='word_1_838' title='bbox 1946 5260 2223 5316; x_wconf 89' lang='lat' dir='ltr'><strong>dicebatur</strong></span> <span class='ocrx_word' id='word_1_839' title='bbox 2253 5261 2433 5327; x_wconf 73' lang='lat' dir='ltr'><strong>ludas</strong></span> <span class='ocrx_word' id='word_1_840' title='bbox 2459 5262 2738 5316; x_wconf 87' lang='lat' dir='ltr'><strong>lscariotes</strong></span> <span class='ocrx_word' id='word_1_841' title='bbox 2765 5259 2833 5312; x_wconf 90' lang='lat' dir='ltr'><strong>ad</strong></span> <span class='ocrx_word' id='word_1_842' title='bbox 2868 5259 3138 5330; x_wconf 85' lang='lat' dir='ltr'><strong>principes</strong></span> <span class='ocrx_word' id='word_1_843' title='bbox 3165 5274 3345 5315; x_wconf 89' lang='lat' dir='ltr'><strong>sacer-</strong></span> 
     </span>
    </p>
   </div>
   <div class='ocr_carea' id='block_1_115' title="bbox 1821 5348 3345 5418">
    <p class='ocr_par' dir='ltr' id='par_1_115' title="bbox 1821 5348 3345 5418">
     <span class='ocr_line' id='line_1_115' title="bbox 1821 5348 3345 5418; baseline -0.001 -15"><span class='ocrx_word' id='word_1_844' title='bbox 1821 5349 2027 5415; x_wconf 88' lang='lat' dir='ltr'><strong>dotum,</strong></span> <span class='ocrx_word' id='word_1_845' title='bbox 2060 5352 2132 5405; x_wconf 89' lang='lat' dir='ltr'><strong>ait</strong></span> <span class='ocrx_word' id='word_1_846' title='bbox 2161 5351 2300 5405; x_wconf 87' lang='lat' dir='ltr'><strong>illis:</strong></span> <span class='ocrx_word' id='word_1_847' title='bbox 2332 5350 2473 5416; x_wconf 85' lang='lat' dir='ltr'><strong>Quid</strong></span> <span class='ocrx_word' id='word_1_848' title='bbox 2495 5351 2654 5406; x_wconf 91' lang='lat' dir='ltr'><strong>vultis</strong></span> <span class='ocrx_word' id='word_1_849' title='bbox 2683 5349 2812 5403; x_wconf 88' lang='lat' dir='ltr'><strong>mihi</strong></span> <span class='ocrx_word' id='word_1_850' title='bbox 2839 5348 2987 5415; x_wconf 90' lang='lat' dir='ltr'><strong>dare,</strong></span> <span class='ocrx_word' id='word_1_851' title='bbox 3015 5356 3068 5405; x_wconf 89' lang='lat' dir='ltr'><strong>et</strong></span> <span class='ocrx_word' id='word_1_852' title='bbox 3096 5363 3193 5418; x_wconf 89' lang='lat' dir='ltr'><strong>ego</strong></span> <span class='ocrx_word' id='word_1_853' title='bbox 3220 5362 3345 5402; x_wconf 85' lang='lat' dir='ltr'><strong>eum</strong></span> 
     </span>
    </p>
   </div>
   <div class='ocr_carea' id='block_1_116' title="bbox 1822 5437 3349 5508">
    <p class='ocr_par' dir='ltr' id='par_1_116' title="bbox 1822 5437 3349 5508">
     <span class='ocr_line' id='line_1_116' title="bbox 1822 5437 3349 5508; baseline -0.003 -11"><span class='ocrx_word' id='word_1_854' title='bbox 1822 5442 1974 5497; x_wconf 88' lang='lat' dir='ltr'><strong>vobis</strong></span> <span class='ocrx_word' id='word_1_855' title='bbox 1999 5441 2245 5496; x_wconf 72' lang='lat' dir='ltr'><strong>tradam!</strong></span> <span class='ocrx_word' id='word_1_856' title='bbox 2272 5443 2350 5497; x_wconf 88' lang='lat' dir='ltr'><strong>illi</strong></span> <span class='ocrx_word' id='word_1_857' title='bbox 2398 5450 2575 5498; x_wconf 89' lang='lat' dir='ltr'><strong>autem</strong></span> <span class='ocrx_word' id='word_1_858' title='bbox 2615 5439 3009 5497; x_wconf 84' lang='lat' dir='ltr'><strong>constituerunt</strong></span> <span class='ocrx_word' id='word_1_859' title='bbox 3024 5439 3083 5495; x_wconf 80' lang='lat' dir='ltr'><strong>,ei</strong></span> <span class='ocrx_word' id='word_1_860' title='bbox 3123 5437 3349 5508; x_wconf 76' lang='lat' dir='ltr'><strong>triginta</strong></span> 
     </span>
    </p>
   </div>
   <div class='ocr_carea' id='block_1_117' title="bbox 1823 5528 3349 5604">
    <p class='ocr_par' dir='ltr' id='par_1_117' title="bbox 1823 5528 3349 5604">
     <span class='ocr_line' id='line_1_117' title="bbox 1823 5528 3349 5604; baseline -0.003 -21"><span class='ocrx_word' id='word_1_861' title='bbox 1823 5539 2121 5601; x_wconf 89' lang='lat' dir='ltr'><strong>argenteos.</strong></span> <span class='ocrx_word' id='word_1_862' title='bbox 2154 5530 2220 5585; x_wconf 85' lang='lat' dir='ltr'><strong>Et</strong></span> <span class='ocrx_word' id='word_1_863' title='bbox 2244 5547 2309 5587; x_wconf 75' lang='lat' dir='ltr'><strong>ex</strong></span> <span class='ocrx_word' id='word_1_864' title='bbox 2337 5532 2427 5588; x_wconf 87' lang='lat' dir='ltr'><strong>illo</strong></span> <span class='ocrx_word' id='word_1_865' title='bbox 2487 5530 2756 5604; x_wconf 67' lang='lat' dir='ltr'><strong>quaerebat</strong></span> <span class='ocrx_word' id='word_1_866' title='bbox 2787 5528 3257 5600; x_wconf 72' lang='lat' dir='ltr'><strong>opportunitatem,</strong></span> <span class='ocrx_word' id='word_1_867' title='bbox 3284 5530 3349 5581; x_wconf 86' lang='lat' dir='ltr'><strong>ut</strong></span> 
     </span>
    </p>
   </div>
   <div class='ocr_carea' id='block_1_118' title="bbox 189 5654 1666 5781">
    <p class='ocr_par' dir='ltr' id='par_1_118' title="bbox 189 5675 1666 5755">
     <span class='ocr_line' id='line_1_118' title="bbox 189 5675 1666 5755; baseline 0.024 -37"><span class='ocrx_word' id='word_1_868' title='bbox 189 5687 230 5718; x_wconf 78' lang='grc' dir='ltr'><strong>ιι</strong></span> <span class='ocrx_word' id='word_1_869' title='bbox 266 5687 461 5743; x_wconf 58' lang='grc' dir='ltr'><strong>ιεοη</strong></span> <span class='ocrx_word' id='word_1_870' title='bbox 485 5693 604 5746; x_wconf 60' lang='lat' dir='ltr'><strong>xu,</strong></span> <span class='ocrx_word' id='word_1_871' title='bbox 640 5675 747 5742; x_wconf 78' lang='lat'><strong>26,</strong></span> <span class='ocrx_word' id='word_1_872' title='bbox 777 5676 866 5734; x_wconf 77' lang='grc'><strong>27.</strong></span> <span class='ocrx_word' id='word_1_873' title='bbox 934 5678 1100 5755; x_wconf 51' lang='grc' dir='ltr'>’ζιελ</span> <span class='ocrx_word' id='word_1_874' title='bbox 1133 5698 1242 5748; x_wconf 72' lang='lat' dir='ltr'><strong>mn.</strong></span> <span class='ocrx_word' id='word_1_875' title='bbox 1276 5692 1387 5749; x_wconf 63' lang='grc' dir='ltr'><strong>ινδ,</strong></span> <span class='ocrx_word' id='word_1_876' title='bbox 1478 5695 1531 5729; x_wconf 84' lang='grc'>³³</span> <span class='ocrx_word' id='word_1_877' title='bbox 1569 5696 1666 5755; x_wconf 81' lang='lat' dir='ltr'><strong>Psa</strong></span> 
     </span>
    </p>
   </div>
   <div class='ocr_carea' id='block_1_119' title="bbox 903 5654 2380 5781">
    <p class='ocr_par' dir='ltr' id='par_1_119' title="bbox 934 5654 2380 5775">
     <span class='ocr_line' id='line_1_119' title="bbox 934 5654 2380 5775; baseline 0.021 -41"><span class='ocrx_word' id='word_1_878' title='bbox 934 5678 1100 5755; x_wconf 15' lang='lat' dir='ltr'><strong>&quot;glsa.</strong></span> <span class='ocrx_word' id='word_1_879' title='bbox 1133 5698 1242 5748; x_wconf 73' lang='grc' dir='ltr'>ιιιι.</span> <span class='ocrx_word' id='word_1_880' title='bbox 1276 5692 1387 5749; x_wconf 65' lang='grc' dir='ltr'><strong>ινδ,</strong></span> <span class='ocrx_word' id='word_1_881' title='bbox 1478 5695 1531 5729; x_wconf 85' lang='grc'>³³</span> <span class='ocrx_word' id='word_1_882' title='bbox 1569 5696 1718 5758; x_wconf 81' lang='lat' dir='ltr'><strong>Psal.</strong></span> <span class='ocrx_word' id='word_1_883' title='bbox 1753 5717 1853 5770; x_wconf 72' lang='lat' dir='ltr'><strong>XL,</strong></span> <span class='ocrx_word' id='word_1_884' title='bbox 1881 5703 1932 5760; x_wconf 90' lang='lat'><strong>6.</strong></span> <span class='ocrx_word' id='word_1_885' title='bbox 2007 5705 2051 5737; x_wconf 76' lang='lat'><em>“</em></span> <span class='ocrx_word' id='word_1_886' title='bbox 2086 5705 2211 5763; x_wconf 80' lang='lat' dir='ltr'><strong>ibid.</strong></span> <span class='ocrx_word' id='word_1_887' title='bbox 2238 5676 2297 5775; x_wconf 63' lang='lat' dir='ltr'><strong>~&#39;I,</strong></span> 
     </span>
    </p>
   </div>
  </div>
