3740 6348
616 393 727 452 717

1273 388 1540 447 EUSEBII
1576 382 2045 446 CIESARIENSIS
2080 380 2231 437 OPP.
2267 380 2448 436 PARS
2482 379 2547 434 ll.
2583 407 2653 422 -ο
2688 376 2750 432 ΔΙ

1640 382 2045 444 ESARIENSIS
2080 380 2231 437 OPP.
2267 380 2448 436 PARS
2482 379 2547 434 ll.
2583 407 2653 422 -ο
2688 376 3117 434 APOLOGE‘I’ICA.

618 510 794 579 ipsum
830 505 911 559 eis
954 502 1191 558 traderet
1211 504 1275 556 ³⁸.
1328 526 1346 555 ι
1381 504 1593 559 Marcus
1636 510 1814 558 autem
1852 500 1933 555 sic
1975 513 1992 551 :
2037 515 2057 549 ι
2091 496 2095 549 ἶ

2048 515 2057 549 ι
2091 496 2155 551 Et
2182 501 2230 557 A
2256 495 2549 550 κατελάλει.
2598 491 2955 564 Ὀμοθυμαδδν
2988 480 3334 579 ὲψιθύριζονυκατ
3359 473 3525 579 ipsi???

617 557 786 657 Jhdas
821 593 1105 650 lscariotes
1141 610 1281 651 unus
1308 611 1375 650 ex
1401 594 1704 657 duodecim,
1740 592 1883 646 abiit.
1905 588 1972 643 ad
2008 588 2088 657 pri

2050 588 2157 642 rin-
2254 604 2345 650 τες
2374 587 2422 639 οἱ
2453 557 2729 656 μισοῦντές
2888 601 2908 633 ι
2941 557 3070 641 Μόνος
3103 557 3180 647 μὲν
3203 567 3262 625 οὖν
3285 569 3349 630 ὡς
3377 562 3429 618 ἃν
3448 557 3527 657 γνῷ

619 690 769 757 cipes
793 682 1130 740 sacerdotum
1161 691 1221 738 ut
1261 700 1382 740 eum
1427 685 1534 739 illis
1571 683 1824 737 traderet.
1856 678 1936 732 Illi
1978 684 2157 731 autem

620 777 900 831 audientes
927 773 1096 843 gavisi
1131 781 1275 828 sunt.
1306 773 1370 826 Et
1405 774 1766 842 promiserunt
1792 784 1850 823 se
1877 775 2155 838 argentum

616 867 669 922 ei
696 865 916 919 daturos
947 879 961 915 :
996 871 1049 918 et
1074 865 1345 933 quaerebat
1372 863 1642 933 quomodo
1674 864 1821 917 illum
1860 870 2158 930 opportune

617 954 931 1010 traderet".
971 973 990 1005 ι
1025 951 1202 1008 Lucas
1230 968 1354 1007 vero
1401 953 1456 1006 in
1500 953 1642 1005 hunc
1671 951 1889 1005 modum
1925 948 2152 1004 scribit:

622 1043 901 1097 «intravit
940 1049 1119 1097 autem
1174 1041 1402 1095 Satanas
1450 1046 1505 1094 in
1551 1039 1743 1093 Judam
1795 1038 1887 1108 qui
1935 1043 2157 1091 vocatur

618 1132 927 1195 lscariotes,
962 1148 1128 1186 unum
1159 1134 1225 1187 de
1261 1131 1566 1187 duodecim.
1606 1130 1669 1182 Et
1697 1129 1828 1182 abiit
1858 1136 1911 1183 et
1943 1130 2155 1180 locutus

616 1232 702 1280 est
720 1240 841 1279 cum
872 1225 1207 1293 principibus
1236 1225 1575 1279 sacerdotum
1608 1230 1661 1277 et
1708 1221 1898 1275 scribis
1925 1228 1979 1273 et
2003 1219 2157 1273 duci-

616 1315 720 1368 bus
753 1315 956 1383 templi,
987 1321 1046 1367 ut
1091 1329 1213 1368 eum
1247 1314 1355 1368 illis
1397 1312 1652 1366 traderet.
1686 1309 1751 1363 Et
1794 1309 1963 1379 gavisi
2006 1315 2153 1371 sunt,

617 1411 672 1458 et
706 1404 850 1472 pacti
883 1412 1008 1458 sunt
1039 1411 1321 1483 argentum
1360 1404 1436 1457 illi
1464 1403 1632 1457 dare:
1662 1408 1716 1456 et
1754 1399 2027 1469 quaerebat
2060 1412 2157 1465 op-

616 1495 1019 1564 portunitatem,
1045 1502 1101 1547 ut
1129 1494 1364 1548 traderet
1397 1494 1546 1546 illum
1577 1496 1694 1547 sine
1720 1490 1975 1544 turbis".
2010 1508 2028 1540 ι
2054 1487 2155 1540 Ea-

617 1584 738 1637 dem
769 1582 931 1649 igitur
961 1582 1101 1645 haec,
1134 1583 1443 1635 vaticinium
1476 1583 1620 1650 quod
1650 1594 1793 1634 nunc
1819 1580 1873 1633 in
1903 1577 2157 1631 manibus

616 1680 719 1735 est,
742 1687 962 1735 canens,
981 1673 1051 1725 ita
1075 1672 1178 1725 ait:
1199 1672 1295 1725 «Et
1310 1672 1702 1742 ingrediebatur
1717 1678 1774 1725 ut
1790 1669 2155 1733 videret,vana

616 1763 938 1833 loquebatur
969 1778 1063 1816 cor
1099 1763 1238 1832 ejus,
1267 1765 1610 1835 congregavit
1650 1762 1985 1832 iniquitatem
2028 1759 2152 1814 sibi.

615 1853 779 1926 ‘39
794 1853 1173 1924 Egrediebatur
1186 1854 1348 1917 foras,
1376 1863 1428 1909 et
1445 1854 1761 1923 loquebatur
1787 1853 1840 1905 in
1859 1850 2115 1918 idipsum.
2129 1866 2148 1898 ι

616 1945 817 1999 Contra
847 1960 930 1998 me
975 1945 1331 1999 susurrabant
1365 1959 1553 1999 omnes
1588 1942 1793 1997 inimici
1841 1940 1965 1994 mei.
2001 1937 2157 2009 Sym-

616 2036 843 2091 machus
872 2043 1046 2090 autem
1082 2053 1095 2087 :
1132 2054 1149 2085 ι
1181 2034 1509 2105 Ingrediens,
1538 2033 1737 2102 inquit,
1758 2038 1816 2084 ut
1840 2031 2151 2099 inspiceret,

615 2140 755 2180 vana
785 2124 1106 2195 loquebatur
1133 2138 1228 2178 cor
1255 2125 1394 2192 ejus,
1432 2122 1792 2192 congregabat
1831 2118 2154 2188 iujustitiam

618 2219 742 2272 sibi.
796 2217 1090 2286 Egrediens
1141 2225 1320 2270 autem
1377 2216 1523 2270 foras
1568 2213 1976 2283 obloquebatur.
2036 2209 2155 2264 Uno

618 2308 799 2362 animo
838 2308 1197 2364 susurrabant
1249 2314 1437 2360 contra
1484 2320 1570 2360 me
1596 2318 1787 2377 omnes
1808 2303 1900 2373 qui
1927 2303 2156 2356 oderunt

615 2415 720 2453 me.
760 2417 779 2450 ι
831 2396 990 2464 Solus
1018 2399 1181 2467 igitur
1213 2404 1467 2466 tanquam
1510 2395 1790 2449 familiaris
1817 2403 1870 2448 et
1918 2393 2156 2461 discipu-

616 2488 703 2540 lus
731 2487 1028 2557 ingressus,
1060 2485 1531 2553 circumspiciebat
1557 2491 1610 2537 et
1647 2482 1958 2553 explorabat
1985 2482 2151 2544 intus,

618 2576 846 2631 insidias
899 2577 952 2629 in
995 2576 1158 2630 corde
1202 2590 1301 2628 suo
1336 2573 1633 2627 occultans.
1659 2571 1923 2642 Egressus
1952 2576 2151 2634 autem,

617 2679 739 2717 cum
769 2662 1017 2732 pluribus
1044 2677 1150 2715 uno
1174 2661 1355 2713 animo
1382 2671 1434 2714 et
1454 2660 1510 2711 in
1542 2659 1683 2713 idem
1704 2656 2152 2726 obloquebantur,

616 2753 745 2806 dum
771 2750 1101 2805 Salvatorem
1149 2750 1381 2803 inimicis
1414 2748 1682 2809 tradebat,
1712 2754 1767 2801 et
1802 2747 2031 2800 latenter
2059 2759 2153 2813 pa-

617 2841 924 2897 ciscebatur
949 2844 1070 2894 cum
1103 2839 1434 2908 principibus
1453 2836 1760 2890 Iudaeorum
1789 2849 1913 2887 cum
1943 2835 2009 2887 de
2034 2834 2153 2888 aliis

614 2930 801 2993 rebus,
827 2937 939 2982 tum
971 2944 1097 2982 vero
1133 2928 1291 2981 etiam
1333 2927 1399 2981 de
1440 2925 1666 2995 pecunia
1695 2938 1800 2994 qua
1830 2939 1888 2978 se
1920 2922 2151 2976 traditu-

618 3036 739 3077 rum
771 3020 918 3074 illum
963 3018 1320 3089 promittebat,
1354 3025 1407 3071 et
1455 3016 1520 3070 de
1553 3030 1658 3085 qua
1710 3028 1815 3068 una
1843 3028 1966 3067 cum
2018 3011 2150 3081 ipsis

617 3109 727 3165 illis
750 3108 1082 3164 susurrabat.
1101 3106 1177 3159 Ex
1200 3121 1306 3175 quo
1332 3106 1430 3158 ait:
1455 3123 1472 3155 ι
1497 3103 1882 3174 Egrediebatur
1909 3100 2075 3167 foras,
2100 3108 2153 3157 et
2177 3127 2219 3183 α

619 3200 939 3271 loquebatur
967 3199 1022 3251 in
1074 3198 1325 3266 idipsum.
1377 3195 1651 3250 Adversus
1681 3209 1766 3249 me
1799 3192 2153 3248 susurrabant

2259 694 2356 746 μος
2375 650 2467 728 καί
2491 673 2733 745 μαθητὴς
2748 650 2822 725 πα
2830 672 2897 741 ρὰ
2916 667 3158 724 διδάσκαλον
3169 660 3321 720 εἰσιὼν,
3333 650 3527 746 rte-ptent

2256 744 2346 820 καὶ
2396 744 2815 836 κατεμάνθανεν,
2881 762 3001 814 ἔνδον
3036 758 3108 811 ἐπὶ
3143 756 3221 824 τῆς
3247 744 3407 804 ἑαυτοῦ
3444 758 3528 836 κερ

2255 859 2506 929 κρύπτων
2534 835 2654 927 τὴν
2712 854 2999 923 ἐπιϐουλήν.
3022 846 3168 913 Ἐξιὼν
3192 845 3260 907 δὲ,
3291 837 3409 911 μετὰ
3425 835 3525 929 πλευ

2255 924 2585 1018 ὁμοθυμαδὸν
2614 924 2705 999 καὶ
2739 946 2832 997 ἐπὶ
2852 943 2912 995 τὸ
2946 941 3046 994 αὐτὸ
3071 933 3313 996 κατελάλει,
3346 929 3446 990 τοῖς
3471 924 3528 994 ἒῚῙ

2255 1039 2530 1110 προδιδοὺς
2582 1038 2675 1089 τὸν
2726 1035 2965 1103 Σωτῆρα,
2995 1032 3070 1084 καὶ
3095 1024 3444 1093 συνταττόμενος
3462 1020 3525 1110 τοί

2269 1105 2528 1182 Ἰουδαίων
2571 1128 2793 1197 ἄρχουσι
2820 1122 3082 1192 λεληθότως
3118 1116 3224 1187 περὶ
3259 1105 3528 1185 ἐτέρωνηοεὶ

2257 1219 2389 1274 ἀλλὰ
2426 1219 2517 1270 καὶ
2566 1196 2689 1285 περὶ
2734 1214 2844 1267 τῶν
2888 1212 3159 1282 χρημάτων,
3187 1206 3256 1274 ἐφ’
3281 1197 3355 1264 οῖς
3386 1196 3530 1268 παραί

2257 1308 2413 1361 αὐτὸν
2444 1307 2766 1374 ὑπισχνεῖτο,
2811 1303 2940 1372 περὶ
2972 1295 3032 1353 ὧν
3066 1300 3166 1369 μετ’
3197 1294 3345 1349 αὐτῶν
3377 1288 3527 1343 ἐκεὶνι

2257 1396 2455 1467 θύριζε.
2487 1394 2574 1446 Διό
2616 1409 2777 1462 φησιν
2798 1408 2813 1422 θ
2855 1410 2873 1441 ι
2928 1387 3261 1459 Ἐξεπορεύετο
3296 1383 3414 1447 ἔξω,
3442 1381 3526 1432 καὶ

2257 1484 2347 1536 ἐπὶ
2371 1481 2432 1534 τὸ
2465 1481 2612 1533 αὐτὸ.
2645 1481 2780 1531 Κατ’
2808 1478 2942 1548 ἐμοῦ
2976 1474 3251 1546 ἐψιθύριζον
3276 1472 3457 1530 πάντες
3481 1470 3523 1519 οἱ

2259 1590 2377 1643 μου,
2398 1572 2513 1625 κατ’
2540 1569 2670 1640 ἐμοῦ
2727 1567 3014 1636 ἐλογίζοντο
3045 1565 3179 1619 κακά
3208 1580 3302 1633 μοι.
3330 1563 3490 1628 Λόγον
3520 1577 3532 1609 τ

2260 1678 2354 1730 μον
2392 1659 2672 1712 κατέθεντο
2710 1659 2830 1710 κατ’
2859 1655 3006 1725 ἐμοῦ.
3046 1674 3061 1704 ι
3102 1654 3277 1704 Ἔοικε
3298 1650 3348 1702 δὲ
3376 1648 3472 1717 τὴν
3494 1662 3530 1697 οἾ

2256 1750 2350 1819 τὴν
2407 1748 2531 1819 περὶ
2579 1747 2685 1800 τῶν
2734 1744 2999 1817 ἀργυρίων
3040 1744 3190 1810 λόγον
3227 1740 3521 1811 παράνομον

2256 1835 2585 1908 προφητείας
2602 1833 2884 1904 ὀνομάζειν
2904 1850 2916 1863 ο
2937 1834 2966 1903 ἦ
2987 1832 3071 1885 καὶ
3090 1833 3171 1883 ὅτι
3203 1830 3361 1899 ἀσεϐῆ
3381 1828 3475 1880 καὶ
3493 1843 3530 1877 π

2255 1930 2374 1982 κατ’
2431 1925 2593 1981 αὑτοῦ
2628 1925 2942 1987 διενοοῦντο,
2980 1925 3047 1988 ὡς
3084 1923 3151 1976 ἂν
3215 1922 3532 1993 σϐεσθησομι

2253 2015 2746 2086 διαφθαρησομένου
2780 2014 2915 2084 μετὰ
2947 2015 3030 2066 τὸν
3061 2014 3319 2076 θάνατον,
3334 2014 3428 2066 καὶ
3457 2029 3530 2082 μη

2257 2124 2341 2161 σιν
2385 2104 2892 2175 ἐξετασθησομένου.
2934 2103 3180 2157 Τοιοῦτον
3240 2106 3348 2177 γάρ
3384 2105 3508 2157 ἐστι

2254 2200 2282 2251 ὁ
2311 2196 2643 2266 κοιμώμενος
2669 2195 2788 2264 οὐχὶ
2820 2192 3106 2264 προσθήσει
3132 2194 3233 2248 τοῦ
3260 2195 3532 2264 ἀναστῆνα

2254 2288 2568 2357 λευκότερον
2610 2288 2638 2340 ό
2678 2285 2968 2355 Σύμμαχος
2996 2283 3265 2355 ἐξέφηνεν
3299 2285 3468 2339 εἰπών
3491 2302 3506 2315 ·

2256 2377 2363 2432 σὼν
2385 2376 2557 2429 οὐκέτ’
2589 2378 2948 2446 ἀναστήσεται
2967 2391 3010 2439 ;ι
3041 2376 3069 2426 ὁ
3095 2375 3155 2427 δέ
3195 2377 3441 2440 ’Δκύλας
3474 2393 3532 2443 φτ

2251 2467 2312 2530 ὃς
2337 2467 2405 2520 ἂν
2429 2465 2687 2539 κοιμηθῇ,
2718 2466 2779 2518 οὒ
2820 2464 3116 2536 προσθήσει
3154 2467 3263 2519 τοῦ
3320 2465 3532 2534 ἀναϐιτῆ

2253 2556 2425 2609 ταῦτα
2456 2556 2536 2609 ἔτι
2569 2555 2761 2618 κοινῶς
2788 2554 2914 2624 περὶ
2943 2554 3166 2607 πάντων
3203 2555 3442 2628 εἴρηται
3470 2557 3532 2609 τί

2253 2645 2442 2716 καιρὸν
2502 2644 2597 2700 τοῦ
2645 2644 2848 2708 πάθους
2887 2644 3454 2701 ἐπιϐεϐουλευκότων
3501 2665 3530 2699 o

2251 2734 2309 2786 δὲ
2365 2733 2526 2787 πάλιν
2565 2734 2693 2805 περὶ
2723 2733 2817 2786 τοῦ
2867 2732 3155 2803 προδότου,
3184 2736 3275 2799 ὡς
3327 2738 3396 2791 ἂν
3431 2753 3528 2806 πε(

2252 2822 2433 2885 θέντος
2464 2823 2632 2893 αὐτῷ,
2668 2823 2791 2894 ἑξῆς
2835 2823 3091 2893 ἐπιφέρει
3116 2825 3358 2893 λέγων’
3399 2846 3415 2878 ι
3456 2830 3526 2879 Kx

2251 2910 2465 2982 θρωπος
2520 2914 2622 2983 τῆς
2678 2914 2898 2984 εἰρήνης
2938 2931 3067 2983 μου,
3108 2916 3207 2982 ἐφ’
3241 2916 3315 2969 ὃν
3356 2917 3528 2989 ﬁlum:

2249 3002 2447 3072 ἄρτους
2479 3020 2603 3073 μου,
2636 3003 2969 3074 ἐμεγάλυνεν
3016 3004 3112 3056 ἐπ’
3152 3005 3275 3075 ἐμὲ
3319 3024 3526 3078 πτερνι

2251 3088 2311 3145 οὗ
2344 3094 2503 3147 πάλιν
2535 3096 2564 3146 ό
2593 3094 2906 3166 Σύμμαχος,
2938 3113 2957 3145 ι
2983 3096 3106 3147 Kal.
3134 3096 3503 3171 ἄνθρωπος,

2252 3183 2498 3253 είρήνευέ
2552 3200 2662 3254 μοι,
2812 3183 3174 3248 ἐπεποίθειν,
3253 3189 3526 3243 amasset:

619 3270 808 3346 omnes
841 3288 1043 3342 inimici
1071 3288 1195 3341 mei.
1225 3286 1522 3340 Adversum
1550 3300 1636 3339 me
1673 3283 1981 3354 cogitabant
2014 3296 2096 3334 ma

2045 3281 2152 3335 mla
2244 3270 2400 3339 ἐμὸν,
2433 3271 2887 3343 κατεμεγαλύνθη
2927 3290 3063 3343 μου.
3115 3294 3138 3325 ι
3204 3278 3522 3349 Χεῐριστο

616 3381 771 3436 mihi.
815 3379 1047 3433 Verbum
1107 3377 1349 3449 iniquum
1418 3374 1815 3430 constituerunt
1868 3373 2153 3428 adversum

617 3471 794 3539 me".
838 3487 856 3521 ι
886 3467 1111 3523 Videtur
1167 3475 1347 3522 autem
1401 3466 1702 3537 pactionem
1759 3463 1827 3519 de
1866 3463 2150 3533 argenteis,

622 3562 844 3616 verbum
872 3558 1138 3629 iniquum,
1162 3556 1474 3627 prophetice
1518 3556 1799 3609 nominare
1829 3572 1844 3608 :
1879 3561 1973 3607 aut
1992 3551 2154 3610 etiam

623 3653 694 3706 ita
725 3651 877 3711 dicit,
908 3659 1189 3719 pmpterea
1220 3647 1364 3717 quod
1394 3645 1597 3702 nefaria
1623 3652 1677 3701 et
1696 3645 1879 3714 iniqua
1899 3644 2156 3699 adversus

623 3742 774 3795 illum
814 3739 1141 3807 cogitabant,
1166 3743 1348 3805 utpote
1394 3737 1488 3805 qui
1527 3735 1677 3787 illum
1710 3732 2155 3803 exstinguendum

2248 3361 2500 3414 ἁπάντων
2545 3362 2639 3414 καὶ
2695 3363 3119 3432 ἐναργέστατος
3156 3369 3192 3418 ὀ
3233 3370 3416 3437 μετὰ
3437 3387 3525 3422 κοι

2249 3450 2345 3504 καὶ
2370 3449 2466 3521 τὴν
2501 3451 2559 3502 ἐν
2615 3449 2794 3519 λόγοις
2833 3451 2933 3504 τοῦ
2995 3454 3407 3511 διδασκάλου
3467 3476 3526 3528 τε

2250 3540 2415 3610 χείρω
2469 3540 2699 3610 τραπεὶς
2723 3580 2739 3606 ,
2790 3541 2887 3593 καὶ
2945 3545 3080 3606 τοῖς
3143 3544 3487 3611 ἐναντίοις

2250 3630 2737 3701 ἀπαμειψάμενος.
2781 3630 2929 3684 Ἀλλ’
2965 3634 3351 3709 ἐπειδήπερ
3406 3640 3520 3691 ἐπι

2251 3719 2436 3790 ἐχθροὶ
2459 3721 2643 3789 ἔλεγον
2666 3737 2681 3752 ο
2713 3739 2731 3772 ι
2759 3722 2902 3775 Πότε
2932 3723 3431 3791 ἀποθανεῖται,
3483 3747 3525 3783 κ

2251 3808 2420 3880 ὄνομα
2443 3810 2606 3864 αὐτοῦ
2630 3827 2677 3876 ;ι
2719 3811 2891 3882 ᾤοντό
2921 3830 2994 3867 τε
3024 3816 3488 3888 κοιμηθέντα
3516 3837 3530 3888 ι

2255 3901 2464 3967 σεσθαι,
2508 3901 2700 3954 τούτου
2762 3904 2930 3974 χάριν
2995 3904 3213 3970 αὐτὸς
3271 3910 3314 3961 ὁ
3372 3911 3532 3964 Σωτ

622 3839 677 3884 et
712 3835 830 3894 post
860 3842 1046 3881 necem
1089 3825 1429 3888 abolendum,
1463 3840 1637 3893 neque
1666 3822 1894 3893 amplius
1916 3823 2053 3877 inter
2076 3821 2154 3875 vi-

625 3929 722 3969 vos
754 3913 1133 3984 requirendum
1178 3913 1589 3967 arbitrarentur.
1621 3910 1750 3965 Tale
1787 3917 1870 3964 est
1915 3909 2057 3967 enim
2088 3907 2155 3961 il-

622 4004 715 4059 lud
752 4024 765 4059 :
802 4022 821 4056 ι
853 4002 1106 4072 Nunquid
1134 4004 1224 4073 qui
1251 4003 1469 4070 dormit,
1499 4019 1606 4057 non
1651 4002 1864 4070 adjiciet
1892 4007 1948 4053 ut
1977 4014 2098 4053 resu

2053 4014 2157 4053 ηπ.
2251 3990 2409 4060 ⁴ἡμῶν
2439 3991 2696 4044 τάναντία
2742 3991 2971 4056 τούτοις
3032 3995 3481 4067 εὐχόμενος,

623 4103 714 4168 gat
751 4095 832 4149 “2
862 4113 882 4146 ι
931 4094 1074 4164 quod
1120 4093 1347 4147 lucidius
1396 4093 1617 4163 protulit
1676 4090 2029 4162 Symmachus
2073 4089 2100 4143 li

2073 4089 2158 4145 his
2256 4096 2388 4144 σεως
2445 4080 2737 4143 ἀκωλύτως
2801 4086 3010 4153 τυχεῖν
3085 4085 3327 4151 ἀξιῶν
3382 4091 3516 4145 τὸν

622 4185 849 4240 verbis:
904 4201 922 4234 ι
972 4181 1037 4235 Et
1080 4181 1169 4249 qui
1217 4180 1414 4234 cecidit
1470 4196 1578 4234 non
1631 4180 1772 4233 ultra
1832 4186 2091 4247 resurget.

2056 4186 2091 4231 t.
2133 4196 2151 4229 ›
2259 4190 2279 4221 ί
2309 4172 2380 4224 Σὺ
2412 4172 2488 4235 δὲ,
2522 4171 2715 4243 Κύριε,
2749 4172 2993 4242 ἐλέησόν
3033 4192 3157 4245 με,
3226 4181 3372 4233 καὶ,
3449 4183 3531 4235 ὰς.

623 4275 815 4345 Aquila
847 4286 990 4335 vero,
1051 4290 1068 4320 ι
1104 4269 1299 4339 thui,
1330 4271 1526 4339 inquit,
1559 4267 1857 4330 dormierit,
1891 4282 1994 4321 non
2025 4267 2100 4335 ad}

2058 4266 2159 4335 dji-
2254 4261 2615 4315 ἀνταποδώσω
2639 4263 2846 4326 αὐτοϊς,
2890 4265 2998 4318 Ἐν
3038 4260 3297 4337 τούτξρ
3333 4269 3531 4339 {WE

623 4364 732 4418 ciet
759 4367 819 4414 ut
847 4367 1093 4429 resurgat
1118 4358 1202 4412 “z
1246 4378 1264 4409 ι
1294 4368 1347 4414 et
1374 4360 1488 4414 hazc
1529 4358 1745 4429 quidem
1792 4356 1967 4410 adhuc
2013 4371 2100 4409 cor

2053 4371 2162 4409 om-
2260 4367 2347 4419 με,
2377 4352 2541 4403 ὅτιού
2578 4350 2653 4421 μὴ
2689 4353 2935 4425 ἐπιχαρῇ
2980 4357 3019 4407 ὁ
3083 4357 3382 4428 ἐχθρός
3424 4380 3530 4432 μο

624 4451 862 4506 muniter
899 4448 968 4503 de
1016 4448 1284 4502 universis
1339 4449 1482 4503 dicta
1512 4456 1659 4509 sunt,
1713 4446 1805 4516 qui
1853 4446 1953 4501 sub
1984 4445 2099 4514 ipsu

2052 4460 2155 4499 sum
2190 4444 2232 4498 ι)
2259 4438 2520 4509 πρόδηλόν
2555 4455 2620 4507 γε
2657 4441 2783 4494 τίνα
2832 4444 3081 4514 τρόπον
3126 4449 3346 4516 μετὰ
3392 4452 3529 4523 τὴς.

625 4540 898 4613 passionis
938 4548 1150 4609 tempus
1178 4537 1401 4594 insidias
1432 4539 1509 4592 illi
1541 4538 1800 4593 fecerunt.
1831 4536 2100 4592 Atseorsu

2039 4552 2155 4592 sum
2255 4543 2437 4579 στασιν
2460 4527 2644 4594 αὐτοῦ,
2676 4533 3065 4603 παραχρῆμα.
3143 4538 3302 4589 καὶ
3350 4541 3514 4595 οὐκ

626 4633 698 4687 de
715 4631 1006 4701 proditore,
1061 4640 1311 4699 tanquam
1340 4628 1405 4682 de
1434 4643 1499 4682 eo
1518 4643 1673 4697 quem
1698 4627 1810 4697 ipse
1834 4637 1893 4681 ut
1924 4627 2103 4695 (ιίεοὶρι

2052 4628 2160 4695 ip“-
2259 4618 2390 4687 ἦλθε
2437 4620 2563 4680 τοὺς
2611 4621 3263 4691 ἐπιϐεϐουλευκότας
3342 4633 3529 4686 αὐτὸ

628 4723 737 4776 lum
770 4722 1111 4784 instituisset,
1147 4721 1398 4789 deinceps
1449 4717 1711 4788 adiungit,
1737 4716 1923 4773 dicens
1958 4732 1970 4768 :
2014 4736 2033 4769 ι
2069 4715 2105 4769 Ε

2069 4715 2161 4769 Et.
2254 4709 2399 4770 ὅπως
2429 4724 2489 4761 τε
2516 4711 2545 4762 ό
2576 4711 2770 4781 ἐχθρὸς
2797 4712 3023 4778 αὐτοῦ,
3072 4714 3317 4788 ζωῆς
3372 4739 3527 4791 ann

629 4814 772 4867 enim
796 4813 957 4867 homo
989 4812 1137 4882 pacis
1171 4824 1319 4875 meat,
1350 4809 1407 4863 in
1458 4824 1565 4878 quo
1593 4808 1822 4878 speravi,
1852 4807 1940 4877 qui
1971 4807 2104 4860 edcb

2040 4807 2160 4860 cbat
2256 4797 2618 4871 κατῃσχύνθη,
2642 4799 2786 4855 ὥστε
2809 4805 2939 4869 τοὺς
2982 4808 3236 4862 ὲπονε
3251 4811 3515 4878 ιδίζον

630 4915 795 4967 panes
825 4906 996 4968 meos,
1026 4900 1382 4972 magniﬁcavit
1427 4914 1589 4969 super
1630 4913 1715 4952 me
1766 4896 2107 4967 supplantatit

1995 4896 2156 4951 ratio-
2260 4907 2373 4953 σου,
2397 4889 2614 4953 θάνατε,
2640 4891 2704 4944 τὸ
2722 4892 2961 4967 κέντρον
2988 4913 3015 4962 ;
3058 4899 3226 4953 πηοῦ
3280 4919 3469 4969 σου,

636 5005 757 5043 nem
787 4993 853 5046 δι.
883 5014 902 5046 ι
933 4994 1039 5049 Pro
1071 5011 1176 5063 quo
1205 5008 1417 5048 rursum
1441 4990 1791 5064 Symmachus
1825 5011 1837 5046 :
1864 4990 1957 5044 «Et
1978 4990 2156 5051 homo,

634 5074 827 5146 inquit,
850 5082 941 5146 qui
973 5097 1153 5149 pacem
1180 5083 1405 5138 habebat
1432 5097 1661 5145 mecum,
1693 5082 1781 5135 cui
1807 5079 2160 5140 conlidebam,

634 5162 919 5220 comedens
963 5182 1168 5223 mecum
1197 5186 1386 5240 panem
1435 5186 1634 5239 meum,
1669 5170 2035 5241 magniﬁcatus
2079 5172 2166 5220 est

636 5257 823 5302 contra
878 5266 981 5307 me.
1017 5273 1036 5305 ι
1099 5255 1372 5315 Pessimus
1412 5263 1558 5319 enim
1612 5276 1797 5317 revera
1841 5257 2079 5313 omnium
2110 5261 2164 5310 et

638 5336 1104 5409 sceleratissimus,
1131 5348 1223 5416 qui
1251 5357 1373 5420 post
1428 5363 1767 5409 communem
1819 5359 2077 5408 mensam,
2110 5352 2162 5398 et

634 5432 758 5496 1³0³⁸
804 5426 909 5480 cibi
956 5429 1093 5485 inter
1122 5439 1283 5496 verba
1320 5446 1665 5515 pmceptoris
1717 5436 2156 5508 assumptionem,

707 5596 974 5686 113?”.“3-
1007 5616 1161 5669 “mo
1200 5610 1281 5670 Η.
1360 5616 1403 5649 ³⁸
1443 5613 1604 5678 Marc.
1642 5634 1751 5685 xiv,
1790 5616 1872 5684 l0,
1905 5615 1988 5669 11.
2062 5611 2104 5665 ⁸7
2142 5607 2184 5664 L

1148 5644 1161 5669 ι
1200 5610 1281 5670 ll.
1360 5616 1403 5649 ³⁸
1443 5613 1604 5678 Marc.
1642 5634 1751 5685 xiv,
1790 5616 1872 5684 l0,
1905 5615 1988 5669 11.
2062 5611 2104 5665 ⁸7
2142 5607 2273 5665 Luc.
2311 5626 2456 5681 xxu,
2489 5616 2546 5686 3,
2571 5622 2625 5681 6.

638 5666 684 5701 δι
720 5666 968 5739 iniusto.

2271 4977 2536 5049 Ἐντυχὼν
2566 4979 2627 5033 δέ
2653 5000 2739 5047 τις
2767 4990 2892 5052 ταῖς
2922 4990 3133 5059 μετὰ
3176 4993 3338 5065 τὴν
3388 4997 3490 5049 ἀν

2265 5086 2353 5137 ρος
2375 5070 2533 5141 ἡμῶν
2570 5075 2838 5148 ἱστορίαις
2865 5080 2952 5152 τῷ
3022 5084 3419 5158 Ἰωσήπῳ
3465 5106 3476 5117 ’

2262 5162 2360 5225 τὰς
2391 5166 2760 5235 μετελθούσας
2793 5173 2857 5226 τὸ
2890 5175 3293 5231 Ἰουδαίων
3358 5180 3462 5233 ἔθ’

2263 5267 2361 5314 τας
2391 5253 2573 5311 αὐτῶν
2608 5262 2932 5333 συμφορὰς,
2985 5262 3125 5330 αἷς
3187 5269 3448 5323 εἰκότι

2349 5344 2611 5436 ἐπίχειρα
2632 5345 2708 5406 ὧν
2748 5355 2831 5419 είς
2892 5357 3123 5414 αὐτὸν
3197 5360 3438 5436 ἔδρας·

2263 5433 2374 5486 Καὶ
2392 5437 2569 5495 ταῦτα
2606 5443 2708 5514 μὲν
2735 5446 2822 5511 είς
2858 5451 3203 5519 ἐκείνους
3273 5433 3428 5511 Et).

2737 5628 2783 5659 "‘
2826 5628 3008 5691 Psal.
3071 5654 3216 5710 λι,
3272 5642 3353 5712 7,
3393 5643 3428 5702 ε
