3740 6332
79 386 194 441 729
1044 392 1685 461 DEMONSTRATIONIS
1720 405 2167 467 EYANGELICE
2206 412 2334 468 LIB.
2371 414 2436 468 Χ.
3214 425 3312 483 756

79 502 184 570 τὴν
218 500 590 597 πρόρρησινὲο
640 503 742 597 τοῦ
773 505 829 559 δὲ
866 508 1109 581 Σωτῆρος
1136 514 1289 584 ἡμῶν
1313 518 1346 587 ἠ
1375 519 1439 570 ἑκ
1469 519 1625 589 νεκρῦ

1769 538 1830 578 se
1852 524 1921 579 ad
1944 526 2205 581 deteriora
2231 529 2517 595 convertit,
2538 537 2591 583 et
2619 533 2909 588 contrariis
2938 529 3108 587 rebus
3126 551 3246 592 eum
3275 554 3311 597 η

80 591 412 653 ἀνάστασις
467 591 689 657 διέδειξε
742 600 854 659 τοῖς
881 601 1062 663 πᾶσιν,
1093 604 1237 667 ὅπως
1265 607 1321 657 ὲν
1352 607 1499 677 αὐτῷ
1528 609 1625 662 eos

1767 629 1878 682 quo
1895 615 2204 684 juvabatur,
2244 624 2298 673 et
2324 591 2583 674 beneficia
2611 619 2878 688 capiebat,
2912 591 3303 684 remuneravit.

81 697 263 751 κησεν
320 683 359 734 ὁ
414 683 641 753 Πατὴρ,
702 685 762 748 ὃς
817 690 912 741 καὶ
975 692 1134 756 αὐτὸς
1179 694 1416 750 διδάσκει
1465 697 1625 766 λέγων

1766 706 1835 760 At
1894 683 2022 762 vero
2072 709 2324 777 quoniam
2376 708 2581 763 inimici
2652 683 2968 767 insidiantes
3033 713 3300 784 dicebant,

86 792 106 821 ι
152 771 437 841 Ἐλέησόν
470 790 561 843 με,
598 775 692 827 καὶ
733 777 1035 849 ἀνάστησόν
1072 800 1157 853 με,
1192 786 1285 837 καὶ
1317 787 1625 842 ἀπαποδὼσ

1773 817 1792 849 ι
1815 799 2029 867 quando
2059 771 2336 863 morietur,
2361 808 2412 854 et
2439 799 2633 869 peribit
2657 815 2853 856 nomen
2874 803 2997 871 ejus
3021 803 3045 857 ?
3076 824 3095 857 ι
3119 813 3172 861 et
3200 771 3302 877 pu:

80 864 301 921 αὐτοῖς.
342 863 440 916 Ἐν
476 863 656 934 τούτῳ
698 865 889 934 ἔγνων,
932 871 1014 923 ὅτι
1060 875 1350 946 τεθέληκάς
1381 894 1468 947 με,
1500 880 1580 932 ὄτι
1610 898 1625 933 ι

1766 863 1949 942 labant
1984 897 2158 944 morte
2199 863 2455 959 sopitum-
2479 906 2588 944 non
2648 892 2878 960 amplius
2907 863 3298 963 surrecturum,

84 952 160 1022 μὴ
192 952 454 1023 ὲπιχαρῇ
481 955 511 1006 ό
532 954 728 1026 ἐχθρός
763 974 860 1027 μου
892 962 977 1013 ἐπ’
1005 964 1143 1032 ἐμοί.
1183 983 1202 1016 ι
1245 967 1461 1031 Τούτοις
1497 970 1625 1022 ὲπιλι

1767 976 1969 1031 idcirco
1991 978 2105 1047 ipse
2138 952 2383 1032 Salvator
2410 995 2472 1033 ac
2510 952 2765 1034 Dominus
2799 978 2961 1051 470
3002 992 3187 1039 noster
3212 952 3300 1042 his

80 1058 208 1109 γει*
252 1063 273 1092 ι
321 1043 501 1113 Ἐμοῦ
554 1044 614 1097 δὲ
661 1045 750 1100 διὰ
775 1048 871 1118 τὴν
911 1052 1138 1107 ἀκακίαν
1176 1057 1482 1112 ἀντελάὸου.
1517 1077 1537 1110 ι
1563 1060 1625 1113 Kc

1766 1067 1987 1121 adversa
2016 1075 2286 1136 precatur,
2314 1077 2365 1122 et
2384 1068 2665 1123 reditionis
2692 1070 2758 1123 ad
2791 1071 2955 1124 vitam
2982 1073 3099 1127 sine
3125 1074 3298 1145 impe-

79 1135 241 1204 τήρει
267 1149 339 1200 γε
367 1134 500 1186 τίνα
531 1137 734 1205 τρόπον
763 1139 909 1209 αὐτῷ
933 1141 1010 1211 τῷ
1037 1143 1152 1213 Θεῷ
1177 1146 1271 1197 καὶ
1308 1147 1478 1217 Πατρὶ
1507 1149 1625 1201 αὑτς

1764 1134 2098 1211 dimento‘se
2127 1168 2422 1226 compotem
2457 1158 2569 1213 fleri
2600 1158 2813 1214 Patrem
2848 1177 3005 1216 suum
3050 1174 3186 1227 orat,
3215 1165 3301 1220 dic

80 1223 180 1292 τὴν
232 1222 418 1293 εὐχὴν
479 1225 857 1296 ἀναπέμπων,
914 1232 1006 1283 ἐπὶ
1066 1234 1297 1306 τοσαύτῃ
1363 1236 1625 1308 τεθάρῥηκ

1762 1260 1928 1300 cens:
1963 1264 1981 1296 r
2016 1246 2093 1300 Tu
2117 1256 2312 1311 autem,
2344 1249 2583 1313 Domine,
2620 1250 2871 1307 miserere
2913 1253 3040 1317 mei,
3076 1262 3128 1309 et
3177 1249 3307 1310 sus;

82 1314 410 1384 παρρησίᾳ,
436 1314 518 1378 ὼς
545 1317 783 1371 ἀκακίαν
806 1321 979 1391 ἑαυτῷ
1006 1329 1314 1396 μαρτυρεῖν,
1333 1328 1507 1381 καίτοι
1534 1330 1625 1381 άνο

1763 1335 1868 1388 cita
1892 1351 1995 1399 me,
2030 1344 2080 1390 et
2105 1338 2393 1391 retribuam
2428 1340 2527 1394 eis.
2558 1339 2615 1394 In
2646 1342 2748 1397 hoc
2778 1344 3003 1413 cognovi
3029 1342 3170 1413 quod
3207 1358 3300 1399 vo-

84 1400 229 1469 τέρω
253 1402 486 1470 φήσας’
524 1422 545 1454 r
588 1406 769 1459 Ἴασαι
804 1410 901 1478 τὴν
947 1409 1118 1481 ψυχήν
1150 1430 1270 1482 μου,
1303 1416 1384 1467 ὅτι
1423 1417 1625 1487 ἥμαρτε

1764 1424 1909 1478 luisti
1944 1441 2046 1489 me,
2076 1428 2217 1495 quod
2251 1443 2355 1481 non
2387 1429 2641 1497 gaudebit
2664 1400 2916 1488 inimicus
2952 1400 3107 1490 meus
3136 1449 3301 1505 super

86 1506 188 1541 σοι.
224 1508 247 1540 ι
300 1490 479 1544 Ἀλλὰ
509 1494 575 1546 τὸ
609 1495 730 1563 μὲν,
762 1515 781 1546 t
811 1497 1050 1568 ἥμαρτόν
1084 1518 1185 1563 σοι,
1230 1522 1248 1552 ι
1273 1504 1459 1568 ὁποίας
1491 1505 1625 1576 ἔχετε

1762 1530 1847 1567 me
1869 1515 1933 1569 δ’.
1974 1535 1992 1567 ι
2034 1515 2096 1569 Et
2123 1533 2253 1572 sane
2282 1519 2425 1573 haud
2460 1522 2749 1576 obscurum
2780 1531 2885 1587 est,
2916 1539 3072 1594 quem
3099 1526 3153 1579 in
3182 1540 3300 1580 mo-

84 1578 337 1642 διανοίας-
388 1583 884 1655 προδιειλήφαμεν.
922 1589 1026 1641 Καὶ
1056 1592 1083 1642 ό
1110 1591 1394 1662 Σύμμαχος
1424 1595 1479 1647 δὲ
1509 1612 1625 1663 σαφε

1761 1606 1888 1659 dum
1918 1614 2199 1676 postquam
2228 1625 2258 1663 a
2285 1613 2510 1666 mortuis
2540 1612 2718 1675 rediit,
2745 1578 3013 1686 evestiéio
3034 1632 3206 1686 neque
3224 1618 3299 1671 ita

89 1686 277 1742 στερον
309 1672 676 1743 παρέστησεν
715 1676 913 1729 εἰπών·
942 1697 960 1729 ι
994 1681 1168 1734 Ἴασαι
1203 1683 1304 1752 τὴν
1338 1684 1512 1754 ψυχήν
1542 1702 1625 1755 μοι

1760 1672 1935 1748 multo
1950 1672 2091 1765 post,
2110 1713 2202 1753 eos
2234 1700 2325 1769 qui
2348 1701 2424 1754 illi
2471 1702 2698 1758 insidias
2729 1672 3039 1760 struxerant
3066 1672 3310 1773 retribu-p

90 1762 181 1813 καὶ
241 1763 293 1813 εί
340 1763 610 1833 ἥμαρτόν
672 1780 789 1818 σοι’
832 1785 849 1816 ι
882 1767 910 1819 ὃ
937 1770 1028 1821 καὶ
1059 1771 1185 1822 αὐτὸ
1223 1771 1412 1839 λέγοιτ’
1443 1773 1507 1827 ἃν
1539 1792 1625 1844 πει

1762 1787 1839 1841 tio
1868 1762 1977 1840 ulta
2015 1788 2105 1855 sit,
2137 1762 2301 1859 utque
2352 1805 2434 1854 ea,
2459 1807 2578 1861 quae
2613 1793 2732 1848 vita:
2775 1794 2892 1863 ejus
2926 1795 3141 1850 inimica
3182 1802 3299 1851 erat

89 1850 193 1904 τῶν
223 1853 534 1924 ἡμετέρων
559 1856 986 1928 ἁμαρτημάτων,
1009 1859 1147 1931 άπερ
1171 1863 1199 1912 ό
1224 1863 1406 1934 Σωτὴρ
1432 1865 1625 1918 καὶ·Κί

1762 1889 1928 1939 mors,
1977 1877 2048 1930 sit
2092 1850 2298 1947 pudore
2340 1850 2588 1948 confusa,
2640 1883 2774 1937 adeo
2804 1850 2923 1938 'illa
2970 1885 3186 1956 quidem
3238 1893 3300 1941 ut

97 1958 203 2011 ριος
236 1943 405 2012 ἡμῶν
434 1947 522 2008 είς
580 1947 772 2000 ἑαυτὸν
808 1949 1101 2015 ἀνεδέξατο.
1151 1952 1222 2004 Τὸ
1249 1953 1328 2015 δὲ,
1362 1973 1381 2004 ι
1430 1956 1625 2026 Ἐμοῦί

1762 1968 1917 2038 quasi
1949 1943 2202 2036 probrum
2232 1971 2280 2024 ei
2327 1971 2645 2039 objicientes
2674 1974 2914 2030 dicerent
2950 1943 3023 2029 τ’(
3061 1974 3163 2030 Ubi
3191 1984 3294 2040 est.

88 2029 173 2083 διὰ
187 2033 293 2102 τὴν
328 2034 586 2088 ἀκακίαν
612 2037 923 2099 ἀντελάϐου,
947 2058 965 2089 ι
987 2040 1081 2110 τὴν
1095 2040 1158 2091 δι’
1190 2042 1306 2094 ὅλου
1329 2044 1467 2096 καθα
1476 2046 1625 2116 ρότητ

1763 2069 1929 2118 mors,
1962 2058 2210 2112 stimulus
2229 2061 2387 2114 tuus?
2407 2062 2497 2114 ubi
2519 2071 2621 2124 est,
2642 2079 2806 2128 mors,
2825 2066 3052 2119 victoria
3079 2073 3167 2118 tua
3186 2064 3291 2118 ιιι»

88 2119 187 2188 τῆς
217 2122 392 2175 αὑτοῦ
425 2123 655 2193 φύσεως
700 2126 1011 2199 παρίστησι,
1049 2129 1117 2181 δι’
1158 2131 1222 2199 ἣν
1247 2133 1337 2184 καὶ
1360 2134 1419 2185 τὸ
1462 2135 1625 2206 ὲδραῖι

1762 2144 2043 2211 Caeterum,
2075 2148 2120 2202 si
2149 2149 2270 2217 quis
2315 2149 2569 2206 historias
2617 2161 2857 2223 tempora
2909 2162 3029 2224 post
3077 2153 3296 2208 reditio-

90 2214 177 2264 καὶ
201 2214 478 2268 ἄσειστον
515 2218 617 2287 τῆς
643 2217 808 2286 ζωῆς,
831 2220 921 2271 καὶ
951 2220 1049 2288 τῆς
1085 2221 1219 2290 μετά
1257 2224 1352 2293 τὴν
1385 2226 1625 2278 ἀνάσταστ

1764 2252 1883 2290 nem
1923 2238 1990 2291 ad
2020 2238 2183 2292 vitam
2216 2239 2508 2297 Salvatoris
2541 2245 2713 2298 nostri
2759 2246 3087 2314 complexas,
3116 2254 3235 2313 quas
3264 2258 3297 2296 a

91 2301 247 2355 αὑτοῦ
277 2304 574 2375 σωτηρίας
620 2305 882 2360 διδάσκων
914 2310 1146 2377 ἐπιλέγει
1169 2327 1182 2341 ο
1215 2332 1232 2362 ι
1272 2314 1376 2366 Καὶ
1417 2314 1625 2368 ἐϐεϐαίιι

1762 2322 1995 2394 Josepho
2033 2316 2348 2398 conscriptae
2389 2330 2519 2393 sint,
2564 2333 2840 2392 evolverit.
2884 2301 3056 2388 lfacile
3098 2331 3298 2386 videbit

96 2393 185 2455 σάς
214 2411 281 2463 με
310 2394 561 2448 ἐνώπιόν
591 2413 687 2450 σου
733 2400 811 2461 είς
847 2400 935 2451 τὸν
956 2400 1153 2454 αἰῶνα⁸
1187 2421 1206 2452 ι
1228 2403 1281 2472 ἦ,
1313 2423 1330 2454 ι
1359 2405 1465 2457 Καὶ
1496 2423 1625 2477 παρα

1763 2393 2002 2481 quaenam
2027 2393 2361 2472 calamitates
2402 2416 2676 2472 Iudaicam
2710 2427 2920 2489 gentem
2966 2429 3126 2489 atque
3175 2419 3296 2487 ejus

95 2484 301 2553 πήσεις
359 2502 437 2556 με
501 2485 810 2558 ἔμπροσθέν
868 2506 958 2542 σου
1004 2489 1070 2536 δι’
1123 2494 1326 2556 αἰῶνος,
1358 2512 1376 2544 ι
1410 2496 1547 2549 κατὰ
1572 2496 1625 2550 τὸ

1761 2505 2028 2573 principes
2056 2507 2385 2572 invaserint,
2416 2517 2575 2578 atque
2603 2510 2905 2572 amixerint,
2934 2512 2988 2564 in
3019 2527 3154 2581 quas
3183 2525 3299 2564 me-

93 2573 405 2645 Σύμμαχον·
701 2664 717 2669 _
987 2667 994 2669 Α
1761 2592 1866 2646 rito
1904 2594 1977 2648 illi
2018 2595 2343 2660 inciderunt,
2371 2607 2427 2651 ut
2472 2573 2690 2654 sceleris
2718 2600 2859 2669 quod
2911 2599 2965 2653 in
3020 2573 3169 2653 illum
3201 2615 3296 2668 pa-

91 2669 365 2719 traverant
398 2665 638 2734 praemia
685 2664 845 2735 digna
890 2667 1191 2737 reciperent
1218 2687 1233 2725 :
1259 2680 1312 2725 et
1344 2670 1457 2727 haec
1499 2675 1714 2742 quidem
1753 2681 1930 2734 omnia
1978 2682 2235 2738 adversus
2265 2685 2384 2739 illos
2431 2687 2694 2756 completa
2736 2664 2887 2750 sunt,
2939 2697 2996 2742 ut
3020 2664 3296 2742 oraculum

94 2756 436 2825 maduerat.
494 2754 796 2813 Salvatoris
839 2766 1015 2813 autem
1055 2763 1226 2816 nostri
1277 2762 1343 2817 de
1383 2774 1552 2820 morte
1587 2765 1651 2818 ad
1688 2768 1848 2821 vitam
1897 2772 2086 2824 reditio
2142 2774 2297 2841 plane
2330 2754 2580 2831 omnibus
2610 2778 3013 2840 demonstravit,
3035 2789 3295 2848 quantum

95 2846 190 2899 sibi
218 2845 385 2902 Pater
420 2846 488 2900 in
539 2846 634 2901 illo
677 2848 961 2917 placuerit,
994 2866 1154 2918 quam
1199 2853 1412 2921 quidem
1460 2869 1570 2907 rem
1619 2856 1731 2923 ipse
1766 2858 2019 2921 ostendit,
2053 2860 2239 2916 dicens
2267 2881 2279 2916 :
2316 2881 2334 2912 ι
2366 2862 2620 2919 Miserere
2651 2866 2776 2928 mei,
2804 2873 2857 2919 et
2883 2845 3084 2921 suscita
3108 2884 3213 2929 me,
3240 2876 3295 2922 et

97 2939 385 2992 retribuam
450 2937 560 2993 eis.
608 2936 671 2992 In
717 2939 820 2994 hoc
864 2943 1090 3011 cognovi
1129 2945 1270 3013 quod
1332 2945 1545 2999 voluisti
1592 2963 1695 3011 me,
1756 2949 1898 3017 quod
1950 2966 2056 3004 non
2109 2954 2355 3021 gaudebit
2418 2955 2668 3012 inimicus
2724 2972 2874 3011 meus
2917 2972 3078 3026 super
3130 2972 3230 3011 me.
3269 2977 3289 3010 ι

95 3024 286 3081 Deinde
318 3027 587 3098 adjungit
616 3044 631 3081 :
671 3046 690 3080 ι
734 3027 816 3083 Me
844 3038 1019 3085 autem
1046 3043 1264 3101 propter
1290 3035 1649 3091 innocentiam
1691 3042 1994 3109 suscepisti.
2023 3062 2040 3095 ι
2074 3043 2303 3099 Attende
2345 3052 2520 3117 autem
2556 3062 2789 3115 quonam
2843 3024 2999 3117 pacto
3030 3049 3132 3119 ipsi
3186 3047 3294 3104 Deo

95 3127 143 3173 et
176 3118 321 3174 Patri
373 3135 487 3175 suo
546 3120 885 3195 supplicans,
929 3131 1076 3176 tanta
1124 3132 1306 3180 utatur
1354 3128 1599 3184 libertate
1647 3131 1916 3200 loquendi,
1966 3144 2026 3189 ut
2077 3137 2178 3191 sibi
2223 3137 2327 3206 ipsi
2371 3137 2689 3193 innocentia:
2735 3118 3097 3195 testiinonium
3143 3142 3295 3196 exhi-

97 3205 230 3268 beat,
277 3206 511 3263 tametsi
562 3208 817 3277 superius
868 3210 1006 3264 dixit
1036 3230 1090 3265 ει
1117 3211 1255 3266 Sana
1305 3215 1534 3269 animam
1569 3233 1762 3285 meam,
1800 3222 1926 3290 quia
1956 3225 2169 3292 peccavi
2202 3205 2319 3279 tibi.
2352 3245 2372 3279 ι
2413 3224 2516 3281 Sed
2564 3226 2693 3280 illud
2739 3228 2974 3297 quidem,
3004 3248 3022 3279 ι
3077 3235 3291 3300 peccavi

97 3298 205 3359 tibi,
238 3308 283 3357 ιζ
312 3313 430 3367 quo
462 3312 636 3354 sensu
678 3299 750 3352 sit
796 3300 1201 3369 accipiendum,‘
1227 3313 1381 3360 antea
1437 3308 1651 3376 planum
1690 3309 1933 3376 fecimus,
1965 3314 2107 3381 quod
2167 3312 2518 3386 Symmachus
2560 3319 2796 3387 apertius
2842 3298 3110 3387 exposuit,
3168 3336 3290 3376 cum

98 3385 221 3447 dixit
257 3405 272 3441 :
309 3407 330 3441 ι
362 3388 520 3443 Sana
566 3388 804 3445 animam
836 3407 1037 3456 meam,
1067 3393 1171 3448 etsi
1199 3396 1413 3464 peccavi
1456 3398 1552 3451 tibi
1584 3417 1596 3451 :
1635 3418 1653 3450 ι
1691 3400 1833 3469 quod
1865 3417 1993 3457 sane
2017 3404 2189 3472 ipsum
2214 3385 2382 3461 etiam
2417 3406 2483 3462 de
2534 3385 2766 3477 peccatis
2804 3385 3006 3467 nostris
3033 3412 3138 3466 dici
3192 3426 3289 3480 po-

95 3483 212 3541 test,
245 3491 371 3545 quae
406 3474 672 3530 Salvator
720 3492 785 3532 ac
831 3477 1088 3536 Dominus
1120 3492 1299 3538 noster
1341 3485 1396 3538 in
1442 3486 1671 3553 seipsum
1711 3492 1963 3558 suscepit.
2014 3490 2144 3546 Illud
2177 3503 2353 3548 autem
2395 3515 2408 3549 :
2444 3515 2462 3546 ι
2499 3474 2580 3550 Me
2632 3506 2806 3553 autem
2850 3508 3061 3568 propter
3112 3474 3269 3553 inno-

97 3570 317 3619 centiam
384 3564 714 3634 suscepisti,
772 3584 793 3618 ›
848 3567 1137 3635 puritatem
1191 3578 1398 3627 natura:
1447 3573 1636 3641 ipsius,
1689 3590 1847 3643 quam
1898 3584 2064 3631 totam
2110 3580 2435 3648 possidebat,
2473 3582 2819 3646 demonstrat,
2850 3564 3047 3653 exqua
3074 3586 3277 3653 purita-

98 3660 144 3706 te
210 3654 389 3708 vitam
463 3669 691 3724 quoque
733 3662 788 3710 et
827 3658 1051 3713 salutem
1091 3660 1335 3715 stabilem
1386 3671 1546 3732 atque
1582 3666 1954 3723 inconcussam
2016 3678 2136 3740 post
2183 3673 2410 3727 reditum
2463 3674 2633 3743 ipsius
2679 3674 2745 3728 ad
2794 3675 2954 3727 vitam
3018 3690 3288 3746 exponens

96 3743 331 3814 adjungit
366 3762 382 3798 :
421 3761 443 3796 ‹
489 3742 561 3799 Et
591 3744 929 3801 confirmasti
959 3763 1044 3803 me
1072 3749 1129 3802 in
1160 3760 1451 3820 conspectu
1483 3763 1574 3808 tuo
1600 3755 1654 3808 in
1688 3764 1966 3824 aeternum,
2000 3780 2019 3812 ι
2082 3769 2176 3815 aut
2220 3762 2375 3817 aliter
2408 3781 2423 3818 :
2463 3742 2495 3813 «⁷
2518 3762 2583 3816 Ει
2614 3763 2908 3819 constitues
2939 3780 3024 3819 me
3066 3742 3189 3821 ante
3220 3775 3276 3820 te

91 3835 143 3894 it:
164 3852 461 3907 aeternum,
492 3862 514 3896 ι
554 3832 616 3897 ut
643 3841 1031 3911 interpretatus
1060 3847 1143 3895 est
1175 3839 1547 3911 Symmachus.

103 3952 226 4032 Ἇπρ
250 3956 363 4042 toi?
391 3952 651 4044 ψαξμρῦ
813 3952 1534 4044 -ζΕτηπερὶῖοῦςρύδαῘ
1555 3972 1625 4044 re

1758 3955 1902 4026 E71
1928 3956 1968 4008 A
1996 3956 2198 4044 psaanto
2228 3973 2332 4012 LIV.
2362 3958 2592 4044 jlltent
2637 3960 2700 4015 de
2739 3959 2882 4041 Iuda
2911 3971 2964 4044 et
3004 3965 3067 4018 de
3105 3965 3173 4044 iis
3197 3968 3288 4037 qui

152 4022 267 4075 τῶν
287 4020 419 4077 σὺιλ
443 4020 614 4087 αὐτῷ
641 4020 755 4087 τὴν
783 4020 929 4074 κατὰ
959 4021 1061 4075 τοῦ
1076 4021 1326 4089 Χριστοῦ
1345 4023 1625 4090 συσκευὴι

153 4091 610 4160 πεποιημένων.

1771 4020 1936 4077 "cu—nt
1975 4020 2032 4078 eo
2091 4024 2334 4080 adversus
2385 4024 2648 4082 Christum
2705 4030 3110 4098 conjurationem
3146 4020 3283 4104 [εᾶέὲ

1820 4103 1959 4147 runt.

156 4220 177 4251 r
222 4202 547 4266 Ἐνώτισαι,
570 4204 600 4255 ὁ
624 4201 775 4265 Θεὸς,
805 4200 903 4270 τὴν
946 4201 1242 4272 προσευχήν
1274 4219 1395 4271 μου,
1443 4202 1535 4255 καὶ
1583 4200 1654 4273 μὴ

89 4287 344 4361 ὑπερίδῃς
407 4290 513 4361 τὴν
568 4289 751 4360 δέησίν
789 4305 911 4359 μου.
968 4289 1207 4360 Πρόσχες
1242 4308 1348 4359 μοι,
1401 4292 1492 4344 καὶ
1548 4294 1656 4344 εισ-

87 4377 316 4433 άκουσόν
384 4398 515 4451 μου.
549 4377 857 4449 Ἐλυπήθην
897 4381 954 4432 ἐν
987 4381 1051 4448 τῇ
1106 4378 1381 4450 ἀδολεσχίᾳ
1421 4398 1538 4450 μου,
1565 4382 1655 4434 καὶ

86 4468 393 4540 ἐταράχθην
462 4470 574 4524 ἀπὸ
633 4468 816 4537 φωνῆς
865 4467 1074 4539 ἐχθροῦ,
1137 4469 1228 4521 καὶ
1277 4470 1382 4522 ἀπὸ
1432 4469 1655 4538 Θλίψεως

85 4557 450 4627 ἀμαρτιυλοῦ·
494 4561 580 4613 ὅτι
631 4559 905 4622 ἐξέκλιναν
936 4560 1020 4610 ἐπ’
1052 4558 1149 4628 ἐμὲ
1196 4559 1438 4629 ἀνομίαν,
1476 4561 1568 4612 καὶ
1599 4563 1654 4612 ὲν

85 4646 214 4717 ὀργῇ
270 4650 568 4703 ὲνεκότουν
625 4664 736 4717 μοι.
803 4647 867 4699 Ἦ
918 4646 1109 4717 καρδία
1150 4663 1248 4718 μου
1289 4648 1557 4719 ἐταράχθη
1598 4651 1656 4701 ὲν

87 4734 224 4804 ἐμοὶ,
278 4740 380 4792 καὶ
442 4738 619 4793 δειλία
673 4736 901 4790 θανάτου
947 4736 1205 4789 ἐπέπεσεν
1238 4738 1324 4789 ἐπ’
1355 4737 1655 4808 ὲμέ.Φόϐος

89 4826 176 4877 καὶ
204 4828 419 4897 τρόμος
454 4825 621 4898 ἦλθεν
644 4826 732 4878 ἐπ’
763 4824 884 4894 ἐμὲ,
914 4825 1008 4876 καλ⁵
1032 4824 1263 4893 ἐκάλυψε
1302 4842 1368 4896 με
1401 4827 1603 4890 σκότος,
1630 4846 1648 4877 ι

88 4914 271 4968 καὶτὰ
305 4917 481 4985 ἐξῆς’
521 4912 605 4980 οἷς
641 4914 914 4982 ἐπιλέγει·
949 4931 968 4965 t
1013 4913 1431 4980 Καταπόντισον,
1463 4916 1651 4985 Κύριε,

92 5006 176 5057 καὶ
199 5010 492 5063 καταδίελε
517 5008 618 5072 τὰς
646 5005 896 5075 γλώσσας
927 5005 1097 5057 αὐτῶν
1115 5022 1130 5036 ⁸
1159 5005 1240 5059 ὅτι
1267 5000 1402 5058 εἶδον
1432 5006 1654 5075 ἀνομίαν

92 5094 180 5144 καὶ
216 5095 540 5164 ἀντιλογίαν
576 5097 636 5148 ὲν
662 5097 730 5164 τῇ
754 5092 926 5145 πόλει.
965 5092 1198 5162 Ἡμέρας
1233 5094 1324 5146 καὶ
1349 5093 1534 5156 νυκτὸς
1557 5112 1652 5147 κυ-

99 5180 285 5236 κλώσει
339 5185 517 5256 αὐτὴν
563 5182 661 5238 ἐπὶ
688 5180 761 5234 τὰ
790 5181 943 5250 τείχη
981 5181 1162 5250 αὐτῆς,
1199 5183 1291 5235 καὶ
1335 5182 1527 5251 ἀνομία
1564 5184 1653 5235 καὶ⁵

97 5268 254 5334 κόπος
286 5273 347 5325 ὲν
373 5273 530 5343 μέσῳ
557 5271 754 5339 αὐτῆς,
773 5270 868 5322 καὶ
910 5269 1115 5323 ἀδικίαι
1155 5271 1247 5323 καὶ
1287 5272 1386 5324 οὐκ
1417 5269 1657 5334 ἐξέλιπεν

107 5356 164 5408 ὲκ
186 5361 293 5414 τῶν
333 5362 615 5415 πλατειῶν
668 5357 846 5425 αὐτῆς
881 5355 1033 5419 τόκος
1085 5360 1178 5412 καὶ
1210 5359 1372 5421 δόλος.
1418 5361 1555 5426 Ὅτι,
1605 5365 1652 5415 εί

105 5444 280 5517 ιτχθρίδς
324 5450 575 5505 ὠνείδισέ
621 5464 720 5518 με,
767 5445 1041 5514 ὑπήνεγκα
1089 5446 1173 5501 ἄν.
1218 5449 1280 5501 El
1316 5448 1345 5499 ό
1378 5448 1546 5517 μισῶν
1584 5468 1650 5520 με

116 5533 191 5587 ἔπ’
216 5539 310 5607 ὶμὲ
341 5533 959 5610 έμεγωορρημόνησεν,
996 5535 1227 5606 saeptiqu
1259 5537 1323 5590 ἀν
1353 5538 1437 5589 ἐπ’
1468 5539 1625 5591 αὑτοῦ

1827 4225 1846 4257 ‹
1886 4206 2120 4263 Auribus
2152 4209 2386 4277 percipe,
2416 4206 2579 4271 Deus,
2603 4210 2899 4283 orationem
2920 4226 3114 4277 meam,
3144 4224 3197 4267 et
3217 4229 3293 4270 ne

1753 4294 2059 4364 despexeris
2085 4297 2513 4366 deprecationem
2557 4313 2751 4354 meam.
2795 4299 2994 4355 Praesta
3024 4308 3289 4358 attentum

1752 4391 1805 4438 te
1826 4385 1976 4449 mihi,
2011 4393 2064 4439 et
2105 4386 2299 4440 exaudi
2346 4402 2450 4442 me.
2485 4387 2849 4445 Contristatus
2881 4406 2999 4446 sum
3032 4392 3087 4444 in
3118 4407 3288 4463 nuga-

1751 4475 1894 4528 tione
1929 4489 2067 4541 mea,
2096 4483 2147 4530 et
2167 4477 2518 4533 conturbatus
2546 4494 2665 4533 sum
2698 4494 2729 4533 a
2759 4495 2886 4535 voce
2921 4480 3146 4545 inimici,
3165 4493 3215 4537 et
3253 4497 3289 4536 a

1752 4563 2091 4618 tribulatione
2117 4569 2449 4634 peccatoris:
2495 4572 2749 4640 quoniam
2803 4573 3203 4626 declinaverunt
3228 4574 3285 4626 in

1752 4664 1835 4703 me
1860 4650 2214 4718 iniquitatem,
2238 4661 2291 4708 et
2334 4656 2388 4709 in
2421 4657 2499 4710 ira
2548 4658 2759 4712 molesti
2805 4667 2958 4712 erant
2990 4659 3139 4712 mihi.
3176 4660 3287 4713 Cor

1752 4753 1925 4792 meum
1944 4742 2318 4796 conturbatum
2343 4753 2422 4799 est
2448 4747 2501 4799 in
2526 4762 2628 4808 me,
2649 4754 2703 4799 et
2732 4747 2958 4800 formido
2984 4748 3174 4802 mortis
3195 4762 3284 4800 ce-

1751 4827 1879 4882 cidit
1910 4843 2070 4896 super
2097 4844 2200 4883 me.
2230 4830 2410 4887 Timor
2435 4841 2486 4887 et
2508 4841 2706 4889 tremor
2720 4841 2981 4890 venerunt
3002 4849 3164 4902 super
3178 4851 3291 4900 me,

1750 4923 1803 4968 et
1828 4922 2177 4970 contexerunt
2215 4933 2301 4973 me
2330 4922 2560 4976 tenebra:
2582 4922 2652 4985 ⁸⁸,
2680 4942 2698 4973 ι
2729 4934 2782 4977 et
2820 4938 2938 4991 quae
2959 4934 3292 4990 seqnuntur,

1751 5006 1944 5074 quibus
1977 5005 2250 5076 adjungit:
2290 5025 2310 5058 ι
2356 5007 2654 5078 Praecipita,
2707 5010 2949 5072 Domine,
3007 5018 3060 5062 et
3111 5011 3289 5067 divide

1750 5094 1957 5162 linguas
1979 5107 2163 5146 eorum
2191 5095 2477 5163 :quoniam
2493 5097 2598 5150 vidi
2629 5097 2964 5166 iniquitatem
2990 5105 3043 5149 et
3070 5106 3303 5152 conti-aa

1750 5182 2036 5237 dictionem
2071 5182 2125 5236 in
2142 5183 2375 5238 civitate.
2396 5185 2487 5239 Die
2515 5200 2577 5239 ac
2599 5194 2756 5241 nocte
2782 5186 3148 5242 circumdabit
3174 5203 3299 5241 eam

1752 5287 1912 5340 super
1937 5287 2120 5328 muros
2146 5273 2282 5341 ejus,
2311 5283 2363 5328 et
2415 5275 2669 5345 iniquitas
2718 5285 2770 5332 et
2821 5278 2981 5331 labor
3028 5275 3086 5327 in
3121 5277 3309 5329 medio

1753 5364 1870 5433 ejus
1892 5371 1945 5417 et
1981 5362 2242 5431 injustitia
2276 5382 2289 5418 :
2323 5371 2376 5419 et
2406 5380 2512 5419 non
2562 5366 2757 5421 defecit
2804 5367 2872 5422 de
2926 5364 3133 5435 plateis
3191 5364 3317 5432 ejus

1754 5468 1918 5507 usura
1945 5461 1998 5509 et
2014 5453 2187 5508 dolus.
2217 5452 2476 5519 Quoniam
2508 5455 2555 5510 si
2587 5455 2836 5512 inimicus
2870 5454 3091 5525 probro
3116 5465 3214 5504 me
3242 5451 3317 5502 ai-

1752 5540 1983 5605 fecisset,
2018 5541 2392 5599 sustinuissent
2426 5543 2627 5615 utique.
2688 5543 2753 5600 Et
2801 5546 2848 5601 si
2901 5544 2961 5598 is
3003 5538 3098 5609 qui
3127 5536 3330 5590 oderat

175 5706 505 5787 “mann,
552 5706 644 5772 ιι,
689 5701 785 5756 ιε.
863 5703 904 5737 ιε
938 5705 957 5758 ι
989 5707 1112 5764 Cor.
1147 5724 1248 5779 xv,
1282 5709 1365 5765 55.
1440 5711 1482 5745 ιι
1514 5711 1620 5769 Psa

1758 5730 1801 5783 ι’,
1844 5713 1957 5768 2-6.
