  <div class='ocr_page' id='page_1' title='image "/cluster/home/n/w/nwhite01/storage/ocr_20150623/22 (Eusebius; pt. 4)/nyp.33433081862355/399.png"; bbox 0 0 3740 6306; ppageno 0'>
   <div class='ocr_carea' id='block_1_1' title="bbox 535 362 3645 424">
    <p class='ocr_par' dir='ltr' id='par_1_1' title="bbox 535 362 3645 424">
     <span class='ocr_line' id='line_1_1' title="bbox 535 362 3645 424; baseline 0.001 -4"><span class='ocrx_word' id='word_1_1' title='bbox 535 363 646 421; x_wconf 69' lang='grc'><strong>’127</strong></span> <span class='ocrx_word' id='word_1_2' title='bbox 1193 364 1457 422; x_wconf 83' lang='lat' dir='ltr'><strong>EUSEBll</strong></span> <span class='ocrx_word' id='word_1_3' title='bbox 1493 363 1962 422; x_wconf 63' lang='lat' dir='ltr'><strong>CESARIENSIS</strong></span> <span class='ocrx_word' id='word_1_4' title='bbox 1998 363 2148 418; x_wconf 82' lang='lat' dir='ltr'><strong>OPP.</strong></span> <span class='ocrx_word' id='word_1_5' title='bbox 2187 363 2367 419; x_wconf 82' lang='lat' dir='ltr'><strong>PARS</strong></span> <span class='ocrx_word' id='word_1_6' title='bbox 2402 363 2466 418; x_wconf 85' lang='lat' dir='ltr'><strong>ll.</strong></span> <span class='ocrx_word' id='word_1_7' title='bbox 2503 392 2572 406; x_wconf 76' lang='grc' dir='ltr'><strong>-ο</strong></span> <span class='ocrx_word' id='word_1_8' title='bbox 2607 362 3098 420; x_wconf 77' lang='lat' dir='ltr'><strong>APOLOGE‘I’ICA.</strong></span> <span class='ocrx_word' id='word_1_9' title='bbox 3569 370 3645 424; x_wconf 61' lang='grc' dir='ltr'>τις</span> 
     </span>
    </p>
   </div>
   <div class='ocr_carea' id='block_1_2' title="bbox 537 475 2014 548">
    <p class='ocr_par' dir='ltr' id='par_1_2' title="bbox 537 475 2014 548">
     <span class='ocr_line' id='line_1_2' title="bbox 537 475 2014 548; baseline -0.003 -15"><span class='ocrx_word' id='word_1_10' title='bbox 537 479 711 548; x_wconf 86' lang='lat' dir='ltr'><strong>ipsum</strong></span> <span class='ocrx_word' id='word_1_11' title='bbox 749 477 829 530; x_wconf 88' lang='lat' dir='ltr'><strong>eis</strong></span> <span class='ocrx_word' id='word_1_12' title='bbox 873 475 1108 530; x_wconf 88' lang='lat' dir='ltr'><strong>traderet</strong></span> <span class='ocrx_word' id='word_1_13' title='bbox 1130 478 1193 530; x_wconf 84' lang='grc'><strong>³⁵.</strong></span> <span class='ocrx_word' id='word_1_14' title='bbox 1246 501 1263 530; x_wconf 72' lang='grc' dir='ltr'><strong>ι</strong></span> <span class='ocrx_word' id='word_1_15' title='bbox 1299 480 1509 536; x_wconf 80' lang='lat' dir='ltr'><strong>Marcus</strong></span> <span class='ocrx_word' id='word_1_16' title='bbox 1553 488 1730 535; x_wconf 86' lang='lat' dir='ltr'><strong>autem</strong></span> <span class='ocrx_word' id='word_1_17' title='bbox 1769 480 1849 534; x_wconf 92' lang='lat' dir='ltr'><strong>sic</strong></span> <span class='ocrx_word' id='word_1_18' title='bbox 1893 493 1908 531; x_wconf 86' lang='lat'><strong>:</strong></span> <span class='ocrx_word' id='word_1_19' title='bbox 1955 495 1974 529; x_wconf 81' lang='grc' dir='ltr'><strong>ι</strong></span> <span class='ocrx_word' id='word_1_20' title='bbox 2009 477 2014 530; x_wconf 75' lang='lat'>1</span> 
     </span>
    </p>
   </div>
   <div class='ocr_carea' id='block_1_3' title="bbox 2167 475 3644 548">
    <p class='ocr_par' dir='ltr' id='par_1_3' title="bbox 2173 476 3644 548">
     <span class='ocr_line' id='line_1_3' title="bbox 2173 476 3644 548; baseline 0.001 -18"><span class='ocrx_word' id='word_1_21' title='bbox 2173 479 2468 533; x_wconf 87' lang='grc' dir='ltr'>κατελάλει.</span> <span class='ocrx_word' id='word_1_22' title='bbox 2518 477 2878 548; x_wconf 84' lang='grc' dir='ltr'>Ὀμοθυμαδὸν</span> <span class='ocrx_word' id='word_1_23' title='bbox 2924 476 3227 548; x_wconf 80' lang='grc' dir='ltr'>ἐψιθύριζον</span> <span class='ocrx_word' id='word_1_24' title='bbox 3263 480 3376 530; x_wconf 78' lang='grc' dir='ltr'>κατ’</span> <span class='ocrx_word' id='word_1_25' title='bbox 3404 478 3520 547; x_wconf 79' lang='grc' dir='ltr'>ἐμοῦ</span> <span class='ocrx_word' id='word_1_26' title='bbox 3545 484 3644 536; x_wconf 82' lang='grc' dir='ltr'>πάν-</span> 
     </span>
    </p>
   </div>
   <div class='ocr_carea' id='block_1_4' title="bbox 534 562 2011 640">
    <p class='ocr_par' dir='ltr' id='par_1_4' title="bbox 534 564 2004 637">
     <span class='ocr_line' id='line_1_4' title="bbox 534 564 2004 637; baseline -0.003 -11"><span class='ocrx_word' id='word_1_27' title='bbox 534 570 702 626; x_wconf 82' lang='lat' dir='ltr'><strong>Judas</strong></span> <span class='ocrx_word' id='word_1_28' title='bbox 738 564 1022 622; x_wconf 85' lang='lat' dir='ltr'><strong>lscariotes</strong></span> <span class='ocrx_word' id='word_1_29' title='bbox 1059 583 1197 624; x_wconf 92' lang='lat' dir='ltr'><strong>unus</strong></span> <span class='ocrx_word' id='word_1_30' title='bbox 1225 587 1290 625; x_wconf 82' lang='lat' dir='ltr'><strong>ex</strong></span> <span class='ocrx_word' id='word_1_31' title='bbox 1319 570 1619 634; x_wconf 86' lang='lat' dir='ltr'><strong>duodecim,</strong></span> <span class='ocrx_word' id='word_1_32' title='bbox 1656 571 1798 624; x_wconf 90' lang='lat' dir='ltr'><strong>abiit.</strong></span> <span class='ocrx_word' id='word_1_33' title='bbox 1821 568 1886 621; x_wconf 90' lang='lat' dir='ltr'><strong>ad</strong></span> <span class='ocrx_word' id='word_1_34' title='bbox 1925 569 2004 637; x_wconf 93' lang='lat' dir='ltr'><strong>pri</strong></span> 
     </span>
    </p>
   </div>
   <div class='ocr_carea' id='block_1_5' title="bbox 2167 562 3644 640">
    <p class='ocr_par' dir='ltr' id='par_1_5' title="bbox 2171 562 3644 640">
     <span class='ocr_line' id='line_1_5' title="bbox 2171 562 3644 640; baseline -0.001 -18"><span class='ocrx_word' id='word_1_35' title='bbox 2171 587 2261 632; x_wconf 87' lang='grc' dir='ltr'><strong>τες</strong></span> <span class='ocrx_word' id='word_1_36' title='bbox 2291 571 2338 622; x_wconf 85' lang='grc' dir='ltr'><strong>οί</strong></span> <span class='ocrx_word' id='word_1_37' title='bbox 2371 568 2645 640; x_wconf 82' lang='grc' dir='ltr'>μισοῦντές</span> <span class='ocrx_word' id='word_1_38' title='bbox 2680 585 2762 637; x_wconf 86' lang='grc' dir='ltr'>με.</span> <span class='ocrx_word' id='word_1_39' title='bbox 2801 588 2819 618; x_wconf 75' lang='grc' dir='ltr'><strong>ι</strong></span> <span class='ocrx_word' id='word_1_40' title='bbox 2858 568 3030 630; x_wconf 81' lang='grc' dir='ltr'><strong>Μόνος</strong></span> <span class='ocrx_word' id='word_1_41' title='bbox 3073 567 3168 637; x_wconf 86' lang='grc' dir='ltr'>μὲν</span> <span class='ocrx_word' id='word_1_42' title='bbox 3196 562 3284 618; x_wconf 76' lang='grc' dir='ltr'><strong>οὖν</strong></span> <span class='ocrx_word' id='word_1_43' title='bbox 3313 566 3383 628; x_wconf 85' lang='grc' dir='ltr'>ὼς</span> <span class='ocrx_word' id='word_1_44' title='bbox 3415 565 3472 618; x_wconf 79' lang='grc' dir='ltr'>ἂν</span> <span class='ocrx_word' id='word_1_45' title='bbox 3493 567 3644 638; x_wconf 77' lang='grc' dir='ltr'>γνώρι-</span> 
     </span>
    </p>
   </div>
   <div class='ocr_carea' id='block_1_6' title="bbox 535 655 2012 728">
    <p class='ocr_par' dir='ltr' id='par_1_6' title="bbox 535 655 2012 726">
     <span class='ocr_line' id='line_1_6' title="bbox 535 655 2012 726; baseline -0.001 -14"><span class='ocrx_word' id='word_1_46' title='bbox 535 659 685 726; x_wconf 79' lang='lat' dir='ltr'><strong>cipes</strong></span> <span class='ocrx_word' id='word_1_47' title='bbox 709 655 1046 710; x_wconf 80' lang='lat' dir='ltr'><strong>sacerdotum</strong></span> <span class='ocrx_word' id='word_1_48' title='bbox 1078 665 1137 711; x_wconf 92' lang='lat' dir='ltr'><strong>ut</strong></span> <span class='ocrx_word' id='word_1_49' title='bbox 1177 675 1298 714; x_wconf 88' lang='lat' dir='ltr'><strong>eum</strong></span> <span class='ocrx_word' id='word_1_50' title='bbox 1342 661 1449 715; x_wconf 86' lang='lat' dir='ltr'><strong>illis</strong></span> <span class='ocrx_word' id='word_1_51' title='bbox 1488 661 1738 714; x_wconf 86' lang='lat' dir='ltr'><strong>traderet.</strong></span> <span class='ocrx_word' id='word_1_52' title='bbox 1772 658 1851 711; x_wconf 87' lang='lat' dir='ltr'><strong>Illi</strong></span> <span class='ocrx_word' id='word_1_53' title='bbox 1894 665 2012 710; x_wconf 89' lang='lat' dir='ltr'><strong>aute</strong></span> 
     </span>
    </p>
   </div>
   <div class='ocr_carea' id='block_1_7' title="bbox 2169 655 3646 728">
    <p class='ocr_par' dir='ltr' id='par_1_7' title="bbox 2174 655 3646 728">
     <span class='ocr_line' id='line_1_7' title="bbox 2174 655 3646 728; baseline 0 -17"><span class='ocrx_word' id='word_1_54' title='bbox 2174 676 2272 728; x_wconf 90' lang='grc' dir='ltr'><strong>μος</strong></span> <span class='ocrx_word' id='word_1_55' title='bbox 2291 660 2382 711; x_wconf 78' lang='grc' dir='ltr'>καὶ</span> <span class='ocrx_word' id='word_1_56' title='bbox 2407 657 2649 728; x_wconf 79' lang='grc' dir='ltr'>μαθητὴς</span> <span class='ocrx_word' id='word_1_57' title='bbox 2664 659 2808 727; x_wconf 85' lang='grc' dir='ltr'><strong>παρά</strong></span> <span class='ocrx_word' id='word_1_58' title='bbox 2828 657 3139 710; x_wconf 84' lang='grc' dir='ltr'>διδάσκαλον</span> <span class='ocrx_word' id='word_1_59' title='bbox 3153 655 3346 717; x_wconf 83' lang='grc' dir='ltr'>εἰσιὼν,</span> <span class='ocrx_word' id='word_1_60' title='bbox 3363 659 3646 725; x_wconf 77' lang='grc' dir='ltr'>περιεσκόπει</span> 
     </span>
    </p>
   </div>
   <div class='ocr_carea' id='block_1_8' title="bbox 535 745 2012 820">
    <p class='ocr_par' dir='ltr' id='par_1_8' title="bbox 535 746 2011 818">
     <span class='ocr_line' id='line_1_8' title="bbox 535 746 2011 818; baseline 0 -18"><span class='ocrx_word' id='word_1_61' title='bbox 535 747 815 800; x_wconf 76' lang='lat' dir='ltr'><strong>audientes</strong></span> <span class='ocrx_word' id='word_1_62' title='bbox 843 746 1010 815; x_wconf 82' lang='lat' dir='ltr'><strong>gavisi</strong></span> <span class='ocrx_word' id='word_1_63' title='bbox 1047 755 1190 800; x_wconf 92' lang='lat' dir='ltr'><strong>sunt.</strong></span> <span class='ocrx_word' id='word_1_64' title='bbox 1222 747 1285 800; x_wconf 89' lang='lat' dir='ltr'><strong>Et</strong></span> <span class='ocrx_word' id='word_1_65' title='bbox 1320 751 1680 818; x_wconf 90' lang='lat' dir='ltr'><strong>promiserunt</strong></span> <span class='ocrx_word' id='word_1_66' title='bbox 1707 763 1764 802; x_wconf 89' lang='lat' dir='ltr'><strong>se</strong></span> <span class='ocrx_word' id='word_1_67' title='bbox 1792 755 2011 816; x_wconf 88' lang='lat' dir='ltr'><strong>argentu</strong></span> 
     </span>
    </p>
   </div>
   <div class='ocr_carea' id='block_1_9' title="bbox 2169 745 3646 820">
    <p class='ocr_par' dir='ltr' id='par_1_9' title="bbox 2171 745 3646 820">
     <span class='ocr_line' id='line_1_9' title="bbox 2171 745 3646 820; baseline -0.003 -18"><span class='ocrx_word' id='word_1_68' title='bbox 2171 752 2260 802; x_wconf 73' lang='grc' dir='ltr'><strong>καὶ</strong></span> <span class='ocrx_word' id='word_1_69' title='bbox 2311 749 2729 820; x_wconf 82' lang='grc' dir='ltr'><strong>κατεμάνθανεν,</strong></span> <span class='ocrx_word' id='word_1_70' title='bbox 2793 748 2934 800; x_wconf 76' lang='grc' dir='ltr'>ἔνδον</span> <span class='ocrx_word' id='word_1_71' title='bbox 2981 748 3073 799; x_wconf 77' lang='grc' dir='ltr'><strong>ἐπὶ</strong></span> <span class='ocrx_word' id='word_1_72' title='bbox 3119 748 3215 816; x_wconf 84' lang='grc' dir='ltr'><strong>τῆς</strong></span> <span class='ocrx_word' id='word_1_73' title='bbox 3253 745 3432 797; x_wconf 88' lang='grc' dir='ltr'>ἐαυτοῦ</span> <span class='ocrx_word' id='word_1_74' title='bbox 3475 747 3646 816; x_wconf 73' lang='grc' dir='ltr'>καρδίας</span> 
     </span>
    </p>
   </div>
   <div class='ocr_carea' id='block_1_10' title="bbox 531 836 2008 912">
    <p class='ocr_par' dir='ltr' id='par_1_10' title="bbox 531 836 2008 909">
     <span class='ocr_line' id='line_1_10' title="bbox 531 836 2008 909; baseline 0.001 -18"><span class='ocrx_word' id='word_1_75' title='bbox 531 837 582 891; x_wconf 89' lang='lat' dir='ltr'><strong>ei</strong></span> <span class='ocrx_word' id='word_1_76' title='bbox 611 836 830 890; x_wconf 89' lang='lat' dir='ltr'><strong>daturos</strong></span> <span class='ocrx_word' id='word_1_77' title='bbox 862 852 874 887; x_wconf 93' lang='lat'><strong>:</strong></span> <span class='ocrx_word' id='word_1_78' title='bbox 911 843 964 890; x_wconf 91' lang='lat' dir='ltr'><strong>et</strong></span> <span class='ocrx_word' id='word_1_79' title='bbox 989 840 1258 906; x_wconf 60' lang='lat' dir='ltr'><strong>quarehat</strong></span> <span class='ocrx_word' id='word_1_80' title='bbox 1287 840 1556 908; x_wconf 91' lang='lat' dir='ltr'><strong>quomodo</strong></span> <span class='ocrx_word' id='word_1_81' title='bbox 1588 842 1735 894; x_wconf 92' lang='lat' dir='ltr'><strong>illum</strong></span> <span class='ocrx_word' id='word_1_82' title='bbox 1774 851 2008 909; x_wconf 64' lang='lat' dir='ltr'><strong>opportui</strong></span> 
     </span>
    </p>
   </div>
   <div class='ocr_carea' id='block_1_11' title="bbox 2168 836 3645 912">
    <p class='ocr_par' dir='ltr' id='par_1_11' title="bbox 2169 837 3645 912">
     <span class='ocr_line' id='line_1_11' title="bbox 2169 837 3645 912; baseline -0.001 -18"><span class='ocrx_word' id='word_1_83' title='bbox 2169 841 2419 912; x_wconf 88' lang='grc' dir='ltr'>κρύπτων</span> <span class='ocrx_word' id='word_1_84' title='bbox 2473 841 2569 910; x_wconf 79' lang='grc' dir='ltr'><strong>τὴν</strong></span> <span class='ocrx_word' id='word_1_85' title='bbox 2627 840 2930 910; x_wconf 77' lang='grc' dir='ltr'>ἐπιϐουλήν.</span> <span class='ocrx_word' id='word_1_86' title='bbox 2963 837 3146 902; x_wconf 84' lang='grc' dir='ltr'>Ἐξιὼν</span> <span class='ocrx_word' id='word_1_87' title='bbox 3176 839 3230 889; x_wconf 82' lang='grc' dir='ltr'><strong>δὲ</strong></span> <span class='ocrx_word' id='word_1_88' title='bbox 3251 878 3264 900; x_wconf 95' lang='grc'><strong>,</strong></span> <span class='ocrx_word' id='word_1_89' title='bbox 3303 837 3429 906; x_wconf 86' lang='grc' dir='ltr'>μετὰ</span> <span class='ocrx_word' id='word_1_90' title='bbox 3449 838 3645 892; x_wconf 71' lang='grc' dir='ltr'>πλειόνων</span> 
     </span>
    </p>
   </div>
   <div class='ocr_carea' id='block_1_12' title="bbox 531 925 2008 1000">
    <p class='ocr_par' dir='ltr' id='par_1_12' title="bbox 531 925 2001 983">
     <span class='ocr_line' id='line_1_12' title="bbox 531 925 2001 983; baseline 0.001 -5"><span class='ocrx_word' id='word_1_91' title='bbox 531 925 844 980; x_wconf 82' lang='lat' dir='ltr'><strong>traderet&quot;.</strong></span> <span class='ocrx_word' id='word_1_92' title='bbox 885 946 903 976; x_wconf 75' lang='grc' dir='ltr'><strong>ι</strong></span> <span class='ocrx_word' id='word_1_93' title='bbox 939 925 1114 981; x_wconf 90' lang='lat' dir='ltr'><strong>Lucas</strong></span> <span class='ocrx_word' id='word_1_94' title='bbox 1144 943 1268 981; x_wconf 91' lang='lat' dir='ltr'><strong>vero</strong></span> <span class='ocrx_word' id='word_1_95' title='bbox 1314 929 1369 981; x_wconf 90' lang='lat' dir='ltr'><strong>in</strong></span> <span class='ocrx_word' id='word_1_96' title='bbox 1414 930 1555 982; x_wconf 90' lang='lat' dir='ltr'><strong>hunc</strong></span> <span class='ocrx_word' id='word_1_97' title='bbox 1585 929 1802 982; x_wconf 90' lang='lat' dir='ltr'><strong>modum</strong></span> <span class='ocrx_word' id='word_1_98' title='bbox 1839 929 2001 983; x_wconf 83' lang='lat' dir='ltr'><strong>scribi</strong></span> 
     </span>
    </p>
   </div>
   <div class='ocr_carea' id='block_1_13' title="bbox 2167 925 3644 1000">
    <p class='ocr_par' dir='ltr' id='par_1_13' title="bbox 2168 927 3644 1000">
     <span class='ocr_line' id='line_1_13' title="bbox 2168 927 3644 1000; baseline -0.004 -17"><span class='ocrx_word' id='word_1_99' title='bbox 2168 931 2498 1000; x_wconf 82' lang='grc' dir='ltr'>ὁμοθυμαδὸν</span> <span class='ocrx_word' id='word_1_100' title='bbox 2528 932 2618 983; x_wconf 78' lang='grc' dir='ltr'><strong>καὶ</strong></span> <span class='ocrx_word' id='word_1_101' title='bbox 2653 931 2744 982; x_wconf 73' lang='grc' dir='ltr'>ἐπὶ</span> <span class='ocrx_word' id='word_1_102' title='bbox 2763 929 2822 981; x_wconf 75' lang='grc' dir='ltr'><strong>τὸ</strong></span> <span class='ocrx_word' id='word_1_103' title='bbox 2858 930 2988 981; x_wconf 84' lang='grc' dir='ltr'>αύτὺ</span> <span class='ocrx_word' id='word_1_104' title='bbox 3023 927 3319 990; x_wconf 87' lang='grc' dir='ltr'>κατελάλει,</span> <span class='ocrx_word' id='word_1_105' title='bbox 3357 929 3460 989; x_wconf 86' lang='grc' dir='ltr'>τοῖς</span> <span class='ocrx_word' id='word_1_106' title='bbox 3490 928 3644 996; x_wconf 54' lang='lat' dir='ltr'><strong>610ml;</strong></span> 
     </span>
    </p>
   </div>
   <div class='ocr_carea' id='block_1_14' title="bbox 535 1013 2012 1092">
    <p class='ocr_par' dir='ltr' id='par_1_14' title="bbox 535 1013 2012 1086">
     <span class='ocr_line' id='line_1_14' title="bbox 535 1013 2012 1086; baseline 0.002 -23"><span class='ocrx_word' id='word_1_107' title='bbox 535 1013 813 1066; x_wconf 72' lang='lat' dir='ltr'><strong>«intravit</strong></span> <span class='ocrx_word' id='word_1_108' title='bbox 854 1022 1032 1069; x_wconf 86' lang='lat' dir='ltr'><strong>autem</strong></span> <span class='ocrx_word' id='word_1_109' title='bbox 1087 1015 1314 1070; x_wconf 81' lang='lat' dir='ltr'><strong>Satanas</strong></span> <span class='ocrx_word' id='word_1_110' title='bbox 1363 1022 1417 1070; x_wconf 90' lang='lat' dir='ltr'><strong>in</strong></span> <span class='ocrx_word' id='word_1_111' title='bbox 1464 1016 1655 1070; x_wconf 87' lang='lat' dir='ltr'><strong>Judam</strong></span> <span class='ocrx_word' id='word_1_112' title='bbox 1708 1018 1798 1086; x_wconf 93' lang='lat' dir='ltr'><strong>qui</strong></span> <span class='ocrx_word' id='word_1_113' title='bbox 1847 1025 2012 1070; x_wconf 76' lang='lat' dir='ltr'><strong>vocati</strong></span> 
     </span>
    </p>
   </div>
   <div class='ocr_carea' id='block_1_15' title="bbox 2166 1013 3643 1092">
    <p class='ocr_par' dir='ltr' id='par_1_15' title="bbox 2168 1018 3643 1092">
     <span class='ocr_line' id='line_1_15' title="bbox 2168 1018 3643 1092; baseline -0.003 -20"><span class='ocrx_word' id='word_1_114' title='bbox 2168 1022 2442 1092; x_wconf 78' lang='grc' dir='ltr'>προδιδοὺς</span> <span class='ocrx_word' id='word_1_115' title='bbox 2495 1023 2586 1073; x_wconf 77' lang='grc' dir='ltr'>τὸν</span> <span class='ocrx_word' id='word_1_116' title='bbox 2638 1022 2880 1089; x_wconf 82' lang='grc' dir='ltr'>Σωτῆρα.</span> <span class='ocrx_word' id='word_1_117' title='bbox 2923 1022 3016 1071; x_wconf 76' lang='grc' dir='ltr'><strong>καὶ</strong></span> <span class='ocrx_word' id='word_1_118' title='bbox 3048 1018 3450 1087; x_wconf 83' lang='grc' dir='ltr'>συνταττόμενος</span> <span class='ocrx_word' id='word_1_119' title='bbox 3469 1022 3559 1078; x_wconf 80' lang='grc' dir='ltr'>τοῖς</span> <span class='ocrx_word' id='word_1_120' title='bbox 3573 1019 3643 1069; x_wconf 70' lang='grc' dir='ltr'>τῶι</span> 
     </span>
    </p>
   </div>
   <div class='ocr_carea' id='block_1_16' title="bbox 531 1102 2008 1184">
    <p class='ocr_par' dir='ltr' id='par_1_16' title="bbox 531 1102 2008 1166">
     <span class='ocr_line' id='line_1_16' title="bbox 531 1102 2008 1166; baseline 0.003 -12"><span class='ocrx_word' id='word_1_121' title='bbox 531 1102 838 1166; x_wconf 86' lang='lat' dir='ltr'><strong>lscariotes,</strong></span> <span class='ocrx_word' id='word_1_122' title='bbox 875 1121 1039 1158; x_wconf 92' lang='lat' dir='ltr'><strong>unum</strong></span> <span class='ocrx_word' id='word_1_123' title='bbox 1071 1107 1136 1161; x_wconf 90' lang='lat' dir='ltr'><strong>de</strong></span> <span class='ocrx_word' id='word_1_124' title='bbox 1173 1107 1477 1161; x_wconf 87' lang='lat' dir='ltr'><strong>duodecim.</strong></span> <span class='ocrx_word' id='word_1_125' title='bbox 1518 1107 1580 1158; x_wconf 88' lang='lat' dir='ltr'><strong>Et</strong></span> <span class='ocrx_word' id='word_1_126' title='bbox 1610 1108 1740 1160; x_wconf 83' lang='lat' dir='ltr'><strong>abiit</strong></span> <span class='ocrx_word' id='word_1_127' title='bbox 1770 1116 1822 1161; x_wconf 90' lang='lat' dir='ltr'><strong>et</strong></span> <span class='ocrx_word' id='word_1_128' title='bbox 1855 1109 2008 1160; x_wconf 62' lang='lat' dir='ltr'><strong>locuti</strong></span> 
     </span>
    </p>
   </div>
   <div class='ocr_carea' id='block_1_17' title="bbox 2165 1102 3642 1184">
    <p class='ocr_par' dir='ltr' id='par_1_17' title="bbox 2181 1107 3642 1184">
     <span class='ocr_line' id='line_1_17' title="bbox 2181 1107 3642 1184; baseline -0.006 -19"><span class='ocrx_word' id='word_1_129' title='bbox 2181 1113 2439 1165; x_wconf 81' lang='grc' dir='ltr'>Ἰουδαίων</span> <span class='ocrx_word' id='word_1_130' title='bbox 2483 1113 2704 1181; x_wconf 85' lang='grc' dir='ltr'>ἄρχουσι</span> <span class='ocrx_word' id='word_1_131' title='bbox 2731 1110 3029 1178; x_wconf 75' lang='grc' dir='ltr'><strong>λεληθότως</strong></span> <span class='ocrx_word' id='word_1_132' title='bbox 3074 1108 3198 1177; x_wconf 67' lang='grc' dir='ltr'>περὶ</span> <span class='ocrx_word' id='word_1_133' title='bbox 3245 1107 3536 1184; x_wconf 70' lang='grc' dir='ltr'>ἐτέρων,ρύ</span> <span class='ocrx_word' id='word_1_134' title='bbox 3577 1107 3642 1175; x_wconf 68' lang='grc' dir='ltr'>μὴν</span> 
     </span>
    </p>
   </div>
   <div class='ocr_carea' id='block_1_18' title="bbox 527 1191 2004 1270">
    <p class='ocr_par' dir='ltr' id='par_1_18' title="bbox 527 1197 2004 1266">
     <span class='ocr_line' id='line_1_18' title="bbox 527 1197 2004 1266; baseline 0.001 -17"><span class='ocrx_word' id='word_1_135' title='bbox 527 1203 612 1249; x_wconf 88' lang='lat' dir='ltr'><strong>est</strong></span> <span class='ocrx_word' id='word_1_136' title='bbox 632 1211 752 1249; x_wconf 92' lang='lat' dir='ltr'><strong>cum</strong></span> <span class='ocrx_word' id='word_1_137' title='bbox 784 1197 1118 1266; x_wconf 86' lang='lat' dir='ltr'><strong>principibus</strong></span> <span class='ocrx_word' id='word_1_138' title='bbox 1147 1200 1486 1253; x_wconf 85' lang='lat' dir='ltr'><strong>sacerdotum</strong></span> <span class='ocrx_word' id='word_1_139' title='bbox 1519 1208 1571 1253; x_wconf 90' lang='lat' dir='ltr'><strong>et</strong></span> <span class='ocrx_word' id='word_1_140' title='bbox 1619 1200 1808 1252; x_wconf 88' lang='lat' dir='ltr'><strong>scribis</strong></span> <span class='ocrx_word' id='word_1_141' title='bbox 1837 1208 1889 1252; x_wconf 89' lang='lat' dir='ltr'><strong>et</strong></span> <span class='ocrx_word' id='word_1_142' title='bbox 1915 1201 2004 1252; x_wconf 81' lang='lat' dir='ltr'><strong>dllt</strong></span> 
     </span>
    </p>
   </div>
   <div class='ocr_carea' id='block_1_19' title="bbox 2166 1191 3643 1270">
    <p class='ocr_par' dir='ltr' id='par_1_19' title="bbox 2168 1191 3643 1270">
     <span class='ocr_line' id='line_1_19' title="bbox 2168 1191 3643 1270; baseline -0.005 -15"><span class='ocrx_word' id='word_1_143' title='bbox 2168 1202 2300 1255; x_wconf 86' lang='grc' dir='ltr'><strong>άλλά</strong></span> <span class='ocrx_word' id='word_1_144' title='bbox 2337 1203 2427 1254; x_wconf 78' lang='grc' dir='ltr'><strong>καὶ</strong></span> <span class='ocrx_word' id='word_1_145' title='bbox 2476 1203 2600 1270; x_wconf 75' lang='grc' dir='ltr'>περὶ</span> <span class='ocrx_word' id='word_1_146' title='bbox 2645 1200 2753 1252; x_wconf 82' lang='grc' dir='ltr'>τῶν</span> <span class='ocrx_word' id='word_1_147' title='bbox 2797 1200 3116 1268; x_wconf 81' lang='grc' dir='ltr'>χρημάτων,</span> <span class='ocrx_word' id='word_1_148' title='bbox 3152 1199 3234 1265; x_wconf 77' lang='grc' dir='ltr'><strong>ἐφ’</strong></span> <span class='ocrx_word' id='word_1_149' title='bbox 3266 1191 3345 1258; x_wconf 74' lang='grc' dir='ltr'>οἷς</span> <span class='ocrx_word' id='word_1_150' title='bbox 3377 1195 3643 1266; x_wconf 71' lang='grc' dir='ltr'>παραδώσειν</span> 
     </span>
    </p>
   </div>
   <div class='ocr_carea' id='block_1_20' title="bbox 527 1283 2004 1358">
    <p class='ocr_par' dir='ltr' id='par_1_20' title="bbox 527 1285 2004 1357">
     <span class='ocr_line' id='line_1_20' title="bbox 527 1285 2004 1357; baseline 0.002 -20"><span class='ocrx_word' id='word_1_151' title='bbox 527 1285 630 1338; x_wconf 90' lang='lat' dir='ltr'><strong>hus</strong></span> <span class='ocrx_word' id='word_1_152' title='bbox 665 1287 866 1354; x_wconf 88' lang='lat' dir='ltr'><strong>templi,</strong></span> <span class='ocrx_word' id='word_1_153' title='bbox 898 1294 956 1339; x_wconf 92' lang='lat' dir='ltr'><strong>ut</strong></span> <span class='ocrx_word' id='word_1_154' title='bbox 1001 1303 1124 1341; x_wconf 92' lang='lat' dir='ltr'><strong>eum</strong></span> <span class='ocrx_word' id='word_1_155' title='bbox 1158 1289 1265 1343; x_wconf 88' lang='lat' dir='ltr'><strong>illis</strong></span> <span class='ocrx_word' id='word_1_156' title='bbox 1308 1289 1563 1341; x_wconf 81' lang='lat' dir='ltr'><strong>traderet.</strong></span> <span class='ocrx_word' id='word_1_157' title='bbox 1598 1287 1660 1340; x_wconf 86' lang='lat' dir='ltr'><strong>Et</strong></span> <span class='ocrx_word' id='word_1_158' title='bbox 1705 1289 1873 1357; x_wconf 79' lang='lat' dir='ltr'><strong>gavisi</strong></span> <span class='ocrx_word' id='word_1_159' title='bbox 1916 1305 2004 1342; x_wconf 83' lang='lat' dir='ltr'><strong>sur</strong></span> 
     </span>
    </p>
   </div>
   <div class='ocr_carea' id='block_1_21' title="bbox 2166 1283 3643 1358">
    <p class='ocr_par' dir='ltr' id='par_1_21' title="bbox 2167 1283 3643 1358">
     <span class='ocr_line' id='line_1_21' title="bbox 2167 1283 3643 1358; baseline -0.005 -16"><span class='ocrx_word' id='word_1_160' title='bbox 2167 1291 2322 1342; x_wconf 78' lang='grc' dir='ltr'>αύτδν</span> <span class='ocrx_word' id='word_1_161' title='bbox 2354 1292 2675 1358; x_wconf 77' lang='grc' dir='ltr'>ὑπισχνεῖτο,</span> <span class='ocrx_word' id='word_1_162' title='bbox 2722 1290 2847 1358; x_wconf 78' lang='grc' dir='ltr'>περὶ</span> <span class='ocrx_word' id='word_1_163' title='bbox 2888 1283 2963 1339; x_wconf 79' lang='grc' dir='ltr'>ὧν</span> <span class='ocrx_word' id='word_1_164' title='bbox 3005 1291 3122 1357; x_wconf 81' lang='grc' dir='ltr'>μετ’</span> <span class='ocrx_word' id='word_1_165' title='bbox 3157 1287 3328 1338; x_wconf 79' lang='grc' dir='ltr'>αὐτῶν</span> <span class='ocrx_word' id='word_1_166' title='bbox 3360 1287 3553 1338; x_wconf 84' lang='grc' dir='ltr'>ἐκείνων</span> <span class='ocrx_word' id='word_1_167' title='bbox 3569 1288 3643 1353; x_wconf 58' lang='grc' dir='ltr'>ἐψι-</span> 
     </span>
    </p>
   </div>
   <div class='ocr_carea' id='block_1_22' title="bbox 527 1375 2004 1456">
    <p class='ocr_par' dir='ltr' id='par_1_22' title="bbox 527 1375 2001 1456">
     <span class='ocr_line' id='line_1_22' title="bbox 527 1375 2001 1456; baseline 0.002 -29"><span class='ocrx_word' id='word_1_168' title='bbox 527 1381 581 1427; x_wconf 86' lang='lat' dir='ltr'><strong>et</strong></span> <span class='ocrx_word' id='word_1_169' title='bbox 617 1375 760 1442; x_wconf 81' lang='lat' dir='ltr'><strong>pacti</strong></span> <span class='ocrx_word' id='word_1_170' title='bbox 793 1385 918 1428; x_wconf 89' lang='lat' dir='ltr'><strong>sunt</strong></span> <span class='ocrx_word' id='word_1_171' title='bbox 948 1385 1230 1456; x_wconf 78' lang='lat' dir='ltr'><strong>argentum</strong></span> <span class='ocrx_word' id='word_1_172' title='bbox 1270 1380 1346 1432; x_wconf 84' lang='lat' dir='ltr'><strong>illi</strong></span> <span class='ocrx_word' id='word_1_173' title='bbox 1375 1379 1541 1434; x_wconf 92' lang='lat' dir='ltr'><strong>dare:</strong></span> <span class='ocrx_word' id='word_1_174' title='bbox 1571 1387 1625 1433; x_wconf 84' lang='lat' dir='ltr'><strong>et</strong></span> <span class='ocrx_word' id='word_1_175' title='bbox 1664 1379 1937 1447; x_wconf 63' lang='lat' dir='ltr'><strong>quaerebat</strong></span> <span class='ocrx_word' id='word_1_176' title='bbox 1970 1393 2001 1430; x_wconf 91' lang='grc' dir='ltr'><strong>ο</strong></span> 
     </span>
    </p>
   </div>
   <div class='ocr_carea' id='block_1_23' title="bbox 2166 1375 3643 1456">
    <p class='ocr_par' dir='ltr' id='par_1_23' title="bbox 2167 1375 3643 1449">
     <span class='ocr_line' id='line_1_23' title="bbox 2167 1375 3643 1449; baseline -0.003 -18"><span class='ocrx_word' id='word_1_177' title='bbox 2167 1379 2363 1449; x_wconf 80' lang='grc' dir='ltr'>θύριζε.</span> <span class='ocrx_word' id='word_1_178' title='bbox 2397 1379 2484 1430; x_wconf 84' lang='grc' dir='ltr'>Διό</span> <span class='ocrx_word' id='word_1_179' title='bbox 2526 1394 2721 1446; x_wconf 75' lang='grc' dir='ltr'>φησιν’</span> <span class='ocrx_word' id='word_1_180' title='bbox 2762 1396 2780 1426; x_wconf 79' lang='grc' dir='ltr'><strong>ι</strong></span> <span class='ocrx_word' id='word_1_181' title='bbox 2835 1377 3223 1446; x_wconf 80' lang='grc' dir='ltr'>Ἐξεπορεύετο</span> <span class='ocrx_word' id='word_1_182' title='bbox 3270 1375 3387 1439; x_wconf 78' lang='grc' dir='ltr'>ἔξω,</span> <span class='ocrx_word' id='word_1_183' title='bbox 3417 1378 3498 1428; x_wconf 71' lang='grc' dir='ltr'><strong>καὶ</strong></span> <span class='ocrx_word' id='word_1_184' title='bbox 3522 1376 3643 1427; x_wconf 79' lang='grc' dir='ltr'>ἐλάλει</span> 
     </span>
    </p>
   </div>
   <div class='ocr_carea' id='block_1_24' title="bbox 526 1463 2003 1534">
    <p class='ocr_par' dir='ltr' id='par_1_24' title="bbox 526 1465 2003 1532">
     <span class='ocr_line' id='line_1_24' title="bbox 526 1465 2003 1532; baseline 0.003 -16"><span class='ocrx_word' id='word_1_185' title='bbox 526 1465 928 1532; x_wconf 88' lang='lat' dir='ltr'><strong>portunitatem,</strong></span> <span class='ocrx_word' id='word_1_186' title='bbox 955 1476 1009 1519; x_wconf 92' lang='lat' dir='ltr'><strong>ut</strong></span> <span class='ocrx_word' id='word_1_187' title='bbox 1039 1469 1272 1522; x_wconf 88' lang='lat' dir='ltr'><strong>traderet</strong></span> <span class='ocrx_word' id='word_1_188' title='bbox 1307 1470 1454 1522; x_wconf 91' lang='lat' dir='ltr'><strong>illum</strong></span> <span class='ocrx_word' id='word_1_189' title='bbox 1487 1474 1602 1524; x_wconf 88' lang='lat' dir='ltr'><strong>sine</strong></span> <span class='ocrx_word' id='word_1_190' title='bbox 1630 1470 1802 1522; x_wconf 88' lang='lat' dir='ltr'><strong>turbis</strong></span> <span class='ocrx_word' id='word_1_191' title='bbox 1819 1471 1884 1523; x_wconf 88' lang='grc'><strong>³⁷.</strong></span> <span class='ocrx_word' id='word_1_192' title='bbox 1920 1488 1936 1520; x_wconf 74' lang='grc' dir='ltr'><strong>ι</strong></span> <span class='ocrx_word' id='word_1_193' title='bbox 1963 1468 2003 1520; x_wconf 85' lang='grc' dir='ltr'>Ε</span> 
     </span>
    </p>
   </div>
   <div class='ocr_carea' id='block_1_25' title="bbox 2165 1463 3642 1534">
    <p class='ocr_par' dir='ltr' id='par_1_25' title="bbox 2165 1463 3642 1534">
     <span class='ocr_line' id='line_1_25' title="bbox 2165 1463 3642 1534; baseline -0.002 -17"><span class='ocrx_word' id='word_1_194' title='bbox 2165 1466 2254 1517; x_wconf 72' lang='grc' dir='ltr'><strong>ἐπὶ</strong></span> <span class='ocrx_word' id='word_1_195' title='bbox 2281 1465 2340 1516; x_wconf 78' lang='grc' dir='ltr'>τὸ</span> <span class='ocrx_word' id='word_1_196' title='bbox 2375 1465 2520 1516; x_wconf 82' lang='grc' dir='ltr'>αὑτό.</span> <span class='ocrx_word' id='word_1_197' title='bbox 2555 1466 2688 1516; x_wconf 77' lang='grc' dir='ltr'>Κατ’</span> <span class='ocrx_word' id='word_1_198' title='bbox 2716 1465 2850 1533; x_wconf 74' lang='grc' dir='ltr'>ἐμοῦ</span> <span class='ocrx_word' id='word_1_199' title='bbox 2892 1463 3206 1534; x_wconf 54' lang='grc' dir='ltr'>ὲιξιθύριζον</span> <span class='ocrx_word' id='word_1_200' title='bbox 3238 1465 3424 1525; x_wconf 83' lang='grc' dir='ltr'>πάντες</span> <span class='ocrx_word' id='word_1_201' title='bbox 3449 1467 3488 1515; x_wconf 77' lang='grc' dir='ltr'>οἱ</span> <span class='ocrx_word' id='word_1_202' title='bbox 3517 1465 3642 1533; x_wconf 78' lang='grc' dir='ltr'>ἐχθροί</span> 
     </span>
    </p>
   </div>
   <div class='ocr_carea' id='block_1_26' title="bbox 526 1553 2003 1626">
    <p class='ocr_par' dir='ltr' id='par_1_26' title="bbox 526 1553 2003 1626">
     <span class='ocr_line' id='line_1_26' title="bbox 526 1553 2003 1626; baseline 0.003 -20"><span class='ocrx_word' id='word_1_203' title='bbox 526 1554 646 1606; x_wconf 86' lang='lat' dir='ltr'><strong>dem</strong></span> <span class='ocrx_word' id='word_1_204' title='bbox 679 1553 840 1619; x_wconf 75' lang='lat' dir='ltr'><strong>igitur</strong></span> <span class='ocrx_word' id='word_1_205' title='bbox 870 1555 1008 1617; x_wconf 69' lang='lat' dir='ltr'><strong>hazc,</strong></span> <span class='ocrx_word' id='word_1_206' title='bbox 1042 1557 1350 1609; x_wconf 84' lang='lat' dir='ltr'><strong>vaticinium</strong></span> <span class='ocrx_word' id='word_1_207' title='bbox 1385 1560 1528 1626; x_wconf 89' lang='lat' dir='ltr'><strong>quod</strong></span> <span class='ocrx_word' id='word_1_208' title='bbox 1558 1573 1702 1611; x_wconf 89' lang='lat' dir='ltr'><strong>nunc</strong></span> <span class='ocrx_word' id='word_1_209' title='bbox 1729 1559 1781 1611; x_wconf 91' lang='lat' dir='ltr'><strong>in</strong></span> <span class='ocrx_word' id='word_1_210' title='bbox 1811 1557 2003 1610; x_wconf 53' lang='lat' dir='ltr'><strong>manilii</strong></span> 
     </span>
    </p>
   </div>
   <div class='ocr_carea' id='block_1_27' title="bbox 2166 1553 3643 1626">
    <p class='ocr_par' dir='ltr' id='par_1_27' title="bbox 2167 1553 3643 1624">
     <span class='ocr_line' id='line_1_27' title="bbox 2167 1553 3643 1624; baseline 0.001 -18"><span class='ocrx_word' id='word_1_211' title='bbox 2167 1572 2284 1624; x_wconf 89' lang='grc' dir='ltr'>μου,</span> <span class='ocrx_word' id='word_1_212' title='bbox 2307 1555 2421 1607; x_wconf 75' lang='grc' dir='ltr'>κατ’</span> <span class='ocrx_word' id='word_1_213' title='bbox 2448 1554 2577 1623; x_wconf 74' lang='grc' dir='ltr'>ἐμοῦ</span> <span class='ocrx_word' id='word_1_214' title='bbox 2635 1553 2937 1621; x_wconf 76' lang='grc' dir='ltr'>ἐλογίζοντο</span> <span class='ocrx_word' id='word_1_215' title='bbox 2975 1555 3121 1606; x_wconf 88' lang='grc' dir='ltr'>κακά</span> <span class='ocrx_word' id='word_1_216' title='bbox 3153 1571 3258 1622; x_wconf 86' lang='grc' dir='ltr'>μοι.</span> <span class='ocrx_word' id='word_1_217' title='bbox 3291 1556 3446 1622; x_wconf 80' lang='grc' dir='ltr'>Λόγον</span> <span class='ocrx_word' id='word_1_218' title='bbox 3475 1557 3643 1624; x_wconf 75' lang='grc' dir='ltr'>παράνο-</span> 
     </span>
    </p>
   </div>
   <div class='ocr_carea' id='block_1_28' title="bbox 524 1642 2001 1717">
    <p class='ocr_par' dir='ltr' id='par_1_28' title="bbox 524 1645 2001 1717">
     <span class='ocr_line' id='line_1_28' title="bbox 524 1645 2001 1717; baseline 0.002 -20"><span class='ocrx_word' id='word_1_219' title='bbox 524 1651 626 1704; x_wconf 86' lang='lat' dir='ltr'><strong>est,</strong></span> <span class='ocrx_word' id='word_1_220' title='bbox 650 1658 869 1706; x_wconf 86' lang='lat' dir='ltr'><strong>canens,</strong></span> <span class='ocrx_word' id='word_1_221' title='bbox 889 1645 958 1697; x_wconf 92' lang='lat' dir='ltr'><strong>ita</strong></span> <span class='ocrx_word' id='word_1_222' title='bbox 984 1647 1086 1698; x_wconf 88' lang='lat' dir='ltr'><strong>ait:</strong></span> <span class='ocrx_word' id='word_1_223' title='bbox 1107 1665 1124 1695; x_wconf 84' lang='grc'><strong><em>‹</em></strong></span> <span class='ocrx_word' id='word_1_224' title='bbox 1140 1647 1202 1699; x_wconf 88' lang='lat' dir='ltr'><strong>Et</strong></span> <span class='ocrx_word' id='word_1_225' title='bbox 1219 1648 1609 1717; x_wconf 83' lang='lat' dir='ltr'><strong>ingrediebatur</strong></span> <span class='ocrx_word' id='word_1_226' title='bbox 1626 1657 1682 1702; x_wconf 91' lang='lat' dir='ltr'><strong>ut</strong></span> <span class='ocrx_word' id='word_1_227' title='bbox 1699 1648 2001 1712; x_wconf 73' lang='lat' dir='ltr'><strong>videret,vai</strong></span> 
     </span>
    </p>
   </div>
   <div class='ocr_carea' id='block_1_29' title="bbox 2164 1642 3641 1717">
    <p class='ocr_par' dir='ltr' id='par_1_29' title="bbox 2167 1642 3641 1711">
     <span class='ocr_line' id='line_1_29' title="bbox 2167 1642 3641 1711; baseline -0.003 -17"><span class='ocrx_word' id='word_1_228' title='bbox 2167 1660 2261 1711; x_wconf 88' lang='grc' dir='ltr'><strong>μον</strong></span> <span class='ocrx_word' id='word_1_229' title='bbox 2300 1643 2578 1695; x_wconf 83' lang='grc' dir='ltr'>κατέθεντο</span> <span class='ocrx_word' id='word_1_230' title='bbox 2618 1645 2735 1694; x_wconf 85' lang='grc' dir='ltr'>κατ’</span> <span class='ocrx_word' id='word_1_231' title='bbox 2765 1642 2926 1710; x_wconf 78' lang='grc' dir='ltr'>ἐμοῦ.</span> <span class='ocrx_word' id='word_1_232' title='bbox 2974 1661 2991 1691; x_wconf 76' lang='grc' dir='ltr'><strong>ι</strong></span> <span class='ocrx_word' id='word_1_233' title='bbox 3039 1644 3220 1692; x_wconf 82' lang='grc' dir='ltr'>Ἐοικε</span> <span class='ocrx_word' id='word_1_234' title='bbox 3247 1642 3302 1692; x_wconf 76' lang='grc' dir='ltr'>δὲ</span> <span class='ocrx_word' id='word_1_235' title='bbox 3331 1642 3422 1710; x_wconf 80' lang='grc' dir='ltr'><strong>τὴν</strong></span> <span class='ocrx_word' id='word_1_236' title='bbox 3443 1643 3641 1709; x_wconf 72' lang='grc' dir='ltr'>συνταγὴν</span> 
     </span>
    </p>
   </div>
   <div class='ocr_carea' id='block_1_30' title="bbox 524 1731 2001 1809">
    <p class='ocr_par' dir='ltr' id='par_1_30' title="bbox 524 1733 2001 1809">
     <span class='ocr_line' id='line_1_30' title="bbox 524 1733 2001 1809; baseline 0.004 -23"><span class='ocrx_word' id='word_1_237' title='bbox 524 1733 844 1802; x_wconf 85' lang='lat' dir='ltr'><strong>loquebatur</strong></span> <span class='ocrx_word' id='word_1_238' title='bbox 876 1751 969 1788; x_wconf 83' lang='lat' dir='ltr'><strong>cor</strong></span> <span class='ocrx_word' id='word_1_239' title='bbox 1007 1737 1144 1804; x_wconf 86' lang='lat' dir='ltr'><strong>ejus,</strong></span> <span class='ocrx_word' id='word_1_240' title='bbox 1174 1741 1516 1809; x_wconf 75' lang='lat' dir='ltr'><strong>congregavit</strong></span> <span class='ocrx_word' id='word_1_241' title='bbox 1557 1741 1892 1809; x_wconf 78' lang='lat' dir='ltr'><strong>iniquitatem</strong></span> <span class='ocrx_word' id='word_1_242' title='bbox 1935 1739 2001 1793; x_wconf 87' lang='lat' dir='ltr'><strong>sil</strong></span> 
     </span>
    </p>
   </div>
   <div class='ocr_carea' id='block_1_31' title="bbox 2163 1731 3640 1809">
    <p class='ocr_par' dir='ltr' id='par_1_31' title="bbox 2163 1731 3640 1802">
     <span class='ocr_line' id='line_1_31' title="bbox 2163 1731 3640 1802; baseline -0.001 -18"><span class='ocrx_word' id='word_1_243' title='bbox 2163 1732 2256 1801; x_wconf 82' lang='grc' dir='ltr'>τὴν</span> <span class='ocrx_word' id='word_1_244' title='bbox 2314 1732 2437 1802; x_wconf 61' lang='grc' dir='ltr'><strong>περὶ⁸</strong></span> <span class='ocrx_word' id='word_1_245' title='bbox 2486 1732 2590 1784; x_wconf 84' lang='grc' dir='ltr'><strong>τῶν</strong></span> <span class='ocrx_word' id='word_1_246' title='bbox 2641 1731 2917 1802; x_wconf 77' lang='grc' dir='ltr'>ἀργυρίων</span> <span class='ocrx_word' id='word_1_247' title='bbox 2967 1731 3126 1798; x_wconf 82' lang='grc' dir='ltr'>λόγον</span> <span class='ocrx_word' id='word_1_248' title='bbox 3164 1731 3458 1800; x_wconf 85' lang='grc' dir='ltr'>παράνομον</span> <span class='ocrx_word' id='word_1_249' title='bbox 3486 1731 3556 1783; x_wconf 77' lang='grc' dir='ltr'>διὰ</span> <span class='ocrx_word' id='word_1_250' title='bbox 3580 1734 3640 1800; x_wconf 76' lang='grc' dir='ltr'><strong>τῆς</strong></span> 
     </span>
    </p>
   </div>
   <div class='ocr_carea' id='block_1_32' title="bbox 522 1794 1999 1899">
    <p class='ocr_par' dir='ltr' id='par_1_32' title="bbox 522 1794 1996 1899">
     <span class='ocr_line' id='line_1_32' title="bbox 522 1794 1996 1899; baseline 0.005 -25"><span class='ocrx_word' id='word_1_251' title='bbox 522 1794 1078 1896; x_wconf 57' lang='lat' dir='ltr'><strong>mEgrediebatur</strong></span> <span class='ocrx_word' id='word_1_252' title='bbox 1093 1794 1254 1891; x_wconf 84' lang='lat' dir='ltr'><strong>foras,</strong></span> <span class='ocrx_word' id='word_1_253' title='bbox 1282 1794 1334 1883; x_wconf 60' lang='lat' dir='ltr'><strong>Si</strong></span> <span class='ocrx_word' id='word_1_254' title='bbox 1352 1794 1666 1899; x_wconf 69' lang='lat' dir='ltr'><strong>loquebatur</strong></span> <span class='ocrx_word' id='word_1_255' title='bbox 1693 1831 1746 1883; x_wconf 88' lang='lat' dir='ltr'><strong>in</strong></span> <span class='ocrx_word' id='word_1_256' title='bbox 1766 1829 1996 1897; x_wconf 90' lang='lat' dir='ltr'><strong>idipsum</strong></span> 
     </span>
    </p>
   </div>
   <div class='ocr_carea' id='block_1_33' title="bbox 2162 1794 3639 1899">
    <p class='ocr_par' dir='ltr' id='par_1_33' title="bbox 2163 1819 3639 1890">
     <span class='ocr_line' id='line_1_33' title="bbox 2163 1819 3639 1890; baseline 0.005 -24"><span class='ocrx_word' id='word_1_257' title='bbox 2163 1819 2490 1890; x_wconf 74' lang='grc' dir='ltr'>προφητείας</span> <span class='ocrx_word' id='word_1_258' title='bbox 2508 1819 2788 1888; x_wconf 79' lang='grc' dir='ltr'>ὀνομάζειν</span> <span class='ocrx_word' id='word_1_259' title='bbox 2810 1836 2821 1848; x_wconf 78' lang='grc'><strong>⁸</strong></span> <span class='ocrx_word' id='word_1_260' title='bbox 2845 1820 2876 1888; x_wconf 86' lang='grc' dir='ltr'>ἢ</span> <span class='ocrx_word' id='word_1_261' title='bbox 2902 1820 2998 1871; x_wconf 80' lang='grc' dir='ltr'><strong>καὶ</strong></span> <span class='ocrx_word' id='word_1_262' title='bbox 3020 1820 3102 1870; x_wconf 80' lang='grc' dir='ltr'><strong>ὅτι</strong></span> <span class='ocrx_word' id='word_1_263' title='bbox 3136 1820 3298 1888; x_wconf 76' lang='grc' dir='ltr'>ἀσεϐῆ</span> <span class='ocrx_word' id='word_1_264' title='bbox 3321 1821 3406 1870; x_wconf 74' lang='grc' dir='ltr'><strong>καὶ</strong></span> <span class='ocrx_word' id='word_1_265' title='bbox 3424 1821 3639 1888; x_wconf 60' lang='grc' dir='ltr'>παράδοξα</span> 
     </span>
    </p>
   </div>
   <div class='ocr_carea' id='block_1_34' title="bbox 522 1909 1999 1989">
    <p class='ocr_par' dir='ltr' id='par_1_34' title="bbox 522 1914 1999 1989">
     <span class='ocr_line' id='line_1_34' title="bbox 522 1914 1999 1989; baseline 0.002 -21"><span class='ocrx_word' id='word_1_266' title='bbox 522 1914 722 1969; x_wconf 86' lang='lat' dir='ltr'><strong>Contra</strong></span> <span class='ocrx_word' id='word_1_267' title='bbox 753 1931 835 1969; x_wconf 91' lang='lat' dir='ltr'><strong>me</strong></span> <span class='ocrx_word' id='word_1_268' title='bbox 880 1919 1237 1972; x_wconf 86' lang='lat' dir='ltr'><strong>susurrabant</strong></span> <span class='ocrx_word' id='word_1_269' title='bbox 1271 1934 1458 1974; x_wconf 88' lang='lat' dir='ltr'><strong>omnes</strong></span> <span class='ocrx_word' id='word_1_270' title='bbox 1495 1921 1698 1973; x_wconf 89' lang='lat' dir='ltr'><strong>inimici</strong></span> <span class='ocrx_word' id='word_1_271' title='bbox 1747 1920 1870 1973; x_wconf 90' lang='lat' dir='ltr'><strong>mei.</strong></span> <span class='ocrx_word' id='word_1_272' title='bbox 1907 1917 1999 1989; x_wconf 81' lang='lat' dir='ltr'><strong>Syr</strong></span> 
     </span>
    </p>
   </div>
   <div class='ocr_carea' id='block_1_35' title="bbox 2162 1909 3639 1989">
    <p class='ocr_par' dir='ltr' id='par_1_35' title="bbox 2162 1909 3639 1982">
     <span class='ocr_line' id='line_1_35' title="bbox 2162 1909 3639 1982; baseline -0.001 -18"><span class='ocrx_word' id='word_1_273' title='bbox 2162 1913 2278 1964; x_wconf 87' lang='grc' dir='ltr'>κατ’</span> <span class='ocrx_word' id='word_1_274' title='bbox 2337 1909 2497 1964; x_wconf 78' lang='grc' dir='ltr'>αὑτοῦ</span> <span class='ocrx_word' id='word_1_275' title='bbox 2533 1911 2849 1973; x_wconf 74' lang='grc' dir='ltr'>διενοοῦντο,</span> <span class='ocrx_word' id='word_1_276' title='bbox 2893 1912 2970 1975; x_wconf 83' lang='grc' dir='ltr'>ὡς</span> <span class='ocrx_word' id='word_1_277' title='bbox 3011 1911 3078 1963; x_wconf 86' lang='grc' dir='ltr'><strong>ἂν</strong></span> <span class='ocrx_word' id='word_1_278' title='bbox 3142 1911 3538 1982; x_wconf 73' lang='grc' dir='ltr'>σϐεσθησομένου</span> <span class='ocrx_word' id='word_1_279' title='bbox 3583 1913 3639 1963; x_wconf 75' lang='grc' dir='ltr'><strong>καὶ</strong></span> 
     </span>
    </p>
   </div>
   <div class='ocr_carea' id='block_1_36' title="bbox 521 1999 1998 2079">
    <p class='ocr_par' dir='ltr' id='par_1_36' title="bbox 521 2007 1998 2079">
     <span class='ocr_line' id='line_1_36' title="bbox 521 2007 1998 2079; baseline 0.002 -19"><span class='ocrx_word' id='word_1_280' title='bbox 521 2007 747 2061; x_wconf 87' lang='lat' dir='ltr'><strong>machus</strong></span> <span class='ocrx_word' id='word_1_281' title='bbox 777 2015 951 2061; x_wconf 86' lang='lat' dir='ltr'><strong>autem</strong></span> <span class='ocrx_word' id='word_1_282' title='bbox 987 2026 999 2060; x_wconf 91' lang='lat'><strong>:</strong></span> <span class='ocrx_word' id='word_1_283' title='bbox 1038 2028 1054 2058; x_wconf 83' lang='grc' dir='ltr'><strong>ι</strong></span> <span class='ocrx_word' id='word_1_284' title='bbox 1086 2008 1413 2078; x_wconf 87' lang='lat' dir='ltr'><strong>Ingrediens,</strong></span> <span class='ocrx_word' id='word_1_285' title='bbox 1443 2009 1641 2079; x_wconf 88' lang='lat' dir='ltr'><strong>inquit,</strong></span> <span class='ocrx_word' id='word_1_286' title='bbox 1664 2017 1720 2062; x_wconf 92' lang='lat' dir='ltr'><strong>ut</strong></span> <span class='ocrx_word' id='word_1_287' title='bbox 1745 2010 1998 2078; x_wconf 71' lang='lat' dir='ltr'><strong>inspicere</strong></span> 
     </span>
    </p>
   </div>
   <div class='ocr_carea' id='block_1_37' title="bbox 2160 1999 3637 2079">
    <p class='ocr_par' dir='ltr' id='par_1_37' title="bbox 2160 1999 3637 2071">
     <span class='ocr_line' id='line_1_37' title="bbox 2160 1999 3637 2071; baseline 0.001 -20"><span class='ocrx_word' id='word_1_288' title='bbox 2160 1999 2650 2068; x_wconf 68' lang='grc' dir='ltr'>διαφθαρησομένου</span> <span class='ocrx_word' id='word_1_289' title='bbox 2684 2001 2821 2069; x_wconf 89' lang='grc' dir='ltr'><strong>μετά</strong></span> <span class='ocrx_word' id='word_1_290' title='bbox 2855 2001 2949 2053; x_wconf 84' lang='grc' dir='ltr'><strong>τὸν</strong></span> <span class='ocrx_word' id='word_1_291' title='bbox 2985 2002 3234 2064; x_wconf 86' lang='grc' dir='ltr'>θάνατον,</span> <span class='ocrx_word' id='word_1_292' title='bbox 3255 2003 3345 2054; x_wconf 75' lang='grc' dir='ltr'><strong>καὶ</strong></span> <span class='ocrx_word' id='word_1_293' title='bbox 3371 2003 3539 2071; x_wconf 80' lang='grc' dir='ltr'>μηκέτι</span> <span class='ocrx_word' id='word_1_294' title='bbox 3570 2002 3637 2065; x_wconf 73' lang='grc' dir='ltr'><strong>ζὼ-</strong></span> 
     </span>
    </p>
   </div>
   <div class='ocr_carea' id='block_1_38' title="bbox 521 2090 1998 2168">
    <p class='ocr_par' dir='ltr' id='par_1_38' title="bbox 521 2096 1998 2168">
     <span class='ocr_line' id='line_1_38' title="bbox 521 2096 1998 2168; baseline 0.001 -20"><span class='ocrx_word' id='word_1_295' title='bbox 521 2111 659 2150; x_wconf 89' lang='lat' dir='ltr'><strong>vana</strong></span> <span class='ocrx_word' id='word_1_296' title='bbox 691 2096 1010 2166; x_wconf 86' lang='lat' dir='ltr'><strong>loquebatur</strong></span> <span class='ocrx_word' id='word_1_297' title='bbox 1037 2112 1132 2151; x_wconf 91' lang='lat' dir='ltr'><strong>cor</strong></span> <span class='ocrx_word' id='word_1_298' title='bbox 1160 2099 1298 2166; x_wconf 87' lang='lat' dir='ltr'><strong>ejus,</strong></span> <span class='ocrx_word' id='word_1_299' title='bbox 1337 2099 1696 2168; x_wconf 79' lang='lat' dir='ltr'><strong>congregabat</strong></span> <span class='ocrx_word' id='word_1_300' title='bbox 1736 2099 1998 2166; x_wconf 89' lang='lat' dir='ltr'><strong>injustitia</strong></span> 
     </span>
    </p>
   </div>
   <div class='ocr_carea' id='block_1_39' title="bbox 2160 2090 3637 2168">
    <p class='ocr_par' dir='ltr' id='par_1_39' title="bbox 2160 2090 3637 2163">
     <span class='ocr_line' id='line_1_39' title="bbox 2160 2090 3637 2163; baseline 0.001 -21"><span class='ocrx_word' id='word_1_301' title='bbox 2160 2107 2244 2143; x_wconf 90' lang='grc' dir='ltr'><strong>σιν</strong></span> <span class='ocrx_word' id='word_1_302' title='bbox 2289 2090 2797 2160; x_wconf 80' lang='grc' dir='ltr'>ἐξετασθησομένου.</span> <span class='ocrx_word' id='word_1_303' title='bbox 2842 2091 3100 2144; x_wconf 81' lang='grc' dir='ltr'>Τοιοῦτον</span> <span class='ocrx_word' id='word_1_304' title='bbox 3156 2094 3262 2163; x_wconf 90' lang='grc' dir='ltr'><strong>γάρ</strong></span> <span class='ocrx_word' id='word_1_305' title='bbox 3299 2094 3407 2146; x_wconf 83' lang='grc' dir='ltr'>ἐστι</span> <span class='ocrx_word' id='word_1_306' title='bbox 3443 2093 3547 2156; x_wconf 82' lang='grc' dir='ltr'>τὺ,‹</span> <span class='ocrx_word' id='word_1_307' title='bbox 3582 2095 3637 2159; x_wconf 76' lang='lat' dir='ltr'><strong>Mi;</strong></span> 
     </span>
    </p>
   </div>
   <div class='ocr_carea' id='block_1_40' title="bbox 521 2179 1998 2260">
    <p class='ocr_par' dir='ltr' id='par_1_40' title="bbox 521 2188 1998 2260">
     <span class='ocr_line' id='line_1_40' title="bbox 521 2188 1998 2260; baseline 0.001 -19"><span class='ocrx_word' id='word_1_308' title='bbox 521 2188 646 2242; x_wconf 87' lang='lat' dir='ltr'><strong>sibi.</strong></span> <span class='ocrx_word' id='word_1_309' title='bbox 701 2189 993 2258; x_wconf 86' lang='lat' dir='ltr'><strong>Egrediens</strong></span> <span class='ocrx_word' id='word_1_310' title='bbox 1045 2199 1222 2244; x_wconf 89' lang='lat' dir='ltr'><strong>autem</strong></span> <span class='ocrx_word' id='word_1_311' title='bbox 1281 2191 1426 2246; x_wconf 84' lang='lat' dir='ltr'><strong>foras</strong></span> <span class='ocrx_word' id='word_1_312' title='bbox 1471 2191 1880 2260; x_wconf 86' lang='lat' dir='ltr'><strong>obloquebatur.</strong></span> <span class='ocrx_word' id='word_1_313' title='bbox 1941 2189 1998 2244; x_wconf 83' lang='lat' dir='ltr'><strong>Ul</strong></span> 
     </span>
    </p>
   </div>
   <div class='ocr_carea' id='block_1_41' title="bbox 2162 2179 3639 2260">
    <p class='ocr_par' dir='ltr' id='par_1_41' title="bbox 2162 2179 3639 2252">
     <span class='ocr_line' id='line_1_41' title="bbox 2162 2179 3639 2252; baseline 0.001 -19"><span class='ocrx_word' id='word_1_314' title='bbox 2162 2183 2184 2233; x_wconf 84' lang='lat'><strong>6</strong></span> <span class='ocrx_word' id='word_1_315' title='bbox 2214 2179 2545 2249; x_wconf 83' lang='grc' dir='ltr'>κοιμώμενος</span> <span class='ocrx_word' id='word_1_316' title='bbox 2572 2180 2690 2249; x_wconf 72' lang='grc' dir='ltr'>οὐχὶ</span> <span class='ocrx_word' id='word_1_317' title='bbox 2723 2181 3024 2250; x_wconf 76' lang='grc' dir='ltr'>προσθήσει</span> <span class='ocrx_word' id='word_1_318' title='bbox 3052 2183 3146 2234; x_wconf 82' lang='grc' dir='ltr'><strong>τοῦ</strong></span> <span class='ocrx_word' id='word_1_319' title='bbox 3169 2184 3442 2252; x_wconf 79' lang='grc' dir='ltr'>ἀναστῆναι</span> <span class='ocrx_word' id='word_1_320' title='bbox 3465 2200 3476 2246; x_wconf 92' lang='grc'><strong>;</strong></span> <span class='ocrx_word' id='word_1_321' title='bbox 3506 2202 3521 2233; x_wconf 85' lang='grc'><strong>›</strong></span> <span class='ocrx_word' id='word_1_322' title='bbox 3549 2185 3639 2250; x_wconf 78' lang='grc' dir='ltr'>ὅπερ</span> 
     </span>
    </p>
   </div>
   <div class='ocr_carea' id='block_1_42' title="bbox 522 2270 1999 2351">
    <p class='ocr_par' dir='ltr' id='par_1_42' title="bbox 522 2279 1994 2351">
     <span class='ocr_line' id='line_1_42' title="bbox 522 2279 1994 2351; baseline 0.001 -19"><span class='ocrx_word' id='word_1_323' title='bbox 522 2279 701 2332; x_wconf 89' lang='lat' dir='ltr'><strong>animo</strong></span> <span class='ocrx_word' id='word_1_324' title='bbox 741 2281 1099 2335; x_wconf 85' lang='lat' dir='ltr'><strong>susurrabant</strong></span> <span class='ocrx_word' id='word_1_325' title='bbox 1152 2290 1339 2334; x_wconf 90' lang='lat' dir='ltr'><strong>contra</strong></span> <span class='ocrx_word' id='word_1_326' title='bbox 1387 2297 1472 2336; x_wconf 91' lang='lat' dir='ltr'><strong>me</strong></span> <span class='ocrx_word' id='word_1_327' title='bbox 1499 2297 1690 2336; x_wconf 85' lang='lat' dir='ltr'><strong>omnes</strong></span> <span class='ocrx_word' id='word_1_328' title='bbox 1711 2282 1802 2351; x_wconf 91' lang='lat' dir='ltr'><strong>qui</strong></span> <span class='ocrx_word' id='word_1_329' title='bbox 1830 2283 1994 2335; x_wconf 91' lang='lat' dir='ltr'><strong>oderu</strong></span> 
     </span>
    </p>
   </div>
   <div class='ocr_carea' id='block_1_43' title="bbox 2160 2270 3637 2351">
    <p class='ocr_par' dir='ltr' id='par_1_43' title="bbox 2160 2270 3637 2342">
     <span class='ocr_line' id='line_1_43' title="bbox 2160 2270 3637 2342; baseline -0.001 -20"><span class='ocrx_word' id='word_1_330' title='bbox 2160 2271 2470 2340; x_wconf 83' lang='grc' dir='ltr'>λευκότερον</span> <span class='ocrx_word' id='word_1_331' title='bbox 2512 2273 2540 2324; x_wconf 97' lang='lat'><strong>6</strong></span> <span class='ocrx_word' id='word_1_332' title='bbox 2581 2270 2878 2340; x_wconf 83' lang='grc' dir='ltr'>Σύμμαχος</span> <span class='ocrx_word' id='word_1_333' title='bbox 2909 2271 3167 2342; x_wconf 83' lang='grc' dir='ltr'>ἐξέφηνεν</span> <span class='ocrx_word' id='word_1_334' title='bbox 3197 2273 3356 2325; x_wconf 77' lang='grc' dir='ltr'>εἰπών</span> <span class='ocrx_word' id='word_1_335' title='bbox 3378 2290 3390 2302; x_wconf 92' lang='grc'><strong>·</strong></span> <span class='ocrx_word' id='word_1_336' title='bbox 3428 2292 3445 2321; x_wconf 79' lang='grc' dir='ltr'><strong>ι</strong></span> <span class='ocrx_word' id='word_1_337' title='bbox 3480 2275 3561 2325; x_wconf 78' lang='lat' dir='ltr'><strong>Kal</strong></span> 
     </span>
    </p>
   </div>
   <div class='ocr_carea' id='block_1_44' title="bbox 517 2359 1994 2442">
    <p class='ocr_par' dir='ltr' id='par_1_44' title="bbox 517 2367 1992 2442">
     <span class='ocr_line' id='line_1_44' title="bbox 517 2367 1992 2442; baseline 0.003 -22"><span class='ocrx_word' id='word_1_338' title='bbox 517 2385 622 2422; x_wconf 89' lang='lat' dir='ltr'><strong>me.</strong></span> <span class='ocrx_word' id='word_1_339' title='bbox 663 2388 682 2420; x_wconf 73' lang='grc' dir='ltr'><strong><em>ο</em></strong></span> <span class='ocrx_word' id='word_1_340' title='bbox 734 2367 891 2425; x_wconf 91' lang='lat' dir='ltr'><strong>Solus</strong></span> <span class='ocrx_word' id='word_1_341' title='bbox 920 2372 1082 2440; x_wconf 85' lang='lat' dir='ltr'><strong>igitur</strong></span> <span class='ocrx_word' id='word_1_342' title='bbox 1115 2378 1369 2440; x_wconf 86' lang='lat' dir='ltr'><strong>tanquam</strong></span> <span class='ocrx_word' id='word_1_343' title='bbox 1412 2372 1692 2427; x_wconf 80' lang='lat' dir='ltr'><strong>familiaris</strong></span> <span class='ocrx_word' id='word_1_344' title='bbox 1719 2382 1772 2426; x_wconf 88' lang='lat' dir='ltr'><strong>et</strong></span> <span class='ocrx_word' id='word_1_345' title='bbox 1821 2372 1992 2442; x_wconf 89' lang='lat' dir='ltr'><strong>discip</strong></span> 
     </span>
    </p>
   </div>
   <div class='ocr_carea' id='block_1_45' title="bbox 2157 2359 3634 2442">
    <p class='ocr_par' dir='ltr' id='par_1_45' title="bbox 2157 2359 3634 2431">
     <span class='ocr_line' id='line_1_45' title="bbox 2157 2359 3634 2431; baseline -0.002 -19"><span class='ocrx_word' id='word_1_346' title='bbox 2157 2359 2264 2412; x_wconf 88' lang='grc' dir='ltr'><strong>σὼν</strong></span> <span class='ocrx_word' id='word_1_347' title='bbox 2286 2361 2458 2412; x_wconf 77' lang='grc' dir='ltr'>οὐκέτ’</span> <span class='ocrx_word' id='word_1_348' title='bbox 2490 2363 2856 2431; x_wconf 79' lang='grc' dir='ltr'>ἀναστήσεται</span> <span class='ocrx_word' id='word_1_349' title='bbox 2877 2377 2922 2424; x_wconf 79' lang='grc' dir='ltr'>;ι</span> <span class='ocrx_word' id='word_1_350' title='bbox 2955 2364 2984 2413; x_wconf 89' lang='grc' dir='ltr'>ὁ</span> <span class='ocrx_word' id='word_1_351' title='bbox 3010 2363 3067 2413; x_wconf 84' lang='grc' dir='ltr'><strong>δὲ</strong></span> <span class='ocrx_word' id='word_1_352' title='bbox 3105 2363 3328 2427; x_wconf 82' lang='grc' dir='ltr'>Ἀκύλας</span> <span class='ocrx_word' id='word_1_353' title='bbox 3355 2365 3512 2431; x_wconf 81' lang='grc' dir='ltr'>φησὶν,</span> <span class='ocrx_word' id='word_1_354' title='bbox 3545 2363 3634 2412; x_wconf 75' lang='lat' dir='ltr'><strong>:Kal</strong></span> 
     </span>
    </p>
   </div>
   <div class='ocr_carea' id='block_1_46' title="bbox 519 2449 1996 2530">
    <p class='ocr_par' dir='ltr' id='par_1_46' title="bbox 519 2458 1996 2530">
     <span class='ocr_line' id='line_1_46' title="bbox 519 2458 1996 2530; baseline 0.002 -21"><span class='ocrx_word' id='word_1_355' title='bbox 519 2459 604 2510; x_wconf 91' lang='lat' dir='ltr'><strong>lus</strong></span> <span class='ocrx_word' id='word_1_356' title='bbox 633 2458 929 2528; x_wconf 83' lang='lat' dir='ltr'><strong>ingressus,</strong></span> <span class='ocrx_word' id='word_1_357' title='bbox 961 2460 1432 2528; x_wconf 86' lang='lat' dir='ltr'><strong>circumspiciebat</strong></span> <span class='ocrx_word' id='word_1_358' title='bbox 1459 2468 1510 2514; x_wconf 92' lang='lat' dir='ltr'><strong>et</strong></span> <span class='ocrx_word' id='word_1_359' title='bbox 1548 2461 1858 2530; x_wconf 83' lang='lat' dir='ltr'><strong>explorabat</strong></span> <span class='ocrx_word' id='word_1_360' title='bbox 1887 2463 1996 2513; x_wconf 90' lang='lat' dir='ltr'><strong>intu</strong></span> 
     </span>
    </p>
   </div>
   <div class='ocr_carea' id='block_1_47' title="bbox 2158 2449 3635 2530">
    <p class='ocr_par' dir='ltr' id='par_1_47' title="bbox 2158 2449 3635 2522">
     <span class='ocr_line' id='line_1_47' title="bbox 2158 2449 3635 2522; baseline 0 -21"><span class='ocrx_word' id='word_1_361' title='bbox 2158 2449 2212 2510; x_wconf 77' lang='grc' dir='ltr'>ὃς</span> <span class='ocrx_word' id='word_1_362' title='bbox 2237 2449 2303 2502; x_wconf 81' lang='grc' dir='ltr'>ἂν</span> <span class='ocrx_word' id='word_1_363' title='bbox 2329 2449 2586 2521; x_wconf 78' lang='grc' dir='ltr'>κοιμηθῇ,</span> <span class='ocrx_word' id='word_1_364' title='bbox 2620 2451 2680 2503; x_wconf 83' lang='grc' dir='ltr'><strong>ού</strong></span> <span class='ocrx_word' id='word_1_365' title='bbox 2724 2451 3026 2522; x_wconf 78' lang='grc' dir='ltr'>προσθήσει</span> <span class='ocrx_word' id='word_1_366' title='bbox 3063 2453 3156 2506; x_wconf 77' lang='grc' dir='ltr'>τοῦ</span> <span class='ocrx_word' id='word_1_367' title='bbox 3204 2452 3501 2522; x_wconf 85' lang='grc' dir='ltr'>ἀναστῆναι;</span> <span class='ocrx_word' id='word_1_368' title='bbox 3533 2452 3635 2503; x_wconf 65' lang='grc' dir='ltr'>»Καὶ</span> 
     </span>
    </p>
   </div>
   <div class='ocr_carea' id='block_1_48' title="bbox 519 2538 1996 2618">
    <p class='ocr_par' dir='ltr' id='par_1_48' title="bbox 519 2547 1996 2618">
     <span class='ocr_line' id='line_1_48' title="bbox 519 2547 1996 2618; baseline 0.003 -20"><span class='ocrx_word' id='word_1_369' title='bbox 519 2547 746 2602; x_wconf 89' lang='lat' dir='ltr'><strong>insidias</strong></span> <span class='ocrx_word' id='word_1_370' title='bbox 799 2549 852 2601; x_wconf 90' lang='lat' dir='ltr'><strong>in</strong></span> <span class='ocrx_word' id='word_1_371' title='bbox 896 2549 1058 2602; x_wconf 91' lang='lat' dir='ltr'><strong>corde</strong></span> <span class='ocrx_word' id='word_1_372' title='bbox 1103 2565 1201 2601; x_wconf 89' lang='lat' dir='ltr'><strong>suo</strong></span> <span class='ocrx_word' id='word_1_373' title='bbox 1237 2549 1533 2602; x_wconf 70' lang='lat' dir='ltr'><strong>occultans.</strong></span> <span class='ocrx_word' id='word_1_374' title='bbox 1561 2549 1823 2618; x_wconf 85' lang='lat' dir='ltr'><strong>Egressus</strong></span> <span class='ocrx_word' id='word_1_375' title='bbox 1853 2556 1996 2603; x_wconf 85' lang='lat' dir='ltr'><strong>auter</strong></span> 
     </span>
    </p>
   </div>
   <div class='ocr_carea' id='block_1_49' title="bbox 2157 2538 3634 2618">
    <p class='ocr_par' dir='ltr' id='par_1_49' title="bbox 2157 2538 3634 2613">
     <span class='ocr_line' id='line_1_49' title="bbox 2157 2538 3634 2613; baseline -0.001 -23"><span class='ocrx_word' id='word_1_376' title='bbox 2157 2538 2323 2590; x_wconf 80' lang='grc' dir='ltr'>ταῦτα</span> <span class='ocrx_word' id='word_1_377' title='bbox 2355 2539 2432 2591; x_wconf 75' lang='grc' dir='ltr'>ἔτι</span> <span class='ocrx_word' id='word_1_378' title='bbox 2468 2539 2662 2602; x_wconf 84' lang='grc' dir='ltr'>κοινῶς</span> <span class='ocrx_word' id='word_1_379' title='bbox 2690 2540 2822 2610; x_wconf 83' lang='grc' dir='ltr'><strong>περὶ</strong></span> <span class='ocrx_word' id='word_1_380' title='bbox 2854 2541 3070 2594; x_wconf 84' lang='grc' dir='ltr'>πάντων</span> <span class='ocrx_word' id='word_1_381' title='bbox 3103 2542 3313 2613; x_wconf 79' lang='grc' dir='ltr'>εἴρηται</span> <span class='ocrx_word' id='word_1_382' title='bbox 3338 2543 3433 2594; x_wconf 81' lang='grc' dir='ltr'>τῶν</span> <span class='ocrx_word' id='word_1_383' title='bbox 3451 2541 3558 2593; x_wconf 77' lang='grc' dir='ltr'>κατὰ</span> <span class='ocrx_word' id='word_1_384' title='bbox 3579 2538 3634 2588; x_wconf 74' lang='grc' dir='ltr'>τὸν</span> 
     </span>
    </p>
   </div>
   <div class='ocr_carea' id='block_1_50' title="bbox 518 2627 1995 2704">
    <p class='ocr_par' dir='ltr' id='par_1_50' title="bbox 518 2634 1995 2704">
     <span class='ocr_line' id='line_1_50' title="bbox 518 2634 1995 2704; baseline 0.001 -18"><span class='ocrx_word' id='word_1_385' title='bbox 518 2649 639 2686; x_wconf 90' lang='lat' dir='ltr'><strong>cum</strong></span> <span class='ocrx_word' id='word_1_386' title='bbox 670 2634 916 2702; x_wconf 86' lang='lat' dir='ltr'><strong>pluribus</strong></span> <span class='ocrx_word' id='word_1_387' title='bbox 945 2650 1050 2687; x_wconf 90' lang='lat' dir='ltr'><strong>uno</strong></span> <span class='ocrx_word' id='word_1_388' title='bbox 1074 2636 1254 2687; x_wconf 88' lang='lat' dir='ltr'><strong>animo</strong></span> <span class='ocrx_word' id='word_1_389' title='bbox 1283 2647 1334 2688; x_wconf 92' lang='lat' dir='ltr'><strong>ct</strong></span> <span class='ocrx_word' id='word_1_390' title='bbox 1355 2635 1408 2686; x_wconf 90' lang='lat' dir='ltr'><strong>in</strong></span> <span class='ocrx_word' id='word_1_391' title='bbox 1443 2635 1582 2688; x_wconf 90' lang='lat' dir='ltr'><strong>idem</strong></span> <span class='ocrx_word' id='word_1_392' title='bbox 1604 2636 1995 2704; x_wconf 89' lang='lat' dir='ltr'><strong>obloquehautu</strong></span> 
     </span>
    </p>
   </div>
   <div class='ocr_carea' id='block_1_51' title="bbox 2157 2627 3634 2704">
    <p class='ocr_par' dir='ltr' id='par_1_51' title="bbox 2157 2627 3634 2700">
     <span class='ocr_line' id='line_1_51' title="bbox 2157 2627 3634 2700; baseline 0.001 -20"><span class='ocrx_word' id='word_1_393' title='bbox 2157 2627 2338 2696; x_wconf 85' lang='grc' dir='ltr'>καιρὸν</span> <span class='ocrx_word' id='word_1_394' title='bbox 2399 2627 2494 2682; x_wconf 79' lang='grc' dir='ltr'>τοῦ</span> <span class='ocrx_word' id='word_1_395' title='bbox 2544 2630 2754 2693; x_wconf 83' lang='grc' dir='ltr'>πάθους</span> <span class='ocrx_word' id='word_1_396' title='bbox 2795 2631 3318 2685; x_wconf 74' lang='grc' dir='ltr'>ἐπιϐεϐουλευκότων</span> <span class='ocrx_word' id='word_1_397' title='bbox 3357 2631 3511 2700; x_wconf 85' lang='grc' dir='ltr'>αύτῷ·</span> <span class='ocrx_word' id='word_1_398' title='bbox 3539 2631 3634 2689; x_wconf 70' lang='grc' dir='ltr'>ἰδίως</span> 
     </span>
    </p>
   </div>
   <div class='ocr_carea' id='block_1_52' title="bbox 516 2715 1993 2792">
    <p class='ocr_par' dir='ltr' id='par_1_52' title="bbox 516 2720 1992 2792">
     <span class='ocr_line' id='line_1_52' title="bbox 516 2720 1992 2792; baseline 0.001 -18"><span class='ocrx_word' id='word_1_399' title='bbox 516 2723 643 2774; x_wconf 91' lang='lat' dir='ltr'><strong>dum</strong></span> <span class='ocrx_word' id='word_1_400' title='bbox 670 2720 1000 2776; x_wconf 86' lang='lat' dir='ltr'><strong>Salvaturem</strong></span> <span class='ocrx_word' id='word_1_401' title='bbox 1049 2723 1280 2776; x_wconf 92' lang='lat' dir='ltr'><strong>inimicis</strong></span> <span class='ocrx_word' id='word_1_402' title='bbox 1314 2724 1581 2785; x_wconf 87' lang='lat' dir='ltr'><strong>tradebat,</strong></span> <span class='ocrx_word' id='word_1_403' title='bbox 1612 2732 1666 2777; x_wconf 91' lang='lat' dir='ltr'><strong>et</strong></span> <span class='ocrx_word' id='word_1_404' title='bbox 1703 2725 1930 2778; x_wconf 87' lang='lat' dir='ltr'><strong>latenter</strong></span> <span class='ocrx_word' id='word_1_405' title='bbox 1959 2740 1992 2792; x_wconf 91' lang='lat' dir='ltr'><strong>p</strong></span> 
     </span>
    </p>
   </div>
   <div class='ocr_carea' id='block_1_53' title="bbox 2156 2715 3633 2792">
    <p class='ocr_par' dir='ltr' id='par_1_53' title="bbox 2156 2715 3633 2791">
     <span class='ocr_line' id='line_1_53' title="bbox 2156 2715 3633 2791; baseline 0.001 -24"><span class='ocrx_word' id='word_1_406' title='bbox 2156 2715 2206 2767; x_wconf 81' lang='grc' dir='ltr'><strong>δὲ</strong></span> <span class='ocrx_word' id='word_1_407' title='bbox 2263 2715 2422 2767; x_wconf 90' lang='grc' dir='ltr'>πάλιν</span> <span class='ocrx_word' id='word_1_408' title='bbox 2462 2718 2590 2787; x_wconf 75' lang='grc' dir='ltr'>περὶ</span> <span class='ocrx_word' id='word_1_409' title='bbox 2623 2719 2722 2771; x_wconf 70' lang='grc' dir='ltr'>τοῦ</span> <span class='ocrx_word' id='word_1_410' title='bbox 2773 2721 3052 2790; x_wconf 87' lang='grc' dir='ltr'>προδότου,</span> <span class='ocrx_word' id='word_1_411' title='bbox 3078 2723 3154 2784; x_wconf 88' lang='grc' dir='ltr'><strong>ὡς</strong></span> <span class='ocrx_word' id='word_1_412' title='bbox 3195 2724 3260 2775; x_wconf 85' lang='grc' dir='ltr'>ἂν</span> <span class='ocrx_word' id='word_1_413' title='bbox 3291 2722 3406 2791; x_wconf 78' lang='grc' dir='ltr'>περὶ</span> <span class='ocrx_word' id='word_1_414' title='bbox 3435 2719 3633 2789; x_wconf 71' lang='grc' dir='ltr'>μαθητευ-</span> 
     </span>
    </p>
   </div>
   <div class='ocr_carea' id='block_1_54' title="bbox 516 2803 1993 2881">
    <p class='ocr_par' dir='ltr' id='par_1_54' title="bbox 516 2811 1993 2880">
     <span class='ocr_line' id='line_1_54' title="bbox 516 2811 1993 2880; baseline 0.001 -16"><span class='ocrx_word' id='word_1_415' title='bbox 516 2812 822 2866; x_wconf 89' lang='lat' dir='ltr'><strong>ciscebatur</strong></span> <span class='ocrx_word' id='word_1_416' title='bbox 848 2828 968 2865; x_wconf 89' lang='lat' dir='ltr'><strong>cum</strong></span> <span class='ocrx_word' id='word_1_417' title='bbox 1003 2813 1333 2880; x_wconf 86' lang='lat' dir='ltr'><strong>principibus</strong></span> <span class='ocrx_word' id='word_1_418' title='bbox 1352 2811 1658 2865; x_wconf 73' lang='lat' dir='ltr'><strong>Judznorum</strong></span> <span class='ocrx_word' id='word_1_419' title='bbox 1688 2827 1811 2865; x_wconf 91' lang='lat' dir='ltr'><strong>cum</strong></span> <span class='ocrx_word' id='word_1_420' title='bbox 1841 2814 1908 2865; x_wconf 89' lang='lat' dir='ltr'><strong>de</strong></span> <span class='ocrx_word' id='word_1_421' title='bbox 1933 2815 1993 2865; x_wconf 87' lang='lat' dir='ltr'><strong>ali</strong></span> 
     </span>
    </p>
   </div>
   <div class='ocr_carea' id='block_1_55' title="bbox 2155 2803 3632 2881">
    <p class='ocr_par' dir='ltr' id='par_1_55' title="bbox 2155 2803 3632 2881">
     <span class='ocr_line' id='line_1_55' title="bbox 2155 2803 3632 2881; baseline -0.006 -14"><span class='ocrx_word' id='word_1_422' title='bbox 2155 2803 2329 2866; x_wconf 77' lang='grc' dir='ltr'><strong>θέντος</strong></span> <span class='ocrx_word' id='word_1_423' title='bbox 2360 2805 2527 2875; x_wconf 77' lang='grc' dir='ltr'>αὐτῷ,</span> <span class='ocrx_word' id='word_1_424' title='bbox 2565 2807 2692 2877; x_wconf 79' lang='grc' dir='ltr'>ἑξῆς</span> <span class='ocrx_word' id='word_1_425' title='bbox 2740 2810 2992 2880; x_wconf 77' lang='grc' dir='ltr'>ἐπιφέρει</span> <span class='ocrx_word' id='word_1_426' title='bbox 3017 2812 3213 2878; x_wconf 78' lang='grc' dir='ltr'>λέγων’</span> <span class='ocrx_word' id='word_1_427' title='bbox 3253 2830 3270 2861; x_wconf 83' lang='grc' dir='ltr'><strong>ι</strong></span> <span class='ocrx_word' id='word_1_428' title='bbox 3306 2811 3510 2881; x_wconf 77' lang='grc' dir='ltr'>Καὶγὰρ</span> <span class='ocrx_word' id='word_1_429' title='bbox 3537 2810 3632 2860; x_wconf 72' lang='lat' dir='ltr'><strong>65v)-</strong></span> 
     </span>
    </p>
   </div>
   <div class='ocr_carea' id='block_1_56' title="bbox 515 2891 1992 2971">
    <p class='ocr_par' dir='ltr' id='par_1_56' title="bbox 515 2900 1992 2970">
     <span class='ocr_line' id='line_1_56' title="bbox 515 2900 1992 2970; baseline -0.001 -17"><span class='ocrx_word' id='word_1_430' title='bbox 515 2900 698 2962; x_wconf 83' lang='lat' dir='ltr'><strong>rebus,</strong></span> <span class='ocrx_word' id='word_1_431' title='bbox 725 2907 836 2953; x_wconf 90' lang='lat' dir='ltr'><strong>tum</strong></span> <span class='ocrx_word' id='word_1_432' title='bbox 869 2917 994 2954; x_wconf 88' lang='lat' dir='ltr'><strong>vero</strong></span> <span class='ocrx_word' id='word_1_433' title='bbox 1032 2901 1189 2953; x_wconf 87' lang='lat' dir='ltr'><strong>etiam</strong></span> <span class='ocrx_word' id='word_1_434' title='bbox 1231 2901 1296 2954; x_wconf 90' lang='lat' dir='ltr'><strong>de</strong></span> <span class='ocrx_word' id='word_1_435' title='bbox 1339 2902 1563 2969; x_wconf 85' lang='lat' dir='ltr'><strong>pecunia</strong></span> <span class='ocrx_word' id='word_1_436' title='bbox 1593 2917 1696 2970; x_wconf 90' lang='lat' dir='ltr'><strong>qua</strong></span> <span class='ocrx_word' id='word_1_437' title='bbox 1728 2917 1785 2956; x_wconf 91' lang='lat' dir='ltr'><strong>se</strong></span> <span class='ocrx_word' id='word_1_438' title='bbox 1819 2901 1992 2955; x_wconf 70' lang='lat' dir='ltr'><strong>traditi</strong></span> 
     </span>
    </p>
   </div>
   <div class='ocr_carea' id='block_1_57' title="bbox 2154 2891 3631 2971">
    <p class='ocr_par' dir='ltr' id='par_1_57' title="bbox 2154 2891 3631 2971">
     <span class='ocr_line' id='line_1_57' title="bbox 2154 2891 3631 2971; baseline 0.001 -26"><span class='ocrx_word' id='word_1_439' title='bbox 2154 2891 2360 2962; x_wconf 80' lang='grc' dir='ltr'>θρωπος</span> <span class='ocrx_word' id='word_1_440' title='bbox 2415 2896 2516 2964; x_wconf 89' lang='grc' dir='ltr'><strong>τῆς</strong></span> <span class='ocrx_word' id='word_1_441' title='bbox 2573 2899 2804 2969; x_wconf 75' lang='grc' dir='ltr'>εἰρήνης</span> <span class='ocrx_word' id='word_1_442' title='bbox 2845 2919 2967 2970; x_wconf 75' lang='grc' dir='ltr'>μου,</span> <span class='ocrx_word' id='word_1_443' title='bbox 3005 2903 3089 2968; x_wconf 73' lang='grc' dir='ltr'><strong>ἐφ’</strong></span> <span class='ocrx_word' id='word_1_444' title='bbox 3117 2902 3174 2954; x_wconf 76' lang='grc' dir='ltr'>ὃν</span> <span class='ocrx_word' id='word_1_445' title='bbox 3207 2902 3414 2971; x_wconf 71' lang='grc' dir='ltr'>ἤλπισα,</span> <span class='ocrx_word' id='word_1_446' title='bbox 3454 2898 3631 2951; x_wconf 63' lang='grc' dir='ltr'>ὁέσθέων</span> 
     </span>
    </p>
   </div>
   <div class='ocr_carea' id='block_1_58' title="bbox 516 2983 1993 3061">
    <p class='ocr_par' dir='ltr' id='par_1_58' title="bbox 516 2990 1993 3060">
     <span class='ocr_line' id='line_1_58' title="bbox 516 2990 1993 3060; baseline 0.001 -15"><span class='ocrx_word' id='word_1_447' title='bbox 516 3006 636 3045; x_wconf 84' lang='lat' dir='ltr'><strong>rum</strong></span> <span class='ocrx_word' id='word_1_448' title='bbox 669 2990 814 3044; x_wconf 90' lang='lat' dir='ltr'><strong>illum</strong></span> <span class='ocrx_word' id='word_1_449' title='bbox 860 2991 1217 3060; x_wconf 81' lang='lat' dir='ltr'><strong>promittebat,</strong></span> <span class='ocrx_word' id='word_1_450' title='bbox 1252 3000 1304 3044; x_wconf 89' lang='lat' dir='ltr'><strong>et</strong></span> <span class='ocrx_word' id='word_1_451' title='bbox 1352 2992 1417 3045; x_wconf 90' lang='lat' dir='ltr'><strong>de</strong></span> <span class='ocrx_word' id='word_1_452' title='bbox 1451 3007 1554 3060; x_wconf 92' lang='lat' dir='ltr'><strong>qua</strong></span> <span class='ocrx_word' id='word_1_453' title='bbox 1607 3006 1712 3044; x_wconf 90' lang='lat' dir='ltr'><strong>una</strong></span> <span class='ocrx_word' id='word_1_454' title='bbox 1740 3007 1862 3044; x_wconf 89' lang='lat' dir='ltr'><strong>cum</strong></span> <span class='ocrx_word' id='word_1_455' title='bbox 1916 2992 1993 3060; x_wconf 90' lang='lat' dir='ltr'><strong>ips</strong></span> 
     </span>
    </p>
   </div>
   <div class='ocr_carea' id='block_1_59' title="bbox 2153 2983 3630 3061">
    <p class='ocr_par' dir='ltr' id='par_1_59' title="bbox 2153 2983 3630 3061">
     <span class='ocr_line' id='line_1_59' title="bbox 2153 2983 3630 3061; baseline -0.007 -15"><span class='ocrx_word' id='word_1_456' title='bbox 2153 2983 2341 3052; x_wconf 70' lang='grc' dir='ltr'>ἄρτους</span> <span class='ocrx_word' id='word_1_457' title='bbox 2373 3001 2496 3054; x_wconf 88' lang='grc' dir='ltr'>μου,</span> <span class='ocrx_word' id='word_1_458' title='bbox 2531 2989 2874 3057; x_wconf 86' lang='grc' dir='ltr'>ἐμεγάλυνεν</span> <span class='ocrx_word' id='word_1_459' title='bbox 2919 2992 3006 3042; x_wconf 74' lang='grc' dir='ltr'>ἐπ’</span> <span class='ocrx_word' id='word_1_460' title='bbox 3039 2990 3137 3060; x_wconf 78' lang='grc' dir='ltr'><strong>ἐμὲ</strong></span> <span class='ocrx_word' id='word_1_461' title='bbox 3172 2989 3498 3061; x_wconf 84' lang='grc' dir='ltr'>πτερνισμόν·</span> <span class='ocrx_word' id='word_1_462' title='bbox 3524 2986 3630 3037; x_wconf 71' lang='grc' dir='ltr'><strong>»ἀνθ’</strong></span> 
     </span>
    </p>
   </div>
   <div class='ocr_carea' id='block_1_60' title="bbox 515 3068 1992 3164">
    <p class='ocr_par' dir='ltr' id='par_1_60' title="bbox 515 3078 1972 3148">
     <span class='ocr_line' id='line_1_60' title="bbox 515 3078 1972 3148; baseline 0.001 -15"><span class='ocrx_word' id='word_1_463' title='bbox 515 3078 622 3133; x_wconf 79' lang='lat' dir='ltr'><strong>illis</strong></span> <span class='ocrx_word' id='word_1_464' title='bbox 647 3080 978 3133; x_wconf 84' lang='lat' dir='ltr'><strong>susurrabat.</strong></span> <span class='ocrx_word' id='word_1_465' title='bbox 1000 3078 1072 3131; x_wconf 84' lang='lat' dir='ltr'><strong>Ex</strong></span> <span class='ocrx_word' id='word_1_466' title='bbox 1097 3094 1202 3147; x_wconf 87' lang='lat' dir='ltr'><strong>quo</strong></span> <span class='ocrx_word' id='word_1_467' title='bbox 1229 3081 1326 3133; x_wconf 85' lang='lat' dir='ltr'><strong>ait:</strong></span> <span class='ocrx_word' id='word_1_468' title='bbox 1353 3099 1369 3129; x_wconf 78' lang='grc' dir='ltr'><strong>ι</strong></span> <span class='ocrx_word' id='word_1_469' title='bbox 1394 3079 1778 3148; x_wconf 83' lang='lat' dir='ltr'><strong>Egrediebatur</strong></span> <span class='ocrx_word' id='word_1_470' title='bbox 1806 3079 1972 3146; x_wconf 85' lang='lat' dir='ltr'><strong>foras,</strong></span> 
     </span>
    </p>
   </div>
   <div class='ocr_carea' id='block_1_61' title="bbox 2154 3068 3631 3164">
    <p class='ocr_par' dir='ltr' id='par_1_61' title="bbox 2154 3068 3631 3154">
     <span class='ocr_line' id='line_1_61' title="bbox 2154 3068 3631 3154; baseline 0.007 -30"><span class='ocrx_word' id='word_1_471' title='bbox 2154 3068 2206 3125; x_wconf 74' lang='grc' dir='ltr'>οὗ</span> <span class='ocrx_word' id='word_1_472' title='bbox 2240 3075 2396 3127; x_wconf 88' lang='grc' dir='ltr'>πάλιν</span> <span class='ocrx_word' id='word_1_473' title='bbox 2429 3078 2456 3128; x_wconf 92' lang='grc' dir='ltr'><strong>ό</strong></span> <span class='ocrx_word' id='word_1_474' title='bbox 2487 3077 2810 3150; x_wconf 79' lang='grc' dir='ltr'>Σύμμαχος,</span> <span class='ocrx_word' id='word_1_475' title='bbox 2843 3100 2861 3132; x_wconf 81' lang='grc' dir='ltr'><strong>ι</strong></span> <span class='ocrx_word' id='word_1_476' title='bbox 2886 3083 2996 3134; x_wconf 73' lang='grc' dir='ltr'><strong>Καὶ</strong></span> <span class='ocrx_word' id='word_1_477' title='bbox 3021 3082 3315 3154; x_wconf 85' lang='grc' dir='ltr'>ἄνθρωπος,</span> <span class='ocrx_word' id='word_1_478' title='bbox 3343 3103 3358 3132; x_wconf 72' lang='grc' dir='ltr'><strong>ι</strong></span> <span class='ocrx_word' id='word_1_479' title='bbox 3380 3082 3528 3150; x_wconf 65' lang='grc' dir='ltr'>φησὶν,</span> <span class='ocrx_word' id='word_1_480' title='bbox 3557 3097 3570 3125; x_wconf 78' lang='grc' dir='ltr'>ί</span> <span class='ocrx_word' id='word_1_481' title='bbox 3594 3076 3631 3134; x_wconf 68' lang='grc' dir='ltr'><strong>ὃς</strong></span> 
     </span>
    </p>
   </div>
   <div class='ocr_carea' id='block_1_62' title="bbox 517 3163 1994 3240">
    <p class='ocr_par' dir='ltr' id='par_1_62' title="bbox 517 3169 1994 3239">
     <span class='ocr_line' id='line_1_62' title="bbox 517 3169 1994 3239; baseline -0.001 -15"><span class='ocrx_word' id='word_1_482' title='bbox 517 3171 835 3239; x_wconf 78' lang='lat' dir='ltr'><strong>loquebatur</strong></span> <span class='ocrx_word' id='word_1_483' title='bbox 863 3171 916 3222; x_wconf 91' lang='lat' dir='ltr'><strong>in</strong></span> <span class='ocrx_word' id='word_1_484' title='bbox 971 3170 1220 3238; x_wconf 83' lang='lat' dir='ltr'><strong>idipsum.</strong></span> <span class='ocrx_word' id='word_1_485' title='bbox 1273 3169 1546 3225; x_wconf 85' lang='lat' dir='ltr'><strong>Adversus</strong></span> <span class='ocrx_word' id='word_1_486' title='bbox 1578 3187 1660 3225; x_wconf 89' lang='lat' dir='ltr'><strong>me</strong></span> <span class='ocrx_word' id='word_1_487' title='bbox 1695 3172 1994 3225; x_wconf 59' lang='lat' dir='ltr'><strong>susurrabat</strong></span> 
     </span>
    </p>
   </div>
   <div class='ocr_carea' id='block_1_63' title="bbox 2154 3163 3631 3240">
    <p class='ocr_par' dir='ltr' id='par_1_63' title="bbox 2154 3163 3631 3240">
     <span class='ocr_line' id='line_1_63' title="bbox 2154 3163 3631 3240; baseline 0.003 -25"><span class='ocrx_word' id='word_1_488' title='bbox 2154 3165 2391 3234; x_wconf 79' lang='grc' dir='ltr'>είρήνευέ</span> <span class='ocrx_word' id='word_1_489' title='bbox 2445 3183 2554 3235; x_wconf 89' lang='grc' dir='ltr'>μοι,</span> <span class='ocrx_word' id='word_1_490' title='bbox 2608 3163 2657 3235; x_wconf 76' lang='grc' dir='ltr'><strong>ᾧ</strong></span> <span class='ocrx_word' id='word_1_491' title='bbox 2715 3171 3050 3234; x_wconf 83' lang='grc' dir='ltr'>ἐπεποίθειν,</span> <span class='ocrx_word' id='word_1_492' title='bbox 3111 3172 3389 3226; x_wconf 84' lang='grc' dir='ltr'>συνεσθίων</span> <span class='ocrx_word' id='word_1_493' title='bbox 3427 3188 3498 3240; x_wconf 84' lang='grc' dir='ltr'><strong>μοι</strong></span> <span class='ocrx_word' id='word_1_494' title='bbox 3524 3171 3631 3237; x_wconf 65' lang='grc' dir='ltr'>άρττν</span> 
     </span>
    </p>
   </div>
   <div class='ocr_carea' id='block_1_64' title="bbox 514 3251 1991 3331">
    <p class='ocr_par' dir='ltr' id='par_1_64' title="bbox 514 3259 1991 3330">
     <span class='ocr_line' id='line_1_64' title="bbox 514 3259 1991 3330; baseline -0.001 -17"><span class='ocrx_word' id='word_1_495' title='bbox 514 3276 702 3314; x_wconf 91' lang='lat' dir='ltr'><strong>omnes</strong></span> <span class='ocrx_word' id='word_1_496' title='bbox 737 3260 937 3312; x_wconf 88' lang='lat' dir='ltr'><strong>inimici</strong></span> <span class='ocrx_word' id='word_1_497' title='bbox 966 3260 1089 3313; x_wconf 88' lang='lat' dir='ltr'><strong>mei.</strong></span> <span class='ocrx_word' id='word_1_498' title='bbox 1121 3259 1417 3314; x_wconf 85' lang='lat' dir='ltr'><strong>Adversum</strong></span> <span class='ocrx_word' id='word_1_499' title='bbox 1447 3276 1530 3314; x_wconf 90' lang='lat' dir='ltr'><strong>me</strong></span> <span class='ocrx_word' id='word_1_500' title='bbox 1569 3261 1876 3330; x_wconf 81' lang='lat' dir='ltr'><strong>cogitabant</strong></span> <span class='ocrx_word' id='word_1_501' title='bbox 1910 3276 1991 3313; x_wconf 93' lang='lat' dir='ltr'><strong>ma</strong></span> 
     </span>
    </p>
   </div>
   <div class='ocr_carea' id='block_1_65' title="bbox 2153 3251 3630 3331">
    <p class='ocr_par' dir='ltr' id='par_1_65' title="bbox 2153 3251 3630 3331">
     <span class='ocr_line' id='line_1_65' title="bbox 2153 3251 3630 3331; baseline 0.008 -29"><span class='ocrx_word' id='word_1_502' title='bbox 2153 3251 2294 3319; x_wconf 82' lang='grc' dir='ltr'>ἐμὸν,</span> <span class='ocrx_word' id='word_1_503' title='bbox 2327 3255 2791 3329; x_wconf 81' lang='grc' dir='ltr'>κατεμεγαλύνθη</span> <span class='ocrx_word' id='word_1_504' title='bbox 2830 3277 2953 3329; x_wconf 87' lang='grc' dir='ltr'>μου.</span> <span class='ocrx_word' id='word_1_505' title='bbox 2999 3281 3017 3311; x_wconf 74' lang='grc' dir='ltr'><strong>ι</strong></span> <span class='ocrx_word' id='word_1_506' title='bbox 3071 3264 3344 3331; x_wconf 86' lang='grc' dir='ltr'>Χείριστος</span> <span class='ocrx_word' id='word_1_507' title='bbox 3364 3261 3457 3329; x_wconf 79' lang='grc' dir='ltr'>γὰρ</span> <span class='ocrx_word' id='word_1_508' title='bbox 3483 3256 3630 3324; x_wconf 59' lang='grc' dir='ltr'>ἀληθῶς</span> 
     </span>
    </p>
   </div>
   <div class='ocr_carea' id='block_1_66' title="bbox 513 3341 1990 3421">
    <p class='ocr_par' dir='ltr' id='par_1_66' title="bbox 513 3349 1988 3420">
     <span class='ocr_line' id='line_1_66' title="bbox 513 3349 1988 3420; baseline 0.001 -17"><span class='ocrx_word' id='word_1_509' title='bbox 513 3351 664 3405; x_wconf 79' lang='lat' dir='ltr'><strong>mihi.</strong></span> <span class='ocrx_word' id='word_1_510' title='bbox 711 3349 941 3403; x_wconf 82' lang='lat' dir='ltr'><strong>Verbum</strong></span> <span class='ocrx_word' id='word_1_511' title='bbox 1003 3350 1242 3420; x_wconf 83' lang='lat' dir='ltr'><strong>iniquum</strong></span> <span class='ocrx_word' id='word_1_512' title='bbox 1313 3351 1710 3405; x_wconf 87' lang='lat' dir='ltr'><strong>constituerunt</strong></span> <span class='ocrx_word' id='word_1_513' title='bbox 1763 3352 1988 3406; x_wconf 89' lang='lat' dir='ltr'><strong>adversu</strong></span> 
     </span>
    </p>
   </div>
   <div class='ocr_carea' id='block_1_67' title="bbox 2153 3341 3630 3421">
    <p class='ocr_par' dir='ltr' id='par_1_67' title="bbox 2153 3341 3630 3421">
     <span class='ocr_line' id='line_1_67' title="bbox 2153 3341 3630 3421; baseline 0.008 -27"><span class='ocrx_word' id='word_1_514' title='bbox 2153 3341 2392 3394; x_wconf 65' lang='grc' dir='ltr'>ἁπάντων</span> <span class='ocrx_word' id='word_1_515' title='bbox 2438 3345 2530 3396; x_wconf 75' lang='grc' dir='ltr'><strong>καὶ</strong></span> <span class='ocrx_word' id='word_1_516' title='bbox 2588 3347 2998 3418; x_wconf 79' lang='grc' dir='ltr'>ἐναργέστατος</span> <span class='ocrx_word' id='word_1_517' title='bbox 3028 3355 3057 3404; x_wconf 92' lang='lat'><strong>6</strong></span> <span class='ocrx_word' id='word_1_518' title='bbox 3087 3353 3220 3421; x_wconf 86' lang='grc' dir='ltr'>μετὰ</span> <span class='ocrx_word' id='word_1_519' title='bbox 3241 3351 3406 3420; x_wconf 78' lang='grc' dir='ltr'>κοινὴν</span> <span class='ocrx_word' id='word_1_520' title='bbox 3432 3346 3630 3419; x_wconf 70' lang='grc' dir='ltr'>τράπεζαν</span> 
     </span>
    </p>
   </div>
   <div class='ocr_carea' id='block_1_68' title="bbox 513 3431 1990 3511">
    <p class='ocr_par' dir='ltr' id='par_1_68' title="bbox 513 3438 1990 3511">
     <span class='ocr_line' id='line_1_68' title="bbox 513 3438 1990 3511; baseline 0 -17"><span class='ocrx_word' id='word_1_521' title='bbox 513 3456 599 3495; x_wconf 83' lang='lat' dir='ltr'><strong>me</strong></span> <span class='ocrx_word' id='word_1_522' title='bbox 623 3441 687 3495; x_wconf 83' lang='grc'><strong>³⁸.</strong></span> <span class='ocrx_word' id='word_1_523' title='bbox 732 3457 749 3490; x_wconf 75' lang='grc' dir='ltr'><strong>ι</strong></span> <span class='ocrx_word' id='word_1_524' title='bbox 781 3438 1005 3494; x_wconf 83' lang='lat' dir='ltr'><strong>Videtur</strong></span> <span class='ocrx_word' id='word_1_525' title='bbox 1061 3448 1239 3495; x_wconf 90' lang='lat' dir='ltr'><strong>autem</strong></span> <span class='ocrx_word' id='word_1_526' title='bbox 1296 3441 1595 3511; x_wconf 87' lang='lat' dir='ltr'><strong>pactionem</strong></span> <span class='ocrx_word' id='word_1_527' title='bbox 1653 3441 1720 3495; x_wconf 89' lang='lat' dir='ltr'><strong>de</strong></span> <span class='ocrx_word' id='word_1_528' title='bbox 1760 3443 1990 3510; x_wconf 83' lang='lat' dir='ltr'><strong>argentei</strong></span> 
     </span>
    </p>
   </div>
   <div class='ocr_carea' id='block_1_69' title="bbox 2153 3431 3630 3511">
    <p class='ocr_par' dir='ltr' id='par_1_69' title="bbox 2153 3431 3630 3511">
     <span class='ocr_line' id='line_1_69' title="bbox 2153 3431 3630 3511; baseline 0.003 -27"><span class='ocrx_word' id='word_1_529' title='bbox 2153 3431 2237 3484; x_wconf 72' lang='grc' dir='ltr'><strong>καὶ</strong></span> <span class='ocrx_word' id='word_1_530' title='bbox 2263 3431 2358 3502; x_wconf 74' lang='grc' dir='ltr'><strong>τὴν</strong></span> <span class='ocrx_word' id='word_1_531' title='bbox 2394 3433 2451 3484; x_wconf 88' lang='grc' dir='ltr'><strong>ἐν</strong></span> <span class='ocrx_word' id='word_1_532' title='bbox 2508 3432 2696 3502; x_wconf 86' lang='grc' dir='ltr'>λόγοις</span> <span class='ocrx_word' id='word_1_533' title='bbox 2737 3439 2834 3491; x_wconf 79' lang='grc' dir='ltr'><strong>τοῦ</strong></span> <span class='ocrx_word' id='word_1_534' title='bbox 2891 3442 3210 3495; x_wconf 83' lang='grc' dir='ltr'>διδασκάλου</span> <span class='ocrx_word' id='word_1_535' title='bbox 3261 3441 3446 3511; x_wconf 73' lang='grc' dir='ltr'>τροφὴν</span> <span class='ocrx_word' id='word_1_536' title='bbox 3491 3437 3558 3488; x_wconf 68' lang='grc' dir='ltr'>ἐπὶ</span> <span class='ocrx_word' id='word_1_537' title='bbox 3591 3434 3630 3483; x_wconf 69' lang='grc' dir='ltr'>τὰ</span> 
     </span>
    </p>
   </div>
   <div class='ocr_carea' id='block_1_70' title="bbox 516 3521 1993 3599">
    <p class='ocr_par' dir='ltr' id='par_1_70' title="bbox 516 3529 1989 3599">
     <span class='ocr_line' id='line_1_70' title="bbox 516 3529 1989 3599; baseline 0.005 -17"><span class='ocrx_word' id='word_1_538' title='bbox 516 3531 736 3584; x_wconf 90' lang='lat' dir='ltr'><strong>verbum</strong></span> <span class='ocrx_word' id='word_1_539' title='bbox 767 3529 1031 3599; x_wconf 90' lang='lat' dir='ltr'><strong>iniquum,</strong></span> <span class='ocrx_word' id='word_1_540' title='bbox 1057 3530 1366 3599; x_wconf 90' lang='lat' dir='ltr'><strong>prophetice</strong></span> <span class='ocrx_word' id='word_1_541' title='bbox 1411 3533 1691 3586; x_wconf 90' lang='lat' dir='ltr'><strong>nominare</strong></span> <span class='ocrx_word' id='word_1_542' title='bbox 1723 3550 1736 3584; x_wconf 90' lang='lat'>:</span> <span class='ocrx_word' id='word_1_543' title='bbox 1772 3539 1864 3585; x_wconf 91' lang='lat' dir='ltr'><strong>aut</strong></span> <span class='ocrx_word' id='word_1_544' title='bbox 1885 3531 1989 3589; x_wconf 79' lang='lat' dir='ltr'><strong>etia</strong></span> 
     </span>
    </p>
   </div>
   <div class='ocr_carea' id='block_1_71' title="bbox 2155 3521 3632 3599">
    <p class='ocr_par' dir='ltr' id='par_1_71' title="bbox 2155 3521 3632 3594">
     <span class='ocr_line' id='line_1_71' title="bbox 2155 3521 3632 3594; baseline -0.018 4"><span class='ocrx_word' id='word_1_545' title='bbox 2155 3521 2307 3590; x_wconf 56' lang='grc' dir='ltr'>κείρω</span> <span class='ocrx_word' id='word_1_546' title='bbox 2361 3523 2590 3592; x_wconf 59' lang='grc' dir='ltr'><strong>τραπεὶς</strong></span> <span class='ocrx_word' id='word_1_547' title='bbox 2615 3564 2640 3589; x_wconf 64' lang='grc' dir='ltr'><em>υ</em></span> <span class='ocrx_word' id='word_1_548' title='bbox 2695 3528 2792 3580; x_wconf 73' lang='grc' dir='ltr'>καὶ</span> <span class='ocrx_word' id='word_1_549' title='bbox 2848 3533 2962 3594; x_wconf 84' lang='grc' dir='ltr'>τοῖς</span> <span class='ocrx_word' id='word_1_550' title='bbox 3013 3532 3269 3593; x_wconf 80' lang='grc' dir='ltr'>ἐναντίοις</span> <span class='ocrx_word' id='word_1_551' title='bbox 3300 3530 3384 3581; x_wconf 74' lang='grc' dir='ltr'><strong>τὸν</strong></span> <span class='ocrx_word' id='word_1_552' title='bbox 3421 3525 3632 3593; x_wconf 72' lang='grc' dir='ltr'>εὐεργέτην</span> 
     </span>
    </p>
   </div>
   <div class='ocr_carea' id='block_1_72' title="bbox 515 3611 1992 3692">
    <p class='ocr_par' dir='ltr' id='par_1_72' title="bbox 515 3621 1992 3690">
     <span class='ocr_line' id='line_1_72' title="bbox 515 3621 1992 3690; baseline 0.001 -18"><span class='ocrx_word' id='word_1_553' title='bbox 515 3621 586 3674; x_wconf 88' lang='lat' dir='ltr'><strong>ita</strong></span> <span class='ocrx_word' id='word_1_554' title='bbox 618 3621 769 3680; x_wconf 81' lang='lat' dir='ltr'><strong>dicit,</strong></span> <span class='ocrx_word' id='word_1_555' title='bbox 802 3631 1081 3689; x_wconf 87' lang='lat' dir='ltr'><strong>propterea</strong></span> <span class='ocrx_word' id='word_1_556' title='bbox 1113 3621 1256 3690; x_wconf 81' lang='lat' dir='ltr'><strong>quod</strong></span> <span class='ocrx_word' id='word_1_557' title='bbox 1287 3621 1489 3676; x_wconf 81' lang='lat' dir='ltr'><strong>nefaria</strong></span> <span class='ocrx_word' id='word_1_558' title='bbox 1515 3629 1568 3676; x_wconf 92' lang='lat' dir='ltr'><strong>et</strong></span> <span class='ocrx_word' id='word_1_559' title='bbox 1589 3622 1771 3690; x_wconf 89' lang='lat' dir='ltr'><strong>iniqua</strong></span> <span class='ocrx_word' id='word_1_560' title='bbox 1791 3622 1992 3676; x_wconf 65' lang='lat' dir='ltr'><strong>advers:</strong></span> 
     </span>
    </p>
   </div>
   <div class='ocr_carea' id='block_1_73' title="bbox 2155 3611 3632 3692">
    <p class='ocr_par' dir='ltr' id='par_1_73' title="bbox 2155 3611 3632 3692">
     <span class='ocr_line' id='line_1_73' title="bbox 2155 3611 3632 3692; baseline 0.007 -29"><span class='ocrx_word' id='word_1_561' title='bbox 2155 3611 2639 3683; x_wconf 67' lang='grc' dir='ltr'>ὶνταμειψάμενος.</span> <span class='ocrx_word' id='word_1_562' title='bbox 2687 3619 2832 3672; x_wconf 81' lang='grc' dir='ltr'>Ἀλλ’</span> <span class='ocrx_word' id='word_1_563' title='bbox 2864 3622 3160 3692; x_wconf 83' lang='grc' dir='ltr'>ἐπειδήπερ</span> <span class='ocrx_word' id='word_1_564' title='bbox 3199 3617 3572 3674; x_wconf 79' lang='grc' dir='ltr'>ἐπιϐουλεύοντες</span> <span class='ocrx_word' id='word_1_565' title='bbox 3603 3611 3632 3660; x_wconf 59' lang='grc' dir='ltr'><strong>θλ</strong></span> 
     </span>
    </p>
   </div>
   <div class='ocr_carea' id='block_1_74' title="bbox 515 3699 1992 3780">
    <p class='ocr_par' dir='ltr' id='par_1_74' title="bbox 515 3710 1988 3780">
     <span class='ocr_line' id='line_1_74' title="bbox 515 3710 1988 3780; baseline 0.001 -17"><span class='ocrx_word' id='word_1_566' title='bbox 515 3711 664 3763; x_wconf 87' lang='lat' dir='ltr'><strong>illum</strong></span> <span class='ocrx_word' id='word_1_567' title='bbox 706 3710 1033 3777; x_wconf 85' lang='lat' dir='ltr'><strong>cogitabant,</strong></span> <span class='ocrx_word' id='word_1_568' title='bbox 1059 3716 1240 3778; x_wconf 89' lang='lat' dir='ltr'><strong>utpote</strong></span> <span class='ocrx_word' id='word_1_569' title='bbox 1287 3711 1379 3778; x_wconf 91' lang='lat' dir='ltr'><strong>qui</strong></span> <span class='ocrx_word' id='word_1_570' title='bbox 1419 3711 1568 3763; x_wconf 91' lang='lat' dir='ltr'><strong>illum</strong></span> <span class='ocrx_word' id='word_1_571' title='bbox 1601 3711 1988 3780; x_wconf 71' lang='lat' dir='ltr'><strong>exstinguendu</strong></span> 
     </span>
    </p>
   </div>
   <div class='ocr_carea' id='block_1_75' title="bbox 2155 3699 3632 3780">
    <p class='ocr_par' dir='ltr' id='par_1_75' title="bbox 2155 3699 3632 3772">
     <span class='ocr_line' id='line_1_75' title="bbox 2155 3699 3632 3772; baseline -0.012 -3"><span class='ocrx_word' id='word_1_572' title='bbox 2155 3700 2236 3770; x_wconf 62' lang='grc' dir='ltr'><strong>ὲχθ</strong></span> <span class='ocrx_word' id='word_1_573' title='bbox 2247 3703 2326 3771; x_wconf 73' lang='grc' dir='ltr'><strong>ροὶ</strong></span> <span class='ocrx_word' id='word_1_574' title='bbox 2352 3703 2534 3770; x_wconf 78' lang='grc' dir='ltr'>ἔλεγον</span> <span class='ocrx_word' id='word_1_575' title='bbox 2557 3721 2571 3735; x_wconf 87' lang='grc'><em>’</em></span> <span class='ocrx_word' id='word_1_576' title='bbox 2608 3725 2631 3758; x_wconf 75' lang='grc' dir='ltr'>ι</span> <span class='ocrx_word' id='word_1_577' title='bbox 2659 3710 2802 3762; x_wconf 87' lang='grc' dir='ltr'>Πότε</span> <span class='ocrx_word' id='word_1_578' title='bbox 2830 3712 3204 3772; x_wconf 81' lang='grc' dir='ltr'>ἀποθανεῖται,</span> <span class='ocrx_word' id='word_1_579' title='bbox 3244 3712 3328 3764; x_wconf 74' lang='grc' dir='ltr'><strong>καὶ</strong></span> <span class='ocrx_word' id='word_1_580' title='bbox 3349 3708 3574 3762; x_wconf 81' lang='grc' dir='ltr'>ἀπολεῖται</span> <span class='ocrx_word' id='word_1_581' title='bbox 3596 3699 3632 3748; x_wconf 81' lang='grc' dir='ltr'>τὸ</span> 
     </span>
    </p>
   </div>
   <div class='ocr_carea' id='block_1_76' title="bbox 513 3789 1990 3872">
    <p class='ocr_par' dir='ltr' id='par_1_76' title="bbox 513 3799 1990 3869">
     <span class='ocr_line' id='line_1_76' title="bbox 513 3799 1990 3869; baseline 0.002 -17"><span class='ocrx_word' id='word_1_582' title='bbox 513 3807 568 3852; x_wconf 90' lang='lat' dir='ltr'><strong>ct</strong></span> <span class='ocrx_word' id='word_1_583' title='bbox 604 3806 721 3864; x_wconf 90' lang='lat' dir='ltr'><strong>post</strong></span> <span class='ocrx_word' id='word_1_584' title='bbox 752 3814 937 3851; x_wconf 88' lang='lat' dir='ltr'><strong>necem</strong></span> <span class='ocrx_word' id='word_1_585' title='bbox 980 3799 1320 3862; x_wconf 88' lang='lat' dir='ltr'><strong>abolendum,</strong></span> <span class='ocrx_word' id='word_1_586' title='bbox 1355 3815 1527 3868; x_wconf 92' lang='lat' dir='ltr'><strong>neque</strong></span> <span class='ocrx_word' id='word_1_587' title='bbox 1557 3800 1784 3869; x_wconf 90' lang='lat' dir='ltr'><strong>amplius</strong></span> <span class='ocrx_word' id='word_1_588' title='bbox 1809 3801 1944 3856; x_wconf 89' lang='lat' dir='ltr'><strong>inter</strong></span> <span class='ocrx_word' id='word_1_589' title='bbox 1968 3818 1990 3855; x_wconf 80' lang='lat' dir='ltr'><strong>v</strong></span> 
     </span>
    </p>
   </div>
   <div class='ocr_carea' id='block_1_77' title="bbox 2152 3789 3629 3872">
    <p class='ocr_par' dir='ltr' id='par_1_77' title="bbox 2152 3789 3629 3872">
     <span class='ocr_line' id='line_1_77' title="bbox 2152 3789 3629 3872; baseline -0.009 -12"><span class='ocrx_word' id='word_1_590' title='bbox 2152 3789 2310 3861; x_wconf 61' lang='grc' dir='ltr'>ὄνομα</span> <span class='ocrx_word' id='word_1_591' title='bbox 2335 3793 2496 3846; x_wconf 70' lang='grc' dir='ltr'><strong>αὐτοῦ</strong></span> <span class='ocrx_word' id='word_1_592' title='bbox 2521 3811 2569 3858; x_wconf 78' lang='grc' dir='ltr'><strong>ς»</strong></span> <span class='ocrx_word' id='word_1_593' title='bbox 2617 3798 2789 3867; x_wconf 74' lang='grc' dir='ltr'>ᾤοντό</span> <span class='ocrx_word' id='word_1_594' title='bbox 2819 3818 2879 3854; x_wconf 89' lang='grc' dir='ltr'><strong>τε</strong></span> <span class='ocrx_word' id='word_1_595' title='bbox 2905 3802 3234 3872; x_wconf 76' lang='grc' dir='ltr'>κοιμηθέντα</span> <span class='ocrx_word' id='word_1_596' title='bbox 3258 3799 3430 3872; x_wconf 74' lang='grc' dir='ltr'>μηκέτ’</span> <span class='ocrx_word' id='word_1_597' title='bbox 3460 3792 3629 3857; x_wconf 75' lang='grc' dir='ltr'>ἀναστή-</span> 
     </span>
    </p>
   </div>
   <div class='ocr_carea' id='block_1_78' title="bbox 517 3883 1994 3960">
    <p class='ocr_par' dir='ltr' id='par_1_78' title="bbox 517 3885 1993 3953">
     <span class='ocr_line' id='line_1_78' title="bbox 517 3885 1993 3953; baseline 0.004 -19"><span class='ocrx_word' id='word_1_598' title='bbox 517 3899 611 3937; x_wconf 80' lang='lat' dir='ltr'><strong>vos</strong></span> <span class='ocrx_word' id='word_1_599' title='bbox 646 3885 1023 3953; x_wconf 84' lang='lat' dir='ltr'><strong>requirendum</strong></span> <span class='ocrx_word' id='word_1_600' title='bbox 1069 3887 1480 3942; x_wconf 86' lang='lat' dir='ltr'><strong>arbitrarentur.</strong></span> <span class='ocrx_word' id='word_1_601' title='bbox 1512 3887 1640 3942; x_wconf 89' lang='lat' dir='ltr'><strong>Tale</strong></span> <span class='ocrx_word' id='word_1_602' title='bbox 1677 3896 1760 3941; x_wconf 90' lang='lat' dir='ltr'><strong>est</strong></span> <span class='ocrx_word' id='word_1_603' title='bbox 1806 3889 1946 3945; x_wconf 92' lang='lat' dir='ltr'><strong>enim</strong></span> <span class='ocrx_word' id='word_1_604' title='bbox 1979 3888 1993 3940; x_wconf 94' lang='lat' dir='ltr'><strong>i</strong></span> 
     </span>
    </p>
   </div>
   <div class='ocr_carea' id='block_1_79' title="bbox 2154 3883 3631 3960">
    <p class='ocr_par' dir='ltr' id='par_1_79' title="bbox 2154 3883 3631 3960">
     <span class='ocr_line' id='line_1_79' title="bbox 2154 3883 3631 3960; baseline 0.012 -27"><span class='ocrx_word' id='word_1_605' title='bbox 2154 3883 2354 3948; x_wconf 72' lang='grc' dir='ltr'>σεσθαι,</span> <span class='ocrx_word' id='word_1_606' title='bbox 2398 3884 2594 3937; x_wconf 81' lang='grc' dir='ltr'>τούτου</span> <span class='ocrx_word' id='word_1_607' title='bbox 2660 3890 2825 3960; x_wconf 88' lang='grc' dir='ltr'>χάριν</span> <span class='ocrx_word' id='word_1_608' title='bbox 2880 3892 3042 3953; x_wconf 82' lang='grc' dir='ltr'>αὐτὸς</span> <span class='ocrx_word' id='word_1_609' title='bbox 3082 3894 3110 3942; x_wconf 90' lang='lat'><strong>6</strong></span> <span class='ocrx_word' id='word_1_610' title='bbox 3153 3891 3330 3960; x_wconf 75' lang='grc' dir='ltr'>Σωτὴρ</span> <span class='ocrx_word' id='word_1_611' title='bbox 3371 3889 3452 3941; x_wconf 77' lang='grc' dir='ltr'>καὶ</span> <span class='ocrx_word' id='word_1_612' title='bbox 3492 3883 3631 3950; x_wconf 67' lang='grc' dir='ltr'><strong>Κῦρίθῖ</strong></span> 
     </span>
    </p>
   </div>
   <div class='ocr_carea' id='block_1_80' title="bbox 512 3971 1989 4051">
    <p class='ocr_par' dir='ltr' id='par_1_80' title="bbox 512 3973 1987 4046">
     <span class='ocr_line' id='line_1_80' title="bbox 512 3973 1987 4046; baseline 0.003 -19"><span class='ocrx_word' id='word_1_613' title='bbox 512 3973 604 4027; x_wconf 70' lang='lat' dir='ltr'><strong>iud</strong></span> <span class='ocrx_word' id='word_1_614' title='bbox 643 3994 655 4028; x_wconf 90' lang='lat'><strong>:</strong></span> <span class='ocrx_word' id='word_1_615' title='bbox 692 3993 711 4026; x_wconf 82' lang='grc' dir='ltr'><strong>ι</strong></span> <span class='ocrx_word' id='word_1_616' title='bbox 745 3974 995 4043; x_wconf 85' lang='lat' dir='ltr'><strong>Nunquid</strong></span> <span class='ocrx_word' id='word_1_617' title='bbox 1024 3978 1113 4045; x_wconf 90' lang='lat' dir='ltr'><strong>qui</strong></span> <span class='ocrx_word' id='word_1_618' title='bbox 1141 3977 1358 4044; x_wconf 88' lang='lat' dir='ltr'><strong>dormit,</strong></span> <span class='ocrx_word' id='word_1_619' title='bbox 1389 3995 1495 4031; x_wconf 87' lang='lat' dir='ltr'><strong>non</strong></span> <span class='ocrx_word' id='word_1_620' title='bbox 1541 3979 1753 4046; x_wconf 87' lang='lat' dir='ltr'><strong>adjiciet</strong></span> <span class='ocrx_word' id='word_1_621' title='bbox 1783 3986 1838 4030; x_wconf 94' lang='lat' dir='ltr'><strong>ut</strong></span> <span class='ocrx_word' id='word_1_622' title='bbox 1867 3994 1987 4032; x_wconf 88' lang='lat' dir='ltr'><strong>resu</strong></span> 
     </span>
    </p>
   </div>
   <div class='ocr_carea' id='block_1_81' title="bbox 2153 3971 3630 4051">
    <p class='ocr_par' dir='ltr' id='par_1_81' title="bbox 2153 3971 3630 4051">
     <span class='ocr_line' id='line_1_81' title="bbox 2153 3971 3630 4051; baseline -0.001 -28"><span class='ocrx_word' id='word_1_623' title='bbox 2153 3972 2298 4041; x_wconf 60' lang='grc' dir='ltr'>ἡμῶν</span> <span class='ocrx_word' id='word_1_624' title='bbox 2329 3974 2589 4027; x_wconf 83' lang='grc' dir='ltr'>τάναντία</span> <span class='ocrx_word' id='word_1_625' title='bbox 2641 3978 2857 4042; x_wconf 87' lang='grc' dir='ltr'>τούτοις</span> <span class='ocrx_word' id='word_1_626' title='bbox 2905 3982 3215 4051; x_wconf 74' lang='grc' dir='ltr'>εὐχόμενος,</span> <span class='ocrx_word' id='word_1_627' title='bbox 3249 3980 3439 4047; x_wconf 77' lang='grc' dir='ltr'>καὶτῆς</span> <span class='ocrx_word' id='word_1_628' title='bbox 3462 3971 3630 4028; x_wconf 67' lang='grc' dir='ltr'>ἀναστὲ·</span> 
     </span>
    </p>
   </div>
   <div class='ocr_carea' id='block_1_82' title="bbox 512 4060 1989 4139">
    <p class='ocr_par' dir='ltr' id='par_1_82' title="bbox 512 4065 1989 4138">
     <span class='ocr_line' id='line_1_82' title="bbox 512 4065 1989 4138; baseline 0.003 -21"><span class='ocrx_word' id='word_1_629' title='bbox 512 4073 603 4136; x_wconf 86' lang='lat' dir='ltr'><strong>gat</strong></span> <span class='ocrx_word' id='word_1_630' title='bbox 641 4066 721 4118; x_wconf 73' lang='grc'><strong>³⁸2</strong></span> <span class='ocrx_word' id='word_1_631' title='bbox 752 4084 772 4116; x_wconf 72' lang='grc' dir='ltr'><strong>ι</strong></span> <span class='ocrx_word' id='word_1_632' title='bbox 821 4065 963 4134; x_wconf 88' lang='lat' dir='ltr'><strong>quod</strong></span> <span class='ocrx_word' id='word_1_633' title='bbox 1010 4066 1236 4120; x_wconf 88' lang='lat' dir='ltr'><strong>lucidius</strong></span> <span class='ocrx_word' id='word_1_634' title='bbox 1286 4069 1506 4137; x_wconf 86' lang='lat' dir='ltr'><strong>protulit</strong></span> <span class='ocrx_word' id='word_1_635' title='bbox 1566 4069 1918 4138; x_wconf 84' lang='lat' dir='ltr'><strong>Symmachus</strong></span> <span class='ocrx_word' id='word_1_636' title='bbox 1963 4069 1989 4122; x_wconf 81' lang='lat' dir='ltr'><strong>ll</strong></span> 
     </span>
    </p>
   </div>
   <div class='ocr_carea' id='block_1_83' title="bbox 2150 4060 3627 4139">
    <p class='ocr_par' dir='ltr' id='par_1_83' title="bbox 2150 4060 3627 4139">
     <span class='ocr_line' id='line_1_83' title="bbox 2150 4060 3627 4139; baseline 0.004 -25"><span class='ocrx_word' id='word_1_637' title='bbox 2150 4078 2278 4125; x_wconf 86' lang='grc' dir='ltr'>σεως</span> <span class='ocrx_word' id='word_1_638' title='bbox 2335 4063 2633 4128; x_wconf 80' lang='grc' dir='ltr'>ἀκωλύτως</span> <span class='ocrx_word' id='word_1_639' title='bbox 2698 4073 2886 4139; x_wconf 86' lang='grc' dir='ltr'>τυχεῖν</span> <span class='ocrx_word' id='word_1_640' title='bbox 2943 4071 3109 4135; x_wconf 80' lang='grc' dir='ltr'>ἀξιῶν</span> <span class='ocrx_word' id='word_1_641' title='bbox 3145 4072 3232 4123; x_wconf 81' lang='grc' dir='ltr'><strong>τὸν</strong></span> <span class='ocrx_word' id='word_1_642' title='bbox 3272 4070 3482 4138; x_wconf 80' lang='grc' dir='ltr'>Πατέρα,</span> <span class='ocrx_word' id='word_1_643' title='bbox 3518 4060 3627 4130; x_wconf 69' lang='grc' dir='ltr'><strong>φησι·</strong></span> 
     </span>
    </p>
   </div>
   <div class='ocr_carea' id='block_1_84' title="bbox 511 4147 1988 4232">
    <p class='ocr_par' dir='ltr' id='par_1_84' title="bbox 511 4153 1979 4225">
     <span class='ocr_line' id='line_1_84' title="bbox 511 4153 1979 4225; baseline 0.003 -19"><span class='ocrx_word' id='word_1_644' title='bbox 511 4155 738 4208; x_wconf 80' lang='lat' dir='ltr'><strong>verbis:</strong></span> <span class='ocrx_word' id='word_1_645' title='bbox 793 4171 810 4204; x_wconf 80' lang='grc' dir='ltr'><strong>ι</strong></span> <span class='ocrx_word' id='word_1_646' title='bbox 861 4153 925 4205; x_wconf 88' lang='lat' dir='ltr'><strong>Et</strong></span> <span class='ocrx_word' id='word_1_647' title='bbox 969 4154 1057 4221; x_wconf 92' lang='lat' dir='ltr'><strong>qui</strong></span> <span class='ocrx_word' id='word_1_648' title='bbox 1106 4155 1301 4208; x_wconf 82' lang='lat' dir='ltr'><strong>cecidit</strong></span> <span class='ocrx_word' id='word_1_649' title='bbox 1359 4171 1465 4208; x_wconf 88' lang='lat' dir='ltr'><strong>non</strong></span> <span class='ocrx_word' id='word_1_650' title='bbox 1520 4156 1660 4208; x_wconf 89' lang='lat' dir='ltr'><strong>ultra</strong></span> <span class='ocrx_word' id='word_1_651' title='bbox 1721 4166 1979 4225; x_wconf 86' lang='lat' dir='ltr'><strong>resurget.</strong></span> 
     </span>
    </p>
   </div>
   <div class='ocr_carea' id='block_1_85' title="bbox 2153 4147 3630 4232">
    <p class='ocr_par' dir='ltr' id='par_1_85' title="bbox 2153 4147 3630 4232">
     <span class='ocr_line' id='line_1_85' title="bbox 2153 4147 3630 4232; baseline 0.005 -28"><span class='ocrx_word' id='word_1_652' title='bbox 2153 4171 2168 4202; x_wconf 84' lang='grc' dir='ltr'><strong>ι</strong></span> <span class='ocrx_word' id='word_1_653' title='bbox 2199 4154 2268 4206; x_wconf 79' lang='grc' dir='ltr'><strong>Σὺ</strong></span> <span class='ocrx_word' id='word_1_654' title='bbox 2301 4155 2376 4216; x_wconf 85' lang='grc' dir='ltr'><strong>δὲ,</strong></span> <span class='ocrx_word' id='word_1_655' title='bbox 2410 4155 2610 4226; x_wconf 84' lang='grc' dir='ltr'>Κύριε,</span> <span class='ocrx_word' id='word_1_656' title='bbox 2645 4159 2871 4227; x_wconf 85' lang='grc' dir='ltr'>ἐλέησόν</span> <span class='ocrx_word' id='word_1_657' title='bbox 2902 4179 2990 4232; x_wconf 87' lang='grc' dir='ltr'><strong>με,</strong></span> <span class='ocrx_word' id='word_1_658' title='bbox 3038 4164 3130 4216; x_wconf 75' lang='grc' dir='ltr'><strong>καὶ</strong></span> <span class='ocrx_word' id='word_1_659' title='bbox 3181 4160 3451 4229; x_wconf 78' lang='grc' dir='ltr'>ἀνάστησόν</span> <span class='ocrx_word' id='word_1_660' title='bbox 3478 4171 3546 4225; x_wconf 84' lang='grc' dir='ltr'>με,</span> <span class='ocrx_word' id='word_1_661' title='bbox 3570 4147 3630 4202; x_wconf 68' lang='grc' dir='ltr'><strong>καὶ</strong></span> 
     </span>
    </p>
   </div>
   <div class='ocr_carea' id='block_1_86' title="bbox 510 4237 1987 4320">
    <p class='ocr_par' dir='ltr' id='par_1_86' title="bbox 510 4242 1987 4314">
     <span class='ocr_line' id='line_1_86' title="bbox 510 4242 1987 4314; baseline 0.002 -18"><span class='ocrx_word' id='word_1_662' title='bbox 510 4243 702 4313; x_wconf 81' lang='lat' dir='ltr'><strong>Aquila</strong></span> <span class='ocrx_word' id='word_1_663' title='bbox 735 4257 877 4304; x_wconf 85' lang='lat' dir='ltr'><strong>vero,</strong></span> <span class='ocrx_word' id='word_1_664' title='bbox 940 4262 956 4291; x_wconf 81' lang='grc' dir='ltr'><strong>ι</strong></span> <span class='ocrx_word' id='word_1_665' title='bbox 993 4242 1186 4310; x_wconf 90' lang='lat' dir='ltr'><strong>thui,</strong></span> <span class='ocrx_word' id='word_1_666' title='bbox 1220 4245 1414 4313; x_wconf 88' lang='lat' dir='ltr'><strong>inquit,</strong></span> <span class='ocrx_word' id='word_1_667' title='bbox 1447 4245 1744 4307; x_wconf 87' lang='lat' dir='ltr'><strong>dormierit,</strong></span> <span class='ocrx_word' id='word_1_668' title='bbox 1779 4261 1882 4299; x_wconf 90' lang='lat' dir='ltr'><strong>non</strong></span> <span class='ocrx_word' id='word_1_669' title='bbox 1913 4247 1987 4314; x_wconf 42' lang='lat' dir='ltr'><strong>ad.</strong></span> 
     </span>
    </p>
   </div>
   <div class='ocr_carea' id='block_1_87' title="bbox 2154 4237 3631 4320">
    <p class='ocr_par' dir='ltr' id='par_1_87' title="bbox 2154 4237 3631 4320">
     <span class='ocr_line' id='line_1_87' title="bbox 2154 4237 3631 4320; baseline -0.001 -25"><span class='ocrx_word' id='word_1_670' title='bbox 2154 4243 2501 4297; x_wconf 52' lang='grc' dir='ltr'>ἀνταποδώσω</span> <span class='ocrx_word' id='word_1_671' title='bbox 2525 4248 2741 4312; x_wconf 81' lang='grc' dir='ltr'>αὐτοῖς.</span> <span class='ocrx_word' id='word_1_672' title='bbox 2785 4251 2874 4303; x_wconf 83' lang='grc' dir='ltr'>Ἐν</span> <span class='ocrx_word' id='word_1_673' title='bbox 2905 4245 3078 4320; x_wconf 67' lang='grc' dir='ltr'>τούτῳ</span> <span class='ocrx_word' id='word_1_674' title='bbox 3102 4252 3282 4318; x_wconf 79' lang='grc' dir='ltr'>ἔγνων,</span> <span class='ocrx_word' id='word_1_675' title='bbox 3311 4252 3382 4302; x_wconf 79' lang='grc' dir='ltr'><strong>ὅτι</strong></span> <span class='ocrx_word' id='word_1_676' title='bbox 3412 4237 3631 4306; x_wconf 75' lang='grc' dir='ltr'>τεθέληκάς</span> 
     </span>
    </p>
   </div>
   <div class='ocr_carea' id='block_1_88' title="bbox 511 4327 1988 4412">
    <p class='ocr_par' dir='ltr' id='par_1_88' title="bbox 511 4331 1988 4403">
     <span class='ocr_line' id='line_1_88' title="bbox 511 4331 1988 4403; baseline 0.001 -17"><span class='ocrx_word' id='word_1_677' title='bbox 511 4333 618 4386; x_wconf 71' lang='lat' dir='ltr'><strong>ciet</strong></span> <span class='ocrx_word' id='word_1_678' title='bbox 647 4337 705 4383; x_wconf 91' lang='lat' dir='ltr'><strong>ut</strong></span> <span class='ocrx_word' id='word_1_679' title='bbox 734 4339 980 4399; x_wconf 86' lang='lat' dir='ltr'><strong>resurgat</strong></span> <span class='ocrx_word' id='word_1_680' title='bbox 1005 4331 1050 4362; x_wconf 71' lang='grc' dir='ltr'><strong>⁸ο</strong></span> <span class='ocrx_word' id='word_1_681' title='bbox 1077 4351 1089 4384; x_wconf 87' lang='lat'><strong>:</strong></span> <span class='ocrx_word' id='word_1_682' title='bbox 1133 4351 1150 4382; x_wconf 68' lang='grc' dir='ltr'><strong>ι</strong></span> <span class='ocrx_word' id='word_1_683' title='bbox 1182 4342 1234 4386; x_wconf 92' lang='lat' dir='ltr'><strong>ct</strong></span> <span class='ocrx_word' id='word_1_684' title='bbox 1263 4334 1374 4388; x_wconf 81' lang='lat' dir='ltr'><strong>haec</strong></span> <span class='ocrx_word' id='word_1_685' title='bbox 1416 4334 1632 4403; x_wconf 86' lang='lat' dir='ltr'><strong>quidem</strong></span> <span class='ocrx_word' id='word_1_686' title='bbox 1680 4333 1854 4388; x_wconf 88' lang='lat' dir='ltr'><strong>adhuc</strong></span> <span class='ocrx_word' id='word_1_687' title='bbox 1901 4351 1988 4388; x_wconf 86' lang='lat' dir='ltr'><strong>cor</strong></span> 
     </span>
    </p>
   </div>
   <div class='ocr_carea' id='block_1_89' title="bbox 2152 4327 3629 4412">
    <p class='ocr_par' dir='ltr' id='par_1_89' title="bbox 2152 4327 3629 4412">
     <span class='ocr_line' id='line_1_89' title="bbox 2152 4327 3629 4412; baseline -0.003 -29"><span class='ocrx_word' id='word_1_688' title='bbox 2152 4349 2234 4401; x_wconf 83' lang='grc' dir='ltr'><strong>με,</strong></span> <span class='ocrx_word' id='word_1_689' title='bbox 2265 4335 2344 4385; x_wconf 87' lang='grc' dir='ltr'>ὃτι</span> <span class='ocrx_word' id='word_1_690' title='bbox 2369 4334 2428 4385; x_wconf 84' lang='grc' dir='ltr'><strong>ού</strong></span> <span class='ocrx_word' id='word_1_691' title='bbox 2466 4334 2539 4404; x_wconf 80' lang='grc' dir='ltr'>μὴ</span> <span class='ocrx_word' id='word_1_692' title='bbox 2584 4339 2825 4411; x_wconf 81' lang='grc' dir='ltr'>ἐπιχαρῇ</span> <span class='ocrx_word' id='word_1_693' title='bbox 2861 4344 2889 4394; x_wconf 94' lang='lat'><strong>6</strong></span> <span class='ocrx_word' id='word_1_694' title='bbox 2934 4342 3125 4412; x_wconf 80' lang='grc' dir='ltr'>ἐχθρός</span> <span class='ocrx_word' id='word_1_695' title='bbox 3149 4329 3247 4412; x_wconf 88' lang='grc' dir='ltr'><strong>μου</strong></span> <span class='ocrx_word' id='word_1_696' title='bbox 3282 4340 3360 4391; x_wconf 85' lang='grc' dir='ltr'>ἐπ’</span> <span class='ocrx_word' id='word_1_697' title='bbox 3391 4327 3629 4406; x_wconf 72' lang='grc' dir='ltr'>ἐμοί.ιιὶαὶ</span> 
     </span>
    </p>
   </div>
   <div class='ocr_carea' id='block_1_90' title="bbox 511 4419 1988 4502">
    <p class='ocr_par' dir='ltr' id='par_1_90' title="bbox 511 4419 1985 4493">
     <span class='ocr_line' id='line_1_90' title="bbox 511 4419 1985 4493; baseline 0.003 -20"><span class='ocrx_word' id='word_1_698' title='bbox 511 4421 748 4473; x_wconf 89' lang='lat' dir='ltr'><strong>muniter</strong></span> <span class='ocrx_word' id='word_1_699' title='bbox 785 4419 853 4474; x_wconf 87' lang='lat' dir='ltr'><strong>de</strong></span> <span class='ocrx_word' id='word_1_700' title='bbox 902 4421 1170 4475; x_wconf 80' lang='lat' dir='ltr'><strong>universis</strong></span> <span class='ocrx_word' id='word_1_701' title='bbox 1226 4423 1368 4478; x_wconf 88' lang='lat' dir='ltr'><strong>dicta</strong></span> <span class='ocrx_word' id='word_1_702' title='bbox 1400 4433 1546 4485; x_wconf 89' lang='lat' dir='ltr'><strong>sunt,</strong></span> <span class='ocrx_word' id='word_1_703' title='bbox 1599 4423 1691 4492; x_wconf 90' lang='lat' dir='ltr'><strong>qui</strong></span> <span class='ocrx_word' id='word_1_704' title='bbox 1739 4425 1840 4478; x_wconf 92' lang='lat' dir='ltr'><strong>sub</strong></span> <span class='ocrx_word' id='word_1_705' title='bbox 1870 4425 1985 4493; x_wconf 88' lang='lat' dir='ltr'><strong>ipsu</strong></span> 
     </span>
    </p>
   </div>
   <div class='ocr_carea' id='block_1_91' title="bbox 2153 4419 3630 4502">
    <p class='ocr_par' dir='ltr' id='par_1_91' title="bbox 2153 4419 3630 4502">
     <span class='ocr_line' id='line_1_91' title="bbox 2153 4419 3630 4502; baseline 0 -29"><span class='ocrx_word' id='word_1_706' title='bbox 2153 4421 2406 4490; x_wconf 80' lang='grc' dir='ltr'>πρόδηλόν</span> <span class='ocrx_word' id='word_1_707' title='bbox 2442 4438 2506 4490; x_wconf 82' lang='grc' dir='ltr'><strong>γε</strong></span> <span class='ocrx_word' id='word_1_708' title='bbox 2545 4427 2674 4480; x_wconf 82' lang='grc' dir='ltr'>τινα</span> <span class='ocrx_word' id='word_1_709' title='bbox 2724 4431 2928 4500; x_wconf 88' lang='grc' dir='ltr'>τρόπον</span> <span class='ocrx_word' id='word_1_710' title='bbox 2956 4432 3094 4501; x_wconf 87' lang='grc' dir='ltr'><strong>μετά</strong></span> <span class='ocrx_word' id='word_1_711' title='bbox 3123 4432 3218 4502; x_wconf 79' lang='grc' dir='ltr'>τὴν</span> <span class='ocrx_word' id='word_1_712' title='bbox 3247 4434 3306 4484; x_wconf 88' lang='grc' dir='ltr'><strong>ἐκ</strong></span> <span class='ocrx_word' id='word_1_713' title='bbox 3333 4426 3510 4497; x_wconf 83' lang='grc' dir='ltr'>νεκρῶν</span> <span class='ocrx_word' id='word_1_714' title='bbox 3542 4419 3630 4474; x_wconf 73' lang='grc' dir='ltr'><strong>ἀνάσ</strong></span> 
     </span>
    </p>
   </div>
   <div class='ocr_carea' id='block_1_92' title="bbox 511 4511 1988 4590">
    <p class='ocr_par' dir='ltr' id='par_1_92' title="bbox 511 4511 1984 4581">
     <span class='ocr_line' id='line_1_92' title="bbox 511 4511 1984 4581; baseline 0.003 -17"><span class='ocrx_word' id='word_1_715' title='bbox 511 4511 782 4581; x_wconf 90' lang='lat' dir='ltr'><strong>passionis</strong></span> <span class='ocrx_word' id='word_1_716' title='bbox 823 4519 1034 4580; x_wconf 89' lang='lat' dir='ltr'><strong>tempus</strong></span> <span class='ocrx_word' id='word_1_717' title='bbox 1063 4511 1286 4569; x_wconf 89' lang='lat' dir='ltr'><strong>insidias</strong></span> <span class='ocrx_word' id='word_1_718' title='bbox 1319 4515 1394 4568; x_wconf 91' lang='lat' dir='ltr'><strong>illi</strong></span> <span class='ocrx_word' id='word_1_719' title='bbox 1428 4514 1686 4568; x_wconf 78' lang='lat' dir='ltr'><strong>fecerunt.</strong></span> <span class='ocrx_word' id='word_1_720' title='bbox 1718 4514 1984 4570; x_wconf 84' lang='lat' dir='ltr'><strong>Atseorsu</strong></span> 
     </span>
    </p>
   </div>
   <div class='ocr_carea' id='block_1_93' title="bbox 2151 4511 3628 4590">
    <p class='ocr_par' dir='ltr' id='par_1_93' title="bbox 2151 4511 3628 4590">
     <span class='ocr_line' id='line_1_93' title="bbox 2151 4511 3628 4590; baseline 0.004 -31"><span class='ocrx_word' id='word_1_721' title='bbox 2151 4525 2323 4561; x_wconf 73' lang='grc' dir='ltr'>στασιν</span> <span class='ocrx_word' id='word_1_722' title='bbox 2347 4511 2531 4577; x_wconf 75' lang='grc' dir='ltr'>αὐτοῦ,</span> <span class='ocrx_word' id='word_1_723' title='bbox 2565 4520 2912 4590; x_wconf 85' lang='grc' dir='ltr'>παραχρῆμα</span> <span class='ocrx_word' id='word_1_724' title='bbox 2965 4523 3060 4573; x_wconf 76' lang='grc' dir='ltr'><strong>καὶ</strong></span> <span class='ocrx_word' id='word_1_725' title='bbox 3089 4523 3186 4574; x_wconf 81' lang='grc' dir='ltr'><strong>οὐκ</strong></span> <span class='ocrx_word' id='word_1_726' title='bbox 3217 4523 3292 4583; x_wconf 79' lang='grc' dir='ltr'><strong>είς</strong></span> <span class='ocrx_word' id='word_1_727' title='bbox 3323 4516 3508 4589; x_wconf 78' lang='grc' dir='ltr'>μακρὰν</span> <span class='ocrx_word' id='word_1_728' title='bbox 3540 4523 3628 4578; x_wconf 72' lang='grc' dir='ltr'>μετ’</span> 
     </span>
    </p>
   </div>
   <div class='ocr_carea' id='block_1_94' title="bbox 511 4600 1988 4682">
    <p class='ocr_par' dir='ltr' id='par_1_94' title="bbox 511 4601 1988 4674">
     <span class='ocr_line' id='line_1_94' title="bbox 511 4601 1988 4674; baseline 0.001 -20"><span class='ocrx_word' id='word_1_729' title='bbox 511 4601 578 4655; x_wconf 93' lang='lat' dir='ltr'><strong>de</strong></span> <span class='ocrx_word' id='word_1_730' title='bbox 600 4601 889 4670; x_wconf 89' lang='lat' dir='ltr'><strong>proditore,</strong></span> <span class='ocrx_word' id='word_1_731' title='bbox 945 4612 1195 4670; x_wconf 88' lang='lat' dir='ltr'><strong>tanquam</strong></span> <span class='ocrx_word' id='word_1_732' title='bbox 1224 4603 1290 4658; x_wconf 84' lang='lat' dir='ltr'><strong>de</strong></span> <span class='ocrx_word' id='word_1_733' title='bbox 1320 4619 1384 4659; x_wconf 90' lang='lat' dir='ltr'><strong>eo</strong></span> <span class='ocrx_word' id='word_1_734' title='bbox 1404 4619 1558 4672; x_wconf 90' lang='lat' dir='ltr'><strong>quem</strong></span> <span class='ocrx_word' id='word_1_735' title='bbox 1583 4604 1695 4673; x_wconf 89' lang='lat' dir='ltr'><strong>ipse</strong></span> <span class='ocrx_word' id='word_1_736' title='bbox 1721 4615 1778 4658; x_wconf 90' lang='lat' dir='ltr'><strong>ut</strong></span> <span class='ocrx_word' id='word_1_737' title='bbox 1810 4605 1988 4674; x_wconf 68' lang='lat' dir='ltr'><strong>discip:</strong></span> 
     </span>
    </p>
   </div>
   <div class='ocr_carea' id='block_1_95' title="bbox 2148 4600 3625 4682">
    <p class='ocr_par' dir='ltr' id='par_1_95' title="bbox 2148 4600 3625 4682">
     <span class='ocr_line' id='line_1_95' title="bbox 2148 4600 3625 4682; baseline -0.006 -17"><span class='ocrx_word' id='word_1_738' title='bbox 2148 4600 2275 4667; x_wconf 78' lang='grc' dir='ltr'>ἦλθε</span> <span class='ocrx_word' id='word_1_739' title='bbox 2323 4604 2446 4663; x_wconf 73' lang='grc' dir='ltr'>τοὺς</span> <span class='ocrx_word' id='word_1_740' title='bbox 2496 4605 3033 4675; x_wconf 74' lang='grc' dir='ltr'>ἐπιϐεϐουλευκότας</span> <span class='ocrx_word' id='word_1_741' title='bbox 3079 4612 3284 4682; x_wconf 85' lang='grc' dir='ltr'>αύτῷὴ</span> <span class='ocrx_word' id='word_1_742' title='bbox 3331 4603 3625 4662; x_wconf 76' lang='grc' dir='ltr'>ἀνταπόδοσιςι</span> 
     </span>
    </p>
   </div>
   <div class='ocr_carea' id='block_1_96' title="bbox 511 4691 1988 4773">
    <p class='ocr_par' dir='ltr' id='par_1_96' title="bbox 511 4692 1988 4763">
     <span class='ocr_line' id='line_1_96' title="bbox 511 4692 1988 4763; baseline 0.003 -20"><span class='ocrx_word' id='word_1_743' title='bbox 511 4692 620 4744; x_wconf 89' lang='lat' dir='ltr'><strong>lum</strong></span> <span class='ocrx_word' id='word_1_744' title='bbox 654 4692 994 4756; x_wconf 88' lang='lat' dir='ltr'><strong>instituisset,</strong></span> <span class='ocrx_word' id='word_1_745' title='bbox 1031 4694 1282 4762; x_wconf 84' lang='lat' dir='ltr'><strong>deinceps</strong></span> <span class='ocrx_word' id='word_1_746' title='bbox 1334 4693 1595 4763; x_wconf 85' lang='lat' dir='ltr'><strong>adjungit,</strong></span> <span class='ocrx_word' id='word_1_747' title='bbox 1622 4693 1806 4749; x_wconf 87' lang='lat' dir='ltr'><strong>dicens</strong></span> <span class='ocrx_word' id='word_1_748' title='bbox 1843 4711 1854 4746; x_wconf 93' lang='lat'><strong>:</strong></span> <span class='ocrx_word' id='word_1_749' title='bbox 1899 4715 1918 4747; x_wconf 76' lang='grc' dir='ltr'><strong>ι</strong></span> <span class='ocrx_word' id='word_1_750' title='bbox 1954 4695 1988 4747; x_wconf 88' lang='grc' dir='ltr'><strong><em>Ε</em></strong></span> 
     </span>
    </p>
   </div>
   <div class='ocr_carea' id='block_1_97' title="bbox 2150 4691 3627 4773">
    <p class='ocr_par' dir='ltr' id='par_1_97' title="bbox 2150 4691 3627 4773">
     <span class='ocr_line' id='line_1_97' title="bbox 2150 4691 3627 4773; baseline -0.003 -21"><span class='ocrx_word' id='word_1_751' title='bbox 2150 4691 2284 4752; x_wconf 66' lang='grc' dir='ltr'>ὃπως</span> <span class='ocrx_word' id='word_1_752' title='bbox 2315 4708 2373 4744; x_wconf 84' lang='grc' dir='ltr'><strong>τε</strong></span> <span class='ocrx_word' id='word_1_753' title='bbox 2400 4694 2428 4744; x_wconf 81' lang='grc' dir='ltr'>ὁ</span> <span class='ocrx_word' id='word_1_754' title='bbox 2460 4695 2658 4765; x_wconf 77' lang='grc' dir='ltr'>ἐχθρὸς</span> <span class='ocrx_word' id='word_1_755' title='bbox 2686 4700 2879 4764; x_wconf 81' lang='grc' dir='ltr'>αὐτοῦ,</span> <span class='ocrx_word' id='word_1_756' title='bbox 2912 4701 3058 4771; x_wconf 79' lang='grc' dir='ltr'>ζωῆς</span> <span class='ocrx_word' id='word_1_757' title='bbox 3091 4702 3436 4773; x_wconf 79' lang='grc' dir='ltr'>τυγχάνοντος,</span> <span class='ocrx_word' id='word_1_758' title='bbox 3463 4694 3627 4748; x_wconf 52' lang='lat' dir='ltr'><strong>edita”;</strong></span> 
     </span>
    </p>
   </div>
   <div class='ocr_carea' id='block_1_98' title="bbox 512 4775 1989 4857">
    <p class='ocr_par' dir='ltr' id='par_1_98' title="bbox 512 4783 1987 4854">
     <span class='ocr_line' id='line_1_98' title="bbox 512 4783 1987 4854; baseline 0.001 -18"><span class='ocrx_word' id='word_1_759' title='bbox 512 4783 654 4836; x_wconf 85' lang='lat' dir='ltr'><strong>enim</strong></span> <span class='ocrx_word' id='word_1_760' title='bbox 679 4783 838 4837; x_wconf 90' lang='lat' dir='ltr'><strong>homo</strong></span> <span class='ocrx_word' id='word_1_761' title='bbox 873 4785 1020 4853; x_wconf 84' lang='lat' dir='ltr'><strong>pacis</strong></span> <span class='ocrx_word' id='word_1_762' title='bbox 1054 4798 1202 4847; x_wconf 72' lang='lat' dir='ltr'><strong>mete,</strong></span> <span class='ocrx_word' id='word_1_763' title='bbox 1234 4784 1290 4838; x_wconf 92' lang='lat' dir='ltr'><strong>in</strong></span> <span class='ocrx_word' id='word_1_764' title='bbox 1341 4799 1448 4853; x_wconf 87' lang='lat' dir='ltr'><strong>quo</strong></span> <span class='ocrx_word' id='word_1_765' title='bbox 1477 4785 1705 4853; x_wconf 88' lang='lat' dir='ltr'><strong>speravi,</strong></span> <span class='ocrx_word' id='word_1_766' title='bbox 1737 4785 1824 4854; x_wconf 91' lang='lat' dir='ltr'><strong>qui</strong></span> <span class='ocrx_word' id='word_1_767' title='bbox 1855 4786 1987 4838; x_wconf 88' lang='lat' dir='ltr'><strong>edcb</strong></span> 
     </span>
    </p>
   </div>
   <div class='ocr_carea' id='block_1_99' title="bbox 2149 4775 3626 4857">
    <p class='ocr_par' dir='ltr' id='par_1_99' title="bbox 2149 4775 3626 4857">
     <span class='ocr_line' id='line_1_99' title="bbox 2149 4775 3626 4857; baseline 0.005 -25"><span class='ocrx_word' id='word_1_768' title='bbox 2149 4781 2502 4852; x_wconf 74' lang='grc' dir='ltr'>κατῃσχύνθη,</span> <span class='ocrx_word' id='word_1_769' title='bbox 2527 4785 2673 4840; x_wconf 83' lang='grc' dir='ltr'>ὥστε</span> <span class='ocrx_word' id='word_1_770' title='bbox 2697 4792 2824 4855; x_wconf 76' lang='grc' dir='ltr'>τοὺς</span> <span class='ocrx_word' id='word_1_771' title='bbox 2853 4794 3268 4857; x_wconf 76' lang='grc' dir='ltr'>ἐπονειδίζοντας</span> <span class='ocrx_word' id='word_1_772' title='bbox 3300 4792 3480 4842; x_wconf 72' lang='grc' dir='ltr'>εἰπεῖν’</span> <span class='ocrx_word' id='word_1_773' title='bbox 3509 4802 3524 4832; x_wconf 76' lang='lat' dir='ltr'><strong>t</strong></span> <span class='ocrx_word' id='word_1_774' title='bbox 3554 4775 3626 4830; x_wconf 70' lang='grc' dir='ltr'><strong>Ποὖ</strong></span> 
     </span>
    </p>
   </div>
   <div class='ocr_carea' id='block_1_100' title="bbox 513 4871 1990 4952">
    <p class='ocr_par' dir='ltr' id='par_1_100' title="bbox 513 4873 1990 4944">
     <span class='ocr_line' id='line_1_100' title="bbox 513 4873 1990 4944; baseline 0.003 -21"><span class='ocrx_word' id='word_1_775' title='bbox 513 4884 678 4936; x_wconf 84' lang='lat' dir='ltr'><strong>panes</strong></span> <span class='ocrx_word' id='word_1_776' title='bbox 709 4889 878 4938; x_wconf 86' lang='lat' dir='ltr'><strong>meos,</strong></span> <span class='ocrx_word' id='word_1_777' title='bbox 908 4873 1265 4943; x_wconf 84' lang='lat' dir='ltr'><strong>magniﬁcavit</strong></span> <span class='ocrx_word' id='word_1_778' title='bbox 1311 4890 1472 4943; x_wconf 90' lang='lat' dir='ltr'><strong>super</strong></span> <span class='ocrx_word' id='word_1_779' title='bbox 1513 4889 1597 4928; x_wconf 92' lang='lat' dir='ltr'><strong>me</strong></span> <span class='ocrx_word' id='word_1_780' title='bbox 1649 4875 1990 4944; x_wconf 78' lang='lat' dir='ltr'><strong>supplantatit</strong></span> 
     </span>
    </p>
   </div>
   <div class='ocr_carea' id='block_1_101' title="bbox 2146 4871 3623 4952">
    <p class='ocr_par' dir='ltr' id='par_1_101' title="bbox 2146 4871 3623 4952">
     <span class='ocr_line' id='line_1_101' title="bbox 2146 4871 3623 4952; baseline -0.003 -18"><span class='ocrx_word' id='word_1_781' title='bbox 2146 4887 2256 4934; x_wconf 69' lang='grc' dir='ltr'><strong>σου,</strong></span> <span class='ocrx_word' id='word_1_782' title='bbox 2280 4871 2496 4935; x_wconf 67' lang='grc' dir='ltr'>θάνατε,</span> <span class='ocrx_word' id='word_1_783' title='bbox 2525 4877 2588 4929; x_wconf 74' lang='grc' dir='ltr'>τὺ</span> <span class='ocrx_word' id='word_1_784' title='bbox 2609 4879 2870 4952; x_wconf 79' lang='grc' dir='ltr'>κέντρον;</span> <span class='ocrx_word' id='word_1_785' title='bbox 2900 4883 3001 4936; x_wconf 78' lang='grc' dir='ltr'><strong>πού</strong></span> <span class='ocrx_word' id='word_1_786' title='bbox 3033 4901 3144 4947; x_wconf 90' lang='grc' dir='ltr'>σου,</span> <span class='ocrx_word' id='word_1_787' title='bbox 3173 4883 3371 4943; x_wconf 86' lang='grc' dir='ltr'>θάνατε,</span> <span class='ocrx_word' id='word_1_788' title='bbox 3398 4878 3449 4930; x_wconf 86' lang='grc' dir='ltr'><strong>τὸ</strong></span> <span class='ocrx_word' id='word_1_789' title='bbox 3470 4877 3623 4930; x_wconf 75' lang='grc' dir='ltr'>νῖκοςςι</span> 
     </span>
    </p>
   </div>
   <div class='ocr_carea' id='block_1_102' title="bbox 519 4959 1996 5045">
    <p class='ocr_par' dir='ltr' id='par_1_102' title="bbox 519 4964 1996 5038">
     <span class='ocr_line' id='line_1_102' title="bbox 519 4964 1996 5038; baseline 0.005 -26"><span class='ocrx_word' id='word_1_790' title='bbox 519 4975 638 5013; x_wconf 91' lang='lat' dir='ltr'><strong>nem</strong></span> <span class='ocrx_word' id='word_1_791' title='bbox 669 4964 734 5016; x_wconf 71' lang='grc' dir='ltr'><strong>δι.</strong></span> <span class='ocrx_word' id='word_1_792' title='bbox 766 4985 784 5016; x_wconf 77' lang='grc' dir='ltr'><strong>ι</strong></span> <span class='ocrx_word' id='word_1_793' title='bbox 816 4965 920 5020; x_wconf 86' lang='lat' dir='ltr'><strong>Pro</strong></span> <span class='ocrx_word' id='word_1_794' title='bbox 953 4983 1058 5035; x_wconf 91' lang='lat' dir='ltr'><strong>quo</strong></span> <span class='ocrx_word' id='word_1_795' title='bbox 1089 4983 1299 5021; x_wconf 90' lang='lat' dir='ltr'><strong>rursum</strong></span> <span class='ocrx_word' id='word_1_796' title='bbox 1324 4966 1672 5038; x_wconf 84' lang='lat' dir='ltr'><strong>Symmachus</strong></span> <span class='ocrx_word' id='word_1_797' title='bbox 1708 4988 1719 5022; x_wconf 93' lang='lat'>:</span> <span class='ocrx_word' id='word_1_798' title='bbox 1747 4969 1839 5022; x_wconf 73' lang='lat' dir='ltr'><strong>«Et</strong></span> <span class='ocrx_word' id='word_1_799' title='bbox 1861 4969 1996 5022; x_wconf 60' lang='lat' dir='ltr'><strong>home</strong></span> 
     </span>
    </p>
   </div>
   <div class='ocr_carea' id='block_1_103' title="bbox 2149 4959 3626 5045">
    <p class='ocr_par' dir='ltr' id='par_1_103' title="bbox 2154 4959 3626 5045">
     <span class='ocr_line' id='line_1_103' title="bbox 2154 4959 3626 5045; baseline -0.02 8"><span class='ocrx_word' id='word_1_800' title='bbox 2154 4961 2417 5031; x_wconf 66' lang='grc' dir='ltr'><strong>Ἑντυχὼν</strong></span> <span class='ocrx_word' id='word_1_801' title='bbox 2449 4963 2509 5017; x_wconf 70' lang='grc' dir='ltr'>δέ</span> <span class='ocrx_word' id='word_1_802' title='bbox 2537 4985 2623 5030; x_wconf 71' lang='grc' dir='ltr'><strong>τις</strong></span> <span class='ocrx_word' id='word_1_803' title='bbox 2651 4976 2774 5035; x_wconf 75' lang='grc' dir='ltr'>ταῖς</span> <span class='ocrx_word' id='word_1_804' title='bbox 2802 4976 2941 5042; x_wconf 76' lang='grc' dir='ltr'>μετὰ</span> <span class='ocrx_word' id='word_1_805' title='bbox 2970 4975 3065 5045; x_wconf 80' lang='grc' dir='ltr'>τὴν</span> <span class='ocrx_word' id='word_1_806' title='bbox 3095 4974 3368 5027; x_wconf 82' lang='grc' dir='ltr'>ἀνάστασιν</span> <span class='ocrx_word' id='word_1_807' title='bbox 3398 4967 3476 5020; x_wconf 84' lang='grc' dir='ltr'>τοῦ</span> <span class='ocrx_word' id='word_1_808' title='bbox 3495 4959 3626 5024; x_wconf 71' lang='grc' dir='ltr'><strong>Σωτῆ⁸</strong></span> 
     </span>
    </p>
   </div>
   <div class='ocr_carea' id='block_1_104' title="bbox 516 5045 1993 5137">
    <p class='ocr_par' dir='ltr' id='par_1_104' title="bbox 516 5045 1993 5120">
     <span class='ocr_line' id='line_1_104' title="bbox 516 5045 1993 5120; baseline 0.004 -17"><span class='ocrx_word' id='word_1_809' title='bbox 516 5045 709 5116; x_wconf 69' lang='lat' dir='ltr'><strong>inquit,</strong></span> <span class='ocrx_word' id='word_1_810' title='bbox 732 5053 821 5116; x_wconf 88' lang='lat' dir='ltr'><strong>qui</strong></span> <span class='ocrx_word' id='word_1_811' title='bbox 855 5069 1034 5120; x_wconf 90' lang='lat' dir='ltr'><strong>pacem</strong></span> <span class='ocrx_word' id='word_1_812' title='bbox 1063 5057 1287 5110; x_wconf 87' lang='lat' dir='ltr'><strong>habebat</strong></span> <span class='ocrx_word' id='word_1_813' title='bbox 1315 5072 1541 5119; x_wconf 84' lang='lat' dir='ltr'><strong>mecum,</strong></span> <span class='ocrx_word' id='word_1_814' title='bbox 1575 5059 1662 5111; x_wconf 89' lang='lat' dir='ltr'><strong>cui</strong></span> <span class='ocrx_word' id='word_1_815' title='bbox 1689 5058 1993 5112; x_wconf 82' lang='lat' dir='ltr'><strong>conlideban</strong></span> 
     </span>
    </p>
   </div>
   <div class='ocr_carea' id='block_1_105' title="bbox 2148 5045 3625 5137">
    <p class='ocr_par' dir='ltr' id='par_1_105' title="bbox 2148 5053 3625 5137">
     <span class='ocr_line' id='line_1_105' title="bbox 2148 5053 3625 5137; baseline -0.014 -19"><span class='ocrx_word' id='word_1_816' title='bbox 2148 5068 2234 5118; x_wconf 84' lang='grc' dir='ltr'>ρος</span> <span class='ocrx_word' id='word_1_817' title='bbox 2257 5053 2414 5123; x_wconf 79' lang='grc' dir='ltr'>ἡμῶν</span> <span class='ocrx_word' id='word_1_818' title='bbox 2451 5059 2719 5130; x_wconf 82' lang='grc' dir='ltr'>ἱστορίαις</span> <span class='ocrx_word' id='word_1_819' title='bbox 2747 5064 2826 5135; x_wconf 83' lang='grc' dir='ltr'>τῷ</span> <span class='ocrx_word' id='word_1_820' title='bbox 2872 5068 3113 5137; x_wconf 81' lang='grc' dir='ltr'>Ἰωσήπῳ</span> <span class='ocrx_word' id='word_1_821' title='bbox 3140 5064 3450 5136; x_wconf 75' lang='grc' dir='ltr'>γραφείσαις,</span> <span class='ocrx_word' id='word_1_822' title='bbox 3480 5055 3625 5107; x_wconf 69' lang='grc' dir='ltr'>εἴσεται</span> 
     </span>
    </p>
   </div>
   <div class='ocr_carea' id='block_1_106' title="bbox 515 5133 1992 5218">
    <p class='ocr_par' dir='ltr' id='par_1_106' title="bbox 515 5133 1988 5216">
     <span class='ocr_line' id='line_1_106' title="bbox 515 5133 1988 5216; baseline 0.013 -35"><span class='ocrx_word' id='word_1_823' title='bbox 515 5133 800 5191; x_wconf 86' lang='lat' dir='ltr'><strong>comedens</strong></span> <span class='ocrx_word' id='word_1_824' title='bbox 844 5155 1048 5195; x_wconf 91' lang='lat' dir='ltr'><strong>mecum</strong></span> <span class='ocrx_word' id='word_1_825' title='bbox 1080 5159 1267 5213; x_wconf 88' lang='lat' dir='ltr'><strong>panem</strong></span> <span class='ocrx_word' id='word_1_826' title='bbox 1317 5161 1514 5213; x_wconf 88' lang='lat' dir='ltr'><strong>meum,</strong></span> <span class='ocrx_word' id='word_1_827' title='bbox 1549 5147 1916 5216; x_wconf 81' lang='lat' dir='ltr'><strong>magniﬁcatus</strong></span> <span class='ocrx_word' id='word_1_828' title='bbox 1961 5161 1988 5199; x_wconf 90' lang='lat' dir='ltr'><strong>e</strong></span> 
     </span>
    </p>
   </div>
   <div class='ocr_carea' id='block_1_107' title="bbox 2148 5133 3625 5218">
    <p class='ocr_par' dir='ltr' id='par_1_107' title="bbox 2148 5143 3625 5218">
     <span class='ocr_line' id='line_1_107' title="bbox 2148 5143 3625 5218; baseline 0.003 -12"><span class='ocrx_word' id='word_1_829' title='bbox 2148 5143 2242 5206; x_wconf 76' lang='grc' dir='ltr'>τὰς</span> <span class='ocrx_word' id='word_1_830' title='bbox 2273 5148 2638 5216; x_wconf 85' lang='grc' dir='ltr'>μετελθούσας</span> <span class='ocrx_word' id='word_1_831' title='bbox 2672 5155 2734 5207; x_wconf 82' lang='grc' dir='ltr'>τὸ</span> <span class='ocrx_word' id='word_1_832' title='bbox 2766 5157 3034 5210; x_wconf 86' lang='grc' dir='ltr'>Ἰουδαίων</span> <span class='ocrx_word' id='word_1_833' title='bbox 3074 5158 3218 5218; x_wconf 77' lang='grc' dir='ltr'>ἔθνος</span> <span class='ocrx_word' id='word_1_834' title='bbox 3249 5157 3332 5206; x_wconf 73' lang='grc' dir='ltr'><strong>καὶ</strong></span> <span class='ocrx_word' id='word_1_835' title='bbox 3367 5151 3474 5210; x_wconf 78' lang='grc' dir='ltr'>τοὺς</span> <span class='ocrx_word' id='word_1_836' title='bbox 3488 5145 3625 5211; x_wconf 73' lang='grc' dir='ltr'>ἄρκον·</span> 
     </span>
    </p>
   </div>
   <div class='ocr_carea' id='block_1_108' title="bbox 517 5228 1994 5312">
    <p class='ocr_par' dir='ltr' id='par_1_108' title="bbox 517 5228 1994 5292">
     <span class='ocr_line' id='line_1_108' title="bbox 517 5228 1994 5292; baseline 0.011 -20"><span class='ocrx_word' id='word_1_837' title='bbox 517 5229 703 5272; x_wconf 86' lang='lat' dir='ltr'><strong>contra</strong></span> <span class='ocrx_word' id='word_1_838' title='bbox 759 5239 861 5278; x_wconf 89' lang='lat' dir='ltr'><strong>me.</strong></span> <span class='ocrx_word' id='word_1_839' title='bbox 899 5245 916 5277; x_wconf 74' lang='grc' dir='ltr'><strong>ι</strong></span> <span class='ocrx_word' id='word_1_840' title='bbox 980 5228 1253 5287; x_wconf 86' lang='lat' dir='ltr'><strong>Pessimus</strong></span> <span class='ocrx_word' id='word_1_841' title='bbox 1294 5237 1436 5292; x_wconf 90' lang='lat' dir='ltr'><strong>enim</strong></span> <span class='ocrx_word' id='word_1_842' title='bbox 1491 5253 1677 5292; x_wconf 90' lang='lat' dir='ltr'><strong>revera</strong></span> <span class='ocrx_word' id='word_1_843' title='bbox 1722 5235 1994 5290; x_wconf 53' lang='lat' dir='ltr'><strong>omniumi</strong></span> 
     </span>
    </p>
   </div>
   <div class='ocr_carea' id='block_1_109' title="bbox 2146 5228 3623 5312">
    <p class='ocr_par' dir='ltr' id='par_1_109' title="bbox 2146 5233 3623 5312">
     <span class='ocr_line' id='line_1_109' title="bbox 2146 5233 3623 5312; baseline 0.001 -29"><span class='ocrx_word' id='word_1_844' title='bbox 2146 5249 2241 5294; x_wconf 85' lang='grc' dir='ltr'><strong>τας</strong></span> <span class='ocrx_word' id='word_1_845' title='bbox 2273 5234 2449 5289; x_wconf 79' lang='grc' dir='ltr'>αὐτῶν</span> <span class='ocrx_word' id='word_1_846' title='bbox 2484 5243 2796 5312; x_wconf 74' lang='grc' dir='ltr'>συμφορὰς,</span> <span class='ocrx_word' id='word_1_847' title='bbox 2839 5242 2928 5308; x_wconf 71' lang='grc' dir='ltr'><strong>αἷς</strong></span> <span class='ocrx_word' id='word_1_848' title='bbox 2967 5247 3186 5308; x_wconf 76' lang='grc' dir='ltr'>εξκότως</span> <span class='ocrx_word' id='word_1_849' title='bbox 3242 5233 3623 5312; x_wconf 72' lang='grc' dir='ltr'>περιπεπτώκασιν</span> 
     </span>
    </p>
   </div>
   <div class='ocr_carea' id='block_1_110' title="bbox 518 5308 1995 5408">
    <p class='ocr_par' dir='ltr' id='par_1_110' title="bbox 518 5308 1995 5392">
     <span class='ocr_line' id='line_1_110' title="bbox 518 5308 1995 5392; baseline -0.003 -11"><span class='ocrx_word' id='word_1_850' title='bbox 518 5308 983 5381; x_wconf 68' lang='grc' dir='ltr'>δοθιθτθιίεείηὶυεν</span> <span class='ocrx_word' id='word_1_851' title='bbox 1012 5322 1104 5389; x_wconf 90' lang='lat' dir='ltr'><strong>qui</strong></span> <span class='ocrx_word' id='word_1_852' title='bbox 1132 5330 1253 5392; x_wconf 91' lang='lat' dir='ltr'><strong>post</strong></span> <span class='ocrx_word' id='word_1_853' title='bbox 1309 5339 1646 5382; x_wconf 90' lang='lat' dir='ltr'><strong>communem</strong></span> <span class='ocrx_word' id='word_1_854' title='bbox 1699 5339 1956 5387; x_wconf 89' lang='lat' dir='ltr'><strong>mensam,</strong></span> <span class='ocrx_word' id='word_1_855' title='bbox 1990 5347 1995 5371; x_wconf 82' lang='grc'>‹</span> 
     </span>
    </p>
   </div>
   <div class='ocr_carea' id='block_1_111' title="bbox 2143 5308 3620 5408">
    <p class='ocr_par' dir='ltr' id='par_1_111' title="bbox 2143 5323 3620 5408">
     <span class='ocr_line' id='line_1_111' title="bbox 2143 5323 3620 5408; baseline -0.004 -34"><span class='ocrx_word' id='word_1_856' title='bbox 2143 5323 2210 5375; x_wconf 81' lang='grc' dir='ltr'><strong>τά</strong></span> <span class='ocrx_word' id='word_1_857' title='bbox 2233 5325 2483 5398; x_wconf 83' lang='grc' dir='ltr'>ἐπίχειρα</span> <span class='ocrx_word' id='word_1_858' title='bbox 2505 5323 2581 5383; x_wconf 85' lang='grc' dir='ltr'>ὧν</span> <span class='ocrx_word' id='word_1_859' title='bbox 2621 5335 2703 5396; x_wconf 81' lang='grc' dir='ltr'><strong>είς</strong></span> <span class='ocrx_word' id='word_1_860' title='bbox 2761 5336 2922 5389; x_wconf 82' lang='grc' dir='ltr'>αὑτὸν</span> <span class='ocrx_word' id='word_1_861' title='bbox 2969 5337 3193 5408; x_wconf 83' lang='grc' dir='ltr'>ἔδρασαν</span> <span class='ocrx_word' id='word_1_862' title='bbox 3221 5327 3620 5408; x_wconf 29' lang='grc' dir='ltr'>ἀπολαμϐάνοντες..</span> 
     </span>
    </p>
   </div>
   <div class='ocr_carea' id='block_1_112' title="bbox 515 5399 1992 5499">
    <p class='ocr_par' dir='ltr' id='par_1_112' title="bbox 515 5399 1992 5487">
     <span class='ocr_line' id='line_1_112' title="bbox 515 5399 1992 5487; baseline 0.001 -21"><span class='ocrx_word' id='word_1_863' title='bbox 515 5405 637 5466; x_wconf 68' lang='lat'><strong>909‘</strong></span> <span class='ocrx_word' id='word_1_864' title='bbox 684 5399 788 5452; x_wconf 74' lang='lat' dir='ltr'><strong>Cibi</strong></span> <span class='ocrx_word' id='word_1_865' title='bbox 836 5403 973 5460; x_wconf 66' lang='lat' dir='ltr'><strong>inter</strong></span> <span class='ocrx_word' id='word_1_866' title='bbox 1003 5414 1162 5468; x_wconf 85' lang='lat' dir='ltr'><strong>verba</strong></span> <span class='ocrx_word' id='word_1_867' title='bbox 1199 5421 1542 5487; x_wconf 59' lang='lat' dir='ltr'><strong>praeceptoris</strong></span> <span class='ocrx_word' id='word_1_868' title='bbox 1595 5415 1992 5485; x_wconf 89' lang='lat' dir='ltr'><strong>assumptionen</strong></span> 
     </span>
    </p>
   </div>
   <div class='ocr_carea' id='block_1_113' title="bbox 2147 5399 3624 5499">
    <p class='ocr_par' dir='ltr' id='par_1_113' title="bbox 2147 5404 3624 5499">
     <span class='ocr_line' id='line_1_113' title="bbox 2147 5404 3624 5499; baseline 0.01 -34"><span class='ocrx_word' id='word_1_869' title='bbox 2147 5414 2251 5466; x_wconf 75' lang='grc' dir='ltr'>Καὶ</span> <span class='ocrx_word' id='word_1_870' title='bbox 2271 5417 2440 5472; x_wconf 81' lang='grc' dir='ltr'>ταῦτα</span> <span class='ocrx_word' id='word_1_871' title='bbox 2476 5420 2578 5489; x_wconf 84' lang='grc' dir='ltr'><strong>μὲν</strong></span> <span class='ocrx_word' id='word_1_872' title='bbox 2606 5424 2688 5486; x_wconf 78' lang='grc' dir='ltr'>εἰς</span> <span class='ocrx_word' id='word_1_873' title='bbox 2725 5426 2966 5499; x_wconf 83' lang='grc' dir='ltr'>ἐκείνους</span> <span class='ocrx_word' id='word_1_874' title='bbox 3010 5426 3294 5499; x_wconf 77' lang='grc' dir='ltr'>ἐπληροῦτο</span> <span class='ocrx_word' id='word_1_875' title='bbox 3321 5423 3486 5480; x_wconf 68' lang='grc' dir='ltr'>πάντα,</span> <span class='ocrx_word' id='word_1_876' title='bbox 3523 5404 3624 5463; x_wconf 65' lang='grc' dir='ltr'><strong>κατά</strong></span> 
     </span>
    </p>
   </div>
   <div class='ocr_carea' id='block_1_114' title="bbox 517 5569 1994 5696">
    <p class='ocr_par' dir='ltr' id='par_1_114' title="bbox 517 5569 1982 5696">
     <span class='ocr_line' id='line_1_114' title="bbox 517 5569 1982 5696; baseline 0.009 -66"><span class='ocrx_word' id='word_1_877' title='bbox 517 5569 852 5696; x_wconf 44' lang='lat' dir='ltr'><strong>“&#39;iliﬂlalltg:</strong></span> <span class='ocrx_word' id='word_1_878' title='bbox 886 5591 1039 5644; x_wconf 75' lang='lat' dir='ltr'><strong>xxvr,</strong></span> <span class='ocrx_word' id='word_1_879' title='bbox 1080 5586 1157 5644; x_wconf 82' lang='lat' dir='ltr'><strong>ll.</strong></span> <span class='ocrx_word' id='word_1_880' title='bbox 1239 5588 1281 5619; x_wconf 80' lang='grc'><strong>³⁸</strong></span> <span class='ocrx_word' id='word_1_881' title='bbox 1321 5586 1480 5652; x_wconf 82' lang='lat' dir='ltr'><strong>Marc.</strong></span> <span class='ocrx_word' id='word_1_882' title='bbox 1519 5609 1626 5660; x_wconf 74' lang='lat' dir='ltr'><strong>xxv,</strong></span> <span class='ocrx_word' id='word_1_883' title='bbox 1667 5591 1748 5659; x_wconf 89' lang='lat' dir='ltr'><strong>l0,</strong></span> <span class='ocrx_word' id='word_1_884' title='bbox 1782 5592 1865 5645; x_wconf 84' lang='lat' dir='ltr'><strong>ll.</strong></span> <span class='ocrx_word' id='word_1_885' title='bbox 1940 5589 1982 5643; x_wconf 68' lang='grc'><strong>³1</strong></span> 
     </span>
    </p>
   </div>
   <div class='ocr_carea' id='block_1_115' title="bbox 2138 5569 3615 5696">
    <p class='ocr_par' dir='ltr' id='par_1_115' title="bbox 2139 5579 3615 5686">
     <span class='ocr_line' id='line_1_115' title="bbox 2139 5579 3615 5686; baseline -0.008 -25"><span class='ocrx_word' id='word_1_886' title='bbox 2139 5629 2150 5642; x_wconf 90' lang='grc'><strong>·</strong></span> <span class='ocrx_word' id='word_1_887' title='bbox 2189 5605 2329 5657; x_wconf 64' lang='grc' dir='ltr'><strong>³³η»</strong></span> <span class='ocrx_word' id='word_1_888' title='bbox 2361 5593 2488 5686; x_wconf 45' lang='grc' dir='ltr'><strong>δι’δο</strong></span> <span class='ocrx_word' id='word_1_889' title='bbox 2602 5600 2644 5630; x_wconf 70' lang='grc'><strong>³⁸</strong></span> <span class='ocrx_word' id='word_1_890' title='bbox 2686 5598 2829 5656; x_wconf 81' lang='lat' dir='ltr'><strong>Psal.</strong></span> <span class='ocrx_word' id='word_1_891' title='bbox 2870 5619 2958 5670; x_wconf 86' lang='lat' dir='ltr'><strong>.\t.,</strong></span> <span class='ocrx_word' id='word_1_892' title='bbox 2998 5605 3043 5671; x_wconf 79' lang='lat'><strong>7,</strong></span> <span class='ocrx_word' id='word_1_893' title='bbox 3070 5606 3119 5660; x_wconf 90' lang='lat'><strong>8.</strong></span> <span class='ocrx_word' id='word_1_894' title='bbox 3164 5606 3201 5635; x_wconf 71' lang='grc'>³³</span> <span class='ocrx_word' id='word_1_895' title='bbox 3239 5600 3355 5656; x_wconf 84' lang='lat' dir='ltr'><strong>ibid.</strong></span> <span class='ocrx_word' id='word_1_896' title='bbox 3384 5596 3428 5650; x_wconf 88' lang='lat'><strong>9.</strong></span> <span class='ocrx_word' id='word_1_897' title='bbox 3458 5593 3493 5623; x_wconf 78' lang='lat'>&quot;</span> <span class='ocrx_word' id='word_1_898' title='bbox 3523 5579 3615 5640; x_wconf 55' lang='grc' dir='ltr'><strong>ἰδία·</strong></span> 
     </span>
    </p>
   </div>
  </div>
