3740 6326
65 395 181 450 719

1026 400 1666 468 DEMONSTRATIONIS
1702 412 2148 473 EVANGELIGA}
2187 418 2315 475 LIB.
2353 420 2418 475 Χ.

3187 429 3286 487 τεο

66 510 171 579 τὴν
207 508 569 602 πρόρρησιντ
621 511 721 602 τοῦ
754 513 811 566 δὲ
847 516 1090 589 Σωτῆρος
1118 522 1327 594 ὴμῶνή
1356 526 1421 577 ὲκ
1450 526 1624 596 νεκρῶ

1751 545 1811 585 se
1833 531 1903 585 ad
1925 532 2186 587 deteriora
2212 536 2498 601 convertit,
2520 544 2573 590 et
2601 540 2889 595 contrariis
2919 537 3083 593 rebus
3100 557 3222 597 eum
3244 559 3288 602 -ιι

68 599 389 660 ἀνάστασις
446 598 670 665 διέδειξε
722 608 836 666 τοῖς
863 608 1044 671 πᾶσιν,
1074 612 1219 675 ὅπως
1246 615 1303 665 ὲν
1333 614 1481 685 αὐτῷ
1510 616 1654 671 εὐδό-

69 705 249 759 κησεν
307 691 344 742 δ
391 690 622 760 Πατὴρ,
683 693 742 756 ὃς
799 697 894 749 καὶ
956 700 1116 763 αὐτὸς
1161 701 1397 757 διδάσκει
1446 704 1650 773 λέγων’

73 800 94 830 ι
139 779 415 849 Ἐλέησόν
450 797 541 851 με,
579 783 673 835 καὶ
714 784 1016 857 ἀνάστησόν
1054 807 1138 861 με,
1173 794 1266 845 καὶ
1299 795 1654 851 ἀνταποδώσω

67 873 288 930 αὐτοῖς.
329 871 418 924 Ἐν
456 870 638 942 τούτῳ
680 873 870 942 ἔγνων,
913 879 996 931 ὅτι
1041 882 1332 953 τεθέληκάς
1363 901 1450 954 με,
1482 887 1651 940 ὅτιού

71 961 148 1030 μὴ
179 962 434 1031 ὲπιχαρῇ
461 963 492 1014 ό
513 961 710 1034 ἐχθρός
744 981 842 1035 μου
874 969 958 1020 ἐπ’
987 971 1125 1040 ἐμοί.
1165 990 1183 1023 ι
1227 975 1442 1039 Τούτοις
1479 977 1654 1031 ἐπιλέ-

70 1067 196 1118 7a-
240 1071 261 1100 ι
309 1052 482 1121 Ἐμοῦ
535 1052 596 1104 δὲ
643 1053 731 1107 διά
757 1055 853 1126 τὴν
893 1060 1120 1115 ἀκακίαν
1157 1064 1464 1119 άντελάὸου.
1500 1084 1519 1117 ι
1545 1067 1653 1120 Kal.

67 1144 228 1212 τήρει
255 1157 326 1208 γε
352 1142 481 1194 τίνα
512 1144 715 1213 τρόπον
745 1147 891 1217 αὐτῷ
915 1148 992 1219 τῷ
1020 1150 1133 1220 Θεῷ
1159 1153 1253 1204 καὶ
1290 1154 1460 1225 Πατρὶ
1489 1155 1650 1208 αὑτοῦ

69 1232 168 1301 τὴν
220 1230 399 1301 εὐχὴν
460 1232 839 1304 ἀναπέμπων,
895 1240 988 1291 ἐπὶ
1048 1241 1279 1314 τοσαύτῃ
1345 1244 1648 1315 τεθάρῥηκε

72 1322 391 1392 παρρησίᾳ,
417 1322 499 1386 ὡς
527 1325 765 1379 ἀκακίαν
789 1328 961 1398 ἐαυτῷ
989 1336 1296 1403 μαρτυρεῖν,
1316 1335 1488 1388 καίτοι
1516 1338 1651 1388 ἀνω-

74 1409 217 1478 τέρω
240 1410 468 1479 φήσας·
506 1430 527 1462 ι
570 1414 752 1466 Ἰασαι
786 1417 883 1485 τὴν
929 1417 1100 1489 ψυχήν
1132 1437 1251 1489 μου,
1285 1423 1366 1474 ὅτι
1406 1424 1648 1495 ἦμαρτόν

76 1514 176 1550 σοι.
212 1517 234 1548 ι
286 1498 461 1552 Ἀλλὰ
491 1502 556 1553 τὸ
591 1502 711 1571 μὲν,
744 1523 764 1554 ι
792 1506 1032 1575 ἦμαρτόν
1066 1525 1166 1571 σοι,
1212 1529 1230 1560 ι
1256 1511 1441 1575 ὁποίας
1474 1512 1648 1583 ἔχεται

74 1586 323 1651 διανοίας.
372 1590 867 1662 προδιειλήφαμεν.
904 1597 1008 1648 Καὶ
1038 1600 1065 1650 ό
1092 1599 1376 1669 Σύμμαχος
1406 1602 1461 1654 δὲ
1490 1603 1650 1670 σαφέ-

79 1694 264 1750 στερον
297 1680 659 1751 παρέστησεν
697 1684 896 1737 εἰπών·
924 1705 943 1737 ι
976 1689 1150 1742 Ἴασαι
1185 1691 1286 1759 τὴν
1320 1691 1494 1761 ψυχήν
1524 1709 1644 1762 μου,

79 1770 169 1821 καὶ
228 1771 280 1821 εί
327 1771 593 1841 ἧμαρτόν
653 1788 772 1825 σοι·
814 1793 832 1824 ι
864 1775 892 1827 ὃ
919 1778 1010 1829 καὶ
1040 1778 1167 1830 αὐτὸ
1206 1779 1395 1847 λέγοιτ’
1425 1780 1489 1834 ἃν
1522 1785 1646 1852 περὶ

79 1858 181 1911 τῶν
211 1861 517 1931 ἡμετέρων
541 1864 969 1935 ἁμαρτημάτων,
991 1868 1129 1938 ἆπερ
1154 1870 1181 1920 ό
1206 1870 1388 1941 Σωτὴρ
1414 1872 1647 1925 καὶοΚύ-
1676 1860 1716 1914 Β

85 1966 189 2019 ριος
222 1951 389 2021 ἡμῶν
417 1955 505 2016 είς
562 1955 754 2007 ἑαυτὸν
790 1956 1083 2023 ἀνεδέξατο.
1133 1960 1205 2011 Τὸ
1231 1960 1311 2022 δὲ,
1345 1981 1363 2012 ι
1412 1964 1570 2033 Ἐμοῦ
1595 1965 1649 2018 δὲ

77 2037 160 2091 διά
175 2041 280 2110 τὴν
314 2042 569 2096 ἀκακίαν
594 2045 906 2107 ἀντελάόου,
929 2065 947 2097 ι
969 2047 1064 2117 τὴν
1077 2048 1140 2099 δι’
1172 2049 1288 2102 ὅλου
1311 2051 1650 2124 καθαρότητα

76 2127 174 2196 τῆς
203 2130 378 2183 αὐτοῦ
410 2132 636 2201 φύσεως
682 2135 994 2206 παρίστησι,
1032 2136 1099 2188 δι’
1141 2138 1204 2207 ἣν
1229 2141 1319 2191 καὶ
1343 2142 1401 2193 τὸ
1445 2142 1649 2213 ἑδραῖον

79 2223 165 2272 καὶ
190 2222 461 2276 ἄσειστον
498 2226 599 2295 τῆς
625 2225 790 2293 ζωῆς,
813 2228 903 2279 καὶ⁸
933 2227 1032 2296 τῆς
1068 2229 1201 2298 μετά
1240 2231 1334 2301 τὴν
1368 2232 1651 2288 ἀνάστασιν

79 2309 233 2363 αὐτοῦ
263 2327 418 2382 σωτη
430 2312 556 2383 ρίας
602 2313 864 2368 διδάσκων
896 2318 1129 2384 ἐπιλέγει
1150 2336 1164 2349 ο
1197 2339 1214 2370 ι
1254 2321 1359 2373 Καὶ
1400 2321 1648 2376 ἐϐεϐαίω-

84 2401 172 2463 σάς
201 2419 268 2471 με
297 2402 544 2456 ἐνώπιόν
573 2421 669 2458 σου
715 2408 793 2469 είς
829 2407 918 2459 τὸν
938 2408 1136 2462 αἰῶνα⁸
1171 2429 1189 2460 ι
1210 2410 1264 2480 ἢ,
1296 2430 1313 2461 ι
1341 2412 1448 2464 Καὶ
1479 2431 1647 2485 παρα-

82 2492 288 2560 στήσεις
345 2510 421 2564 με
483 2493 793 2565 ἔμπροσθέν
850 2513 941 2549 σου
986 2497 1053 2543 δι’
1106 2502 1309 2563 αίῶνος,
1341 2519 1359 2552 ι
1392 2503 1530 2557 κατὰ
1554 2504 1644 2557 τὸν

82 2581 391 2653 Σύμμαχον.

1749 636 1860 689 quo
1876 622 2185 691 jnvabatur,
2226 632 2279 680 et
2305 626 2565 681 beneficia
2593 626 2859 695 capiebat,
2893 633 3281 689 remuneravit.

1747 713 1817 767 At
1875 727 2004 769 vero
2053 715 2305 784 quoniam
2358 716 2563 769 inimici
2633 716 2947 774 insidiantes
3011 719 3280 790 dicebant,

1754 823 1774 856 ι
1797 806 2010 875 quando
2041 807 2317 869 morietur,
2342 814 2394 860 et
2421 806 2615 875 peribit
2639 822 2835 862 nomen
2856 809 3023 878 ejus?
3056 831 3074 863 ι
3098 819 3152 867 et
3180 828 3282 883 pu-

1747 895 1932 949 tabant
1966 904 2139 951 morte
2181 898 2412 966 sopitum
2461 912 2569 951 non
2629 898 2860 967 amplius
2889 896 3287 969 surrecturum,

1749 983 1951 1038 idcirco
1972 985 2087 1054 ipse
2120 984 2365 1038 Salvator
2392 1001 2453 1039 ac
2491 985 2746 1040 Dominus
2781 984 2942 1057 470
2983 998 3168 1045 noster
3193 992 3281 1048 his

1748 1074 1969 1128 adversa
1998 1083 2267 1143 precatur,
2296 1083 2347 1129 et
2366 1075 2647 1130 reditionis
2673 1076 2740 1129 ad
2772 1077 2936 1131 vitam
2963 1079 3081 1133 sine
3106 1081 3280 1151 impe-

1746 1165 1983 1218 dimento
2023 1179 2080 1217 se
2109 1174 2403 1233 compotem
2439 1166 2551 1220 ﬁeri
2582 1164 2795 1221 Patrem
2831 1183 2988 1222 suum
3032 1180 3168 1233 orat,
3197 1171 3283 1227 di-

1744 1268 1910 1307 cens:
1944 1272 1963 1303 ι
1997 1253 2075 1307 Tu
2099 1263 2294 1317 autem,
2326 1255 2565 1319 Domine,
2602 1256 2853 1313 miserere
2894 1259 3022 1323 mei,
3058 1269 3111 1315 et
3159 1255 3290 1316 sus-4

1745 1342 1850 1395 cita
1875 1357 1977 1405 me,
2012 1351 2063 1397 et
2087 1345 2374 1399 retribuam
2410 1346 2508 1401 eis.
2540 1346 2597 1401 ln
2629 1348 2731 1404 hoc
2761 1350 2986 1419 cognovi
3011 1349 3152 1419 quod
3189 1365 3282 1405 vo-

1745 1431 1891 1485 luisti
1926 1448 2029 1496 me,
2058 1435 2200 1502 quod
2232 1451 2337 1488 non
2369 1437 2624 1504 gaudebit
2646 1438 2898 1494 inimicus
2935 1455 3089 1496 meus
3118 1456 3284 1511 super

1744 1537 1829 1574 me
1851 1521 1915 1576 δ’.
1956 1542 1974 1574 ι
2015 1522 2078 1575 Et
2106 1540 2235 1580 sane
2264 1526 2407 1580 haud
2441 1528 2731 1583 obscurum
2762 1538 2867 1594 est,
2898 1545 3055 1600 quem
3082 1532 3136 1585 in
3164 1547 3283 1587 mo-

1743 1613 1870 1666 dum
1901 1622 2182 1683 postquam
2210 1631 2240 1669 a
2268 1619 2492 1673 mortuis
2521 1619 2700 1681 rediit,
2726 1622 2996 1692 evestigio
3016 1638 3188 1693 neque
3207 1623 3281 1677 ita

1742 1703 1911 1755 multo
1933 1712 2073 1773 post,
2092 1720 2185 1760 eos
2217 1706 2307 1776 qui
2330 1707 2406 1761 illi
2454 1710 2680 1764 insidias
2710 1717 3021 1767 struxerant
3048 1713 3283 1769 retribuo-

1744 1794 1821 1848 tio
1850 1795 1958 1848 ulta
1998 1795 2087 1862 sit,
2119 1804 2284 1866 utque
2334 1812 2416 1861 ea,
2442 1814 2561 1868 qua:
2596 1800 2714 1855 vitae
2757 1801 2875 1870 ejus
2908 1802 3124 1856 inimica
3165 1809 3282 1858 erat

1744 1896 1910 1946 mors,
1960 1884 2031 1938 sit
2077 1886 2280 1954 pudore
2323 1887 2571 1954 confusa,
2623 1890 2756 1944 adeo
2815 1890 2906 1945 illa
2953 1891 3168 1962 quidem
3220 1900 3282 1947 ut

1745 1975 1899 2046 quasi
1931 1975 2184 2043 probrum
2214 1977 2262 2031 ei
2310 1977 2627 2045 objicientes
2657 1980 2897 2037 dicerent
2932 2000 2946 2036 :
2986 2001 3005 2032 ι
3043 1981 3145 2036 Ubi
3174 1990 3277 2047 est,

1745 2077 1911 2126 mors,
1945 2065 2193 2119 stimulus
2212 2068 2369 2121 tuus?
2390 2069 2480 2121 ubi
2501 2078 2604 2132 est,
2625 2086 2789 2135 mors,
2808 2072 3034 2126 victoria
3061 2080 3149 2124 tua
3168 2070 3274 2125 ιιι»

1745 2152 2026 2218 Cmterum,
2057 2155 2103 2209 si
2131 2156 2253 2224 quis
2298 2156 2552 2212 historias
2599 2168 2839 2229 tempora
2892 2168 3012 2231 post
3059 2160 3278 2215 reditio-

1746 2259 1866 2297 nem
1906 2245 1972 2298 ad
2002 2245 2165 2299 vitam
2199 2245 2491 2304 Salvatoris
2524 2252 2696 2304 nostri
2741 2253 3070 2320 complexes.
3099 2266 3218 2320 qua:
3247 2265 3280 2303 a

1745 2330 1978 2402 Josepho
2016 2322 2330 2404 conscriptae
2372 2337 2502 2400 sint,
2547 2340 2823 2398 evolverit.
2884 2339 3038 2394 facile
3081 2338 3281 2393 videbit

1746 2435 1985 2488 quaenam
2009 2422 2343 2478 calamitates
2385 2423 2660 2479 Iudaicam
2692 2434 2903 2496 gentem
2949 2435 3108 2496 atque
3158 2425 3279 2493 ejus

1744 2512 2011 2581 principes
2040 2514 2334 2569 invaserint
2353 2555 2367 2579 ,
2399 2523 2558 2585 atque
2586 2516 2888 2579 alllixerint,
2917 2519 2971 2571 in
3002 2533 3137 2587 quas
3167 2531 3281 2570 me-

1744 2600 1848 2653 rito
1887 2601 1960 2654 illi
2001 2602 2326 2667 inciderunt,
2353 2613 2410 2658 ut
2454 2606 2673 2661 sceleris
2700 2607 2841 2675 quod
2894 2606 2948 2660 in
3003 2607 3153 2660 illum
3185 2621 3279 2675 pa-

79 2677 351 2726 traverant
384 2673 620 2741 praemia
668 2672 828 2743 digna
872 2675 1174 2744 reciperent
1201 2695 1215 2732 :
1242 2688 1295 2733 et
1327 2678 1440 2734 haec
1483 2682 1696 2749 quidem
1735 2688 1914 2741 omnia
1961 2689 2218 2745 adversus
2247 2692 2366 2746 illos
2414 2694 2677 2762 completa
2719 2672 2870 2756 sunt,
2921 2703 2979 2748 ut
3003 2672 3279 2748 oraculum

83 2764 422 2833 praedixerat.
476 2762 779 2820 Salvatoris
822 2774 997 2821 autem
1038 2770 1209 2823 nostri
1260 2770 1326 2825 de
1366 2781 1535 2827 morte
1570 2773 1634 2826 ad
1670 2776 1831 2828 vitam
1880 2778 2070 2831 reditio
2125 2781 2280 2848 plane
2313 2783 2563 2837 omnibus
2593 2785 2996 2846 demonstravit,
3017 2795 3278 2854 quantum

82 2854 177 2907 sibi
205 2853 371 2910 Pater
407 2854 471 2908 in
521 2854 617 2909 illo
660 2855 944 2925 placuerit,
977 2873 1136 2926 quam
1182 2861 1395 2928 quidem
1442 2876 1553 2915 rem
1601 2863 1714 2931 ipse
1749 2865 2002 2928 ostendit,
2036 2867 2262 2923 dicens:
2299 2888 2317 2919 ι
2349 2869 2603 2926 Miserere
2634 2873 2759 2934 mei,
2787 2880 2840 2926 et
2865 2853 3067 2927 suscita
3091 2890 3196 2935 me,
3223 2883 3278 2928 et

85 2947 371 3000 retribuam
434 2945 542 3001 eis.
590 2944 653 2999 In
700 2947 802 3001 hoc
846 2950 1072 3018 cognovi
1112 2953 1253 3021 quod
1315 2952 1528 3007 voluisti
1575 2970 1679 3017 me,
1739 2956 1880 3024 quod
1933 2974 2039 3011 non
2092 2961 2338 3029 gaudebit
2402 2961 2651 3018 inimicus
2708 2979 2857 3018 meus
2900 2979 3061 3032 super
3113 2979 3213 3018 me.
3252 2983 3272 3017 ι

84 3032 273 3090 Deinde
304 3035 613 3106 adjungit:
653 3054 673 3088 ι
716 3035 799 3090 Me
827 3045 1002 3093 autem
1030 3050 1247 3109 propter
1273 3043 1632 3098 innocentiam
1673 3049 1977 3116 suscepisti.
2006 3069 2023 3102 ι
2058 3051 2286 3106 Attende
2327 3059 2503 3125 autem
2539 3068 2773 3122 quonam
2826 3065 2982 3123 pacto
3012 3055 3115 3125 ipsi
3168 3053 3277 3110 Deo

83 3135 131 3181 et
164 3126 308 3182 Patri
358 3143 471 3183 suo
529 3127 868 3203 supplicans,
912 3138 1060 3184 tanta
1107 3139 1290 3188 utatur
1338 3135 1583 3192 libertate
1630 3138 1899 3207 loquendi,
1949 3151 2008 3196 ut
2060 3144 2161 3197 sibi
2206 3144 2309 3213 ipsi
2354 3144 2672 3200 innocentia:
2718 3146 3080 3202 testimonium
3127 3148 3277 3203 exhi-

86 3213 217 3276 beat,
264 3214 495 3271 tametsi
545 3216 799 3285 superius
851 3218 989 3272 dixit
1019 3238 1073 3272 ιι
1100 3218 1239 3274 Sana
1288 3222 1517 3277 animam
1553 3241 1744 3293 meam,
1783 3230 1910 3298 quia
1939 3232 2152 3298 peccavi
2186 3233 2303 3286 tibi.
2335 3252 2355 3285 ι
2396 3231 2499 3288 Sed
2547 3233 2676 3287 illud
2722 3234 2958 3303 quidem,
2987 3254 3005 3286 ι
3061 3241 3274 3306 peccavi

86 3306 192 3367 tibi,
226 3322 271 3363 ι,
299 3321 417 3375 quo
445 3320 618 3361 sensu
661 3307 733 3360 sit
779 3308 1185 3377 accipiendum,’
1210 3320 1364 3367 antea
1420 3316 1634 3384 planum
1673 3316 1917 3384 fecimus,
1949 3320 2091 3388 quod
2151 3319 2502 3393 Symmachus
2543 3325 2780 3394 apertius
2826 3328 3093 3393 exposuit,
3151 3342 3273 3382 cum

88 3393 209 3455 dixit
244 3414 259 3449 :
296 3414 317 3449 ι
348 3395 503 3450 Sana
549 3396 787 3453 animam
820 3414 1020 3463 meam,
1050 3401 1154 3456 etsi
1182 3404 1397 3471 peccavi
1440 3405 1535 3458 tibi
1568 3424 1579 3458 :
1619 3425 1637 3457 ι
1674 3408 1815 3476 quod
1848 3424 1976 3464 sane
2000 3411 2173 3479 ipsum
2207 3413 2366 3467 etiam
2399 3413 2465 3468 de
2517 3416 2748 3483 peccatis
2788 3418 2990 3473 nostris
3016 3418 3121 3473 dici
3176 3432 3273 3486 po-

86 3490 200 3549 test,
233 3499 357 3553 quae
392 3481 655 3538 Salvator
703 3500 768 3540 ac
814 3485 1071 3543 Dominus
1104 3500 1283 3545 noster
1324 3492 1381 3545 in
1425 3493 1655 3560 seipsum
1695 3499 1946 3565 suscepit.
1997 3497 2127 3552 Illud
2161 3510 2337 3554 autem
2378 3521 2390 3555 :
2428 3521 2445 3551 ι
2481 3481 2563 3557 Me
2615 3512 2789 3560 autem
2834 3514 3044 3574 propter
3096 3481 3252 3559 inno-

87 3578 304 3627 centiam
369 3572 697 3642 suscepisti,
756 3593 775 3626 ι
831 3575 1119 3643 puritatem
1175 3585 1381 3634 natura
1431 3581 1620 3648 ipsius,
1673 3597 1830 3650 quam
1882 3591 2047 3639 totam
2094 3587 2419 3655 possidebat,
2455 3588 2803 3652 demonstrat,
2833 3572 2899 3644 ex
2928 3572 3030 3659 qua
3058 3593 3261 3659 puritao

90 3668 135 3714 te
199 3662 374 3715 vitam
447 3677 674 3732 quoque
716 3670 771 3718 et
811 3666 1035 3721 salutem
1075 3668 1319 3723 stabilem
1370 3678 1529 3739 atque
1566 3673 1937 3730 inconcussam
2000 3685 2119 3747 post
2167 3679 2393 3733 reditum
2447 3680 2616 3749 ipsius
2662 3680 2729 3734 ad
2776 3681 2937 3733 vitam
3002 3696 3271 3751 exponens

88 3752 319 3822 adjungit
353 3770 368 3806 :
406 3769 429 3803 ι
472 3750 545 3806 Et
574 3752 912 3809 conﬁrmasti
943 3771 1029 3811 me
1056 3756 1113 3810 in
1144 3768 1435 3827 conspectu
1467 3770 1557 3815 tuo
1584 3762 1638 3816 in
1672 3771 1949 3830 aeternum,
1983 3787 2002 3819 ι
2065 3775 2159 3822 aut
2204 3769 2358 3823 aliter
2392 3787 2406 3825 :
2446 3787 2466 3820 ι
2501 3768 2566 3822 Ει
2597 3770 2891 3825 constitues
2923 3786 3008 3825 me
3050 3750 3173 3826 ante
3203 3781 3259 3827 te

84 3843 135 3903 in
155 3859 444 3915 aternum,
476 3870 498 3904 ο
537 3840 600 3905 ut
626 3849 1014 3918 interpretatus
1044 3855 1127 3903 est
1158 3847 1531 3918 Symmachus.

96 3960 217 4040 Ἇπρ
242 3963 351 4043 toi?
797 3989 868 4000 ——
887 3961 1162 4043 τετιμξρί
1186 3958 1306 4039 τοῦ.
1318 3960 1517 4021 Ἰούδα,
1538 3962 1625 4043 καί

1745 3962 1886 4033 ΕῚῙ
1911 3963 1952 4015 Α
1979 3962 2182 4043 psalmo
2211 3980 2315 4019 le.
2345 3965 2575 4043 -:_Item
2621 3966 2683 4021 de
2723 3965 2865 4043 Inda
2894 3977 2947 4043 et
2988 3971 3051 4024 de
3089 3971 3153 4025 iis
3181 3974 3272 4043 qui

146 4030 258 4083 τῶν
277 4028 405 4085 miri
428 4028 598 4094 αὐτῷ
624 4029 739 4095 τὴν
766 4028 913 4081 κατὰ
943 4028 1045 4082 τοῦ
1059 4028 1309 4096 Χριστοῦ
1328 4030 1637 4097 συσκευὴν

146 4098 593 4168 πεποιημένων.

151 4228 171 4259 ι
214 4210 531 4275 Ἐνώτισαι,
555 4212 584 4263 ό
608 4209 759 4273 Θεὸς,
789 4208 888 4278 τὴν
930 4208 1225 4279 προσευχήν
1257 4226 1379 4278 μου,
1427 4209 1519 4262 καὶ
1567 4208 1638 4279 μὴ

85 4296 333 4369 ὑπερίδῃς
394 4298 497 4369 τὴν
552 4297 734 4368 δέησίν
773 4312 896 4367 μου.
953 4297 1190 4368 Πρόσχες
1226 4315 1333 4367 μοι,
1385 4299 1477 4351 καὶ
1531 4301 1640 4351 εἱσ-

83 4386 306 4442 άκουσόν
372 4406 499 4459 μου.
532 4385 841 4456 Ἐλυπήθην
882 4388 938 4439 ὲν
971 4389 1035 4456 τῇ
1091 4386 1365 4457 ἀδολεσχίᾳ
1405 4404 1522 4458 μου,
1549 4389 1639 4440 xal.

83 4477 381 4549 ἐταράχθην
446 4478 559 4532 ἀπὸ
618 4476 800 4545 φωνῆς
849 4475 1059 4547 ἐχθροῦ,
1122 4477 1212 4529 καὶ
1260 4478 1367 4530 ἀπὸ
1416 4477 1638 4546 θλίψεως

84 4566 435 4636 ἀμαρωλοῦ·
479 4569 564 4621 ὅτι
616 4566 890 4630 ἐξέκλιναν
921 4567 1004 4618 ἐπ’
1036 4566 1133 4635 ἐμὲ
1180 4566 1422 4636 ἀνομίαν,
1460 4568 1552 4619 καὶ
1582 4569 1637 4618 ὲν

82 4655 207 4725 ὀργῇ
262 4658 553 4711 ἑνεκότουν
610 4672 720 4725 μοι.
788 4655 852 4707 Ἠ
902 4654 1093 4725 καρδία
1134 4672 1232 4725 μου
1273 4655 1540 4726 ἐταράχθη
1582 4658 1638 4708 ὲν

83 4743 217 4812 ἐμοὶ,
271 4748 370 4800 καὶ
428 4745 604 4801 δειλία
658 4744 885 4798 θανάτου
931 4743 1189 4797 ἐπέπεσεν
1222 4746 1308 4797 ἐπ’
1339 4744 1638 4815 ὲμὲ.Φὸὁος

85 4836 171 4887 καὶ
198 4837 409 4905 τρόμος
438 4833 606 4906 ἦλθεν
629 4834 716 4886 ἐπ’
748 4833 868 4902 ἐμὲ,
898 4833 992 4885 καὶ
1017 4831 1247 4901 ὲκάλυψέ
1286 4850 1352 4904 με
1384 4834 1587 4898 σκότος,
1613 4852 1631 4884 ι

85 4923 172 4974 καὶ
195 4923 263 4977 τά
297 4926 465 4994 ἑξῆς·
506 4920 591 4988 οἷς
626 4922 897 4991 ἐπιλέγειο
933 4940 952 4973 ι
997 4921 1415 4987 Καταπόντισον,
1448 4922 1635 4992 Κύριε,

88 5015 170 5066 καὶ
192 5019 478 5072 καταδίελε
502 5017 603 5081 τάς
631 5014 879 5084 γλώσσας
910 5013 1082 5067 αὐτῶν
1100 5030 1114 5044 ·
1144 5013 1225 5067 ὅτι
1251 5008 1386 5066 εῐδον
1417 5013 1637 5082 ἀνομίαν

89 5103 175 5154 καὶ
211 5105 526 5173 ἀντιλογίαν
562 5105 622 5157 ἐν
648 5106 715 5173 τῇ
739 5101 908 5155 πόλει.
948 5100 1183 5170 ’Ἡμέρας
1217 5100 1309 5153 καὶ
1334 5100 1518 5163 νυκτὸς
1541 5119 1636 5154 κυ-

93 5190 277 5245 κλώσει
331 5193 503 5265 αὐτὴν
549 5192 647 5246 ἐπὶ
674 5190 745 5244 τά
773 5191 926 5260 τείχη
964 5189 1147 5259 αὐτῆς,
1184 5190 1275 5243 καὶ
1319 5188 1511 5258 ἀνομία
1547 5191 1637 5243 καὶ

92 5279 247 5344 κόπος
279 5282 339 5335 ὲν
366 5283 518 5353 μέσῳ
545 5280 851 5350 adﬂigant
892 5279 1099 5332 ἀδικίαο
1140 5280 1232 5331 καὶ
1272 5279 1370 5331 οὐκ
1400 5276 1641 5341 ἐξέλιπεν

98 5366 156 5419 ὲκ
178 5371 285 5425 τῶν
326 5371 604 5425 πλατειῶν
657 5369 829 5437 αὐτῆς
863 5367 1017 5430 τόκος
1069 5368 1162 5421 καὶ
1194 5367 1357 5429 δόλος.
1402 5368 1539 5434 Ὅτι,
1589 5372 1635 5423 εί

99 5456 275 5528 ἐχθρὸς
318 5460 567 5515 ὠνείδισέ
612 5476 707 5529 με,
753 5457 1026 5525 ὑπήνεγκα
1073 5456 1157 5509 ἄν.
1202 5457 1264 5508 Et
1300 5456 1328 5506 ό
1362 5455 1530 5524 μισῶν
1568 5475 1634 5528 με

105 5545 180 5599 ἔπ’
209 5549 304 5620 ne
336 5545 944 5621 ὲμεγαλορρημόνησεν,
980 5544 1211 5615 ὲκρύὸην
1242 5544 1306 5598 ἂν
1336 5545 1421 5596 ἐπ’
1452 5546 1609 5599 αὐτοῦ

1805 4049 1920 4083 cum
1959 4048 2016 4085 eo
2074 4031 2317 4086 adversus
2368 4031 2632 4089 Christum
2688 4036 3095 4104 conjurationem
3130 4031 3267 4109 [ece-

1804 4110 1942 4153 runt.

1811 4232 1829 4264 c
1869 4212 2103 4269 Auribus
2135 4215 2369 4284 percipe,
2399 4212 2563 4278 Deus,
2587 4216 2883 4290 orationem
2904 4233 3097 4283 meam,
3128 4229 3275 4276 etne

1736 4301 2042 4370 despexeris
2069 4303 2495 4372 deprecationem
2540 4319 2735 4361 meam.
2779 4305 2978 4361 Praesta
3007 4314 3272 4363 attentum

1736 4397 1788 4444 te
1810 4391 1960 4455 mihi,
1995 4399 2048 4446 et
2089 4392 2283 4446 exaudi
2329 4408 2434 4449 me.
2469 4394 2832 4451 Contristatus
2864 4412 2982 4452 sum
3015 4398 3070 4450 in
3102 4413 3271 4468 nuga-

1734 4481 1877 4534 tione
1912 4496 2051 4547 mea,
2079 4489 2131 4537 et
2151 4483 2501 4539 conturbatus
2530 4500 2648 4539 sum
2682 4501 2712 4539 a
2743 4502 2869 4542 voce
2905 4487 3128 4550 inimici,
3149 4499 3198 4542 et
3236 4503 3273 4542 a

1735 4570 2075 4625 tribulatione
2101 4576 2432 4641 peccatoris:
2479 4579 2733 4647 quoniam
2786 4580 3186 4632 declinaverunt
3211 4580 3267 4632 in

1735 4671 1818 4710 me
1844 4656 2198 4725 iniquitatem,
2222 4668 2275 4714 et
2318 4662 2372 4715 in
2405 4663 2484 4717 ira
2532 4664 2743 4718 molesti
2789 4674 2942 4719 erant
2973 4665 3122 4718 mihi.
3158 4665 3268 4719 Cor

1735 4760 1909 4799 meum
1928 4749 2302 4803 conturbatum
2327 4759 2405 4805 est
2432 4753 2485 4805 in
2510 4768 2612 4815 me,
2633 4761 2687 4805 et
2716 4752 2942 4807 formido
2968 4754 3157 4807 mortis
3177 4768 3265 4807 ce-

1734 4834 1863 4888 cidit
1893 4849 2054 4903 super
2081 4851 2183 4890 me.
2214 4837 2395 4893 Timor
2418 4847 2470 4894 et
2492 4847 2690 4895 tremor
2704 4847 2965 4896 venerunt
2985 4855 3146 4908 super
3161 4858 3271 4907 me,

1734 4929 1786 4976 et
1812 4929 2161 4977 contexerunt
2198 4940 2285 4979 me
2313 4928 2544 4982 tenebra:
2566 4929 2635 4991 ⁸⁵,
2664 4948 2681 4979 ι
2713 4940 2766 4983 et
2805 4944 2922 4998 quae
2942 4939 3273 4996 sequnntur,.

1734 5013 1928 5081 quibus
1961 5011 2234 5083 adjungit:
2273 5032 2293 5064 ι
2340 5014 2637 5085 Praecipita,
2692 5016 2933 5079 Domine,
2990 5024 3042 5069 et
3092 5018 3270 5074 divide

1734 5101 1941 5169 linguas
1963 5114 2147 5153 eorum
2175 5102 2461 5170 :quoniam
2477 5103 2582 5157 vidi
2613 5103 2947 5172 iniquitatem
2972 5112 3025 5157 et
3051 5114 3285 5158 contra-»

1734 5188 2021 5243 dictionem
2055 5189 2108 5242 in
2127 5190 2360 5244 civitate.
2379 5191 2471 5246 Die
2498 5207 2561 5245 ac
2583 5201 2740 5247 nocte
2766 5193 3127 5249 circumdabit
3153 5210 3282 5249 eam

1736 5294 1896 5348 super
1921 5294 2104 5334 muros
2130 5280 2266 5348 ejus,
2295 5290 2348 5335 et
2399 5281 2653 5352 iniquitas
2702 5291 2755 5339 et
2806 5284 2961 5337 labor
3009 5282 3066 5334 in
3100 5284 3287 5337 medio

1737 5371 1855 5440 ejus
1876 5378 1930 5424 et
1966 5369 2226 5438 injustitia
2260 5389 2273 5425 :
2307 5378 2361 5427 et
2390 5387 2497 5426 non
2546 5372 2742 5427 defecit
2789 5373 2855 5428 de
2907 5370 3110 5442 plateis
3165 5372 3291 5441 ejus

1738 5475 1902 5514 usura
1930 5468 1983 5515 et
1998 5460 2172 5515 dolus.
2202 5459 2462 5526 Quoniam
2493 5461 2539 5516 si
2572 5462 2820 5518 inimicus
2853 5461 3067 5532 probro
3092 5473 3186 5512 me
3214 5459 3290 5511 af-

1736 5547 1967 5612 fecisset,
2002 5549 2377 5607 sustinuissem
2412 5550 2612 5622 utique.
2673 5549 2737 5606 Et
2786 5552 2832 5608 si
2884 5550 2937 5605 is
2976 5546 3072 5617 qui
3101 5545 3301 5599 oderat

169 5718 213 5753 “
245 5720 390 5779 Psal.
415 5738 511 5798 at,
554 5719 643 5785 Η,
685 5715 777 5771 i2.
850 5715 891 5749 ”
925 5715 946 5769 Ι
977 5717 1097 5773 Cor.
1131 5733 1230 5786 xv,
1263 5717 1345 5772 55.
1423 5718 1465 5753 “
1499 5717 1644 5777 Psal.
1678 5736 1785 5791 Liv,
1828 5720 1941 5775 2-6.
