3740 6346
471 356 569 411 ’131

1049 353 1312 409 EUSEBII
1345 352 1812 410 CESARIENSIS
1848 350 1998 407 OPP.
2037 349 2212 405 PARS
2249 351 2313 406 ll.
2348 379 2421 392 ——
2455 348 2983 406 APOLOGETICA.
3636 348 3699 404 ’ΒΣ

468 478 578 524 ne,
609 474 768 528 super
794 475 879 514 me
904 475 1094 530 magna
1120 462 1329 516 locutus
1359 461 1567 524 fuisset,
1596 461 1945 516 abscondisse

2218 460 2293 523 δὲ,
2341 460 2585 529 ἄνθρωπε
2633 460 2893 530 ίσόψυχε,
2939 451 3225 527 ἡγεμών
3280 465 3420 519 μδου
3459 458 3692 523 ulmis-:1

471 566 556 605 me
578 548 802 603 forsitan
851 549 917 601 ab
941 563 1022 603 eo.
1056 549 1134 603 Tu
1162 566 1288 605 vero
1313 551 1472 603 homo
1493 551 1781 613 unanimis,
1805 558 1859 603 et
1889 549 1998 603 dux

470 648 642 698 meus,
673 644 725 689 et
748 643 908 690 notus
939 652 1126 691 meus:
1160 639 1251 705 qui
1282 641 1336 690 in
1356 637 1494 690 idem
1521 637 1706 690 dulces
1728 651 1999 704 compara-

468 725 565 777 bas
615 722 745 775 mihi
790 723 958 778 cibos.
1014 724 1070 776 ln
1103 725 1259 777 domo
1304 723 1396 776 Dei
1439 725 1829 779 ambulavimus
1873 739 1996 778 cum

468 823 735 866 consensu
762 812 828 865 ".
867 830 886 861 ι
924 812 995 863 Ex
1025 813 1109 866 bis
1150 813 1309 880 igitur
1358 812 1485 864 illud
1521 830 1536 866 :
1572 829 1591 862 ι
1638 811 1694 865 Si
1749 814 1998 868 inimicus

464 898 666 962 probro
686 912 769 950 me
798 897 1080 963 affecisset,
1110 899 1484 952 sustinuisscm
1512 899 1715 967 utique.
1756 899 1822 952 Et
1866 901 1913 955 si
1951 901 1998 956 is

469 986 560 1053 qui
585 984 772 1037 oderat
806 1000 907 1046 me,
951 1002 1109 1052 super
1153 1002 1237 1039 me
1291 1002 1483 1055 magna
1536 988 1745 1042 locutus
1784 988 1994 1053 fuisset,

469 1073 866 1128 abscondissem
927 1089 1010 1127 me
1042 1074 1264 1129 forsitan
1316 1077 1383 1129 ab
1427 1091 1510 1130 eo.
1574 1075 1652 1130 Tu
1683 1093 1807 1132 vero
1840 1079 2000 1133 homo

470 1164 758 1227 unanimis,
781 1173 833 1217 et
853 1164 960 1216 dux
990 1179 1157 1226 meus,
1190 1174 1242 1218 et
1271 1177 1429 1220 notus
1459 1182 1629 1229 meus,
1650 1168 1741 1236 qui
1774 1169 1831 1220 in
1860 1169 1998 1222 idem

473 1251 656 1306 dulces
688 1255 1037 1321 comparabas
1078 1255 1204 1305 mihi
1244 1255 1413 1317 cibos,
1455 1273 1473 1305 ι
1529 1256 1703 1310 simile
1742 1265 1823 1311 est
1872 1258 1945 1310 illi
1980 1278 1995 1312 :

477 1358 497 1392 ι
542 1342 746 1394 Etenim
789 1342 946 1394 homo
995 1343 1143 1410 pacis
1198 1358 1346 1404 meae,
1390 1346 1441 1396 in
1484 1360 1589 1414 quo
1643 1348 1875 1414 speravi,
1906 1349 1998 1416 qui

470 1430 660 1484 edebat
687 1446 849 1498 panes
872 1447 1037 1494 meos,
1072 1432 1424 1500 magnificavit
1446 1450 1604 1503 super
1627 1451 1709 1489 me
1740 1438 1998 1505 supplan-

472 1518 724 1569 tationem
755 1518 799 1547 “
830 1538 842 1570 :
876 1539 894 1569 ι
932 1519 1070 1587 quod
1104 1535 1221 1571 cum
1247 1522 1310 1574 de
1340 1521 1474 1575 Juda
1507 1523 1577 1576 sit
1606 1524 1995 1591 accipiendum,

473 1605 527 1657 in
552 1607 813 1673 superiori
856 1608 1132 1675 prapbelia
1159 1610 1388 1676 positum
1420 1618 1520 1665 est.
1552 1610 1619 1664 Ut
1648 1627 1773 1681 ergo
1806 1614 1857 1665 in
1905 1614 1999 1666 illo

472 1693 764 1756 dicebatur,
792 1697 949 1749 homo
982 1699 1129 1765 pacis
1163 1700 1446 1767 aliquando
1475 1700 1639 1756 fuisse
1658 1741 1672 1765 ,
1706 1703 1796 1771 qui
1825 1719 1997 1771 quon-

2103 565 2225 617 μου,
2256 548 2312 610 ὃς
2335 549 2425 600 ἐπὶ
2445 548 2504 600 τὸ
2530 549 2653 601 αὐτὸ
2702 545 3052 615 ἐγλύκανάς
3084 557 3201 612 μοι
3247 538 3577 611 ἐδέσματι-
3595 548 3642 601 ἐν
3661 552 3699 619 τῇ

2096 637 2228 704 οἴκῳ
2277 636 2369 689 τοῦ
2402 636 2532 689 Θεοῦ
2578 636 2977 706 ἐπορεύθημεν
3028 634 3103 683 ἐν
3141 630 3447 699 ὁμονεὶίᾳ.
3480 650 3498 683 ι
3531 634 3610 699 Τὸ,
3631 640 3694 691 ιΕ

2100 723 2285 793 ἐχθρὸς
2307 723 2541 775 ὠνείδισέ
2575 739 2661 792 με,
2687 723 3000 791 ὑπήνεγκα
3035 718 3145 781 ἂν,
3200 733 3228 765 ι
3266 717 3402 768 καὶ
3424 736 3444 767 ι
3470 719 3572 773 Είδ
3595 726 3705 791 tua?»

2104 830 2169 883 με
2193 815 2279 865 ἐπ’
2313 814 2412 883 ἐμὲ
2458 809 3104 883 ὲμεγαλορῤημόνησεν,
3146 804 3333 873 ἐκρύ
3354 807 3453 877 δην
3472 809 3532 862 ἂν
3561 812 3631 863 ἐπ’
3650 819 3694 868 αὑ

2098 904 2211 957 τοῦ.
2237 905 2307 957 Σὺ
2337 904 2413 965 δὲ,
2444 903 2693 973 ἄνθρωπε
2741 900 3013 969 ίσὰψυχε,
3059 892 3372 967 ἡγεμώἻ
3402 914 3497 966 μου
3522 902 3707 971 καὶῃω

2102 993 2194 1046 στέ
2226 1010 2345 1063 μου,
2377 993 2436 1055 ὃς
2475 993 2569 1045 ἐπὶ
2609 992 2671 1045 τὸ
2696 991 2835 1043 αὐτὸ
2866 986 3237 1056 ἐγλύκανάς
3284 1000 3412 1052 μοι
3439 989 3708 1059 ἐδέσματα,ι

2100 1082 2275 1151 ὅμοιόν
2335 1083 2450 1134 ἐστι
2482 1080 2581 1149 τῷ,
2619 1097 2638 1131 ι
2677 1080 2792 1132 Καὶ
2816 1077 2934 1147 γὰρ
2961 1078 2996 1129 ὁ
3031 1073 3408 1145 ἄνθρωπος
3437 1077 3533 1146 τῆς
3554 1082 3710 1149 εἰρήνης

2104 1188 2224 1240 μου,
2257 1171 2338 1238 ἐφ’
2365 1169 2424 1221 ὃν
2446 1169 2668 1238 ήλπισα,
2685 1170 2715 1220 ό
2742 1166 2952 1219 ἐσθίων
2979 1164 3223 1235 ἄρτους
3264 1178 3426 1229 μου,
3453 1166 3710 1235 ἐμεγάλυνεν

2102 1262 2183 1312 ἐπ’
2212 1260 2307 1329 ἐμὲ
2356 1258 2716 1328 πτερνισμόν’
2756 1276 2777 1308 ι
2808 1255 2949 1325 ’περί⁵
2994 1253 3109 1305 τοῦ
3191 1251 3411 1308 Ἰοὔδα
3471 1258 3527 1309 ἐν
3557 1261 3610 1326 τῇ
3646 1260 3704 1326 ττρέ

2101 1350 2295 1418 ταύτης
2347 1348 2645 1418 προφητείᾳ
2704 1348 2987 1416 κειμένῳ.
3025 1345 3285 1412 Ὥσπερ
3332 1342 3435 1399 οὖν
3474 1348 3535 1398 ἐν
3570 1349 3699 1411 ἐκείνᾳ

2101 1440 2365 1490 ἐδείκνυτο
2409 1438 2692 1507 ἄνθρωπος
2731 1437 2975 1505 εἰρήνης
3016 1434 3175 1486 ποτὲ
3237 1434 3510 1501 γεγονὼς,
3548 1435 3621 1485 ὅτε
3642 1433 3686 1500 τις

2101 1528 2308 1597 Σωτῆρι
2333 1526 2717 1597 ἐμαθητεύετο,
2749 1521 2835 1587 εἷς
2875 1525 2983 1576 καὶ
3019 1523 3211 1586 αὐτὸς
3243 1522 3351 1575 τοῦ
3372 1523 3487 1575 τῶν
3518 1524 3689 1576 ἀποστό-

2101 1614 2202 1666 λων
2245 1612 2471 1684 ἀριθμοῦ
2526 1613 2882 1682 χρηματίσας
2905 1628 2921 1641 ·
2951 1611 3122 1664 οὕτω
3156 1612 3267 1664 καὶ
3304 1613 3369 1663 ἐν
3413 1610 3496 1680 τῷ
3524 1627 3687 1681 προκει-

2105 1704 2245 1773 μένῳ
2273 1702 2517 1770 ἰσόψυχος
2539 1702 2634 1752 καὶ
2648 1699 2887 1769 ἡγεμὼν
2920 1701 3030 1752 καὶ
3054 1699 3334 1767 γνωστὸς
3372 1698 3529 1768 αὐτῷ
3577 1715 3697 1768 προσ-

473 1783 593 1836 dam
618 1798 647 1835 a
682 1782 951 1839 Salvatore
976 1788 1370 1852 instituebatur,
1400 1805 1521 1842 cum
1549 1790 1664 1858 ipse
1693 1806 1905 1860 quoque
1931 1808 1950 1845 ε

2217 1792 2425 1863 λεύεται.
2444 1793 2551 1844 Καὶ
2569 1790 2728 1844 πάλιν
2747 1791 2827 1852 ὡς
2845 1791 2909 1842 ἐν
2927 1790 3155 1859 ἐκείνῳ
3174 1807 3253 1843 πε
3263 1790 3324 1861 ρὶ
3342 1789 3517 1842 αὑτοῦ
3533 1788 3694 1858 είρητοε

473 1887 696 1927 numero
723 1877 1082 1942 apostolorum
1115 1878 1252 1933 unus
1290 1888 1450 1943 esset,
1474 1880 1551 1933 sic
1594 1880 1749 1933 etiam
1776 1880 1829 1932 in
1860 1896 1997 1949 pra:-

472 1962 631 2025 senti,
662 1972 715 2017 et
763 1967 1047 2031 unanimis,
1096 1977 1149 2023 et
1204 1968 1331 2031 dux,
1366 1976 1417 2022 et
1473 1977 1630 2023 notus
1677 1969 1850 2025 dictus
1895 1977 1999 2026 est.

472 2050 602 2105 ltem
634 2055 1078 2121 quemadmodum
1108 2058 1162 2111 in
1201 2059 1293 2113 illo
1324 2059 1389 2112 de
1417 2058 1600 2113 eodem
1643 2058 1840 2112 dictum
1872 2069 1954 2113 est
1984 2079 1996 2114 :

480 2160 499 2193 ι
535 2142 632 2207 Qui
663 2144 852 2197 edebat
902 2162 1068 2215 panes
1107 2163 1273 2212 meos,
1305 2149 1661 2217 magniticavit
1709 2165 1868 2218 super
1918 2164 2003 2204 me

473 2235 992 2304 supplantationem,
1058 2255 1077 2287 ι
1128 2237 1198 2290 ita
1246 2238 1403 2291 etiam
1461 2252 1603 2291 nunc
1652 2253 1718 2292 cx
1773 2252 2001 2308 persona

474 2325 644 2393 ipsius
678 2325 876 2378 dicitur
906 2326 1037 2380 illud
1070 2344 1082 2379 :
1119 2345 1137 2377 ι
1171 2326 1272 2392 Qui
1310 2328 1363 2379 in
1392 2326 1531 2380 idem
1563 2327 1744 2381 dulces
1787 2341 2003 2395 compa-

474 2415 634 2468 rabas
665 2415 794 2467 mibi
827 2416 997 2470 cibos.
1022 2434 1040 2466 ι
1067 2414 1273 2470 Etenim
1299 2432 1363 2469 ex
1388 2416 1454 2469 iis
1474 2416 1586 2485 ipse
1614 2431 1824 2484 quoque
1860 2433 2001 2471 unus

474 2515 608 2570 erat,
640 2507 730 2574 qui
757 2506 823 2559 ad
851 2521 1124 2570 arcanam,
1157 2521 1261 2575 qua
1281 2521 1400 2559 cum
1439 2507 1552 2561 suis
1582 2507 1857 2575 discipulis
1886 2515 2002 2560 ute-

473 2593 653 2656 batur,
708 2593 1000 2651 Salvatoris
1047 2597 1217 2649 nostri
1265 2595 1705 2649 consuetudinem
1750 2598 2000 2664 spiritua-

474 2683 685 2752 lemque
721 2686 900 2738 cibum
948 2687 1208 2755 assumpti
1267 2684 1517 2738 fuerant:
1567 2684 1723 2754 472
1761 2701 1883 2738 nam
1934 2687 2000 2740 ad

475 2772 753 2840 profanam
780 2774 1171 2828 multitudinem
1200 2781 1252 2827 et
1273 2772 1337 2824 ad
1368 2772 1551 2825 turbas
1582 2786 1701 2823 cum
1730 2773 1888 2826 verba
1918 2773 1999 2826 fa-

477 2870 639 2924 ceret,
664 2866 931 2932 parabolis
953 2865 1216 2917 utebatur.
1245 2862 1385 2915 Sulis
1412 2878 1537 2916 vcro
1558 2863 1672 2916 suis
1701 2862 1997 2931 discipulis,

477 2951 532 3004 ἱιι
555 2968 778 3019 quorum
808 2953 1045 3007 ordinem
1094 2954 1252 3006 etiam
1286 2950 1452 3005 Judas
1495 2952 1762 3006 admissus
1806 2953 1998 3017 fuerat,

2104 1899 2123 1930 ι
2147 1881 2201 1932 '0
2230 1872 2418 1931 ἐσθίων
2453 1880 2647 1947 ἄρτους
2675 1896 2805 1948 μου,
2839 1880 3221 1948 ἐμεγάλυνεν
3257 1881 3355 1933 ἐπ’
3395 1879 3505 1949 ἐμὲ
3537 1894 3703 1949 mepe-

2101 1970 2231 2039 σμόν
2255 1987 2301 2022 ἰ
2337 1971 2427 2022 τὸν
2460 1970 2620 2022 αὐτὸν
2675 1969 2888 2040 τρόπον
2923 1971 3033 2022 καὶ
3082 1970 3193 2022 ἐπὶ
3224 1969 3334 2022 τοῦ
3377 1970 3638 2040 παρόντος
3658 1971 3704 2029 εἰς

2100 2058 2258 2111 αὑτοῦ
2308 2060 2589 2128 πρόσωπον
2606 2057 2829 2125 λέγεται
2855 2058 2950 2121 τὸ,
3000 2076 3023 2110 ι
3058 2061 3168 2121 ’⁵ος
3209 2059 3321 2112 ἐπὶ
3347 2059 3417 2111 τὸ
3450 2059 3708 2127 αύτδέγλύ·

2101 2149 2263 2210 κοινάς
2300 2165 2383 2217 μοι
2408 2148 2693 2216 ἐδέσματα.
2727 2164 2746 2197 ι
2776 2147 2899 2199 Καὶ
2950 2147 3080 2219 γὰρ
3126 2148 3253 2201 τῶν
3302 2149 3712 2219 καταξιουμένυπ

2100 2235 2191 2286 καὶ
2213 2234 2369 2295 αὐτὸς
2400 2228 2478 2295 εἷς
2518 2228 2585 2302 ῆν
2637 2234 2739 2303 τῆς
2772 2234 3127 2306 ἀπορρήτου
3154 2238 3317 2307 πρὸς
3345 2240 3490 2302 τοὺς
3521 2236 3715 2309 pilenta

2098 2322 2190 2375 τοῦ
2215 2323 2456 2391 Σωτῆρος
2487 2322 2643 2392 ήμῶν
2665 2324 2898 2391 ὁμιλίας
2943 2341 3015 2377 τε
3058 2326 3166 2378 καὶ⁵
3200 2328 3615 2398 πνευματικῆς
3637 2344 3718 2397 τρο

2100 2409 2206 2478 φῆς
2227 2426 2240 2438 ⁸
2266 2412 2377 2471 τοῖς
2413 2410 2508 2478 μὲν
2530 2409 2638 2478 γὰρ
2675 2409 2783 2474 ἔξω
2816 2412 3080 2480 πλήθεσι
3139 2417 3251 2468 καλ⁸
3302 2421 3436 2479 τοῖς
3488 2416 3655 2485 ὄχλοις
3690 2418 3716 2466 ἐπ

2098 2498 2426 2568 παραϐολαῖς
2460 2499 2656 2564 ἐλάλει,
2699 2501 2896 2570 μόνοις
2942 2504 3008 2555 δὲ
3045 2508 3176 2569 τοῖς
3214 2506 3447 2560 ἑαυτοῦ
3481 2508 3720 2578 μαθηταξ

2097 2590 2153 2639 ἐν
2203 2583 2283 2649 οἷς
2343 2591 2434 2641 καὶ
2477 2589 2506 2640 ὁ
2558 2590 2759 2652 Ἰούδας
2805 2592 3172 2661 ἐξητάζετο,
3248 2597 3512 2650 ἐπέλυεν
3536 2598 3721 2651 ἅπαντα

2096 2676 2185 2727 Διὸ
2237 2675 2515 2730 λέλεκταιο
2553 2697 2571 2729 ‹
2619 2680 2676 2731 'U
2697 2679 2909 2733 ἐσθίων
2972 2683 3197 2753 ἄρτους
3254 2705 3379 2757 μου
3436 2688 3727 2758 ἐμεγάλυνε·

2097 2765 2181 2817 ἐπ’
2209 2764 2306 2832 ἐμὲ
2351 2765 2704 2835 πτερνισμὸν,
2744 2785 2764 2816 ι
2801 2769 2931 2829 καὶ,
2969 2788 2991 2820 ‹
3041 2772 3150 2835 Ὃς
3193 2773 3301 2824 ἐπὶ
3335 2773 3409 2825 τὸ
3452 2772 3587 2825 αὐτὸ
3616 2770 3727 2837 ἐγλύ

2096 2847 2261 2909 κανάς
2289 2865 2377 2917 μοι
2411 2848 2711 2919 ἐδέσματαο
2756 2870 2775 2902 ι
2826 2853 2990 2925 ἅπερ
3041 2858 3432 2930 σαφέστερον
3460 2860 3731 2929 ἐξέφηνεν

2102 2936 2195 3005 μὲν
2233 2937 2459 3000 Ἀκύλας
2508 2939 2711 2992 είπὼν·
2752 2960 2771 2991 ι
2822 2943 2894 2995 Οἳ
2950 2945 3106 3015 ὁμοῦ
3145 2948 3577 3018 ἐγλυκάναμεν
3606 2948 3726 3014 saep

478 3042 712 3109 apertius
732 3042 909 3094 omnia
937 3041 1355 3095 demonstrabat.
1395 3041 1469 3094 Ex
1498 3057 1605 3111 quo
1633 3042 1762 3095 illttd
1798 3041 1955 3096 dictu:

2256 3043 2289 3061 ’·
2335 3045 2354 3077 ι
2384 3029 2413 3079 ὁ
2448 3026 2503 3078 δὲ
2541 3028 2884 3099 Σύμμαχος·
2934 3053 2955 3083 ‹
2995 3036 3230 3101 Οἴτινες
3253 3036 3733 3108 ἐκοινολογούμεθς

2256 3118 2349 3149 ιτηυ
2394 3115 2609 3149 aunt-..
2676 3136 2693 3149 .
2743 3120 2897 3149 ηιμ-ι
2955 3123 3016 3149 θλ
3044 3125 3145 3149 --ι-τ
3213 3147 3225 3149 -
3272 3130 3342 3149 ιη-
3408 3130 3459 3149 ιιι
3534 3128 3733 3149 ,νηη-

477 3138 594 3184 est:
634 3150 652 3181 ι
684 3129 781 3194 Qui
813 3132 1000 3184 edebat
1030 3146 1194 3199 panes
1229 3146 1406 3192 meos,
1436 3131 1794 3201 ntagnilicavit
1844 3148 1954 3201 supr

2255 3118 2349 3167 ;ἶαν
2394 3115 2629 3186 ὁμιλίαν.
2675 3136 2693 3168 ι
2743 3120 2904 3173 Ἀντὶ
2953 3123 3018 3175 δὲ
3043 3125 3171 3189 τοῦ,
3206 3147 3225 3179 ι
3272 3130 3362 3181 Σὺ
3403 3130 3493 3193 δέ,
3526 3128 3732 3198 ἄνθρωπ

477 3231 563 3270 me
609 3220 1125 3287 supplantationem;
1170 3238 1187 3270 ›
1224 3227 1277 3273 et
1326 3219 1452 3273 illud
1488 3237 1501 3274 :
1550 3237 1569 3270 ι
1631 3220 1723 3289 qui
1768 3221 1825 3275 in
1866 3221 2006 3276 idem

479 3304 659 3359 dulces
690 3308 1035 3375 comparabas
1065 3308 1191 3360 mibi
1224 3309 1393 3371 cibos,
1453 3331 1472 3364 ι
1527 3310 1669 3380 quod
1718 3323 1848 3363 sane
1895 3312 2008 3366 evi-

480 3393 695 3449 dentius
734 3395 1000 3465 expressit
1036 3396 1227 3464 Aquila
1264 3397 1478 3466 quidem
1508 3412 1587 3453 snc
1621 3407 1636 3450 :
1665 3414 1683 3448 ι
1719 3396 1821 3462 Qui
1848 3396 2007 3456 simul

479 3483 636 3537 dulce
672 3485 1111 3553 comparabamus
1143 3499 1420 3539 arcanum.
1461 3503 1480 3536 ι
1514 3484 1865 3554 Symmachus
1913 3498 2009 3536 an-

479 3581 585 3625 tem
611 3572 689 3626 sic
722 3591 735 3625 :
769 3590 787 3622 ι
824 3572 924 3636 Qui
950 3573 1092 3626 inter
1122 3588 1220 3627 nos
1247 3574 1771 3627 communicabamus
1797 3572 2006 3626 dulcem

482 3661 745 3713 sermonis
771 3661 1233 3715 consuetudinem.
1274 3681 1292 3712 ›
1325 3661 1430 3714 Pro
1451 3661 1543 3714 illo
1563 3675 1726 3715 vero:
1758 3679 1776 3713 ι
1811 3661 1890 3714 Tu
1918 3678 2009 3716 au-

480 3757 589 3799 tem
631 3750 788 3800 homo
824 3748 1111 3810 unanimis,
1137 3747 1245 3801 dux
1276 3763 1446 3810 meus,
1480 3756 1532 3802 et
1561 3756 1721 3802 notus
1771 3764 1944 3813 meus,
1982 3769 2000 3801 ι

483 3834 835 3905 Symmachus
867 3836 940 3887 ita
986 3837 1249 3889 convertit
1281 3854 1296 3890 :
1334 3854 1352 3887 ι
1393 3835 1473 3889 Tu
1505 3844 1680 3889 autem
1711 3837 1869 3891 homo
1894 3854 2008 3891 mo-

482 3924 559 3978 ris
588 3923 826 3992 ejusdem
854 3938 1082 3987 mecum,
1105 3933 1156 3977 et
1174 3924 1279 3977 dux
1313 3938 1483 3987 meus,
1513 3931 1566 3978 et
1590 3932 1749 3978 notus
1775 3940 1957 3980 meus:
1981 3945 2000 3977 ι

483 4028 604 4065 nam
631 4028 752 4066 cum
788 4013 854 4066 ad
898 4021 1100 4066 tantam
1137 4012 1446 4082 dignitatem
1493 4022 1801 4083 assumptus
1841 4024 2004 4081 esset,

482 4110 537 4157 et
562 4102 629 4155 ob
653 4102 704 4155 id
739 4103 877 4156 inter
906 4102 1105 4170 primos
1134 4101 1426 4156 Salvatoris
1452 4103 1652 4159 amicos
1676 4113 2003 4170 censeretur,

482 4192 675 4245 merito
708 4191 774 4245 de
804 4206 867 4245 eo
906 4193 985 4245 sic
1014 4191 1088 4244 ait
1123 4208 1136 4245 :
1171 4208 1190 4242 ι
1220 4189 1276 4245 Si
1310 4192 1559 4246 inimicus
1591 4194 1786 4261 probro
1816 4208 1901 4247 me
1929 4194 2011 4247 af-

484 4279 722 4343 fecisset,
750 4280 1127 4334 sustinuissem
1171 4281 1373 4350 utique,
1411 4299 1428 4331 ι
1462 4289 1515 4333 et
1546 4296 1664 4349 quae
1690 4292 2004 4350 sequuntur.

2105 3202 2341 3272 ίσόψυχε,
2376 3205 2598 3274 ήγεμών
2631 3223 2757 3276 μου,
2795 3210 2901 3262 καὶ
2958 3215 3194 3280 γνωστέ
3225 3234 3376 3287 μου,
3415 3236 3437 3270 ι
3479 3219 3512 3270 ό
3555 3217 3735 3284 Eappa

2102 3291 2194 3360 χός
2224 3308 2353 3361 φησι
2376 3309 2389 3322 ο
2430 3312 2447 3343 ι
2489 3294 2560 3345 Σὺ
2586 3294 2666 3358 δέ,
2697 3296 2976 3367 ἄνθρωπε
3007 3303 3314 3376 ὁμότροπὲ
3361 3325 3493 3377 μοι,
3528 3307 3624 3359 καὶ
3651 3307 3733 3373 ᾗτε

2108 3379 2218 3449 μών
2266 3399 2386 3451 μου,
2434 3384 2535 3468 καὶ,
2578 3386 2797 3452 γνωστέ
2838 3405 2993 3457 μου’
3042 3411 3064 3443 ι
3125 3396 3475 3468 ἐπειδήπερ
3511 3396 3736 3449 τοσούτω

2104 3469 2397 3539 ἠξιωμένος
2453 3466 2605 3539 φίλος
2653 3476 2713 3525 ἐν
2766 3478 2893 3539 τοῖς
2934 3479 3200 3547 μάλιστα
3231 3466 3467 3555 ῆνίτοῧ
3507 3484 3736 3551 Σωτῆρος

2103 3558 2321 3620 εἰκότως
2352 3560 2482 3629 φησι
2518 3562 2645 3631 περὶ
2686 3563 2863 3615 αὑτοῦ
2890 3566 2986 3628 τὸ,
3037 3586 3060 3618 ‹
3101 3570 3251 3633 Ὅτι,
3285 3573 3347 3623 εί
3390 3572 3607 3643 ἐχθρὸς
3629 3566 3736 3621 diva!

2103 3646 2214 3699 δισέ
2250 3665 2335 3716 με,
2364 3650 2647 3719 ὑπήνεγκα
2672 3650 2739 3703 ἄν
2766 3667 2780 3679 ·
2826 3671 2847 3703 ι
2888 3657 2999 3708 καὶ
3027 3657 3109 3711 τὰ
3136 3658 3295 3729 ἑξῆς.
3336 3659 3553 3713 Ταῦτα
3579 3658 3634 3709 δέ
3658 3671 3736 3723 τερ

2102 3735 2195 3787 τοῦ
2241 3736 2409 3790 Ἰούδα
2461 3737 2751 3805 θεσπίσας,
2788 3743 3142 3814 ἀκολούθως
3173 3751 3275 3821 τὴν
3309 3753 3390 3803 ἐκ
3416 3748 3525 3802 τοῦ
3552 3746 3733 3800 Gavisa

2107 3827 2374 3896 σωτηρίαν
2394 3828 2486 3879 καὶ
2530 3829 2826 3901 ἀποφυγὴν
2862 3837 3085 3892 ἐαυτοῦ
3135 3841 3537 3914 προδιδάσκει
3574 3838 3735 3904 λέγων

2110 3935 2129 3966 ι
2183 3915 2318 3982 Ἐγὼ
2352 3918 2487 3985 πρὸς
2507 3919 2598 3970 τὸν
2624 3919 2760 3973 Θεὸν
2788 3923 3127 3997 ἐκέκραξα,
3160 3932 3255 3987 καὶ
3293 3935 3330 3985 ὁ
3358 3931 3593 4001 Κύριος
3614 3927 3736 3979 lana

2109 4020 2194 4075 με.
2239 4005 2507 4074 Ἐσπέρας
2540 4008 2635 4060 καὶ
2678 4010 2832 4081 πρωῒ
2859 4017 2970 4069 καὶ
3007 4022 3407 4094 μεσημϐρίας
3434 4023 3736 4091 διηγήσομαι

2105 4096 2198 4148 καὶ
2220 4172 2225 4179 ι
2250 4097 2563 4164 ἀπαγγελῶ,
2616 4100 2714 4152 καὶ
2765 4104 3195 4167 είσακούσεται
3238 4113 3365 4183 τῆς
3429 4110 3631 4182 φωνῆς
3659 4123 3736 4176 μοι

2105 4185 2447 4275 ᾼυτρὼσεται
2474 4190 2530 4241 ἐν
2565 4190 2761 4264 εἰρήνῃ
2793 4194 2904 4266 τὴν
2944 4199 3148 4274 ψυχήν
3179 4221 3285 4275 μου
3312 4220 3331 4234 ·
3363 4222 3387 4255 ι
3424 4204 3513 4266 ὡς
3553 4205 3612 4254 ἐν
3649 4200 3733 4264 εὖῖ

2104 4272 2193 4325 τὸν
2228 4275 2331 4342 πρὸ
2360 4275 2453 4327 τοῦ
2488 4276 2724 4332 θανάτου
2772 4285 2987 4355 καιρὸν
3032 4272 3339 4362 σημαίνει,
3369 4291 3514 4344 καθ’
3536 4290 3600 4342 ὃν
3631 4287 3713 4338 καὶ

484 4366 584 4424 Ubi
618 4375 793 4422 autem
832 4370 942 4422 haec
976 4369 1041 4423 de
1087 4368 1222 4423 Juda
1270 4370 1482 4434 cecinit,
1511 4369 1700 4424 ordine
1753 4370 1961 4440 deince;

2248 4371 2315 4426 ας
2348 4364 2417 4417 τὰ
2440 4366 2541 4435 τῆς
2563 4370 2686 4421 κατ’
2721 4372 2897 4426 αὑτοῦ
2939 4381 3252 4449 προδοσίας
3286 4382 3725 4435 συνεσκευάσατε

484 4457 853 4512 liberationem
890 4472 920 4509 a
977 4467 1146 4514 morte
1200 4459 1608 4527 evasioncmque
1659 4473 1808 4513 suam
1859 4466 2006 4514 tanto

485 4555 609 4601 ante
634 4546 834 4600 indicat
874 4547 977 4601 illis
1006 4549 1181 4602 verbis
1209 4566 1263 4601 ε(
1304 4548 1411 4617 Ego
1454 4547 1520 4600 ad
1567 4544 1732 4601 Deum
1759 4548 2004 4613 clamavi,

484 4646 539 4693 et
560 4636 815 4690 Dominus
840 4637 1062 4690 salvavit
1091 4653 1194 4692 me.
1220 4636 1453 4707 Vespere
1470 4644 1522 4690 et
1546 4652 1700 4692 mane
1718 4647 1770 4691 et
1791 4637 2010 4693 meridie

487 4728 718 4782 narrabo
749 4736 802 4782 et
829 4729 1178 4792 annuntiabo,
1203 4735 1256 4782 et
1288 4727 1533 4782 exaudiet
1571 4743 1753 4782 vocem
1810 4741 2007 4791 meam,

489 4818 711 4872 redimet
742 4819 793 4871 in
816 4833 945 4887 pace
967 4821 1195 4872 animam
1218 4833 1388 4873 meam
1405 4818 1470 4871 ".
1501 4837 1520 4870 ›
1557 4817 1646 4873 Sic
1671 4827 1920 4887 tanquam
1954 4818 2009 4870 in

489 4918 646 4971 prece
672 4914 878 4974 tempus
905 4907 1044 4975 quod
1105 4914 1327 4961 mortem
1380 4908 1687 4971 antecessit,
1728 4906 2009 4975 significat,

442 4990 445 4993 ’
493 5003 597 5055 (illo
628 4993 839 5059 quidem
869 5002 1105 5062 tempore
1122 4994 1286 5050 Iudas
1324 5010 1535 5064 quoque
1563 4995 1628 5048 ad
1658 4993 2010 5064 proditionem

496 5072 1107 5143 comparabatur‘conlra
1130 5088 1299 5140 illum.
1330 5083 1483 5139 Tunc
1514 5087 1653 5139 enim
1682 5084 1924 5137 Salvator
1950 5096 2013 5134 ac

498 5156 750 5217 Dominus
778 5175 976 5231 noster,
1011 5174 1173 5227 Veluti
1228 5173 1297 5227 ob
1326 5174 1617 5241 perniciem
1656 5181 1815 5240 atque
1846 5171 2012 5223 inter-

501 5242 631 5296 itum
659 5250 740 5300 sui
771 5250 1047 5311 familiaris
1098 5263 1286 5318 dolens
1332 5276 1690 5331 maerensque.
1735 5274 1796 5313 ac
1843 5258 2016 5311 ῐηυιιο

501 5331 659 5423 etiam
694 5340 861 5405 magis
884 5344 952 5396 ob
969 5348 1134 5406 totius
1161 5352 1396 5407 Iudaica),
1435 5353 1607 5423 gentis
1642 5348 2014 5419 perditionem,

503 5419 753 5485 umquam
781 5424 848 5477 ob
865 5441 991 5484 suos
1008 5435 1076 5489 ad
1101 5438 1367 5496 insaniam
1396 5419 1661 5503 redactos,
1681 5442 1735 5491 et
1762 5441 2015 5502 tanquam

2109 4451 2240 4542 Τότε
2263 4449 2353 4542 οὖν
2382 4454 2410 4504 ὁ
2438 4455 2631 4528 Σωτὴρ
2685 4460 2783 4513 καὶ
2822 4463 3052 4536 Κύριος
3084 4472 3269 4542 ἡμῶν,
3300 4471 3393 4534 ὡς
3436 4472 3541 4524 ἐπὶ
3574 4466 3724 4533 ὀλέθρε

2110 4540 2203 4631 καλ
2225 4541 2449 4614 ἀπολείᾳ
2474 4545 2570 4598 τοῦ
2593 4550 2884 4621 γνωρίμου
2931 4540 3254 4631 δυσφορῶν,
3292 4559 3410 4611 καὶ
3454 4559 3541 4612 ἔτι
3573 4554 3716 4627 palla

2112 4629 2203 4718 ἐπι
2232 4633 2299 4700 τῇ
2322 4631 2417 4683 τοῦ
2464 4636 2669 4699 παντὸς
2710 4639 3001 4698 Ἰουδαίων
3028 4629 3221 4713 ἔθνους
3239 4648 3548 4718 ἀποϐολῇ.
3581 4645 3712 4697 ὥσπε

2113 4717 2206 4807 ἐπὶ
2274 4723 2574 4791 μεμηνόσιν
2626 4729 2883 4797 οἰκείοις,
2913 4737 3017 4788 καὶ
3055 4738 3136 4802 ὡς
3169 4738 3263 4794 ἐπὶ
3296 4717 3602 4807 φιλτάτοις
3620 4749 3704 4801 avg

2114 4806 2356 4901 πασχων,
2378 4814 2561 4901 πᾶσαν
2579 4816 2683 4887 τήν
2711 4822 2856 4891 πρὸς
2880 4827 3094 4893 αὐτοὺς
3109 4806 3342 4901 ὁμιλίαν
3371 4830 3475 4883 καὶ
3504 4828 3703 4881 διδασκα

2112 4894 2253 4991 λίαν,
2275 4897 2362 4991 διὰ
2417 4900 2480 4955 τὸ
2527 4907 2698 4976 μηδὲν
2738 4912 2949 4980 αὐτοὺς
3000 4894 3389 4991 ὠφεληκέναι,
3438 4911 3697 4983 ἀδολείνῖὡ

2116 4986 2405 5080 ἀποκαλεῖ,
2435 4994 2669 5063 φάσκων
2690 5016 2705 5030 ·
2728 5020 2749 5052 ι
2773 4986 3106 5080 Ἐλυπήθην
3130 4986 3194 5066 ἐν
3210 5008 3285 5074 τῇ
3309 5006 3608 5074 ἀδολεσχίᾳ
3622 5017 3698 5071 μοι·

2120 5078 2218 5173 καὶ
2267 5080 2582 5173 ἐταραχθην
2607 5089 2721 5143 ἀπὸ
2768 5096 2966 5167 φωνῆς
2998 5078 3228 5173 ἐχθροῦ,
3260 5096 3373 5146 και
3397 5094 3510 5147 ἀπὸ
3530 5091 3699 5158 enim

2112 5165 2438 5262 ἁμαρτωλοῦ
2459 5190 2473 5205 ο
2503 5177 2588 5230 ὅτι
2608 5165 2962 5252 ἐξέκλιναν,ι
2983 5165 3183 5262 (prierint,
3214 5208 3234 5243 ι
3274 5183 3368 5233 ἔπ’
3412 5183 3519 5250 ἐμὲ
3540 5176 3703 5246 ἀνοῴ

2115 5256 2211 5358 καλ
2239 5260 2297 5311 ἐν
2319 5259 2471 5358 Δὀργῇ
2500 5268 2797 5328 ἐνεκότουν
2840 5294 2939 5349 μοι
2966 5256 3223 5358 ’-ι-ἅπερ
3294 5267 3534 5322 “Vn”
3558 5267 3716 5358 PB-”

2254 5350 2383 5452 τοὺς
2436 5355 2715 5452 αρχοντας
2749 5344 2865 5420 τῶν
2902 5371 2977 5428 ἐκ
3011 5344 3370 5452 περιτομῆς
3405 5352 3713 5452 ἕνωξὲμψ

2116 5435 2246 5499 τοὺς
2273 5440 2569 5514 ἐχθρωδῶς
2603 5456 2701 5510 καὶ
2746 5435 3242 5537 ιπιδουλευέικῶξ
3321 5444 3619 5513 ἐνεδρεύειν
3639 5437 3734 5492 ain!

589 5581 635 5613 ⁸³
669 5581 805 5641 Psal.
831 5603 933 5656 ων,
957 5596 1132 5663 10-15.
1178 5612 1251 5688 ’.δ’
1288 5608 1429 5667 Psal.
1464 5627 1561 5682 LX,
1594 5610 1681 5666 lo.
1752 5608 1796 5648 ⁸⁷
1830 5604 1972 5661 Psal.
2005 5621 2066 5663 Ll‘

866 5604 933 5656 ιν»
957 5596 1132 5663 10-15.
1178 5612 1251 5688 ﬂ“
1288 5608 1429 5667 Psal.
1464 5627 1561 5682 ιχ,
1594 5610 1681 5666 10.
1752 5608 1796 5648 ⁸⁷
1830 5604 1972 5661 Psal.
2005 5621 2113 5676 ur,
2158 5611 2343 5672 l7-l9.
