3740 6328
140 371 255 427 733
1050 345 1679 467 nwoasrnartouts
1713 390 2155 446 EVANGELICAE
2193 391 2314 445 LIB.
2356 389 2422 446 χ.
3228 403 3325 456 m

139 486 559 554 πειρωμένους
578 505 591 518 ·
624 488 832 541 δύναται
851 489 1014 545 δὲκαὶ
1031 495 1157 564 περ)⁵
1178 496 1450 566 δυνάμεων
1478 498 1713 568 ἀοράτων
1739 502 1768 560 Α

1813 500 1882 554 ob
1913 499 2016 554 sibi
2056 499 2402 555 charissimos
2449 502 2810 557 misericordia
2865 515 3181 571 commotus,
3204 525 3323 563 ont-

136 573 356 639 ἔξωθεν
368 577 558 631 αὐτὸν
581 579 1073 650 προσπολεμουσῶν,
1094 587 1185 638 καὶ
1214 586 1308 656 τὴν
1331 587 1395 639 δι’
1421 587 1710 657 ἀνθρώπων

1807 606 1928 645 nem
1970 604 2075 658 qua
2106 605 2228 644 cum
2261 589 2366 645 illis
2398 590 2672 644 utebatur.
2697 597 2957 649 sermonis
2984 576 3325 653 consuetudi-

138 668 532 737 κατασκευὴν
585 670 907 738 ἐνεργουσῶν
954 671 1198 740 λέγεσθαι
1220 691 1236 707 ο
1277 675 1312 727 ἃ
1355 677 1446 728 καὶ
1477 677 1710 747 συνᾴδειν

1807 695 1927 734 nem
1953 693 2015 733 ac
2044 678 2364 741 doctrinam,
2395 694 2458 733 eo
2504 680 2644 746 quod
2680 682 2783 734 illis
2835 684 2965 736 nihil
3012 687 3320 754 profuisset,

141 769 238 820 μοι
271 754 444 807 δοκεῖ
461 760 593 819 -τοίς
624 759 679 809 ἐν
724 758 798 827 τῷ
827 759 1134 831 Εὑαγγελίῳ
1163 764 1250 815 ὑπ’
1282 764 1439 817 αὑτοῦ
1460 764 1709 834 λελεγμέ-

1808 770 2148 838 nugationem
2193 769 2442 836 appellat,
2488 769 2713 823 dicens:
2750 788 2767 820 ι
2822 771 3178 832 Contristatus
3202 793 3320 832 sum

1809 860 1862 912 in
1895 859 2183 928 nugatione
2222 873 2358 921 mea,
2387 868 2439 912 et
2466 861 2818 913 conturbatus
2859 877 2974 914 sum
3008 879 3037 915 a
3069 881 3197 920 voce
3220 868 3325 921 ini.

1809 948 1956 1010 mici,
1978 955 2031 1000 et
2059 963 2088 999 a
2118 949 2456 1001 tribulatione
2485 953 2778 1015 peccatoris
2812 964 2827 1000 :
2862 953 3108 1018 quoniam
3156 956 3323 1010 decli-ﬁ

1809 1048 2091 1102 naverunt,
2113 1038 2305 1106 inquit,
2344 1040 2398 1091 in
2432 1053 2515 1091 me
2548 1038 2965 1106 iniquitatetn.et
2999 1042 3050 1093 in
3080 1045 3156 1095 ira
3205 1061 3321 1097 mo-

1808 1123 1929 1176 lesti
1951 1133 2103 1176 erant
2141 1125 2268 1176 mihi
2302 1143 2314 1178 :
2355 1143 2373 1175 ›
2419 1141 2537 1193 qua:
2575 1127 2787 1195 quidem
2820 1136 3045 1195 possunt
3070 1131 3226 1183 etiam
3255 1134 3321 1186 ad

1807 1212 2071 1279 principes
2097 1210 2396 1266 Iudaeorum
2430 1214 2638 1275 referri.
2667 1217 2755 1283 qui
2787 1217 3001 1271 inimico
3026 1220 3325 1274 insidianti-

1808 1317 1909 1369 que
1928 1302 2104 1354 animo
2131 1304 2516 1357 circumvenire
2542 1306 2686 1356 illum
2711 1308 3062 1362 conabantur.
3096 1308 3325 1363 Possunt

1807 1392 1963 1444 etiam
1997 1389 2063 1443 de
2110 1393 2460 1458 potestatibus
2493 1395 2880 1459 ittvisihilihus,
2909 1414 3025 1463 quae
3063 1402 3324 1454 extrinse-

1807 1494 1902 1532 cus
1952 1478 2099 1535 iilunt
2150 1481 2546 1548 oppugnabant,
2586 1496 2647 1533 ac
2672 1497 2764 1548 per
2793 1482 3033 1538 homines
3082 1487 3204 1539 talia
3247 1488 3323 1541 illi

136 861 256 907 νοις
291 845 455 897 κατὰ
477 846 578 899 τὸν
604 846 694 899 τοῦ
727 848 927 911 πάθους
948 852 1153 921 καιρὸν,
1177 853 1262 903 ὅτε
1287 852 1427 919 λέγει
1450 858 1557 916 τοῖς
1584 857 1710 906 ἐαυ-

133 933 236 988 τοῦ
312 934 652 1005 μαθηταῖς·
714 955 733 987 ι
784 938 1078 1009 Περίλυπός
1125 943 1267 993 ἐστιν
1327 945 1358 1011 ἡ
1428 943 1565 1012 ψυχή
1608 960 1709 1013 μου

135 1027 250 1088 ἔως
311 1024 590 1078 θανάτου.
635 1028 864 1080 Μείνατε
921 1023 1020 1081 ὧδε
1045 1070 1059 1094 ,
1108 1032 1197 1082 καὶ
1238 1035 1546 1101 γρηγορεῖτε
1596 1033 1709 1100 μετ’

136 1113 280 1182 ἐμοῦ
306 1129 321 1142 ”
359 1132 381 1163 ι
425 1116 536 1166 καὶ
564 1115 721 1167 πάλιν
740 1132 753 1146 ·
782 1134 800 1166 ι
840 1117 948 1169 Νῦν
972 1119 1161 1189 ἡψυχὴ
1195 1138 1292 1188 μου
1320 1124 1654 1192 τετάρακται.
1686 1142 1703 1173 ι

141 1198 357 1267 Ὅμοια
393 1200 543 1268 γοῦν
578 1202 781 1264 τούτοις
810 1204 923 1257 ἐστὶ
950 1206 1039 1257 καὶ
1066 1206 1131 1257 τά
1159 1209 1212 1258 ἐν
1236 1206 1309 1275 τῷ
1339 1207 1548 1277 ψαλμῷ,
1582 1211 1637 1261 ὲν
1667 1202 1710 1275 ᾧ

136 1285 442 1340 λέλεκται·
506 1308 527 1338 ε
573 1290 636 1342 Ἠ
673 1291 865 1360 καρδία
901 1310 998 1361 μου
1046 1295 1311 1364 ἐταράχθη
1358 1297 1412 1348 ὲν
1437 1299 1574 1366 ἐμοὶ,
1619 1299 1710 1351 καὶ

137 1376 317 1430 δειλία
353 1377 608 1431 θανάτου
638 1381 898 1433 ἐπέπεσεν
926 1383 1007 1434 ἐπ’
1039 1384 1154 1453 ἐμέ.
1195 1384 1356 1447 Φόϐος
1398 1387 1488 1438 καὶ
1517 1389 1712 1458 τρόμος

136 1463 304 1537 ἦλθεν
331 1467 429 1519 ἐπ’
471 1470 599 1538 ἐμὲ,
634 1471 726 1522 καὶ
753 1472 983 1539 ἐκάλυψὲ
1019 1491 1081 1542 με
1105 1475 1285 1536 σκότος
1307 1493 1319 1505 ·
1361 1494 1378 1525 δ
1415 1476 1478 1528 δι’
1509 1471 1581 1529 ὧν
1606 1480 1709 1534 τῶν

137 1559 561 1628 ἀντικειμένων
589 1560 865 1631 δυνάμεων
886 1563 982 1625 τάς
1009 1564 1124 1616 καθ’
1150 1565 1306 1616 αὑτοῦ
1338 1566 1506 1635 ὁρμὰς
1529 1568 1711 1638 σημαί-

1807 1566 2269 1629 machinabantur,
2300 1568 2541 1635 intelligi.
2591 1567 2819 1623 Proinde
2850 1573 3031 1624 eadem
3085 1574 3212 1626 mihi
3251 1576 3325 1628 νίν

140 1663 240 1698 νει.
304 1647 402 1709 Ὠς
459 1649 600 1715 γοῦν
651 1652 707 1703 ὲν
752 1655 868 1713 ταῖς
920 1653 1266 1721 προφητείαις
1311 1653 1611 1724 ὠνόμασταί
1658 1675 1709 1709 τι

1807 1654 2000 1708 dentur
2027 1655 2356 1709 concordare
2386 1672 2506 1709 cum
2548 1658 2612 1710 iis
2647 1661 2853 1726 quaeah
2881 1663 2994 1728 ipso
3048 1662 3100 1714 in
3153 1660 3324 1715 Evan-

140 1734 365 1804 πνεῦμα
418 1738 711 1807 πορνείας,
762 1739 900 1792 κατὰ
947 1740 1025 1800 τὸ,
1084 1760 1102 1790 ι
1142 1742 1408 1811 Πνεύματι
1464 1746 1709 1815 πορνείας

1806 1744 1941 1810 gelio
1982 1744 2124 1796 dicta
2167 1750 2291 1798 sunt
2330 1745 2429 1797 sub
2458 1745 2627 1812 ipsum
2667 1748 2932 1813 passionis
2977 1761 3201 1817 tempus,
3234 1751 3321 1805 ubi

139 1824 568 1894 ἐπλανήθησαν,
613 1846 632 1877 ι
658 1828 750 1882 καὶ
794 1829 917 1881 ἄλλο
950 1829 1154 1899 πνεῦμα
1184 1831 1492 1901 πλανήσεως
1544 1836 1599 1885 ἐν
1643 1838 1706 1904 τῇ
1740 1819 1768 1870 Ε

1807 1830 1880 1881 ait
1933 1831 1997 1884 ad
2039 1846 2166 1885 suos
2215 1831 2505 1901 discipulos
2540 1851 2554 1887 :
2593 1853 2611 1884 ι
2647 1833 2840 1890 Tristis
2870 1845 2952 1891 cst
2989 1840 3162 1892 anima
3204 1854 3322 1894 mea

141 1916 333 1985 ἐρήμῳ
358 1933 373 1946 ·
433 1917 538 1969 τὸν
584 1917 746 1970 αὐτὸν
790 1919 984 1989 τρόπον
1018 1922 1108 1971 καὶ
1136 1920 1343 1990 πνεῦμα
1370 1921 1592 1976 θανάτου
1626 1927 1707 1995 εἴη

1808 1933 1971 1985 usque
1997 1920 2061 1971 ad
2093 1929 2336 1982 mortem,
2353 1928 2560 1974 manete
2584 1922 2671 1975 hic
2691 1925 2968 1992 etvigilate
2993 1941 3196 1979 mecum
3220 1926 3318 1981 ⁸⁸.»

138 2004 202 2057 ἂν
224 2006 441 2069 δειλίας
468 2009 775 2075 ποιητικὸν,
798 2009 871 2071 ὡς
894 2009 984 2060 καὶ
1005 2008 1213 2078 πνεῦμα
1245 2011 1419 2079 ίσχύος
1445 2014 1535 2065 καὶ
1558 2013 1709 2066 δυνά-

1806 1999 1868 2050 Ει
1897 2016 2082 2054 rursus
2114 2020 2126 2053 :
2163 2019 2181 2051 ι
2220 2000 2370 2053 Nunc
2395 2003 2572 2053 anima
2604 2018 2716 2056 mea
2750 2008 3064 2059 conturbata
3086 2016 3168 2062 est
3195 2008 3257 2061 ".
3296 2026 3318 2060 ι

143 2112 285 2166 μεως
317 2098 420 2150 καὶ
451 2097 712 2168 ἀνδρείας
737 2097 835 2166 τῆς
860 2100 998 2151 κατὰ
1017 2100 1144 2153 Θεὸν
1176 2103 1529 2169 ἐνεργητικόν.
1559 2102 1708 2156 Οὕτω

1804 2087 1959 2157 473
1985 2088 2188 2141 Similia
2221 2105 2451 2156 namque
2478 2091 2558 2143 his
2586 2100 2711 2145 sunt
2736 2095 2917 2158 etiam,
2941 2110 3058 2164 qua:
3086 2097 3322 2164 psalmus

138 2185 180 2236 δ’
211 2185 279 2238 ἂν
324 2185 565 2256 λεχθείη
603 2187 814 2256 πνεῦμα
857 2186 1017 2255 φόϐου
1062 2190 1152 2241 καὶ
1181 2190 1398 2260 τρόμου,
1430 2192 1520 2243 καὶ
1551 2192 1706 2245 πάλιν

1806 2179 1891 2231 hic
1923 2180 2177 2239 continet,
2228 2180 2317 2233 ubi
2356 2182 2432 2233 sic
2480 2182 2593 2233 ait:
2646 2200 2661 2230 ι
2692 2180 2797 2234 Cor
2822 2199 2994 2236 meum
3035 2185 3324 2239 conturba-

140 2267 326 2338 ἓτερον
362 2270 534 2340 παρὰ
566 2271 737 2324 ταῦτα
767 2272 975 2342 πνεῦμα
1004 2273 1163 2342 ’.ῥόδου
1195 2278 1285 2329 καὶ
1320 2276 1639 2347 συγχύσεως,
1672 2280 1707 2333 ἃ

1804 2274 1917 2319 tum
1947 2277 2028 2320 est
2049 2267 2101 2319 in
2125 2282 2227 2328 me,
2256 2277 2309 2321 et
2332 2268 2559 2323 formido
2584 2270 2771 2323 mortis
2800 2272 2991 2325 cecidit
3019 2288 3180 2340 super
3215 2290 3320 2339 me,

142 2359 234 2410 καὶ
264 2359 488 2427 σχεδὸν,
530 2363 725 2424 εἰπεῖν,
758 2362 922 2414 ἅπασι
968 2365 1061 2433 μὲν
1095 2368 1202 2427 τοῖς
1228 2366 1284 2417 ὲν
1312 2367 1588 2437 μαρτυρίῳ
1618 2369 1705 2421 τὸν

1803 2365 1855 2409 et
1895 2364 2247 2410 contexerant
2277 2374 2360 2412 me
2411 2361 2678 2414 tenebras:
2711 2380 2729 2410 ι
2761 2362 2955 2430 quibus
2984 2363 3162 2417 verbis
3193 2379 3324 2417 con.-

144 2450 282 2519 ύπὲρ
348 2449 652 2512 εὐσεϐείας
718 2449 941 2505 θάνατον
1006 2452 1404 2524 ἀναδεχομένοις
1470 2458 1706 2527 ὲφορμᾷν

1804 2446 2080 2497 trariarum
2098 2453 2416 2514 potestatum
2438 2457 2660 2503 conatus
2674 2449 2952 2504 adversum
2968 2466 3023 2504 se
3037 2450 3317 2520 significat.

145 2540 322 2601 εἴωθε,
367 2538 516 2592 πολὺ
552 2538 715 2593 πλέον
757 2539 812 2592 δὲ
843 2542 931 2593 καὶ
971 2541 1162 2610 μᾶλλον
1206 2544 1520 2597 ἐπιτέθειται
1566 2545 1706 2614 αύτῷ

1803 2532 2257 2597 Quemadmodum
2294 2536 2434 2590 enim
2462 2537 2514 2589 in
2542 2539 2830 2607 pr0phetiis
2870 2541 3176 2593 nominatur
3204 2541 3324 2608 qui-

144 2629 232 2680 τὸν
260 2629 407 2700 ὑπὲρ
455 2629 719 2681 ἁπάντων
757 2628 978 2681 θάνατον
1009 2631 1365 2700 ὑπομείναντι.
1412 2632 1551 2703 Πλὴν
1594 2635 1705 2687 ἀλλ’

1802 2623 1921 2675 dem
1962 2624 2182 2691 spiritus
2228 2626 2618 2689 fornicationis,
2674 2636 2727 2680 ut
2760 2637 2840 2683 est
2886 2630 3050 2683 illud:
3081 2649 3097 2679 ι
3129 2632 3321 2699 spiritu

146 2716 253 2769 εἴτε
281 2718 514 2787 πνεῦμα
540 2717 741 2780 δειλίας
770 2718 860 2768 καὶ
891 2716 1132 2780 Θανάτου,
1160 2718 1267 2770 εἴτε
1298 2720 1455 2787 φόϐου
1479 2723 1569 2774 καὶ
1594 2722 1707 2791 τρό-

1802 2710 2169 2767 fornicationis
2200 2714 2594 2779 aberraverunt,
2624 2716 2666 2748 '°
2695 2736 2712 2767 ι
2748 2726 2799 2771 et
2819 2719 2954 2773 alius
2986 2720 3208 2787 spiritus
3232 2735 3322 2773 er-

150 2823 271 2877 μου,
308 2809 340 2877 ἦ
384 2807 441 2859 εἴ
492 2824 583 2869 τις
621 2806 782 2875 ἑτέρα
819 2805 1030 2875 τοιαύτη
1081 2806 1299 2875 δύναμις
1339 2809 1704 2863 ὲπιπέπτωκεν

1802 2801 1940 2855 roris
1969 2801 2022 2853 itt
2053 2803 2284 2865 deserto,
2331 2804 2402 2857 ita
2428 2806 2585 2858 etiam
2633 2807 2850 2873 spiritus
2891 2807 3049 2859 fuerit
3081 2807 3322 2862 formidi-

148 2897 311 2965 αύτῷ,
339 2896 463 2949 ἀλλ’
492 2895 615 2948 οὔτι
646 2912 709 2962 γε
737 2894 1057 2967 κατέρραξεν
1084 2896 1237 2948 αὐτόν
1263 2914 1276 2927 ·
1304 2899 1440 2959 ἐπεὶ,
1473 2893 1557 2951 οἷα
1586 2916 1707 2967 γεν-

1802 2908 1919 2946 nem
1951 2897 2136 2947 mortis
2166 2892 2397 2950 efficiens
2431 2916 2443 2949 :
2479 2911 2606 2950 sane
2636 2903 2690 2949 ut
2722 2898 2879 2950 ctiam
2913 2898 3130 2966 spiritus
3161 2899 3321 2951 robo-

147 2990 290 3049 ναῖος
324 2986 603 3056 ἀθλητὴς,
630 2985 725 3055 τὴν
762 2985 856 3055 μὲν
897 2985 1090 3038 δειλίαν
1122 2984 1212 3037 τοῦ
1245 2986 1488 3051 Θανάτου,
1521 3006 1705 3042 πεποι-

1802 2984 1895 3046 ris,
1953 2992 2006 3037 et
2053 2985 2331 3053 potentia,
2377 2995 2430 3040 et
2479 2987 2806 3041 fortitudinis
2853 2988 3000 3056 ejus,
3052 3006 3169 3057 qua:
3215 2987 3323 3042 Deo

149 3075 297 3145 θήσει
342 3075 527 3145 ζωῆς,
564 3074 748 3144 (αὐτὸς
786 3074 891 3175 γάρ
931 3078 962 3145 ἡ
994 3077 1145 3146 Coiﬁ.)
1179 3077 1384 3147 μακρὰν
1414 3079 1703 3178 ἀπέρριψεν
1730 3120 1768 3179 C

1804 3075 1973 3129 aliena
2017 3064 2128 3130 non
2180 3085 2282 3143 est,
2323 3087 2528 3133 auctor.
2576 3078 2748 3143 Quare
2793 3080 2871 3134 sic
2915 3080 3071 3133 etiam
3117 3080 3324 3132 dicetur

148 3165 611 3233 ἀποσεισάμενος.
656 3162 921 3224 Ὡσαύτως
965 3163 1021 3215 δὲ
1066 3165 1156 3216 καὶ⁵
1199 3165 1257 3216 τὸ
1296 3165 1510 3218 ἐπελθὸν
1560 3165 1704 3236 αὐτῷ
1731 3162 1768 3179 “

1804 3164 2021 3232 spiritus
2047 3167 2255 3220 timoris
2293 3181 2353 3219 ac
2380 3169 2645 3226 tremoris.
2680 3178 2731 3222 et
2760 3185 2947 3222 rursus
2974 3169 3110 3223 alius
3133 3178 3323 3238 przeter

148 3255 361 3325 πνεῦμα
388 3253 568 3322 φόϐου
601 3253 633 3322 ἢ
668 3253 864 3323 τρόμου
891 3253 1159 3323 ποιητικὸν
1187 3254 1447 3323 πνεύματι
1476 3254 1704 3325 θάρσους

1802 3252 1919 3317 bos,
1964 3253 2186 3321 spiritus
2239 3254 2446 3308 timoris
2480 3264 2531 3308 et
2577 3255 2930 3318 confusionis,
2970 3256 3061 3324 qui
3106 3257 3320 3324 quidem

148 3345 236 3395 καὶ
275 3343 578 3411 δυνάμεως
629 3340 721 3392 καὶ
752 3340 928 3409 ἰσχύος
959 3341 1283 3412 πορρωτάτω
1309 3342 1660 3412 άπηκόντισεν
1684 3360 1698 3373 ·

1802 3357 1968 3409 paene,
1986 3349 2045 3394 ut
2074 3343 2144 3395 ita
2172 3342 2417 3405 dixerim,
2453 3359 2637 3398 omnes
2670 3356 2892 3398 mortem
2917 3361 3013 3414 pro
3041 3362 3162 3401 vera
3196 3347 3324 3400 reli-

145 3434 286 3498 ἐπεὶ,
320 3432 475 3487 κατὰ
503 3432 600 3484 τὸν
644 3431 888 3497 Ἡσαΐαν,
929 3450 946 3482 t
984 3431 1379 3485 ὲπανεπαύσατο
1420 3433 1506 3483 ἐπ’
1547 3434 1702 3485 αὐτὸν

1802 3431 1954 3499 gione
1998 3432 2290 3485 testimonii
2331 3433 2503 3501 gratia
2549 3433 2857 3498 subeuntes,
2905 3434 3156 3488 invadere
3192 3451 3323 3488 con-

150 3522 283 3591 μετά
318 3522 431 3576 τῶν
480 3520 660 3574 ἄλλων
694 3521 1010 3589 πνευμάτων
1041 3522 1132 3572 καὶ
1160 3520 1365 3591 πνεῦμα
1397 3520 1583 3591 βουλῆς
1614 3524 1704 3574 καὶ

1802 3531 2104 3581 sueverunt,
2128 3534 2191 3572 ac
2205 3519 2373 3573 multo
2391 3520 2550 3573 etiam
2574 3521 2740 3588 magis
2764 3520 3021 3588 longeque
3046 3522 3323 3575 vehemen-

150 3611 345 3680 ἰσχύος.
385 3632 406 3664 ι
460 3610 633 3666 Οὕτω
677 3612 767 3662 καὶ
798 3611 857 3662 τὸ
889 3609 1100 3679 πνεῦμα
1142 3609 1231 3662 τοῦ
1275 3611 1490 3673 σκότους
1523 3615 1586 3681 τῇ
1612 3612 1702 3663 τοῦ

1802 3607 1904 3662 tius
1931 3609 2076 3661 illum
2104 3608 2338 3677 aggressi
2372 3615 2518 3671 sunt,
2548 3609 2638 3675 qui
2669 3622 2767 3676 pro
2794 3607 3043 3661 omnibus
3096 3618 3319 3662 mortetn

151 3693 276 3754 ἰδίου
306 3702 500 3770 φωτὸς
532 3700 868 3753 ἀπεσκέδασε
913 3699 1161 3768 δυνάμειο
1197 3701 1312 3751 ἐπεὶ
1346 3719 1365 3750 ι
1412 3700 1471 3752 τὸ
1505 3700 1616 3769 φῶς
1647 3702 1703 3751 ὲν

147 3794 208 3860 τῇ
243 3792 440 3863 σκοτίᾳ
482 3789 620 3844 αὐτὸ
650 3790 708 3841 οὐ
736 3789 1041 3844 κατέλαϐεν.
1077 3808 1095 3840 ι
1128 3787 1316 3859 Εὔροις
1344 3791 1386 3844 δ’
1415 3791 1478 3842 ἂν
1504 3790 1572 3842 τὰ
1597 3808 1701 3843 πα-

150 3883 427 3952 ραπλήσια
462 3880 680 3942 τούτοις
707 3882 799 3932 καὶ
835 3882 892 3932 ὲν
929 3879 1153 3948 εἰκοστῷ
1186 3878 1377 3950 πρώτῳ
1405 3879 1617 3950 ψαλμῷ,
1647 3882 1703 3933 ὲν

147 3973 220 4043 τῷ
252 3975 418 4028 πάλιν
444 3975 520 4026 ὲκ
546 3970 642 4024 τοῦ
675 3970 834 4025 αὑτοῦ
864 3969 1102 4023 λέλεκται
1132 3968 1410 4039 προσώπου
1432 3987 1445 3999 ο
1500 3988 1517 4020 ι
1547 3971 1705 4042 Περι-

148 4063 471 4116 εκύκλωσάν
500 4077 568 4132 με
596 4060 780 4129 μόσχοι
806 4058 1002 4124 πολλοὶ,
1026 4057 1210 4129 ταῦροι
1237 4060 1410 4122 πίονες
1429 4061 1703 4130 περιέσχον

151 4169 234 4221 με.
268 4153 540 4219 Ἤνοιξαν
580 4151 664 4203 ἐπ’
698 4150 796 4219 ἐμὲ
845 4150 905 4201 τὸ
939 4148 1109 4217 στόμα
1151 4148 1343 4212 αὐτῶν,
1388 4152 1461 4211 ὼς
1504 4149 1635 4202 λέων
1675 4152 1703 4203 ὁ

148 4242 413 4313 ἁρπάζων
449 4241 549 4293 καὶ
586 4237 916 4310 ὠρυόμενος·
956 4255 977 4288 ο
1023 4237 1114 4288 καὶ
1149 4236 1330 4288 πάλινο
1366 4255 1383 4286 ι
1422 4237 1538 4289 ’Ότι
1578 4237 1702 4289 ἐκύ-

1802 4232 1972 4284 Alium
2011 4237 2189 4284 autem
2236 4230 2327 4300 qui
2374 4230 2545 4299 ipsum
2588 4230 2711 4283 item
2761 4229 3029 4283 invaserat
3074 4228 3320 4295 spiritum

151 4329 360 4384 κλωσάν
409 4346 483 4401 με
519 4327 680 4390 κύνες
723 4326 921 4390 πολλοὶ,
959 4326 1236 4396 συναγωγὴ
1272 4326 1703 4395 πονηρευομένων

1802 4321 2008 4374 timoris
2029 4329 2081 4375 et
2102 4321 2350 4375 tremoris
2376 4320 2707 4382 efﬁcientem,
2736 4319 2927 4389 spiritu
2966 4317 3319 4380 confidentiae,

149 4420 439 4488 περιέσχον
478 4434 581 4488 με·
623 4436 643 4467 ι
678 4416 772 4467 καὶ
811 4411 961 4476 αὖθις
987 4432 1000 4445 υ
1036 4433 1053 4464 ι
1088 4414 1274 4467 Ῥὖσαι
1302 4414 1406 4467 άπὸ
1440 4414 1702 4485 ῥομφαίας
1733 4415 1768 4467 1]

1802 4420 1854 4465 et
1881 4412 2148 4482 potentiae,
2177 4420 2230 4465 et
2266 4402 2506 4477 roboris,
2529 4413 2837 4481 longissime
2868 4427 2896 4463 a
2934 4426 2991 4465 se
3026 4411 3323 4478 praecipita-
3342 4422 3367 4438 ο

149 4509 245 4579 τὴν
291 4510 478 4579 ψυχήν
525 4524 649 4578 μου,
694 4508 786 4559 καὶ
819 4507 881 4557 ὲκ
911 4506 1086 4575 χειρὸς
1132 4505 1284 4566 κυνὸς
1315 4504 1409 4573 τὴν
1449 4504 1702 4573 μονογενῆ

1802 4501 1877 4555 vit
1916 4520 1929 4554 :
1962 4500 2413 4571 quandoquidem,
2464 4510 2520 4554 ut
2561 4509 2643 4555 est
2688 4500 2825 4568 apttd
2867 4500 3078 4562 Isaiam,
3121 4498 3322 4567 quievit

154 4617 268 4668 μου.
302 4600 493 4652 Σῶσόν
526 4614 594 4667 με
625 4600 688 4649 ὲκ
729 4596 987 4666 στόματος
1014 4596 1238 4657 λέοντος,
1266 4596 1355 4647 καὶ¹
1397 4594 1500 4646 ἀπὸ
1544 4594 1705 4664 κερά-

1805 4604 1963 4657 super
2000 4605 2118 4643 eum
2157 4607 2263 4644 una
2285 4606 2406 4644 cum
2438 4592 2559 4645 aliis
2585 4591 2884 4658 spiritibus,
2907 4590 3063 4642 etiam
3096 4588 3319 4656 spiritus

151 4703 252 4739 των
288 4686 686 4758 μονοκερώτων
714 4686 810 4753 τὴν
839 4684 1154 4737 ταπείνωσίν
1183 4702 1300 4753 μου.
1335 4703 1352 4733 ι
1385 4682 1574 4751 Σαφῶς
1599 4684 1704 4752 γάρ

1804 4679 2013 4733 consilii
2059 4688 2113 4734 et
2147 4682 2497 4740 fertitudinis.
2532 4680 2621 4734 Sic
2666 4696 2826 4749 porro
2869 4682 3026 4733 etiam
3071 4678 3318 4745 spiritum

1802 3695 2053 3752 sustinuit
2082 3717 2094 3751 :
2124 3706 2488 3753 verumtamen
2527 3697 2638 3751 sive
2676 3698 2896 3765 spiritus
2936 3697 3233 3752 formidinis
3268 3706 3320 3751 et

1800 3788 2007 3852 mortis,
2037 3787 2149 3842 sive
2176 3787 2382 3840 timoris
2412 3795 2465 3841 et
2489 3787 2756 3850 tremoris,
2783 3788 2894 3841 sive
2927 3789 3028 3839 alia
3059 3782 3316 3857 quaepiam

1800 3876 2039 3943 ejusdem
2060 3877 2272 3946 generis
2300 3886 2535 3946 potestas
2562 3876 2709 3929 illum
2737 3876 2921 3930 adorta
2953 3887 3052 3941 est,
3082 3892 3142 3930 ea
3172 3876 3319 3929 illum

1800 3981 1908 4020 non
1937 3966 2221 4035 confregit,
2258 3975 2540 4036 propterea
2565 3966 2706 4035 quod
2746 3974 2996 4035 tanquam
3030 3981 3321 4034 generosus

1800 4062 2052 4117 certator,
2093 4053 2430 4109 formidinem
2472 4055 2684 4122 quidem
2728 4055 2917 4108 mortis
2942 4095 2957 4117 ,
3002 4052 3322 4107 confidentia

1799 4142 1921 4195 vita:
1957 4141 2091 4211 (ipse
2130 4142 2270 4194 enim
2321 4141 2470 4211 vita),
2510 4142 2695 4209 procul
2722 4142 3056 4196 deturbatam
3104 4139 3322 4206 abjecit.

154 4776 208 4827 ὲν
228 4778 450 4840 τοετοις
479 4776 737 4846 δυνάμεις
768 4774 1024 4845 πονηρὰς,
1055 4774 1300 4844 ταύρους,
1335 4774 1423 4826 καὶ
1456 4774 1697 4843 μόσχους,

153 4865 245 4917 καί
284 4867 532 4930 λέοντας,
563 4866 657 4919 καὶ
688 4865 871 4926 κύνας,
898 4865 985 4916 καὶ
1029 4863 1390 4933 μονοκέρωτας
1425 4863 1698 4925 ἀποκαλεῖ,

155 4954 209 5006 αἶ
243 4957 539 5026 περιέσχον
575 4955 672 5024 μὲν
696 4953 852 5005 αὑτὸν
883 4954 974 5004 καὶ
998 4950 1427 5022 περιεκύκλωσαν
1460 4950 1592 5003 κατὰ
1614 4951 1701 5002 τὸν

154 5044 247 5095 τοῦ
286 5046 493 5107 πάθους
536 5043 701 5097 αὐτοῦ
736 5041 940 5112 καιρὸν,
972 5041 1030 5093 οὐ
1071 5041 1173 5109 μὴν
1215 5041 1305 5093 καὶ
1340 5039 1622 5108 ἐνεργῆσαί
1653 5055 1703 5090 τι

160 5134 274 5185 κατ’
306 5134 473 5186 αὐτοῦ
503 5132 833 5199 δεδύνηνται.
860 5131 963 5181 Καὶ
990 5126 1157 5181 ταῦτα
1189 5127 1304 5195 μὲν,
1337 5128 1383 5178 εί
1413 5128 1503 5179 καὶ
1533 5126 1699 5179 ταῦτα

158 5220 247 5272 τοῦ
293 5221 509 5291 ψαλμοῦ
564 5218 635 5271 τὰ
676 5218 814 5288 μέρη
854 5217 944 5269 ἐπὶ
983 5215 1070 5266 τὸν
1120 5214 1341 5283 Σωτῆρα
1386 5215 1476 5267 καὶ
1504 5214 1699 5284 Κύριον

162 5308 314 5376 ἡμῶν
341 5310 595 5377 ἀνάγοιτο
619 5323 634 5336 °
665 5307 714 5356 εί
740 5305 794 5356 δὲ
830 5306 901 5375 μὴ
938 5303 1021 5355 ἐπ’
1051 5302 1227 5364 αὐτὸν,
1261 5300 1370 5352 ἀλλ’
1403 5302 1484 5369 ἐφ’
1521 5302 1700 5371 ἕτερον

163 5396 481 5463 πρόσωπον,
532 5393 848 5460 ἐπιστήσεις
891 5392 983 5442 καί⁵
1035 5388 1189 5449 αὐτὸς
1230 5387 1302 5448 ὡς
1347 5387 1411 5441 ἂν
1460 5388 1702 5458 ὲξομαλι-

168 5480 356 5534 σθέντα
381 5480 452 5533 τὰ
475 5478 621 5533 κατὰ
657 5476 752 5527 τὸν
781 5476 951 5529 τόπον.
997 5474 1140 5541 Πλὴν
1165 5471 1296 5524 ἀλλὰ
1332 5476 1422 5527 καὶ
1453 5474 1576 5545 περὶ
1606 5476 1702 5544 τῆς

231 5656 273 5686 ⁵⁸
311 5654 500 5709 Matth.
539 5663 711 5711 xxvi,
751 5648 834 5702 '58.

908 5650 948 5682 δ’
985 5647 1136 5705 Joan.
1165 5666 1272 5718 xu,
1302 5651 1388 5705 27.
1463 5654 1507 5687 '°
1549 5653 1670 5709 Ose.
1702 5652 1784 5719 ιγ’,
1818 5652 1898 5707 12.
1970 5653 2013 5685 ⁸¹
2051 5651 2203 5707 Joan.
2238 5666 2294 5716 ι,
2329 5649 2381 5705 ες.

1768 4762 1773 4767 ’
1803 4770 2139 4822 tenebrarum
2162 4771 2359 4838 proprii
2390 4770 2603 4822 luminis
2636 4769 2687 4821 vi
2716 4768 3011 4835 dissipavit,
3045 4775 3318 4832 propterea

1802 4857 1939 4926 quod
1974 4876 1991 4905 ι
2032 4858 2118 4910 lux
2147 4859 2199 4910 in
2232 4857 2463 4910 tenebris
2497 4858 2655 4918 lucet,
2685 4866 2738 4909 et
2787 4857 3014 4909 tenebrae
3057 4869 3171 4905 eam
3212 4869 3320 4907 non

1803 4945 2395 5013 comprehenderunt“.
2429 4963 2447 4995 ι
2482 4946 2764 5005 Casterum,
2806 4944 2889 4997 his
2928 4944 3119 4997 similia
3158 4944 3318 4997 etiam

1805 5035 1858 5086 in
1886 5032 2138 5101 vigesimo
2177 5035 2345 5100 primo
2380 5032 2587 5097 psalmo
2620 5032 2855 5083 invenire
2884 5032 3102 5100 poteris,
3131 5031 3186 5083 in
3215 5046 3319 5098 quo

1800 5136 1865 5175 ex
1894 5120 2130 5187 ejusdem
2160 5134 2385 5188 persona
2414 5135 2605 5175 rursus
2629 5120 2756 5173 illud
2786 5121 2985 5172 dictum
3013 5128 3093 5174 est
3119 5139 3132 5175 :
3162 5139 3179 5170 ι
3202 5121 3321 5175 Cir-

1802 5209 2186 5264 cumdederunt
2224 5225 2308 5261 me
2337 5209 2491 5260 vituli
2522 5212 2673 5263 tnulti
2704 5211 2879 5264 :tauri
2929 5212 3147 5280 pingues
3174 5212 3324 5266 obse-

1801 5297 1991 5351 derunt
2019 5313 2120 5351 me.
2144 5298 2488 5364 Aperuerunt
2517 5312 2676 5366 super
2704 5314 2785 5351 tne
2810 5316 2869 5354 os
2894 5314 3047 5353 suum
3078 5300 3217 5353 sicut
3240 5300 3322 5354 leo

1803 5387 2015 5455 rapiens
2044 5393 2096 5439 et
2128 5385 2347 5453 rugiens
2367 5385 2432 5437 δ’.
2473 5406 2493 5437 ι
2538 5385 2606 5439 Et
2633 5402 2820 5441 rursus
2846 5406 2859 5440 :
2890 5406 2908 5437 ι
2940 5387 3196 5452 Quoniam
3221 5387 3324 5440 cir-

1803 5474 2184 5529 cumdederunt
2212 5488 2298 5525 me
2330 5487 2497 5527 canes
2526 5475 3004 5529 multizeoncilium
3033 5478 3325 5545 malignan-

2461 5653 2507 5682 δ’
2550 5651 2692 5709 Psal.
2725 5668 2840 5718 ut,
2875 5653 2957 5722 15,
2986 5651 3066 5705 ll.
