3740 6338
517 399 627 456 ⁸155
1044 398 1047 403 “
1157 393 1422 449 ECSEBII
1458 389 1931 448 CESARlENSIS
1966 387 2116 445 OPP.
2156 385 2337 442 PARS
2374 384 2437 440 ll.
2480 414 2553 425 -—
2588 377 3086 437 APOLOGE'IICA.
3573 376 3650 434 736

516 513 652 568 tium
683 508 895 564 obsedit
923 523 1010 563 me
1030 509 1095 562 ³³.
1130 528 1149 562 ι
1180 509 1245 562 Et
1268 525 1457 564 rursus
1483 528 1496 562 :
1535 528 1555 560 ι
1587 508 1729 562 Erue
1757 523 1787 560 a
1829 505 2032 560 framea

2161 504 2268 558 τῶν
2308 501 2574 556 Ἰουδαίων
2603 497 3001 570 μητροπόλεως,
3030 492 3202 561 αὐτῆς
3231 491 3294 561 δὴ
3317 491 3411 560 τῆς
3438 492 3651 563 Ἰερουσα-

515 598 680 661 Deus,
726 597 958 650 animam
990 613 1185 662 meam,
1230 605 1285 653 et
1327 598 1393 653 de
1440 612 1601 650 manu
1642 597 1794 651 canis
1836 595 2032 649 unicau

2155 590 2284 664 λήμ,
2314 591 2616 652 ἀκολούθως
2643 590 2774 659 μετά
2795 587 2890 657 τὴν
2918 583 3061 639 κατὰ
3088 583 3196 651 τῶν
3225 580 3650 638 ἐπιϐουλευσάνων

515 701 710 742 meam.
748 684 905 738 Salva
934 700 1020 739 me
1048 702 1113 740 ex
1151 701 1244 741 ore
1278 687 1468 747 leonis,
1492 693 1544 740 et
1572 700 1601 737 a
1631 684 1893 738 cornibus
1925 683 2032 736 uni-

2154 683 2302 754 αὐτῷ
2353 682 2652 753 πρόρρησιν
2699 678 2936 745 ἐπιλέγει
2988 675 3150 743 ἑξῆς·
3208 691 3227 724 ι
3274 668 3420 726 Εἶδον
3476 673 3649 742 ἀνομίαν

515 776 761 831 cornium
817 775 1170 831 humilitatem
1221 793 1395 832 meam
1424 777 1490 830 “.
1523 796 1541 829 ι
1595 776 1762 830 Plane
1804 775 1946 829 enim
1994 773 2032 828 it

2154 776 2250 829 καὶ
2294 772 2599 841 ἀντιλογίαν
2639 773 2695 824 ἐν
2726 773 2790 839 τῇ
2822 767 2975 820 πόλει
2998 782 3012 795 ·
3057 784 3076 816 ι
3118 763 3213 817 καὶ
3241 763 3309 816 τὰ
3336 762 3524 825 τούτοις
3555 764 3648 817 ἀκό-

512 866 599 921 bis
645 865 909 934 malignas
952 873 1264 934 potestates,
1306 873 1607 931 taurorum,
1655 872 1710 921 et
1735 864 2025 918 vitulorum

2150 864 2331 926 λουθα,
2356 863 2392 917 ἃ
2416 862 2509 916 κοιλ⁵
2532 860 2723 923 ὁποίαις
2749 860 2927 929 ἔχεται
2961 855 3197 917 διανοίας
3222 853 3281 907 ού
3306 853 3396 905 νῦν
3423 854 3562 924 σχολὴ
3594 854 3647 907 δι-

511 962 568 1010 et
605 955 840 1021 leonum,
894 961 949 1009 et
994 970 1208 1018 canum,
1256 962 1309 1010 et
1352 956 1691 1009 unicornium
1737 955 2032 1009 nominibus

2149 955 2414 1027 ηγεϊσθαι.
3217 1031 3221 1033 Δ

512 1046 766 1116 appellat,
812 1061 931 1115 quae
967 1047 1180 1115 quidem
1236 1048 1383 1101 illum
1426 1048 1528 1102 sub
1559 1049 1734 1119 ipsum
1784 1049 2059 1117 passionis
2095 1056 2307 1117 tempus
2346 1046 2678 1102 obsederunt
2719 1057 2783 1096 ac
2838 1037 3347 1099 circumdederunt,
3392 1035 3538 1106 L75.
3575 1051 3646 1091 non

508 1140 691 1190 tamen
733 1138 893 1191 etiam
946 1138 1144 1206 aliquid
1210 1137 1415 1194 eliicere
1479 1149 1667 1195 contra
1731 1140 1880 1194 illum
1931 1148 2243 1210 potuerunt.
2303 1138 2369 1194 Et
2420 1139 2536 1194 haec
2601 1136 2820 1207 quidem
2872 1132 3038 1187 talem
3086 1129 3320 1184 habeant
3352 1128 3647 1187 rationem.si

510 1224 672 1278 modo
700 1226 857 1280 etiam
890 1227 969 1281 hae
1016 1229 1205 1296 psalmi
1240 1239 1438 1298 partes,
1488 1231 1555 1285 ad
1611 1231 1939 1287 Salvatorem
1980 1232 2374 1303 Dominumque
2433 1236 2685 1285 nostrum
2742 1225 3091 1280 referantur.
3140 1220 3295 1286 Quod
3322 1220 3367 1273 si
3407 1233 3507 1272 non
3541 1217 3591 1272 ad
3608 1219 3649 1271 il-

508 1313 752 1377 lum,sed
802 1317 866 1369 ad
915 1318 1069 1370 aliam
1117 1333 1419 1387 personam,
1460 1322 1573 1390 ipse
1613 1337 1824 1390 quoque
1873 1322 2158 1392 diligenter
2205 1321 2467 1384 attendes,
2525 1325 2586 1373 ut
2623 1332 2688 1372 ea
2723 1330 2847 1386 quae
2884 1314 2955 1367 ad
3012 1313 3195 1382 ipsum
3228 1309 3369 1362 hunc
3391 1308 3547 1361 locum
3569 1320 3647 1376 pet-

510 1404 704 1468 tinent,
751 1407 850 1460 sibi
895 1408 1123 1462 invicem
1161 1420 1369 1478 aequata
1425 1412 1808 1480 respondeant.
1871 1411 2253 1467 Verumtamen
2310 1412 2376 1467 de
2418 1411 2535 1481 ipsa
2575 1408 2742 1462 etiam
2799 1403 3127 1459 Iudaeorum
3174 1401 3407 1462 civitate,
3448 1396 3508 1451 de
3555 1397 3644 1466 ipsa:

510 1496 750 1565 inquam,
795 1496 1112 1562 Jerusalem,
1162 1500 1349 1554 ordine
1392 1500 1643 1571 deinceps
1687 1509 1810 1572 post
1846 1503 2165 1557 vaticinium
2227 1502 2294 1556 de
2341 1501 2410 1557 iis
2475 1499 2569 1568 qui
2639 1495 2874 1552 insidias
2920 1493 3003 1547 illi
3072 1490 3325 1553 fecerint,
3380 1484 3642 1556 adjungitin

512 1588 656 1642 hunc
697 1590 910 1645 modum
939 1610 994 1646 ει
1024 1591 1143 1646 Vidi
1176 1593 1510 1662 iniquitatem
1552 1603 1606 1650 et
1653 1594 2135 1651 contradictionem
2172 1594 2229 1649 in
2276 1593 2527 1650 civitate:
2558 1610 2576 1641 ι
2604 1596 2659 1645 et
2702 1602 2827 1659 qua
2883 1593 3217 1656 sequuntur,
3263 1597 3381 1653 quae
3412 1593 3640 1651 qucum

513 1681 621 1735 sint
654 1682 984 1752 accipienda,
1019 1700 1127 1738 non
1161 1696 1244 1740 est
1278 1702 1418 1740 nunc
1448 1689 1699 1742 narrandi
1726 1695 1958 1757 tempus.

510 1797 555 1851 A
586 1799 787 1877 psalmo
811 1814 958 1877 (ινψ.
988 1830 1056 1840 -
1078 1801 1208 1877 Ιεεηι
1241 1803 1305 1856 de
1328 1801 1490 1877 (uda,
1530 1812 1579 1856 et
1629 1804 1692 1877 d_e
1735 1804 1950 1877 stt/recto
1994 1804 2032 1857 it

2159 1802 2310 1877 Ἀπὸ.
2339 1798 2457 1877 τοῦ.
2474 1795 2719 1877 ualeat?
2753 1801 2874 1877 ρτί-
2893 1820 2971 1833 -
3003 1792 3126 1877 ἐμ
3144 1785 3638 1877 ίὶτεξξῖοῖζηῖῗίδῗῖ

670 1866 838 1919 locum
867 1868 976 1936 ejus
1006 1870 1263 1940 apostolo,
1284 1854 1351 1924 'et
1380 1854 1614 1942 (tepente
1634 1854 1941 1927 ⁷Ϊιιιίαὶἶιιξ⁷⁷
1998 1854 2024 1857 ἡ

2176 1854 2189 1855 7
2212 1854 2317 1942 καί
2356 1854 2734 1942 τοῦίεὶςὶὴη
2753 1854 2971 1942 impar
3013 1858 3202 1942 ιέὺίοῦ
3214 1854 3640 1942 βτί-ταραχθέντος

2221 1925 2582 1998 ἀποστόλου,
2629 1925 2728 1986 κάι
2761 1925 2906 1998 Erebi
2940 1928 3051 1982 τοῦ
3093 1925 3381 1981 Ἰουδαίων
3411 1926 3595 1988 ἔθνους.

586 2057 603 2090 ι
632 2036 791 2103 Deus,
835 2039 1042 2093 laudem
1077 2055 1250 2094 meam
1280 2056 1348 2096 ne
1383 2041 1635 2106 tacueris,
1674 2042 1798 2111 quia
1820 2057 1882 2098 os
1918 2058 2044 2113 pec-

509 2127 708 2180 catoris
746 2136 799 2181 et
824 2143 886 2182 os
925 2128 1099 2182 dolosi
1134 2145 1296 2200 super
1324 2145 1408 2184 tne
1448 2138 1689 2198 apertum
1727 2139 1828 2187 est.
1853 2130 2041 2189 Locuti

508 2222 636 2269 sunt
683 2215 965 2270 adversum
1004 2232 1088 2270 me
1132 2218 1313 2289 lingua
1354 2218 1562 2281 dolosa,
1608 2227 1660 2273 et
1705 2221 2042 2275 sermonibus

508 2302 618 2357 odii
662 2303 1135 2358 circumdederunt
1184 2321 1309 2369 me,
1373 2316 1426 2360 et
1465 2318 1905 2376 oppugnaverunt
1956 2325 2041 2364 me

506 2395 693 2462 gratis.
724 2392 828 2446 Pro
859 2408 923 2447 eo
952 2401 1009 2446 ut
1040 2409 1122 2448 me
1148 2394 1451 2464 diligerent,
1486 2395 1840 2449 detrahebant
1868 2397 2035 2463 mihi;

505 2496 606 2550 ego
650 2489 829 2535 autem
866 2482 1104 2536 orabam.
1161 2481 1224 2535 Et
1270 2491 1565 2551 posuerunt
1614 2484 1897 2538 adversum
1956 2500 2039 2539 me

505 2570 642 2622 mala
674 2584 771 2638 pro
793 2569 969 2630 bonis,
1005 2578 1058 2621 et
1090 2569 1270 2622 odium
1303 2585 1400 2638 pro
1425 2570 1709 2624 dilectione
1731 2586 1866 2625 mea.
1897 2572 2039 2625 Con-

507 2659 671 2713 stitue
715 2674 877 2727 super
923 2675 1043 2713 eum
1087 2666 1438 2729 peccatorem,
1489 2668 1542 2714 et
1584 2661 1829 2716 diabolus
1868 2670 1970 2716 stet
2005 2677 2035 2715 a

506 2748 711 2803 dextris
753 2749 891 2818 ejus.
921 2748 1056 2800 Dum
1099 2749 1392 2817 judicatur,
1433 2756 1587 2802 exeat
1621 2749 2034 2813 condemnatus,

504 2844 561 2890 ct
589 2839 764 2893 oratio
815 2839 932 2906 ejus
975 2838 1065 2890 ﬁat
1109 2837 1165 2890 in
1211 2844 1510 2905 peccatum.
1556 2837 1713 2892 Fiant
1755 2839 1871 2893 dies
1916 2841 2035 2908 ejus

437 2921 443 2927 ’
511 2929 685 2995 pauci,
717 2935 770 2983 et
795 2929 1157 2998 episcopatum
1187 2929 1303 2997 ejus
1332 2928 1560 2997 accipiat
1585 2930 1718 2983 alter
1738 2929 1802 2984 ⁸⁸.
1835 2949 1854 2981 ι
1882 2929 2035 2996 Quod

503 3022 665 3072 etiam
716 3019 825 3073 haec
869 3018 936 3072 ad
985 3018 1310 3088 proditorem
1337 3016 1527 3071 ludam
1577 3019 1684 3073 sint
1732 3018 2031 3083 referenda,

505 3107 733 3163 idoneus
761 3123 891 3162 sane
919 3116 1035 3161 esto
1062 3108 1214 3162 testis
1240 3108 1516 3175 apostolus
1546 3106 1758 3172 Petrus,
1794 3110 1885 3178 qui
1917 3117 2037 3178 post

505 3196 804 3253 Salvatoris
850 3198 1023 3252 nostri
1068 3211 1370 3260 ascensum,
1414 3197 1616 3250 coactis
1674 3198 1727 3250 in
1762 3213 1926 3251 unum
1956 3198 2035 3252 lo-

502 3301 629 3339 cum
659 3289 916 3356 apostolis
937 3288 1208 3351 omnibus,
1231 3287 1456 3355 aliisque
1490 3287 1898 3356 quamplurimis
1924 3288 2036 3341 fra~

508 3376 700 3442 tribus,
731 3377 786 3430 in
828 3377 1017 3431 mediis
1052 3377 1157 3431 illis
1189 3376 1337 3430 stetit
1385 3384 1545 3445 atque
1587 3376 1661 3429 ait
1690 3396 1702 3431 :
1733 3395 1752 3426 ι
1788 3375 1896 3431 Viri
1929 3376 2037 3432 fra-

508 3476 640 3530 tres,
672 3467 908 3535 oportuit
934 3467 1138 3535 impleri
1174 3464 1504 3535 Scripturam
1526 3466 1685 3530 hanc,
1715 3482 1877 3536 quam
1899 3483 2037 3536 prae-

507 3556 642 3610 dixit
683 3555 916 3624 Spiritus
960 3568 1179 3611 sanctus
1218 3571 1313 3625 per
1341 3571 1402 3611 os
1450 3555 1618 3610 David
1658 3558 1724 3611 de
1751 3556 1910 3621 Iuda,
1943 3559 2036 3628 qui

510 3645 609 3699 fuit
636 3647 745 3700 dux
778 3660 961 3700 eorum
986 3646 1077 3714 qui
1118 3644 1637 3713 comprehenderunt
1661 3642 1878 3710 Jesutn;
1911 3646 2035 3715 quia

507 3744 822 3789 numeratus
860 3742 976 3786 erat
1005 3734 1307 3797 nobiscum,
1350 3742 1403 3788 et
1440 3737 1665 3791 sortitus
1693 3744 1808 3791 erat
1840 3744 2035 3790 sortem

508 3823 797 3877 ministerii
844 3823 1026 3890 hujus.
1074 3821 1171 3875 llic
1222 3824 1384 3890 igitur
1440 3826 1678 3892 possedit
1738 3840 1923 3896 agrum
1971 3826 2037 3880 de

507 3911 754 3965 mercede
795 3910 1073 3978 iniustitiae
1101 3925 1210 3964 sua:
1235 3929 1248 3963 :
1271 3920 1322 3965 et
1352 3928 1647 3981 suspensus
1673 3916 1883 3983 crepuit
1928 3930 2038 3968 me-

508 3999 651 4064 dius,
699 4006 750 4052 et
785 3997 953 4054 effusa
1002 4007 1127 4053 sunt
1170 4002 1349 4053 omnia
1394 4002 1605 4058 viscera
1632 4004 1768 4073 ejus.
1794 4002 1951 4073 475
1974 4001 2038 4055 Ει

506 4094 692 4142 notum
744 4086 941 4141 factum
994 4096 1074 4143 est
1127 4090 1376 4144 omnibus
1419 4092 1784 4147 habitanlibus
1822 4092 2038 4145 Jerusa-

507 4177 649 4231 lem:
680 4177 752 4231 ita
803 4186 861 4231 ut
910 4179 1264 4248 appellaretur
1305 4196 1431 4250 ager
1475 4181 1564 4236 ille
1610 4183 1789 4251 lingua
1828 4193 2033 4244 eorum,

504 4267 887 4333 Akeldamach,
917 4267 1020 4322 hoc
1047 4278 1149 4332 est,
1177 4271 1315 4339 Ager
1333 4272 1621 4340 sanguinis.
1655 4270 1926 4338 Scriptum
1954 4274 2036 4322 est

505 4355 646 4409 enim
676 4356 731 4409 in
759 4357 897 4411 libro
925 4356 1257 4412 Psalmorum
1277 4374 1295 4411 :
1326 4359 1492 4412 c-Fiat
1527 4358 1875 4412 commoratio
1917 4356 2035 4425 ejus

506 4445 739 4508 deserta,
768 4454 822 4502 et
866 4465 974 4502 non
1004 4450 1073 4504 sit
1098 4450 1193 4518 qui
1227 4449 1429 4503 habitet
1458 4450 1513 4503 in
1540 4463 1625 4513 ea,
1663 4456 1718 4503 et
1753 4447 2034 4517 episcopa-

507 4543 619 4588 tum
650 4536 770 4605 ejus
803 4539 1031 4608 accipiat
1062 4539 1197 4592 alter
1217 4539 1284 4593 ⁸⁸.
1317 4557 1336 4589 ι
1368 4537 1562 4591 Petrus
1589 4552 1717 4592 vero
1751 4551 1876 4593 cum
1905 4538 2030 4593 talia

505 4626 748 4692 dixisset,
801 4630 1027 4699 subjecit
1081 4629 1135 4681 in
1189 4628 1365 4681 locum
1415 4625 1565 4682 Judae
1624 4629 1785 4682 alium
1831 4627 2032 4683 assumi

505 4724 781 4785 oportere,
829 4734 935 4787 quo
993 4716 1271 4771 duodecim
1334 4717 1696 4785 apostolorum
1735 4731 2027 4781 numerus,

505 4804 595 4872 qui
635 4804 933 4860 tlitninutus
977 4805 1169 4869 fuerat,
1216 4807 1594 4875 compleretur,
1644 4814 1701 4860 ut
1752 4806 2031 4876 prophetia

507 4907 660 4945 suum
692 4895 845 4950 linem
878 4897 1231 4966 contingeret.
1281 4897 1398 4962 Quo
1441 4896 1603 4951 etiam
1632 4906 1871 4968 tempore
1909 4912 2032 4953 cum

509 4997 626 5037 sors
647 4985 789 5051 jacla
814 4997 976 5052 esset,
1004 5003 1066 5042 ea
1093 4988 1284 5041 cecidit
1307 5002 1469 5056 super
1506 4987 1802 5052 Matthiam,
1825 4995 1877 5043 et
1898 5002 2031 5041 con-

510 5084 817 5127 numeratus
842 5086 922 5130 est
954 5094 1074 5133 eum
1109 5077 1391 5133 duodecim
1420 5079 1700 5149 apostolis.
1742 5077 1875 5133 Cum
1916 5079 2028 5133 haec

512 5158 673 5225 igitur
712 5160 764 5213 in
801 5163 942 5219 hunc
990 5168 1203 5220 modum
1250 5176 1467 5237 peracta
1510 5170 1639 5233 sint,
1684 5169 1927 5238 sequitur
1969 5176 2027 5220 ut

512 5259 793 5312 personam
827 5265 944 5317 qua:
973 5255 1025 5304 in
1069 5254 1170 5306 hoc
1205 5256 1412 5324 psalmo
1451 5258 1709 5328 loquitur,
1744 5272 1850 5311 non
1871 5256 2030 5308 aliam

511 5341 632 5379 esse
661 5328 996 5399 arbitrentur,
1022 5352 1182 5405 quam
1212 5338 1504 5399 Salvatoris
1539 5345 1733 5407 nostri,
1764 5343 1856 5413 qui
1894 5344 2033 5396 assi-

512 5421 724 5505 gnatam
764 5418 863 5470 sibi
890 5435 918 5473 a
943 5423 1100 5481 Patre
1143 5427 1245 5482 sub
1287 5430 1459 5498 ipsum
1507 5435 1776 5505 passionis
1823 5440 2031 5502 tempus

511 5504 828 5568 orationem,
862 5511 1071 5576 publica
1116 5524 1264 5570 tanto
1297 5527 1419 5577 ante
1469 5540 1564 5592 per
1612 5526 1869 5597 Spiritum
1907 5537 2032 5579 san-

2221 2067 2240 2100 ι
2273 2049 2331 2101 '0
2360 2045 2507 2109 Θεὸς,
2530 2045 2627 2114 τὴν
2658 2041 2868 2097 αίνεσίν
2908 2058 3011 2112 μου
3051 2037 3126 2109 μὴ
3157 2038 3567 2120 παρασιωπήσης.
3587 2035 3636 2089 ὅτι

2149 2138 2319 2207 στόμα
2348 2132 2665 2206 ἁμαρτωλοῦ
2693 2131 2791 2184 καὶ
2823 2130 3003 2201 στόμα
3026 2128 3201 2182 δολίου
3234 2128 3317 2180 ἐπ’
3350 2125 3440 2197 ἐμὲ
3462 2124 3632 2195 ἠνοίχθη.

2158 2224 2455 2295 Ἐλάλησαν
2497 2223 2618 2276 κατ’
2649 2221 2786 2292 ἐμοῦ
2833 2218 3059 2289 γλώσσῃ
3090 2217 3260 2288 δολία,
3294 2216 3383 2270 καὶ
3409 2215 3553 2283 λόγοις
3576 2212 3633 2282 μί·

2146 2331 2269 2378 σους
2319 2311 2633 2366 ἐκύκλωσάν
2682 2327 2774 2381 με,
2821 2309 2922 2362 καὶ
2972 2308 3318 2379 ἐπολέμησαν
3371 2323 3430 2377 με
3471 2302 3629 2374 δωρεάν.

2157 2405 2301 2456 Ἀντί
2329 2402 2423 2456 τοῦ
2452 2402 2669 2472 ἀγαπᾷν
2702 2418 2803 2468 με,
2839 2399 3177 2454 ἐνδιέϐαλλόν
3209 2415 3302 2469 με·
3332 2395 3430 2465 ἐγὼ
3454 2396 3501 2448 δὲ
3523 2409 3632 2463 προσ-

2139 2492 2402 2562 ηυχόμην.
2438 2492 2549 2544 Καὶ
2589 2490 2776 2543 ἔθεντο
2816 2489 2942 2543 κατ’
2972 2487 3109 2560 ἐμοῦ
3148 2488 3293 2543 κακά
3331 2486 3440 2541 ἀντὶ
3460 2482 3627 2553 ἀγαθῶν,

2139 2581 2233 2632 καὶ
2264 2583 2415 2649 μῖσος
2442 2579 2563 2633 ἀντὶ
2597 2579 2698 2649 τῆς
2732 2577 3069 2649 ἀγαπήσεως
3096 2594 3218 2647 μου.
3246 2575 3550 2641 Κατάστησον
3574 2569 3628 2622 ἐπ’

2140 2670 2300 2724 αὐτὸν
2329 2669 2670 2740 ἁμαρτωλὸν,
2701 2670 2800 2722 καὶ
2828 2667 3077 2732 διάϐολος
3106 2668 3283 2738 στήτω
3308 2667 3368 2719 ἐκ
3388 2661 3541 2730 δεξιῶν
3562 2660 3626 2713 αύ-

2138 2758 2255 2812 τοῦ.
2293 2760 2376 2811 Ἐν
2404 2757 2481 2828 τῷ
2513 2758 2801 2829 κρίνεσθαι
2833 2759 2997 2813 αὐτὸν
3024 2756 3227 2822 ἐξέλθοι
3258 2749 3626 2820 καταδεδικασμίο

2138 2865 2246 2911 νος,
2275 2847 2424 2918 καὶὴ
2457 2848 2738 2920 προσευχὴ
2782 2848 2950 2902 αὑτοῦ
2984 2846 3269 2919 γενηθήτω
3298 2847 3373 2909 είς
3409 2840 3624 2913 ἁμαρτίαν.

2137 2938 2516 3008 Γενηθήτωσαν
2550 2940 2606 2992 αἱ
2642 2941 2857 3011 ἡμέραι
2906 2938 3074 2992 αὐτοῦ
3107 2939 3300 3007 ὀλίγαι,
3339 2938 3422 2990 καὶ
3447 2935 3524 3005 τὴν
3547 2933 3626 2983 ἐπι·

2140 3028 2340 3098 σκοπὴν
2368 3028 2530 3082 αὐτοῦ
2562 3030 2782 3083 λαϐέτω
2814 3031 3025 3102 ἔτερος.
3062 3048 3080 3082 ι
3112 3030 3221 3084 Καὶ
3238 3029 3334 3099 τῆς
3356 3026 3451 3080 τῶν
3474 3038 3626 3095 προκειρ

2063 3143 2106 3202 c
2140 3117 2311 3186 μένων
2341 3119 2435 3170 ἐπὶ
2464 3118 2553 3171 τὸν
2598 3120 2876 3191 προδότην
2917 3120 3116 3174 Ἰούδαν
3147 3117 3408 3191 ἀναφορᾶς
3439 3115 3625 3211 ἐχέγγυος

2138 3205 2342 3276 μάρτυς
2369 3207 2397 3257 ὁ
2438 3208 2742 3273 ἀπόστολος
2776 3209 3005 3283 Πέτρος,
3043 3209 3181 3281 μετά
3210 3208 3303 3280 τὴν
3338 3206 3421 3260 τοῦ
3449 3205 3625 3270 Σωτῆρος

2134 3298 2166 3367 ἡ
2175 3296 2286 3365 μῶν
2319 3297 2578 3366 ἀνάληψιν
2628 3302 2998 3371 συνηγμένων
3034 3301 3143 3356 τῶν
3173 3298 3454 3354 ἀποστόλων
3474 3293 3623 3346 πάντων

2137 3386 2230 3439 σὺν
2275 3385 2366 3438 καὶ
2409 3387 2586 3452 ἄλλοις
2636 3390 2891 3444 πλείοσιν
2931 3391 3200 3461 ἀδελφοῖς,
3254 3387 3403 3461 μέσος
3441 3377 3622 3438 ἀναστὰς.

2134 3475 2226 3526 καὶ
2255 3475 2421 3528 ταῦτα
2454 3478 2627 3548 φήσας
2662 3496 2676 3511 ’
2722 3500 2741 3532 ι
2776 3481 3006 3554 ’Δνδρες
3040 3482 3272 3551 ἀδελφοὶ,
3298 3480 3394 3533 ἔδει
3418 3469 3624 3544 πληριιιθῖὶ⁸

2133 3581 2219 3618 ναι
2250 3565 2344 3637 τὴν
2377 3567 2614 3637 Γραφὴν,
2662 3572 2730 3642 ἢν
2764 3576 2993 3645 προεῖπε
3019 3571 3080 3625 τὸ
3108 3570 3323 3641 Πνεῦμα
3349 3568 3404 3620 τὸ
3430 3565 3551 3633 ἅγιον
3569 3555 3625 3610 διὰ

2136 3655 2396 3723 στόματος
2443 3656 2606 3709 Δαὸὶδ
2660 3663 2792 3732 περὶ
2834 3661 3004 3716 Ἰούδα
3046 3661 3139 3715 τοῦ
3184 3660 3447 3730 γενομένου
3490 3645 3624 3719 ὁδηγοῦ

2135 3745 2244 3805 τοῖς
2279 3744 2629 3799 συλλαϐοῦσιν
2677 3749 2888 3821 Ἰησοῦν
2921 3752 3004 3805 ὅτι
3041 3747 3486 3821 κατηριθμημένος
3510 3737 3559 3811 ἦν
3587 3740 3622 3788 δ’

2134 3831 2289 3900 ἡμῖν,
2324 3833 2417 3885 καὶ
2449 3833 2611 3903 ἔλαχε
2643 3838 2740 3891 τὸν
2790 3840 2997 3911 κλῆρον
3028 3841 3128 3911 τῆς
3171 3838 3424 3898 διακονίας
3464 3831 3620 3896 ταύτηςο

2135 3912 2301 3983 υῦτος
2333 3922 2428 3991 μὲν
2454 3919 2547 3975 οὖν
2578 3927 2856 3999 ἐκτήσατο
2894 3931 3094 4001 χωρίον
3139 3931 3202 3983 ἐκ
3237 3924 3412 3999 μισθοῦ
3440 3923 3519 3992 τῆς
3546 3916 3622 3969 τιδι’

2134 4009 2255 4072 κίας
2284 4010 2469 4076 αὑτοῦ,
2517 4016 2621 4067 καὶ
2663 4018 2880 4090 πρηνὴς
2923 4020 3210 4090 γενόμενος
3251 4017 3455 4085 ἐλάκησε
3494 4007 3621 4079 PM“

2135 4098 2226 4149 καὶ
2248 4098 2471 4171 ἐξεχύθη
2506 4103 2695 4159 πάντα
2718 4107 2788 4160 τὰ
2819 4108 3106 4180 σπλάγχνα
3131 4106 3306 4161 αὐτοῦ.
3331 4105 3429 4158 Καὶ
3452 4092 3622 4169 γνωστὸν

2136 4188 2350 4254 ἐγένετο
2398 4192 2532 4243 πᾶσι
2580 4197 2702 4257 τοῖς
2747 4200 3093 4252 κατοικοῦσιν
3145 4193 3492 4268 Ἰερουσαλὴμ,
3527 4185 3619 4237 ὥστε

2134 4275 2394 4345 κληθῆναι
2424 4279 2485 4331 τὸ
2515 4285 2728 4356 χωρίον
2772 4287 2952 4341 ἐκεῖνο
2977 4291 3045 4359 τῇ
3091 4288 3195 4359 ἰδίᾳ
3223 4286 3458 4351 διαλέκτῳ
3498 4272 3621 4329 αὐτῶν

2147 4364 2502 4436 Ἀκελδαμὰχ,
2532 4371 2561 4422 ὅ
2598 4373 2717 4427 ἐστι
2750 4376 2967 4447 Χωρίον
2999 4378 3241 4449 αἵματος.
3273 4375 3533 4444 Γέγραπται
3550 4362 3620 4430 γάρ

2062 4448 2107 4504 Ι)
2132 4453 2189 4504 ὲν
2212 4452 2375 4523 βίϐλῳ
2402 4455 2682 4528 Ψαλμῶν
2723 4483 2744 4515 ι
2766 4448 3069 4538 Γενηθήτω
3086 4470 3119 4538 ἡ
3148 4464 3357 4526 ἔπαυλις
3381 4456 3517 4516 αὐτοῦ
3534 4454 3619 4522 ἕρη-

2137 4559 2252 4611 μοῦ
2281 4543 2373 4595 καὶ
2408 4543 2484 4614 μὴ
2518 4546 2671 4603 ἔστω
2697 4554 2727 4605 ὀ
2752 4555 3023 4609 κατοικῶν
3054 4558 3109 4609 ἐν
3149 4556 3300 4624 αὐτῇ,
3332 4551 3413 4604 καὶ
3439 4547 3518 4616 τὴν
3540 4545 3619 4594 ἔπι·

2104 4672 2105 4675 η
2133 4629 2336 4700 σκοπὴν
2359 4632 2528 4686 αὑτοῦ
2564 4625 2784 4694 λαϐέτω
2812 4643 3016 4715 ἔτερος.
3052 4663 3071 4696 ι
3099 4643 3274 4697 Ταῦτα
3297 4639 3454 4710 γοῦνὸ
3477 4632 3618 4698 Πέτίοος

2133 4717 2296 4771 εἰπὼν
2328 4719 2651 4782 ὑποτίθεται
2692 4732 2881 4804 ἕτερον
2912 4736 3032 4788 ἀντὶ
3063 4734 3154 4788 τοῦ
3192 4732 3347 4787 Ἰούδα
3379 4729 3472 4781 δεῖν
3493 4732 3617 4788 παραυ

2132 4808 2311 4861 λαϐεῖν
2340 4811 2419 4874 εἰς
2450 4815 2545 4869 τὸν
2577 4818 2839 4876 λείποντα
2869 4825 2979 4878 τῶν
3010 4824 3207 4878 δώδεκα
3254 4816 3522 4875 ἀποστόλων
3536 4810 3616 4875 ﬁ?“

2132 4895 2285 4967 θμὸν,
2317 4899 2465 4965 ὅπως
2497 4906 2767 4983 πληρωθῇ
2802 4914 2864 4967 τὸ
2895 4915 2995 4984 τῆς
3016 4912 3348 4985 προφητείαςο
3377 4907 3499 4965 Ὄτεν
3522 4896 3615 4985 “MT

2131 5003 2224 5057 ρου
2272 4992 2590 5062 γενομένου,
2629 4981 2829 5055 ἔπεσεν
2859 5004 2888 5056 ὁ
2926 4981 3143 5074 κλῆρος.
3162 4981 3249 5055 ἐπὶ
3286 4995 3514 5054 Ματθίαν,
3552 4981 3614 5074 κᾲὶ

2133 5080 2617 5160 συγκατεψηφίσθη
2656 5094 2798 5161 μετὰ
2824 5094 2932 5147 τῶν
2974 5073 3175 5147 δωδεκα
3202 5086 3491 5146 ἀποστόλων.
3520 5073 3611 5128 Τῡύο

2129 5182 2235 5219 των
2255 5168 2425 5235 οὕτως
2451 5175 2907 5248 ἐκτελεσθέντων,
2936 5184 3234 5245 ἀκολούθως
3259 5181 3319 5233 ἂν
3338 5177 3411 5246 εἴη
3439 5172 3488 5224 τὸ
3505 5165 3611 5228 λέγω

2128 5258 2185 5350 ἐν
2221 5258 2305 5350 τῷ
2356 5260 2557 5335 ψαλμῷ
2611 5272 2906 5339 πρόσωπον
2944 5274 3040 5344 οὐχ
3092 5274 3264 5343 ἕτερον
3299 5265 3382 5319 τοῦ
3424 5254 3610 5350 Σωτίρθῗ

2128 5346 2398 5439 ή-μῶννηδς
2428 5354 2508 5424 τῷ
2549 5358 2728 5432 Πατρὶ
2758 5363 2854 5434 τὴν
2885 5362 3316 5434 ἀναπεμφθεῖσαν
3343 5350 3469 5419 αὐτῷ
3489 5346 3609 5439 fati}

2127 5436 2218 5487 τὸν
2242 5438 2334 5491 τοῦ
2366 5443 2571 5509 πάθους
2601 5452 2794 5522 καιρὸν
2826 5454 2989 5523 εὐχὴν
3012 5433 3108 5525 τῆς
3131 5452 3212 5504 διὰ
3237 5448 3320 5501 τοῦ
3336 5442 3468 5533 ἁγίου

2136 5546 2300 5597 ματος
2346 5534 2675 5609 ἀναγραφῆς
2720 5543 3007 5614 προλαϐὼν
3056 5522 3350 5610 κατηξίωσε,
3384 5531 3434 5582 τὸ
3467 5522 3609 5594 μέλλον

584 5679 627 5710 ⁸³
673 5677 809 5732 Psal.
842 5695 951 5746 xm,
992 5685 1073 5737 l7.
1150 5688 1191 5718 “
1230 5691 1355 5745 ibid.
1389 5694 1583 5762 Ἠλὶ,
1660 5705 1702 5735 ³³
1742 5701 1879 5755 P531.
1917 5714 2032 5752 cvm

2138 5701 2223 5755 με.
2298 5672 2344 5736 δὲ
2384 5708 2501 5764 Act.
2543 5726 2592 5776 ι,
2633 5695 2822 5770 its-so.
