3740 6326
100 389 231 444 737
1006 395 1639 454 DEMONSTBATIONIS
1678 391 2120 453 EVANGELlCAE
2162 389 2287 444 LIB.
2305 389 2373 447 Χ.
3198 397 3304 455 738

96 500 250 574 περὶ
279 499 452 556 αὐτοῦ
488 503 862 574 συμϐήσεσθαι
894 507 1168 574 θεσπίσας.
1201 509 1362 580 Φησὶν
1393 505 1516 562 οὖν’
1554 529 1573 560 ι
1621 512 1652 561 ⁸(

1775 521 1916 564 ctum
1950 507 2308 576 descriptione
2349 507 2620 578 dignatus,
2653 513 2793 580 quod
2840 512 2942 567 sibi
2977 527 3078 566 usu
3120 521 3308 570 rem“.

94 595 270 657 Θεὸς,
315 595 418 664 τὴν
450 594 658 648 αἷνεσίν
696 615 794 666 μου
834 598 906 669 μὴ
933 602 1375 670 παρασιωπήσῃς,
1403 619 1422 650 ι
1455 599 1551 669 τὴν
1582 601 1652 652 ὐπ

1776 617 1891 654 rum
1914 608 2048 662 erat,
2069 599 2280 654 cecinit.
2311 599 2400 652 Ait
2419 600 2590 668 igitur
2614 620 2627 654 :
2659 621 2676 652 ι
2708 602 2871 665 Deus,
2896 603 3102 658 laudem
3128 619 3304 660 meam

93 684 280 738 αὐτοῦ
332 685 726 755 παραδοθεῖσαν
769 691 880 751 τοῖς
918 690 1077 742 αὐτοῦ
1130 689 1388 761 μαθηταῖς
1429 690 1652 743 διδασκα

1775 704 1842 743 ne
1883 689 2148 742 tacueris:
2184 706 2201 737 ι
2235 688 2324 741 ubi
2360 690 2608 743 videlicet
2651 689 2946 744 doctrinam
2997 707 3157 760 quam
3187 695 3303 762 ipso

90 775 252 839 λίαν,
289 777 392 830 καὶ
415 777 520 844 τῆς
549 778 741 846 καινῆς
768 779 1036 850 Διαθήκης
1065 782 1160 850 τὴν
1196 781 1395 835 αῖνεσιν
1427 799 1652 852 παρακα-

1776 776 1888 829 suis
1915 775 2191 844 discipulis
2223 775 2408 838 tradit,
2447 787 2499 830 et
2545 776 2754 830 laudem
2796 779 2918 830 novi
2947 778 3298 844 Testamenti,

90 864 213 918 λῶν
276 866 360 937 μὴ
416 868 898 938 κατασιγασθῆναι,
957 871 1087 923 ἀλλά
1140 872 1232 924 καὶ
1281 873 1358 934 είς
1405 872 1494 923 τὸν
1549 872 1652 941 ἑξῆς

1774 884 1882 921 non
1923 883 2042 923 esse
2074 867 2413 936 premendam
2463 867 2675 920 silentio
2721 867 3055 934 exhortatur,
3111 869 3202 923 sed
3243 870 3300 924 in

90 954 331 1009 ᾶπαντα
365 957 541 1009 αἰῶνα
574 949 903 1028 παραμεῖναι
927 960 1002 1030 τῷ
1033 961 1146 1031 βίῳ.
1185 980 1202 1011 ι
1226 962 1402 1030 Στόμα
1422 961 1477 1012 δὲ
1503 963 1650 1032 ἁμαρ

1774 973 1930 1012 omne
1971 958 2208 1010 futurum
2254 972 2424 1011 aevum
2468 957 2534 1009 ad
2571 956 2692 1008 vita:
2733 954 2979 1009 humana:
3014 958 3297 1012 utilitatem

88 1046 278 1099 τωλοῦ
318 1047 420 1098 καὶ
454 1048 630 1117 στόμα
658 1049 823 1102 δολίου
862 1069 881 1102 ι
907 1052 1104 1120 κυρίως
1151 1051 1216 1103 ἂν
1247 1051 1453 1120 λεχθείη
1485 1051 1542 1103 τὸ
1577 1051 1652 1104 τοξ

1773 1063 2100 1117 permanere.
2138 1066 2156 1098 ι
2177 1045 2248 1100 Os
2276 1057 2452 1101 autem
2475 1045 2794 1115 peccatoris,
2815 1053 2867 1100 et
2888 1061 2950 1100 os
2966 1046 3156 1111 dolosi,
3180 1067 3200 1100 ι
3235 1063 3301 1104 os

100 1136 310 1199 Ἰούδα,
349 1137 413 1198 ὃς
459 1137 744 1208 πορευθεὶς
774 1141 906 1210 πρὸς
948 1142 1070 1203 τοὺς
1100 1141 1365 1212 ἀρχιερεῖς
1392 1137 1540 1194 εἶπεν
1576 1143 1652 1194 αὐ·

1773 1137 1940 1206 ipsius
1977 1136 2126 1191 Judae
2183 1137 2396 1206 proprie
2446 1136 2798 1190 nominaverit
2844 1137 3148 1205 quispiam,
3208 1139 3298 1206 qui

87 1229 205 1289 τοῖς
231 1243 247 1257 ο
292 1246 314 1278 ι
354 1228 424 1279 Τί
457 1228 639 1282 θέλετέ
669 1227 771 1299 μοι’
784 1231 980 1294 δοῦναι,
1015 1229 1166 1297 κάγὼ
1203 1233 1326 1300 ὑμῖν
1370 1231 1652 1301 παραδώσιι

1771 1241 1891 1279 cum
1937 1227 2155 1280 abiisset
2189 1227 2252 1280 ad
2289 1227 2558 1295 principes
2607 1225 2967 1291 sacerdotum,
3013 1227 3093 1280 eis
3122 1227 3296 1280 dixit:

87 1317 261 1370 αὐτόν
289 1334 304 1377 ;
337 1319 404 1371 Οἱ
435 1319 494 1370 δὲ
519 1319 750 1389 ἔστησαν
773 1320 918 1390 αὐτῷ
942 1321 1224 1391 τριάκοντα
1251 1322 1532 1392 στατῆρας.
1561 1323 1667 1374 Καὶ

89 1407 200 1458 ἀπὸ
233 1406 370 1458 τότε
399 1405 586 1477 ἐζήτει
616 1409 914 1480 εὐκαιρίαν,
943 1411 1024 1462 ἵνα
1051 1411 1206 1463 αὐτὸν
1232 1410 1503 1480 παραδῷ.»
1547 1413 1664 1462 Τοι-

88 1491 232 1548 αῦτα
258 1495 407 1564 γοῦν
439 1499 562 1549 κατ’
606 1497 769 1550 αὐτοῦ
814 1499 1145 1568 συνθέμενος,
1179 1494 1256 1561 εἷς
1292 1495 1358 1568 ἦν
1397 1499 1502 1553 τῶν
1535 1499 1668 1568 μετά

89 1583 266 1638 ταῦτα
302 1587 410 1638 σὺν
448 1585 596 1654 αὐτῷ
628 1587 989 1656 ἀνακειμένων
1017 1591 1072 1641 ἐν
1091 1589 1166 1658 τῷ
1191 1590 1282 1642 τοῦ
1312 1590 1500 1659 Πάσχα
1533 1608 1666 1660 συμ-

91 1675 296 1742 ποσίῳ,
337 1676 432 1726 ὅτε
469 1675 564 1727 καὶ
594 1676 755 1738 αὐτὸς
788 1679 816 1729 ὁ
857 1676 1039 1746 Σωτὴρ
1069 1679 1218 1747 ἡμῶν
1255 1679 1491 1730 ἀνέκειτο
1531 1679 1664 1747 μετά

90 1765 198 1816 τῶν
251 1764 502 1826 δώδεκα,
555 1764 836 1817 ἐσθιόντων
882 1784 940 1818 τε
989 1767 1160 1819 αὐτῶν
1203 1765 1381 1820 εἶπεν·
1438 1789 1455 1819 ι
1499 1769 1663 1840 Ἀμὴν

1776 1335 1793 1367 ι
1829 1317 1966 1381 Quid
1987 1318 2146 1372 vultis
2176 1318 2304 1370 mihi
2338 1317 2486 1379 dare,
2516 1324 2569 1369 et
2600 1331 2697 1384 ego
2727 1332 2847 1369 eum
2874 1317 3024 1371 vobis
3055 1317 3304 1370 tradam?

1769 1409 1836 1461 At
1867 1409 1942 1461 illi
1970 1409 2369 1462 constituerunt
2396 1409 2446 1462 ei
2477 1407 2695 1476 triginta
2730 1415 2975 1460 stateres.
3006 1406 3070 1459 Et
3105 1423 3172 1461 ex
3210 1407 3303 1460 illo

1769 1499 2036 1568 quaerebat
2089 1500 2448 1561 occasionem,
2487 1508 2544 1550 ut
2586 1499 2736 1550 illum
2777 1497 2860 1550 eis
2903 1498 3152 1566 proderet
3179 1497 3246 1552 ⁸⁷.
3277 1515 3297 1548 ι

1768 1586 1898 1640 Cum
1949 1601 2078 1654 ergo
2122 1587 2246 1640 talia
2288 1595 2478 1640 contra
2513 1586 2658 1637 illum
2693 1586 2910 1640 molitus
2953 1596 3114 1648 esset,
3160 1601 3302 1639 unus

1768 1684 1951 1744 postea
1993 1677 2091 1728 fuit
2123 1691 2186 1729 ex
2234 1675 2302 1729 iis
2348 1676 2592 1743 quicum
2637 1675 2730 1728 illo
2774 1675 2828 1726 in
2861 1675 3101 1743 paschali
3144 1690 3299 1728 caena

1769 1761 2153 1824 accubuerunt,
2179 1776 2287 1830 quo
2321 1770 2558 1828 tempore
2589 1761 2701 1830 ipse
2730 1777 2942 1829 quoque
2965 1761 3210 1816 Salvator
3237 1779 3301 1817 ac

92 1854 237 1923 ἀμὴν
269 1854 432 1920 λέγω
462 1855 613 1923 ύμῖν,
660 1857 739 1908 ὅτι
773 1853 851 1918 εἷς
894 1857 949 1921 ἐξ
1000 1857 1148 1926 ὑμῶν
1179 1857 1481 1928 παραδώσει
1515 1877 1600 1927 με.
1642 1880 1652 1909 ι

1767 1848 2022 1902 Dominus
2051 1859 2230 1902 noster
2261 1851 2609 1902 accumbebat
2649 1865 2752 1902 una
2783 1866 2903 1902 cum
2940 1851 3071 1918 ipsis
3097 1851 3300 1907 duode-

94 1944 200 1995 Καὶ
233 1941 585 2010 λυπούμενοι
617 1943 816 2012 σφόδρα
860 1944 1086 2013 ἤρξαντο
1115 1944 1288 2011 λέγειν
1319 1945 1541 2006 ἕκαστος
1569 1947 1664 1997 αὐ-

91 2031 196 2082 τῶν
220 2047 234 2060 ·
277 2049 298 2080 ι
340 2032 496 2100 Μήτι
528 2030 640 2099 ἐγώ
670 2034 803 2101 εἰμι,
833 2032 1028 2100 Κύριες
1072 2053 1089 2083 ι
1127 2034 1183 2084 ἐν
1213 2029 1291 2096 οἷς
1320 2029 1386 2103 ῆν
1417 2035 1508 2085 καὶ
1541 2033 1667 2085 Ἰού-

93 2120 206 2184 δας,
242 2121 333 2183 ὃς,
366 2121 432 2173 τὸ
465 2121 673 2192 πλῆρες
705 2123 900 2186 παντὸς
931 2122 1075 2174 δόλου
1108 2124 1197 2175 καὶ
1220 2124 1491 2192 εἰρωνείας
1526 2124 1667 2176 ἀνοί-

94 2211 188 2274 ξας
240 2209 456 2279 στόμα,
511 2211 824 2280 ἀποκριθεὶς
887 2207 1062 2263 εἶπεν·
1134 2231 1150 2261 ι
1188 2213 1329 2282 Μήτι
1390 2211 1498 2280 ἐγώ
1530 2216 1660 2282 είμι,

103 2298 292 2351 Ῥαϐϐί
318 2315 337 2363 ;
386 2318 406 2350 ι
443 2298 627 2352 Δόλιον
657 2300 847 2368 στόμα,
880 2299 946 2350 δι’
973 2292 1030 2351 οὐ
1062 2299 1122 2351 τὸ
1163 2301 1380 2368 σημεῖον
1414 2303 1521 2362 τοῖς
1548 2303 1665 2352 ἑπι-

95 2388 303 2452 ϐούλοις
337 2387 442 2441 τοῦ
476 2389 726 2457 Σωτῆρος
754 2389 908 2458 ήμῶν
936 2388 1138 2458 ἐδήλου,
1165 2389 1332 2456 λέγων
1355 2405 1370 2419 ο
1406 2407 1424 2438 ι
1457 2390 1549 2440 Ὃν
1571 2389 1665 2442 ὲάν

96 2474 326 2544 φιλήσω,
370 2473 546 2536 αὐτός
586 2474 700 2525 ἐστι
723 2491 736 2503 ο
772 2475 1072 2544 κρατήσατε
1107 2475 1264 2528 αὐτόν
1290 2493 1302 2505 ·
1339 2495 1358 2528 ι
1395 2476 1422 2528 ὃ
1461 2478 1552 2529 καὶ
1590 2477 1665 2528 εἰ-

98 2565 228 2626 πὼν,
262 2564 423 2635 ἔργῳ
465 2563 557 2616 τὸν
597 2563 744 2616 δόλον
769 2564 1097 2634 ἀπεπλήρου,
1130 2567 1215 2617 ὅτε
1256 2565 1557 2635 προσελθὼν
1587 2566 1664 2637 τῷ

110 2654 302 2724 Ἰησοῦ,
361 2649 527 2705 εἶπεν
566 2652 746 2721 αὐτῷ’
788 2672 806 2703 ι
851 2655 1038 2723 Χαῖρε,
1078 2655 1290 2707 Ῥαϐϐί’
1326 2658 1414 2708 καὶ
1448 2659 1664 2726 κατεφί-

99 2743 254 2812 λησεν
304 2743 501 2796 αὐτόν.
546 2743 604 2795 '0
634 2743 690 2794 δὲ
732 2743 934 2813 Ἰησοῦς
975 2740 1122 2796 εἶπεν
1152 2744 1327 2814 αὐτῷ’
1367 2764 1384 2795 ι
1433 2747 1660 2818 Ἑταῖρε,

99 2834 178 2900 ἐφ’
205 2827 249 2899 ᾧ
283 2834 498 2902 πάρεις
539 2851 558 2882 ι
613 2831 704 2884 καὶ
748 2833 902 2886 πάλιν
927 2849 940 2862 °
995 2852 1013 2884 ι
1056 2832 1238 2896 Ἰούδα,
1287 2835 1542 2904 φιλήματι
1574 2836 1662 2888 τὸν

102 2924 221 2976 Υίὸν
247 2923 345 2976 τοῦ
379 2921 676 2993 ἀνθρώπου
707 2924 1008 2994 παραδίδως
1031 2941 1076 2988 ;›
1094 2927 1301 2978 Τούτων
1327 2927 1369 2978 δ’
1390 2924 1479 2979 οὖν
1506 2927 1661 2980 ἕνεκα

102 3013 386 3082 προλαϐὼν
436 3013 529 3065 διά
573 3013 667 3066 τοῦ
714 3013 925 3082 ψαλμοῦ
971 3031 1128 3083 φησιν
1153 3032 1166 3046 ο
1230 3035 1247 3066 ι
1315 3018 1431 3069 ’Ότι
1493 3019 1661 3087 στόμα

103 3103 428 3175 ἀμαρτωλοὸ
456 3104 554 3156 καὶ
601 3103 773 3173 στόμα
803 3104 970 3156 δολίου
997 3106 1080 3157 ἐπ’
1111 3105 1206 3174 ἐμὲ
1235 3107 1470 3177 ἠνοίχθη.
1515 3107 1662 3161 Ἑλά-

1764 1939 1887 2001 cim,
1927 1941 2017 2006 qui
2067 1939 2228 1992 etiam
2271 1939 2674 1993 comedentibus
2717 1940 2824 1992 illis
2864 1940 3038 1993 dixit:
3077 1959 3094 1990 ι
3126 1939 3298 1995 Amen

1763 2041 1916 2080 amen
1972 2029 2092 2081 dico
2143 2027 2336 2090 vobis,
2387 2028 2526 2097 quod
2580 2043 2719 2082 unus
2768 2037 3005 2083 vestrum
3053 2044 3139 2083 me
3197 2038 3302 2082 tra-

1762 2117 1869 2171 det.
1904 2139 1922 2169 »
1958 2117 2022 2170 Ει
2051 2120 2176 2172 dum
2215 2119 2368 2172 valde
2419 2120 2832 2182 contristantur,
2866 2128 3145 2188 coeperunt
3183 2121 3300 2174 sin-

1763 2208 1869 2275 guli
1912 2207 2090 2261 dicere
2131 2226 2149 2258 ι
2176 2227 2188 2261 :
2215 2207 2464 2276 Nunquid
2505 2223 2604 2276 ego
2639 2225 2786 2270 sum,
2830 2208 3152 2262 Domine"?
3181 2230 3198 2260 ι
3239 2209 3298 2265 In

1762 2297 1958 2365 quibus
1998 2305 2114 2352 erat
2155 2299 2312 2350 etiam
2340 2297 2529 2362 Judas,
2565 2299 2656 2366 qui
2707 2313 2828 2350 eum
2864 2301 3040 2352 omnis
3082 2298 3190 2352 doli
3235 2315 3298 2355 ac

1763 2384 2117 2437 simulationis
2179 2385 2390 2454 plenum
2437 2399 2498 2439 os
2546 2386 2842 2454 aperuisset
2888 2387 3193 2454 respondit,
3235 2402 3298 2442 ac

1762 2473 1942 2527 dixit:
1987 2491 2005 2524 ι
2032 2472 2283 2542 Nunquid
2327 2489 2426 2543 ego
2485 2489 2634 2536 smn,
2687 2472 2954 2527 Babbi”?
2983 2494 3000 2526 ι
3043 2475 3296 2532 Dolosum

1761 2576 1887 2629 ergo
1904 2577 1986 2623 os,
2011 2577 2116 2630 quo
2139 2561 2542 2615 insidiatoribus
2571 2561 2864 2616 Salvatoris
2886 2563 3056 2617 nostri
3084 2565 3297 2634 signum

1760 2653 2062 2720 proposuit,
2100 2653 2285 2707 dicens
2312 2671 2324 2705 :
2358 2672 2374 2702 ι
2410 2653 2795 2722 Quemcunque
2815 2656 3090 2709 osculatus
3121 2656 3292 2721 fuero,

1763 2742 1877 2810 ipse
1904 2751 2005 2804 est,
2039 2752 2213 2797 tenete
2239 2759 2359 2796 eum
2387 2745 2450 2798 ‘°.
2485 2763 2503 2794 ι
2539 2743 2691 2808 Quod
2719 2761 2839 2798 cum
2863 2747 3086 2800 dixisset
3109 2747 3292 2811 verbo,
3323 2805 3325 2807 ,

1761 2845 1820 2885 re
1869 2846 2082 2900 quoque
2131 2833 2244 2899 ipsa
2291 2833 2471 2886 dolum
2521 2835 2842 2906 complevit,
2896 2851 3004 2905 quo
3047 2836 3297 2893 videlicet

1761 2932 1998 2993 tempore
2063 2940 2184 2978 cum
2240 2925 2306 2978 ad
2362 2925 2544 2980 Jesum
2601 2933 2943 2993 accessisset,
2995 2931 3130 2986 dixit
3189 2933 3293 2988 ei:

1767 3013 1972 3076 «Salve,
1998 3013 2165 3068 Rahbi
2191 3033 2204 3068 :
2232 3025 2284 3069 et
2311 3018 2586 3073 osculatus
2610 3029 2692 3074 est
2713 3036 2833 3075 eum
2855 3022 2918 3075 ⁸⁸.
2945 3041 2963 3073 ι
2985 3020 3144 3080 Jesus
3168 3039 3296 3078 vero

1763 3101 1829 3154 ad
1878 3103 2026 3156 illum
2071 3104 2206 3156 dixit
2235 3123 2248 3159 :
2277 3123 2295 3156 ι
2327 3104 2551 3170 Amice,
2606 3109 2672 3162 ad
2715 3109 2844 3177 quid
2895 3112 3171 3166 venisti?»
3230 3113 3299 3169 Et

100 3171 264 3262 λησαν
304 3195 434 3246 κατ’
487 3192 625 3262 ἐμοῦ
677 3171 896 3264 γλώσσῃ
939 3191 1104 3262 δολία,
1135 3171 1225 3246 καὶ
1259 3171 1451 3260 λόγοις
1477 3195 1652 3264 μίσους

1762 3208 1950 3246 rursus
1980 3213 1992 3246 :
2023 3212 2041 3243 ι
2075 3193 2234 3256 Juda,
2273 3197 2462 3250 osculo
2492 3198 2658 3251 lilium
2695 3199 2928 3256 hominis
2963 3203 3136 3258 tradis
3160 3205 3242 3257 “1'
3269 3223 3294 3258 ι

102 3281 418 3336 ὲκύκλωσάν
449 3299 522 3352 με
549 3281 772 3352 δωρεάν.
811 3299 832 3332 ι
873 3283 1034 3335 Ἔνθα
1081 3283 1215 3352 μετά
1243 3283 1334 3337 τοῦ
1379 3285 1538 3340 Ἰούδα
1571 3291 1663 3341 καὶ

102 3371 202 3426 τῶν
231 3372 442 3426 λοιπῶν
468 3370 580 3424 τῶν
613 3370 1100 3425 ἐπιϐουλευσάντων
1131 3373 1276 3442 αὐτῷ
1321 3378 1658 3446 μνημονεύει.

102 3461 254 3530 Λέγει
282 3463 328 3516 δ’
361 3458 462 3516 οὖν
509 3461 572 3514 τὸ
613 3462 961 3529 Εὐαγγέλιον,
1007 3463 1081 3525 ὡς
1125 3464 1250 3534 ἀρα,
1281 3465 1372 3517 τοῦ
1419 3466 1662 3535 Σωτῆρος

103 3553 250 3621 ῆμιῖιν
281 3552 366 3605 ἔτι
414 3553 537 3613 τοῖς
575 3550 770 3604 ἑαυτοῦ
819 3551 1084 3621 μαθηταῖς
1123 3553 1419 3619 λαλοῦντος,
1466 3575 1484 3606 ι
1531 3557 1658 3609 Ἰδοὺ

114 3641 308 3706 Ἰούδας
341 3638 426 3706 εἷς
470 3640 581 3694 τῶν
619 3638 821 3693 δώδεκα
868 3637 1018 3711 ἦλθε,
1051 3643 1143 3694 καὶ
1177 3643 1290 3712 μετ’
1323 3644 1482 3697 αὐτοῦ
1510 3644 1660 3714 ὄχλος

103 3731 261 3795 πολὺς
290 3733 435 3802 μετά
469 3730 756 3801 μαχαιρῶν
780 3732 872 3784 καὶ
890 3731 1078 3796 ξύλων,
1110 3731 1214 3784 ἀπὸ
1242 3733 1345 3786 τῶν
1371 3735 1658 3805 ἀρχιερέων

104 3823 190 3875 καὶ
226 3821 626 3893 πρεσϐυτέρων
656 3819 748 3874 τοῦ
780 3820 906 3874 λαοῦ
928 3838 942 3852 ο
988 3839 1006 3873 ι
1057 3816 1136 3884 οἷς
1177 3822 1268 3876 καὶ
1298 3818 1448 3877 εἶπεν
1485 3827 1513 3876 ό
1547 3824 1656 3877 Κύ-

106 3929 211 3980 ριος
234 3929 247 3942 ο
281 3932 302 3964 ι
359 3913 452 3975 Ὠς
498 3911 592 3963 ἐπὶ
636 3910 834 3982 λῃστὴν
878 3910 1144 3981 ἐξήλθετε,
1197 3911 1329 3981 μετά
1383 3913 1657 3984 μαχαιρῶν

105 4005 190 4057 καὶ
232 4004 407 4068 ξύλων
457 4003 747 4058 συλλαϐεῖν
793 4021 886 4074 με;
932 4003 1050 4056 καθ’
1096 4005 1302 4075 ἡμέραν
1345 4006 1476 4076 πρὸς
1518 4008 1657 4077 ὑμᾶς

102 4092 441 4164 ἐκαθεζόμην
477 4095 535 4144 ὲν
581 4092 658 4162 τῷ
693 4091 822 4162 ίερῷ
857 4091 1132 4155 διδάσκων,
1163 4094 1254 4145 καὶ
1297 4095 1392 4146 οὐκ
1429 4095 1656 4166 ἐκρατή-

107 4179 227 4232 σατέ
253 4197 342 4249 με.
383 4179 561 4233 Τοῦτο
586 4179 643 4231 δὲ
683 4178 799 4230 ὅλον
827 4179 1060 4246 γέγονεν,
1092 4181 1174 4233 ἵνα
1215 4181 1562 4252 πληρωθῶσιν
1599 4185 1654 4236 αί

106 4265 310 4336 Γραφαὶ
371 4268 486 4320 τῶν
547 4266 860 4337 προφητῶν.
897 4285 915 4317 ι
977 4268 1092 4320 Ἔτι
1144 4269 1198 4320 δέ
1259 4286 1416 4338 φησιν
1471 4271 1527 4322 ὲν
1579 4271 1655 4342 τῷ

104 4356 322 4427 ψαλμῷ·
370 4378 390 4410 ι
442 4358 587 4410 Ἀντὶ
633 4357 726 4408 τοῦ
780 4357 992 4426 ἀγαπᾷν
1042 4375 1126 4426 με,
1171 4359 1494 4414 ὲνδιέϐαλλόν
1548 4377 1649 4431 με’

1758 3281 1918 3352 476
1940 3282 2134 3348 Harum
2183 3299 2310 3352 ergo
2374 3301 2552 3339 rerum
2620 3301 2783 3341 causa
2846 3296 2999 3344 tanto
3055 3301 3180 3348 ante
3238 3294 3297 3348 in

1760 3374 1967 3441 psalmo
1995 3373 2070 3425 ait
2102 3391 2115 3426 :
2148 3392 2166 3424 ι
2195 3373 2456 3438 Quoniam
2505 3391 2568 3430 os
2608 3381 2905 3444 peccatoris
2933 3388 2986 3434 et
3021 3395 3083 3436 os
3119 3382 3297 3436 dolosi

1759 3477 1919 3531 super
1957 3476 2043 3516 me
2069 3471 2312 3531 apertum
2349 3473 2452 3518 est.
2479 3463 2672 3519 Locuti
2702 3474 2830 3521 sunt
2857 3477 3046 3522 contra
3085 3485 3170 3524 me
3190 3471 3297 3524 lin-

1758 3566 1858 3620 gua
1881 3551 2066 3606 dolosa
2093 3558 2146 3605 et
2175 3553 2519 3607 sermonibus
2547 3554 2658 3607 odii
2682 3554 3150 3610 circumdederunt
3184 3573 3292 3621 me,

1755 3650 1806 3695 et
1833 3649 2275 3710 Oppugnaverunt
2301 3657 2388 3697 me
2418 3643 2587 3713 gratis
2615 3663 2628 3698 :
2663 3663 2683 3696 ι
2715 3645 2808 3699 ubi
2843 3661 2965 3700 cum
3009 3648 3127 3716 ipso
3151 3647 3292 3706 Juda

1756 3730 1917 3782 etiam
1961 3731 2293 3799 reliquorum
2338 3732 2603 3799 meminit,
2635 3734 2726 3802 qui
2755 3735 2858 3804 ipsi
2891 3735 3116 3792 insidias
3147 3736 3292 3792 fece-

1755 3828 1900 3872 runt.
1923 3817 2107 3889 Itaque
2137 3822 2312 3890 ipsum
2337 3819 2684 3891 Evangelium
2713 3831 2918 3888 narrat,
2941 3826 3292 3895 quemadmo-

1754 3907 1880 3961 dum
1911 3906 2185 3964 Salvatore
2211 3903 2399 3964 nostro
2432 3926 2561 3966 suos
2591 3911 2766 3967 adhuc
2795 3915 3098 3984 alloquente
3124 3917 3291 3974 disci-

1754 3997 1929 4065 pulos,
1964 3999 2052 4053 ille
2095 4001 2336 4053 venerit:
2371 4017 2390 4051 ι
2421 3999 2580 4064 Ecce,
2625 4001 2819 4071 inquit,
2851 4002 3018 4059 Judas
3054 4022 3193 4062 unus
3222 4008 3298 4064 de

1754 4080 2035 4135 duodecim
2063 4083 2230 4147 venit,
2265 4091 2318 4138 et
2359 4099 2482 4138 cum
2523 4099 2587 4138 eo
2633 4089 2788 4140 turba
2823 4090 2988 4142 multa
3028 4106 3147 4144 cum
3183 4093 3290 4161 gla-

1753 4171 1855 4225 diis
1883 4178 1935 4224 et
1963 4171 2142 4240 lignis,
2177 4188 2207 4227 a
2241 4175 2577 4243 principibus
2611 4178 2949 4232 sacerdotum
2974 4190 3026 4234 et
3060 4183 3289 4236 seniori-

1751 4261 1852 4316 bus
1901 4264 2080 4331 populi
2119 4265 2182 4318 ⁸³.
2225 4283 2244 4316 ι
2315 4263 2521 4330 Quibus
2577 4269 2738 4321 etiam
2791 4269 3049 4326 Dominus
3103 4273 3284 4329 dixit:

1742 4343 1775 4404 ἰ
1811 4352 2086 4422 Tanquam
2117 4355 2180 4408 ad
2208 4357 2467 4411 latronem
2497 4359 2740 4414 exivistis
2772 4377 2893 4415 cum
2921 4363 3114 4432 gladiis
3135 4373 3188 4419 et
3219 4364 3287 4418 Ii-

106 4445 206 4511 ἐγὼ
233 4447 288 4500 δὲ
326 4449 786 4518 προσηυχόμην”›
825 4447 952 4499 αὐτὸ
994 4447 1174 4509 τέλους
1207 4448 1510 4518 ἐτύγχανεν,
1541 4451 1648 4515 ὅτε,

1758 4443 1870 4510 gnis
1911 4445 2360 4512 comprehendere
2401 4447 2520 4500 me?
2547 4449 2786 4516 quotidie
2819 4452 2956 4518 apud
3005 4467 3100 4506 vos
3131 4452 3288 4507 sede-

104 4535 191 4586 τοῦ
221 4538 479 4606 Σωτῆρος
515 4537 672 4606 ἡμῶν
704 4538 761 4587 ἐν
787 4535 863 4604 τῷ
893 4536 1200 4606 καλουμένῳ
1225 4537 1536 4609 Γεθσημανῇ
1560 4559 1652 4609 χω-

1758 4529 1872 4582 bam
1901 4529 1954 4581 in
1999 4532 2197 4599 templo
2237 4530 2458 4594 docens.
2501 4541 2553 4588 et
2592 4551 2696 4589 non
2740 4539 2988 4592 tenuistis
3033 4555 3134 4594 me.
3173 4539 3286 4593 lloc

107 4624 198 4690 ρίῳ
230 4627 371 4692 μετά
397 4625 506 4676 τῶν
539 4625 730 4676 ’ένδεκα
763 4624 1069 4675 ἀποστόλων
1103 4627 1544 4696 προσευχομένου,
1575 4647 1657 4698 μι-

107 4714 227 4781 κρόν
265 4731 326 4766 τε
383 4716 840 4786 ἀναχωρήσαντος
883 4713 1076 4776 αὐτῶν,
1125 4716 1216 4766 καὶ
1265 4719 1655 4786 προσπεσόντος

106 4802 175 4869 τῷ
201 4805 402 4875 Πατρὶ,
433 4806 680 4876 δεύτερόν
713 4822 770 4856 τε
806 4803 1096 4873 εὐξαμένου
1124 4806 1213 4858 καὶ
1237 4807 1431 4876 τρίτον,
1462 4810 1490 4860 ὁ
1529 4810 1654 4863 Ἰού-

106 4890 194 4953 δας
221 4897 317 4948 σὺν
348 4899 463 4958 τοῖς
488 4897 716 4966 ἄρχουσι
742 4893 846 4946 τῶν
885 4893 1139 4947 Ἰουδαίων
1159 4895 1226 4947 τά
1251 4897 1347 4964 τῆς
1371 4897 1652 4968 ἐπιϐουλῆς

109 4981 246 5050 αὐτῷ
278 4986 575 5054 κατήρτυε,
625 4982 872 5048 συνάγων
904 4982 997 5034 καὶ
1045 4983 1308 5053 προξενῶν
1353 4985 1412 5034 τὸ
1457 4985 1652 5055 πλῆθος

109 5069 210 5123 τῶν
240 5074 378 5139 μετὰ
414 5073 695 5144 μαχαιρῶν
721 5071 810 5124 καὶ
829 5071 992 5136 ξύλων
1015 5071 1287 5124 συλλαϐεῖν
1313 5071 1469 5124 αὐτὸν
1497 5090 1654 5144 παρεο

111 5163 506 5231 σκευασμένων.
553 5161 718 5214 Κακά
748 5161 804 5212 δὲ
839 5164 917 5223 εἰς
959 5162 1118 5214 αὐτὸν
1161 5161 1338 5213 ἔθεντο
1375 5160 1490 5212 ἀντὶ
1523 5163 1654 5229 ἀγα-

109 5244 227 5310 θῶν,
269 5251 366 5301 καὶ
401 5254 552 5319 μῖσος
590 5251 712 5304 ἀντὶ
742 5251 841 5318 τῆς
871 5252 1192 5320 ἀγαπήσεως
1222 5248 1406 5311 αὐτοῦ,
1439 5250 1522 5302 ὅτε
1566 5269 1654 5306 πο-

111 5333 241 5402 νηρά
279 5335 598 5390 διετέθειντο
623 5337 716 5389 τὸν
754 5339 974 5407 Σωτῆρα
1006 5338 1096 5388 καὶ
1121 5337 1406 5406 εὐεργέτην
1443 5339 1534 5391 καὶ
1563 5339 1644 5392 δι-

111 5420 390 5487 δάσκαλον,
431 5430 626 5498 μυρίας
659 5428 788 5487 ὅσας
821 5428 987 5489 ίάσεις
1014 5426 1103 5478 καὶ
1139 5425 1442 5495 θεραπείας,
1473 5427 1643 5495 λόγων

181 5604 222 5634 ’ν
259 5605 455 5658 Matth.
489 5621 659 5664 xxvi,
698 5605 784 5665 H,
824 5604 904 5656 13.

121 5665 386 5743 "Bauli.
427 5689 586 5738 xm.
625 5672 717 5726 47.
792 5670 834 5704 οι
869 5671 994 5725 ibid.
1025 5670 1109 5740 55,
1132 5669 1214 5724 56.

977 5603 1020 5633 ³⁸
1059 5602 1184 5654 ibid.
1214 5601 1414 5667 21,22.
1488 5604 1533 5635 ⁵⁹
1574 5605 1706 5660 ibizl.
1733 5605 1832 5659 £5.
1909 5605 1952 5638 ⁶⁰
1993 5603 2120 5658 ibid.
2154 5604 2240 5659 48.
2317 5607 2357 5638 ⁶¹
2399 5605 2528 5661 ibid.
2562 5604 2646 5658 49.

1745 4625 1921 4670 autem
1958 4624 2124 4672 totum
2165 4620 2364 4675 factum
2411 4630 2514 4686 est,
2547 4632 2606 4676 ut
2636 4626 2961 4694 impleantur
2993 4627 3286 4696 Scriptura}

1748 4709 2125 4778 prophetarum
2144 4713 2207 4766 “.
2238 4729 2255 4761 ι
2281 4711 2541 4768 Praeterea
2564 4731 2690 4769 vero
2707 4717 2849 4784 quod
2875 4717 2948 4768 ait
2967 4718 3018 4768 in
3036 4720 3278 4786 psalmo:

1754 4819 1772 4851 ι
1801 4800 1904 4853 Ρι·ο
1949 4815 2012 4854 eo
2049 4810 2106 4854 ut
2138 4818 2223 4856 me
2250 4804 2552 4873 diligerent,
2594 4807 2942 4861 detrahebant
2989 4811 3142 4872 mihi,
3181 4827 3282 4880 ego

1749 4896 1923 4942 autem
1964 4891 2221 4944 orabam:
2260 4911 2277 4942 ι
2315 4894 2488 4961 ipsum
2523 4911 2734 4964 quoque
2765 4904 2889 4948 tunc
2935 4910 3094 4951 suum
3125 4899 3281 4954 linem

1748 4977 1986 5046 contigit,
2020 4993 2140 5032 cum
2184 4979 2460 5036 Salvatore
2500 4993 2687 5038 nostro
2715 4987 2768 5037 in
2801 4985 2919 5037 loco
2957 4987 3056 5054 qui
3083 4987 3282 5046 dicitur

1747 5066 2086 5123 Gethsemani
2123 5084 2240 5123 cum
2275 5071 2520 5124 undecim
2551 5074 2809 5140 apostolis
2842 5084 3058 5138 orante,
3092 5080 3286 5145 paulu-

1747 5158 1963 5226 lumque
1998 5157 2067 5210 ab
2110 5157 2216 5212 illis
2261 5159 2504 5227 digresso
2548 5167 2607 5211 ut
2661 5160 3030 5230 procumbens
3074 5162 3288 5220 Patrem
3385 5149 3405 5164 ‘

1748 5254 2076 5316 precaretur,
2105 5247 2403 5315 iterumque
2439 5255 2492 5301 et
2521 5247 2678 5301 tertio
2725 5247 3098 5316 supplicante,
3123 5249 3292 5308 ludas

1750 5351 1868 5392 cum
1895 5337 2228 5406 principibus
2256 5335 2560 5390 Judaaorum
2602 5337 2832 5391 insidias
2864 5335 2942 5389 illi
2971 5341 3301 5400 maturavit.

1748 5427 1872 5482 dum
1905 5429 2046 5498 cogit
2081 5428 2193 5496 ipse
2219 5435 2272 5482 et
2299 5429 2552 5484 conducit
2577 5427 2764 5496 capias
2792 5440 2914 5496 qua:
2946 5440 3084 5481 cum
3105 5427 3310 5496 gladiis-

2763 5606 2810 5637 ⁸³
2849 5602 2984 5659 Luc.
3023 5615 3178 5664 xxii,
3211 5597 3309 5652 £8.
