3740 6334
551 362 652 419 759

1168 355 1430 412 EUSEBII
1467 351 1941 410 CIESARIENSIS
1979 348 2126 403 OPP.
2168 345 2345 399 PARS
2374 345 2436 400 ll.
2477 376 2542 386 -—
2586 343 3030 400 APOLOGETICA.
3394 355 3461 412 ili)

545 485 627 533 et
656 474 908 534 fustibus,
960 476 1024 523 ut
1076 470 1226 523 illum
1283 467 1827 539 comprehenderent,
1888 477 2017 532 para

1986 471 2089 516 ηειιὲ
2118 470 2160 525 Α
2188 474 2247 510 τε
2276 458 2634 521 διδασκαλίας,
2674 459 2765 511 καὶ
2798 460 3018 522 παντοίας
3040 459 3225 528 ὠφελείας
3243 464 3360 527 αὐτοῖς
3386 484 3463 538 παρ.

546 573 719 623 erant.
761 561 912 614 Tunc
960 566 1137 613 autem
1185 560 1324 612 maia
1357 559 1618 611 adversus
1658 558 1836 626 ipsum
1886 567 2087 622 posue-

548 662 674 712 runt
698 667 792 722 pro
820 650 997 711 bonis,
1028 656 1081 703 et
1105 650 1285 703 odium
1315 664 1414 717 pro
1435 647 1722 701 dilectione
1746 645 1938 714 ipsius,
1965 657 2086 696 cum

546 743 702 798 malis
734 738 1026 792 aii‘ecerunt
1057 738 1230 805 ipsum
1261 735 1591 788 Salvatorem
1622 742 1674 788 et
1703 735 1837 788 bene
1863 733 1930 786 de
1958 731 2088 800 ipsis

546 833 820 894 meritum,
854 839 908 884 et
947 830 1284 898 magistrum,
1327 828 1417 895 qui
1466 824 1883 878 innumerabiles
1927 837 2088 876 sana-

547 921 722 974 tiones
759 927 813 972 et
863 918 1122 977 medelas,
1172 928 1590 980 sermonumque
1638 910 1981 971 documenta,
2038 917 2092 962 et

546 1011 722 1063 omnis
759 1007 971 1068 ueneris
1016 1006 1273 1059 utilitates
1306 1005 1437 1072 ipsis
1458 1004 1777 1071 pizestiterat
1802 1021 1815 1054 :
1842 1016 1979 1069 quas
2019 1002 2090 1054 ob

546 1112 636 1152 res
668 1113 789 1151 cum
819 1097 959 1148 mala
988 1110 1085 1165 pro
1106 1095 1263 1147 bonis
1295 1095 1553 1147 adversus
1582 1093 1753 1161 ipsum
1785 1093 2085 1160 posuerint,

547 1195 602 1240 et
640 1189 821 1240 odium
861 1200 959 1254 pro
1004 1185 1294 1237 dilectione
1331 1183 1520 1251 ipsius,
1569 1183 1759 1235 merito
1792 1181 2036 1249 adjungit
2070 1199 2084 1234 :

553 1292 573 1323 ι
607 1272 885 1329 Constitue
917 1288 1079 1343 super
1099 1288 1220 1325 eum
1250 1279 1607 1340 peccatorem,
1636 1278 1689 1324 et
1712 1270 1960 1323 diabolus
1984 1263 2088 1323 stet

549 1380 580 1417 a
607 1366 814 1419 dextris
859 1365 995 1433 ejus.
1044 1363 1176 1417 Dum
1208 1364 1512 1432 judicatur,
1566 1370 1721 1415 exeat
1759 1364 2091 1415 condemna-

548 1464 656 1518 tus,
698 1463 752 1509 et
793 1455 965 1508 oratio
1022 1455 1138 1522 ejus
1180 1454 1273 1506 ﬁat
1322 1454 1376 1505 in
1428 1463 1726 1521 peccatum.
1771 1451 1927 1505 Fiant
1970 1452 2086 1506 dies

546 1546 666 1614 ejus
702 1548 876 1615 pauci,
921 1553 975 1598 et
1021 1546 1385 1613 episc0patum
1437 1544 1553 1609 ejus
1592 1543 1819 1610 accipiat
1869 1543 2024 1596 alter.
2063 1562 2081 1593 ι

548 1636 678 1701 Quae
716 1636 929 1704 quidem
966 1635 1079 1704 ipsa
1121 1650 1279 1702 quem
1327 1634 1527 1688 exitum
1572 1635 1761 1687 sortita
1793 1635 1922 1695 sint,
1961 1648 2090 1686 san-

549 1734 671 1779 ctus
717 1725 991 1793 apostolus
1036 1723 1227 1778 Petrus
1274 1725 1434 1793 paulo
1485 1732 1606 1776 ante
1647 1723 1922 1783 indicavit,
1960 1723 2087 1775 dum

552 1790 883 1882 Scripturam
902 1813 1038 1864 hanc
1056 1813 1120 1864 ad
1142 1790 1316 1881 ipsum
1342 1812 1664 1881 proditorem
1694 1812 2083 1865 accommodat.
2119 1790 2161 1845 Β

548 1901 615 1955 Et
642 1917 768 1955 sane
813 1903 910 1955 tibi
945 1902 1044 1971 ipsi
1096 1903 1306 1955 interim
1339 1903 1464 1956 licet
1506 1903 1721 1967 intueri,
1765 1919 1889 1956 num
1924 1919 2087 1971 super

547 1989 825 2044 Judaicam
862 1999 1071 2060 gentem
1117 1992 1443 2046 constitutus
1486 1992 1556 2046 sit
1600 1992 1850 2061 princeps
1883 2006 1945 2044 ac
1978 1992 2085 2044 dux

547 2089 831 2150 peccator,
903 2081 990 2134 cui
1049 2080 1296 2135 videlicet
1352 2091 1471 2151 post
1551 2085 1755 2138 scelera
1828 2084 2088 2137 adversus

552 2170 877 2226 Salvatorem
930 2178 1170 2225 nostrum
1211 2174 1570 2229 audacissime
1627 2174 1935 2236 commissa,
1978 2183 2089 2228 tra-

550 2260 644 2314 diti
697 2267 861 2324 sunt,
912 2259 1128 2313 interim
1175 2276 1274 2329 pro
1326 2263 1566 2331 antiquis
1605 2270 1658 2315 et
1701 2263 1940 2332 ipsorum
1987 2262 2088 2315 do-

548 2351 788 2404 mesticis
858 2348 1072 2418 Deoque
1142 2351 1332 2404 amicis
1403 2352 1775 2419 principibus,
1847 2353 2087 2406 externis

549 2439 709 2511 477
739 2448 791 2494 et
821 2441 1107 2493 simulacra
1150 2440 1453 2494 colentibus
1494 2441 1696 2495 servire
1733 2442 1926 2495 coacti.
1972 2441 2089 2495 Cae-

552 2536 724 2583 terum
767 2531 888 2599 quis
929 2529 1141 2582 tandem
1190 2544 1297 2583 non
1344 2531 1691 2599 Obstupescat
1744 2532 1913 2599 ipsius
1958 2546 2090 2599 pra:-

548 2621 803 2676 dictionis
847 2623 1138 2676 eventum?
1186 2638 1308 2675 nam
1358 2637 1479 2675 cum
1527 2623 1806 2675 oraculum
1854 2622 2082 2687 dixerit,

556 2729 576 2762 ι
603 2710 758 2765 Fiant
779 2713 893 2767 dies
917 2714 1034 2781 ejus
1061 2712 1246 2781 pauci,
1280 2734 1297 2763 ι
1321 2720 1533 2766 constat
1555 2712 1712 2781 plane
1741 2728 1897 2781 quam
1926 2714 2085 2768 breve

551 2811 672 2870 post
698 2811 930 2857 structas
959 2803 1219 2856 adversus
1251 2801 1581 2856 Salvatorem
1609 2810 1850 2856 nostrum
1882 2803 1951 2856 ab
1981 2805 2086 2857 illis

552 2891 804 2956 insidias,
852 2906 1011 2945 omne
1061 2891 1223 2944 fuerit
1271 2898 1513 2958 tempus,
1562 2905 1669 2958 quo
1718 2905 1936 2944 manere
1982 2891 2088 2944 visi

553 2991 697 3037 sunt.
738 2981 868 3037 Post
908 2982 1053 3051 quod
1094 2990 1305 3051 tempus
1344 2981 1692 3035 novissimam
1730 2982 2085 3034 vastationem

551 3081 957 3141 extremumque
988 3073 1271 3125 interitum
1299 3072 1444 3140 passi
1488 3078 1614 3124 sunt
1637 3108 1650 3133 ,
1681 3085 1745 3123 ex
1778 3085 1884 3137 quo
1922 3071 2085 3123 etiam

471 3218 489 3234 δ
551 3162 921 3231 episcopatum
970 3178 1158 3217 eorum
1203 3163 1409 3230 accepit
1453 3161 1607 3225 alter,
1656 3159 1906 3213 conditus
1952 3160 2092 3214 vide-

554 3254 681 3308 licet
710 3268 807 3322 per
831 3254 1105 3311 Christum
1139 3270 1309 3308 novus
1346 3252 1594 3322 populus.
1623 3250 1793 3305 Porro
1821 3252 1979 3304 etiam
2015 3263 2097 3304 re-

553 3342 698 3413 liqua
719 3345 877 3414 hujus
899 3348 1089 3416 psalmi
1113 3347 1292 3400 omnia
1319 3359 1413 3414 per
1438 3345 1629 3397 horum
1655 3343 1893 3412 ipsorum
1921 3358 2096 3396 exem-

555 3436 672 3503 plar
703 3437 966 3507 intelliges
997 3458 1010 3492 :
1043 3453 1162 3507 quae
1208 3454 1336 3492 vero
1381 3448 1700 3506 sequuntur,
1732 3447 1784 3490 et
1827 3436 1980 3504 quasi
2027 3435 2097 3488 de

553 3527 876 3595 quibusdam
924 3527 1076 3581 Iudae
1119 3528 1243 3580 [iliis
1284 3528 1391 3580 dici
1421 3526 1693 3590 videntur,
1726 3526 1833 3579 illis
1866 3524 2046 3578 verbis
2076 3542 2089 3575 :

561 3634 580 3665 ι
608 3614 766 3669 Fiant
809 3616 902 3668 ﬁlii
947 3617 1066 3684 ejus
1110 3615 1342 3683 orpliani
1371 3614 1436 3676 °‘,
1467 3632 1486 3664 ι
1513 3623 1567 3668 et
1596 3626 1948 3682 quacumque
1991 3612 2097 3663 alia

556 3706 643 3761 bis
677 3706 872 3760 similia
905 3713 1061 3766 sunt,
1097 3704 1403 3757 referentur
1436 3704 1612 3772 primo
1642 3703 1857 3773 quidem
1888 3704 2007 3755 loco
2040 3702 2096 3754 in

556 3795 733 3864 ipsum
763 3792 955 3846 Judam
979 3834 993 3858 ,
1028 3801 1147 3862 post
1179 3794 1328 3846 illum
1358 3808 1485 3847 vero
1514 3794 1677 3847 etiam
1710 3795 1765 3847 in
1794 3808 1981 3847 omnes
2020 3792 2098 3844 illi

558 3884 768 3940 similes
812 3884 1048 3935 salutare
1095 3883 1317 3936 verbum
1366 3884 1680 3950 prodentes.
1725 3883 1925 3937 Eadem
1965 3896 2094 3936 vero

559 3977 773 4029 ratione
809 3975 1077 4044 intelliges
1119 3988 1342 4027 uxorem
1373 3989 1587 4043 quoque
1616 3975 1735 4043 ejus
1756 4013 1770 4037 ,
1800 3983 1853 4027 et
1882 3982 2099 4042 peccata

559 4065 762 4137 patris,
793 4072 846 4118 et
889 4064 1004 4133 ejus
1032 4079 1151 4133 quae
1196 4064 1365 4132 ipsius
1403 4073 1578 4118 mater
1607 4064 1826 4128 dicitur,
1866 4062 2100 4115 Iudaicae

561 4155 739 4225 gentis
768 4153 1020 4208 videlicet
1047 4153 1503 4223 congregationis.
1546 4152 1621 4209 De
1658 4154 1759 4207 hac
1786 4154 1928 4205 enim
1963 4151 2101 4204 arbi-

562 4254 679 4300 tror
705 4246 813 4300 dici
847 4246 978 4299 illud
1004 4264 1017 4299 :
1055 4264 1072 4295 ι
1104 4244 1169 4297 Et
1201 4251 1480 4313 peccatum
1511 4244 1702 4298 matris
1732 4245 1849 4311 ejus
1880 4257 1984 4295 non
2013 4242 2100 4294 de-

563 4336 738 4389 leatur
764 4336 828 4388 “.
862 4353 881 4386 ι
905 4334 1290 4389 Verumtamen
1334 4335 1475 4388 sicut
1517 4334 1571 4386 in
1614 4347 1678 4386 ea
1705 4346 1823 4400 qua:
1857 4329 2100 4398 proxime

2186 566 2315 619 εσχη
2325 549 2483 618 μένον
2504 566 2516 579 ·
2548 549 2659 602 ἀνθ’
2710 542 2806 613 ὧν,
2838 550 3073 619 ἐπειδήπερ
3100 549 3210 602 κακὰ.
3237 553 3319 605 ἀντι
3343 554 3474 621 ἀγονίαν

2186 636 2366 689 ἔθεντο
2409 638 2527 690 κατ’
2565 636 2750 697 αὐτοῦ,
2795 638 2890 689 καὶ
2921 640 3035 707 μῖσος
3068 639 3156 689 ἀντὶ
3188 640 3258 708 τῆς
3279 641 3480 709 ἀγαπήσεως

2187 728 2368 789 αὐτοῦ,
2416 730 2637 791 εἰκότως
2681 728 2936 795 ἐπιλέγει·
2974 747 2990 777 ι
3028 729 3285 799 Κατάστησον
3310 732 3366 782 ιτ
3393 734 3482 787 οὔτοι

2187 820 2519 890 ἁμαρτωλὸν,
2548 821 2640 872 καὶ
2671 819 2907 881 διάϐολος
2934 820 3073 888 στήτω
3089 820 3138 872 ἐκ
3157 819 3293 884 δεξιῶν
3309 822 3430 874 αὑτοῦ.
3448 825 3482 875 Ἐν

2185 910 2263 979 τῷ
2313 911 2589 980 κρίνεσθαι
2631 910 2790 963 αὐτὸν
2824 909 2995 975 ἐξέλθοι
3027 909 3426 979 καταδεδικασμένος,
3448 930 3482 965 ιι

2188 1003 2221 1072 ἡ
2268 1002 2537 1071 προσευχὴ
2585 1002 2749 1053 αὐτοῦ
2793 1000 3034 1070 γενηθήτω
3071 1001 3133 1062 είς
3166 1002 3382 1069 ἁμαρτίαν.
3414 1004 3484 1055 Γενι

2189 1090 2431 1160 θήτωσαν
2473 1094 2526 1143 αἱ
2578 1092 2778 1162 ἡμέραι
2825 1090 2966 1142 αὑτοῦ
2998 1090 3153 1157 ὀλίγαι,
3184 1091 3258 1142 καὶ
3278 1092 3350 1161 τὴν
3379 1094 3482 1144 ἔτιον

2190 1182 2294 1253 πὴν
2324 1181 2483 1236 αὐτοῦ
2520 1182 2728 1234 λαϐέτω
2757 1181 2958 1252 ἕτεροςο
2992 1202 3006 1231 i
3044 1180 3073 1233 ἃ
3103 1177 3182 1233 ’καὶ
3209 1182 3316 1233 αὐτὰ
3339 1184 3469 1234 ὁποίαν

2187 1276 2323 1345 ληφε
2360 1276 2456 1346 τὴν
2501 1274 2743 1337 ἔκϐασιν,
2765 1276 2794 1325 ὁ
2830 1275 2954 1344 ἱερὸς
2988 1273 3227 1335 ἀπόστολος
3265 1273 3420 1341 Πέτρος
3455 1291 3482 1324 τ

2188 1362 2362 1417 λαϐὼν
2407 1364 2749 1433 διεσάφησεν,
2793 1365 2875 1415 ἐπ’
2915 1364 3052 1416 αὑτὸν
3094 1364 3305 1431 προδότην
3339 1365 3487 1435 ὲφαρμί

2187 1453 2283 1522 τὴν
2331 1454 2569 1523 Γραφήν.
2603 1453 2711 1504 Καί
2760 1470 2840 1506 σοι
2872 1453 2921 1504 δὲ
2955 1452 3080 1521 αὐτῷ
3108 1454 3295 1521 πάρεστι
3329 1456 3478 1523 συνορᾷ

2191 1544 2266 1614 μὴ
2296 1543 2616 1596 καθέσταται
2663 1545 2756 1595 ἐπὶ
2803 1544 2861 1596 τὸ
2908 1544 3146 1596 Ἰουδαίων
3186 1543 3311 1605 ἔθνος
3348 1544 3483 1613 ἅρχων

2188 1635 2484 1706 ἡγούμενος
2512 1635 2850 1705 ἁμαρτωλὸς,
2869 1628 2910 1702 ᾧ
2934 1634 3055 1705 μετὰ
3076 1634 3136 1687 τὰ
3158 1633 3432 1703 τολμηθέντα
3455 1651 3480 1686 α

2190 1725 2329 1779 κατὰ
2378 1725 2469 1777 τοῦ
2529 1726 2775 1796 Σωτῆρος
2820 1726 2967 1796 ἡμῶν
3011 1726 3359 1796 παρεδόθησαν,
3395 1725 3486 1778 ἀντὶ

2192 1816 2360 1868 πάλαι
2402 1814 2611 1867 οἰκείων
2668 1817 2761 1868 καὶ
2808 1815 3051 1884 θεοφιλῶν
3096 1817 3336 1888 ἀρχόντων
3372 1816 3480 1869 ἁλλοι

2193 1911 2286 1962 καὶ
2321 1905 2722 1978 εἰδωλολάτραις
2764 1908 3023 1960 δουλεύειν
3069 1907 3488 1978 κατηναγκασμὲνο

2191 1999 2234 2051 δ’
2258 2000 2356 2051 οὐκ
2379 1999 2441 2051 ἂν
2458 1998 2752 2067 θαυμάσειε
2774 2000 3113 2069 προρρήσεως
3135 1998 3192 2050 τὸ
3217 1997 3479 2065 ἀποτέλεσμ

2194 2104 2382 2150 σαντος
2420 2088 2527 2157 γὰρ
2562 2087 2654 2140 τοῦ
2695 2087 2850 2155 λόγου
2877 2107 2889 2119 ·
2941 2106 2958 2137 ι
2999 2087 3366 2158 Τενηθὴτωσαν
3407 2090 3456 2142 αἱ

2193 2178 2351 2232 αὐτοῦ
2386 2179 2590 2246 ὀλίγαι,
2625 2198 2643 2230 ι
2682 2180 2848 2246 σαφὲς
2883 2179 3026 2241 ὅπως
3064 2179 3302 2249 βραχὺςὸ
3334 2180 3427 2242 πᾶς
3450 2179 3484 2231 δι

2196 2269 2331 2338 μετά
2348 2268 2443 2339 τὴν
2466 2270 2557 2321 τοῦ
2578 2270 2826 2339 Σωτῆρος
2852 2270 3008 2339 ἡμῶν
3031 2269 3311 2339 ἐπιϐουλὴν
3335 2270 3488 2323 absim

2192 2359 2311 2412 καθ’
2342 2359 2399 2411 ὃν
2433 2358 2614 2422 ἔδοξαν
2657 2359 2931 2429 διαμένειν
2955 2377 2970 2391 ·
3004 2359 3119 2430 μεθ’
3149 2360 3207 2413 ὃν
3235 2361 3328 2432 τὴν
3367 2361 3484 2412 ὑστά

2191 2450 2407 2519 ἐμειναν
2455 2450 2768 2520 πολιορκίαν
2805 2452 2903 2503 καὶ
2923 2451 3023 2521 τὴν
3055 2450 3294 2522 παντελῆ
3315 2452 3490 2522 καῦαἱι

2191 2534 2223 2608 ᾖ
2278 2541 2370 2592 καὶ
2416 2539 2515 2610 τὴν
2560 2541 2866 2611 ἐπισκοπὴν
2907 2542 3091 2595 αὐτῶν
3132 2543 3321 2597 ἔλαϐεν
3368 2544 3483 2612 ἔτερ

2191 2628 2422 2699 Χριστοῦ
2455 2631 2868 2701 συγκροτηθεὶς.
2911 2632 3029 2686 Καλ.
3065 2632 3140 2686 τὰ
3159 2632 3329 2689 λοιπὰ
3351 2635 3410 2688 δὲ
3439 2652 3492 2687 τι

2192 2720 2370 2781 αὐτοῖς
2404 2719 2611 2782 τούτοις
2650 2722 3018 2792 καταλλήλως
3059 2726 3312 2794 νοήσεις·
3347 2725 3415 2778 τὰ
3440 2726 3489 2777 δὲ

2192 2809 2315 2878 περί
2341 2824 2499 2860 τινων
2531 2809 2659 2861 υίῶν
2688 2810 2789 2862 τοῦ
2833 2811 3015 2865 Ἰούδα
3036 2812 3343 2884 λεγόμενα,
3368 2814 3427 2866 ὲν
3451 2830 3494 2865 τι

2194 2896 2441 2965 Θήτωσαν
2472 2899 2520 2949 οἱ
2561 2900 2667 2949 υἱοὶ
2697 2900 2880 2952 αὐτοῦ
2925 2902 3202 2972 ὀρφανοὶ,
3245 2924 3265 2954 ι
3304 2904 3490 2956 καὶτὰ

2194 2999 2282 3034 σια
2302 3024 2316 3049 ,
2355 2984 2591 3051 ἁνάγοιτ⁹
2624 2986 2689 3037 ἄν
2741 2988 2845 3039 καὶ
2887 2989 2979 3041 ἐπ’
3025 2991 3201 3044 αὺτὸν
3259 2992 3361 3063 μὲν
3396 3009 3494 3064 πρε

2192 3072 2281 3125 τὸν
2329 3073 2545 3139 Ἰούδαν,
2607 3076 2724 3144 μετ’
2775 3080 3008 3131 ἐκεῖνον
3065 3081 3128 3134 δὲ
3177 3085 3279 3136 καὶ
3319 3084 3416 3135 ἐπὶ
3464 3101 3496 3134 τ

2190 3164 2404 3234 ὁμοίους
2471 3165 2618 3235 αύτῷ
2683 3167 2786 3219 τὸν
2872 3172 3173 3244 σωτήριον
3233 3173 3410 3243 λόγον
3475 3192 3497 3227 1

2189 3256 2549 3327 Καταλλὴλως
2584 3256 2641 3309 δὲ
2688 3260 2941 3328 νοήσεις
2982 3265 3089 3316 καὶ
3119 3265 3233 3334 τὴν
3266 3270 3498 3334 γυναῖκς

2188 3346 2285 3408 τὰς
2305 3347 2572 3417 ἁμαρτίας
2598 3347 2705 3399 τῶν
2745 3351 3037 3423 πατέρων
3060 3355 3279 3420 αὐτοῦ,
3306 3359 3416 3412 καλ,
3441 3359 3500 3412 ττι

2194 3436 2391 3507 μητρὸς
2420 3436 2582 3488 αὐτοῦ
2608 3479 2622 3503 ,
2654 3437 2771 3509 τῆς
2802 3443 2916 3495 τοῦ
2966 3446 3273 3501 Ἰουδαίων
3306 3450 3504 3514 ἔθνους

2192 3528 2324 3598 Περὶ
2352 3527 2519 3595 αὐτῆς
2548 3527 2656 3598 γὰρ
2684 3531 2853 3599 ἡγοῦ
2867 3551 2983 3603 μαι.
3010 3536 3315 3607 λέγεσθαι.
3342 3542 3441 3606 τὶ),
3465 3563 3490 3594 ι

2192 3617 2282 3669 τία
2310 3615 2408 3684 τῆς
2430 3617 2633 3686 μητρὸς
2659 3620 2860 3674 αὐτοῦ
2903 3625 2992 3696 μὴ
3029 3629 3451 3705 ἐξαλειφθείη.
3489 3655 3506 3685 ι

2193 3708 2250 3758 ὲν
2276 3708 2340 3794 τῇ
2376 3706 2481 3776 πρὸ
2506 3706 2717 3778 ταύτης
2757 3719 3138 3791 προφητείᾳ.
3168 3723 3431 3794 multa;
3461 3744 3506 3780 κ

2198 3792 2394 3881 μάζετο
2439 3797 2468 3846 ὁ
2512 3795 2715 3867 Σωτὴρ
2771 3804 2890 3854 καὶ
2940 3806 3194 3877 Κύριος
3249 3792 3473 3881 ﬁngi»),

2196 3880 2472 3951 εδείξαμεν
2500 3883 2559 3933 ὲν
2586 3883 2707 3953 τῷ,
2756 3907 2778 3939 ι
2825 3892 3187 3967 Μακάριος
3227 3880 3512 3959 convvi:

2197 3970 2290 4021 καὶ
2327 3970 2552 4040 πένητα·
2593 3990 2611 4020 ι
2645 3974 2758 4026 τὸν
2798 3981 3008 4035 αὐτὸν
3057 3988 3312 4055 τρόπον
3349 3995 3465 4046 καὶ

2196 4058 2392 4128 ψαλμῷ
2433 4060 2642 4123 τούτοις
2690 4066 3153 4144 ἐπικέκληται
3208 4086 3352 4146 τοῖς
3390 4085 3506 4139 ὸνὸ

2198 4151 2290 4202 καὶ¹
2322 4150 2445 4202 τάδε
2462 4152 2782 4225 γενηθήτω
2803 4163 2907 4232 τῷ
2946 4167 3198 4232 Ἰούδα,
3221 4177 3343 4228 καὶ
3376 4184 3517 4241 τοῖς

2198 4242 2489 4315 ἐζηλωκόσι
2531 4245 2620 4299 διὰ
2656 4251 2751 4303 τὰ
2786 4259 3295 4334 τετολμημένα.
3324 4270 3518 4334 uini-9

2198 4333 2390 4399 ταῦτα,
2420 4336 2680 4406 ἐπιφέρει
2719 4341 2982 4414 λέγων’
3012 4328 3065 4404 Vc
3093 4328 3320 4413 ””Ανο’
3356 4358 3453 4416 ὧν

567 4425 857 4478 antecessit
900 4425 1213 4494 prophetia,
1266 4437 1468 4490 egenus
1515 4431 1568 4475 et
1611 4434 1814 4489 pauper
1861 4418 2042 4470 nomin

567 4512 724 4530 t_.,,4
773 4511 1015 4530 0-1”-..“
1068 4527 1119 4530 __
1171 4510 1421 4530 n_4._:_-_-
1458 4516 1638 4530 _--n-_
1690 4508 1849 4530 -.-|..n:
1891 4507 2037 4530 4.....-

2056 4432 2100 4530 ο·
2128 4448 2172 4502 D
2203 4425 2423 4530 ποιῆσαι
2455 4425 2598 4530 ἕλεος
2617 4468 2631 4492 ,
2672 4435 2804 4487 καὶ
2840 4444 3284 4514 κατεδίωξεν
3324 4454 3533 4530 ἅνῆρι

567 4512 726 4567 batur
773 4511 1019 4566 Salvator
1062 4527 1125 4565 ae
1167 4510 1426 4564 Dominus
1458 4516 1658 4569 noster,
1690 4508 1851 4561 veluti
1887 4507 2103 4560 demon-

567 4603 858 4658 stravimus
881 4603 935 4655 in
959 4604 1050 4655 illo
1083 4621 1096 4655 :
1125 4620 1143 4652 ι
1170 4600 1365 4654 Beatus
1390 4599 1482 4669 qui
1520 4597 1766 4666 intelligit
1797 4613 1961 4666 super
1986 4612 2106 4666 ege-

568 4709 696 4747 num
723 4701 774 4748 et
802 4708 1091 4764 pauperem
1109 4693 1150 4723 ⁸⁷
1173 4710 1184 4744 :
1214 4712 1230 4741 ι
1252 4692 1325 4743 ita
1349 4690 1509 4745 etiam
1536 4689 1589 4740 in
1620 4691 1868 4756 prresenti
1900 4689 2103 4758 psalmo

569 4784 760 4839 iisdem
786 4792 1010 4838 vocatur
1038 4782 1365 4836 nominibus.
1411 4779 1568 4833 Fiant
1607 4780 1751 4832 enim
1791 4781 1880 4833 illa
1919 4787 1973 4833 et
2012 4779 2100 4831 illa

572 4873 675 4940 ipsi
699 4871 879 4936 Iudae,
902 4873 1074 4940 iisque
1097 4871 1189 4939 qui
1220 4871 1298 4922 illi
1328 4869 1524 4924 similia
1547 4868 1783 4921 annulati
1812 4869 1921 4923 sint
1940 4907 1954 4932 ,
1983 4880 2103 4936 pro»

574 4970 693 5031 pter
720 4961 807 5014 illa
838 4978 955 5031 quae
985 4974 1069 5018 est
1100 4976 1296 5026 ausus,
1332 4960 1528 5029 inquit.
1560 4958 1813 5024 Quaznam
1846 4974 1971 5013 vero
2001 4960 2103 5011 ista

576 5051 719 5109 sint,
748 5048 986 5118 adjungit
1005 5089 1020 5114 ,
1055 5053 1243 5107 dicens
1273 5072 1286 5106 :
1326 5069 1342 5102 ι
1376 5050 1482 5106 Pro
1509 5066 1575 5106 eo
1603 5050 1748 5120 quod
1776 5066 1882 5105 non
1913 5057 1995 5104 est
2026 5063 2109 5103 re-

577 5136 834 5191 cordatus
872 5138 1049 5194 facere
1094 5142 1523 5197 misericordiam
1548 5181 1563 5206 ,
1597 5152 1650 5196 et
1683 5148 1998 5210 persecutus
2027 5146 2110 5193 est

579 5224 848 5280 hominem
902 5241 1189 5297 pauperem
1240 5242 1296 5284 et
1333 5248 1593 5303 egenum,
1639 5240 1693 5287 et
1730 5238 2108 5300 compunctum

580 5312 774 5374 corde,
798 5319 857 5362 ut
876 5325 1041 5370 morte
1068 5318 1315 5373 alliceret.
1346 5320 1412 5374 Et
1442 5323 1628 5378 dilexit
1655 5322 2105 5383 exsecrationem,

580 5408 637 5456 et
667 5396 846 5452 veniet
883 5399 953 5453 ei.
1001 5401 1067 5455 Et
1106 5407 1279 5460 noluit
1328 5408 1786 5480 benedictionem,
1818 5419 1872 5466 et
1918 5408 2103 5479 procul

582 5486 917 5544 movebitur
958 5488 1026 5543 ab
1061 5506 1125 5547 eo
1157 5496 1222 5549 “.
1250 5515 1271 5547 ι
1293 5495 1423 5555 Post
1470 5515 1592 5570 qua
1639 5505 1802 5560 verba
1851 5503 2105 5571 deinceps
2147 5556 2153 5563 .
2214 5502 2234 5520 '

2200 4516 2411 4583 πτωχὸν
2458 4518 2552 4569 καὶ
2588 4534 3238 4606 κατανενυγμένον
3275 4551 3368 4618 τῇ
3411 4516 3539 4624 κὰτ

2202 4622 2318 4717 Et:
2329 4608 2464 4717 fieri.
2491 4609 2798 4717 ἠγάπησε
2841 4629 3188 4703 κατάραν
3220 4608 3401 4705 ,κᾶχ

2201 4695 2458 4808 geel-trgi!
2478 4698 2841 4808 ζεὶῦλιογίοιν]ἶ
2892 4722 3031 4774 καὶ
3061 4695 3286 4801 ’μαιέρ
3296 4695 3544 4808 mea;

2323 4784 2909 4898 ﬁnisftxafa6ac;
2935 4848 2959 4871 .,
2990 4807 3221 4880 αὖθις
3257 4780 3548 4898 πένης-ιο

2202 4873 2290 4925 τὸν
2321 4874 2574 4945 ὀνομάζει
2603 4880 2856 4954 λέγων
2878 4913 2901 4926 ·
2958 4919 2985 4949 ι
3049 4873 3221 4961 Καί
3249 4873 3397 4973 (τὺ-,ν

2208 4979 2296 5014 σον
2347 4968 2463 5061 μετ’
2493 4969 2634 5061 ἐμοῦ
2712 4978 2935 5048 ἕλεος
2997 4991 3281 5053 ἕνεκεν
3332 4958 3553 5061 ’έοτζνν
