3740 6326
57 377 157 434 781

1024 379 1660 437 DEMONSTRATIONIS
1697 373 2143 431 EVANGELICIE
2185 373 2308 428 LIB.
2356 375 2422 427 Χ.

3153 379 3256 432 743

56 510 206 563 μενοι
252 494 655 567 ἐσλασφήμουν
700 497 855 550 αὑτὸν
882 537 896 560 ,
948 498 1214 562 κινοῦντες
1261 498 1356 560 τὰς
1397 497 1629 563 κεφαλὰς

1733 494 1966 547 oratione
2012 505 2360 560 progressus,
2405 505 2592 545 rursus
2624 505 2907 558 pauperem
2947 499 3106 562 atque
3134 507 3250 562 ego

53 583 255 648 αὐτῶν,
283 585 388 636 καὶ
419 585 672 654 λέγοντες
690 604 701 615 ·
718 606 736 638 ι
757 587 977 649 Ἀλλους
1009 587 1222 651 ἔσωσεν,
1248 587 1432 640 ἑαυτὸν
1451 587 1510 638 ού
1537 586 1628 637 δύ-

53 689 207 724 ναται
246 672 458 726 σῶσαι.
503 694 523 724 ι
569 676 715 727 Ἐπεὶ
736 675 791 726 δὲ
832 671 991 726 εἰσέτι
1020 675 1112 727 νῦν
1139 678 1187 728 οί
1219 676 1282 728 ἐκ
1314 676 1624 745 περιτομῆς,

51 762 143 833 1τὴν
166 761 282 816 τῶν
311 765 583 834 πατέρων
608 766 780 817 αὐτῶν
806 767 884 826 είς
912 767 1131 828 ἑαυτοὺς
1160 766 1294 836 ἀράν
1314 765 1623 834 ἐπισπώμε-

53 869 157 915 νοι,
199 851 567 922 βλασφήμοις
607 855 698 907 καὶ
728 855 941 906 ἀσεϐέσι
979 857 1178 924 ῥήμασι
1221 855 1626 923 ἀναθεματίζειν

51 941 138 994 τὸν
159 941 405 1011 Σωτῆρα
435 944 540 994 καὶ
567 942 765 1012 Κύριον
794 941 964 1011 ἡμῶν,
990 945 1081 995 καὶ
1103 945 1225 1005 τοὺς
1249 945 1326 1004 είς
1354 943 1509 996 αὑτὸν
1529 961 1624 995 πε-

52 1032 425 1094 ⁸ε.ιστευ>ιότας
477 1033 724 1094 ἅπαντας
769 1031 1020 1095 εἰώθασι,
1065 1033 1247 1084 τούτου
1305 1034 1456 1104 χάριν
1504 1035 1626 1103 ἑξῆς

55 1120 289 1188 ἐπιλέγει
309 1137 325 1150 ο
374 1140 394 1171 ‹
437 1121 855 1190 Καταράσονται
879 1123 1026 1174 αὐτοὶ
1044 1161 1058 1185 ,
1085 1123 1174 1174 καὶ
1201 1124 1264 1174 σὺ
1299 1123 1621 1192 εὐλογήσεις.

56 1214 113 1264 Οἱ
139 1211 583 1280 ἐπανιστάμενοί
607 1229 694 1280 μοι
723 1212 1170 1282 α-ίσχυνθήτωσανο
1196 1215 1223 1264 ὁ
1250 1212 1306 1264 δὲ
1332 1213 1507 1275 δοῦλός
1532 1231 1622 1266 σου

57 1301 520 1371 εὐφρανθήσεται.
572 1303 1005 1355 Ἑνδυσάσθωσαν
1031 1305 1078 1354 οἱ
1107 1303 1526 1366 ἐνδιαϐάλλοντές
1557 1321 1622 1372 με

57 1391 314 1462 ἐντροπὴν
335 1431 351 1454 ,
382 1393 488 1443 καὶ
515 1393 982 1462 περιϐαλέσθωσαν
1014 1392 1088 1453 ὡς
1114 1391 1348 1444 διπλοΐδα
1369 1393 1622 1463 αἰσχύνην

59 1479 244 1532 αὐτῶν.
296 1479 449 1547 Ἐγὼ
479 1480 540 1532 δὲ
566 1479 1018 1549 ἐξομολογήσομαι
1045 1476 1118 1546 τῷ
1143 1479 1324 1548 Κυρίῳ
1351 1479 1546 1548 σφόδρα
1566 1481 1621 1530 ἐν

58 1571 128 1639 τῷ
151 1570 382 1639 στόματί
425 1587 559 1640 μου,
591 1570 686 1621 καὶ
705 1569 762 1620 ἐν
795 1569 939 1638 μέσῳ
976 1568 1177 1620 πολλῶν
1208 1569 1400 1620 αἰνέσω
1423 1569 1577 1621 αὐτόν
1605 1589 1616 1600 ’

60 1661 133 1711 ὃτι
167 1659 425 1730 παρέστη
482 1661 550 1710 ἐκ
597 1657 782 1722 δεξιῶν
823 1657 1062 1726 πένητος,
1091 1657 1180 1709 τοῦ
1220 1657 1382 1709 σῶσαι
1415 1659 1476 1710 ἐκ
1517 1659 1620 1709 τῶν

65 1751 510 1804 καταδιωκόντων
551 1748 651 1818 τὴν
693 1749 867 1818 ψυχήν
912 1745 1030 1818 μου.
1069 1766 1086 1798 ι
1121 1749 1228 1799 Καὶ
1273 1748 1525 1817 πρόδηλόν
1560 1766 1618 1814 γε

65 1841 264 1902 ὁπόσοις
285 1840 470 1892 εἰσέτι
511 1840 609 1890 καὶ
629 1839 722 1891 νῦν
746 1840 794 1889 οἱ
817 1837 916 1899 τὰς
945 1839 1060 1889 κατ’
1089 1837 1246 1889 αὑτοῦ
1270 1837 1404 1906 ἀρὰς
1431 1839 1484 1888 ὲν
1513 1842 1627 1898 ταῖς

70 1930 261 1983 ἑαυτῶν
319 1932 681 1998 συναγωγαῖς
728 1927 1032 1996 ποιούμενοι
1081 1926 1357 1980 παλαίουσι
1409 1931 1590 1988 κακοῖς
1610 1967 1623 1988 ,

67 2020 162 2088 ἀπὸ
186 2019 292 2071 τῶν
320 2019 518 2072 αὐτῶν
552 2020 760 2088 χρόνων
797 2017 914 2086 μηδ’
941 2017 1074 2078 ὅλως
1099 2017 1384 2069 ἀνανεῦσαι
1413 2016 1625 2084 δεδυνη-

74 2085 224 2176 μένοι,
248 2108 400 2169 ὅπως
428 2123 493 2160 τε
517 2106 682 2167 αὐτὸς
711 2100 855 2158 αἶνον
874 2103 951 2172 τῷ
977 2104 1146 2172 Πατρὶ
1175 2106 1231 2155 ὲν
1259 2103 1404 2173 μέσῳ
1425 2104 1625 2154 πολλῶν

69 2195 221 2247 ἐθνῶν
251 2196 344 2247 τὸν
385 2193 484 2248 διὰ
530 2195 630 2262 τῆς
676 2192 866 2260 καινῆς
915 2189 1180 2260 Διαθήκης
1219 2189 1379 2242 αὑτοῦ
1429 2208 1626 2259 καταρ-

71 2283 274 2350 τίζεται,
307 2285 584 2352 συνεργὸν
613 2283 704 2334 τὸν
736 2280 968 2348 Πατέρα,
1001 2280 1091 2330 καὶ
1120 2279 1216 2346 τῆς
1247 2277 1434 2330 ἑαυτοῦ
1456 2277 1626 2342 δεξιᾶς

73 2375 318 2446 πάρεδρον
351 2369 737 2442 κεκτημένος·
771 2369 848 2421 διό
872 2383 1028 2438 φησιν
1048 2382 1061 2395 ο
1087 2384 1104 2415 ‹
1141 2367 1224 2418 Ἐν
1251 2366 1394 2435 μέσῳ
1423 2365 1624 2417 πολλῶν

76 2466 252 2517 αἰνέσω
278 2463 444 2516 αὑτὸν
463 2501 479 2524 ,
526 2463 609 2512 ὅτι
644 2460 888 2529 παρέστη
915 2459 976 2508 ἐκ
996 2455 1179 2519 δεξιῶν
1207 2456 1446 2524 πένητος.
1473 2474 1489 2503 ι
1520 2455 1625 2506 Καὶ

77 2554 158 2622 τὴν
190 2554 322 2622 μετὰ
362 2553 458 2604 τὸν
510 2551 740 2602 Θάνατον
773 2547 932 2598 αὑτοῦ
967 2546 1227 2616 σωτηρίαν
1257 2545 1508 2598 διδάσκει.
1543 2546 1626 2596 λέ-

79 2659 171 2708 γων
191 2657 204 2670 ·
245 2661 263 2692 ι
292 2640 399 2693 Τοῦ
440 2639 621 2692 σῶσαι
655 2639 718 2689 ὲκ
749 2635 855 2688 τῶν
888 2635 1315 2688 καταδιωκόντων
1341 2638 1434 2704 τὴν
1454 2635 1624 2704 ψυχήν

85 2749 195 2798 μου.
232 2751 250 2782 ι
299 2729 598 2798 Ἀνωτέρω
638 2727 766 2794 γοῦν
797 2727 969 2794 φήσας
999 2725 1087 2775 τόο
1119 2742 1136 2773 ι
1177 2724 1502 2785 Κατεδίωξεν
1530 2724 1623 2775 ἄν-

83 2818 274 2887 θρωπον
312 2820 532 2888 πένητα
558 2818 651 2868 καὶ
685 2817 892 2883 πτωχὸν
913 2853 926 2874 ,
961 2815 1051 2866 καὶ
1081 2812 1528 2879 κατανενυγμένον
1559 2815 1620 2881 τῇ

85 2909 256 2978 καρδίᾳ
279 2909 373 2960 τοῦ
410 2905 733 2959 Θανατῶσαι
753 2943 767 2966 ,
807 2923 824 2954 ι
855 2905 944 2955 καὶ
971 2902 1150 2969 σαφῶς
1171 2900 1406 2970 δηλώσας
1437 2900 1622 2952 ἐαυτοῦ

85 3000 160 3052 τὸν
177 3000 394 3052 θάνατον
419 3017 488 3052 πε
502 2997 786 3068 ριγρὰφων
805 2997 900 3064 τὴν
926 2995 1247 3064 προφητείαν
1268 2992 1361 3061 τὴν
1385 2991 1514 3060 μετὰ
1536 2993 1624 3043 τὸν

90 3090 286 3143 θάνατον
313 3089 479 3143 αὐτοῦ
519 3088 785 3156 σωτηρίαν
814 3084 1025 3155 ᾐνίξατο
1053 3083 1236 3135 εἰπών’
1263 3101 1279 3131 ι
1307 3082 1422 3132 Ὅτι
1465 3082 1626 3151 παρέ·

1730 599 1858 637 num
1895 583 2126 651 seipsum
2157 582 2429 642 nominat,
2460 581 2644 635 dicens
2671 601 2683 634 :
2714 601 2731 632 ι
2760 582 2824 634 Ει
2865 591 2917 636 tu
2940 625 2955 649 ,
2991 582 3212 637 Domine
3233 623 3251 649 ,

1729 674 1950 728 Domine
1971 715 1986 737 ,
2019 672 2101 726 fac
2130 690 2334 726 mecum
2365 672 2784 728 misericordiam
2816 685 3029 741 propter
3056 689 3249 727 nomen

1729 773 1906 826 tuum,
1941 762 2065 832 quia
2096 763 2324 832 benigna
2365 771 2445 818 est
2480 763 2846 816 misericordia
2895 773 2987 816 tua
3057 763 3271 818 Libera.

1727 866 1844 916 me,
1888 851 2013 918 quia
2055 866 2254 919 egenus
2302 861 2354 904 et
2394 867 2594 920 pauper
2625 867 2742 904 sum
2773 867 2869 919 ego
2899 853 2963 904 °’.
2995 871 3013 903 ι
3039 853 3248 918 Quibus

1727 949 1848 1009 post
1880 941 1981 994 alia
2010 940 2251 1010 adjungit
2283 961 2294 994 :
2325 961 2342 992 ‹
2369 941 2552 995 Genua
2586 955 2702 995 mea
2745 942 3006 994 inﬁrmata
3054 951 3178 996 sunt
3217 960 3248 997 a

1723 1032 1960 1100 jejunio,
1993 1039 2045 1086 et
2073 1047 2200 1086 caro
2228 1048 2342 1086 mea
2375 1034 2647 1086 immutata
2677 1041 2759 1086 est
2789 1040 3003 1101 pr0pter
3029 1035 3200 1086 oleum
3230 1052 3245 1088 :

1725 1128 1777 1174 et
1807 1136 1904 1189 ego
1935 1121 2107 1176 factus
2138 1138 2254 1176 sum
2306 1123 2650 1191 opprobrium
2699 1123 2824 1176 illis.
2859 1121 3117 1175 Viderunt
3165 1140 3248 1176 me

1725 1219 1777 1266 et
1811 1220 2093 1265 moverunt
2127 1214 2299 1281 capita
2330 1229 2424 1266 sua
2454 1215 2496 1243 "°
2522 1233 2534 1266 :
2568 1232 2586 1262 ι
2613 1228 2730 1280 quae
2758 1228 2885 1266 sane
2916 1215 3028 1282 ipsa
3063 1215 3252 1266 nihilo-

1725 1301 1902 1354 minus
1947 1318 2101 1355 suum
2150 1303 2305 1356 ﬁnem
2350 1314 2639 1356 consecuta
2671 1311 2829 1362 sunt,
2862 1319 2969 1371 quo
3010 1311 3250 1371 tempore

1723 1391 1812 1458 qui
1844 1393 2218 1459 prazteribant,
2257 1393 2650 1446 maledicebant
2685 1395 2733 1448 ei
2768 1401 3042 1446 moventes
3071 1395 3249 1459 capita

1725 1498 1821 1536 sua
1858 1491 1911 1537 et
1944 1483 2184 1537 dicentes
2211 1503 2222 1536 :
2251 1501 2270 1533 ι
2299 1485 2446 1537 Alios
2476 1485 2653 1538 salvos
2683 1485 2806 1538 fecit
2827 1525 2840 1547 ,
2872 1486 3104 1552 seipsum
3139 1500 3246 1538 non

1724 1581 1897 1640 potest
1925 1575 2129 1628 salvum
2157 1573 2332 1628 facere
2352 1575 2417 1627 ⁷¹.
2445 1573 2740 1638 »ρυοηὶοηι
2770 1590 2893 1627 vero
2916 1576 3073 1628 etiam
3103 1589 3249 1628 nunc

1721 1659 1887 1714 Judaei
1924 1671 2133 1729 patrum
2165 1676 2386 1716 suorum
2423 1663 2476 1714 in
2509 1663 2713 1731 seipsos
2739 1662 2901 1732 478
2933 1664 3252 1717 exsecratio-

1723 1765 1841 1803 nem
1881 1751 2214 1805 attrahentes
2254 1751 2676 1805 exsecrabilibus
2717 1758 2770 1804 et
2815 1753 3034 1804 nefariis
3070 1752 3250 1806 verbis

1663 1849 1698 1900 Β
1727 1840 1978 1894 detestari
2021 1840 2350 1893 Salvatorem
2392 1854 2455 1892 ac
2497 1839 2776 1891 Dominum
2821 1849 3102 1902 nostrum,
3139 1855 3249 1893 om-

1726 1945 1927 1997 nesque
1953 1930 2260 1997 quicunque
2300 1929 2353 1982 in
2385 1929 2542 1982 ﬁdem
2586 1929 2704 1996 ejus
2741 1930 3084 1990 transierint,
3127 1945 3250 1982 cou-

1725 2034 1944 2072 suevere
1965 2061 1979 2084 ,
2019 2019 2222 2072 idcirco
2262 2019 2512 2088 deinceps
2559 2018 2801 2086 adjungit
2834 2038 2847 2072 :
2881 2037 2899 2069 ‹
2931 2017 3247 2084 Maledicent

1726 2107 1830 2170 illi,
1857 2114 1908 2160 et
1936 2114 1993 2160 tu
2019 2106 2322 2160 benedices.
2356 2106 2457 2170 Qui
2489 2107 2770 2175 insurgunt
2798 2107 2849 2158 in
2882 2121 2964 2158 me
2984 2143 2998 2168 ,
3029 2104 3249 2158 confun-

1723 2193 1955 2248 dantur:
2003 2211 2192 2250 servus
2238 2203 2413 2248 autem
2456 2202 2583 2249 tuus
2623 2195 2904 2248 laetabitur.
2956 2194 3247 2246 lnduantur

1723 2285 1811 2354 qui
1857 2285 2142 2338 detrahunt
2173 2285 2338 2346 mihi,
2385 2284 2621 2351 pudore,
2667 2292 2719 2337 et
2749 2284 3056 2351 aperiantur
3110 2283 3247 2335 sicut

1723 2375 1991 2444 diploide,
2043 2373 2358 2428 confusione
2408 2389 2524 2428 sua.
2571 2373 2680 2442 Ego
2729 2381 2904 2425 autem
2955 2372 3247 2425 conﬁtebor

1726 2463 1945 2517 Domino
1969 2465 2022 2516 in
2046 2479 2140 2518 ore
2167 2479 2283 2518 meo
2312 2484 2325 2518 :
2349 2472 2402 2517 et
2430 2465 2482 2516 in
2513 2465 2685 2516 medio
2711 2464 2996 2515 multorum
3021 2461 3248 2514 laudabo

1723 2567 1862 2608 eum.
1919 2553 2178 2618 Quoniam
2226 2553 2398 2608 astitit
2437 2568 2464 2606 τι
2495 2553 2697 2608 dextris
2722 2551 3005 2622 pauperis,
3044 2558 3104 2604 ut
3141 2549 3248 2606 sal-

1723 2658 1840 2695 vam
1885 2642 2084 2697 faceret
2115 2659 2143 2696 a
2176 2644 2618 2712 persequentibus
2659 2644 2890 2695 animam
2938 2657 3108 2696 meam
3130 2643 3194 2696 "’.
3224 2659 3244 2692 ι

1723 2731 1786 2783 Et
1815 2747 1943 2786 sane
1969 2740 2179 2786 constat
2205 2749 2363 2801 quam
2395 2734 2579 2785 multis
2608 2732 2766 2784 etiam
2797 2746 2938 2784 nunc
2967 2731 3127 2783 rebus
3156 2729 3252 2782 ad-

1722 2823 1892 2874 versis
1935 2821 2306 2876 conﬁietentur
2352 2821 2656 2890 quicunque
2711 2820 3106 2875 exsecrationes
3157 2819 3251 2870 ad-

1722 2926 1906 2964 versus
1938 2911 2084 2964 illum
2118 2912 2171 2964 in
2223 2912 2334 2966 suis
2388 2911 2736 2965 conventibus
2779 2910 3014 2978 jactant',
3059 2909 3253 2976 quippe

1723 2999 1810 3064 qui
1840 3000 1906 3050 ab
1931 3001 2119 3053 iisdem
2153 3002 2482 3069 temporibus
2510 3018 2575 3053 ne
2606 3000 2870 3068 respirare
2895 2998 3129 3067 quidem,
3159 3005 3252 3048 aut

1725 3087 1993 3153 suspicere
2026 3104 2257 3156 unquam
2305 3089 2592 3157 potuerint,
2625 3102 2888 3155 quamque
2927 3086 3012 3138 ille
3031 3084 3254 3138 feliciter

93 3196 173 3248 ατη
203 3183 263 3232 ὲκ
298 3181 488 3246 δεξιῶν
529 3179 779 3248 πένητος,
808 3173 900 3226 τοῦ
936 3173 1100 3225 σῶσαι
1138 3173 1202 3223 ὲκ
1237 3170 1340 3222 τῶν
1373 3170 1623 3222 καταδιω-

1739 3192 1771 3228 η
1805 3177 1975 3230 medio
2008 3181 2291 3231 multarum
2339 3179 2572 3246 gentium
2619 3193 2711 3244 per
2759 3192 2911 3230 suum
2952 3176 3117 3243 ipsius
3148 3172 3255 3227 No—

92 3271 264 3324 κέντων
290 3272 386 3341 τὴν
417 3272 602 3340 ψυχήν
638 3284 758 3338 μου.
801 3284 819 3316 ι

1733 3277 1848 3315 vum
1884 3263 2276 3318 Testamentum
2299 3280 2397 3338 suo
2427 3263 2571 3317 Patri
2601 3264 2804 3316 laudem
2850 3263 3105 3330 perﬁciat,
3127 3261 3252 3314 dum

91 3365 308 3418 eumdem
367 3364 594 3418 Patrem
639 3361 939 3428 adjutorem
995 3361 1048 3408 et
1099 3369 1208 3408 sua:
1248 3353 1448 3406 dextra:
1485 3365 1809 3406 assessorem
1862 3356 2084 3420 obtinet,
2139 3371 2270 3423 quas
2321 3357 2388 3409 ob
2432 3371 2517 3409 res
2566 3355 2636 3406 ita
2667 3355 2972 3422 loquiturzr
3002 3353 3055 3405 ln
3079 3350 3256 3404 medio

92 3455 351 3508 multorum
393 3452 639 3507 laudabo
680 3462 826 3510 eum,
855 3445 978 3514 quia
1023 3443 1190 3496 astitit
1219 3456 1248 3494 a
1289 3439 1494 3493 dextris
1551 3441 1818 3506 pauperis.
1857 3459 1876 3492 ι
1918 3442 2150 3496 Salutem
2193 3454 2442 3512 praeterea
2479 3457 2596 3510 quae
2643 3441 2812 3508 ipsius
2873 3429 3097 3490 mortem
3164 3447 3252 3487 se-

91 3551 198 3594 cuta
255 3553 358 3607 est,
413 3545 581 3597 docet
627 3540 712 3594 his
757 3536 970 3592 verbis:
1020 3551 1039 3583 ‹
1074 3530 1140 3584 Ut
1185 3532 1384 3585 salvam
1439 3531 1637 3584 faceret
1669 3546 1698 3584 a
1736 3536 2174 3603 persequentibus
2207 3535 2433 3587 animam
2464 3547 2656 3586 meam.
2697 3549 2714 3581 ι
2749 3529 2919 3597 Supra
2960 3528 3101 3580 enim
3130 3541 3251 3579 cum

94 3629 203 3685 illud
224 3634 416 3688 dixerit
445 3652 459 3688 :
506 3650 526 3682 ι
564 3631 887 3685 Persecutus
923 3633 1006 3679 est
1036 3624 1299 3678 hominem
1331 3640 1614 3695 pauperem
1652 3637 1703 3682 et
1734 3644 1976 3698 egenum,
2010 3635 2062 3682 et
2093 3634 2466 3695 compunctum
2517 3625 2711 3686 corde,
2766 3632 2825 3676 ut
2869 3629 3037 3676 morte
3082 3618 3257 3672 allice-

94 3731 176 3783 ret,
204 3741 221 3773 ι
275 3725 551 3792 planeque
607 3733 760 3773 suam
808 3723 1033 3770 mortem
1089 3713 1442 3776 indicaverit,
1497 3715 1622 3768 dum
1655 3718 1983 3786 prophetiam
2030 3717 2425 3770 circumscribit
2465 3734 2478 3768 :
2520 3723 2633 3768 tum
2678 3728 2805 3767 vero
2867 3712 3089 3765 salutem
3136 3725 3256 3778 quas

94 3820 295 3866 mortem
342 3813 525 3881 ipsius
564 3817 752 3864 secuta
805 3813 921 3870 est,
971 3801 1327 3874 signiﬁcavit,
1389 3803 1573 3858 dicens
1609 3823 1622 3858 :
1667 3825 1684 3857 ι
1720 3807 1978 3872 Quoniam
2011 3809 2180 3860 astitit
2215 3822 2243 3860 a
2271 3806 2474 3860 dextris
2514 3804 2783 3874 pauperis,
2826 3809 2884 3855 ut
2946 3801 3144 3854 salvam
3177 3799 3255 3851 la-

95 3909 220 3956 cere:
246 3919 275 3957 a
305 3900 767 3972 persequentibus
792 3899 1020 3951 animam
1049 3910 1242 3950 meam.
1273 3911 1291 3944 ι

104 4013 226 4069 Ἀπὸ
243 4017 342 4070 τοῦ
357 4013 759 4083 Ζαχαριορμ-
775 4011 893 4083 Ἔτι
919 4006 1046 4083 ,περὶ
1067 4005 1169 4059 τοῦ
1186 4004 1364 4083 Ἰούδα
1389 4005 1483 4056 καὶ
1511 4003 1628 4083 τῶη⁵

151 4085 428 4153 amplam
445 4073 895 4153 ’ὥθ’-ὦν.τὸν-
917 4073 1128 4153 Κύριοῂ
1161 4073 1455 4153 προῦδωκε
1475 4111 1489 4134 ,
1527 4073 1623 4153 καὶ

154 4141 420 4219 ieci-1179
466 4146 781 4219 ἀποϐολῆς
826 4144 940 4219 τῶν
984 4142 1138 4209 παρὰ
1192 4141 1486 4204 Ἰουδαίοις
1533 4142 1624 4206 ἀρ-

149 4213 457 4287 χόᾶτωνὲε
491 4217 595 4270 καὶ
621 4213 978 4283 ἀρχομένων.

157 4346 175 4377 ι
202 4329 304 4380 Kal
348 4329 598 4398 λήψομαι
643 4321 862 4393 ἐμαυτῷ
918 4321 1008 4372 δυο
1050 4320 1303 4390 ῥάϐδους,
1355 4319 1452 4388 τὴν
1504 4319 1627 4388 μίαν

99 4426 305 4481 ἐκάλεσα
331 4429 560 4489 κάλλος,
599 4425 691 4476 καὶ
723 4423 819 4492 τὴν
853 4421 1036 4491 ἑτέραν
1059 4421 1286 4472 ἐκάλεσα
1318 4420 1625 4490 σχοίνισμα,

101 4525 180 4576 καὶ
206 4527 446 4596 ποιμανῶ
479 4525 550 4576 τὰ
585 4517 830 4592 πρόϐατά
859 4534 977 4585 μου,
1011 4516 1100 4567 καὶ
1127 4513 1301 4583 ὲξαρῶ
1334 4514 1455 4575 τοὺς
1486 4515 1630 4582 τρεῖς
1663 4517 1707 4571 ι)

104 4615 334 4683 ποιμένας
359 4617 416 4667 ἐν
457 4612 589 4683 μηνὶ
622 4611 734 4671 ἐνὶ,
768 4607 860 4658 κα)⁸
892 4603 1273 4674 βαρυνθήσεται
1296 4606 1326 4672 ἡ
1352 4602 1492 4671 ψυχή
1530 4617 1627 4667 μου

105 4701 175 4752 ἐπ’
203 4705 409 4766 αὐτούς.
442 4704 556 4756 Καὶ
579 4700 688 4768 γὰρ
725 4697 780 4748 αἱ
813 4694 974 4764 ψυχαὶ
1007 4693 1178 4745 αὐτῶν
1210 4690 1509 4762 ὲπωρύοντο
1545 4692 1629 4742 ἐπ’

108 4798 218 4865 ἐμὲ,
249 4803 338 4854 καὶ
379 4797 543 4854 εἶπα·
593 4798 668 4850 Οὐ
711 4791 955 4862 ποιμανῶ
991 4792 1160 4860 ὑμᾶς·
1203 4794 1261 4841 τὸ
1302 4787 1631 4856 ἀποθνῆσκον

109 4895 490 4968 ἀποθνησκέτω,
521 4897 616 4950 καὶ
639 4893 700 4944 τὸ
738 4889 981 4944 ἐκλεῖπον
1006 4887 1313 4948 ἐκλειπέτω,
1344 4885 1517 4938 καὶτὰ
1537 4902 1636 4937 κα-

113 4986 315 5042 τάλοιπα
346 4987 694 5044 ἐσθιέτωσαν,
717 4981 941 5040 ἕκαστος
961 4977 1058 5038 τὰς
1080 4976 1281 5046 σάρκας
1298 4975 1389 5026 τοῦ
1413 4975 1632 5044 πλησίον

116 5081 273 5134 αὑτοῦ.
307 5085 416 5136 Καὶ
443 5083 682 5154 λήψομαι
697 5076 796 5145 τὴν
822 5074 1007 5144 ῥάϐδον
1035 5071 1129 5140 τὴν
1159 5069 1341 5139 καλὴν,
1359 5071 1447 5122 καὶ
1471 5070 1636 5140 ἀπορ-

123 5179 238 5247 ρίψω
265 5184 428 5253 αὐτὴν
473 5182 566 5236 τοῦ
599 5175 944 5232 διασκεδάσαι
976 5173 1070 5241 τὴν
1110 5170 1374 5239 Διαθήκην
1413 5187 1540 5238 μου,
1570 5169 1638 5238 ἣν

121 5275 342 5352 διεθέμην
373 5282 505 5352 πρὸς
534 5279 746 5336 πάντας
773 5275 894 5334 τοὺς
922 5270 1100 5330 λαούς.
1132 5269 1238 5320 Καὶ
1266 5269 1641 5336 διασκεδασθή-

131 5391 254 5430 «erat
290 5382 344 5431 ἐν
375 5383 439 5450 τῇ
473 5379 658 5451 ἡμέρᾳ
703 5371 900 5442 ἐκείνῃ,
935 5370 1023 5422 καὶ
1055 5365 1342 5435 γνώσονται
1379 5367 1426 5418 οί
1465 5369 1641 5420 Χανα-

128 5469 240 5519 ναῖοι
282 5470 344 5522 τὰ
392 5471 642 5539 πρόϐατα
683 5460 756 5512 τὰ
801 5456 1168 5527 φυλασσόμενα
1215 5472 1320 5525 μοι,
1358 5455 1435 5506 ὅτι
1475 5457 1643 5522 Λόγος

137 5558 306 5631 Κυρίου
331 5565 459 5620 ἐστι.
480 5564 595 5619 Καὶ
628 5556 746 5627 ἐρῶ
773 5555 900 5625 πρὸς
916 5552 1104 5614 αὐτούς
1119 5566 1133 5580 ο
1156 5551 1217 5602 Et
1236 5548 1391 5602 καλὸν
1411 5550 1642 5609 ἐνώπιον

1726 3978 1769 4031 Α
1800 3977 2076 4030 Zacharia.
2106 4009 2175 4018 —-
2206 3977 2332 4030 Item
2387 3977 2449 4029 de
2479 3974 2620 4027 Juda
2671 3982 2720 4026 et
2771 3975 3048 4041 argenteis,
3072 3975 3254 4041 quibus

1795 4048 2074 4100 Dominum
2101 4047 2347 4113 prodidit,
2375 4052 2534 4113 deque
2559 4039 2987 4110 rejectione’apud
3017 4039 3251 4113 Iudaeos.

1796 4125 1902 4168 tam
1931 4111 2109 4168 eorum
2142 4116 2228 4184 qui
2285 4111 2623 4182 imperabant,
2687 4126 2839 4178 quam
2870 4126 3044 4161 eorum
3073 4111 3255 4179 quibus

1794 4184 2161 4248 imperabatur.

1805 4313 1822 4345 ι
1857 4294 1922 4346 Ει
1948 4293 2154 4362 capiam
2181 4291 2309 4344 mihi
2337 4289 2473 4343 duas
2500 4290 2696 4357 virgas,
2732 4304 2892 4343 unam
2916 4288 3101 4341 vocavi
3138 4289 3257 4355 pul-

1731 4385 2126 4445 chritudinem,
2181 4387 2234 4435 et
2293 4381 2513 4433 alteram
2570 4379 2754 4432 vocavi
2821 4376 3147 4441 funiculum,
3207 4388 3259 4429 et

1733 4488 1945 4543 pascam
1998 4487 2123 4525 oves
2173 4483 2351 4532 meas,
2407 4476 2458 4522 et
2509 4467 2748 4521 auferam
2799 4475 2909 4519 tres
2940 4473 3181 4534 pastores
3206 4467 3258 4517 in

1731 4575 1912 4616 mense
1943 4575 2081 4622 uno,
2119 4567 2171 4613 et
2215 4557 2518 4628 gravabitur
2555 4558 2731 4609 anima
2775 4570 2890 4608 mea
2937 4570 3098 4622 super
3148 4569 3258 4608 eos.

1731 4650 1891 4722 479
1917 4649 2122 4703 Etenim
2158 4649 2344 4700 animae
2367 4662 2550 4701 eorum
2586 4646 2860 4713 rugierunt
2885 4658 3045 4711 super
3065 4658 3148 4696 me
3165 4680 3180 4705 ,
3207 4653 3261 4695 et

1734 4742 1864 4802 dixi,
1895 4737 2008 4791 Non
2038 4754 2250 4806 pascam
2272 4754 2403 4802 vos;
2436 4737 2578 4806 quod
2612 4737 2855 4794 moritur,
2883 4733 3171 4793 moriatur,
3207 4741 3262 4783 et

1734 4830 1876 4900 quod
1895 4827 2090 4890 deﬁcit,
2117 4828 2325 4881 deﬁciat
2352 4847 2365 4880 :
2397 4834 2448 4880 et
2471 4840 2586 4893 qua:
2608 4823 2810 4890 reliqua
2842 4831 2967 4875 sunt
2986 4820 3259 4877 devorent.

1736 4917 2101 4987 unusquisque
2122 4931 2310 4970 carnes
2338 4916 2565 4983 proximi
2607 4913 2710 4975 sui,
2741 4921 2793 4966 et
2823 4911 3028 4978 capiam
3061 4910 3262 4979 virgam

1738 5009 2034 5078 pulchram,
2061 5012 2114 5058 et
2141 5004 2389 5072 abjiciam
2419 5017 2558 5063 eam,
2588 5000 2652 5052 ad
2675 4997 3044 5066 dissipandum
3075 4997 3263 5050 Testa-

1740 5105 1974 5153 mentum
2005 5109 2180 5148 meum
2202 5132 2216 5155 ,
2265 5093 2404 5162 quod
2431 5091 2666 5159 disposui
2701 5089 2765 5142 ad
2791 5105 2976 5143 omnes
3007 5087 3227 5157 populos
3247 5125 3262 5144 .

1742 5197 1794 5244 et
1825 5186 2170 5253 dissipabitur
2199 5183 2252 5236 in
2286 5184 2370 5237 die
2397 5182 2515 5243 illa,
2561 5187 2614 5234 et
2639 5187 2959 5248 cognoscent
2980 5177 3267 5231 Chananrei

1745 5293 1869 5333 oves
1893 5291 2009 5346 quae
2030 5275 2404 5330 custodiuntur
2435 5273 2562 5326 mihi
2582 5311 2595 5333 ,
2627 5271 2767 5339 quod
2798 5269 3030 5324 Verbum
3060 5267 3268 5322 Domini

1745 5375 1848 5429 est,
1877 5374 1929 5421 et
1955 5365 2129 5420 dicam
2162 5363 2228 5416 ad
2249 5378 2341 5417 eos
2369 5381 2380 5415 :
2417 5361 2470 5415 Si
2495 5363 2775 5416 honestum
2795 5360 2942 5414 estin
2976 5364 3268 5425 conspectu

1745 5468 1940 5521 vestro,
1974 5458 2094 5510 date
2116 5455 2411 5510 mercedem
2435 5467 2604 5508 meam
2627 5491 2642 5514 ,
2673 5459 2765 5504 aut
2803 5450 3033 5512 renuite,
3064 5455 3117 5502 et
3139 5461 3272 5501 con-

1746 5547 2028 5601 stituerunt
2057 5541 2356 5596 mercedem
2395 5553 2586 5603 meam,
2610 5536 2824 5606 triginta
2859 5540 3175 5604 argenteos,
3215 5537 3272 5583 θι

201 5713 238 5744 ⁸⁸
267 5713 421 5770 Palm.
451 5727 609 5774 cvnl,
652 5706 754 5770 91,
787 5703 869 5759 22.
940 5707 982 5739 "
1022 5702 1146 5758 ibid.
1179 5701 1262 5765 2‘,
1296 5701 1378 5755 25.
1457 5703 1500 5735 ⁷⁸
1545 5700 1627 5756 Ma

1769 5716 1940 5765 xxvn,
1976 5699 2060 5762 Η,
2103 5699 2188 5752 42.
2262 5700 2305 5730 τ’
2348 5695 2487 5750 Psal.
2517 5707 2677 5753 cvm,
2709 5688 2895 5743 “IS-3|.
