3740 6308
139 335 258 392 745

133 447 391 504 ἐνταῦθα
432 446 580 505 locate
605 440 696 507 τὸν
721 451 865 508 οἷκον
902 454 1102 529 Κυρίου
1127 451 1423 522 ὀνομάζειν.
1450 452 1706 517 Εἰπόντος
1733 460 1778 516 Α

132 532 281 602 γοῦν
315 538 415 590 τοῦ
450 541 680 610 Κυρίου,
711 541 850 596 κατά
879 544 1001 606 τοὺς
1033 544 1446 614 Ἐὁδομήκονταο
1471 561 1489 595 ι
1525 543 1703 604 Κάθες

131 626 348 690 αὐτοὺς
374 630 469 691 ,είς
486 630 550 682 τὸ
576 633 929 702 χωνευτήριον
950 673 964 698 ,
999 651 1018 684 ι
1046 634 1289 704 ὲπιφέρει
1309 649 1322 662 ·
1347 650 1366 683 ι
1387 631 1495 686 Kal
1522 633 1703 686 ἐνέϐα-

128 715 230 772 λον
272 720 481 784 αὐτοὺς
527 724 609 785 είς
653 722 743 776 τὸν
782 720 926 776 οἷκον
972 724 1192 793 Κυρίου,
1231 725 1311 787 είς
1352 721 1412 776 τὸ
1443 725 1705 793 χωνευτή-

130 820 280 879 ριον.
316 809 527 862 »’“Κατά
545 796 601 863 δὲ
622 812 712 864 τὸν
745 812 969 865 Ἀκύλαν
990 828 1003 843 ο
1037 833 1055 864 ι
1083 813 1335 887 Εἰπόντος
1359 812 1450 866 τοῦ
1479 812 1699 883 Κυρίουο

140 895 346 964 Ῥίψον
398 894 557 962 αὐτὸ,
585 917 603 950 ι
631 899 787 970 δῆλον
833 902 877 954 δ’
916 903 996 954 ὅτι
1024 902 1083 953 τὸ
1121 900 1402 972 ἀργύριον,
1437 900 1569 972 πρὸς
1613 902 1703 955 τὸν

130 984 419 1054 πλάστην,
448 988 723 1057 ἐπιφέρειο
758 991 895 1042 «Καὶ
920 990 1113 1060 ἔρριψα
1134 992 1190 1043 ὲν
1203 991 1332 1059 οἴκῳ
1344 992 1543 1061 Κυρίου
1569 991 1703 1061 πρὸς

128 1073 225 1125 τὸν
244 1074 536 1143 πλάστην.
565 1095 584 1127 ι
612 1077 769 1131 Κατὰ
788 1078 842 1130 δὲ
866 1078 953 1130 τὸν
981 1074 1262 1149 Σύμμαχον
1279 1096 1293 1109 ο
1318 1080 1597 1142 «Εἰπόντος
1609 1080 1702 1133 τοῦ

126 1163 376 1233 Κυρεοιν
416 1164 606 1235 Ῥίψον
629 1168 761 1220 αὐτὸ
804 1171 882 1231 εἰς
916 1170 974 1223 τὸ
1001 1170 1372 1239 χωνευτήριον,
1410 1190 1428 1222 ι
1461 1170 1702 1243 ἐπιφέρει

127 1253 316 1320 λέγων
337 1272 352 1284 ·
391 1273 411 1305 ι
449 1256 568 1308 Kal
596 1255 792 1328 ἔρριψα
824 1259 952 1310 αὐτὸ
981 1261 1058 1321 εἰς
1087 1259 1175 1310 τὸν
1207 1255 1348 1313 οἷκον
1375 1262 1596 1331 Κυρίου,
1626 1263 1703 1323 είς

125 1345 189 1397 τὸ
215 1344 629 1415 χωνευτήριον.
668 1364 686 1397 ι
735 1347 954 1418 Μήποτε
983 1349 1039 1401 δὲ
1062 1348 1154 1401 καὶ
1188 1348 1340 1402 τοῦτο
1374 1350 1700 1421 ἐπληροῦτο,

123 1432 215 1487 ὅτε
234 1453 255 1484 ι
282 1433 524 1497 Ἰούδας,
537 1447 559 1485 ι
577 1436 936 1506 όπαραδιδοὺς
953 1438 1042 1490 τὸν
1058 1437 1274 1506 Κύριον,
1299 1457 1317 1488 ι
1330 1438 1466 1501 ἰδὼν,
1480 1441 1560 1492 ὅτι
1576 1457 1703 1492 κατ-

123 1520 327 1593 εκρίθη
356 1561 375 1584 ,
430 1523 834 1593 μεταμεληθεὶς
875 1525 1176 1596 ἀπέστρεψε
1212 1530 1272 1579 τὸ
1313 1528 1565 1598 ἀργύριον
1594 1531 1703 1590 τοῖς

122 1610 465 1682 ἀρχιερεῦσι
500 1613 601 1664 καὶ
633 1614 1014 1685 πρεσὼτέροις
1034 1655 1048 1680 ,
1078 1616 1277 1684 λέγων·
1309 1618 1582 1687 Ἥμαρτον
1603 1627 1706 1669 πα-

125 1701 332 1771 ραδοὺς
389 1695 541 1770 αἷμα
579 1701 776 1757 ἀθῶον.
824 1705 886 1755 Οἱ
932 1704 988 1756 δὲ
1035 1699 1190 1758 εἶπαν
1238 1706 1417 1774 αὐτῷ·
1477 1704 1540 1759 Τί
1571 1695 1705 1777 πρὸς

121 1793 308 1861 ἡμᾶς
342 1792 418 1844 σὺ
450 1791 603 1859 ὄψει.
624 1792 735 1845 Kal
748 1791 907 1862 ῥίψας
919 1791 987 1845 τὰ
1008 1793 1239 1865 ἀργύρια
1260 1797 1337 1858 εἰς
1356 1788 1596 1859 τὸνναδν,
1619 1796 1699 1848 ἀν-
1731 1812 1772 1865 Β

126 1880 397 1953 εχώρησε
417 1897 433 1910 ο
468 1884 571 1933 καὶ
606 1880 853 1935 ἀπελθὼν
884 1883 1173 1954 ἀπήγξατο.
1205 1886 1267 1938 Οί
1311 1885 1368 1937 δὲ
1393 1885 1661 1956 ἀρχιερεῖς
1684 1926 1699 1951 ,

121 1967 399 2030 λαϐόντες
465 1966 540 2019 τὰ
595 1966 873 2039 ἀργύρια,
941 1966 1125 2023 εἴπανδ
1188 1973 1300 2025 οὐκ
1348 1958 1463 2024 ἐστι
1526 1973 1702 2043 βαλεῖν

117 2056 258 2110 αὐτά
312 2056 411 2119 si;
448 2056 546 2109 τὸν
591 2057 894 2127 κορϐανᾶν,
924 2058 1043 2111 ἐπεὶ
1075 2059 1204 2129 τιμὴ
1236 2060 1463 2130 αἵματός
1502 2063 1696 2115 ἐστιν.»

117 2147 480 2219 Συμσούλιον
534 2146 596 2201 δὲ
644 2148 896 2212 λαϐόντες
913 2189 928 2212 ,
973 2135 1244 2221 ἠγόρασαν
1297 2150 1355 2214 ἐξ
1396 2152 1568 2204 αὐτῶν
1615 2153 1702 2206 τὸν

117 2236 290 2310 ἀγρὸν
374 2236 481 2290 τοῦ
556 2238 846 2308 κεραμέως
923 2241 1002 2302 είς
1084 2240 1257 2309 ταφὴν
1326 2243 1453 2309 τοῖς,
1515 2240 1699 2305 ξένοις;

118 2330 208 2381 Διὸ
245 2327 478 2398 ἐκλήθη
512 2327 544 2378 ὁ
572 2313 743 2397 ἀγρὸς
781 2329 983 2391 ἐκεῖνος
1013 2323 1176 2398 ἀγρὸς
1205 2328 1446 2398 αἵματος,
1468 2330 1569 2393 ἕως
1608 2331 1705 2401 τῆς

119 2418 375 2488 σήμερον
406 2416 661 2487 ἡμέραςδ
694 2415 825 2469 Τότε
865 2415 1152 2488 ἐπληρώθη
1182 2417 1243 2469 τὸ
1275 2417 1432 2487 ῥηθὲν
1473 2418 1558 2470 διὰ
1607 2418 1703 2470 Ἰε-

122 2506 316 2579 ρεμίου
330 2505 438 2559 τοῦ
476 2506 762 2576 προφήτου
778 2504 1038 2573 λέγοντος⁸
1085 2506 1193 2557 Kal
1214 2504 1398 2557 ἔλαϐον
1440 2505 1505 2557 τά
1553 2505 1704 2573 τριά-

117 2615 285 2652 κοντα
318 2595 609 2667 ἀργύρια,
638 2596 737 2664 τὴν
778 2596 940 2665 τιμὴν
967 2594 1061 2647 τοῦ
1097 2594 1469 2664 τετιμημένου,
1503 2594 1561 2646 ὃν
1599 2596 1704 2647 ὲτι-

120 2689 371 2758 μήσαντο
408 2684 532 2738 ἀπὸ
562 2683 696 2736 υίῶν
737 2682 969 2753 Ἰσραήλ.
1006 2682 1111 2735 Καὶ
1135 2681 1333 2764 ἔδωκαν
1362 2682 1498 2735 αὐτὰ
1516 2685 1592 2745 είς
1613 2684 1702 2736 τὸν

116 2777 288 2848 ἀγρὸν
322 2773 429 2828 τοῦ
491 2771 820 2843 κεραμέως,
855 2769 997 2823 καθὰ
1028 2769 1274 2836 συνέταξέ
1305 2788 1391 2841 μοι
1420 2771 1634 2842 Κύριος
1676 2791 1695 2825 ι

122 2866 293 2921 Ἔνθα
326 2865 435 2919 καὶ
487 2855 826 2933 ἐπιστήσεις,
855 2860 975 2913 ἐπεὶ
1009 2860 1083 2932 μῆ
1111 2860 1278 2914 ταῦτα
1301 2852 1533 2932 φέρεταί
1549 2864 1606 2915 ὲν
1635 2866 1700 2934 τῇ

114 2958 207 3012 τοῦ
249 2952 544 3027 Ἰερεμίου
581 2951 905 3024 προφητείᾳ,
927 2950 1035 3003 εἴτε
1062 2951 1167 3021 χρὴ
1189 2952 1426 3004 ὑπονοεῖν
1448 2954 1705 3024 περιῃρῆ-

116 3048 237 3104 σθαι
290 3046 453 3102 αὐτὰ
502 3044 566 3111 ἐξ
614 3044 784 3113 αὐτῆς
833 3043 972 3095 κατά
1018 3058 1134 3094 τινα
1166 3041 1521 3112 ῥᾳδιουργίαν,
1551 3043 1583 3112 ἢ
1612 3043 1705 3095 καὶ

115 3138 348 3209 σφάλμα
397 3116 692 3207 γραφικόν
738 3130 1016 3201 γεγονέναι
1038 3167 1053 3194 ,
1103 3130 1205 3182 τῶν
1247 3131 1598 3202 ἀμελέστερον
1639 3133 1706 3186 τὰ
1731 3133 1772 3187 C

113 3228 220 3282 τῶν
251 3225 431 3299 ἱερῶν
456 3221 817 3291 Εὐαγγελίων
845 3221 1147 3290 ἀντίγραφα
1175 3220 1545 3290 πεποιημένων
1579 3238 1706 3290 σφα-

109 3318 297 3382 λέντος
332 3316 522 3378 τινὸς,
562 3313 661 3366 καὶ
700 3312 820 3365 ἀντὶ
871 3312 966 3382 μὲν
1009 3309 1102 3363 τοῦ
1147 3310 1405 3381 Ζαχαρίου
1447 3310 1706 3381 Ἱερεμίαν

108 3408 460 3470 τεθεικόεος,
498 3390 584 3467 ὡς
622 3403 742 3457 δέον
792 3401 967 3464 οὕτως
1014 3400 1452 3471 ἀναγεγράφθαι·
1500 3420 1519 3451 ι
1576 3396 1705 3455 Τότε

103 3498 426 3570 ἐπληρώθη
462 3493 533 3546 τὸ
572 3493 739 3564 ῥηθὲν
780 3492 869 3545 διὰ
909 3492 1174 3561 Ζαχαρίου
1214 3489 1305 3543 τοῦ
1336 3491 1604 3561 προφήτου
1627 3506 1642 3519 ο
1683 3509 1701 3542 ι

104 3588 228 3642 ἀντὶ
269 3589 333 3642 δὲ
375 3584 514 3648 τοῦ,
558 3600 580 3634 ο
635 3572 914 3635 Ἔνέὸαλον
958 3580 1154 3643 αὐτοὺς
1183 3580 1262 3642 είς
1301 3575 1391 3631 τὸν
1420 3575 1564 3632 οἷκον
1595 3580 1707 3633 Κυο

104 3680 248 3751 ρίου,
271 3681 365 3742 εἰς
399 3677 475 3730 τὸ
500 3674 888 3745 χωνευτήριον,
916 3688 935 3723 i
963 3670 1305 3741 ἑσφαλμένως
1336 3670 1702 3741 πεποιηκότος·

107 3787 126 3800 ο
160 3770 280 3823 Kal
315 3768 559 3822 ἔδωκαν
598 3763 738 3816 αὐτὰ
764 3766 843 3824 είς
865 3763 955 3815 τὸν
997 3761 1162 3832 ἀγρὸν
1206 3760 1298 3814 τοῦ
1329 3762 1628 3834 κεραμέως.
1682 3782 1701 3813 ι

94 3861 307 3929 Σαφῶς
332 3859 464 3928 γὰρ
499 3855 598 3909 διά
633 3852 732 3923 μὲν
763 3853 860 3922 τῆς
891 3851 1217 3923 προφητείας
1248 3854 1327 3914 είς
1351 3850 1441 3904 τὸν
1470 3853 1561 3906 τοῦ
1594 3855 1705 3917 Ku-

97 3954 218 4023 ρίου
253 3942 402 4004 ναὸν
442 3942 721 4017 ὲρῤίφθαι
753 3941 967 4009 λέγεται
998 3940 1058 3993 τὸ
1088 3940 1363 4011 ἀργύριον,
1397 3942 1491 3994 καὶ
1515 3942 1582 3994 δι’
1615 3943 1707 3994 add

88 4043 189 4095 τοῦ
223 4041 291 4094 δὲ
318 4038 435 4093 τοῦ
471 4032 819 4101 Εὐαγγελίου
844 4032 923 4093 είς
946 4031 1041 4083 ’τὸν
1069 4030 1209 4082 ναόν.
1238 4045 1257 4080 ι
1297 4029 1481 4099 Ῥίψας
1507 4030 1654 4098 γοῦν,
1682 4046 1701 4081 ι

90 4135 289 4203 φησὶν,
318 4150 340 4182 ι
380 4127 613 4188 Ἰούδας
631 4122 703 4176 τὰ
722 4121 958 4193 ἀργύρια
973 4122 1052 4182 είς
1072 4120 1161 4173 τὸν
1181 4119 1325 4183 ναὸν,
1345 4118 1668 4190 ἀνεχώρησε.
1681 4138 1700 4172 ›

86 4224 204 4276 Kal
251 4222 431 4283 εἰκός
468 4234 541 4287 γε
583 4213 645 4279 ἐξ
673 4214 894 4266 ἐκείνων
919 4210 1024 4264 τῶν
1054 4209 1327 4282 ἀργυρίων
1360 4209 1579 4280 βέϐηλον
1614 4224 1705 4276 γεὸ

85 4315 321 4381 γονέναι
350 4311 468 4364 τὸν
504 4305 663 4368 ναὸν,
699 4305 793 4357 καὶ
818 4301 1202 4372 πεπληρῶσθαι
1227 4301 1307 4365 τὸ,
1339 4317 1358 4351 ι
1399 4300 1526 4353 Ἰδοὺ
1556 4300 1707 4368 ἀφίε-

80 4422 176 4457 ται
208 4405 362 4475 ὑμῖν
401 4402 439 4453 ὁ
465 4395 627 4458 οἶκος
656 4393 809 4464 ὑμῶν
840 4391 1056 4463 ἔρημος.
1098 4410 1117 4442 ι
1151 4391 1257 4443 Kal
1286 4390 1387 4460 ὅρα
1417 4406 1478 4458 γε
1504 4392 1705 4460 μήποτε

80 4463 501 4563 Mptov
554 4486 590 4538 ὁ
641 4480 802 4563 οἶκος
839 4481 1041 4552 Κυρίου
1097 4480 1187 4533 διὰ
1230 4479 1384 4532 τοῦτο
1431 4479 1702 4549 κέκληται,
1738 4463 1779 4516 Ῑ)

79 4560 483 4655 ἐξεεπρήὼς
533 4579 599 4629 ὲν
644 4560 864 4645 χωνείᾳ,
902 4570 1351 4642 μεταπλάττεσθαι
1400 4568 1496 4631 τὰς
1534 4568 1706 4637 ψυχὰς

79 4675 149 4727 ὲκ
170 4675 288 4745 τῆς
324 4672 465 4727 τῶν
510 4668 683 4721 θείων
716 4665 887 4732 λόγων
921 4661 1209 4734 πυρώσεως
1247 4663 1302 4713 ὲν
1332 4659 1409 4728 τῷ
1444 4659 1534 4713 τοῦ
1571 4658 1702 4712 Θεοῦ

79 4764 224 4835 ob“?
273 4760 643 4835 wpaatver‘
677 4755 710 4825 ἢ
753 4753 925 4816 ἄλλως
956 4752 1307 4821 ἀπελέγχεται
1338 4751 1409 4819 μὴ
1442 4748 1701 4820 καθαρὰς,

79 4856 161 4919 ὡς
192 4858 261 4908 ὲν
294 4847 696 4925 χωνευτηρίῳ
741 4842 1083 4913 πυρουμένας
1127 4838 1221 4893 καὶ
1260 4838 1700 4908 δοκιμαζομένας.

82 4944 278 5017 Ὅπερ
330 4945 369 4997 ὀ
423 4937 703 4996 Ἀκύλας,
739 4952 759 4985 ι
798 4932 1055 5003 Ἐρριψα,
1099 4950 1117 4982 ι
1147 4932 1336 4999 φήσας,
1368 4945 1386 4977 ι
1438 4925 1499 4979 τὸ
1530 4929 1705 4998 ἀργύ..

85 5052 207 5105 μον
230 5038 303 5089 ἑν
333 5032 434 5103 τῷ
461 5029 614 5097 οἴκῳ
641 5022 853 5093 Κυρίου
886 5022 1017 5093 πρὸς
1054 5020 1140 5074 τὸν
1179 5018 1434 5086 πλάστην,
1465 5036 1485 5067 ι
1519 5017 1705 5087 σαφῶς

80 5125 372 5188 διδάσκει,
402 5124 501 5183 ὡς
533 5116 636 5171 τοῦ
654 5113 834 5180 Λόγου
867 5110 957 5162 τοῦ
974 5111 1112 5163 θείου
1142 5109 1290 5176 δίκην
1318 5105 1546 5159 πλάστου
1568 5123 1704 5160 κατ-

82 5217 390 5276 magno;
436 5213 533 5271 εἰς
571 5206 671 5258 τὸν
713 5199 871 5253 οἷκον
906 5200 1123 5269 Κυρίου,
1154 5198 1243 5250 καὶ
1267 5193 1577 5258 πλάττοντος
1607 5198 1704 5249 καὶ

85 5304 483 5362 ἀνανεοῦντος
526 5295 632 5356 τὰς
684 5290 803 5342 τῶν
839 5288 1156 5356 προσιόντων
1195 5282 1375 5352 ψυχάς,
1409 5283 1549 5355 Πλὴν
1581 5285 1702 5338 ἀλλ’

90 5390 334 5460 ἀπειπερ
370 5391 410 5458 ἡ
459 5383 605 5452 τιμὴ
638 5376 743 5429 τοῦ
793 5374 1142 5444 τετιμημένου
1184 5372 1258 5431 είς
1299 5370 1490 5460 ἐκεῖνον
1528 5387 1704 5443 μετα..

87 5457 361 5551 ϐληθεῖσα
391 5457 504 5526 τὸν
532 5468 694 5522 οἶκον
732 5460 964 5529 βέϐηλον
984 5461 1134 5514 αὑτὸν
1152 5457 1508 5551 κατεστήσατο,
1543 5463 1699 5514 εἰκό-

95 5543 198 5627 τως
242 5564 429 5622 εὐθὺς
482 5551 756 5613 ἐπιλέγει
788 5560 804 5573 ⁸
857 5562 879 5594 ι
933 5548 1032 5597 Καὶ
1074 5543 1323 5612 ἅπέρῤῐῷᾶ
1362 5544 1454 5615 τὴν
1484 5548 1695 5619 ῥάϐδον

156 5676 200 5706 π
244 5671 461 5726 “aut
502 5671 673 5718 In.”
701 5694 719 5717 ,
760 5653 933 5708 5-40.
999 5655 1042 5685 ⁷⁸
1075 5651 1246 5707 Matth.
1278 5668 1430 5720 xxut,
1464 5661 1563 5717 53.

246 5768 523 5827 Parnm,
600 5749 740 5809 Gn.
791 5744 991 5803 XX“.

1061 336 1697 399 nsuortsmmoms
1722 318 2164 396 suaet-3mm:
2194 340 2320 396 ιω.
2349 341 2419 399 x.

3223 341 3326 400 ἠδ

1804 468 1939 516 cem,
1974 453 2100 507 illud
2149 451 2443 522 adiungens
2472 472 2487 508 :
2530 429 3036 520 l’Quemadmodum
3069 457 3324 526 probatus

1804 555 1922 594 sum
1951 553 2047 608 pro
2082 540 2208 595 illis.
2251 559 2271 592 ι
2329 539 2620 596 Fornacem
2671 557 2794 596 vero
2844 544 2944 598 hoc
2991 544 3110 599 loco
3154 545 3324 613 ipsam

1801 628 2016 684 domum
2049 629 2255 685 Domini
2284 632 2561 686 nominare
2588 631 2820 688 videtur.
2846 626 2978 687 Nam
3000 649 3120 689 cum
3146 635 3326 689 Domi-

1800 733 1905 773 nus
1928 718 2154 784 dixerit,
2193 726 2253 774 ut
2289 724 2371 775 est
2415 721 2555 789 apud
2595 719 2728 773 LXX
2752 759 2767 783 ,
2800 738 2819 771 ι
2855 721 3068 779 Dimitte
3123 738 3219 779 eos
3267 725 3321 778 in

1798 805 2089 870 fornacem,
2130 818 2153 859 ι
2175 814 2288 862 tum
2321 807 2598 878 adiungit:
2632 826 2651 859 ι
2688 807 2752 862 Ει
2778 809 2980 878 proieci
3019 826 3112 867 eos
3138 812 3192 866 in
3225 813 3324 867 do-

1800 912 1887 951 mo
1910 896 2116 953 Domini
2145 900 2198 952 in
2224 898 2513 955 fornacem.
2548 917 2568 951 ι
2598 898 2664 954 Ut
2696 914 2820 953 vero
2856 908 2937 954 est
2977 902 3115 969 apud
3157 900 3326 972 Aqui-

1799 986 1924 1049 lam,
1959 1004 1978 1038 ι
2009 1002 2130 1041 cum
2163 987 2419 1043 Dominus
2446 989 2639 1042 dixerit
2668 1006 2681 1041 :
2728 986 2937 1058 Proiioe
2974 988 3106 1044 illud
3146 991 3321 1060 ipsum

1799 1076 2044 1132 videlicet
2094 1085 2369 1144 argentum
2416 1077 2482 1130 ad
2537 1077 2773 1147 figulum,
2807 1094 2826 1129 ι
2868 1087 2979 1132 ιιιιιι
3035 1079 3319 1150 adiungit:

1805 1183 1823 1214 ι
1864 1165 1927 1218 Ει
1958 1166 2156 1235 proieci
2202 1167 2328 1221 illud
2365 1168 2418 1221 in
2461 1167 2620 1223 domo
2661 1166 2868 1222 Domini
2906 1168 2973 1223 ad
3021 1168 3258 1239 figulum.
3298 1190 3318 1222 ι

1798 1256 1867 1308 At
1896 1271 2043 1319 vero,
2076 1271 2141 1310 ex
2170 1257 2474 1327 Symmachi
2498 1257 2747 1322 editione,
2766 1276 2786 1308 ι
2815 1272 2936 1312 cum
2959 1258 3214 1321 Dominus
3241 1260 3328 1314 di-

1802 1348 1971 1409 xerit,
2032 1347 2233 1415 proiice
2277 1346 2407 1401 illud
2438 1348 2490 1400 in
2536 1348 2829 1411 fornacem,
2868 1366 2887 1400 ι
2921 1356 3032 1403 ιιιιιι
3086 1350 3328 1421 adiungit

1799 1435 1957 1488 verba
1992 1435 2119 1489 illa:
2160 1454 2177 1486 ι
2207 1434 2269 1487 Et
2302 1433 2500 1502 proieci
2534 1434 2661 1489 illud
2716 1435 2772 1488 in
2824 1435 2983 1490 domo
3012 1435 3221 1492 Domini
3267 1439 3325 1495 in

1802 1522 2092 1578 fornacem.
2124 1534 2142 1574 ι
2175 1521 2308 1576 Num
2341 1523 2504 1591 igitur
2532 1523 2634 1577 hoc
2660 1530 2789 1577 tunc
2832 1522 3056 1579 forsitan
3086 1529 3324 1596 comple-

1801 1623 1909 1666 tum
1930 1622 2032 1679 est,
2058 1629 2178 1668 cum
2210 1629 2228 1662 ι
2259 1612 2452 1666 Judasi
2487 1612 2577 1681 qui
2603 1612 2880 1668 Dominum
2904 1615 3156 1683 prodidit,
3188 1634 3208 1667 ι
3245 1619 3326 1672 vi-

1801 1704 1933 1758 dens
1972 1703 2111 1772 quod
2141 1702 2527 1757 condemnatus
2555 1712 2717 1764 esset.
2751 1703 3062 1771 patuitentia
3089 1704 3283 1760 ductus
3303 1746 3320 1769 ,

1800 1792 1979 1847 retulit
2005 1800 2283 1861 argentum
2309 1791 2639 1861 principibus
2683 1793 3019 1847 sacerdotum
3059 1802 3113 1848 et
3149 1795 3324 1850 senio-

1802 1883 1969 1945 ribus,
1997 1881 2214 1935 dicens:
2251 1877 2469 1934 Peccavi
2496 1880 2712 1934 tradens
2736 1882 3044 1949 sanguinem
3068 1883 3323 1939 innoceno

1800 1978 1923 2023 tem.
1978 1968 2045 2021 At
2095 1969 2168 2022 illi
2225 1969 2476 2022 dixerunt
2528 1968 2616 2022 ei:
2659 1968 2798 2032 Quid
2833 1969 2899 2022 ad
2949 1970 3089 2024 nos?
3136 1981 3193 2025 tu
3238 1973 3324 2025 vi-

1799 2061 1963 2123 deris,
1990 2068 2043 2114 et
2084 2060 2337 2129 proiectis
2372 2058 2637 2127 argenteis
2692 2058 2747 2110 in
2795 2060 3011 2127 templo.
3053 2061 3321 2117 recessit:

1800 2160 1852 2205 et
1882 2152 2065 2206 abiens
2111 2152 2299 2218 laqueo
2349 2161 2407 2204 se
2464 2150 2759 2219 suspendit.
2816 2147 3090 2220 Principes
3144 2160 3323 2209 autem

1801 2240 2137 2294 sacerdotum
2158 2240 2396 2310 acceptis
2430 2242 2697 2313 argenteis
2726 2242 2975 2298 dixerunt
2999 2263 3013 2297 :
3052 2243 3169 2298 Non
3198 2246 3327 2300 licet

1800 2345 1893 2384 eos
1946 2324 2158 2385 mittere
2212 2332 2265 2384 in
2321 2328 2655 2395 corbanam,
2720 2332 2845 2401 quia
2903 2334 3131 2402 pretium
3196 2349 3324 2391 san-

1800 2419 1976 2489 guinis
2035 2428 2136 2474 est.
2193 2419 2433 2474 Consilio
2497 2428 2672 2473 autem
2732 2422 2908 2487 inito,
2965 2430 3210 2477 emerunt
3258 2439 3325 2479 ex

1802 2509 1905 2562 illis
1969 2523 2152 2577 agrum
2210 2509 2353 2578 ﬁguli
2410 2510 2464 2563 in
2515 2510 2840 2578 sepulturam
2900 2513 3321 2582 peregrinorum.

1799 2594 1955 2665 481
1988 2594 2323 2665 Quapropter
2351 2604 2570 2651 vocatus
2605 2607 2688 2651 est
2726 2612 2853 2667 ager
2897 2600 3005 2661 ille,
3037 2616 3164 2670 ager
3196 2617 3325 2656 san-

1798 2684 1994 2755 guinis,
2027 2700 2194 2755 usque
2219 2685 2286 2739 ad
2324 2697 2634 2755 praesentem
2671 2689 2829 2742 diem.
2871 2674 3022 2742 Tunc
3052 2690 3326 2760 impletum

1800 2781 1882 2828 est
1913 2775 2055 2843 quod
2084 2775 2286 2830 dictum
2322 2785 2404 2831 est
2434 2791 2528 2844 per
2572 2774 2856 2832 Jeremiam
2883 2779 3193 2849 prophetam
3244 2783 3330 2838 dl-

1801 2872 2007 2920 centem
2041 2878 2053 2918 :
2085 2865 2149 2919 Et
2177 2875 2498 2937 acceperunt
2534 2868 2750 2937 triginta
2791 2878 3071 2938 argenteos
3094 2873 3325 2940 pretium

1802 2953 2102 3023 appretiati,
2153 2956 2312 3026 quem
2363 2957 2793 3025 appretiaverunt
2831 2972 2860 3011 a
2904 2959 3027 3015 filiis
3056 2960 3239 3025 Israel,
3272 2968 3328 3017 et

1801 3041 2061 3096 dederunt
2090 3056 2185 3097 eos
2216 3044 2271 3097 in
2301 3059 2487 3113 agrum
2517 3045 2684 3115 figuli,
2717 3049 2859 3103 sicut
2892 3049 3168 3104 constituit
3194 3049 3326 3103 milii

1805 3128 2061 3185 Dominus
2083 3132 2148 3186 ".
2188 3149 2207 3184 ι
2241 3128 2341 3187 Ubi
2367 3133 2645 3203 diligenter
2673 3136 3057 3199 considerabis,
3079 3152 3199 3191 cum
3215 3139 3327 3194 hmo

1804 3234 1909 3272 non
1938 3220 2233 3274 habeantur
2260 3223 2398 3290 apud
2420 3221 2700 3278 Jeremiam
2730 3224 3061 3294 prophetam,
3092 3242 3216 3279 num
3238 3241 3330 3282 ar-

1804 3309 1993 3362 bitrari
2020 3318 2264 3378 Oportcat
2287 3325 2349 3364 ea
2404 3325 2499 3378 per
2536 3311 2820 3380 quamdam
2850 3312 3106 3367 malitiam
3139 3328 3204 3369 ex
3233 3316 3327 3369 illo

1804 3397 2012 3451 sublata
2037 3410 2177 3460 esse,
2221 3412 2289 3450 an
2325 3413 2450 3453 vero
2498 3399 2701 3453 librarii
2732 3409 2967 3455 erratum
3016 3403 3200 3466 fuisse,
3231 3406 3325 3474 qui

1804 3486 2153 3556 negligentius
2201 3495 2505 3542 sanctorum
2559 3487 2963 3559 Evangeliorum
3003 3494 3327 3560 exemplaria

1804 3573 2114 3637 confecerit,
2146 3581 2199 3629 et
2228 3589 2295 3649 ex
2327 3575 2646 3645 negligentia
2677 3576 2732 3629 in
2776 3588 3012 3631 errorem
3052 3577 3322 3644 inciderit,

1804 3673 1857 3717 et
1895 3676 1993 3733 pro
2032 3662 2290 3718 Zacharia
2323 3665 2563 3733 posuerit
2589 3663 2872 3720 Jeremiam
2908 3683 2924 3721 :
2956 3673 3158 3736 utpote,
3200 3678 3324 3723 cum

1804 3754 1878 3806 ita
1906 3753 2107 3822 scripto
2138 3768 2271 3822 opus
2294 3753 2469 3819 fuerit,
2496 3773 2515 3806 ι
2542 3761 2673 3809 tunc
2699 3756 3020 3825 completum
3050 3766 3151 3819 est,
3181 3758 3326 3827 quod

1804 3845 2004 3900 dictum
2038 3855 2121 3901 est
2152 3862 2245 3916 per
2268 3845 2580 3902 Zachariam
2596 3848 2964 3918 prophetam.»
2994 3847 3099 3905 Pro
3124 3864 3188 3905 eo
3230 3866 3329 3906 au-

1804 3944 1910 3992 tem
1941 3936 2083 4006 quod
2112 3944 2390 4006 perperam
2413 3944 2729 3993 conirersum
2757 3945 2840 3995 est
2868 3957 2883 3995 :
2922 3958 2942 3991 ι
2976 3939 3041 3995 Et
3066 3941 3329 3997 miserunt

1804 4041 1896 4081 eos
1925 4027 1979 4080 in
2011 4026 2169 4080 domo
2206 4025 2415 4082 Domini
2444 4029 2501 4081 in
2534 4027 2825 4096 fornacem,
2865 4046 2884 4081 ι
2915 4030 3117 4086 dictum
3146 4039 3229 4086 est
3256 4032 3329 4087 ιι.

1804 4115 1895 4170 lud
1927 4134 1943 4171 :
1978 4132 1997 4168 ι
2027 4114 2091 4169 Ει
2117 4116 2240 4171 dedi
2270 4131 2363 4172 eos
2391 4116 2446 4171 in
2482 4131 2668 4188 agrum
2721 4119 2885 4189 figuli.
2925 4139 2943 4171 ι
2989 4119 3152 4175 Plane
3181 4122 3327 4178 enim

1803 4206 1859 4260 in
1912 4206 2029 4275 ipsa
2086 4205 2360 4275 prophetia
2412 4208 2468 4261 in
2517 4208 2714 4276 templo
2770 4208 2976 4262 Domini
3029 4209 3327 4279 proiectum

1805 4294 1972 4351 fuisse
1999 4302 2276 4365 argentum
2308 4296 2524 4359 dicitur,
2557 4304 2611 4350 et
2650 4297 2716 4349 ab
2743 4295 3025 4366 Evangelio
3052 4300 3233 4354 itidem
3266 4302 3322 4356 in

1805 4387 2002 4477 templo
2033 4405 2048 4440 :
2084 4403 2104 4437 ι
2144 4385 2405 4455 Proiectis
2431 4385 2595 4450 enim,
2628 4386 2822 4456 inquit,
2860 4386 3024 4443 Judas
3061 4392 3328 4460 argenteis

1807 4478 1861 4530 in
1891 4474 2112 4545 templo,
2146 4476 2391 4530 recessit.
2440 4493 2458 4526 ›
2496 4474 2560 4528 Ει
2609 4490 2738 4531 sane
2780 4492 2988 4545 aequum
3018 4485 3101 4532 est
3124 4494 3187 4533 ex
3221 4480 3329 4535 illis

1809 4565 2074 4634 argenteis
2107 4566 2360 4634 templum
2412 4563 2578 4619 fuisse
2627 4563 2986 4633 profanatum,
3015 4573 3069 4620 et
3096 4566 3329 4636 comple-

1807 4655 1921 4710 tum
1964 4653 2130 4708 fuisse
2155 4654 2283 4708 illud
2321 4672 2335 4706 :
2375 4670 2393 4707 ι
2434 4652 2571 4706 Ecce
2598 4652 2919 4720 relinquitur
2946 4650 3096 4705 vobis
3139 4651 3329 4705 domus

1809 4753 1982 4801 vestra
2016 4743 2228 4797 deserta
2255 4745 2322 4798 ".
2358 4761 2375 4794 ι
2409 4745 2577 4797 Porro
2621 4748 2799 4795 autem
2840 4741 2999 4794 etiam
3046 4738 3174 4793 illud
3203 4753 3329 4794 con-

1807 4836 2085 4906 templare,
2132 4849 2259 4887 num
2316 4833 2502 4887 foruax
2548 4831 2692 4885 dicta
2750 4829 2822 4883 sit
2864 4828 3055 4882 domus
3096 4825 3327 4888 Domini,

1809 4936 2086 4998 propterea
2109 4923 2250 4993 quod
2280 4923 2334 4977 in
2355 4922 2552 4992 templo
2571 4919 2665 4974 Dei
2699 4920 2852 4988 quasi
2882 4918 2937 4971 in
2962 4915 3179 4972 fornace
3204 4929 3330 4971 conv

1808 5017 2031 5081 (latoris,
2053 5013 2261 5067 animos
2290 5027 2357 5066 ex
2387 5011 2688 5064 divinorum
2716 5018 3022 5062 sermonum
3052 5007 3231 5061 calore
3248 5013 3330 5059 ato

1808 5121 1911 5177 que
1956 5106 2081 5173 igne
2115 5101 2491 5156 transformari
2519 5098 2802 5167 contingit,
2856 5102 2948 5149 aut
2993 5096 3190 5167 alioqui
3221 5111 3331 5151 non

1808 5208 1970 5267 puros
1990 5196 2114 5249 dum
2147 5202 2402 5263 tanquam
2452 5192 2503 5244 in
2565 5189 2783 5244 fornace
2814 5188 2934 5256 igne
2960 5186 3327 5256 explorantur,

1806 5286 2072 5356 redargui.
2103 5283 2305 5338 Idcirco
2332 5281 2522 5349 Aquila
2568 5280 2693 5333 dum
2734 5278 2806 5330 ita
2860 5275 3123 5330 convertit
3157 5293 3171 5328 :
3210 5294 3230 5326 ι
3267 5275 3330 5327 Et

1808 5377 2034 5447 proiecit
2066 5382 2343 5442 argentum
2377 5371 2431 5423 in
2471 5370 2631 5423 domo
2660 5364 2870 5419 Domini
2917 5364 2981 5415 ad
3013 5364 3230 5434 ﬁgulum
3257 5404 3271 5427 ,
3308 5383 3327 5414 ο

1809 5465 1967 5533 plane
2007 5476 2107 5516 nos
2139 5461 2293 5515 docet
2339 5454 2786 5526 quemadmodum
2831 5451 3069 5505 divinum
3101 5449 3334 5505 Verbum

1810 5550 1983 5603 instar
2017 5546 2157 5614 ﬁguli
2192 5544 2392 5598 habitet
2420 5545 2474 5598 in
2501 5545 2661 5600 domo
2690 5538 2924 5601 Domini,
2953 5547 3006 5592 et
3033 5552 3221 5591 eorum
3246 5537 3341 5606 qui

2989 5742 3069 5798 ille
