3740 6286
531 314 634 370 ἠτ

1148 306 1410 363 EUSEBII
1449 304 1916 365 CESARIENSIS
1943 304 2095 361 OPP.
2135 305 2312 361 PARS
2340 305 2404 360 ll.
2449 334 2518 346 —
2555 303 3049 359 APOLOGETICA.
3520 302 3607 359 πε

532 433 658 485 illuc
690 426 951 482 accedunt
973 422 1180 478 animas
1209 424 1458 478 informet
1483 440 1545 478 ac
1572 431 1810 479 renovet.
1836 422 2062 477 Verum-

2169 425 2256 495 τὴν
2309 422 2562 493 δευτέραν
2615 422 2675 474 τὸ
2719 421 3016 489 σχοίνισμα,
3062 416 3152 471 τοῦ
3196 416 3498 471 διασκεδάσαι
3541 422 3612 491 τὴν

530 531 705 576 tamen
736 531 858 570 cum
891 515 1122 585 pretium
1155 515 1433 584 appretiati
1464 515 1517 567 in
1548 515 1638 567 illa
1681 515 1841 569 domo
1878 512 2057 581 proje-

531 618 695 670 ctum,
720 619 838 659 eam
869 604 1039 674 ipsam
1071 604 1350 674 profanam
1380 603 1695 663 reddiderit,
1726 604 1917 654 merito
1949 609 2060 655 sta—

530 696 625 751 tim
659 693 904 763 adiungit
941 712 954 748 :
990 712 1009 744 ι
1044 693 1109 746 Et
1135 694 1306 763 abieci
1336 694 1539 763 virgam
1562 695 1806 754 alteram,
1842 707 1963 759 qua:
1985 691 2062 745 di-

526 785 672 840 citur
701 783 994 845 funiculus,
1020 784 1086 837 ad
1106 783 1474 852 dissipandum
1505 790 1880 837 testamentum
1920 783 2062 837 inter

529 873 721 929 Iudam
751 882 804 927 et
831 873 1015 929 Israel.
1055 893 1073 922 ι
1126 872 1199 926 Ex
1241 874 1332 926 illo
1377 874 1519 927 enim
1554 873 1643 925 illa
1676 873 1850 941 gentis
1879 873 2062 926 multi-

532 964 663 1020 tudo
690 964 899 1032 abiecta
931 972 1013 1019 est
1032 963 1217 1033 procul
1237 963 1304 1016 ab
1337 964 1556 1032 antiqua
1590 963 1682 1016 Dei
1722 964 1909 1025 tutela,
1942 978 2062 1032 qua:

532 1053 686 1126 prius
706 1053 828 1106 illos
855 1052 1225 1106 conservabat.
1248 1050 1485 1105 Alteram
1513 1060 1689 1105 autem
1710 1051 1911 1121 virgam
1934 1060 2064 1120 puto

534 1160 632 1215 pro
662 1144 912 1199 universa
942 1143 1102 1196 simul
1127 1140 1349 1196 Judaica
1375 1148 1530 1210 gente
1561 1141 1663 1194 hoc
1704 1142 1759 1194 in
1802 1142 1921 1194 loco
1972 1156 2065 1194 ac-

533 1235 639 1304 cipi
674 1216 937 1303 Oportere.
961 1232 1079 1298 Qua
1109 1232 1176 1287 de
1205 1247 1368 1286 causa
1400 1231 1543 1285 illam
1574 1232 1734 1286 etiam
1766 1230 2063 1284 funiculum

534 1333 713 1389 vocat,
730 1325 944 1380 dicens:
962 1324 1123 1395 482
1142 1342 1160 1372 ‹
1193 1321 1363 1376 Unam
1386 1323 1570 1377 vocavi
1588 1322 2062 1391 pulchritudinem,

535 1428 587 1471 et
620 1417 841 1472 alteram
873 1417 1059 1470 vocavi
1092 1415 1412 1471 funiculum.
1448 1431 1466 1464 ι
1486 1412 1638 1468 «Tum
1663 1413 1729 1467 de
1755 1414 1925 1468 altera
1952 1414 2065 1468 evi-

536 1507 724 1561 denter
751 1505 993 1575 adjungit
1032 1504 1162 1558 illud
1183 1522 1203 1557 τ
1235 1522 1254 1553 ι
1297 1503 1362 1555 Et
1389 1502 1560 1572 abieci
1586 1503 1790 1572 virgam
1817 1504 2063 1564 alteram,

536 1610 655 1666 quae
681 1596 877 1661 dicitur
892 1596 1182 1657 funiculus,
1210 1594 1274 1648 ad
1297 1593 1664 1663 dissipandum
1682 1601 2063 1648 testamentum

537 1686 681 1739 inter
709 1682 902 1738 ludam
926 1693 979 1738 et
1017 1683 1209 1738 Israel:
1240 1701 1257 1733 ι
1291 1683 1553 1753 siquidem
1593 1682 1647 1735 hi
1682 1693 1845 1745 erant
1888 1691 1942 1735 et
1983 1683 2069 1734 l‘u-

2160 512 2427 583 Διαθήκην
2458 509 2561 564 άνὰ
2588 509 2747 580 μέσον
2786 508 2950 560 Ἰούδα
2975 507 3067 558 καὶ
3087 504 3188 557 ἀνά
3212 505 3355 574 μέσον
3384 504 3573 577 Ἰσραήλ.
3594 528 3611 559 ι

2174 598 2263 662 Ἐξ
2294 600 2499 652 ἐκείνου
2526 598 2636 667 γάρ
2673 613 2756 648 τοι
2783 596 2844 647 τὸ
2873 593 3070 663 πλῆθος
3097 591 3188 643 τοῦ
3214 591 3380 653 ἔθνους
3405 593 3615 665 duaple

2161 688 2261 757 τῆς
2290 688 2453 741 πάλαι
2482 686 2742 757 πρότερον
2774 680 3048 752 ὲφορὼσης
3078 680 3262 741 αὐτοὺς
3284 679 3539 748 ἐπισκοπῆς
3552 682 3616 733 τοῦ

2163 777 2312 831 Θεοῦ.
2345 776 2611 846 Δευτέραν
2652 774 2708 826 δὲ
2752 771 2938 841 ῥάϐδον
2989 767 3216 839 ἠγοῦμαι
3254 767 3311 820 τὸ
3349 768 3443 819 πᾶν
3468 766 3619 837 ἀθρόως

2176 867 2432 920 Ἰουδαίων
2460 864 2611 926 ἔθνος
2632 862 2860 915 ἐνταῦθα
2888 857 3187 930 δηλοῦσθαι.
3220 854 3376 908 Καλεί
3401 855 3439 907 δ’
3459 851 3534 908 οὖν
3554 855 3617 908 αύ-

2163 959 2260 1028 τὴν
2294 956 2595 1026 σχοίνισμα,
2628 953 2820 1021 λέγων·
2856 969 2875 1001 ι
2914 949 3023 1019 Τὴν
3059 946 3179 1018 μίαν
3222 945 3432 998 ἐκάλεσα
3468 944 3620 1010 κάλλος,

2167 1048 2258 1100 καὶ
2293 1047 2387 1116 τὴν
2419 1043 2673 1115 δευτέραν
2715 1041 2945 1095 ἐκάλεσα
2986 1038 3276 1107 σχοίνισμα.
3315 1054 3332 1086 ι
3367 1037 3462 1088 Kal
3498 1036 3621 1102 σαοιῖς

2167 1136 2399 1203 ἐπιλέγει
2425 1134 2550 1204 περί
2578 1132 2680 1202 τῆς
2708 1130 2964 1200 δευτέρας
2992 1127 3206 1196 φάσκων
3224 1142 3237 1154 ·
3260 1143 3278 1174 ι
3302 1125 3403 1177 Kal
3424 1124 3623 1195 ἀπέρῥιψι

2167 1227 2263 1295 τὴν
2293 1223 2477 1293 ῥάϐδον
2509 1222 2607 1289 τὴν
2649 1219 2906 1288 δευτέραν
2935 1218 2997 1270 τὸ
3036 1216 3326 1286 σχοίνισμα,
3356 1212 3439 1265 τοῦ
3476 1213 3623 1264 διασκε-

2168 1314 2321 1367 δάσαι
2349 1314 2445 1381 τὴν
2473 1310 2744 1381 Διαθήκην
2776 1306 2882 1360 ἀνὰ
2917 1306 3076 1377 μέσον
3117 1304 3279 1358 Ἰούδα
3300 1302 3387 1356 καὶ
3409 1302 3497 1355 ἀνὰ
3520 1301 3623 1371 μέσον

2182 1402 2409 1474 Ἰσραήλ.
2445 1420 2463 1452 ι
2502 1393 2662 1453 Οὗτοι
2697 1397 2805 1469 γὰρ
2836 1392 2977 1467 ἦσαν
2995 1396 3056 1447 τὸ
3091 1395 3362 1464 σχοίνισμα
3399 1394 3481 1444 καὶ
3517 1392 3624 1461 ἠρᾶ-

2171 1494 2290 1556 ϐδος
2311 1496 2344 1563 ἡ
2370 1491 2609 1562 δευτέρα.
2667 1490 2731 1541 Ἦ
2773 1488 2833 1539 δὲ
2869 1487 3106 1556 προτέρα
3137 1484 3320 1546 κάλλος
3355 1482 3624 1551 ὠνομασμένη

2171 1585 2275 1636 οὐδ’
2314 1583 2441 1650 άλλη
2486 1582 2693 1646 γένοιτο
2738 1576 2839 1646 τῆς
2896 1576 3240 1646 Ἰερουσαλὴμ
3270 1574 3439 1642 αὐτῆς,
3468 1571 3626 1639 καὶτῆς

2172 1673 2308 1728 κατὰ
2337 1673 2533 1725 Μωσέα
2573 1669 2848 1740 λατρείας,
2887 1669 3101 1737 ἁπάσης
3133 1682 3191 1718 τε
3221 1666 3314 1737 τῆς
3348 1664 3540 1724 παλαιᾶς
3560 1666 3627 1715 Δια·

537 1775 751 1829 niculus
777 1781 831 1829 et
861 1775 1004 1842 virga
1037 1775 1221 1828 altera.
1262 1774 1420 1827 Prior
1462 1781 1637 1828 autem
1676 1788 1794 1842 quae
1822 1771 2059 1840 pulchri-

2169 1765 2367 1834 θήκης·
2397 1762 2488 1814 καὶ
2518 1761 2674 1813 τοῦτο
2699 1761 2755 1812 δὲ
2799 1760 2859 1825 ἐξ
2888 1758 3061 1826 αὐτῆς
3101 1756 3412 1828 παρίσταται
3446 1756 3524 1823 τῆς
3548 1769 3628 1823 προ-

535 1864 671 1918 tudo
702 1863 975 1917 nominata
1002 1870 1105 1924 est,
1126 1878 1234 1916 non
1260 1865 1363 1916 alia
1396 1862 1556 1916 fuerit
1577 1877 1736 1932 quam
1767 1862 1881 1930 ipsa
1907 1860 2067 1915 Jeru-

536 1952 727 2015 salem,
754 1950 1105 2018 adoratioque
1132 1949 1386 2013 Mosaica,
1418 1951 1702 2019 omnisque
1727 1950 1903 2018 prisca
1937 1963 2070 2001 con-

537 2039 769 2101 stitutio,
809 2052 928 2106 quae
970 2044 1122 2091 vetus
1167 2038 1362 2092 dicitur
1410 2044 1809 2098 testamentum,
1862 2037 2069 2105 hocque

537 2129 715 2199 ipsum
743 2128 825 2182 vel
843 2144 906 2182 ex
940 2129 1054 2197 ipsa
1086 2128 1366 2197 prophetia
1395 2128 1550 2198 plane
1582 2129 1906 2188 constiterit,
1940 2126 2068 2180 dum

538 2217 615 2271 ait
648 2235 661 2271 :
701 2235 720 2268 ι
758 2217 823 2270 Et
856 2217 1062 2286 capiam
1084 2216 1286 2285 virgam
1317 2230 1489 2270 meam
1523 2215 1820 2284 pulchram,
1849 2223 1902 2269 et
1933 2215 2072 2284 abji-

536 2306 676 2361 ciam
705 2321 822 2360 eam
855 2306 919 2359 ad
952 2304 1323 2373 dissipandum
1357 2312 1735 2358 testamentum
1790 2319 1988 2357 meum.
2042 2322 2063 2354 ι

537 2391 702 2450 Vides
724 2403 781 2449 ut
811 2400 1185 2449 testamentum
1217 2392 1429 2460 quidem
1455 2408 1633 2456 suum,
1683 2392 1887 2460 virgam
1929 2390 2071 2458 prio-

539 2496 653 2536 rem
681 2497 803 2537 esse
829 2481 1057 2546 dixerit;
1090 2480 1315 2532 alteram
1338 2493 1467 2532 vero
1497 2477 1719 2547 virgam,
1746 2475 2066 2537 funiculum,

538 2581 593 2626 et
622 2580 797 2626 tamen
826 2587 881 2624 se
917 2577 1199 2636 utramque
1227 2567 1562 2634 abjecturum
1591 2566 1846 2625 minatur,
1881 2578 2072 2632 quam-

540 2662 624 2715 vis
677 2661 825 2729 prius
867 2659 1059 2713 dixerit
1106 2675 1119 2711 :
1170 2674 1187 2706 ι
1233 2655 1298 2709 Ει
1347 2655 1556 2723 capiam
1609 2654 1738 2706 mihi
1789 2653 1891 2720 ipsi
1926 2651 2070 2706 duas

540 2749 739 2817 virgas,
772 2762 933 2801 unam
964 2747 1145 2799 vocavi
1172 2743 1644 2814 pulchritudinem,
1664 2751 1715 2796 et
1737 2743 1956 2794 alteram
1979 2755 2072 2794 vo-

538 2839 657 2894 cavi
693 2837 987 2891 funiculum
1022 2856 1035 2890 :
1073 2855 1090 2887 i
1124 2852 1221 2904 pro
1247 2849 1355 2905 quo
1381 2834 1569 2904 Aquila
1592 2833 1805 2902 quidem
1830 2831 1908 2885 sic
1938 2846 2070 2884 con—

543 2925 701 2978 vertit
727 2943 747 2978 ι
782 2942 801 2974 ι
837 2922 1008 2977 Unam
1038 2923 1225 2976 vocavi
1252 2923 1522 2982 decorem,
1553 2929 1605 2974 et
1635 2920 1856 2972 alteram
1879 2919 2069 2972 vocavi

543 3013 860 3068 funiculum.
911 3029 929 3061 ι
967 3010 1319 3080 Symmachus
1349 3016 1526 3062 autem
1559 3026 1574 3061 :
1621 3025 1639 3058 ι
1679 3006 1825 3059 Hanc
1849 3005 2066 3074 quidem

540 3102 728 3157 vocavi
750 3101 1019 3163 decorem,
1050 3101 1193 3153 illam
1223 3108 1399 3153 autem
1447 3099 1632 3152 vocavi
1685 3095 2001 3150 funiculum.
2040 3114 2059 3146 ι
2092 3074 2135 3128 C

542 3191 654 3247 Hoc
707 3190 869 3259 igitur
910 3189 1177 3242 universa:
1220 3186 1395 3255 gentis
1439 3182 1855 3254 pulchritudinis
1908 3182 2070 3237 deco-

541 3281 722 3348 risque
757 3279 992 3339 nomine,
1023 3275 1258 3328 divinaui
1284 3276 1474 3343 legem,
1501 3279 1552 3326 et
1581 3272 1725 3341 quod
1749 3273 1804 3326 in
1833 3287 1895 3325 ea
1939 3287 2070 3325 con-

541 3370 739 3423 tinetur
756 3374 1161 3428 testamentum,
1185 3364 1377 3418 merito
1396 3363 1651 3432 appellat.
1681 3360 2069 3417 Venerabilitas

541 3459 682 3531 enim
712 3458 800 3511 illa
824 3456 973 3510 urbis
993 3453 1311 3520 Jerusalem,
1335 3461 1387 3508 et
1414 3467 1533 3522 quae
1563 3453 1616 3506 in
1642 3467 1712 3506 ea
1753 3451 1826 3505 ad
1871 3467 2069 3506 munus

541 3551 849 3622 pontiﬁcum
877 3548 1321 3616 sacerdotumque
1367 3545 1726 3614 pertinebant,
1752 3550 1864 3598 tum
1906 3545 2067 3598 etiam

539 3641 718 3695 omnia
748 3653 1076 3708 quaecunque
1103 3638 1228 3691 olim
1260 3636 1401 3705 apud
1436 3636 1555 3690 illos
1586 3636 1810 3704 populos
1840 3650 1902 3689 ex
1924 3635 2067 3688 divi-

541 3729 628 3782 nis
660 3727 886 3795 legibus,
916 3734 969 3779 ct
994 3740 1059 3778 ex
1088 3724 1254 3779 veteri
1277 3729 1596 3777 testamento
1628 3720 1692 3774 de
1723 3735 1869 3774 more
1917 3721 2069 3789 prius

542 3815 1072 3876 administrabantur,
1103 3812 1298 3866 decens
1320 3811 1537 3880 quidam
1561 3817 1782 3864 ornatus
1806 3809 1872 3862 iis
1891 3816 2065 3874 erant,

539 3906 631 3975 qui
662 3904 857 3957 talibus
877 3904 1035 3957 rebus
1065 3910 1404 3956 ornarentur.
1428 3899 1723 3954 Funiculus
1752 3909 1927 3952 autem
1952 3900 2069 3968 ipsa

539 3993 712 4063 gentis
733 3990 1017 4049 multitudo
1040 3992 1178 4060 apud
1213 3991 1385 4059 ipsum
1406 4005 1623 4059 quoque
1654 3988 1851 4043 Mosem
1879 3998 2066 4044 vocata

539 4089 642 4143 est,
671 4080 723 4132 in
759 4078 865 4132 illis
903 4080 1120 4133 verbis:
1168 4098 1189 4129 ί
1226 4077 1385 4132 Facta
1415 4086 1497 4132 est
1527 4078 1700 4146 portio
1731 4077 1937 4132 Domini
1974 4095 2069 4148 p0-

540 4170 696 4240 pulus
717 4168 833 4236 ejus
851 4167 1037 4233 Jacob,
1065 4168 1334 4224 funiculus
1358 4170 1669 4224 hereditatis
1696 4169 1813 4236 ejus
1839 4169 2016 4225 Israel.
2042 4190 2061 4222 ι

538 4262 607 4313 At
623 4275 748 4315 vero
764 4261 987 4329 hujusce
1004 4262 1284 4330 utriusque
1301 4261 1461 4329 virgae
1485 4259 1850 4320 mutationem.
1876 4275 2068 4329 magno

540 4348 741 4417 impetu
772 4348 1004 4402 futuram
1039 4350 1105 4403 iis
1134 4348 1486 4417 temporibus,
1524 4347 1590 4400 de
1641 4347 1834 4415 quibus
1861 4346 2065 4438 dictum
2095 4383 2140 4438 ο

538 4447 642 4502 est,
674 4438 911 4494 divinat:
946 4447 1150 4509 utpote,
1193 4453 1315 4492 cum
1358 4446 1412 4491 et
1454 4448 1628 4501 vetus,
1661 4437 1801 4506 quod
1835 4424 2065 4506 prius'in

538 4542 602 4581 ea
622 4536 756 4593 erat,
780 4536 1176 4589 testamentum,
1204 4534 1256 4581 et
1287 4527 1630 4597 pulchritudo
1655 4543 1774 4596 quae
1804 4529 1857 4581 iu
1884 4528 2070 4582 eadem

537 4616 664 4669 olim
685 4619 1026 4681 cernebatur,
1059 4616 1283 4670 delenda
1313 4616 1472 4669 fuerit
1495 4623 1548 4669 et
1576 4616 1640 4669 ad
1674 4618 1898 4671 nihilum
1928 4618 2074 4671 redi-

543 4708 736 4775 genda,
788 4706 1016 4762 simulac
1056 4705 1226 4775 pretio
1271 4706 1412 4759 illius
1458 4706 1763 4770 aestimato,
1832 4708 1923 4777 qui
1976 4708 2073 4760 tri-
2112 4710 2123 4717 ‘

536 4796 685 4865 ginta
713 4797 980 4866 argenteis
1027 4796 1323 4850 aestimatus
1355 4804 1456 4859 est,
1511 4796 1588 4850 illi
1641 4812 1736 4866 pro
1782 4812 1878 4851 sua
1919 4798 2065 4865 ipso-

542 4895 658 4936 rum
705 4883 976 4952 impietate
1033 4885 1233 4938 meritaa
1294 4885 1601 4953 ignominiaa
1659 4887 1877 4941 obnoxii
1941 4888 2067 4941 l‘acti

542 4976 694 5029 sunt;
720 4971 852 5025 dicit
885 4973 1045 5042 igitur
1079 4992 1092 5027 :
1128 4992 1145 5023 ι
1185 4973 1248 5026 Et
1276 4975 1483 5043 capiam
1514 4977 1717 5045 virgam
1752 4992 1918 5030 meam
1950 4977 2067 5044 pul-

541 5055 748 5120 chram.
778 5067 831 5111 et
854 5060 1103 5128 abjiciam
1125 5078 1239 5117 eam
1271 5064 1338 5117 ad
1372 5065 1743 5134 dissipandum
1777 5076 2062 5120 testamen-

544 5150 658 5197 tum
685 5160 881 5200 tneum.
909 5168 928 5199 ι
950 5149 1015 5203 Et
1030 5168 1219 5208 rursus
1241 5174 1254 5209 :
1280 5173 1298 5206 ι
1321 5154 1386 5209 Et
1407 5156 1576 5224 abjeci
1601 5157 1799 5225 virgam
1818 5156 2062 5219 alteram,

544 5244 665 5298 qua
679 5231 875 5286 dicitur
896 5236 1184 5295 funiculus.
1209 5263 1226 5291 ι
1245 5243 1323 5296 Ad
1344 5246 1474 5307 haec,
1498 5260 1616 5298 cum
1634 5247 1686 5299 in
1704 5244 1976 5313 pr0phetia
1993 5243 2067 5297 di-

546 5327 702 5371 catur
718 5319 873 5374 illud:
897 5341 915 5372 ι
936 5323 1000 5378 Et
1015 5326 1249 5382 auferam
1263 5339 1369 5385 tres
1385 5342 1627 5402 pastores
1645 5334 1697 5386 in
1711 5346 1892 5386 mense
1904 5345 2028 5392 uno,
2043 5348 2059 5378 ι

543 5405 706 5480 m
730 5407 959 5462 arbitror
1003 5413 1086 5474 sic
1126 5427 1234 5473 tres
1270 5425 1484 5479 ordines
1526 5438 1712 5478 eorum
1756 5419 2068 5490 signiﬁcari.

547 5496 639 5564 «ιυί
666 5494 793 5549 om“
824 5498 1017 5564 Ροβιιιο
1058 5501 1146 5556 Dei
1193 5520 1448 5574 pmerant
1516 5528 1722 5580 regum,
1757 5510 2067 5581 pontiﬁcum

544 5595 599 5646 et
625 5582 1037 5654 prophetarum;
1067 5596 1319 5659 quoniam
1354 5600 1418 5652 ab
1454 5598 1538 5656 his
1571 5605 1761 5659 tribus.
1791 5601 1941 5672 quasi
1974 5615 2068 5670 pa-

2171 1849 2391 1920 φητείας
2431 1850 2709 1919 φησάσης*
2748 1866 2770 1898 ‹
2825 1847 2938 1900 Καὶ
2979 1844 3217 1915 λήψομαι
3260 1845 3352 1914 τὴν
3395 1842 3547 1915 ῥάϐδον
3570 1858 3628 1912 μω

2168 1942 2267 2011 τὴν
2306 1938 2493 2009 καλὴν,
2537 1939 2629 1992 καὶ⁵
2675 1936 2971 2009 ἀπορρίψω
3018 1936 3205 2006 αὐτὴν,
3242 1938 3331 1987 τοῦ
3376 1933 3629 1987 διασκεδάσαι

2168 2030 2265 2100 τὴν
2302 2030 2565 2101 Διαθήκην
2613 2045 2733 2099 μου.
2775 2047 2794 2078 ι
2845 2028 3009 2099 Ὁρᾷς
3053 2028 3130 2090 ὡς
3172 2027 3269 2096 τὴν
3315 2024 3403 2097 μὲν
3443 2024 3631 2092 Διαθήκην

2171 2120 2361 2174 ἑαυτοῦ
2401 2121 2497 2190 τὴν
2541 2118 2733 2190 ῥάϐδον
2783 2118 2987 2189 ἔφησεν
3033 2114 3172 2170 εἶναι
3220 2118 3314 2188 τὴν
3359 2115 3555 2187 πρώτην,
3575 2115 3632 2180 τὴν

2169 2212 2423 2282 δευτέραν
2442 2211 2513 2279 ,δὲ
2563 2209 2753 2279 ῥάϐδον
2789 2208 2852 2261 τὸ
2900 2209 3209 2278 σχοίνισμα,
3254 2206 3382 2278 πλὴν
3410 2204 3632 2275 ἀμφοτέρας

2169 2302 2267 2366 τὰς
2295 2300 2515 2371 ῥάϐδους
2541 2298 2866 2369 ἀπορῥίψειν
2889 2299 3126 2363 ἀπειλεῖ,
3148 2297 3408 2371 προειπὼν
3438 2297 3631 2367 πρότερον·

2176 2410 2195 2442 ι
2235 2392 2344 2443 Καὶ
2373 2389 2606 2460 λήψομαι
2652 2387 2878 2458 ἐμαυτῷ
2907 2388 3001 2440 δύο
3034 2388 3284 2457 ῥάϐδους·
3318 2387 3406 2458 τὴν
3437 2386 3536 2456 μίαν
3551 2383 3633 2435 ἑκά-

2170 2481 2299 2533 λεσα
2329 2479 2539 2542 κάλλος,
2566 2477 2660 2530 καὶ
2688 2478 2790 2549 τὴν
2817 2477 3077 2549 δευτέραν
3106 2479 3334 2532 ἐκάλεσα
3360 2477 3632 2546 exabusus”

2170 2569 2285 2622 ἀνθ’
2329 2562 2402 2620 ὧν
2450 2568 2478 2619 ὁ
2524 2566 2620 2637 μὲν
2665 2566 2900 2628 Ἀκύλας
2950 2569 3116 2638 φησί’
3159 2588 3178 2618 ι
3208 2569 3313 2640 Τὴν
3347 2568 3455 2638 μίαν
3481 2564 3636 2617 ἐκάλεσε

2170 2656 2518 2727 εὐπρέπειαν,
2550 2654 2641 2707 καὶ
2672 2655 2774 2724 τὴν
2808 2655 3003 2726 ἑτέραν
3035 2657 3265 2709 ἐκάλεσα
3310 2657 3566 2727 σχοίνισμα·
3590 2651 3638 2701 »ὁ

2167 2746 2223 2798 δὲ
2267 2746 2587 2815 Σύμμαχος*
2635 2766 2654 2797 ι
2705 2747 2818 2817 Τὴν
2856 2748 2954 2816 μὲν
2986 2747 3218 2799 ἐκάλεσα
3262 2741 3638 2817 εύπρέπειαν,τὴν

2167 2836 2223 2888 δὲ
2259 2837 2384 2907 μίαν
2422 2837 2651 2888 ἐκάλεσα
2687 2837 3001 2908 σχοίνισμα.
3043 2859 3061 2889 ι
3108 2839 3274 2891 Τοῦτο
3302 2838 3392 2908 μὲν
3413 2833 3489 2889 οὖν
3511 2833 3638 2893 nam;

2168 2924 2351 2988 ἔθνους
2390 2925 2582 2988 κάλλος
2631 2927 2728 2978 καὶ
2772 2927 3129 2997 εὐπρέπειαν,
3162 2928 3250 2980 τὸν
3282 2928 3411 2979 θεῖον
3437 2924 3561 2993 νόμον
3583 2920 3640 2971 καὶ

2168 3016 2264 3086 τὴν
2291 3017 2347 3068 ὲν
2381 3015 2527 3086 αύτῷ
2560 3016 2963 3087 περιεχομένην
2991 3018 3259 3089 Διαθήκην
3288 3017 3529 3087 ὠνόμασεν
3550 3010 3640 3064 siri-

2167 3121 2291 3167 τως.
2329 3105 2409 3157 Τά
2436 3121 2496 3157 τε
2533 3105 2643 3177 γάρ
2680 3107 2857 3177 σεμνά
2886 3109 2986 3178 τῆς
3024 3108 3381 3178 Ἰερουσαλὴμ,
3411 3102 3561 3158 καὶτὰ
3580 3099 3639 3166 τῆς

2169 3195 2555 3264 ἀρχιερατικῆς
2613 3195 2983 3269 λειτουργίας,
3040 3199 3135 3251 καὶ
3183 3198 3351 3251 πάντα
3407 3196 3489 3247 ὃσα
3536 3190 3638 3243 πόλει

2169 3281 2427 3351 πρότερον
2469 3283 2526 3334 ὲν
2574 3284 2766 3347 αὐτοῖς
2814 3286 2957 3339 κατὰ
2998 3289 3122 3349 τοὺς
3177 3286 3343 3348 θείους
3382 3286 3555 3355 νόμηυςι
3584 3278 3640 3329 καὶ

2168 3369 2305 3421 κατά
2358 3371 2456 3439 τὴν
2503 3372 2750 3427 παλαιὰν
2808 3376 3086 3449 Διαθήκην
3130 3376 3473 3439 ἐπολιτεύετο,
3510 3372 3639 3438 κόσμος

2167 3458 2442 3528 εὐπρεπὴς
2489 3460 2710 3532 ὑπῆρχε
2764 3469 2881 3528 τοῖς
2930 3467 3037 3519 ὑπὸ
3082 3467 3280 3520 τούτων
3331 3462 3639 3534 κοσμουμένῡιξο

2166 3548 2456 3616 Σχοίνισμα
2476 3548 2538 3601 δὲ
2566 3551 2626 3601 τὸ
2666 3553 2876 3623 πλῆθος
2908 3556 3003 3609 τοῦ
3030 3557 3211 3620 ἔθνους
3242 3557 3333 3610 καὶ
3363 3553 3490 3624 παρὰ
3524 3547 3642 3604 Μωπῖ

2167 3635 2424 3705 κέκληται
2474 3638 2694 3706 λέγοντι
2721 3660 2736 3674 ·
2778 3663 2797 3695 ‹
2860 3647 3119 3718 Ἐγενήθη
3172 3648 3323 3718 μερὶς
3365 3642 3532 3714 Κυρίου
3567 3636 3642 3694 mi

2167 3726 2328 3780 αὑτοῦ
2354 3728 2567 3792 Ἰακὼϐ,
2586 3734 2884 3806 σχοίνισμα
2905 3734 3423 3809 κληρονομίαςαὺτοῦ
3445 3727 3638 3803 Ἰσραήλου

2178 3818 2337 3870 Ἀλλὰ
2366 3818 2474 3889 γὰρ
2503 3820 2614 3873 τῶν
2648 3823 2744 3877 δύο
2775 3826 2982 3879 τούτων
3028 3827 3233 3897 ῥάϐδων
3265 3826 3454 3897 ἀθρόως
3494 3816 3644 3892 μεταδο·

2165 3907 2259 3978 λὴν
2280 3909 2603 3979 γενήσεσθαι
2630 3915 2778 3967 κατὰ
2799 3916 2927 3980 τοὺς
2945 3917 3299 3988 δηλουμένους
3319 3916 3511 3988 χρόνους
3527 3903 3644 3962 θεσπί·

2167 3997 2267 4061 ζει,
2306 3998 2381 4060 ὡς
2412 4000 2505 4051 καὶ
2536 4001 2642 4072 τῆς
2673 4004 2848 4058 πάλαι
2889 4008 2946 4059 ὲν
2993 4008 3129 4077 αὐτῇ
3181 4008 3401 4069 παλαιᾶς
3435 4002 3643 4068 Διαθήκηῖο

2165 4089 2258 4141 καὶ
2284 4087 2375 4139 τοῦ
2400 4088 2565 4141 πάλαι
2594 4092 2654 4143 έν
2689 4095 2832 4165 αὐτῇ
2861 4095 3091 4159 κάλλους
3113 4082 3644 4167 (Ξιφανισίὶησομένῡυντοὑ

2165 4194 2223 4230 τε
2257 4179 2638 4249 σχοινίσματος
2670 4185 2767 4236 καὶ
2800 4186 2897 4238 τοῦ
2933 4188 3133 4250 παντὸς
3162 4187 3338 4249 έθνους
3366 4174 3647 4239 διασκεδασθη·

2169 4265 2413 4333 σομένου,
2442 4267 2602 4331 ἐπὰν,
2628 4269 2730 4340 τὴν
2763 4274 2932 4345 τιμὴν
2959 4275 3054 4327 τοῦ
3080 4274 3417 4345 τετιμημένου
3442 4269 3647 4339 τριάκοντι

2167 4353 2438 4423 ἀργυρίων
2482 4359 2901 4430 τιμησάμενοι,
2952 4365 3051 4434 τῆς
3103 4364 3247 4432 σφῶν
3291 4358 3557 4416 δυσσεϐείας
3587 4351 3647 4416 τίν

2168 4444 2543 4513 προσήκουσαν
2577 4448 2810 4519 ἀτιμίαν
2839 4453 3147 4524 ὑπόσχοιεν.
3171 4454 3322 4522 Λέγει
3342 4452 3381 4506 δ’
3404 4445 3509 4503 οὖν’
3539 4463 3553 4495 ι
3580 4438 3648 4492 Καὶ

2166 4529 2399 4599 λήψομαι
2429 4533 2526 4602 τὴν
2568 4538 2772 4605 ῥάϐδον
2809 4560 2914 4612 μου
2945 4548 3045 4615 τὴν
3089 4545 3273 4613 καλὴν,
3318 4543 3401 4595 και
3442 4530 3647 4607 ἀπρρίψω

2167 4620 2355 4689 αὐτὴν,
2401 4622 2495 4674 τοῦ
2543 4624 2910 4687 διασκεδάσαι
2953 4635 3053 4705 τὴν
3103 4634 3364 4705 Διαθήκην
3396 4644 3506 4702 μου’
3540 4645 3556 4677 δ
3592 4619 3649 4674 καὶ

2169 4708 2325 4762 πάλιν
2344 4726 2357 4739 ·
2398 4729 2415 4761 ι
2456 4713 2566 4765 Καὶ
2608 4719 2897 4793 άπέῥριψα
2927 4726 3024 4795 τὴν
3056 4725 3246 4796 ῥάϐδον
3273 4726 3364 4794 τὴν
3390 4718 3593 4788 δευτέραν
3611 4709 3647 4761 τὸ

2169 4799 2474 4870 σχοίνισμα.
2520 4824 2537 4853 ι
2581 4807 2714 4863 Ἐπὶ
2742 4814 2954 4878 τούτοις
2984 4815 3121 4868 ὲπάν
3151 4819 3183 4886 ἡ
3214 4812 3485 4886 προφητεία
3508 4806 3648 4875 φάσθ’

2174 4904 2193 4936 ι
2227 4888 2333 4975 Καὶ
2364 4889 2544 4961 ἐξαρῶ
2579 4899 2714 4963 τοὺς
2748 4906 2898 4972 τρεῖς
2932 4905 3191 4975 ποιμένας
3215 4907 3270 4956 ὲν
3311 4902 3427 4973 μηνὶ
3445 4898 3527 4957 ένὶν
3560 4902 3649 4975 ’νθί

2172 4974 2309 5045 μέζω
2342 4980 2467 5051 τρία
2497 4984 2768 5057 τάγματα
2802 4972 3133 5046 αἰνίττεσθαι
3162 4992 3266 5046 τῶν
3294 4972 3442 5046 πάλαι
3468 4983 3542 5039 τοῦ
3566 4972 3649 5032 λανδ

2166 5062 2260 5115 τοῦ
2295 5064 2429 5120 Θεοῦ
2458 5074 2848 5143 προεστώτων,
2882 5079 3166 5150 βασιλέων,
3194 5081 3281 5133 καὶ
3304 5072 3572 5149 ἀρχιερέων.
3591 5061 3650 5115 καὶ

2170 5158 2463 5228 προφητῶν
2485 5177 2497 5190 ⁸
2528 5164 2656 5218 ἐπεὶ
2682 5169 2779 5222 καὶ
2805 5169 2896 5223 διὰ
2923 5171 3031 5225 τῶν
3060 5171 3223 5243 τριῶν
3249 5170 3431 5223 τούτων
3454 5158 3649 5230 ποιμένων

2171 5245 2349 5300 πάντα
2393 5249 2465 5302 τά
2513 5256 2659 5309 κατὰ
2695 5260 2826 5323 τοὺς
2877 5261 3047 5314 πάλαι
3100 5262 3347 5333 πρότερον
3386 5245 3648 5325 ᾠκονομεῖτο·

2182 5334 2319 5387 Ἀλλ’
2352 5338 2540 5412 ἐπειδὴ
2572 5343 2910 5420 διαστροφὴν
2955 5351 3049 5403 και
3080 5330 3313 5421 σι’τρεῖς
3352 5340 3477 5399 οὗτοι
3509 5330 3650 5389 mav-

2169 5422 2294 5477 θασι
2321 5431 2598 5499 ποιμένες,
2635 5436 2760 5490 καθ’
2788 5439 2884 5493 ἕνα
2923 5444 3112 5513 καιρὸν
3137 5443 3225 5494 τὸν
3254 5439 3339 5492 ἐπὶ
3360 5433 3442 5488 τοῦ
3469 5425 3650 5490 Σιιιτῆρθς

2173 5515 2327 5585 ἡμῶν
2362 5518 2419 5589 (ὅ
2437 5537 2499 5574 τε
2531 5524 2641 5595 γὰρ
2671 5526 2927 5596 βασιλεὺς
2989 5533 3307 5603 παρανόμως
3332 5523 3484 5580 αὐτῶν
3504 5514 3647 5586 ἡγεῖτο.

2172 5604 2468 5678 autem;
2508 5630 2591 5676 τις
2623 5613 2700 5669 ὢν
2747 5621 2841 5673 καὶ
2887 5622 2987 5676 οὐκ
3024 5626 3213 5685 οἰκεῖος
3240 5618 3323 5673 τοῦ
3366 5615 3537 5671 ἔθνους·
3569 5604 3648 5655 δτδ
