3740 6330
158 370 312 427 749

1127 375 1764 438 DEMONSTRATIONIS
1791 379 2235 439 EVANGELICIE
2265 378 2393 439 LIB.
2432 382 2500 441 Χ.

3285 380 3397 445 ἰω

156 486 531 561 ἀρχιερεὺς.
580 491 689 545 ὕπδ
732 492 1008 563 Ῥωμαίων
1055 495 1483 565 παραγενόμενος
1534 495 1625 548 ἐπὶ

1908 494 2126 559 toribus,
2160 499 2342 554 omnia
2371 511 2491 569 qua:
2519 496 2587 552 ad
2621 496 2742 555 illos
2761 507 2969 557 veteres
2990 501 3118 557 olim
3153 503 3385 572 pertine-

156 582 580 651 Αειτουρτίαν,
613 584 675 635 οὐ
707 583 844 636 κατὰ
884 583 981 654 τὴν
1007 584 1100 636 τοῦ
1142 586 1328 653 γένους
1362 584 1605 656 διαδοχὴν
1648 586 1767 639 οὐδὲ

154 670 348 723 κατὰ
369 671 503 733 τοὺς
531 671 789 741 ἐννόμους
825 671 1055 742 θεσμοὺς
1080 674 1172 725 ἐπὶ
1199 673 1297 744 τὴν
1331 674 1493 744 τιμὴν
1528 674 1727 745 παρῄει
1749 691 1765 706 ο

159 758 198 811 δ
228 776 314 812 τε
353 762 653 831 προφήτης
680 761 871 833 μέχρις
913 763 1174 826 Ἰωάννου,
1207 764 1561 832 παυσάμενος,
1588 764 1765 816 οὐκέτι

151 853 227 904 ὲν
277 852 490 914 αὐτοῖς
520 854 765 922 ἐνήργει,
790 853 907 905 ἀντὶ
937 853 992 905 δέ
1013 854 1194 905 τούτου
1225 853 1661 923 ψευδοπροφήτης
1683 870 1766 916 τις

149 940 410 1012 ἀσεϐὴς
443 944 542 995 καὶ
574 941 791 995 πλανῶν
818 942 906 993 τὸν
938 942 1060 994 λαὸν
1081 944 1121 1007 i,
1155 943 1370 1004 εἰκότως
1411 942 1478 994 τὰ
1512 942 1636 1011 τρία
1666 960 1763 1011 χα-

72 1020 87 1031 ’
155 1033 470 1100 ρίσματα,
508 1031 683 1083 πάλαι
725 1031 981 1102 πρότερον
1031 1033 1167 1103 ὑπὲρ
1215 1032 1385 1085 πάντα
1430 1033 1627 1101 κόσμον
1675 1033 1763 1085 εὐ-

151 1122 386 1194 πρεπῆ
434 1120 499 1173 τὸ
547 1123 659 1173 πᾶν
706 1120 854 1182 ἔθνος
898 1121 1215 1192 κοσμοῦντα,
1260 1123 1625 1193 περιαιρήσειν
1673 1124 1760 1191 ὑφ’

149 1213 263 1265 ενα
323 1212 536 1282 καιρὸν
582 1212 796 1264 ἀπειλεῖ
836 1211 1035 1278 λέγων·
1068 1228 1086 1260 ι
1133 1213 1239 1263 Kal
1268 1211 1439 1283 ἐξαρῶ
1462 1214 1584 1273 τοὺς
1617 1216 1761 1282 τρεῖς

149 1302 468 1371 ποιμένας
497 1304 559 1353 ἐν
596 1303 727 1371 μηνὶ
758 1303 855 1364 ἐνὶ,
884 1302 975 1355 καὶ
1003 1301 1384 1373 βαρυνθὴσεται
1415 1305 1448 1371 ἡ
1478 1303 1616 1371 ψυχή
1658 1318 1757 1371 μου

150 1392 259 1447 ἐπ’
326 1391 580 1453 αὐτούς’
627 1410 647 1441 ι
682 1390 795 1444 ἀνθ’
828 1386 940 1444 οὗό
987 1391 1081 1461 μὲν
1128 1390 1350 1453 Ἀκύλας
1395 1392 1551 1460 φησί·
1592 1411 1609 1440 ι
1650 1392 1757 1444 Καὶ

144 1481 509 1552 ἑκολοδώθη
535 1483 571 1551 ἡ
596 1480 742 1551 ψυχή
785 1496 881 1548 μου
906 1480 962 1532 ἐν
988 1481 1165 1543 αὐτοῖς
1187 1496 1200 1509 ·
1246 1499 1262 1529 ι
1288 1481 1316 1531 ὁ
1342 1480 1397 1532 δὲ
1427 1481 1713 1549 Σύμμαχος
1735 1496 1749 1508 ⁸

153 1590 176 1623 ι
223 1572 362 1624 Kal
397 1570 805 1639 ώλιγοψύχησα
862 1570 919 1621 ἐν
963 1571 1174 1633 αὐτοῖς’
1210 1589 1229 1622 ι
1278 1573 1307 1623 ό
1336 1571 1392 1623 δὲ
1438 1570 1749 1623 ΘεοδΟτίωΨ

153 1680 175 1710 σ
213 1657 353 1713 Kal
391 1658 815 1729 ὼλιγοψύχησεν
852 1659 887 1727 ή
920 1657 1061 1731 ψυχή
1093 1676 1191 1730 μου
1228 1660 1312 1712 ἐπ’
1339 1659 1549 1723 αὐτούς.
1589 1680 1607 1711 ι
1646 1661 1753 1713 Καὶ

143 1752 214 1804 τὸ
272 1751 478 1803 αἴτιόν
524 1766 590 1817 γε
640 1751 741 1821 τῆς
787 1750 1125 1819 ὁλιγοψυχίας
1168 1749 1423 1814 διδάσκει,
1469 1749 1745 1815 ἐπιλέγων·

1866 584 2014 648 bant,
2060 586 2516 655 gubernabantur.
2553 586 2656 640 Sed
2679 589 2892 657 quando
2930 597 3043 647 tres
3075 592 3162 646 isti
3203 600 3388 661 pasto-

1866 688 1953 727 res
1986 688 2094 728 uno
2119 681 2358 745 tempore
2386 675 2791 731 conversionem
2837 681 2981 747 passi
3006 688 3152 743 sunt,
3197 679 3388 734 Salva-

1864 769 1980 816 tore
2010 764 2192 833 utique
2232 774 2415 820 nostro
2448 764 2763 821 adveniente
2796 765 2940 837 (nam
2975 779 3030 824 et
3054 787 3153 826 rex
3189 782 3389 841 prxeter

1862 850 2006 921 leges
2050 861 2285 919 creatus,
2323 870 2431 909 non
2483 855 2550 909 ab
2582 855 2818 924 ipsorum
2869 871 3063 926 genere
3100 860 3383 926 oriundus,

1862 938 1957 991 sed
2012 948 2270 995 externus
2321 941 2453 1010 ipsis
2500 948 2631 995 tunc
2663 952 2918 1010 praeerat;
2973 950 3028 998 et
3075 946 3312 1014 pontifex
3350 961 3385 1001 a

1859 1025 2115 1082 Romanis
2153 1030 2218 1083 ad
2254 1045 2460 1084 sacram
2493 1030 2819 1086 functionem
2843 1039 3146 1101 provectus,
3178 1050 3285 1089 non
3312 1051 3384 1092 ex

1860 1118 2203 1173 successione
2251 1120 2482 1188 generis,
2519 1136 2692 1190 neque
2723 1121 3016 1176 secundum
3052 1122 3196 1193 leges
3225 1134 3387 1194 atque

1858 1204 2126 1267 instituta,
2174 1206 2433 1261 honorem
2474 1209 2623 1262 illum
2674 1209 2976 1276 obtinebat;
3025 1225 3124 1266 nec
3154 1214 3384 1281 prophe-

1858 1301 1931 1357 ta,
1986 1295 2077 1363 qui
2110 1311 2280 1365 usque
2327 1296 2392 1350 ad
2436 1295 2697 1350 Joannem
2748 1300 3086 1367 perveniens,
3129 1300 3381 1370 desierat,

1856 1384 2084 1452 amplius
2114 1384 2254 1453 apud
2296 1400 2390 1441 eos
2431 1387 2774 1456 operabatur,
2809 1396 2902 1443 sed
2935 1389 3053 1443 loco
3086 1389 3204 1459 ejus
3232 1406 3385 1446 men-

1856 1472 1959 1525 dax
2004 1474 2220 1542 quidam
2250 1477 2506 1545 propheta
2535 1483 2588 1530 et
2619 1477 2814 1546 impius
2854 1479 3109 1549 p0pulum
3150 1480 3385 1552 decipie-

1855 1561 1993 1632 bat),
2021 1566 2213 1619 merito
2251 1565 2356 1620 tria
2410 1566 2501 1619 illa
2546 1568 2706 1632 dona,
2748 1583 2867 1637 qua:
2914 1570 3185 1639 quondam
3217 1587 3384 1642 supra

1855 1669 2011 1710 omne
2038 1665 2409 1711 ornamentum
2431 1672 2493 1712 ac
2520 1659 2683 1714 decus
2707 1667 2869 1715 totam
2898 1662 3040 1715 illam
3058 1673 3263 1723 gentem
3291 1679 3385 1719 or-

1856 1742 2072 1807 nabant,
2115 1745 2451 1800 sublaturum
2498 1763 2557 1802 se
2598 1763 2703 1802 uno
2734 1757 2971 1811 tempore
3003 1752 3257 1822 minatur,
3297 1744 3397 1808 di?

149 1859 171 1891 ι
218 1840 353 1893 Καὶ
406 1810 620 1910 γάρ-αῖ
663 1810 832 1909 ᾦυχαὶ
1086 1810 1386 1909 ἐπωρύοντο
1409 1810 1503 1890 ἐπ’
1552 1839 1626 1908 ἐμέ

1900 1846 2018 1887 ans:
2073 1832 2168 1887 «Et
2219 1834 2457 1890 auferam
2498 1846 2607 1892 tres
2636 1848 2879 1907 pastores
2929 1839 2985 1893 in
3030 1855 3215 1896 mense
3247 1857 3377 1910 uno,

145 1929 277 1983 ἀνθ’
319 1924 400 1982 οὗ
434 1929 605 1981 πάλιν
645 1932 676 1981 ό
720 1929 977 1992 ’Δκύλαςο
1018 1948 1037 1980 ι
1068 1928 1173 1982 Καί
1215 1945 1278 1997 γε
1319 1931 1351 1999 ἡ
1393 1927 1535 1997 ψυχὴ
1579 1928 1754 1981 αὐτῶν

141 2020 501 2091 ἐπέρκασεν
552 2020 614 2071 ἐν
658 2018 812 2089 ἐμοί·
873 2038 892 2069 ι
945 2021 973 2072 ό
1020 2017 1077 2070 δὲ
1121 2017 1435 2088 Σύμμαχος’
1492 2036 1511 2067 ι
1564 2019 1672 2071 Kal
1719 2019 1752 2087 ἠ

141 2111 310 2181 ψυχὴ
368 2107 571 2162 αὐτῶν
621 2110 868 2179 ἤκμασεν
922 2110 978 2161 ἐν
1026 2108 1165 2179 ἐμοί.
1230 2127 1250 2160 ι
1293 2108 1513 2178 Ὅμοιον
1556 2107 1613 2160 δὲ
1654 2107 1751 2177 τῷ,

148 2220 171 2251 ι
212 2201 346 2255 Kal
401 2200 523 2270 γάρ
573 2200 633 2251 αἱ
672 2198 840 2269 ψυχαὶ
884 2198 1059 2251 αὐτῶν
1099 2198 1397 2269 ἐπωρύοντο
1440 2199 1523 2251 ἐπ’
1570 2199 1686 2268 ἐμὲ,
1729 2217 1748 2249 ι

143 2289 317 2361 παρὰ
351 2287 905 2359 τοῖςἙϐδομήκοντα
935 2287 1221 2359 είρημένῳ,
1254 2287 1473 2358 φέρεται
1508 2287 1655 2358 παρὰ
1675 2286 1753 2357 τῷ

155 2366 436 2450 Ἱερεμίᾳ
488 2378 561 2430 ἐκ
620 2376 911 2448 προσώπου
965 2376 1058 2428 τοῦ
1100 2376 1299 2446 Κυρίου
1349 2376 1603 2443 ’κείμενον
1661 2377 1749 2429 τόο

146 2485 170 2517 ι
217 2466 732 2534 Ἐγκαταλέλοιπα
751 2465 840 2518 τὸν
855 2459 999 2517 οἶκόν
1026 2482 1145 2534 μου,
1176 2466 1357 2535 ἀφῆκα
1377 2465 1475 2535 τὴν
1499 2466 1598 2536 κλη
1607 2483 1751 2537 ρονο-

145 2556 290 2626 pinv
354 2573 499 2625 μου,
549 2554 730 2608 ἔδωκα
773 2554 871 2623 τὴν
920 2553 1273 2624 ἠγαπημένην
1319 2554 1492 2623 ψυχήν
1544 2572 1643 2624 μου
1674 2556 1753 2618 είς

143 2649 359 2717 χεῖρας
410 2644 638 2715 ἐχθρῶν
682 2645 881 2714 αὐτῆς·
926 2644 1149 2713 ἐγενήθη
1199 2645 1232 2713 ἡ
1279 2644 1602 2715 κληρονομία
1650 2662 1749 2715 μου

145 2738 282 2807 ἐμοὶ
314 2736 405 2797 ὡς
443 2736 596 2787 λέων
624 2736 683 2786 ἐν
714 2733 921 2804 δρυμῷ,
954 2733 1147 2787 ἔδωκεν
1179 2735 1263 2786 ἐπ’
1305 2734 1403 2804 ἐμὲ
1442 2735 1539 2805 τὴν
1571 2735 1749 2806 φωνην

143 2825 360 2892 αὐτῆς.
389 2823 495 2892 Μὴ
515 2821 782 2891 σπήλαιον
808 2821 995 2891 ὑαίνης
1015 2823 1048 2891 ἡ
1076 2822 1398 2892 κληρονομία
1427 2839 1524 2892 μου
1550 2822 1697 2892 ἐμοί;
1725 2841 1744 2874 ι

144 2915 413 2976 Εἰκότως
459 2908 564 2964 οὖν
608 2910 698 2964 διὰ
737 2911 907 2964 ταῦτα
935 2911 1057 2981 ἑξῆς
1085 2912 1328 2982 ἐπιφέρει
1348 2912 1546 2980 λέγων·
1586 2931 1603 2962 ι
1643 2913 1749 2967 Καὶ

143 2998 283 3055 εἶπα
307 3020 326 3032 ·
364 3002 452 3055 Οὐ
510 2997 768 3069 ποιμανῶ
814 3000 953 3069 ὑμᾶς
974 3014 987 3027 ο
1038 2998 1096 3050 τὸ
1144 2999 1475 3068 ἀποθνῆσκον
1520 3001 1749 3071 ἀποθνη-

145 3094 366 3154 σκέτω,
408 3091 516 3143 καὶ
541 3088 608 3141 τὸ
635 3087 882 3140 ἐκλεῖπον
905 3086 1213 3151 ἐκλειπέτω,
1240 3089 1333 3140 καὶ⁵
1353 3088 1421 3141 τά
1450 3088 1745 3142 κατάλοιπα
1772 3120 1813 3175 c

142 3183 537 3245 ἐοθιέτωσαν,
584 3179 813 3242 ἕκαστος
856 3177 953 3239 τὰς
997 3178 1201 3249 σάρκας
1235 3177 1327 3231 τοῦ
1369 3179 1588 3249 πλησίον
1624 3180 1747 3231 ἐαυο

140 3276 239 3325 τοῦ
265 3289 284 3302 ο
327 3291 351 3323 ι
415 3270 550 3341 μεθ’
583 3268 620 3322 ἃ
663 3268 937 3336 ἐπιλέγει·
973 3286 991 3318 ι
1036 3269 1142 3321 Καὶ
1182 3266 1411 3338 λήψομαι
1437 3268 1533 3336 τὴν
1558 3266 1745 3338 ῥάϐδον

144 3380 254 3434 μου
271 3362 387 3433 τὴν
409 3360 621 3429 καλὴν,
634 3360 729 3411 καὶ
746 3357 1029 3429 ἀπορρίψω
1049 3358 1230 3427 αὐτήνο
1245 3377 1263 3408 ι
1287 3357 1402 3409 ἀνθ’
1424 3352 1483 3410 οὗ
1499 3357 1742 3420 Ἀκύλας,

147 3473 168 3503 ι
189 3455 312 3508 Kal
336 3450 578 3513 ἔλαϐον,
610 3467 627 3499 ι
659 3448 809 3518 φησὶ,
844 3447 964 3518 «τὴν
989 3447 1176 3518 ῥάϐδον
1204 3464 1324 3517 μου,
1343 3446 1437 3517 τὴν
1460 3447 1746 3517 εὐπρέπει-

139 3560 234 3606 αν,
272 3544 383 3595 καὶ
412 3537 737 3611 περιέκοζνα
771 3537 990 3607 αὐτὴν,›
1032 3536 1228 3605 δηλαδὴ
1258 3534 1354 3605 τὴν
1389 3535 1528 3588 κατὰ
1547 3536 1747 3588 Μωσέα

136 3632 316 3703 λατρε
327 3632 452 3683 ίαν.
486 3624 707 3680 Οὐκοῦν
731 3625 763 3691 ὴ
787 3625 880 3693 μὲν
904 3621 1091 3691 πρώτη
1114 3620 1301 3691 ῥάϐδος
1321 3623 1354 3689 ὴ
1378 3620 1433 3672 ἐν
1449 3621 1638 3691 ἀρχαῖς
1651 3619 1745 3672 τοῦ

135 3723 312 3792 λόγου
372 3718 610 3792 πρώτη,
664 3713 1112 3786 συντριϐήσεσθαι
1153 3713 1246 3764 xal
1283 3711 1742 3781 ἀπορῥιφήσεσοαι

132 3813 403 3881 λέγεται.
429 3811 572 3863 Ὅτε
606 3807 665 3859 δὲ
692 3809 725 3876 ἡ
743 3805 874 3874 τιμὴ
896 3802 986 3855 τοῦ
1010 3801 1387 3871 τετιμημένου,
1406 3802 1498 3854 καὶ
1524 3800 1582 3852 τὸ
1608 3802 1745 3871 ὑπὲρ

130 3900 311 3953 αὑτοῦ
331 3898 428 3967 τῷ
455 3893 702 3966 προδότῃ
725 3891 873 3944 δοθὲν
900 3890 1155 3960 ἀργύριον
1176 3887 1371 3957 ἐϐλήθη
1395 3888 1471 3949 εἰς
1494 3888 1582 3939 τὸν
1601 3884 1744 3940 οἶκον

130 3989 393 4059 Κυρίου,
426 3986 515 4047 ὡς
549 3984 634 4044 είς
670 3980 1040 4049 χωνευτήριον,
1061 3977 1177 4029 τότε
1202 3976 1265 4047 δὴ
1291 3976 1381 4028 καὶ
1415 3975 1484 4027 τὰ
1503 3976 1626 4046 περὶ
1648 3975 1745 4044 τῆς

127 4073 423 4142 δευτέρας
448 4067 685 4140 ῥάϐδου,
700 4065 795 4117 τοῦ
818 4065 1012 4126 παντὸς
1027 4063 1205 4125 ἔθνους
1218 4063 1434 4133 δηλαδὴ,
1448 4062 1745 4125 ἀκολούθως

126 4159 221 4213 οἷα
245 4162 537 4213 πείσεται
561 4154 959 4226 προφητεύεται
979 4157 1034 4206 ἐν
1052 4154 1148 4224 τῷ,
1182 4172 1200 4204 ι
1230 4154 1337 4206 Kal
1357 4153 1628 4224 άπέρῥιψα
1646 4152 1743 4223 τὴν

128 4253 350 4320 ῥάϐδον
382 4250 500 4320 τὴν
523 4246 791 4316 δευτέραν
807 4245 867 4296 τὸ
884 4243 1273 4315 σχοίνισμα,τοῦ
1289 4243 1628 4296 διασκεδάσαι
1646 4243 1741 4313 τὴν

124 4341 449 4411 Διαθήκην
470 4336 588 4390 ἀνὰ
605 4336 767 4405 μέσον
781 4333 946 4386 Ἰούδα
960 4335 1050 4386 καὶ
1070 4332 1170 4386 ave:
1198 4334 1355 4403 μέσον
1376 4334 1604 4404 Ἰσραήλ·
1621 4334 1739 4386 »καὶ

1854 1924 1907 1971 ct
1935 1920 2242 1987 gravabitur
2256 1924 2432 1977 anima
2445 1939 2560 1979 mea
2580 1940 2740 1994 super
2760 1940 2852 1981 eos
2871 1944 2917 1993 ;›
2942 1942 3039 1995 pro
3055 1943 3163 1997 quo
3187 1928 3380 1997 Aquila

1852 2014 2065 2076 quidem
2086 2010 2164 2063 sic
2183 2010 2289 2065 ait:
2319 2029 2338 2063 ι
2365 2012 2429 2066 Ει
2451 2016 2693 2067 mutilata
2718 2022 2800 2069 est
2823 2016 3001 2070 anima
3030 2032 3147 2071 mea
3163 2019 3218 2072 in
3240 2020 3374 2085 οἱον

1855 2095 2205 2165 Symmachus
2248 2111 2459 2155 autem:
2518 2102 2610 2155 «Et
2638 2104 2971 2159 exanimatus
2998 2120 3118 2162 sum
3148 2106 3202 2160 in
3228 2110 3373 2175 eis;o

1852 2184 2184 2242 Theodotion
2218 2200 2431 2244 autem:
2462 2209 2480 2242 ι
2506 2190 2570 2243 Ει
2597 2193 2902 2245 exanimata
2936 2203 3019 2249 est
3046 2195 3225 2249 anima
3259 2213 3378 2252 mea

1852 2291 2012 2345 super
2026 2292 2139 2333 eos.
2178 2298 2197 2329 ι
2226 2280 2291 2333 Et
2318 2295 2535 2336 causam
2564 2285 2973 2339 exanimationis
2990 2287 3223 2341 ostendit
3239 2288 3377 2342 iniis

1849 2379 1969 2433 qua:
1997 2366 2276 2438 adiungit:
2332 2368 2569 2425 «Etenim
2618 2374 2809 2427 anima:
2862 2389 3047 2430 eorum
3099 2377 3379 2445 rugierunt

1851 2470 2013 2524 super
2041 2472 2181 2523 me,»
2219 2473 2316 2529 pro
2343 2474 2452 2528 quo
2477 2475 2667 2516 rursus
2710 2463 2901 2531 Aquila
2931 2465 3034 2520 hoc
3057 2467 3217 2521 modo
3246 2483 3379 2523 con-

1849 2548 2039 2601 vertit:
2071 2567 2089 2599 ι
2115 2547 2323 2603 Etenim
2355 2551 2533 2605 anima
2560 2567 2745 2605 eorum
2774 2554 3102 2610 immaturuit
3144 2558 3196 2611 in
3220 2574 3304 2613 me
3324 2576 3373 2624 ,ι

1852 2636 2204 2708 Symmachus
2233 2651 2444 2696 autem:
2493 2661 2512 2694 ι
2537 2642 2601 2696 Et
2627 2645 2803 2698 anima
2837 2661 3022 2700 eorum
3062 2648 3283 2704 invaluit
3321 2652 3377 2708 in

1848 2743 1953 2782 me.
1988 2747 2007 2780 ι
2030 2727 2108 2784 Illi
2136 2746 2263 2785 vero
2283 2730 2425 2800 quod
2448 2733 2585 2802 apud
2604 2731 2743 2786 LXX
2770 2734 2970 2788 dictum
2987 2744 3101 2791 est:
3140 2720 3375 2795 «Etenim

1848 2820 2039 2874 anima:
2078 2830 2265 2876 earum
2321 2823 2599 2892 rugierunt
2626 2838 2788 2893 super
2833 2840 2971 2889 me,»
3010 2827 3185 2883 simile
3224 2831 3380 2898 quid-

1847 2908 1969 2961 dam
1996 2908 2165 2964 fertur
2184 2912 2344 2966 etiam
2374 2911 2515 2980 apud
2534 2913 2839 2978 Jeremiam,
2874 2916 3017 2983 quod
3052 2932 3116 2971 ex
3146 2933 3376 2987 persona

1847 2994 2056 3052 Domini
2100 2997 2370 3067 profertur
2416 3001 2501 3055 his
2552 3003 2763 3057 verbis:
2810 3002 3109 3074 «Dereliqui
3156 3006 3373 3061 domum

1848 3100 2042 3149 meam,
2091 3087 2271 3142 dimisi
2301 3088 2663 3144 hereditatem
2713 3105 2906 3155 meam,
2949 3093 3069 3147 dedi
3127 3095 3374 3151 dilectam

1846 3176 2075 3228 animam
2104 3191 2275 3230 meam
2327 3176 2382 3231 in
2415 3192 2605 3232 manus
2656 3180 2993 3233 inimicorum
3043 3182 3181 3250 ejus,
3235 3184 3374 3238 facta

1844 3269 1926 3316 est
1958 3263 2240 3319 hazreditas
2267 3279 2382 3320 mea
2412 3266 2540 3319 mihi
2569 3278 2626 3320 ut
2650 3268 2731 3322 leo
2756 3268 2809 3322 in
2843 3270 2997 3332 silva,
3034 3270 3179 3324 dedit
3210 3287 3374 3341 super

1845 3366 1929 3406 me
1961 3367 2144 3407 vocem
2174 3369 2349 3420 suam,
2380 3355 2624 3425 nunquid
2673 3359 2926 3425 spelunca
2965 3359 3160 3428 hyaenae
3203 3362 3368 3416 haere-

1843 3441 1983 3495 ditas
2017 3457 2132 3496 mea
2163 3443 2388 3497 mihi"?
2425 3463 2443 3495 ι
2472 3444 2569 3498 has
2602 3444 2765 3511 igitur
2786 3445 2856 3499 ob
2886 3461 2974 3501 res
2998 3450 3187 3501 merito
3220 3450 3374 3503 dein-

1844 3546 1969 3600 ceps
2013 3530 2283 3601 adiungit:
2325 3550 2344 3583 ι
2375 3531 2439 3585 Ει
2481 3531 2611 3593 dixi,
2644 3532 2758 3586 Non
2803 3549 3015 3602 pascam
3047 3551 3179 3600 vos;
3225 3539 3371 3607 quod

1845 3622 2088 3684 moritur,
2130 3621 2408 3687 moriatur,
2435 3628 2489 3675 et
2516 3620 2658 3691 quod
2684 3622 2884 3687 deficit,
2915 3623 3148 3689 deﬁciat,
3178 3633 3231 3680 et
3250 3642 3371 3698 quae

1844 3710 2046 3779 reliqua
2080 3716 2206 3764 sunt
2229 3711 2503 3774 devorent,
2534 3712 2901 3782 unusquisque
2922 3728 3110 3796 carnes
3137 3718 3368 3785 proximi

1844 3799 1979 3852 sui.»
2016 3798 2141 3854 Post
2172 3814 2291 3869 quae
2315 3800 2532 3869 subjicit
2558 3820 2571 3854 :
2610 3820 2627 3852 ι
2653 3800 2718 3854 Et
2733 3802 2940 3871 capiam
2968 3805 3169 3874 virgam
3196 3822 3367 3861 meam

1841 3887 2139 3957 pulchram,
2163 3895 2214 3941 et
2235 3887 2481 3957 abjiciam
2516 3903 2687 3942 eam.)
2725 3888 2831 3944 Pro
2865 3905 2971 3959 quo
2995 3890 3218 3961 Aquila:
3273 3892 3368 3948 «Et

1842 3980 2047 4048 accepi,
2080 3978 2272 4046 inquit,
2330 3979 2532 4045 virgam
2585 3995 2777 4043 meam,
2810 3980 3077 4046 decorem,
3110 3990 3163 4037 et
3190 3984 3367 4039 excidi

1841 4068 2008 4133 illam,
2043 4086 2063 4119 ι
2101 4068 2383 4121 Mosaicam
2443 4068 2687 4123 videlicet
2759 4070 3142 4126 adorationem.
3226 4071 3368 4143 Ergo

1841 4158 2013 4227 prima
2046 4157 2259 4226 quidem
2309 4158 2459 4227 virga
2490 4158 2645 4213 initio
2690 4161 2973 4225 sermonis,
3016 4163 3188 4232 prima
3236 4163 3366 4218 item

1840 4262 1959 4315 qua:
2005 4246 2281 4317 frangatur
2333 4256 2386 4302 et
2436 4248 2737 4317 abjiciatur,
2775 4249 2892 4306 fore
2931 4253 3146 4306 dicitur.
3195 4252 3365 4327 484

1839 4336 1974 4392 Cum
2004 4347 2182 4393 autem
2212 4339 2443 4409 pretium
2474 4339 2613 4409 ejus,
2664 4341 2755 4410 qui
2805 4342 3099 4398 aasti'matus
3147 4351 3251 4408 est,
3311 4353 3366 4398 et

124 4431 476 4501 ἐπειδήπερ
498 4424 782 4494 ἀποϐολὴν
797 4423 1013 4476 ἐκείνων
1031 4422 1210 4492 σαφῶς
1227 4423 1313 4475 διὰ
1327 4423 1526 4477 τούτων
1547 4422 1601 4476 ό)

1884 4442 1941 4507 go
1987 4443 2052 4482 eo
2105 4435 2383 4498 argentum
2424 4429 2685 4497 proditori
2734 4438 3032 4501 erogatum,
3068 4431 3361 4501 projectum

123 4519 465 4591 ἐμήνυσεν,
497 4516 733 4575 εἰκότως
764 4511 888 4581 ἑξῆς
923 4514 1093 4565 οὐκέτ’
1126 4514 1319 4575 αὐτοὺς
1349 4511 1733 4580 ἐπιγνώσεσθαι

121 4609 236 4679 τὴν
267 4608 401 4661 τῶν
443 4603 947 4677 προφητευομὲνων
980 4602 1197 4672 δύναμίν
1237 4619 1416 4673 φησιν,
1447 4602 1579 4655 ἀλλὰ
1612 4603 1735 4665 τοὺς

124 4699 539 4759 Χαναναίους,
562 4693 765 4760 λέγων·
800 4709 819 4743 ι
849 4693 955 4745 Καὶ
980 4691 1265 4760 γνώσονται
1293 4693 1342 4745 οἱ
1367 4693 1646 4744 Χαναναῖοι
1668 4690 1737 4744 τὰ

127 4787 412 4858 πρόϐατα
466 4785 547 4837 τά
593 4782 974 4851 φυλασσόμενα
1020 4799 1127 4852 μοι,
1161 4782 1292 4835 διότι
1336 4780 1487 4847 λόγος
1532 4782 1734 4858 Κρρίου

126 4842 277 4930 tati.
327 4897 351 4929 ι
399 4878 580 4936 Τίνες
605 4842 656 4924 δ’
691 4872 760 4925 ἂν
790 4842 900 4923 εἶεν
925 4874 973 4923 0i
998 4842 1279 4925 Χαναναῖοι
1307 4842 1417 4921 ἀλλζ
1444 4869 1476 4941 ἥ
1506 4842 1662 4940 magi;
1685 4871 1735 4924 οἱ

130 4969 273 5038 πρὶν
299 4965 650 5034 ἀλλόφυλοι,
681 4963 774 5014 καὶ
793 4960 852 5026 ἐξ
873 4962 1117 5014 ἁπάντων
1136 4962 1241 5013 τῶν
1266 4959 1429 5011 πάλαι
1452 4958 1624 5014 ἀθέων
1647 4963 1740 5017 καὶ

129 5056 370 5109 ἀσεϐῶν
401 5053 592 5109 ἐθνῶν
626 5049 878 5121 πρόϐατα
904 5050 980 5120 τῷ
1006 5048 1218 5121 Χριστῷ
1243 5047 1662 5119 πεφυλαγμένος
1688 5055 1737 5107 οἱ

133 5146 237 5198 καὶ
261 5145 367 5198 διὰ
392 5148 510 5215 τῆς
540 5137 719 5194 αὐτοῦ
748 5139 967 5207 χάριτος
997 5135 1441 5208 μεταϐεϐλήμεθα,
1467 5140 1561 5191 καὶ
1611 5157 1735 5193 συν-

133 5234 298 5298 tm;
351 5235 435 5287 τά
474 5227 916 5296 τεθεσπισμένα,
941 5226 1133 5294 γνῶσιν
1155 5224 1317 5294 ἀληθῆ
1340 5225 1431 5276 τοῦ
1459 5226 1620 5295 λόγου
1642 5229 1735 5283 τοῦ

132 5322 361 5393 Inpia»
409 5322 764 5390 εἰλήφαμεν.
793 5315 1066 5383 Ἔγνωμέν
1103 5329 1159 5364 τε
1191 5314 1337 5380 ἡμεῖς
1360 5314 1406 5363 οἱ
1436 5317 1735 5373 Χαναναῖοι

138 5412 232 5464 καὶ
266 5413 617 5480 συνήκειμεν
665 5403 745 5456 τὰ
774 5403 1093 5472 δηλούμενα*
1118 5402 1211 5453 οὐκ
1251 5399 1475 5467 ιγνωσαν
1504 5406 1565 5459 δέ
1609 5409 1734 5463 οὐδὲ

138 5501 395 5571 συνῆκαν
438 5502 490 5551 cl
519 5498 624 5550 τὸν
667 5492 899 5561 Ἰσραὴλ
927 5493 1194 5563 αὐχοῦντες
1223 5490 1304 5542 καὶ
1332 5491 1417 5544 ἐπὶ
1445 5496 1522 5566 τῷ
1552 5498 1734 5569 σπιρ-

142 5605 275 5659 ﬂavi.
322 5588 596 5656 Ἀϐραὰμ
635 5581 1018 5648 ἐπαιρόμενοι.

210 5724 258 5758 ”
290 5723 405 5777 Jer.
444 5733 528 5772 xu
551 5755 566 5777 .
609 5710 746 5772 8,9-

1837 4524 1919 4571 est
1947 4517 2003 4569 in
2058 4516 2276 4570 domum
2310 4516 2522 4572 Domini
2549 4526 2804 4588 tanquam
2835 4521 2891 4574 in
2919 4518 3211 4585 fornacem,
3244 4528 3361 4575 tum

1838 4618 1966 4658 vero
2015 4605 2177 4658 etiam
2232 4621 2297 4660 ea
2348 4621 2468 4676 quae
2520 4608 2586 4661 ad
2619 4609 2841 4663 alteram
2872 4608 3095 4678 virgam,
3128 4610 3229 4663 hoc
3256 4617 3359 4671 est,

1838 4709 1958 4765 qua
2004 4692 2070 4746 ad
2102 4694 2408 4750 universam
2437 4706 2647 4765 gentem
2695 4697 2986 4764 pertinent,
3030 4696 3159 4765 quid
3186 4697 3361 4751 latura

1840 4785 1949 4839 sint
1977 4782 2123 4847 mali,
2154 4783 2465 4851 prophetice
2492 4783 2797 4838 declaratur
2820 4783 2876 4836 in
2897 4782 3004 4837 illis
3024 4783 3233 4838 verbis:
3256 4803 3275 4836 ι
3296 4784 3361 4839 Et

1841 4874 2010 4943 abjeci
2042 4873 2248 4942 virgam
2269 4874 2513 4936 alteram.
2546 4873 2846 4929 funiculum
2887 4872 2956 4926 ad
2987 4873 3361 4945 dissipandum

1837 4968 2212 5019 testamentum
2239 4961 2379 5016 inter
2406 4961 2600 5016 ludam
2630 4972 2684 5017 et
2730 4961 2895 5019 Israel
2917 4981 2931 5017 :
2957 4981 2977 5015 ι
3023 4971 3077 5016 el.
3106 4962 3356 5033 quoniam

1838 5054 2052 5108 illorum
2080 5050 2428 5120 rejectionem
2460 5051 2544 5104 his
2571 5048 2752 5125 verbis
2784 5050 2942 5119 plane
2972 5050 3251 5105 oraculum
3275 5049 3359 5104 in-

1836 5139 2055 5201 dicavit,
2112 5137 2306 5191 merito
2351 5135 2603 5205 deinceps
2645 5150 2753 5200 non
2808 5135 3037 5205 amplius
3087 5138 3207 5192 illos
3249 5137 3359 5192 vim

1837 5229 2237 5301 preplietiarum
2291 5227 2659 5281 intellecturos
2720 5224 2967 5290 allirmat,
3023 5229 3117 5283 sed
3149 5227 3360 5283 Chana-

1840 5336 2006 5383 naaos,
2035 5320 2115 5374 sic
2146 5320 2368 5372 dicens:
2403 5315 2499 5370 «Et
2523 5324 2851 5386 cognoscent
2893 5315 3201 5381 Chananai.
3232 5331 3361 5376 om

1836 5426 1957 5483 qua
1986 5408 2368 5465 custodiuntur
2402 5407 2725 5484 mihi,un
2753 5406 2975 5459 verbum
2992 5405 3202 5465 Domini
3218 5404 3356 5487 estis

1833 5503 2119 5565 Caeterum,
2158 5498 2249 5568 qui
2298 5497 2511 5553 tandem
2560 5496 2653 5551 alii
2695 5492 2896 5549 fuerint
2948 5494 3006 5550 lii
3048 5495 3358 5558 Chananaei,

1831 5607 1992 5661 quam
2017 5605 2116 5645 nos
2139 5587 2281 5658 ipsi?
2305 5588 2395 5657 qui
2425 5589 2578 5659 prius
2608 5584 2774 5645 alieni
2808 5601 3045 5653 eramus,
3084 5598 3137 5642 et
3176 5588 3266 5656 qui
3295 5601 3360 5638 ea

2338 5813 2416 5849 ἴῃ,
