3782 6356
186 443 278 499 75'!

1061 441 1698 506 DEMONSTRATIONIS
1735 430 2185 495 EVANGELICA‘J
2223 430 2352 488 LIB.
2395 437 2436 490 Χ

3216 438 3314 493 758

184 558 394 612 διάνοιαν
417 560 488 623 τὸ,
518 563 620 614 πᾶν
657 565 917 619 Ἰουδαίων
939 567 1104 631 ἔθνος,
1135 567 1223 619 τοῦ
1243 566 1500 637 σωτηρίου
1528 559 1674 630 φωτδ

1799 562 1976 616 lumen
1999 555 2283 616 illuxisset,
2324 556 2532 625 ipsique
2569 557 2742 625 potius
2771 559 3013 612 tenebras
3043 572 3202 625 quam
3227 559 3311 611 ιιι-ι

183 647 343 710 αὐτοῖς
370 651 780 721 ἐπιλάμψαντος,
815 659 988 710 αὐτῶν
1026 675 1083 710 τε
1117 658 1310 728 μᾶλλον
1339 659 1400 710 τὸ
1431 658 1613 718 σκότος
1651 656 1684 726 ἢ

179 737 233 793 τὸ
275 737 380 807 φῶς
419 739 700 812 ἑλομένων,
741 748 883 800 τοῦθ’
916 750 1050 818 ὅπερ
1082 752 1171 802 καὶ
1199 750 1396 801 εἴλοντο
1433 746 1687 818 μετῆλθεν

180 829 368 893 αὐτοὺς,
395 831 834 903 ἀναχωρήσαντος
863 839 957 906 μὲν
1011 837 1315 898 αὐτῶνιτοῦ
1354 837 1543 905 φωτὸς,
1573 835 1686 888 δια-

179 917 417 989 λασούσης
443 919 498 972 δὲ
528 922 722 986 αὐτοὺς
751 928 942 990 νυκτὸς
981 928 1272 996 ἀφεγγοῦς,
1323 927 1686 997 σκοτισθείσης

177 1009 330 1062 αὐτῶν
357 1010 450 1080 τῆς
473 1011 708 1076 διανοίας
726 1055 740 1077 ,
771 1019 905 1086 πρὸς
944 1018 1003 1070 τὸ
1033 1019 1103 1088 μὴ
1135 1017 1415 1085 διαυγάσαι
1457 1017 1544 1070 τὸν
1574 1035 1684 1086 φω-

174 1102 340 1172 τισμὸν
363 1104 450 1156 τοῦ
477 1105 802 1175 Εὐαγγελίου
826 1113 883 1163 ἐν
908 1115 1023 1172 ταῖς
1043 1110 1286 1181 καρδίαις
1307 1109 1500 1162 αὐτῶν.
1530 1109 1685 1162 Ἀλλὰ

175 1191 254 1242 καὶ
279 1191 527 1261 ψυγείσης
552 1195 651 1263 τῆς
682 1199 820 1267 πρὸς
853 1200 940 1250 τὸν
974 1199 1100 1250 Θεὸν
1141 1199 1356 1267 ἀγάπης
1398 1197 1591 1259 αὐτῶν,
1617 1197 1684 1248 τὰ

175 1280 384 1351 σύμϐολα
408 1283 607 1336 τούτων
639 1289 863 1352 εἰκότως
894 1290 1136 1348 ἐτελεῖτο,
1165 1288 1456 1358 ἐπληροῦτο
1475 1305 1529 1340 τε
1558 1287 1682 1356 tea;

170 1372 226 1423 τὰ
246 1372 331 1440 τῆς
355 1375 727 1443 προρρήσεως,
758 1379 900 1430 κατὰ
933 1378 1027 1448 τὴν
1059 1379 1258 1430 τοιάνδε
1292 1379 1388 1448 τῆς
1423 1379 1680 1447 σωτηρίου

172 1464 452 1531 ἐπιφανείας
503 1466 716 1536 ἡμέραν
777 1468 964 1531 ὓδατος
1017 1469 1208 1531 ζῶντος
1266 1468 1561 1534 ἐξελθόντος
1625 1467 1682 1532 ἐξ

181 1555 521 1625 Ἰερουσαλὴμ,
567 1559 647 1620 εἰς
698 1560 875 1612 πάντα
922 1559 990 1612 τὰ
1039 1560 1160 1629 ἔθνη
1210 1559 1551 1631 προελθόντος
1589 1559 1679 1612 τοῦ

165 1644 357 1713 γονίμου
385 1646 476 1697 καὶ
516 1647 746 1710 ζωτικοῦ
800 1652 897 1720 τῆς
937 1651 1289 1721 εὐαγγελικῆς
1326 1651 1678 1713 διδασκαλίας,

167 1732 434 1802 ἀρξαμένου
469 1737 564 1804 μὲν
597 1737 707 1790 ἀπὸ
755 1739 855 1808 τῆς
911 1740 1163 1802 Ἰουδαίας
1195 1740 1285 1792 καὶ
1327 1739 1384 1800 ἐξ
1413 1740 1579 1809 αὐτῆς
1617 1757 1679 1808 γε

168 1825 252 1894 τῆς
275 1827 613 1899 Ἰερουσαλὴμ
631 1869 645 1892 ,
675 1830 1005 1893 διαδοθέντος
1039 1832 1092 1884 δέ
1141 1834 1217 1894 είς
1245 1835 1418 1885 πᾶσαν
1449 1833 1543 1903 τὴν
1577 1833 1678 1903 γῆν

168 1916 246 1968 καὶ
265 1917 333 1979 είς
356 1917 522 1970 πάντα
546 1918 614 1971 τὰ
646 1920 744 1988 τῆς
788 1921 1104 1990 οἰκουμένης
1134 1922 1357 1991 πέρατα.
1388 1922 1584 1974 Τούτου
1622 1922 1677 1974 δὲ

166 2002 246 2056 τοῦ
289 2004 461 2068 ὓδατος
512 2009 604 2059 καὶ⁸
651 2009 817 2070 αὐτὸς
846 2011 873 2060 6
916 2009 1098 2079 Σωτὴρ
1149 2012 1240 2062 καὶ
1286 2011 1484 2080 Κύριος
1527 2012 1678 2081 ἡμῶν

170 2095 456 2163 μνημονεύει
474 2095 643 2164 λέγων
666 2099 805 2168 πρὸς
835 2099 931 2168 τὴν
947 2100 1261 2170 Σαμαρεῖτιν
1281 2118 1293 2131 ·
1315 2122 1330 2144 ο
1356 2103 1416 2152 Εἰ
1439 2103 1582 2170 ᾔδεις
1598 2102 1679 2164 τίς

170 2181 290 2234 ἐστιν
316 2186 341 2235 6
367 2184 522 2236 αίτῶν
550 2201 608 2236 σε
637 2189 805 2248 πιεῖν,
828 2187 890 2238 σὺ
921 2186 984 2238 ἂν
1012 2187 1214 2256 ᾔτησας
1237 2187 1413 2247 αὐτὸν,
1441 2189 1532 2239 καὶ
1551 2188 1676 2240 ἔδω-

171 2287 248 2321 κεν
277 2271 332 2324 ἄν
357 2289 430 2324 σοι
457 2271 597 2343 ὕδωρ
623 2270 750 2334 ζῶν.
776 2293 796 2323 ι
824 2275 959 2344 Ὂση
985 2275 1040 2326 δὲ
1080 2279 1190 2336 τοῖς
1229 2277 1678 2345 ἀπογευσαμὲνοιος

165 2357 242 2409 τοῦ
275 2359 456 2424 ζῶντος
482 2364 573 2414 καὶ
601 2362 826 2430 λογικοῦ
871 2366 1102 2434 νάματος
1141 2365 1374 2436 ὑπῆρξεν
1412 2366 1672 2433 ὠφέλεια,

167 2451 443 2523 παρίστησιν
474 2455 615 2524 ἑξῆς,
636 2455 932 2518 διδάσκων,
950 2458 1023 2520 ὼς
1045 2461 1090 2510 οἱ
1121 2459 1327 2521 πιόντες
1350 2459 1531 2521 αὐτοῦ,
1553 2463 1676 2522 τοὺς

169 2544 306 2596 πάλαι
335 2547 544 2610 πολλοὺς
585 2547 1013 2616 βασιλεύσαντας
1039 2549 1210 2601 αὐτῶν
1233 2551 1484 2619 δαίμονας
1513 2568 1674 2620 πονη-

174 2637 275 2705 ροὺς
315 2637 752 2708 ἀπαρνησάμενοι
779 2677 793 2701 ,
825 2640 914 2690 τὸν
963 2639 1054 2690 ἕνα
1091 2639 1285 2705 Κύριον
1327 2643 1417 2693 καὶ
1461 2639 1674 2709 βασιλέα

175 2728 300 2792 σφῶν
318 2729 476 2780 αὐτῶν
497 2730 910 2798 ὁμολογήσουσι,
942 2731 1032 2782 καὶ
1058 2730 1130 2791 ὡς
1151 2733 1178 2782 6
1204 2731 1400 2800 Κύριος
1431 2733 1458 2782 6
1499 2731 1673 2800 μόνοις

172 2813 222 2866 τὸ
244 2815 352 2884 πρὶν
378 2816 636 2887 Ἑϐραίοις
666 2815 1084 2886 γνωριζόμενος,
1117 2819 1397 2885 γενήσεται
1432 2815 1674 2886 βασιλεῦς

174 2905 354 2958 πάντων
381 2907 483 2958 τῶν
517 2909 593 2970 είς
633 2906 802 2960 αὐτὸν
849 2906 906 2969 ἐξ
938 2907 1150 2976 ἁπάσης
1187 2909 1283 2977 τῆς
1317 2909 1414 2976 γῆς
1461 2926 1672 2960 πιστευ-

176 2993 345 3046 σάντων
385 2996 576 3048 ὲθνῶνο
624 2997 725 3049 καὶ
772 2995 832 3046 τὸ
882 2996 1046 3064 ὄνομα
1074 2997 1231 3048 αὐτοῦ
1278 2997 1332 3049 ἓν
1367 2997 1548 3061 ἔσται,
1581 3017 1672 3051 κυ-

175 3081 303 3134 κλοῦν
330 3086 492 3137 πᾶσαν
538 3086 636 3154 τὴν
677 3085 786 3153 γῆν
817 3085 913 3136 καὶ·
934 3084 1030 3154 τὴν
1069 3085 1286 3154 ἔρημον.
1315 3087 1376 3138 Ὃ
1419 3088 1509 3139 καὶ
1544 3089 1671 3141 αὐτὸ

1789 667 1910 706 men
1967 648 2196 717 amplexi
2239 653 2443 710 essent,
2476 648 2576 699 hoc
2619 648 2760 715 quod
2801 649 2867 702 ab
2914 649 3046 716 ipsis
3084 649 3311 703 electum

1787 749 2227 809 assumptumque
2259 746 2367 800 est,
2397 739 2701 793 universam
2757 739 2992 808 ipsorum
3039 741 3310 796 nationem

1786 830 1999 884 invasit.
2039 828 2171 883 Cum
2201 828 2344 882 enim
2374 827 2476 896 ipsi
2513 826 2861 882 recessissent
2887 845 2916 881 a
2951 830 3090 892 luce,
3119 835 3174 883 et
3215 845 3311 888 eos

1785 919 2014 975 obscura
2051 933 2157 973 nox
2189 923 2524 986 occupasset,
2563 917 2865 972 obscuratis
2890 919 3126 987 ipsorum
3163 937 3312 977 men-

1784 1009 1950 1070 tibus.
1982 1023 2046 1062 eo
2071 1008 2212 1077 quod
2263 1005 2578 1060 illuminatio
2617 1007 2918 1074 evangeliea
2956 1007 3134 1063 radios
3178 1025 3310 1068 suos

1784 1101 1837 1153 in
1869 1099 2031 1153 corda
2061 1100 2297 1168 ipsorum
2333 1113 2440 1152 non
2482 1098 2808 1158 immitteret,
2838 1097 3128 1166 quinetiam
3153 1098 3309 1157 refri-

1782 1199 1960 1260 gerata
1990 1192 2226 1260 ipsorum
2258 1206 2382 1260 erga
2404 1190 2567 1246 Deum
2610 1189 2888 1250 charitate,
2919 1189 3102 1242 talium
3129 1205 3310 1245 rerum

1783 1280 1934 1346 signa
1968 1280 2165 1332 merito
2192 1292 2446 1346 expressa
2476 1284 2620 1342 sunt,
2645 1288 2699 1331 et
2729 1278 2782 1330 in
2813 1278 2902 1330 tali
2931 1276 3184 1331 salutaris
3213 1278 3308 1332 ad-

1780 1379 1970 1424 ventus
1995 1370 2080 1423 die
2112 1370 2373 1437 completa
2401 1377 2526 1422 sunt
2549 1383 2632 1431 ea,
2659 1383 2776 1437 quae
2804 1368 2869 1420 ad
2907 1368 3008 1421 hoc
3030 1368 3308 1422 oraculum

1781 1460 2067 1528 pertinent,
2099 1459 2224 1512 dum
2251 1473 2388 1527 aqua
2431 1459 2615 1513 vivens
2637 1460 2865 1525 erumpit
2887 1473 2954 1511 ex
2987 1456 3304 1523 Jerusalem,

1779 1558 1831 1604 et
1860 1551 1913 1603 in
1956 1565 2140 1602 omnes
2177 1558 2363 1617 gentes
2408 1547 2743 1616 progreditur
2790 1545 3052 1600 fecundus
3097 1556 3150 1601 et
3187 1547 3308 1601 vita:

1780 1646 2088 1708 apportator
2127 1637 2446 1706 evangelicae
2497 1635 2753 1689 doctrina:
2799 1650 2974 1688 sermo
3007 1653 3019 1687 :
3051 1635 3140 1705 qui
3183 1651 3306 1690 cum

1778 1728 2049 1797 profectus
2079 1728 2148 1782 sit
2171 1727 2236 1781 de
2261 1726 2441 1780 Judaza
2468 1734 2521 1780 et
2551 1725 2617 1779 de
2647 1726 2760 1794 ipsa
2787 1724 3101 1790 Jerusalem,
3135 1728 3308 1782 disse-

1778 1820 2011 1873 minatus
2056 1827 2240 1887 postea
2282 1826 2366 1872 est
2394 1818 2446 1870 in
2477 1831 2687 1870 omnem
2725 1826 2922 1871 terram
2953 1826 3006 1870 et
3032 1818 3085 1870 in
3117 1831 3306 1872 omnes

1777 1911 1923 1965 orbis
1946 1919 2210 1964 terrarum
2242 1909 2395 1962 ﬁnes.
2426 1907 2597 1976 Hujus
2624 1922 2751 1961 vero
2779 1922 2930 1975 aqua:
2956 1909 3068 1975 ipse
3093 1923 3306 1976 quoque

1780 2000 2022 2054 Salvator
2042 2015 2102 2054 ac
2134 1999 2388 2052 Dominus
2415 2007 2596 2052 noster
2623 1998 2882 2060 meminit,
2912 1997 3037 2051 dum
3072 1998 3307 2065 loquitur

1777 2107 1897 2143 cum
1939 2093 2159 2144 muliere
2191 2087 2559 2142 Samaritana:
2591 2109 2608 2138 ι
2637 2087 2696 2140 Si
2739 2088 2926 2152 scires,
2961 2087 3152 2155 inquit,
3183 2087 3305 2154 quis

1775 2190 1858 2236 est
1898 2181 1988 2250 qui
2020 2181 2147 2249 petit
2175 2195 2203 2232 a
2243 2191 2294 2233 te
2334 2179 2534 2242 bibere,
2581 2187 2635 2231 tu
2668 2177 2893 2246 petisses
2920 2177 2987 2230 ab
3015 2192 3099 2237 eo,
3127 2183 3181 2229 et
3207 2176 3306 2229 de-

1775 2271 1941 2325 disset
1968 2271 2061 2324 tibi
2090 2285 2281 2339 aquam
2309 2270 2480 2322 vivam
2498 2269 2563 2323 ⁸⁵.
2597 2287 2614 2318 ι
2651 2268 2858 2332 Quanta
2890 2274 3064 2320 autem
3091 2266 3156 2318 ad
3185 2281 3302 2330 eos,

1774 2363 1864 2432 qui
1892 2363 2068 2416 vivam
2121 2361 2545 2429 rationalemque
2582 2374 2770 2427 aquam
2802 2357 3154 2427 gustaverint,
3182 2372 3307 2411 ven-

1773 2463 1892 2507 tura
1945 2453 2014 2507 sit
2068 2453 2286 2514 utilitas,
2346 2451 2583 2505 declarat
2631 2449 2913 2517 deinceps,
2968 2447 3092 2502 dum
3147 2447 3303 2502 docet

1772 2544 2217 2614 quemadmodum
2248 2543 2339 2610 qui
2361 2557 2478 2596 eam
2507 2555 2697 2610 aquam
2739 2540 2992 2602 biberint,
3025 2548 3077 2593 et
3105 2539 3302 2593 multos

1772 2633 1912 2693 illos,
1936 2632 2028 2701 qui
2059 2639 2212 2684 antea
2262 2629 2395 2698 ipsis
2427 2628 2775 2698 imperabant,
2805 2627 3067 2696 malignos
3107 2626 3306 2680 daemo~

1771 2735 1869 2774 nas
1885 2719 2283 2789 abnegaverint,
2307 2718 2340 2771 ii
2372 2732 2535 2770 unum
2566 2715 2650 2770 sui
2680 2716 2916 2784 ipsorum
2944 2721 2997 2769 et
3019 2713 3301 2768 Dominum

1770 2817 1822 2863 et
1856 2825 2031 2878 regem
2064 2808 2480 2871 conﬁtebuntur,
2513 2806 2636 2859 item
2665 2804 2805 2873 quod
2831 2804 2878 2859 is
2912 2803 3186 2868 Dominus,
3209 2805 3302 2873 qui

1771 2900 1837 2953 ab
1865 2903 1985 2953 unis
2028 2898 2264 2952 Hebraeis
2296 2905 2450 2950 antea
2496 2896 2834 2959 noscebatur,
2876 2893 3040 2965 5.89
3082 2910 3176 2949 rex
3212 2894 3303 2948 ﬁet

1769 2989 2004 3042 omnium
2041 3003 2224 3042 earum
2263 2987 2559 3048 nationum,
2594 3001 2710 3054 quae
2753 3001 2824 3040 ex
2860 2987 3116 3040 universa
3155 2991 3301 3038 terra

1771 3083 1824 3136 in
1849 3083 2017 3152 ipsius
2041 3081 2193 3136 ﬁdem
2227 3082 2501 3144 venerint;
2529 3091 2581 3133 et
2611 3093 2801 3132 nomen
2831 3077 2949 3146 ejus
2980 3092 3144 3131 unum
3176 3075 3298 3138 erit,

173 3172 240 3234 τίς
264 3174 350 3226 οὐκ
376 3173 437 3227 ἂν
463 3175 598 3244 ὁρῶν
644 3175 974 3243 ἐκπλαγείη;
1017 3175 1122 3227 ἀπὸ
1147 3176 1272 3242 γοῦν
1305 3179 1398 3246 τῆς
1439 3178 1667 3248 Χριστοῦ

1776 3174 2008 3228 ambiens
2060 3173 2368 3226 universam
2416 3179 2612 3224 terram
2644 3179 2699 3224 et
2745 3167 3108 3230 solitudinem,
3155 3166 3297 3234 quod

174 3266 512 3336 προσηγορίας,
559 3266 720 3327 αὐτὸς
753 3265 808 3316 δέ
845 3261 911 3335 ἦν
956 3267 983 3317 6
1023 3267 1248 3336 Χριστὸς
1283 3269 1310 3318 6
1348 3268 1562 3338 Κύριος,
1611 3273 1671 3324 τὸ

173 3351 260 3403 τῶν
292 3355 606 3425 Χριστιανῶν
641 3355 836 3424 ὄνομα,
861 3357 1032 3408 πάντα
1085 3357 1244 3410 τόπον
1281 3361 1371 3411 καὶ
1409 3361 1554 3413 πόλιν
1583 3364 1672 3415 καὶ

174 3441 337 3513 χώραν,
367 3448 454 3499 καὶ
495 3446 634 3499 αὑτά
681 3461 748 3513 γε
793 3445 862 3498 τὰ
906 3449 963 3497 ἐν
1006 3449 1124 3508 ταῖς
1156 3449 1375 3517 ἐρήμοις
1415 3450 1505 3502 καὶ
1557 3454 1671 3514 ταῖς

174 3531 405 3600 ἐσχατιαῖς
432 3536 526 3604 τῆς
554 3536 657 3604 γῆς
691 3533 939 3586 οἰκοῦντα
963 3533 1086 3602 ἔθνη
1121 3538 1534 3604 περιεκύκλωσε,
1565 3543 1670 3602 τοῖς

170 3620 248 3690 τῆς
270 3625 581 3694 προφητείας
607 3624 913 3688 ἀκολούθως
937 3624 1309 3695 θεσπίσμασιν.

305 3944 555 4019 ψαλμοῦ·
579 3952 693 3998 xa'.
712 3976 780 4019 τ-
805 3945 943 4013 Περί
970 3947 1085 4000 τῶν
1111 3949 1258 4019 κατὰ
1285 3949 1350 4002 τὸ
1386 3953 1673 4019 σωτήριον

218 4010 944 4088 Δξάθος.(ἔτιιέευὶιερνθεξνιτιιιὲν·ἒ
963 4019 1064 4082 Εἰς
1096 4017 1158 4070 τὸ
1187 4017 1356 4084 τέλος
1391 4010 1672 4088 ὑπὲιῖτῆς

223 4079 573 4149 ἀντιλήψεως
601 4081 711 4149 τῆς
737 4081 1000 4151 ἑωθινῆς.

223 4245 238 4274 ι
255 4227 306 4278 '0
333 4228 478 4293 Θεὸς,
505 4231 534 4281 6
561 4229 695 4294 Θεός
729 4247 850 4299 μου,
906 4231 1134 4303 πρόσχες
1159 4251 1274 4304 μοι*
1292 4236 1377 4288 ἵνα
1402 4236 1454 4288 τί
1480 4239 1671 4305 ἐγκατ-

161 4309 313 4414 έλιπές
342 4335 435 4387 με;
484 4319 700 4414 μακρὰν
729 4320 835 4373 ἀπὸ
865 4321 962 4390 τῆς
991 4327 1254 4395 σωτηρίας
1288 4344 1385 4396 μου
1435 4330 1482 4380 oi
1530 4329 1671 4397 λόγοι

159 4411 246 4454 τῶν
288 4411 736 4479 παραπτωμάτων
782 4415 975 4482 μου.ὐ
1014 4414 1144 4477 Θεός
1187 4434 1304 4484 μου,
1343 4419 1670 4491 κεκράξομαι

157 4491 338 4564 ἡμέρας
365 4500 498 4570 πρὸς
524 4500 607 4560 σὲ,
637 4503 731 4554 καὶ
760 4504 858 4556 οὐκ
889 4504 1173 4576 εἰσακούσῃ
1191 4523 1204 4536 ο
1243 4509 1332 4560 καὶ
1355 4511 1559 4574 νυκτὸς,
1578 4515 1670 4565 καὶ

156 4582 240 4635 οὐκ
277 4589 349 4649 είς
391 4591 576 4642 ἄνοιαν
624 4592 766 4661 ἐμοί.
801 4594 871 4645 Σὺ
923 4595 977 4647 δὲ
1022 4596 1078 4648 ἐν
1125 4597 1297 4664 ἁγίοις
1327 4604 1614 4667 κατοικεῖς,
1641 4604 1670 4654 6

158 4667 343 4762 ἐπαινος
391 4679 482 4730 τοῦ
524 4680 755 4752 Ἰσραήλ.
783 4683 902 4734 Ἐπὶ
955 4685 1035 4736 σοὶ
1077 4685 1301 4753 ἤλπισαν
1342 4690 1390 4740 οἱ
1439 4691 1670 4762 πατέρες

161 4760 308 4828 ἡμῶν,
337 4767 584 4836 ῆλπισαν,
624 4771 717 4821 καὶ
759 4772 968 4841 ἐῤῥύσω
1011 4775 1219 4838 αὐτούς.
1260 4778 1399 4846 Πρὸς
1446 4781 1503 4831 σὲ
1548 4760 1669 4834 ἐκέ-

163 4849 353 4918 κραξαν,
382 4857 474 4908 καὶ
500 4857 778 4928 ἐσώθησαν
796 4876 810 4889 ’
843 4861 932 4912 ἐπὶ
966 4863 1046 4914 σοὶ
1070 4864 1317 4932 ἧλπισαν,
1344 4869 1433 4920 καὶ
1458 4871 1515 4921 οὐ
1546 4887 1671 4923 κατ-

167 4941 490 5014 ῃσχύνθησαν.
507 4946 646 5014 Ἐγὼ
675 4948 734 5000 δέ
777 4951 886 5019 είμι
921 4951 1149 5023 σκώληξ,
1175 4957 1266 5008 καὶ
1314 4959 1412 5012 οὐκ
1466 4961 1703 5032 ἀνθρωπ

167 5045 264 5093 πος,
293 5035 476 5100 ὄνειδος
505 5039 821 5109 ἀνθρώπων,
849 5046 940 5096 καί⁹
991 5046 1312 5118 ἐξουδένημα
1354 5051 1501 5108 λαοῦ.
1529 5056 1666 5108 Πάν-

173 5133 245 5215 τες
275 5124 322 5215 οἱΔ
355 5126 667 5197 θεωροῦντες
726 5147 791 5198 με
833 5132 1256 5206 ἐξεμυκτήρισάν
1289 5156 1372 5207 με,
1407 5143 1667 5215 ἐλάλησαν

172 5204 219 5256 ἐν
252 5212 478 5280 χείλεσιν,
526 5216 787 5284 ἐκίνησαν
830 5204 1384 5292 κεφαλήνΪἬλπι-σεν
1427 5231 1517 5283 ἐπὶ
1553 5204 1667 5286 k6-

185 5309 289 5362 μον,
319 5303 547 5371 ῥυσὰσθω
567 5304 752 5365 αὐτὸν,
781 5311 998 5364 σωσάτω
1024 5313 1199 5376 αὑτὸν,
1223 5315 1301 5368 ὅτι
1325 5317 1460 5372 θέλει
1487 5324 1664 5380 αὐτόν.

184 5383 274 5482 ἷυτι
302 5391 356 5441 σὺ
387 5388 438 5482 εί
471 5393 498 5443 ό
541 5393 826 5456 ἐκσπάσας
853 5415 918 5466 με
961 5402 1023 5452 ἐκ
1048 5403 1280 5471 γαστρὸς
1320 5407 1352 5475 ὴ
1384 5407 1532 5472 ἐλπίς
1565 5430 1663 5482 μου

183 5467 266 5570 ivli
501 5482 598 5549 τῆς
630 5483 834 5570 μητρός
868 5505 984 5555 μου.
1005 5490 1119 5542 Ἐπὶ
1160 5467 1218 5542 σὲ
1265 5467 1578 5570 ἐπερρίφηνι
1602 5506 1664 5556 ἐκ

185 5561 366 5633 μήτρας,
392 5569 487 5619 ἀπὸ
526 5569 772 5634 γαστρὸς
806 5578 1002 5645 μητρός
1033 5597 1128 5648 μου
1172 5580 1306 5644 Θεός
1583 5592 1663 5646 σύ.

238 5731 272 5763 ⁸⁸
293 5731 417 5790 Joan.
446 5753 492 5790 ir
506 5775 520 5799 ,
561 5734 658 5788 10.

1699 4481 1750 4540 Ι)

1771 3264 1982 3332 quidem
2023 3265 2196 3332 ipsum
2223 3263 2313 3316 ubi
2357 3262 2479 3330 quis
2523 3259 2734 3323 viderit,
2763 3259 2851 3326 qui
2899 3257 3010 3311 ﬁeri
3049 3257 3216 3325 possit
3243 3264 3301 3308 ut

1771 3369 1878 3406 non
1907 3351 2450 3406 admireturietenim
2476 3364 2504 3402 a
2535 3347 2734 3402 Christi
2758 3344 3036 3408 vocabulo,
3054 3345 3304 3400 Christus

1770 3455 1928 3508 porro
1953 3441 2068 3511 ipse
2107 3439 2364 3492 Dominus
2401 3442 2503 3497 est,
2526 3434 2954 3488 Christianorum
2982 3446 3171 3484 nomen
3207 3429 3303 3485 de-

1769 3531 1986 3582 ductum
2046 3543 2256 3582 omnem
2305 3530 2477 3581 locum
2520 3535 2574 3581 et
2623 3527 2889 3580 civitatem
2933 3533 2986 3578 et
3027 3523 3300 3594 regionem

1769 3621 2019 3691 ipsasque
2051 3623 2104 3672 in
2144 3620 2368 3674 desertis
2399 3619 2614 3687 orisque
2652 3615 2907 3671 extremis
2953 3623 3110 3670 terra:
3149 3615 3309 3668 habia

1769 3719 1945 3763 tantes
1971 3711 2214 3763 nationes
2255 3708 2520 3772 circuivit,
2553 3707 2706 3761 ﬁdem
2741 3720 2804 3760 eo
2835 3704 2995 3759 modo
3024 3705 3226 3759 faciens
3248 3711 3307 3758 et

1770 3800 2115 3855 consentiens
2143 3799 2371 3870 hujusce
2401 3799 2691 3868 prephetiae
2715 3795 2988 3851 vaticinia.

1771 3957 1813 4007 A
1853 3959 2051 4023 psalmo
2076 3969 2186 4008 χιιι.
2212 3984 2279 4023 :—
2294 3953 2370 4007 De
2391 3955 2456 4007 iis
2478 3970 2590 4022 qua:
2607 3955 2658 4005 in
2676 3954 2788 4020 ipsa
2807 3929 3036 4006 salutari
3058 3949 3300 4023 passione

1873 4026 2010 4093 facta
2038 4033 2175 4078 sunt.
2203 4021 2266 4076 In
2291 4025 2447 4091 ﬁnem
2467 4020 2559 4091 pro
2581 4022 2896 4090 susceptione
2921 4020 3196 4073 matutina.

1845 4261 1864 4295 ι
1895 4242 2056 4306 Deus,
2085 4242 2228 4298 Deus
2259 4259 2432 4310 meus,
2459 4242 2663 4312 respice
2689 4243 2742 4297 in
2771 4257 2883 4307 me;
2917 4255 3084 4312 quare
3101 4255 3183 4294 me
3210 4240 3302 4295 de-

1770 4333 2084 4403 reliquisti‘l
2129 4335 2285 4404 longe
2321 4349 2352 4388 a
2397 4333 2569 4388 salute
2614 4348 2732 4387 mea
2781 4333 2941 4386 verba
2987 4331 3304 4385 delictorum

1772 4437 2036 4477 meorum.
2067 4421 2210 4478 Deus
2256 4437 2429 4487 meus,
2468 4421 2710 4476 clamabo
2742 4435 2837 4491 per
2875 4421 3013 4476 diem
3054 4421 3120 4474 ad
3151 4428 3221 4482 te,
3253 4427 3307 4476 et

1773 4527 1882 4565 non
1911 4513 2196 4578 exaudies;
2229 4520 2281 4566 et
2318 4528 2412 4582 per
2440 4521 2673 4575 noctem,
2709 4520 2760 4566 et
2798 4525 2904 4564 non
2950 4512 3014 4564 ad
3049 4509 3306 4580 insipien-

1773 4604 1901 4656 tiam
1935 4604 2081 4656 mihi.
2110 4603 2187 4657 Tu
2219 4610 2394 4658 autem
2428 4604 2481 4657 in
2505 4603 2705 4658 sanctis
2725 4602 2955 4665 habitas,
2982 4603 3098 4655 laus
3123 4600 3304 4654 lsrael.

1773 4691 1830 4745 lu
1858 4700 1909 4745 te
1935 4702 2284 4760 speravcrunt
2314 4701 2492 4762 patres
2536 4695 2728 4755 nostri,
2759 4698 3127 4760 speraverunt,
3159 4696 3211 4742 et
3245 4688 3305 4740 li-

1775 4780 1972 4834 berasti
2006 4795 2118 4850 eos.
2147 4781 2224 4832 Ad
2255 4788 2307 4835 te
2332 4782 2717 4842 clamaverunt,
2748 4787 2800 4833 et
2838 4779 2971 4832 salvi
3007 4777 3130 4830 facti
3160 4783 3304 4831 sunt.

1776 4869 1831 4922 In
1862 4877 1912 4922 te
1941 4877 2312 4937 speraverunt,
2340 4877 2393 4922 et
2423 4885 2530 4921 non
2559 4876 2685 4921 sunt
2713 4865 2943 4921 confusi.
2975 4865 3086 4935 Ego
3127 4873 3304 4918 autem

1776 4974 1893 5013 sum
1918 4947 2118 5013 vermis
2143 4967 2196 5014 et
2224 4974 2331 5013 non
2361 4959 2550 5022 homo;
2574 4957 2918 5027 opprobrium
2950 4957 3223 5009 hominum
3253 4964 3305 5010 et

1774 5048 2006 5114 ahjeetio
2046 5047 2238 5116 plebis.
2284 5046 2482 5101 Omnes
2520 5047 2762 5101 videntes
2799 5062 2904 5106 me,
2938 5047 3305 5102 subsannave-

1771 5148 1894 5194 runt
1915 5153 2019 5202 me,
2043 5138 2202 5191 locuti
2231 5146 2356 5192 sunt
2383 5139 2556 5203 labiis,
2584 5145 2637 5192 et
2657 5145 2935 5192 moverunt
2963 5144 3141 5205 caput.
3173 5136 3305 5207 Spe-

1769 5229 1906 5284 ravit
1933 5229 1984 5281 in
2008 5227 2236 5282 Domino
2267 5247 2280 5280 :
2312 5228 2504 5296 eripiat
2533 5242 2678 5292 eum,
2709 5229 2912 5282 salvum
2969 5226 3129 5280 faciat
3157 5242 3304 5287 eum.

1770 5322 2018 5391 quoniam
2047 5321 2160 5375 vult
2198 5336 2340 5382 eum,
2381 5320 2630 5389 quoniam
2671 5328 2725 5373 tu
2772 5335 2851 5382 es,
2884 5319 2972 5388 qui
3024 5319 3300 5372 extraxisti

1770 5428 1857 5467 me
1877 5412 1944 5467 de
1984 5419 2202 5477 ventre;
2233 5427 2356 5480 spes
2384 5425 2500 5465 mea
2538 5410 2604 5463 ab
2644 5411 2899 5464 uberibus
2930 5409 3116 5462 matris
3152 5421 3305 5461 mea.

1769 5502 1827 5557 In
1851 5510 1904 5558 te
1932 5502 2202 5573 proiectus
2235 5517 2351 5556 sum
2371 5517 2432 5556 ex
2457 5507 2628 5553 utero.
2653 5499 2726 5556 De
2754 5508 2940 5554 ventre
2961 5498 3147 5551 matris
3175 5509 3312 5548 mea

1764 5595 1906 5650 Deus
1929 5610 2081 5648 meus
2105 5608 2162 5647 es
2191 5602 2270 5659 tu,
2297 5609 2363 5648 ne
2387 5591 2704 5646 discesseris
2730 5606 2760 5643 a
2790 5605 2894 5651 me,
2919 5587 3168 5657 quoniam
3201 5585 3313 5638 m-
