3782 6362
155 440 283 497 ’151

1154 450 1787 510 DEMONSTRATIONIS
1818 449 2262 519 EVANGELICJS
2301 450 2424 506 LIB.
2458 450 2524 505 Χ.

3277 448 3383 504 76?.

156 572 355 631 μινα.
368 563 682 635 Ἀντικρυς
693 567 814 630 γοῦν
827 569 906 620 ἐπ’
919 569 1062 640 αύτῷ
1075 573 1463 642 πεπληρωμένα
1477 572 1545 626 τά
1556 589 1614 625 τε
1629 574 1649 626 6

1894 569 2278 638 uandoquidem
2329 569 2404 622 illi
2446 568 2539 621 uni
2586 573 2639 621 et
2676 567 2803 619 nulli
2832 574 3081 634 praeterea
3122 565 3232 629 alii,
3264 578 3382 635 qua:

150 651 725 718 ἁποδείκνυται,και
751 658 811 727 δὴ
834 659 892 710 τὸ
921 659 1120 728 φάσκον
1139 663 1196 714 ἐν
1214 662 1407 731 ψαλμῷ
1423 678 1437 693 υ
1472 680 1492 713 ι
1518 664 1761 733 Διεμερί-

155 757 353 795 σαντο
379 741 464 796 τὰ
495 746 697 815 ἱμάτιά
737 766 834 819 μου
867 751 1093 817 ἐαυτοῖς,
1134 754 1226 807 καὶ
1253 755 1341 806 ἐπὶ
1367 754 1454 807 τὸν
1478 756 1760 825 ἱματισμόν

152 845 277 913 μου
344 830 564 885 ἔϐαλον
617 835 832 907 κλῆρον.
866 857 884 889 ι
916 840 1024 893 Καὶ
1062 842 1160 911 τὴν
1208 843 1542 913 κατάπαρσιν
1568 843 1623 895 δὲ
1653 843 1758 896 τῶν

147 911 351 981 ἥλων,
387 916 516 970 τῶν
542 922 687 975 κατὰ
708 922 816 976 τῶν
841 926 1035 995 χειρῶν
1065 929 1156 981 καὶ
1177 929 1344 982 ποδῶν
1372 911 1461 982 sui
1484 929 1577 983 τοῦ
1605 947 1760 984 σταυ-

148 1005 263 1073 ροῦ
282 1008 786 1077 προσηλωθέντων
798 1015 961 1085 αὐτῷ,
978 1016 1262 1089 διαρρήδην
1282 1018 1549 1088 ἐμφαίνει,
1566 1019 1753 1088 λέγων·

152 1093 478 1166 ιὨρυξαν
527 1102 722 1170 χεῖράς
770 1119 869 1173 μου
912 1106 1004 1158 καὶ
1051 1107 1214 1170 πόδας
1252 1126 1368 1179 μου,
1395 1108 1757 1179 ἐξηρίθμησαν

144 1187 358 1237 πάντα
391 1185 474 1239 τὰ
508 1189 652 1241 ὀστᾶ
681 1207 802 1259 μου.
834 1211 853 1243 ι
879 1194 986 1245 Καὶ
1006 1194 1072 1250 τὰ
1090 1194 1247 1248 λοιπὰ
1270 1196 1324 1248 δὲ
1349 1197 1489 1266 μόνῳ
1509 1197 1573 1250 ἂν
1593 1199 1756 1270 ἐφαρ-

148 1274 339 1343 μόσαι
392 1276 586 1345 αὐτῷ,
631 1278 703 1341 ὡς
752 1281 950 1351 προῖὼν
992 1284 1020 1349 6
1064 1283 1214 1351 λόγος
1250 1288 1685 1356 παραστήσει.Ἢ
1726 1290 1755 1341 6

146 1364 522 1434 βουλόμενος
549 1368 637 1436 ἐφ’
656 1369 838 1440 ἕτερον
867 1372 1176 1440 μεταλαϐεῖν
1199 1376 1496 1447 πρόσωπον,
1519 1380 1634 1449 ἦτοι
1660 1379 1756 1450 βα-

433 1453 475 1524 ἢ
509 1459 814 1528 προφήτου,
844 1461 877 1529 ἢ
907 1462 999 1513 καί
1035 1481 1175 1526 τινος
1215 1464 1321 1517 τῶν
1360 1466 1571 1522 πώποτε
1605 1470 1753 1541 παρὰ

153 1538 478 1627 Ἰουδαίοις
513 1541 802 1611 θεοφιλῶν,
832 1546 1103 1613 δεικνύτω,
1137 1553 1183 1604 εἰ
1225 1547 1332 1615 οἷός
1361 1570 1418 1605 τε
1446 1555 1549 1623 εἴη,
1587 1538 1753 1627 ἐφαρ-

145 1624 358 1696 μόζειν
395 1628 482 1681 τὰ
514 1630 1000 1703 ἀναγεγραμμένα.
1016 1637 1129 1690 Τίνι
1150 1638 1254 1708 γὰρ
1272 1640 1375 1693 τῶν
1402 1640 1612 1696 πώποτε
1630 1624 1752 1696 κυο-

142 1717 549 1787 φορουμένων
601 1721 695 1773 ἐπὶ
733 1723 979 1777 τοσοῦτον
1020 1727 1195 1797 παρῆν
1242 1728 1437 1800 ἀρετῆς
1467 1732 1560 1784 καὶ
1591 1732 1749 1786 δυνά-

145 1824 329 1877 μεως,
365 1808 537 1862 ὥστε
584 1811 885 1866 καθεστῶτι
924 1815 1177 1887 λογισμῷ,
1211 1819 1302 1871 καὶ
1338 1821 1618 1891 ἀσυγχύτῳ
1648 1822 1748 1890 ψυ-

1858 659 1912 712 in
1944 674 2007 713 eo
2028 656 2389 719 continentur,
2421 657 2763 712 conveniunt.
2794 653 3110 711 Planissime
3137 657 3300 727 igitur
3324 658 3381 711 in

1853 751 1946 805 illo
1971 764 2089 803 cum
2136 751 2237 807 alia
2290 750 2548 819 completa
2583 763 2703 803 esse
2754 756 2982 811 constat,
3027 763 3145 817 quae
3191 749 3247 801 in
3278 745 3382 802 hoc

1855 841 2061 909 psalmo
2088 841 2355 910 leguntur,
2394 845 2504 892 tum
2554 852 2680 892 vero
2712 837 2870 891 etiam
2927 837 3058 890 illud
3113 836 3256 906 quod
3303 838 3379 890 ita

1854 929 1928 993 ait
1959 947 1971 982 :
2000 948 2019 981 ι
2062 928 2363 983 Diviserunt
2409 927 2721 981 vestimenta
2772 939 2889 983 mea
2944 924 3066 989 sibi,
3117 932 3171 979 et
3219 940 3381 993 super

1852 1030 2050 1073 vestem
2091 1033 2259 1071 meam
2312 1018 2570 1073 miserunt
2627 1021 2847 1069 sortem.
2920 1032 2939 1064 ι
2987 1012 3376 1082 Trajectionein

1850 1122 1977 1161 vero
2008 1106 2277 1160 clavorum
2310 1105 2402 1174 qui
2450 1105 2593 1158 illius
2639 1103 2888 1158 manibus
2942 1117 3004 1159 ac
3053 1102 3275 1170 pedibus
3322 1103 3376 1155 in

1851 1210 2009 1258 cruce
2048 1194 2184 1248 allixi
2240 1203 2384 1255 sunt,
2417 1193 2815 1253 evidentissime
2847 1191 3067 1257 indicat,
3102 1190 3224 1244 dum
3254 1191 3328 1244 ait
3358 1210 3374 1246 :

1856 1301 1874 1335 ι
1914 1282 2188 1338 Foderunt
2228 1296 2420 1336 manus
2449 1296 2594 1339 meas
2628 1288 2681 1336 et
2712 1280 2873 1351 pedes
2915 1294 3085 1342 meos,
3136 1277 3379 1332 dinume-

1849 1381 2099 1426 raverunt
2127 1373 2304 1426 omnia
2349 1387 2473 1427 ossa
2503 1387 2642 1427 mea.
2675 1389 2693 1425 ι
2724 1370 2813 1424 Sic
2855 1370 3016 1423 etiam
3045 1369 3246 1437 reliqua
3285 1367 3377 1421 uni

1849 1464 1923 1517 illi
1960 1478 2057 1517 nec
2082 1463 2172 1523 alii
2206 1461 2434 1532 cuipiam
2467 1469 2719 1532 praeterea
2747 1459 3086 1520 convenient,
3121 1456 3380 1526 quemad-

1848 1552 2058 1607 modum
2090 1566 2369 1622 progressa
2406 1551 2614 1619 longius
2655 1551 2823 1603 oratio
2847 1548 3252 1609 demonstrabit,
3287 1555 3378 1600 aut

1847 1648 1987 1695 certe
2022 1640 2198 1710 quivis
2225 1656 2324 1695 suo
2354 1640 2635 1701 arbitratu,
2661 1637 2905 1707 quamvis
2944 1637 3102 1690 aliam
3140 1636 3377 1707 proferat

1845 1743 2124 1797 personam
2158 1735 2249 1781 aut
2309 1730 2471 1797 regis,
2519 1733 2611 1780 aut
2646 1726 2947 1795 prophetae,
2999 1732 3091 1780 aut
3144 1726 3376 1795 alicujus

1845 1833 2049 1884 eorum,
2071 1817 2160 1886 qui
2193 1818 2459 1887 quondam
2488 1816 2627 1887 apud
2659 1815 2870 1871 Iudaeos
2904 1815 2992 1870 Dei
3026 1816 3183 1870 amici
3212 1824 3265 1871 et
3296 1817 3376 1870 fa-

141 1901 242 1970 χῇ,
293 1900 587 1971 νηφαλίῳ
620 1918 679 1955 τε
731 1906 1027 1975 φρονήματι
1058 1906 1188 1960 Θεοῦ
1215 1909 1410 1976 γνῶσιν
1447 1912 1634 1965 ἀναλαε

1881 1908 2082 1962 iiliares
2111 1907 2436 1970 exstiterint,
2464 1907 2815 1975 ostendatque
2852 1906 2896 1961 si
2938 1908 3127 1976 possit,
3156 1922 3217 1962 ea
3255 1922 3374 1976 qua

139 1990 244 2042 καὶ
271 1992 491 2044 πᾶσαν
523 1992 624 2044 ἐπὶ
650 1994 741 2047 τὸν
766 1994 895 2048 Θεὸν
915 1997 1204 2067 ἀναρτῆσαι
1226 1999 1386 2052 αὑτοῦ
1412 2001 1506 2072 τὴν
1529 2002 1744 2067 ἐλπίδας

138 2079 279 2133 ὥστ’
318 2078 398 2134 ἂν
432 2083 630 2134 εἰπεῖν
650 2099 665 2113 ο
702 2085 851 2139 «Ὅτι
887 2087 949 2139 σὺ
980 2084 1028 2140 εἶ
1056 2091 1084 2142 6
1115 2090 1389 2153 ἐκσπάσας
1453 2108 1518 2161 με
1561 2094 1623 2145 ἐκ
1657 2109 1748 2161 γα-

139 2171 318 2243 στρὸς
357 2171 599 2244 μητρός
632 2190 756 2243 μου,
790 2177 823 2246 ἡ
852 2177 1002 2240 ἐλπίς
1028 2195 1126 2247 μου
1158 2178 1264 2232 ἀπὸ
1293 2180 1506 2249 μαστῶν
1527 2181 1624 2251 τῆς
1653 2199 1750 2254 μη-

136 2258 274 2329 τρός
310 2275 465 2328 μου.
505 2260 640 2324 Ἐπὶ
691 2261 750 2314 σέ
794 2263 1090 2336 ἐπερῤἔφην
1119 2266 1180 2316 ἐκ
1209 2267 1433 2339 μήτρας,
1462 2270 1524 2320 ἐκ
1545 2269 1747 2333 κοιλίας

140 2349 370 2420 μητρός
425 2367 546 2420 μου
598 2350 729 2414 Θεός
772 2368 873 2423 μου
916 2349 967 2406 εἴ
1006 2354 1088 2406 σύ.
1120 2374 1139 2407 ι
1172 2355 1266 2418 Τίς
1291 2356 1346 2408 δὲ
1368 2356 1602 2421 τοιοῦτος
1630 2358 1744 2429 Θεῷ

140 2436 596 2521 μεμελημένος,
626 2439 825 2503 ὄνειδος
867 2441 1161 2512 ἀνθρώπων
1192 2444 1379 2512 γέγονε
1417 2446 1509 2498 καὶ
1539 2447 1744 2517 ἐξουθέ-

136 2543 300 2598 νημα
330 2526 525 2592 λαοῦς
559 2528 667 2580 ὑπὸ
712 2528 868 2581 τίνων
911 2530 966 2582 δὲ
1009 2533 1101 2585 καὶ
1141 2534 1388 2595 ποδαπῶν
1418 2526 1625 2605 μόσχων
1649 2537 1744 2589 καὶ

135 2616 377 2688 ταύρων
410 2618 536 2688 χρὴ
563 2621 705 2671 νοεῖν
734 2618 824 2671 τὸν
856 2620 1049 2673 τοιόνδε
1073 2623 1466 2689 κεκυκλῶσθαι;
1495 2627 1546 2678 τί
1573 2626 1627 2678 δέ
1650 2643 1742 2678 πα-

138 2704 252 2757 θὼν
286 2707 321 2757 6
360 2705 719 2777 δηλούμενος
748 2709 878 2761 ὡσεὶ
917 2708 1054 2782 ὕδωρ
1086 2711 1339 2782 ἐξεχύθης
1375 2714 1467 2765 καὶ
1525 2713 1639 2777 πῶς
1666 2714 1743 2766 δι-

135 2793 520 2865 εσκορπίσθη
551 2795 718 2848 αὐτοῦ
752 2796 818 2848 τὰ
848 2797 1009 2863 ὀστᾶ;
1040 2800 1151 2871 πῶς
1179 2800 1233 2852 δέ
1261 2801 1339 2863 εἰς
1366 2800 1488 2871 χοῦν
1517 2802 1740 2856 Θανάτου

135 2883 442 2954 κατήχθη,
482 2885 586 2937 καὶ
615 2886 906 2955 καταχθεὶς
926 2891 1003 2951 είς
1026 2888 1150 2958 χοῦν
1171 2888 1416 2951 θανάτου,
1438 2891 1504 2944 τὰ
1523 2892 1740 2946 τοιαῦτα

135 2974 298 3035 λαλεῖ
331 2976 459 3038 ἔτι,
504 2977 604 3029 καὶ
631 2977 696 3046 ζῇ
728 2978 820 3029 καὶ
840 2977 1156 3045 φθέγγεται;
1188 2977 1328 3040 τίνες
1358 2980 1414 3032 δέ
1441 2982 1488 3032 οἱ
1514 2982 1669 3046 κύνες
1690 2983 1738 3035 οἱ

135 3064 570 3128 κυκλώσαντες
619 3066 801 3128 αὐτὸν,
833 3067 1003 3136 ἐτεροι
1061 3067 1210 3130 ὄντες
1253 3068 1400 3139 παρὰ
1441 3071 1565 3133 τοὺς
1608 3088 1739 3141 προ-

132 3154 610 3225 ωνομασμένους
636 3155 867 3226 ταύρους
884 3158 973 3209 καὶ
1003 3158 1229 3227 μόσχους
1246 3175 1261 3222 ;
1280 3160 1406 3211 ποία
1430 3160 1483 3211 δὲ
1502 3177 1738 3229 συναγω-

132 3244 207 3318 ντή
259 3244 758 3315 πονηρευομένων
798 3244 895 3308 τὰς
930 3251 1112 3316 χεῖρας
1155 3249 1214 3300 ού
1258 3249 1429 3316 μόνον,
1470 3250 1602 3305 ἀλλὰ
1649 3251 1740 3304 καὶ

130 3335 266 3397 τοὺς
302 3334 506 3395 πόδας
554 3332 652 3385 τοῦ
684 3333 995 3401 τηλικούτου
1038 3336 1265 3407 ὤρυξαν,
1294 3338 1650 3402 άποδύσαντές
1680 3357 1739 3392 τε

129 3422 329 3485 αὐτὸν,
366 3422 456 3474 τὰ
519 3420 626 3491 μέν
666 3438 788 3475 τινα
826 3422 1074 3477 διείλοντο
1102 3425 1260 3478 αὑτοῦ
1289 3425 1392 3477 τῶν
1416 3426 1736 3497 ἐνδυμάτων,

127 3512 200 3563 τὰ
230 3511 296 3564 δὲ
332 3511 454 3563 καὶ
498 3507 692 3578 κλήρῳ
723 3508 974 3579 λαχόντες
1000 3511 1214 3577 ἔ).α6ον;
1240 3515 1320 3577 τίς
1345 3514 1400 3566 δὲ
1432 3518 1463 3586 ἡ
1505 3517 1739 3586 ῥομφαία

128 3607 225 3658 καὶ
275 3608 309 3658 6
355 3602 558 3663 κύων,
594 3602 688 3653 καὶ
717 3601 933 3671 όνλᾷων;
962 3603 1103 3667 τίνες
1130 3604 1184 3657 δὲ
1212 3608 1260 3658 οἱ
1292 3607 1564 3677 λεγόμενοι
1594 3625 1741 3677 μονο-

126 3693 423 3763 κέρωτες,
476 3689 578 3741 τὸν
625 3689 947 3759 δηλούμενον
981 3692 1345 3763 περιέχοντες;
1377 3695 1491 3758 πῶς
1520 3697 1574 3749 δέ
1604 3697 1739 3766 μετὰ

124 3783 231 3854 τὴν
262 3785 428 3853 πρὸς
460 3780 758 3842 τοσούτους
788 3781 983 3851 πάλην,
1008 3784 1142 3851 μετὰ
1170 3785 1229 3836 τὸ
1261 3787 1338 3847 εἰς
1362 3785 1488 3855 χοῦν
1512 3786 1736 3840 Θανάτου

123 3872 536 3943 καταχθῆναι,
575 3869 964 3937 ἐπαγγέλλεται
992 3872 1052 3923 τὸ
1076 3871 1242 3941 ὄνομα
1279 3871 1370 3925 τοῦ
1430 3874 1637 3944 Πατρδς
1662 3874 1738 3928 δι-

124 3961 437 4031 ηγεῖσθαι,
457 3959 527 4012 οὐ
558 3958 891 4022 πᾶσιν,άλλὰ
915 3960 1092 4030 μόνοις
1112 3964 1221 4023 τοῖς
1247 3962 1433 4015 ἑαυτοῦ
1462 3962 1733 4031 άδελφοῖς;

120 4052 279 4115 τίνες
307 4068 378 4104 τε
410 4051 474 4104 οἱ
502 4047 749 4116 ἀδελφοὶ,
783 4048 864 4111 τίς
894 4065 952 4101 τε
982 4052 1014 4121 ἡ
1054 4051 1359 4122 Ἐκκλησία,
1388 4053 1510 4123 περὶ
1536 4048 1601 4124 ἧς
1632 4071 1735 4124 φη-

124 4159 215 4194 σιν
266 4142 303 4194 6
357 4139 443 4193 τὰ
501 4137 735 4191 τοιαῦτα
780 4137 1003 4209 παθὼν,
1059 4157 1077 4188 ι
1112 4139 1199 4192 Ἐν
1243 4142 1388 4210 μέσῳ
1423 4141 1736 4211 Ἐκκλησίας

119 4233 380 4301 δμνήσω
440 4245 533 4289 σε,
591 4244 611 4276 ι
664 4220 746 4289 οἷς
788 4228 882 4295 καὶ
929 4228 1182 4295 ἐπιλέγει,
1210 4228 1285 4291 ὡς
1324 4229 1428 4301 ἄρα
1464 4234 1560 4301 οὐχ
1594 4231 1649 4299 ἓν
1675 4232 1736 4285 τὺ

133 4321 449 4373 Ἰουδαίων
487 4315 671 4377 ἔθνος,
707 4332 727 4365 ι
757 4317 933 4369 πάντα
953 4316 1007 4368 δέ
1037 4317 1105 4369 τὰ
1137 4317 1343 4387 πέρατα
1367 4320 1463 4389 τῆς
1482 4321 1583 4391 γῆς
1614 4337 1735 4374 συν-

115 4412 545 4482 ιισθήσονται,
579 4406 675 4475 καὶ
702 4407 1186 4477 ἐπιστραφήσονται
1223 4409 1353 4479 πρὸς
1398 4409 1616 4481 Κύριον,
1642 4413 1734 4466 καὶ

1845 1995 1918 2048 ita
1946 1994 2213 2064 descripta
2260 2003 2413 2059 sunt,
2448 1994 2573 2050 huic
2603 1995 2907 2051 convenire.
2961 1995 3063 2050 Sed
3112 1997 3251 2050 enim
3284 1996 3374 2050 cui

1844 2099 2077 2152 unquam
2123 2099 2330 2147 eorum,
2358 2099 2493 2154 quos
2548 2086 2600 2139 in
2652 2095 2803 2139 utero
2846 2093 3016 2140 mater
3065 2084 3371 2154 gestaverit,

1843 2182 2047 2228 tantum
2102 2174 2350 2238 virtutis,
2418 2181 2733 2245 tantumque
2791 2174 3003 2228 virium'
3047 2172 3260 2227 adfuit?
3313 2182 3374 2228 ut

1841 2266 2106 2320 constanti
2155 2265 2491 2336 cogitatione,
2549 2264 2831 2332 animoque
2862 2263 3267 2333 imperturbata,
3319 2271 3373 2319 et

1841 2361 2014 2409 mente
2048 2353 2224 2408 sobria
2253 2362 2306 2408 et
2337 2360 2536 2417 erecta,
2585 2352 2677 2408 Dei
2702 2353 3055 2423 cognitionem
3084 2354 3368 2423 acceperit,

1839 2450 1893 2498 et
1923 2457 2132 2497 omnem
2179 2457 2332 2499 suam
2363 2456 2508 2510 spem
2538 2443 2593 2498 in
2621 2441 2731 2497 Deo
2773 2442 3142 2510 collocaverit,
3201 2457 3373 2513 usque

1839 2527 1970 2584 adeo
1998 2536 2057 2583 ut
2100 2530 2332 2601 potuerit
2356 2530 2536 2587 dicere
2567 2552 2580 2588 :
2611 2549 2630 2584 ι
2670 2530 2930 2598 Quoniam
2959 2539 3015 2587 tu
3049 2547 3109 2587 es
3133 2533 3224 2603 qui
3277 2548 3372 2588 ex-

1840 2616 2046 2671 traxisti
2097 2632 2180 2672 me
2225 2617 2290 2672 de
2335 2627 2521 2695 ventre
2569 2620 2758 2674 matris
2807 2635 2953 2679 meae.
2995 2634 3117 2688 spes
3149 2634 3263 2675 mea
3303 2620 3372 2675 ab

1839 2705 2092 2761 uberibus
2119 2708 2305 2761 matris
2331 2723 2482 2772 mea}.
2512 2709 2564 2762 in
2595 2716 2645 2763 te
2672 2709 2940 2778 projectus
2967 2724 3084 2764 sum
3109 2724 3173 2763 ex
3195 2717 3367 2772 utero,

1836 2797 1903 2850 de
1929 2803 2113 2850 ventre
2156 2798 2345 2851 matris
2376 2813 2507 2852 mea:
2563 2797 2702 2852 Deus
2752 2814 2902 2853 meus
2946 2814 3005 2853 es
3050 2808 3126 2853 tu.
3182 2819 3199 2851 ι
3236 2800 3369 2865 Quis

1837 2899 1998 2954 porro
2024 2901 2259 2954 unquam
2284 2887 2372 2942 ubi
2406 2889 2520 2955 ipse
2557 2895 2715 2941 tanta:
2740 2903 2882 2942 curae
2909 2887 3015 2942 Deo
3042 2888 3222 2951 fuerit,
3252 2898 3371 2958 post

1836 2987 1897 3026 ea
1937 2974 2280 3044 opprobrium
2311 2975 2586 3029 hominum
2615 2984 2668 3029 et
2706 2976 2933 3045 abjectio
2964 2979 3144 3047 populi
3196 2978 3369 3034 factus

1836 3061 1955 3119 est?
1975 3077 2005 3114 a
2029 3062 2225 3130 quibus
2259 3073 2435 3117 autem
2483 3071 2536 3117 et
2567 3064 2869 3131 cujusmodi
2894 3067 3097 3128 vitulis.
3133 3076 3223 3121 aut
3250 3077 3372 3122 tan-

1836 3156 1912 3208 ris
1940 3154 2337 3224 intelligendum
2369 3162 2451 3209 est
2497 3158 2637 3210 hunc
2668 3157 2833 3211 fuisse
2863 3160 3289 3214 circumdatum?
3316 3169 3370 3215 et

1836 3244 1964 3313 quid
1986 3244 2196 3299 tandem
2227 3246 2350 3301 huic
2377 3248 2476 3316 ipsi
2505 3249 2720 3311 accidit,
2740 3258 2795 3301 ut
2818 3251 2969 3318 quasi
3002 3266 3137 3319 aqua
3168 3252 3368 3306 effusus

1837 3335 1945 3389 sit?
1969 3343 2021 3389 et
2065 3337 2333 3404 quomodo
2360 3337 2601 3405 ejusdem
2660 3354 2782 3391 ossa
2835 3339 3077 3408 (liSpersa
3125 3343 3287 3397 sunt?
3314 3350 3369 3397 et

1836 3436 1939 3490 qua
1971 3423 2176 3477 ratione
2225 3423 2278 3478 in
2320 3425 2587 3493 pulverem
2624 3427 2831 3479 mortis-
2857 3426 3119 3482 deductus
3170 3431 3290 3483 est?
3313 3437 3368 3483 et

1836 3511 2060 3567 simulac
2114 3513 2167 3565 in
2204 3516 2359 3568 talem
2395 3516 2665 3583 pulverem
2690 3524 2773 3569 est
2796 3517 3077 3581 deductus,
3113 3518 3286 3572 adhuc
3312 3526 3366 3573 et

1834 3602 1963 3655 talia
2009 3603 2266 3672 loquitur,
2306 3611 2359 3658 et
2403 3605 2554 3667 vivit,
2582 3611 2634 3659 et
2664 3605 2898 3660 vocalem
2931 3621 2989 3661 se
3034 3607 3287 3675 praestat?
3313 3615 3367 3662 et

1835 3691 2051 3759 quinam
2101 3691 2191 3745 alii
2242 3707 2403 3747 canes
2448 3692 2596 3749 illum
2647 3693 3117 3748 circumdederunt
3164 3704 3361 3766 praeter

1834 3794 1948 3844 eos,
1979 3795 2113 3851 quos
2160 3780 2294 3836 dixit
2337 3788 2390 3835 et
2439 3788 2623 3836 tauros
2670 3789 2724 3836 et
2762 3783 2993 3838 vitulos?
3048 3784 3191 3854 quod
3238 3801 3365 3840 vero

1834 3868 2119 3923 consilium
2172 3869 2578 3939 malignantium
2628 3886 2735 3924 non
2790 3872 2961 3925 solum
3020 3888 3210 3928 manus
3270 3875 3365 3929 sed

1833 3956 1992 4015 etiam
2024 3956 2186 4026 pedes
2214 3957 2439 4026 hujusce
2487 3958 2552 4011 de
2584 3973 2691 4027 quo
2724 3974 2899 4013 sermo
2926 3966 3028 4022 est,
3080 3959 3366 4017 foderunt?

1836 4047 1927 4114 qui
1962 4047 2121 4100 etiam
2174 4056 2456 4117 postquam
2508 4049 2753 4111 eumdem
2809 4058 3103 4115 exuerunt,
3161 4061 3363 4121 partem

1834 4133 2048 4202 quidem
2096 4137 2533 4193 vestimentorum
2600 4138 2768 4206 ipsius
2828 4138 3096 4205 divisere,
3156 4148 3361 4210 partem

1830 4236 1957 4275 vero
1984 4220 2145 4290 jactis
2189 4224 2424 4290 sortibus
2453 4226 2836 4296 arripuerunt?
2864 4235 2917 4286 et
2960 4244 3202 4296 quaenam
3253 4229 3364 4284 fra-

1830 4325 1949 4368 mea
1989 4311 2117 4366 illa?
2143 4312 2266 4382 quis
2301 4315 2491 4370 canis?
2528 4316 2650 4384 quis
2688 4317 2811 4371 leo?
2842 4317 2933 4387 qui
2987 4318 3111 4373 item
3142 4319 3217 4373 illi
3270 4320 3363 4390 qui

1831 4399 2081 4453 dicuntur
2111 4403 2397 4458 unicornes
2423 4419 2566 4467 eum,
2605 4405 2672 4459 de
2710 4421 2820 4475 quo
2872 4423 3044 4462 sermo
3076 4418 3180 4474 est,
3211 4410 3361 4465 obsi-

115 4497 647 4568 προσκυνήσουσιν
672 4490 899 4544 ἐνώπιον
927 4492 1087 4544 αὐτοῦ
1117 4494 1280 4546 πᾶσαι
1306 4497 1359 4547 αἱ
1384 4496 1603 4566 πατριαὶ

1869 4489 2060 4557 entes?
2276 4498 2330 4546 et
2356 4507 2462 4560 qua
2492 4492 2684 4548 fiducia
2710 4504 2831 4566 post
2865 4502 3067 4549 tantam
3090 4505 3275 4552 contra
3307 4496 3361 4551 id

114 4557 306 4635 ἐθνῶν
327 4562 361 4650 ;¹
389 4557 567 4633 ’.Καὶ
598 4579 663 4631 σὺ
687 4578 763 4640 δὲ,
801 4579 947 4646 παρὰ
976 4579 1152 4648 σαυτῷ
1181 4579 1467 4653 βασανίσας
1492 4557 1607 4637 ’ἐκάη

1866 4591 1999 4630 enus
2047 4557 2266 4645 luctam,
2320 4595 2383 4635 ac
2425 4595 2707 4653 postquam
2760 4584 2813 4637 in
2863 4584 3132 4653 pulverem
3172 4584 3359 4639 mortis

112 4671 277 4737 λέξιν
334 4668 453 4722 τοῦ
507 4665 753 4737 ψαλμοῦ,
781 4664 880 4718 θέα
922 4667 969 4737 εί
1015 4665 1231 4719 δυνατὸν
1261 4670 1350 4720 ἐπὶ
1377 4669 1464 4723 τὸν
1509 4672 1733 4741 τυχόντα

112 4762 465 4831 ἀναφέρειν
492 4755 568 4808 τὰ
592 4752 971 4826 θεσπιζόμενα,
987 4754 1121 4806 Ἀλλ’
1147 4757 1245 4811 οὐκ
1280 4757 1343 4829 ᾂν
1366 4756 1541 4828 εὕροις
1566 4759 1732 4830 ἑτέρῳ

116 4869 203 4921 τιρ
229 4847 646 4921 ἐφαρμόττειν
676 4845 816 4897 αι’»τά
844 4844 877 4914 ἢ
914 4845 1055 4914 μόνῳ
1078 4846 1283 4917 Σωτῆρι
1315 4848 1488 4917 ἡμῶν,
1514 4848 1571 4912 ὃς
1598 4851 1730 4905 πάν-

117 4960 237 4996 των
281 4939 647 4999 πιστότατος
685 4934 752 5005 ἂν
783 4933 867 5003 εἴη
900 4935 991 4991 καὶ
1027 4934 1399 5006 ἀληθέστατος,
1432 4940 1510 5000 εἰς
1540 4940 1724 4993 ἑαυτοῦ

114 5031 460 5102 πρόσωπον
492 5022 807 5094 ἀνειληφὼς
832 5022 928 5092 τὴν
950 5023 1054 5096 ἀπὸ
1077 5023 1168 5077 τοῦ
1198 5023 1408 5094 ψαλμοῦ
1436 5026 1630 5097 φωνὴν,
1653 5029 1727 5092 ὡς

118 5121 562 5192 ἐμαρτύρησαν
590 5116 643 5167 οἱ
671 5111 1049 5179 εὐαγγελισταί
1066 5129 1079 5143 ·
1107 5115 1135 5165 6
1165 5113 1260 5183 μὲν
1280 5113 1547 5182 Ματθαῖος
1568 5116 1633 5169 δι’
1653 5110 1727 5169 ὧν

118 5207 516 5284 παρεθέμεθα
550 5203 724 5259 αὑτοῦ
758 5200 982 5267 λέξεωνο
1012 5204 1040 5254 6
1069 5204 1125 5258 δέ
1166 5205 1384 5274 Μάρκος
1432 5206 1497 5257 δι’
1517 5199 1589 5275 ὧν
1636 5207 1728 5279 καὶ

122 5301 300 5363 αὐτὸς
328 5293 453 5352 ὧδέ
487 5310 610 5355 πως
639 5291 853 5357 ίστορεί
880 5288 1079 5356 λέγωντ
1110 5309 1129 5341 ι
1159 5292 1454 5362 Γενομένης
1494 5295 1550 5347 δέ
1584 5294 1728 5365 ὧρας

120 5392 325 5457 ἕκτης,
353 5387 560 5445 σκότος
592 5379 829 5447 ἐγένετο
852 5380 930 5444 ἐφ’
949 5380 1071 5449 ὅλης
1097 5382 1192 5449 τῆς
1217 5381 1336 5450 γῆς,
1353 5384 1453 5449 ἕως
1482 5383 1626 5453 ὥρας
1652 5385 1730 5438 ὲν-

116 5480 320 5547 νάτης.
366 5478 485 5530 Καὶ
523 5473 595 5539 τῇ
636 5465 847 5533 ἐννάτῃ
895 5465 1007 5536 ὥρᾳ
1053 5468 1269 5537 ἐϐόησεν
1316 5473 1344 5522 6
1378 5471 1579 5542 Ἰησοῦς
1619 5490 1729 5541 φω-

121 5656 239 5707 ἐστι
282 5640 909 5723 μεθερμηνευόμενον
953 5644 1010 5696 '0
1038 5646 1182 5708 Θεὸς,
1211 5651 1240 5701 6
1269 5650 1399 5711 Θεός
1429 5668 1550 5719 μου,
1574 5654 1651 5715 εἰς
1675 5654 1727 5705 τί

134 5738 504 5811 ἐγκατέλιπές
535 5747 657 5815 tu;
691 5728 816 5799 καί
858 5746 991 5799 τινες
1031 5733 1130 5788 τῶν
1160 5736 1495 5794 ἀκουσάντων
1518 5740 1722 5794 {navav-

1827 4664 2089 4721 deductus
2118 4675 2221 4732 est,
2256 4670 2537 4738 pollicetur
2568 4688 2626 4729 se
2649 4688 2843 4726 nomen
2890 4673 3057 4740 patris
3109 4673 3191 4728 sui
3232 4688 3358 4726 nar-

1825 4760 2068 4806 raturum
2105 4770 2215 4827 non
2249 4759 2522 4820 omnibus,
2547 4760 2640 4814 sed
2676 4742 2806 4813 solis
2836 4765 2947 4813 suis
2979 4759 3278 4813 fratribus?
3305 4767 3359 4813 et

1826 4843 1918 4912 qui
1971 4843 2183 4898 tandem
2239 4845 2296 4899 bi
2343 4846 2588 4902 fratres?
2630 4863 2873 4917 quaenam
2938 4863 3061 4903 vero
3119 4846 3357 4904 Ecclesia

1831 4932 1962 4995 lucc,
1993 4932 2059 4985 de
2082 4947 2186 5006 qua
2212 4934 2257 4988 is
2290 4935 2381 5003 qui
2414 4937 2536 4988 talia
2564 4936 2798 5004 pertulit,
2830 4936 2901 4988 ita
2937 4937 3210 5005 loquitur?
3236 4957 3253 4988 ‹
3298 4938 3360 4993 In

1830 5020 2004 5076 medio
2033 5019 2280 5075 Ecclesiae
2335 5022 2564 5078 laudabo
2601 5031 2681 5087 te;
2740 5042 2760 5074 ι
2791 5023 2986 5092 quibus
3034 5025 3195 5086 etiam
3226 5026 3357 5082 illud

1832 5109 2073 5180 adjungit
2100 5127 2113 5163 :
2144 5111 2286 5191 quod
2325 5113 2509 5187 utique
2537 5128 2642 5166 non
2675 5128 2776 5165 una
2801 5110 3025 5169 Judaica
3066 5131 3228 5186 gens,
3265 5116 3356 5172 sed

1837 5221 1855 5253 ‹
1889 5215 2075 5267 omnes
2103 5200 2235 5265 fines
2262 5211 2418 5256 terrae
2460 5202 2867 5257 reminiscentur
2891 5212 2945 5258 et
2982 5212 3359 5260 convertentur

1833 5291 1900 5352 ad
1930 5290 2235 5363 Dominum,
2262 5298 2315 5348 et
2364 5291 2663 5345 adorabunt
2694 5292 2745 5345 in
2776 5301 3067 5362 conspectu
3097 5294 3215 5363 ejus
3243 5309 3360 5349 omo.

1832 5399 1926 5437 nes
1968 5381 2183 5436 familiae
2229 5382 2486 5452 gentium.
2527 5382 2833 5437 )Gazterum
2893 5391 2950 5437 tu
2998 5400 3212 5455 quoque
3264 5385 3358 5451 ubi

1830 5488 1924 5542 per
1946 5481 1997 5527 te
2030 5473 2202 5541 ipsum
2234 5472 2443 5541 singula
2490 5472 2728 5540 ejusdem
2756 5473 2947 5542 psalmi
2994 5476 3154 5530 verba
3176 5476 3359 5545 exple-7

1832 5562 2054 5623 raveris,
2079 5561 2234 5615 facile
2278 5560 2544 5630 intelliges
2576 5570 2753 5615 utrum
2774 5576 2835 5616 ea
2857 5579 2976 5633 quae
3009 5564 3062 5618 in
3086 5565 3203 5634 ipso
3224 5579 3354 5618 con-

1833 5652 2069 5705 tinentur
2115 5649 2181 5703 ad
2215 5652 2482 5721 vulgarem
2529 5652 2833 5722 quempiam
2862 5653 3052 5711 referri
3098 5655 3348 5725 possint:

1832 5741 1970 5809 quod
2007 5756 2125 5795 cum
2162 5740 2373 5812 feceris,
2398 5752 2540 5797 certe
2584 5758 2692 5799 non
2743 5743 2981 5802 invenies
3013 5749 3097 5800 cui
3139 5740 3349 5796 tandem
