3782 6352
545 385 649 441 763

1226 385 1491 443 EUSEBH
1527 388 2000 444 CESARIENSIS
2036 388 2186 447 OPP.
2227 389 2404 446 PARS
2430 391 2494 445 ll.
2531 421 2595 433 -
2623 391 3117 448 APOLOGETICA.
3568 395 3649 453 ἰιι

543 499 635 554 illa
664 500 1008 568 conveniant,
1027 508 1215 570 praeter
1245 518 1409 557 unum
1446 503 1774 560 Salvatorem
1803 512 2060 568 nostrum1

2184 506 2364 560 Ἠλίαν
2404 509 2585 575 φωνεῖ.
2619 526 2635 557 ι
2669 509 2800 578 Φέρε
2824 508 2887 577 δὴ
2910 504 3002 560 οὖν
3037 506 3241 567 τούτοις
3269 507 3539 573 ἀκολούθως
3558 513 3647 566 [δω-

542 593 634 662 qui
685 592 923 648 omnium
963 600 1015 647 et
1054 593 1358 651 ﬁdelissime
1406 603 1460 650 ct
1514 597 1793 651 verissime
1848 595 2074 665 hujusce

541 681 733 752 psalmi
762 696 920 736 voces
948 682 1000 735 in
1039 698 1190 737 suam
1219 699 1499 755 personam
1532 686 1851 754 assumpsit,
1887 701 2074 754 quem-

541 769 827 824 admodum
884 773 1221 841 evangelistze
1270 773 1538 828 testiﬁcati
1589 783 1734 830 sunt.
1794 775 2073 834 Mattheus

541 858 753 927 quidem
783 860 888 914 illis
917 860 1092 914 verbis
1141 875 1259 929 quae
1300 869 1455 916 antea
1510 864 1814 919 retulimus.
1861 865 2073 922 Marcus

541 954 718 1001 autem
770 946 837 1002 iis
888 948 1082 1017 quibus
1128 950 1289 1003 etiam
1332 949 1439 1015 ille,
1470 959 1654 1021 utpote
1682 954 1773 1022 qui
1825 955 1879 1007 in
1928 955 2073 1010 hunc

540 1036 755 1090 modum
777 1045 956 1091 narret
983 1055 998 1091 :
1026 1057 1045 1089 ε
1081 1036 1145 1091 Et
1168 1037 1304 1093 facta
1325 1040 1455 1094 hora
1490 1050 1638 1096 sexta
1668 1044 1899 1098 tenebrae
1919 1044 2074 1099 facta:

541 1132 668 1178 sunt
692 1139 857 1193 super
880 1133 1041 1179 totam
1073 1136 1268 1181 terram
1305 1144 1474 1198 usque
1526 1132 1589 1184 ad
1637 1132 1820 1185 horam
1852 1150 2069 1190 nonam.

539 1211 606 1265 Et
628 1213 759 1267 hora
786 1230 925 1269 nona
952 1216 1265 1270 exclamavit
1282 1215 1438 1273 Jesus
1463 1234 1593 1273 voce
1624 1237 1810 1290 magna
1843 1224 2030 1279 dicens
2053 1243 2067 1277 :

539 1300 641 1365 Eli,
668 1301 769 1366 Eli,
791 1304 983 1357 lamma
1018 1305 1387 1370 sabachthani,
1426 1308 1566 1374 quod
1600 1318 1682 1361 est
1715 1325 1778 1361 ex
1802 1310 2068 1379 interpre-

539 1393 741 1447 tatione
765 1411 780 1447 :
806 1393 967 1459 Deus,
1002 1394 1140 1449 Deus
1162 1412 1335 1460 meus,
1359 1397 1423 1449 ad
1452 1399 1579 1466 quid
1595 1398 1926 1466 dereliquisti
1952 1401 2072 1454 me?

538 1481 604 1536 Et
658 1484 875 1552 quidam
923 1501 986 1539 cx
1020 1488 1357 1542 audientibus
1412 1488 1705 1542 dicebant:
1758 1488 1929 1542 Eliam
1969 1506 2068 1545 vo-

539 1576 626 1622 cat
652 1568 718 1623 ”.
754 1589 771 1619 ι
797 1574 904 1640 Age
933 1572 1093 1640 igitur
1137 1577 1359 1642 posthac
1392 1576 1509 1644 ipso
1551 1576 1732 1629 ordine
1768 1578 2066 1643 videamus,

538 1674 642 1726 qua
669 1659 874 1714 ratione
907 1676 969 1715 ea
993 1677 1110 1730 quae
1135 1663 1190 1717 in
1224 1664 1325 1718 hoc
1368 1666 1574 1734 psalmo
1604 1668 1967 1734 continentur,
2000 1672 2065 1725 ad

538 1748 686 1800 illum
736 1750 1011 1804 referenda
1065 1752 1191 1807 sint.
1251 1752 1327 1807 Ac
1371 1755 1600 1823 primum
1662 1757 2068 1827 inscriptionem

2174 612 2293 665 μεν,
2318 597 2462 658 ὅπως
2485 598 2563 657 εἰς
2581 595 2737 649 αὐτὸν
2758 595 3168 665 ἀνενεχθήσεται
3182 593 3247 646 τὰ
3269 593 3350 647 διά
3373 595 3457 649 τοῦ
3480 598 3649 670 ψαλμοῦ

2170 683 2486 754 δηλούμενα.
2518 686 2623 737 Καὶ
2649 684 2859 755 πρῶτόν
2889 701 2952 752 γε
2985 682 3318 753 διαλάϐωμεν
3341 684 3431 755 τὴν
3462 687 3649 753 φάσκου-

2173 790 2270 826 σαν
2295 773 2629 844 προγραφὴν,
2674 792 2693 825 ι
2733 776 2812 837 είς
2837 772 2898 825 τὸ
2921 772 3092 835 τέλος,
3128 790 3146 823 ι
3183 772 3237 842 ἢ,
3262 773 3395 827 κατά
3421 776 3502 829 τὸν
3534 778 3650 832 ’Δκύ-

2171 862 2287 927 λαν,
2323 880 2341 912 ι
2367 861 2443 931 τῷ
2483 860 2760 931 νικοποιῷ,
2792 880 2812 911 ι
2850 860 2906 930 ἢ,
2934 860 3076 914 κατά
3096 860 3187 914 τὸν
3212 860 3501 932 Σύμμαχον,
3530 883 3545 913 ι
3569 867 3652 920 ἐπι·

2171 951 2334 1014 νίκιος
2378 951 2518 1021 ὑπὲρ
2560 950 2659 1021 τῆς
2686 949 3037 1020 ἀντιλήψεως.
3068 968 3085 1000 ι
3118 948 3278 1002 Ταῦθ’
3300 952 3438 1020 ἡμᾶς
3463 952 3653 1026 ὑπεισέρ-

2170 1056 2339 1108 χεται,
2371 1040 2451 1091 ὅτι
2472 1038 2531 1091 τὸ
2562 1038 2659 1108 μὲν
2701 1039 2968 1108 σωτήριον
2991 1037 3181 1101 πάθος,
3216 1038 3291 1099 ὡς
3329 1040 3383 1090 αί
3414 1038 3560 1104 λέξεις
3580 1042 3654 1095 τῶν

2171 1128 2561 1196 εὐαγγελιστῶν
2608 1128 2981 1198 παρέστησαν,
3026 1128 3246 1190 σκότους
3294 1128 3553 1198 γενομένου
3585 1131 3655 1183 ἀπὸ

2170 1217 2316 1288 ὥρας
2336 1219 2492 1288 ἕκτης
2506 1217 2609 1279 ἕως
2630 1215 2779 1286 ὧρας
2804 1217 3052 1284 ὲννάτης,
3086 1217 3227 1285 ἀμφὶ
3243 1217 3339 1287 τὴν
3359 1218 3557 1287 ὲννάτην
3576 1236 3656 1273 συν-

2170 1308 2440 1378 ετελέσθη,
2470 1309 2555 1360 ὅτε
2579 1310 2671 1360 καὶ
2700 1307 2801 1377 τὴν
2838 1309 3023 1377 φωνὴν
3048 1307 3226 1377 ἀφῆκε
3258 1307 3349 1377 τὴν
3370 1307 3590 1378 μεγάλην,
3613 1311 3656 1362 τὰ

2174 1397 2347 1467 μικρῷ
2369 1397 2595 1467 πρόσθεν
2612 1396 2959 1467 δεδηλωμένα
2977 1396 3165 1456 είπὼν.
3196 1396 3330 1449 ὥστε
3357 1398 3655 1466 ὁμολογεῖσθαι

2172 1485 2352 1553 σαφῶς
2382 1486 2441 1537 τὸ
2462 1484 2627 1548 πάθος
2647 1484 2810 1537 αὑτοῦ
2848 1487 2997 1555 ἀμφὶ
3017 1485 3115 1555 τὴν
3146 1486 3375 1556 ἑσπέραν
3403 1487 3564 1549 νυκτὸς
3588 1490 3652 1539 ὲπ-

2168 1574 2384 1626 ελαυνού
2392 1560 2485 1644 σης
2499 1574 2883 1641 γεγονέναι.Τά
2897 1576 2954 1628 δὲ
2967 1577 3065 1644 τῆς
3080 1577 3144 1626 ὲκ
3156 1576 3353 1645 νεκρῶν
3365 1576 3652 1638 ἀναστάσεως,

2167 1665 2284 1733 ἥτις
2313 1660 2377 1734 ἦν
2402 1663 2677 1731 ἀντίληψις
2705 1663 2798 1715 τοῦ
2826 1665 3043 1733 [Ἰατρὸς
3069 1664 3579 1735 ἀντιλαμϐανομένου,
3596 1669 3654 1718 καὶ

2169 1755 2247 1816 είς
2269 1754 2451 1805 ἑαυτὸν
2482 1756 2543 1805 ὲκ
2575 1754 2682 1805 τῶν
2707 1753 2797 1805 τοῦ
2828 1752 3069 1806 θανάτου
3100 1756 3310 1825 χωρίων
3328 1756 3652 1824 ἐπισπωμένου,

538 1836 706 1904 ipsam
730 1845 1039 1904 tractemus,
1062 1857 1179 1909 qua:
1200 1842 1320 1896 talis
1349 1851 1431 1898 est
1464 1863 1476 1897 :
1514 1863 1532 1895 ι
1571 1845 1627 1898 in
1657 1845 1811 1900 linem
1842 1848 1907 1911 ⁸³,
1939 1868 1957 1899 ι
1985 1852 2060 1905 vel

2169 1846 2260 1897 καὶ
2279 1844 2634 1914 λαμϐάνοντος
2653 1846 2835 1908 αὑτὸν,
2848 1846 2995 1915 ἀμφὶ
3014 1820 3209 1914 τὴνήἓω
3228 1845 3456 1911 γέγονεν,
3551 1841 3652 1906 αὖθις

535 1930 976 1997 quemadmodum
997 1933 1187 2001 Aquila
1219 1934 1384 1989 edidit
1410 1953 1421 1987 :
1453 1954 1471 1985 ι
1513 1936 1748 1990 victoriae
1780 1939 2008 2003 auctori,
2042 1959 2062 1991 ι

535 2019 621 2073 vel
664 2021 927 2074 etiammt
963 2020 1314 2092 Symmachus
1366 2042 1380 2077 :
1439 2043 1458 2075 (
1519 2025 1586 2079 ad
1635 2026 1910 2082 victoriam
1967 2045 2067 2099 pro

536 2112 896 2180 susceptione.
926 2133 943 2165 ι
980 2114 1101 2169 Haec
1128 2129 1256 2169 sane
1283 2115 1440 2170 nobis
1481 2116 1702 2171 veniunt
1728 2117 1785 2170 in
1810 2128 2064 2184 mentem,

534 2212 816 2271 propterea
862 2207 1000 2274 quod
1051 2208 1304 2263 salutaris
1356 2208 1445 2261 illa
1500 2210 1701 2279 passio,
1757 2217 1816 2262 ut
1863 2212 2065 2281 scripta

532 2294 981 2360 evangelistarnm
1011 2295 1400 2361 demonstrant,
1431 2297 1665 2366 perfecta
1716 2305 1793 2351 est
1851 2299 2064 2354 circiter

533 2378 721 2437 horam
743 2387 973 2450 ,nonam,
1011 2386 1165 2440 factis
1201 2386 1312 2454 jam
1357 2387 1611 2450 tenebris,
1643 2388 1709 2441 ab
1736 2391 1864 2442 hora
1914 2399 2063 2443 sexta

532 2487 705 2542 usque
760 2475 825 2528 ad
877 2476 1063 2529 horam
1117 2491 1333 2540 nonam,
1388 2490 1492 2544 qua
1539 2491 1668 2530 sane
1721 2478 1851 2530 hora
1901 2480 2061 2532 etiam

531 2575 717 2617 vocem
745 2579 989 2633 magnam
1018 2565 1217 2628 emisit,
1243 2572 1297 2618 et
1327 2580 1387 2619 ea
1419 2582 1537 2634 qua:
1559 2569 1717 2637 paulo
1757 2576 1880 2622 ante
1926 2569 2048 2622 reci-

530 2652 785 2716 tavimus,
830 2653 1067 2721 protulit,
1112 2659 1170 2704 ut
1200 2654 1355 2721 plane
1398 2656 1469 2709 sit
1500 2656 1887 2721 conﬁtendum,
1919 2659 2060 2712 illius

530 2738 836 2806 passionem
871 2739 935 2791 ad
968 2752 1240 2806 vesperam
1268 2747 1424 2794 nocte
1442 2741 1760 2796 adventante
1790 2743 1972 2797 fuisse.
1994 2744 2061 2798 At

528 2824 739 2878 reditus
762 2824 1001 2891 ejusdem
1032 2840 1061 2876 a
1092 2825 1337 2888 mortuis,
1350 2841 1469 2894 quae
1489 2827 1872 2899 l‘uitsusceptio
1891 2834 2060 2899 patris

530 2913 683 2965 illum
735 2913 1096 2981 suscipientis,
1141 2922 1196 2966 et
1239 2915 1304 2967 ad
1359 2915 1592 2983 seipsum
1643 2932 1710 2971 ex
1753 2920 2060 2987 regionibus

530 2997 720 3054 mortis
745 3001 1072 3056 adtrahentis
1090 3009 1248 3071 atque
1268 3005 1614 3070 assumentis,
1639 3007 1780 3061 circa
1810 3024 2057 3064 auroram

531 3087 653 3151 fuit,
685 3088 1133 3156 quemadmodum
1185 3106 1374 3145 rursus
1422 3095 1866 3164 evangelistarum
1909 3100 2059 3152 testi-

531 3180 714 3232 monio
742 3180 1105 3236 conﬁrmatur.
1133 3179 1406 3251 Siquidem
1436 3181 1608 3238 Lucas
1639 3185 1749 3240 haec
1771 3188 1845 3239 ait
1870 3206 1881 3241 :
1903 3207 1919 3237 ι
1942 3188 2058 3243 Una

530 3276 709 3321 autem
739 3267 1087 3324 Sabbatorum
1114 3270 1268 3327 valde
1296 3271 1531 3327 diluculo
1559 3283 1820 3329 venerunt
1849 3276 1915 3331 ad
1951 3292 2060 3331 mo-

531 3367 847 3413 numentum
895 3359 1148 3421 ferentes,
1191 3378 1309 3430 qua:
1358 3372 1677 3431 paraverant
1717 3375 1988 3431 aromata,
2034 3386 2053 3419 ι

527 3447 691 3519 493
720 3449 969 3503 mulieres
992 3450 1238 3505 videlicet
1270 3459 1323 3505 et
1355 3452 1597 3507 nonnulli
1632 3470 1752 3509 cum
1772 3455 1886 3520 eis;
1922 3477 1939 3508 ι
1978 3458 2061 3511 in-

530 3547 789 3593 venerunt
813 3547 986 3592 autem
1015 3540 1242 3609 lapidem
1272 3542 1570 3596 revolutum
1600 3560 1629 3597 a
1668 3555 2009 3600 monumento
2040 3565 2054 3601 :

529 3635 586 3680 et
612 3627 866 3697 ingressae
896 3644 1002 3681 non
1050 3628 1366 3683 invenerunt
1394 3644 1589 3698 corpus
1620 3632 1688 3694 ’°,
1723 3651 1741 3682 ι
1781 3644 2059 3702 propterea

530 3715 677 3784 quod
701 3717 811 3783 jam
840 3724 953 3769 tum
984 3715 1226 3771 Salvator
1254 3728 1437 3773 noster
1462 3734 1492 3772 a
1525 3728 1697 3774 morte
1725 3729 1841 3774 erat
1858 3723 2060 3776 excita-

530 3810 640 3857 tus.
693 3800 805 3857 Hoc
843 3819 971 3858 vero
1017 3806 1192 3874 ipsum
1223 3805 1435 3861 Marcus
1470 3823 1681 3877 quoque
1706 3810 1939 3864 ostendit
1979 3813 2058 3865 sic

531 3890 719 3945 dicens
753 3908 767 3943 :
796 3909 816 3941 ι
854 3890 919 3944 Ει
950 3894 1103 3947 valde
1142 3909 1298 3949 mane
1324 3911 1429 3949 una
1463 3896 1814 3952 Sabbatorum
1837 3901 2058 3955 veniunt

531 3978 599 4034 ad
623 3987 1045 4043 monumentum,
1079 3991 1194 4033 orto
1216 3982 1324 4050 jam
1354 3984 1485 4049 sole,
1512 3993 1565 4038 et
1610 3985 1855 4041 dicebant
1899 3989 1966 4042 ad
2000 4005 2058 4044 se

531 4068 761 4122 invicem
795 4086 808 4121 :
837 4065 969 4132 Quis
992 4070 1225 4124 revolvet
1254 4071 1408 4127 nobis
1432 4072 1657 4141 lapidem
1682 4075 1748 4128 ab
1774 4077 1912 4129 ostio
1945 4091 2056 4130 mo-

528 4158 807 4212 numenti?
834 4166 950 4212 erat
985 4159 1179 4228 quippe
1228 4176 1453 4231 magnus
1492 4164 1642 4217 valde
1674 4182 1688 4216 :
1717 4172 1769 4218 et
1816 4166 2052 4230 veniunt,

526 4255 581 4302 et
616 4247 891 4303 inveniunt
940 4264 1062 4302 eum
1113 4251 1409 4305 revolutum
1436 4252 1503 4305 “.
1538 4270 1557 4303 ι
1594 4251 1719 4306 Erat
1743 4254 2054 4323 autemjam

2141 1934 2273 1986 ἀπὸ
2299 1934 2393 2003 τῆς
2418 1934 2523 1986 τῶν
2554 1935 2956 2002 εὐαγγελιστῶν
2985 1934 3289 2005 μαρτυρίας
3316 1934 3652 2005 παρίσταται.’0

2166 2024 2294 2091 γοῦν
2309 2026 2514 2088 Λουκᾶς
2531 2043 2660 2096 φησι
2677 2043 2689 2055 ·
2716 2046 2734 2076 ι
2748 2028 2826 2096 Τῇ
2852 2026 2908 2078 δὲ
2929 2029 3029 2096 μιᾷ
3045 2026 3154 2078 τῶν
3166 2026 3445 2078 Σαϐϐἀτων
3460 2022 3655 2095 ἦλθονθρ·

2166 2112 2292 2184 θρου
2321 2114 2520 2183 βαθέως
2546 2116 2636 2167 ἐπὶ
2666 2116 2725 2168 τὸ
2763 2120 3053 2186 μνημεῖον,
3089 2117 3343 2187 φέρουσαι
3370 2118 3402 2170 ἀ
3430 2117 3653 2186 ἡτοίμασαν

2164 2202 2444 2271 ἀρώματα,
2468 2222 2485 2253 ι
2502 2203 2738 2272 δηλονότι
2764 2206 2822 2257 αἱ
2840 2208 3121 2271 γυναῖκες,
3139 2207 3232 2259 καί
3246 2223 3382 2269 τινες
3401 2206 3484 2257 σὺν
3503 2207 3651 2267 αὑταῖς·

2168 2310 2186 2341 ι
2198 2285 2255 2344 εὖ
2265 2308 2351 2360 ρον
2393 2292 2449 2344 δὲ
2473 2293 2563 2344 τὸν
2578 2292 2723 2345 λίθον
2739 2294 3246 2365 ἀποκεκυλισμένον
3266 2298 3329 2347 ὲκ
3340 2295 3425 2348 τοῦ
3440 2293 3652 2364 μνημείου

2161 2379 2491 2432 εἰσελθοῦσαι
2529 2380 2584 2433 δὲ
2620 2382 2719 2451 οὐχ
2752 2374 2919 2454 εὖρον
2950 2384 3012 2435 τὸ
3042 2382 3231 2453 σῶμα,
3257 2403 3274 2434 ι
3306 2385 3389 2437 διὰ
3415 2384 3469 2435 τὸ
3495 2383 3573 2453 ἤδη
3596 2381 3655 2432 τὸν

2161 2469 2385 2538 Σωτῆρα
2420 2469 2573 2539 ἡμῶν
2603 2473 2667 2523 ἐκ
2714 2472 2934 2543 νεκρῶν
2966 2474 3287 2545 ὲγηγέρθαι.
3319 2474 3475 2527 Τοῦτο
3498 2473 3543 2526 δὲ
3568 2472 3657 2524 αὐτὸ

2159 2558 2250 2609 καὶ
2264 2559 2291 2608 ὁ
2312 2560 2530 2628 Μάρκος
2541 2561 2710 2629 δηλοῖ,
2729 2561 2932 2630 λέγων’
2958 2583 2977 2613 ι
3003 2565 3113 2616 Καὶ
3132 2565 3249 2616 λίαν
3273 2564 3408 2634 πρωῒ
3424 2566 3483 2634 τῇ
3495 2565 3571 2632 μιᾷ
3584 2561 3655 2612 τῶν

2160 2642 2443 2696 Σαϐϐἀτων
2477 2646 2727 2715 ἔρχονται
2766 2650 2860 2701 ὲπ¹ι
2892 2650 2953 2703 τὸ
2988 2655 3251 2721 μνημεῖον
3271 2692 3287 2716 ,
3323 2651 3656 2723 ἔτι(1)ἀνατείο

2158 2730 2343 2794 λαντος
2363 2733 2455 2784 τοῦ
2472 2734 2648 2803 ἡλίου,
2678 2739 2781 2790 καὶ
2798 2739 2990 2807 ἔλεγον
3017 2742 3151 2811 πρὸς
3163 2742 3354 2805 ἑαυτάς
3372 2760 3384 2772 ’
3413 2743 3495 2804 Τίς
3508 2744 3655 2793 ἀποκυ-

2156 2819 2276 2892 λίσῃ
2306 2824 2435 2890 ἡμῖν
2464 2824 2554 2875 τὸν
2597 2824 2748 2879 λίθον
2799 2830 2912 2882 ἀπὸ
2955 2831 3055 2901 τῆς
3104 2831 3271 2901 θύρας
3310 2832 3397 2885 τοῦ
3428 2831 3653 2902 μνημείως

2155 2906 2221 2979 ἦν
2258 2911 2363 2980 γὰρ
2397 2913 2568 2980 μέγας
2601 2916 2841 2986 σφόδρα.
2892 2922 3224 2992 Ἔρχονται,
3259 2925 3347 2977 καὶ
3391 2923 3655 2993 εὑρίσκωσιν

2156 2999 2314 3052 αὑτὸν
2349 3003 2881 3075 ἀποκεκυλισμένον.
2926 3030 2945 3062 ι
2981 3009 3088 3065 τΗν
3130 3013 3184 3066 δὲ
3217 3015 3315 3085 ἤδη
3348 3014 3656 3085 ἐγηγερμένοςι

2084 3119 2124 3174 C
2161 3087 2339 3157 Ἔχεις
2369 3092 2461 3142 καὶ
2490 3092 2639 3163 παρά
2670 3096 2754 3166 τῷ
2801 3100 3037 3173 Ἰωάννῃ
3071 3103 3166 3172 τὴν
3213 3105 3374 3173 αὐτὴν
3400 3102 3653 3174 μαρτυρίαν.

2159 3175 2396 3245 λέγοντι·
2434 3198 2453 3231 ι
2483 3182 2560 3252 Τῇ
2591 3183 2648 3236 δὲ
2684 3190 2789 3258 μιᾷ
2825 3190 2938 3243 τῶν
2970 3192 3262 3246 Σαεὸἀτων
3293 3194 3490 3265 έρχεται
3524 3190 3654 3261 Μαρία

2159 3271 2192 3339 ὴ
2219 3269 2543 3344 Μαγδαληνὴ
2586 3277 2740 3345 πρωῒ
2767 3281 2851 3343 είς
2884 3280 2947 3333 τὸ
2984 3288 3268 3353 μνημεῖον,
3290 3285 3364 3337 ἑτι
3391 3283 3572 3346 σκοτίας
3595 3281 3653 3333 05°

2160 3373 2277 3429 σης,
2299 3359 2392 3411 καὶ
2415 3360 2600 3429 βλέπει
2628 3363 2732 3418 τὸν
2754 3366 2908 3422 λίθον
2938 3372 3178 3442 ὴρμένον
3203 3375 3265 3426 ὲκ
3294 3374 3383 3427 τοῦ
3411 3374 3653 3445 μνημείου.»

2158 3448 2263 3501 Καὶ
2290 3451 2317 3501 ὁ
2342 3451 2613 3515 Ματθαῖος
2640 3454 2705 3507 δὲ
2724 3497 2740 3522 ,
2795 3463 2846 3512 εί
2892 3463 2987 3514 καὶ⁸
3027 3463 3125 3533 ὀψὲ
3177 3465 3452 3519 Σαὸϐἀτων
3480 3465 3654 3534 εἴρηκεν,

2157 3538 2267 3591 ἀλλ’
2301 3541 2543 3612 ἐπιφέρει
2575 3542 2794 3611 λέγων·
2844 3570 2862 3601 ι
2896 3553 3014 3622 Τῆς
3058 3555 3457 3628 ὲπιφωσκούσης
3483 3555 3547 3616 είς
3571 3551 3656 3622 μίαν

2157 3629 2440 3684 Σαϐσάτων
2458 3670 2472 3695 ,
2500 3628 2631 3701 ἦλθε
2675 3637 2878 3710 Μαρία
2923 3644 2969 3712 ἡ
2997 3646 3324 3717 Μαγδαληνὴ
3342 3688 3357 3711 ,
3384 3646 3467 3700 καὶ
3501 3646 3530 3713 ἡ
3566 3642 3656 3706 ἄλλη

2156 3720 2341 3790 Μαρία
2363 3720 2630 3792 θεωρῆσαι
2658 3726 2762 3781 τὸν
2790 3732 2991 3800 τάφον,
3024 3736 3119 3788 καὶ
3150 3736 3254 3790 ἰδοὺ
3281 3737 3481 3806 σεισμὸς
3506 3732 3657 3801 ἐγένετο

2160 3810 2346 3878 μέγας·
2375 3812 2636 3881 Ἀγγελος
2669 3818 2789 3890 γὰρ
2828 3824 3077 3894 Κυρίου,
3111 3829 3349 3891 καταϐὰς
3378 3821 3654 3895 sacoma.

2157 3899 2460 3967 προσελθὼν
2496 3904 2807 3960 ἀπεκύλισε
2839 3912 2932 3965 τὸν
2974 3913 3122 3967 λίθον
3162 3917 3269 3969 ἀπὸ
3305 3916 3397 3987 τῆς
3433 3914 3571 3984 θύρας
3593 3907 3655 3961 “W3

2160 3988 2436 4058 μνημείου.
2473 4009 2491 4039 ι
2522 3991 2713 4048 Ταῦτα
2745 3997 2803 4050 δὲ
2836 4001 3154 4072 ἀναγκαίως
3180 4007 3476 4076 παρεθέμην
3497 4007 3561 4065 εις
3582 4016 3656 4051 πα·

2158 4079 2412 4149 ράστασιν
2436 4079 2535 4148 τῆς
2567 4082 2628 4133 ὲν
2653 4085 2736 4155 τῷ
2759 4088 2965 4162 ψαλμῷ
3001 4096 3466 4166 προφητευομένης
3489 4090 3655 4158 ἑωθινῆς

2155 4167 2500 4237 ἀντιλήψεως·
2537 4170 2698 4226 Ἐπεὶ
2726 4177 2840 4248 γὰρ
2878 4183 2948 4235 τὰ
2979 4187 3109 4255 περὶ
3147 4187 3239 4238 τοῦ
3271 4186 3458 4248 πάθους
3482 4182 3559 4237 τοῦ
3580 4181 3655 4233 Σω-

2153 4257 2313 4327 τῆρος
2343 4260 2498 4328 ἡμῶν
2528 4263 2796 4331 σημαίνει
2814 4306 2831 4331 ,
2865 4272 2928 4323 οὐ
2957 4273 3066 4344 μὴν
3096 4276 3377 4346 κατέληξεν
3403 4278 3432 4346 ἡ
3471 4274 3569 4329 κατ’
3590 4271 3657 4324 αὸο

524 4346 639 4391 tum
667 4338 949 4393 excitatus.
990 4336 1164 4392 Habes
1196 4341 1335 4408 apud
1386 4340 1645 4425 Joannem.
1670 4356 1880 4409 quoque
1916 4342 2053 4417 idem

2160 4346 2241 4398 τὸν
2270 4348 2545 4419 οίκονομία
2572 4353 2631 4405 ὲν
2668 4356 2749 4426 τῷ
2783 4336 2972 4428 πάθει,
2996 4336 3148 4428 τέλος
3173 4368 3229 4420 δὲ
3253 4336 3341 4420 τοῖῦ
3374 4336 3549 4427 πάθους
3569 4364 3595 4432 ή
3614 4362 3655 4411 ἐκ

525 4430 889 4484 testimonium
914 4430 1011 4484 hoc
1040 4431 1198 4486 modo
1228 4450 1242 4486 :
1277 4452 1295 4484 ι
1333 4432 1451 4487 Una
1489 4419 1661 4487 autem
1697 4432 2051 4488 Sabbatorum

2160 4436 2357 4528 νεκρῶν
2386 4439 2680 4508 ἀνάστασις
2707 4419 2801 4518 ἦν,
2833 4453 2929 4504 καὶ
3023 4419 3303 4526 ἀντίληψις
3329 4461 3358 4528 ἡ
3390 4419 3656 4524 ἑωθινίῃ,ἐί-

524 4517 672 4571 venit
700 4515 865 4571 Maria
881 4516 1187 4587 Magdalene
1207 4534 1362 4575 mane
1390 4520 1453 4572 ad
1484 4528 1904 4583 monumentum,
1928 4537 2049 4575 cum

525 4604 700 4659 adhuc
727 4606 962 4659 tenebrae
1010 4614 1211 4668 essent,
1246 4614 1299 4661 et
1336 4608 1480 4662 videt
1513 4608 1740 4677 lapidem
1785 4610 2049 4664 sublatum

524 4707 557 4747 ι
602 4703 946 4749 monumento
973 4697 1040 4751 ".
1083 4716 1103 4748 ι
1138 4696 1416 4752 Matthaeus
1438 4715 1667 4769 quoque,
1692 4702 1902 4755 tametsi
1932 4716 2054 4756 sero

527 4782 1070 4850 Sabbatorum,dixit,
1089 4795 1324 4842 attamen
1352 4789 1626 4858 adiungit:
1650 4810 1667 4842 ι
1701 4791 1774 4844 Ea
1796 4792 2051 4860 quaeillu-

524 4875 691 4928 cescit
716 4876 774 4929 in
802 4892 964 4929 unam
995 4876 1374 4941 Sabbatorum,
1398 4880 1541 4933 venit
1584 4878 1748 4935 Maria
1786 4880 2053 4951 Magdale-

525 4972 614 5020 ne,
641 4968 693 5013 et
724 4961 829 5015 alia
857 4962 1021 5017 Maria
1063 4966 1245 5020 videre
1278 4966 1604 5036 sepulcrum,
1640 4976 1693 5023 et
1717 4985 1844 5024 ecce
1869 4978 2051 5024 terra:-

2155 4526 2323 4618 ξότως
2353 4528 2551 4618 ᾴλόγος
2581 4534 2665 4603 τῷ
2698 4541 2995 4613 παραδόξῳ
3017 4545 3158 4599 τέλει
3180 4548 3276 4617 τὴν
3300 4526 3498 4618 Γραφὴν
3521 4538 3650 4596 ἀνατίι

2154 4613 2303 4706 θεται
2322 4656 2336 4681 ,
2357 4617 2431 4680 ὼς
2462 4621 2558 4691 τῆς
2608 4624 2930 4694 ὑποθέσεως
2962 4634 3199 4706 ἀπάσης,
3234 4613 3566 4705 καὶτῶν-πρὸ
3587 4627 3653 4682 ττῧ

2153 4704 2338 4800 τέλους
2387 4709 2734 4800 παθημάτων
2773 4722 2878 4791 τῆς
2922 4727 2989 4778 ὲκ
3017 4704 3226 4800 νεκρῶν
3257 4728 3564 4785 ἀναστάσεως
3587 4717 3651 4773 κε)

2148 4796 2247 4887 τῆς
2274 4797 2607 4869 ἀντιλήψεως
2640 4808 2746 4877 τῆς
2795 4812 3029 4886 ἑωθινῆς
3057 4796 3239 4871 ἕνεκεν
3277 4817 3560 4887 γενομένων.
3585 4809 3647 4862 El-

2150 4885 2265 4979 πῶν
2292 4887 2423 4979 γοῦν
2454 4892 2482 4943 ὁ
2517 4893 2714 4969 Σωτὴρ
2742 4902 2838 4953 καὶ
2868 4885 3074 4976 Κύριος
3102 4908 3254 4979 ἡμῶν
3280 4885 3367 4971 εδ,
3399 4885 3419 4957 ὲ
3459 4906 3506 4957 Ὀ
3532 4899 3648 4959 Θεὸς.

2146 4978 2174 5028 ὁ
2204 4975 2334 5067 Sed;
2370 4996 2470 5049 μου
2491 5020 2506 5044 ,
2545 4987 2793 5058 πρόσχες
2823 4975 2971 5062 μοι,
2990 4997 3077 5050 ἵνα
3188 4996 3509 5067 ἐγκατέλιπές
3532 5005 3607 5063 ps;
3632 5005 3645 5035 ’

525 5054 703 5102 motus
734 5049 907 5105 factus
955 5062 1037 5107 est
1077 5069 1323 5124 magnus.
1370 5056 1605 5125 Angelus
1647 5059 1788 5112 enim
1841 5058 2050 5113 Domini

2160 5066 2239 5118 ιιαὶ
2270 5068 2394 5138 ἑξῆς
2422 5049 2729 5142 ἐπαγαγὼν
2754 5049 2850 5147 vin

2887 5103 2908 5136 ι
2950 5087 3093 5155 Ἐγὼ
3124 5088 3181 5142 δέ
3220 5092 3328 5160 είμι
3352 5084 3560 5155 σκώληξο
3583 5080 3646 5132 λαὶ

525 5135 855 5194 descendens
895 5140 961 5195 de
990 5144 1127 5197 cmlo
1177 5147 1428 5211 accessit,
1458 5153 1512 5201 et
1555 5149 1776 5203 revolvit
1818 5149 2045 5219 lapidem

528 5223 592 5247 ,ι
629 5225 760 5247 μη-
796 5243 905 5247 ψη
1083 5234 1115 5247 -.
1218 5232 1262 5247 ..
1435 5236 1448 5247 .
1883 5240 1895 5247 .

2160 5158 2249 5247 οὐκ
2287 5135 2382 5213 ἀνθ
2390 5135 2568 5231 ρωπος
2584 5206 2601 5231 ,
2618 5135 2850 5235 θνειδος
2885 5135 3187 5247 civil—93m;
3203 5135 3646 5243 ,ῂξάὶ⁷

526 5223 595 5276 ab
625 5225 766 5279 ostio
796 5234 1140 5287 monumenti.
1167 5251 1186 5283 ο
1218 5232 1342 5291 llaec
1384 5236 1564 5291 addidi
1626 5240 1953 5301 necessario,
1990 5247 2048 5292 ut

527 5313 851 5339 ιιι-ιιι...1.ι--..
903 5336 1027 5339 ___-_,
1062 5337 1132 5339 η--
1178 5323 1233 5339 ,o.
1536 5331 1547 5339 .
1718 5332 1729 5339 .
1981 5330 2015 5339 ι.

2160 5245 2308 5339 μσς.
2349 5223 2491 5304 .3...
2533 5223 2616 5308 g4.
2663 5223 3645 5339 προσδείέςῑῖι-ίιξρξξιίεέξέενῑιε

525 5313 855 5370 ostenderem
896 5336 1138 5388 quamam
1171 5323 1241 5377 sit
1277 5340 1361 5390 ea,
1390 5342 1507 5397 qua:
1534 5331 1587 5383 in
1616 5332 1821 5399 psalmo
1856 5330 2047 5400 praedi-

524 5402 667 5457 citur
694 5410 960 5476 susceptio
977 5414 1259 5468 matutina.
1308 5415 1440 5473 Nam
1473 5437 1595 5476 cum
1651 5423 1913 5494 signiﬁcet
1958 5437 2042 5485 ea,

2152 5337 2339 5427 μόσχοι
2384 5341 2593 5406 πολλοὶ,
2625 5347 2823 5419 ταῦροι
2868 5354 3053 5419 πίονες
3099 5337 3369 5427 περιέσχον
3406 5368 3494 5423 με·
3519 5370 3536 5401 ⁸
3574 5343 3644 5398 καὶ

2151 5425 2335 5494 σαφῶς
2364 5430 2451 5482 ’ὢν
2488 5431 2719 5490 θάνατον
2749 5441 2919 5494 αὑτοῦ
2954 5425 3444 5518 προμαρτυρόμενος
3477 5440 3549 5494 διὰ
3569 5433 3642 5494 τὸ.

594 5513 639 5544 ³³
675 5511 840 5568 Marc.
876 5531 974 5580 xv,
1007 5517 1188 5577 55-35.
1264 5523 1308 5555 °’
1343 5522 1485 5581 Psal.
1524 5544 1652 5597 XXI,
1689 5532 1739 5585 l.
1814 5531 1859 5562 “
1897 5528 2029 5584 Luc.

2160 5547 2211 5596 ν,
2239 5534 2353 5589 1-5.
2422 5538 2467 5569 ⁸³
2507 5539 2677 5600 Marc.
2714 5563 2829 5614 xvr,
2861 5551 2982 5606 2-4.
3058 5556 3104 5586 ⁸⁸
3139 5555 3289 5611 Joan.
3318 5570 3400 5621 xx,
3433 5552 3477 5605 Ι.

595 5603 668 5665 (Η
702 5603 821 5683 Ἐἶτα
877 5602 1030 5675 Vulg.
1060 5610 1244 5678 deest;
1279 5623 1369 5670 aut
1392 5622 1538 5671 certe
1567 5618 1844 5689 legendum
1872 5603 2012 5689 ἄρτι,
2045 5634 2060 5671 ι

595 5672 685 5714 mit
719 5671 955 5714 mnedmn
1002 5686 1109 5714 mm
1140 5687 1185 5714 οι
1218 5695 1527 5714 mnuum...“
1552 5703 1598 5714 Α.
1619 5690 1834 5714 ,ωηιξη
1889 5687 2017 5714 Ir-.-

2160 5623 2353 5683 mclius
2377 5628 2582 5694 οὐκέτι,
2619 5636 2772 5703 quod
2802 5648 2857 5695 ct
2905 5644 3078 5714 magis
3126 5645 3363 5702 convenil
3411 5640 3477 5711 τῷ
3529 5638 3641 5692 λίαν

524 5672 689 5742 πρωΐ,
719 5670 1111 5746 είιιδιΙΘιιιίῑιιιυ
1140 5687 1191 5736 et
1218 5670 1529 5743 cwterorum
1550 5670 1858 5761 ρῦἶιῖξξιῖεί.
1878 5670 2039 5742 limi.
