3782 6350
154 412 283 469 765

1042 408 1672 469 DEMO‘NSTRATlONlS
1707 407 2144 468 EVANGELICE
2171 408 2298 465 LIB.
2331 404 2404 464 Χ.

3215 400 3319 456 766

157 545 184 577 ι
222 526 324 589 Εἰς
356 524 486 594 χοῦν
521 524 751 579 θανάτου
792 527 1092 597 κατήγαγες
1133 546 1198 598 με
1220 547 1233 559 ο
1279 530 1360 581 ὅτι
1402 527 1707 581 ἐκύκλωσαν

1820 543 1924 598 ius!
1944 526 2009 580 ad
2037 525 2337 595 passionem
2378 516 2672 575 Salvatoris
2696 516 2863 571 nostri
2904 514 3190 585 pertinent,
3220 527 3320 566 nec

157 631 238 683 με
267 612 433 676 κύνες
462 613 680 676 πολλοὶ,
710 615 988 686 συναγωγὴ
1012 619 1441 688 πονηρευομένων
1465 619 1710 689 περιέσχε

154 720 262 773 με.
289 702 530 773 Ὠρυξαν
552 705 738 774 χεῖράς
768 721 866 773 μου
890 707 982 758 καὶ
1010 707 1175 770 πόδας
1205 724 1302 776 μου
1326 724 1338 737 ο
1371 726 1389 759 ι
1419 708 1510 760 καὶ
1539 708 1615 760 ἔτι
1645 708 1711 760 τὰ

150 793 314 863 ἀμφὶ
343 791 427 861 τῷ
458 792 622 846 πάθει
653 793 1022 863 συμϐεϐηκότα
1054 795 1196 865 αύτῷ
1219 798 1461 866 σημήνας
1484 796 1569 850 διὰ
1597 796 1708 861 τοῦ,

155 901 180 933 ι
215 881 623 950 Διεμερίσαντο
662 882 733 935 τὰ
765 883 953 952 ἱμάτιά
986 902 1083 953 μου
1127 886 1356 951 ἑαυτοῖς,
1373 888 1464 938 καὶ
1498 887 1587 937 ἐπὶ
1624 884 1712 938 τὸν

151 969 472 1041 ἱματισμόν
509 987 609 1041 μου
646 971 834 1025 ἔϐαλον
863 973 1080 1042 κλῆρον·
1119 992 1136 1023 ι
1167 974 1333 1026 ταῦτα
1362 975 1451 1027 καὶ
1492 974 1559 1026 τὰ
1594 974 1714 1027 τού-

148 1077 279 1123 τοις
325 1060 696 1131 παραπλήσια
738 1062 1038 1132 προειπὼν,
1083 1063 1179 1115 οὐκ
1209 1063 1298 1116 ἐπὶ
1330 1063 1529 1124 τούτοις
1555 1062 1710 1132 ἔστη,

151 1150 283 1203 ἀλλ’
301 1149 558 1216 ἐπιλέγει
582 1167 595 1179 ’
625 1168 644 1201 ι
675 1152 736 1204 Οί
766 1150 1078 1221 φοϐούμενοι
1107 1152 1195 1204 τὸν
1223 1151 1440 1221 Κύριον,
1469 1151 1710 1204 αίνέσατε

148 1239 349 1301 αὐτὸν,
374 1240 463 1291 ὅτι
490 1240 591 1291 οὐκ
618 1238 987 1304 ὲξουδένωσεν,
1010 1242 1125 1293 οὐδὲ
1154 1240 1482 1310 προσώχθισε
1511 1243 1575 1309 τῇ
1596 1240 1714 1309 δεή-

153 1342 245 1378 σει
280 1325 383 1378 τοῦ
414 1324 656 1394 πτωχοῦ,
683 1325 799 1376 οὐδὲ
830 1326 1126 1395 ἀπέστρεψε
1149 1327 1205 1378 τὸ
1235 1326 1512 1395 πρόσωπον
1551 1322 1710 1376 αὑτοῦ

94 1453 119 1495 ξπ
152 1416 255 1470 ἀπ’
285 1414 454 1484 ἐμοῦ,
513 1415 607 1481 καὶ
639 1416 696 1466 ὲν
727 1414 803 1484 τῷ
832 1416 1149 1485 κεκραγέναι
1180 1433 1243 1485 με
1271 1416 1401 1487 πρὸς
1432 1416 1586 1467 αὐτὸν
1627 1418 1716 1467 επ-

98 5763 129 5795 ﬂ

151 1504 370 1575 ήκουσέ
410 1520 538 1573 μου.
565 1521 585 1554 ι
615 1503 738 1565 Πῶς
777 1504 819 1554 δ’
846 1503 910 1556 ἂν
950 1505 1132 1572 ἔλεγεν
1160 1504 1529 1574 είσηκοῦσθαι,
1554 1506 1599 1555 εί
1641 1504 1712 1572 μὴ

154 1594 389 1654 πάντως
418 1592 713 1660 τετυχήκει
744 1591 849 1642 τῶν
881 1592 1047 1660 εὐχῶν
1067 1630 1081 1653 ,
1116 1593 1207 1644 καὶ
1238 1587 1310 1643 ὧν
1344 1594 1400 1644 ὲν
1442 1595 1551 1654 τοῖς
1581 1591 1712 1661 πρό-

156 1680 287 1734 σθεν
313 1680 596 1748 ὲδεδέητο,
622 1681 708 1732 ὅτε
735 1680 883 1746 ἔλεγε
916 1681 995 1742 τὸ,
1027 1700 1044 1730 ‹
1073 1682 1164 1742 El;
1193 1678 1316 1749 χοῦν
1347 1680 1569 1732 Θανάτου
1586 1698 1715 1733 κατ-

155 1766 373 1837 ήγαγές
430 1783 524 1836 με.
577 1766 762 1838 ”Ρ,ῦσαι
801 1767 907 1820 ἀπὸ
950 1769 1211 1837 ῥομφαίας
1250 1767 1344 1837 τὴν
1375 1769 1551 1837 ψυχήν
1592 1786 1712 1838 μου,

1807 618 1861 670 in
1889 615 2135 686 passione
2162 612 2378 667 desierit
2416 625 2502 671 ea,
2529 623 2646 678 qua:
2685 606 2750 661 ad
2777 607 2948 675 ipsum
2974 611 3179 674 spectat
3205 600 3320 657 dis-

1806 703 2065 774 pensatio,
2106 699 2372 771 passionis
2418 711 2545 751 vero
2597 693 2719 748 ﬁnis
2742 693 2856 762 ipsa
2882 693 3041 749 fuerit
3088 706 3120 745 a
3148 697 3321 746 morte

1807 791 1874 846 ad
1903 791 2065 845 vitam
2094 787 2382 851 restitutio,
2411 791 2465 840 et
2494 783 2753 837 matutina
2800 780 3086 849 susceptio,
3129 778 3320 833 merito

1806 879 2079 934 oraculum
2100 877 2226 930 huic
2252 874 2342 928 ﬁni
2361 870 2657 928 admirabili
2679 870 2846 938 ipsam
2872 869 3079 923 dedicat
3099 867 3323 936 scriptu-

1806 983 1942 1033 ram,
1964 982 2070 1035 non
2086 980 2241 1020 secus
2264 978 2325 1017 ac
2350 963 2395 1018 si
2424 975 2580 1015 omne
2601 957 2904 1027 huiusmodi
2934 963 3322 1026 argumentum,

1808 1069 1859 1111 et
1899 1070 2079 1111 earum
2125 1053 2461 1108 vexationum
2510 1066 2627 1119 qua:
2660 1048 2815 1103 ﬁnem
2856 1047 3052 1115 ipsum,
3094 1045 3321 1099 reditum

1809 1146 1991 1213 utique
2017 1145 2083 1198 de
2111 1151 2282 1196 morte
2320 1139 2385 1194 ad
2408 1140 2567 1193 vitam
2604 1140 3028 1194 antecesserunt,
3059 1140 3109 1187 et
3140 1147 3325 1187 susce-

1808 1233 2005 1303 ptionis
2051 1231 2324 1283 matutinae
2365 1241 2546 1289 causa,
2597 1224 2873 1279 inductum
2916 1222 3005 1277 sit.
3058 1219 3159 1274 Ubi
3200 1233 3327 1290 ergo

1812 1322 2053 1374 Salvator
2088 1334 2150 1372 ac
2189 1318 2443 1371 Dominus
2496 1314 2624 1368 illud
2674 1313 2854 1366 dixit:
2910 1328 2929 1361 ι
2985 1310 3145 1372 Deus,
3189 1307 3328 1363 Deus

1809 1425 1988 1472 meus,
2032 1409 2236 1477 respice
2266 1407 2321 1460 in
2366 1421 2482 1469 me,
2521 1419 2683 1474 quare
2727 1400 3050 1469 dereliquisli
3086 1399 3236 1453 me?»
3265 1412 3329 1452 ac

1810 1498 2058 1565 deinceps
2095 1495 2222 1547 illud
2253 1493 2454 1547 addidit
2483 1511 2496 1546 :
2532 1510 2550 1542 ι
2584 1489 2692 1559 Ego
2728 1495 2899 1542 autem
2920 1503 3037 1541 sum
3053 1486 3250 1541 vermis
3277 1490 3333 1540 et

1810 1601 1916 1639 non
1947 1587 2124 1646 homo,
2146 1583 2488 1652 opprobrium
2510 1580 2804 1640 hominum,
2835 1584 2887 1631 et
2912 1577 3137 1643 abjectio
3163 1588 3332 1644 popu-

1811 1673 1846 1725 li
1882 1692 1895 1725 :
1930 1693 1948 1723 ι
1985 1687 2194 1727 necnon
2229 1670 2360 1723 illud
2393 1670 2619 1738 subjecit
2646 1687 2660 1722 :
2692 1686 2709 1718 ι
2736 1664 3217 1719 Circumdederunt
3247 1676 3334 1719 me

1812 1763 1961 1816 vituli
1991 1763 2164 1825 multi,
2196 1761 2334 1817 tauri
2357 1761 2581 1829 pingues
2609 1757 2932 1812 obsederunt
2962 1770 3066 1817 me,
3097 1774 3115 1804 ι
3149 1760 3201 1808 et
3223 1752 3336 1807 evi-

155 1836 252 1908 καὶ
279 1858 349 1907 ἐκ
384 1857 576 1926 χειρὸς
605 1836 762 1917 κυνὸς
785 1856 878 1926 τὴν
908 1836 1158 1925 μονογενῆ
1195 1874 1293 1925 μου
1305 1836 1327 1921 7;
1364 1875 1380 1906 ι
1417 1836 1717 1927 ταῦταψγὰρ

1820 1850 2000 1904 denter
2031 1865 2179 1904 suam
2226 1859 2448 1904 mortem
2486 1847 2820 1902 denuntiavit
2849 1860 2914 1899 ex
2944 1844 3054 1907 illo,
3083 1863 3101 1894 ι
3130 1842 3184 1896 in
3216 1842 3335 1911 pul-

158 1944 473 2014 εὐξάμενος
496 1984 511 2006 ,
552 1944 646 1997 καὶ
685 1943 893 2014 δεηθεὶς
927 1946 991 1996 ἐκ
1028 1945 1223 1997 τούτων
1258 1945 1512 2015 ῥυσθῆναί
1540 1962 1598 1998 τε
1626 1948 1718 1999 καὶ

158 2032 414 2102 σωθῆναι
434 2072 451 2094 ,
484 2031 665 2101 τυχὼν
692 2026 763 2085 ὧν
789 2032 986 2100 ηὔξατο
1004 2072 1017 2094 ,
1043 2033 1274 2099 ἐπιλέγει
1292 2050 1305 2062 ·
1337 2052 1355 2083 ι
1385 2035 1494 2086 Οὐκ
1520 2033 1720 2099 ἐξουδέ-

156 2138 332 2175 νωσεν
372 2121 503 2173 οὐδὲ
544 2120 880 2189 προσώχθισε
905 2124 969 2190 τῇ
1002 2121 1178 2190 δεήσει
1214 2120 1305 2173 τοῦ
1338 2121 1579 2190 πτωχοῦ,
1602 2122 1717 2174 οὐδὲ

154 2209 485 2279 ἀπέστρεψε
516 2208 580 2259 τὸ
609 2209 892 2278 πρόσωπον
931 2207 1086 2259 αὐτοῦ
1126 2210 1215 2260 ἀπ’
1245 2208 1404 2277 ἐμοῦ,
1437 2211 1527 2261 καὶ
1562 2212 1616 2262 ὲν
1642 2207 1718 2278 τῷ

156 2298 509 2370 κεκραγέναι
553 2313 622 2366 με
674 2297 805 2366 πρὸς
837 2296 993 2348 αὑτὸν
1036 2297 1299 2365 ἐπήκουσέ
1329 2314 1425 2359 μου
1445 2315 1458 2327 ·
1484 2316 1501 2348 ι
1538 2298 1720 2365 σαφῶς

153 2390 254 2461 τὴν
290 2387 443 2459 μετὰ
495 2387 722 2440 θάνατον
750 2386 1037 2438 ἀναϐίωσιν
1072 2385 1233 2438 αὐτοῦ
1262 2385 1429 2456 δηλῶν
1448 2425 1462 2449 ,
1490 2388 1604 2456 ἥτις
1632 2388 1720 2454 γέ.-

164 2497 327 2548 γονεν
365 2476 519 2532 κατὰ
542 2476 642 2547 τὴν
667 2476 891 2547 ἑωθινὴν
915 2475 1205 2540 ἀντίληψιν,
1232 2476 1292 2544 ἣν
1324 2475 1447 2543 ea;
1470 2474 1667 2544 προῖὼν
1694 2477 1721 2527 ὁ

154 2568 377 2638 ψαλμδς
428 2565 796 2635 παρέστησεν,
835 2561 1029 2614 εἰπών’
1066 2580 1083 2611 ι
1113 2562 1182 2612 Σὺ
1205 2560 1277 2621 δὲ,
1308 2559 1494 2628 Κύριε,
1528 2558 1600 2628 μὴ
1623 2575 1723 2628 μα-

158 2657 373 2727 κρύνῃς
391 2654 499 2722 τὴν
526 2651 774 2722 βοήθειάν
796 2667 916 2719 μου,
939 2651 1015 2710 εἰς
1038 2647 1131 2717 τὴν
1150 2647 1419 2716 άντίληψίν
1445 2664 1540 2716 μου
1558 2648 1721 2716 πρόσ-

158 2760 305 2815 σχες.
343 2762 367 2795 ι
392 2744 572 2797 Ποίαν
612 2741 677 2811 δὴ
725 2739 1021 2808 ἀντίληψιν,
1048 2737 1157 2790 ἀλλ’
1188 2739 1251 2807 ἣν
1279 2738 1369 2788 καὶ
1388 2737 1420 2805 ή
1440 2736 1720 2806 προγραφὴ

158 2834 252 2888 τοῦ
298 2830 537 2903 ψαλμοῦ
590 2829 862 2900 ᾐνίττετο;
900 2826 1056 2878 Ἀλλὰ
1086 2825 1251 2878 ταῦτα
1283 2825 1375 2893 μὲν
1420 2825 1546 2893 ἡμῖν
1578 2825 1725 2894 εἰρή-

162 2925 273 2977 σθω
298 2925 393 2985 είς
421 2921 524 2991 τὴν
543 2919 639 2972 τοῦ
659 2915 870 2987 ψαλμοῦ
893 2916 1225 2985 προγραφὴν·
1243 2917 1317 2976 είς
1345 2914 1401 2965 δὲ
1418 2914 1496 2977 τὸ,
1516 2933 1533 2962 ι
1558 2912 1720 2975 Ἠλεὶ,

172 3015 360 3076 Ἠλεὶ,
395 3005 944 3082 λαμμᾶθσαῦαχθανὶ,
980 3025 998 3054 ι
1041 3004 1316 3076 εἰρημένον
1351 3003 1447 3072 μὲν
1488 3002 1589 3053 ὑπὸ
1628 3000 1719 3052 τοῦ

161 3103 424 3173 Σωτῆρος
463 3098 624 3168 ἡμῶν
667 3096 846 3156 αὐτοῖς
881 3093 1175 3164 Ἑϐραϊκοῖς
1220 3091 1440 3161 ὀνόμασι
1481 3092 1605 3159 περὶ
1634 3088 1720 3141 τὸν

160 3190 254 3244 τοῦ
298 3189 528 3249 πάθους
574 3183 787 3255 καιρὸν,
825 3182 1068 3251 κείμενον
1096 3180 1150 3233 δὲ
1182 3180 1273 3233 καὶ
1314 3180 1370 3232 ἐν
1398 3178 1471 3247 τῷ
1499 3176 1718 3246 ψαλμῷ,

160 3284 258 3353 δρα
283 3282 368 3352 μή
389 3295 476 3341 τις
504 3276 743 3343 ἔγκειται
768 3271 1032 3343 βαθυτέρα
1064 3270 1260 3340 θεωρία
1282 3270 1407 3338 παρ’
1440 3267 1718 3337 Ἑϐραίοις.

175 3372 421 3438 Ἐλωεὶμ
453 3367 569 3438 γὰρ
590 3367 619 3418 ὁ
637 3364 768 3425 Θεὸς
791 3359 1107 3431 ὀνομάζεται
1128 3376 1142 3389 ο
1172 3359 1263 3410 καὶ
1282 3357 1432 3410 τοῦτο
1449 3356 1534 3410 διὰ
1554 3356 1725 3425 πάσης

164 3462 358 3532 σχεδὸν
384 3457 579 3529 εὕροις
610 3454 676 3507 ἂν
696 3455 792 3523 τῆς
819 3451 1043 3522 Γραφῆς
1060 3466 1072 3479 ·
1102 3448 1220 3500 ἐπεὶ
1247 3450 1340 3500 καὶ
1366 3446 1560 3518 κυρίως
1588 3445 1725 3498 οῦτιυ

164 3552 315 3624 παρὰ
366 3550 496 3611 τοῖς
544 3544 944 3613 Ἐϐδομήκοντα
986 3539 1065 3592 ἔτι
1102 3538 1194 3591 καὶ
1224 3534 1316 3589 νῦν
1363 3539 1426 3606 τῇ
1468 3533 1725 3604 Ἐϐραίων

163 3623 505 3712 ὀνομάζεται
556 3635 732 3704 φωνῇ.
771 3628 1025 3702 Φέρονταί
1054 3644 1115 3694 γε
1147 3627 1249 3697 μὴν
1284 3627 1409 3694 παρ’
1445 3623 1621 3684 αὐτοῖς
1639 3624 1727 3675 ἐπὶ

162 3732 264 3801 τῆς
291 3730 459 3789 θείας
488 3721 861 3795 προσηγορίας
887 3720 980 3772 καὶ
1004 3714 1184 3786 ἕτεραι
1209 3730 1349 3775 τινες
1380 3713 1723 3780 ἐκφωνήσεις,

164 3798 465 3891 ὠσπεροῦν
495 3812 593 3866 καὶ
616 3811 676 3863 τὸ
696 3848 711 3872 ,
739 3807 931 3861 Σαδδαῒ
948 3847 964 3870 ,
987 3807 1078 3858 καὶ
1100 3803 1159 3857 τὸ
1196 3801 1341 3866 Ἰαὼ,
1366 3803 1456 3855 καὶ
1481 3798 1581 3853 Ἢλ
1599 3839 1612 3863 ,
1638 3798 1727 3851 καὶ

164 3910 303 3963 ἀλλα
324 3887 578 3965 ’τούτοις
610 3898 983 3970 παραπλήσια.
1038 3893 1097 3946 '0
1134 3891 1197 3961 δὴ
1240 3887 1330 3943 οῦν
1376 3889 1508 3959 μετὰ
1546 3890 1729 3958 χεῖρας

165 3996 387 4067 ψαλμδς
421 3992 538 4047 ἀπὸ
567 3987 664 4041 τοῦ
702 3985 840 4048 Ἢλ,
890 3982 1066 4046 Ἠλεὶ,
1119 3977 1288 4039 Ἠλεὶ,
1328 3975 1516 4045 λα-μμᾶ
1564 3972 1726 4025 σαϐα-

166 4063 349 4159 χθανὶ,
366 4081 646 4154 περιέχει,
659 4071 703 4142 ᾧ
717 4074 972 4144 κέχρηται
987 4071 1080 4123 καὶ
1097 4071 1125 4122 ὁ
1137 4068 1333 4137 Κύριος
1356 4067 1389 4134 ἠ
1399 4064 1528 4134 μῶν,
1545 4063 1603 4115 ού
1626 4063 1728 4159 μὴν

168 4151 279 4232 άπὸ
313 4176 416 4230 τοῦ
451 4151 713 4237 Ἓλωείμ.
744 4167 803 4217 ὐ
833 4160 960 4232 γοῦν
1007 4159 1252 4220 Ἀκύλας,
1277 4155 1529 4224 διαφορὰν
1559 4151 1727 4212 εἰδὼς,

167 4268 267 4338 τῆς
297 4265 439 4335 παρ’
463 4258 745 4328 Ἑϐραίοις
766 4252 898 4306 Θεοῦ
919 4247 1276 4320 προσηγορίας
1304 4248 1370 4338 εκ
1383 4242 1732 4338 τρῦᾳἘλωεὶμ

171 4329 236 4427 στὶ
245 4329 617 4426 μαινομένης,
646 4344 707 4395 τὸ
725 4341 820 4395 νῦν
842 4338 1157 4410 δηλούμενον
1187 4337 1249 4387 ὲν
1261 4332 1338 4403 τῷ
1368 4331 1532 4393 Ἠλεὶ,
1562 4329 1728 4391 Ἠλεὶ,

1812 1954 1989 1993 verem
2016 1940 2201 1993 mortis
2238 1938 2500 1992 deduxisti
2528 1951 2612 1990 me
2643 1955 2655 1989 :
2681 1936 2933 2004 quoniam
2970 1932 3336 1987 circumdede-

1813 2037 1938 2083 runt
1980 2045 2064 2083 me
2110 2044 2273 2082 canes
2302 2028 2479 2092 multi,
2529 2026 2871 2095 congregatio
2930 2021 3335 2091 malignantium

1815 2120 2023 2174 obsedit
2051 2135 2157 2181 me,
2188 2120 2438 2173 foderunt
2468 2130 2658 2171 manus
2684 2131 2829 2170 meas
2863 2122 2915 2168 et
2949 2113 3109 2182 pedes
3129 2126 3329 2165 meos.)

1812 2207 2072 2261 Praeterea
2103 2209 2191 2262 ubi
2241 2209 2398 2261 etiam
2434 2222 2495 2261 ea
2527 2223 2644 2275 qua:
2676 2206 2776 2260 sub
2820 2205 2988 2272 ipsam
3034 2201 3337 2270 passionem

1816 2297 1915 2351 sibi
1963 2303 2273 2356 evenerunt,
2316 2294 2631 2363 signiﬁcavit
2680 2294 2785 2347 illis
2820 2292 3040 2345 verbis:
3079 2307 3097 2341 ι
3135 2289 3339 2343 Divise-

1816 2393 1940 2438 runt
1978 2385 2290 2439 vestimenta
2339 2398 2454 2438 mea
2483 2384 2605 2445 sibi,
2635 2389 2687 2436 et
2731 2395 2891 2450 super
2938 2386 3135 2433 vestem
3166 2392 3339 2453 meam

1818 2473 2078 2527 miserunt
2108 2481 2325 2527 sortem.
2364 2492 2381 2523 ι
2412 2471 2556 2534 Ηαξο,
2580 2480 2739 2539 atque
2764 2470 2846 2523 his
2871 2468 3063 2522 similia
3088 2466 3175 2520 ubi
3205 2480 3341 2536 pra.

1817 2564 1969 2627 dixit,
2010 2580 2117 2617 non
2153 2565 2301 2616 intra
2348 2563 2458 2615 inec
2503 2561 2669 2623 stetit,
2702 2558 2863 2629 494,
2915 2557 3006 2611 sed
3049 2554 3337 2623 adjunxit:

1824 2671 1841 2703 ι
1883 2652 1984 2716 Qui
2039 2652 2235 2705 timetis
2288 2650 2591 2711 Dominum,
2633 2646 2844 2700 laudate
2903 2659 3047 2705 eum,
3088 2644 3341 2712 quoniam

1819 2755 1924 2793 non
1967 2739 2164 2807 sprevit
2192 2777 2207 2801 ,
2250 2752 2420 2805 neque
2473 2736 2694 2787 moleste
2754 2733 2873 2785 tu‘lit
2921 2729 3341 2798 deprecationem

1820 2829 2086 2898 pauperis,
2119 2841 2287 2894 neque
2308 2825 2496 2878 avertit
2522 2822 2710 2876 faciem
2741 2833 2891 2876 suam
2938 2834 2967 2871 a
3006 2834 3106 2880 me,
3136 2825 3188 2872 et
3220 2833 3342 2872 cum

1820 2918 2104 2972 clamarem
2137 2917 2203 2968 ad
2235 2931 2380 2976 eum,
2416 2912 2688 2967 exaudivit
2717 2925 2818 2964 me.
2853 2929 2871 2963 ι
2907 2907 3021 2973 Qua
3053 2915 3229 2961 autem
3258 2922 3345 2959 ra-

1820 3008 1963 3060 tione
1990 3006 2190 3060 diceret
2234 3021 2291 3059 se
2334 3002 2680 3057 exauditam?
2705 3002 2747 3055 si
2776 3015 2881 3059 non
2915 3005 3236 3053 consecutus
3260 3012 3345 3051 es-

1822 3105 1924 3159 set,
1972 3110 2089 3165 qua:
2142 3102 2436 3165 Optaverat,
2470 3105 2691 3161 qrueque
2726 3089 2971 3157 superius
3030 3087 3344 3155 deprecatus

1823 3186 2009 3239 fuerat.
2047 3200 2166 3237 cum
2196 3184 2328 3236 dixit
2354 3180 2519 3234 illud:
2559 3198 2577 3229 ι
2625 3179 2683 3231 In
2728 3178 2996 3246 pulverem
3037 3177 3226 3229 mortis
3250 3173 3344 3227 de-

1820 3272 2017 3327 duxisti
2065 3288 2168 3333 me,
2202 3271 2350 3339 eripe
2384 3285 2414 3321 a
2447 3270 2645 3323 framea
2691 3267 2921 3319 animam
2970 3278 3164 3327 meam,
3195 3274 3248 3317 et
3279 3261 3345 3315 de

1820 3377 1979 3416 manu
2012 3362 2158 3414 canis
2183 3360 2391 3413 unicam
2421 3356 2636 3411 meam?
2678 3374 2697 3405 ι
2728 3353 2849 3407 Haec
2878 3354 3019 3407 enim
3039 3367 3160 3405 cum
3191 3364 3343 3404 oras-

1823 3461 1922 3511 set,
1957 3465 2017 3502 ac
2046 3466 2101 3504 se
2130 3464 2195 3502 ex
2240 3448 2323 3501 bis
2350 3447 2482 3514 eripi
2515 3454 2568 3499 et
2600 3444 2812 3497 liberari
2857 3448 3102 3509 precatus
3136 3439 3343 3503 fuisset,

1823 3548 1932 3591 tum
1963 3552 2024 3591 ea
2067 3538 2181 3606 ipsa
2235 3543 2557 3589 consecutus
2605 3548 2722 3601 quae
2761 3539 3024 3590 oraverat,
3057 3529 3294 3597 adiungit
3326 3545 3342 3583 :

1828 3644 1848 3674 ‹
1881 3624 1994 3676 Non
2039 3622 2237 3690 sprevit
2286 3637 2459 3690 neque
2490 3620 2709 3673 moleste
2765 3618 2884 3671 tulit
2919 3617 3347 3685 deprecationem

1823 3711 2094 3782 pauperis,
2125 3725 2298 3779 neque
2326 3709 2515 3762 avertit
2545 3706 2733 3759 faciem
2766 3720 2916 3761 suam
2947 3720 2977 3758 a
3005 3719 3110 3767 me,
3138 3711 3190 3758 et
3222 3717 3343 3757 cum

1823 3803 2105 3855 clamarem
2157 3800 2221 3853 ad
2252 3814 2395 3858 eum,
2436 3797 2706 3852 exaudivit
2738 3811 2823 3850 me
2855 3814 2868 3850 :
2902 3814 2925 3846 ι
2960 3794 3049 3848 ubi
3077 3794 3348 3849 evidenter

1824 3904 1979 3944 suum
2012 3888 2077 3942 de
2130 3895 2301 3942 morte
2349 3886 2415 3940 ad
2463 3886 2623 3938 vitam
2670 3884 2898 3938 reditum
2942 3882 3225 3951 signiﬁcat,
3254 3881 3347 3951 qui

1825 3979 1924 4032 sub
1952 3978 2267 4031 matutinam
2298 3976 2688 4042 susceptionem
2729 3971 2954 4033 exstitit,
2997 3984 3156 4039 quam
3198 3969 3345 4039 psal-

1824 4078 1945 4117 mus
1991 4063 2240 4131 deinceps
2291 4061 2505 4130 longius
2558 4072 2871 4129 progressus
2929 4056 3212 4119 indicavit,
3255 4054 3347 4108 ubi

1825 4151 1958 4205 dixit
1997 4168 2012 4204 :
2046 4170 2065 4205 ι
2104 4152 2185 4205 Tu
2220 4160 2418 4214 autem,
2452 4149 2695 4213 Domine,
2720 4163 2789 4202 ne
2845 4162 3089 4201 amoveas
3139 4146 3348 4215 longius

1827 4242 2083 4297 auxilium
2115 4256 2315 4304 meum,
2336 4240 2402 4294 ad
2439 4238 2829 4308 susceptionem
2863 4250 3029 4290 meam
3062 4235 3285 4304 respice.
3322 4251 3342 4286 ι

1831 4330 1933 4385 Sed
1963 4345 2122 4400 quam
2154 4328 2370 4383 tandem
2419 4329 2577 4381 aliam
2632 4325 3038 4395 susceptionem,
3084 4325 3188 4379 nisi
3231 4338 3348 4378 eam

288 4412 536 4514 ἠξίωσεν
552 4412 755 4506 ομοίως
769 4434 878 4492 τοῖς
900 4429 1118 4489 λοιποῖς,
1147 4444 1165 4475 ι
1190 4427 1218 4477 6
1237 4423 1383 4487 Θεὸς,
1404 4422 1568 4484 ὁΘεός
1584 4436 1679 4490 μου
1704 4438 1722 4469 ι

1827 4435 1984 4489 quam
2019 4418 2300 4486 inscriptio
2327 4416 2518 4486 psalmi
2551 4414 2908 4485 signiﬁcavit?
2927 4414 3209 4475 Caeterum,
3238 4412 3351 4465 haec

171 4507 541 4599 μεταϐάλλων
555 4525 749 4584 είπείν,
766 4517 945 4582 ἀλλὰ,‹
959 4513 1139 4585 ίσχυρέ
1158 4527 1275 4583 μου,
1296 4509 1477 4581 ίσχυρέ
1490 4526 1606 4578 μου.
1621 4528 1638 4559 ι
1656 4507 1726 4559 Τὸ

164 4596 214 4671 ϐ’
236 4619 476 4691 ἀκριϐές
517 4617 695 4667 ἐστιν·
751 4607 899 4676 ἰσχύς
941 4622 1060 4674 μου,
1097 4601 1244 4691 ἰσχύς
1270 4617 1388 4671 μου.
1416 4600 1570 4651 Ὥστε
1594 4596 1727 4650 κατὰ

169 4710 271 4781 τὴν
286 4687 489 4761 τούτου
506 4702 771 4781 διάνοιαν,
804 4697 889 4748 τὸν
908 4694 1075 4763 ἀμνὸν
1092 4691 1184 4744 τοῦ
1205 4688 1337 4742 Θεοῦ
1358 4689 1445 4741 τὸν
1475 4687 1731 4757 ἡμέτερον

170 4777 409 4867 Σωσήρα
450 4779 738 4860 φάσκοντᾶ
778 4786 840 4838 τὸ
884 4782 1057 4848 Ἠλεὶ,
1099 4779 1246 4835 Ἠλεὶ
1265 4818 1281 4843 ,
1325 4779 1456 4848 πρὸς
1492 4778 1579 4829 τὸν
1617 4777 1730 4828 Πα-

168 4864 346 4957 τέρα,
400 4885 618 4951 λέγειν’
675 4897 694 4923 ε
734 4873 937 4945 ’ἰσχυρέ
967 4889 1098 4943 μου,
1140 4868 1320 4938 ῑσχυρέ
1371 4884 1507 4937 μου,
1553 4866 1635 4917 ἵνα

170 4953 552 5043 ἐγκατέλιπές
583 4983 685 5038 με;
720 4984 740 5018 ι
777 4966 873 5016 καὶ
894 4963 1030 5032 τάχα
1058 4961 1176 5013 ἐπεὶ
1197 4958 1538 5026 ἐγκατέλιπεν
1574 4953 1730 5006 αὑτὸν

177 5067 209 5118 6
242 5064 470 5135 ἰσχυρὸς
516 5054 705 5119 αὐτοῦ,
738 5052 924 5107 τούτου
955 5051 1109 5121 χάριν
1155 5045 1482 5135 exceptae“,
1515 5046 1586 5107 ὥς
1630 5061 1733 5113 φη..

179 5169 268 5205 σιν
376 5132 751 5207 *Ἂπόστολοςο
787 5159 807 5191 ι
846 5140 953 5193 Καὶ
992 5139 1097 5207 γὰρ
1142 5134 1446 5205 ἐσταυρώθη
1479 5133 1537 5196 ἐξ
1580 5132 1734 5185 ἀσθε-

175 5242 353 5305 νείας,
387 5238 486 5292 καὶ
516 5235 587 5305 ζῇ
623 5236 687 5286 ὲκ
716 5230 992 5298 δυνάμεως
1033 5226 1188 5288 Θεοῦ,
1227 5244 1246 5278 ι
1281 5225 1356 5286 ὼς
1397 5223 1468 5293 μὴ
1501 5238 1736 5291 σταυρω-

175 5326 295 5391 θεὶς
328 5328 419 5389 ἂν,
454 5326 505 5377 εί
531 5322 607 5393 μὴ
638 5322 667 5374 ὁ
694 5317 907 5387 ἰσχυρὸς
950 5314 1107 5368 αὑτοῦ
1151 5311 1513 5366 καταλελοίπει
1559 5311 1732 5363 αὐτόν.

176 5417 293 5470 Καὶ
325 5417 434 5486 δρα
464 5416 517 5465 εἰ
563 5411 639 5480 μὴ
671 5408 876 5476 ἔπρεπε
921 5405 1007 5457 τὸν
1036 5402 1200 5467 ἀμνὸν
1230 5402 1319 5454 τοῦ
1360 5401 1513 5462 Θεοῦ,
1544 5400 1632 5452 τὸν
1661 5400 1735 5462 ὡς

179 5506 459 5574 πρίοϐατον
502 5500 600 5553 ἐπὶ
634 5493 841 5563 σφαγὴν
884 5493 1125 5562 ἀχθέντα,
1149 5492 1240 5543 καὶ
1267 5491 1341 5552 ὡς
1383 5489 1546 5558 ἀμνὸν
1591 5491 1735 5540 ἐναν-

181 5595 295 5646 τίον
318 5593 418 5646 τοῦ
442 5590 733 5658 κείροντος
750 5583 970 5647 ἄφωνον,
997 5582 1095 5644 τὰς
1124 5581 1320 5643 οἰκείας
1347 5580 1592 5648 δυνάμεις
1612 5579 1736 5631 ἀνα-

179 5680 383 5732 τιθέναι
438 5675 519 5740 τῷ
571 5669 716 5736 Θεῷ,
753 5669 839 5718 καὶ
892 5669 1046 5736 μηδὲν
1092 5669 1214 5722 ἴδιον
1260 5669 1399 5738 ἔχειν
1434 5667 1669 5736 ἡγεῖσθαι
1701 5668 1736 5736 ἢ

1829 4508 2043 4577 quidem
2087 4507 2232 4561 dicta
2279 4506 2389 4560 sint
2413 4520 2442 4558 a
2467 4504 2622 4557 nobis
2674 4504 2727 4555 in
2761 4503 2928 4571 ipsam
2956 4500 3141 4568 psalmi
3164 4498 3351 4552 inscri-

1828 4597 2062 4666 ptionem
2098 4611 2117 4661 ;
2143 4596 2197 4649 in
2235 4594 2329 4648 illo
2358 4601 2555 4655 autem,
2585 4611 2604 4643 ι
2635 4591 2734 4655 Eli,
2766 4591 2865 4653 Eli,
2893 4591 3082 4641 lamma
3127 4587 3350 4641 sabacbo

1831 4686 2001 4748 thani,
2040 4705 2059 4737 ι
2087 4685 2231 4755 quod
2253 4700 2373 4739 cum
2400 4699 2430 4737 a
2458 4684 2734 4737 Salvatore
2761 4688 2944 4732 nostro
2981 4678 3110 4746 ipsis
3130 4676 3351 4730 Hebrai-

1832 4776 1909 4830 cis
1937 4774 2244 4827 nominibus
2268 4774 2468 4827 dictum
2499 4771 2567 4824 sit
2601 4769 2701 4823 sub
2730 4768 2904 4836 ipsum
2934 4767 3197 4834 passionis
3221 4772 3349 4818 tem-

1831 4880 1948 4934 pus,
1982 4862 2036 4915 in
2065 4861 2258 4931 psalmi
2310 4861 2463 4914 initio
2493 4858 2724 4928 positum
2753 4862 2856 4919 est,
2881 4855 3021 4918 vide,
3055 4868 3253 4923 quaeso,
3283 4868 3351 4907 ne

1829 4966 1933 5023 qua
1960 4951 2087 5004 insit
2112 4947 2426 5018 profundior
2464 4945 2842 5014 contemplatio
2872 4943 3011 5011 apud
3055 4940 3303 4997 Hebraeos
3331 4961 3344 4996 :

1829 5055 1949 5095 nam
1994 5037 2159 5091 Eloim
2207 5035 2348 5092 Deus
2403 5036 2756 5089 nominatur:
2795 5038 2851 5086 et
2894 5031 2997 5085 hoc
3041 5045 3134 5098 per
3183 5037 3350 5083 totam

1828 5126 2208 5197 propemodum
2245 5123 2579 5192 Scripturam
2633 5118 2870 5173 invenies
2924 5135 2940 5172 :
2991 5116 3205 5186 quando
3264 5115 3348 5170 vel

1829 5214 2039 5286 proprie
2060 5214 2138 5267 sic
2153 5212 2290 5282 apud
2315 5209 2452 5264 LXX
2474 5210 2632 5265 etiam
2654 5222 2798 5261 nunc
2821 5205 3079 5261 Hebraica
3106 5218 3236 5259 voce
3258 5217 3351 5258 ne-

1831 5306 2082 5364 minatur,
2108 5302 2246 5371 apud
2273 5302 2420 5370 ipsos
2462 5310 2635 5353 tamen
2663 5295 2913 5352 Hebrmos
2940 5295 3056 5349 alia:
3084 5293 3352 5348 nonnulla

1834 5393 2075 5448 feruntur
2105 5390 2486 5461 appellationes
2509 5387 2574 5441 ad
2598 5386 2834 5441 divinam
2868 5392 3112 5439 naturam
3139 5381 3350 5452 signiﬁ-

1834 5484 2080 5545 candam,
2113 5490 2169 5533 ut
2204 5479 2357 5546 illud,
2394 5477 2611 5539 Saddai,
2638 5484 2695 5529 ut
2739 5476 2893 5539 illud,
2948 5474 3066 5538 Jao,
3094 5480 3154 5528 ut
3196 5471 3349 5535 illud,

1834 5574 1916 5638 El,
1948 5574 2154 5641 aliaque
2200 5571 2293 5631 his
2324 5569 2512 5624 similia
2589 5581 2712 5626 ergo
2737 5566 2973 5622 psalmus
3007 5564 3098 5633 qui
3126 5562 3353 5616 nuncin
3420 5567 3433 5572 '

1837 5665 2079 5720 manibus
2110 5670 2211 5725 est,
2247 5661 2372 5716 illud
2409 5682 2421 5716 :
2455 5660 2555 5727 Eli,
2586 5658 2684 5722 Eli,
2715 5669 2905 5711 Iamma
2936 5649 3305 5712 sabaehthani,
3325 5663 3352 5698 ι
