3782 6360
126 345 269 401 769

1068 346 1700 408 DEMONSTRATIONIS
1735 330 2182 409 sumsum:
2219 339 2345 401 LIB.
2395 353 2459 408 x.

3242 359 3343 414 770

132 476 294 527 μου,
336 476 355 509 ι
394 458 632 529 είρηται,
679 463 752 524 ὡς
796 457 1068 530 συμϐαίνει
1112 465 1241 516 ποτὲ
1279 464 1544 534 σφάλματι
1588 482 1622 533 γ

1848 470 2071 522 laeterum
2104 457 2350 518 excitans
2378 480 2479 520 nos
2511 467 2574 521 ad
2607 467 2967 538 inquirendam
2996 482 3212 526 causam
3243 485 3341 525 cur

125 546 313 613 φικῷ
336 546 596 610 τοιαύτας
625 549 772 612 τίνὰς
792 547 1078 615 ἐναλλαγὰς
1111 552 1382 621 φέρεσθαι.
1430 553 1521 605 Ἐκ
1547 554 1601 607 δὲ
1617 555 1715 623 τῆς

122 635 263 687 τῶν
297 635 564 689 πλειόνων
593 640 880 709 ἑρμηνείας
905 639 1294 709 καταληπτέον·
1325 644 1372 695 εί
1408 643 1480 714 μὴ
1505 644 1610 713 ἄρα
1635 660 1718 707 τις

125 724 449 778 κάνταῦθα
490 727 559 779 τὰ
593 728 831 797 ἡμέτερα
862 728 1268 799 παραπτώματα
1304 732 1715 803 ἐξοικειούμενον

120 814 333 868 ταῦτα
361 816 530 868 αὑτὸν
546 818 817 886 εἰρηκέναι
843 820 1044 888 φήσειε.
1068 820 1282 883 Τούτοις
1309 822 1431 890 ἑξῆς
1459 822 1710 889 ἐπιλέγει·

130 921 155 953 ι
215 901 292 955 Ὁ
323 903 466 966 Θεός
518 921 639 974 μου,
685 907 1013 976 κεκράξομαι
1063 909 1290 978 ἡμέρας,
1326 910 1418 960 καὶ
1472 909 1568 961 οὐκ
1606 912 1714 961 εἰσ-

123 991 391 1061 ακούσῃ,
432 993 531 1044 καὶ
562 994 769 1056 νυκτὸς,
798 996 889 1046 καὶ
931 995 1027 1047 οὐκ
1058 998 1135 1058 είς
1163 998 1340 1050 ἄνοιαν
1369 997 1514 1065 ἐμοί’
1552 1017 1569 1048 ι
1598 999 1711 1051 ἀνθ’

121 1076 195 1134 οὗ
229 1081 415 1133 πάλιν
435 1082 466 1132 ὀ
494 1080 804 1151 Σύμμαχος·
837 1101 855 1133 ι
879 1083 934 1135 '0
954 1083 1081 1146 Θεός
1111 1101 1230 1153 μου,
1270 1104 1289 1138 ι
1321 1087 1468 1155 φησὶ,
1498 1104 1516 1136 ι
1539 1086 1712 1157 βοήσω

120 1169 395 1240 ἡμέρας,
426 1173 526 1222 καὶ
553 1172 653 1223 ούκ
676 1171 982 1244 είσακούσῃ,
1012 1175 1103 1225 καὶ
1132 1174 1337 1237 νυκτὸς,
1362 1177 1452 1227 καί
1479 1177 1575 1227 ούκ
1599 1177 1709 1228 ἐστι

123 1261 301 1330 σιγή.
335 1280 358 1311 ι
395 1260 684 1331 Θαυμάζει
731 1260 795 1332 δὴ
826 1259 916 1315 οὖν
952 1264 1007 1315 ὲν
1040 1263 1241 1326 τούτοις
1276 1266 1364 1318 τὸν
1395 1267 1606 1336 Πατέρα
1636 1266 1710 1329 ὡς

128 1350 220 1421 μὴ
252 1351 632 1403 είσακούοντα
653 1351 834 1415 αὑτοῦ,
854 1351 997 1414 ξένον
1012 1368 1063 1404 τι
1080 1352 1232 1405 τοῦτο
1253 1355 1344 1407 καὶ
1362 1354 1508 1424 παρὰ
1519 1356 1576 1407 τὸ
1592 1355 1709 1408 σύν-

123 1440 274 1511 ηθες
322 1439 583 1511 θεωρῶν.
621 1442 677 1493 '0
708 1441 765 1494 δὲ
797 1442 1083 1509 ἐφύλαττεν
1125 1443 1267 1512 αὐτῷ
1310 1444 1405 1515 τὴν
1445 1446 1609 1515 ἀκοὴν
1632 1448 1710 1508 εἰς

119 1530 224 1583 τὸν
262 1529 592 1599 ἐπιτήδειον
612 1529 703 1581 τοῦ
730 1530 1131 1599 εἰσακουσθῆναι
1156 1531 1356 1601 καιρόν.
1387 1528 1547 1594 Οὗτος
1569 1532 1622 1584 δὲ
1642 1529 1709 1603 ἦν

121 1621 154 1671 ὁ
177 1617 297 1687 τῆς
340 1618 693 1688 ἀντιλήψεως
732 1620 829 1689 τῆς
858 1619 1079 1688 ἑωθινῆς
1115 1621 1207 1672 καὶ
1248 1621 1277 1671 ὁ
1295 1623 1391 1689 τῆς
1419 1623 1483 1674 ὲκ
1505 1622 1708 1693 νεκρῶν

121 1709 532 1775 ἀναστάσεως,
554 1709 676 1761 καθ’
687 1710 816 1773 ὃν,εἰ
832 1710 922 1760 καί
933 1726 1033 1762 τινι
1048 1710 1207 1779 άλλῳ,
1224 1711 1316 1762 καὶ
1331 1711 1477 1781 αὐτῷ
1493 1712 1709 1775 δικαίως

1819 557 1991 626 ipsum
2029 561 2178 625 pater
2202 551 2503 611 deseruerit
2533 557 2607 610 ait
2639 576 2651 611 :
2687 576 2705 608 ι
2729 558 2902 623 Quare
2932 575 3017 615 me
3051 561 3341 631 dereliquio

1818 647 1922 700 sti?
1948 666 1966 698 ι
2014 645 2187 699 Causa
2228 658 2392 712 porro
2423 647 2534 701 haec
2580 647 2698 709 fuit,
2730 648 3083 719 momnis
3120 651 3338 705 humani

1816 736 2028 804 generis
2065 734 2357 803 redemptio
2406 747 2469 790 ac
2505 737 2769 798 liberatio,
2818 755 2934 807 quae
2971 742 3202 809 pretioso
3243 741 3338 794 illo

1816 825 2076 893 sanguine
2105 824 2240 877 facta
2293 828 2392 891 est,
2433 841 2461 878 a
2493 827 2668 894 priore
2698 827 2786 879 illa
2820 827 3132 883 intolerabili
3166 831 3339 885 servio

1814 919 1946 974 tute,
1973 924 2075 980 qua
2103 912 2204 965 sub
2226 913 2396 966 visum
2424 914 2798 982 eﬂ‘ugientibus
2830 914 3079 977 dominis,
3110 918 3336 986 impuris

1815 1002 1997 1070 utique
2030 1002 2360 1056 daemonibus
2406 1011 2459 1057 et
2487 1004 2733 1072 malignis
2761 1004 3094 1073 principibus
3131 1022 3192 1060 ac
3222 1009 3336 1076 spi-

1813 1088 2005 1141 ritibus
2038 1089 2432 1155 premebantur,
2476 1100 2528 1143 et
2562 1091 2660 1143 alia
2693 1091 2816 1145 item
2860 1094 3066 1147 ratione
3103 1094 3337 1151 deseruit

1812 1176 1961 1228 illum
1993 1175 2170 1237 Pater,
2205 1185 2262 1231 ut
2286 1179 2416 1232 illud
2443 1180 2647 1233 scilicet
2681 1181 3068 1244 ostenderetur,
3100 1183 3338 1238 alTectio-

1811 1279 1931 1318 nem
1974 1280 2071 1334 pro
2108 1267 2413 1321 hominibus
2457 1269 2628 1336 ipsius
2662 1285 2874 1338 quoque
2914 1271 3114 1324 Christi
3144 1263 3332 1327 'fuisse.

1812 1353 2144 1424 Quapropter
2194 1374 2314 1411 cum
2361 1360 2504 1413 illius
2555 1360 2744 1414 animae
2780 1361 2869 1428 jus
2924 1366 2977 1416 et
3019 1368 3336 1432 potestatem

1812 1459 1965 1498 nemo
1995 1440 2444 1509 haberet,volens
2474 1450 2589 1518 ipse
2617 1466 2713 1517 pro
2742 1451 3045 1507 hominibus
3075 1454 3216 1507 illam
3238 1468 3338 1524 poc-

1812 1537 1938 1599 suit,
1973 1537 2045 1588 ita
2085 1552 2211 1591 sane
2236 1539 2679 1606 quemadmodum
2707 1540 2861 1593 docet
2884 1542 3015 1609 ipse,
3047 1542 3173 1595 dum
3197 1545 3333 1596 ait‘:

1816 1642 1837 1674 ‹
1863 1624 2028 1678 Nemo
2061 1627 2209 1680 tollet
2237 1630 2467 1680 animam
2510 1643 2680 1682 meam
2708 1643 2738 1681 a
2766 1645 2867 1694 me;
2899 1638 3212 1699 potestatem
3242 1633 3338 1687 ha-

1811 1714 1909 1767 heo
1939 1716 2167 1783 ponendi
2206 1731 2345 1778 eam,
2374 1725 2426 1770 et
2469 1727 2780 1784 potestatem
2823 1719 2991 1774 habeo
3022 1736 3213 1777 rursus
3244 1737 3336 1776 su-

124 1799 197 1851 ἃν
229 1796 447 1867 ἐλέχθη
469 1814 484 1827 ’
518 1816 536 1847 ι
590 1798 678 1848 Ἐν
706 1798 878 1866 καιρῷ
902 1796 1069 1865 δεκτῷ
1096 1798 1369 1865 ἐπήκουσά
1391 1814 1501 1863 σου,
1527 1800 1617 1852 καὶ

1836 1805 1985 1857 nendi
2025 1820 2160 1858 eam.
2191 1805 2260 1859 lis
2286 1820 2402 1873 qua:
2429 1805 2565 1858 dicta
2600 1814 2744 1870 sunt,
2775 1807 3027 1879 deinceps
3054 1810 3329 1882 adjungit:

121 1888 326 1957 ἡμέρᾳ
365 1886 656 1956 σωτηρίας
700 1885 965 1956 ἐϐοήθησά
998 1901 1096 1938 σοι.
1135 1882 1260 1939 Ἰδοὺ
1288 1886 1379 1939 νῦν
1420 1888 1602 1959 καιρὸς
1626 1890 1712 1940 εύ-

125 1975 513 2045 πρόσδεκτος,
547 1974 660 2025 ίδοὺ
709 1972 801 2025 νῦν
830 1973 1006 2043 ἡμέρα
1045 1974 1328 2043 σωτηρίας.
1362 1994 1380 2026 ›
1414 1976 1633 2043 Λέγοιτο
1665 1978 1709 2030 δ’

65 2124 71 2131 ,
123 2063 195 2115 ἂν
212 2062 412 2114 ταῦτα
434 2063 534 2114 καὶ
558 2062 758 2133 ἑτέρως
784 2062 887 2114 ὑπὸ
908 2061 1150 2131 Σωτῆρος
1174 2064 1205 2132 ή
1214 2062 1347 2131 μῶν,
1374 2063 1448 2126 ὡς
1468 2064 1712 2127 εἰωθότος

125 2153 231 2223 μὲν
263 2155 363 2205 ἀεὶ
409 2153 511 2205 καὶ
542 2152 770 2205 πάντοτε
811 2150 1176 2205 εἰσακούεσθαι
1220 2153 1322 2205 ὑπὸ
1362 2154 1454 2206 τοῦ
1482 2154 1708 2226 Πατρὸς,

120 2242 225 2296 νῦν
263 2243 329 2295 δὲ
368 2242 721 2303 πιστεύοντος
754 2240 1276 2311 είσακουσθήσεσθαι,
1304 2242 1433 2294 ὡσεί⁵
1465 2245 1713 2312 σαφέστε-

126 2348 222 2403 ρον
257 2332 465 2399 ελεγε’
504 2330 598 2400 Μὴ
627 2325 734 2383 οἷόν
779 2346 837 2382 τε
867 2330 1031 2392 ἐστὶν,
1062 2325 1105 2382 ὦ
1147 2330 1344 2401 Πάτερ,
1377 2332 1474 2400 ἐμὲ
1510 2333 1599 2385 τὸν
1624 2334 1711 2387 σὸν

124 2422 420 2492 μονογενῆ
482 2421 579 2473 καὶ
634 2419 911 2487 ἀγαπητὸν
965 2418 1122 2482 Υἱὸν,
1181 2418 1253 2490 μὴ
1310 2421 1708 2484 εἰσακούεσθαι,

123 2513 353 2584 βοῶντα
390 2511 493 2564 καὶ⁵
514 2510 821 2579 κεκραγότα
840 2508 989 2579 ’πρὸς
1011 2508 1070 2560 σέ
1093 2508 1181 2561 τὸν
1206 2509 1433 2579 ἐμαυτοῦ
1458 2511 1670 2580 Πατέρα
1693 2526 1709 2576 ;

119 2604 389 2657 διδάσκει
424 2600 559 2669 γοῦν
589 2600 719 2652 αὐτὸ
749 2597 904 2651 τοῦτο
926 2599 982 2649 ἐν
1005 2598 1081 2666 τῷ
1109 2598 1245 2650 κατὰ
1277 2599 1522 2669 Ἰωάννην
1548 2600 1712 2668 Εὐαγ-

120 2693 298 2761 γελίῳ
352 2691 457 2743 ἐπὶ
508 2687 606 2741 τοῦ
649 2686 920 2757 Λαζάρου,
963 2686 1190 2757 ὁπηνίκα
1233 2688 1427 2743 εἰπών·
1464 2705 1484 2739 ι
1515 2692 1712 2759 ’Ἄρατε

118 2780 215 2833 τὸν
249 2780 418 2833 λίθον
455 2777 567 2831 άπὸ
597 2776 691 2829 τοῦ
730 2777 1009 2847 μνημείου,
1054 2776 1222 2848 ἐπῆρε
1248 2778 1373 2839 τοὺς
1411 2777 1713 2847 ὀφθαλμοὺς

121 2869 333 2923 ἑαυτοῦ
362 2872 453 2931 εἰς
476 2868 572 2920 τὸν
598 2866 842 2937 οὐρανὸν,
875 2866 966 2918 καὶ
994 2861 1112 2918 εἶπε
1135 2883 1148 2896 ·
1184 2866 1381 2936 Πάτερ,
1415 2867 1711 2936 εὐχαριστῶ

123 2976 233 3021 σοι,
258 2961 353 3013 ὅτι
391 2959 641 3029 ἥκουσάς
671 2974 790 3026 μου.
831 2957 968 3023 Ἐγὼ
993 2956 1046 3008 δὲ
1070 2955 1230 3025 ⁴ᾔδειν,
1254 2956 1333 3008 ὅτι
1364 2956 1587 3009 πάντοτέ
1611 2973 1710 3025 μου

121 3052 384 3113 ἀκούεις.
432 3068 452 3100 ›
487 3048 551 3099 Εἰ
579 3046 759 3098 τοίνυν
779 3045 1001 3098 πάντοτε
1026 3041 1186 3097 αὑτοῦ
1215 3043 1526 3107 ἁκούει,ούκ
1545 3046 1709 3115 ἀμφι·-

1815 1906 1833 1938 ι
1860 1888 2038 1958 Longe
2065 1904 2094 1941 a
2116 1892 2289 1945 salute
2318 1907 2430 1944 mea
2460 1893 2617 1947 verba
2655 1894 2970 1950 delictorum
3013 1913 3273 1953 meorum.
3307 1918 3326 1953 ι

1806 1976 1909 2032 Pro
1956 1994 2061 2046 quo
2098 1980 2288 2047 Aquila
2337 1982 2548 2049 quidem
2592 2002 2604 2036 :
2652 2000 2670 2033 ι
2702 1981 2879 2054 Longe
2919 2000 2949 2038 a
2998 1988 3168 2041 salute
3216 2000 3334 2041 mea

1807 2067 1966 2119 verba
2019 2067 2261 2122 fremitus
2310 2071 2433 2135 mei,
2463 2087 2482 2120 ι
2526 2073 2790 2138 exposuit.
2848 2070 3197 2142 Symmachus
3239 2087 3334 2127 au-

1808 2160 1913 2206 tem
1946 2172 1958 2206 :
1990 2171 2006 2203 ι
2044 2152 2401 2209 Recesserunt
2445 2171 2475 2209 a
2527 2159 2699 2211 salute
2746 2173 2863 2213 mea
2908 2161 3069 2213 verba
3095 2159 3333 2215 luctuum

1809 2255 2068 2304 meorum,
2099 2260 2119 2292 ι
2149 2257 2357 2295 necnon
2404 2244 2546 2312 apud
2588 2245 2849 2312 quintam,
2885 2256 3003 2319 qua!
3030 2245 3215 2310 fertur,
3250 2246 3336 2301 in-

1808 2330 2240 2395 terpretationem
2269 2330 2467 2383 dicitur
2493 2348 2506 2384 :
2541 2348 2559 2380 ι
2582 2330 2763 2402 Longe
2785 2347 2815 2385 a
2838 2334 3008 2388 salute
3036 2348 3152 2388 mea
3169 2334 3332 2389 verba

1807 2416 2236 2486 deprecationum
2286 2434 2546 2474 mearum.
2577 2439 2598 2472 ›
2633 2419 2709 2473 lta
2755 2421 2903 2476 vides
2952 2422 3007 2475 in
3053 2423 3199 2475 nulla
3240 2423 3337 2477 ha-

1808 2520 1924 2560 rum
1977 2510 2384 2562 conversionum
2426 2523 2545 2578 qua:
2585 2510 2851 2577 posterius
2894 2509 3049 2564 dictae
3079 2519 3222 2576 sunt,
3267 2510 3337 2565 il-

1809 2595 1918 2658 lud,
1972 2612 1991 2645 ι
2022 2597 2333 2650 delictorum
2376 2613 2639 2664 meorum,
2668 2618 2686 2650 ι
2738 2598 2944 2664 haberi,
2988 2599 3183 2673 quippe
3209 2613 3335 2655 cum

1807 2682 2071 2736 interdum
2102 2685 2335 2739 librariis
2376 2689 2680 2742 errantibus
2717 2687 3021 2754 hujusmodi
3052 2691 3334 2744 varietates

1808 2772 1957 2826 libris
1991 2774 2299 2842 contingere
2340 2777 2565 2832 soleant.
2609 2779 2687 2831 Ex
2723 2779 3013 2831 multorum
3044 2786 3219 2833 autem
3244 2778 3335 2833 in-

1807 2864 2185 2930 terpretatione
2212 2864 2637 2933 investigandum
2666 2872 2768 2931 est,
2794 2872 2974 2920 utrum
2998 2867 3052 2921 in
3081 2866 3165 2921 his
3182 2867 3335 2937 quis.

1806 2952 1944 3020 piam
1983 2954 2130 3006 illum
2154 2961 2337 3008 nostra
2358 2955 2552 3009 delicta
2576 2970 2672 3010 sua
2705 2953 2985 3011 facientem
3010 2958 3137 3011 talia
3158 2972 3334 3013 enun-

1807 3039 1969 3093 tiasse
1989 3040 2201 3095 dixerit.
2233 3038 2329 3096 His
2348 3042 2602 3111 deinceps
2632 3042 2914 3113 adjungit:
2947 3061 2970 3096 ι
2998 3043 3138 3099 Deus
3158 3060 3332 3110 meus,

122 3139 377 3201 ϐάλλων,
415 3135 536 3189 ἀλλ’
570 3133 813 3204 ἀκριπῶς
846 3131 1214 3201 ἐπιστάμενος,
1261 3133 1341 3185 ὅτι
1371 3133 1463 3185 καὶ
1498 3129 1590 3186 νῦν

1840 3127 2049 3181 lamabo
2071 3128 2338 3197 perdiem,
2364 3137 2418 3183 et
2445 3145 2552 3184 non
2582 3131 2856 3195 exaudies,
2886 3139 2938 3187 et
2972 3148 3066 3203 per
3096 3142 3330 3199 noctem,

120 3229 218 3282 τοῦ
267 3226 693 3287 εἰσακούσεται,
752 3223 827 3286 ὡς
869 3223 1122 3276 ἀδυνάτου
1168 3223 1316 3285 ὄντος
1344 3222 1436 3276 τοῦ
1483 3223 1555 3295 μὴ
1599 3225 1710 3275 εἰσ-

121 3317 441 3372 ακούεσθαι
492 3314 690 3377 αὐτὸν,
726 3311 1144 3384 ἐρωτηματικῶς
1180 3328 1365 3382 φησιν·
1411 3330 1430 3362 ι
1481 3312 1537 3364 '0
1583 3311 1710 3376 Θεός

125 3424 255 3475 μου,
286 3402 650 3474 κεκράξομαι
671 3401 900 3471 ἡμέρας,
933 3402 1024 3453 καὶ
1047 3402 1143 3452 οὐκ
1178 3399 1462 3470 είσακούσῃ
1487 3416 1501 3465 ;
1540 3419 1563 3451 ι
1587 3402 1710 3453 ὑπο-

124 3498 445 3561 στιζόντων
496 3494 656 3564 ἡμῶν
690 3495 747 3545 ἐν
787 3492 883 3562 τῷ,
923 3510 941 3543 ι
980 3493 1078 3544 οὐκ
1119 3492 1423 3563 εἰσακούσῃ,
1466 3512 1483 3543 ι
1511 3493 1601 3545 καὶ
1648 3493 1709 3545 τὸ

122 3589 386 3640 ἐναντίον
418 3583 792 3638 ὑπονοούντων
822 3583 897 3653 τῷ
930 3582 1190 3651 πύσματι.
1223 3581 1387 3634 Τοῦτο
1415 3583 1542 3650 γοῦν
1570 3582 1709 3635 διδά-

124 3692 251 3729 σκει
314 3674 529 3746 μικρὸν
564 3672 808 3742 ὕστερον,
860 3670 1059 3743 προῖὼν
1111 3671 1233 3740 ἐξῆς
1269 3673 1325 3723 ἐν
1374 3672 1450 3741 τῷ
1493 3671 1704 3742 ψαλμῷ,

123 3764 307 3833 λέγων
328 3783 344 3796 ·
370 3783 392 3815 ε
433 3765 551 3818 Οὐκ
586 3761 934 3826 ἐξουὸένωσεν
954 3762 1072 3813 οὐδὲ
1095 3759 1424 3831 προσώχθισε
1447 3763 1512 3830 τῇ
1533 3760 1705 3830 δεήσει

121 3854 221 3907 τοῦ
278 3851 517 3923 ποτωχοῦ
537 3891 553 3915 ,
602 3851 723 3903 ούδέ
766 3850 1066 3921 ἀπέστρεψε
1112 3850 1172 3902 τὸ
1216 3851 1496 3920 πρόσωπον
1544 3847 1704 3903 αὑτοῦ

122 3943 221 3997 ἀπ’
256 3942 432 4015 ἐμοῦ,
473 3942 572 3993 καὶ
603 3941 663 3991 ἐν
703 3938 781 4008 τῷ
809 3939 1127 4009 κεκραγέναι
1162 3956 1228 4008 με
1258 3938 1389 4010 πρὸς
1422 3939 1576 3991 αὑτὸν
1600 3942 1707 3991 εἰσ-

124 4033 335 4100 ήκουσέ
367 4047 497 4101 μου.
514 4049 534 4081 ο
557 4027 683 4088 Πῶς
708 4024 802 4080 οὖν
826 4027 1169 4095 ἁποφατικῶς
1193 4027 1332 4094 λέγοι
1349 4027 1433 4089 ἂν,
1458 4046 1476 4077 ι
1499 4029 1554 4080 '0
1579 4028 1707 4091 Θεός

128 4137 257 4187 μου,
311 4118 672 4189 κεκράξομαι
723 4116 951 4185 ἡμέρας,
998 4116 1090 4168 καὶ
1116 4116 1214 4167 οὐκ
1259 4115 1561 4186 εἰσακούσῃ,
1603 4135 1620 4163 ι
1658 4117 1705 4168 εἰ

126 4209 206 4279 μὴ
258 4208 416 4262 κατὰ
455 4207 562 4278 τὴν
615 4203 963 4257 ἀποδοθεῖσαν
1001 4205 1125 4272 ἡμῖν
1158 4204 1412 4274 θεωρίαν;
1461 4205 1525 4274 ῆν
1553 4200 1705 4274 οἶμαι

124 4299 223 4349 καὶ
269 4298 448 4352 αὐτὸν
509 4292 880 4355 αἰνίττεσθαι,
930 4291 1178 4357 λέγοντα·
1220 4310 1237 4341 ι
1292 4293 1348 4344 '0
1407 4292 1536 4354 Θεός
1581 4309 1701 4364 μου,

125 4388 484 4459 κεκράξομαι
517 4383 757 4453 ἡμέρας,
792 4382 885 4433 καὶ
915 4381 1011 4432 οὐκ
1042 4381 1346 4453 εἰσακούσῃ,
1373 4383 1464 4435 καὶ
1493 4382 1699 4445 νυκτὸς,
1730 4412 1774 4466 D

126 4476 223 4526 καὶ
251 4478 362 4530 οὐκ
381 4476 467 4536 εἰς
492 4474 684 4526 ἄνοιαν
718 4471 858 4539 ἐμοί.
894 4489 913 4520 ι
941 4472 1014 4522 Ού
1046 4470 1150 4540 γὰρ
1183 4472 1261 4533 είς
1285 4473 1483 4535 ἄνοιαν,
1519 4472 1696 4541 φησιν,

127 4563 253 4632 ἐμοὶ
274 4565 506 4633 λέγεται
529 4562 615 4624 τὸ,
649 4577 668 4609 ι
703 4555 1014 4627 εἰσακούση.
1048 4578 1066 4610 ι
1099 4555 1224 4612 Οἶδα
1243 4560 1349 4630 γὰρ
1380 4562 1535 4625 αὐτὸς
1557 4562 1700 4625 ὅπως

125 4653 283 4706 τοῦτό
328 4670 504 4723 φημι,
561 4651 949 4717 πεπεισμένος,
982 4648 1060 4700 ὃτι
1110 4648 1349 4715 πέφυκας
1399 4652 1492 4721 οὐχ
1527 4653 1605 4704 ὅτι
1637 4669 1700 4719 γε

127 4743 263 4809 ἐμοῦ
300 4745 466 4814 μόνον
492 4737 990 4807 ἀντιλαμϐάνεσθαι
1011 4738 1101 4789 καὶ
1118 4739 1430 4801 εἰσακούειν,
1465 4740 1594 4792 ἀλλὰ
1612 4740 1701 4793 καὶ

129 4831 346 4886 πάντων
364 4833 485 4886 τῶν
519 4829 696 4897 άγίων
731 4843 850 4878 σου.
900 4826 1006 4878 ’Λεί
1048 4825 1153 4896 γὰρ
1182 4828 1272 4878 καὶ
1301 4826 1389 4879 διὰ
1419 4831 1613 4892 παντὸς
1645 4830 1702 4882 ὲν

124 4922 234 4982 τοῖς
266 4923 450 4989 ἁγίοις
486 4934 587 4971 σου
612 4916 920 4975 κατοικεῖς,
949 4914 1038 4965 καὶ
1070 4915 1131 4965 σὺ
1163 4909 1211 4966 εἷ
1231 4917 1257 4966 ὁ
1289 4916 1484 4978 παντὸς
1514 4914 1700 4987 ἀνδρὸς

127 5005 423 5077 θεοφιλοῦς,
477 5003 704 5073 Ἰσραὴλ
741 5002 1281 5072 προσαγορευομένου,
1329 5004 1581 5069 ἔπαινος·
1614 5006 1701 5059 διὰ

124 5094 184 5146 σὲ
211 5096 320 5167 γὰρ
352 5094 526 5149 παντὶ
556 5089 645 5157 τῷ
683 5103 746 5138 σε
783 5086 1089 5155 περιέποντι
1112 5088 1200 5155 οὐχ
1227 5089 1252 5138 ὁ
1274 5086 1459 5155 τυχὼν
1483 5093 1700 5159 προσγί-

125 5199 265 5238 νεται
301 5187 555 5243 ἔπαινος,
609 5178 713 5229 καὶ
747 5177 848 5226 ἐπι
882 5177 963 5226 σοὶ
999 5176 1044 5227 oi
1088 5175 1303 5241 πατέρες
1349 5177 1517 5244 ἡμῶν
1548 5180 1701 5249 ἦλπι-

122 5284 232 5334 σαν,
266 5277 356 5327 καὶ
410 5268 767 5323 ἐλπίσαντες
808 5262 923 5313 τῶν
949 5260 1330 5335 ἐπαναστάντων
1378 5265 1570 5328 αὐτοῖς
1602 5284 1700 5320 κα-

119 5358 219 5414 κῶν
245 5360 639 5435 ἐρρύσθησαν,
680 5350 787 5402 καὶ
838 5350 972 5418 πρὸς
1000 5351 1052 5400 σὲ
1093 5349 1398 5419 ἐκέκραξαν,
1439 5356 1539 5406 καὶ
1571 5355 1703 5408 sed).

106 5441 279 5513 θησαν,
310 5449 415 5504 ἐπὶ
453 5441 549 5497 σοί
575 5455 646 5489 τε
684 5437 953 5503 ῆλπισαν,
983 5437 1064 5488 καί
1090 5436 1144 5485 οὐ
1170 5437 1648 5511 κατῃσχύνθησαν.
1678 5463 1700 5496 ι

158 5620 174 5650 ⁸
202 5620 367 5679 Joan.
404 5634 482 5678 ιι
528 5608 632 5663 ‘8-

1807 3224 1861 3270 et
1900 3230 2006 3268 non
2064 3217 2130 3269 ad
2168 3217 2529 3286 insipientiam
2590 3220 2802 3286 mihip
2852 3236 2949 3290 pro
2995 3237 3102 3291 quo
3141 3238 3335 3281 rursus

1809 3300 2162 3373 Symmachus
2192 3320 2206 3356 :
2237 3319 2257 3354 ι
2286 3303 2425 3358 Deus
2462 3319 2631 3368 meus,
2660 3305 2852 3374 inquit,
2894 3307 3135 3361 clamabo
3166 3309 3334 3363 inter-

1804 3391 1980 3454 diu,ct
2020 3405 2128 3445 non
2179 3393 2453 3455 exaudies,
2499 3398 2552 3446 et
2589 3400 2775 3456 noctu,
2805 3401 2858 3447 et
2890 3409 2998 3447 non
3042 3402 3125 3449 est
3168 3396 3335 3451 silen-

1804 3481 1957 3534 tium.
1993 3499 2012 3533 ι
2049 3480 2188 3550 Ergo
2225 3482 2278 3533 in
2321 3481 2404 3535 his
2430 3480 2639 3534 Patrem
2670 3497 2823 3535 suum
2853 3490 3106 3551 tanquam
3134 3498 3193 3539 se
3220 3500 3332 3540 non

1805 3571 2175 3624 exaudientem
2211 3570 2525 3635 admiratur,
2575 3576 2777 3638 utpote,
2821 3584 2941 3623 cum
2990 3584 3185 3625 novum
3227 3573 3333 3629 hoc

1803 3670 1960 3729 atque
1987 3661 2303 3715 inusitatum
2327 3660 2593 3729 inspiciat.
2629 3658 2720 3713 llle
2745 3665 2920 3712 autem
2945 3658 3069 3712 huic
3101 3658 3330 3715 audieno

1804 3753 1931 3806 tiam
1980 3752 2046 3805 ad
2098 3752 2346 3806 idoneum
2389 3750 2708 3806 exaudiendi
2748 3758 2958 3822 tempus
3014 3752 3327 3808 reservavit.

1804 3838 1915 3894 Hoc
1937 3854 2065 3894 vero
2091 3838 2214 3903 fuit,
2261 3840 2618 3908 susceptionis
2661 3842 2934 3894 matutinae
2966 3840 3330 3896 excitationis-

1803 3944 1906 3998 que
1930 3945 1959 3982 a
1988 3938 2157 3984 morte
2184 3930 2249 3982 ad
2280 3931 2440 3983 vitam
2478 3939 2703 3999 tempus,
2732 3945 2839 4000 quo
2867 3945 2996 3985 sane
3016 3938 3251 3998 tempore
3279 3930 3326 3985 si

1804 4020 2016 4088 quando
2065 4020 2130 4073 ad
2181 4020 2344 4073 alium
2393 4021 2717 4089 quempiam,
2767 4021 2833 4073 ad
2885 4021 3059 4089 ipsum
3115 4033 3330 4089 quoque

1804 4108 1945 4177 iuste
1981 4107 2262 4161 dicendum
2296 4108 2435 4162 fuit:
2472 4122 2493 4156 ι
2521 4106 2577 4160 In
2621 4117 2857 4177 tempore
2897 4116 3113 4176 accepto
3156 4121 3324 4161 exau-

1801 4196 1908 4250 divi
1943 4204 2013 4259 te,
2050 4198 2179 4250 etin
2224 4197 2307 4250 die
2340 4197 2529 4251 salutis
2561 4196 2738 4266 adjuvi
2764 4204 2836 4262 te;
2868 4211 2993 4252 ecce
3019 4210 3161 4250 nunc
3189 4201 3327 4249 tem-

1800 4302 1901 4355 pus
1944 4286 2295 4354 acceptabile,‘
2345 4299 2471 4340 ecce
2526 4301 2670 4340 nunc
2703 4287 2817 4341 dies
2865 4287 3053 4341 salutis
3072 4286 3113 4338 '.
3144 4305 3165 4338 ι
3208 4283 3325 4341 Dici

1802 4390 1927 4430 vero
1958 4383 2181 4445 possunt
2213 4376 2325 4430 haec
2356 4375 2460 4428 alia
2500 4390 2713 4444 quoque
2742 4376 2946 4429 ratione
2988 4390 3018 4428 a
3051 4374 3328 4430 Salvatore

1802 4472 2025 4529 nostro,
2069 4473 2319 4534 tanquam
2367 4465 2434 4518 ab
2463 4480 2562 4528 eo,
2605 4467 2697 4533 qui
2736 4468 3075 4520 consueverit
3115 4481 3328 4535 semper

1803 4556 2012 4624 quidem
2041 4563 2093 4608 et
2116 4557 2171 4608 in
2210 4556 2460 4610 omnibus
2491 4558 2734 4611 exaudiri
2773 4572 2802 4610 a
2833 4555 3010 4620 Patre,
3039 4572 3182 4610 nunc
3228 4570 3327 4612 au.-

1802 4658 1929 4710 tem,
1963 4647 2053 4713 qui
2078 4646 2236 4699 etiam
2268 4645 2422 4699 ﬁdem
2452 4647 2643 4701 habeat
2670 4661 2729 4701 se
2763 4661 2884 4700 esse
2910 4644 3324 4706 exaudiendum.

1803 4750 1908 4788 non
1935 4748 2089 4786 secus
2124 4746 2186 4785 ac
2219 4731 2266 4785 si
2298 4733 2509 4801 planius
2546 4733 2766 4794 diceret,
2810 4730 3049 4797 nunquid
3079 4727 3193 4782 ﬁeri
3228 4741 3326 4795 po-

1803 4830 1925 4884 test,
1942 4836 1974 4875 ο
1988 4820 2162 4883 Pater,
2187 4828 2246 4874 ut
2262 4836 2358 4891 ego
2375 4822 2564 4875 unicus
2582 4835 2644 4874 ac
2665 4820 2890 4874 dilectus
2905 4816 3092 4881 Filius,
3110 4818 3234 4869 dum
3255 4816 3327 4870 ad

1804 4922 1857 4968 te
1876 4911 2087 4964 Patrem
2108 4924 2286 4966 meum
2307 4911 2501 4972 clamo,
2530 4916 2585 4963 et
2605 4907 2885 4969 vociferor,
2906 4922 3014 4959 non
3035 4904 3327 4960 exaudiar?

1801 5000 1957 5072 497
1985 4999 2245 5068 siquidem
2276 4999 2377 5052 hoc
2407 4999 2578 5067 ipsum
2608 4999 2694 5054 ille
2727 4997 2863 5051 idem
2896 4994 3051 5050 docet
3078 4997 3130 5048 in
3150 4994 3327 5048 Evam

1754 5124 1759 5127 -
1802 5091 1938 5159 gelio
1971 5087 2212 5146 Joannis.
2242 5088 2335 5141 ubi
2365 5087 2430 5142 de
2456 5088 2657 5143 Lazaro
2688 5098 2863 5141 sermo
2893 5091 2998 5139 est.
3038 5083 3171 5137 Nam
3201 5100 3329 5140 cum

1803 5179 2061 5234 dixisset:
2099 5197 2117 5228 ι
2156 5176 2347 5231 Tollite
2376 5177 2598 5245 lapidem
2627 5190 2660 5229 a
2687 5182 3050 5238 monumento,
3089 5191 3111 5227 ι
3139 5181 3332 5228 sustu-v

1805 5270 1864 5322 lit
1895 5268 2084 5323 deinde
2118 5268 2302 5322 oculos
2327 5281 2453 5321 suos
2484 5266 2549 5320 ad
2579 5267 2771 5322 cmlum
2801 5270 2853 5318 et
2882 5262 3017 5317 dixit
3044 5280 3058 5318 :
3091 5281 3112 5325 ρ
3145 5262 3328 5329 Pater,

1804 5358 2004 5427 gratias
2033 5372 2132 5428 ago
2165 5358 2280 5423 tibi,
2314 5357 2563 5425 quoniam
2598 5352 2851 5409 audivisti
2876 5366 2983 5411 me.
3011 5351 3122 5421 Ego
3149 5361 3331 5408 autem

1806 5446 2039 5501 sciebam
2070 5446 2212 5516 quod
2239 5460 2447 5515 semper
2469 5462 2554 5502 me
2594 5444 2749 5501 audis
2780 5442 2818 5497 ³.
2857 5458 2876 5493 ι
2909 5438 2967 5494 Si
2998 5440 3163 5509 igitur
3192 5456 3337 5496 sem-

727 5606 750 5635 ⁸
787 5603 837 5658 Π
870 5602 983 5656 Cor.
1018 5617 1094 5668 vi,
1124 5604 1171 5658 2.
1244 5608 1265 5639 ⁸
1296 5606 1482 5666 Joan.
1520 5628 1617 5682 ιι,
1651 5616 1833 5672 39-41.
