3782 6364
521 317 617 370 ΠΙ

1176 271 1442 368 ausae“
1474 305 1948 364 cassamnsrs
1981 307 2065 362 or

2171 304 2356 361 PARS
2387 307 2540 362 ιῐ.--
2573 301 3070 359 APOLOGETICA.
3539 308 3622 360 173

523 448 620 504 per
651 432 798 487 illum
846 429 1015 493 audit,
1065 442 1210 481 nunc
1254 443 1465 497 quoque
1506 441 1616 481 non
1660 426 1934 489 dubitans,
1966 424 2059 478 sed

2171 421 2385 493 Ἐπειδὴ
2409 416 2502 474 οὖν
2525 420 2722 482 πάντες
2753 419 2803 470 οἱ
2830 418 2972 485 ἆγιοι
2992 416 3186 469 τούτων
3205 414 3373 485 ἔτυχον
3394 416 3520 487 παρὰ
3540 419 3627 483 σού,

523 523 683 593 plane
729 527 1057 588 compertum
1103 518 1306 573 habens
1350 533 1408 573 se
1453 532 1573 572 esse
1613 515 1957 578 audiendum,
2005 523 2059 568 et

524 624 776 680 tanquam
806 609 918 663 lieri
946 624 1055 661 non
1084 610 1276 677 possit,
1309 615 1368 661 ut
1397 621 1505 660 non
1536 606 1804 666 audiatur,
1854 618 1921 656 ex
1976 603 2060 656 in—

523 700 880 769 terrogatione
917 699 988 751 ait
1026 717 1040 753 :
1083 717 1101 750 ι
1144 697 1282 751 Deus
1310 712 1482 759 meus,
1533 695 1776 748 clamabo
1804 692 2057 755 interdiu,

524 797 579 844 et
608 804 715 842 non
756 786 1046 841 exaudies?
1093 804 1112 836 ι
1148 786 1306 838 nobis
1347 784 1593 838 videlicet
1628 781 2061 849 interrogationis

525 884 706 929 notam
727 873 1045 928 addentibus
1067 871 1129 926 ad
1158 874 1397 934 verbum,
1435 890 1453 922 ι
1493 871 1770 934 exaudies,
1803 889 1821 922 ι
1852 878 1905 924 et
1932 885 2063 923 con-

524 963 751 1019 trarium
780 964 919 1032 ejus,
954 962 1097 1031 quod
1120 964 1503 1030 interrogatum
1535 960 1625 1025 sit,
1652 961 2061 1030 subintelligen-

523 1055 690 1110 tibus.
735 1053 1006 1123 Siquidem
1059 1054 1161 1106 hoc
1212 1053 1388 1121 ipsum
1437 1052 1597 1120 paulo
1646 1058 1767 1120 post
1815 1065 2062 1105 sermone

527 1159 847 1214 progressus
903 1143 1138 1197 ostendit
1170 1141 1422 1209 deinceps
1470 1141 1525 1192 in
1574 1141 1780 1209 psalmo
1820 1141 2007 1194 dicens
2044 1158 2060 1195 :

533 1254 552 1286 ι
590 1234 709 1289 Non
749 1235 949 1303 sprevit
995 1248 1167 1298 neque
1200 1232 1475 1285 molestam
1514 1232 1698 1285 habuit
1726 1231 2061 1299 deprecatio-

526 1341 651 1380 nem
682 1324 952 1393 pauperis,
980 1336 1152 1391 neque
1184 1321 1375 1374 avertit
1402 1320 1591 1373 faciem
1633 1334 1784 1374 suam
1810 1333 1841 1371 a
1871 1334 1974 1382 me,
2009 1326 2063 1374 et

527 1428 651 1468 cum
680 1415 965 1466 clamarem
994 1413 1057 1465 ad
1090 1426 1233 1474 eum,
1283 1410 1553 1465 exaudivit
1584 1423 1686 1462 me.
1734 1427 1753 1458 ι
1783 1407 2063 1472 Quomodo

527 1501 692 1571 igitur
722 1501 961 1568 negative
990 1499 1117 1551 illud
1140 1497 1383 1551 dicetur?
1416 1493 1587 1549 (Deus
1609 1508 1784 1558 meus,
1815 1493 2064 1546 clamabo

529 1589 784 1650 interdiu,
811 1594 863 1640 et
884 1601 989 1640 non
1018 1585 1294 1645 exaudies,
1350 1600 1369 1633 ι
1407 1582 1511 1635 nisi
1551 1596 1612 1635 ea
1645 1583 1851 1634 ratione
1903 1596 2062 1648 quam

530 1690 631 1732 nos
659 1677 955 1737 attulimus,
990 1689 1150 1743 quam
1184 1687 1313 1727 sane
1354 1671 1615 1724 rationem
1646 1671 1819 1738 ipsum
1848 1685 2064 1738 quoque

2158 510 2519 583 κεκράξαντές
2551 526 2612 562 τε
2644 508 3089 579 εἰσηκούσθησαν,
3128 506 3217 559 καὶ
3244 506 3300 556 οὐ
3333 507 3631 577 κατῃσχύνθη-

2161 620 2279 666 σαν,
2313 602 2463 670 πόσῳ
2491 600 2558 670 δὴ
2595 599 2752 652 πλέον
2785 599 2919 668 ἐμοῦ
2963 596 3055 650 τοῦ
3086 595 3176 648 σοῦ
3206 594 3456 665 ἀγαπητοῦ
3493 596 3630 659 παιδὸς

2161 689 2387 759 βοῶντος
2416 688 2615 758 μᾶλλον
2646 687 2899 739 ἁπάντων
2925 685 3016 736 καὶ
3039 682 3359 752 ἑτοιμότερον
3378 682 3630 754 elocutoria;

2158 780 2222 832 El
2252 780 2308 832 δὲ
2336 779 2430 831 καὶ
2462 773 2961 845 ἅποθαυμαστικῶς
2994 789 3149 841 φημι,
3185 789 3204 821 ι
3242 769 3631 839 Κεκράξομαι.καὶ

2158 870 2256 921 οὐκ
2276 869 2568 938 εἰσακούσῃ
2589 869 2601 921 l
2631 887 2650 916 ι
2676 867 2791 918 ἀλλ’
2813 865 2914 916 ούκ
2931 866 3009 925 εἰς
3039 864 3216 916 ἄνοιαν
3237 864 3265 914 6
3283 861 3422 927 λόγος
3452 876 3525 928 μοι
3545 876 3633 929 προ-

2161 957 2397 1027 φέρεται.
2447 951 2577 1008 υἷδα
2622 953 2755 1023 γοῦν
2802 955 2949 1014 ὅπως
2998 951 3094 1021 τὴν
3125 948 3279 1020 εὐχὴν
3318 946 3561 1019 προφέρω,
3585 949 3631 1017 μὴ

2161 1046 2579 1116 ὲναϐρυνόμενος
2605 1044 2741 1115 μηδὲ
2775 1042 3206 1112 ὲγκαυχώμενος,
3239 1039 3344 1092 ἀλλ’
3372 1038 3439 1100 ὼς
3460 1050 3633 1091 ταπεινο-

2162 1134 2388 1205 φρονῶν.
2436 1135 2589 1187 Ἐπεὶ
2607 1134 2719 1203 γὰρ
2752 1132 2928 1203 πρᾶός
2958 1133 3072 1201 εἰμι
3101 1130 3194 1182 καὶ⁵
3220 1127 3449 1189 ταπεινὸς
3472 1123 3527 1197 τῇ
3552 1143 3633 1196 sap

2163 1225 2269 1294 δία,
2301 1223 2563 1285 ταπεινῶς
2595 1224 2686 1275 καὶ
2709 1227 2777 1293 τῇ
2812 1220 3051 1291 ἐμαυτοῦ
3085 1220 3333 1290 πραότητι
3352 1217 3532 1281 οἰκείως

2162 1312 2394 1382 ἐμαυτοῦ
2425 1311 2652 1364 ταπεινὰ
2676 1311 3010 1380 φθέγγομαι.
3056 1308 3207 1361 Οῦτω
3236 1308 3297 1378 δὴ
3336 1309 3421 1362 καὶ
3450 1308 3629 1377 σκώληκα

2161 1404 2391 1474 ἐμαυτὸν
2421 1401 2670 1473 ὀνομάζω
2693 1419 2706 1433 ο
2742 1401 2798 1453 τί
2842 1400 2954 1471 γὰρ
2982 1402 3046 1453 ἂν
3078 1401 3278 1467 γένοιτο
3319 1398 3555 1469 σκώληκος
3575 1417 3631 1451 τα-

2162 1496 2465 1565 πεινότερον
2489 1510 2503 1559 ;
2531 1493 2651 1546 ὅθεν
2682 1492 2791 1544 οὐδ’
2830 1490 3118 1561 ἄνθρωπον
3149 1488 3369 1558 ἐμαυτὸν
3398 1487 3561 1557 εἴποιμ’
3580 1488 3630 1549 ἂν,

2162 1589 2240 1648 είς
2278 1584 2537 1653 τοσαύτην
2589 1583 2923 1636 ταπείνωσιν
2967 1582 3032 1632 ἐκ
3082 1578 3175 1631 τοῦ
3221 1578 3405 1630 οἰκείου
3450 1577 3631 1645 μεγέθους

2164 1674 2449 1737 κατελθὼν,
2482 1674 2620 1725 ὥστε
2655 1674 2750 1724 καὶ
2804 1669 3087 1740 σκώληκος
3135 1668 3292 1739 μηδὲν
3325 1668 3478 1719 δοκεῖν
3515 1666 3633 1733 διαφέ-

529 1764 763 1820 arbitror
789 1762 1090 1832 signiﬁcare
1124 1762 1250 1815 dum
1281 1761 1413 1815 dicit
1453 1780 1466 1816 :
1503 1779 1522 1811 ι
1579 1761 1717 1815 Deus
1746 1776 1916 1823 meus,
1953 1763 2062 1815 cla-

2167 1782 2296 1837 ρειν,
2321 1764 2408 1816 διὰ
2437 1763 2496 1815 τὸ
2539 1763 2632 1814 καὶ
2667 1761 2832 1831 μέχρι
2873 1760 3105 1812 Θανάτου
3133 1759 3226 1810 καὶ
3268 1758 3361 1826 τῆς
3399 1756 3481 1808 τοῦ
3511 1755 3632 1823 σῶμα·

529 1854 689 1909 mabo
722 1852 970 1913 interdiu,
994 1861 1045 1905 et
1064 1866 1168 1904 non
1197 1849 1473 1910 exaudies.
1504 1857 1555 1903 et
1580 1857 1760 1912 noctu,
1788 1857 1841 1902 et
1870 1864 1977 1903 non
1998 1848 2065 1901 ad

529 1943 893 2012 insipientiam
927 1942 1107 1994 mihi.»
1142 1940 1257 1995 Non
1286 1941 1429 1995 enim
1470 1941 1534 1993 ad
1568 1940 1951 2010 insipientiam,
1985 1941 2067 1992 in-

530 2032 711 2101 quit,a
735 2047 818 2085 me
839 2030 1031 2084 dicitur
1055 2031 1207 2094 illud,
1232 2049 1250 2081 ι
1284 2028 1556 2084 exaudies.
1584 2047 1601 2080 ι
1632 2029 1764 2081 Νονί
1791 2029 1930 2081 enim
1954 2028 2067 2095 ipse

532 2136 633 2191 qua
665 2122 869 2174 ratione
899 2120 998 2174 hoc
1020 2121 1215 2183 dicam,
1244 2121 1440 2188 quippe
1468 2119 1558 2187 qui
1587 2119 1738 2172 ﬁdem
1769 2118 1992 2170 habeam
2015 2125 2067 2170 te

530 2218 724 2265 natura
775 2223 1097 2278 propensum
1146 2224 1266 2263 esse
1318 2210 1382 2262 ad
1435 2206 1857 2276 suscipiendum,
1907 2214 2066 2274 atque

532 2301 855 2357 audiendum
884 2315 993 2354 non
1024 2301 1199 2355 solum
1232 2315 1337 2363 me,
1385 2298 1477 2353 sed
1520 2300 1679 2353 etiam
1720 2313 1906 2351 omnes
1942 2313 2067 2351 san-

532 2402 649 2445 ctos
679 2400 820 2444 tuos.
852 2388 1076 2458 Semper
1116 2390 1258 2443 enim
1311 2395 1363 2442 et
1408 2402 1793 2456 usquequaque
1852 2388 1907 2440 in
1958 2388 2065 2441 tuis

532 2480 735 2536 sanctis
762 2481 993 2543 habitas,
1025 2480 1272 2548 idemque
1301 2480 1415 2547 ipse
1431 2494 1489 2533 es
1514 2479 1938 2547 uniuscujusque
1958 2478 2065 2533 Deo

531 2573 813 2628 familiaris
846 2580 1006 2640 atque
1031 2571 1190 2624 amici
1222 2569 1590 2636 hominis,qui
1618 2567 1781 2621 Israel
1811 2570 2065 2637 appellari

531 2663 892 2726 consueverit,
918 2663 1030 2714 laus
1062 2679 1074 2713 :
1108 2667 1323 2727 propter
1358 2665 1409 2710 te
1438 2658 1581 2710 enim
1610 2658 1674 2710 ad
1709 2672 1918 2710 omnem
1943 2673 2064 2711 eum

534 2754 623 2822 qui
677 2761 729 2806 te
772 2752 1084 2819 complexus
1134 2750 1227 2810 sit,
1280 2764 1386 2801 non
1431 2750 1664 2819 vulgaris
1709 2750 1885 2802 venire
1931 2750 2066 2802 solet

533 2841 671 2896 laus.
712 2861 730 2892 ι
765 2841 829 2893 Et
859 2842 912 2893 in
941 2849 993 2893 te
1015 2847 1194 2908 patres
1220 2840 1387 2892 nostri
1419 2846 1787 2907 speraverunt,
1819 2856 1837 2888 ι
1872 2847 2065 2892 etcum

535 2940 831 2999 sperarent,
866 2930 933 2982 ab
957 2929 1325 2996 ingruentibus
1347 2929 1400 2980 in
1435 2929 1581 2997 ipsos
1608 2929 1760 2981 malis
1794 2945 1812 2977 ι
1855 2926 2066 2981 liberati

536 3031 681 3084 sunt,
708 3030 761 3075 et
787 3021 851 3073 ad
883 3027 934 3073 te
954 3021 1340 3081 clamaverunt,
1377 3028 1430 3072 et
1465 3019 1599 3073 salvi
1646 3018 1769 3071 facti
1809 3024 1955 3079 sunt,
1985 3023 2066 3069 at-

535 3128 640 3181 que
664 3114 717 3166 in
744 3121 794 3166 te
820 3119 1169 3180 speraveruut
1189 3116 1242 3162 et
1267 3108 1476 3162 confusi
1508 3123 1613 3160 non
1640 3117 1786 3161 Sunt.
1824 3126 1841 3157 ι
1877 3105 1931 3160 Si
1964 3107 2067 3175 igi-

533 3208 625 3256 tur
658 3216 846 3256 omnes
891 3200 1063 3255 sancti
1111 3200 1223 3253 haec
1271 3214 1302 3251 a
1335 3209 1385 3252 te
1414 3200 1850 3266 impetraverunt,
1884 3208 1935 3251 et
1958 3199 2072 3249 cla.

536 3304 744 3345 tnantes
772 3293 1008 3345 exauditi
1062 3299 1208 3352 sunt,
1244 3305 1349 3342 non
1399 3299 1574 3342 autem
1603 3289 1834 3350 confusi,
1867 3300 2068 3358 quanto

536 3382 708 3449 magis
758 3396 843 3435 me
891 3389 1042 3433 tuum
1084 3379 1337 3432 dilectum
1383 3379 1547 3431 lilium
1591 3378 1908 3431 clamantem
1963 3393 2071 3446 prae

537 3470 746 3523 cunctis
766 3471 966 3538 absque
1003 3484 1152 3521 mora
1176 3467 1466 3522 exaudies?
1489 3467 1641 3532 Quod
1673 3470 1718 3520 si
1753 3467 2070 3522 admirantis

536 3559 835 3627 cujuspiam
862 3559 1032 3612 instar
1068 3561 1287 3612 enuntio
1321 3559 1469 3620 illud,
1526 3576 1544 3607 ι
1579 3557 1850 3619 Clamabo,
1882 3568 1935 3611 et
1964 3572 2070 3610 non

538 3650 827 3703 exaudiesl
866 3667 885 3699 ι
925 3663 1034 3701 non
1067 3658 1244 3702 tamen
1276 3648 1342 3701 ad
1391 3648 1749 3717 insipientiam
1805 3646 2072 3716 profertur

537 3741 664 3793 talis
694 3753 724 3790 a
762 3755 846 3792 me
874 3740 1066 3792 oratio.
1101 3737 1233 3793 Novi
1288 3740 1429 3792 enim
1468 3740 1579 3808 ipse
1602 3753 1709 3806 quo
1737 3753 1899 3791 sensu
1925 3752 2070 3791 meas

537 3842 726 3898 preces
755 3829 994 3890 enuntio,
1027 3843 1135 3881 non
1181 3830 1565 3897 gloriabundus
1612 3829 1857 3881 videlicet
1898 3844 2069 3896 neque

532 3913 891 3985 iactabundus
923 3932 935 3966 :
967 3930 1089 3966 nam
1138 3932 1259 3968 cum
1302 3919 1402 3972 sim
1448 3924 1756 3968 mansuetus
1783 3922 1940 3983 atque
1969 3916 2069 3967 hu-

536 4005 683 4059 milis
707 4003 886 4068 corde,
924 4003 1112 4056 humili
1153 4006 1279 4058 item
1317 4020 1461 4059 more
1488 4013 1541 4058 et
1579 4020 1708 4057 mea:
1755 4011 2069 4058 mansuetu-

539 4094 652 4148 dini
677 4100 1055 4154 consentaueo,
1092 4092 1314 4146 humilia
1339 4094 1405 4147 de
1432 4093 1637 4162 meipso
1670 4094 1876 4160 loquor.
1906 4090 2069 4160 498

537 4182 771 4238 Proinde
806 4182 967 4235 etiam
1014 4183 1274 4250 meipsum
1307 4196 1537 4247 vermem
1586 4183 1829 4249 appello:
1859 4188 1911 4233 et
1939 4180 2066 4247 quid

538 4288 719 4327 verme
749 4272 962 4327 tandem
1014 4287 1133 4325 esse
1182 4273 1349 4342 possit
1379 4271 1667 4325 humilius?
1696 4271 1775 4324 sic
1803 4284 1870 4322 ne
1896 4269 2069 4321 homi-

2165 1874 2253 1920 τος
2305 1855 2501 1924 φθάσαι
2548 1853 2772 1923 φθορᾶς.
2810 1851 2986 1904 Πόθεν
3031 1849 3140 1918 γὰρ
3188 1847 3394 1901 ἄλλοθεν
3432 1845 3631 1914 γεννηθείη

2168 1946 2377 2017 σκώληξ
2409 1947 2440 2015 ἢ
2475 1946 2581 1998 ἀπὸ
2624 1945 2898 2014 σωμάτων
2933 1941 3175 2010 φθορᾶς;
3209 1941 3285 2001 είς
3331 1940 3391 2007 ἢν
3435 1938 3511 1989 καὶ
3533 1936 3632 1993 αὐτὸς

2165 2033 2452 2095 κατελθὼν,
2476 2033 2699 2095 εἰκότως
2732 2031 2974 2102 ἐμαυτὸν
3002 2028 3254 2097 σκώληκα
3283 2027 3369 2079 καὶ
3396 2026 3481 2077 ούκ
3504 2022 3635 2093 Mf»

2165 2140 2263 2176 πον
2295 2121 2569 2190 γινώσκωο
2614 2121 2696 2173 διὸ
2729 2122 2826 2173 καλ¹
2875 2120 3078 2188 γέγονα
3117 2136 3135 2167 ι
3175 2117 3362 2178 ὄνειδος
3402 2113 3633 2183 ἀνθρώπων

2165 2215 2255 2265 καὶ
2288 2211 2530 2281 ἐξουδένη
2539 2228 2612 2281 μα
2630 2210 2785 2273 λαοῦ,
2818 2230 2836 2260 ι
2874 2211 2978 2262 οὐκ
2998 2208 3064 2260 ἂν
3079 2208 3357 2277 γενόμενος
3378 2203 3481 2257 οὐδὲ
3504 2202 3633 2262 lived»;

2165 2303 2481 2374 ἀνθρώπων,
2527 2303 2646 2354 οὐδὲ
2701 2302 3057 2371 ἐξουδένημα,
3122 2302 3170 2353 εί
3213 2300 3284 2370 μὴ
3325 2298 3468 2368 μέχρι
3494 2294 3633 2360 σκώλη-

2164 2408 2256 2455 κος
2289 2392 2544 2460 ὲφθὰκειν
2597 2391 2752 2460 παρὰ
2792 2392 2885 2443 τὸν
2928 2391 3023 2443 τοῦ
3082 2391 3283 2452 πάθους
3313 2387 3494 2458 καιρόν.
3532 2385 3633 2453 Τηνί-

2164 2481 2338 2535 καῦτα
2367 2481 2495 2550 γοῦν
2519 2481 2855 2550 θεωροῦντες
2891 2498 2955 2550 με
2991 2481 3085 2534 ἐπὶ
3110 2481 3202 2533 τοῦ
3243 2478 3455 2550 σταυροῦ
3477 2478 3635 2545 ἀνηρτη-

2168 2573 2343 2643 μένον,
2397 2571 2858 2642 ὲξεμυκτήρισαν,
2911 2572 3007 2622 καὶ
3056 2569 3315 2638 ἐλάλησαν
3366 2570 3417 2619 ἐν
3460 2564 3635 2637 χείλεσιν.

2163 2663 2413 2732 ἐκίνησαν
2445 2679 2503 2714 τε
2536 2662 2782 2731 κεφαλὴν
2814 2661 3065 2729 λέγοντες
3088 2678 3101 2690 ·
3142 2680 3161 2711 ι
3199 2661 3442 2713 Ἤλπισεν
3467 2657 3540 2709 ἐπὶ
3570 2652 3635 2706 K6-

2167 2769 2298 2822 ριον,
2335 2752 2585 2822 ῥυσάσθω
2618 2752 2809 2813 αὑτὸν,
2847 2752 3077 2804 σωσάτω
3123 2751 3300 2814 αὑτὸν,
3338 2751 3413 2802 ὅτι
3440 2746 3549 2799 θέλει
3578 2743 3637 2795 αὑ-

2164 2842 2272 2894 τόν.
2307 2861 2325 2892 ι
2364 2841 2546 2894 Ταῦτα
2574 2843 2673 2910 μὲν
2701 2838 2796 2894 οὖν
2821 2844 3040 2896 ᾶπαντα
3069 2842 3156 2895 διὰ
3185 2841 3275 2894 τοῦ
3302 2837 3489 2909 ψαλμοῦ
3517 2833 3636 2901 σαφῶς

2166 2934 2290 3004 περὶ
2314 2933 2420 2985 τῶν
2450 2932 2752 3002 μελλόντων
2775 2934 3101 3004 γενήσεσθαι
3126 2934 3345 3003 μακροῖς
3368 2928 3470 2982 ποθ’
3489 2926 3638 2991 ὓπερθν

2165 3026 2372 3095 χρόνοις
2397 3022 2734 3087 ὲθεσπίζετο,
2761 3025 2951 3088 τέλους
2977 3026 3034 3077 δὲ
3064 3026 3366 3093 ἐτύγχανεν,
3387 3019 3535 3077 ὁπότε,
3551 3011 3638 3066 κατὰ

2166 3117 2256 3167 τὸν
2280 3114 2571 3175 ΙνΙατθαῖον,
2608 3134 2626 3164 ι
2664 3115 3088 3187 σταυρωθέντων
3109 3116 3203 3166 σὺν
3230 3112 3368 3181 αὐτῷ
3390 3110 3469 3161 δύο
3480 3103 3636 3176 λῃστῶν,

2170 3206 2282 3266 ἑνὸς
2314 3205 2377 3256 ἐκ
2404 3203 2609 3268 δεξιῶν,
2646 3208 2747 3258 καὶ
2781 3204 2901 3268 ἐνὸς
2934 3205 2993 3271 ἐξ
3025 3203 3309 3273 εὐωνύμων
3339 3201 3423 3253 τοῦ
3448 3197 3635 3264 Σωτῆρος.

2167 3296 2214 3346 οἱ
2267 3295 2773 3365 παραπορευόμενοι
2828 3296 3210 3366 ἐϐλασφήμουν
3261 3292 3408 3346 αὑτὸν
3450 3285 3637 3344 κινοῦντες

2168 3384 2264 3445 τὰς
2294 3382 2529 3450 κεφαλὰς
2561 3383 2769 3443 αὐτῶν,
2800 3387 2896 3438 καὶ
2926 3385 3172 3452 λέγοντες
3193 3403 3233 3435 ἰ
3259 3383 3383 3436 Ούαὶ
3401 3373 3637 3432 όκαταλύων

2168 3476 2258 3527 τὸν
2292 3473 2434 3537 ναὸν,
2478 3475 2573 3526 καὶ
2617 3474 2681 3525 ἐν
2727 3479 2908 3545 τρισὶν
2947 3476 3180 3546 ἡμέραις
3223 3466 3638 3540 οἱκοδομῶν,σώσὺν

2172 3564 2416 3616 σεαυτόν·
2454 3567 2503 3616 εἰ
2548 3563 2686 3626 Υἱὸς
2718 3562 2768 3619 εἷ
2811 3565 2907 3618 τοῦ
2959 3566 3114 3628 Θεοῦ,
3169 3563 3416 3633 κατάϐηθι
3464 3557 3546 3612 ἀπὸ
3580 3549 3637 3604 τώ

2171 3652 2423 3723 σταυροῦ.
2468 3654 2702 3722 Ὁμοίως
2729 3656 2787 3708 δὲ
2835 3659 2929 3709 καὶ
2973 3659 3021 3709 οί
3068 3657 3332 3726 ἀρχιερεῖς
3374 3648 3638 3721 ἐμπαίζοντες

2173 3744 2308 3813 μετὰ
2349 3744 2456 3796 τῶν
2513 3746 2905 3816 πρεσϐυτέρων
2958 3747 3051 3799 καὶ
3103 3743 3447 3816 γραμματέων
3487 3739 3635 3801 ἔλεγον⁵

2172 3833 2390 3895 ’Ἄλλους
2422 3832 2643 3897 ἔσωσεν,
2677 3836 2869 3887 ἑαυτὸν
2908 3836 2968 3887 ού
3005 3836 3220 3889 δύναται
3267 3834 3437 3885 σῶσαι.
3468 3830 3517 3881 Εἰ
3541 3825 3637 3893 βασι·

2167 3924 2289 3987 λεὺς
2319 3924 2411 3976 τοῦ
2457 3923 2673 3996 Ἰσραήλ
2699 3929 2837 3989 ἐστι,
2871 3926 3162 3979 καταϐάτω
3196 3924 3285 3979 νῦν
3316 3922 3412 3975 ἀπὸ
3434 3918 3511 3974 τοῦ
3532 3929 3638 3968 σταυ-

2171 4014 2284 4083 ροῦ,
2320 4016 2412 4067 καὶ
2457 4016 2822 4087 πιστεύσομεν
2876 4017 3046 4087 αὐτῷ.
3087 4018 3148 4069 Ei
3199 4012 3432 4067 πέποιθεν
3473 4006 3545 4059 ἐπὶ
3581 4002 3638 4053 τὸν

2167 4102 2316 4165 Θεὸν,
2353 4103 2604 4173 ῥυσάσθω
2637 4106 2733 4159 νῦν
2768 4107 2952 4171 αὐτὸν,
2985 4109 3033 4159 εί
3065 4105 3202 4158 θέλει
3231 4102 3396 4156 αὐτόν.
3426 4095 3535 4151 Εἷπε
3552 4092 3637 4162 γὶρι

2165 4188 2265 4251 ὅτι,
2301 4190 2425 4251 Υἱὸς
2449 4190 2582 4243 Θεοῦ
2618 4195 2757 4263 εἰμι.
2773 4213 2792 4243 ι
2813 4193 2972 4246 Κατὰ
2994 4194 3051 4246 δὲ
3075 4193 3163 4245 τὸν
3178 4192 3393 4245 Λουκᾶν·
3423 4206 3438 4237 ι
3457 4181 3637 4249 Εἱστήκει

2167 4285 2194 4335 6
2223 4284 2346 4347 λαὸς
2380 4284 2617 4355 θεωρῶν,
2654 4288 2751 4340 καὶ
2787 4286 3206 4358 ἐξεμυκτήριζον
3251 4283 3399 4337 αὐτὸν
3435 4280 3477 4331 οἱ
3503 4276 3635 4344 ἄρχοψ

539 4379 664 4419 nem
690 4364 903 4432 quidem
933 4363 1195 4432 meipsum
1224 4363 1472 4425 dixerim,
1502 4377 1625 4415 cum
1649 4362 1831 4428 utique
1859 4359 1923 4412 ad
1948 4366 2065 4410 tan-

2166 4390 2255 4436 τες
2301 4376 2395 4427 σὺν
2438 4376 2624 4438 αὐτοῖς
2668 4375 2919 4446 λέγοντες
2940 4394 2955 4408 ·
2995 4377 3212 4438 Ἀλλους
3263 4375 3433 4431 ἔσωσε,
3479 4362 3638 4417 σωσάτω

539 4462 651 4509 tam
681 4455 1033 4508 humilitatem
1068 4453 1252 4506 relicta
1300 4467 1416 4505 mea
1446 4449 1813 4521 magnitudine
1839 4449 2067 4502 descen-

539 4545 733 4608 derim,
771 4551 828 4598 ut
874 4545 1038 4600 etiam
1074 4556 1252 4598 verme
1296 4542 1465 4595 nihilo
1507 4539 1844 4609 praestantior
1901 4538 2069 4592 videri

540 4635 764 4707 possim,
791 4644 1071 4706 propterea
1102 4632 1246 4702 quod
1275 4647 1446 4701 usque
1484 4632 1549 4685 ad
1575 4642 1799 4686 mortem
1824 4641 1877 4687 et
1899 4645 2069 4701 usque

541 4728 609 4783 ad
656 4729 930 4784 interitum
977 4728 1218 4797 corporis
1263 4728 1616 4794 pervenerim.
1677 4727 1907 4796 (Etenim
1964 4741 2069 4797 qua

442 4808 448 4814 ’
540 4817 754 4873 tandem
801 4820 904 4873 alia
956 4817 1165 4873 ratione
1209 4814 1383 4870 factus
1432 4815 1502 4871 sit
1545 4818 1766 4882 vermis,
1800 4818 1902 4873 nisi
1942 4817 2066 4887 quia

540 4920 765 4975 corpora
791 4910 964 4964 solent
982 4906 1312 4977 corrumpi?)
1334 4907 1414 4961 Ad
1441 4922 1600 4977 quem
1644 4924 1772 4963 sane
1794 4909 2066 4962 interitum

543 5009 665 5047 cum
707 4996 818 5064 ipse
862 5014 1074 5067 quoque
1117 4996 1508 5061 descenderim,
1567 4998 1759 5053 merito
1804 4997 2067 5066 meipsum

543 5094 776 5135 vermem
807 5094 858 5138 et
891 5103 997 5140 non
1042 5090 1311 5143 hominem
1353 5101 1588 5157 agnosco
1619 5105 1632 5141 :
1678 5104 1742 5143 ex
1771 5102 1877 5157 quo
1907 5089 2067 5141 etiam

552 5185 570 5215 ι
617 5167 789 5224 factus
817 5189 933 5228 sum
965 5179 1311 5246 opprobrium
1343 5179 1616 5233 hominum
1649 5186 1702 5234 et
1736 5178 1960 5247 abjectio
1980 5191 2069 5246 po-

546 5255 681 5323 puli.
710 5274 729 5306 »
759 5262 848 5326 qui
867 5265 1080 5330 quidem
1108 5283 1381 5336 nunquam
1404 5269 1456 5323 id
1479 5285 1650 5340 genus
1675 5269 1848 5323 factus
1871 5281 2065 5328 essem,

547 5342 653 5440 nisi
672 5357 847 5442 usque
875 5351 941 5402 ad
971 5355 1164 5408 vermis
1205 5358 1561 5442 conditionem
1595 5361 1696 5416 sub
1729 5361 1902 5430 ipsum
1946 5373 2068 5427 Pas'

549 5434 719 5532 sionis
742 5438 951 5532 tempus
973 5454 1288 5510 progressus
1308 5434 1510 5507 ‘essem.
1536 5449 1691 5507 Tunc
1713 5451 1872 5523 igitur
1893 5448 2069 5500 viden-

549 5530 631 5571 tes
654 5531 736 5572 me
765 5530 821 5573 in
856 5536 1014 5578 cruce
1042 5544 1379 5600 suspensum,
1421 5556 1439 5588 ι
1495 5542 1978 5599 subsannaverunt,
2011 5543 2065 5590 et

551 5606 863 5662 locutisunt
890 5610 1065 5678 labiis.
1116 5627 1169 5671 et
1213 5637 1489 5682 moverunt
1538 5639 1716 5696 caput,
1759 5629 1997 5685 dicentes
2046 5639 2058 5674 :

2171 4464 2379 4525 ἑαυτὸν,
2414 4466 2461 4517 εἰ
2506 4460 2663 4531 οὗτός
2695 4470 2844 4521 ἐστιν
2875 4471 2904 4522 ό
2934 4467 3161 4538 Χριστὸς
3188 4468 3216 4519 ό
3246 4465 3361 4525 Υἱὸς
3386 4457 3466 4511 τοῦ
3500 4447 3637 4506 Θεοῦό

2171 4555 2441 4618 ἐκλεκτός.
2473 4574 2492 4607 ι
2524 4558 2685 4612 Κατὰ
2720 4560 2778 4612 δὲ
2802 4562 2893 4613 τὸν
2914 4561 3165 4631 Μάρκονο
3198 4576 3216 4607 ι
3244 4556 3345 4609 Καὶ
3371 4554 3414 4603 οἱ
3448 4545 3638 4616 παράγον-

2170 4661 2259 4708 τες
2290 4645 2674 4718 ὲδλασφήμουν
2706 4653 2892 4713 αὐτὸν,
2927 4651 3194 4713 κινοῦντες
3236 4647 3327 4709 τὰς
3357 4638 3554 4710 κεφαλὰς
3576 4631 3638 4684 ηδ’

2170 4734 2297 4797 τῶν,
2323 4736 2416 4788 καὶ
2436 4736 2689 4804 λέγοντες
2706 4757 2720 4771 ⁸
2751 4742 2888 4795 οὐαὶ
2910 4744 2939 4795 6
2968 4740 3240 4794 καταλύων
3261 4736 3345 4789 τὸν
3372 4732 3498 4791 ναὸν,
3515 4725 3583 4779 καὶ
3601 4723 3637 4771 ἐν

2172 4826 2345 4894 τρισὶν
2375 4827 2614 4898 ἡμέραις
2667 4832 2967 4903 οἰκοδομῶν
3022 4831 3206 4885 αὐτόν·
3263 4825 3417 4880 σῶσον
3458 4811 3636 4903 παντὸνῖ

2170 4912 2264 4964 καὶ
2296 4894 2561 4985 καταδήθι
2605 4919 2717 4971 ἀπὸ
2764 4894 2862 4972 τοῦ
2918 4918 3166 4991 σταυροῦ.
3206 4934 3225 4966 ι
3264 4911 3465 4983 Ὁμοίως
3491 4904 3562 4958 καὶ
3603 4894 3636 4946 oi

2170 5001 2441 5073 ἀρχιερεῖς
2470 5006 2833 5075 ἐμπαίζοντες
2871 5013 2951 5074 είς
2973 5008 3225 5080 ἀλλήλους
3250 5000 3374 5075 μετὰ
3397 4997 3489 5051 τῶν
3518 5001 3637 5060 γραμ·

2173 5091 2381 5158 ματέων
2414 5091 2596 5162 ελεγον
2615 5113 2629 5126 ·
2652 5115 2672 5147 ι
2701 5098 2929 5161 ⁸Ἀλλους
2959 5098 3175 5160 ἔσωσεν,
3200 5092 3373 5147 ἑαυτὸν
3399 5087 3452 5139 ού
3477 5081 3636 5134 δύναταί

2173 5177 2364 5232 σῶσαι·
2398 5183 2428 5233 6
2458 5184 2695 5253 Χριστὸς
2725 5189 2755 5239 6
2781 5187 3029 5256 βασιλεὺς
3066 5185 3157 5238 τοῦ
3201 5177 3390 5251 Ἰσραὴλ
3417 5164 3637 5227 mam

2172 5265 2265 5320 νῦν
2308 5270 2414 5323 ἀπὸ
2442 5272 2538 5326 τοῦ
2590 5255 2826 5347 σταυροῦ
2846 5317 2862 5342 ,
2907 5277 2993 5330 ἵνα
3045 5277 3231 5344 ἴδωμεν
3277 5270 3360 5323 καὶ
3406 5255 3635 5347 πιστεύῃ)-

2176 5374 2274 5427 μεν
2323 5361 2491 5432 αὐτῷ.
2536 5383 2556 5416 ι
2595 5340 2780 5420 Ταῦτα
2846 5340 2949 5439 γὰρ
2987 5368 3040 5419 τι
3092 5340 3156 5419 αθ
3211 5358 3428 5428 διαφέροι
3471 5346 3558 5439 ῗθῗ
3595 5340 3635 5439 ii

2170 5423 2247 5516 τῷ
2546 5423 3154 5527 πῳαναπεςέωνημένων
3199 5456 3251 5504 ἒν
3296 5423 3382 5515 ἐφ’
3406 5458 3424 5493 ⁸

2167 5534 2280 5603 εἰμι
2339 5518 2601 5609 σκώληξ,-
2629 5544 2724 5597 καὶ
2786 5518 2885 5597 οῦκ
2931 5518 3219 5613 ἄνθρωπος,
3264 5532 3436 5619 avem
3476 5518 3633 5619 av.”

2168 5639 2282 5678 πων
2342 5631 2437 5683 καὶ
2492 5602 2821 5706 έέουδένημα
2875 5602 3241 5689 lucillisz
3288 5626 3330 5678 οι
3378 5602 3629 5684 θεωρνδντέί
