3782 6386
1095 360 1398 421 DEMONS’I
1411 353 1732 413 RATIONIS
1758 351 2199 417 EVANGELICE
2237 353 2361 410 LIB.
2405 353 2468 410 Χ.

281 458 704 557 ῗξωκτλὶ-Ρισάν
743 499 854 551 με,
884 488 1145 557 ἐλάλησαν
1169 492 1224 540 ἐν
1243 488 1492 557 γείλεσιν,
1512 477 1761 550 ἐκίνησαν

1866 496 1881 529 t
1925 473 2163 545 Speravit
2211 472 2267 527 in
2316 470 2561 532 Domino,
2586 465 2774 535 eripiat
2804 481 2947 531 eum,
2976 462 3183 521 salvum
3209 461 3369 516 faciat

19 426 113 495 ιῖίν
150 448 280 508 ,Α

45 536 394 647 ιγὼς·
434 536 760 647 fma:th
807 536 1438 647 ιὲτί”ιῖι’ξιὶᾷζὲ,’ῥιῖσ’άσθω
1470 536 1660 632 iactv}
1682 569 1762 622 ὅτι

57 632 537 753 vigui:ng
564 665 589 700 ι
623 653 760 753 ὶξαξ
803 664 886 731 μὴ
933 632 1210 753 θαυὶιάσίῃξ
1253 663 1301 712 εί
1340 658 1507 753 ταῦτα
1539 655 1678 753 κατά
1703 656 1765 708 τὸ

122 734 326 832 Vm
830 752 997 820 ἡμῶν
1024 734 1204 821 εἴρητο
1228 766 1287 801 τε
1312 748 1403 801 καὶ
1430 744 1761 815 πεπλήρωτο,

145 823 331 911 {id/ﬂ
351 823 530 881 the“
549 830 650 886 δεῦ
659 852 727 903 ρο
745 842 907 912 παρά
934 844 1090 895 πᾶσιν
1118 838 1407 908 ἀνθρώποις
1425 839 1531 896 τοῖς
1552 836 1765 905 μηδέπω

181 940 263 1003 νέην
305 916 385 980 εἰς
424 916 595 973 αὺτὸν
631 924 831 979 πίστιν
879 929 1211 996 ἀνειληφόσιν
1251 926 1444 985 ὄνειδος
1475 924 1765 994 ἀνθρώπιον

194 1026 531 1095 νενόμισται.
570 1025 642 1077 Τί
678 1028 794 1099 γὰρ
838 1029 901 1083 ἂν
944 1030 1145 1098 αἴσχιον
1188 1028 1279 1079 καὶ
1318 1025 1508 1085 παντὸς
1541 1023 1764 1085 ὀνείδους

205 1124 390 1191 χεῖρον
414 1114 509 1169 τοῦ
542 1118 959 1188 σταυρωθῆναις
998 1116 1151 1168 Ἀλλά
1186 1116 1275 1167 καὶ
1303 1113 1620 1182 ἐξουδένημα
1638 1110 1762 1163 λαοῦ

201 1213 351 1271 ἐστι,
392 1207 486 1259 τοῦ
528 1208 593 1259 ἐκ
641 1208 974 1277 περιτομῆς,
1026 1205 1220 1266 παντὸς
1255 1203 1426 1255 αὐτῶν
1457 1202 1547 1253 τοῦ
1586 1200 1764 1261 ἔθνους

201 1299 380 1353 εἰσέτι
403 1297 504 1349 νῦν
543 1298 640 1349 καὶ
673 1299 908 1368 σήμερον
937 1295 1203 1366 χλευάζειν
1234 1294 1324 1345 καὶ
1357 1291 1639 1356 ὲξουθενείν
1675 1289 1764 1340 καὶ

188 1388 556 1443 καταπτύειν
572 1387 820 1449 εἰωθότος
839 1386 1020 1438 αὑτοῦ.
1051 1384 1203 1437 Ὅθεν
1220 1385 1310 1435 καὶ
1328 1382 1543 1442 εἰκότως
1563 1381 1590 1431 ὁ
1620 1379 1764 1431 Ἀπό-

189 1482 415 1543 στολος·
443 1500 463 1531 ι
485 1481 681 1549 Ἡμεῖς
694 1479 752 1532 δέ
767 1478 1101 1549 κηρύσσομεν
1116 1474 1335 1545 Χριστὸν
1350 1471 1761 1542 ἐσταυρωμένον,

194 1571 500 1632 Ἰουδαίοις
537 1568 642 1638 μὲν
671 1567 977 1632 σκάνδαλον,
1005 1564 1174 1617 ἔθνεσι
1190 1565 1245 1616 δὲ
1277 1563 1497 1633 μωρίαν.
1531 1580 1549 1611 ι
1576 1560 1679 1612 Καὶ
1696 1559 1762 1611 τὰ

176 1663 326 1732 ἑξῆς
362 1661 428 1713 δὲ
455 1660 727 1731 εἰρημένα
756 1660 812 1710 ἐν
841 1655 918 1725 τῷ
942 1653 1132 1723 ψαλμῷ
1160 1651 1316 1703 εἰσέτι
1352 1651 1440 1702 καὶ
1468 1650 1557 1701 νῦν
1593 1648 1764 1718 εὕροις

168 1750 247 1804 ἂν
272 1749 456 1820 παρά
478 1752 598 1809 τοῖς
618 1747 828 1807 πολλοῖς
851 1744 974 1814 περὶ
1002 1743 1091 1794 τοῦ
1118 1740 1272 1793 αὐτοῦ
1296 1739 1570 1807 λεγόμενα.
1590 1736 1765 1789 Ταῦτα

173 1840 287 1909 μὲν
332 1835 440 1891 οὖν
474 1837 612 1907 περὶ
642 1835 741 1903 τῆς
763 1832 1111 1899 διαλαϐούσης
1142 1828 1295 1881 αὑτὸν
1326 1827 1486 1879 εἰσέτι
1520 1826 1633 1877 τότε
1664 1842 1760 1877 πε-

170 1928 522 2000 ριστάσεως
553 1924 771 1994 ηὔχετοο
793 1922 941 1985 εἰδὼς
961 1923 1015 1975 δὲ
1049 1920 1120 1990 μὴ
1138 1918 1347 1988 χείρονα
1366 1912 1522 1967 οὖσαν
1546 1914 1643 1982 τῆς
1670 1913 1760 1965 τοῦ

167 2020 440 2075 θανάτου
489 2016 778 2087 συμφοράς
811 2013 907 2082 τὴν
940 2009 1154 2081 πρώτην
1187 2006 1344 2060 αὑτοῦ
1376 2006 1452 2066 είς
1483 2003 1653 2074 σάρκα
1684 2003 1766 2054 έν-

162 2112 367 2174 δεσιν,
397 2111 504 2163 καὶ
524 2108 629 2178 τὴν
655 2109 720 2158 ἐκ
747 2103 959 2173 θηλείας
982 2101 1073 2153 καὶ⁸
1104 2097 1360 2167 παρθένου
1383 2095 1604 2163 γένεσιν,
1628 2092 1763 2145 κατὰ

165 2201 399 2271 καιρὸν
433 2202 497 2251 ἐν
530 2199 649 2258 τοῖς
673 2195 799 2264 περὶ
825 2190 1048 2245 Θανάτου
1075 2188 1179 2241 τῶν
1207 2188 1302 2256 τῆς
1326 2186 1582 2252 γενέσεως
1606 2181 1762 2235 αὑτοῦ

171 2268 552 2360 μνημονεύει
583 2285 759 2351 λόγων
791 2282 922 2351 πρὸς
955 2279 1044 2331 τὸν
1081 2276 1321 2345 Πατέρα·
1364 2292 1381 2324 ι
1423 2276 1539 2325 Ὅτι
1573 2274 1634 2324 σὺ
1664 2268 1710 2322 εί
1737 2272 1765 2322 ὁ

168 2382 502 2441 ἐκσπάσας
552 2393 622 2447 με
664 2377 729 2427 ἐκ
758 2371 1007 2440 γαστρὸς,
1039 2372 1071 2438 ή
1106 2367 1255 2427 ἐλπίς
1290 2381 1387 2434 μου
1424 2362 1526 2414 ἀπὸ
1554 2362 1764 2430 μαστῶν

164 2471 291 2539 τῆς
343 2467 566 2539 μητρός
608 2479 730 2533 μου.
784 2459 904 2512 Ἐπὶ
933 2458 990 2510 σὲ
1022 2455 1311 2525 ὲπερρίφην
1356 2454 1417 2502 ὲκ
1456 2452 1678 2520 μήτρας,
1705 2449 1766 2498 ἐκ

171 2572 415 2634 κοιλίας
451 2567 664 2640 μητρός
692 2580 791 2634 μου
823 2561 951 2622 Θεός
982 2575 1079 2629 μου
1113 2554 1160 2608 εἷ
1191 2554 1273 2607 σύ.
1310 2573 1328 2603 ι
1363 2551 1571 2605 Τούτων
1610 2550 1664 2602 δὲ
1696 2552 1768 2602 εί-

173 2664 382 2724 κότως
403 2638 684 2725 ἀναφέρει
715 2653 809 2723 τὴν
842 2652 1054 2720 μνήμην
1082 2649 1157 2709 εἰς
1181 2642 1522 2712 παραμυθίαν
1546 2640 1642 2707 τῆς
1664 2638 1766 2689 τῶν

180 2752 503 2820 παρόντων
533 2741 870 2809 ἀπαλλαγῆς.
898 2739 1099 2805 Ὥσπερ
1121 2735 1245 2804 γὰρ,
1267 2732 1413 2801 φησι,
1430 2729 1766 2820 γέγονάςμμου

180 2813 431 2910 βοηθὸς,
470 2837 637 2903 σῶμα
682 2829 1012 2899 ἀνθρώπειον
1051 2823 1416 2885 ἀναλαϐόντος,
1463 2820 1548 2871 ὅτε
1589 2816 1681 2869 καὶ
1712 2813 1770 2877 ἐξ

181 2905 381 2998 αὐτῆς
409 2927 515 2995 τῆς
542 2918 912 2988 κυοφορούσης
944 2931 1008 2983 με
1041 2912 1268 2982 γαστρὸς
1295 2911 1356 2961 σὺ
1389 2908 1542 2969 αὐτὸς
1579 2908 1606 2957 ὁ
1643 2905 1770 2967 Θεός

182 3036 305 3087 μου
334 2995 444 3069 καὶ
463 3013 661 3081 Πατήρ
693 3025 811 3078 μου,
834 3005 1015 3073 ὥσπερ
1048 3000 1199 3071 μαιού
1208 3015 1361 3068 μενος
1382 2997 1477 3065 τὴν
1499 2995 1617 3064 ἐμοί¹
1646 3008 1771 3045 κατ-

188 3085 635 3174 εσκευασμένην
655 3099 717 3161 ἐξ
740 3096 898 3163 ἁγίου
909 3092 1212 3160 Πνεύματος
1231 3089 1424 3158 σάρκα,
1451 3085 1764 3149 ἐξέσπασας,
1792 3086 1834 3143 C

186 3200 302 3269 τὴν
318 3172 535 3250 ἑαυτοῦ
569 3190 797 3257 δύναμιν
825 3183 1032 3254 ὀρέξας,
1061 3182 1133 3243 ὡς
1161 3179 1225 3232 ἂν
1258 3179 1327 3248 μή
1361 3193 1443 3238 τις
1468 3174 1649 3244 ἐνέδρα
1678 3172 1767 3225 καὶ

192 3263 482 3354 ἐπιϐουλὴ
495 3280 560 3346 ἐξ
575 3277 958 3345 ἀντικειμένων
973 3272 1241 3340 δυνάμεων
1253 3268 1342 3320 καὶ
1361 3263 1601 3334 πονηρῶν
1614 3279 1768 3315 πνευ-

198 3378 404 3444 μάτων
435 3352 905 3439 διαφθονουμένων
925 3365 990 3431 τῇ
1013 3364 1087 3422 είς
1110 3357 1416 3428 ἀνθρώπους
1439 3352 1650 3444 παρόδῳ
1671 3367 1766 3420 μου

193 3440 447 3536 γένοιτω
481 3460 613 3514 ἐπεὶ
642 3458 737 3510 καὶ
759 3454 898 3508 κατά
924 3453 1017 3522 τὴν
1049 3448 1261 3520 πρώτην
1289 3442 1539 3511 σύλληψιν
1571 3442 1634 3493 σὺ
1667 3440 1768 3491 πά-

194 3530 289 3609 λιν
318 3556 384 3608 τὸ
410 3551 561 3606 κατά
579 3546 816 3617 γαστρὸς
834 3541 1177 3600 ἐπεσκίασας,
1198 3538 1270 3597 ὡς
1290 3535 1354 3588 ἂν
1373 3533 1516 3585 λάθω
1540 3532 1662 3591 τοὺς
1685 3530 1772 3599 ἀρ-

196 3663 411 3717 χοντας
451 3642 554 3696 τοῦ
583 3638 780 3697 αἰῶνος
813 3633 995 3686 τούτου
1023 3634 1056 3698 ή
1086 3628 1143 3691 ἐξ
1170 3626 1320 3692 ἁγίου
1348 3623 1651 3691 Ιῐνεύματος
1674 3620 1771 3688 τῆς

194 3709 378 3804 avia;
415 3730 709 3802 Παρθένου
754 3722 1022 3791 σύλληψις.
1063 3720 1230 3786 Ὅπερ
1269 3711 1717 3804 μέγαῗμυστήριον
1743 3709 1771 3759 ὁ

205 3797 307 3889 σος
349 3797 701 3894 ἀρχάγγελος
744 3813 964 3881 ἐξέφηνε
1004 3804 1255 3876 Γαϐριὴλ,
1282 3806 1346 3872 τῇ
1375 3800 1557 3870 Μαρία
1587 3797 1766 3849 εἰπών·

179 3903 231 3977 ἰ
270 3926 511 3995 Πνεῦμα
557 3921 715 3985 ἅγιον
764 3911 1103 3966 ἐπελεύσεται
1155 3906 1245 3957 ἐπὶ
1292 3904 1368 3964 σὲ,
1415 3900 1505 3953 καὶ
1557 3898 1773 3966 δύναμις

219 3984 489 4087 Ὑψίστου
526 4005 839 4064 ἐπισκιάσει
870 4018 967 4053 σοι.
1006 4017 1024 4049 ι
1073 3992 1360 4064 Ὠσπεροῦν
1381 3994 1413 4060 ἡ
1449 3990 1513 4059 σὴ
1541 3987 1655 4039 τότε
1679 3984 1772 4037 τοῦ

218 4075 491 4173 ’Υιξξστου
535 4099 767 4165 δύναμις
811 4085 1295 4159 συλλαμϐανόμενον
1342 4080 1436 4149 μὲν
1471 4075 1772 4137 ἐπεσκίασε,

206 4164 545 4264 τικτόμενον
577 4187 639 4239 δὲ
671 4164 964 4249 ἐξέσπασεν
1012 4173 1117 4227 ἀπὸ
1157 4170 1383 4239 γαστρὸς
1427 4164 1772 4264 μητρόςβμρυ,

204 4286 363 4338 οὕτω
398 4280 572 4349 πολλή
613 4292 703 4346 μοι
724 4271 974 4340 τυγχάνει
1002 4263 1331 4335 παραμυθία,
1355 4261 1433 4312 ὅτι
1454 4258 1544 4310 καί
1567 4254 1658 4307 τοῦ
1686 4254 1777 4306 θα-

206 4376 384 4427 νάτου
436 4389 508 4443 με
561 4343 703 4419 πολὺ
755 4360 947 4433 μᾶλλον
990 4354 1329 4414 ἀνασπάσεις.
1377 4348 1484 4400 Καὶ
1521 4343 1673 4398 τοῦτό
1714 4358 1776 4410 γε

209 4433 479 4525 ἐλπίζων,
512 4458 614 4510 ἐπὶ
641 4455 701 4506 σέ
721 4449 947 4505 πέποιθα
968 4446 1055 4499 τὸν
1074 4440 1303 4512 ἐμαυτοῦ
1324 4439 1450 4491 Θεὸν
1471 4437 1562 4489 καὶ
1580 4433 1776 4503 Κύριον
1806 4448 1849 4501 ι)

210 4553 322 4607 καὶ
350 4552 597 4620 Πατέρα·
642 4543 735 4597 καὶ
778 4538 1007 4593 πέποιθα
1046 4536 1106 4587 οὐ
1138 4532 1230 4585 νῦν
1258 4530 1464 4601 πρῶτον
1488 4525 1781 4620 ἀρξάμενος

206 4640 325 4709 τῆς
353 4641 428 4702 είς
458 4612 523 4689 σέ
547 4629 790 4690 ἐλπίδος,
820 4624 951 4678 ἀλλά
972 4623 1063 4676 καὶ
1087 4622 1194 4682 ὅτε,
1221 4619 1324 4671 ἀπὸ
1347 4613 1557 4687 μαστῶν
1585 4612 1781 4709 μητρός

217 4701 333 4798 μου
362 4728 457 4797 τὴν
491 4718 745 4792 νηπιώδη
780 4715 979 4788 τροφὴν
1018 4708 1421 4777 ἀναλαμϐάνων,
1467 4701 1780 4771 ἐνομιζὸμην

213 4827 425 4890 ὁμοίως
454 4827 577 4886 τοῖς
601 4820 712 4872 τῶν
732 4815 1023 4887 ἀνθρώπων
1051 4811 1294 4881 βρέφεσιν
1324 4805 1512 4875 ἀτελὴς
1536 4800 1669 4856 εἶναι
1691 4801 1782 4854 καὶ

216 4917 439 4983 ἄλοχος·
474 4913 555 4984 μὴ
585 4909 664 4962 ὢν
693 4906 798 4977 γὰρ
824 4904 1075 4964 τοιοῦτος,
1104 4902 1150 4952 εί
1187 4899 1277 4951 καὶ
1304 4897 1460 4965 σῶμά
1492 4910 1579 4963 μοι
1604 4894 1782 4962 ὅμοιον

196 4982 551 5075 ἀνθρώποις
579 4996 671 5070 ἦν,
695 4998 788 5050 καὶ
813 4995 907 5065 τὴν
934 4993 1176 5060 δύναμιν,
1204 4987 1318 5040 οὐδέ
1345 4986 1440 5055 τὴν
1467 4982 1648 5075 οὐσίαν
1669 4984 1778 5042 τοῖς

220 5064 443 5157 πολλοῖς
473 5064 553 5145 ὢν
586 5064 849 5157 μφερὴς,
870 5064 1057 5142 ἄνετος
1079 5079 1133 5131 δὲ
1158 5077 1248 5129 καὶ
1273 5075 1545 5132 ἀπόλυτος,
1572 5064 1658 5121 οἷά
1685 5083 1776 5119 σου

219 5185 331 5239 τοῦ
352 5184 481 5237 Θεοῦ
510 5178 706 5249 ἀμνὸς,
753 5158 861 5227 καί
892 5171 950 5236 ἐξ
991 5169 1193 5237 ἐκείνης
1224 5167 1318 5235 τῆς
1343 5162 1552 5234 ἡλικίας
1590 5159 1780 5218 γαλου-

222 5288 519 5358 κούμενος,
550 5282 696 5347 λέγω
718 5277 783 5344 δὴ
811 5274 916 5329 ἀπὸ
948 5271 1159 5342 μαστῶν
1188 5268 1282 5335 τῆς
1311 5263 1511 5358 μητρός
1534 5260 1784 5358 pom-Rud

223 5350 394 5434 ξῦτειο
418 5375 582 5430 τοῦτο
618 5370 756 5441 μέγα
786 5382 867 5426 τις
891 5364 1164 5431 ἡγήσεται,
1206 5358 1250 5407 εἰ
1274 5354 1447 5425 μάθοι,
1481 5351 1559 5402 ὅτι
1589 5350 1681 5401 καὶ
1708 5350 1784 5402 ἔτι

227 5469 507 5539 πρότερον
541 5462 639 5515 ἐπὶ
675 5460 734 5512 σὲ
760 5454 1053 5523 ἐπερρίφην
1090 5451 1150 5539 ἐκ
1182 5448 1401 5539 μήτρας,
1431 5442 1525 5539 καὶ
1684 5457 1785 5539 γα-

232 5527 647 5630 στρὸς-μητρός
682 5563 782 5617 μου
812 5541 940 5601 Θεός
972 5556 1065 5607 μου
1096 5532 1143 5588 εἶ
1170 5534 1250 5587 σύ.
1282 5535 1395 5585 Ἔτι
1422 5529 1531 5597 γὰρ
1555 5527 1698 5580 ἔνδον
1729 5531 1786 5580 ἐν

3273 344 3368 403 'm

1860 582 1980 621 eum
2008 563 2255 632 quoniam
2280 562 2392 615 vult
2417 572 2559 613 eum.
2591 575 2609 607 ι
2644 553 2764 610 Haec
2804 556 2962 625 igitur
3001 554 3158 623 plane
3188 550 3369 606 omnia

1861 656 1914 708 in
1945 653 2152 723 psalmo
2194 650 2259 704 de
2304 649 2370 703 iis
2398 661 2516 716 quae
2544 654 2649 698 tam
2680 645 2835 714 longo
2862 654 2982 712 post
3020 652 3255 709 tempore
3284 638 3368 692 fu-

1860 751 1979 795 tura
2008 748 2177 801 erant,
2211 738 2459 806 praedicta
2489 740 2634 796 sunt,
2683 736 2971 800 eademque
3015 745 3171 785 suum
3208 728 3369 782 ﬁnem

1861 838 1987 886 sunt
2017 836 2322 888 consecuta,
2353 840 2459 895 quo
2489 832 2744 891 tempore,
2775 828 2832 874 ut
2862 829 2943 874 est
2967 819 3105 887 apud
3134 816 3369 870 Matthz—

1861 936 1971 983 um,
1997 918 2141 973 cruci
2170 917 2335 969 allixis
2365 930 2486 969 cum
2513 928 2576 966 eo
2607 912 2813 965 duobus
2836 910 3148 971 latronibus,
3174 921 3279 960 uno
3302 903 3369 960 ad

1860 1011 2118 1070 dextram,
2146 1009 2311 1060 altero
2340 1004 2405 1057 ad
2436 1003 2729 1062 sinistram,
2752 999 2840 1066 qui
2874 998 2992 1050 illac
3015 995 3366 1064 praeteribant,

1859 1099 1998 1151 mala
2030 1098 2082 1149 in
2119 1096 2265 1147 illum
2286 1093 2640 1160 congerebant
2669 1093 2937 1142 moventes
2969 1086 3142 1153 capita
3172 1098 3288 1145 sua,
3318 1089 3372 1136 et

1860 1187 2095 1240 dicentes
2127 1201 2139 1235 :
2168 1200 2186 1232 ι
2223 1180 2357 1244 Vah,
2388 1181 2476 1248 qui
2502 1179 2731 1232 deStruis
2761 1174 3009 1242 templum
3038 1180 3089 1225 et
3114 1172 3165 1224 in
3202 1170 3373 1224 tribus

1861 1273 2047 1326 diebus
2077 1271 2326 1324 aediﬁcas.
2360 1266 2572 1319 Salvum
2603 1263 2685 1316 fac
2715 1263 2939 1331 teipsum
2974 1279 2987 1314 :
3014 1261 3057 1313 si
3094 1257 3256 1311 Filius
3279 1257 3372 1311 Dei

1860 1375 1938 1423 es,
1969 1359 2229 1414 descende
2257 1359 2322 1411 de
2350 1371 2525 1410 cruce.
2554 1353 2807 1406 Similiter
2834 1359 2886 1404 et
2910 1351 3176 1417 principes
3196 1362 3374 1400 επεν·-

1817 1437 1834 1463 ⁴
1861 1449 2043 1502 dolum
2077 1448 2358 1501 illudentcs
2386 1460 2507 1498 cum
2549 1442 2847 1496 senioribus
2875 1449 2927 1494 et
2972 1440 3193 1503 Scribis,
3230 1438 3375 1492 dice-

1860 1537 1988 1591 bant
2020 1555 2033 1590 :
2085 1537 2232 1588 Alios
2280 1534 2455 1587 salvos
2502 1531 2643 1595 fecit,
2673 1529 2905 1596 seipsum
2937 1540 3041 1579 non
3072 1533 3246 1594 potest
3274 1524 3376 1577 sal-

1861 1641 1983 1679 vum
2018 1625 2211 1678 facere.
2242 1622 2295 1675 Si
2332 1621 2440 1675 ilex
2475 1619 2634 1673 Israel
2657 1625 2760 1679 est,
2810 1616 3098 1670 descendat
3139 1629 3283 1668 nunc
3310 1613 3376 1667 de

1861 1729 2039 1776 cruce,
2075 1722 2126 1767 et
2161 1713 2441 1766 credemus
2460 1709 2529 1761 ei.
2565 1706 2620 1759 Si
2654 1705 2888 1759 conﬁsus
2916 1715 2998 1758 est
3026 1703 3153 1767 Deo,
3186 1704 3378 1757 liberet

1860 1817 2003 1857 nunc
2054 1818 2195 1864 eum,
2244 1802 2291 1855 si
2323 1799 2435 1853 vult
2482 1813 2625 1851 eum.
2673 1794 2813 1847 Dixit
2857 1796 2997 1848 enim
3035 1812 3048 1847 :
3085 1793 3249 1848 Filius
3283 1793 3378 1848 Dei

1861 1908 1978 1946 sum
2000 1892 2042 1944 ".
2083 1909 2101 1941 ι
2135 1889 2202 1943 Ut
2228 1904 2355 1943 vero
2386 1896 2468 1942 est
2492 1885 2631 1955 apud
2660 1883 2856 1937 Lucam
2891 1903 2904 1937 :
2937 1901 2955 1933 ι
2997 1881 3180 1936 Stabat
3208 1897 3377 1952 popu-

1860 1983 1943 2036 lus
1971 1988 2237 2049 spectans,
2278 1987 2332 2033 et
2370 1976 2772 2032 subsannabant
2798 1989 2919 2028 eum
2957 1975 3226 2041 principes
3253 1987 3376 2025 cum

1861 2071 1958 2132 eis,
1994 2070 2231 2123 dicentes
2278 2087 2291 2121 :
2337 2068 2485 2120 Alios
2536 2067 2712 2119 salvos
2757 2063 2905 2128 fecit,
2963 2062 3167 2115 salvum
3218 2059 3378 2113 faciat

1862 2160 2117 2226 scipsum,
2149 2157 2195 2211 si
2228 2157 2315 2209 hic
2344 2163 2424 2209 est
2453 2155 2699 2208 Christus
2726 2151 2895 2205 Filius
2926 2151 3016 2204 Dei
3053 2152 3253 2203 electus
3273 2150 3314 2202 ⁸.
3350 2166 3370 2199 ι

1860 2249 1927 2300 At
1957 2246 2249 2300 secundum
2282 2243 2552 2296 Marcum:
2584 2260 2602 2292 ι
2640 2241 3023 2293 Prmtereuntes
3045 2236 3376 2319 blasphema-

1861 2335 1989 2388 bant
2023 2350 2164 2396 cum,
2193 2342 2463 2387 moventes
2490 2332 2664 2401 capita
2698 2346 2814 2392 sua,
2840 2336 2893 2382 et
2921 2327 3156 2381 dicentes
3189 2344 3202 2378 :
3240 2323 3371 2388 Vah,

1862 2426 1952 2493 qui
1981 2424 2213 2478 destruis
2243 2424 2494 2491 templum
2539 2428 2595 2475 et
2642 2420 2698 2472 in
2727 2420 2899 2471 tribus
2926 2417 3113 2469 diebus
3144 2415 3377 2469 aedificas

1862 2514 2013 2567 illud.
2046 2512 2259 2565 Salvum
2302 2512 2385 2563 iac
2416 2511 2664 2578 teipsum,
2704 2514 2756 2562 et
2802 2504 3061 2560 descende
3094 2505 3158 2558 de
3197 2518 3374 2557 crure.

1867 2597 2122 2652 Similiter
2167 2606 2220 2651 et
2270 2597 2538 2667 principes
2590 2594 2924 2649 sacerdotum
2971 2591 3252 2644 illudentcs
3294 2591 3379 2641 in—

1864 2696 1945 2742 ter
1996 2704 2052 2742 se
2093 2703 2212 2741 cum
2263 2685 2487 2746 Scribis,
2519 2684 2766 2737 dicebant
2799 2700 2814 2735 :
2845 2682 2990 2734 Alios
3019 2682 3194 2734 salvos
3233 2678 3377 2739 fecit,

1866 2781 2098 2848 seipsum
2143 2793 2247 2830 non
2293 2781 2466 2843 potest
2511 2773 2712 2827 salvum
2748 2771 2940 2824 facere.
2974 2770 3220 2823 Christus
3269 2766 3381 2822 Rex

1866 2869 2027 2921 Israel
2056 2865 2340 2919 descendat
2363 2875 2503 2914 nunc
2524 2859 2590 2914 de
2611 2875 2790 2921 cruce,
2814 2867 2870 2911 ut
2897 2858 3171 2911 videamus
3192 2866 3243 2910 et
3265 2872 3384 2910 cre-

1868 2958 2054 3012 damus
2083 2957 2128 3008 ei
2158 2954 2199 3007 ⁶.
2241 2972 2259 3004 ι
2296 2951 2418 3005 Hac
2448 2965 2672 3019 namque
2709 2950 2761 3002 in
2806 2964 2912 3018 quo
2957 2950 3165 3001 tandem
3215 2949 3281 3001 ab
3318 2947 3383 3000 iis

1869 3048 2138 3107 differunt,
2157 3059 2272 3112 quae
2299 3045 2350 3094 in
2370 3042 2573 3110 psalmo
2598 3039 2849 3109 praedicta
2877 3046 3000 3093 sunt
3035 3039 3140 3090 illis
3174 3037 3379 3091 verbis:

1863 3134 2023 3205 499
2050 3152 2067 3183 ι
2104 3133 2211 3201 Ego
2237 3140 2411 3183 autem
2453 3146 2569 3184 sum
2603 3129 2796 3182 vermis
2822 3135 2873 3181 et
2903 3142 3008 3180 non
3053 3126 3243 3186 homo,
3290 3141 3385 3194 op—

1863 3224 2134 3293 probrium
2167 3219 2436 3273 hominum
2483 3227 2535 3269 et
2576 3216 2801 3283 abjectio
2837 3215 3035 3284 populi.
3084 3213 3279 3269 Omnes
3307 3216 3386 3267 vi-

1865 3311 2047 3363 dentes
2072 3323 2173 3368 mc,
2207 3307 2665 3359 subsannaverunt
2712 3319 2814 3365 me,
2848 3304 3010 3355 locuti
3057 3312 3179 3357 sunt
3212 3306 3384 3367 labiis,

1865 3407 1916 3452 et
1932 3403 2206 3450 moverunt
2231 3403 2387 3463 caput
2410 3410 2423 3444 :
2453 3392 2695 3462 Speravit
2717 3392 2770 3443 in
2788 3391 3026 3455 Domino,
3044 3393 3383 3459 eripiateum,

1866 3488 2066 3540 salvum
2110 3485 2267 3537 faciat
2314 3499 2455 3546 cum,
2484 3483 2733 3551 quoniam
2765 3481 2876 3533 vult
2903 3496 3046 3534 eum.
3084 3501 3103 3531 ι
3139 3481 3252 3533 Νυιί
3289 3497 3388 3534 au-

1866 3582 1973 3629 tem
1999 3574 2181 3626 mirari
2212 3574 2255 3626 si
2288 3573 2396 3626 haec
2425 3573 2524 3626 sub
2554 3572 2722 3639 ipsam
2753 3568 3043 3623 Salvatoris
3077 3571 3242 3624 nostri
3267 3585 3390 3637 pas-

1867 3663 2068 3717 sionem
2115 3673 2166 3715 et
2209 3660 2347 3713 dicta
2379 3666 2503 3713 sunt
2533 3666 2585 3711 et
2622 3658 2880 3725 completa
2909 3694 2923 3718 ,
2983 3656 3193 3723 quando
3232 3655 3388 3709 hodie

1869 3764 2076 3818 quoque
2106 3748 2243 3817 apud
2272 3763 2454 3802 omnes
2499 3746 2772 3808 homines,
2803 3745 3106 3813 quicunque
3152 3743 3388 3796 nondum

1835 3863 1841 3871 -
1869 3842 1923 3893 in
1954 3840 2094 3893 illius
2123 3838 2276 3905 [idem
2304 3843 2581 3895 venerunt,
2607 3834 2948 3903 opprobrium
2988 3832 3258 3886 hominum
3290 3832 3387 3883 ha-

1870 3930 2041 3983 betur.
2099 3927 2236 3992 Quid
2274 3926 2415 3980 enim
2444 3925 2654 3992 turpius
2684 3930 2735 3976 et
2780 3920 2923 3976 omni
2970 3921 3165 3989 probro
3193 3920 3388 3981 vilius,

1870 4032 2025 4085 quam
2054 4016 2198 4068 cruci
2222 4030 2339 4070 esse
2367 4014 2616 4065 afﬂatum?
2647 4011 2739 4066 sed
2781 4025 2955 4063 nonne
3013 4009 3171 4062 etiam
3210 4008 3389 4076 populi

1870 4105 2072 4159 Iudaici
2112 4105 2339 4173 abjectio
2380 4103 2498 4158 est?
2537 4102 2732 4171 quippe
2759 4116 2878 4153 cum
2909 4098 3151 4152 universa
3184 4096 3269 4148 illa
3304 4111 3392 4149 na-

1873 4195 1945 4246 tio
1971 4193 2127 4246 etiam
2161 4207 2303 4246 nunc
2337 4198 2390 4246 et
2428 4193 2480 4244 in
2509 4191 2650 4244 hunc
2678 4205 2844 4257 usque
2870 4188 3031 4249 diem,
3068 4192 3119 4239 et
3146 4186 3390 4246 irridere,

1872 4290 1924 4335 et
1952 4281 2232 4350 negligere,
2262 4288 2314 4334 et
2356 4279 2614 4347 despuere
2645 4278 2790 4330 illum
2819 4273 3168 4329 consueverit.
3204 4270 3395 4324 Proin-

1873 4374 1938 4427 de
1963 4371 2245 4439 Apostolus
2279 4370 2497 4423 merito:
2522 4387 2539 4417 ι
2562 4365 2670 4421 Nos
2709 4375 2903 4429 autem,
2924 4364 3115 4433 inquit,
3138 4361 3395 4431 praedica-

1876 4476 1996 4516 mus
2019 4461 2294 4515 Christum
2324 4458 2655 4517 cruciﬁxum,
2683 4455 2878 4510 Iudaeis
2905 4454 3115 4524 quidem
3165 4451 3395 4506 scanda-

1876 4551 2007 4613 lum,
2035 4550 2280 4618 gentibus
2312 4559 2483 4601 aulem
2517 4548 2794 4602 stultitiam
2816 4545 2858 4599 ⁷.
2900 4563 2917 4595 ι
2957 4541 3061 4596 Sed
3091 4555 3189 4594 nec
3218 4541 3395 4593 minus

1876 4654 1938 4693 ea
1969 4653 2085 4709 quae
2116 4647 2408 4707 sequuntur
2439 4637 2493 4689 in
2522 4636 2742 4705 psalmo,
2776 4633 2929 4687 facile
2956 4631 3110 4685 etiam
3148 4645 3288 4682 nunc
3311 4630 3395 4681 in-

1880 4726 2056 4780 venies
2083 4741 2110 4777 a
2147 4726 2412 4793 plerisque
2431 4725 2496 4778 de
2528 4724 2617 4775 illo
2637 4722 2762 4775 dici.
2794 4719 2913 4772 Haec
2957 4718 3114 4786 igitur
3139 4730 3235 4784 pro
3265 4714 3398 4767 ami-

1878 4817 2054 4870 ctione
2098 4829 2215 4882 qua:
2261 4814 2408 4866 illum
2453 4809 2798 4880 apprehendit
2834 4809 2990 4861 etiam
3025 4813 3151 4857 tunc
3188 4802 3394 4855 orabat.

1879 4904 2009 4959 Cum
2037 4911 2210 4956 autem
2251 4902 2418 4955 nihilo
2443 4902 2682 4954 viliorem
2723 4900 2945 4966 primam
2994 4908 3260 4961 corporeae
3304 4908 3397 4944 nv-

1880 5002 2007 5047 tura:
2034 4989 2468 5057 assumptionem,
2507 4996 2786 5054 ortumque
2838 4983 2982 5037 illum
3013 4981 3078 5035 de
3105 4981 3299 5034 femina
3343 4987 3398 5034 et

1880 5081 2099 5150 virgine,
2132 5079 2247 5147 ipsa
2297 5076 2485 5129 mortis
2544 5073 2842 5127 calamitate
2889 5085 3008 5125 esse
3053 5068 3397 5136 intelligeret,

1881 5185 1984 5225 non
2017 5164 2348 5221 incommode
2395 5164 2448 5216 in
2482 5163 2544 5217 iis
2574 5176 2689 5230 quae
2722 5160 2786 5212 ad
2818 5166 3038 5213 mortem
3094 5158 3397 5227 pertinent,

1880 5261 2037 5314 etiam
2075 5270 2136 5310 ea
2156 5268 2273 5324 qua;
2296 5252 2362 5305 ad
2384 5262 2556 5306 ortum
2584 5256 2826 5320 spectant
2858 5253 3270 5309 commemorat,
3321 5248 3401 5299 sic

1882 5348 1946 5401 ad
1980 5344 2185 5398 Patrem
2213 5344 2422 5397 dicens:
2465 5360 2482 5392 ι
2516 5340 2772 5406 Quoniam
2803 5346 2860 5392 tu
2891 5353 2949 5393 es
2985 5337 3075 5406 qui
3123 5333 3401 5390 extraxisti

1883 5452 1966 5491 me
1989 5436 2053 5489 de
2082 5441 2262 5486 ventre
2282 5472 2296 5495 ,
2336 5446 2455 5500 spes
2496 5446 2610 5484 mea
2639 5429 2705 5481 ab
2732 5428 2984 5482 uberibus
3014 5426 3198 5478 matris
3222 5437 3353 5476 meae
3383 5439 3400 5476 :

1883 5530 1945 5580 In
2030 5533 2080 5578 te
2154 5522 2428 5590 proiectus
2493 5535 2609 5574 sum
2670 5532 2734 5570 ex
2797 5525 2952 5573 utero
3023 5513 3209 5568 matris
3275 5524 3403 5565 mea

631 5608 824 5699 ⁷ιιανιι,
861 5632 1045 5686 tio-45.
1116 5630 1136 5659 ⁸
1173 5627 1290 5680 Luc
1333 5636 1501 5700 utri,
1534 5621 1618 5673 35.
1699 5622 1720 5653 ⁸
1760 5621 1773 5674 l

1866 5636 1922 5676 ‘c.
1963 5635 2057 5684 xv,
2090 5615 2275 5673 ἰθ-52.
2359 5613 2377 5643 ⁷
2408 5613 2426 5668 l
2457 5613 2578 5669 Cor.
2628 5632 2665 5677 ι,
2701 5608 2790 5664 25.

2870 5723 3030 5743 νενηΰ
3066 5725 3079 5741 r
