3782 6372
432 318 539 372 775

1096 313 1359 369 EUSEBII
1395 311 1871 369 CESABIENSIS
1904 310 2052 368 OPP.
2093 309 2268 366 PARS
2302 310 2369 366 Il.
2406 341 2478 353 —
2509 310 2589 365 AP

1556 311 1871 369 amensrs
1904 310 2052 368 ore.
2093 309 2268 366 rans
2302 310 2369 366 ιι.
2406 341 2478 353 -
2509 292 3047 366 Αροιοοετιω.

3633 307 3726 360 ’ἶῖθ

432 435 576 491 Deus
601 448 752 488 meus
783 446 843 486 es
874 439 951 485 tu.
983 447 1003 481 ›
1037 430 1224 485 Merito
1245 440 1420 487 autem
1453 433 1567 487 haec
1612 431 1893 489 meminit,
1924 448 1925 451 η

2236 427 2381 497 ιμείῳ
2420 427 2522 497 τῆς
2569 407 2961 497 κυοφορούσης
3014 437 3112 492 με’
3144 416 3518 489 φερόμενος.
3560 426 3621 479 σὲ
3660 430 3729 481 τδπ

434 528 669 597 seipsum
697 523 1031 584 consoletur,
1063 530 1117 576 et
1159 537 1188 574 a
1239 523 1593 592 praesentibus
1629 522 1784 575 malis
1828 535 1983 573 aver-

433 626 531 672 tat.
576 614 679 678 Qui
726 613 892 676 enim,
936 612 1131 681 inquit,
1174 611 1321 667 fuisti
1369 613 1500 665 mihi
1551 612 1806 680 adjutor,
1856 624 1981 662 cum

433 708 728 761 humanum
758 717 953 770 corpus
980 716 1306 756 assumerem
1329 741 1344 764 ,
1382 715 1490 769 quo
1517 709 1757 769 tempore
1783 710 1849 752 ex
1901 698 1980 766 ip-

430 799 546 854 sius
574 793 921 866 parturientis
944 799 1117 854 utero,
1152 808 1257 855 me,
1291 800 1347 844 tu
1402 792 1515 860 ipse
1544 790 1684 861 Deus
1724 805 1876 843 meus
1926 796 1981 842 et

430 886 591 942 Pater
635 898 807 946 meus,
843 891 1095 951 tanquam
1136 882 1443 938 obstetricis
1488 880 1717 950 fungens
1755 878 1936 932 officio
1960 915 1977 941 ,

428 993 529 1047 pro
557 991 621 1032 ea
647 991 766 1046 qum
790 974 917 1028 mihi
949 975 1015 1029 de
1041 973 1246 1042 Spiritu
1299 982 1487 1027 sancto
1514 979 1823 1039 comparata
1866 978 1981 1024 erat

429 1083 611 1131 carne,
645 1065 948 1127 extraxisti,
981 1073 1070 1119 tua
1093 1073 1337 1134 porrecta
1375 1062 1572 1116 virtute
1598 1061 1665 1114 da
1693 1061 1824 1113 mihi
1864 1059 1977 1128 jam

427 1173 573 1212 nunc
606 1159 856 1218 salutem,
890 1171 956 1208 ne
982 1171 1088 1224 qua
1125 1153 1273 1207 fraus
1325 1161 1417 1205 aut
1467 1153 1587 1204 ullre
1618 1150 1860 1211 insidiae",
1910 1149 1978 1202 ab

428 1248 673 1303 adversis
722 1245 1077 1315 potestatibus
1124 1243 1476 1312 malignisque
1523 1241 1843 1311 spiritibus,
1883 1239 1978 1308 qui

425 1339 559 1392 mihi
580 1338 741 1393 etiam
770 1338 826 1390 in
857 1349 1076 1389 accessu
1106 1342 1225 1387 meo
1269 1332 1335 1386 ad
1373 1332 1617 1386 homines
1645 1331 1974 1394 inviderunt,

427 1430 578 1494 ﬂant,
608 1428 858 1498 quoniam
897 1428 953 1481 in
1004 1426 1175 1496 prima
1210 1426 1336 1478 item
1386 1423 1737 1491 conceptione
1770 1431 1826 1475 tu
1857 1437 1978 1475 rur-

426 1538 523 1577 sus
552 1521 695 1591 quod
722 1521 775 1573 in
798 1528 950 1573 utero
976 1517 1075 1582 fui,
1105 1514 1456 1573 obumbrasti,
1484 1521 1541 1566 ut
1570 1513 1842 1582 principes
1874 1528 1977 1567 sa:-

426 1612 534 1667 culi
563 1611 724 1679 hujus
747 1610 861 1679 ipsa
884 1609 950 1663 de
975 1606 1176 1676 Spiritu
1219 1613 1405 1660 sancto
1439 1612 1492 1659 et
1535 1612 1722 1658 ‘sancta
1751 1601 1974 1673 Virgine

425 1698 708 1766 Conceptio
745 1697 950 1750 lateret.
1011 1692 1163 1761 Quod
1206 1706 1336 1748 sane
1368 1693 1555 1762 ingens
1613 1692 1925 1761 mysterium
1951 1731 1965 1753 ,

424 1795 552 1842 tuus
586 1784 938 1854 archangelus
967 1782 1183 1837 Gabriel
1223 1780 1401 1836 Mariae
1434 1780 1708 1841 indicavit,
1741 1780 1968 1835 dicens:

429 1891 454 1927 ι
494 1873 726 1944 Spiritus
757 1882 976 1927 sanctus
1003 1870 1343 1940 superveniet
1382 1871 1435 1922 in
1463 1878 1514 1924 te
1536 1908 1550 1932 ,
1585 1876 1638 1922 et
1662 1868 1835 1922 virtus
1883 1870 1975 1922 Al-

425 1965 620 2031 tissimi
645 1964 987 2019 obumbrabit
1023 1962 1118 2015 tibi
1155 1962 1196 2015 ⁸.
1236 1981 1254 2013 ι
1307 1960 1466 2031 500
1512 1957 1971 2025 Quemadmodum

426 2057 590 2127 igitur
620 2064 710 2110 tua
739 2064 899 2117 tunc,
934 2054 1024 2123 qui
1059 2066 1118 2107 es
1149 2052 1456 2107 Altissimus
1486 2090 1499 2111 ,
1561 2049 1729 2103 virtus
1780 2063 1864 2103 me
1918 2050 1972 2102 in

425 2145 777 2216 concipiendo
797 2144 1168 2206 obumbravit,
1200 2143 1254 2196 in
1289 2141 1546 2212 pariendo
1579 2149 1753 2194 autem
1794 2153 1973 2195 extra-

425 2241 502 2293 xit
531 2239 807 2292 de-ventre
838 2237 1022 2289 matris
1052 2250 1182 2289 mea:
1205 2274 1220 2297 ,
1271 2235 1345 2287 ita
1390 2237 1607 2304 quoque
1661 2250 1769 2288 non
1809 2247 1971 2303 parva

424 2329 555 2383 mihi
587 2330 738 2383 adest
768 2327 1086 2388 consolatio,
1117 2326 1260 2395 quod
1294 2325 1460 2380 multo
1490 2326 1661 2397 magis
1706 2326 1772 2380 de
1801 2333 1971 2378 morte

424 2419 500 2473 sis
522 2429 880 2474 extracturus.
931 2418 1102 2487 Atque
1142 2417 1388 2486 equidem
1452 2418 1552 2470 hoc
1603 2424 1824 2484 sperans
1873 2416 1968 2468 tibi

424 2509 661 2564 confisus
690 2524 828 2574 sum,
860 2507 950 2577 qui
991 2522 1142 2560 meus
1177 2506 1314 2560 Deus
1340 2514 1390 2560 et
1422 2506 1679 2560 Dominus
1707 2516 1760 2558 et
1813 2504 1968 2558 Pater

424 2614 483 2655 es
515 2615 529 2652 :
562 2609 613 2654 et
643 2600 878 2655 conlisus
909 2614 1050 2660 sum,
1096 2613 1205 2651 non
1241 2611 1384 2651 nunc
1423 2597 1650 2666 prinnnn
1678 2597 1730 2650 in
1765 2604 1815 2649 te
1847 2610 1969 2664 spe-

422 2690 845 2757 rareincipiens.
877 2688 970 2742 sed
1014 2694 1143 2740 tunc
1195 2700 1406 2755 quoilue
1431 2702 1554 2740 cum
1597 2687 1665 2739 ab
1712 2685 1966 2739 uberibus

424 2780 612 2833 matris
660 2794 789 2833 mea:
818 2778 1112 2832 infantilem
1143 2777 1450 2830 alimoniam
1481 2777 1779 2843 accipiens,
1814 2784 1969 2845 puta-

422 2871 520 2923 bar
550 2877 607 2922 ut
640 2870 830 2939 reliqui
866 2868 1140 2921 hominum
1184 2867 1441 2930 infantes,
1475 2866 1818 2936 imperfectus
1847 2881 1969 2920 esse

421 2966 476 3013 et
502 2957 705 3027 absque
741 2972 842 3011 usu
874 2952 1117 3010 rationis.
1154 2954 1268 3009 Non
1300 2957 1443 3010 enim
1471 2968 1617 3009 eram
1645 2955 1797 3019 talis,
1843 2955 1968 3009 licet

2079 515 2209 568 Θεόν
2245 532 2344 585 μου
2372 514 2580 586 ἑώρων,
2611 516 2703 569 ἅτε
2731 514 3073 583 ἁσύγχυτος
3116 508 3232 562 καὶ
3276 506 3581 574 ἀθόλωτος
3605 514 3663 566 ὲν
3682 521 3731 587 τῇ

2078 606 2307 677 τοσαύτῃ
2335 606 2443 658 τῶν
2472 603 2689 676 σαρκῶν
2716 602 2998 672 κοινωνίᾳ
3031 596 3409 667 διαμείνας,
3461 599 3664 669 μᾶλλον
3696 607 3732 659 δὲ

2079 696 2360 775 ἀσώματος
2380 698 2477 750 καὶ
2494 696 2617 749 τότε
2636 694 2731 757 ὢν,
2756 696 2860 748 καὶ
2880 690 3132 747 πάντων
3153 688 3502 764 ἐλεύθερος
3522 694 3732 766 δεσμῶν·

2078 787 2246 852 οὕτως
2271 790 2327 843 δὲ
2363 792 2456 843 ἐπὶ
2495 793 2557 844 σὲ
2599 792 2914 863 ὲπεῤῥὶφην
2946 792 3021 843 ὲκ
3056 789 3349 860 μήτρας,
3402 790 3507 844 καὶ
3530 791 3639 844 ἀπὸ
3659 810 3738 860 γα-

2080 880 2234 950 στρὸς
2261 882 2463 952 μητρὸς
2492 882 2627 945 Θεός
2659 899 2761 952 μου
2784 878 2964 952 ἦσθα,
2992 878 3079 943 ὡς
3110 866 3470 933 αίσθέσθαι
3498 881 3606 949 τῆς
3624 883 3738 953 ἐμῆς

2076 968 2347 1040 δυνάμεως
2369 971 2449 1024 ἑτι
2477 971 2939 1042 κυοφορουμένης
2969 968 3126 1041 πρὸς
3157 966 3283 1035 τῆς
3316 966 3517 1037 ἁγίας
3552 972 3740 1043 Παρθέ-

2076 1077 2188 1123 νου,
2218 1061 2306 1113 τὸν
2336 1061 2465 1131 ἐμὸν
2506 1061 2819 1131 πρόδρομον
2876 1059 3193 1127 Ἰωάννην,
3245 1059 3380 1111 κοιλ
3414 1060 3593 1113 αθτδν
3627 1066 3740 1119 κατά

2077 1152 2309 1231 γαστρὸς
2330 1152 2427 1222 τῆς
2467 1151 2748 1205 Ἐλισάϐεθ
2779 1149 3301 1222 κυοφορούμενον,
3350 1148 3515 1206 ὥστε
3536 1154 3643 1208 ύπδ
3668 1156 3742 1226 τῆς

2076 1243 2212 1312 ἐμῆς
2231 1242 2472 1312 θεότητος
2493 1241 2787 1312 κινηθέντα
2819 1241 3148 1312 σκιρτῆσαι
3167 1242 3238 1293 ὲν
3255 1239 3648 1307 ἀγαλλιάσει,
3673 1249 3740 1300 καί

2077 1335 2381 1405 Ηνεύματος
2419 1334 2573 1402 ἁγίου
2614 1333 2961 1404 πλησθῆναι.
3020 1331 3275 1385 Τούτων
3354 1328 3465 1388 οὖν
3512 1335 3743 1392 ἁπάντων

2074 1426 2352 1497 ἀναφέρων
2377 1425 2474 1496 τὴν
2511 1425 2758 1510 μνήμην,
2801 1427 2903 1479 καὶ
2926 1424 3031 1478 διὰ
3069 1421 3303 1483 παντὸς
3359 1420 3467 1481 τὸν
3499 1428 3636 1484 Θεόν
3665 1447 3741 1501 μου

2074 1517 2404 1598 καὶῠῐίατέρα
2438 1535 2537 1588 μου
2571 1519 2680 1589 πρὸ
2708 1518 2823 1571 τῶν
2856 1516 3025 1586 ἐμῶν
3063 1513 3432 1583 ὀφθαλμῶν
3465 1522 3738 1590 τιθέμενος,

2072 1609 2288 1673 εἰκότως
2318 1610 2409 1663 καὶ
2446 1610 2587 1664 κατὰ
2623 1611 2718 1663 τὸν
2755 1607 3060 1661 ἐνεστῶτα
3111 1606 3223 1660 τοῦ
3267 1611 3649 1679 περιέχοντός
3667 1627 3721 1679 με

2074 1702 2272 1764 πάθους
2293 1700 2497 1774 καιρὸν,
2528 1703 2639 1763 ὅτε,
2672 1701 2759 1754 σοι
2778 1699 2862 1769 τῷ
2894 1692 3107 1770 Πατρὶ
3124 1698 3447 1768 γενόμενος
3470 1698 3709 1767 ὑπήκοος,

2078 1797 2416 1868 «αὐθαίρετος
2443 1798 2536 1850 καὶ
2564 1795 2706 1849 ἑκὼν
2730 1794 2947 1863 γέγονα
2968 1791 3242 1863 σκώληξ,
3267 1790 3376 1845 καὶ
3403 1788 3712 1857 οΰκᾶνθρω-

2074 1902 2190 1950 πος,
2213 1879 2407 1950 ὖνειδος
2428 1887 2523 1940 ἀνθ
2531 1885 2731 1957 ρώπων
2748 1885 2849 1939 καὶ
2876 1884 3258 1957 ὲξουδένημα
3274 1881 3453 1935 λαοῦ·
3486 1899 3509 1934 ι
3527 1879 3624 1933 καὶ
3642 1877 3714 1931 νῦν

2072 1970 2159 2030 ὅτε
2196 1977 2391 2041 πάντες
2426 1980 2471 2030 oi
2511 1974 2853 2048 θεωροῦντες
2896 1992 3013 2046 μου
3037 1968 3112 2028 τὸ
3162 1974 3334 2044 σῶμα
3385 1971 3480 2041 τῷ
3528 1968 3718 2039 σταυρῷ

2071 2067 2339 2139 προσηλού
2347 2086 2522 2139 μενον,
2541 2067 2931 2139 ἀποτρόπαιον
2949 2054 3279 2137 ἡγούμενοι
3303 2065 3464 2136 ὁρᾷν
3485 2063 3721 2134 πρᾶγμα,

2071 2155 2498 2227 ἐξεμυκτήρισάν
2534 2172 2622 2233 με,
2669 2155 2960 2225 τοσαύτην
2993 2156 3141 2233 κατ’
3188 2153 3335 2225 ἐμοῦ
3391 2153 3610 2224 χλεύην
3647 2151 3727 2205 καὶ

2069 2245 2362 2316 διασυρμὸν
2385 2247 2760 2316 καταχέοντες,
2783 2246 2867 2309 ὡς
2886 2245 2973 2317 μὴ
3000 2246 3190 2316 μόνον
3212 2248 3267 2298 ὲν
3283 2245 3532 2315 διανοίᾳ
3551 2243 3728 2311 λογίζε-

2072 2335 2192 2387 σθαι
2225 2335 2312 2388 καὶ
2342 2335 2688 2404 ἐνθυμεῖσθαι
2722 2336 2860 2406 περὶ
2906 2333 3066 2404 ἐμοῦ
3112 2334 3196 2389 τᾶ
3222 2335 3447 2406 ἀσεϐῆ,
3485 2334 3629 2388 ἀλλὰ
3653 2332 3731 2385 καὶ

2068 2425 2284 2492 ἀφόϐως
2305 2425 2633 2494 φθέγγεσθαι
2655 2427 2751 2478 καὶ
2770 2427 2831 2477 ὲν
2856 2425 3112 2496 φανερῷ
3129 2426 3354 2479 λαλεϊνο
3393 2444 3416 2477 ι
3443 2425 3730 2492 Ἐλάλησαν

2066 2512 2195 2581 γοῦν
2222 2515 2278 2565 ὲν
2306 2514 2558 2583 χείλεσιν,
2581 2512 2844 2582 ἐκίνησαν
2866 2512 3169 2584 κεφαλὴν,
3206 2511 3520 2581 λέγοντεςο
3556 2510 3737 2562 Ίῦιπι·

2069 2619 2158 2655 σεν
2191 2604 2281 2656 ἐπὶ
2308 2603 2534 2675 Κύριον,
2570 2604 2831 2675 ῥυσάσθω
2868 2605 3093 2656 αὐτόν·
3136 2624 3157 2655 ι
3209 2605 3317 2657 καὶ
3354 2602 3470 2655 νῦν
3506 2599 3640 2670 γοῦν
3663 2601 3737 2652 ὃτι

2064 2691 2134 2745 τὰ
2168 2693 2389 2745 τοιαῦτά
2436 2711 2503 2764 με
2549 2693 2916 2764 περιέστηκε,
2963 2692 3035 2748 σὲ
3071 2695 3180 2748 τὸν
3212 2694 3475 2764 Πατέρα
3523 2708 3630 2763 μου
3664 2690 3742 2743 τὸν

2066 2780 2417 2833 ὲκσπάσαντά
2460 2797 2527 2850 με
2562 2782 2626 2832 ὲκ
2648 2780 2896 2850 γαστρὸς
2932 2784 3174 2854 μητρός
3199 2800 3343 2854 μου,
3371 2784 3475 2847 ἐφ’
3507 2781 3571 2834 ὃν
3591 2782 3740 2849 ἐπερ-

2069 2868 2228 2939 ῥίφην
2254 2870 2317 2921 ὲκ
2349 2870 2583 2940 μήτρας,
2613 2871 2696 2932 εἰς
2721 2870 2783 2923 ὃν
2809 2869 3045 2941 ἡλπισα
3077 2874 3203 2927 ἀπὸ
3226 2872 3517 2944 μαστῶν,
3538 2872 3634 2925 τὸν
3664 2870 3745 2923 καὶ

2066 2953 2173 3006 ἀπὸ
2226 2955 2463 3025 γαστρὸς
2523 2959 2735 3030 μητρός
2795 2976 2904 3029 μου
2945 2960 3418 3033 γνωριζόμενόν
3476 2979 3575 3033 μοι
3595 2999 3611 3022 ,
3662 2957 3747 3012 καὶ

422 3046 555 3102 mihi
599 3046 807 3102 caeteris
846 3045 1155 3101 hominibus
1210 3044 1385 3101 simile
1420 3046 1566 3100 esset
1594 3059 1813 3115 corpus.
1862 3044 1915 3098 St

2252 3046 2462 3116 ιόμενον
2478 3049 2635 3115 θεὸν,
2665 3050 2909 3104 ἱκετεύω
2930 3053 3045 3106 καὶ
3063 3053 3377 3107 ἀντιϐολῶ
3402 3052 3492 3124 μὴ
3515 3051 3745 3120 ἀπωτῆ-

423 3150 598 3207 neque
624 3135 752 3192 item
775 3136 848 3201 vi,
874 3146 1049 3205 neque
1085 3134 1384 3191 substantia
1418 3135 1687 3204 plerisque
1716 3149 1861 3190 eram
1893 3134 1968 3189 si-

421 3226 589 3291 milis,
620 3239 803 3280 verum
833 3225 1011 3295 potius
1033 3224 1167 3279 liber
1189 3238 1253 3278 ac
1274 3224 1483 3279 solutus
1508 3230 1762 3293 tanquam
1794 3238 1966 3294 agnus

421 3321 571 3378 tuus,
594 3313 686 3383 qui
718 3313 856 3368 Deus
893 3323 972 3376 es,
1002 3326 1125 3365 cum
1155 3311 1223 3365 ab
1265 3309 1357 3363 illa
1394 3324 1564 3380 usque
1612 3314 1769 3363 aetate
1827 3308 1967 3362 lacte

421 3401 679 3465 nutrircr,
703 3401 826 3455 dico
851 3408 1028 3454 autem
1063 3399 1131 3453 ab
1168 3397 1421 3453 uberibus
1448 3386 1639 3451 matris
1666 3409 1814 3450 meae.
1859 3393 1970 3449 Cae-

422 3498 594 3545 terum
629 3491 732 3545 hoc
755 3490 990 3545 nondum
1017 3489 1281 3559 quispiam
1314 3502 1564 3558 magnum
1592 3484 1960 3549 arbitrabitur,

422 3584 469 3640 si
498 3583 778 3653 intelliget,
807 3581 1252 3654 quemadmodum
1300 3579 1449 3649 prius
1484 3593 1696 3648 quoque
1733 3595 1753 3628 ι
1812 3578 1867 3629 in
1912 3584 1966 3630 te

421 3673 693 3744 projectus
731 3688 849 3727 sum
876 3686 942 3726 ex
978 3679 1150 3733 utero,
1182 3678 1235 3725 et
1261 3669 1325 3724 de
1370 3677 1555 3723 ventre
1601 3667 1787 3722 matris
1832 3681 1964 3721 meae

421 3764 564 3821 Deus
598 3781 750 3819 meus
780 3779 838 3818 es
869 3772 945 3816 ιιι.
983 3784 1000 3814 ι
1029 3762 1160 3816 Cum
1192 3763 1332 3815 enim
1366 3760 1541 3814 adhuc
1583 3759 1724 3814 intra
1770 3758 1962 3813 cellam

422 3856 681 3926 gestantis
727 3870 811 3907 me
861 3856 914 3909 in
969 3861 1121 3908 utero
1150 3854 1409 3916 laterem,
1462 3859 1513 3906 te
1563 3857 1741 3903 tamen
1798 3848 1962 3902 Deum

421 3958 599 3998 meum
623 3941 864 3995 videbam
896 3951 1151 4011 tanquam
1186 3942 1234 3995 is
1257 3979 1272 4006 ,
1315 3929 1407 4010 qui
1439 3948 1492 3995 et
1543 3936 1859 3992 inconfusus
1909 3943 1963 3990 et

420 4031 841 4102 imperturbatus
892 4032 946 4084 in
992 4038 1140 4084 tanta
1191 4027 1674 4084 communicatione
1718 4024 1962 4094 corporei

422 4121 603 4177 oneris
633 4119 1070 4191 permansissem,
1101 4132 1164 4170 ac
1209 4117 1386 4186 potius
1441 4116 1787 4184 incorporeus
1829 4120 1962 4165 tunc

419 4226 633 4280 quoque
660 4209 875 4272 fuerim,
907 4215 960 4262 et
986 4209 1052 4260 ab
1079 4209 1328 4261 ouinibus
1351 4205 1580 4259 vinculis
1613 4204 1764 4256 liber.
1790 4200 1958 4254 Porro

421 4309 598 4355 autem
623 4301 702 4355 sic
735 4316 754 4348 ι
788 4298 841 4351 in
872 4305 924 4352 te
957 4297 1227 4366 projectus
1250 4311 1367 4351 sum
1388 4311 1451 4350 ex
1480 4305 1630 4347 utero
1653 4333 1667 4357 ,
1730 4311 1748 4344 ι
1783 4298 1836 4345 et
1879 4291 1957 4344 sic

424 4407 447 4442 ι
484 4390 550 4443 de
584 4397 767 4443 ventre
815 4388 1000 4440 matris
1035 4401 1163 4439 mea:
1208 4385 1348 4440 Deus
1403 4398 1553 4437 meus
1599 4397 1658 4436 es
1702 4389 1798 4447 tu,
1836 4400 1854 4431 ι
1898 4388 1957 4433 ιιι
1987 4362 2030 4423 Ῐ)

418 4493 592 4533 meam
619 4480 867 4532 virtutem
890 4491 1011 4530 cum
1046 4475 1219 4529 adhuc
1245 4475 1299 4527 in
1333 4483 1483 4528 utero
1515 4486 1547 4524 a
1582 4470 1797 4538 Virgine
1829 4484 1955 4524 san-

418 4576 507 4623 cta
539 4574 798 4638 gestarer,
831 4580 980 4620 meus
1011 4579 1223 4634 quoque
1250 4563 1361 4632 jam
1400 4571 1513 4614 tum
1563 4559 1790 4614 senserit
1821 4574 1955 4629 prae-

418 4673 610 4714 cursor
638 4657 895 4719 Joannes,
919 4655 1012 4726 qui
1039 4655 1197 4708 etiam
1252 4654 1368 4722 ipse
1403 4651 1458 4704 in
1488 4658 1639 4704 utero
1683 4647 1953 4703 Elisabeth

418 4749 746 4818 gestabatur,
778 4762 947 4816 usque
976 4745 1109 4799 adeo
1139 4756 1196 4798 ut
1224 4760 1338 4797 mea
1383 4741 1659 4796 divinitate
1690 4741 1952 4795 ‘concitus

418 4841 769 4894 exsultatione
807 4836 1102 4901 exsilierit,
1157 4844 1211 4890 et
1257 4834 1457 4903 Spiritu
1503 4841 1688 4888 sancto
1722 4833 1953 4901 repletus

419 4928 509 4984 sit.
540 4928 663 4982 Haec
693 4929 855 4997 igitur
893 4936 1088 4982 cuncta
1122 4929 1188 4983 ad
1229 4925 1537 4980 memoriam
1576 4938 1867 4983 revocans,
1900 4930 1954 4975 et

419 5018 566 5071 omni
596 5025 834 5086 tempore
863 5019 1028 5075 Deum
1063 5029 1117 5075 et
1146 5019 1357 5074 Patrem
1406 5033 1579 5071 meum
1609 5025 1732 5071 ante
1770 5016 1954 5070 oculos

420 5105 551 5161 nubi
583 5108 936 5173 constituens,
969 5112 1156 5167 merito
1185 5123 1234 5166 et
1257 5111 1359 5166 sub
1379 5110 1552 5179 ipsum
1586 5111 1792 5162 instans
1809 5120 1944 5159 coma

422 5194 802 5266 prehendentis
834 5216 919 5255 me
949 5204 1220 5271 passionis
1248 5214 1488 5274 tempus,
1519 5216 1641 5256 cum
1683 5199 1777 5254 tibi
1806 5196 1952 5251 Patri

423 5284 597 5339 Iactus
616 5285 888 5351 obedieus,
907 5300 1095 5361 sponte
1119 5305 1172 5351 et
1188 5297 1370 5352 volens
1392 5294 1612 5351 etlectus
1633 5306 1749 5346 sum
1777 5307 1797 5341 ι
1833 5303 1946 5341 ver-

423 5379 548 5435 mis,
575 5381 759 5426 etnon
790 5376 967 5443 homo,
1006 5387 1347 5455 opprobrium
1393 5385 1690 5445 hominum,
1719 5388 1769 5436 et
1804 5378 1952 5448 abjea-

422 5464 533 5518 οιἱο
560 5463 760 5531 populi.
797 5483 815 5515 ι
847 5480 899 5522 et
933 5487 1074 5530 nunc
1116 5495 1237 5535 cum
1267 5495 1454 5536 omnes
1479 5489 1656 5532 meum
1679 5469 1829 5527 cruci
1872 5466 1951 5521 af-

491 5645 515 5677 ·
549 5641 679 5697 Luc.
720 5659 768 5707 I,
804 5644 890 5699 ιε.

1968 6316 2150 6326 κῇ...

2064 3149 2152 3186 ναι
2195 3132 2288 3186 ἀπ’
2327 3133 2483 3204 ἐμοῦ,
2526 3136 2610 3189 ὅτι
2644 3136 2830 3208 θλίψις
2857 3139 3075 3208 ὲῨγύς.
3119 3142 3357 3197 Μέλλει
3407 3142 3561 3213 γὰρ,
3605 3139 3747 3207 φησὶ.

2064 3223 2157 3277 καὶ
2185 3223 2308 3277 ὅσον
2336 3223 2489 3279 οὔπω
2526 3227 2789 3297 πάρεστι,
2833 3230 2943 3284 καὶ
2983 3232 3324 3307 πλησιάζει
3383 3232 3631 3303 συνέχον
3659 3229 3749 3300 ήδη

2063 3317 2158 3397 καὶ
2194 3313 2536 3386 ὲπικείμενόν
2593 3335 2684 3388 μοι
2732 3307 2799 3372 τδ
2842 3321 3098 3377 πάντων
3131 3325 3409 3397 ἔσχατον
3449 3324 3566 3394 τῆς
3595 3324 3753 3390 ὑπερ-

2062 3404 2359 3475 θαλλούσης
2388 3423 2489 3476 μου
2519 3407 2756 3477 θλίψεως
2785 3410 2988 3480 νέφος.
3030 3415 3228 3470 Οὔπω
3262 3414 3403 3487 γὰρ
3441 3413 3569 3483 ἑγὼ
3594 3410 3757 3480 θλίψιν

2060 3495 2260 3565 ταύτην
2286 3495 2383 3566 τὴν
2407 3496 2505 3550 νῦν
2533 3499 2908 3569 πριᾶχουσάν
2951 3520 3033 3573 με
3074 3506 3267 3561 καλῶ
3298 3503 3456 3559 οὒτε
3485 3504 3589 3559 τὸν
3621 3516 3760 3556 οταν-

2064 3584 2175 3654 ρδν,
2215 3582 2334 3637 οὕτε
2371 3586 2498 3648 τοὺς
2544 3587 2605 3653 ἐξ
2648 3587 2980 3660 ἀνθρώπων
3028 3594 3483 3667 ὀνειδισμοὺς,
3530 3595 3659 3650 οὔτε
3688 3592 3760 3658 τὰς

2061 3673 2273 3743 χλεύας,
2307 3674 2429 3728 οὔτε
2468 3675 2574 3745 μὴν
2607 3677 2679 3730 τὰ
2713 3680 2824 3748 πρὸ
2845 3681 2956 3734 τοῦ
3000 3688 3291 3760 σταυροῦ
3330 3687 3751 3761 συμϐεϐηκότι,

2051 3765 2158 3850 τὰς
2211 3765 2499 3835 μάστιγας,
2557 3767 2662 3831 τὰς
2718 3768 2940 3840 ὕϐρεις.
3004 3779 3125 3832 καὶ
3179 3781 3291 3834 ὅσα
3328 3781 3491 3837 ἄλλα
3527 3778 3740 3851 ἀπεφοί-

2061 3871 2228 3925 νησαν
2273 3856 2351 3918 είς
2398 3856 2499 3926 ἐμὲ
2547 3858 2599 3909 οἱ
2654 3860 2763 3912 υἱοὶ
2814 3861 2937 3915 τῶν
3004 3868 3400 3943 ἀνθρὼπων⁴
3453 3872 3604 3926 ἀλλὰ
3642 3868 3735 3938 γὰρ

2060 3943 2169 4015 ὁρῶ
2197 3945 2295 4014 τὴν
2336 3946 2415 4007 είς
2449 3945 2574 4016 ᾅδου
2611 3949 2928 4005 κατάϐασιν
2979 3957 3481 4030 πλησιάζουσαν,
3520 3963 3615 4017 καὶ
3641 3960 3736 4013 τῶν

2059 4032 2443 4103 ἀντικειμένων
2490 4035 2584 4087 καί
2629 4036 2848 4108 ἐχθρῶν
2881 4043 2973 4113 τῷ
3001 4046 3156 4121 Θεῷ
3179 4050 3502 4121 δυνάμεων
3544 4051 3731 4104 ἐπανά-

2062 4138 2264 4175 στασιν.
2307 4123 2399 4176 Διό
2437 4128 2600 4196 φημιέ
2633 4145 2651 4178 ι
2691 4129 2812 4182 Ὅτι
2845 4129 3054 4202 θλίψις
3090 4141 3301 4210 ἐγγὺς,
3338 4142 3436 4194 ὅτι
3472 4143 3580 4194 οὐκ
3600 4139 3731 4192 ἔστιν

2057 4210 2354 4302 agonem,
2387 4232 2406 4264 ι
2442 4214 2569 4302 Πῶς
2600 4216 2710 4287 γὰρ
2738 4219 2843 4289 οὐχ
2881 4222 3363 4296 ὑπερϐάλλουσα
3394 4228 3473 4302 ἦν
3512 4232 3610 4283 καὶ
3643 4243 3726 4298 με·

2057 4299 2216 4369 γίστη
2245 4299 2421 4368 θλίψις
2448 4300 2591 4372 αὕτη
2623 4303 2831 4374 ἐκείνη,
2862 4306 2929 4358 ὲν
2974 4306 3014 4384 ᾗ
3058 4318 3180 4372 οὐκ
3209 4316 3384 4369 ἐστιν
3493 4314 3723 4387 βοηθῶνῖ

2070 4386 2127 4439 '0
2156 4388 2251 4457 μὲν
2274 4388 2384 4458 γὰρ
2420 4388 2515 4441 ἐπὶ
2541 4392 2788 4463 σωτηρίᾳ
2820 4394 2944 4449 τῶν
2979 4401 3050 4454 ὲν
3099 4405 3237 4477 ᾅδου
3264 4386 3715 4475 ψυχῶνπαρῂει,

2057 4478 2122 4532 in
2165 4480 2389 4550 μακρῶν
2422 4479 2636 4535 αἰώνων
2662 4484 2764 4554 τὴν
2796 4486 3004 4556 ἄφιξιν
3032 4494 3225 4551 αὐτοῦ
3272 4495 3715 4568 περιμενουσῶν,

2058 4570 2151 4662 καὶ
2171 4568 2361 4662 κατῄει
2385 4589 2449 4641 γε
2477 4572 2651 4646 θύρας
2692 4576 2912 4646 χαλκᾶς
2958 4587 3335 4662 συντρίψων,
3365 4590 3469 4643 καὶ
3497 4588 3709 4661 μοχλοὺς

2059 4660 2307 4753 σιδηροῦς
2357 4663 2697 4731 συνθλάσων,
2749 4669 2848 4721 καὶ
2897 4675 3042 4739 τοὺς
3098 4660 3241 4753 πρὶν
3294 4680 3569 4751 δεσμίους
3598 4677 3709 4746 ᾅδου

2056 4752 2369 4823 ἐλευθέρους
2392 4756 2632 4827 ἁνήσων·
2662 4758 2690 4810 ὂ
2716 4761 2814 4812 καὶ
2843 4763 3125 4836 γέγονεν,
3155 4772 3244 4826 ὅτε
3275 4769 3463 4824 πολλά
3493 4770 3699 4840 σώματα

2055 4841 2163 4894 τῶν
2213 4846 2636 4916 κεκοιμημένων
2700 4849 2879 4917 ἁγίων
2945 4857 3288 4916 ἀναστάντα
3362 4858 3699 4931 συνεισῆλθον

2056 4931 2207 5002 αύτῷ
2227 4935 2306 4997 είς
2328 4936 2429 5006 τὴν
2468 4937 2687 5010 ἀληθῶς
2714 4941 2886 5011 ἁγίαν
2910 4948 3017 5002 τοῦ
3047 4950 3193 5007 Θεοῦ
3230 4951 3419 5005 πόλιν·
3455 4952 3515 5005 αἱ
3538 4949 3594 5004 δὲ
3612 4947 3689 5002 δυ-

2056 5022 2247 5092 νάμεις
2276 5028 2334 5078 αἱ
2360 5029 2761 5105 ἀντικείμεναι,
2799 5037 2948 5111 πρὸς
2972 5045 3097 5107 τοῖς
3122 5040 3243 5098 τῶν
3279 5040 3592 5111 ἀνθρώπων
3607 5053 3692 5089 κα·

2059 5116 2175 5205 *οῖς
2198 5117 2672 5193 ἐπεστρατεύοντο
2695 5127 2874 5199 αὐτῷ,
2909 5130 3107 5205 λύπην
3135 5133 3209 5190 οὐ
3242 5129 3456 5201 μικρὰν
3477 5129 3569 5182 καὶ
3592 5124 3686 5179 θλι-

2057 5204 2160 5299 ιῐκιν-
2184 5210 2337 5283 αὺτῷ
2371 5219 2740 5292 παρέχουσαι,
2789 5204 3236 5299 ἀποκλᾳομένιι)
3268 5222 3371 5271 καὶ
3406 5221 3494 5271 ἔπ’
3528 5217 3694 5274 αὐτάς

2056 5292 2121 5393 δι’
2139 5295 2453 5393 ὑπερϐολὴν
2470 5311 2831 5384 ἁγαθότητος.
2875 5292 3227 5393 Ἀλλὰνγὰρ
3254 5308 3443 5375 ’τήρειι
3463 5305 3578 5393 τίνα

2059 5389 2161 5482 πτξν
2187 5390 2367 5450 ταῦτα
2401 5400 2589 5460 πάντα
2609 5405 2879 5466 λέλεκται,
2904 5406 2984 5472 ὡς
3021 5411 3090 5463 ὲκ
3124 5389 3471 5482 προσώπου
3496 5389 3707 5444 “mu”

2060 5472 2253 5550 μήτρᾳ
2286 5496 2755 5569 κυοφορηθέντος,
2798 5497 2895 5548 και
2936 5497 3054 5552 ἀπὸ
3089 5472 3396 5570 γαέπρδς
3428 5478 3620 5553 μητρὸς
3642 5490 3721 5539 γεί
