3782 6334
159 443 251 500 ΤΠ

1031 449 1652 512 DEMONSTRATIONIS
1691 455 2134 530 EVANQELICAE
2171 461 2298 514 LIB.
2335 459 2403 513 Χ.

3175 433 3276 524 'hs

158 562 484 654 γεννημένου,
513 562 570 613 δν
602 562 896 632 ιφάσκομεν
923 560 1054 618 εἶναι
1083 569 1170 620 τὸν
1196 569 1358 639 ἀμνὸν
1389 568 1478 622 τοῦ
1507 570 1653 626 Θεοῦ.

1761 574 1918 627 lixum
1943 587 2137 642 corpus
2167 578 2404 631 vidente‘s
2427 587 2464 634 .'
2492 577 2616 637 dum
2648 581 2760 641 rem
2809 591 2858 636 et
2890 584 3185 654 fugiendam
3219 597 3272 641 et

155 649 324 718 Τούτῳ
345 647 451 718 γὰρ
477 651 570 702 καὶ
602 650 876 720 συμδαίνει
901 652 972 706 τὰ
1011 658 1134 726 περὶ
1172 657 1232 708 τὸ
1259 657 1441 720 πάθος,
1466 659 1541 722 ὼς
1568 663 1658 714 καὶ

151 742 214 797 τὰ
240 744 332 812 τῆς
357 742 618 813 ὲνσάρκου
639 743 894 810 γενέσεως
914 745 1132 815 ἥρμοζε.
1163 747 1233 800 Τὸ
1258 745 1385 815 γοῦν
1411 749 1658 821 γεννηθὲν

151 832 235 887 καὶ
263 830 584 899 ἀποθνήσκει
605 848 619 862 ·
659 831 718 884 τὸ
756 832 812 884 δὲ
849 833 1072 903 θνῆσκον
1107 837 1202 889 οὐκ
1233 837 1398 900 ἄλλως
1433 837 1656 892 Θανάτου

150 921 380 990 τυγχάνει
412 921 444 989 ἢ
475 921 732 992 πρότερον
757 922 969 976 ὀδεῦσαν
988 925 1073 977 διὰ
1088 926 1361 992 γενέσεως.
1393 929 1548 980 Ταῦτ’
1567 926 1658 982 οῦν

147 1011 374 1076 διέξεισιν
400 1013 429 1062 6
459 1011 646 1080 Σωτὴρ
671 1013 760 1066 καὶ
793 1012 987 1082 Κύριος
1013 1014 1181 1082 ἡμῶν,
1211 1017 1269 1067 οὐ
1299 1017 1414 1069 καθ’
1444 1017 1472 1069 ὃ
1495 1019 1658 1090 ἄσαρ-

149 1119 230 1158 κος
259 1102 346 1154 καὶ
375 1099 664 1170 ἀσώματος
707 1102 931 1171 ὑπάρχει
975 1103 1070 1172 τὴν
1112 1103 1284 1170 φύσιν,
1321 1105 1441 1158 οὐδὲ
1484 1107 1600 1160 καθ’
1628 1108 1656 1160 δ

145 1189 262 1242 Θεοῦ
288 1189 453 1256 Λόγος
481 1189 574 1241 καὶ
601 1189 728 1250 Θεὸς
755 1190 1056 1251 ἐπινοεῖται,
1093 1191 1223 1243 ἀλλά
1261 1191 1378 1244 καθ’
1402 1193 1430 1245 6
1458 1188 1565 1258 οἷός
1596 1211 1654 1248 τε

144 1275 203 1349 ἦν
237 1278 362 1348 πρὸς
386 1279 479 1330 τὸν
519 1278 732 1348 Πατέρα
759 1279 885 1348 εὐχῇ
919 1279 1110 1346 λέγειν»
1147 1300 1166 1331 ι
1203 1283 1318 1334 Ὅτι
1347 1283 1408 1334 σὺ
1441 1280 1492 1335 εἴ
1514 1286 1542 1336 6
1567 1287 1656 1338 ὲκ-

145 1369 333 1432 σπάσας
363 1385 428 1439 με
461 1371 530 1422 ὲκ
553 1369 799 1438 γαστρὸς,
830 1371 863 1438 ἡ
892 1369 1042 1432 ἐλπίς
1065 1387 1160 1440 μου
1193 1372 1296 1424 ἀπὸ
1325 1373 1536 1442 μαστῶν
1559 1376 1656 1444 τῆς

147 1461 326 1530 μητρός
351 1476 467 1528 μου.
519 1460 644 1513 Ἐπὶ
673 1461 730 1512 σὲ
765 1460 1058 1530 ἐπερρίφην
1087 1463 1148 1513 ὲκ
1190 1463 1413 1532 μήτρας,
1437 1463 1540 1516 ἀπὸ
1557 1481 1654 1532 γαρ

143 1551 281 1620 στρος
320 1549 531 1618 μητρός
576 1566 676 1619 μου
713 1549 842 1613 Θεός
875 1567 972 1620 μου
1007 1546 1055 1602 εἴ
1091 1551 1172 1602 σύ.
1203 1571 1220 1600 ι
1261 1545 1424 1616 Οὗτος
1451 1553 1512 1623 δὴ
1541 1550 1650 1617 οὖν,

140 1639 256 1709 πρὸς
278 1637 354 1706 τῷ
376 1638 546 1690 πάθει
574 1637 824 1706 γεγονὼς,
849 1637 1056 1708 εὔχεται
1082 1639 1148 1692 τὰ
1172 1641 1494 1711 προκείμενα
1522 1645 1654 1713 πρὸς

137 1730 214 1782 τὸν
228 1729 464 1798 Πατέρα,
489 1730 584 1781 καὶ
605 1728 886 1790 τοσούτων,
915 1731 1061 1798 φησί,
1087 1730 1374 1798 μελλόντων
1409 1749 1474 1800 με
1504 1749 1653 1804 περι-

1756 663 2046 717 ominosam
2073 675 2260 732 putant
2290 681 2348 721 se
2393 667 2600 731 videre,
2648 683 2732 730 me
2779 672 3268 738 subsannaverunt,

1757 759 1955 805 tantum
1977 752 2255 808 adversum
2297 771 2380 810 me
2419 755 2708 816 irrisionis.
2744 768 3050 830 tantumque
3094 763 3271 818 detra-

1754 842 2250 908 ctionisjaetautes,
2285 855 2341 898 ut
2378 846 2444 902 de
2493 862 2580 904 me
2607 863 2712 902 non
2767 851 2922 902 modo
2975 855 3268 922 cogitantes

1752 934 2199 990 ratiocinarentur
2248 937 2528 1007 animoque
2561 949 2832 992 versarent
2885 942 3085 995 nefaria
3114 983 3129 1004 ,
3175 946 3266 1003 sed

1754 1019 2012 1089 intrepide
2029 1038 2237 1092 quoque
2265 1024 2605 1094 loquerentur
2626 1033 2678 1080 et
2697 1027 2870 1099 palam
2909 1030 3266 1095 enuntiarent,

1757 1125 1776 1158 ι
1797 1109 2050 1176 siquidem
2073 1112 2228 1164 locuti
2247 1121 2368 1166 sunt
2382 1113 2532 1166 labiis
2546 1123 2596 1168 et
2609 1122 2883 1168 moverunt
2896 1124 3072 1183 caput,
3090 1119 3268 1177 dicen-

1747 1205 1862 1252 tes:
1891 1199 2040 1268 501
2064 1199 2300 1270 Speravit
2315 1201 2368 1254 in
2381 1201 2621 1263 Domino,
2637 1203 3016 1277 eripiateum,»
3051 1212 3103 1259 et
3130 1223 3268 1261 nunc

1751 1287 1930 1356 igitur,
1963 1299 2018 1342 ut
2047 1288 2308 1352 dicebam,
2341 1305 2460 1343 cum
2491 1292 2612 1346 talia
2654 1307 2738 1346 me
2780 1293 3267 1360 circumsteterunt,

1751 1383 1802 1426 te
1827 1372 2034 1426 Patrem
2066 1390 2260 1437 meum,
2291 1377 2380 1444 qui
2413 1378 2692 1432 extraxisti
2721 1393 2802 1432 me
2841 1379 2906 1435 de
2932 1392 3116 1435 ventre
3160 1399 3271 1440 ma,

1742 1463 1848 1515 tris
1877 1477 2022 1525 mete,
2049 1463 2102 1516 in
2133 1479 2288 1532 quem
2319 1465 2589 1534 projectus
2617 1483 2734 1522 sum
2775 1483 2843 1523 ex
2875 1476 3047 1529 utero.
3077 1470 3133 1528 in
3160 1487 3270 1542 quo

1750 1551 1960 1618 speravi
2017 1552 2083 1606 ab
2121 1553 2396 1618 uberibus,
2439 1557 2529 1623 qui
2573 1557 2730 1610 etiam
2765 1557 2830 1612 de
2869 1567 3052 1614 ventre
3084 1563 3270 1619 matris

1750 1655 1881 1694 mea:
1908 1642 2117 1710 agnitus
2149 1659 2206 1696 es
2237 1644 2385 1704 mihi,
2420 1653 2472 1698 et
2515 1645 2725 1699 interim
2769 1650 3073 1718 agnosceris
3105 1649 3264 1714 Deus.

1751 1735 1966 1801 supplex
1997 1747 2090 1785 oro
2116 1747 2178 1786 ac
2208 1748 2396 1804 precor
2433 1753 2452 1784 ι
2477 1751 2542 1792 ne
2569 1736 2786 1791 recedas
2810 1752 2840 1792 a
2879 1753 2982 1801 me,
3017 1741 3268 1808 quoniam

140 1820 398 1890 στήσεσθαι
418 1820 810 1889 ἀντικειμένων
831 1820 1125 1889 ἐνεργειῶν,
1147 1823 1236 1875 καὶ
1251 1823 1510 1892 δαιμόνων
1528 1825 1653 1878 ἀκα-

1750 1821 1803 1875 in
1843 1826 2081 1891 proximo
2129 1833 2210 1879 est
2240 1825 2504 1879 aﬂlictio.»
2557 1824 2715 1880 Venit
2753 1827 2916 1892 enim,
2970 1829 3161 1898 inquit,
3214 1837 3269 1884 et

135 1907 341 1978 θάρτων,
367 1911 468 1962 καὶ
489 1909 870 1978 πνευματικῶν
895 1911 1165 1979 πονηρίας,
1192 1914 1282 1964 καὶ
1301 1913 1389 1964 ἐπὶ
1411 1916 1536 1966 πᾶσι
1561 1914 1652 1966 τοῦ

139 1999 323 2051 πάντων
351 1997 652 2068 χειρίστου,
685 1997 844 2050 αὐτοῦ
864 1997 924 2067 δὴ
954 1998 1044 2050 τοῦ
1072 1999 1320 2069 ἄρχοντος
1349 2002 1440 2054 τοῦ
1469 2003 1654 2066 αἰῶνος

136 2088 296 2142 τούτου
315 2088 430 2158 (οὓς
469 2087 574 2156 τῆς
608 2088 799 2150 κακίας
827 2089 975 2140 ἒνεκε
997 2087 1160 2158 θῆρας
1181 2092 1440 2160 πονηροὺς
1461 2092 1654 2164 ὀνομά-

137 2177 231 2242 ζειν
259 2178 420 2244 ἀξιον,
469 2178 565 2230 καὶ
593 2179 712 2248 ἦτοι
741 2177 965 2247 ταύρους
997 2179 1232 2248 ἀγρίους,
1269 2180 1302 2250 ἢ
1347 2181 1592 2250 μόσχους,
1619 2183 1652 2250 ἢ

135 2265 344 2330 λέοντας,
373 2267 410 2338 ἤ
455 2267 667 2336 κύνας),
713 2267 913 2337 μέλλων
959 2284 1017 2319 τε
1063 2268 1194 2338 πρὸς
1230 2269 1466 2332 ἅπαντας
1506 2271 1654 2328 tota,

139 2355 259 2418 σθαι.
307 2358 398 2410 καὶ
444 2357 618 2426 μηδὲν
660 2356 856 2424 ἀγαθὸν
911 2359 987 2420 εἰς
1033 2358 1221 2420 αὐτοὺς
1269 2359 1520 2434 ἐνεργεῖν,
1579 2359 1654 2430 τῷ

139 2447 282 2516 μηδὲν
321 2446 726 2518 παραδέχεσθαι
779 2448 968 2510 αὐτοὺς
1015 2447 1118 2499 τῶν
1161 2447 1302 2517 ἐμῶν
1343 2449 1553 2516 ἀγαθῶν
1589 2449 1653 2502 δι”

135 2533 285 2604 ἄκραν
303 2535 506 2596 κακίας
529 2532 663 2598 ἕξιν,
693 2534 824 2587 ἀλλὰ
859 2535 988 2604 μηδὲ
1023 2535 1210 2604 βοηθοῦ
1235 2537 1374 2608 ,μηδὲ
1399 2539 1651 2607 συνεργοῦ

135 2627 386 2693 τυγχάνων
411 2625 566 2686 τινὸς
596 2624 706 2676 τῶν
733 2625 1152 2695 προειρημένων,
1181 2628 1258 2688 εἰς
1283 2627 1371 2678 τὸν
1389 2627 1523 2697 ὑπὲρ
1549 2627 1654 2680 τῶν

135 2714 184 2765 ιν
205 2713 320 2783 ᾅδου
351 2713 548 2782 ψυχῶν
593 2708 780 2777 ἆθλον,
829 2713 942 2776 πῶς
979 2715 1076 2766 οὐκ
1105 2713 1168 2766 ἃν
1195 2715 1417 2783 εὐλόγως
1451 2717 1650 2786 εἴποιμ·

141 2821 156 2852 ι
189 2805 296 2856 Ὅτι
322 2803 505 2872 θλίψις
543 2804 730 2871 ἐγγὺς,
775 2803 854 2855 ὅτι
884 2805 981 2856 οὐκ
1024 2803 1165 2856 ἔστιν
1196 2805 1224 2856 6
1253 2805 1487 2874 βοηθῶν;
1518 2826 1536 2858 ι
1583 2809 1654 2860 Τὸ

136 2894 222 2964 μὲν
255 2891 348 2949 οὖν
381 2897 485 2958 τὰς
519 2895 761 2965 πονηρὰς
789 2894 880 2946 καὶ
907 2893 1270 2964 ἀντικειμένας
1303 2895 1552 2964 δυνάμεις
1580 2897 1650 2966 μὴ

136 2989 384 3056 συνεργεῖν
417 2985 572 3056 αὐτῷ
595 2985 726 3055 μηδὲ
755 2983 960 3052 βοηθεῖν
993 2985 1074 3036 ἐπ’
1095 2984 1288 3052 ἀγαθὸν
1307 2985 1468 3055 αὐτῷ,
1507 2987 1654 3056 νομί-

135 3071 295 3144 ζομεν,
325 3078 406 3130 ὅτι
437 3077 596 3129 οὐδὲν
639 3071 706 3144 ἦν
738 3074 1036 3142 θαυμαστόν
1054 3090 1067 3104 ο
1098 3075 1158 3126 τὸ
1181 3075 1236 3128 δὲ
1264 3076 1471 3129 πάντων
1499 3077 1653 3152 μέγι-

135 3177 240 3217 στον
260 3166 357 3234 τῆς
385 3165 622 3234 θλίψεως
651 3163 749 3233 τῆς
789 3163 1012 3232 μάλιστα
1048 3163 1330 3233 πιεζούσης
1366 3165 1522 3218 αὐτὸν
1548 3165 1650 3216 τόδ’
1679 3199 1716 3249 C

131 3249 187 3326 ἦν
201 3255 322 3325 ἄρα,
342 3257 404 3309 τὸ
435 3255 644 3326 μηδένα
669 3253 800 3322 μηδὲ
823 3253 925 3306 τῶν
945 3255 1128 3306 αἰσίων
1156 3256 1246 3306 καλ⁸
1285 3253 1466 3317 δεξιῶν
1493 3253 1652 3322 ἀγγέ-

129 3345 240 3409 λων,
295 3347 427 3417 μηδὲ
487 3346 594 3416 μὴν
646 3343 754 3395 τῶν
791 3343 945 3397 θείων
983 3343 1273 3412 δυνάμεων,
1312 3343 1507 3416 τολμᾷν
1535 3347 1650 3402 ἐπι-

127 3431 309 3487 ϐαίνειν
338 3437 452 3496 τοῖς
486 3431 579 3484 τοῦ
618 3431 842 3484 θανάτου
875 3429 1170 3499 βασιλείοις,
1217 3431 1344 3500 μηδὲ
1384 3434 1651 3504 συνεργεῖν

126 3522 206 3574 επὶ
251 3522 478 3593 βοηθείᾳ
523 3521 633 3574 τῶν
683 3519 863 3572 αὐτόθι
909 3518 1108 3586 ψυχῶν.
1160 3519 1316 3587 Μόνῳ
1363 3519 1467 3590 γὰρ
1509 3519 1651 3594 αὐτῷ

127 3609 252 3663 τοῦτ’
277 3613 518 3684 ἀτρεμὲς
542 3607 632 3681 ἦν,
669 3608 787 3662 ἐπεὶ
827 3609 918 3661 καὶ
951 3608 1090 3677 μόνῳ
1115 3607 1450 3677 ἠνεῴχθησαν
1496 3609 1650 3666 πύλαι

120 3696 357 3764 θανάτου,
386 3703 490 3756 καὶ
520 3699 678 3770 μόνον
697 3699 855 3751 αὐτὸν
876 3697 1106 3766 πυλωροὶ
1131 3697 1256 3768 ᾅδου
1285 3697 1472 3760 ἰδόντες
1494 3698 1652 3767 ἐπτη-

123 3782 227 3850 ξαν,
258 3789 422 3850 αὐτός
457 3805 520 3840 τε
545 3791 573 3840 6
600 3787 661 3839 τὺ
695 3786 888 3856 κράτος
929 3785 1062 3854 έχων
1086 3783 1184 3836 τοῦ
1219 3783 1458 3847 Θανάτου,
1490 3787 1652 3838 ὑπεκ-

121 3875 238 3936 στὰς
253 3875 362 3928 τῶν
383 3875 675 3945 βασιλείων
703 3873 921 3944 θρόνων,
943 3871 1036 3924 ᾶτε
1061 3872 1213 3940 μόνον
1232 3870 1388 3923 αὐτὸν
1408 3873 1654 3937 ἐπιγνοὺς

120 3962 301 4017 ἑαυτοῦ
330 3965 566 4034 Κύριον,
610 3961 864 4032 ἐλάλησεν
896 3959 1040 4028 αὐτῴ
1077 3959 1249 4029 δεήσει
1291 3959 1383 4011 καὶ
1415 3959 1654 4029 ἱκετηρία

120 4053 385 4122 μαλακῶς,
403 4053 630 4111 κατὰτὰ
650 4051 807 4124 δηλού
817 4069 946 4122 μεινα
973 4053 1030 4103 έν
1047 4049 1122 4120 τῷ
1155 4048 1271 4102 Ἰὼϐ
1294 4048 1650 4118 περὶτούτων.

118 4139 254 4212 Πλὴν
279 4144 419 4200 ἀλλά
451 4143 552 4214 τὴν
584 4141 755 4210 ἀσεσῆ
795 4140 887 4194 τοῦ
913 4139 1168 4210 τυράννου
1211 4137 1654 4190 καταδυναστείαν

110 4233 356 4286 τοσοῦτον
401 4233 549 4307 ὀρῶν
593 4231 892 4302 ἰσχύουσαν,
928 4231 1000 4292 ὡς
1042 4229 1236 4298 μηδένα
1275 4227 1428 4282 ἄλλον
1458 4226 1654 4297 τολμᾷν

113 4320 213 4372 τῶν
237 4325 359 4376 κατ’
385 4321 620 4392 οὐρανὸν
647 4322 704 4373 ὲν
725 4323 836 4382 τοῖς
863 4318 1042 4372 αὐτόθι
1067 4318 1277 4390 χωρίοις
1301 4319 1654 4386 συμπαρεῖναι

111 4411 271 4481 αὐτῷ,
305 4416 406 4467 καὶ
437 4416 506 4483 τῇ
535 4411 643 4466 τῶν
671 4409 852 4464 αὐτόθι
882 4408 1061 4478 ψυχῶν
1094 4409 1364 4477 συνεργεῖν
1397 4405 1650 4476 σωτηρίᾳ,

1753 1921 1948 1977 quanta
1995 1912 2226 1966 nondum
2273 1911 2515 1972 antehac,
2580 1911 2731 1966 adest
2777 1921 2936 1981 atque
2983 1915 3269 1986 appropinq

1746 2009 1898 2073 quat,
1929 2017 2046 2069 quae
2067 2001 2472 2070 comprehendit
2504 2001 2636 2068 jam,
2669 2011 2720 2054 et
2747 2002 2875 2054 mihi
2906 2003 3068 2055 instat
3093 2011 3268 2059 extre.

1754 2104 1838 2141 ma
1889 2090 2124 2142 omnium
2179 2089 2476 2144 immodicae
2533 2105 2664 2144 mea!
2725 2089 3022 2144 amictiouis
3075 2095 3264 2155 nubes,

1747 2176 1930 2246 Neque
1959 2179 2098 2231 enim
2143 2194 2238 2248 ego
2293 2194 2386 2248 per
2429 2177 2762 2232 amictionem
2791 2179 2930 2232 hanc
2979 2196 3096 2248 quae
3127 2195 3268 2236 nunc

1751 2279 1836 2318 me
1890 2265 2216 2328 circumstat,
2271 2281 2482 2320 crucem
2555 2267 2722 2334 ipsam
2781 2265 3036 2336 intelligo,
3094 2283 3267 2344 neque

1749 2353 1944 2420 probra
1975 2368 2040 2407 ex
2071 2353 2394 2416 hom‘ini‘bus,
2435 2370 2606 2424 neque
2653 2355 2898 2417 ludibria,
2944 2370 3114 2424 neque
3140 2371 3266 2409 vero

1749 2457 1812 2496 ea
1839 2458 1956 2512 quae
1980 2454 2100 2498 ante
2124 2458 2332 2497 crucem
2365 2444 2494 2497 mihi
2522 2443 2850 2506 acciderunt,
2871 2443 3098 2514 ﬂagella,
3131 2461 3266 2500 con-

1743 2532 1996 2586 tumelias
2025 2540 2077 2586 et
2128 2532 2232 2584 alia
2276 2547 2607 2600 quaecunque
2651 2530 2960 2585 debacchati
2987 2541 3109 2586 sunt
3133 2548 3266 2587 con-

1751 2629 1832 2674 tra
1855 2637 1936 2675 me
1958 2622 2061 2674 .lilii
2104 2619 2399 2682 hominum,
2447 2621 2546 2676 sed
2593 2621 2745 2674 video
2784 2631 2902 2690 post
2947 2623 3265 2681 solutionem

1749 2709 1988 2774 corporis
2021 2709 2071 2760 in
2103 2708 2215 2776 ipsa
2242 2717 2411 2762 morte
2457 2715 2510 2760 et
2538 2707 2604 2760 ad
2639 2706 2838 2762 inferos
2869 2707 3130 2762 descensu
3169 2724 3266 2778 ap.-

1746 2797 2184 2866 pmpinquantem
2235 2797 2658 2851 adversariarum
2699 2808 2750 2850 et
2781 2797 3116 2851 iuimicarum
3160 2799 3268 2858 Deo

1751 2891 2069 2952 potestatum
2117 2885 2428 2939 insolentem
2459 2885 2737 2954 impetum.
2788 2885 3120 2956 Quapmpter
3147 2887 3267 2940 dico

1749 2974 2080 3029 all‘lictionem
2118 2977 2177 3027 in
2212 2975 2456 3042 proximo
2487 2990 2626 3037 esse,
2690 2993 2708 3025 ι
2736 2977 2987 3045 quoniam
3025 2993 3130 3030 non
3183 2987 3266 3034 est

1749 3063 1838 3130 qui
1878 3064 2106 3130 adjuvet.
2142 3061 2288 3126 rQui
2312 3067 2450 3118 enim
2483 3063 2593 3117 ﬁeri
2626 3071 2818 3132 potest,
2851 3073 2908 3116 ut
2936 3080 3041 3118 non
3086 3064 3270 3122 immo.-

1749 3149 1871 3202 dica
1907 3158 1958 3201 et
2007 3151 2232 3202 maxima
2285 3151 2395 3216 ipsa
2451 3152 2537 3203 illa
2585 3151 2744 3206 fuerit
2784 3153 3016 3212 afﬂictio.
3067 3155 3120 3208 in
3159 3171 3266 3224 qua

1750 3253 1854 3289 non
1887 3237 2046 3289 fuerit
2079 3238 2168 3304 qui
2205 3239 2480 3300 adiuvaret
2503 3239 2526 3290 ἰ
2549 3239 2636 3294 ille
2660 3242 2798 3294 enim
2829 3256 2926 3310 pro
2947 3258 3130 3297 earum
3157 3227 3266 3307 ani.-

1747 3341 1951 3378 marum
1977 3327 2148 3379 salute
2181 3327 2482 3388 accedebat,
2514 3343 2630 3401 quae
2655 3329 2794 3397 apud
2828 3331 3026 3388 inferos
3048 3349 3110 3386 ex
3145 3335 3263 3389 lon-

1747 3417 1962 3485 εἰδείηιο
2013 3426 2250 3486 tempore
2301 3417 2582 3472 adventum
2639 3419 2756 3487 ejus
2785 3423 3177 3490 exspectabant,
3213 3431 3267 3476 et

1747 3505 2099 3560 descendebat
2156 3506 2298 3562 fores
2347 3525 2514 3566 aereas
2549 3510 2896 3570 contriturus,
2919 3519 2972 3564 et
2995 3521 3172 3564 vectes
3193 3528 3268 3564 ae-

1750 3609 1870 3650 reos
1894 3596 2287 3660 contracturus,
2318 3609 2368 3652 et
2391 3614 2502 3660 eos,
2525 3600 2614 3668 qui
2633 3607 2786 3658 antea
2803 3601 2960 3654 vincti
2978 3602 3113 3668 apud
3137 3601 3267 3655 infe,

1751 3701 1836 3738 ros
1864 3693 2034 3746 erant,
2066 3687 2118 3738 in
2150 3688 2442 3742 libertatem
2481 3673 2866 3749 vindicaturus,
2906 3689 3058 3756 'quod
3091 3691 3262 3758 ipsum

1749 3776 1906 3829 etiam
1966 3779 2158 3830 factum
2195 3785 2296 3838 est,
2325 3776 2538 3846 quando
2583 3778 2748 3840 multa
2796 3793 3020 3848 corpora
3075 3795 3262 3834 eorum

1749 3867 1838 3932 qui
1885 3865 2212 3919 dormiet-aut
2260 3852 2567 3930 sanctorum
2615 3869 2907 3936 surgentia,
2945 3871 3100 3925 simul
3141 3887 3264 3924 cum

1750 3970 1813 4008 eo
1845 3956 2080 4024 ingressa
2121 3963 2246 4010 sunt
2294 3955 2348 4014 in
2399 3972 2518 4010 vere
2555 3965 2794 4012 sanctam
2837 3956 2928 4012 Dei
2973 3959 3262 4023 civitatem,

1753 4046 2094 4100 adversantes
2121 4059 2245 4100 vero
2265 4053 2552 4119 potestates
2577 4055 2634 4100 ut
2659 4046 2963 4101 hominibus
2986 4055 3261 4112 nocerent,

1749 4144 1931 4187 contra
1985 4135 2132 4188 illum
2162 4135 2316 4203 quasi
2365 4135 2423 4187 in
2457 4135 2572 4189 acie
2627 4136 2930 4199 veniebant,
2977 4150 3262 4190 mmrorem

1749 4237 1856 4274 non
1882 4237 2098 4290 parvum
2125 4230 2282 4290 atque
2302 4220 2635 4275 aﬂiictionem
2655 4223 2726 4275 illi
2749 4221 3050 4284 ali'erentcs,
3070 4223 3266 4296 quippe

1751 4309 1840 4377 qui
1879 4309 2037 4362 etiam
2078 4309 2200 4363 illas
2251 4307 2412 4360 nimia
2451 4307 2688 4362 bonitate
2721 4306 2956 4362 deﬁeret.
3003 4305 3264 4362 Caeterum

1751 4399 1964 4452 attende
2013 4412 2298 4467 quemnam
2346 4397 2400 4450 in
2445 4398 2662 4450 modqu
2722 4405 2915 4452 cuncta
2971 4397 3080 4457 [uec
3123 4395 3266 4449 dicta

113 4503 330 4566 εἰκότως
367 4505 559 4573 φησιν·
595 4522 616 4554 ι
659 4503 779 4554 ’Ότι
807 4499 979 4568 θλίψις
1003 4499 1183 4566 ἐγγὺς,
1212 4498 1290 4548 ὅτι
1323 4498 1420 4549 οὐκ
1449 4496 1588 4548 ἔστιν
1623 4497 1650 4546 6

1751 4489 1879 4553 sint,
1911 4489 2062 4556 quasi
2089 4504 2153 4542 ex
2192 4502 2417 4556 persona
2447 4487 2564 4555 eius
2593 4487 2682 4558 qui
2705 4491 2758 4540 in
2777 4497 2942 4542 .utero
2983 4488 3048 4548 sit
3091 4495 3268 4555 gesta-

111 4587 336 4660 βοηθῶν,
361 4611 383 4644 ι
412 4591 532 4654 ἑνὸς
559 4590 718 4660 μόνου
745 4587 836 4640 τοῦ
861 4588 1072 4640 κάκεῖσε
1107 4585 1312 4655 βοηθεῖν
1333 4583 1475 4652 αὐτῷ
1499 4584 1652 4636 δυνα-

113 4680 290 4747 μένου,
326 4679 782 4740 καταλελοιπότος
807 4677 984 4738 αὐτὸν,
1015 4675 1086 4738 ὡς
1108 4675 1171 4727 ἂν
1192 4677 1266 4736 εἰς
1296 4675 1495 4737 πάντας
1523 4674 1651 4734 ἀνα-

108 4769 408 4839 κηρυχθείη
454 4770 515 4822 τὸ
556 4768 802 4839 λαμπρὸν
841 4767 932 4819 καὶ
967 4763 1229 4836 ἐξαίρετον
1259 4763 1353 4836 τῆς
1390 4763 1519 4824 ἰδίας
1556 4762 1652 4814 αὖ-

108 4857 196 4909 τοῦ
230 4859 631 4928 προαιρέσεως,
678 4858 776 4927 τῆς
821 4873 879 4908 τε
923 4855 1058 4908 κατά
1105 4854 1312 4906 πάντων
1350 4851 1518 4921 νίκης.
1547 4853 1654 4904 Καὶ

109 4945 410 5017 ἐπειδήπερ
470 4949 496 4999 ὁ
550 4947 707 5016 μόνος
764 4941 910 5012 αὐτῷ
957 4941 1159 5012 βοηθεῖν
1217 4941 1499 5017 δυνάμενος
1557 4941 1655 4992 οὐκ

108 5029 172 5103 ἦν
206 5016 384 5106 abet?
406 5036 532 5088 τότε
579 5033 789 5104 βοηθὸς,
831 5031 1048 5092 εἰκότως
1080 5029 1366 5100 ἀρχόμενος
1397 5016 1542 5096 ἔλεγε
1573 5029 1652 5090 τδ,

115 5114 342 5187 «Ἠλεὶ,
414 5125 598 5186 Ἠλεὶ,
657 5122 848 5190 λαμμᾶ
901 5119 1224 5188 σαϐαχθανὶ,
1250 5137 1268 5168 ι
1321 5117 1462 5170 τοῦτ’
1510 5118 1650 5182 ἔστι·

117 5216 256 5268 ιΘεέ
289 5233 434 5286 μου,
480 5215 580 5269 Θεέ
609 5229 714 5283 μου
733 5251 748 5273 ,
781 5211 867 5264 ἵνα
888 5209 938 5264 τί
973 5207 1310 5279 ἐγκατέλιπές
1355 5223 1450 5278 μες
1475 5226 1494 5257 ι
1531 5208 1655 5260 συλ-

110 5299 516 5372 λαμϐανομινῳ
576 5300 678 5370 μὲν
721 5292 812 5349 οῦν
859 5297 952 5349 καὶ
991 5294 1394 5365 κυοφορουμένῳ
1429 5295 1531 5347 ὐπὸ
1558 5295 1654 5362 τῆς

116 5391 270 5457 ἁγίας
317 5389 611 5462 Παρθένου
649 5385 730 5454 τῷ
764 5384 1058 5456 δηλουμένῳ
1093 5388 1126 5456 ἡ
1178 5383 1407 5454 πατρικὴ
1437 5383 1657 5466 δύναμις

118 5482 274 5551 συνῆν
297 5521 315 5544 ,
369 5481 472 5533 ὅτε
505 5473 738 5542 Πνεῦμα
770 5472 914 5539 ἅγιον
939 5475 1132 5544 ἐπῆλθε
1157 5476 1222 5543 τῇ
1254 5471 1530 5543 Παρθένῳ,
1567 5475 1656 5525 καὶ

118 5567 337 5638 δύναμις
383 5567 652 5636 Ὑψίστου
685 5563 992 5615 ἐπεσκίασεν
1026 5564 1189 5632 αὐτῇ,
1224 5559 1378 5623 αὐτός
1403 5575 1460 5610 τε
1495 5560 1524 5610 6
1545 5561 1656 5613 Πα-

118 5659 216 5730 τὴρ
239 5661 334 5712 τδν
367 5657 722 5728 γεννώμενον
742 5691 758 5712 ,
789 5651 859 5713 ὡς
901 5653 927 5705 6
967 5652 1114 5720 λόγος
1150 5653 1510 5724 παρέστησεν.
1553 5650 1660 5703 ἀπὸ

124 5749 212 5815 τῆς
245 5747 488 5816 γαστρὸς
520 5741 828 5805 ἐξέσπασεν
849 5753 862 5766 ·
918 5739 1264 5810 ἀποδιδομένου
1302 5737 1355 5785 δὲ
1386 5733 1530 5803 παρὰ
1567 5736 1657 5786 τὸν

433 5841 721 5898 Parnm»
767 5831 873 5888 Gn.
905 5834 948 5889 Χ
963 5835 1098 5896 ΧΠ.

1748 4585 1854 4641 tus,
1887 4584 1940 4631 et
1961 4577 2026 4628 de
2052 4584 2236 4631 ventre
2265 4578 2452 4630 matris
2479 4587 2654 4641 natus,
2685 4585 2738 4630 et
2767 4591 2925 4652 quem
2957 4575 3266 4635 dicebamus

1749 4682 1868 4722 esse
1914 4667 2119 4732 Agnum
2171 4665 2282 4721 Dei.
2340 4666 2474 4721 liuic
2503 4669 2642 4721 enim
2698 4667 2798 4734 ipsi
2848 4665 2920 4716 ita
2959 4663 3268 4724 acciderunt

1750 4770 1866 4824 quae
1911 4754 1976 4806 ad
2016 4755 2318 4822 passionem
2363 4763 2626 4826 spectant,
2667 4739 3109 4822 quemadmodum
3149 4765 3269 4818 quae

1751 4843 1818 4897 ad
1849 4849 2024 4896 ortum
2057 4842 2112 4894 in
2149 4857 2373 4912 corpore
2403 4841 2820 4902 conveniebant;
2857 4853 2978 4890 nam
3005 4837 3144 4905 quod
3170 4850 3262 4889 or-

1752 4943 1862 4987 tum
1893 4938 1994 4992 est,
2037 4931 2090 4984 id
2118 4917 2276 4984 etiam
2313 4931 2548 4995 occidit;
2579 4928 2719 4998 quod
2749 4941 2874 4980 vero
2899 4927 3116 4988 occidit,
3161 4941 3266 4980 non

1753 5019 1884 5072 alias
1913 5024 2136 5070 mortem
2177 5017 2459 5084 contingit,
2511 5029 2672 5086 quam
2717 5014 2761 5068 si
2793 5013 2941 5082 prius
2970 5028 3062 5082 per
3091 5020 3267 5066 ortum

1753 5109 2050 5178 ingressum
2087 5106 2177 5159 sit.
2223 5105 2344 5159 llaec
2373 5106 2534 5182 igitur
2563 5105 2781 5178 exponit
2809 5104 3052 5157 Salvator
3077 5117 3140 5156 ac
3165 5101 3270 5155 Do-

1752 5201 1931 5253 minus
1966 5206 2168 5258 noster,
2203 5211 2309 5259 non
2345 5206 2606 5266 quatenus
2636 5201 2690 5248 et
2718 5193 2897 5248 carnis
2940 5200 2992 5247 et
3031 5195 3270 5258 corporis

1753 5304 1940 5358 expers
1983 5296 2098 5342 erat
2149 5296 2362 5344 natura.
2394 5302 2565 5364 neque
2603 5294 2867 5365 quatenus
2911 5283 3002 5337 Dei
3038 5280 3269 5336 Verbum

1755 5380 1999 5448 Deosque
2049 5377 2164 5446 ipse
2217 5377 2544 5438 intelligitur,
2587 5375 2680 5430 sed
2737 5382 3002 5442 quatenus
3041 5372 3271 5426 idoneus

1753 5475 1868 5522 erat
1895 5467 1947 5518 in
1975 5465 2217 5519 oratione
2239 5463 2303 5516 ad
2332 5463 2538 5518 Patrem
2567 5463 2772 5518 dicere:
2791 5461 2946 5542 502
2969 5481 2984 5510 ι
3011 5461 3271 5528 Quoniam

1755 5568 1810 5612 tu
1866 5573 1928 5613 es
1981 5557 2074 5625 qui
2111 5555 2391 5610 extraxisti
2445 5571 2530 5610 me
2561 5555 2628 5609 de
2654 5563 2859 5615 ventre,
2891 5569 3016 5620 spes
3063 5567 3178 5608 mea
3207 5559 3272 5606 alt

1757 5647 2011 5702 uberibus
2063 5645 2252 5699 matris
2309 5661 2460 5700 meae.
2519 5642 2576 5698 In
2629 5651 2682 5703 te
2727 5643 2996 5714 proiectus
3041 5655 3160 5695 sum
3206 5653 3270 5692 ex

1761 5749 1926 5791 utero.
1965 5734 2035 5788 Es
2071 5743 2252 5790 ventre
2281 5736 2468 5790 matris
2507 5730 2819 5789 incae'Deus
2861 5746 3021 5805 meus
3055 5729 3268 5788 estita
