3782 6364
94 379 217 429 781

991 386 1621 451 DEMONSTRATIONIS
1662 387 2104 447 EVANGELICA‘I
2140 389 2269 443 LIB.
2313 390 2382 446 Χ.

3176 393 3282 448 ’ἔδὲ

88 492 364 556 ελέπων,
419 496 494 558 ὡς
523 497 686 564 ἐγγὺς
715 498 767 556 δὲ
798 501 889 558 καὶ
920 500 1135 570 πλησίον
1157 503 1258 570 ἤδη
1286 501 1486 554 ἑστῶτα
1505 543 1519 564 ,
1571 504 1649 554 καὶ

1760 503 1859 556 hoc
1890 503 2058 571 ipsum
2086 501 2160 553 illi
2213 502 2519 554 testiﬁcanti
2548 501 2703 554 credo
2721 519 2738 552 σε
2772 518 2895 555 nam
2923 502 3051 565 illud
3082 517 3098 553 ι
3132 500 3278 565 «ΕΗ,

91 583 553 652 περικυκλοῦντα
585 587 738 639 αὑτὸν
760 628 774 648 ,
827 589 1023 656 ἔλεγεν.
1058 588 1215 652 Αὖθις
1240 591 1294 642 δὲ
1325 590 1664 644 ἐπαναλαϐὼν

89 671 170 723 τὰ
207 671 315 742 ἤδη
355 677 823 746 προπεπραγμένα
857 679 933 740 εἰς
963 679 1057 748 τὴν
1079 679 1181 731 τῶν
1213 679 1498 748 μελλόντων
1533 698 1666 750 συμε-

89 760 382 831 εήσεσθαι
413 766 762 834 παραμυθίαν
784 807 797 830 ,
827 762 912 819 οἷα
945 770 1222 838 ὑπέμεινεν
1255 769 1658 833 ἐπιϐουλευθεὶς,

85 850 359 905 διδάσκει
393 853 590 920 λέγων’
631 874 648 904 ι
681 858 795 908 Ὅτι
830 858 1131 911 ἐκύκλωσαν
1173 877 1238 928 με
1275 859 1429 921 κύνες
1463 860 1659 923 πολλοὶ,

88 942 408 1012 συναγωγὴ
438 946 874 1014 πονηρευομένων
896 948 1169 1017 περιέσχον
1192 965 1254 1017 με
1274 967 1285 978 ·
1301 968 1318 999 ι
1341 948 1423 1001 διὰ
1444 949 1658 1012 τούτων,

87 1033 173 1095 ὡς
203 1032 365 1094 εἰκὸς
385 1073 399 1095 ,
423 1033 600 1102 δηλῶν
626 1034 754 1103 ὁμοῦ
781 1037 876 1103 μὲν
904 1037 994 1090 καὶ
1015 1039 1132 1099 τοὺς
1157 1037 1475 1106 στρατιώτας
1495 1078 1508 1098 ,
1529 1038 1658 1109 όμοῦ

85 1122 158 1175 δὲ
183 1122 291 1175 καὶ
323 1123 459 1183 τοὺς
487 1125 552 1174 ἐκ
586 1124 876 1193 περιτομῆς
910 1127 1300 1189 ἐπαναστάντας
1332 1127 1493 1195 αὐτῷ.
1561 1148 1579 1179 ι
1600 1130 1659 1181 Οἱ

91 1211 200 1279 μὲν
234 1211 310 1277 γα
320 1228 354 1280 ρ
380 1213 709 1282 στρατιῶται
735 1215 822 1266 τοῦ
846 1215 1066 1274 Πιλάτου
1091 1255 1105 1278 ,
1157 1217 1545 1287 παραλαϐόντες
1571 1219 1660 1272 τὸν

100 1299 328 1370 Ἰησοῦν
358 1302 444 1362 είς
473 1301 536 1353 τὸ
564 1302 909 1373 πραιτώριον,
938 1307 1227 1375 συνήγαγον
1249 1307 1372 1376 ὃλην
1392 1307 1485 1377 τὴν
1509 1310 1658 1360 σπεῖ-

92 1406 197 1458 ραν
226 1390 320 1441 ἐπ’
349 1391 540 1444 αὐτόν.
592 1392 699 1444 Καὶ
727 1393 1034 1457 ἐκδύσαντες
1065 1395 1236 1459 αὐτὸν,
1265 1395 1501 1465 χλαμύδα
1532 1416 1658 1451 κοκ-

88 1480 258 1546 κίνην
287 1479 634 1550 περιέθηκαν
663 1479 823 1548 αὐτῷ.
888 1483 993 1534 Καὶ
1026 1482 1303 1548 πλέξαντες
1328 1485 1574 1553 στέφανον
1601 1488 1658 1551 ἐξ

86 1567 356 1621 ἀκανθῶν
382 1568 662 1637 ἐπέθηκαν
689 1572 777 1622 ἐπὶ
800 1573 894 1640 τῆς
917 1572 1146 1639 κεςαλῆς
1173 1574 1328 1626 αὐτοῦ
1348 1614 1362 1637 ,
1391 1577 1482 1633 καὶ
1506 1577 1661 1630 κάλαο

89 1673 194 1724 μον
230 1657 292 1706 ἐν
319 1659 392 1732 τῇ
422 1658 570 1727 χειρί
600 1660 778 1718 αὑτοῦ.
851 1662 953 1712 Καὶ
977 1663 1428 1731 γονυπετήσαντες
1457 1664 1658 1734 ἔμπρο-

88 1745 220 1797 σθεν
249 1747 325 1798 αὖ
339 1746 454 1810 τοῦ,
482 1748 759 1812 ἐνέπαιζον
809 1749 953 1819 αὐτῷ
991 1749 1226 1817 λέγοντες
1249 1768 1262 1780 ’
1304 1753 1488 1822 Χαῖρε,
1512 1755 1540 1804 ό
1565 1753 1657 1822 βα-

88 1834 278 1892 σιλεὺς
314 1834 435 1887 τῶν
480 1837 764 1892 Ἰουδαίων.
843 1840 946 1891 Καὶ
983 1840 1343 1907 ἐμπτύσαντες
1375 1845 1452 1907 είς
1477 1845 1652 1905 αὐτὸν,

87 1924 289 1978 ἔλαϐον
337 1926 438 1977 τὸν
470 1927 712 1996 κάλαμον
740 1967 755 1991 ,
810 1930 899 1981 καὶ
929 1930 1148 1983 ἔτυπτον
1180 1935 1256 1994 είς
1299 1934 1395 2004 τὴν
1425 1935 1654 2006 κεφαλὴν

86 2015 280 2068 αὐτοῦ.
354 2017 474 2069 Καὶ
525 2017 612 2070 ὅτε
650 2017 928 2085 ἐνέπαιξαν
963 2021 1144 2091 αὐτῷ,
1203 2024 1449 2089 ἐξέδυσαν
1502 2029 1656 2081 αὑτὸν

86 2105 184 2174 τὴν
231 2105 499 2175 χλαμύδα
528 2146 543 2169 ,
581 2107 674 2158 καὶ
703 2107 946 2161 ἐνέδυσαν
973 2111 1128 2163 αὐτὸν
1157 2112 1223 2164 τὰ
1252 2113 1434 2180 ἱμάτια
1457 2117 1614 2169 αὐτοῦ
1633 2135 1651 2156 ο·

85 2197 180 2247 καὶ
221 2197 532 2264 ἀπήγαγον
571 2197 729 2248 αὐτὸν
765 2199 842 2260 είς
883 2199 942 2250 τὸ
981 2201 1300 2271 σταυρῶσαι·
1334 2221 1350 2253 ι
1387 2209 1656 2276 μονονουχὶ

86 2284 237 2354 ἔργῳ
306 2284 656 2354 πληροῦντες
703 2285 759 2338 τὺ
784 2327 798 2349 ,
867 2306 884 2337 ι
911 2290 1029 2342 "Ott
1061 2290 1366 2346 ἐκύκλωσαν
1401 2311 1466 2362 με
1501 2296 1656 2358 κύνες

86 2373 278 2425 πολλοὶ
303 2411 319 2434 ,
363 2373 658 2442 συναγωγὴ
713 2379 1143 2446 πονηρευομένων
1174 2382 1448 2452 περιέσχον
1508 2401 1603 2453 με’
1629 2403 1649 2435 ι

84 2462 221 2513 ἀλλὰ
262 2463 368 2520 καὶ
413 2461 501 2525 τὸ,
559 2481 577 2512 ι
605 2462 834 2531 Ὠρυξαν
867 2466 1047 2535 χεῖράς
1083 2485 1180 2536 μου
1216 2469 1306 2521 καὶ
1339 2471 1498 2534 πόδας
1534 2490 1652 2541 μου,

83 2549 486 2626 ὲξηρίῦμησαν
545 2555 718 2607 πάντα
769 2554 835 2606 τὰ
888 2556 1017 2609 ὀστᾶ
1068 2575 1200 2626 μου·
1238 2579 1255 2609 ι
1309 2561 1399 2612 καὶ
1453 2561 1529 2613 ἔτι
1573 2563 1652 2625 τὸ,

93 2663 110 2696 ι
143 2647 319 2698 Αὐτοὶ
377 2646 438 2698 δὲ
487 2645 818 2714 κατενόησαν
866 2646 955 2697 καὶ
1000 2648 1203 2700 ἐπεῖδόν
1245 2666 1342 2719 με,
1369 2669 1392 2700 ι
1441 2652 1532 2703 καὶ
1562 2653 1652 2713 τὸ,

92 2757 111 2789 ι
143 2737 559 2808 Διεμερίσαντο
599 2735 670 2787 τὰ
709 2736 896 2804 ἱμάτιά
927 2754 1023 2806 μου
1064 2740 1286 2800 ἑαυτοῖς,
1322 2741 1410 2793 καὶ
1448 2741 1537 2792 ἐπὶ
1566 2740 1654 2794 τὸν

86 2828 396 2899 ίματισμὸν
424 2843 531 2896 μου
560 2826 747 2879 ἔϐαλον
770 2826 984 2896 κλῆρον,
1009 2847 1026 2878 ι
1064 2825 1211 2891 αὖθις
1235 2829 1544 2899 ἐπληροῦτο,
1567 2831 1653 2885 ὅτε

84 2920 236 2988 ἥλοις
263 2916 450 2971 αὐτοῦ
490 2915 590 2978 τὰς
620 2919 804 2986 χεῖρας
843 2916 934 2974 καὶ
969 2918 1092 2979 τοὺς
1127 2917 1282 2981 πόδας
1323 2918 1398 2987 τῷ
1443 2919 1653 2989 σταυρῷ

87 3009 463 3077 κατέπειραν,
509 3006 602 3058 καὶ
637 3005 869 3075 ὁπηνίκα
900 3004 966 3065 τα
995 3006 1179 3076 ἱμάτια
1213 3007 1375 3059 αὑτοῦ
1406 3008 1652 3070 λαϐόντες

83 3098 489 3169 διεμερίσαντο
551 3095 778 3156 ἑαυτοῖς.
851 3094 907 3146 '0
967 3093 1095 3165 γοῦν
1151 3095 1393 3164 Ἰωάννης
1453 3097 1649 3166 ἱστορεί

84 3187 289 3254 λέγων·
335 3203 357 3234 ι
393 3186 457 3236 Οἱ
496 3177 589 3234 οὖν
637 3180 990 3252 στρατιῶται,
1040 3182 1125 3233 ὅτε
1174 3182 1512 3252 ἐσταύρωσαν
1561 3186 1650 3238 τὸν

93 3275 352 3346 Ἰησοῦν,
413 3270 607 3324 ἔλαϐον
654 3270 722 3324 τὰ
777 3272 961 3340 ἱμάτια
1009 3270 1199 3333 αὐτοῦ,
1259 3273 1346 3324 καὶ
1399 3274 1650 3344 ἐποίησαν

84 3365 336 3435 τέσσαρα
372 3362 540 3432 μέρη,
569 3361 782 3430 ἑκάστῳ
811 3359 1106 3436 στρατιώτῃ
1133 3360 1308 3431 μέρος.
1331 3362 1429 3414 Τὸν
1449 3363 1651 3436 ,χιτῶνα

82 3454 157 3516 δέ,
187 3455 274 3506 ὅτι
306 3454 570 3522 ἄρραιρος
596 3445 684 3520 ἦν,
719 3451 782 3501 ἐκ
806 3449 910 3501 τῶν
937 3449 1134 3502 ἄνωθεν
1163 3451 1388 3518 ὑφαντὸς
1415 3451 1478 3504 δι’
1508 3453 1648 3515 ὅλου,

83 3541 238 3601 εἷπον
288 3542 441 3612 πρὸς
489 3538 747 3609 ἀλλήλους
771 3555 782 3567 ·
832 3538 920 3616 Mi)
969 3538 1232 3612 σχίσωμεν
1284 3539 1460 3601 αὑτὸν,
1519 3539 1650 3592 ἀλλὰ

81 3633 349 3703 λάχωμεν
399 3629 532 3700 περὶ
585 3627 746 3680 αὐτοῦ
792 3627 932 3689 τίνος
955 3627 1132 3689 ἔσται,
1185 3628 1267 3681 ἵνα
1307 3627 1556 3698 πληρωθῇ
1612 3630 1648 3696 ἡ

80 3722 278 3794 Γραφὴ
314 3722 352 3790 ἡ
382 3719 622 3786 λέγουσα
643 3733 656 3746 ⁶
689 3718 1064 3787 Διεμερίσαντο
1089 3717 1154 3769 τὰ
1185 3718 1368 3786 ἱμάτιά
1397 3735 1495 3787 μου
1521 3721 1649 3770 tau.-

79 3797 192 3873 τοῖς
212 3850 226 3870 ,
279 3809 387 3862 καὶ
431 3808 529 3858 ἐπὶ
576 3804 668 3857 τὸν
715 3804 996 3874 ἱματισμόν
1055 3821 1152 3873 μου
1208 3803 1388 3864 ἔϐαλον
1434 3804 1647 3874 κλῆρον.

79 3901 140 3953 Οί
213 3901 324 3970 μὲν
398 3894 496 3950 οὖν
569 3894 891 3964 στρατιῶται
949 3893 1113 3946 ταῦτα
1171 3895 1400 3947 ἐποίουν.
1448 3913 1466 3946 ι
1546 3896 1651 3949 Καὶ

77 3989 380 4050 Ματθαῖος
424 3986 484 4038 δὲ
529 3988 642 4046 τοῖς
682 3983 1053 4052 γεγενημένοις
1099 3982 1281 4036 τοῦτον
1325 3984 1412 4036 τὸν
1458 3986 1650 4055 τρόπον

82 4080 373 4150 μαρτυρεῖ
404 4075 617 4142 λέγων·
669 4091 688 4123 ι
721 4072 1126 4142 Σταυρώσαντες
1167 4073 1221 4126 δὲ
1258 4074 1432 4137 αὐτὸν,
1477 4075 1652 4144 διεμες

78 4169 314 4240 ρίσαντο
342 4165 419 4218 τὰ
461 4163 653 4233 ἱμάτια
678 4161 861 4224 αὑτοῦ,
891 4162 1131 4231 βαλόντες
1155 4163 1366 4233 κλῆρον,
1396 4164 1478 4216 ἵνα
1516 4165 1651 4235 πληρ

77 4253 229 4324 ρωθῇ
269 4253 339 4304 τὸ
379 4248 550 4319 ῥηθὲν
589 4247 674 4299 διὰ
708 4246 800 4300 τοῦ
836 4249 1107 4316 προφήτου
1129 4265 1141 4277 °
1173 4251 1544 4321 Διεμερίσαντο
1585 4253 1653 4316 τᾲ

79 4341 282 4410 ἱμάτιά
337 4357 448 4412 μου
497 4339 705 4399 ἑαυτοῖς
731 4375 745 4398 ,
805 4338 894 4389 καὶ
945 4339 1032 4390 ἐπὶ
1076 4340 1163 4392 τὸν
1217 4340 1498 4410 ἱματισμόν
1551 4359 1648 4411 μου

1763 589 1866 651 Eli,
1903 590 2096 646 lamma
2150 588 2516 648 sabachthani,
2543 609 2559 638 ι
2595 592 2732 656 quod
2767 594 2832 644 ah
2869 594 2985 663 ipso
3033 593 3085 645 in
3117 606 3281 647 cruce

1761 677 1958 730 dictum
1992 687 2091 739 est,
2126 691 2332 730 necnon
2376 691 2406 729 a
2457 676 2660 744 psalmo
2689 680 2994 746 prophetice
3033 681 3280 735 enuntia-

1761 773 1890 827 tum,
1925 766 2152 832 ilemqne
2181 763 2321 834 quod
2349 763 2560 816 amictio
2586 779 2748 832 prope
2781 766 3014 833 adesset,
3045 776 3098 822 et
3135 767 3278 838 quod

1759 867 1867 907 non
1891 860 2031 905 esset
2061 852 2152 923 qui
2197 852 2476 920 .adjuvarct
2507 891 2522 912 ,
2575 852 2702 920 quid
2732 854 2942 910 tandem
2993 857 3097 911 sibi
3135 859 3278 911 aliud

1756 941 1961 1002 volunt,
1987 956 2143 1009 quam
2176 941 2315 1018 quod
2345 952 2593 1010 tanquam
2637 957 2858 1010 magnus
2884 952 3139 1009 .certator,
3169 957 3275 1000 tam

1758 1030 1938 1084 multis
1993 1031 2258 1096 tantisque
2309 1033 2633 1092 adversariis
2687 1033 2799 1102 ipse
2841 1044 2983 1088 esset
3013 1036 3278 1102 objectus,

1757 1121 2004 1189 praefecto
2026 1122 2141 1190 ejus
2159 1124 2466 1177 certaminis
2502 1132 2555 1176 ct
2601 1125 2769 1179 totius
2796 1126 2989 1200 negotii
3017 1128 3276 1196 guberna-

1748 1217 1871 1262 tore
1902 1225 2151 1279 supremo
2179 1212 2413 1271 omnium
2440 1209 2584 1263 Deo?
2618 1210 2896 1279 praesidem
2927 1227 3052 1280 ergo
3101 1228 3275 1266 rerum

1759 1300 2106 1369 gerendarum
2147 1311 2302 1369 atque
2325 1315 2651 1356 assessorem
2699 1303 3019 1371 precabatur
3045 1301 3274 1364 Patrem,

1759 1396 1815 1445 ut
1868 1391 2020 1457 quasi
2069 1391 2430 1458 peritissimus
2477 1391 2676 1459 Aliptes
2727 1392 2832 1446 sibi
2891 1392 3103 1446 adesset
3153 1400 3280 1446 tunc

1752 1481 2002 1540 maxime,
2035 1493 2154 1533 cum
2186 1483 2321 1535 alius
2349 1481 2446 1550 ipsi
2475 1482 2687 1550 adjutor
2707 1482 2897 1538 adesse
2928 1490 3138 1552 poterat
3160 1483 3280 1537 nul-

1752 1567 1858 1630 lus,
1897 1578 2086 1637 pratter
2108 1587 2276 1623 (unum
2302 1572 2473 1639 ipsum
2497 1572 2768 1639 quitotius
2794 1573 3147 1640 negotiiesset
3177 1589 3278 1642 gu-

1748 1656 2023 1714 bernator.
2054 1656 2314 1722 Quocirca
2342 1660 2465 1712 dum
2493 1666 2630 1722 orat,
2663 1659 2740 1716 sic
2765 1661 2837 1720 ajt
2864 1676 2876 1710 :
2912 1677 2930 1710 ι
2961 1660 3036 1715 Ne
3059 1662 3276 1717 recedas

1755 1760 1786 1799 a
1818 1763 1921 1812 me,
1957 1750 2206 1818 quoniam
2234 1749 2445 1803 afﬂictio
2479 1767 2648 1820 prope
2689 1752 2864 1814 adest,
2894 1754 3144 1821 quoniam
3173 1770 3276 1807 non

1755 1846 1835 1891 est
1863 1839 1951 1906 qui
1989 1838 2217 1906 adjuvet.
2250 1859 2268 1890 ι
2303 1839 2505 1897 Divinis
2535 1849 2710 1894 autem
2757 1842 2996 1895 oraculis
3027 1857 3272 1903 cernens.

1750 1937 1873 1977 cum
1899 1925 2070 1984 adhuc
2101 1925 2173 1977 illi
2221 1941 2413 1995 corpus
2461 1927 2515 1979 in
2549 1927 2692 1996 ligno
2742 1936 2884 1984 esset
2933 1945 3272 1998 suspensum,

1745 2013 2086 2067 extrinsecus
2115 2015 2319 2067 circum
2367 2015 2509 2073 hunc
2543 2029 2718 2070 aerem
2770 2027 3048 2072 versantes
3097 2019 3276 2072 incor-

1753 2116 1941 2170 porcas
1966 2113 2018 2156 et
2045 2104 2350 2158 hominibus
2379 2106 2669 2161 invisi-biles
2687 2115 3001 2176 potestates,
3023 2125 3139 2178 quae
3167 2111 3275 2164 cir-

1754 2207 1873 2244 cum
1904 2193 2076 2262 ipsum
2112 2196 2264 2263 quasi
2295 2195 2590 2250 crudivorae
2619 2213 2742 2252 aves
2769 2207 2820 2252 et
2856 2197 2976 2252 fera:
3023 2201 3272 2255 advolve-

1752 2279 1964 2341 bantur,
1988 2289 2040 2334 et
2066 2281 2128 2333 ad
2159 2289 2422 2334 mortuum
2453 2284 2559 2336 cito
2590 2282 2823 2337 futurum
2865 2285 3031 2353 ipsius
3057 2301 3272 2355 corpus,

1751 2369 1986 2437 undique
2015 2369 2340 2424 continentes
2371 2373 2700 2440 principatus
2732 2380 2784 2434 et
2815 2381 3103 2442 potestates
3135 2377 3273 2432 aeris

1754 2455 1912 2524 hujus
1947 2472 2008 2510 ac
2033 2458 2266 2526 spiritus,
2297 2459 2384 2527 qui
2404 2477 2541 2514 nunc
2565 2459 2846 2522 etﬁcaciam
2885 2478 3033 2517 suam
3063 2474 3272 2518 exercet

1752 2545 1806 2598 in
1838 2547 1959 2599 [iliis
1985 2551 2352 2607 contumaciae.
2383 2565 2477 2603 nec
2505 2565 2610 2603 non
2637 2551 2786 2604 circa
2821 2558 3016 2604 terram
3065 2567 3157 2620 per
3182 2560 3270 2604 to-.-

1748 2642 1863 2689 tum
1895 2636 2096 2698 orbem,
2127 2638 2216 2704 qui
2253 2638 2500 2691 incolitur
2537 2639 2609 2692 ab
2659 2639 2962 2694 hominibus
2993 2642 3271 2698 volitantes

1753 2723 2040 2787 daemones,
2066 2726 2318 2780 credibile
2343 2734 2518 2788 autem
2548 2736 2630 2783 est
2661 2729 2856 2782 vidisse
2884 2728 3119 2785 infernas
3149 2748 3272 2800 quo-

1746 2829 1857 2882 que
1893 2828 1954 2866 ac
1985 2821 2242 2868 tartareas
2268 2815 2471 2873 belluas
2504 2825 2740 2886 agrestes
2774 2826 2938 2887 atque
2959 2817 3272 2874 formidabis

1745 2901 1848 2963 .les,
1876 2901 1940 2955 de
1962 2903 2154 2971 quibus
2195 2903 2356 2958 lsaias
2374 2944 2388 2967 ,
2413 2904 2478 2956 ad
2506 2920 2624 2958 eum
2654 2906 2742 2974 qui
2766 2907 2830 2960 de
2851 2908 2987 2962 curio
3010 2909 3272 2969 ceciderat

1748 2987 2054 3050 Luciferum
2095 3007 2400 3046 sermonem
2453 2994 2750 3056 intendens.
2789 2996 2864 3049 ita
2916 2997 3268 3067 loquebatur;

1755 3098 1774 3131 ι
1797 3078 2039 3134 lnfernus
2071 3081 2252 3134 subter
2289 3083 2635 3137 conturbatus
2671 3085 2826 3138 estin
2855 3101 3137 3142 occursum
3181 3089 3273 3142 ad.-

1676 3157 1716 3212 Ε
1748 3179 1938 3224 ventus
1959 3171 2055 3232 tui,
2074 3171 2314 3226 suscitati
2339 3175 2566 3227 sunttibi
2597 3189 2783 3234 omnes
2812 3176 3051 3244 gigantes
3079 3197 3090 3231 :
3115 3198 3137 3230 ›
3161 3180 3271 3233 lucc

1752 3261 1928 3328 itaque
1957 3263 2134 3316 omnia
2167 3264 2533 3333 conspiciens,
2566 3279 2718 3316 suum
2761 3267 3096 3320 extrinsecus
3125 3270 3270 3322 cruci

1746 3348 1958 3403 atlixmn
1979 3365 2173 3420 corpus
2200 3353 2251 3404 in
2289 3353 2468 3407 orbem
2497 3353 2789 3422 cingentia,
2823 3369 2984 3424 seque
3015 3355 3268 3415 adversus

1752 3439 1922 3506 ipsum
1953 3443 2315 3508 comparantia
2343 3442 2732 3498 multitudinem
2776 3457 2960 3500 eorum
2994 3446 3268 3500 collectam

1748 3527 2020 3592 describit,
2055 3530 2132 3582 sic
2157 3530 2342 3583 dicens
2364 3551 2382 3594 ,ι
2422 3550 2439 3581 ι
2478 3531 2959 3594 Circumdederunt
3003 3551 3088 3588 me
3122 3537 3268 3588 vituli

1749 3617 1925 3678 multi,
1957 3619 2095 3671 tauri
2134 3620 2360 3688 pingues
2412 3621 2736 3676 obsederunt
2781 3639 2884 3691 me,
2935 3624 3270 3695 Aperuerunt

1747 3719 1909 3773 super
1924 3721 2010 3759 me
2030 3721 2090 3758 os
2117 3722 2291 3768 suum,
2318 3717 2372 3761 ut
2395 3709 2476 3764 leo
2507 3712 2720 3780 rapiens
2740 3720 2790 3771 et
2817 3715 3052 3784 rugiens.
3081 3737 3098 3768 ι
3117 3715 3272 3788 504

1749 3794 1951 3848 Etenim
1970 3796 2103 3849 .dum
2133 3799 2379 3858 animam,
2412 3809 2468 3857 ut
2501 3815 2596 3868 par
2629 3809 2730 3862 est,
2762 3804 3048 3860 humanam
3084 3814 3136 3860 et
3170 3822 3272 3860 cac-

1744 3885 1877 3940 teris
1905 3886 2129 3941 similem
2165 3903 2261 3941 nec
2292 3889 2519 3957 amplius
2551 3900 2800 3958 praeterea
2839 3893 3121 3964 quidquam
3149 3901 3271 3952 esse

1749 3975 2094 4035 arbitrantur,
2123 3979 2262 4045 quod
2309 3979 2362 4031 in
2403 3994 2624 4051 corpore
2656 3980 2786 4040 ,alesu
2833 3984 3125 4050 habitabat,
3161 3987 3267 4042 bel-

1745 4064 1869 4127 luae,
1896 4065 1961 4123 de
1991 4067 2184 4134 quibus
2239 4067 2493 4130 diximus,
2538 4082 2857 4139 aperuerunt
2896 4089 2957 4129 os
3007 4091 3183 4140 suum,
3214 4086 3266 4145 ut

1741 4157 2188 4224 quemadmodum
2211 4159 2349 4214 alias
2399 4160 2672 4223 hominum
2728 4167 2931 4220 animas
2984 4182 3268 4230 consueve-

1743 4252 1886 4308 rant,
1923 4247 1994 4298 ita
2042 4247 2199 4303 etiam
2245 4248 2385 4302 hanc
2437 4251 2775 4315 devorarent,
2827 4267 3147 4326 quapropter
3191 4259 3269 4316 sic

1743 4336 1823 4390 ait
1859 4355 1872 4389 :
1914 4355 1932 4387 ι
1968 4337 2300 4406 Aperuortmt
2350 4357 2516 4412 super
2570 4361 2654 4398 me
2692 4361 2752 4400 os
2811 4363 2986 4410 suum,
3017 4356 3267 4416 tanquam

75 4433 274 4486 ἔδαλον
330 4431 580 4500 κλῆρον’
633 4428 726 4488 καὶ
781 4427 1071 4497 καθήμενοι
1132 4430 1353 4500 ἐτήρουν
1395 4431 1570 4484 αὐτόν.
1625 4453 1644 4483 ι

1750 4423 1834 4478 leo
1860 4426 2070 4493 rapiens
2097 4435 2158 4480 et
2191 4430 2423 4498 rugiens,
2459 4450 2476 4481 ι
2532 4435 2726 4501 quibus
2781 4434 3031 4514 deinceps
3083 4436 3270 4512 adjun-

75 4523 259 4584 Κύνες
306 4522 372 4576 δὲ
418 4515 565 4588 ἦσαν
617 4515 935 4579 κυκλοῦντες
984 4517 1171 4580 αὐτὸν,
1224 4519 1315 4570 καὶ
1369 4520 1647 4591 συναγωγὴ

74 4607 575 4680 πονηρευομένων,
612 4605 661 4662 οἱ
692 4607 756 4657 ἐκ
781 4606 1073 4676 περιτομῆς
1101 4607 1350 4676 ἄρχοντες
1381 4611 1485 4663 τῶν
1523 4612 1648 4664 Ἰου-

73 4698 266 4760 δαίων,
316 4699 380 4750 οἷ
412 4713 476 4749 τε
515 4699 859 4766 γραμματεῖς
911 4697 1000 4747 καὶ
1045 4698 1092 4756 οὶ
1129 4697 1422 4768 ἀρχιερεῖς,
1467 4703 1556 4754 καὶ
1598 4705 1646 4755 οἱ

73 4786 400 4856 Φαρισαῖοι,
431 4785 485 4837 οἱ
519 4783 611 4835 καὶ
652 4784 712 4834 τὸ
742 4785 845 4835 πᾶν
886 4783 1254 4848 ἀνασείσαντες
1285 4787 1477 4856 πλῆθος
1506 4786 1642 4852 ἐξαι-

73 4877 361 4947 τήσασθαι
401 4877 466 4937 τὸ
494 4869 635 4942 αἷμα
667 4873 826 4933 αὐτοῦ
858 4874 976 4926 καθ’
998 4876 1198 4928 ἑαυτῶν
1236 4878 1326 4930 καὶ
1362 4879 1500 4940 κατὰ
1542 4880 1646 4939 τῶν

76 4964 226 5019 ἰδίων
265 4967 514 5020 τέκνων.
557 4963 746 5030 Σαφῶς
775 4963 902 5031 γοῦν
944 4965 972 5014 ὁ
997 4964 1220 5026 ’Ἡσαΐας
1265 4965 1425 5028 κύνας
1457 4969 1647 5032 αὐτοὺς

77 5057 361 5110 ἀποκαλεῖ
405 5057 674 5124 φάσκων·
728 5071 749 5102 .t
782 5055 986 5114 Πάντες
1029 5053 1182 5115 κύνες
1221 5056 1376 5116 ἐνεοὶ,
1406 5056 1463 5106 ού
1489 5056 1644 5110 δυνάτ-

77 5163 231 5215 pavo:
272 5146 562 5205 ὑλακτεῖν.
598 5162 615 5192 ι
659 5142 786 5196 Δέον
820 5141 928 5210 γὰρ
964 5142 1174 5203 αὐτοὺς,
1207 5145 1254 5194 εἰ
1293 5147 1380 5196 καὶ
1409 5146 1480 5214 μὴ
1527 5163 1642 5206 ποιφ

77 5233 259 5302 μένων
296 5234 511 5303 τρόπον
545 5229 922 5297 ἀνειλήφεσαν,
961 5226 1088 5280 ἀλλὰ
1113 5229 1266 5298 δίκην
1289 5231 1412 5297 γοῦν
1429 5234 1641 5298 ἀγαθῶν

76 5323 282 5384 κυνῶν,
326 5323 435 5392 τὴν
478 5318 578 5378 τοῦ
621 5317 875 5370 δεσπότου
920 5316 1134 5385 λογικὴν
1178 5319 1403 5388 ποίμνην
1449 5323 1537 5373 καὶ
1578 5323 1646 5384 τὰ

77 5414 334 5482 πρόϐατα
362 5411 461 5464 τοῦ
495 5408 648 5460 οἴκου
686 5405 900 5475 Ἰσραὴλ
944 5406 1311 5472 φυλάττοντας,
1356 5412 1642 5489 ἐπιστημο-

75 5502 242 5564 “nix;
278 5500 572 5558 ὑλακτεῖν,
617 5493 896 5554 σαίνοντας
936 5494 1028 5563 μὲν
1067 5495 1154 5551 καὶ
1195 5498 1643 5573 ἐπιγινώσκοντας

181 5676 228 5706 ¹⁶
264 5675 434 5729 Joan.
476 5685 574 5723 ιιι
599 5706 611 5728 .
648 5665 742 5722 3L

1752 4514 1862 4582 git;
1899 4534 1915 4564 ι
1956 4515 2117 4579 Quasi
2144 4533 2279 4596 aqua
2309 4521 2509 4576 eﬂ'usus
2539 4539 2676 4584 sum,
2718 4542 2734 4572 ι
2770 4524 2911 4592 quod
2951 4510 3163 4592 quidem
3187 4529 3269 4591 vel

1751 4608 1881 4677 ipsis
1909 4609 2152 4668 sensibus
2172 4612 2376 4680 percipi
2406 4614 2596 4680 pomit,
2627 4621 2783 4681 atque
2836 4613 3056 4672 historia
3114 4616 3267 4673 tidem

1751 4699 1973 4751 faciente
1992 4701 2312 4767 completum
2333 4711 2434 4766 est,
2449 4719 2566 4756 cum
2585 4704 2826 4764 videlicet
2851 4717 2990 4758 unus
3017 4705 3265 4766 militum,

1752 4795 1809 4840 ut
1835 4793 1916 4843 est
1941 4787 2077 4853 apud
2107 4792 2483 4857 evangelistam
2511 4791 2790 4853 Joannem,
2828 4811 2848 4848 ,ι
2877 4793 3009 4860 Agni
3034 4791 3124 4846 Dei
3151 4804 3268 4852 lan-
3312 4833 3314 4835 ›

1749 4891 1842 4936 cca
1871 4875 2007 4928 latus
2037 4877 2262 4943 aperuit,
2291 4889 2342 4930 et
2392 4879 2553 4931 exivit
2588 4879 2841 4946 continuo
2895 4893 3031 4946 aqua
3061 4886 3113 4932 et
3145 4893 3270 4936 san-

1748 4966 1868 5034 guis
1900 4965 1965 5026 ιθ,
2005 4983 2022 5014 ι
2059 4965 2150 5018 sed
2183 4973 2356 5019 tamen
2390 4975 2552 5018 totam
2577 4968 2869 5034 spiritualis
2891 4975 3096 5020 natura:
3124 4982 3261 5020 mor-

1740 5053 2087 5108 .tilieationem
2134 5053 2434 5122 signiﬁcare
2484 5055 2710 5120 videtur,
2745 5054 2832 5107 ubi
2889 5054 3008 5106 ait:
3050 5072 3069 5104 ι
3107 5055 3274 5118 Quasi

1749 5159 1884 5213 aqua
1925 5143 2124 5196 effusus
2171 5159 2309 5206 sum,
2343 5151 2395 5207 et
2439 5145 2678 5222 dispersa
2727 5150 2855 5198 sunt
2909 5145 3091 5197 omnia
3153 5160 3278 5204 ossa

1747 5247 1880 5285 mea.
1922 5228 2139 5283 Factum
2182 5242 2264 5286 est
2294 5246 2388 5294 cor
2424 5247 2596 5296 meum
2643 5241 2892 5298 tanquam
2937 5245 3064 5283 cera
3112 5231 3283 5297 lique?

1749 5339 1904 5377 scens
1939 5323 1992 5375 in
2025 5320 2197 5374 medio
2226 5321 2424 5387 ventris
2469 5323 2592 5382 mei.
2631 5321 2786 5372 Aruit
2831 5327 3098 5388 tanquam
3146 5326 3288 5383 testa

1744 5413 1916 5466 virtus
1946 5427 2077 5476 mea
2105 5419 2157 5477 et
2184 5411 2363 5482 lingua
2393 5425 2508 5465 mea
2555 5410 2779 5464 adhmsit
2827 5410 3037 5478 gutturi
3085 5421 3233 5467 meo.
3272 5425 3291 5462 ι

1747 5503 1885 5570 Quid
1918 5501 2060 5568 enim
2092 5488 2237 5569 350d
2284 5502 2502 5570 tandem
2532 5503 2778 5567 universa
2812 5501 2933 5566 haec
2965 5495 3302 5570 signiﬁcent,
