3782 6362
103 417 209 472 785

102 526 243 581 κατά
275 526 377 596 τῆς
412 526 588 595 ψυχῆς
619 525 709 577 τοῦ
742 526 982 596 Σωτῆρος
1013 528 1166 597 ἡμῶν
1186 545 1199 558 ·
1241 531 1273 597 ἡ
1306 528 1361 580 δέ
1388 544 1468 589 τις
1507 525 1648 577 κύων
1676 532 1723 584 Α

100 612 231 670 οὖσα
277 613 518 682 θανάτῳ,
553 614 649 684 τὴν
691 613 1051 687 θανατηφόρον
1080 620 1231 687 χεῖρα
1276 615 1648 688 προύϐάλλετο,

102 707 177 766 εἰς
221 702 281 755 τδ
332 701 679 768 καθάψασθαι
725 700 907 770 αὐτῆς.
957 703 1045 754 Διό
1088 718 1247 772 (gnatm
1284 701 1504 753 ιῬῦσαι
1549 698 1653 752 άπὸ

103 793 381 865 ῥομφαίας
430 790 529 860 τὴν
571 789 743 859 ψυχήν
790 808 911 860 μου,
939 793 1029 844 καὶ
1060 794 1120 844 ὲκ
1147 790 1321 862 χειρὸς
1362 790 1516 851 κυνὸς
1560 787 1651 857 τὴν

102 880 366 952 μονογενῆ
403 897 507 948 μου
527 894 541 909 ο
578 899 595 930 ι
634 878 761 948 ἄλλη
794 880 849 932 δέ
878 898 958 943 τις
993 880 1196 951 πονηρά
1226 881 1316 932 καὶ
1348 878 1450 931 τῶν
1479 881 1650 930 ἐκεῖσε

101 970 300 1041 θηρίων
352 969 637 1040 ἡγουμένη
688 969 929 1039 δύναμις,
958 970 1089 1021 λέων
1132 967 1651 1038 προσαγορευομένη,

98 1059 154 1110 τὸ
190 1057 366 1109 πλατὺ
409 1057 509 1108 καὶ
539 1056 735 1124 ἀχανὲς
766 1056 855 1107 τοῦ
886 1055 1108 1109 θανάτου
1140 1056 1307 1124 στόμα
1330 1054 1648 1119 διανοίξασα,

102 1145 233 1216 μετά
257 1144 369 1197 τῶν
403 1144 582 1197 ἄλλων
609 1144 716 1197 τῶν
741 1147 820 1207 εἰς
853 1145 975 1214 ᾅδου
1008 1145 1294 1197 κατιόντων
1319 1144 1410 1196 καὶ
1432 1143 1525 1213 τὴν
1559 1144 1652 1196 αὐ-

99 1236 186 1289 τοῦ
216 1235 398 1305 ψυχὴν
428 1237 717 1287 καταπιεῖν
746 1235 985 1305 ὥρμητο,
1012 1234 1283 1305 ὡσπεροῦν
1322 1234 1482 1287 πάλαι
1524 1234 1651 1303 πρῶ

94 1340 151 1377 τε
161 1341 247 1395 ρον
271 1326 550 1377 κατέπιεν
575 1327 603 1377 ὁ
626 1324 848 1386 θάνατος
883 1324 1119 1393 ἰσχύσας,
1141 1324 1235 1392 οὔχ
1261 1324 1442 1393 ἕτερος
1466 1322 1538 1375 ὢν
1558 1324 1649 1376 τοῦ

98 1412 322 1468 ἐνταῦθα
365 1413 608 1476 λέοντος,
641 1413 733 1465 τοῦ
777 1413 838 1464 τὸ
882 1412 1049 1480 στόμα
1093 1412 1228 1464 κατά
1274 1412 1362 1464 τοῦ
1408 1412 1650 1482 Σωτῆρος

98 1502 248 1573 ἡμῶν
278 1501 645 1571 ἀνεῴξαντος,
680 1502 770 1568 ἀφ’
795 1496 852 1554 οὒ
883 1502 973 1553 καὶ
1000 1501 1157 1552 αὐτοῦ
1187 1501 1414 1571 σωθῆναι
1440 1501 1526 1553 τὸν
1551 1502 1652 1553 Πα-

97 1592 222 1663 τέρα
268 1591 592 1663 παρακαλεῖ
640 1589 842 1657 λέγων⁹
901 1608 918 1639 ι
948 1589 1120 1642 Σῶσόν
1168 1606 1232 1659 με
1281 1593 1343 1642 ὲκ
1394 1590 1649 1658 στόματος

96 1682 319 1745 λέοντος.
355 1701 374 1731 ι
413 1677 545 1733 Εἶεν
575 1680 621 1733 δ’
644 1679 709 1732 ἂν
732 1681 822 1732 καὶ
846 1679 994 1733 ἄλλαι
1017 1679 1156 1741 τινὲς
1177 1680 1403 1748 πονηραὶ
1432 1680 1521 1732 καὶ
1545 1678 1650 1730 θεό-

103 1787 252 1840 μαχοι
295 1768 589 1837 δυνάμεις,
635 1766 712 1835 τῷ
758 1767 1073 1837 μονοκέρωτι
1091 1764 1187 1816 τοῦ
1203 1764 1332 1816 Θεοῦ
1364 1764 1650 1833 ἀντιπράτ-

97 1876 274 1913 τουσαι
323 1858 428 1911 καὶ
476 1856 928 1926 ἀντιπαρεξάγειν
952 1853 1111 1907 αὐτοῦ
1146 1856 1382 1925 ἐπιχειρο
1420 1870 1524 1915 σαι,
1559 1855 1648 1921 ἀφ’
1681 1845 1721 1901 Β

99 1946 167 2004 ὧν
195 1951 284 2002 καὶ
315 1947 511 2000 αὐτῶν
539 1948 568 1998 ὁ
598 1945 690 1998 τοῦ
711 1944 843 2000 Θεοῦ
877 1945 1193 2015 μονόκερως,
1220 1944 1373 2005 αὐτὸς
1396 1942 1424 1992 ὁ
1453 1944 1650 2013 Κύριος

100 2039 264 2109 ἡμῶν,
285 2040 456 2109 μόνον
487 2035 582 2088 τὸν
609 2035 825 2104 Πατέρα
854 2033 1013 2103 κέρας
1042 2032 1193 2101 ἔχων,
1225 2031 1319 2100 τὴν
1352 2028 1535 2082 ἑαυτοῦ
1566 2046 1653 2082 τα-

100 2128 345 2181 πείνωσιν
384 2124 659 2197 ρυσθῆναι
687 2122 843 2185 ἀξιοῖ,
873 2120 1038 2186 λέγων
1056 2136 1069 2149 ο
1104 2139 1121 2169 ι
1155 2120 1260 2171 Kal.
1287 2119 1389 2170 ἀπὸ
1415 2119 1650 2186 κεράτων

102 2214 488 2288 μονοκερὼτων
525 2214 615 2281 τὴν
654 2209 972 2264 ταπείνωσίν
1007 2226 1123 2274 μου.
1154 2227 1170 2258 ι
1205 2208 1365 2259 Ποίαν
1392 2207 1445 2259 δὲ
1466 2208 1649 2260 ταπεί-

99 2325 248 2362 νωσιν
296 2307 331 2377 ἦ
387 2305 605 2372 ταύτην
656 2301 840 2370 αὐτὴν,
876 2300 992 2353 καθ’
1023 2300 1085 2368 ἣν
1143 2317 1160 2348 ι
1191 2300 1246 2349 ὲν
1296 2300 1467 2367 μορφῇ
1520 2297 1650 2350 Θεοῦ

99 2398 347 2468 ὑπάρχων
374 2394 754 2447 ἐταπείνωσεν
781 2389 963 2443 ἑαυτὸν
984 2389 1074 2440 καὶ
1100 2388 1347 2451 ὲκένωσε,
1373 2388 1652 2456 γενόμενος

99 2489 325 2561 ὑπήκοος
361 2486 537 2557 μέχρι
570 2481 820 2541 θανάτου,
847 2479 1066 2531 θανάτου
1095 2477 1149 2529 δὲ
1174 2476 1431 2547 σταυροῦ;
1470 2496 1486 2527 ι
1520 2477 1651 2529 ἀλλὰ

97 2581 196 2649 γὰρ
226 2578 321 2629 ἐπὶ
354 2572 627 2628 τοσοῦτον
673 2566 959 2631 κατελθὼν,
990 2568 1081 2619 καὶ
1125 2566 1277 2637 μέχρι
1308 2565 1490 2618 τούτου
1516 2565 1650 2635 φθά-

100 2684 206 2729 σας,
234 2666 380 2734 λέγω
413 2665 487 2734 δὴ
519 2663 682 2733 μέχρι
704 2662 800 2731 τῆς
824 2663 879 2712 ἐν
906 2658 981 2727 τῷ
1008 2658 1105 2728 ᾄδῃ
1133 2658 1414 2728 ῥομφαίας,
1443 2658 1532 2709 καὶ
1556 2657 1650 2725 τῆς

98 2757 265 2827 χειρὸς
289 2755 387 2809 τοῦ
430 2751 628 2807 αὐτόθι
652 2750 936 2818 λεγομένου
970 2748 1125 2809 κυνὸς
1161 2747 1295 2816 (ὅθεν
1336 2748 1426 2799 καὶ
1461 2747 1649 2807 παῖδας

106 2847 366 2916 Ἑλλήνων
380 2843 557 2904 εἰκὼς
574 2842 593 2911 (
609 2842 652 2910 l)
683 2839 914 2893 τοιοῦτὸν
929 2854 1044 2890 τινα
1058 2836 1492 2906 παρακούσαντας
1519 2836 1649 2887 κύνα

97 2937 339 2998 θανάτου,
369 2935 476 2987 καὶ
514 2929 699 2984 τοῦτον
729 2927 1042 3000 τρικέφαλον
1066 2925 1513 2997 άναζωγραφεϊν),
1560 2927 1653 2979 καὶ

99 3029 247 3099 μέχρι
278 3028 337 3080 δὲ
363 3026 487 3078 τῶν
521 3021 813 3092 φαρύγγων
841 3016 933 3070 τοῦ
960 3017 1412 3089 προδεδηλωμένου
1446 3015 1649 3078 λέοντος

95 3120 273 3181 ἐλθὼν,
304 3118 406 3171 καὶ
428 3114 537 3183 τὴν
563 3110 883 3164 ταπείνωσιν
913 3106 1072 3161 αὐτοῦ
1099 3111 1206 3169 τοῖς
1230 3106 1530 3168 ἀντιπάλοις
1559 3106 1650 3157 καὶ
1678 3148 1731 3204 ε,

96 3208 378 3278 θεομάχοις
404 3201 780 3275 μονοκέρωσιν
807 3196 1170 3267 ὑποστρώσας,
1199 3195 1291 3247 καὶ
1311 3195 1399 3247 ἐπὶ
1422 3195 1571 3247 τοῦτὸ
1590 3211 1650 3261 γε

95 3296 231 3360 τέλος
261 3296 364 3365 τὴν
401 3295 594 3346 πᾶσαν
623 3286 926 3355 οἰκονομίαν
956 3285 1053 3354 τῆς
1079 3282 1264 3335 ἑαυτοῦ
1297 3280 1566 3343 κενώσεως
1594 3298 1651 3333 τε

93 3388 178 3439 καὶ
201 3383 606 3444 ταπεινώσεως
633 3381 854 3449 στήσας,
873 3377 1098 3429 κᾶπειτα
1121 3373 1407 3442 εὐξάμενος
1428 3373 1523 3442 ἤδη
1550 3371 1657 3425 λοι-

89 3474 179 3528 τῶν
209 3475 400 3544 τυχεῖν
442 3470 553 3540 τῆς
599 3466 846 3537 βοηθείας
884 3465 974 3517 καὶ
1004 3462 1100 3530 τῆς
1138 3461 1282 3533 παρά
1317 3460 1408 3513 τοῦ
1451 3460 1655 3531 Πατρός

88 3561 453 3630 ἀντιληψεως,
484 3554 729 3621 ἐπιλέγει
749 3570 762 3583 ’
811 3571 828 3602 ι
858 3552 929 3603 Σὺ
950 3550 1026 3612 δὲ,
1052 3548 1240 3617 Κύριε,
1277 3547 1353 3618 μὴ
1383 3548 1654 3618 μακρύνῃς

87 3649 177 3721 τὴν
204 3648 481 3720 βοήθειάν
531 3661 656 3714 μου,
681 3646 759 3706 είς
784 3642 879 3711 τὴν
909 3638 1182 3708 ἀντίληψίν
1214 3655 1312 3707 μου
1353 3639 1599 3709 πρόσχες.
1632 3658 1648 3688 ι

87 3738 187 3791 Καὶ
210 3738 362 3791 τοῦτ’
396 3737 583 3789 εἰπὼν
610 3733 710 3785 οὐκ
740 3734 817 3793 εἰς
849 3728 1060 3799 μακρὰν
1087 3727 1317 3795 ἐπηκόου
1337 3727 1428 3779 τοῦ
1454 3726 1657 3794 Ila-r95;

82 3827 362 3897 τυγχάνει,
422 3823 509 3894 μὴ
564 3818 996 3890 μακρυνθέντος,
1044 3816 1172 3885 μηδὲ
1223 3813 1282 3866 τὸ
1335 3812 1656 3884 βραχύτατον

81 3913 499 3983 ὑπερθεμένου,
528 3908 709 3968 αὐτοῖς
750 3905 805 3958 δὲ
859 3904 1035 3975 ἔργοις
1089 3903 1361 3973 μονονουχὶ
1400 3904 1665 3983 φήσαντος.

78 4001 259 4069 αὐτῷ·
305 4000 480 4051 «Ἔτι
526 3993 811 4056 λαλοῦντός
855 4009 968 4055 σου,
1002 3991 1141 4061 ὲρῶο
1178 3990 1303 4042 Ἰδοὺ
1349 3989 1589 4060 πάρειμι.
1634 4008 1652 4039 ι

75 4092 183 4143 Καὶ
210 4091 277 4160 δὴ
301 4089 469 4142 τοῦτ’
508 4084 848 4153 αἰσθόμενος,
882 4082 977 4151 τῆς
1004 4097 1063 4133 τε
1096 4080 1357 4150 πατρικῆς
1395 4077 1655 4148 βοηθείας,

78 4180 335 4251 καθάπερ
380 4176 623 4249 ηὔξατο,
651 4172 845 4244 τυχὼν,
877 4169 1116 4224 ἐντεῦθεν
1160 4168 1337 4221 λοιπὸν
1372 4168 1658 4239 ἀπέρχεται

69 4270 162 4322 τοῦ
205 4270 508 4322 ὲπινικίου
546 4264 736 4334 ὕμνου,
766 4263 901 4331 ὑπὲρ
941 4262 1036 4330 τῆς
1075 4260 1295 4329 ἑωθινῆς
1337 4258 1660 4327 ἀντιλήψεως

70 4361 162 4414 τὸν
182 4358 417 4429 ψαλμὸν
459 4354 804 4424 ποιούμενος,
828 4353 884 4402 ὲν
916 4345 994 4412 οἷς
1022 4365 1177 4418 φησι·
1213 4366 1229 4397 ι
1256 4350 1583 4419 Διηγήσομαι
1601 4348 1660 4400 τι

1006 410 1636 470 DEMONSTRATIONIS
1674 407 2115 465 EVANGELICJE
2144 410 2268 465 LIB.
2309 410 2373 465 Χ.

1751 522 1878 592 pidi,
1900 523 1989 592 qui
2020 532 2289 592 nequeunt
2319 523 2514 576 latrare
2536 521 2597 576 “.
2631 543 2649 575 ι
2680 523 2810 577 Cttm
2839 523 2983 579 enim
3007 536 3098 578 eos
3117 539 3271 593 Opor-

1751 620 1905 675 teret,
1935 614 2141 667 tametsi
2190 622 2464 683 pastorum
2525 627 2726 667 morem
2762 629 2866 668 non
2897 625 3265 682 susceperant,

1751 709 1981 757 attamen
2012 704 2269 757 bonorum
2304 717 2495 756 canum
2530 701 2717 764 instar,
2754 701 2959 755 Domini
2990 704 3069 757 sui
3105 704 3268 754 ratio-

1751 793 1922 847 nalem
1956 809 2166 862 gregem
2197 800 2354 860 atque
2379 807 2504 846 oves
2539 789 2731 844 domus
2769 791 2929 846 Israel
2962 793 3268 845 custodien-

1752 892 1852 943 tes,
1885 881 2038 936 docte
2065 897 2126 935 ac
2154 884 2438 951 prudenter
2460 883 2675 940 latrare.
2700 881 3083 951 Dominutuque
3111 898 3264 937 suum

1751 985 1813 1023 ac
1835 978 2103 1040 pastorum
2133 971 2418 1039 principem
2445 972 2746 1025 demulcere
2777 978 2934 1038 atque
2957 986 3262 1040 agnoscere,

1749 1063 1998 1129 omnique
2042 1061 2281 1114 custodia
2315 1061 2573 1114 creditum
2613 1061 2713 1114 sibi
2741 1075 2950 1129 gregem
2981 1075 3265 1114 conserva-

1750 1164 1830 1212 re,
1859 1151 2054 1202 latrare
2079 1156 2252 1221 autem
2284 1148 2328 1201 si
2365 1148 2499 1202 forte
2533 1149 2783 1202 acerbius
2812 1147 3027 1209 vellent,
3079 1158 3268 1201 contra

1749 1254 1842 1293 eos
1875 1239 1929 1291 id
1964 1237 2155 1300 facere,
2187 1238 2274 1306 qui
2303 1238 2638 1292 extrinsecus
2678 1238 2823 1307 gregi
2863 1236 3264 1299 insidiarentur,

1750 1330 1850 1398 ipsi
1884 1338 2092 1389 contra,
2135 1343 2329 1380 canum
2383 1327 2717 1395 stupidorum
2768 1340 2934 1393 reque
2963 1339 3083 1379 vera
3124 1325 3269 1377 insa-

1750 1418 2008 1471 nientium
2039 1419 2224 1481 instar,
2270 1418 2495 1470 latratus
2521 1432 2647 1471 suos
2675 1415 2986 1477 emiserunt,
3039 1422 3091 1467 et
3141 1428 3269 1467 oves

1749 1507 1981 1576 pastoris
2013 1506 2319 1569 efferarunt,
2352 1516 2409 1559 ut
2438 1507 2626 1559 merito
2657 1504 2936 1558 conveniat
2972 1503 3051 1557 eis
3086 1502 3213 1556 illud
3250 1521 3264 1556 :

1754 1615 1772 1648 ι
1817 1597 2295 1652 Circumdederunt
2324 1611 2407 1649 me
2436 1610 2599 1649 canes
2630 1594 2804 1658 multi,
2835 1594 3119 1647 concilium
3156 1609 3270 1647 ma-

1750 1685 2064 1754 lignantium
2111 1684 2320 1738 obsedit
2349 1699 2452 1739 me.
2492 1702 2510 1734 ι
2547 1682 2703 1752 506
2728 1681 2865 1746 Quin
2895 1684 3053 1735 etiam
3085 1695 3268 1734 omnes

1751 1775 2052 1842 quicunque
2085 1774 2136 1825 in
2164 1774 2306 1826 hunc
2335 1788 2507 1841 usque
2551 1772 2690 1825 diem
2740 1771 2918 1824 itidem
2952 1779 3009 1823 ut
3045 1770 3121 1822 illi
3157 1784 3270 1837 per-

1751 1869 1881 1932 gunt
1911 1863 2223 1917 maledicere
2246 1877 2307 1915 ac
2336 1862 2531 1915 latrare
2560 1859 2816 1914 adversus
2841 1860 3113 1913 Christum
3150 1858 3266 1918 Dei.

1750 1953 1817 2006 ab
1847 1953 1951 2007 illis
1974 1953 2167 2006 diversi
2203 1951 2422 2020 putandi
2447 1965 2551 2003 non
2583 1957 2727 2004 sunt.
2763 1949 2869 2003 Nec
2899 1951 3076 2003 minus
3101 1947 3269 2015 ii,qui

1750 2049 1877 2095 tunc
1912 2042 1964 2094 in
2001 2042 2147 2095 illum
2181 2041 2340 2109 impie
2385 2039 2744 2109 grassantium
2794 2038 3022 2091 militum
3080 2037 3267 2099 instar,

1750 2148 1893 2186 nunc
1931 2132 2121 2186 Filium
2159 2132 2250 2186 Dei
2288 2133 2481 2186 iterum
2526 2131 2674 2184 cruci
2719 2129 2956 2199 adigunt,
2992 2131 3272 2200 palamque

1748 2220 2037 2290 ignominia
2087 2220 2340 2283 alliciunt,
2390 2236 2496 2275 non
2541 2220 2696 2289 longe
2739 2219 3022 2273 admodum
3056 2220 3123 2274 ab
3153 2220 3271 2272 illo-

1748 2328 1867 2364 rum
1916 2310 2118 2365 nefaria
2151 2312 2423 2366 voluntate
2469 2312 2757 2376 recedunt;
2808 2324 2993 2365 omnes
3042 2325 3167 2362 vero
3214 2309 3270 2362 hi

1751 2407 1897 2461 sunt,
1926 2400 2015 2467 qui
2055 2400 2213 2451 etiam
2254 2414 2396 2453 nunc
2420 2397 2617 2452 Christi
2646 2411 2860 2465 corpus,
2891 2395 2988 2447 hoc
3030 2400 3131 2458 est,
3168 2392 3269 2445 Ec-

1749 2491 1968 2544 elesiam
1993 2489 2371 2556 suscipientes.
2395 2503 2586 2542 manus
2617 2488 2759 2540 illius
2787 2492 2839 2540 et
2872 2485 3033 2554 pedes
3065 2493 3119 2538 et
3144 2498 3269 2537 ossa

1750 2568 2005 2648 prmiere‘a
2045 2577 2329 2645 dissipant,
2374 2577 2418 2631 si
2460 2575 2617 2628 modo
2663 2589 2848 2627 omnes
2882 2588 3043 2626 unum
3075 2585 3269 2639 corpus

1752 2683 1940 2721 sumus
1962 2667 2013 2719 in
2047 2666 2261 2719 Christo
2289 2664 2436 2723 Jesu.
2480 2664 2670 2733 singuli
2715 2671 2889 2716 autent
2936 2661 3267 2729 singulorum

1751 2755 1975 2807 invicem
2029 2755 2283 2808 membra.
2333 2772 2350 2802 ι
2391 2752 2571 2822 Neque
2597 2766 2723 2806 vero
2751 2759 2909 2821 caput
2941 2752 3161 2821 pedibus
3188 2749 3271 2802 di-

1751 2845 1908 2904 xerit,
1944 2858 2102 2912 opera
2124 2851 2297 2895 vestra
2330 2857 2436 2896 non
2464 2842 2696 2911 indigeo,
2729 2842 2869 2896 sicut
2892 2857 2989 2895 nec
3024 2840 3270 2893 manibus

1751 2932 1964 3000 quidem
1999 2932 2140 2985 oculi
2168 2932 2231 2985 ’⁵.
2276 2951 2293 2983 ι
2322 2930 2431 2985 Illis
2458 2947 2583 2999 ergo
2612 2931 2941 3000 temporibus
2971 2930 3163 2999 quibus
3190 2930 3272 2982 in-

1750 3019 2075 3073 sectationes
2121 3027 2454 3088 grassantur,
2490 3019 2537 3073 si
2575 3035 2680 3088 qua
2718 3019 2852 3072 forte
2879 3018 3074 3072 Christi
3106 3032 3272 3069 mem-

1752 3108 1848 3161 bra
1878 3109 1944 3161 ab
1973 3109 2204 3162 inimicis
2248 3117 2403 3178 atque
2442 3107 2687 3163 hostibus
2732 3117 3009 3169 vexentur,
3054 3122 3159 3159 non
3189 3107 3272 3158 in-

1754 3198 2064 3266 tempestive
2096 3197 2161 3251 de
2184 3198 2287 3251 illis
2321 3208 2429 3252 tum
2453 3214 2664 3269 quoque
2691 3197 2915 3251 dixerit:
2947 3216 2965 3247 ι
3005 3195 3273 3251 Fuderunt

1752 3299 1945 3339 manus
1967 3300 2110 3339 meas
2141 3294 2192 3338 et
2215 3287 2373 3353 pedes
2398 3302 2563 3349 meos,
2589 3286 3061 3339 dinutneraverunt
3094 3286 3272 3336 omnia

1752 3389 1874 3427 ossa
1910 3387 2046 3427 mea.
2081 3373 2182 3440 Ipsi
2211 3384 2384 3427 autem
2410 3375 2902 3435 consideraverunt,
2937 3383 2989 3426 et
3028 3375 3271 3439 inspexe-

1753 3468 1878 3513 runt
1907 3461 1959 3514 in
1986 3476 2087 3514 me.
2121 3479 2138 3511 ι
2170 3459 2319 3514 Tunc
2349 3464 2509 3516 etiam
2540 3464 2782 3517 dividunt
2812 3463 2930 3531 ejus
2960 3464 3270 3517 vestimenta

1754 3549 1876 3609 sibi,
1912 3557 1967 3602 et
1995 3549 2046 3600 in
2075 3556 2268 3602 vestem
2298 3549 2416 3617 ejus
2441 3560 2635 3604 sortem
2664 3552 2876 3603 mittunt
2914 3567 2926 3601 :
2955 3566 3074 3602 cum
3104 3550 3271 3616 ipsius

1754 3638 1899 3691 verbi
1950 3646 2219 3697 ornatum,
2266 3640 2369 3693 hoc
2407 3649 2509 3703 est,
2537 3640 2839 3694 divinarum
2869 3638 3271 3707 Scripturarum

1754 3743 1913 3782 voces
1963 3728 2095 3782 alias
2140 3729 2293 3782 aliter
2328 3731 2697 3799 unusquisque
2729 3729 3023 3797 corrumpit
3053 3736 3106 3783 et
3132 3729 3274 3782 lace-

1755 3825 1859 3881 rat,
1911 3819 2034 3871 item
2090 3833 2210 3871 cum
2257 3819 2532 3888 opiniones
2561 3819 2626 3873 de
2659 3819 2750 3873 illo
2801 3819 3066 3887 perversis
3107 3817 3274 3870 docu-

1754 3909 1950 3962 mentis
1982 3907 2275 3975 excipiunt,
2305 3907 2602 3975 cujusmodi
2633 3916 2778 3969 sunt,
2819 3922 2936 3976 qua:
2959 3906 3145 3959 nefarii
3169 3905 3275 3959 ha-

1755 3999 1905 4050 rcliri
1935 3997 2109 4052 facere
2138 3999 2324 4052 solent.
2349 3997 2473 4051 Post
2491 3997 2667 4050 omnia
2694 3996 2804 4049 haec
2832 3996 2899 4050 ad
2931 4011 3085 4050 suum
3111 3992 3275 4046 Deum

1757 4094 1810 4139 et
1842 4085 2122 4140 Dominum
2152 4097 2201 4140 et
2235 4084 2443 4139 Patrem
2477 4086 2768 4139 orationem
2798 4083 3075 4139 intendens
3108 4080 3274 4148 subji-

1757 4176 1831 4229 cit
1866 4176 1994 4228 illud
2023 4194 2036 4230 :
2073 4195 2092 4225 ‹
2137 4174 2216 4230 Τιι
2243 4185 2439 4237 autem,
2462 4174 2704 4237 DOmine,
2736 4189 2802 4226 ne
2824 4174 3006 4243 procul
3030 4185 3275 4224 amoveas

1759 4267 2014 4319 auxilium
2038 4282 2233 4320 meum.
2268 4286 2285 4318 ι
2323 4265 2594 4334 Siquidem
2633 4274 2885 4334 tanquam
2912 4266 2963 4317 in
2991 4273 3276 4331 angustum

1761 4353 2010 4406 redactus
2040 4354 2105 4406 ad
2130 4355 2298 4421 ipsam
2322 4354 2628 4408 certaminis
2649 4354 3078 4415 ostentationem,
3110 4360 3164 4404 et
3191 4363 3277 4403 so-

68 4452 243 4521 ἆνομά
295 4468 404 4503 σου
464 4450 583 4510 τοῖς
627 4446 871 4513 ἀδελφοῖς
902 4457 1033 4512 μου·
1064 4444 1120 4493 ὲν
1164 4440 1307 4510 μέσῳ
1347 4438 1650 4508 Ἑκκλησίας

1763 4443 1846 4498 lus
1878 4444 2078 4512 absque
2102 4446 2345 4513 adjutore
2364 4446 2619 4499 adversus
2645 4453 2868 4498 mortem
2888 4446 3137 4507 nudatus,
3156 4457 3277 4495 cum

70 4542 304 4612 ὑμνήσω
338 4557 432 4593 σε.
477 4557 499 4588 ι
536 4534 779 4605 Πρώτοις
814 4533 910 4602 μὲν
931 4528 1019 4584 οὖν
1048 4533 1154 4593 τοῖς
1187 4528 1371 4581 ἑαυτοῦ
1399 4527 1657 4597 μαθηταῖς

66 4631 162 4683 καὶ
183 4629 548 4690 ’ἀποστόλοις
569 4623 954 4692 ἐπαγγέλλεται
989 4620 1054 4672 τὰ
1095 4620 1188 4689 τῆς
1216 4620 1298 4670 ἐπ’
1324 4616 1465 4686 αὑτῷ
1492 4618 1660 4686 χαρᾶς

69 4721 163 4772 καὶ
216 4718 633 4788 ἀγαλλιάσεως
673 4709 1127 4779 εὐαγγελίσεσθαι,
1170 4706 1424 4774 ἀδελφοὺς
1469 4706 1659 4767 αὐτοὺς

67 4811 366 4882 ὀνομάζων
396 4828 413 4840 ο
470 4802 556 4870 οἷς
600 4802 862 4857 ἀκόλουθα
907 4799 998 4851 καῖ
1047 4800 1077 4849 6
1117 4796 1384 4859 Ματθαῖος
1429 4796 1668 4849 διδάσκει

68 4901 277 4970 λέγων·
318 4922 339 4952 ‹
371 4899 508 4954 Καὶ
538 4897 648 4948 ἰδοὺ
682 4893 709 4944 ὁ
750 4889 952 4960 Ἰησοῦς
975 4890 1275 4958 ἀπήντησεν
1300 4888 1500 4950 αὑταῖς,
1531 4908 1548 4938 ι
1572 4888 1662 4955 δη-

68 4990 244 5045 λονότι
277 4995 419 5053 ταῖς
476 4985 624 5056 ἀμφὶ
666 4982 763 5051 τὴν
810 4978 1162 5047 Μαγδαληνὴν
1190 4977 1422 5044 Μαρίαν,
1455 4976 1621 5044 λέγων
1642 4993 1655 5004 ’

74 5100 95 5130 ‹
125 5082 409 5151 Χαίρετε.
449 5096 474 5128 ι
532 5076 597 5127 Δί
632 5073 693 5125 δὲ
736 5066 1117 5141 προσελθοῦσαι
1155 5066 1454 5135 ἐκράτησαν
1501 5066 1660 5118 αὑτοῦ

72 5171 196 5235 τοὺς
235 5170 453 5230 πόδας,
490 5166 585 5217 καὶ
616 5157 1023 5233 προσεκύνησαν
1050 5154 1212 5223 αὐτῷ.
1241 5154 1369 5204 Τότε
1400 5153 1541 5221 λέγει
1569 5157 1662 5207 αὺ-

70 5265 189 5324 ταῖς
219 5264 251 5311 6
301 5255 571 5327 Ἰησοῧς’
615 5270 633 5302 ι
668 5249 762 5317 Μὴ
802 5244 1067 5314 φοϐεῖσθε.
1085 5243 1364 5310 Ὑπάγετε,
1401 5243 1659 5311 ἀπαγγεί-

73 5350 199 5404 λατε
227 5352 352 5412 τοῖς
391 5344 660 5410 ἀδελφοῖς
705 5353 828 5406 μου,
858 5335 940 5386 ἴνα
972 5333 1265 5385 ἀπέλθωσιν
1290 5335 1366 5393 είς
1395 5333 1488 5402 τὴν
1518 5335 1665 5388 Γαλι-

78 5442 254 5505 λαίαν,
284 5437 475 5492 κάκεῖ
513 5449 580 5501 με
621 5427 867 5495 ὄψονται.
900 5440 916 5471 ι
948 5423 1001 5473 Ὀ
1038 5422 1279 5491 Ἰωάννης
1313 5421 1365 5473 δὲ
1413 5424 1543 5491 μετά
1566 5427 1663 5497 τὴν

82 5532 144 5584 tu
178 5528 407 5602 νεκρῶν
447 5524 763 5577 ἀνάστασιν
795 5514 991 5579 εἰσάγει
1031 5514 1120 5567 καὶ
1146 5514 1302 5574 αὐτὸς
1343 5513 1429 5565 τὸν
1467 5516 1662 5585 Ἰησοῦν

153 5623 193 5652 ⁸⁵
236 5622 349 5675 lsa.
395 5630 533 5675 LVI,
575 5610 665 5662 10.
753 5604 803 5634 ⁸⁵
840 5603 858 5656 1
892 5606 1009 5655 Cor.
1045 5619 1128 5666 ιιι,
1166 5604 1251 5657 ἳΙ.

150 5714 227 5781 (Α)
267 5705 493 5769 Εικώς.
531 5701 678 5764 Lege
709 5695 876 5753 εἰκός.
908 5689 1052 5746 Eun.

1762 4535 1918 4604 plane
1971 4544 2304 4604 compertum
2351 4535 2591 4599 haberet,
2637 4536 2894 4589 auxilium
2939 4534 3040 4588 sibi
3069 4549 3097 4585 a
3126 4533 3278 4583 Patre

1760 4640 1866 4677 non
1899 4624 2055 4676 aliter
2084 4624 2247 4678 sifore
2283 4641 2441 4694 quam
2472 4640 2564 4694 per
2592 4625 2984 4679 restitutionem
3035 4637 3064 4674 a
3113 4629 3278 4673 morte

1761 4713 1825 4765 ad
1858 4713 2044 4774 vitam,
2076 4716 2268 4767 merito
2299 4716 2351 4767 in
2382 4714 2661 4783 praisentia
2695 4720 2812 4767 orat
2849 4727 2912 4765 ex
2958 4709 3073 4762 acie
3093 4709 3276 4761 adver-

1760 4805 2023 4856 sariorum
2053 4803 2294 4856 evadere.
2330 4802 2592 4867 Quocirca
2636 4802 2714 4855 sic
2758 4802 2831 4853 ait
2862 4818 2876 4854 :
2914 4817 2932 4849 ι
2973 4798 3014 4850 Τ
3021 4814 3053 4850 ιι
3080 4805 3278 4857 autem,

1762 4892 2000 4953 Domine,
2028 4905 2093 4944 ne
2125 4892 2309 4959 procul
2366 4905 2612 4944 amoveas
2656 4889 2911 4943 auxilium
2963 4901 3137 4939 meum
3170 4903 3184 4938 :
3215 4886 3278 4937 ad

1764 4981 2151 5050 susceptionem
2182 4996 2350 5034 meam
2404 4980 2629 5048 respice.
2679 4998 2698 5028 ι
2748 4977 2952 5030 Etenim
2982 4976 3048 5028 ab
3084 4975 3278 5029 auxilio

1764 5080 1857 5125 tuo
1886 5071 2154 5139 susceptio
2184 5070 2309 5122 mihi
2333 5069 2525 5131 veniet,
2556 5075 2772 5135 propter
2801 5081 2959 5135 quam
2985 5064 3278 5132 susceptio-

1764 5176 1885 5214 nem
1939 5168 2081 5213 totus
2129 5159 2365 5228 psalmus
2416 5160 2605 5209 merito
2652 5156 2943 5223 inscriptus
2992 5161 3095 5213 est,
3130 5171 3150 5202 ι
3188 5167 3279 5221 pre

1765 5251 2101 5319 susceptione
2124 5250 2404 5301 matutina.
2435 5267 2453 5298 ι
2490 5247 2565 5300 Ad
2593 5247 2987 5315 susceptionem
3017 5243 3179 5311 igitur
3201 5260 3265 5296 re

1764 5342 1928 5410 spice,
1950 5347 2208 5408 praestans
2225 5338 2353 5391 mihi
2378 5352 2536 5407 quam
2567 5336 2842 5390 celerrime
2867 5334 2968 5389 sub
2996 5334 3164 5401 ipsam
3187 5348 3274 5385 au-

1765 5445 1939 5483 roram
1972 5430 2290 5483 reversionis
2324 5443 2352 5480 a
2408 5428 2631 5481 mortuis
2679 5425 3092 5490 susceptionem,
3123 5437 3284 5491 quam

1766 5535 1892 5574 sane
1922 5534 2075 5589 spero
2107 5534 2190 5573 me
2221 5508 2651 5574 consecuturum.
2682 5532 2803 5571 cum
2827 5530 2943 5570 eam
2965 5528 3071 5567 non
3093 5511 3283 5584 procul
