3782 6374
119 430 214 486 785

117 538 243 595 κατά
272 537 364 607 τῆς
398 536 572 607 ψυχῆς
604 536 696 589 τοῦ
728 537 966 608 Σωτῆρος
998 540 1185 610 ἡμῶν·
1226 543 1259 609 ὴ
1292 541 1347 593 δέ
1374 557 1454 603 τις
1493 538 1633 591 κύων
1662 546 1709 598 Α

116 625 233 683 οὖσα
273 624 502 693 θανάτῳ,
537 625 635 695 τὴν
677 625 1036 698 θανατηφόρον
1066 633 1217 700 χεῖρα
1262 628 1634 701 προύϐάλλετο,

116 719 183 779 si;
222 714 277 767 τὴ
322 712 665 779 καθάψασθαι
711 712 893 782 αὐτῆς.
942 715 1030 766 Διό
1074 732 1232 785 φησιι
1270 714 1490 766 ιῬὖσαι
1534 713 1638 766 ἀπὸ

116 804 367 877 ῥομφαίας
416 801 514 871 τὴν
557 802 729 871 ψυχήν
776 820 897 871 μου,
924 805 1014 856 καὶ
1045 807 1105 856 ἐκ
1132 804 1305 875 χειρὸς
1347 804 1501 865 κυνὸς
1544 801 1637 871 τὴν

115 891 351 965 μονογενῆ
388 908 492 959 μου
512 906 525 920 ·
563 910 581 941 ι
620 890 746 960 ἄλλη
780 892 834 944 δέ
863 910 943 955 τις
978 893 1181 964 πονηρά
1211 894 1301 945 καὶ⁸
1333 892 1435 944 τῶν
1464 894 1635 944 ἐκεῖσε

114 982 293 1054 Θηρίων
340 981 623 1051 ἡγουμένη
673 981 914 1051 δύναμις,
942 982 1074 1034 λέων
1117 980 1636 1051 προσαγορευομένη,

111 1072 161 1123 τὸ
192 1068 351 1121 πλατῦ
394 1068 494 1119 καὶ
525 1067 721 1135 ἀχανὲς
751 1068 840 1119 τοῦ
871 1067 1094 1120 θανάτου
1125 1069 1291 1137 στόμα
1314 1067 1633 1133 διανοίξασα,

115 1157 230 1229 μετά
252 1157 353 1209 τῶν
385 1156 568 1209 ἄλλων
594 1156 702 1209 τῶν
726 1159 805 1219 είς
838 1157 959 1226 ᾇδου
993 1157 1279 1209 κατιόντων
1304 1158 1394 1209 καὶ
1416 1156 1510 1226 τὴν
1543 1158 1636 1210 αὐ·-

110 1248 188 1302 τοῦ
215 1246 380 1317 ψυχὴν
411 1250 702 1299 καταπιεῖν
732 1246 970 1318 ὥρμητο,
997 1247 1267 1319 ιῦσπεροῦν
1307 1247 1466 1300 πάλαι
1509 1248 1636 1317 etpri-

106 1353 242 1407 τερον
266 1338 536 1389 κατέπιεν
561 1339 589 1389 ό
611 1336 832 1398 θάνατος
868 1336 1102 1405 ἰσχύσας,
1125 1336 1219 1405 οὐχ
1245 1336 1426 1406 ἕτερος
1450 1336 1521 1389 ὢν
1542 1338 1633 1391 τοῦ

110 1424 310 1480 ἐνταῦθα
350 1424 594 1488 λέοντος,
626 1425 717 1477 τοῦ
762 1425 822 1477 τὸ
867 1425 1033 1493 στόμα
1077 1426 1211 1477 κατά
1258 1425 1346 1477 τοῦ
1393 1426 1634 1495 Σωτῆρος

109 1514 243 1585 ἡμῶν
272 1512 630 1583 άνεῴξαντος,
664 1514 754 1581 ἀφ’
779 1508 836 1566 οὗ
867 1515 957 1565 καὶ
984 1514 1141 1565 αὐτοῦ
1171 1514 1398 1584 σωθῆναι
1424 1514 1510 1566 τὸν
1535 1516 1636 1567 Ila.

108 1604 219 1674 τέρα
261 1603 577 1675 παρακαλεῖ
625 1602 826 1669 λέγων’
885 1620 903 1651 ι
931 1602 1103 1655 Σῶσόν
1152 1619 1216 1672 με
1264 1606 1326 1655 ὲκ
1378 1603 1633 1671 στόματος

107 1694 308 1757 λέοντος.
341 1713 358 1743 ι
395 1689 529 1745 Εἶεν
561 1692 605 1744 δ’
628 1690 693 1744 ἂν
716 1694 806 1744 καὶ
830 1691 978 1745 ἄλλαι
1001 1692 1140 1753 τινὲς
1160 1693 1386 1761 πονηραὶ
1415 1693 1505 1745 καὶ
1529 1692 1633 1743 θεό-

113 1798 247 1852 μαχοι
287 1780 574 1849 δυνάμεις,
620 1777 695 1847 τῷ
742 1777 1164 1849 μονοκέρωτιτοῦ
1186 1777 1315 1829 Θεοῦ
1347 1778 1634 1846 ἀντιπράτ-

108 1888 268 1925 τουσαι
312 1870 409 1922 καὶ
458 1868 911 1938 ἀντιπαρεξάγειν
935 1866 1094 1919 αὑτοῦ
1129 1870 1365 1938 ἐπιχειρο
1403 1884 1507 1929 σαι,
1542 1869 1631 1934 ἀφ’
1664 1859 1704 1915 Β

110 1957 171 2014 ὧν
196 1962 278 2013 καὶ
305 1959 495 2012 αὐτῶν
523 1960 553 2010 ό
582 1957 673 2009 τοῦ
694 1956 825 2011 Θεοῦ
860 1957 1176 2027 μονόκερως,
1202 1957 1356 2018 αὐτὸς
1380 1955 1407 2005 ό
1436 1958 1633 2026 Κύριος

110 2051 259 2121 ἡμῶν,
277 2051 437 2119 μόνον
470 2047 565 2099 τδν
592 2047 808 2115 Πατέρα
836 2045 996 2115 κέρας
1024 2044 1176 2113 ἔχων,
1208 2044 1301 2112 τὴν
1334 2042 1518 2095 ἑαυτοῦ
1549 2060 1636 2096 τα-

111 2140 332 2191 πείνωσιν
368 2135 642 2207 ρυσθῆναι
670 2134 826 2197 ἀξιοῖ,
856 2132 1021 2198 λέγων
1039 2149 1052 2161 ·
1086 2152 1104 2182 ι
1137 2133 1242 2184 Καὶ¹
1270 2132 1371 2183 ἀπὸ
1397 2132 1632 2200 κεράτων

112 2225 469 2299 μονοκερὼτων
509 2226 598 2293 τὴν
637 2222 954 2275 ταπείνωσίν
989 2238 1106 2287 μου.
1136 2240 1153 2270 ι
1188 2221 1347 2272 Ποίαν
1374 2220 1428 2272 δὲ
1448 2221 1631 2273 ταπεί-

109 2335 243 2371 νωσιν
288 2318 320 2389 ἢ
370 2315 588 2384 ταύτην
638 2313 822 2382 αὐτὴν,
858 2312 974 2364 καθ’
1004 2312 1067 2381 ἣν
1126 2330 1142 2361 ι
1173 2312 1228 2362 ὲν
1278 2313 1450 2380 μορφῇ
1502 2310 1632 2363 Θεοῦ

108 2409 335 2479 ὑπάρχων
360 2405 737 2459 ἐταπείνωσεν
763 2401 945 2455 ἑαυτὸν
966 2402 1056 2453 καὶ
1082 2401 1329 2463 ὲκένωσε,
1354 2401 1634 2469 γενόμενος

108 2499 315 2570 ὗπήκοος
348 2498 519 2568 μέχρι
552 2493 801 2554 θανάτου,
829 2491 1048 2543 θανάτου
1077 2490 1131 2541 δὲ
1157 2489 1413 2560 σταυροῦ;
1452 2509 1468 2540 ι
1501 2490 1632 2543 ἀλλὰ

106 2590 196 2659 γὰρ
224 2589 311 2640 ἐπὶ
342 2584 609 2639 τοσοῦτον
655 2578 941 2643 κατελθὼν,
972 2581 1062 2632 καὶ
1106 2579 1259 2649 μέχρι
1290 2577 1472 2631 τούτου
1498 2578 1631 2648 φθά-

109 2693 205 2739 σας,
230 2677 366 2745 λέγω
396 2677 465 2745 δὴ
500 2674 664 2744 μέχρι
686 2673 782 2743 τῆς
805 2674 860 2724 ὲν
888 2670 962 2740 τῷ
990 2670 1087 2741 ᾄδῃ
1115 2671 1396 2740 ῥομφαίας,
1424 2672 1514 2723 καὶ
1538 2671 1631 2739 τῆς

106 2767 259 2836 χειρὸς
282 2766 371 2819 τοῦ
411 2763 609 2819 αὐτόθι
634 2762 917 2830 λεγομένου
951 2761 1106 2822 κυνὸς
1142 2760 1277 2828 (ὅθεν
1317 2762 1407 2812 καὶ
1442 2760 1630 2820 παῖδας

112 2856 352 2925 Ἑλλήνων
365 2854 538 2916 εἰκὼς
555 2854 574 2922 (
590 2853 634 2922 ι)
664 2850 895 2904 τοιοῦτόν
910 2867 1025 2902 τινα
1039 2849 1473 2919 παρακούσαντας
1501 2849 1630 2901 κύνα

103 2946 328 3008 θανάτου,
355 2947 454 2999 καὶ
494 2941 681 2995 τοῦτον
711 2938 1023 3012 τρικέφαλον
1046 2939 1494 3010 ἀναζωγραφεῐν),
1540 2941 1633 2991 καὶ

106 3038 243 3109 μέχρι
270 3038 324 3090 δὲ
349 3037 464 3089 τῶν
502 3032 794 3104 φαρύγγων
823 3029 914 3082 τοῦ
942 3030 1393 3101 προδεδηλωμένου
1427 3029 1629 3092 λέοντος

102 3128 266 3191 ἐλθὼν,
295 3129 389 3181 καὶ
411 3126 517 3195 τὴν
543 3122 864 3175 ταπείνωσιν
894 3119 1053 3173 αὑτοῦ
1080 3123 1186 3183 τοῖς
1211 3120 1510 3182 ἀντιπάλοις
1540 3119 1630 3171 καλ⁵
1659 3161 1711 3218 c_

103 3217 363 3288 θεομάχοις
386 3212 761 3287 μονοκέρωσιν
787 3209 1150 3279 ὑποστρώσας,
1180 3208 1272 3260 καὶ
1291 3208 1379 3260 ἐπὶ
1403 3208 1552 3260 τοῦτό
1570 3225 1630 3275 γε

104 3304 229 3369 τέλος
256 3306 351 3375 τὴν
385 3306 574 3357 πᾶσαν
604 3298 907 3367 οἰκονομίαν
936 3297 1033 3366 τῆς
1059 3295 1245 3348 ἑαυτοῦ
1278 3294 1546 3356 κενώσεως
1574 3312 1631 3346 τε

99 3396 178 3447 καὶ
198 3394 587 3456 ταπεινώσεως
614 3392 834 3461 στήσας,
853 3389 1078 3442 κᾶπειτα
1100 3386 1387 3455 εὐξάμενος
1409 3386 1503 3456 ἤδη
1530 3385 1638 3438 λοι-

99 3482 182 3535 πὺν
210 3485 384 3554 τυχεῖν
423 3483 533 3552 τῆς
579 3478 827 3549 βοηθείας
864 3477 954 3529 καὶ
984 3475 1080 3543 τῆς
1118 3474 1263 3545 παρά
1298 3474 1388 3526 τοῦ
1431 3473 1635 3544 Πατρός

94 3570 432 3640 ἀντιλῆψεως,
462 3566 742 3633 ἐπιλέγει·
791 3583 808 3614 ι
838 3565 909 3615 Σὺ
930 3562 1006 3625 δὲ,
1032 3561 1220 3630 Κύριε,
1257 3560 1333 3631 μὴ
1363 3562 1634 3631 μακρύνης

96 3657 179 3728 τὴν
202 3658 459 3731 βοήθειάν
510 3674 636 3727 μου,
662 3658 740 3719 είς
764 3655 859 3724 τὴν
889 3651 1162 3721 ἀντίληψίν
1193 3668 1292 3720 μου
1332 3653 1579 3722 πρόσχες.
1611 3672 1628 3702 ι

93 3746 185 3799 Καὶ
206 3748 349 3800 τοῦτ’
380 3748 561 3800 εἰπὼν
590 3746 691 3797 οὐκ
720 3746 797 3805 είς
830 3741 1039 3812 μακρὰν
1067 3740 1297 3809 ἐπηκόου
1317 3740 1407 3792 τοῦ
1434 3740 1636 3808 Πατρδς

89 3837 348 3905 τυγχάνει,
404 3836 487 3905 μὴ
542 3830 975 3903 μακρυνθέντος,
1023 3828 1151 3898 μηδὲ
1203 3826 1262 3879 τδ
1314 3825 1635 3897 βραχύτατον

86 3922 475 3992 ὑπερθεμένου,
506 3921 689 3980 αὐτοῖς
731 3917 785 3970 δὲ
839 3916 1015 3987 ἔργοις
1069 3916 1339 3986 μονονουχὶ
1380 3917 1643 3984 φήσαντος.

85 4009 251 4076 airch
295 4011 458 4062 «Ἔτι
505 4005 790 4067 λαλοῦντός
835 4021 947 4067 σου,
980 4003 1120 4074 ὲρῶο
1157 4003 1282 4055 Ἰδοὺ
1328 4002 1568 4073 πάρειμι.
1613 4022 1631 4053 ι

82 4097 183 4149 Καὶ
207 4099 270 4168 δὴ
291 4100 446 4151 τοῦτ’
486 4096 827 4165 αἰσθόμενος,
861 4094 955 4164 τῆς
983 4110 1042 4146 τε
1075 4093 1336 4163 πατρικῆς
1374 4091 1634 4161 βοηθείας,

84 4187 323 4259 καθάπερ
364 4188 601 4260 ηὔξατο,
630 4184 825 4256 τυχὼν,
856 4182 1095 4236 ἐντεῦθεν
1139 4182 1316 4234 λοιπὸν
1351 4182 1637 4252 ἀπέρχεται

76 4276 163 4328 τοῦ
203 4280 486 4332 ὲπινικίου
524 4276 715 4346 ὕμνου,
745 4275 880 4343 ὑπὲρ
920 4274 1015 4342 τῆς
1054 4272 1273 4341 ἑωθινῆς
1316 4272 1639 4341 ἀντιλήψεως

78 4366 163 4420 τὸν
182 4366 399 4438 ψαλμὸν
438 4366 783 4436 ποιούμενος,
807 4365 863 4415 ἐν
894 4357 973 4424 οἷς
1001 4378 1156 4431 φησι·
1192 4379 1208 4410 ι
1235 4363 1561 4432 Διηγήσομαι
1579 4362 1638 4413 τὸ

991 423 1622 483 οειιοκετιιλτιοιίιε
1660 420 2101 479 EVANGELlC/E
2131 425 2254 480 LIB.
2294 424 2359 479 Χ.

3165 425 3256 482 786

1737 535 1864 606 pidi,
1885 537 1975 605 qui
2005 546 2275 606 nequeunt
2306 537 2500 591 latrare
2522 536 2583 590 “.
2618 558 2635 589 ι
2666 537 2798 591 Cum
2827 537 2968 593 enim
2992 553 3083 595 eos
3102 555 3256 609 Opor-

1736 635 1890 689 teret,
1921 629 2126 682 tametsi
2175 637 2449 698 pastorum
2510 642 2711 681 morem
2748 644 2853 683 non
2884 640 3250 699 δυσορροιτιιιι,

1736 723 1967 771 attamen
1998 718 2255 772 bonorum
2289 732 2481 772 canum
2516 716 2703 780 instar,
2739 716 2944 771 Domini
2975 720 3054 773 sui
3090 720 3253 770 ratio-

1737 808 1907 861 nalem
1942 823 2152 876 gregem
2183 814 2339 875 atque
2364 822 2489 861 oves
2524 804 2716 859 domus
2754 806 2914 861 lsrael
2947 810 3253 862 custodien-

1737 906 1837 957 tes.
1870 896 2023 951 docte
2050 912 2111 950 ac
2140 900 2423 966 prudenter
2444 898 2660 956 latrare.
2685 897 3068 967 Dominnmque
3096 915 3249 953 suum

1735 999 1798 1038 ac
1820 993 2088 1054 pastorum
2118 986 2403 1054 principem
2429 987 2730 1040 demulcere
2761 994 2919 1055 atque
2942 1002 3247 1056 agnoscere,

1734 1078 1983 1143 omnique
2026 1076 2265 1129 custodia
2300 1076 2558 1130 creditum
2598 1077 2697 1130 sibi
2726 1091 2935 1145 gregem
2965 1092 3250 1131 conserva-

1735 1179 1815 1227 re,
1844 1165 2038 1217 latrare
2063 1172 2237 1216 autem
2268 1163 2313 1216 si
2350 1164 2484 1217 forte
2518 1165 2767 1218 acerbius
2796 1164 3011 1225 vellent,
3064 1176 3252 1217 contra

1734 1269 1827 1307 eos
1859 1253 1914 1306 id
1949 1252 2140 1315 facere,
2172 1254 2259 1321 qui
2288 1254 2622 1307 extrinsecus
2662 1254 2807 1323 gregi
2847 1252 3249 1316 insidiareutur,

1735 1344 1835 1412 ipsi
1868 1352 2076 1404 contra,
2119 1358 2313 1396 canum
2367 1342 2700 1411 stupidornm
2751 1356 2918 1409 reque
2947 1356 3069 1396 vera
3108 1341 3253 1394 insa-

1734 1433 1991 1485 nientium
2024 1432 2208 1496 instar,
2255 1432 2479 1486 latratus
2505 1447 2631 1486 suos
2659 1431 2970 1494 emiserunt,
3023 1440 3075 1484 et
3126 1445 3252 1485 oves

1733 1521 1964 1591 pastoris
1996 1521 2303 1584 eﬂ'erarunt,
2336 1530 2393 1574 ut
2422 1522 2610 1575 merito
2640 1520 2919 1574 conveniat
2956 1520 3035 1574 eis
3070 1520 3197 1573 illud
3234 1538 3248 1573 :

1738 1629 1756 1661 ι
1801 1611 2278 1667 Circumdederunt
2308 1625 2390 1665 me
2420 1625 2582 1664 canes
2613 1610 2787 1675 multi,
2819 1610 3103 1663 concilium
3140 1626 3253 1664 ma-

1733 1699 2048 1768 lignantium
2094 1699 2303 1753 obsedit
2333 1714 2436 1754 me.
2476 1718 2493 1750 ι
2531 1698 2686 1768 506
2711 1697 2849 1762 Quin
2878 1700 3037 1751 etiam
3068 1712 3252 1751 omnes

1734 1789 2035 1856 quicunque
2068 1789 2120 1840 in
2147 1789 2289 1840 hunc
2319 1802 2490 1856 usque
2534 1788 2674 1840 diem
2723 1787 2902 1840 itidem
2935 1796 2993 1840 ut
3029 1787 3103 1839 illi
3140 1801 3254 1855 per-

1735 1884 1864 1946 gunt
1894 1877 2207 1931 maledicere
2229 1892 2291 1929 ac
2319 1876 2513 1930 latrare
2543 1875 2799 1930 adversus
2824 1876 3096 1929 Christum
3133 1875 3250 1935 Dei.

1733 1967 1800 2021 ab
1830 1967 1935 2021 illis
1957 1968 2150 2021 diversi
2186 1966 2405 2034 putandi
2430 1981 2534 2018 non
2566 1973 2710 2020 sunt.
2746 1965 2852 2019 Nec
2882 1967 3059 2019 minus
3084 1964 3252 2032 ii,qui

1733 2062 1860 2109 tunc
1895 2056 1947 2108 in
1984 2055 2130 2109 illum
2164 2056 2322 2124 impie
2368 2055 2726 2123 grassantium
2777 2054 3005 2107 militum
3062 2054 3249 2115 instar,

1733 2162 1877 2199 nunc
1914 2147 2103 2200 Filium
2142 2146 2233 2201 Dei
2271 2148 2463 2201 iterum
2509 2147 2656 2200 cruci
2701 2145 2939 2215 adigunt,
2974 2148 3254 2215 palamque

1730 2234 2020 2304 ignominia
2069 2234 2322 2297 alliciunt,
2372 2251 2479 2290 non
2524 2235 2678 2304 longe
2721 2235 3004 2289 admodum
3039 2237 3105 2290 ab
3135 2237 3253 2289 illo«

1731 2342 1849 2378 rum
1899 2325 2100 2379 nefaria
2133 2327 2405 2380 voluntate
2451 2328 2739 2392 recedunt;
2790 2340 2975 2380 omnes
3024 2342 3149 2379 vero
3196 2326 3251 2379 hl

1734 2420 1879 2474 sunt,
1908 2413 1997 2481 qui
2038 2415 2194 2465 etiam
2236 2428 2378 2467 nunc
2402 2413 2599 2467 Christi
2627 2427 2842 2481 corpus,
2873 2411 2970 2464 hoc
3012 2417 3113 2474 est,
3149 2408 3251 2462 Ec-

1731 2504 1950 2558 clesiam
1976 2504 2353 2571 suscipientes,
2377 2518 2567 2557 manus
2599 2503 2741 2556 illius
2769 2508 2821 2556 et
2855 2501 3014 2569 pedes
3047 2509 3101 2554 ct
3125 2514 3250 2553 ossa

1732 2582 1987 2662 praeterea
2027 2591 2310 2659 dissipant,
2356 2591 2400 2645 si
2442 2590 2598 2643 modo
2645 2604 2830 2642 omnes
2863 2605 3024 2642 unum
3056 2601 3251 2656 corpus

1734 2696 1922 2735 sumus
1944 2681 1995 2733 in
2029 2680 2243 2733 Christo
2270 2679 2417 2737 Jesu.
2461 2679 2652 2749 singuli
2697 2686 2870 2731 autem
2917 2678 3248 2746 singulorum

1732 2769 1957 2821 invicem
2010 2769 2264 2822 membra.
2314 2787 2331 2817 ι
2372 2766 2552 2837 Neque
2577 2782 2704 2821 vero
2732 2775 2890 2836 caput
2921 2768 3142 2836 pedibus
3169 2765 3252 2819 di-

1732 2859 1889 2918 xerit,
1926 2871 2083 2926 opera
2106 2866 2278 2910 vestra
2312 2872 2416 2910 non
2445 2857 2677 2926 indigeo,
2710 2857 2850 2911 sicut
2873 2873 2970 2911 nec
3004 2856 3251 2910 manibus

1732 2946 1945 3014 quidem
1980 2946 2120 2999 oculi
2149 2946 2212 2999 "'.
2257 2965 2274 2997 ι
2303 2945 2411 3000 Illis
2439 2961 2564 3015 ergo
2592 2947 2922 3015 temporibus
2952 2946 3144 3014 quibus
3171 2946 3252 2998 in-

1730 3033 2055 3087 sectationes
2101 3042 2434 3102 grassantur,
2470 3035 2516 3088 si
2556 3051 2660 3104 qua
2698 3035 2832 3088 forte
2859 3034 3054 3088 Christi
3086 3049 3252 3086 mem-

1733 3122 1828 3175 bra
1858 3123 1924 3175 ab
1953 3123 2184 3176 inimicis
2228 3132 2384 3192 atque
2423 3123 2668 3178 hostibus
2711 3133 2989 3185 vexentur,
3034 3138 3139 3175 non
3170 3124 3253 3175 inc

1734 3212 2045 3280 tempestive
2076 3211 2141 3265 de
2164 3212 2267 3266 illis
2302 3224 2410 3267 tum
2433 3230 2643 3285 quoque
2671 3212 2895 3267 dixerit:
2928 3232 2945 3263 ι
2985 3211 3253 3267 Foderunt

1732 3313 1926 3353 manus
1948 3314 2090 3354 meas
2122 3308 2172 3352 et
2195 3302 2354 3367 pedes
2378 3318 2542 3365 meos,
2569 3302 3041 3355 dinumeraverunt
3074 3302 3252 3353 omnia

1732 3402 1855 3440 ossa
1890 3402 2026 3441 mea.
2062 3387 2161 3455 Ipsi
2191 3398 2364 3442 autem
2389 3391 2882 3450 consideraverunt,
2916 3399 2969 3442 et
3007 3391 3251 3455 inSpexe-

1733 3483 1858 3527 runt
1887 3475 1939 3528 io
1966 3490 2067 3528 me.
2101 3494 2119 3525 ι
2150 3473 2299 3528 Tunc
2329 3479 2489 3531 etiam
2520 3480 2762 3533 dividunt
2792 3479 2910 3547 ejus
2939 3480 3250 3533 vestimenta

1734 3563 1856 3623 sibi,
1892 3571 1947 3616 et
1976 3563 2026 3614 in
2055 3570 2248 3616 vestem
2278 3564 2395 3632 ejus
2421 3575 2615 3619 sortem
2643 3568 2856 3618 mittunt
2894 3583 2906 3616 :
2935 3581 3055 3617 cum
3084 3566 3251 3631 ipsius

1734 3652 1879 3705 verbi
1930 3659 2199 3711 ornatum.
2247 3654 2349 3707 hoc
2386 3664 2489 3718 est,
2517 3655 2820 3708 divinarum
2849 3653 3250 3722 Scripturarum

1734 3757 1893 3796 voces
1943 3742 2074 3797 alias
2120 3743 2272 3796 aliter
2308 3746 2676 3814 unusquisque
2708 3744 3003 3813 corrumpit
3032 3752 3085 3799 et
3111 3744 3253 3797 lace—

1735 3839 1838 3895 rat,
1890 3832 2014 3885 item
2069 3846 2189 3885 cum
2236 3834 2513 3902 Opiniones
2540 3835 2605 3887 de
2638 3835 2729 3888 illo
2780 3834 3045 3902 perversis
3086 3833 3254 3886 docu-

1734 3923 1929 3976 mentis
1961 3922 2254 3989 excipiunt,
2284 3923 2581 3990 cujustnodi
2613 3931 2757 3985 sunt,
2798 3938 2915 3991 quae
2939 3922 3125 3975 nefarii
3148 3920 3254 3975 hae-

1734 4013 1884 4064 retici
1914 4012 2088 4066 facere
2116 4014 2303 4066 solent.
2328 4011 2452 4065 Post
2470 4012 2646 4066 omnia
2674 4012 2783 4065 haec
2810 4011 2878 4064 ad
2911 4027 3064 4066 suum
3090 4008 3254 4062 Deum

1736 4108 1789 4153 et
1821 4099 2101 4154 Dominum
2131 4111 2180 4154 et
2214 4098 2422 4154 Patrem
2456 4101 2746 4154 oralionem
2777 4099 3055 4154 intendens
3087 4095 3253 4163 subji-

1736 4190 1810 4244 cit
1844 4190 1972 4243 illud
2002 4208 2015 4244 :
2051 4209 2071 4240 ι
2116 4188 2195 4244 Τιι
2222 4200 2417 4253 autem,
2442 4188 2683 4252 Domine,
2716 4204 2781 4242 ne
2803 4190 2984 4258 procul
3009 4200 3254 4239 amoveas

1738 4281 1993 4333 auxilium
2016 4296 2211 4334 meum.
2247 4301 2264 4332 ι
2302 4280 2573 4349 Siquidem
2613 4290 2863 4349 tanquam
2892 4281 2942 4332 in
2971 4288 3256 4346 angustum

1740 4367 1988 4421 redactus
2018 4368 2083 4421 ad
2109 4369 2276 4435 ipsam
2301 4370 2607 4423 certaminis
2628 4369 3058 4430 ostentationem,
3089 4376 3143 4420 et
3170 4379 3257 4419 s0-

74 4455 237 4527 6νομά
286 4477 387 4513 σου
442 4462 561 4521 τοῖς
606 4458 849 4525 ἀδελφοῖς
880 4470 1012 4525 μου·
1043 4457 1099 4506 ὲν
1143 4453 1287 4523 μέσῳ
1326 4452 1634 4521 Ἐκκλησίας

1741 4457 1825 4512 lus
1856 4458 2056 4527 absque
2081 4460 2323 4528 adjutore
2342 4461 2598 4514 adversus
2624 4468 2847 4514 mortem
2867 4461 3117 4521 nudatus,
3136 4472 3256 4511 cum

77 4547 295 4618 ὑμνήσω
326 4567 413 4602 σε.
456 4568 477 4599 ι
515 4546 758 4616 Πρώτοις
793 4545 888 4615 μὲν
909 4540 998 4596 οὖν
1026 4546 1133 4605 τοῖς
1166 4541 1349 4593 ἑαυτοῦ
1378 4540 1635 4609 μαθηταῖς

74 4636 161 4688 καὶ
183 4637 528 4701 ἀποστόλοις
547 4634 933 4704 ἐπαγγέλλεται
968 4633 1033 4684 τὰ
1073 4632 1167 4701 τῆς
1195 4632 1276 4682 ἐπ’
1303 4629 1443 4699 αὑτῷ
1470 4632 1638 4699 χαρᾶς

75 4727 162 4777 καὶ
212 4728 611 4796 ἀγαλλιάσεως
652 4721 1105 4790 εὐαγγελίσεσθαι,
1148 4718 1402 4787 ἀδελφοὺς
1447 4719 1637 4780 αὐτοὺς

72 4817 352 4888 ὀνομάζων
380 4836 396 4849 ·
447 4812 535 4881 οἷς
578 4814 840 4869 ἀκόλουθα
885 4812 977 4863 καὶ
1025 4812 1052 4861 ό
1096 4809 1362 4872 Ματθαῖος
1407 4809 1646 4862 διδάσκει

72 4905 267 4974 λέγων’
306 4930 326 4960 ‹
356 4910 487 4963 Kal.
518 4908 626 4959 ἰδοὺ
659 4905 688 4955 ὁ
728 4901 930 4972 Ἰησοῦς
954 4902 1253 4970 ἀπήντησεν
1278 4902 1478 4963 αὑταῖς,
1509 4921 1526 4952 ι
1550 4901 1639 4969 δη·-

73 4994 237 5051 λονότι
268 5004 401 5062 ταῖς
454 4997 601 5067 ἀμφὶ
644 4994 741 5063 τὴν
788 4990 1140 5059 Μαγδαληνὴν
1168 4991 1399 5057 Μαρίαν,
1433 4990 1598 5057 λέγων
1620 5007 1633 5019 ⁸

77 5104 97 5134 ι
125 5087 391 5159 Χαίρετε.
429 5106 452 5138 ι
511 5088 573 5138 Ai
610 5085 669 5137 δὲ
714 5078 1096 5153 προσελθοῦσαι
1134 5079 1432 5149 ἐκράτησαν
1479 5080 1638 5131 αὑτοῦ

73 5176 191 5241 τοὺς
226 5179 432 5241 πόδας,
466 5177 564 5228 καὶ
594 5169 1001 5245 προσεκύνησαν
1028 5167 1190 5236 αὐτῷ.
1219 5167 1347 5218 Τότε
1378 5167 1519 5235 λέγει
1546 5171 1640 5221 αὺ-

73 5271 184 5330 ταῖς
212 5270 243 5319 ό
290 5266 550 5336 Ἰησοῦς·
593 5282 611 5314 ι
646 5261 738 5330 Μὴ
779 5256 1045 5326 φοϐεῖσθε.
1064 5256 1343 5323 Ὑπάγετε,
1378 5257 1636 5325 ἀπαγγεί-

73 5354 191 5409 λατε
217 5360 337 5420 τοῖς
373 5354 637 5422 ἀδελφοῖς
682 5366 804 5419 μου,
835 5348 918 5399 ἴνα
951 5345 1243 5398 ἀπέλθωσιν
1269 5348 1344 5407 είς
1372 5347 1465 5416 τὴν
1494 5349 1641 5402 Γαλιο

78 5448 244 5512 Λαίαν,
273 5448 454 5500 κάκεῖ
492 5460 559 5513 με
599 5441 842 5508 ὄψονται.
876 5453 893 5484 ι
925 5435 979 5486 '0
1017 5434 1256 5504 Ἰωάννης
1291 5434 1343 5487 δὲ
1390 5439 1520 5505 μετά
1543 5441 1639 5511 τὴν

78 5537 134 5588 ὲκ
170 5537 390 5611 νεκρῶν
427 5535 738 5588 ἀνάστασιν
770 5526 969 5591 εἰσάγει
1009 5526 1098 5579 καὶ
1124 5527 1281 5588 αὐτὸς
1321 5526 1406 5579 τὸν
1445 5530 1639 5599 Ἰησοῦν

148 5630 186 5658 ¹⁶
227 5630 336 5683 lsa.
379 5641 477 5681 ινι
502 5662 517 5686 ,
557 5624 643 5675 10.
729 5617 778 5647 ⁸³
816 5616 834 5668 ι
867 5618 987 5667 Cor.
1023 5631 1106 5678 ιιι,
1144 5616 1229 5670 2|.

141 5720 213 5787 (lt
251 5715 475 5780 Εικώς.
514 5712 655 5778 Lege
685 5707 852 5765 εἰκός.
884 5702 1030 5757 Eon.

1740 4548 1896 4617 plane
1949 4558 2281 4619 compertum
2329 4550 2570 4614 haberet,
2616 4551 2871 4605 auxilium
2917 4549 3019 4602 sibi
3048 4564 3077 4600 a
3106 4548 3258 4599 Patre

1738 4654 1844 4691 non
1878 4638 2033 4690 aliter
2062 4638 2224 4692 alforc
2260 4655 2418 4708 quam
2449 4655 2542 4709 per
2570 4641 2963 4695 restitutionem
3014 4652 3044 4689 ιι
3092 4643 3257 4688 morte

1738 4727 1803 4779 ad
1836 4727 2022 4789 vitam,
2054 4730 2245 4782 merito
2276 4731 2328 4782 in
2359 4730 2639 4798 praisentia
2673 4735 2790 4782 orat
2827 4741 2889 4778 ex
2936 4724 3051 4776 acie
3072 4724 3255 4776 adver-

1738 4818 2001 4870 sariorum
2030 4817 2271 4870 evadere.
2307 4817 2569 4882 Quocirca
2614 4818 2692 4871 sic
2736 4817 2809 4868 ait
2839 4832 2853 4868 :
2891 4831 2909 4863 ι
2950 4812 2992 4863 Τ
3000 4829 3031 4864 ιι
3059 4820 3258 4872 autem,

1740 4906 1978 4966 Domine,
2006 4920 2070 4958 ne
2102 4907 2287 4973 procul
2343 4920 2590 4960 amoveas
2634 4904 2888 4958 auxilium
2939 4915 3117 4953 meum
3151 4917 3165 4953 :
3196 4901 3258 4952 all

1741 4995 2128 5064 susceptionem
2158 5010 2326 5049 meam
2382 4996 2607 5063 respice.
2657 5013 2675 5045 ι
2724 4991 2929 5044 Etenim
2959 4990 3028 5041 ab
3065 4990 3261 5044 auxilio

1741 5095 1834 5140 tuo
1864 5086 2131 5153 susceptio
2161 5085 2286 5136 mihi
2310 5084 2502 5146 veniet,
2534 5091 2749 5151 propter
2777 5094 2937 5148 quam
2963 5078 3261 5146 susceptio-

1741 5191 1862 5229 nem
1916 5182 2057 5228 totus
2106 5174 2341 5242 psalmus
2393 5175 2582 5225 merito
2629 5168 2921 5236 inscriptus
2970 5174 3080 5226 est,
3116 5185 3135 5216 ι
3174 5181 3265 5235 pre

1742 5265 2078 5333 susceptione
2101 5264 2381 5317 matutina.
2413 5283 2430 5313 ›
2466 5263 2543 5316 Ad
2570 5260 2968 5328 susceptionem
2998 5255 3168 5324 igitur
3189 5273 3253 5310 re

1741 5356 1904 5424 spice,
1927 5362 2185 5422 praestans
2202 5354 2329 5407 mihi
2355 5369 2513 5423 quam
2545 5351 2823 5407 celerrime
2849 5346 2949 5401 sub
2978 5346 3156 5413 ipsam
3179 5361 3263 5399 au-

1742 5459 1915 5497 roram
1948 5444 2266 5498 reversionis
2300 5459 2329 5497 a
2385 5444 2607 5498 mortuis
2656 5437 3083 5502 susceptionem,
3116 5449 3276 5502 quam

1743 5549 1868 5588 sane
1897 5549 2051 5603 spero
2085 5549 2167 5589 me
2198 5543 2628 5590 CODSCCUlUI'UIll.
2659 5545 2785 5585 ευιιι
2811 5541 2930 5581 eam
2951 5538 3061 5578 non
3086 5522 3278 5594 procul
