3782 6374
146 359 265 416 789

1010 360 1639 419 DEMONSTRATIONIS
1673 361 2110 418 EVANGELICE
2149 364 2275 422 LIB.
2315 365 2379 420 Χ.

3226 372 3321 428 790

145 474 313 543 δόξης
359 477 803 547 ἐσμικρυμμένῃ.
847 473 954 529 Εἶτ’
1004 478 1270 545 ἐπιλέγει·
1331 494 1350 527 ι
1397 476 1506 539 Τὰς
1549 477 1708 545 εύχάς

1809 477 2054 535 Ecclesia:
2080 480 2303 535 laudabo
2343 490 2411 536 te.
2457 501 2475 534 ι
2512 479 2704 539 Primis
2739 485 2881 540 enim
2908 485 3019 541 suis
3046 485 3319 557 discipulis

149 581 262 636 μου
281 564 366 634 τῷ
398 566 590 636 Κυρίῳ
621 566 879 620 ἀποδώσω
903 566 1124 621 ἐνώπιον
1153 568 1362 621 πάντων
1386 567 1492 620 τῶν
1517 567 1703 635 φοϐου-

148 654 338 726 μένων
364 655 530 708 αὐτόν
549 672 563 686 ·
578 676 597 708 ι
621 656 780 724 φοϐου
787 656 972 726 μένους
990 658 1145 710 αὐτὸν
1165 656 1443 711 ἀποκαλῶν
1459 657 1555 728 τὴν
1585 657 1704 728 πρό-

141 759 313 815 τερον
345 745 740 815 ὀνομασθεῖσαν
772 748 1086 818 Ἐκκλησίαν
1118 748 1369 819 μεγάλην,
1394 743 1474 811 οἷς
1498 749 1701 815 ἔλεγενο

148 854 172 887 ε
208 836 282 889 οι
302 834 633 904 φοὸούμενοι
650 836 736 889 τὸν
763 837 979 907 Κύριον,
1009 838 1251 891 αἰνέσατε
1276 839 1452 891 αὐτόν.
1498 857 1516 889 ι
1545 840 1706 901 Ποίας

140 923 205 978 ἃ
239 924 419 994 εὐχὰς
453 924 751 979 ἀποδώσειν
784 928 962 996 φησιν,
991 927 1023 997 ἢ
1049 928 1113 991 ἃς
1139 928 1522 998 ἐπηγγείλατο;
1552 929 1705 992 ποίας

142 1013 203 1068 δέ
237 1015 620 1083 ἐπηγγείλατο
646 1016 679 1086 ἢ
719 1017 942 1079 ὲκείνας,
965 1016 1028 1070 δι’
1058 1012 1130 1070 ὧν
1160 1018 1353 1088 ἔφησε·
1394 1037 1413 1068 ι
1449 1019 1707 1089 Διηγήσο-

148 1119 247 1171 μαι
290 1100 359 1154 τὸ
390 1102 568 1172 ὅνομά
611 1120 703 1156 σου
739 1107 846 1167 τοῖς
879 1105 1119 1173 ἀδελφοῖς
1151 1123 1276 1176 μου·
1311 1109 1368 1159 ὲν
1404 1107 1549 1177 μέσῳ
1590 1109 1707 1161 Ἐκ-

141 1188 390 1258 κλησίας
420 1191 653 1260 ὑμνήσω
682 1208 762 1256 σε,
786 1211 805 1244 ι
834 1193 984 1263 εὐχαί
1018 1196 1110 1266 γάρ
1133 1197 1265 1248 εἰσιν
1291 1197 1344 1248 αἱ
1372 1195 1704 1263 ἐπαγγελίαι,

143 1281 213 1344 ἃς
247 1280 730 1351 ἐπαγγειλάμενος
771 1281 958 1337 δώσειν
999 1289 1055 1337 ἐν
1094 1285 1238 1355 μέσῳ
1279 1286 1590 1355 Ἐκκλησίας
1629 1286 1708 1338 δι·-

142 1370 496 1424 εδεσαιοῦτο.
531 1371 749 1434 Τούτοις
773 1371 894 1441 ἑξῆς
915 1372 1146 1441 ἐπιλέγει
1166 1390 1179 1404 °
1215 1393 1232 1425 ‹
1255 1374 1512 1441 Φάγονται
1544 1375 1706 1444 πένη-

142 1480 241 1522 τες
285 1462 387 1516 καὶ
431 1461 934 1531 ἐμπλησθήσονται,
978 1464 1069 1516 καὶ
1115 1462 1376 1516 αἰνέσουσι
1420 1463 1614 1533 Κύριον
1659 1466 1706 1517 οἱ

144 1550 525 1622 ἐπιζητοῦντες
564 1551 744 1604 αὐτόν.
785 1552 1040 1621 Ζὴσονται
1087 1552 1142 1604 αἰ
1173 1552 1385 1623 καρδίαι
1430 1552 1602 1606 αὐτῶν
1633 1555 1709 1614 εἰς

145 1638 326 1691 αἰῶνα
384 1636 607 1699 αἰῶνος.
651 1637 1054 1708 Μνησθήσονται
1094 1639 1184 1691 καὶ
1229 1640 1713 1710 ἐπιστραφήσονται

147 1726 289 1797 πρὸς
321 1726 544 1797 Κύριον
586 1726 760 1779 πάντα
798 1725 863 1778 τὰ
899 1726 1103 1798 πέρατα
1142 1728 1240 1798 τῆς
1269 1729 1389 1797 γῆς,
1422 1730 1512 1781 καὶ
1544 1743 1710 1799 προσ-

1800 579 1853 623 ει
1880 572 2130 640 apostolis
2166 588 2281 642 quaa
2321 573 2386 626 ad
2420 587 2570 626 suam
2604 572 2838 628 laetitiam
2899 585 2951 630 et
3005 579 3316 632 exsultatio-

1799 673 1917 712 nem
1948 659 2243 727 pertinent,
2294 660 2570 729 pollicetur
2597 674 2653 714 se
2699 662 3086 728 nuntiaturum,
3118 680 3210 721 eos
3239 667 3315 719 in-

1800 748 1953 802 terim
1987 749 2265 803 nominans
2302 748 2488 803 fratres
2514 768 2527 803 :
2558 750 2751 818 quibus
2779 751 2935 805 etiam
2964 764 3318 811 consentanea

1800 837 2075 893 Matthaaus
2107 838 2345 907 exponit,
2375 839 2498 892 dum
2527 839 2654 892 dicit
2683 858 2696 893 ;
2728 858 2746 889 ι
2810 839 2870 893 Et
2893 857 3017 897 ecce
3041 842 3196 899 Jesus
3224 860 3319 900 oc-

1801 929 1971 981 currit
2013 929 2136 991 illis,
2172 948 2191 980 ι
2240 930 2326 983 ubi
2359 930 2477 982 illas
2512 930 2796 999 intelligit,
2830 947 2948 1000 qua:
2981 948 3099 986 cum
3153 935 3317 989 Maria

1803 1011 2107 1083 Magdalene
2137 1023 2288 1068 erant
2309 1054 2322 1077 ,
2358 1033 2376 1064 ι
2405 1015 2590 1071 dicens
2614 1037 2626 1070 :
2658 1016 2884 1073 Salvete.
2912 1017 3016 1072 Illae
3039 1028 3211 1075 autem
3236 1038 3320 1077 ac-

1802 1111 2075 1157 cesserunt
2102 1112 2153 1159 et
2185 1113 2465 1158 tenuerunt
2492 1107 2607 1173 ejus
2635 1108 2827 1175 pedes.
2877 1115 2930 1161 et
2971 1108 3319 1165 adoraverunt

1801 1208 1944 1247 eum.
1979 1191 2127 1247 Tunc
2151 1195 2227 1246 ait
2257 1195 2360 1249 illis
2381 1194 2576 1250 Jesus;
2618 1194 2791 1251 Nolite
2825 1197 3027 1251 timere.
3077 1197 3182 1261 Ite,
3225 1216 3321 1254 an-

1804 1280 2044 1335 nuntiate
2070 1279 2324 1335 fratribus
2358 1283 2509 1344 meis,
2537 1291 2594 1336 ut
2622 1284 2815 1337 abeant
2845 1285 2895 1337 in
2930 1284 3196 1339 Galilaeam
3216 1326 3229 1346 ,
3269 1296 3322 1342 et

1804 1371 1874 1426 ibi
1907 1387 1991 1426 me
2019 1372 2270 1427 videbunt
2298 1373 2359 1425 ¹⁸.
2394 1392 2413 1425 ›
2455 1373 2521 1426 At
2545 1389 2672 1428 vero
2700 1374 2932 1429 Joannes
2959 1384 3077 1445 post
3107 1377 3324 1431 reditio-

1805 1474 1921 1513 nem
1955 1474 1984 1512 a
2011 1461 2231 1515 mortuis
2254 1462 2366 1531 ipse
2395 1478 2602 1532 quoque
2624 1463 2826 1517 inducit
2850 1463 3029 1519 Jesum
3058 1465 3321 1520 dicentem

1805 1549 1871 1602 ad
1911 1548 2078 1618 ipsam
2126 1549 2388 1606 Mariam:
2437 1569 2456 1601 ι
2505 1551 2622 1606 Νοιί
2654 1567 2735 1607 me
2783 1560 3036 1622 tangere:
3086 1556 3320 1609 nondum

1804 1638 1944 1692 enim
1973 1640 2187 1692 ascendi
2236 1639 2302 1693 ad
2348 1638 2556 1694 Patrem
2593 1655 2788 1695 meum.
2854 1641 2998 1696 Vade
3047 1650 3220 1699 autem
3255 1645 3320 1699 ad

1807 1724 1996 1781 fratres
2023 1741 2187 1787 meos,
2215 1734 2267 1780 et
2290 1726 2376 1780 dic
2402 1728 2478 1780 eis
2509 1746 2522 1781 :
2556 1727 2798 1782 Ascendo
2825 1729 2888 1782 ad
2911 1727 3116 1783 Patrem
3146 1746 3320 1785 meum

147 1817 494 1885 κυνήσουσιν
549 1812 774 1866 ἐνώπιον
820 1814 978 1867 αὐτοῦ
1030 1817 1193 1868 πᾶσαι
1242 1819 1294 1868 αἰ
1354 1817 1572 1888 πατριαί
1606 1816 1708 1869 τῶν

1809 1821 1859 1868 et
1888 1812 2099 1868 Patrem
2129 1821 2362 1868 vestrum
2385 1852 2400 1876 ,
2457 1823 2508 1869 et
2538 1813 2701 1869 Deum
2751 1830 2923 1869 meum
2958 1826 3012 1871 et
3042 1816 3205 1871 Deum
3229 1832 3322 1871 ve-

147 1904 351 1957 ἐθνῶνο
392 1904 480 1956 ὅτι
507 1902 603 1956 τοῦ
638 1902 837 1971 Κυρίου
870 1905 901 1973 ἡ
931 1902 1186 1972 βασιλεία,
1212 1905 1303 1957 καί
1334 1905 1489 1966 αὐτὸς
1520 1905 1706 1958 δεσπό-

148 1994 231 2058 ζει
262 1992 384 2047 τῶν
419 1991 617 2045 ἐθνῶν.
656 2011 675 2043 ι
710 1992 786 2044 Δι’
819 1985 893 2045 ὧν
923 1993 1120 2063 σφόδρα
1153 1993 1448 2056 ἀκολούθως
1479 1994 1544 2046 τὰ
1579 1994 1714 2064 μετὰ

146 2082 248 2155 τὴν
275 2083 598 2137 ἀνάστασιν
628 2079 790 2133 αὐτοῦ
823 2080 1208 2152 κατορθώματα
1250 2083 1529 2149 ἀναφωνετ,
1555 2082 1589 2137 ἃ
1621 2084 1713 2143 καὶ

146 2170 527 2243 πεπλήρωται
550 2168 638 2221 διὰ
664 2169 764 2238 τῆς
790 2169 847 2235 ἐξ
874 2168 1117 2222 ἁπάντων
1141 2169 1244 2222 τῶν
1267 2169 1428 2223 ἐθνῶν
1454 2171 1713 2241 κλήσεως,

144 2261 235 2315 διά
262 2277 329 2313 τε
360 2259 471 2329 τῆς
502 2259 561 2310 ἐν
586 2260 700 2320 τοῖς
727 2257 920 2328 πέρασι
951 2258 1047 2328 τῆς
1076 2260 1387 2330 οἰκουμένης
1422 2259 1711 2331 ἀνθρώπων

145 2347 417 2417 ἐκλογῆς,
471 2340 553 2399 ὧν
601 2347 657 2398 αἱ
713 2344 961 2408 ἐκϐάσεις
1016 2346 1302 2417 ὀφθαλμοῖς
1358 2346 1711 2419 θεωρούμεναι

146 2440 378 2493 πάντων
413 2436 485 2489 ἂν
529 2435 770 2504 γένοιντο
793 2435 898 2488 τῶν
939 2436 1024 2489 διὰ
1057 2436 1148 2489 τοῦ
1180 2437 1386 2507 ψαλμοῦ
1418 2438 1711 2508 λεγομένων

145 2528 602 2601 παραστατικαί.
652 2527 887 2598 Πένητες
931 2528 986 2581 δὲ
1032 2529 1189 2582 πάλιν
1234 2533 1411 2600 ἡμεῖς,
1454 2530 1544 2593 οὒς
1578 2531 1713 2584 κατὰ

145 2619 280 2673 Θεὸν
317 2617 718 2686 πτωχεύοντας
762 2617 1034 2688 ἐκτρέφων
1083 2620 1112 2670 ὁ
1153 2620 1409 2689 σωτήριος
1434 2619 1599 2686 Λόγος
1636 2619 1713 2688 τῷ

144 2708 326 2779 νσητῷ
363 2709 467 2762 καὶ
499 2705 704 2776 λογικῷ
744 2707 888 2778 ἄρτῳ
917 2709 1031 2770 ταῖς
1075 2707 1347 2771 ζωοποιοῖς
1390 2706 1495 2760 τῶν
1534 2706 1713 2777 ψυχῶν

142 2801 410 2869 τροφαῖς,
449 2795 552 2867 τὴν
584 2794 799 2849 αἰώνιον
829 2798 955 2865 ἡμῖν
994 2797 1217 2867 παρέχει
1247 2796 1405 2867 ζωήν.
1438 2797 1524 2850 Διό
1555 2814 1713 2866 φησιν
1752 2823 1757 2829 ·

142 2891 171 2944 ὁ
200 2889 437 2959 ψαλμός
454 2904 470 2918 ο
540 2906 560 2938 ι
596 2888 857 2955 Φάγονται
883 2886 1106 2957 πένητες
1126 2888 1216 2939 καὶ
1238 2887 1712 2958 ἐμπλησθήσονται,

144 2978 239 3034 καὶ
272 2978 571 3032 αἰνέσουσι
602 2977 803 3048 Κύριον
838 2977 887 3029 οί
924 2973 1266 3047 ὲκζητοῦντες
1312 2976 1487 3030 αὐτόν.
1524 2977 1713 3045 Ζήσονο

143 3085 235 3122 ται
264 3070 327 3123 αἰ
362 3067 598 3137 καρδίαι
630 3065 807 3120 αὐτῶν
835 3067 912 3128 εἰς
936 3065 1103 3118 αἰῶνα
1122 3064 1328 3127 αἰῶνος.
1365 3083 1383 3115 ι
1420 3066 1526 3118 Καὶ
1548 3066 1576 3118 ὁ
1602 3064 1715 3117 ἐπί-
1739 3106 1780 3162 c

142 3158 306 3226 λογος
329 3157 400 3210 δὲ
426 3157 532 3226 τῆς
558 3156 687 3227 ὅλης
712 3153 1036 3227 προφητείας
1069 3152 1202 3222 μετὰ
1225 3153 1398 3207 πάντα
1421 3154 1711 3225 ἐπιφέρων

148 3267 170 3299 ο
220 3246 708 3316 Ἀναγγελήσεται
729 3244 804 3313 τῷ
835 3243 1020 3313 Κυρίῳ
1048 3240 1205 3309 γενεὰ
1233 3244 1265 3311 ἡ
1298 3241 1575 3312 ἐρχομένη.
1607 3242 1714 3293 Καὶ

139 3333 528 3406 ἀνατγελοῦσι
552 3334 653 3404 τὴν
681 3331 1016 3401 δικαιοσύνην
1046 3330 1204 3384 αὐτοῦ
1234 3329 1344 3400 λαῷ
1365 3332 1441 3401 τῷ
1467 3330 1715 3399 τεχθησο-

142 3427 319 3498 μένῳ,
381 3425 451 3478 ὃν
506 3423 760 3492 ἐποίησεν
796 3421 825 3473 ὁ
880 3421 1105 3491 Κύριος
1150 3439 1170 3470 ι
1205 3419 1452 3488 ἄντικρυς
1497 3419 1584 3471 τὸν
1656 3416 1714 3481 ἐξ

137 3517 318 3572 ἐθνῶν
356 3511 729 3586 προθεσπίζει
757 3512 903 3573 λαὸν,
953 3510 1043 3562 καὶ
1074 3509 1168 3579 τὴν
1214 3508 1299 3560 διὰ
1336 3508 1426 3560 τοῦ
1475 3507 1715 3576 Σωτῆρος

137 3603 305 3675 ἡμῶν
352 3598 545 3670 Ἰησοῦ
577 3596 809 3668 Χριστοῦ
844 3598 1108 3649 συστᾶσαν
1140 3596 1229 3647 ἐπὶ
1258 3595 1352 3664 τῆς
1380 3595 1478 3663 γῆς
1509 3594 1710 3661 γενεάν.

135 3695 239 3756 Τίς
264 3692 387 3763 γὰρ
422 3689 493 3743 ἂν
519 3687 605 3758 εἴη
638 3689 667 3740 ὁ
703 3687 837 3757 μετὰ
862 3687 1030 3740 ταῦτα
1067 3684 1408 3755 τεχθήσεσθαι
1439 3684 1716 3752 λεγόμενος

134 3782 217 3852 τῷ
250 3780 386 3851 Θεῷ
419 3777 577 3841 λαὸς,
611 3775 773 3830 πάλαι
807 3775 878 3846 μὴ
905 3774 999 3839 ὢν,
1026 3774 1141 3844 μηδ’
1168 3773 1404 3841 ὑφεστὼς
1439 3775 1494 3826 ἐν
1524 3772 1717 3844 ἀνθρώ-

133 3890 287 3935 ποις,
326 3871 577 3937 ὕστερον
611 3867 669 3918 δὲ
700 3864 964 3934 γεγονὼς;
1010 3864 1091 3927 τίς
1133 3881 1189 3916 τε
1229 3863 1287 3915 οὐ
1322 3863 1394 3933 μὴ
1424 3860 1555 3916 οὖσα
1577 3863 1715 3926 τότε,

131 3961 428 4030 λεγομένη
451 3958 519 4011 δὲ
549 3953 860 4008 ἐλεύσεσθαι
883 3953 1061 4021 γενεὰ,
1094 3954 1142 4005 εἰ
1167 3953 1238 4023 μὴ
1291 3952 1421 4023 αὕτη
1447 3956 1480 4023 ὴ
1507 3953 1589 4006 διὰ
1624 3950 1717 4004 τοῦ

131 4051 414 4122 Σωτῆρος
444 4049 482 4116 ἡ
490 4045 614 4116 μῶν
642 4046 701 4096 ἐν
732 4044 891 4096 παντὶ
923 4042 999 4111 τῷ
1026 4042 1209 4112 κόσμῳ
1230 4045 1465 4095 συστᾶσα
1499 4042 1718 4110 Ἐκκλη-

131 4141 265 4203 σία;
300 4139 411 4191 καὶ
439 4141 472 4191 ὁ
495 4135 621 4197 νέος
648 4132 707 4197 ἐξ
731 4132 896 4186 ἐθνῶν
925 4133 1072 4195 λαὸς,
1102 4134 1185 4200 ἐφ’
1213 4127 1256 4200 ᾧ
1277 4133 1369 4185 καὶ
1395 4132 1479 4185 διὰ
1507 4133 1718 4185 Ἡσαῒου

126 4231 192 4285 τὸ
241 4229 506 4299 Πνεῦμα
534 4226 598 4279 τὸ
645 4224 796 4291 ἆγιον
827 4220 1597 4293 θαυμαστικῶςκάπεφθέγξατο
1620 4223 1719 4290 φῆ-

129 4339 236 4376 σαν
262 4340 277 4353 ·
325 4340 348 4373 ο
405 4319 513 4381 Τίς
534 4318 732 4387 ἢκουσε
764 4315 1002 4379 τοιαῦτα,
1030 4315 1121 4368 καὶ
1145 4315 1226 4377 τίς
1256 4314 1491 4384 ἑώρακεν
1513 4312 1716 4377 οὖτως;

1807 1910 1976 1957 strum
2011 1906 2072 1960 ”.
2115 1924 2132 1957 ι
2166 1903 2357 1958 Primis
2384 1918 2509 1974 ergo
2537 1904 2793 1973 apostolis
2842 1906 2983 1969 suis.
3018 1922 3153 1974 quos
3195 1922 3322 1962 suos

1807 1991 1998 2047 fratres
2022 1995 2278 2056 nominat,
2311 2009 2500 2049 nomen
2544 2010 2602 2049 se
2630 1993 2803 2050 Patris
2848 1996 2929 2049 sui
2981 2004 3321 2049 narraturum

1807 2084 1902 2136 ait.
1930 2082 2056 2136 Post
2084 2083 2204 2138 illos
2235 2092 2408 2138 autem
2429 2123 2444 2146 ,
2495 2084 2611 2152 ipso
2641 2084 2828 2139 ordine
2877 2087 3098 2156 ipsaque
3132 2100 3321 2141 conse-

1806 2174 1998 2243 quendi
2032 2174 2236 2228 ratione
2259 2173 2523 2238 Ecclesiae,
2557 2174 2673 2243 qua:
2701 2190 2792 2243 per
2813 2182 2981 2229 totum
3015 2178 3196 2230 orbem
3219 2183 3325 2230 ter-

1806 2276 1984 2315 rarum
2032 2262 2084 2315 in
2118 2263 2330 2317 nomine
2383 2263 2551 2331 ipsius
2606 2263 2822 2318 fundata
2879 2272 2992 2329 est,
3048 2273 3323 2333 paternum

1808 2349 2060 2419 hymnum
2094 2366 2150 2404 se
2177 2352 2537 2421 expositurum
2569 2354 2843 2421 promittit.
2871 2353 3324 2419 Quemadmodum

1806 2438 1945 2491 enim
1985 2437 2029 2492 si
2076 2438 2196 2506 quis
2237 2439 2500 2494 excellens
2529 2440 2784 2509 sapientia
2815 2449 3107 2510 praeceptor
3135 2442 3188 2494 in
3217 2456 3327 2496 me-

1807 2525 1911 2582 diis
1940 2527 2052 2580 suis
2083 2526 2359 2596 discipulis
2389 2527 2549 2582 verba
2581 2536 2890 2597 percurrat,
2952 2536 3010 2582 ut
3060 2526 3163 2600 ipsi
3193 2543 3327 2595 quo-

1808 2629 1911 2681 que
1937 2613 2211 2668 audientes
2240 2616 2561 2678 auscultent,
2593 2616 2665 2669 ita
2696 2616 2854 2670 etiam
2900 2617 2989 2671 ille
3020 2634 3039 2666 ‹
3076 2618 3128 2670 in
3155 2617 3327 2671 medio

1809 2700 2077 2764 Ecclesiae,
2105 2703 2295 2772 inquit,
2327 2704 2555 2759 laudabo
2586 2712 2657 2766 te,
2695 2725 2713 2757 ι
2771 2711 2827 2758 ιιι
2858 2719 2981 2759 cum
3020 2705 3118 2760 hoc
3145 2705 3330 2762 Ecde-

1810 2796 1886 2850 sia
1914 2796 2175 2862 didicerit,
2202 2798 2326 2851 dum
2359 2797 2426 2851 ab
2460 2800 2575 2866 ipso
2606 2799 2790 2861 audit,
2844 2813 2953 2852 non
2985 2799 3118 2851 ultra
3147 2805 3204 2853 ut
3233 2812 3329 2854 art-

1810 2894 1895 2941 tea
1924 2885 2218 2950 diemonas,
2271 2887 2397 2948 sed,
2442 2896 2501 2940 ut
2554 2904 2645 2957 par
2699 2895 2821 2950 est,
2867 2888 3040 2956 ipsum
3098 2887 3328 2943 universi

1811 2970 1974 3027 Deum
2006 2987 2097 3042 per
2117 2989 2256 3036 eum,
2288 2974 2376 3043 qui
2407 2974 2554 3028 illum
2583 2974 2859 3029 denuntiat
2880 3014 2899 3038 ,
2954 2976 3161 3046 hymnis
3197 2991 3330 3030 cun-

1812 3061 2057 3117 celebret.
2083 3062 2204 3117 Haec
2231 3064 2319 3117 ubi
2347 3078 2405 3118 se
2438 3063 2700 3118 facturum
2730 3066 2971 3135 promisit
3002 3105 3017 3127 ,
3073 3074 3185 3119 tum
3232 3064 3328 3119 ad-

1814 3151 2024 3205 modum
2048 3156 2423 3207 convenientcr
2447 3162 2606 3222 atque
2649 3164 2767 3224 apte
2814 3154 2923 3221 jam
2955 3155 3075 3208 inde
3107 3155 3330 3222 imperat

1813 3239 2060 3296 Ecclesiae
2089 3256 2150 3295 ac
2191 3242 2304 3296 suis
2348 3241 2634 3305 fratribus,
2690 3250 2748 3295 ut
2799 3243 3012 3312 hymnis
3063 3243 3330 3296 celabrent

1810 3327 2038 3393 Patrem,
2082 3330 2172 3384 ubi
2204 3331 2312 3384 ait:
2347 3349 2367 3381 ι
2407 3328 2508 3396 Qui
2559 3331 2755 3384 timetis
2788 3329 3087 3393 Dominum,
3119 3329 3329 3385 laudate

1811 3434 1950 3475 eum.
2005 3417 2171 3473 Omne
2218 3435 2396 3474 semen
2434 3419 2622 3479 Jacob.
2655 3420 2940 3489 gloriﬁcate
2980 3435 3120 3474 eum.
3156 3418 3220 3472 Et
3262 3420 3330 3473 ti-

1811 3518 1988 3564 meant
2008 3508 2075 3562 ab
2095 3524 2160 3563 eo
2179 3523 2334 3562 onme
2358 3523 2539 3563 semen
2568 3507 2725 3562 Israel
2744 3546 2758 3568 ,
2783 3508 3031 3577 quoniam
3061 3522 3165 3559 non
3190 3520 3329 3575 spre-

1810 3598 1904 3659 vit,
1954 3612 2124 3666 neque
2169 3597 2391 3651 moleste
2436 3597 2556 3649 tulit
2580 3597 3000 3665 deprecationem
3046 3595 3328 3664 pauperis.

1815 3688 1970 3759 509
2010 3704 2180 3758 neque
2224 3689 2415 3741 avertit
2456 3687 2643 3742 faciem
2686 3703 2837 3742 suam
2887 3702 2916 3741 a
2956 3702 3074 3747 me,
3111 3694 3164 3741 et
3208 3699 3330 3739 cum

1812 3779 2096 3832 clamarem
2140 3777 2205 3831 ad
2235 3794 2356 3832 eum
2381 3817 2395 3841 ,
2427 3778 2695 3831 exaudivit
2727 3792 2829 3831 me.
2867 3795 2884 3827 ι
2914 3775 3118 3841 Quibus
3155 3774 3331 3829 verbis

1816 3870 1971 3937 plane
2011 3869 2244 3923 ostendit
2282 3885 2340 3923 se
2383 3868 2450 3922 ab
2497 3868 2604 3922 illis
2649 3883 2769 3922 esse
2812 3868 3093 3921 liberatqu
3144 3865 3330 3925 malis.

1816 3971 1932 4026 qua
1958 3959 2205 4026 superius
2234 3959 2374 4012 dicta
2404 3966 2550 4011 sunt.
2582 3956 2636 4011 Si
2667 3958 2806 4012 enim
2840 3972 2959 4009 eum
2986 3956 3238 4009 clamaret
3265 3952 3330 4005 ad

1814 4047 1994 4110 illum,
2025 4048 2092 4102 ab
2121 4049 2210 4102 illo
2243 4048 2525 4103 exauditus
2554 4060 2673 4114 est,
2718 4055 2770 4102 et
2809 4048 3048 4101 clamans
3086 4052 3333 4115 precatus

1815 4144 1927 4200 est,
1959 4145 2015 4190 ut
2043 4138 2270 4207 eriperet
2301 4153 2329 4190 a
2365 4137 2563 4191 framea
2592 4137 2804 4207 quidem
2834 4137 3061 4191 animam
3091 4149 3270 4197 suam,
3302 4149 3331 4187 a

1815 4240 1947 4280 caue
1985 4235 2157 4279 autem
2205 4227 2411 4280 unicam
2456 4236 2606 4280 snam
2630 4266 2645 4289 ,
2680 4241 2777 4281 nec
2816 4242 2920 4281 non
2954 4228 3020 4281 ab
3050 4241 3140 4279 ore
3169 4225 3335 4279 leonis

1815 4322 1867 4369 et
1907 4330 1936 4367 a
1981 4315 2234 4370 cornibus
2272 4316 2609 4369 unicornium
2651 4316 2999 4369 humilitatem
3031 4328 3217 4376 suam,
3246 4328 3335 4368 se-

124 4414 177 4465 εἰ
206 4411 390 4465 ὡδινε
422 4409 501 4476 γῆ
529 4407 590 4458 ἐν
631 4404 809 4475 ἡμέρᾳ
842 4405 957 4474 μιᾷ,
992 4404 1085 4456 καὶ
1115 4403 1160 4454 εἰ
1192 4401 1377 4472 ἐτέχθη
1412 4401 1558 4464 ἔθνος
1610 4404 1708 4452 εἰσ-

1819 4405 2000 4472 quitur
2030 4413 2083 4458 ut
2126 4405 2479 4475 intelligamus
2510 4404 2656 4458 illum
2689 4403 3052 4458 liberationem
3082 4417 3112 4456 a
3141 4401 3365 4455 talibus.

122 4499 311 4567 άπαξ.
358 4518 382 4551 ›
417 4495 619 4551 Ταῦτα
642 4495 738 4564 μὲν
765 4489 858 4546 οὖν
887 4494 1063 4563 ἡμεῖς,
1089 4492 1170 4559 ἐφ’
1194 4491 1354 4563 ἕτερα
1383 4490 1715 4543 συνελαύνον-

121 4606 222 4655 τος
254 4590 367 4644 τοῦ
421 4584 654 4657 καιροῦ,
699 4582 1074 4654 διαδραμόντες
1123 4580 1419 4652 ἀκροθιγῶς
1461 4579 1720 4651 διεξήλθο-

125 4698 259 4748 μεν,
297 4682 430 4749 ὅτῳ
470 4677 521 4730 δ’
556 4674 625 4728 ἂν
653 4673 801 4743 μέλοι
837 4671 939 4740 τῆς
958 4669 1050 4723 τοῦ
1097 4670 1336 4740 Σωτῆρος
1366 4668 1517 4739 ἡμῶν
1546 4686 1718 4740 παρα-

121 4770 487 4830 κελεύσεως,
523 4764 819 4835 [φήσαντος
841 4778 856 4792 ·
893 4778 911 4810 ι
957 4760 1234 4830 Ἐρευνᾶτε
1268 4759 1363 4821 τὰς
1388 4759 1602 4829 Γραφάς
1621 4777 1634 4789 ·
1659 4761 1716 4812 ἐν

121 4854 218 4923 αἷς
253 4859 498 4911 δοκεῖτε
540 4850 690 4921 ζωὴν
732 4849 947 4903 αἰώνιον
978 4846 1137 4916 ἔχειν,
1166 4848 1256 4900 καὶ
1300 4847 1454 4899 αὐταί
1492 4848 1626 4900 εἰσιν
1661 4850 1716 4900 ai

124 4946 551 5022 μαρτυροῦσαι
596 4941 725 5011 περί
769 4938 919 5009 ἐμοῦ.
964 4957 985 4988 ι
1029 4937 1257 5006 Ἐκάστῃ
1288 4934 1429 4998 λέξει
1458 4935 1549 4988 τοῦ
1588 4937 1720 5005 qna-

121 5037 236 5107 μοῦ
271 5039 384 5090 τὸν
421 5034 558 5088 νοῦν
580 5028 910 5100 ἐμϐαθύνας,
935 5027 1031 5095 τὴν
1056 5025 1249 5096 ἀκριϐῆ
1277 5024 1506 5076 διάνοιαν
1535 5025 1719 5099 θηρεύ.

120 5142 218 5179 σαι
253 5126 333 5180 ἂν
360 5126 478 5194 τῆς
502 5124 566 5175 ἐν
596 5123 714 5182 τοῖς
743 5117 1045 5188 εἰρημένοις
1072 5115 1320 5185 ἀληθείας
1349 5113 1470 5183 (1).]

1817 4492 1971 4545 malis
2000 4500 2344 4545 consecutum
2367 4531 2381 4555 ,
2414 4491 2610 4561 quippe
2647 4491 2737 4561 qui
2771 4490 2966 4545 dixerit
2988 4528 3001 4550 ,
3035 4488 3201 4543 Deum
3231 4503 3336 4541 non

1816 4583 2039 4635 moleste
2059 4582 2248 4636 tulisse
2273 4582 2697 4650 deprecationem
2727 4595 2878 4635 suam
2897 4618 2912 4642 ,
2944 4592 3117 4646 neque
3145 4576 3334 4630 faciem

1816 4686 1963 4726 suam
1992 4673 2250 4726 avertisse
2273 4672 2339 4725 ab
2365 4673 2499 4740 ipso,
2524 4671 2616 4726 sed
2640 4671 2954 4725 clamantem
2982 4668 3152 4736 ipsum
3177 4679 3335 4720 exau-

1819 4760 2032 4821 divisse.
2075 4759 2339 4824 Quocirca
2366 4762 2534 4815 eidem
2564 4762 2629 4814 de
2657 4760 2817 4814 tantis
2847 4759 3001 4812 malis
3038 4764 3252 4824 erepto,
3284 4762 3335 4808 et

1820 4850 1918 4919 ipsi
1958 4848 2023 4903 de
2062 4858 2233 4903 morte
2271 4851 2452 4919 elapso
2481 4848 2690 4903 abundo
2716 4847 2975 4915 contingit
3004 4859 3106 4897 una
3132 4845 3335 4899 versari

1819 4953 1882 4991 ac
1907 4937 2097 5004 degere
2121 4950 2242 4990 cum
2274 4938 2387 4992 suis
2412 4942 2465 4992 et
2488 4936 2765 5006 discipulis
2802 4946 2855 4990 et
2885 4935 3157 4996 fratribus,
3196 4942 3249 4989 et
3281 4934 3335 4989 in

1819 5025 1990 5079 media
2014 5025 2250 5079 Ecclesia
2276 5033 2476 5093 patrem
2502 5026 2734 5079 laudare.
2762 5024 2864 5078 Sed
2885 5023 3099 5077 attende
3125 5038 3336 5083 rursus.

1824 5124 1881 5168 ut
1914 5129 2196 5184 pauperem
2229 5115 2462 5184 seipsum
2490 5116 2681 5168 iterum
2720 5122 2896 5176 vocat,
2941 5115 3085 5166 ineo
3109 5127 3338 5168 concor-

121 5219 273 5273 dans
302 5229 454 5270 cum
484 5217 618 5265 ante
645 5205 1254 5275 expositisprophetiis,
1280 5203 1337 5256 in
1395 5202 1589 5269 quibus
1642 5220 1843 5274 pauper
1885 5211 1939 5258 et
1980 5218 2178 5272 egenus
2218 5211 2300 5258 est
2345 5203 2688 5268 nominatus;
2730 5203 2823 5258 sed
2865 5203 2991 5273 quia
3050 5216 3209 5257 suum
3276 5202 3340 5254 ad

119 5312 302 5364 vitam
354 5305 616 5361 reditum
661 5301 721 5353 in
762 5298 850 5351 his
887 5296 1172 5360 indicavit,
1204 5308 1393 5351 rursus
1421 5308 1717 5351 sermonem
1756 5304 2072 5353 convertens
2102 5295 2169 5349 ad
2196 5296 2404 5352 Patrem
2425 5335 2441 5359 ,
2472 5314 2492 5346 ι
2522 5310 2552 5349 a
2578 5302 2663 5357 te,
2694 5294 2904 5364 inquit,
2966 5294 3083 5348 laus
3143 5307 3267 5346 mea
3290 5291 3345 5346 in

122 5402 398 5458 Ecclesia
438 5407 644 5464 magna
670 5431 689 5456 ,
718 5407 743 5439 ›
802 5389 856 5444 in
881 5389 1076 5458 quibus
1103 5404 1227 5443 sane
1256 5386 1431 5441 verbis
1489 5386 1783 5444 Ecclesiam
1822 5394 1878 5444 in
1908 5389 2123 5444 nomine
2152 5390 2325 5459 ipsius
2351 5405 2414 5444 ex
2443 5388 2690 5459 gentibus
2716 5388 2996 5441 collectam
3019 5423 3034 5449 ,
3066 5393 3118 5440 tt
3146 5397 3206 5439 tl:
3235 5395 3346 5440 ωτι

195 5554 245 5590 ³⁸
281 5548 495 5607 lauit.
535 5553 731 5598 uvm
756 5575 772 5599 ,
809 5535 944 5598 9,10.
1020 5538 1062 5569 ¹⁹
1098 5534 1251 5591 Joan.
1288 5550 1391 5598 xx,
1425 5535 1507 5589 17.

188 5671 269 5736 (ι)
315 5666 501 5721 Uncis
546 5655 842 5715 conclusa
878 5654 1131 5721 supplerit
1173 5652 1458 5707 Fabricius.
1487 5652 1619 5709 Vide
1673 5656 2080 5710 Admonitionem
2130 5656 2283 5710 initio
2330 5652 2635 5714 voluminis.
