3782 6338
116 379 220 434 ’793

824 354 1446 437 οειιοδιετιιετιοκιε
1471 374 1659 433 aviaui

1755 377 1911 432 LICE
1949 362 2201 430 FRAGM.
2248 365 2339 426 EX
2381 375 2504 435 LIB.
2545 378 2655 433 XV.
2700 330 2713 338 ι

3175 379 3275 436 796

122 505 210 551 νας
235 490 293 540 ὲν
321 489 787 558 πεντεκαιδεκάτῳ
812 491 956 560 τόμῳ
980 492 1073 562 τῆς
1085 486 1479 559 Εὑαγγελικῆς
1508 491 1655 545 Ἄπο-

1758 480 2214 544 Demonstratiom’s
2243 479 2568 558 Evangelicw
2594 489 2729 544 libro
2763 497 2989 546 exstant.
3012 489 3062 545 ls
3087 507 3273 563 nempe

119 577 388 641 δείξεως*
419 573 574 642 οὗτος
601 579 706 650 γὰρ
734 581 908 632 πᾶσαν
935 580 1211 650 ἐκθέμενος
1240 579 1337 648 τὴν
1358 579 1539 649 ὅρασιν
1565 581 1656 634 οὖ-

119 683 218 730 ςως
269 666 442 735 φησί·
480 686 499 717 ι
551 668 812 738 Ἡγοῦμαι
853 654 1017 723 ταῦτα
1067 671 1223 740 μηδὲν
1264 670 1526 740 διαφέρειν
1563 673 1658 742 τῆς

120 756 396 826 προφήτου
442 755 704 826 θεωρίας·
744 756 816 820 ὡς
867 759 973 828 γὰρ
1007 760 1035 813 6
1076 759 1348 830 προφήτης
1397 759 1657 812 θάλασσαν

119 845 254 914 ἑώρα
284 845 556 915 μεγάλην,
578 845 745 909 οὕτως
761 850 788 899 ὁ
810 847 1051 914 βασιλεὺς
1078 852 1254 903 εἰκόνα
1286 850 1478 919 πολλήν
1497 890 1509 902 .
1554 849 1657 904 Καὶ

120 932 269 988 πάλιν
314 934 397 996 ὡς
444 937 473 986 ὁ
524 938 802 1005 προφήτης
840 938 980 1008 έ.ῖ›ρα
1022 939 1061 990 δ’
1105 941 1280 1010 θηρία,
1320 940 1455 1009 ἆπερ
1492 941 1657 1009 ἑρμη-

118 1023 275 1077 νεύων
317 1024 620 1092 μετέϐαλεν
658 1029 734 1087 εἰς
770 1026 810 1077 δ’
848 1026 1131 1093 βασιλείας,
1163 1027 1327 1090 οὕτως
1353 1030 1380 1080 6
1416 1028 1659 1097 βασιλεὺς

120 1115 207 1177 τὰς
230 1114 317 1167 διὰ
340 1114 441 1166 τοῦ
471 1118 671 1186 χρυσοῦ
710 1118 799 1169 καὶ
827 1118 1059 1188 ἀργύρου
1089 1120 1177 1171 καὶ
1207 1117 1399 1187 χαλκοῦ
1440 1120 1528 1171 καὶ
1576 1136 1654 1171 σι-

120 1205 292 1274 δήρου,
318 1204 602 1275 τέσσαρας
632 1205 897 1273 βασιλείας
924 1208 1193 1277 ᾐνίττετον
1233 1210 1323 1260 καὶ
1352 1204 1500 1270 αὖθις
1527 1209 1598 1271 ὡς
1626 1209 1655 1260 6

124 1295 400 1364 προφήτης
454 1295 563 1347 τῶν
610 1296 707 1347 τοῦ
748 1296 970 1348 ὑστάτου
1017 1294 1198 1366 θηρίου
1247 1299 1482 1366 κεράτων
1526 1298 1652 1351 δέκα

122 1382 369 1450 διαίρεσιν
393 1381 564 1451 ἐώρα,
599 1383 691 1434 καὶ
718 1383 839 1451 τρία
887 1383 1084 1452 κέρατα
1120 1383 1207 1451 ὑφ’
1238 1380 1351 1445 ὲνδς
1389 1383 1655 1449 συντριϐό-

127 1488 272 1540 μενα·
312 1472 412 1523 καὶ
443 1473 473 1523 6
503 1470 751 1539 βασιλεὺς
792 1471 1042 1533 ὡσαύτως
1070 1472 1159 1522 ἐπὶ
1198 1470 1301 1522 τῶν
1344 1471 1655 1523 τελευταίων

122 1559 212 1626 τῆς
239 1557 453 1619 εἰκόνος
487 1557 651 1627 μέρος
678 1573 731 1607 τι
770 1556 1013 1625 σιδηροῦν
1050 1557 1137 1608 καὶ
1168 1556 1325 1625 μέρος
1349 1555 1661 1624 ὀπράκινονν

124 1647 363 1717 δθεώρει·
402 1647 500 1699 καὶ
531 1647 623 1697 ἐπὶ
664 1644 885 1707 τούτοις,
909 1646 983 1724 ᾡς
1016 1648 1045 1698 6
1083 1647 1360 1716 προφήτης
1394 1646 1527 1714 μετὰ
1557 1646 1654 1715 τὴν

121 1739 219 1791 τῶν
258 1737 550 1806 τεσσάρων
597 1734 875 1804 βασιλειῶν
909 1736 1089 1805 ὅρασιν
1123 1734 1264 1805 ἐώρα
1301 1733 1411 1786 υἱδν
1456 1735 1656 1805 ἀνθρώ-

1754 585 2057 637 universum
2126 576 2295 633 visum
2353 586 2624 652 expiicans
2678 584 2756 637 sic
2803 586 2921 639 ait:
2959 604 2978 637 ι
3013 584 3270 643 Existimo

1754 674 1852 725 hoc
1876 674 2043 725 visum
2078 666 2293 721 minime
2319 670 2531 724 differre
2576 672 2644 724 ab
2687 671 2852 740 ipsius
2891 675 3155 743 propheta:
3190 675 3269 729 vi-

1754 764 1918 817 sione.
1952 760 2100 814 Sicut
2120 758 2258 811 enim
2286 762 2538 830 propheta
2566 758 2688 813 vidit
2730 776 2872 816 mare
2904 779 3169 831 maguum,
3190 764 3269 819 sic

1754 867 1842 905 rex
1875 860 2136 919 lugentem
2170 856 2420 903 statuam.
2449 852 2757 918 Rursusque
2785 860 2839 902 ut
2865 854 3110 920 propheta
3137 856 3268 908 vidit

1756 941 1894 995 feras
1920 950 2169 1008 quatuor,
2222 956 2355 1006 quas
2391 941 2744 1009 interpretans
2771 940 2821 993 in
2855 950 3081 1008 quatuor
3109 959 3266 1012 regna

1752 1031 2010 1082 convertit
2029 1045 2043 1091 ;
2062 1030 2129 1080 ita
2153 1043 2240 1083 rex
2261 1043 2411 1090 auro,
2432 1037 2668 1098 argento,
2686 1042 2790 1086 mre
2809 1038 2861 1081 et
2880 1028 3018 1081 ferro
3042 1041 3268 1098 quatuor

1752 1133 1912 1186 regna
1972 1118 2319 1185 signiﬁcabat.
2359 1117 2639 1184 Denuoque
2672 1125 2728 1169 ut
2784 1117 3033 1185 propheta
3087 1122 3138 1170 in
3172 1133 3268 1186 po.

1751 1214 1944 1258 strenua
1976 1206 2145 1258 bellua
2173 1219 2371 1257 cornua
2401 1204 2581 1257 decem
2610 1204 2774 1256 divisa
2799 1204 3027 1265 videbat,
3062 1205 3268 1272 triaque

1753 1309 1948 1348 cornua
1989 1296 2055 1348 ab
2112 1310 2216 1348 uno
2248 1294 2503 1351 contrita:
2556 1295 2799 1348 similiter
2841 1308 2931 1348 rex
2980 1294 3031 1346 in
3080 1303 3268 1348 statua:

1751 1386 2172 1439 extremitatibus
2239 1396 2440 1454 partem
2508 1383 2631 1438 ferri
2692 1383 2901 1437 videbat
2960 1392 3268 1453 partemque

1753 1482 1914 1528 testae.
1938 1476 2177 1541 Insuper,
2198 1483 2256 1526 ut
2288 1473 2538 1542 pri-pheta
2572 1481 2690 1542 post
2727 1483 2953 1542 quatuor
2987 1488 3267 1542 regnorum

1749 1562 2022 1621 visionem.
2057 1561 2218 1615 tilium
2249 1561 2478 1615 hominis
2509 1561 2710 1629 aspexit
2735 1577 2940 1615 summo
2967 1562 3184 1629 imperio
3204 1575 3267 1617 ac

1750 1659 2010 1722 potestate
2037 1666 2304 1719 regnoque
2337 1650 2653 1718 potienteni;
2683 1652 2752 1701 ita
2778 1665 2866 1703 rex
2897 1648 3116 1718 lapidem
3150 1664 3268 1702 cer-

1752 1756 1876 1794 nere
1910 1741 2006 1794 sibi
2036 1740 2331 1801 videbatur,
2366 1738 2453 1806 qui
2496 1740 2795 1791 universam
2830 1745 3125 1792 contereret
3159 1747 3270 1792 sta-

127 1843 217 1878 που
241 1826 338 1895 τὴν
368 1824 518 1878 κατὰ
558 1824 770 1876 πάντων
800 1825 965 1893 ἀρχὴν
993 1825 1083 1877 καὶ
1119 1824 1358 1889 ἐξουσίαν
1385 1825 1473 1876 καὶ
1505 1823 1654 1893 βασι-

1755 1838 1895 1883 tuam
1932 1830 2180 1895 ﬁeretque
2209 1843 2361 1882 mons
2395 1842 2635 1895 magnus,
2662 1828 2731 1880 ita
2760 1835 2817 1880 ut
2843 1843 2986 1881 mare
3010 1829 3264 1896 oppleret.

126 1914 260 1968 λείαν
288 1913 669 1985 παρειληφότα
688 1930 701 1943 ·
733 1912 899 1975 οὓτως
934 1914 1021 1965 καὶ
1044 1913 1072 1963 6
1100 1912 1341 1981 βασιλεὺς
1364 1912 1504 1964 λίθον
1536 1929 1654 1964 συν-

124 2009 360 2079 ηίϐοντα
396 2010 501 2078 τὴν
535 2009 721 2061 εἰκόνα
763 2009 937 2058 πᾶσαν
978 2006 1068 2057 καὶ
1106 2005 1383 2073 γινομένην
1412 2006 1489 2063 είς
1533 2003 1656 2074 ὅρος

127 2096 255 2166 μέγα
294 2099 389 2151 καὶ
434 2096 677 2167 πληροῦν
705 2094 967 2147 θάλασσαν
1010 2092 1177 2146 ἐδόκει
1205 2095 1361 2163 ὁρᾷν·
1393 2092 1481 2144 καῖ
1518 2093 1641 2143 είκό

122 2197 245 2246 τως⁴
278 2184 487 2252 ἔπρεπε
525 2182 634 2252 γὰρ
677 2182 752 2250 τῷ
790 2182 883 2250 μὲν
922 2182 1246 2250 ἠπατημένῳ
1287 2180 1410 2250 περὶ
1445 2180 1538 2248 τὴν
1563 2178 1653 2231 τοῦ

126 2266 230 2338 βίου
266 2268 570 2329 φαντασίαν
602 2267 823 2335 βασιλεῖ,
859 2267 949 2319 καὶ
1000 2266 1092 2335 τὴν
1124 2266 1228 2319 τῶν
1271 2266 1530 2334 αἰσθητῶν
1571 2262 1654 2319 οἷα

124 2359 417 2429 χρωμάτων
444 2356 769 2427 ὡραιότητα.
802 2355 1102 2424 ἐπιγραφῆς
1146 2355 1496 2423 ἀνακειμένης
1532 2354 1656 2407 θαυ-

128 2446 359 2517 μάζοντι,
391 2446 562 2498 εἰκόνι
591 2443 795 2514 μεγάλῃ
836 2443 924 2494 τὸν
957 2443 1161 2494 πάντων
1189 2442 1476 2511 ἀνθρώπιον
1506 2443 1657 2495 ἀπει-

123 2536 300 2599 κάζειν
331 2535 476 2604 βίονο
509 2534 601 2586 τὸν
629 2533 684 2585 δὲ
711 2532 1008 2601 προφήτην.
1049 2531 1135 2582 τον
1166 2530 1323 2583 πολὺν
1360 2531 1448 2583 καὶ
1491 2531 1655 2600 μέγαν

128 2629 274 2685 σάλον
325 2625 423 2679 τοῦ
465 2625 587 2694 βίου
625 2623 833 2695 μεγάλῃ
873 2622 1107 2692 θαλάσσῃ
1138 2621 1528 2691 παραϐάλλειντ
1567 2622 1657 2674 κού⁸

123 2716 194 2785 τῷ
220 2714 315 2785 μὲν
349 2715 578 2784 βασιλεῖ.
604 2712 702 2774 τὰς
730 2711 875 2782 παρὰ
890 2710 1182 2780 ἀνθρώποις
1209 2711 1503 2773 πολυτελεῖς
1531 2711 1657 2775 ὖλας

124 2804 318 2873 χρυσοῦ
358 2804 451 2856 καὶ
482 2801 720 2872 ἀργύρου
758 2798 953 2868 χαλκοῦ
980 2815 1036 2850 τε
1067 2799 1158 2850 καὶ
1199 2799 1410 2867 σιδήρου
1452 2798 1656 2869 θαυμά-

124 2892 283 2955 ζοντι,
310 2895 409 2956 τὰς
448 2891 591 2945 κατὰ
620 2891 838 2960 χρόνους
878 2890 933 2940 ὲν
972 2887 1046 2957 τῷ
1093 2887 1188 2958 βίῳ
1231 2888 1335 2940 τῶν
1370 2886 1656 2959 ἀνθρώπων

126 2982 428 3053 ἑπικριιτεϊς
461 2981 759 3051 βασιλείας,
780 2977 993 3039 ταύταις
1028 2976 1307 3046 ἀφομοιοῦν
1333 2978 1446 3039 ταῖς
1472 2973 1619 3040 ὕλαις
1641 2991 1663 3007 ο

1752 1920 1882 1988 Apte
1928 1919 1978 1970 id
2016 1917 2247 1987 quidem.
2275 1916 2384 1970 Rex
2432 1919 2644 1985 quippe.
2694 1917 2816 1971 vitae
2846 1917 2978 1971 fastu
3010 1918 3265 1981 irretitus,

1752 2009 2180 2076 sensibiliumque
2207 2021 2382 2060 rerum
2431 2006 2869 2074 pulchritudinem
2899 2015 3144 2074 tanquam
3175 2020 3269 2061 co-

1753 2097 1935 2150 loriam
1968 2098 2198 2150 tabulam
2239 2093 2405 2148 titulis
2435 2095 2626 2159 adjecti
2693 2095 2923 2154 mirans.
2977 2109 3267 2164 congruum

1751 2194 1882 2244 erat,
1916 2194 1970 2238 ut
1997 2201 2199 2254 magna:
2232 2193 2419 2239 statuae
2449 2192 2760 2237 cunctorum
2805 2184 3073 2236 hominum
3108 2184 3267 2236 vitam

1752 2283 2081 2342 compararet
2124 2294 2136 2328 :
2181 2275 2488 2343 prophetam
2537 2281 2710 2325 autem
2764 2273 3012 2332 decebat.
3050 2273 3268 2327 multam

1754 2364 1889 2418 hanc
1926 2373 1978 2418 et
2002 2379 2241 2433 magnam
2272 2366 2392 2418 vitae
2433 2362 2850 2422 ﬂuctuationem,
2905 2362 3009 2413 lato
3040 2364 3167 2414 mari
3196 2364 3270 2416 si-

1753 2453 1926 2506 miiem
1950 2453 2141 2507 dicere.
2174 2451 2389 2522 Regem.
2419 2453 2655 2520 inquam.
2688 2464 2784 2519 par
2817 2462 2927 2504 erat
2961 2445 3187 2518 pretiosa
3215 2450 3268 2503 in

1753 2538 2021 2591 hominum
2055 2540 2398 2592 aestimatione
2420 2540 2625 2592 metalla
2644 2553 2854 2601 aurum,
2881 2547 3179 2604 argentum,
3197 2553 3271 2591 aes

1754 2626 2054 2694 ferrumque
2079 2622 2473 2694 suspieiedtem.
2509 2628 2752 2680 conferre
2776 2642 2893 2678 cum
2921 2627 3003 2678 his
3026 2626 3272 2680 materiis

1753 2725 2097 2787 praepotentes
2148 2718 2306 2769 variis
2357 2720 2682 2784 temporibus
2723 2715 2858 2768 inter
2901 2714 3140 2767 homines
3174 2713 3273 2783 dy-

1752 2805 1996 2858 nastias:
2045 2805 2353 2872 prophetam
2398 2818 2524 2856 vero
2572 2817 2673 2855 non
2720 2802 2983 2864 dedecuit.
3044 2803 3274 2855 ferarum

1754 2895 1934 2963 liguris
1961 2892 2143 2947 eadem
2194 2906 2351 2960 regna
2383 2892 2684 2960 designare,
2725 2898 3079 2959 congruenter
3121 2890 3278 2944 nimio

1755 2999 1869 3037 rum
1895 2983 2235 3052 imperiorum
2281 2982 2537 3036 moribus.
2571 2981 2802 3050 Denique
2830 2981 2960 3050 regi.
2993 2993 3045 3033 ut
3078 2980 3154 3045 iit,
3184 2995 3277 3035 su-

123 3071 196 3140 τῷ
212 3071 268 3123 δὲ
300 3072 550 3142 προφήτῃ
594 3070 651 3120 ὲν
696 3069 924 3137 μορφαῖς
953 3065 1150 3135 θηρίων
1178 3065 1273 3128 τὰς
1313 3066 1477 3128 αὑτὰς
1506 3066 1657 3134 βασι-

1758 3072 1917 3141 pcrbo
1958 3081 2012 3126 et
2053 3072 2311 3138 majorum
2368 3085 2584 3124 suorum
2645 3071 2853 3123 diutina
2913 3054 3278 3123 dominatione

125 3161 267 3224 λείας
286 3161 629 3231 καταλλήλως
650 3159 727 3228 τῷ
741 3157 837 3226 τῆς
861 3157 1028 3227 ἀρχῆς
1052 3155 1228 3226 τρόπῳ
1241 3156 1620 3226 διαγράφεσθαι
1638 3173 1652 3187 ’

125 3253 212 3303 καὶ
245 3252 408 3304 πάλιν
428 3250 503 3320 τῷ
536 3250 632 3319 μὲν
667 3247 869 3318 βασιλεῖ
897 3247 1053 3316 μέγα,
1086 3247 1158 3304 ὡς
1190 3246 1347 3308 εἰκὸς,
1376 3246 1457 3313 ἐφ’
1486 3245 1656 3314 ἐαυτῷ

128 3340 426 3410 φρονοῦντι,
469 3341 560 3393 καί
580 3337 1011 3405 ἀλαζονευομένῳ
1051 3336 1140 3387 ἐπὶ
1168 3338 1230 3404 τῇ
1259 3334 1362 3386 τῶν
1390 3334 1656 3404 προγόνων

128 3430 390 3499 βασιλείᾳ,
412 3434 445 3501 ἡ
476 3430 581 3483 τῶν
612 3428 942 3498 πραγμάτων
974 3424 1229 3495 μεταϐολὴ
1259 3424 1538 3484 δείκνυται,
1568 3424 1658 3475 καὶ

125 3519 226 3572 τῶν
253 3521 348 3573 ἐπὶ
380 3518 480 3589 γῆς
511 3519 791 3589 βασιλειῶν
818 3519 876 3570 τὸ
902 3516 1048 3577 τέλος
1069 3530 1081 3544 ⁸
1122 3517 1198 3576 εἰς
1239 3514 1541 3583 καθαίρεσιν
1565 3512 1664 3565 τοῦ*

125 3606 182 3661 ὲν
205 3609 358 3678 αὐτῷ
375 3608 557 3677 τύφου,
588 3610 682 3661 καὶ
718 3610 795 3669 είς
820 3606 880 3659 τὸ
908 3604 1067 3675 μηδὲν
1093 3601 1333 3672 ἡγεῖσθαι
1374 3601 1578 3669 βέϐαιον
1600 3599 1658 3652 τὸ

127 3698 181 3749 ἐν
207 3695 531 3769 ἀνθρώποις,
562 3699 594 3769 ἢ
625 3699 780 3769 μόνον
809 3696 868 3748 τὸ
907 3694 997 3747 ἐπὶ
1028 3695 1236 3745 πάντων
1267 3691 1413 3753 τέλος
1437 3690 1548 3759 τῆς·
1568 3690 1657 3742 τοῦ

127 3789 257 3843 Θεοῦ
282 3791 581 3860 βασιλείας·
614 3787 827 3841 ἔσεσθαι
857 3784 962 3854 γὰρ
995 3780 1126 3852 μετὰ
1165 3780 1259 3850 τὴν
1283 3778 1497 3850 πρώτην
1540 3779 1658 3830 Ἀσ-

129 3882 326 3949 συρίων
366 3882 552 3951 ἀρχὴν,
595 3879 661 3948 ἣν
703 3875 731 3929 6
772 3872 963 3945 χρυσδς
1007 3870 1235 3941 ᾐνίξατο,
1277 3867 1526 3938 δευτέραν
1563 3868 1659 3939 τὴν

126 3966 231 4019 τῶν
277 3962 521 4037 Περσῶν,
569 3968 674 4037 τὴν
710 3963 797 4017 διὰ
848 3959 946 4013 τοῦ
992 3958 1223 4030 ἀργύρου
1269 3955 1655 4027 δεδηλωμένηνο

128 4053 308 4109 ἔπειτα
331 4054 513 4127 τρίτην
537 4057 636 4125 τὴν
666 4051 998 4113 Μακεδόνων,
1024 4051 1089 4119 ἠν
1117 4050 1144 4100 6
1170 4046 1362 4117 χαλκὸς
1388 4044 1482 4116 ὲσή
1493 4062 1623 4115 μανε
1642 4060 1662 4076 σ

131 4142 244 4209 μεθ’
288 4146 359 4212 ἢν
389 4146 646 4215 τετάρτην
679 4141 1012 4205 διαδέξασθαι
1059 4138 1162 4190 τῶν
1199 4137 1494 4206 Ῥωμαίων,
1532 4151 1662 4206 xpu-

127 4228 424 4299 ταιωτέραν
447 4227 610 4282 οὖσαν
630 4229 737 4282 τῶν
761 4228 864 4298 πρὸ
886 4226 1046 4294 αὐτῆς
1063 4241 1076 4254 ·
1103 4224 1180 4277 διὸ
1211 4224 1301 4276 καὶ
1337 4223 1531 4293 σιδήρῳ
1569 4236 1665 4274 πα-

130 4317 448 4386 ρεϐάλλετοτ
467 4322 645 4391 εῖρητο
675 4317 801 4385 γοῦν
824 4316 912 4368 καὶ
938 4315 1060 4384 περὶ
1086 4313 1268 4381 αὐτῆς.
1294 4312 1398 4364 Καὶ
1430 4310 1662 4381 βασιλεία

1752 3163 1922 3225 elato,
1970 3174 2144 3215 rerum
2198 3160 2476 3213 conversio
2518 3160 2840 3219 ostenditur,
2890 3172 3279 3227 regnorumque

1754 3249 2084 3303 terrestrium
2118 3246 2240 3301 linis
2267 3261 2281 3297 :
2309 3247 2511 3300 scilicet
2549 3247 2617 3299 ob
2638 3246 2753 3312 ejus
2782 3245 2943 3296 animi
2987 3246 3276 3298 curandam

1754 3337 2124 3395 tumiditatem.
2156 3345 2313 3405 atque
2344 3346 2400 3388 ut
2432 3335 2477 3388 is
2503 3334 2630 3386 nihil
2666 3335 2716 3385 in
2751 3333 3056 3387 hominibus
3084 3334 3279 3389 stabile

1750 3427 2028 3495 judicaret.
2061 3436 2248 3494 praeter
2272 3424 2435 3478 divini
2465 3437 2624 3491 super
2653 3437 2837 3476 omnes
2858 3422 3106 3476 mortales
3129 3423 3277 3490 regni

1753 3516 2282 3570 consummationem.
2316 3513 2446 3566 Nam
2484 3513 2705 3581 primam
2736 3512 3073 3580 Assniormn
3104 3510 3261 3563 domi-

1755 3607 2044 3664 nationem.
2084 3620 2242 3673 quam
2285 3618 2473 3657 aurum
2511 3600 2878 3671 portendebat,
2928 3608 3278 3667 excepturum

1754 3704 1866 3750 erat
1896 3695 2131 3749 secundo
2159 3695 2276 3747 loco
2306 3693 2585 3749 Persarum
2614 3690 2894 3759 imperium
2942 3695 3161 3755 argento
3186 3686 3276 3741 deo

1756 3791 2129 3838 monstratum.
2164 3782 2362 3836 Deinde
2401 3780 2616 3834 tertium
2662 3778 3006 3831 Macedonum
3034 3788 3277 3843 regnum,

1756 3873 1896 3944 quod
1947 3888 2051 3928 aare
2093 3871 2509 3940 signiﬁcabatur.
2562 3864 2690 3921 Post
2736 3866 2876 3936 quod
2926 3863 3278 3941 Ronanorum

1756 3970 2024 4032 quartum,
2060 3961 2268 4014 caeteris
2292 3973 2408 4028 quae
2443 3963 2825 4027 praecesserant
2854 3953 3043 4006 fortius
3072 3972 3085 4006 :
3116 3964 3287 4019 quare

1756 4062 1804 4107 et
1851 4052 1990 4106 ferro
2046 4057 2383 4117 comparatur
2438 4042 2738 4115 dicitu’rque
2774 4044 2838 4099 de
2877 4058 2939 4097 eo
2982 4047 3280 4111 :quartum

1758 4138 1860 4191 erit
1888 4151 2105 4206 regnum
2136 4136 2366 4188 validum
2402 4132 2526 4188 ferri
2560 4133 2749 4186 instar.
2782 4131 2854 4184 Ac
2898 4129 3056 4182 veluti
3083 4128 3282 4180 ferrum

1760 4226 1934 4278 omnia
1972 4232 2221 4279 extenuat
2264 4224 2570 4290 dematque,
2609 4222 2681 4274 ita
2723 4221 2825 4274 hoc
2859 4233 3076 4288 regnum
3105 4216 3284 4269 omnia

1761 4317 2208 4370 comminuturqu
2243 4328 2304 4366 ac
2333 4313 2760 4380 sulijugaturum.
2800 4309 2926 4362 Post
2971 4308 3081 4360 haec
3107 4305 3287 4358 omnia

130 4407 358 4489 τετάρτη
392 4409 532 4461 ἔσται
582 4407 774 4477 ἰσχυρὰ
820 4405 893 4466 ὡς
934 4403 1174 4472 σίδηροςσ
1220 4402 1275 4455 ὃν
1304 4401 1496 4472 τρόπον
1522 4401 1549 4452 6
1584 4400 1659 4453 σί-

1762 4406 1854 4460 Dei
1898 4420 2116 4475 regnum
2160 4405 2213 4457 in
2260 4403 2432 4472 lapide
2481 4411 2643 4456 totam
2701 4407 2929 4454 statuam
2981 4402 3288 4451 conterente

126 4492 283 4564 δηρος
319 4497 561 4549 λεπτύνει
607 4497 700 4549 καὶ
750 4493 977 4563 δαμάζει
1026 4494 1230 4555 πάντα,
1270 4490 1437 4553 οὕτως
1492 4490 1665 4544 πάντα

129 4580 381 4638 λεπτυνεῖ
406 4584 493 4639 καὶ
528 4582 758 4655 δαμάσει
776 4600 789 4613 ο
821 4581 912 4635 καὶ
943 4579 1074 4651 μετὰ
1098 4581 1191 4644 τὰς
1212 4581 1497 4652 εἰρημένας
1523 4579 1665 4633 ἁπά-

131 4688 242 4734 σας,
266 4675 368 4744 τὴν
388 4675 477 4728 τοῦ
499 4675 635 4726 Θεοῦ
663 4672 952 4742 βασιλείαν,
970 4671 1053 4723 διὰ
1077 4671 1168 4723 τοῦ
1185 4670 1546 4739 συντρίϐοντος
1570 4669 1666 4739 τὴν

132 4764 303 4815 πᾶσαν
328 4763 509 4816 εἰκόνα
548 4763 693 4815 λίθου
743 4758 1136 4828 παρισταμένην
1159 4774 1172 4788 ·
1209 4760 1298 4811 καὶ
1331 4761 1358 4810 6
1388 4759 1669 4828 προφήτης

129 4850 320 4904 τούτων
354 4851 677 4912 ἀκολούθως,
708 4850 808 4918 τὴν
842 4848 930 4900 ἐπὶ
954 4848 1087 4900 τέλει
1121 4846 1225 4898 τῶν
1251 4846 1381 4898 ὅλων
1411 4846 1542 4898 Θεοῦ
1574 4845 1669 4915 βα-

135 4939 343 4998 σιλείαν.
375 4942 434 4992 οὐ
464 4939 727 5009 πρότερον
752 4937 955 5007 θεωρεῖ,
983 4937 1013 5005 ἢ
1043 4939 1137 4997 τὰς
1163 4936 1445 5003 εἰρημένας
1471 4937 1669 4989 τέσσα-

132 5043 220 5094 ρας
241 5030 555 5089 δυναστείας
581 5027 878 5097 διαγράψαι
919 5026 1003 5077 τὸν
1028 5026 1195 5092 λόγον.
1218 5025 1311 5076 Διὰ
1334 5025 1441 5079 τῶν
1474 5028 1674 5081 τεσσά-

133 5134 229 5185 ριυν
252 5121 427 5190 μόνων
454 5120 546 5172 καὶ
570 5118 691 5170 οὐδὲ
729 5117 920 5185 ἐτέρων
948 5115 1174 5185 ἡγοῦμαι
1202 5114 1294 5177 τὰς
1326 5118 1546 5185 ὁράσεις
1580 5117 1674 5172 καὶ

125 5206 195 5273 τῷ
220 5207 428 5275 βασιλεῖ
449 5208 544 5260 καὶ
568 5205 650 5273 τῷ
678 5207 925 5275 προφήτῃ
950 5201 1219 5270 δεδεῖχθαι,
1246 5202 1329 5254 διὰ
1349 5204 1411 5258 τὸ
1436 5206 1676 5269 ταύταις

124 5295 586 5364 ωταδουλωθῆναι
645 5296 711 5346 τὸ
778 5293 1028 5347 Ἰουδαίων
1074 5293 1218 5355 ἔθνος
1256 5293 1358 5346 ἀπὸ
1403 5297 1513 5351 τῶν
1575 5296 1676 5350 τοῦ

124 5384 384 5452 προφήτου
410 5380 594 5451 χρόνω
602 5397 645 5430 ν.
697 5395 719 5427 ι

1764 4509 2049 4563 agnoscere
2072 4500 2171 4546 est.
2196 4489 2329 4543 Tum
2360 4501 2412 4544 et
2443 4491 2694 4559 propheta
2721 4489 2803 4542 his
2832 4499 3155 4542 consonans.
3176 4483 3289 4535 uni-

1763 4583 1968 4636 versale
2001 4581 2088 4634 Dei
2131 4590 2405 4649 postremo
2441 4580 2557 4631 loco
2609 4579 2841 4639 futurum
2887 4588 3107 4641 regnum
3150 4569 3293 4625 haud

1765 4679 1887 4725 ante
1903 4669 2063 4731 videt,
2082 4685 2240 4737 «piam
2265 4668 2526 4737 praedictae
2543 4664 2769 4735 quatitur
2784 4662 3041 4731 dynastia!
3058 4665 3295 4726 quatuor

1764 4761 2053 4816 belluarum
2080 4762 2261 4828 tigni-is
2290 4772 2549 4826 expressae
2573 4772 2622 4807 ιιι
2657 4765 2899 4807 sermone
2931 4751 3158 4801 fuerunt.
3189 4744 3286 4800 Ho-

1766 4867 1880 4905 rum
1897 4859 2260 4916 ergoquatuor
2272 4861 2549 4916 regnorum
2566 4851 2763 4895 tantum
2775 4838 2948 4893 modo.
2970 4842 3020 4886 ct
3042 4849 3146 4885 non
3164 4832 3299 4885 alio-

1772 4955 1908 4998 rum,
1941 4939 2173 4992 arbitror
2199 4937 2552 4990 visionestum
2580 4931 2687 4998 regi
2720 4939 2831 4981 tum
2856 4924 3121 4993 propheta:
3146 4920 3304 4971 obla-

1771 5039 1853 5084 tas
1886 5028 2067 5088 fuisse,
2098 5027 2219 5094 quia
2270 5024 2517 5076 nimirum
2548 5020 2614 5071 ab
2661 5019 2744 5070 his
2779 5011 2958 5080 regnis
2987 5006 3310 5061 Judazorom

1775 5121 1997 5192 populus
2025 5117 2240 5171 servitio
2263 5114 2359 5167 l‘uit
2385 5123 2696 5181 oppressus,
2727 5112 2886 5173 capto
2914 5114 2944 5153 a
2966 5094 3316 5167 temporibus

1775 5209 2039 5279 propheta:
2064 5205 2234 5259 initio.
2262 5221 2281 5255 ι

1525 5559 1841 5575 m
