3782 6368
167 352 261 410 813

1256 355 1451 411 LIBER
1488 349 1759 412 CONTRA
1796 344 2199 412 HIE'ROCLEM.

3227 358 3333 415 8H-

172 468 516 540 πορευόμενος,
540 471 735 540 ἄριστα
753 474 1167 542 γιγνωσκόντων
1204 489 1263 525 τε
1301 474 1393 525 καὶ
1427 474 1688 543 πραττόν-

1797 473 2132 528 animantium
2166 471 2266 525 sibi
2309 469 2658 537 comparavit.
2692 468 2749 525 ld
2786 487 2925 526 vero
2950 462 3163 532 didicit,
3198 473 3326 529 dum

168 576 263 614 των
285 558 408 613 αὐτό
435 557 561 629 (68).
594 562 749 615 Ἔστι
780 562 894 632 γὰρ
920 562 1025 615 τῶν
1062 562 1323 633 Ἀραϐίων
1362 562 1570 615 κύκνων
1595 564 1691 633 ἤδη

171 646 253 702 καὶ
289 646 505 717 ὀρνίθων
542 647 650 717 (69)
700 651 1113 720 μαντευομένων
1154 649 1368 703 ἀκούειν
1389 690 1403 714 ,
1437 650 1608 702 ὁπόσα
1646 651 1692 702 οἱ

170 737 406 809 χρησμοί.
435 734 841 806 Ξυμϐἀλλονται
881 739 937 792 δὲ
978 740 1083 792 τῶν
1110 739 1344 806 ἀλόγων,
1397 740 1693 808 σιτούμενοι

168 826 263 880 τῶν
278 827 570 896 δρακόντων
592 830 641 880 ot
675 830 774 898 μὲν
803 831 1047 900 καρδίαν,
1088 831 1267 897 φασιν,
1294 830 1342 880 οἱ
1374 829 1430 880 δὲ
1474 824 1642 898 ἧπαρ.
1670 848 1689 880 ι

179 915 421 970 Ἐνταῦθα
452 917 669 981 πάντως
698 938 800 974 που
826 921 1123 990 δρακόντων
1149 919 1369 989 καρδίας
1394 917 1561 987 δήπου
1600 918 1694 970 καὶ

164 1010 349 1077 ἥπατος
377 1007 466 1061 τὸν
509 1009 909 1080 Πυθαγόρειον,
960 1012 1210 1081 ἐμψύχων
1242 1026 1304 1061 τε
1342 1010 1541 1079 τροφῆς
1588 1012 1694 1063 ἀπο

167 1096 415 1167 εχόμενον,
440 1097 534 1148 καὶ
554 1099 688 1168 μηδὲ
719 1100 864 1153 θύειν
879 1101 1118 1168 δαίμοσιν
1142 1097 1522 1167 ὲπιτολμῶντα,
1547 1098 1694 1162 εἰκὸς

164 1184 222 1257 ἦν
241 1187 653 1255 ἀπογεύσασθαι,
690 1190 769 1252 ὡς
792 1190 856 1243 ἂν
901 1191 990 1241 καὶ
1025 1190 1121 1259 τῆς
1156 1186 1303 1258 παρὰ
1337 1187 1544 1249 τούτοις
1585 1204 1695 1239 κοι-

163 1281 363 1348 νωνήσοι
394 1278 781 1350 σοφίας-Πρὸς
805 1279 911 1348 γὰρ
933 1278 1144 1330 τοιῶνδε
1167 1275 1556 1345 διδασκομένων
1579 1276 1693 1338 πῶς

161 1372 218 1424 ἂν
246 1370 425 1432 ἄλλως,
460 1370 534 1440 μὴ
559 1371 685 1439 οὐχ).
729 1370 799 1423 τὰ
835 1372 991 1440 ὃμοια
1022 1372 1131 1431 τοῖς
1158 1366 1488 1429 διδασκάλοις
1521 1365 1689 1436 ζηλώο

163 1476 312 1523 σαντι,
337 1459 687 1529 κατωρθοῦτο
727 1460 790 1512 τὸ
826 1459 1188 1529 έπιτήδευμα;
1238 1458 1467 1525 Ἔχομεν
1506 1456 1568 1526 δὴ
1601 1452 1692 1509 οὖν

161 1547 277 1621 πρὸς
331 1553 439 1613 τοῖς
486 1549 974 1620 καταλελεγμένοις
1011 1548 1117 1619 (70)
1166 1550 1257 1602 καὶ
1291 1548 1414 1610 τοὺς
1446 1547 1682 1617 Ἀράϐων

161 1641 332 1710 σοφοὺς
359 1640 712 1704 διδασκάλους
743 1643 843 1713 τῆς
893 1642 1031 1694 κατὰ
1073 1642 1169 1711 τὴν
1209 1642 1542 1710 οἱωνιστικὴν
1569 1642 1692 1693 τάν-

156 1732 262 1803 δρὸς
281 1733 584 1802 ἐπιστήμης
605 1749 618 1762 ’
644 1733 741 1801 ἀφ’
776 1729 844 1802 ἦς
871 1732 1089 1794 είκότως
1114 1729 1447 1801 ὁρμώμενος,
1473 1730 1690 1800 ὕστερόν

157 1836 266 1875 ποτε
294 1812 380 1874 τὸν
404 1821 685 1892 στρουθὸν,
714 1823 751 1874 ὃ
777 1839 829 1874 τι
853 1823 945 1875 καὶ
972 1821 1225 1891 βούλοιτο,
1265 1818 1541 1886 ξυγκαλῶν
1568 1818 1691 1880 τοὺς

157 1914 373 1985 ἑταίρους
423 1914 516 1966 ἐπὶ
561 1915 805 1984 τροφὴν,
865 1911 1178 1983 προειπὼν,
1222 1910 1399 1980 θαῦμα
1447 1910 1692 1979 μέγιστον

159 2004 386 2074 παρέχειν
411 2002 557 2069 ἔδοξε
583 2006 699 2065 τοῖς
736 2001 984 2073 παροῦσι.
1013 2001 1193 2071 Ταύτῃ
1220 2001 1282 2070 δὴ
1315 2001 1406 2053 καὶ
1442 1999 1536 2069 τὴν
1580 2000 1686 2051 ἀπ-

160 2095 479 2165 εσφαγμένην
503 2096 629 2147 ὅσον
655 2093 718 2146 οὔ
728 2111 818 2146 πω
842 2093 1052 2144 λέαιναν
1074 2092 1186 2160 ἃμα
1225 2094 1334 2153 τοῖς
1371 2088 1511 2143 ὀκτὼ
1555 2089 1683 2142 σκύ-

162 2198 291 2251 μνοις
316 2182 450 2235 κατὰ
481 2183 580 2253 τὴν
618 2182 926 2250 Ἀσσυρίων
951 2180 1066 2232 ὁδὸν
1100 2178 1450 2247 θεασάμενος,
1476 2179 1689 2241 αὐτίκα,

156 2273 221 2342 τῷ
249 2273 515 2345 μαθήματι
544 2270 876 2343 ξυμϐαλὼν,
914 2271 1011 2340 τῆς
1049 2270 1305 2339 ἐσομένης
1352 2267 1496 2338 αύτῷ
1545 2268 1689 2338 παρὰ

158 2364 367 2434 Πέρσαις
391 2362 672 2434 διατριϐῆς
697 2362 795 2414 τὸν
825 2361 1009 2431 χρόνον
1037 2358 1414 2428 ἐμαντεύσατο.

1793 578 1886 632 per
1918 562 2051 615 istos
2073 560 2282 613 Arabia:
2316 559 2542 628 populos
2571 559 2671 611 iter
2700 559 2919 625 faceret,
2951 562 3046 630 qui
3078 570 3130 616 et
3160 563 3331 616 scien-

1792 657 1863 706 tia
1901 660 1952 705 et
1973 667 2070 704 usu
2098 651 2215 717 ejus
2240 651 2314 703 rei
2354 648 2585 702 maxime
2608 650 2893 716 pollebant.
2927 651 3021 707 Est
3048 654 3193 707 enim
3228 653 3330 707 hoc

1790 744 2047 805 Arabum,
2078 750 2137 794 ut
2184 757 2382 812 cycnos
2419 740 2738 804 bodienum,
2783 743 3025 811 aliasque
3050 816 3053 819 Δ
3080 742 3329 799 fatidicas

1792 849 1917 888 aves
1938 834 2279 888 sciscitantur
2307 830 2527 895 perinde
2559 840 2718 899 atque
2746 834 2984 887 oracula.
3016 830 3327 902 Conjiciuut

1790 938 1918 977 vero
1956 924 2142 977 hrutas
2180 936 2337 976 voces
2373 922 2663 975 draconum
2700 921 2859 989 pasti,
2893 932 2951 975 ut
2984 922 3072 975 alii
3114 932 3323 991 putant,

1791 1014 1972 1076 corde,
2019 1020 2079 1066 ut
2111 1013 2221 1076 alii,
2262 1013 2472 1082 hepate.
2511 1032 2529 1063 ι
2568 1012 2666 1065 Hic
2706 1027 2901 1080 nempe
2928 1013 3149 1067 omnino
3199 1015 3325 1068 dra-

1789 1116 2006 1161 conum,
2047 1101 2161 1153 sive
2182 1115 2295 1163 cor,
2320 1101 2432 1154 sive
2454 1100 2617 1168 hepar
2638 1099 3051 1169 Pythagoricum
3096 1102 3266 1167 illum,
3292 1110 3324 1155 a

1791 1191 1936 1242 victu
1961 1189 2333 1243 abhorrentem
2373 1188 2748 1252 animantium,
2783 1198 2837 1242 et
2873 1204 2941 1242 ne
2970 1189 3075 1242 diis
3104 1189 3321 1258 quidem

1791 1282 2049 1349 sanguine
2078 1296 2188 1334 rem
2255 1295 2462 1334 sacram
2505 1279 2682 1334 facere
2715 1281 3093 1343 sustinentem,
3124 1281 3328 1335 verosi-

1790 1372 1914 1426 mile
1945 1380 2027 1426 est
2054 1370 2373 1433 comedisse,
2405 1385 2510 1437 quo
2539 1371 2746 1424 scilicet
2765 1371 2818 1423 in
2853 1369 3130 1438 sapientiae
3153 1371 3325 1440 gentis

1791 1456 1947 1512 istius
1979 1468 2160 1527 partes
2198 1458 2313 1526 ipse
2340 1472 2551 1525 quoque
2584 1458 2809 1511 veniret.
2843 1457 3001 1527 Apud
3039 1458 3327 1528 magistros

1788 1548 1929 1600 enim
1969 1546 2255 1614 ejusmodi,
2295 1561 2401 1614 qua
2442 1547 2545 1599 alia
2578 1546 2804 1607 ratione,
2850 1547 2951 1600 nisi
2995 1542 3177 1602 eadem
3209 1561 3328 1616 qua)

1788 1644 2138 1705 praeceptores
2188 1634 2479 1704 sequendo,
2528 1635 2581 1687 in
2632 1636 2880 1689 instituto
2922 1652 3022 1689 suo
3065 1637 3327 1706 proﬁcere

1789 1727 2083 1795 potuisset?
2124 1725 2390 1782 Tenemus
2421 1728 2581 1795 igitur
2608 1728 2747 1781 inter
2786 1726 3056 1796 Apollonii
3089 1736 3324 1795 praecp-

1790 1823 1953 1880 tores,
1990 1831 2216 1884 quorum
2251 1817 2554 1885 catalogum
2593 1816 2859 1881 dedimus,
2898 1816 3134 1870 Arabum
3161 1816 3325 1870 etiam

1793 1906 2083 1975 sapientes,
2111 1907 2244 1960 artis
2276 1907 2564 1975 auguralis,
2597 1922 2703 1975 qua
2727 1908 2842 1974 ipse
2885 1907 3196 1974 praestabat,
3228 1905 3327 1959 dc-

1789 2003 1965 2050 ctores
1993 2011 2006 2045 :
2038 1995 2214 2064 cujus,
2246 2006 2303 2048 ut
2323 1996 2625 2050 verosimile
2648 2003 2751 2057 est,
2780 1996 3110 2064 adiumento,
3140 2003 3325 2063 postea

1789 2086 2075 2155 aliquando
2104 2086 2170 2139 de
2192 2087 2501 2153 passerculo
2521 2087 2585 2148 “,
2616 2085 2746 2154 quid
2767 2085 2871 2139 sibi
2907 2085 3055 2148 velit,
3089 2083 3215 2137 dum
3237 2099 3327 2138 so-

1788 2177 1901 2231 cios
1937 2175 2005 2229 ad
2035 2182 2245 2244 pastum
2276 2175 2548 2238 invitaret,
2577 2175 2925 2236 vaticinatus,
2952 2188 3065 2227 rem
3092 2174 3325 2227 maxime

1789 2266 2088 2319 mirandam
2122 2273 2374 2332 prmstare
2397 2265 2749 2333 praesentibus
2772 2265 3023 2317 omnibus
3044 2271 3126 2317 est
3147 2278 3320 2318 Visus.-

1793 2356 2070 2419 Similiter,
2104 2372 2297 2411 caesam
2327 2358 2485 2411 modo
2512 2358 2756 2419 leaenam,
2784 2372 2891 2409 una
2929 2371 3055 2409 cum
3080 2363 3204 2409 octo
3235 2369 3327 2409 ca-

158 2459 287 2521 tulis,
316 2458 368 2511 in
408 2458 602 2512 itinere
630 2471 737 2525 per
779 2455 1056 2524 Assyriam
1105 2454 1482 2520 conspicatus,
1515 2449 1681 2514 illico,
1721 2465 1786 2505 ex
1817 2452 1922 2506 isto
1943 2452 2306 2519 conjecturam
2365 2451 2568 2504 faciens
2593 2451 2634 2481 "
2672 2449 3017 2512 documento,
3070 2446 3328 2502 facienda

160 2552 245 2605 sibi
270 2553 399 2621 apud
427 2540 625 2605 Persas
657 2562 830 2601 mora:
856 2555 1065 2615 tempus
1095 2547 1361 2616 praedixit.

649 2666 1048 2720 ΚΕΦΑΛΛῙΟΝ
1088 2667 1188 2718 ΙΑ’.

229 2759 499 2813 Ἀκόλουθα
550 2758 608 2811 δὲ
653 2761 726 2827 τῇ
789 2757 935 2827 παρὰ
978 2760 1086 2818 τοῖς
1138 2744 1404 2825 Ἀραϐίοις
1455 2755 1691 2825 φοιτήσει

162 2852 399 2922 ἐγχειρεῖν
430 2847 593 2903 αὐτὸν
625 2848 725 2901 καὶ
761 2847 909 2918 παρὰ
941 2847 1174 2917 Πέρσαις
1210 2847 1237 2896 ό
1269 2844 1427 2908 αὐτὸς
1460 2845 1694 2915 ξυγγρα-

162 2940 276 3006 φεὺς
307 2941 517 3008 ἱστορεῖ.
551 2936 643 3006 Τῷ
675 2935 787 3004 γάρ
812 2952 891 2987 τοι
929 2932 1136 3003 Δάμιδι,
1166 2932 1222 2997 ὃς
1250 2935 1403 3003 μόνος
1440 2934 1691 3003 φοιτητὴς

159 3021 215 3097 ἦν
240 3025 374 3096 αύτῷ
412 3027 504 3079 καὶ
552 3027 794 3094 ἑταῖρος,
825 3022 1199 3092 ἀπαγορεύσας
1235 3024 1342 3093 (Ἠ)
1391 3023 1537 3094 παρὰ
1569 3024 1690 3085 τοὺς

164 3119 344 3186 μάγους
379 3119 531 3178 ἰέναι,
559 3116 724 3186 μόνος
748 3112 925 3177 αὐτὸς,
954 3112 1026 3177 ὼς
1060 3113 1124 3166 ἂν
1149 3114 1221 3184 μὴ
1255 3115 1365 3184 μετ’
1387 3112 1689 3183 ἀγνώμονος

160 3204 333 3279 δηλαδὴ
363 3209 428 3261 τὰ
450 3208 547 3278 τῆς
578 3205 815 3277 μαγείας
845 3204 1128 3274 μανθάνοι,
1160 3203 1491 3274 μεσημϐρίας
1511 3220 1589 3263 τε,
1617 3202 1690 3265 ὡς

161 3298 283 3367 ἀμφὶ
311 3299 475 3368 μέσας
502 3296 732 3357 νύκτας,
757 3294 854 3356 τὰς
884 3293 996 3363 μετ’
1024 3292 1195 3345 αὐτῶν
1225 3293 1452 3344 ἐποιεῖτο
1481 3290 1688 3361 σχολὰς.

164 3384 265 3439 Ἔτι
290 3385 342 3439 δὲ
369 3384 654 3456 υύαρδάνῃ
688 3380 1010 3449 Βαϐυλωνίῳ
1046 3381 1102 3441 ὲς
1136 3378 1320 3445 λόγους
1353 3377 1563 3429 ἐλθόντα
1596 3377 1691 3446 βα-

163 3472 297 3539 σιλεῖ,
316 3470 415 3529 ὧδέ
442 3493 557 3537 πως
587 3473 770 3539 λέγειν
799 3471 959 3523 αὑτὸν
996 3468 1372 3539 παρατίθεται·
1405 3485 1422 3517 ι
1451 3467 1613 3535 Σοφία
1637 3466 1691 3519 δέ

160 3583 237 3636 μοι
284 3566 638 3635 Πυθαγόρου,
686 3560 887 3630 Σαμίου
952 3558 1170 3628 ἀνδρὸς,
1232 3557 1289 3620 ὃς
1340 3556 1491 3619 θεοὺς
1539 3556 1695 3627 θερα-

159 3652 323 3708 πεύειν
347 3652 456 3725 (72)
496 3647 603 3706 ὧδέ
638 3667 709 3720 με
740 3646 1031 3711 ἐδιδάξατο,
1057 3645 1131 3707 ὡς
1154 3641 1263 3713 (75)
1295 3643 1523 3707 ξυνιέναι
1549 3643 1693 3711 σφῶν

159 3745 425 3816 ὁρωμένων
453 3760 515 3796 τε
562 3741 663 3794 καὶ
685 3740 781 3808 ούχ
823 3736 1107 3807 ὁρωμένων
1126 3749 1139 3763 ·
1188 3736 1371 3804 φοιτᾷν
1411 3751 1468 3784 τε
1496 3735 1552 3796 ἐς
1583 3734 1696 3786 δια-

159 3832 309 3896 λέξεις
335 3833 493 3885 θεῶν.
526 3851 544 3881 ι
567 3830 670 3890 Τίς
700 3826 743 3879 δ’
770 3822 913 3896 αύτῷ
949 3824 1116 3877 ταῦτα
1143 3822 1567 3894 ξυγχωρήσειεν;
1607 3826 1694 3877 ὅτε

162 3914 429 3993 Πυθαγόρᾳ.
490 3921 590 3991 μὲν
642 3908 865 3986 οὐδεμία
900 3918 982 3978 τίς
1031 3914 1246 3985 τοιαύτη
1293 3913 1696 3969 καταλέλειπται

161 4011 342 4081 γραφὴ,
358 4010 464 4064 οὐδ’
490 4005 782 4077 ἀπόρῤητά
800 4022 919 4057 τινα
942 4003 1334 4074 ξυγγράμματα
1351 4003 1482 4073 (74)ς
1498 4004 1572 4066 ὡς
1595 4004 1696 4057 κᾶν

160 4099 433 4169 ὑπονοῆσαι
466 4096 636 4150 αὐτὸν
660 4095 718 4158 ἐξ
742 4093 959 4146 ἐκείνων
983 4093 1248 4162 ὁρμᾶσθαι
1266 4110 1280 4124 θ
1305 4096 1334 4145 ό
1369 4092 1427 4145 δέ
1475 4109 1537 4161 γε
1559 4093 1697 4146 διδά-

164 4190 337 4253 σκαλος
364 4186 513 4258 αὐτῷ
538 4188 641 4255 τῆς
678 4183 817 4237 κατὰ
849 4182 1164 4254 Πυθαγόραν
1207 4183 1517 4253 φιλοσοφίας
1551 4183 1698 4235 οὐδέν

162 4295 207 4331 τι
232 4278 495 4351 διαφέρειν
533 4275 646 4329 τῶν
697 4269 1074 4343 Ἐπικουρείων
1116 4275 1251 4344 πρὸς
1285 4275 1444 4327 αὐτοῦ
1492 4287 1700 4344 μεμαρ-

2265 2649 2424 2719 519
2456 2650 2678 2706 CAPUT
2712 2650 2800 2705 Xl.

1862 2746 2229 2803 Consentanea
2255 2754 2431 2800 autem
2449 2745 2743 2814 disciplinae
2768 2744 2908 2813 apud
2925 2743 3150 2808 Arabes,
3181 2728 3324 2812 apud

1792 2836 1985 2892 Persas
2014 2852 2226 2906 quoque
2257 2850 2569 2905 aggressum
2595 2850 2716 2888 eum
2744 2835 2931 2898 fuisse,
2975 2834 3113 2888 idem
3140 2842 3329 2887 auctor

1794 2936 2194 2981 commemorat.
2231 2924 2505 2978 Damidem
2548 2924 2713 2987 enim,
2745 2924 2838 2992 qui
2891 2923 3040 2977 solus
3085 2922 3185 2991 ipsi
3212 2933 3329 2977 erat

1791 3017 2085 3085 discipulus
2102 3017 2405 3083 sociusque,
2422 3014 2710 3083 prohibens
2737 3014 2803 3067 ad
2827 3027 3010 3082 magos
3026 3026 3247 3066 accessu
3261 3013 3324 3074 “,

1790 3107 1936 3161 solus
1960 3107 2092 3173 ipse,
2122 3105 2259 3174 (eam
2280 3105 2349 3158 ob
2376 3119 2593 3157 causam
2625 3105 2848 3166 scilicet,
2880 3119 2947 3157 ne
2974 3103 3143 3165 illum,
3166 3114 3327 3171 quem

1788 3196 2099 3266 planissime
2130 3195 2366 3263 liquebat
2393 3208 2574 3246 rerum
2608 3195 2932 3262 magicarum
2966 3194 3180 3262 penitus
3206 3207 3328 3247 esse

1790 3282 2545 3352 imperitum,condiscipulum
2567 3281 2832 3351 haberet,)
2861 3282 3006 3335 circa
3026 3281 3325 3344 meridiem;

1790 3374 1867 3426 uti
1895 3381 1947 3427 et
1975 3375 2117 3426 circa
2158 3372 2362 3425 medias
2406 3379 2618 3436 noctes,
2650 3387 2840 3426 eorum
2891 3373 3110 3426 scholas
3135 3373 3324 3428 obivit.

1788 3461 2154 3529 Praetereaque
2176 3461 2243 3513 ad
2262 3460 2520 3514 Bardanis
2549 3461 2827 3530 Babylonii
2862 3464 3002 3531 regis
3033 3463 3328 3516 admissum

1791 3550 2136 3618 colloquium,
2167 3550 2251 3602 his
2281 3548 2394 3602 fere
2438 3549 2616 3603 verbis
2647 3565 2804 3603 usum
2836 3561 2958 3603 eum
2983 3548 3150 3604 fuisse
3178 3549 3329 3620 [Phil-

1790 3638 2064 3710 lostratus]
2092 3638 2320 3692 refert"
2353 3658 2365 3693 :
2400 3656 2419 3690 ι
2457 3638 2785 3708 Sapientiam
2824 3648 3001 3694 autem
3035 3642 3329 3708 amplector

1789 3728 2102 3801 Pythagorae
2132 3727 2319 3791 Samii,
2348 3731 2437 3798 qui
2469 3740 2521 3784 et
2548 3731 2725 3785 colere
2758 3731 2887 3785 deos
2917 3745 3001 3785 me
3025 3731 3097 3785 ita
3123 3731 3328 3799 docuit;

1793 3829 2042 3876 utmente
2068 3836 2161 3875 eos
2191 3822 2537 3889 complectar,
2564 3821 2677 3875 sive
2693 3821 2953 3876 videndos
2982 3838 3039 3876 se
3060 3823 3331 3892 praebeant

1795 3912 1908 3967 sive
1937 3913 2138 3976 minus,
2183 3912 2406 3979 pariter,
2455 3910 2724 3980 atquein
2762 3912 3028 3981 colloquia
3059 3927 3180 3967 cum
3225 3912 3330 3968 diis

1795 3999 2131 4056 descendam.
2171 4018 2190 4051 ι
2217 3997 2321 4052 Sed
2352 4000 2492 4053 enim
2531 4000 2653 4068 quis
2686 3999 2790 4053 hoc
2840 4001 2918 4055 illi
2959 3998 3332 4058 concesserit?

1794 4090 1930 4145 Cum
1968 4088 2298 4159 Pythagoras
2341 4089 2460 4157 ejus
2503 4090 2715 4158 generis
2755 4092 3016 4160 scriptum
3054 4092 3331 4161 reliquerit

1745 4188 1763 4208 ⁸
1795 4179 2021 4244 nullum,
2056 4195 2226 4248 neque
2256 4179 2471 4247 aliquod
2503 4181 2763 4249 scriptum
2794 4181 2913 4249 ejus
2960 4189 3136 4238 exstet
3171 4197 3330 4236 arca-

1797 4287 1924 4326 num
1940 4271 2131 4342 magis,
2166 4281 2225 4324 ut
2253 4271 2335 4325 vel
2365 4270 2630 4339 suspicari
2658 4271 2816 4326 liceat
2837 4272 3034 4330 talibus
3060 4288 3182 4328 eum
3202 4274 3332 4330 sub-'-

226 4435 266 4470 ⁸⁸
298 4439 388 4495 lib.
429 4454 521 4501 ιν,
559 4450 612 4490 c.
645 4435 699 4488 2.
776 4434 823 4467 ¹³
858 4434 951 4487 lib.
994 4449 1041 4495 l.
1080 4448 1131 4487 c.
1165 4433 1254 4488 22.
1330 4435 1374 4465 ¹⁶
1413 4434 1504 4487 lih.
1537 4449 1589 4498 ι,
1623 4449 1681 4489 c.‘

1869 4436 1912 4466 "
1950 4434 2044 4489 lib.
2085 4449 2138 4500 I,
2180 4433 2268 4488 52.

226 4588 328 4661 (68)
358 4593 658 4658 Γιγνωσκ.
709 4602 778 4661 τε
820 4586 917 4661 καὶ
956 4601 1156 4661 πραττ.
1205 4588 1367 4639 αὐτό.
1415 4585 1691 4661 Philostr.,

1797 4587 2266 4661 hanc'lectionem
2295 4590 2572 4661 sequentia
2614 4604 2627 4639 :
2673 4590 2748 4652 ὡς
2790 4589 2856 4642 ἂν
2906 4589 2978 4658 μὴ
3010 4591 3136 4659 ’μετ’

163 4654 560 4729 γιγνωσκόντων
574 4672 643 4729 Δτε
664 4656 795 4708 αὐτὸ
820 4656 911 4708 καὶ
933 4654 1287 4724 πραττόντων,
1319 4655 1460 4724 quod
1479 4657 1696 4725 elegans

167 4724 323 4781 iliacis
364 4727 500 4780 mihi
534 4724 768 4777 videtur.

230 4746 323 4781 I'IS
364 4746 500 4780 1111111
534 4746 768 4777 Vluetur.

230 4746 331 4865 (g9)
362 4798 620 4865 κύκνων
648 4790 764 4860 ἤδη
802 4790 899 4865 καί
920 4790 1098 4865 δρψ-ἰᾷ.
1130 4790 1402 4865 Ρξὶψεῑιτ,
1452 4792 1696 4865 M1130:-

170 4859 267 4928 νὺν,
296 4859 548 4934 ὀρνίθων,
585 4859 718 4922 ett:.,
756 4861 896 4928 quod
927 4861 1094 4934 magis
1108 4860 1237 4934 mihi
1262 4859 1547 4934 probatur.-
1566 4859 1695 4911 Nam

169 4942 216 4985 ct
240 4929 353 5000 post
376 4934 827 5001 speciemgenus
860 4929 1123 5001 nominari
1152 4944 1257 4981 non
1300 4930 1449 5001 adeo
1483 4943 1695 5001 conve—

165 4997 326 5065 niens,
354 4997 419 5054 δι’
431 5000 597 5068 cycni
629 4999 773 5050 inter
799 4998 1080 5063 augurales
1106 5011 1231 5049 aves
1254 5011 1358 5049 non
1388 4997 1519 5050 adeo
1554 4998 1692 5051 cele“

162 5065 289 5119 bres.
329 5070 439 5119 imo
474 5081 763 5119 corvorum
798 5080 861 5117 ea
899 5065 951 5116 in
982 5081 1039 5117 re
1069 5065 1327 5117 celebrior
1371 5079 1526 5119 onera
1561 5064 1701 5119 apud

474 5082 763 5118 corvorum
798 5082 861 5117 ea
899 5082 951 5116 111
982 5082 1039 5117 1¹θ
1069 5082 1327 5117 CCIBDI‘IOI‘
1371 5082 1526 5118 01181⁸3
1561 5082 1680 5118 3011(

163 5079 289 5129 ores,
329 5082 439 5120 uno
474 5081 763 5121 corvorum
798 5080 861 5117 ea
899 5080 951 5116 in
982 5081 1039 5117 re
1069 5079 1327 5117 celebrior
1371 5079 1526 5131 opera
1561 5079 1699 5133 apud

163 5135 370 5201 Arabes,
401 5143 462 5190 ut
484 5134 846 5190 observatum
879 5130 1169 5202 Porphyrio
1197 5132 1272 5186 De
1296 5132 1455 5197 αὑτὰ,
1482 5134 1574 5188 lib.
1615 5149 1699 5198 ιιι,

167 5219 215 5274 p.
246 5207 361 5259 los.

232 5274 333 5341 (70)
362 5276 624 5343 Ἔχομεν
668 5270 738 5337 δὴ
790 5265 904 5343 οὖν
935 5281 1046 5343 πρ.-
1075 5271 1127 5322 τί
1162 5271 1432 5343 mnus/1.
1477 5269 1598 5324 Haec
1636 5286 1701 5325 eo

172 5338 603 5410 spectant,'quod
633 5344 751 5410 ista
778 5338 844 5389 de
873 5338 1134 5390 Arabibus
1164 5340 1467 5410 narratione
1485 5348 1702 5410 contra-

176 5406 305 5462 dicat
346 5406 598 5477 εὶιιὶ“ιρει
632 5407 1017 5464 Philostratus,
1060 5421 1182 5458 cum
1226 5406 1701 5477 a_'libi_sapientiam

180 5476 429 5547 Apollonii
448 5474 829 5547 αὐτοδίδακτον
852 5488 971 5527 esse
990 5480 1208 5528 statuat.
1232 5474 1378 5538 Quod
1402 5475 1560 5543 paulo
1579 5483 1701 5530 ante

183 5543 239 5601 ei"
254 5548 655 5615 exprobratum,
682 5556 733 5615 ᾳ.
759 5543 814 5594 9.

244 5608 350 5685 (π)
382 5610 841 5685 νἈχαγ-ορειξσςᾳς.
874 5609 946 5661 Ita
975 5608 1255 5685 legendpm
1283 5624 1404 5685 esse
1431 5612 1545 5666 sole
1583 5613 1697 5667 cla-

192 5674 397 5750 nam
455 5674 641 5736 locum
680 5674 995 5754 Philostrati
1029 5674 1332 5747 'conferas‘,
1376 5678 1699 5752 ﬁrmantque

1802 4672 1956 4724 μονος
1979 4667 2082 4709 etc.
2116 4658 2354 4721 Quorum
2387 4659 2571 4713 nullus
2600 4673 2720 4712 esse
2748 4667 2922 4725 potest
2951 4673 3162 4719 sensus,
3190 4660 3236 4712 si
3258 4674 3337 4713 re-

1797 4727 2063 4795 tineamus
2103 4725 2386 4795 lectionem
2424 4726 2769 4795 depravatam
2810 4727 3074 4779 editorum
3117 4728 3209 4793 qui
3237 4727 3336 4779 ba-

1796 4792 2403 4862 bentﬁrrayopeticavrt.
2493 4792 2512 4795 ”
2606 4844 2632 4862 ᾼ.

1866 4859 1974 4931 (72)
2007 4859 2185 4924 Θεοῦς
2216 4863 2571 4931 θεραπεύειν.
2603 4860 3338 4931 Ριιίιοειιιιιιιιεοιιιίιιὶεριιέά

1792 4927 2012 4981 tiCulam
2052 4945 2112 4980 τε
2150 4927 2309 4996 quam
2346 4930 2435 4983 hic
2469 4932 2719 4984 insertam
2755 4931 2950 4982 habent
2990 4930 3131 4982 edita
3169 4927 3338 4987 sane:

1794 4997 1974 5058 biana,
2004 4998 2193 5067 melius
2222 5011 2341 5050 eam
2364 5013 2468 5067 ego
2496 5013 2707 5067 quoque
2739 5000 2911 5051 omitti
2934 5008 3143 5067 putem;
3168 5000 3253 5052 illi.
3273 5004 3335 5054 τε

1802 5066 1941 5118 enim
1976 5065 2109 5118 nihil
2150 5065 2453 5132 respondet,
2488 5065 2541 5119 et
2591 5065 2867 5134 sequentia
2915 5066 3023 5119 duo
3050 5068 3177 5119 cola
3197 5069 3338 5124 inter

1804 5148 1862 5187 se
1892 5134 2090 5204 rectius
2118 5134 2206 5185 illa
2242 5135 2500 5202 particula
2532 5135 2847 5204 junguntur,
2878 5141 3131 5202 tanquam
3158 5147 3337 5204 partes

1803 5203 2129 5256 continentia
2177 5207 2374 5273 cultus,
2417 5218 2573 5270 quem
2620 5203 2650 5256 a
2712 5203 3024 5273 Pythagorae
3073 5203 3336 5272 sapientia

1805 5279 1862 5324 9e
1884 5274 2152 5339 accepisse
2186 5271 2280 5339 ait.

1899 5339 1984 5407 75)
2014 5338 2147 5403 "ac.
2180 5338 2431 5392 Philostr.
2466 5339 2625 5393 habet
2652 5341 2763 5395 καί.
3300 5376 3307 5388 .

1899 5341 1984 5407 75)
2035 5341 2147 5403 Ὡς.
2180 5341 2431 5392 Philostr.
2466 5341 2625 5393 habet
2652 5341 2763 5395 καί.
3300 5376 3307 5388 .

1874 5341 1986 5477 lu)
2014 5407 2350 5478 V‘Andpﬁntd
2366 5423 2497 5460 τινα
2523 5408 2951 5478 ξυγγράμματα.
2974 5407 3105 5464 H.e.
3135 5409 3338 5478 scripta

1805 5479 1967 5530 variis
2012 5476 2300 5529 involucris
2338 5490 2554 5531 sensum
2596 5476 2944 5540 involventia,
2984 5486 3043 5530 ut
3091 5476 3341 5531 solebant

1806 5545 2060 5616 symbolis
2089 5546 2305 5616 suisuti
2348 5546 2413 5599 ad
2456 5546 2708 5614 tegendas
2732 5546 3040 5616 reconditas
3068 5545 3343 5616 doctrinas

1803 5612 1879 5667 illi
1929 5614 2278 5684 philosophi,
2318 5612 2664 5684 symbolicam
2691 5656 2697 5667 .
2720 5616 2915 5672 imitati
2965 5612 3354 5684 Egyptian-um,

1788 5683 2112 5770 sapientiam
2139 5683 2382 5753 passim."
