3782 6324
139 448 230 502 817
1209 448 1408 502 LIBER
1442 447 1712 504 CONTRA
1750 443 2155 501 HIEROCLEM.
3175 445 3278 502 8l8

134 563 230 613 νεῖν
253 557 438 619 ἔπεισι,
471 561 561 613 καὶ
597 561 689 631 τὴν
720 559 844 632 περὶ
871 559 1054 615 τούτου
1082 563 1260 616 πίστιν
1303 567 1489 627 αἰτεῖν,
1522 565 1627 617 οὑδέ

1786 571 1859 616 lro
1895 561 2240 630 "inquirere,
2272 558 2492 628 ejusque
2522 567 2828 626 argumenta
2860 567 2918 613 ut
2945 558 3066 614 edat
3094 571 3279 630 postu-

135 649 227 702 τῶν
265 649 383 717 παρ’
413 650 559 720 αὐτῷ
596 651 800 703 κύκνων
830 652 926 714 τὰς
967 654 1278 719 ἀποδείξεις,
1308 654 1398 716 οὓς
1426 656 1628 722 γελοίως

1785 668 1877 711 ire.
1912 660 1966 703 ut
1995 653 2140 712 item,
2173 651 2237 704 de
2258 649 2445 719 cycnis
2467 663 2584 716 qua
2619 648 2774 701 habet
2805 651 2870 713 '°,
2895 651 3084 719 probet
3103 693 3116 713 ,
3143 666 3278 720 quos

132 741 390 791 τίκτουσαν
416 739 574 792 αὑτὸν
598 739 690 809 τὴν
719 741 926 811 μητέρα
950 744 1041 795 καὶ
1063 744 1378 813 περιστῆσαι
1400 745 1526 813 (85),
1554 746 1625 796 κα⁴

1786 741 1968 793 ιΙίοιιιο
1999 748 2221 792 matrem
2267 739 2407 806 ejus,
2463 737 2636 806 ipsum
2673 736 2780 805 jam
2829 740 3141 808 parientem,
3171 741 3279 795 ci—r-

134 827 391 897 μαιοῦσθαι
417 829 635 898 ἱστορεῖ.
679 829 813 881 Ἀλλ’
846 832 962 884 οὐδὲ
995 833 1118 902 περὶ
1149 833 1238 885 τοῦ
1270 833 1506 904 σκηπτοῦ
1535 833 1627 904 (84¹

1781 829 2107 889 umstetisse,
2131 829 2284 897 eique
2329 827 2691 880 obstetriciam
2728 830 3037 894 prastilisse
3059 845 3273 898 operam

130 915 427 988 μυθολογίας
454 918 544 970 τὸν
581 920 825 990 μάρτυρα
866 920 1119 990 παρέχειν
1162 921 1311 984 ἀξιῶ.
1347 923 1418 974 Οὐ
1447 923 1549 993 γὰρ
1581 923 1623 974 δί

1785 927 1946 970 arrat.
2003 916 2113 970 Ιιιιο
2143 931 2314 986 neque
2366 924 2422 969 ut
2458 916 2648 968 fabula
2675 916 2716 946 "
2752 915 2816 969 de
2847 919 3064 972 l'ulmine
3086 927 3273 973 testem

128 1003 208 1054 ml.
235 1003 448 1063 τούτων,
481 1004 557 1067 ὡς
587 1006 707 1075 ἔφη,
743 1006 913 1076 Δάμις
941 1009 1069 1076 ἡμῖν
1115 1005 1370 1077 ξυνίστωρ
1397 1009 1502 1076 (85)
1547 1009 1618 1076 ἀφ

1784 1005 2007 1058 roducat
2029 1013 2237 1073 expeto.
2280 1003 2463 1073 Neque
2505 1004 2643 1058 enim
2687 1003 2909 1056 istorum
2941 1005 3094 1056 etiam
3148 1020 3277 1058 con-

129 1089 293 1157 ίξεται,
322 1091 750 1164 μακρᾷῶστερον
779 1097 834 1145 ἐν
862 1093 1004 1164 Νίνῳ
1028 1095 1122 1164 τῆς
1159 1095 1436 1164 Ἀσσυρίας
1464 1095 1622 1165 τάνδρ

1781 1093 1892 1148 eius
1921 1092 2122 1154 Darnis.
2152 1093 2216 1146 ad
2261 1108 2416 1162 quem
2473 1093 2802 1162 provocavit,
2837 1092 3004 1145 nobis
3026 1094 3274 1161 prodibit,

127 1180 357 1248 ξυνάψας.
405 1181 548 1248 Ἐγὼ
588 1183 683 1251 μὲν
713 1179 804 1235 οὖν
838 1179 893 1236 εὖ
933 1184 1072 1253 μάλα
1117 1183 1402 1254 προθύμως
1433 1188 1542 1246 τοῖς
1573 1186 1618 1236 εί

1785 1183 1834 1235 υἱ
1866 1184 1955 1236 diu
2005 1192 2124 1253 post
2174 1183 2386 1237 demum
2443 1182 2586 1246 Nini,
2617 1182 2849 1252 Assyria
2877 1184 3027 1244 urbe,
3079 1185 3194 1238 viro
3219 1199 3276 1239 se

126 1269 303 1322 κόσιτε
344 1273 435 1322 καὶ
468 1271 726 1340 ἀληθείας
772 1273 1046 1341 ἐχομένοις
1089 1272 1418 1342 πειθόμενος,
1465 1275 1512 1324 εί
1555 1290 1619 1324 κα

1786 1273 2009 1340 ιηιιιικίι.
2046 1271 2244 1341 Nempe
2286 1288 2384 1341 ego
2406 1271 2617 1340 quidem
2646 1273 3012 1326 lubentissime
3033 1274 3279 1342 probabi-

127 1361 322 1430 μείζονά
345 1379 464 1413 τινα
491 1363 616 1414 καθ’
651 1363 943 1432 ὑπερϐολὴν
969 1365 1025 1426 ὲς
1051 1363 1264 1415 ἔπαινον
1296 1364 1482 1434 ἀνδρὸς
1516 1366 1620 1431 ἀγα

1787 1364 1882 1415 bus
1902 1363 2080 1423 rebus,
2100 1372 2153 1416 et
2179 1362 2241 1414 ad
2277 1378 2457 1415 verum
2477 1362 2696 1431 propius
2725 1362 3100 1415 accedentibus
3126 1362 3276 1415 fidem

125 1450 202 1503 θοῦ
253 1451 443 1518 λέγοιτ’
486 1453 572 1518 ἂν,
631 1453 795 1504 πιστὰ
848 1455 939 1505 καὶ
998 1453 1330 1523 παραδεκτέα
1376 1450 1508 1506 εἷναί
1562 1471 1618 1522 με

1785 1452 1968 1512 abens,
1998 1452 2120 1504 licet
2166 1451 2323 1504 etiam
2375 1451 2612 1520 quadam
2662 1451 2940 1520 magnifice
2969 1453 3157 1521 magis,
3185 1468 3278 1522 per

121 1541 260 1602 δοκῶ,
289 1542 366 1592 ὃτι
412 1542 488 1611 μὴ
544 1542 680 1611 μόνα
719 1542 786 1594 τὰ
833 1541 1101 1613 τερατώδη
1145 1544 1237 1596 καὶ
1285 1542 1446 1612 λήρου
1491 1542 1614 1594 πλέα

1786 1541 2233 1610 xaggerationem,
2267 1541 2329 1593 ad
2363 1540 2880 1594 commendationem
2917 1542 3012 1594 viri
3049 1542 3170 1595 boni
3199 1542 3279 1594 af-

123 1629 302 1682 υῦκουν
341 1629 617 1701 φθονείην,
665 1633 717 1684 εἷ
755 1649 912 1700 φησιν
957 1633 985 1682 ό
1025 1631 1360 1702 ξυγγραφεὺς
1390 1631 1544 1698 γένος
1589 1648 1616 1682 τ

1881 1639 2006 1690 ιιιιν,
2063 1643 2124 1682 ea
2184 1626 2448 1680 credenda
2483 1643 2602 1680 esse
2649 1628 3117 1696 amplectendaque
3149 1629 3278 1681 mihi

122 1722 334 1789 ἀρχαῖον,
361 1720 452 1772 καὶ
484 1720 596 1774 τῶν
622 1722 872 1773 οἰκιστῶν
899 1722 1201 1791 ἀνημμένον
1231 1720 1306 1790 τῷ
1327 1721 1475 1791 ἀνδρὶ
1503 1737 1615 1788 γεγε

1787 1715 2063 1780 ersuadeo,
2097 1717 2253 1769 modo
2274 1731 2342 1769 ne
2383 1727 2681 1769 monstrosa
2718 1717 2826 1769 sint
2883 1718 3058 1785 plane,
3089 1726 3140 1770 et
3170 1725 3280 1770 sto-

123 1808 246 1860 νέναι
263 1825 276 1838 ⁸
303 1810 394 1861 καὶ
421 1810 674 1862 πλουτῶν
697 1812 746 1861 εί
771 1809 939 1873 οὕτως
969 1810 1152 1880 ἔτυχεν
1176 1811 1312 1879 ὑπὲρ
1340 1811 1461 1873 τοὺς
1489 1812 1616 1878 ὲγχο

1787 1807 1869 1860 dis
1903 1807 2166 1877 figmentis
2206 1805 2419 1860 referta.
2455 1805 2634 1874 Neque
2663 1806 2794 1859 adeo
2824 1805 3106 1867 invideam,
3137 1806 3276 1875 quod

123 1899 246 1968 ρίους
274 1898 517 1963 ἅπαντας
541 1917 554 1930 ⁸
588 1901 920 1953 διδασκάλων
955 1918 1030 1966 τε,
1079 1901 1193 1953 νέον
1224 1901 1367 1962 ὄντα,
1405 1900 1462 1951 οὐ
1495 1901 1616 1969 μόνο

1785 1897 1889 1948 icat
1926 1897 2233 1958 historicus,
2289 1911 2455 1964 genus
2513 1911 2631 1949 esse
2677 1896 2792 1948 viro
2819 1899 3092 1964 antiquum
3116 1897 3193 1958 ²²,
3226 1905 3277 1948 et

119 1988 208 2040 τῶν
247 1989 630 2059 δεδηλωμένων
685 1993 884 2058 τυχεῖν,
929 1990 1060 2052 ἀλλ’,
1105 1991 1152 2042 εἰ
1193 1990 1352 2052 δοκεῖ,
1384 1990 1476 2041 καὶ
1523 1988 1612 2041 τού

1785 1986 1884 2038 uod
1918 1986 1971 2036 in
2015 1985 2218 2052 primos
2275 1984 2580 2038 Conditores
2611 1983 2838 2056 [patria]
2865 1985 3089 2038 desinat.
3122 1984 3274 2049 Quod

119 2094 206 2130 των
231 2078 330 2148 (86)
359 2079 522 2132 αὐτὸν
551 2079 866 2132 διδάσκαλον
894 2081 984 2132 καὶ
1017 2078 1324 2149 καθηγητὴν
1352 2078 1612 2146 γεγονέναι

1782 2088 1872 2126 .em
1902 2074 2096 2126 civium
2131 2074 2367 2126 omnium
2396 2073 2718 2127 ditissimum
2754 2074 2884 2127 liCat
2914 2074 3108 2128 fuisse:
3141 2089 3275 2143 pra-

121 2169 274 2221 Ἕστω
303 2170 346 2222 δ’
377 2171 470 2222 ἐπὶ
506 2169 723 2231 τούτοις
767 2172 1017 2240 ὲντρεχὴς
1043 2171 1132 2222 καὶ¹
1163 2169 1228 2222 τὰ
1260 2169 1431 2232 κοινὰ,
1460 2168 1533 2230 ὡς
1557 2168 1614 2220 τὸ

1784 2172 2093 2232 eptoresque
2120 2165 2165 2194 "
2203 2163 2595 2217 adolescentem
2634 2179 2738 2217 non
2793 2165 3122 2218 clarissimos
3160 2175 3277 2218 tan-

114 2258 162 2322 ἰς
201 2258 514 2330 Ἀσκληπιοῦ
545 2258 846 2330 Θεραπείας
878 2260 1032 2328 χάριν
1063 2261 1376 2328 ἀφιγμένον,
1409 2245 1494 2311 διὰ
1509 2257 1607 2325 γνιὶ

1778 2269 1854 2306 an
1902 2268 2020 2307 esse
2073 2262 2314 2315 nactum,
2367 2269 2550 2306 verum
2587 2255 2770 2315 etiam,
2830 2255 2873 2308 si
2924 2255 2996 2307 ita
3047 2255 3271 2324 placeat,

118 2363 207 2415 μης
249 2349 469 2418 ἀρίστης
518 2346 834 2412 ἀπαλλάξαι
882 2347 981 2414 τῆς
1024 2347 1342 2418 ἀρρωστίας.
1391 2345 1611 2400 Νοσοῦνι

1778 2359 1925 2396 orum
1951 2345 2121 2412 ipsum
2145 2345 2458 2413 magistrum
2498 2345 2770 2398 exstitisse
2803 2353 2967 2413 atque
2983 2345 3271 2406 doctorem.

115 2435 274 2506 γὰρῗδὴ
306 2436 492 2507 ὑδέρου
543 2435 736 2496 πάθει,
783 2433 1111 2502 κατάλληλον
1157 2435 1473 2504 ἐγκρατείας
1522 2436 1608 2485 ὑπ(

1781 2438 1870 2489 isto
1893 2447 2065 2489 autem
2097 2447 2371 2506 praeterea,
2407 2439 2564 2491 etiam
2597 2437 2649 2492 in
2686 2440 2842 2492 rebus
2865 2439 3172 2509 [ordinariis
3199 2433 3274 2508 et]

115 2525 272 2578 θέσθαι
309 2525 514 2578 δίαιταν
567 2525 648 2594 τῷ
676 2525 950 2594 κάμνοντι,
983 2525 1072 2576 καὶ
1118 2523 1284 2595 ταύτῃ
1325 2525 1482 2577 αὑτὸν
1522 2525 1607 2591 ὑγι

1783 2527 2048 2595 ulgaribus
2082 2542 2241 2596 sagax
2276 2545 2288 2578 :
2321 2527 2392 2579 ita
2431 2534 2489 2580 ut
2520 2527 2584 2580 ad
2646 2528 2977 2596 Asclepieum
3001 2512 3276 2583 medicina

116 2616 441 2685 καταστῆσαι,
468 2616 575 2668 καὶ
615 2614 785 2683 τούτῳ
810 2631 873 2682 γε
903 2616 998 2684 τῆς
1029 2616 1330 2684 φρονήσεως
1361 2614 1609 2667 ἀποδεκτὸ

1784 2631 1907 2670 ausa
1941 2617 2277 2670 accedentem
2317 2619 2382 2680 “,
2411 2618 2611 2686 optimo
2634 2620 2858 2673 consilio
2881 2620 2947 2672 ab
2965 2620 3277 2688 aegritudine

112 2705 163 2760 τὸ
193 2706 482 2779 μειράκιον.
503 2705 621 2760 Καὶ
653 2705 728 2768 ὡς
753 2705 842 2757 τὸν
872 2703 1169 2766 πολυτελῶς
1193 2705 1300 2773 (87)
1345 2703 1487 2757 θύειν
1509 2723 1605 2775 παε

1788 2706 1981 2758 berarit
2030 2706 2214 2774 (Aqua
2260 2705 2537 2762 intercutis
2583 2708 2724 2760 enim
2775 2710 2961 2763 morbo
2991 2709 3281 2771 laboranti,

119 2796 488 2866 εσκευασμένον
527 2788 731 2864 εἷρξεν,
761 2789 846 2844 οἷα
877 2792 1017 2854 εἰκὸς
1055 2793 1144 2844 ἐπὶ
1175 2793 1335 2862 κακίᾳ
1373 2793 1612 2864 διαὸεὸοη

1784 2793 2148 2847 onvenientem
2206 2810 2349 2863 agro
2379 2796 2433 2849 in
2491 2796 2632 2850 victu
2680 2800 3084 2867 temperantiam
3134 2798 3277 2867 quod

117 2887 288 2956 μένον·
344 2886 436 2938 καὶ¹
488 2884 606 2952 γὰρ
650 2883 712 2952 δὴ
767 2885 856 2935 καὶ
911 2882 1017 2934 τῶν
1070 2881 1342 2950 ἐγχωρίων
1397 2882 1610 2934 ἁπάντω

1784 2884 2072 2950 raceperit.
2123 2901 2351 2955 eumque
2403 2886 2534 2940 adeo
2582 2889 2878 2941 restituerit
2913 2889 3151 2949 sanitati.
3207 2890 3277 2944 ob

115 2971 486 3023 πλουσιώτατόν
510 2970 626 3031 (88)
661 2985 718 3020 τε
752 2968 842 3020 καὶ
874 2968 1322 3037 περιφανέστατον
1347 2969 1504 3020 αὑτὸν
1526 2970 1608 3021 om

1784 2987 1844 3026 oc
1894 2989 2106 3041 quoque
2161 2976 2455 3044 prudentia
2498 2976 2918 3050 [argumentum]
2977 2979 3277 3034 laudandus

111 3060 308 3114 τίθεται.
343 3062 454 3113 Καὶ
494 3062 554 3112 ὲν
600 3057 836 3128 σώφροσι
862 3058 905 3109 δ’
939 3057 1096 3108 αὑτὸν
1123 3056 1310 3124 φθόνος
1337 3059 1506 3120 οὐδεὶς
1527 3059 1604 3110 ἀνι

1783 3064 2096 3134 dolescens);
2151 3066 2222 3117 ita
2254 3065 2437 3136 [porro
2483 3067 2538 3121 in
2588 3068 2750 3123 rebus
2779 3070 3087 3139 vulgaribus
3113 3086 3276 3140 sagax

111 3151 336 3219 γράφειν,
363 3152 444 3202 ὅτι
480 3167 540 3202 τε
577 3148 710 3218 πρὸς
742 3147 829 3198 τὸν
854 3146 1100 3216 ἐραστὴν,
1129 3146 1455 3216 πειρώμενον
1484 3148 1604 3199 αὐτο

1780 3152 1833 3224 it]
1881 3162 1950 3206 ‘ut
1977 3163 2030 3208 et
2075 3156 2352 3224 magnifice
2387 3157 2556 3211 sacris
2599 3167 2905 3226 operantem
2953 3160 3185 3229 abegerit
3206 3159 3273 3224 ⁸⁸,

106 3241 188 3310 τῆς
213 3241 376 3311 ὥρας,
414 3238 872 3306 διελοιδορήσατο,
914 3237 1006 3288 καὶ
1029 3237 1334 3303 γυναικείας
1366 3237 1444 3288 ὅτι
1476 3236 1599 3288 καθα

1781 3219 1938 3314 uippe
1966 3219 2262 3299 afl‘atimvob
2278 3247 2406 3300 vitia
2435 3219 2692 3302 famosum
2737 3248 2949 3318 (nempe
3004 3219 3273 3304 hominem

118 3332 192 3401 ρὸν
232 3332 415 3384 ἑαυτὸν
453 3331 659 3400 μίξεως
701 3327 788 3380 διὰ
831 3328 1033 3390 τέλους,
1082 3329 1156 3388 ὠς
1197 3329 1223 3378 ὁ
1267 3328 1420 3394 λόγος
1463 3329 1611 3397 φησὶι

1783 3342 1802 3386 ι
1856 3335 2090 3403 regionis
2139 3335 2282 3390 illius
2343 3337 2571 3390 maxime
2619 3337 2833 3390 divitem
2893 3346 3273 3406 reprasentat,

108 3424 279 3491 ἤγαγε.
307 3422 482 3474 Πιστὰ
518 3421 569 3472 δ’
611 3419 748 3471 ἔστω
788 3419 880 3471 καὶ
919 3417 983 3469 τὰ
1014 3417 1112 3485 τῆς
1155 3417 1472 3480 πενταετοῦς
1509 3436 1601 3472 κατ

1784 3423 2078 3491 iaximeque
2099 3424 2500 3493 conspicuum);
2528 3440 2699 3493 neque
2717 3425 2980 3480 invideam
3010 3427 3063 3479 in
3085 3427 3277 3482 castis-

108 3511 406 3582 Πυθαγόραν
438 3510 659 3578 σιωπῆς
689 3508 872 3570 αὑτοῦ,
901 3509 992 3559 καὶ
1032 3508 1116 3566 τὰ,
1161 3509 1305 3569 ὅπως
1330 3507 1526 3578 ταύτην
1561 3508 1601 3560 δι

1778 3512 1893 3567 imis
1921 3528 2042 3566 eum
2082 3514 2311 3575 censeri,
2373 3514 2621 3582 quodque
2675 3523 2937 3569 amantem
2967 3516 3032 3577 “,
3065 3523 3271 3569 atatem

100 3600 296 3669 ἤνυσεν,
327 3601 562 3654 ἐπαίνου
596 3597 738 3661 ἄξια.
773 3596 954 3649 Ταῦτα
969 3595 1051 3664 δὴ,
1070 3596 1162 3647 καὶ
1193 3595 1293 3647 ὅσα
1320 3595 1538 3648 τοιαῦτα
1558 3599 1590 3649 ά

1778 3601 1863 3669 ius
1889 3616 2233 3670 corrumpere
2262 3609 2579 3668 tentantem,
2617 3603 2958 3672 obiurgatum
2988 3603 3271 3671 repulerit;

100 3689 345 3758 θρώπινα,
381 3691 480 3742 καὶ
504 3689 586 3748 ὡς
609 3687 820 3756 άληθῶς
848 3685 1157 3753 φιλοσοφίας
1187 3685 1276 3737 καὶ
1307 3685 1556 3754 ἀληθείας
1585 3704 1593 3733 ι

1777 3689 1886 3744 uod
1924 3691 2046 3742 item
2077 3703 2106 3742 a
2145 3690 2388 3743 muliebri
2446 3692 2772 3745 commercio
2822 3705 3008 3760 puram
3040 3706 3270 3762 semper.

95 3782 286 3852 πόρρω,
317 3780 535 3851 δέχοιμ’
567 3778 654 3839 ἂν,
692 3779 817 3847 περὶ
856 3775 1045 3828 πολλοῦ
1078 3776 1137 3826 τὸ
1159 3773 1430 3845 εὖγνωμόν
1457 3793 1514 3827 τε
1556 3793 1587 3827 κ

1783 3784 1803 3828 t
1832 3776 2055 3830 historia
2080 3776 2243 3830 refert
2265 3777 2331 3837 ³⁷,
2363 3779 2525 3831 vitam
2574 3780 2761 3848 egerit.
2795 3778 2974 3833 Fidem
2996 3781 3156 3834 etiam
3190 3782 3273 3834 in-

95 3870 367 3941 φιλάληθες
399 3869 737 3940 τιμώμενος.
779 3866 848 3918 Τό
873 3865 936 3932 γέ
962 3882 1042 3917 τοι
1087 3867 1327 3935 κρεῖττον
1365 3863 1588 3934 ἀνθρώπε

1779 3867 1978 3926 eniant,
2010 3881 2127 3934 qua
2152 3867 2216 3919 ad
2237 3865 2618 3940 [observatum]
2658 3870 2756 3938 ipsi
2778 3869 2930 3936 juxta
2957 3867 3272 3940 Pythagora

87 3959 358 4030 τὴνφύσιν
401 3956 779 4018 ὑποτίθεσθαι,
812 3957 904 4008 καὶ
948 3954 1093 4024 παρὰ
1131 3955 1290 4016 πόδας
1335 3954 1442 4023 (89)
1488 3956 1580 4006 ὲνα

1779 3958 1991 4010 nstituta
2014 3957 2376 4026 quinquennio
2408 3960 2672 4012 silentium
2701 3971 2940 4028 spectant
2959 3962 3022 4022 ",
3045 3969 3098 4014 et
3126 3962 3272 4028 quid-

85 4051 350 4118 τιολογεῖν,
401 4051 511 4114 τῆς
562 4064 622 4098 τε
677 4045 918 4114 δοθείσης
955 4046 1276 4113 ἀμνημονεῖν
1321 4043 1578 4096 ὑποθέσεο.

1777 4041 1900 4110 prid,
1932 4042 2055 4094 dum
2088 4043 2211 4097 illud
2235 4044 2418 4106 obivit,
2440 4044 2591 4098 laude
2622 4034 2742 4098 fecit
2761 4046 2998 4116 dignum.
3020 4045 3159 4113 Hac,
3186 4048 3270 4100 in-

82 4139 216 4208 ἔχειν
239 4141 408 4211 ψόγον
444 4140 540 4200 ἂν,
574 4138 670 4191 καὶ
708 4136 952 4206 διαϐολὴν
982 4134 1123 4204 αὐτῷ
1161 4153 1220 4187 τε
1258 4135 1332 4205 τῷ
1362 4136 1575 4208 γράφον·

1775 4145 1931 4199 luam,
1948 4138 2002 4184 et
2018 4132 2271 4200 quidquid
2293 4133 2408 4198 ejus
2431 4144 2512 4187 est
2530 4135 2758 4201 generis,
2776 4135 3058 4190 humanam
3077 4146 3268 4191 sortem

81 4230 164 4280 καὶ
195 4231 331 4283 πολὺ
365 4229 649 4299 πρότερον
687 4224 765 4294 τῷ
793 4224 1134 4295 γραφομένῳ,
1171 4223 1448 4293 περιάψειν
1479 4224 1574 4294 ἡγο

1781 4237 1856 4276 mn
1895 4222 2202 4276 excedentia
2226 4263 2240 4285 ,
2275 4222 2426 4291 521
2475 4231 2528 4276 et
2576 4239 2713 4278 vera
2769 4224 3116 4293 philosOphia
3149 4241 3274 4279 con-

80 4332 192 4384 μαι.
1746 4321 2022 4377 sentanea,
2057 4329 2230 4383 neque
2265 4315 2427 4369 nimis
2458 4315 2526 4370 ab
2553 4315 2665 4385 ipsa
2687 4316 2909 4371 veritate
2937 4317 3129 4379 aliena,
3166 4331 3273 4371 non

77 4407 271 4462 invitus
305 4405 682 4469 admiserim;
719 4402 896 4472 magni
932 4416 1060 4457 sane
1093 4401 1375 4456 candorem
1411 4401 1636 4464 faciens,
1675 4412 1728 4458 et
1761 4405 1995 4457 studium
2032 4403 2292 4459 veritatis.
2319 4403 2386 4456 At
2403 4418 2529 4458 vero
2556 4404 2789 4460 hominis
2846 4404 2990 4459 illius
3043 4404 3274 4459 indolem

75 4497 306 4554 humana
353 4500 632 4567 majorem
665 4496 883 4566 ﬁngere,
917 4497 1203 4564 statimque
1231 4497 1332 4552 sibi
1363 4497 1464 4566 ipsi
1498 4498 1887 4563 contradicere,
1915 4505 1968 4551 et
2029 4513 2218 4567 parum
2246 4512 2535 4553 memorem
2575 4513 2698 4554 esse
2748 4509 2904 4553 antea
2959 4499 3274 4567 positorum,

137 4650 182 4682 “
220 4652 314 4704 lib.
351 4667 408 4712 l,
450 4665 506 4703 c.
542 4648 594 4702 4.
673 4649 718 4680 ’⁸
758 4648 848 4702 lib.
891 4657 1026 4707 n‘,c.
1063 4647 1114 4700 5.
1189 4647 1378 4701 “ibid.
1452 4649 1495 4681 "
1535 4649 1624 4702 lib.

1778 4667 1801 4699 ι.
1842 4648 1895 4700 4.
1969 4649 2014 4678 ³⁸
2051 4649 2143 4702 lib.
2175 4665 2228 4714 ι,
2263 4665 2311 4704 c.
2343 4651 2395 4705 3.
2487 4651 2533 4683 “
2580 4651 2670 4704 lib.
2712 4666 2759 4712 ι,
2800 4663 2849 4702 c.
2881 4648 2934 4702 9.
3009 4651 3053 4680 ⁸⁵
3091 4647 3183 4701 lib.
3219 4661 3271 4712 ι,

72 4731 118 4772 c.
154 4717 236 4772 18.
316 4721 367 4750 ³⁸
410 4719 519 4772 lib.
557 4734 608 4779 ι,
642 4732 693 4771 c.
728 4716 812 4769 12.
889 4719 931 4748 ’τ
971 4718 1061 4770 lib.
1103 4733 1146 4777 I,
1179 4733 1228 4769 c.
1265 4719 1347 4771 l3.
1420 4718 1464 4748 ’⁸
1503 4718 1565 4771 lib

595 4757 608 4779 ,
642 4732 693 4771 c.
728 4716 812 4769 12.
889 4719 931 4748 ’⁷
971 4718 1061 4770 lib.
1103 4733 1146 4777 I,
1179 4733 1228 4769 c.
1265 4719 1347 4771 l3.
1420 4718 1464 4748 ’⁸
1503 4718 1593 4772 lib.
1629 4733 1644 4770 ι
1679 4756 1694 4782 ,
1726 4734 1776 4771 c.
1809 4717 1873 4770 14
1897 4724 1950 4770 et
1983 4716 2068 4770 16.

713 4866 1071 4968 =Illelsttlizt'pfnda
1105 4881 1170 4920 ex
1201 4865 1522 4925 Philostrato
1541 4886 1632 4923 v0!

1780 4868 2062 4968 .93).!le
2211 4868 3273 4968 i‘”:..’ffﬁ1’f;.§l'sl’fﬂd_“.‘.".PER}?!

74 4938 187 4998 fuit,
219 4955 346 5007 qua
382 4937 675 4989 exciderat
710 4937 768 5007 in
798 4937 973 5007 editis.
1003 5003 1014 5007 _
1221 5002 1246 5007 _

1779 4936 2051 5007 articulant
2101 4936 2175 5001 ὡς
2223 4957 2253 4994 a
2291 4940 2674 5007 superioribus,
2701 4936 2839 5007 ἔστω
2864 4936 2905 4988 δ’
2937 4937 3028 5007 ἐπὶ
3054 4936 3272 5007 ,τούτοις

138 5002 251 5079 (8άῖ
285 5007 405 5060 Τοῦ
458 5005 754 5079 magism).
805 5003 1109 5073 Legendum
1139 5002 1248 5079 ’τοῦ
1294 5007 1550 5079 σκηπτοῦ,
1583 5016 1640 5060 ut
1742 5002 1994 5079 ἐντρεχὴς
2013 5010 2106 5079 και
2128 5010 2193 5062 τὰ
2235 5002 2412 5079 κοινά,
2449 5009 2542 5059 ὨΣ
2565 5008 2653 5079 τὸν
2695 5005 3026 5079 Ἀσκληπιοῇ
3041 5002 3274 5079 ἀφιγμέξ

77 5071 319 5148 exReg._
344 5089 462 5148 ms_1
496 5071 925 5148 etﬁhilostratb
965 5071 1325 5148 emendaram.
1370 5071 1570 5130 HOLSTE

1779 5071 1844 5126 ον’
1870 5071 2166 5140 ἀπαλλάξαι
2205 5079 2302 5148 τῆς
2353 5077 2656 5146 ἀρρωστίας
2680 5115 2692 5128 .
2712 5113 2724 5121 .
2745 5114 2759 5127 .
2798 5071 2890 5128 καῖ
2933 5075 3028 5127 ὨΣ
3052 5071 3272 5131 τδνπο-

79 5140 284 5216 Nempe
307 5145 368 5196 in
415 5141 644 5194 Eusebii
674 5140 834 5194 editis
873 5141 1047 5208 inepte
1088 5140 1343 5206 scriptum
1366 5152 1479 5197 erat
1515 5147 1639 5216 περὶ
1741 5145 1986 5216 lugete.

77 5211 468 5284 τοὺςζκήὶτουςι
668 5275 706 5284 _
779 5275 790 5284 .
1152 5273 1163 5284 .
1330 5275 1367 5284 _-
1475 5279 1497 5284 _

1808 5212 1914 5284 (88)
1941 5215 2047 5284 καὶ
2067 5232 2120 5284 τ,
2137 5214 2190 5266 δ.
2209 5212 2305 5284 καὶ
2342 5231 2392 5284 τ.
2422 5212 2743 5278 ὲτχωρ.ἁπ.
2771 5215 2986 5284 πλουσ.
3023 5211 3271 5279 Qualium

142 5281 251 5351 (85)
283 5275 632 5351 Ξυνζστωρ.
667 5275 1163 5351 ξυνίστωρῃροευξ
1192 5289 1289 5340 pro
1325 5275 1430 5351 ξὺνΔ
1475 5279 1635 5351 ἵστρῳ

1780 5275 1940 5351 :elera
1980 5275 2188 5336 facilius
2208 5279 2266 5351 in
2286 5275 2748 5351 vulgusemanare
2782 5283 2975 5345 solent,
3031 5275 3088 5334 ut
3141 5285 3273 5337 adeo

84 5341 384 5419 (quod'erat
414 5347 473 5398 in
517 5341 795 5412 prioribus
834 5341 1166 5409 editionibus)
1199 5348 1466 5399 sententia
1497 5341 1641 5417 fla'gi-
1738 5350 2050 5419 Apollonius
2092 5352 2206 5405 sine
2239 5341 2424 5419 divina
2468 5350 2711 5414 scientia,
2741 5367 2807 5405 ex
2854 5341 3012 5414 fatua,
3043 5367 3163 5419 qua
3206 5353 3272 5406 ad

83 5425 241 5489 tanta
271 5417 561 5489 llons'rsu.
600 5477 656 5489 Μ
916 5476 928 5488 ⁸
1149 5475 1174 5486 _
1498 5485 1509 5489 _
1743 5417 2008 5489 huminem
2041 5420 2206 5489 istum
2220 5417 2562 5489 _spect_aba_nt.
2593 5420 2824 5488 potuerit
2852 5417 3163 5475 resciscere.

150 5485 258 5553 (ὃὸ)
292 5484 558 5558 Τούτωις.
599 5477 697 5558 Sic
721 5477 929 5558 restitui
945 5489 1054 5558 pro
1089 5477 1288 5558 τοῦτον,
1331 5485 1640 5558 postulante

1787 5486 1919 5558 7(89)
1950 5488 2109 5558 Παρὰ
2131 5477 2331 5558 πόδᾴς.
2363 5477 2609 5558 lta__Reg.'
2637 5489 2769 5558 cod.
2793 5504 2890 5558 pro
2927 5490 3071 5558 edito
3101 5504 3274 5558 παρα-

89 5543 366 5624 seritentia,
407 5559 467 5602 et
517 5548 641 5624 ipsa
672 5544 900 5624 historia
939 5543 1240 5624 Philostrati
1285 5543 1638 5624 concinente,
1742 5543 1916 5620 δόσαςζ
1941 5543 2081 5623 (ιιιόά
2107 5557 2263 5609 nauci
2290 5543 2400 5610 est.
2433 5543 2697 5613 Ηοιὲτειι.
2730 5543 2879 5612 Βίης
2909 5543 3192 5624 lectionem
3221 5562 3273 5607 et

86 5622 166 5697 qui
194 5610 1192 5697 EuxehouniagislﬁoginrPyjtbagorica
1214 5619 1492 5697 sapientia
1515 5610 1637 5685 suo,
1745 5610 2414 5697 ipse_probo;suspicatus
2459 5623 2586 5679 olim
2628 5610 3183 5697 tangamus»;
3209 5624 3274 5676 lo-

89 5677 234 5806 geuge
289 5677 642 5755 superiorem
709 5677 865 5732 fuisse
905 5677 1220 5744 discipulum
1277 5677 1635 5756 Apollonium
1743 5677 2140 5762 gendimresse’.

121 5764 220 5806 tcu.

121 5757 220 5807 icit.
