3782 6360
180 417 293 472 821

1317 405 1508 461 LIBER
1543 404 1814 461 CONTRA
1850 396 2251 456 HIEROCLEM.

3257 389 3355 444 822

177 527 450 599 ἡγεμόνα
493 544 554 579 τε
587 529 724 593 ἀξιοῖ
756 527 848 596 τῆς
888 527 942 586 ὲς
972 524 1289 594 Βραχμᾶνας
1334 521 1551 590 πορείας
1594 520 1727 588 γενέ-

1841 524 2008 586 rogat.
2061 513 2258 567 Ducem
2306 511 2430 564 item
2478 507 2705 576 aliquem
2746 508 2843 563 viae
2890 507 2956 562 ad
2996 505 3352 560 Brachmanas

180 619 319 670 σθαι
352 619 465 669 τιν’
498 617 666 686 αὐτῷ.
708 619 812 669 Καὶ
852 613 1045 685 μεταξὺ
1076 615 1104 664 ὁ
1137 615 1230 682 μὲν
1261 611 1364 664 τῶν
1401 610 1568 663 Ἰνδῶν
1594 609 1740 678 βασι-

174 707 346 769 λεὺς,
400 709 502 759 καὶ
543 707 713 760 ταῦτα
760 705 1022 774 βάρϐαρος
1066 702 1139 754 ὣν
1183 703 1275 771 τὴν
1311 701 1486 768 φύσιν,
1519 699 1606 752 τὸν
1648 701 1738 768 έρ-

177 797 374 865 μηνέα
442 796 688 848 ἐκποδὼν
743 794 1228 865 μεταστησάμενος,
1291 790 1493 842 Ἐλλάδι
1552 790 1740 858 χρῆται

175 885 328 954 πρὸς
380 886 554 938 αὑτὸν
600 888 666 955 τῇ
711 883 911 952 ὁμιλίᾳ,
959 883 1194 934 παιδείαν
1243 880 1333 932 καὶ
1386 878 1741 947 πολυμάθειαν

174 975 612 1044 ἐνδεικνύμενος
632 992 644 1003 ο
699 977 726 1026 ό
765 974 820 1025 δὲ
855 974 959 1025 οὐδ’
995 975 1100 1036 ὣς,
1125 973 1204 1023 ὅτι
1235 971 1296 1038 δὴ
1330 971 1419 1021 καὶ
1459 969 1615 1029 αὐτὸς
1643 967 1741 1035 τῆς

173 1069 320 1137 παρ’
355 1068 555 1128 αὐτοῖς
579 1067 676 1118 οὐκ
709 1065 928 1135 ἀμαθῶς
965 1065 1072 1134 ἔχοι
1105 1063 1301 1132 φωνῆς,
1332 1061 1445 1113 δέον
1475 1057 1742 1127 ἀντεφιλο-

168 1157 476 1226 τιμήσατο
531 1155 660 1224 (96).

423 1251 426 1254 ’
699 1262 1080 1315 ΚΕΦΑΛΑΙΟΝ
1133 1261 1228 1312 ιε’.

264 1373 443 1426 Ἀλλὰ
493 1376 589 1426 καὶ
636 1373 915 1434 λαλοῦντος
952 1371 1152 1423 Ἐλλάδι
1188 1368 1392 1438 γλώττῃ
1429 1367 1520 1420 τοῦ
1559 1366 1738 1429 Ἰνδοῦ,

167 1462 596 1532 ἔκπληττεται,
711 1479 868 1532 φησιν
907 1463 934 1513 ὁ
963 1461 1328 1528 Φιλόστρατος,
1366 1459 1642 1520 ἀκόλουθα,
1669 1459 1742 1520 ὼς

167 1557 385 1618 ἔοικεν,
427 1554 611 1623 ἐαυτῷ
641 1555 882 1622 γράφων.
914 1553 1033 1612 Πῶς
1074 1550 1179 1620 γὰρ
1223 1550 1284 1602 ἂν
1325 1549 1620 1618 ἐξεπλάγη.
1669 1550 1740 1618 μὴ

165 1644 299 1711 οὐχὶ
333 1641 631 1714 βάρϐαρον
672 1641 890 1710 οἰηθεὶς,
923 1644 1012 1692 καὶ
1057 1640 1330 1707 θαυμάσας
1365 1638 1513 1705 (97);
1547 1639 1638 1688 καὶ
1665 1637 1742 1688 ὅτι

166 1730 235 1799 δὴ
264 1729 363 1781 τὸν
401 1730 653 1781 τοιοῦτον
683 1727 741 1779 οὓ
775 1727 888 1778 ποτ’
913 1727 975 1778 ἂν
1005 1725 1298 1794 Ἐλληνίσαι
1323 1724 1739 1794 προσεδόκησε-ις

167 1814 301 1878 εἷθ’,
351 1817 560 1886 ὥσπερ
597 1833 649 1867 τι
684 1815 968 1884 παραδόντι
1021 1812 1310 1882 παράδοξον
1350 1811 1738 1877 καταπλαγεὶς,

168 1909 265 1960 καὶ
298 1907 368 1958 τὸ
399 1906 603 1958 τούτου
637 1905 714 1956 ἔτι
757 1904 862 1974 (98)
909 1903 1108 1969 ἀγνοῶν
1160 1903 1344 1962 αἴτιον,
1381 1920 1398 1952 ι
1441 1903 1568 1953 Εἰπέ
1616 1918 1734 1969 μοι,

165 2000 274 2066 ἔφη
314 2000 346 2050 ὁ
385 1995 772 2056 Ἀπολλώνιος,
834 1988 878 2046 ὦ
941 1992 1173 2062 βασιλεῦ,
1209 1992 1366 2044 πόθεν
1396 1991 1562 2054 οὕτως
1601 1993 1737 2061 ἔχεις

163 2085 372 2152 φωνῆς
434 2084 728 2145 Ἑλλάδος-ς
784 2082 1060 2149 Φιλοσοφία
1113 2099 1170 2132 τε
1227 2083 1258 2150 ἠ
1303 2082 1424 2152 περὶ
1474 2083 1529 2132 σὲ
1583 2083 1738 2134 πόθεν

167 2171 467 2235 ὲνταῦθα;
505 2172 627 2222 οὐδὲ
660 2171 764 2238 γὰρ
805 2172 861 2228 ἐς
893 2169 1262 2230 διδασκάλους,
1313 2165 1459 2237 οἶμαί
1493 2185 1574 2236 γε,
1615 2171 1738 2222 ἁνα-

163 2259 370 2329 φέρεις
391 2299 408 2323 ,
450 2259 578 2309 ἐπεὶ
612 2261 682 2328 μὴ
714 2254 849 2309 εἶναι
892 2257 1064 2318 Ἰνδοῖς
1095 2256 1235 2317 είκὸς
1260 2257 1366 2325 (99)
1404 2256 1739 2319 διδασκάλους

160 2349 396 2401 τούτου.
437 2369 458 2400 ι
510 2343 678 2401 Αὗται
719 2350 772 2398 αἱ
818 2347 1096 2417 παράδοξοι
1128 2345 1218 2398 τοῦ
1249 2346 1418 2398 πάντα
1444 2344 1736 2416 προγνώσει

160 2439 534 2507 διειληφότος
583 2438 773 2505 φωναὶ,
821 2437 886 2498 ἃς
916 2438 943 2487 ὁ
977 2435 1219 2504 βασιλεὺς
1252 2434 1614 2504 ἀμειϐόμενος.
1659 2435 1736 2486 ὅτι

161 2544 223 2580 τε
261 2527 438 2596 σχοίη
485 2524 854 2585 διδασκάλους,
892 2525 981 2575 καὶ
1020 2523 1206 2584 οἵτινες
1255 2519 1413 2585 οὗτοι,
1453 2523 1653 2574 ἕκαστά
1677 2539 1735 2573 τε

159 2614 465 2685 πατρόθεν
495 2613 606 2664 τῶν
641 2615 764 2682 περὶ
799 2613 955 2666 αὑτὸν
994 2611 1396 2683 ξυμὸεϐηκότων
1424 2613 1629 2682 φράζει.

709 2897 1091 2949 ΚΕΦΑΛΑΙΟΝ
1129 2898 1239 2963 ις’.

230 2979 389 3037 Εἶτα
421 2985 523 3036 καί
550 3001 656 3036 τισι
682 2983 772 3036 τοῦ
805 2984 960 3036 Ἰνδοῦ
986 2984 1282 3047 δικάζοντος
1314 2983 1438 3053 περὶ
1469 2983 1732 3055 θησαυροῦ

1838 604 1940 658 sibi
1967 602 2080 656 dari
2105 615 2210 654 non
2236 597 2411 652 renuit
2435 596 2497 648 “.
2531 593 2733 648 Interea
2763 595 3009 648 Indorum
3034 609 3128 648 rex
3151 594 3215 655 ³⁸,
3238 593 3357 645 bar-

1844 693 2010 747 barus
2041 691 2167 744 licet
2197 687 2484 747 natalibus,
2525 685 2812 752 interprete
2853 685 3028 737 subito
3083 683 3350 745 submoto,

1838 781 2019 835 Graece
2046 795 2166 834 cum
2193 779 2308 848 ipso
2344 779 2599 846 loquitur,
2627 775 2881 828 doctrina:
2905 783 3064 842 atque
3093 771 3352 826 eruditio-

1838 873 1926 925 nis
1958 871 2122 924 edens
2151 875 2480 936 argumenta.
2534 863 2846 933 Apollonius
2887 877 3012 916 vero
3038 876 3106 914 ne
3130 861 3208 914 sic
3233 857 3353 928 qui—

1837 959 1976 1020 dem,
2013 965 2070 1010 ut
2097 961 2167 1024 [se
2197 971 2406 1024 quoque
2437 954 2667 1008 vicissim
2709 952 2897 1020 liugu:e
2929 963 3046 1018 qua:
3098 947 3234 1018 apud
3265 946 3352 999 ln-

1838 1048 1935 1100 dos
1964 1046 2242 1106 obtineret.
2286 1045 2512 1113 peritum
2568 1041 2892 1101 ostenderet,
2922 1045 3129 1102 contra,
3157 1045 3215 1090 ut
3255 1051 3351 1105 par

1837 1140 1970 1196 erat,
2003 1133 2298 1186 contendit.

2319 1236 2473 1305 522
2507 1230 2728 1288 CAPUT
2768 1227 2878 1284 xv.

1906 1350 2001 1404 Ast
2025 1358 2076 1404 et
2106 1348 2234 1402 Indo
2261 1347 2440 1402 Grazce
2478 1349 2725 1416 loquente
2767 1345 3060 1414 obstupuit,
3091 1351 3150 1396 ut
3173 1343 3352 1396 Philo-

1839 1444 2035 1490 stratus
2071 1444 2316 1498 testatur,
2347 1435 2548 1488 scilicet
2569 1442 2923 1487 consentanea
2952 1431 3051 1484 sibi
3085 1431 3183 1498 ipsi
3213 1429 3349 1481 scri-

1837 1528 1985 1582 bens.
2019 1527 2154 1592 Quid
2185 1527 2323 1580 enim
2366 1526 2658 1592 obstupuit,
2690 1524 2733 1576 si
2769 1523 3050 1575 barbarum
3097 1533 3200 1571 non
3232 1532 3352 1571 esse

1839 1617 2073 1683 putavit,
2104 1615 2262 1682 idque
2293 1615 2360 1668 ob
2391 1615 2561 1683 ipsum
2591 1610 2865 1679 suspexit?
2893 1608 2957 1660 Et
2995 1621 3092 1660 cur
3117 1621 3351 1674 quacun-

1839 1722 1940 1774 que
1973 1721 2029 1759 re
2059 1714 2262 1758 tantum
2290 1705 2460 1758 virum
2485 1703 2696 1756 Graecos
2739 1700 3062 1753 imitaturum
3091 1711 3209 1750 esse
3244 1709 3350 1746 non

1840 1796 2162 1864 exspectavit
2191 1795 2400 1864 potius?
2449 1792 2634 1853 Porro,
2663 1789 2816 1858 quasi
2854 1802 2938 1840 res
2981 1787 3134 1854 plane
3165 1784 3350 1850 singu-

1841 1886 1966 1937 laris
1997 1885 2062 1938 ab
2103 1899 2166 1937 eo
2203 1883 2303 1937 sibi
2345 1883 2520 1935 oblata
2567 1888 2730 1944 esset,
2769 1879 2989 1946 ejusque
3048 1871 3348 1926 adhucdum

1836 1977 2085 2045 ignorans
2117 1983 2330 2026 causam
2351 1991 2398 2036 ι,
2449 1971 2611 2035 Cedo,
2673 1985 2704 2022 ο
2751 1983 2861 2031 rex,
2911 1966 3082 2034 inquit
3133 1963 3352 2030 Apollo-

1834 2065 2034 2127 nius",
2069 2063 2208 2116 unde
2239 2079 2300 2116 ea
2339 2063 2432 2114 tibi
2481 2062 2551 2113 sit
2601 2058 2797 2112 Graeca:
2843 2059 3033 2125 linguae
3084 2053 3352 2106 facultas!

1835 2151 2171 2218 Philosophia
2205 2151 2348 2212 item,
2383 2164 2484 2216 qua
2533 2149 2764 2200 imbutus
2793 2161 2871 2207 es,
2900 2144 3037 2198 unde
3067 2142 3150 2194 his
3178 2141 3353 2210 regio-

1836 2243 1994 2294 nibus
2035 2240 2218 2292 venit?
2261 2253 2432 2307 neque
2476 2237 2636 2296 enim,
2669 2245 2726 2289 ut
2761 2243 2908 2305 puto,
2939 2233 3209 2302 magistris
3232 2245 3348 2284 eam

1836 2332 1890 2383 in
1917 2331 2146 2398 acceptis
2197 2329 2322 2392 fers,
2359 2343 2478 2380 nam
2528 2327 2796 2395 probabile
2835 2324 2974 2378 haud
3012 2334 3092 2378 est
3128 2323 3244 2390 ejus
3273 2323 3350 2375 rei

1835 2420 2117 2486 magistros
2148 2434 2266 2472 esse
2308 2418 2501 2470 ludis.»
2552 2415 2672 2468 "an
2697 2414 2938 2468 miranda
2967 2422 3090 2468 sunt
3123 2413 3178 2465 in
3211 2412 3346 2473 viro,

1835 2507 2164 2575 prwscientia
2197 2506 2373 2557 omnia
2430 2503 2724 2572 complexo,
2779 2502 2966 2554 verba:
3013 2501 3208 2568 quibus
3260 2513 3348 2551 re-

1834 2594 2101 2662 spondens
2154 2607 2279 2653 rex,
2307 2591 2445 2658 quod
2493 2598 2545 2644 et
2578 2597 2928 2658 praeceptores
2972 2588 3237 2650 habuerit,
3295 2594 3349 2641 et

1833 2685 2049 2752 quinam
2100 2683 2175 2735 illi
2230 2682 2422 2735 fuerint
2457 2678 2794 2751 [exponens,]
2841 2680 3014 2731 omnia
3057 2677 3380 2746 sigillatim,’

1833 2789 1949 2840 quae
1984 2772 2082 2842 ipsi
2123 2787 2152 2824 a
2179 2772 2442 2824 natalibus
2472 2769 2594 2824 inde
2620 2769 2932 2838 obtigerant,
2965 2767 3180 2836 exponit
3201 2767 3268 2824 ³⁷.

2399 2899 2619 2956 CAPUT
2651 2899 2786 2963 XVI.

1901 2993 2026 3048 Inde
2053 3007 2210 3062 porro
2243 3007 2362 3046 cum
2391 2991 2479 3060 jus
2537 2988 2855 3058 quibusdam
2899 2986 3100 3041 diceret
3125 2985 3286 3040 Indus
3306 2985 3350 3017 ³³

157 3075 542 3144 φωραθέντος
576 3075 634 3124 ἐν
675 3073 845 3143 ἀγρῷ,
892 3074 1088 3142 πότερα
1117 3073 1192 3141 τῷ
1221 3073 1494 3143 πριαμένῳ
1516 3111 1530 3134 ,
1577 3073 1610 3142 ἢ
1659 3072 1727 3141 τῷ

1841 3085 1897 3137 de
1931 3083 2179 3138 thesauro
2218 3081 2271 3134 in
2314 3095 2440 3149 agro
2472 3087 2702 3148 reperto,
2739 3094 2804 3131 an
2837 3077 3062 3145 emptori
3107 3091 3173 3128 an
3222 3091 3350 3129 ven-

154 3162 220 3211 τδ
259 3161 490 3232 χωρίον
523 3159 852 3230 ἀποδομένῳ,
887 3161 1000 3212 δέον
1027 3156 1172 3230 οἶμαι
1199 3161 1272 3228 (Ι)
1300 3161 1501 3222 τοῦτον,
1548 3163 1576 3213 ό
1603 3162 1727 3214 πάν·

1841 3171 1989 3225 ditori
2029 3172 2140 3240 agri
2187 3185 2306 3223 eum
2348 3146 2567 3222 reddere
2614 3183 2707 3233 par
2759 3168 2868 3231 sit;
2909 3163 3243 3233 Apollonius,
3295 3165 3349 3216 in

151 3262 271 3311 cui;
315 3249 649 3316 φιλόσοφος,
685 3249 776 3298 καὶ
807 3248 945 3309 θεοῖς
977 3247 1384 3316 κεχαρισμένος,
1428 3246 1730 3316 ἐρωτηθεὶς,

154 3338 464 3408 ἐπικρίνει
495 3336 572 3405 τῷ
609 3337 905 3406 πριαμένῳ,
939 3337 1187 3406 λογισμὸν
1216 3337 1276 3406 δὴ
1301 3339 1475 3400 αὐτοῖς
1507 3340 1734 3408 ῥήμασιν

150 3427 431 3481 ἐπειπών
455 3443 468 3455 °
505 3446 523 3476 ‹
562 3427 648 3488 Ὠς
694 3428 792 3478 οὐκ
833 3426 896 3478 ἂν
937 3429 984 3478 οί
1017 3426 1124 3478 θεοὶ
1160 3427 1247 3478 τὸν
1276 3428 1369 3496 μὲν
1401 3427 1612 3494 ἀφεῖλον
1645 3429 1736 3479 καὶ

149 3516 310 3570 κατὰ
348 3516 468 3584 τὴν
513 3514 616 3582 γῆν
657 3514 762 3579 (Ξ),
816 3516 864 3565 εί
911 3515 982 3583 μὴ
1023 3513 1217 3580 φαῦλος
1254 3511 1350 3583 ἦν,
1383 3514 1458 3584 τῷ
1496 3514 1537 3566 δ’
1568 3510 1632 3566 αὖ
1661 3515 1732 3583 (5)

148 3609 252 3660 καὶ
285 3607 368 3658 τὰ
399 3606 517 3657 ὑπὸ
555 3605 659 3672 γῆν
693 3603 906 3665 δοῦναι,
942 3607 988 3655 εἰ
1024 3605 1095 3672 μὴ
1130 3604 1345 3672 βελτίων
1376 3601 1440 3674 ἦν
1472 3603 1563 3658 τοῦ
1603 3607 1734 3656 ἀπο-

142 3697 409 3765 δομένου
443 3732 457 3744 .
486 3712 505 3742 ι
549 3693 636 3753 Ὠς
675 3693 789 3743 κατ’
821 3693 978 3743 αὑτὸν
1004 3692 1066 3760 δὴ
1106 3692 1452 3758 ξυνάγεσθαι,
1483 3694 1604 3754 τοὺς
1639 3692 1735 3760 μὲν

142 3783 458 3854 εὐπόρους
494 3781 592 3832 καὶ
621 3779 830 3849 πλούτῳ
861 3781 1202 3848 διαφέροντας
1224 3823 1237 3844 ,
1276 3781 1374 3833 κᾶν
1406 3781 1735 3850 αίσχρότατοι

139 3873 247 3924 καὶ
302 3869 733 3922 πανωλέστατοι
784 3869 1092 3936 τυγχάνοιεν
1115 3909 1129 3930 ,
1172 3868 1604 3937 τρισευδαίμονας
1647 3869 1735 3920 καὶ

141 3960 456 4028 θεοφιλεῖς
502 3956 772 4024 ἡγεῖσθαι,
822 3956 1010 4023 μόνους
1042 3955 1083 4006 δ’
1115 3957 1220 4025 ἄρα
1265 3956 1648 4023 κακοδαίμονάς
1677 3974 1734 4008 τε

138 4048 245 4099 καὶ
299 4045 548 4104 ἀθλίους
592 4043 717 4104 τοὺς
753 4044 1134 4104 πενεστάτους,
1169 4043 1266 4095 κᾶν
1290 4044 1595 4114 Σωκράτης,
1636 4046 1735 4097 κᾶν

138 4137 481 4203 Διογένης,
534 4132 637 4183 κᾶν
678 4133 835 4194 αὐτὸς
874 4133 1073 4194 ἐκεῖνος
1109 4132 1422 4202 Πυθαγόρας
1466 4135 1733 4206 τυγχάνῃ,

132 4225 258 4278 κᾶν
299 4223 511 4284 ἄλλος,
556 4222 610 4272 οἱ
650 4223 858 4272 πάντων
877 4221 1080 4289 ἀνδρῶν
1109 4222 1526 4291 σωφρονέστατοί
1557 4239 1613 4274 τε
1646 4224 1737 4274 καὶ

131 4314 609 4367 ἐπιεικέστατοι.
643 4312 796 4362 Εἴποι
837 4310 941 4378 γὰρ
976 4310 1038 4362 ἄν
1081 4327 1162 4372 τις
1199 4311 1458 4380 ἑπόμενος
1494 4313 1570 4380 τῷ
1601 4313 1738 4382 λόγῳ

133 4404 220 4472 μὴ
280 4402 367 4454 ἂν
428 4399 558 4452 κατ’
587 4398 746 4449 αὐτὸν
795 4399 918 4458 τοὺς
967 4397 1116 4459 θεοὺς
1161 4397 1282 4459 τοὺς
1331 4399 1428 4466 μὲν
1485 4400 1733 4468 πένητας,

1834 3257 2079 3312 omnibus
2103 3255 2402 3324 philosophi
2446 3267 2574 3307 usus
2605 3252 2871 3313 acumine,
2906 3251 3114 3318 diisque
3145 3249 3352 3302 charis-

1833 3349 2018 3411 simus,
2055 3345 2371 3399 sententiam
2409 3343 2498 3397 ubi
2527 3349 2668 3396 esset
2696 3341 3076 3408 interrogatus,
3107 3339 3340 3407 emptori

1833 3452 1952 3490 eum
1977 3435 2198 3496 addixit,
2231 3433 2436 3485 ratione
2460 3431 2523 3484 ad
2557 3429 2773 3483 verbum
2799 3428 2898 3481 hac
2919 3427 3130 3480 addita:
3167 3427 3346 3490 «Quod

1831 3519 1906 3572 dii
1937 3517 2184 3570 vendenti
2251 3516 2657 3583 haudquaquam
2702 3513 2925 3581 agellum
2951 3513 3113 3564 etiam
3150 3512 3349 3564 fuerint

1833 3605 2147 3673 adempturi,
2183 3604 2456 3672 improbus
2497 3602 2599 3655 nisi
2641 3601 2730 3665 sit,
2767 3601 2994 3668 emptori
3019 3615 3148 3652 vero
3178 3601 3341 3654 vicis-

1832 3694 1932 3748 sim
1962 3693 2178 3745 latentia
2209 3691 2367 3745 etiam
2406 3691 2506 3745 sub
2533 3697 2672 3743 terra
2703 3689 2840 3742 bona
2873 3688 3200 3752 concessuri,
3243 3689 3348 3743 nisi

1831 3782 2094 3835 vendente
2125 3781 2194 3834 sit
2225 3782 2377 3849 longe
2402 3781 2640 3834 melior.»
2681 3777 2746 3832 Ut
2776 3778 2925 3844 juxta
2959 3777 3105 3830 illum
3130 3780 3348 3830 conclu-

1833 3872 2067 3925 dendum
2121 3869 2212 3932 sit,
2255 3885 2347 3922 eos
2379 3869 2468 3938 qui
2501 3869 2689 3936 opibus
2718 3867 2960 3931 aﬂluunt,
2994 3875 3352 3936 prestanlque

1833 3959 2052 4022 divitiis,
2083 3974 2386 4027 quanquam
2418 3957 2698 4012 [ωάίεείιηί
2728 3959 2834 4011 sint
2890 3962 2941 4009 et
2987 3957 3351 4024 perditissimi,

1832 4064 1928 4116 pro
1985 4058 2063 4102 ter
2094 4050 2260 4103 beatis
2308 4058 2504 4113 tamen,
2558 4048 2770 4117 Deoque
2822 4047 3188 4104 dilectissimis
3229 4062 3353 4101 esse

1835 4137 2131 4192 habendos:
2187 4137 2424 4191 infelices
2459 4144 2633 4192 autem
2687 4139 3022 4206 miserosque
3057 4136 3201 4190 solos
3233 4150 3355 4190 esse

1833 4241 1945 4288 eos,
2001 4226 2093 4294 qui
2140 4241 2260 4279 cum
2313 4235 2622 4296 paupertate
2678 4229 2906 4281 maxime
2957 4225 3351 4285 conflictentur.

1835 4315 1958 4367 licet
1991 4313 2264 4368 Socratem
2305 4315 2480 4383 ipsum
2532 4315 2614 4368 vel
2665 4315 2914 4380 maxime,
2949 4330 3011 4368 ac
3045 4312 3350 4382 Diogenem,

1838 4404 2118 4472 ipsumque
2147 4405 2307 4456 etiam
2335 4403 2688 4475 Pythagoram
2716 4405 2766 4457 in
2807 4406 2891 4458 his
2915 4418 3035 4457 esse
3055 4405 3352 4470 contingat.

125 4491 399 4552 τούτους
449 4489 515 4556 δὴ
563 4489 788 4549 αὐτοὺς,
830 4488 878 4538 οἳ
914 4487 1049 4538 κατά
1093 4487 1400 4553 φιλοσοφίαν
1435 4489 1727 4558 διήνεγκαν,

1841 4499 1890 4543 et
1932 4505 2304 4559 quemcunque
2349 4507 2554 4556 eorum,
2607 4494 2698 4560 qui
2747 4491 3095 4560 frugalissimi
3127 4491 3250 4553 viri,
3305 4501 3357 4544 et

125 4579 482 4649 ἀφελέσθαι
525 4578 618 4627 καὶ
667 4576 732 4627 τά
775 4577 906 4645 πρὸς
946 4577 1039 4644 τὴν
1081 4577 1376 4642 ἀναγκαίαν
1407 4579 1624 4648 τροφὴν,
1659 4579 1732 4648 μὴ

1834 4579 2058 4648 egregia:
2133 4582 2411 4648 promens
2469 4590 2772 4637 censentur.
2824 4582 2974 4635 Dicat
3025 4581 3169 4633 enim
3210 4581 3350 4646 quis.

207 4732 264 4764 ”
313 4729 432 4784 lib.
476 4743 554 4790 ιι,
586 4741 636 4779 c.
664 4726 752 4780 40.
829 4727 872 4756 ³⁸
913 4727 1002 4780 lib.
1039 4743 1110 4791 ιι,
1144 4744 1192 4782 c.
1225 4730 1311 4782 I7.
1342 4729 1727 4802 "lib.u,cap.‘.

1841 4734 1874 4766 ¹⁷
1908 4733 2001 4786 lib.
2037 4746 2111 4796 II,
2142 4749 2191 4786 c.
2225 4734 2310 4787 5|.
2386 4733 2430 4763 ³⁸
2469 4735 2560 4786 lib.
2597 4751 2667 4798 ιι,
2699 4750 2749 4789 c.
2779 4734 2865 4786 59.

207 4880 347 4948 (96)
419 4875 943 4948 Awswfzouyﬁg,
967 4877 1053 4930 Sic
1091 4893 1154 4948 ex
1196 4879 1503 4945 coniectura
1534 4885 1728 4938 rescri-

123 4945 248 5018 psit,
283 4954 622 5018 garris-sset
652 4946 704 5018 in
728 4945 895 5018 editis
926 4946 1424 5018 ἀπεφιλοτιμήσατο.

210 5016 345 5086 (97)
396 5014 502 5086 Μὴ
521 5011 680 5086 ὀὐχί
705 5011 891 5086 ,βάρξι-
907 5011 1052 5086 cina.
1073 5013 1168 5064 καὶ
1199 5011 1441 5086 θαυμάσ.
1463 5015 1543 5072 ΕΟ
1562 5020 1731 5086 ῐθερί-

124 5079 235 5146 cit,
288 5079 464 5152 q'uod
505 5080 820 5152 Apollonio“
841 5079 1214 5152 Philostratus
1238 5081 1532 5152 φιλοσοφεῖν
1583 5079 1730 5152 δόξαι

130 5147 441 5225 φραώῖτην
469 5156 732 5225 testatur.
769 5147 859 5225 lib;
903 5164 961 5225 ιι,
997 5164 1116 5215 εαρ-
1148 5147 1236 5225 9,6,
1265 5147 1432 5225 ἓηίίίοοξ
1459 5147 1731 5225 Ωιξράίιύθ

127 5215 288 5272 adeo
324 5215 592 5268 moribus
627 5215 810 5267 minus
846 5215 1104 5269 barbarus
1141 5216 1188 5266 ei
1232 5219 1363 5269 visus
1393 5215 1493 5272 sit.
1529 5215 1731 5278 Vereor

129 5296 383 5356 autem,
426 5299 496 5337 ne
539 5297 711 5356 suum
761 5282 844 5334 hic
879 5283 1168 5356 Eusebium
1200 5283 1432 5356 destituat
1458 5301 1731 5356 acumen;

134 5370 244 5425 cur
280 5353 448 5406 enim
486 5348 686 5425 mirari
723 5363 826 5425 non
864 5351 1094 5417 potuerit
1124 5347 1434 5425 Apollonius,
1473 5347 1731 5425 Iinguani

131 5421 484 5474 Graecorum
515 5417 733 5468 callere
765 5415 1058 5477 Phraotem,
1089 5431 1242 5481 quem
1275 5420 1498 5476 moribus
1538 5415 1735 5482 riiinus

130 5489 462 5543 barbarum
495 5483 950 5544 deprehenderat,
976 5499 1082 5537 non
1110 5483 1270 5538 video.

209 5557 339 5621 (98}
366 5553 532 5621 fit}.
561 5553 659 5621 ΔΙιιι
704 5553 1030 5621 scribendum
1070 5565 1190 5603 esse
1221 5556 1457 5611 sententia
1507 5563 1734 5618 suade.

131 5615 248 5689 bat.
277 5619 444 5689 ,Εὐξιᾼί
478 5615 783 5689 habebant
808 5620 914 5689 eff.

210 5687 330 5757 (99)
394 5681 618 5743 Ἰνδοῖς
645 5681 829 5751 εἰκός.
857 5685 1038 5740 Saltem
1071 5686 1426 5747 restituendum
1461 5711 1536 5749 ex
1580 5696 1733 5755 Phi-

1831 4884 2053 4938 lostrato
2085 4885 2246 4954 εἰκός,
2273 4887 2413 4953 quod
2443 4886 2713 4954 exciderat
2745 4886 2882 4954 apud
2908 4884 3217 4938 Eusebium.
3250 4884 3356 4954 Ca!-

1832 4960 1945 5004 tera
1975 4952 2112 5019 apud
2141 4968 2260 5005 eum
2293 4952 2462 5020 totum
2489 4953 2587 5005 hoc
2610 4952 2879 5004 κῶλονιιιι
2910 4954 3069 5006 habet
3097 4971 3108 5006 :
3143 4955 3214 5004 Οὐ
3247 4953 3356 5020 γὰρ

1831 5022 1884 5080 ὲς
1917 5018 2259 5090 διδασκάλους
2292 5038 2351 5088 γε
2383 5019 2539 5090 οἶμαι
2561 5022 2862 5090 ἀναφέρειν,
2897 5023 3015 5072 ἐπεὶ
3055 5021 3182 5090 μηδὲ
3219 5018 3354 5073 εἷναί

1831 5105 1977 5149 τινας
2012 5091 2066 5140 ὲν
2116 5089 2287 5150 Ἰνδοῖς
2315 5090 2453 5151 εἰκὸς
2475 5089 2810 5151 διδασκάλους
2839 5089 3041 5141 τούτου.

1903 5156 1974 5223 (l)
2018 5152 2201 5223 Οἶμαι.
2239 5155 2432 5224 Parum
2457 5166 2812 5224 Opportunum
2853 5158 2941 5210 isti
2965 5159 3082 5210 loco
3114 5157 3242 5209 mihi
3277 5158 3354 5209 vi-

1832 5220 1986 5303 detur
2011 5220 2428 5303 verbumpipat,
2455 5220 2630 5303 malim
2655 5226 2974 5281 substituere
2993 5226 3190 5288 δοῦναι,
3213 5225 3354 5294 quod

1837 5293 1993 5361 etiam
2029 5293 2081 5345 in
2111 5293 2355 5361 versione
2384 5293 2638 5361 expressi.

1900 5360 1975 5429 (Ξ)
2013 5361 2118 5432 Καί
2155 5359 2268 5426 τὴν
2291 5360 2421 5432 γῆν.
2453 5359 2590 5432 Editi
2619 5362 2710 5432 καὶ
2734 5360 2868 5413 κατὰ
2894 5362 2989 5432 τὴν
3011 5361 3130 5432 γῆν.
3157 5361 3355 5432 Omisi-

1834 5444 1952 5482 mus
1985 5429 2143 5491 κατά,
2175 5431 2314 5497 quod
2336 5442 2514 5482 natum
2547 5431 2754 5497 videtur
2783 5445 2847 5482 ex
2874 5429 3095 5497 repetito
3117 5429 3226 5489 καί,
3250 5429 3356 5481 for-

1834 5512 1920 5548 ma
1965 5495 2229 5550 scribendi
2263 5498 2584 5553 abbreviata.
2630 5495 2897 5552 Omissum
2935 5495 3080 5551 κατά
3107 5498 3265 5551 etiam
3300 5497 3355 5553 in

1832 5571 1978 5617 textu
2008 5563 2334 5619 Philostrati.

1871 5633 1976 5712 '(3)
2023 5632 2101 5712 Τῷ
2128 5632 2177 5684 δ’
2335 5633 2562 5712 Omnino
2585 5649 2657 5712 ex.
2679 5632 2930 5712 Philositi”:
2958 5633 3345 5699 restituendum

1834 5700 1898 5754 αὖ
1933 5716 2026 5768 pro
2056 5700 2116 5752 ἄν
2146 5701 2287 5771 quod
2317 5713 2429 5758 erat
2456 5705 2509 5758 in
2535 5703 2690 5758 editis
2717 5703 2945 5758 Eusebii.
3027 5743 3031 5747 .
