3782 6358
111 394 249 451 εεισ
1272 399 1470 456 LIBER
1503 399 1774 456 CONTRA
1813 401 2219 459 HIEROCLEM.
3226 411 3328 466 89.6

107 506 418 578 χϐοῦντας
452 507 581 571 τοὺς
617 507 928 576 φιλοσόφους
966 514 1324 583 τεχνουργεῖν,
1354 513 1386 581 ἢ
1428 514 1537 578 καὶ,
1573 513 1662 566 θαι.

1804 515 1928 569 Erat
1959 525 2130 570 autem
2158 517 2284 570 illud
2312 533 2377 572 ex
2414 531 2519 572 tere.
2559 517 2730 588 nigro,
2760 520 3040 592 aureisque
3080 533 3328 578 ornatum

110 597 468 668 ματοποιῶν
499 598 672 668 δίκην,
717 599 1012 668 αὐτόματον
1052 602 1323 654 ἀποτελεῖν
1362 605 1422 654 τὺ
1458 604 1662 673 δημιούι

1805 609 2016 670 statuis,
2056 609 2240 676 quales
2263 608 2488 672 scilicet,
2521 608 2791 663 fabrorum
2833 627 2978 667 more
3027 615 3329 669 verosimile

103 707 188 759 γη
201 705 316 758 μα.
358 690 427 741 Οἱ
474 689 531 741 δὲ
571 689 677 742 τῶν
709 690 878 743 ἄλλων
909 691 1015 742 τῶν
1056 693 1169 762 μετ’
1201 693 1356 745 αὐτὸν
1398 693 1662 745 διδάσκαλε

1802 697 1873 750 sit
1904 699 2210 768 sapientes,
2250 698 2358 767 igni
2407 698 2654 768 ferroque
2703 700 2972 766 adhibito,
3025 702 3324 769 fabricare;

102 777 316 847 δίφροι
361 778 559 848 χαλκοῖ
591 779 708 849 μὲν,
738 780 918 848 φησὶν,
944 781 1141 850 ἄσημοι
1167 783 1210 834 δ’
1241 779 1397 852 ἦσαν,
1425 784 1516 834 καὶ
1547 779 1662 853 ἦττε

1799 787 1928 855 quin
1950 797 2002 841 et
2027 788 2470 857 praestigiatorum
2511 789 2617 841 ritu
2663 789 2736 840 ita
2761 804 2892 856 opus
2922 791 3215 854 instruere,
3266 799 3327 847 ut

103 866 359 936 ὑψηλοί.
414 868 565 920 Ἔδει
609 869 714 938 γάρ
762 886 860 921 που
909 871 1162 940 τυράννου
1214 872 1422 934 πάντως
1468 874 1696 942 σχήματι

103 956 451 1025 προνομίας
475 956 576 1024 τῆς
604 958 658 1008 ὲν
685 957 975 1025 ἀγάλμασι,
1004 961 1093 1012 καὶ
1119 960 1298 1030 χρυσῷ
1328 962 1416 1012 τὸν
1438 961 1534 1030 τῆς
1554 961 1698 1024 θείας

102 1044 466 1112 φιλοσοφίας
489 1046 801 1099 διδάσκαλον
832 1049 1122 1111 ἀξιοῦσθαι.

1799 884 1990 943 sponte
2033 892 2129 930 sua
2163 886 2456 932 moveatur.
2488 878 2808 931 Ceterarum
2842 886 3038 941 autem,
3069 883 3158 949 qui
3189 883 3329 938 assi-

1806 963 2004 1018 debant
2030 966 2314 1034 magistro,
2347 967 2522 1027 sedes,
2545 981 2694 1019 aerea:
2720 965 2963 1035 quidem,
2996 971 3072 1022 uti
3129 971 3326 1032 ait,si-

1801 1056 1920 1124 gnis
1950 1064 2124 1108 tamen
2152 1071 2350 1110 ornata:
2399 1072 2504 1110 non
2531 1065 2704 1120 erant,
2743 1059 3025 1127 minusque
3053 1061 3322 1118 sublimes.

101 1133 340 1204 Nempe
371 1144 496 1190 erat
532 1140 858 1194 conveniens
895 1142 1111 1194 omnino
1150 1143 1293 1211 regio
1321 1145 1528 1197 ornatui
1565 1148 1941 1216 praerogativa,
1990 1149 2043 1201 in
2091 1153 2282 1204 statuis
2313 1150 2417 1204 illis
2454 1149 3123 1218 consistens,[conveniens
3155 1153 3299 1226 item]

99 1241 260 1281 auro
293 1229 583 1284 honorare
611 1231 802 1284 divinze
823 1233 1164 1302 philosophize
1190 1237 1524 1306 magistrum.

670 1327 1054 1381 ΚΕΦΑΛΑΙΟΝ
1093 1330 1188 1382 ΙΘ’.

179 1413 435 1484 Πρῶτον
482 1415 541 1468 δὲ
583 1415 673 1468 τὸν
718 1417 924 1487 Ίάρχαν
969 1419 1154 1483 ἰδόντα,
1183 1423 1328 1492 φησὶ,
1377 1423 1465 1476 τὸν
1506 1427 1691 1480 Ἀπολ-

98 1499 340 1564 λώνιον,
393 1503 457 1568 ἐξ
505 1504 766 1572 ὀνόματός
807 1523 864 1558 τε
913 1514 1221 1577 προσειπεῖν
1260 1511 1332 1578 (8)
1379 1513 1580 1567 Ἐλλάδι
1623 1519 1688 1586 τῇ

100 1596 296 1663 φωνῇ,
335 1595 439 1647 καὶ
474 1597 540 1664 ἢν
565 1595 712 1663 αὐτῷ
739 1596 887 1664 παρά
911 1596 1155 1667 Φραώτου
1181 1601 1386 1670 κομίζει
1412 1604 1688 1675 ἐπιστολὴν

99 1685 374 1754 αἰτῆσαι,
429 1684 576 1737 κατὰ
626 1687 924 1755 πρόγνωσιν
969 1688 1064 1757 ἤδη
1114 1689 1267 1742 τοῦτο
1311 1694 1688 1762 προειληφότα.

113 1771 519 1834 Ἐνδείξασθαί
548 1789 608 1824 τε
650 1773 710 1825 τὸ
755 1773 929 1827 ἔνθεον
972 1777 1068 1845 τῆς
1100 1779 1462 1848 προγνώσεως,
1511 1800 1690 1852 προει-

105 1863 354 1934 ρηκότα,
386 1861 470 1924 ὡς
513 1862 621 1930 ἄρα
653 1865 730 1916 ἐνὶ
752 1865 1048 1934 γράμματι,
1087 1868 1162 1937 τῷ
1198 1886 1215 1917 ι
1251 1869 1433 1932 Δέλτα,
1475 1890 1492 1921 ι
1525 1871 1690 1924 λείποι

100 1957 134 2024 ἡ
179 1953 490 2022 ἐπιστολή.
536 1954 832 2021 Ἀρξασθαί
878 1973 935 2007 τε
976 1957 1337 2027 ἀπειροκάλως
1381 1960 1536 2023 εὐθὺς
1586 1961 1692 2013 ἀπὸ

102 2048 353 2116 πρώτης
386 2043 636 2112 ὁμιλίας,
681 2046 1097 2116 ἀπειροπλούτου
1138 2049 1308 2119 δίκην,
1349 2051 1692 2105 ὲνεπιδείκνυ·

104 2135 234 2187 σθαι
272 2134 344 2187 τὸ
391 2134 500 2203 τῆς
556 2135 910 2204 προγνώσεως
954 2139 1338 2209 πλεονέκτημα,
1370 2143 1572 2212 πατέρα
1601 2144 1691 2195 καὶ

105 2225 340 2295 μητέρα.
384 2223 758 2291 καταλέγοντα
802 2225 892 2277 τοῦ
932 2228 1295 2290 Ἀπολλωνίου,
1331 2231 1479 2298 γένος
1510 2249 1566 2284 τε
1602 2236 1691 2286 καὶ

102 2315 355 2385 τροφὴν,
391 2313 492 2366 καὶ
520 2314 791 2374 παιδείαν,
833 2315 924 2367 καὶ
950 2317 1045 2380 τὰς
1072 2319 1209 2370 κατὰ
1244 2321 1460 2389 χρόνους
1491 2323 1688 2393 ἀποδη-

104 2406 263 2474 μίας,
299 2404 411 2456 καὶ
444 2404 546 2472 τὴν
587 2405 644 2466 ἐς
686 2404 843 2456 αὑτὸν
889 2406 1124 2474 πορείαν,
1155 2410 1245 2460 καὶ
1285 2409 1354 2461 τὰ
1385 2413 1500 2463 κατ’
1527 2413 1690 2482 αὐτὴν

101 2493 503 2564 πεπραγμένα
559 2491 704 2561 αύτῷ
757 2494 849 2544 καὶ
889 2493 1218 2562 ὡμιλημένα.
1252 2493 1382 2549 Εἶτα
1428 2498 1482 2550 δέ
1531 2517 1689 2568 φησιν

100 2576 261 2646 οὗτος
309 2584 349 2634 ὁ
407 2582 717 2650 θαυμάσιος
773 2585 1130 2652 συγγραφεὺς,
1182 2587 1303 2647 τοὺς
1349 2586 1686 2657 Βραχμᾶνας,

102 2677 222 2745 ἃμα
280 2673 378 2743 τῷ
422 2672 787 2742 Ἀπολλωνίῳ,
833 2674 1187 2743 χρισαμένους
1235 2675 1526 2746 ὴλεκτρίνῳ
1558 2695 1690 2747 φαρ-

105 2766 290 2834 μάκῳ,
323 2762 676 2816 λούσασθαι·
710 2763 802 2814 καὶ
846 2765 1195 2832 περιστάντας
1221 2765 1295 2827 ὼς
1327 2767 1382 2816 ἐν
1417 2767 1561 2837 χορῷ
1593 2769 1688 2838 τὴν

100 2855 208 2924 γῆν
241 2854 433 2923 τύψαι
478 2856 602 2915 ταῖς
652 2852 893 2922 ῥάϐδοις·
921 2853 1014 2922 τὴν
1059 2853 1114 2905 δὲ
1163 2855 1520 2924 κυρτωθεῖσαν
1564 2859 1689 2910 ἀνα-

103 2947 331 3015 πέμψαι
377 2945 584 3005 αὐτοὺς
609 2944 668 3006 ὲς
713 2943 907 3012 δίπηχυ
940 2943 1030 2995 τοῦ
1063 2945 1237 3014 ἀέρος,
1266 2945 1479 2998 ἑστάναι
1516 2963 1572 2998 τε
1601 2947 1690 2998 αὑ-

100 3039 228 3100 τοὺς
260 3033 598 3106 μετεώρους
626 3035 681 3084 ὲν
704 3033 846 3102 αύτῴ
868 3033 983 3103 ἀέρι
1007 3033 1094 3085 ὲπί
1116 3051 1165 3084 τι
1191 3035 1377 3104 χρόνου
1403 3035 1684 3106 διάστημα,

2258 1326 2415 1396 524
2449 1327 2668 1382 CAPUT
2706 1324 2843 1382 xxx.

1863 1419 2104 1490 larcham
2150 1429 2324 1473 autem
2351 1458 2365 1481 ,
2396 1421 2482 1473 ubi
2534 1421 2761 1488 primum
2831 1421 3167 1490 Apollonium
3199 1439 3328 1478 ron-

1794 1488 2052 1578 spexisset
2073 1547 2086 1568 ,
2107 1507 2422 1560 nominatim
2453 1523 2575 1560 eum
2607 1509 2864 1561 salutasse
2917 1511 2990 1562 ait
3019 1509 3198 1564 Graeca
3235 1513 3326 1564 lin.

1792 1613 1914 1666 gua,
1945 1596 2196 1665 reddique
2229 1597 2327 1649 sibi
2357 1597 2634 1664 epistolam
2658 1635 2671 1659 ,
2713 1612 2871 1665 quam
2906 1612 2935 1649 a
2964 1597 3190 1652 Phraota
3225 1601 3324 1668 ipsi

1795 1687 2080 1748 afferebat,
2115 1687 2418 1756 postulasse
2443 1725 2456 1748 ,
2483 1694 2660 1740 mente
2693 1702 2928 1756 praesaga
2961 1703 3022 1741 ea
3050 1689 3115 1742 de
3141 1691 3324 1757 rejam

1795 1787 1948 1831 antea
1970 1776 2238 1831 edoctum.
2293 1774 2490 1844 Nempe
2516 1776 2910 1829 demonstrasse
2935 1777 3189 1832 divinitus
3222 1777 3323 1830 sibi

1791 1881 1875 1920 res
1901 1873 2055 1919 antea
2095 1873 2402 1933 perspectas
2443 1879 2582 1926 esse,
2611 1865 2946 1933 praedicendo
2987 1882 3090 1918 una
3123 1867 3319 1928 littera,

1793 1973 1810 2005 ι
1841 1954 2010 2018 Delta,
2044 1976 2062 2008 ι
2094 1957 2316 2009 deiicere
2347 1956 2644 2022 epistolam.
2666 1957 2906 2024 Cmpisse
2929 1967 3102 2010 autem
3137 1972 3322 2026 parum

1786 2047 2027 2102 modeste
2050 2048 2219 2115 prima
2251 2046 2432 2100 statim
2485 2048 2922 2107 conversatione,
2963 2063 3112 2101 more
3137 2063 3321 2101 eorum

1787 2139 1874 2205 qui
1909 2139 2072 2192 vastis
2102 2137 2302 2191 divitiis
2329 2136 2624 2197 abundant,
2668 2137 3099 2190 absconditarum
3142 2153 3320 2192 rerum

1782 2229 1987 2295 jactare
2018 2229 2316 2288 scientiam,
2353 2236 2555 2295 patrem
2599 2228 2929 2281 recensendo
2956 2229 3219 2296 Apollonii
3271 2235 3324 2283 et

1785 2325 2030 2382 matrem,
2057 2327 2109 2370 et
2137 2333 2304 2386 genus
2341 2332 2520 2378 omne,
2544 2317 3021 2388 cducationemque
3072 2329 3125 2374 et
3170 2319 3324 2373 insti-

1786 2405 2062 2471 tutionem,
2084 2406 2352 2474 variisque
2397 2407 2727 2476 temporibus
2777 2416 3054 2475 susceptas
3084 2407 3322 2477 peregri-

1785 2493 2048 2554 nationes.
2079 2502 2130 2547 et
2160 2494 2300 2562 quod
2330 2495 2393 2547 ad
2419 2495 2592 2563 ipsum
2623 2497 2924 2550 instituerat
2948 2497 3065 2559 iter,
3100 2511 3322 2564 quaeque

1785 2583 1884 2650 ipsi
1913 2584 1964 2636 in
1995 2599 2058 2636 eo
2087 2591 2234 2653 gesta
2267 2583 2476 2637 dictave
2523 2584 2752 2639 fuerant.
2795 2586 2921 2640 lude
2962 2601 3121 2654 porro
3174 2601 3322 2655 egre-

1785 2675 1902 2743 gius
1929 2675 2017 2728 ille
2049 2675 2277 2744 scriptor
2304 2683 2489 2728 narrat
2520 2675 2586 2738 ",
2615 2676 2874 2729 electrino
2919 2686 3189 2746 unguento
3219 2693 3320 2729 un-

1784 2775 1900 2820 ctos
1924 2765 2284 2820 Brachmanas
2313 2781 2434 2819 cum
2456 2763 2722 2835 Tyanensi
2743 2807 2757 2830 ,
2791 2767 2982 2821 balneo
3012 2783 3140 2822 usos
3169 2783 3284 2820 esse
3305 2807 3320 2823 .

1783 2869 2008 2920 eumque
2036 2854 2365 2915 ambientes,
2401 2855 2566 2909 choro
2591 2855 2776 2922 quasi,
2833 2863 3031 2910 terram
3076 2859 3327 2926 scipioni-

1783 2943 1882 2995 bus
1905 2941 2143 3003 feriisse;
2175 2957 2291 2994 eam
2324 2957 2451 2995 vero
2482 2941 2535 2994 in
2571 2943 2789 3010 gibbum
2820 2946 3170 3007 resilientem.
3203 2949 3325 3002 alti-

1783 3031 1966 3086 tudine
1998 3031 2271 3084 bicubitali
2301 3048 2392 3086 eos
2418 3034 2470 3084 in
2517 3048 2697 3086 aerem
2754 3036 3031 3100 extulisse,
3064 3040 3320 3106 pensiles-

103 3128 285 3180 ἕλκειν
315 3125 389 3178 δὲ
425 3125 522 3177 καὶ
564 3122 674 3192 πῦρ
709 3121 814 3174 ἀπὸ
841 3122 931 3174 τοῦ
973 3122 1140 3191 ἡλίου,
1177 3124 1261 3174 ὅτε
1289 3123 1569 3192 βούλοιντο,
1597 3126 1662 3178 αὐ

1794 3136 1885 3188 que
1912 3121 2221 3187 aliquandiu
2253 3121 2306 3174 in
2337 3123 2452 3190 ipso
2495 3138 2617 3176 aere
2656 3123 2776 3177 illos
2802 3125 3127 3182 substitisse.
3173 3127 3324 3182 Deri-

99 3218 395 3286 τομάτως.
430 3213 656 3274 Τούτοις
687 3212 730 3263 δ’
761 3212 1004 3281 ἐπιφέρει
1038 3212 1325 3282 παράδοξον
1353 3216 1380 3265 ὁ
1416 3213 1678 3283 θαυματοο

100 3306 260 3373 λόγος
280 3323 296 3336 ·
332 3305 422 3365 ὡς
459 3303 570 3372 ἄρα
597 3300 846 3371 τρίποδες
878 3302 1098 3354 Πυθικοὶ
1121 3302 1364 3371 τέτταρες
1397 3303 1680 3373 ἐξεκυκλὴο

104 3397 282 3468 θησαν
315 3394 429 3464 (9),
469 3392 766 3460 αὐτόματοι
807 3391 1117 3459 φοιτῶντες·
1155 3393 1244 3445 καὶ
1275 3393 1474 3456 εἰκάζει
1500 3393 1560 3462 δὴ
1591 3390 1681 3446 οὗν

102 3489 309 3549 αὐτοὺς
355 3487 484 3546 τοῖς
526 3481 862 3552 ὐμηρείοιςο
903 3483 1162 3550 οἰνοχόους
1201 3483 1248 3534 τ’
1277 3484 1365 3534 ἐπὶ
1392 3483 1592 3545 τούτοις
1620 3486 1682 3535 ἐκ

102 3577 316 3646 χαλκοῦ
367 3574 662 3634 διακόνους
713 3573 812 3641 τὴν
861 3570 990 3641 ὓλην
1033 3573 1139 3641 (I0)
1181 3573 1352 3641 ἵστησι
1403 3573 1678 3643 τέτταρας.

114 3667 407 3733 Ἐπιλέγει
431 3663 492 3715 δὲ
527 3663 602 3724 ὠς
635 3662 741 3732 ἄρα
782 3663 872 3712 καὶ
901 3663 933 3730 ἡ
959 3661 1024 3730 γῆ
1046 3662 1353 3730 αὐτομάτως
1383 3662 1683 3731 ὑπεστρών-

101 3776 228 3812 νυτο
271 3758 481 3816 αὐτοῖς
517 3753 671 3814 πόας.
706 3751 824 3803 Τῶν
863 3751 917 3803 δὲ
949 3751 1207 3822 τριπόδων
1243 3752 1290 3803 οἱ
1326 3753 1419 3820 μὲν
1445 3751 1554 3813 δύο,
1585 3769 1684 3822 φη-

102 3853 209 3912 σιν,
254 3847 420 3901 οἴνου
456 3838 751 3914 ἀπέρρεον,
795 3844 843 3894 οἱ
880 3842 936 3893 δὲ
978 3843 1148 3908 ἕτεροι
1181 3842 1290 3904 δύο,
1319 3843 1346 3892 ὁ
1379 3843 1472 3910 μὲν
1499 3842 1683 3906 ὓδατος

101 3938 316 4009 θερμοῦ
377 3938 587 4007 κρᾶσιν
633 3936 910 4003 παρεῖχεν,
953 3935 981 3985 ὁ
1021 3933 1064 3984 δ’
1104 3929 1166 3984 αὖ
1202 3931 1420 4002 ψυχροῦ.
1463 3934 1596 3996 Τοὺς
1627 3933 1683 3985 δὲ

95 4031 390 4100 (οἰνοχόους
446 4028 579 4088 τοὺς
611 4022 846 4094 χαλκοῦς
895 4021 1149 4092 ἀρύεσθαι
1199 4023 1467 4094 εὐμέτρως
1508 4021 1597 4075 τοῦ
1625 4039 1682 4075 τε

97 4121 248 4174 οῖνου
310 4120 418 4173 καὶ
452 4116 552 4170 τοῦ
604 4115 826 4175 ὓδατος·
876 4112 1234 4182 περιελαύνειν
1274 4131 1334 4181 γε
1375 4113 1552 4184 κύκλῳ
1591 4113 1686 4178 τὰς

97 4213 370 4275 κύλικας,
406 4209 604 4277 ὥσπερ
624 4207 682 4258 ὲν
705 4208 815 4266 τοῖς
840 4203 1015 4266 πότοις
1043 4204 1170 4275 (Η).

668 4464 1055 4518 ΚΕΦᾹΛΑῘΟΝ
1091 4466 1172 4515 K'.

168 4559 380 4613 Ταῦτα
430 4556 710 4627 Ἱεροκλεῖ,
737 4554 806 4607 τά
828 4554 1081 4606 ἀνωτάτω
1110 4553 1215 4621 (12)
1244 4556 1332 4606 καὶ
1375 4554 1594 4608 καθόλου
1619 4555 1690 4608 δι-

98 4655 400 4722 καστήρια
468 4645 902 4714 πεπιστευμένῳ,
953 4643 1086 4713 μετὰ
1143 4643 1334 4712 πολλῆς
1392 4645 1687 4708 ἀνετάσεως

180 4842 234 4873 ⁸³
276 4841 392 4893 lib.
431 4854 517 4900 ιιι,
551 4852 601 4890 c.
640 4833 728 4886 17.
803 4834 847 4864 ⁸⁸
885 4834 978 4887 lib.
1016 4847 1106 4895 ιιι,
1140 4846 1188 4885 c.
1225 4831 1312 4886 27.

1782 3223 1907 3260 vare
1938 3209 2062 3261 item
2085 3222 2178 3261 eos
2201 3209 2292 3260 ubi
2324 3209 2608 3270 voluerint,
2635 3224 2700 3262 ex
2731 3211 2840 3263 sole
2868 3211 3041 3279 ignem
3066 3253 3080 3277 ,
3134 3223 3323 3282 spente

1785 3305 2114 3364 sequentem.
2156 3297 2326 3365 Atque
2357 3297 2476 3351 istis
2501 3299 2748 3351 omnibus
2779 3315 2888 3352 rem
2919 3302 3072 3368 plane
3101 3313 3322 3372 stupen-

1783 3385 1902 3438 dam
1939 3396 2280 3454 portentosas
2310 3387 2396 3440 ille
2423 3388 2653 3456 scriptor
2676 3388 2854 3458 jungit
2883 3390 2961 3455 ⁸⁶;
2995 3400 3051 3444 ιιι
3084 3395 3322 3461 tripodes

1787 3491 1993 3543 nempe,
2020 3474 2224 3545 Pythiis
2257 3477 2486 3539 similes,
2538 3485 2786 3545 quatuor,
2818 3487 3006 3546 sponte
3053 3497 3152 3536 sua
3203 3499 3320 3537 mo-

1785 3573 1990 3628 ventes,
2023 3565 2075 3618 in
2103 3566 2333 3619 medium
2359 3567 2754 3633 processerint;
2788 3583 2988 3636 eosque
3021 3561 3320 3628 Homericis

1787 3656 1986 3710 similes
2012 3671 2132 3710 esse
2181 3656 2271 3708 ait.
2317 3654 2606 3710 Piucernas
2657 3665 2833 3710 autem
2865 3658 2930 3712 iis
2979 3675 3044 3713 ex
3098 3675 3240 3721 tere.
3271 3663 3319 3716 si

1786 3742 2061 3798 materiam
2109 3753 2340 3813 spectes,
2368 3745 2456 3813 qui
2495 3745 2892 3811 ministrarent,
2944 3750 3131 3801 statuit
3184 3767 3318 3821 qua-

1787 3841 1928 3887 tuor.
1960 3833 2120 3886 Addit
2148 3835 2346 3899 etiam,
2387 3842 2445 3887 ut
2493 3844 2631 3890 terra
2679 3843 2868 3903 sponte
2911 3837 3152 3904 gramina
3193 3840 3320 3894 sub-

1786 3925 2056 3978 straverit.
2083 3923 2372 3994 Tripodum
2397 3933 2569 3980 autem
2598 3925 2752 3980 binos
2782 3927 2855 3978 ait
2883 3930 3007 3980 vino
3039 3944 3317 3994 manasse,

1786 4014 2111 4082 reliquorum
2172 4031 2298 4069 vero
2353 4017 2577 4070 alterum
2623 4018 2806 4071 calida:
2853 4017 3208 4074 admiscenda:
3235 4037 3320 4074 co-

1782 4105 1922 4173 piam
1950 4105 2159 4170 fecisse,
2193 4107 2414 4160 alterum
2458 4107 2695 4176 frigidae;
2737 4125 3009 4178 aareosque
3037 4110 3318 4179 pincernas

1781 4196 1963 4247 vinum
1999 4197 2196 4264 pariter
2228 4203 2279 4249 et
2326 4211 2518 4264 aquam
2563 4199 2707 4267 larga
2758 4199 3004 4255 hausisse
3037 4215 3314 4266 mensura;

1782 4285 1976 4338 Calices
2003 4285 2150 4339 enim
2180 4286 2525 4342 circumlatus
2557 4303 2695 4351 esse,
2730 4296 2789 4342 ut
2821 4289 2930 4343 ﬁeri
2964 4291 3020 4343 in
3049 4302 3320 4360 compota-

1783 4375 2019 4428 tionibus
2049 4375 2266 4430 assolet.

2268 4464 2422 4533 525
2458 4467 2678 4522 CAPUT
2715 4466 2828 4519 xx.

1855 4551 1956 4606 Ista
2001 4551 2268 4618 Hierocli,
2315 4555 2580 4623 supremis
2629 4557 2682 4608 in
2731 4555 3020 4623 provinciis
3068 4556 3317 4625 praefecto

1786 4644 2106 4706 dicastcriis,
2145 4648 2310 4698 multa
2336 4645 2577 4699 instituta
2612 4645 3018 4713 disquisitione,
3045 4661 3167 4698 vera
3197 4661 3317 4701 esse

173 4995 257 5064 (8)
306 4989 704 5064 Upoaetzsfr.
758 4986 834 5064 ita
860 4985 1272 5064 eat-i’hilostrato
1309 4981 1682 5064 scribendum;
1718 4991 1760 5044 ι)
1788 4980 1955 5064 invito
1978 4979 2169 5059 linguae
2189 4984 2365 5064 genio,
2389 4997 2505 5036 eam
2529 4985 2708 5054 itaque
2730 4985 2900 5040 Omitti
2926 4984 3082 5054 plane
3106 4986 3310 5053 malim,

101 5053 251 5116 male
277 5053 442 5117 enim
477 5063 530 5115 in
563 5059 730 5112 editis
758 5055 970 5108 Eusebii
998 5061 1078 5106 est
1108 5053 1398 5120 προειπεῖν.

180 5133 260 5200 (9)
320 5121 1028 5200 Ἐξεκυκλήθησαγτγομ
1059 5121 1109 5171 in
1145 5118 1367 5173 theatris
1397 5118 1586 5200 usitata
1622 5119 1688 5173 de

104 5189 709 5268 iiiis;qumvmachinis
743 5193 966 5268 oi-cultis-
991 5191 1042 5267 in
1066 5203 1286 5268 scenam
1322 5189 1686 5268 provelie‘lian-

103 5278 194 5319 tur
211 5255 237 5320 ι’
266 5255 459 5320 nititur
485 5264 708 5318 eadem,
744 5259 830 5311 ubi
863 5261 926 5310 de
955 5257 1037 5308 his
1066 5255 1450 5308 Brachmanum
1486 5256 1688 5308 artibus

110 5312 769 5404 Ῑᾷἀῦῑίῖἶιξῖίἰίξερξτε-ἰοη
793 5323 1381 5404 gymnosophistaapuﬁ
1398 5321 1688 5404 Philostra-

107 5389 219 5455 tum
260 5389 472 5464 lih.'v|,
504 5389 582 5453 [)é
629 5399 743 5448 vita
774 5389 1046 5464 Apollonii,
1082 5405 1197 5464 cap.
1226 5389 1480 5464 lQ._Loco
1505 5399 1688 5464 autem

109 5474 199 5522 ubi
224 5472 355 5524 hac
399 5457 735 5523 rel'eruntur
773 5460 979 5529 proprio
1016 5459 1232 5510 verbum
1272 5457 1690 5530 ὲξεπορεύθησαν

113 5535 384 5592 Philostr.
428 5530 718 5606 θαιιίιέυξι.
808 5596 820 5606 ⁶
1038 5592 1050 5606 ι
1154 5593 1218 5606 ,Δ
1386 5593 1428 5606 _

183 5607 299 5675 (10)
343 5600 604 5675 Χαβκωξ
639 5595 953 5675 διακόγους
994 5592 1103 5675 τὴν
1142 5593 1316 5675 ὕλην.
1365 5593 1525 5675 Αέζδτε
1558 5593 1683 5646 mihi

122 5661 250 5726 iaé'n
281 5661 397 5727 'vox
429 5665 735 5721 διακόνους
768 5661 1061 5728 interposita
1105 5663 1333 5717 vocibus
1365 5661 1552 5715 natura
1585 5676 1680 5715 sua

119 5738 547 5811 coniungendis,
588 5743 785 5795 neque
822 5729 915 5781 hac
944 5731 1142 5781 ratione
1189 5731 1526 5796 divelleudis,
1577 5729 1680 5784 nisi

1788 5049 1916 5101 nihil
1940 5050 2076 5118 enim
2110 5065 2168 5102 ea
2198 5049 2280 5104 est
2307 5067 2460 5118 opus.

1859 5116 1966 5193 (ll)
2005 5118 2224 5193 Πότοις.
2260 5116 2392 5193 Male
2435 5121 2485 5173 in
2519 5123 2678 5193 editis
2707 5121 3002 5193 habebatur
3032 5127 3310 5193 ποταμοῖς,

1788 5186 1926 5261 quod
1953 5200 2138 5261 secure
2163 5189 2318 5242 nimis
2343 5199 2559 5261 secutus
2584 5191 2683 5244 fuit
2709 5191 2982 5252 Acciolus,
3006 5193 3094 5261 qui
3116 5186 3309 5247 vertit;

1791 5253 1891 5330 Sed
1922 5263 1970 5330 et
1998 5254 2190 5330 calices
2211 5268 2352 5330 actos
2380 5258 2430 5308 in
2451 5276 2633 5326 gyrum
2656 5262 2805 5330 quasi
2828 5253 3076 5314 vorticoso
3102 5262 3314 5329 ﬂumine

1789 5322 2132 5400 impellebant.
2148 5324 2226 5400 βο
2249 5328 2414 5400 tutius
2438 5322 2611 5400 autem
2637 5322 2816 5400 πότοις
2838 5322 3150 5400 substitutus.
3169 5335 3310 5400 quod

1790 5389 1902 5457 ipSa
1941 5392 2024 5444 hic
2068 5389 2373 5446 Philostrati
2427 5398 2586 5449 verba
2626 5389 2908 5452 retinuerit
2943 5389 3224 5457 Eusebius.
3257 5402 3309 5454 in

1792 5463 1944 5526 cujus
1974 5467 2119 5512 textu
2157 5463 2332 5524 πότοις
2382 5465 2622 5519 codicum
2672 5468 2906 5519 omnium
2939 5483 3202 5521 consensu
3237 5470 3310 5522 le-

1792 5528 1951 5606 gitur.
1979 5528 2232 5606 Eamdem
2262 5532 2538 5606 lectionem
2570 5534 2888 5589 Salmasium
2917 5551 3128 5606 quoque
3148 5538 3309 5590 resti-

1790 5597 1978 5658 tuisse,
2005 5606 2123 5665 post
2149 5599 2516 5655 animadverti.

1855 5665 1962 5738 (1?)
2006 5664 2078 5718 Τὰ
2107 5667 2394 5738 ἀνωτάτω,
2425 5679 2529 5728 etc.
2567 5671 2759 5727 Eadem
2794 5673 2969 5732 verbis
2999 5671 3186 5730 iisdem
3218 5671 3312 5723 ha-

1783 5731 1876 5786 bes
1911 5731 2091 5803 supra,
2124 5751 2236 5803 cap.
2273 5737 2320 5792 5.
