3782 6372
124 381 219 439 85⁸1

1209 380 1410 438 LlBER
1442 378 1716 435 CONTRA
1752 371 2157 431 HIEROCLEM.

3167 367 3279 427 858.

118 501 199 569 ἢν,
231 500 328 568 τῆς
355 501 589 570 παχείας
619 502 708 555 τοῦ
746 502 983 571 σώματος
1006 500 1442 572 ὲλευθερωθιῖσαν
1468 497 1593 568 ὕλης
1610 539 1625 564 ,

1767 486 1917 555 nagis
1948 492 2308 553 opportunum
2340 479 2501 534 fuerit
2546 478 2612 532 ad
2640 479 2875 548 magicas
2907 474 3272 530 conversatio-

120 588 315 657 ἀγαθὴν
357 591 449 642 καὶ
481 592 781 661 πανάρετον
805 587 938 643 εἶναι
968 589 1155 659 χρεών.
1185 591 1249 641 Ὄ
1277 605 1339 656 γε
1388 589 1489 657 μὴν
1529 589 1638 639 εἰσ-

123 678 345 745 ηγμένος
372 679 612 732 ἐνταῦθα
639 679 839 747 δαίμων
864 678 1140 747 βάσκανος,
1170 679 1258 730 καὶ
1285 676 1529 746 φθονερὸς
1549 675 1636 727 τὸν

118 766 322 836 τρόπον,
355 767 574 834 ὀργίλος
613 784 669 819 τε
711 767 802 818 καὶ
846 767 1093 827 ταπεινὸς
1121 768 1217 835 τὴν
1244 765 1471 818 διάθεσιν
1511 765 1638 815 ὑπο-

119 854 432 906 τετύπωται.
469 856 542 906 Ἦ
572 856 691 925 οὐχὶ
718 855 947 918 τοιοῦτος
967 856 995 907 ὁ
1027 856 1115 908 τὸν
1148 855 1497 921 Ἀντισθένην,
1532 869 1638 920 μει-

125 942 298 1013 ράκιόν
318 958 368 994 τι
400 944 709 1005 σπουδαῖον,
735 943 808 1005 ὡς
845 943 908 996 ἂν
943 943 1004 1012 δὴ
1032 942 1293 1010 φιλοσόφῳ
1329 938 1637 1004 ξυνέπεσθαι

120 1031 191 1097 τῷ
225 1030 563 1099 ’Δπολλωνίῳ
595 1031 941 1101 πειρώμενον,
981 1030 1287 1099 ἀπείργων;
1319 1027 1636 1095 Προστάττει

123 1117 222 1189 γὰρ
261 1116 320 1170 τὸ
365 1116 443 1187 μὴ
470 1116 742 1169 ποιεῖσθαι
788 1118 943 1169 αὐτὸν
986 1115 1309 1187 ξυνέμπορον
1335 1118 1433 1186 τῆς
1466 1114 1651 1170 ἑαυτοῦ

122 1207 441 1277 φιλοσοφίας,
458 1207 727 1275 ἐπιλέγων
744 1208 841 1277 τὴν
859 1207 1052 1260 αἰτίαν·
1092 1226 1109 1258 ι
1132 1206 1425 1278 Πριαμίδης
1452 1225 1507 1259 τε
1527 1209 1651 1278 γὰρ,

123 1298 290 1369 φησὶν,
344 1296 547 1359 ἱκανῶς
589 1298 721 1367 (38')
752 1299 884 1360 ἐστι,
932 1298 1023 1351 καὶ
1066 1296 1154 1350 τὸν
1181 1298 1413 1367 Ἕκτορα
1474 1297 1653 1367 ὑμνῶν

121 1391 177 1442 οὐ
222 1386 466 1441 παύεται.
512 1407 533 1439 ι
565 1388 692 1451 Πῶς
721 1389 777 1441 δὲ
819 1390 917 1441 οὐκ
959 1389 1166 1457 ὀργίλος
1200 1388 1292 1439 καὶ
1324 1388 1598 1451 ταπεινός;
1627 1391 1655 1441 ὁ

124 1477 411 1539 Θετταλοῖς,
468 1478 554 1530 ὅτι
628 1479 701 1548 μὴ
764 1479 936 1531 θύοιεν
965 1478 1127 1547 αύτῷ.
1157 1477 1503 1547 θυμούμενος,
1564 1480 1654 1533 καὶ

126 1568 338 1639 Τρωσὶν,
364 1568 448 1619 ὅτι
472 1567 538 1637 δὴ
566 1568 677 1638 πρὸ
711 1568 911 1637 μυρίων
938 1568 1073 1621 ὅσων
1114 1567 1245 1619 ὲτῶν
1305 1570 1360 1630 ὲς
1392 1568 1548 1619 αὑτὸν
1575 1568 1653 1620 δι-

126 1658 478 1727 ημαρτήκασι,
513 1656 591 1726 μὴ
624 1656 1130 1726 καταλλασσὸμενος,
1155 1656 1247 1708 καὶ
1272 1656 1437 1708 ταῦτα
1454 1655 1652 1719 θύουσι,

128 1748 209 1799 καὶ
252 1744 482 1814 ξυνεχῶς
517 1744 896 1814 σπενδομένοις
922 1762 935 1775 '
973 1744 1103 1797 ἀλλὰ
1145 1747 1235 1798 καὶ
1271 1745 1359 1797 τδν
1404 1745 1655 1814 Παλαμή-

1748 590 1844 630 nes
1875 573 2016 628 istud
2049 582 2277 641 tempus,
2312 586 2422 624 non
2454 584 2580 622 vero
2605 568 2785 621 herois
2816 565 3086 628 manibus,
3112 576 3271 632 quos.

1748 678 1931 717 crassa
1970 664 2072 716 ista
2098 660 2340 729 corporis
2385 658 2588 713 solutos
2632 657 2873 718 materia,
2906 655 3103 723 probos
3130 669 3273 713 esse,

1748 754 2001 822 omnique
2026 753 2283 805 virtutum
2317 764 2509 820 genere
2556 746 2827 801 abundare
2855 746 3147 814 oportebat.
3183 743 3274 804 At,

1749 846 1837 915 qui
1865 844 2027 898 isthic
2062 842 2331 896 inducitur
2366 841 2594 900 daemon,
2628 836 2824 890 invidis
2870 845 2951 890 est
2991 843 3042 889 et
3088 849 3275 904 parutn

1748 935 1993 1004 benignis
2036 934 2273 988 moribus
2308 949 2319 983 :
2356 930 2645 985 iracundus
2695 927 2818 981 item
2863 934 3277 993 repraesentatur-

1749 1024 1909 1087 idem,
1957 1033 2009 1078 et
2036 1024 2231 1093 pusillo
2281 1023 2482 1076 animo.
2519 1018 2707 1072 Annon
2752 1016 2892 1069 enim
2938 1015 3059 1068 talis
3084 1015 3277 1068 haben-

1749 1116 1852 1170 dus
1878 1115 1969 1180 sit,
1998 1115 2087 1183 qui
2117 1112 2567 1174 Antisthenem",
2605 1108 2831 1178 probum
2864 1104 3277 1166 adolescentem,

1750 1213 1808 1259 ut
1835 1205 1927 1274 qui
1956 1203 2329 1273 philosophum
2355 1200 2547 1255 sectari
2585 1196 2923 1267 Apollonium
2948 1200 3183 1262 cuperet,
3210 1193 3279 1247 ab

1750 1311 1813 1349 eo
1856 1294 2086 1349 avulsit?
2115 1293 2316 1361 Nempe
2360 1307 2481 1344 eum
2514 1288 2825 1357 Apollonius
2862 1302 2929 1339 ne
2969 1284 3282 1354 participem

1752 1386 2099 1455 philosophiae
2150 1383 2350 1436 faceret
2381 1397 2491 1435 sua:
2524 1379 2789 1449 prohibet,
2820 1377 3028 1430 ratione
3059 1374 3237 1428 addita
3264 1387 3279 1424 :

1756 1493 1774 1524 ι
1803 1474 2099 1529 Priamides
2121 1475 2259 1528 enim
2284 1480 2361 1527 est
2386 1470 2671 1541 genuinus,
2688 1479 2741 1522 et
2768 1466 3046 1523 Hectorem
3066 1463 3285 1516 laudare

1751 1580 1857 1619 non
1884 1564 2101 1619 desinit.
2141 1583 2159 1615 ι
2199 1562 2302 1628 Qui
2344 1559 2660 1613 iracundum
2704 1557 2831 1609 item
2868 1563 2920 1607 et
2960 1553 3139 1606 animo
3185 1566 3280 1620 pu-

1752 1654 1872 1710 sillo
1897 1670 2001 1708 non
2019 1654 2191 1707 dicam
2214 1652 2368 1707 esse?
2384 1651 2473 1719 qui
2497 1648 2770 1702 Thessalis
2796 1652 3101 1705 succenset,
3131 1640 3276 1709 quod

1752 1762 1906 1802 sacra
1936 1746 2036 1800 sibi
2070 1760 2174 1797 non
2218 1743 2502 1803 faciant",
2534 1750 2586 1795 et
2632 1736 2902 1800 Troianis,
2953 1734 3094 1803 quod
3125 1734 3285 1786 innu-

128 1836 233 1897 δους
253 1836 437 1903 τάφον,
463 1833 621 1904 αὐτῷ
649 1834 914 1904 ἀγάλματι
944 1836 1152 1904 φαύλως
1174 1836 1512 1907 ἐρριμμένον,
1542 1836 1659 1888 ἀνα-

1767 1836 1917 1890 meris
1949 1843 2071 1889 ante
2103 1834 2259 1888 annis
2292 1832 2487 1900 injuria
2518 1845 2637 1884 eum
2683 1828 3007 1889 affecissent,
3047 1825 3288 1879 reconci-

130 1926 289 1979 λαϐεῖν
319 1924 777 1995 ὲγκελευόμενος;

644 2207 1028 2260 ΚΕΦΑΛΑῙΟΝ
1064 2208 1140 2260 Λ’.

204 2300 259 2354 [δ
303 2299 483 2370 μέντοι
526 2300 781 2368 πέμπτον
815 2300 907 2351 καὶ
948 2298 1099 2349 ἕκτον
1149 2297 1327 2367 θαῦμα
1369 2296 1427 2349 οὐ
1468 2297 1661 2368 πολλῆς

134 2391 282 2446 δέοιτο
302 2389 393 2443 τοῦ
420 2389 582 2458 λόγου
613 2387 913 2458 διατριϐῆς,
950 2389 1006 2450 ὲς
1036 2386 1250 2451 ἔνδειξιν
1279 2388 1376 2457 τῆς
1405 2387 1497 2440 τοῦ
1529 2405 1663 2457 γρα-

78 2472 81 2475 λ
138 2483 304 2550 φέντος
352 2479 464 2549 ('59)
518 2476 831 2546 εὐχερείαςο
890 2476 1141 2545 δαίμονας
1205 2476 1309 2545 γὰρ
1360 2477 1659 2541 ἀπελαύνει,

139 2572 261 2641 ἄλλῳ
288 2569 459 2629 ἄλλον,
504 2560 721 2639 ᾖ.φασι
779 2565 909 2636 (40),
954 2565 1178 2633 δαίμονι.
1208 2565 1307 2618 Τὸν
1350 2566 1445 2635 μὲν
1472 2566 1577 2636 γὰρ
1605 2565 1664 2631 ἐξ

139 2659 409 2712 ἀκολάστου
444 2654 753 2725 μειρακίου,
797 2654 886 2705 τὸν
925 2653 969 2705 δ’
996 2653 1333 2717 ὲπιπλάστως
1384 2658 1440 2718 ἐς
1485 2672 1664 2723 γυναι-

142 2751 272 2803 κείαν
305 2749 510 2821 μορφὴν
559 2745 1036 2814 σχηματιζόμενον.
1073 2746 1285 2798 Τουτονὶ
1324 2746 1378 2798 δὲ
1419 2747 1507 2799 τὸν
1553 2747 1665 2800 δαί-

146 2858 263 2911 μονα
297 2858 314 2890 ι
351 2841 678 2910 Ἔμπουσαν
715 2856 731 2885 ι
762 2839 852 2888 καὶ
892 2854 908 2886 ι
950 2836 1181 2905 Λαμίαν,
1219 2855 1235 2887 ι
1270 2837 1447 2900 αὐτοῖς
1471 2837 1663 2907 ὀνόμα-

146 2946 233 2993 σιν,
253 2932 280 2981 ὁ
325 2928 634 2995 σοφώτατος
663 2925 936 2979 ἀποκαλεῖ.
970 2925 1041 2977 Τό
1075 2942 1135 2993 γε
1170 2927 1274 2997 μὴν
1296 2928 1385 2979 ἐπὶ
1411 2929 1508 2997 τῆς
1540 2929 1666 2980 Ῥω-

146 3017 298 3087 μαίων
327 3016 530 3077 πόλεως
563 3014 703 3085 μετὰ
736 3014 904 3066 ταῦτα
932 3014 1126 3085 κόριον,
1154 3017 1232 3068 ὅτι
1262 3015 1323 3086 δὴ
1356 3017 1488 3086 μετὰ
1511 3017 1667 3070 θάνα-

1755 1928 1875 1981 liari
1909 1927 2059 1987 nolit,
2096 1922 2520 1980 sacrificantibus
2560 1920 2684 1972 licet
2715 1927 2874 1987 atque
2923 1917 3212 1970 libantihus
3235 1913 3287 1967 ei

1756 2018 2140 2070 indesinenter.
2170 2012 2273 2067 Sed
2309 2021 2360 2064 et
2386 2008 2683 2064 Palamedis
2719 2009 3019 2077 sepulcrum
3045 2021 3150 2059 una
3165 2017 3287 2058 cum

1758 2108 1899 2162 illius
1924 2114 2101 2162 statua
2129 2104 2265 2157 male
2294 2103 2527 2156 dirutum
2562 2100 2855 2155 restaurari
2880 2099 3052 2167 jubet.

2214 2211 2369 2281 530
2404 2207 2622 2263 CAPUT
2659 2205 2822 2261 xxx.

1826 2306 2079 2372 Quintum
2103 2320 2264 2373 porro
2307 2310 2623 2370 sextumque
2661 2300 2979 2354 miraculum
3007 2311 3114 2350 non
3153 2309 3290 2365 opus

1758 2394 1974 2453 habent.
2001 2401 2058 2446 ut
2088 2394 2243 2460 longa
2273 2393 2351 2445 eis
2378 2392 2622 2445 oratione
2664 2389 3028 2450 immoremur,
3056 2400 3162 2455 qua
3200 2399 3292 2454 pa-

1759 2492 1864 2538 teat
1887 2483 2076 2537 stolida
2095 2482 2375 2550 scriptoris
2404 2480 2719 2547 simplicitas
2752 2497 2764 2529 :
2802 2477 3072 2530 daemonas
3095 2489 3285 2543 nempe

1759 2575 2026 2637 exturbat,
2051 2573 2234 2633 alium,
2260 2579 2318 2624 ut
2352 2571 2505 2639 vulgo
2526 2571 2695 2631 aiunt,
2720 2584 2820 2636 ope
2843 2567 3080 2620 alterius.
3112 2565 3289 2617 Alium

1762 2677 1953 2730 nempe
1983 2677 2045 2715 ex
2075 2660 2415 2714 adolescente
2445 2658 2789 2719 iufrunito",
2819 2657 2979 2709 alium
3012 2669 3174 2723 porro
3199 2653 3294 2723 qui

1763 2750 1896 2804 facie
1921 2750 2164 2804 muliebri
2201 2758 2347 2803 esset
2377 2748 2675 2802 indutus“.
2702 2747 2875 2815 Atque
2907 2745 3050 2797 hunc
3077 2744 3292 2813 quidem

1767 2839 2063 2893 «Lamiam»
2086 2847 2138 2894 et
2156 2839 2524 2907 cEmpusam,i
2548 2838 2678 2906 ipsis
2706 2838 2852 2890 hisce
2882 2833 3132 2887 adhibitis
3152 2833 3299 2885 voci-

1773 2930 1895 2988 bus.
1926 2929 2357 2998 sapientissimus
2380 2937 2565 2980 auctor
2582 2927 2829 2996 appellat.
2852 2924 3085 2978 Puellam
3105 2922 3225 2977 inde
3242 2922 3297 2976 in

1763 3021 1894 3075 urbe
1917 3022 2156 3073 Romana
2172 3020 2216 3050 ⁷⁸
2237 3020 2375 3086 quod
2396 3026 2514 3087 post
2531 3029 2750 3071 mortem
2771 3016 2824 3068 in
2846 3016 3005 3068 vitam
3028 3013 3301 3068 reduxerit

142 3126 220 3160 τον
244 3108 330 3159 ἐπὶ
351 3107 611 3176 δευτέραν
638 3103 781 3175 ζωὴν
806 3105 1022 3173 ἤγαγεν,
1062 3107 1406 3159 ἀπιστότατον
1441 3107 1547 3176 (41)
1578 3109 1663 3160 καὶ

1767 3112 1987 3171 iterum,
2036 3126 2155 3161 cum
2186 3111 2266 3161 vel
2292 3110 2393 3177 ipsi
2426 3107 2748 3160 Philostrato
2783 3107 2937 3172 plane
2980 3103 3294 3156 incredibile

143 3197 272 3266 αὐτῷ
299 3196 448 3259 δόξαν
476 3195 557 3264 τῷ
586 3194 939 3263 Φιλοστρὰτῳ.
972 3195 1338 3264 παραιτητέον.
1383 3197 1466 3247 Ἑν
1493 3196 1661 3248 διστα-

143 3284 251 3353 γμῷ
279 3284 449 3353 μέντοι
476 3282 829 3353 ἀμφιϐάλλει,
881 3282 952 3353 μὴ
990 3282 1095 3352 ἄρα
1128 3283 1351 3354 σπινθὴρ
1374 3284 1471 3353 τῆς
1496 3286 1669 3355 ψυχῆς

146 3373 433 3443 ἐνυπάρχων
473 3372 553 3441 τῷ
606 3371 775 3435 παιδὶ,
816 3372 939 3433 τοὺς
986 3370 1371 3441 θεραπεύοντας
1413 3373 1665 3441 ἐλελήθει.

144 3463 383 3530 Δέγεσθαι
430 3462 540 3531 γάρ
580 3476 760 3530 φησιν,
797 3461 871 3523 ὡς
901 3461 1119 3529 ψεκάζοι
1165 3463 1258 3531 μὲν
1298 3466 1325 3515 ὁ
1362 3463 1512 3525 Ζεὺς,
1547 3465 1580 3531 ἡ
1614 3463 1669 3515 δὲ

146 3553 337 3622 ἁτμίζοι
373 3556 480 3607 ἀπὸ
507 3552 608 3606 τοῦ
654 3550 954 3623 προσώπου.
991 3552 1096 3603 Καὶ
1125 3552 1231 3621 γὰρ
1269 3551 1330 3622 δὴ
1373 3554 1420 3605 εί
1461 3551 1670 3621 άληθῶς

145 3645 258 3697 αὐτὸ
283 3646 477 3698 τοιόνδε
524 3645 614 3696 ἐπ’
657 3642 822 3711 αὐτῆς
871 3640 1083 3711 Ῥώμης
1122 3641 1446 3710 ἐπέπρακτο,
1485 3643 1581 3694 οὐκ
1608 3642 1671 3695 ἂν

148 3733 359 3803 ἐλελήθει
403 3734 630 3804 βασιλέα
684 3750 743 3785 τε
788 3731 1017 3803 πρῶτον,
1068 3734 1159 3785 καὶ
1198 3733 1320 3795 τοὺς
1367 3736 1479 3802 μετ’
1515 3735 1671 3786 αὑτὸν

145 3820 365 3886 ἅπαντας
402 3822 706 3893 ὑπάρχους,
754 3820 982 3891 μάλιστα
1025 3821 1079 3873 δὲ
1120 3821 1208 3872 τὸν
1253 3822 1529 3890 φιλόσοφον
1569 3824 1672 3874 Εὑ-

148 3913 365 3984 φράτην,
410 3915 816 3985 ἐγχωριὰζοντα
856 3914 973 3965 κατ’
996 3915 1166 3965 ἐκεῖνο
1200 3914 1417 3984 καιροῦ,
1465 3914 1555 3967 καὶ
1583 3914 1674 3965 ἐπὶ

144 4004 230 4071 τῆς
265 4004 477 4075 Ῥώμης
515 4003 873 4074 διατρίϐοντα,
918 4004 975 4065 ὃς
1003 4004 1064 4074 δὴ
1096 4006 1151 4066 ἐς
1180 4004 1396 4074 ὕστερον
1427 4005 1522 4075 τὴν
1557 4006 1672 4057 κατ’

148 4093 291 4145 αὑτοῦ
325 4095 681 4163 κατηγορίαν,
711 4094 784 4156 ὡς
827 4094 889 4164 δὴ
930 4093 1066 4146 κατὰ
1108 4094 1313 4163 γόητος,
1364 4094 1675 4146 ὑποϐάλλειν

148 4182 422 4254 ίστέρηται.
458 4186 684 4247 Πάντως
711 4185 817 4254 γὰρ
847 4184 911 4238 ἂν
934 4185 1024 4237 καὶ
1047 4183 1216 4245 τοῦτο,
1245 4187 1292 4237 εί
1319 4184 1380 4256 δὴ
1406 4185 1557 4237 τοῦτο
1586 4203 1676 4253 γε·

146 4272 282 4338 γονδς
302 4269 388 4342 ἦν,
416 4278 541 4337 ταῖς
562 4274 747 4336 ἄλλαις
780 4274 896 4326 κατ’
939 4272 1099 4325 αὐτοῦ
1130 4273 1393 4337 διαῦολαῖς
1416 4275 1547 4345 πρὸς
1581 4276 1673 4328 τοῦ

146 4362 429 4429 κατηγόρου
461 4360 892 4427 συγκατείλεκτο.
934 4362 1039 4413 Καὶ
1070 4360 1137 4413 τὰ
1166 4363 1260 4430 μὲν
1289 4363 1345 4413 ὲν
1381 4363 1531 4432 μέρει
1585 4365 1678 4417 καὶ

146 4451 251 4499 κατ’
278 4445 414 4512 εἶδος
444 4450 593 4519 αὐτῷ
624 4450 996 4519 πεπραγμένα,
1021 4451 1249 4503 τοσαῦτα
1267 4468 1280 4480 ·
1318 4452 1479 4523 μυρία
1503 4452 1559 4504 δὲ
1587 4455 1678 4506 καὶ

207 4600 248 4632 τι
284 4601 501 4673 ηιληιν,
533 4615 584 4657 c.
617 4601 705 4657 ιε.
777 4602 822 4632 η
862 4601 953 4656 lib.
994 4616 1080 4666 ιν,
1112 4616 1163 4656 c.
1200 4576 1284 4656 te.
1358 4603 1405 4636 η
1441 4604 1535 4659 lib.
1570 4620 1656 4670 ιν,

1770 4604 1858 4659 20.
1931 4605 1979 4638 "
2018 4605 2112 4660 lib.
2145 4621 2233 4673 tv,
2268 4621 2317 4660 c.
2351 4605 2442 4662 25.
2515 4608 2561 4640 "
2598 4607 2692 4661 ιιι).
2724 4620 2775 4659 tv
2797 4644 2812 4670 ,
2844 4619 2894 4657 ο.
2936 4605 3026 4658 45.

151 4680 235 4721 vui
250 4709 265 4733 ,
293 4686 341 4724 c.
377 4671 434 4725 3.

214 4776 338 4847 (38')
376 4778 631 4843 ’Ῑκανῶς.
664 4775 1045 4847 Εοτιείκανός.
1074 4775 1227 4831 Eutr.

213 4844 329 4919 (ειη
382 4847 744 4919 Γραερέντος.
803 4844 942 4919 _Editi
997 4846 1262 4919 habebant
1324 4848 1667 4919 πραχθέντος.

149 4908 310 4980 Paulo
347 4908 611 4969 audacius
653 4908 818 4967 videri
849 4925 1152 4980 poteramus
1202 4916 1288 4971 hic
1337 4908 1666 4972 emendasse.

153 4978 249 5035 Sed
272 4985 588 5047 necessitas,
622 4994 679 5037 ut
708 4978 886 5048 spero,
924 4983 1197 5035 audaciam
1229 4987 1523 5048 excusabit;
1552 4986 1671 5038 nul-

157 5048 261 5120 lum
294 5054 436 5104 enim
480 5048 825 5120 sensumrhic
875 5049 1049 5103 fundit
1095 5053 1438 5120 πραχθέντος.
1471 5055 1670 5106 Contra

159 5117 417 5195 εςξχέρειαν
456 5127 513 5173 et
562 5119 886 5195 κουφότητα.
916 5117 1238 5195 Christianis
1277 5122 1670 5195 exprobraverat

158 5181 434 5259 uici-celes,
458 5202 617 5255 quam
634 5181 843 5259 passim
876 5187 1050 5259 in_hoc
1069 5181 1672 5259 opusculo'retnrquen-

156 5258 250 5327 tem
288 5254 532 5327 vidimus
546 5254 887 5327 calumniam
928 5254 1250 5309 Eusebium:
1285 5260 1455 5325 ipsum
1495 5254 1670 5327 potius

159 5317 460 5386 Hieroclem,
502 5322 985 5388 Philostratumque
1025 5317 1318 5388 tantopere'
1340 5328 1407 5379 ab
1432 5317 1673 5380 eo'com-

163 5389 472 5450 mendatium,
500 5390 789 5459 εὐχερείας
812 5399 863 5459 et
894 5391 1219 5459 κουφότητος
1259 5407 1381 5447 reos
1424 5409 1543 5449 esse
1573 5395 1671 5449 de-

162 5466 529 5513 monstrantem
554 5457 747 5533 {agon
778 5457 862 5508 hic
888 5473 1103 5533 quoque
1113 5457 1239 5533 eum
1269 5460 1444 5533 facere
1471 5464 1672 5533 liquido

170 5533 391 5601 fgnstare
431 5535 580 5601 puto.
629 5525 1217 5601 Creterum’sigenillud
1261 5525 1556 5598 γραφέντος
1605 5533 1672 5585 ad

169 5585 446 5647 Hieroclem'
469 5594 703 5650 referas,
746 5590 855 5643 sive
884 5594 946 5644 ad
977 5585 1353 5649 Philostratuiri
1384 5585 1490 5653 bon
1535 5585 1673 5653 mul-

164 5661 262 5711 κω
286 5660 542 5727 intererit,
580 5673 708 5712 nam
736 5667 902 5724 petest
925 5660 1146 5730 γραφείς
1171 5677 1292 5719 esse
1318 5666 1409 5721 ille
1438 5683 1669 5739 quoque,

1768 3197 2025 3259 videatur,
2044 3198 2198 3265 plane
2215 3196 2619 3263 repudiandum.
2654 3194 2710 3247 In
2748 3194 2994 3262 ambiguo
3021 3194 3160 3247 enim
3193 3193 3298 3246 hae-

1767 3294 1867 3345 ret.
1898 3302 2023 3338 num
2072 3287 2250 3338 vitalis
2275 3300 2417 3337 aurae
2456 3285 2709 3346 scintilla,
2746 3284 2798 3336 in
2835 3284 3010 3351 puella
3058 3281 3295 3341 residua,

1769 3376 2003 3429 medicos
2045 3376 2279 3429 latuerit.
2321 3373 2536 3426 Famam
2586 3373 2727 3425 enim
2775 3386 2896 3425 esse
2936 3371 3029 3433 ait,
3064 3371 3297 3438 pluviam

1770 3470 1878 3517 tum
1902 3465 2159 3518 cecidisse
2195 3463 2633 3532 placidissimam.
2668 3476 2733 3514 ex
2773 3460 2959 3528 puellae
3006 3473 3133 3511 vero
3162 3456 3299 3510 facie

1770 3568 2013 3622 vaporem
2051 3554 2353 3622 exhalasse.
2393 3552 2460 3603 At
2492 3558 2656 3612 certe,
2699 3549 2744 3602 si
2792 3563 2914 3601 vere
2944 3548 3046 3600 tale
3086 3547 3211 3615 quid
3243 3546 3299 3597 in

1768 3645 1884 3713 ipsa
1924 3644 2055 3697 urbe
2080 3641 2322 3694 Romana
2363 3640 2549 3694 fuisset
2584 3646 2887 3707 patratum,
2916 3634 3097 3703 fugere
3127 3635 3301 3705 primo

1768 3733 1941 3802 ipsum
1981 3732 2191 3801 quidem
2232 3745 2338 3782 non
2374 3730 2637 3797 potuisset
2686 3729 3090 3795 imperatorem,
3127 3739 3301 3793 neque

1770 3822 2059 3892 principes,
2084 3821 2174 3890 qui
2204 3820 2505 3889 proximum
2527 3817 2575 3871 ei
2604 3818 2778 3869 locqu
2806 3814 3067 3880 obtinent;
3090 3828 3299 3878 omnes,

1772 3911 2035 3978 praecipue
2064 3917 2261 3971 autem,
2300 3907 2390 3976 qui
2418 3922 2480 3959 ea
2520 3910 2829 3973 tempestate
2852 3903 2902 3955 in
2922 3904 3040 3956 istis
3063 3903 3303 3971 partibul

1772 4001 1982 4069 agebat,
2018 4000 2124 4051 into
2166 3999 2215 4051 in
2264 3997 2377 4066 ipsa
2422 3997 2554 4049 urbe
2599 3994 2765 4047 Roma
2810 4001 2922 4046 tum
2964 3995 3301 4056 versabatur,

1776 4089 2089 4157 Euphratem
2120 4088 2517 4157 philosophum,
2552 4086 2643 4155 qui
2691 4084 3141 4152 subsequentibus
3169 4091 3305 4135 tem-

1774 4181 2015 4249 poribus.
2040 4180 2458 4233 controversiam
2478 4188 2732 4247 tanquam
2753 4191 2905 4245 mago
2930 4191 2977 4229 et
3012 4175 3305 4227 intentasse

1776 4273 2106 4327 narratur".
2140 4270 2278 4325 Sane
2322 4287 2449 4326 vero
2481 4272 2583 4325 hoc
2626 4270 2845 4324 omnino
2892 4270 3077 4330 etiam,
3110 4268 3155 4325 si
3187 4265 3309 4335 qui-

1773 4361 1891 4416 dem
1923 4361 2123 4415 factum
2152 4362 2201 4414 id
2230 4369 2390 4423 esset,
2424 4361 2633 4415 caeteris
2667 4359 3109 4428 imputationilms
3134 4359 3197 4409 ab
3218 4372 3310 4409 ac-

1777 4461 2025 4508 cusatore
2058 4452 2298 4505 additqu
2342 4451 2549 4506 fuisset.
2581 4452 2755 4520 Atque
2786 4451 2888 4503 ista
2920 4449 3135 4523 quidem
3182 4454 3309 4503 sunt

3125 4603 3171 4634 "
3210 4603 3303 4657 lib.

1702 4787 1746 4840 1)
1773 4782 1862 4848 qui
1893 4780 2034 4855 (item
2056 4782 2295 4843 intendit.
2328 4801 2445 4852 quae
2469 4786 2649 4855 γραφή
2684 4783 2880 4836 dicitur
2902 4801 2931 4855 _:
2972 4782 3136 4855 forma
3165 4782 3306 4837 enim

1775 4851 1984 4971 passiva
2026 4851 2126 4903 hoc
2173 4851 2391 4907 verbum
2429 4851 2599 4907 active
2639 4851 2823 4905 tamen
2870 4851 3171 4920 significare
3210 4854 3311 4905 tri-

1800 4934 1906 4969 um.

1800 4934 1906 4969 um.

1812 4985 1951 5066 _(5i0)
2085 5003 2251 5066 φασι.
2278 4988 2467 5066 Forma
2498 4986 2899 5066 hmcjoquendi
2924 4989 3142 5066 vulgare
3173 4989 3303 5066 illud

1773 5054 1972 5108 dictum
2000 5054 2163 5108 fuisse
2190 5057 2382 5121 innuit,
2413 5067 2590 5109 natum
2621 5054 2754 5108 forte
2779 5071 2843 5107 ex
2875 5054 3180 5110 Jutltznrum
3211 5058 3307 5110 ad-

1772 5138 1959 5176 versus
1984 5121 2311 5178 Salvatorem
2340 5126 2626 5186 calumnia,
2644 5125 2727 5177 vel
2753 5124 2819 5177 iis
2836 5124 2997 5177 etiam
3018 5128 3125 5191 jam
3152 5136 3307 5180 antea

1774 5192 1902 5263 trito
1929 5206 2028 5244 usu
2056 5203 2345 5263 receptum,
2370 5201 2422 5245 et
2446 5196 2642 5263 passim
2670 5194 2827 5263 deAiis
2865 5193 3186 5263 adhibitum,
3210 5197 3304 5263 qui

1771 5260 1969 5335 malum
1999 5262 2145 5335 malo
2170 5259 2513 5335 depellerent.
2550 5261 2638 5315 Sic
2672 5259 2794 5325 inf.,
2828 5274 2879 5313 c.
2919 5261 3008 5327 52,
3038 5264 3172 5317 ἀλλὰ
3199 5259 3304 5335 γάρ

1772 5327 2093 5399 καὶ-τυφλῷ,
2123 5327 2272 5398 (post,
2306 5330 2485 5399 δῆλον,
2509 5339 2613 5384 etc.

1842 5396 1950 5464 (41)
2002 5396 2424 5468 numerarer.
2475 5398 2548 5451 Ita
2605 5402 2843 5456 rescribo
2902 5402 3159 5456 audacter
3212 5400 3309 5468 pro

1773 5465 2130 5543 éﬁtﬂO‘iétnv
2158 5470 2427 5543 quodest
2458 5468 2512 5521 in
2541 5469 2724 5543 editis.
2755 5470 3025 5543 imperitis
3045 5541 3054 5543 μ
3074 5465 3309 5523 librariis

1773 5532 1951 5587 fucum
1982 5532 2108 5587 fecit
2135 5532 2275 5604 quod
2295 5536 2447 5600 δόξαν
2469 5532 2853 5593 substantin
2876 5539 3180 5605 femininum
3211 5552 3310 5605 pu-

1774 5609 1968 5679 tarent,
2010 5604 2154 5679 quod
2198 5616 2374 5661 tamen
2406 5613 2487 5660 est
2532 5604 3151 5679 ρανιὶεέρὶιιτηαόριστον
3184 5604 3307 5658 m-

1778 5671 2137 5741 crius-generis.
