3782 6338
44 425 162 481 853
1191 428 1388 483 LIBER
1417 427 1537 485 C03

1777 422 2125 482 IEROCLEM.
2622 467 2628 473 .
3149 421 3270 513 εει,

610 537 989 598 ΚΕΦᾹΛΑΙΟΝ
1026 547 1112 599 Μ’.
1651 553 1698 607 Α

1651 553 1698 607 Α
2297 536 2522 594 εΑΡυτ
2559 533 2668 591 XL.-

129 632 310 688 Ἀλλά
358 635 475 707 γὰρ
517 637 618 689 οὐκ
668 639 724 698 ὲς
768 635 981 704 μακρὰν
1023 631 1174 699 αὖθις
1221 637 1249 687 ό
1289 628 1385 705 τῆς
1429 630 1622 704 φύσεως

1804 628 1998 684 Verum
2037 640 2226 682 rursus
2270 642 2378 680 non
2423 624 2497 679 ita
2537 625 2703 678 multo
2743 634 2862 694 post
2893 632 3099 679 naturae
3132 624 3251 693 ejus

52 722 463 795 καραθήσεται
510 725 747 795 ἔλεγχος.
783 726 986 779 Αὐτίκα
1015 728 1123 797 γάρ
1157 739 1297 789 τινος
1328 726 1545 779 ὲπιστάν

1760 720 1890 774 lobis
1941 717 2365 787 suppeditabitur
2404 721 2771 784 argumentum
2806 716 2871 769 ι’.
2902 716 3035 771 Cum
3068 733 3133 769 ex
3169 717 3253 769 ill-

41 813 237 885 αὐτῷ,
284 814 395 868 καὶ
444 816 713 885 φήσαντος
734 833 750 847 ο
797 834 814 866 ι
852 816 1062 885 ’Δφίησί
1095 833 1180 881 σε,
1220 811 1265 867 ὦ
1300 814 1533 867 Ἀπολλώ

1760 816 1945 878 perato
1960 807 2101 860 enim
2130 806 2193 859 ad
2222 820 2343 859 eum
2375 802 2654 857 accederet
2684 817 2791 855 non
2813 818 2989 867 nemo,
3021 805 3252 857 diceret-

36 906 291 960 τουτωνὶ
354 906 472 961 τῶν
535 906 746 977 δεσμῶν
786 910 815 960 6
865 907 1149 977 βασιλεὺς,
1204 908 1296 959 καὶ
1360 906 1529 959 ὲλεύθε

1760 915 1834 969 [ne
1865 918 1879 953 :
1914 915 1933 948 ι
1957 896 2116 951 Hisce
2145 903 2194 948 te
2226 893 2484 958 vinculis,
2523 905 2556 945 o
2580 890 2861 961 Apolloni,
2901 893 3060 945 eximi
3099 893 3253 961 jubet

39 996 453 1066 δεσμωτήριον
482 1000 753 1067 συγχωρεῖ
771 999 953 1061 οἰκεῖν,
991 1017 1008 1047 ι
1033 1000 1061 1050 6
1085 997 1340 1068 κρείττων
1366 996 1398 1066 ἢ
1429 996 1532 1066 ἀνθ]

1751 995 2038 1056 mperator,
2091 992 2255 1053 utque
2312 983 2366 1035 in
2397 981 2642 1035 liberiore
2668 994 2885 1033 carcere
2922 981 3081 1049 degas
3120 995 3244 1049 per-

49 1100 168 1147 πος,
197 1086 312 1138 καὶ
344 1085 460 1139 τῶν
490 1086 785 1157 μελλόντων
811 1085 1186 1156 προγνώστης,

1751 1078 1925 1143 nillil;
1950 1096 1967 1128 ι
1999 1083 2110 1129 tum
2152 1077 2289 1128 ultra
2328 1072 2601 1126 hominum
2644 1078 2842 1127 sortem
2885 1072 3093 1141 positus
3131 1070 3244 1133 ille,

1730 1167 2130 1234 futurorumque
2160 1171 2314 1216 antea
2348 1175 2569 1250 gnarus,

47 1257 272 1327 Κωφοὗ
305 1275 380 1311 τε
406 1258 639 1325 ξυνιεὶς
660 1259 792 1330 (89),
813 1259 907 1312 καὶ
941 1261 1011 1312 οὐ
1035 1259 1357 1324 λαλέοντος
1381 1259 1540 1312 ἀκούι

1796 1272 1933 1326 luti
1965 1271 2253 1339 concipiens
2285 1249 2560 1332 animum,
2585 1283 2863 1338 sensusque
2896 1267 3133 1330 tacentis,
3174 1249 3181 1256 ’

46 1366 154 1418 ὑπὸ
180 1365 300 1434 τῆς
330 1365 505 1433 ἄγαν,
533 1366 610 1428 ὡς
649 1367 815 1429 εἰκὸς,
855 1366 1197 1436 περιχαρείας
1225 1364 1506 1418 ἀποπεσὼν
1537 1387 1539 1397 λ

1768 1401 1839 1439 rae
1883 1384 2084 1448 nimio,
2128 1391 2186 1437 ut
2229 1382 2459 1443 videtur,
2504 1380 2700 1450 gaudio
2743 1380 2960 1433 fatidica
3006 1378 3257 1434 excideris

46 1455 447 1526 προγνώσεως
466 1496 482 1519 ,
529 1457 847 1511 πυνθάνεται
879 1457 1079 1525 λέγων·
1110 1477 1128 1508 ι
1166 1455 1258 1519 Τίς
1294 1452 1385 1509 οὖν
1414 1459 1442 1509 6
1474 1473 1539 1526 με

1765 1476 1953 1535 irtute.
1993 1474 2235 1526 nuntium
2278 1480 2459 1541 rogat:
2489 1489 2507 1522 ι
2537 1469 2668 1535 Quis
2700 1484 2827 1523 vero
2859 1485 2943 1522 me
2976 1469 3151 1523 isthac
3176 1473 3258 1521 est

47 1546 362 1599 σκευάσων
407 1547 466 1617 μ’
502 1546 780 1611 ἐντεῦθεν;
817 1566 834 1597 ι
879 1547 935 1599 '0
975 1546 1063 1599 δέ*
1104 1564 1121 1596 ι
1176 1545 1344 1613 Ἐγὼ,
1382 1546 1503 1616 ἔφη,

1766 1563 2109 1617 'aducturusl
2148 1581 2167 1608 ι
2202 1559 2293 1616 llle
2342 1572 2518 1615 autem
2558 1579 2570 1613 :
2602 1578 2620 1610 ι
2658 1559 2797 1629 Ego,
2854 1558 3159 1628 respondit,
3201 1567 3259 1614 tu

46 1634 208 1689 ﬁmo.
241 1653 265 1685 ι

1729 1654 1886 1708 modo
1922 1668 2167 1722 sequere.
2199 1670 2217 1702 ι

586 1745 971 1798 ΚΕΦΑΛΛΙΟΝ
1008 1746 1139 1798 ΜΑ’.

2299 1758 2523 1815 CAPUT
2568 1758 2699 1812 XLI.

117 1852 259 1909 Εἶτα
293 1856 405 1907 καὶ
427 1854 587 1923 λόγον
609 1855 895 1924 ἀπολογίας
912 1856 940 1906 6
962 1853 1228 1916 θειότατος
1257 1855 1395 1925 μάλα
1420 1871 1482 1922 γε
1517 1871 1610 1907 συν

1803 1852 2080 1908 Postremo
2138 1852 2180 1883 υ
2235 1849 2530 1903 oralionem
2589 1846 2976 1917 apologeticam
3049 1860 3260 1916 quoque

47 1948 235 1999 τάττει
268 1944 802 2015 πεφροντισμένως,
831 1946 1054 2013 ἀγνοῶν,
1085 1947 1163 1999 ὅτι
1200 1946 1333 2015 δῆτα
1376 1946 1433 2008 ἐς
1465 1945 1539 2015 μά

1764 1942 2035 2010 :omposuil
2081 1938 2257 1995 studio
2301 1936 2509 2007 ingenti
2552 1936 2635 1989 vir
2680 1936 2770 1991 ille
2815 1936 2973 2005 plane
3010 1934 3257 1998 divinus,

52 2036 200 2107 αὐτῷ
226 2035 731 2105 σπουδασθήσεται
750 2038 782 2106 ἡ
803 2039 1005 2107 γραφή.
1035 2037 1214 2089 Οίεται
1239 2036 1333 2106 μὲν
1353 2035 1459 2107 γὰρ
1478 2038 1545 2088 ἀκ

1768 2047 1957 2101 gnarus
1999 2045 2189 2094 nempe
2230 2029 2440 2082 inanem
2490 2041 2705 2096 operam
2748 2025 2802 2078 in
2850 2041 2916 2079 eo
2962 2039 3019 2079 se
3060 2025 3261 2092 scripto

58 2125 375 2196 σθήσεσθαι
426 2123 596 2176 αὑτοῦ
645 2125 1071 2196 ἀπολογουμένου
1105 2125 1387 2194 βασιλέως*
1421 2125 1530 2184 καὶ,

1770 2127 2200 2190 onsumpturum.
2230 2116 2462 2171 Putabat
2490 2119 2630 2169 enim
2664 2129 2722 2170 se
2758 2115 2824 2169 ab
2849 2115 3168 2183 imperatore
3194 2113 3259 2167 iri

56 2212 452 2281 ἁκουσομένου
495 2228 560 2280 γε
624 2213 824 2283 σφόδρα
890 2214 1122 2276 πιθανῶς
1172 2212 1549 2282 παρασκευὰζε

1774 2210 1978 2263 uditum
2012 2208 2325 2262 recitantem
2359 2204 2655 2274 apologiam
2684 2222 2700 2260 :
2730 2219 2900 2273 eoque
2933 2203 3072 2272 quod
3109 2203 3263 2257 audi-

50 2302 150 2372 τὴν
179 2300 507 2363 ἀπολογίαν
527 2317 540 2331 ο
570 2303 598 2353 6
622 2301 699 2362 δὲ,
732 2301 930 2372 ταύτην
960 2300 1031 2371 μὴ
1060 2300 1364 2371 ἀναμείνας,
1401 2301 1457 2362 ἐς
1487 2302 1543 2353 οὐ

1771 2314 1915 2352 arum
1948 2311 2068 2351 eum
2099 2300 2368 2364 speraret,
2412 2293 2477 2347 ad
2523 2292 2948 2363 persuadendum
2990 2307 3112 2346 cum
3151 2307 3264 2346 lna-

58 2394 217 2445 αὒτοῦ
244 2394 366 2463 τὴν
410 2392 650 2462 σπουδὴν
682 2394 1061 2460 κατεστήσατο.
1110 2393 1301 2444 ’Ἄκουε
1337 2391 1400 2462 δὴ
1427 2387 1551 2445 οὗνε

1770 2385 1883 2440 .ime
1919 2385 2216 2439 orationem
2253 2384 2549 2452 componit.
2582 2381 2763 2437 Caesar
2795 2391 2970 2437 tamen
3004 2397 3120 2437 eam
3155 2396 3263 2437 non

53 2484 183 2552 περὶ
219 2483 459 2536 τούτων
487 2477 579 2535 οἷά
613 2498 773 2552 φησιν
801 2483 830 2533 6
869 2481 1113 2550 ἔλεγχος·
1145 2499 1163 2531 ι
1199 2481 1410 2552 Ἐπειδὴ
1451 2482 1505 2534 δὲ
1545 2503 1546 2507 π

1771 2489 1914 2529 arens
1942 2474 2152 2527 irritum
2185 2472 2303 2540 ejus
2348 2470 2583 2526 studium
2636 2471 2883 2527 reddidit.
2925 2470 3063 2525 Audi
3101 2470 3264 2541 igitur

59 2572 212 2639 λόγος
256 2570 433 2641 αὐτῷ
472 2570 782 2641 ωνεγράφη
814 2586 930 2632 τις,
958 2564 1032 2630 ὥς
1070 2569 1204 2639 πρὸς
1248 2567 1552 2638 ὓδωρ(90)η

1772 2580 1802 2619 e
1830 2564 1913 2618 bis
1940 2565 2099 2618 etiam
2128 2561 2257 2632 quid
2288 2561 2432 2616 dicat
2459 2562 2560 2617 sibi
2590 2562 2692 2630 ipsi
2722 2561 3041 2616 adversante
3068 2562 3265 2615 oratio-

56 2663 370 2730 ἀπολογίαν
404 2661 521 2730 ἀφή
531 2676 674 2712 σοντι
691 2658 820 2729 (9i),
851 2656 1048 2722 ξυνεῖλε
1071 2656 1127 2709 δὲ
1158 2657 1313 2709 αὐτὸν
1335 2659 1363 2710 6
1384 2657 1549 2727 τύραν

1775 2667 1804 2706 e
1833 2652 1879 2683 "
1906 2669 1920 2704 :
1949 2669 1968 2701 ι
1998 2650 2263 2716 Quoniam
2312 2664 2440 2703 vero
2482 2649 2656 2703 oratio
2691 2650 2852 2703 etiam
2881 2649 2929 2704 ei
2960 2650 3264 2719 conscripta

56 2756 114 2814 ἐς
135 2755 203 2819 ἀς
224 2754 450 2826 εἴρηκα
483 2755 800 2823 ἐρωτήσεις,
830 2748 1221 2819 ἀναγεγράφθω
1250 2750 1339 2801 καὶ
1359 2752 1387 2802 6
1411 2749 1549 2816 λόγος

1769 2747 1849 2801 st,
1886 2745 1944 2791 ut
1974 2740 2067 2807 qui
2096 2738 2162 2792 ad
2197 2737 2531 2808 clepsydram
2562 2752 2776 2792 causam
2807 2745 2948 2792 esset
2976 2738 3222 2793 dicturus
3246 2778 3261 2801 ,

63 2844 200 2914 Ὅρα
242 2844 319 2912 δὴ
362 2841 492 2903 πῶς
531 2840 630 2892 τοῦ
676 2839 951 2909 μέλλοντος
998 2838 1321 2909 πορρωτάτω
1359 2838 1556 2906 τυγχάν

1773 2845 1858 2883 uni
1922 2835 2096 2883 autem
2152 2836 2413 2899 tyrannus
2473 2829 2612 2881 intra
2674 2828 3069 2896 quaestionum,
3131 2843 3266 2897 quas

59 2930 87 2981 6
116 2927 302 2980 πάντα
348 2924 639 2988 θειότατος
662 2963 676 2987 ,
725 2924 858 2994 μετά
891 2923 1142 2993 πλείστης
1180 2924 1309 2993 ὅσης
1346 2925 1552 2994 φροντίδ

1776 2918 1885 2982 ixi,
1919 2920 2194 2987 angustias
2235 2919 2532 2983 conclusit,
2562 2918 2736 2971 oratio
2763 2932 2973 2986 quoque
2997 2917 3122 2971 huic
3154 2918 3269 2972 his-

58 3016 134 3079 ὼς
177 3017 328 3088 πρὸς
383 3015 539 3088 ὕδωρ
578 3015 680 3085 τὴν
723 3015 1009 3081 ἀπολογίαν
1058 3013 1407 3085 ποιησόμενος
1447 3017 1551 3067 ἐστι

1772 3008 1887 3063 πίω
1914 3009 2229 3063 inseratum
2260 3006 2390 3062 Vide
2418 3008 2580 3076 ig'lur
2600 3013 2659 3059 ut
2685 3021 2713 3059 a
2738 3005 2933 3061 futuris
2960 3007 3265 3076 longissime

58 3103 237 3170 δαξεν.
908 3103 915 3113 “
1025 3128 1033 3137 -
1738 3098 2026 3160 aberrans,
2070 3097 2150 3151 vir
2193 3097 2283 3151 ille
2328 3097 2488 3166 plane
2526 3096 2776 3159 divinus,
2830 3111 2992 3165 quam
3037 3096 3267 3150 maxima

1667 3180 1711 3241 C
1740 3185 1912 3253 potuit
1937 3198 2067 3238 cura
2089 3223 2105 3248 ,
2132 3184 2277 3239 velut
2304 3183 2371 3237 ad
2401 3183 2738 3254 clepsydram
2767 3182 3015 3238 dicturus
3038 3225 3052 3248 ,
3083 3184 3267 3242 elabo-

1731 3275 1947 3330 raverit.

586 3362 976 3431 ΚΕΦΑΛΑΙΟΝ
1022 3363 1148 3415 MB'.

2271 3361 2497 3416 CAPUT
2533 3361 2693 3418 XLII.

143 3453 311 3507 Ἀλλά
349 3453 468 3522 γὰρ
496 3450 820 3521 διεξιτητέον
850 3452 942 3504 καὶ
962 3450 1056 3520 τὴν
1092 3454 1147 3514 ὲς
1175 3451 1345 3521 μάτην
1378 3450 1522 3520 αὐτῷ
1548 3466 1636 3502 πε-

1802 3453 1867 3508 At
1895 3462 1948 3509 et
1975 3456 2087 3523 ipsa
2110 3452 2473 3521 percensenda
2491 3460 2575 3507 est
2596 3452 2793 3506 frustra
2817 3451 2883 3504 ab
2908 3464 2972 3504 eo
2995 3450 3266 3504 elaborata

63 3540 384 3610 ποιημένην
414 3535 735 3603 ἀπολογίαν,
756 3535 810 3597 ἀ,
846 3537 919 3600 ὡς
956 3537 1122 3590 πολλά
1160 3538 1252 3590 καὶ
1273 3538 1381 3607 (92)
1416 3538 1545 3591 ἀλλα

1774 3544 2007 3613 pologia,
2050 3550 2104 3598 et
2135 3557 2284 3612 quae,
2318 3542 2483 3596 multa
2532 3542 2636 3595 alia
2682 3541 2838 3603 inter,
2886 3535 3046 3607 538
3071 3540 3267 3607 quibus

62 3628 232 3699 ταύτῃ
260 3625 597 3698 Δομετιανῷ
630 3626 975 3695 προσφωνῶν,
1005 3625 1417 3691 ἀπαυθαδίζεται
1444 3627 1555 3694 λέγι

1778 3633 2096 3688 umitianum
2121 3630 2438 3700 compellat,
2489 3635 2802 3698 arroganter
2848 3627 3037 3696 jactal,
3069 3626 3269 3682 diserte

67 3719 193 3780 «Ὦς
227 3720 347 3788 ἄρα
391 3714 802 3776 Οὐεσπασιανὸς
849 3715 907 3766 σὲ
955 3714 1050 3783 μὲν
1096 3713 1314 3783 βασιλέα
1366 3716 1560 3784 smine:

1774 3719 1978 3787 lquieus
2013 3718 2096 3771 ’δι
2134 3735 2154 3768 ι
2187 3716 2263 3772 Te
2311 3717 2472 3786 igitur
2500 3716 2875 3785 imperatorem
2910 3713 3267 3786 Vespasianus

62 3802 152 3852 ὑπ’
185 3800 329 3871 ἐμοῦ
362 3800 425 3853 δὲ
449 3799 689 3866 ἐγένετο.
721 3817 739 3849 ι
765 3799 931 3852 Βαὸαὶ
952 3800 1047 3869 τῆς
1074 3800 1410 3863 ἀλαζονείαςῑ
1436 3802 1499 3867 ἢν
1521 3804 1555 3853 ολ

1770 3809 1878 3871 scil,
1908 3808 2023 3876 ipse
2052 3822 2082 3860 a
2124 3821 2212 3861 me
2263 3814 2348 3861 est
2402 3806 2598 3860 factus.
2658 3825 2677 3856 ›
2716 3804 2829 3858 Vah
2878 3804 3263 3875 arrogantiam!

60 3909 123 3958 γε
152 3894 181 3943 ὁ
205 3890 424 3961 τυχὼν,
460 3889 581 3943 ἀλλ’
612 3888 729 3941 οὐδὲ
774 3891 822 3941 εί
875 3888 1154 3956 φιλόσοφός
1182 3906 1265 3952 τις
1287 3890 1515 3961 ἀληθῶς,
1547 3909 1553 3944 :

1776 3912 1835 3950 ua
1864 3913 1929 3951 ne
1971 3913 2036 3950 ex
2088 3898 2247 3967 vulgo
2277 3897 2492 3966 quidem
2546 3895 2847 3965 quispiam.
2903 3895 3096 3948 nedum
3145 3907 3269 3949 vere

65 3981 205 4032 κατά
239 3977 608 4051 ἀνθρωπείαν
638 3977 942 4047 ὑπεραίρων
976 3979 1208 4045 ἐγεγόνει
1243 3979 1416 4047 φύσιν,
1449 3982 1558 4051 ire;

1775 3984 2081 4051 hilosophus
2109 4022 2124 4044 ,
2187 3983 2526 4051 humanaque
2571 3982 2923 4035 excellentior
2967 3990 3159 4036 natura
3211 3995 3268 4035 se

59 4069 301 4122 τεύσατο
330 4068 424 4129 ἂν,
466 4065 542 4135 μὴ
570 4065 692 4133 οὐχὶ
728 4064 880 4134 δίκην
914 4065 1094 4127 ἀνοίας
1124 4066 1272 4135 παρά
1307 4070 1415 4129 τοῖς
1440 4066 1547 4137 ἔμφ

1774 4073 1956 4132 lctitet,
1985 4074 2090 4126 nisi
2126 4073 2350 4127 insania:
2376 4074 2550 4127 dicam
2595 4089 2626 4126 a
2678 4072 3118 4141 prudentioribus
3165 4072 3267 4127 sibi

65 4173 146 4209 σιν
174 4156 468 4225 ὑποσχών.
502 4151 635 4206 Εἶτα
658 4154 715 4206 δὲ
743 4154 839 4222 τῆς
865 4156 984 4206 κατ’
1013 4154 1169 4207 αὑτὸν
1201 4154 1429 4222 ὑποψίας
1453 4158 1558 4208 ἑαυι

1778 4163 1896 4215 :ribi
1951 4162 2097 4213 velit.
2138 4159 2336 4214 Deinde
2380 4175 2507 4214 vero
2556 4174 2587 4213 a
2640 4159 2980 4229 suspicione,
3015 4173 3117 4227 qua
3158 4171 3271 4226 prec

58 4247 451 4315 ἀπολυόμενος
479 4242 614 4312 (95),
643 4241 812 4294 ταῦτα
843 4242 968 4312 περὶ
999 4245 1205 4313 γοήτων
1222 4245 1379 4313 φησίν
1397 4262 1411 4276 ο
1443 4264 1462 4296 ι
1485 4246 1551 4298 Ἀ]

1777 4251 2012 4312 lebatur,
2051 4265 2110 4304 se
2140 4250 2312 4318 ipsum
2345 4264 2611 4318 purgans,
2653 4250 2930 4318 sequentia
2972 4248 3174 4319 profert
3204 4248 3270 4303 de

59 4336 189 4398 τοίις
214 4336 437 4405 γόητας
464 4332 824 4401 ψευδοσόφους
851 4332 1008 4401 φημί.
1042 4332 1120 4385 Τά
1150 4333 1258 4402 γὰρ
1287 4334 1386 4388 οὐκ
1410 4335 1536 4391 ὄντα

1777 4334 1904 4403 uagis
1932 4334 2012 4388 ηε
2045 4352 2065 4384 ι
2106 4332 2363 4403 Equidem
2408 4349 2594 4403 magos
2645 4334 2791 4389 falsae
2821 4335 3095 4404 sapientiae
3143 4344 3270 4405 puto

57 4440 149 4477 ναι
182 4427 329 4494 παρ’
357 4424 569 4484 αὐτοῖς,
595 4422 689 4473 καὶ
708 4420 777 4472 τὰ
804 4420 948 4482 ὄντα,
979 4421 1312 4475 ἀπιστεῖσθαι
1333 4421 1459 4493 (94).
1486 4446 1504 4478 ι
1528 4425 1550 4476 it

1778 4422 1979 4476 luluuos
2011 4436 2149 4477 esse.
2181 4421 2313 4476 Nam
2342 4437 2462 4491 quae
2489 4438 2599 4477 non
2631 4433 2779 4489 sunt,
2806 4431 2864 4477 ut
2892 4438 3013 4479 esse
3054 4424 3271 4479 videan-

58 4485 310 4578 ταμάθοι
343 4511 392 4562 δ’
423 4505 519 4561 οὖν
546 4525 630 4570 τις
662 4506 725 4559 ἔκ
750 4524 809 4559 τε
834 4508 930 4577 τῆς
968 4508 1091 4576 ὅλης
1130 4485 1518 4578 πραγματείας,
1546 4528 1551 4562 :

1769 4525 1842 4572 ur,
1865 4517 1918 4563 et
1939 4525 2058 4579 quae
2086 4519 2230 4577 sunt,
2266 4517 2324 4565 ut
2354 4485 2460 4565 non
2504 4526 2625 4567 esse
2671 4485 2954 4566 videantur
2985 4512 3207 4566 faciunt.
3242 4530 3262 4564 ι

57 4601 169 4654 τῶν
201 4605 264 4654 ὲν
296 4601 464 4671 μέρει
502 4595 901 4667 δεδηλωμένων.
931 4599 1130 4668 πότερα
1153 4599 1210 4651 ὲν
1242 4598 1401 4662 θείοις
1428 4601 1518 4652 καὶ
1549 4630 1550 4633 η

1779 4615 1811 4652 x
1834 4605 1945 4652 tota
1974 4600 2135 4669 igitur
2162 4601 2264 4655 ista
2297 4602 2641 4663 tractalione,
2672 4610 2725 4655 et
2758 4600 3029 4668 sigillatiln
3058 4600 3270 4668 exposi-

59 4688 348 4758 λοςόφοις,
387 4688 421 4757 ἢ
452 4690 511 4739 ὲν
534 4686 725 4755 γόησιν
754 4685 914 4738 αὑτὸν
942 4687 1322 4750 κατατακτὲον,
1350 4688 1552 4742 πιστεύς

1778 4707 1802 4745 s
1827 4690 2095 4754 omnibus,
2120 4691 2300 4745 discas
2329 4692 2474 4754 licet,
2505 4707 2571 4744 an
2613 4690 2666 4743 in
2695 4689 2817 4754 diis,
2848 4704 2917 4743 an
2948 4691 3000 4743 in
3043 4689 3270 4757 philoso-

57 4773 141 4841 οἷς
174 4797 238 4833 τε
274 4778 450 4839 αὐτὸς
492 4775 623 4843 περὶ
666 4777 873 4845 γοήτων
916 4777 1007 4827 καὶ
1056 4775 1393 4844 ψευδοσόφων
1429 4778 1545 4849 είρη

1777 4778 1874 4843 bis,
1909 4792 1976 4830 an
2010 4778 2061 4830 in
2087 4779 2256 4847 magis
2281 4778 2583 4832 censendus
2609 4778 2712 4839 sit,
2766 4776 2833 4829 iis
2882 4775 3131 4830 admissis
3153 4791 3270 4846 qua:

60 4869 157 4925 καὶ
210 4865 304 4932 οἷς
354 4867 658 4936 δεδήλωκεν
708 4867 740 4934 ἡ
794 4868 909 4916 κατ’
934 4866 1089 4919 αὐτὸν
1136 4867 1357 4936 ἱστορία.
1384 4868 1548 4938 Δρῦές

1772 4881 1847 4920 )58
1868 4865 1933 4920 de
1964 4866 2133 4934 magis
2170 4872 2221 4919 et
2249 4867 2443 4934 spuria:
2473 4863 3083 4934 sapientim‘cultoribus
3110 4862 3265 4926 dixit,

59 4956 193 5027 γὰρ,
228 4958 337 5010 καὶ
365 4955 610 5014 πτελέαι,
641 4953 884 5023 ἐνάρθρῳ
918 4954 1009 5006 καὶ
1052 4952 1236 5023 θηλείᾳ
1265 4960 1413 5026 φωνῇ
1444 4956 1552 5009 λαλι

1775 4963 1788 5008 t
1814 4970 1931 5024 qua)
1961 4955 2183 5009 historia
2237 4954 2356 5021 eius
2383 4954 2449 5008 de
2479 4955 2594 5022 ipso
2622 4951 2827 5007 retulit.
2863 4950 2996 5005 Nam
3039 4967 3268 5021 quercus

59 5059 177 5107 σαι,
213 5045 322 5097 καὶ
360 5042 611 5114 τρίποδες
642 5040 926 5109 αὐτόματοι
970 5039 1276 5108 φοιτῶντες,
1307 5041 1400 5092 καὶ
1422 5042 1552 5111 χάλκ

1776 5053 1787 5097 t
1816 5044 1941 5097 ulmi
1966 5044 2008 5075 “
2035 5043 2316 5096 articulata
2348 5057 2411 5094 ac
2436 5041 2684 5096 muliebri
2709 5054 2838 5094 voce
2874 5041 3084 5105 locutae,
3113 5043 3269 5112 tripo-

136 5195 180 5225 “
226 5194 340 5248 lib.
411 5209 486 5247 vn
512 5232 528 5254 ,
562 5207 613 5246 c.
643 5192 731 5247 40.
833 5192 877 5224 ’³
913 5190 1007 5245 lib.
1036 5204 1182 5251 vni,
1213 5203 1262 5242 c.
1298 5189 1349 5242 7.
1450 5192 1493 5224 "
1529 5193 1621 5249 lib.
1658 5211 1779 5257 vlll,
1841 5211 1891 5250 c.
1952 5194 2006 5249 6.
2105 5194 2150 5225 ³⁵
2186 5194 2279 5247 lib.
2322 5210 2454 5257 vm,
2496 5209 2547 5249 c.
2589 5194 2637 5244 7.
2738 5194 2779 5224 "
2819 5193 2910 5248 lib.
2950 5207 3081 5256 vul,
3122 5207 3173 5248 c.
3214 5192 3268 5249 7.

62 5260 106 5293 “
143 5261 251 5315 lib.
297 5276 392 5324 vt,
427 5278 482 5317 c.
520 5261 607 5314 10.

152 5372 253 5449 ἐξ)
296 5369 769 5449 ἔφρυθ,τεέ3²νυ
810 5357 1421 5449 YidesupraF-i‘n-H.
1496 5444 1505 5449 _
1586 5448 1589 5449 ,

1781 5374 1915 5449 (9'5)
1958 5374 2402 5449 ξΑπρλρόμενος.
2445 5371 2535 5449 Sic
2586 5371 2881 5449 rescribere
2916 5388 3023 5426 non
3058 5370 3274 5426 dubita-

270 5510 284 5515 _
315 5433 412 5507 Ώξ
434 5438 794 5515 apag-ﬁdem.
829 5435 938 5515 Sic_
967 5433 1050 5489 εί
1091 5447 1203 5515 lus;
1218 5441 1269 5486 et
1300 5433 1635 5515 P!!liO_Sll‘1_ll0

1428 5444 1635 5515 ostrato
1735 5433 1923 5515 vi,‘pro
1952 5433 2330 5515 ἀπολυόμενον,
2349 5433 2495 5515 quod
2525 5445 2577 5496 in
2600 5440 2759 5515 editis
2790 5449 2921 5494 erat.

130 5461 251 5510 ψυ)
322 5461 407 5507 υς
434 5461 590 5506 προς
616 5461 787 5503 vowp.
829 5461 918 5489 ῦιυ
967 5461 1033 5489 «τι
1091 5461 1192 5485 una.
1218 5461 1269 5486 cl.
1300 5461 1559 5491 ι-ιιιιυδιγξ

66 5510 286 5590 restitui
320 5528 346 5590 ,ε
376 5520 539 5562 antea
558 5506 884 5590 nlegebatur,
905 5504 1096 5569 ὥσπερ
1143 5499 1278 5571 ὕδωρ
1307 5503 1410 5573 τὴν
1441 5506 1559 5557 ἀποῑ

1778 5461 1809 5505 Ι,
1865 5461 1923 5496 1⁵0
1952 5461 2330 5511 απολυομενον,
2349 5461 2495 5510 quou
2525 5461 2577 5496 ιιι
2600 5461 2759 5494 CUIUS
2790 5461 2922 5494 erat.

1806 5461 1912 5582 (34)
1964 5510 2365 5590 Ἀπιο-τεῗσᾷαι.
2412 5508 2483 5590 Ιξξι
2511 5526 2578 5590 οξ
2601 5509 2921 5590 Rhilostrato
2941 5507 3147 5590 restitui
3172 5517 3271 5590 pro

65 5574 186 5646 γεαν
217 5579 516 5646 ἀφήσοντι.
556 5573 825 5646 lloesjerl.
967 5635 980 5646 _
1037 5634 1052 5646 _
1113 5641 1123 5646 _
1170 5637 1182 5646 _
1315 5638 1327 5646 ,

1778 5573 1953 5646 πὶστά,
1979 5578 2119 5645 quod
2159 5586 2272 5632 erat
2318 5581 2370 5630 in
2425 5577 2635 5633 Eusebii
2664 5577 2855 5646 editis;
2887 5579 3144 5646 rationem
3172 5573 3271 5641 cur

129 5645 249 5722 (ενι)
272 5634 660 5722 eisdem;
681 5634 1516 5722 rimus";rarissimam-
1610 5710 1622 5722 .

1834 5634 1963 5704 irem
1997 5634 2278 5716 praeferam
2310 5646 2591 5703 lectionem
2625 5634 2853 5703 reddidi
2877 5646 2951 5700 ad‘
2971 5634 3280 5699 Ριιὶίυιιςςέ-
3322 5678 3327 5683 ι

132 5651 215 5711 (9i
309 5651 646 5714 Ἀφήσοντι.
686 5651 934 5690 Plutostr.
968 5651 1129 5710 uane:
1157 5651 1516 5708 ἀφηγησαντι.

132 5651 253 5835 ﬂii
299 5714 392 5776 Ἀ,
425 5713 509 5774 ὡς
543 5705 742 5759 πολλὰ
768 5705 884 5782 ull,
909 5710 1009 5755 etc.
1035 5700 1438 5762 Dlstillctionem
1464 5710 1625 5778 posui

132 5788 187 5833 st
259 5821 277 5835 .
320 5782 440 5834 sine
468 5790 580 5835 qua
617 5774 897 5827 obscurior
933 5783 1142 5824 sensus.

376 5651 646 5711 νῆσον-τι,
686 5651 934 5690 νιιιιοειιι.
968 5651 1129 5710 nam;l
1157 5651 1516 5714 ειφηγησειντιο
1736 5652 1869 5716 prim

376 5752 392 5776 ,
425 5713 509 5774 ὡς
543 5705 742 5759 πολλὰ
768 5705 884 5764 καί,
909 5710 1009 5755 etc.
1035 5700 1438 5762 Dlstulctionem
1464 5710 1625 5778 posui
1738 5727 1869 5772 tum.

376 5795 440 5834 ne
468 5790 580 5835 qua
617 5771 897 5827 obscurior
933 5783 1142 5824 sensus.

67 5771 187 5845 post
220 5771 277 5845 ἃ,
320 5771 440 5834 sine
468 5771 580 5841 qua
617 5771 897 5827 obscurior
933 5783 1142 5824 sensus.
