3782 6362
196 417 323 473 857
1340 432 1537 487 LIBER
1574 433 1839 490 CONTRA
1877 432 2282 491 HIEROCLEM.
3300 433 3406 490 εδει

197 535 414 623 saepti,
438 538 541 623 καὶ
586 542 746 610 μηδὲν
770 546 897 614 ἡγοῦ
923 546 1028 598 τῶν
1063 536 1174 593 σῶν
1206 545 1600 621 ὲντεθυμῆσθαί
1630 571 1690 623 με

1919 567 2005 605 um
2038 550 2135 606 ista
2164 557 2340 621 ageret
2371 549 2591 605 consilia
2615 589 2630 615 ,
2681 550 2816 604 male
2843 549 3019 620 periit,
3043 556 3102 604 tu
3124 562 3253 603 vero
3289 563 3405 609 ante

194 621 314 711 Διᾲ
347 622 565 678 τούτων
605 629 662 681 δὲ
686 632 815 700 ὁμοῦ
839 634 923 686 τὸν
952 631 1115 703 ἄνδρα
1144 632 1377 702 κόλακα,
1411 641 1501 693 καὶ
1526 621 1687 709 ego!"

1911 643 2023 695 llius
2047 647 2197 694 erant
2222 654 2365 694 nunc
2420 639 2683 709 possides.
2733 638 2835 693 Sed
2873 640 3122 709 quoniam
3162 638 3404 692 adulato-

194 710 309 762 καὶ
343 710 536 802 στάντα
566 717 760 785 μᾶλλον
786 721 817 790 ἢ
852 724 1144 790 φιλόσοφον,
1173 725 1202 776 ὁ
1240 727 1379 801 ὑπὲρ
1406 731 1501 799 τῆς
1529 731 1687 802 ἀληθε

1912 747 1996 784 um
2033 738 2221 784 cantus
2258 745 2341 785 me
2370 730 2609 791 oﬂ'endit,
2644 726 2873 789 (videtur
2894 729 3033 786 enim
3066 729 3196 783 mihi
3227 728 3402 784 disso-

192 799 531 873 παρίστησι
578 804 731 875 λόγος
755 809 849 879 (6).
879 812 1118 865 Τοσαῦτα
1165 814 1274 885 γάρ
1320 799 1572 889 τιρότερον
1615 799 1685 872 ξιτ

1917 835 1979 873 us
2004 834 2123 873 esse
2151 833 2212 873 ac
2238 818 2487 887 discors.)
2523 817 2815 886 rumpenda
2850 818 2978 870 mihi
3010 818 3111 872 ista
3137 825 3220 871 est
3245 816 3402 870 chor-

190 890 363 941 κατὰ
392 891 495 944 τοῦ
528 895 870 964 Δομετιανοῦ,
913 902 1186 956 κολακεύει
1222 905 1313 958 νῦν
1334 910 1361 959 ὁ
1384 909 1653 974 γεννάδας,

1907 916 1963 963 ‘a.
2017 908 2198 979 Neque
2240 910 2395 963 velim
2441 916 2496 961 ut
2541 908 2815 962 arbitreris
2868 908 2935 961 de
2972 908 3080 961 tuis
3111 907 3271 961 rebus
3314 920 3400 961 me

188 978 714 1067 καθυποκρίνεται,
748 990 825 1051 ὡς
869 992 1019 1045 οὐδέν
1056 1009 1107 1046 τι
1144 998 1260 1047 κατ’
1286 997 1467 1060 αὑτοῦ,
1504 998 1681 1067 μᾶλλοι

1904 978 2164 1064 :ogitasse.
2229 1013 2248 1046 ι
2303 995 2397 1050 His
2451 1002 2625 1048 autem
2674 993 3005 1062 Apollonium
3074 994 3397 1047 adulatorem

187 1065 362 1138 ὑπὲρ
397 1070 597 1137 αὐτοῦ,
632 1074 737 1128 τῶν
777 1079 901 1150 περὶ
933 1081 1129 1150 μοιρῶν
1160 1083 1303 1153 αὐτῷ
1333 1086 1423 1137 καὶ
1454 1065 1680 1157 ἀνάγκης

1906 1093 2024 1139 uxta
2073 1092 2123 1138 et
2155 1085 2483 1148 mendacem,
2514 1092 2565 1139 et
2588 1084 2796 1152 quidvis
2827 1083 3002 1151 potius
3037 1096 3194 1150 quam
3229 1082 3399 1149 philo-

200 1157 413 1230 Ἰωνίᾳ
455 1166 846 1235 κεκινημένων.
867 1171 1113 1223 Ἀνάλαϐε
1150 1173 1286 1242 δῆτα
1323 1176 1418 1246 τὴν
1452 1178 1693 1247 ἱστορίαντ

1906 1175 2121 1243 ophum,
2156 1176 2310 1229 nobis
2352 1175 2495 1229 sistit
2545 1174 2766 1228 historia
2814 1173 2949 1235 ista,
3002 1171 3240 1226 veritatis
3267 1171 3398 1225 adeo

187 1252 592 1319 συγγραφεῦ,
642 1256 735 1307 καὶ
787 1258 885 1327 τῆς
930 1260 1176 1329 ἀληθείας
1228 1264 1484 1335 διανήψας
1536 1266 1659 1336 (7)

1906 1264 2132 1319 tudiosa.
2161 1264 2401 1334 Namque
2426 1265 2563 1319 idem
2584 1304 2599 1329 ,
2631 1264 2721 1333 qui
2750 1264 2980 1333 graviter
3008 1262 3138 1316 adeo
3163 1264 3311 1331 prius
3343 1263 3398 1317 in

186 1340 502 1411 πρότερόν
578 1359 660 1396 σοι
714 1348 985 1417 γραφέντα
1051 1350 1272 1425 λαμπρᾷ
1334 1356 1423 1406 καὶ
1505 1355 1679 1424 φιλαλὶ

1909 1355 2232 1409 Domitianum
2283 1356 2457 1409 fuerat
2510 1355 2784 1416 invectus,
2839 1367 2981 1407 nunc
3030 1352 3275 1407 adulatur
3320 1354 3402 1407 vir

181 1428 389 1483 δίελθε
458 1431 538 1503 (8)
597 1437 661 1504 τῇ
710 1439 893 1507 φωνῇ,
940 1440 1101 1510 μηδὲν
1150 1442 1622 1513 ύποστειλάμενος’
1669 1448 1674 1462 '

1909 1451 2144 1506 trenuus,
2172 1447 2492 1516 simulatque
2527 1461 2588 1501 ac
2627 1446 2672 1501 si
2706 1461 2811 1500 non
2843 1454 3029 1500 contra
3075 1446 3245 1515 ipsum
3294 1444 3402 1498 ullo

183 1522 253 1574 ὲν
332 1523 568 1594 Ἐφέσῳ
634 1526 943 1597 διατρίϐων,
992 1548 1008 1580 ι
1067 1532 1265 1603 ἀφίστη
1322 1534 1639 1604 Δομετιανοῦ

1908 1535 2051 1597 iodo,
2088 1535 2181 1590 sed
2208 1551 2303 1604 pro
2334 1537 2450 1605 ipso
2493 1537 2669 1604 potius
2715 1534 2939 1597 faciant,
2976 1549 3112 1604 quos
3162 1535 3219 1587 in
3255 1531 3401 1586 lonia

182 1607 339 1679 δρας
378 1610 491 1680 (9),
522 1614 618 1665 καὶ
648 1615 786 1685 ὑπὲρ
818 1616 1064 1670 ἀπάντων
1087 1620 1344 1691 ὲρρὼννυε
1376 1624 1659 1693 σωτηρίας

1907 1640 1983 1679 ise
2026 1625 2092 1679 de
2111 1624 2234 1679 fatis
2276 1633 2434 1695 atque
2474 1628 2791 1682 necessitate
2825 1636 3062 1683 moverat
3102 1628 3400 1681 discursus.

178 1698 297 1761 τὰς
356 1700 476 1768 μὲν
519 1702 961 1773 επιστολιμαίους
992 1708 1201 1777 ὁμιλίας
1240 1709 1347 1780 (10)
1378 1713 1475 1763 οὐκ
1518 1712 1671 1780 ἀσφαῖ

1908 1728 2033 1767 ιυιιιθ
2066 1713 2229 1782 igitur
2254 1714 2308 1767 in
2336 1730 2523 1769 manus
2552 1723 2716 1778 tuam,
2752 1731 2784 1769 ο
2819 1716 3067 1784 scriptor,
3091 1716 3401 1777 historiam,

180 1790 401 1853 αὐτοῖς
436 1790 613 1860 ᾤετο,
649 1794 754 1846 τῶν
784 1795 839 1847 δὲ
872 1797 1097 1868 ἑταίρων
1125 1801 1246 1862 τοὺς
1281 1802 1673 1871 σωφρονεστάτο

1909 1810 1923 1855 t
1977 1804 2186 1857 veritati
2228 1805 2558 1873 pervigilium
2606 1820 2787 1873 agens,
2847 1814 3001 1859 antea
3062 1806 3155 1858 tibi
3210 1804 3265 1857 in
3316 1804 3402 1857 lit-

180 1879 400 1933 ἄλλοτε
438 1881 604 1933 ἄλλον
636 1884 1047 1953 ἀπολαμϐάνων,
1081 1889 1346 1951 Διάκονον,
1374 1890 1516 1958 ἔλεγε
1542 1930 1556 1953 ,
1596 1908 1673 1943 ποι

1912 1902 2016 1941 ποθ
2051 1888 2218 1941 relata
2258 1890 2399 1941 clara
2449 1905 2576 1944 voce
2625 1899 2677 1944 et
2721 1892 2961 1946 veritatis
3000 1893 3231 1946 studium
3270 1906 3405 1959 prae-

184 1970 296 2038 μαί
357 1987 433 2023 σε
471 1973 788 2042 ἀπορρήτου
832 1974 1098 2045 λαμπροῦ.
1138 1976 1352 2030 Βαδίσαι
1396 1978 1451 2030 δέ
1485 1994 1542 2030 σε
1574 1979 1677 2049 χρὴ

1907 1985 2027 2031 unte
2058 1976 2215 2047 540
2236 1980 2427 2047 relege,
2458 1995 2554 2033 nec
2584 1990 2633 2034 te
2654 1981 2923 2035 subducas
2948 1982 3073 2035 huic
3104 1981 3253 2035 oneri
3284 1995 3297 2028 :
3330 1979 3400 2034 Ut

193 2058 454 2130 Ῥώμην
489 2061 645 2132 παρὰ
682 2063 772 2115 τὸν
803 2063 974 2127 δεῖνα,
1012 2064 1102 2119 καὶ
1147 2066 1478 2137 διαλεχθῆναί
1509 2071 1576 2121 oi.
1610 2089 1628 2117 ι
1665 2071 1686 2121 1

1917 2083 2060 2136 empe
2090 2081 2459 2124 commoratus
2482 2070 2673 2139 Ephesi
2709 2071 2776 2132 υ,
2807 2088 2826 2120 ι
2865 2086 2895 2123 a
2928 2069 3230 2123 Domitiano
3259 2069 3410 2123 viros

178 2148 493 2216 διελέγετο
528 2151 629 2219 μὲν
684 2152 822 2221 ὑπὲρ
859 2154 1055 2222 μοιρῶν
1104 2156 1196 2208 καὶ
1235 2156 1502 2224 ἀνάγκης,
1557 2159 1647 2211 καὶ

1912 2158 2270 2221 balienaverit,
2333 2166 2385 2212 et
2417 2166 2474 2211 ut
2496 2173 2839 2212 communem
2887 2163 3164 2212 tuerentur
3188 2156 3405 2210 liberta-

176 2238 356 2307 λόγον
385 2238 562 2310 διῄει,
589 2240 672 2292 ὅτι
703 2241 833 2312 μηδὲ
864 2246 912 2295 οἱ
942 2243 1185 2315 τύραννοι
1210 2244 1277 2297 τὰ
1304 2247 1502 2317 μοιρῶν
1529 2241 1630 2299 οἷοι
1660 2249 1669 2316 |

1913 2261 1976 2299 2m
2025 2245 2459 2300 confirmaverit:
2494 2255 2655 2316 atque
2691 2246 3014 2300 commercia
3054 2245 3265 2315 quidem
3312 2259 3406 2313 per

179 2329 423 2393 ζεσθαι.
466 2331 579 2384 Καὶ
612 2331 688 2393 ὡς
721 2331 921 2402 χαλκῆς
963 2334 1163 2397 εἰκόνος
1205 2336 1486 2406 ἱδρυμένης
1521 2339 1672 2406 Δομεπ

1916 2337 2124 2392 iistolas
2156 2338 2337 2391 minus
2372 2347 2481 2390 tuta
2529 2338 2662 2406 ipsis
2694 2352 2812 2391 esse
2844 2336 3129 2407 putaverit,
3169 2334 3409 2404 adeoque

179 2420 282 2474 νοῦ
316 2421 480 2489 πρὸς
504 2421 583 2491 τῷ
618 2422 841 2492 Μέλητι,
862 2424 1183 2495 ἐπιστρέψας
1210 2428 1266 2487 ὲς
1295 2426 1459 2494 αὐτὴν
1488 2430 1610 2490 τοὺς
1630 2445 1672 2479 π

1915 2427 2128 2483 idalium
2179 2428 2635 2497 prudentissimis,
2692 2427 2848 2480 modo
2869 2428 2972 2482 hoc
3021 2424 3181 2480 modo
3228 2424 3333 2480 alio
3371 2438 3408 2479 a

177 2510 385 2573 ὄντας·
431 2530 449 2560 ι
477 2511 697 2581 Ἀνόητε
722 2550 737 2573 ,
770 2506 937 2575 εἶπεν,
964 2513 1039 2575 ὡς
1073 2515 1201 2567 πολὺ
1226 2515 1604 2586 διαμαρτάνεις
1653 2533 1670 2586 ι.

1908 2518 2030 2570 nrba
2065 2517 2307 2578 seducto,
2331 2517 2529 2572 dixerit
2554 2534 2567 2569 :
2598 2516 2770 2587 Magni
2804 2524 2855 2571 te
2879 2516 3016 2571 facio
3040 2515 3218 2569 arcani
3246 2514 3401 2567 minio

182 2602 305 2674 ρῶν
340 2602 456 2654 καὶ
504 2602 769 2673 ἀνάγκης.
799 2595 867 2671 ’ᾨ
899 2602 1006 2672 γὰρ
1041 2603 1171 2673 μετά
1209 2605 1267 2655 σὲ
1296 2605 1640 2675 τυραννεῦσαι
1674 2632 1675 2639 ι

1908 2614 2058 2659 trum.
2107 2605 2328 2675 Oportet
2359 2614 2536 2660 autem
2565 2606 2786 2659 Romam
2813 2613 2866 2660 te
2893 2605 3040 2660 abire
3066 2604 3131 2658 ad
3153 2605 3295 2657 hunc
3316 2606 3401 2657 vel

179 2708 431 2763 πρωται
453 2731 468 2752 ,
503 2692 695 2744 τοῦτον
740 2691 833 2743 καὶ
864 2684 911 2743 εί
943 2693 1327 2757 ἀποκτείνειας,
1361 2694 1672 2748 ἀναϐιώσετι

1915 2697 2044 2757 lum,
2077 2703 2235 2763 atque
2268 2709 2390 2748 cum
2436 2711 2500 2750 eo
2554 2695 2839 2750 disserere.
2873 2714 2891 2746 ι
2928 2693 2999 2748 Ut
3030 2696 3155 2748 item
3189 2693 3255 2748 de
3283 2693 3407 2747 fatis

192 2783 256 2835 '0
288 2781 364 2852 δὴ
402 2781 555 2852 μετὰ
586 2784 710 2845 τοὺς
736 2784 908 2846 τοίους
932 2783 1200 2850 διαλόγους
1240 2784 1543 2837 κολακεύων
1570 2785 1685 2837 τὺνί

1910 2795 1916 2838 l
1940 2786 2257 2839 necessitate
2273 2786 2482 2838 locutus
2495 2786 2563 2839 sit
2576 2787 2640 2849 ²¹,
2657 2794 2814 2853 atque
2835 2784 3127 2839 ostenderit
3141 2783 3403 2846 oratione,

182 2890 434 2947 ραννον,
460 2874 559 2925 καὶ
592 2873 757 2942 μηδέν
788 2890 838 2924 τι
864 2873 1061 2925 τούτων
1089 2873 1161 2935 ὡς
1189 2874 1322 2944 πρὸς
1346 2873 1505 2926 αὐτὸν
1528 2875 1675 2947 είρῆσ

1914 2875 2007 2927 ιιοά
2046 2891 2113 2929 ne
2157 2876 2368 2945 tyranni
2416 2874 2629 2943 quidem
2679 2874 2909 2929 fatorum
2953 2881 3161 2927 mutare
3197 2872 3407 2927 decreta

178 2963 348 3034 αὐτῷ
394 2964 931 3033 κατειρωνευόμενος
951 3003 965 3027 ,
1001 2964 1113 3027 πῶς
1136 2965 1196 3018 οὑ
1226 2965 1518 3035 μοχθηρίας
1555 2966 1668 3017 ἀττά

1916 2966 2098 3019 ileant.
2129 2963 2198 3017 Ut
2245 2979 2408 3034 porro
2450 2978 2598 3017 amca
2650 2978 2770 3017 cum
2801 2970 2945 3017 esset
2992 2960 3294 3016 Domitiano
3340 2960 3406 3013 ad

180 3058 282 3109 καὶ
312 3053 721 3124 ἀνελευθερίας
745 3053 981 3124 κριθείη;
1010 3057 1057 3106 εἰ
1087 3056 1158 3125 μὴ
1182 3056 1286 3125 ἄρα
1316 3055 1671 3127 ψευδηγόρους

1920 3057 2111 3108 eletem
2139 3053 2358 3107 ﬂuvium
2390 3054 2565 3123 posita
2605 3058 2804 3114 statua,
2830 3053 2885 3105 in
2906 3066 3023 3106 eam
3054 3058 3113 3105 ut
3136 3053 3408 3105 intueren-

178 3146 284 3207 νὰς
331 3144 450 3196 καὶ
503 3144 841 3211 κατηγόρους
893 3141 985 3195 τοῦ
1030 3143 1243 3213 ἀνδρὸς,
1291 3145 1407 3213 ούχὶ
1451 3145 1505 3197 δὲ
1556 3145 1671 3215 ἀλη(

1909 3159 1956 3195 ιι·
1991 3183 2006 3208 ,
2063 3154 2353 3213 praesentes
2415 3158 2602 3198 omnes
2638 3142 2962 3211 permoverit
2991 3179 3006 3204 ,
3072 3140 3402 3209 dixeritque:

180 3232 576 3305 συγγραφέας
596 3272 610 3293 ,
647 3232 764 3302 θείη
800 3250 880 3295 τις
913 3233 1035 3295 τοὺς
1058 3230 1224 3284 ταῦτα
1257 3235 1435 3303 μνήμῃ
1464 3234 1673 3301 παραδε‹

1918 3234 1960 3287 0
1977 3237 2156 3297 stulte,
2169 3249 2327 3302 quam
2342 3233 2570 3286 fatorum
2586 3235 2801 3303 ignoras
2815 3234 3047 3287 indolem
3064 3244 3220 3303 atque
3231 3247 3411 3287 neces-

180 3323 393 3385 κότας.
449 3321 564 3373 Καὶ
610 3320 711 3372 ποῦ
760 3320 850 3372 τοῦ
902 3320 1268 3385 Φιλαλήθους
1305 3340 1323 3370 ι
1352 3323 1400 3373 οἱ
1448 3321 1673 3373 παιδεύσλ

1914 3325 2067 3377 itatis.
2094 3322 2191 3376 Cui
2226 3324 2368 3376 enim
2399 3324 2467 3377 ab
2489 3324 2588 3385 eis,
2612 3329 2809 3390 utpost
2829 3331 2880 3375 te
2912 3324 3155 3389 imperet,
3191 3323 3293 3376 fuit
3318 3323 3407 3377 de-

179 3412 293 3481 μὲν
339 3410 451 3462 ἐπὶ
507 3409 761 3460 πλεῖστον
805 3409 1056 3479 ἥκοντες,
1091 3410 1150 3461 τὸ
1198 3409 1240 3461 δ’
1278 3410 1468 3480 ἀληθὲς
1512 3411 1672 3479 τιμῶν

1907 3419 2097 3474 retum,
2118 3412 2226 3474 ille,
2251 3413 2296 3466 si
2318 3414 2546 3479 perimas
2565 3413 2744 3473 etiam,
2761 3411 3091 3465 reviviscet.»
3123 3411 3238 3465 Jam
3254 3427 3400 3482 ergo,

178 3500 591 3570 συγγραφεῖς;
629 3518 647 3548 ι
682 3498 852 3569 Δάμις
888 3515 947 3550 τε
974 3501 1002 3551 ό
1035 3499 1347 3568 φιλόσοφος,
1382 3504 1410 3552 ὁ
1441 3502 1531 3553 καὶ
1564 3501 1671 3553 συνί

1913 3501 1967 3553 ui
2010 3509 2127 3570 post
2160 3516 2436 3556 sermones
2456 3501 2718 3569 ejusmodi
2748 3501 2999 3554 adulatur
3044 3507 3293 3570 tyranno,
3324 3512 3404 3555 at-

175 3592 409 3662 τρίψας
445 3587 530 3658 τῷ
557 3587 884 3657 δηλουμένῳ,
921 3587 1012 3640 καὶ
1039 3588 1383 3658 Φιλόστρατος
1415 3591 1442 3641 ὁ
1479 3589 1667 3659 Ἀθηνα

1912 3605 1979 3644 ue
2010 3590 2143 3642 nihil
2198 3604 2382 3645 eorum
2440 3591 2493 3642 in
2546 3592 2716 3659 ipsum
2769 3589 2971 3643 dictum
3005 3604 3125 3643 esse
3167 3589 3402 3656 simulat,

174 3684 281 3751 ἀφ’
318 3677 415 3735 ὧν
459 3679 640 3733 ταῦτα
680 3679 1062 3748 παρατίθεται·
1096 3677 1186 3741 οῦς
1218 3679 1396 3747 σαφῶς
1428 3679 1594 3743 οὕτως
1627 3681 1667 3731 ἐκ

1910 3678 2138 3732 uomodo
2192 3679 2367 3732 omnis
2402 3678 2448 3732 is
2493 3677 2744 3746 nequitia:
2788 3677 3060 3745 animique
3123 3677 3403 3732 illiberalis

174 3770 621 3840 τιολογοῦντας,
658 3767 1034 3838 κομπάζοντάς
1063 3785 1123 3821 τε
1156 3768 1385 3839 ἀληθῶς,
1414 3770 1505 3821 καὶ
1537 3773 1647 3832 τοῖς

1909 3784 1997 3822 eus
2015 3783 2119 3821 non
2156 3768 2379 3836 agatur?
2409 3766 2517 3822 Nisi
2566 3767 2702 3823 forte
2737 3767 3020 3822 mendaces
3070 3767 3402 3835 quosdamet

172 3862 467 3934 χομένοις
550 3859 984 3928 παρισταμένους
1041 3857 1274 3926 ψεύστας
1337 3857 1606 3928 ἐναργῶς,

1909 3858 2289 3911 alumniatores
2316 3857 2583 3926 Apollonii
2644 3872 2763 3912 esse
2796 3864 3012 3919 statuat,
3051 3873 3161 3911 non
3190 3872 3402 3913 veraces

174 3952 615 4016 ἀπαιδεύτους,
667 3950 762 4002 καὶ
802 3949 1000 4018 γόητας
1040 3948 1138 4018 τῆς
1187 3948 1434 4020 ἀληθείας
1474 3950 1533 4000 τὸ
1581 3949 1667 4017 φέγ

1909 3956 2138 4009 uctores.
2172 3948 2284 4002 haec
2326 3948 2415 4017 qui
2450 3947 2717 4002 memoriae
2755 3948 3127 4017 prodiderunt.
3164 3948 3264 4003 Ubi
3290 3949 3402 4016 jam

170 4043 521 4116 διήλεγξεν.
1874 4037 2034 4106 igitur
2060 4038 2135 4090 illi
2158 4036 2461 4090 Philalethis
2495 4044 2760 4100 auctores,
2797 4055 2814 4087 ι
2838 4040 2927 4107 qui
2967 4037 3266 4093 eruditione
3288 4039 3404 4108 plu-

172 4138 411 4188 rituum
495 4128 780 4200 profecere
810 4166 825 4190 ,
897 4126 1240 4195 veritatisque
1273 4147 1292 4178 ι
1356 4126 1774 4181 studiosissimi?
1810 4124 2009 4190 Damis,
2045 4126 2281 4195 inquam,
2334 4126 2700 4195 philosophus,
2718 4127 2808 4194 qui
2835 4134 2888 4181 et
2946 4141 3125 4181 comes
3155 4128 3407 4186 assiduus

167 4229 254 4291 ei,
327 4227 412 4281 dc
447 4238 567 4294 quo
599 4222 799 4290 agitur,
830 4220 949 4281 fuit,
992 4205 1439 4287 Atheniensisque
1470 4217 1842 4281 Philostratus,
1887 4233 1915 4270 a
1948 4218 2142 4288 quibus
2193 4219 2293 4273 ista
2322 4219 2476 4274 nobis
2505 4228 2908 4289 proponuntur:
2939 4234 3073 4288 quos
3109 4219 3411 4274 luculenter

169 4325 333 4379 adeo
373 4321 495 4377 sibi
558 4329 860 4385 repugnare
923 4314 1076 4382 ipsis,
1111 4315 1406 4382 jactatores
1452 4323 1597 4367 certe
1622 4314 1962 4378 vanissimos,
2021 4320 2074 4367 et
2133 4313 2647 4369 contradictionibus
2679 4313 2793 4368 suis
2828 4313 3122 4383 spissorum
3175 4311 3405 4367 menda~

167 4419 423 4472 ciorum
462 4409 773 4470 convictos,
805 4405 1051 4461 indoctos
1086 4405 1209 4458 item
1243 4412 1297 4460 et
1344 4421 1530 4475 magns
1564 4406 1652 4458 lux
1685 4406 1925 4459 veritatis
1955 4406 2359 4460 demonstravit.

722 4521 1110 4576 ΚΕΦΑΛΑΙΟΝ
1165 4523 1291 4575 MA'.

2428 4519 2652 4576 CAPUT
2710 4518 2886 4573 XLIV.

262 4643 415 4697 Ἐπὶ
475 4638 614 4690 πᾶσι
646 4634 737 4687 τὸν
783 4632 1150 4695 Ἀπολλώνιον,
1183 4632 1551 4701 ἀπαλλαγέντα
1573 4632 1665 4685 τοῦ
1697 4634 1755 4685 δι⁴

1949 4631 2223 4687 Postremo
2244 4633 2585 4703 Apollonium
2624 4633 2829 4701 judicio
2869 4630 3171 4685 absolutum
3206 4645 3324 4684 sese
3350 4630 3406 4684 in

166 4730 521 4804 καστηρίου
543 4766 558 4790 ,
595 4729 654 4779 ὲν
686 4722 949 4793 Λεϐαδείᾳ
985 4721 1156 4775 ἐλθεῖν
1192 4723 1409 4793 ἱστορεῖ.
1455 4722 1659 4791 Βουλόμ

1905 4721 2173 4775 .ebadeam
2224 4722 2489 4792 recepisse
2538 4730 2799 4776 memorat
2820 4720 2883 4775 ".
2910 4717 3149 4787 Cumque
3197 4720 3250 4770 in
3279 4716 3398 4773 Tro:

254 4914 306 4947 ”
361 4911 470 4965 lib.
508 4922 627 4969 vn,
653 4918 702 4959 c.
738 4903 793 4961 8.
868 4904 913 4935 “
953 4901 1047 4955 lib.
1085 4917 1193 4964 vii,
1223 4916 1270 4955 c.
1298 4901 1348 4957 9.
1426 4903 1470 4934 “
1510 4901 1603 4956 lib.
1639 4916 1767 4964 vni,
1797 4915 1846 4957 c.
1883 4898 1970 4954 l9.

258 5063 356 5133 (6)
412 5063 508 5133 Ὁ.-
529 5056 680 5123 ὑπὲρ
727 5021 851 5133 riis
878 5051 1158 5133 ἀληθείαις
1193 5053 1546 5133 sueverat.
1572 5053 1749 5133 Ξδτος

1915 5065 2174 5133 ensusque
2222 5050 2448 5131 emergit
2486 5064 2591 5133 n_on
2638 5050 2823 5133 clarus.
2865 5055 3094 5109 tantum,
3124 5063 3309 5102 verum
3349 5060 3408 5130 et

170 5119 427 5188 Iro‘ni'ce
452 5119 692 5197 dictum.
721 5119 929 5197 Nempe
963 5135 993 5171 a
1025 5120 1261 5197 veritatis
1296 5121 1472 5173 studio
1493 5120 1775 5197 Philostra-
1876 5120 2112 5197 elegans,
2149 5135 2304 5197 quem
2336 5120 2578 5197 proinde,
2607 5132 2728 5171 cum
2758 5119 2919 5172 alium
2951 5132 3057 5171 non
3087 5131 3321 5185 possem,
3349 5119 3410 5172 in

169 5187 337 5267 tum,
369 5209 545 5266 atque
592 5191 738 5267 istud
784 5187 1116 5258 σύγγραμμα
1163 5187 1280 5252 ejus
1308 5190 1662 5267 commendavi

1163 5187 1280 5252 ejus
1308 5190 1773 5267 commendaverat
1876 5190 2122 5267 versione
2148 5188 2307 5267 etiam
2336 5187 2621 5267 expressi._

168 5252 523 5325 ilierzoclés,
559 5271 623 5315 ut
654 5259 835 5311 videre
861 5252 948 5309 est
980 5252 1136 5325 supra
1167 5269 1284 5322 cap.
1322 5257 1375 5309 2.

1946 5258 2022 5324 (δ)
2061 5255 2365 5325 ι’ραφένςα
2387 5252 2622 5324 λαμπρᾷ
2647 5254 2745 5308 καὶ
2760 5254 3073 5325 φιλαλήθει
3089 5252 3299 5325 δίελθε.
3327 5252 3411 5325 Es

255 5320 359 5406 (ἦ
388 5320 741 5397 ίΔιαΫήψαςο
780 5320 1278 5406 Ᾱοϐ³οιιξιξίξρξιξῖε
1311 5326 1549 5406 διανίψας
1578 5327 1748 5406 legissl

1918 5320 1975 5406 is".
1999 5320 2262 5406 fle-“posui:
2281 5320 2477 5406 “Prior
2497 5320 2680 5387 editio,
2707 5401 2717 5406 _
2739 5320 3010 5406 γραφέντα
3062 5320 3411 5406 λοίμςιράικαὶ

169 5390 419 5463 calidum
452 5407 540 5454 est
573 5390 749 5451 i'nain
774 5391 1041 5464 quomodo
1071 5397 1270 5464 vertere
1308 5394 1442 5449 alias
1460 5390 1762 5464 potuisset:
1872 5390 2131 5464 φιλαλήθη
2167 5392 2357 5455 δίελθε,
2385 5394 2601 5447 alteram
2633 5390 2809 5464 autem
2845 5390 3122 5464 lectionem
3141 5398 3195 5443 et
3214 5390 3412 5445 distin-

166 5460 298 5545 Ᾰῂε
336 5467 597 5545 veritatis
635 5460 1385 5545 [littld‘tiillﬁll‘l-IEILOPEI:{laute
1417 5460 1563 5544 clara
1604 5474 1653 5518 et
1697 5466 1771 5518 in-
1872 5460 2104 5545 ctionnei-n
2122 5460 2399 5545 'iilterpre‘s'
2424 5463 2935 5545 quoquc'scqﬂuitur.
2959 5460 3229 5545 l‘l‘ogsfren.

171 5525 371 5608 ἇὲιὶαά
425 5536 597 5608 voce?
628 5525 701 5608 ᾼι
748 5531 853 5606 ista
906 5526 1133 5608 lectione,
1172 5525 1470 5608 fatendum
1489 5534 1765 5608 “ingenue,
1940 5530 2014 5608 l9)
2059 5525 2319 5608 Ἄγδραξθ.
2358 5525 2603 5591 Nervam,
2646 5525 2942 5608 [inﬁrmet
2968 5527 3217 5608 Orfitum,
3246 5525 3314 5579 de
3339 5525 3413 5578 iis

172 5593 302 5666 Boii
340 5593 626 5670 rmultunr
650 5596 791 5649 lucis
811 5593 1014 5670 _ac_c_e_dit
1046 5593 1145 5647 loco
1172 5594 1455 5670 obscuro.
1487 5593 1625 5654 Nihil
1672 5593 1771 5670 ego
1872 5593 2218 5670 enim__ag_itur
2246 5593 2308 5652 eo
2333 5614 2488 5670 quem
2529 5600 2746 5670 respicit
2770 5596 3082 5670 Philostrati
3115 5596 3252 5670 loco.

172 5662 427 5734 iri—venio
477 5667 666 5739 magis
710 5662 992 5739 probabile,
1015 5675 1147 5739 quam
1176 5663 1494 5739 legendum
1528 5685 1646 5725 esse

1943 5666 2053 5739 tl_0)
2079 5662 2374 5739 ”Ομιλίας’.
2417 5662 2666 5723 Philostr.
2702 5666 3022 5739 ξυμϐουλίας
3048 5664 3231 5725 habet
3267 5666 3412 5735 qtqu

287 5745 536 5813 ἀληθειᾳ
572 5730 858 5798 διανήψας,
888 5730 963 5781 sic
1002 5730 1117 5782 enim
1153 5730 1331 5788 satis
1380 5737 1536 5806 plana
1568 5754 1667 5794 om:

806 5745 858 5789 ις,
888 5730 963 5781 sic
1002 5730 1117 5782 enim
1153 5730 1331 5788 satis
1380 5737 1536 5806 plana
1568 5739 1768 5803 omnia,
1871 5730 2044 5807 magis
2061 5730 2299 5805 probem.
