3782 6330
70 362 212 431 (369
1214 379 1298 433 DE
1335 378 1540 436 CUIUS
1575 379 1852 435 BlBLlClS
1887 382 2166 439 EUSEBH.
3214 399 3316 454 876

1207 585 1630 596 ——__.._.

222 575 243 576 η
264 575 1024 590 Ὕκ-

1025 590 1630 610 -ῴ-ὶήα-
1545 603 1638 611 .—
1641 590 2215 613 '—:___—_-——__
2207 592 2331 615 ;_—..
2310 591 2344 614 —.‘

470 825 1506 1040 EUSEBII
1662 841 2940 1055 PAMPHILI

1020 1275 1798 1369 C/ESARIENSIS
1875 1283 2406 1376 EPISCOPI

201 1573 1000 1730 OPERUM
1100 1577 1835 1733 OMNIUM
1929 1583 2398 1739 PARS
2509 1591 3197 1745 TERTIA

2249 590 3304 626 3W

1329 2006 2112 2178 EXEGETICA

1095 2409 1208 2467 DE
1248 2409 1481 2470 CURIS
1521 2409 1883 2470 BIBLICIS
1924 2410 2277 2473 EUSEBII.

755 2616 970 2680 (Angelo
991 2614 1104 2674 MAI,
1131 2613 1414 2666 Bibliotheca
1438 2627 1556 2664 noua
1583 2617 1800 2676 Patrum,
1823 2619 1856 2664 t.
1882 2615 1959 2676 ιν,
1984 2629 2032 2677 p.
2055 2615 2128 2664 66.
2174 2617 2337 2668 Roma
2361 2619 2497 2680 £847,
2520 2618 2662 2684 iit—4.)

1673 2812 1742 2824 -α

157 2967 307 3024 Dum
369 2963 596 3018 Eusebii
628 2960 848 3030 reliquis
872 2959 1056 3014 sedulo
1081 2959 1390 3038 colligendis
1420 2976 1602 3015 curam
1635 2963 2017 3032 impenderem,
2045 2964 2155 3018 ﬁeri
2182 2979 2290 3017 non
2319 2971 2528 3033 poterat
2565 2970 2692 3036 quin
2723 2970 2788 3024 ad
2816 2970 3052 3026 codicem
3077 2988 3294 3045 quoque

85 3063 234 3116 illum
269 3059 556 3128 insignem
594 3055 912 3122 respicerem
939 3053 1064 3105 olim
1095 3053 1146 3104 in
1179 3050 1348 3105 Gallia
1379 3053 1876 3119 Claromontanum,
1909 3071 2052 3110 nunc
2074 3055 2410 3120 Vaticanum,
2437 3061 2723 3128 pmphctas
2751 3077 2957 3128 omnes,
2982 3081 3100 3119 cum
3130 3067 3291 3123 Pam-

83 3157 212 3226 phili
251 3150 599 3218 Eusebiique
627 3146 959 3208 recensione,
996 3147 1384 3210 continentem;
1409 3146 1474 3199 de
1505 3163 1573 3216 qu

1797 3149 2072 3203 Curterius
2102 3149 2154 3201 in
2189 3149 2500 3218 praefatione
2529 3152 2593 3204 ad
2621 3151 2936 3222 Procopium
2967 3157 3020 3210 in
3057 3158 3286 3223 Esaiam,

82 3257 133 3301 ct
155 3245 365 3300 deinde
393 3241 632 3312 peritius
672 3235 1102 3290 Montlauconius
1132 3236 1182 3288 in
1218 3233 1397 3287 Grazca
1426 3236 1830 3305 palwographia,
1861 3253 1912 3305 p.
1952 3237 2055 3289 224
2085 3253 2258 3305 seqq.,
2289 3239 2496 3293 locutus
2523 3247 2624 3292 est.
2661 3241 2708 3293 ls
2747 3245 2935 3305 codex,
2971 3248 3154 3300 nescio
3183 3265 3291 3318 quo

81 3354 265 3391 rerum
293 3343 529 3393 eventu,
559 3347 702 3384 anno
747 3329 882 3383 1785
920 3327 1142 3381 Romam
1184 3327 1410 3388 delatus,
1446 3330 1626 3396 palatii
1661 3331 1935 3397 apostolici
1967 3331 2226 3398 impensa,
2259 3334 2484 3386 scutatis
2525 3335 2756 3388 nummis
2787 3340 3036 3392 trecentis
3077 3350 3290 3410 emptus

85 3428 205 3489 fuit,
253 3437 315 3482 et
357 3421 709 3478 bibliotheca:
734 3419 1002 3471 Vaticanae
1049 3417 1310 3479 addictus,
1359 3417 1760 3470 bibliothecario
1806 3418 1953 3470 card.
1990 3418 2203 3482 Zelaila,
2232 3420 2483 3488 praefecto
2514 3419 2742 3489 Josepho
2781 3424 2964 3492 Regio,
2998 3435 3055 3479 ut
3096 3430 3147 3482 in
3192 3447 3288 3484 au-

81 3520 330 3574 thentica
359 3512 698 3569 venditionis
749 3507 1049 3579 syngrapha
1084 3506 1294 3573 legitur.
1331 3504 1538 3568 Quanta
1583 3507 1652 3559 sit
1689 3507 1893 3560 codicis
1929 3508 2273 3576 calligraphia
2311 3518 2366 3562 et
2398 3511 2708 3578 antiquitas,
2731 3512 3052 3579 judicabant
3091 3519 3286 3574 eruditi

80 3625 141 3662 ex
170 3605 492 3678 specimine
553 3599 888 3659 ﬁdelissimo,
936 3595 1080 3666 quod
1109 3595 1253 3664 ligno
1273 3610 1529 3649 excusnm
1583 3597 1670 3649 hic
1704 3598 2038 3666 apponimus.
2069 3596 2199 3650 Nam
2251 3597 2342 3653 fol.
2387 3599 2454 3653 84
2494 3606 2616 3653 ante
2661 3601 2867 3655 Esaiam
2906 3605 3105 3668 Graece,
3141 3619 3197 3662 ut
3230 3610 3285 3665 in

81 3707 272 3752 nostro
301 3711 447 3750 cuso
478 3692 779 3763 specimine
811 3689 1122 3744 scribuntur
1149 3701 1230 3748 ea,
1269 3702 1386 3755 qua:
1422 3686 1608 3740 Latine
1637 3687 1716 3742 sic
1743 3687 1973 3741 habent:
2013 3687 2317 3756 Desumptus
2340 3690 2441 3758 fuit
2469 3689 2660 3745 Esaias
2695 3695 2758 3744 ab
2789 3697 3072 3762 exemplari
3103 3697 3285 3782 Patris

79 3791 409 3861 Apollinarii
445 3783 842 3846 cwnobiarchar,
879 3783 964 3834 cui
993 3781 1100 3834 lucc
1127 3789 1272 3832 erant
1300 3780 1612 3848 subjuncta:
1642 3779 1936 3846 desumptus
1967 3781 2064 3848 fuit
2096 3781 2284 3835 Esaias
2325 3799 2390 3836 ea:
2415 3784 2720 3838 editionibus
2744 3779 3138 3853 'liexaplaribus.
3163 3779 3288 3845 cbi-

81 3887 219 3939 latus
241 3895 324 3939 est
362 3892 546 3935 autent
575 3879 735 3932 etiam
758 3893 875 3928 cum
908 3875 1070 3926 altero
1097 3873 1368 3941 hexaplari
1399 3875 1569 3926 codice
1597 3874 1729 3926 hanc
1755 3873 2138 3927 adnotationem
2171 3875 2387 3930 habente
2416 3894 2434 3930 :
2472 3878 2754 3930 emendata:
2778 3879 2987 3946 fuerunt
3013 3882 3288 3952 dilige-uter

78 3991 281 4033 cuncta:
316 3978 616 4035 editiones;
654 3972 839 4024 etenim
888 3969 1093 4020 collata:
1131 3967 1270 4034 [uere
1300 3983 1415 4019 cum
1446 3967 1606 4019 Esaia
1637 3967 1924 4032 tetraplari,
1956 3984 2045 4020 nec
2071 3985 2173 4022 non
2207 3985 2321 4020 cum
2365 3969 2650 4036 Itemaplari.
2685 3971 2813 4022 Tum
2857 3973 3015 4025 etiam
3043 3974 3106 4026 ab
3136 3976 3286 4028 initio

78 4087 238 4140 usque
275 4071 356 4124 ad
389 4069 650 4122 visionem
675 4063 820 4131 Tyri,
857 4061 1152 4114 accuratius
1185 4059 1350 4113 adhuc
1381 4061 1679 4114 emendatus
1712 4062 1831 4128 fuit.
1867 4061 2079 4128 Copiam
2115 4063 2253 4114 enim
2280 4061 2573 4129 habuimus,
2609 4081 2767 4133 usque
2800 4064 2867 4116 ad
2897 4067 3048 4134 ﬁnem
3072 4069 3284 4122 uisionis

81 4162 226 4233 Tyri,
262 4175 537 4217 tomorum
567 4159 621 4211 in
650 4155 862 4210 Esaiam
892 4155 1260 4223 exegeticorum
1294 4153 1528 4223 Origrnis
1558 4170 1575 4206 .'
1605 4155 1877 4224 seduloque
1913 4156 2392 4218 animaduertentes,
2425 4174 2524 4227 quo
2548 4175 2699 4211 sensu
2732 4161 2819 4212 ille
2845 4162 3076 4227 singulas
3099 4162 3288 4215 dictio-

78 4271 164 4311 εἰς
189 4273 290 4325 pro
331 4253 540 4310 viribus
563 4249 940 4315 explicavisset,
986 4262 1183 4299 omnem
1225 4245 1609 4314 ambiguitatem
1651 4246 1926 4300 secundum
1973 4247 2115 4300 illius
2152 4260 2370 4301 mentem
2400 4253 2736 4303 correximus.
2772 4251 3032 4306 Prwterea
3074 4269 3284 4322 compa-

81 4354 285 4405 ratione
315 4351 571 4403 instituta
596 4361 712 4399 cum
743 4342 1078 4411 Septuaginta
1113 4340 1338 4392 virorum
1378 4339 1616 4400 editione,
1646 4349 1695 4393 et
1733 4357 1847 4392 cum
1877 4341 2139 4394 adnotatis
2169 4342 2233 4394 ab
2277 4342 2494 4396 Eusebio
2517 4344 2583 4395 ad
2615 4344 2851 4402 Esaiam.
2881 4347 2934 4398 in
2968 4345 3286 4401 dissonanti-

82 4445 169 4495 bus
202 4446 336 4498 locis
370 4455 592 4495 sensum
643 4437 821 4488 rimati
860 4450 1057 4494 sumus,
1097 4442 1246 4501 atque
1274 4434 1340 4485 ad
1370 4434 1510 4486 illius
1557 4451 1790 4486 normam
1839 4435 2248 4488 emendationem
2277 4439 2587 4491 curavimus.
2645 4438 2780 4492 Tum
2827 4439 2920 4493 fol.
2966 4441 3071 4494 280
3101 4443 3133 4495 b
3162 4450 3285 4496 ante

82 4535 423 4592 Ezechietem
456 4533 659 4602 legitur
683 4527 882 4587 Graece,
912 4535 969 4580 ut
1003 4526 1199 4594 pariter
1232 4528 1283 4579 in
1313 4534 1495 4579 nostro
1517 4527 1824 4594 specimine,
1868 4527 2009 4596 quod
2041 4527 2228 4582 Latine
2253 4530 2330 4583 sic
2366 4531 2795 4599 interpretamur.
2831 4532 3143 4602 Desumptus
3185 4535 3285 4602 fuit

80 4629 379 4692 (Ezechiel)
415 4628 482 4678 ab
531 4621 818 4688 exemplari
863 4619 1037 4671 Patris
1064 4619 1373 4685 Apollinarii
1412 4620 1809 4683 camobiarchaz,
1859 4621 1913 4673 in
1942 4637 2039 4688 quo
2069 4621 2176 4674 ha’c
2221 4633 2369 4676 erant
2405 4625 2718 4692 subjuncta:
2758 4626 3053 4693 desumptus
3083 4628 3284 4692 fuit‘ea:

76 4720 399 4771 editionibus
425 4711 824 4780 hexaplaribus,
873 4707 1266 4777 emendatusque
1300 4707 1366 4761 ad
1417 4709 1644 4776 ejusdem
1680 4710 1912 4780 Origenis
1941 4712 2181 4778 telrapla,
2213 4728 2326 4781 quae
2378 4730 2532 4766 manu
2568 4715 2727 4780 ipsius
2767 4715 3036 4767 emendata
3077 4717 3281 4784 fuerant

77 4821 121 4860 et
153 4811 372 4864 εειιοιίὶε
402 4808 658 4879 prazdita.
702 4802 846 4856 Unde
876 4818 965 4871 ego
996 4800 1244 4854 Eusebius
1278 4801 1475 4854 scholia
1497 4802 1694 4856 addidi.
1730 4803 2027 4870 Pamphilus
2058 4813 2106 4856 et
2139 4803 2392 4858 Eusebius
2423 4807 2833 4861 emendaverunt.

3281 4871 3351 4930 Ρ..

143 4944 314 5002 Vides
343 4921 600 5000 codicem
649 4940 850 5007 aedepol
882 4939 1399 5007 praestantissimum.
1432 4938 1592 4992 Vides
1614 4940 1829 4994 Eusebii
1857 4955 1980 5008 erga
2013 4940 2223 4996 divinos
2247 4942 2411 4997 libros
2441 4943 2650 5002 merita,
2683 4950 2734 4996 et
2762 4957 2918 5011 quam
2951 4954 3094 4999 recte
3121 4945 3188 5001 de
3216 4963 3282 5002 eo

79 5032 446 5109 Hieronymus
478 5036 558 5088 De
591 5037 688 5086 vir.
723 5033 804 5084 ill.
834 5046 950 5099 cap.
979 5031 1040 5083 81
1079 5031 1272 5086 dixerit
1299 5053 1310 5086 :
1341 5033 1588 5086 Eusebius
1618 5032 1870 5086 Cwsarea:
1897 5031 2198 5087 Pala'stina:
2234 5035 2499 5103 episcopus
2530 5036 2584 5087 in
2617 5036 2900 5102 Scripturis
2946 5037 3130 5092 diuinis
3169 5049 3300 5123 δια-1

82 5132 440 5192 diosissimus,
472 5139 524 5182 et
559 5125 878 5179 bibliotheca:
902 5123 1106 5186 divinae,
1151 5141 1264 5178 cum
1297 5126 1570 5194 Pamphilo
1609 5135 1858 5195 martyre,
1891 5126 2315 5194 diligentissimus
2350 5129 2737 5197 pervestigator.
2782 5127 2980 5184 Revera
3015 5131 3281 5188 Constan-

79 5225 222 5279 tinus
248 5228 367 5296 ipse
411 5226 716 5290 imperator
755 5216 888 5284 (Vit.
919 5216 1010 5268 lib.
1050 5232 1121 5276 ιν,
1151 5218 1240 5280 56,
1273 5219 1359 5286 57)
1392 5217 1624 5272 Eusebio
1661 5233 1856 5270 munus
1886 5217 2140 5284 imposuit
2169 5218 2611 5285 praestantissima
2642 5217 2739 5271 SS.
2775 5218 3066 5273 Bibliorum
3100 5237 3280 5276 exem-

83 5316 246 5380 pta-ia
267 5283 681 5386 quinquaginta
733 5283 1065 5369 conﬁciendi,
1103 5325 1224 5375 qua:
1252 5283 1480 5365 diversis
1519 5310 1772 5364 Ecclesiis
1800 5311 2084 5364 distributa
2117 5309 2353 5364 fuerunt.
2385 5310 2503 5363 Jam
2545 5312 2588 5365 si
2619 5312 2822 5367 codicis
2859 5313 3149 5381 pleniorem
3183 5283 3325 5368 no-R'

83 5408 245 5462 titiam
278 5421 459 5480 optas,
489 5421 617 5461 eam
654 5403 889 5455 breviter
933 5402 1006 5454 sic
1035 5403 1334 5458 trademus.
1365 5403 1480 5460 Fol.
1528 5405 1634 5465 1-5.
1667 5403 1801 5458 Vitae
1840 5405 2026 5458 breves
2053 5405 2428 5473 prophetarum
2453 5413 2670 5459 auctore
2696 5407 3006 5459 nominatim
3025 5406 3276 5469 Eusebio,

84 5508 208 5561 quas
233 5499 530 5554 Curterius
569 5491 768 5546 edidit.
812 5489 922 5543 Fol.
947 5489 1095 5551 5-H,
1128 5490 1321 5547 Obitus
1349 5502 1402 5547 et
1423 5499 1710 5564 sepultura:
1740 5497 2139 5564 prophetarum,
2167 5496 2282 5549 sine
2324 5497 2559 5550 auctoris
2587 5499 2822 5560 nomine,
2857 5497 2923 5550 de
2954 5499 3149 5578 quibus
3177 5511 3276 5566 po-

86 5593 186 5638 stea
218 5591 489 5644 dicemus.
523 5582 654 5637 Fol.
686 5579 868 5640 12-83,
894 5578 1166 5646 Pr0phetie
1190 5584 1422 5639 minores
1450 5586 1753 5640 duodecim.
1786 5584 1898 5639 Fol.
1930 5585 2015 5639 81.
2049 5585 2138 5638 Illa
2173 5587 2449 5656 inscriptio
2482 5594 2602 5639 ante
2625 5585 2832 5641 Esaiam
2864 5602 2981 5656 quae
3009 5587 3062 5640 in
3093 5595 3278 5640 nostro

83 5679 361 5734 soecimine
411 5675 603 5736 prima
638 5675 748 5720 est.
786 5665 1028 5720 Praecedit
1073 5670 1186 5724 illic
1213 5672 1402 5726 notitia
1439 5676 1503 5730 de
1531 5675 1711 5740 Esaia,
1749 5676 1972 5746 ejusque
2005 5676 2239 5746 parentis
2289 5676 2466 5731 Δηιοεὶ
2507 5677 2739 5744 nomine,
2777 5684 2830 5730 et
2871 5687 3106 5745 tempore
3142 5672 3276 5728 vati-
