3782 6324
94 375 179 431 373
406 354 411 359 ’
1168 360 1256 416 DE
1293 358 1499 416 CURIS
1540 358 1819 417 BlBLlCtS
1851 357 2132 413 EUSEBII.
3126 363 3231 418 874

96 493 365 546 litterarum
419 486 630 545 formis,
657 499 777 538 cum
824 482 975 536 titulo
1010 499 1023 534 :
1065 480 1325 549 Ὀνόματα
1355 478 1589 547 προφητῦ

1736 477 1778 526 ι¹ι
1812 473 1968 526 πόθεν
1994 474 2117 535 εἰσὶ,
2142 473 2234 524 καὶ
2286 472 2383 523 ποῦ
2412 472 2691 540 ἀπέθανον,
2732 478 2823 529 καὶ
2861 477 2973 539 πῶς
3008 479 3098 530 καὶ
3124 477 3229 531 ποῦ

95 586 298 637 κεῖνται·
336 576 573 630 Nomina
600 576 981 643 prophetarum,
1012 581 1057 624 et
1080 573 1303 638 ipsorum
1334 568 1539 637 patriae,
1567 576 1614 620 et
1641 567 1850 618 ubinam
1880 564 2088 625 mortui,
2115 572 2163 616 et
2199 561 2449 630 quomodo
2473 571 2520 615 et
2547 580 2643 632 quo
2681 566 2789 619 loco
2810 567 2996 632 sepulti
3015 567 3230 631 fuerint.

97 673 256 727 Mirum
293 682 463 738 porro
491 675 576 721 est
606 664 746 733 quod
774 678 945 731 neque
992 660 1268 715 Curterius
1296 672 1477 738 neque
1517 655 1942 710 Montfauconius
1990 655 2150 708 ullam
2200 654 2360 722 hujus
2407 655 2593 724 scripti
2639 657 2957 711 mentionem
3007 659 3234 716 fecerint

97 734 313 830 (diversa—
330 758 477 811 enim
527 761 653 809 sunt
677 754 924 807 lemmata
962 752 1051 804 illa
1087 764 1205 819 quae
1237 734 1397 801 manu
1420 749 1714 802 recentiore
1753 749 1953 817 scripta
1982 746 2407 803 Montlauconius
2450 751 2685 817 neglecta
2721 763 2752 800 a
2784 749 3029 805 Curterio
3056 754 3230 825 dicit).

95 848 364 916 Ceteroqui
409 848 605 916 legenti
641 844 769 896 mihi
803 842 943 896 haud
970 856 1107 908 aagre
1160 839 1411 901 innotuit,
1452 839 1548 893 has
1576 854 1696 893 esse
1732 839 1850 893 illas
1890 840 2267 908 prophetarum
2314 838 2484 900 Vitas,
2522 853 2746 907 quarum
2794 840 2985 896 cinnus
3018 844 3231 911 quidam

95 944 309 1010 peractus
340 936 444 990 fuit
480 936 536 989 in
572 935 727 988 libris
754 933 944 996 editis;
976 940 1087 983 tum
1107 929 1352 982 Videlicet
1374 927 1652 997 Epiphanii
1682 929 1735 981 in
1762 930 1993 982 editione
2026 928 2315 981 Petaviana
2341 927 2431 981 Gr.
2460 928 2576 983 Lat.
2603 936 2642 982 t.
2668 927 2731 991 ll,
2762 938 2873 982 tum
2901 930 2955 983 in
2981 932 3235 990 Chronico

93 1027 295 1096 paschali
338 1026 431 1080 ed.
478 1024 679 1088 Paris.,
714 1038 767 1091 p.
805 1022 905 1075 146
957 1035 1140 1089 seqq.:
1171 1032 1474 1087 quanquam
1517 1017 1734 1071 Graccus
1775 1026 1952 1073 textus
1980 1027 2033 1073 et
2064 1019 2118 1071 in
2163 1019 2413 1072 Chronico
2444 1018 2594 1072 valde
2627 1028 2707 1073 est
2760 1020 3065 1084 mendosus,
3098 1032 3150 1078 et
3181 1027 3238 1078 in

96 1116 361 1188 Epiphanio
397 1130 507 1168 non
535 1129 721 1183 parum
750 1112 937 1164 variat.
978 1110 1211 1177 Denique
1230 1109 1310 1163 hac
1339 1108 1472 1162 Vita:
1502 1109 1604 1163 sub
1634 1109 1883 1163 Dorothei
1909 1109 2053 1179 Tyrii
2085 1111 2300 1163 nomine
2320 1118 2528 1163 exstant
2564 1110 2616 1162 in
2639 1110 2984 1178 Lugdunensi
3015 1112 3238 1168 Patrum

95 1207 404 1271 Bibliotheca,
447 1212 490 1258 t.
516 1195 600 1267 lli,
634 1219 688 1273 p.
723 1202 845 1264 422,
873 1201 1058 1255 Latine
1105 1199 1492 1253 tantummodo.
1517 1197 1810 1269 Caeteroqui
1853 1199 2054 1253 frustra
2082 1200 2471 1268 {propemodum
2503 1200 2576 1253 ait
2604 1200 2821 1255 Cattaeus
2851 1201 3094 1256 Graecum
3132 1203 3242 1257 Do-

96 1298 242 1351 rothei
263 1303 468 1349 textum
510 1309 631 1348 esse
653 1293 930 1355 ineditum,
958 1290 1387 1360 quandoquidem
1416 1291 1472 1344 in
1497 1292 1731 1360 paschali
1759 1292 2012 1345 Chronico
2046 1307 2180 1361 pene
2201 1301 2340 1345 totus
2370 1291 2584 1360 legitur.
2612 1290 2764 1346 Nune
2792 1299 3009 1362 propter
3036 1294 3243 1351 codicis

94 1373 307 1440 Vaticani
340 1384 741 1453 antiquitatem
791 1398 851 1436 ac
879 1383 1190 1446 bonitatem,
1217 1381 1360 1437 haud
1386 1382 1500 1437 seio
1528 1398 1594 1437 an
1635 1383 1817 1452 scripti
1869 1383 2028 1452 hujus
2068 1398 2203 1437 nova
2231 1383 2396 1438 editio
2442 1383 2734 1452 meliorque
2789 1384 3075 1453 aliquando
3126 1401 3247 1441 mo-

95 1476 244 1531 lienda
279 1477 362 1531 sit.
400 1476 663 1545 Exemplo
690 1474 972 1544 gustuique
998 1472 1067 1527 sit
1104 1471 1338 1526 narratio
1365 1473 1746 1526 miraculorum
1779 1472 1972 1536 Elisazi,
2002 1489 2119 1542 quae
2143 1474 2293 1527 deest
2330 1472 2384 1525 in
2417 1471 2669 1526 Chronico
2696 1489 2746 1542 p.
2780 1473 2903 1538 l6l,
2940 1474 3029 1528 ubi
3065 1476 3242 1532 brevis

95 1570 300 1638 ejusdem
329 1569 457 1622 Vita
491 1571 704 1637 legitur,
735 1574 892 1636 prout
920 1568 973 1621 in
996 1567 1181 1621 codice
1213 1551 1400 1620 nostro
1423 1574 1526 1631 est,
1558 1568 1652 1621 sed
1679 1567 1881 1636 reliqua
1912 1583 2018 1622 non
2040 1568 2185 1630 item,
2210 1581 2327 1635 quae
2349 1574 2472 1619 sunt
2499 1567 2550 1619 in
2576 1567 2760 1620 codice
2781 1565 2874 1619 fol.
2905 1567 2990 1629 lo,
3016 1568 3101 1631 li,
3127 1571 3239 1625 sic:

96 1660 160 1711 Τὰ
185 1660 233 1711 δὲ
258 1662 452 1728 σημεῖα
480 1658 515 1710 ἀ
545 1657 814 1726 ἐποίησεν,
841 1657 944 1709 είσὶ
962 1655 1147 1707 ταῦτα.
1190 1655 1450 1718 Ἐπάταξε
1471 1657 1562 1709 καὶ
1589 1656 1746 1718 αὐτὸς
1784 1655 1873 1707 τὸν
1922 1656 2182 1726 Ἰορδάνην
2211 1658 2276 1725 τῇ
2318 1653 2530 1724 μηλωτῇ
2561 1657 2625 1724 τῇ
2667 1653 2863 1717 Ἠλιοῦ,
2894 1655 2987 1708 καὶ
3024 1656 3243 1729 διῃρέθη

94 1748 141 1801 τὸ
170 1747 314 1818 ὕδωρ,
354 1749 450 1800 καὶ
471 1747 621 1816 διέϐη
650 1747 741 1799 καὶ
766 1746 922 1808 αὐτὸς
950 1744 1095 1815 ξηρῷ
1124 1744 1200 1815 τῷ
1227 1745 1363 1798 ποδί.
1396 1745 1474 1798 Τὰ
1498 1745 1664 1799 ῦδατα
1703 1747 1759 1798 ἐν
1810 1746 2012 1816 Ἰεριχῶ
2040 1746 2246 1817 πονηρὰ
2273 1743 2337 1816 ἦν
2376 1746 2464 1798 καὶ
2503 1745 2668 1813 ἀγονα
2685 1762 2697 1774 ’
2728 1746 2818 1798 καὶ
2840 1746 3072 1810 ἀκούσας
3094 1752 3244 1820 παρά

94 1837 181 1889 τῶν
202 1837 291 1906 τῆς
307 1837 537 1900 πόλεως,
554 1835 913 1889 ἐπεκαλέσατο
939 1835 1027 1887 τὸν
1049 1836 1199 1898 Θεὸν,
1220 1837 1313 1889 καὶ
1338 1832 1504 1889 εἶπεν·
1532 1856 1550 1888 ι
1576 1840 1759 1908 Ἰαμαι
1790 1839 1857 1892 τὰ
1882 1838 2042 1893 ὕδατα
2069 1837 2255 1901 ταῦτα,
2284 1837 2373 1890 καὶ
2388 1839 2485 1890 οὒκ
2517 1837 2662 1890 ἔσται
2688 1837 2764 1890 ἔτι
2790 1838 2994 1892 ἐκεῖθεν
3022 1839 3242 1905 θάνατος

96 1928 170 1979 καὶ
184 1927 390 1979 ἀτεκνου
399 1925 558 1995 μένη’
585 1944 603 1976 ι
627 1925 719 1978 καὶ
737 1924 957 1994 ἱάθησαν
982 1924 1051 1977 τά
1076 1924 1240 1977 ῦδατα
1252 1925 1353 1988 ἓως
1375 1926 1474 1995 τῆς
1498 1927 1710 1997 ἡμέρας
1732 1928 1945 1998 ταύτης.
1964 1928 2168 1982 Παίδων
2183 1918 2547 1980 ἀτακτούντων
2575 1925 2690 1979 κατ’
2715 1927 2876 1980 αὐτοῦ
2907 1923 3241 1999 κατηράσατο

95 2018 140 2069 ἐν
164 2019 453 2080 αὑτοῖς,καὶ
481 2017 789 2081 ἐξελθοῦσαι
812 2016 903 2069 δύο
929 2017 1113 2087 ἄρκτοι
1141 2016 1431 2087 ὲνέῤῥηξαν
1447 2016 1504 2082 ἐξ
1528 2016 1700 2071 αὐτῶν
1733 2020 1837 2088 μϐν.
1868 2019 2007 2090 Γυνὴ
2043 2020 2314 2090 προφήτου
2341 2018 2747 2088 τελευτήσαντος
2777 2019 3067 2088 ὀχλουμένη
3100 2021 3244 2090 παρά

93 2108 365 2173 δανειστῶν,
380 2113 477 2165 καὶ
492 2109 566 2179 μὴ
595 2108 788 2178 ἔχουσα
813 2108 1115 2172 ἀποδοῦναι,
1144 2107 1410 2179 προσῆλθε
1431 2108 1507 2178 τῷ
1552 2108 1812 2178 Έλισαίῳ,
1847 2110 1938 2161 καὶ
1969 2108 2261 2163 ἐνετείλατο
2282 2107 2418 2189 αὐτῇ
2451 2111 2761 2176 συναγαγεῖν
2786 2108 2950 2176 ἀγγία
2969 2108 3126 2161 καινά
3146 2111 3244 2163 ὅσα

93 2196 300 2262 δύναται,
335 2199 425 2251 καὶ
457 2199 523 2250 τὸ
546 2198 666 2268 ἔχον
687 2198 953 2264 ὀλιγοστὸν
974 2197 1145 2250 ἔλαιον
1172 2196 1421 2250 ἐκκενοῦν
1442 2199 1518 2259 είς
1545 2197 1682 2251 αὐτά
1705 2199 1806 2260 ἕως
1833 2199 2037 2267 ἀποσχῇ
2066 2197 2132 2250 τὰ
2161 2196 2343 2265 ἀγγία,
2376 2194 2467 2249 καὶ
2491 2196 2645 2249 τοῦτο
2678 2200 2943 2267 ποιήσασα
2964 2197 3243 2267 ἐπλήρωσε

94 2286 149 2338 τά
180 2287 348 2355 ἀγγία,
376 2288 471 2341 καὶ
512 2288 813 2340 ἀποδέδωκε
853 2290 961 2351 τοῖς
987 2282 1300 2348 δανεισταῖς,
1326 2288 1419 2341 καὶ
1448 2284 1507 2341 τὸ
1544 2288 1858 2360 περισσεῦον
1897 2290 2049 2359 ἔσχεν
2093 2290 2170 2351 είς
2209 2288 2494 2359 διατροφὴν
2525 2288 2630 2340 τῶν
2670 2288 2887 2342 παίδων.
2922 2290 3015 2352 Είς
3036 2290 3244 2360 Σουμᾶν

94 2376 309 2429 ἀπελθὼν
336 2377 515 2447 ἔμεινε
556 2377 705 2448 παρά
729 2380 833 2429 τινι
863 2377 1096 2445 γυναικὶ,
1127 2378 1220 2429 καὶ
1261 2377 1335 2448 μὴ
1376 2378 1629 2431 ποιοῦσαν
1681 2379 1847 2448 αὐτὴν
1878 2378 2105 2441 παιδίον,
2134 2376 2493 2447 ἐπιθυμοῦσαν
2536 2377 2592 2429 δὲ
2634 2381 2797 2447 σχεῖν,
2835 2373 3119 2447 εὐξάμενος
3147 2397 3243 2432 περ

94 2465 261 2537 ποίηκε
284 2465 564 2519 συλλαϐεῖν
593 2467 685 2519 καὶ
713 2469 887 2519 τεκεῖν
907 2483 920 2496 ο
951 2463 1067 2519 εἶτα
1093 2465 1423 2519 ἀποθανόντα
1460 2467 1548 2543 τὸν
1588 2467 1769 2531 παῖδα,
1808 2466 2091 2537 εὐξάμενος
2127 2466 2282 2521 πάλιν
2304 2467 2516 2537 ἤγειρεν
2548 2466 2610 2517 ἐκ
2636 2467 2859 2537 νεκρῶν.
2886 2467 2979 2529 Εἰς
3003 2467 3246 2534 Γάλγαλα

92 2554 236 2607 ἐλθὼν
262 2557 503 2628 κατήχθη
530 2571 603 2609 πα
613 2554 680 2624 ρὰ
700 2558 808 2619 τοῖς
829 2556 962 2619 υἱοῖς
974 2553 1077 2607 τῶν
1095 2554 1398 2627 προφητῶν,
1420 2558 1512 2609 καὶ
1526 2556 1802 2626 ὲψεθέντος
1826 2554 2178 2628 προσφαγίου,
2204 2558 2296 2610 καὶ
2318 2556 2602 2626 θανατικῆς
2629 2556 2851 2626 βοτάνης
2872 2556 3242 2626 συνεψεθείσης

93 2640 155 2711 τῷ
180 2646 507 2716 προσφαγίῳ,
537 2646 630 2698 καλ⁵
653 2647 783 2716 παρ’
808 2644 982 2713 ὀλίγον
1015 2646 1417 2700 κινδυνευόντων
1441 2647 1670 2711 πάντων,
1695 2648 1983 2717 πεποίηκεν
2010 2647 2237 2711 ἀϐλαϐὲς
2275 2649 2366 2700 καὶ
2390 2648 2482 2717 ἡδὺ
2516 2646 2573 2700 τὸ
2600 2647 2807 2718 βρῶμα.
2840 2649 2957 2702 Τῶν
2989 2650 3117 2702 υἱῶν
3137 2651 3242 2704 τῶν

92 2733 354 2802 προφητῶν
379 2736 685 2788 κοπτόντων
707 2730 836 2801 ξύλα
864 2735 1012 2806 παρά
1029 2736 1117 2787 τὸν
1156 2736 1436 2807 Ἰορδάνην,
1469 2732 1685 2800 ἐξέπεσε
1717 2736 1776 2789 τὸ
1809 2738 2063 2810 δρέπανον
2082 2739 2173 2792 καὶ
2201 2737 2582 2823 κατεποντίσθη
2601 2737 2670 2823 ’.ὁ
2707 2737 2763 2790 δὲ
2803 2739 3059 2802 Ἑλισαῖος
3095 2741 3245 2808 εὐχό-

93 2836 227 2886 μενος
264 2822 557 2893 πεποίηκεν
579 2824 898 2879 ἐπιπολᾶσαι
924 2827 984 2878 τὸ
1013 2826 1290 2896 δρέπανον.
1317 2827 1510 2897 Ναμᾶν
1537 2829 1565 2880 ὁ
1596 2826 1762 2903 Σύρος
1786 2828 1851 2880 δι’
1874 2828 2047 2881 αὐτοῦ
2065 2827 2390 2899 ἐκαθαρίσθη
2413 2831 2434 2860 ⁸
2461 2818 2565 2880 ἀπὸ
2591 2818 2685 2898 τῆς
2705 2827 2918 2898 λέπρας.
2955 2829 3056 2881 Τὸν
3084 2830 3244 2883 παῖδα

88 2911 229 2963 αὐτοῦ
264 2914 524 2977 Ἐλισαῖος
544 2915 827 2986 λεγόμενον
851 2916 1043 2981 Γιεζεὶ,
1070 2916 1359 2970 ἀπελθόντα
1380 2918 1560 2987 κρυφᾶ
1587 2917 1735 2988 παρά
1754 2917 1971 2988 γνώμην
1998 2911 2308 2989 αὐτοῦξπρὸς
2333 2918 2525 2984 Ναμᾶν
2543 2918 2633 2970 καὶ
2654 2919 2945 2989 αἰτήσαντα
2970 2920 3245 2990 ἀργύριον,

90 2995 287 3071 ὕστερον
314 3003 535 3057 ἐλθόντα
574 3006 666 3059 καὶ
697 3002 1019 3077 ἀρνούμενον
1053 3006 1239 3076 ἤλεγξε
1265 3009 1355 3061 καὶ
1388 3008 1727 3079 κατηράσατο
1758 3010 1935 3074 αὐτὸν,
1961 3011 2051 3063 καὶ
2099 3009 2284 3078 γέγονε
2313 3008 2505 3079 λεπρός
2527 3025 2540 3039 ’
2572 3009 2824 3078 βασιλέως
2855 3010 3048 3082 Συρίας
3090 3010 3244 3063 πολεά

90 3088 288 3155 μοῦντος
307 3093 396 3145 τὸν
439 3093 675 3166 Ἰσραὴλ,
706 3096 1028 3164 ἠσφαλίζετο
1061 3096 1148 3148 τὸν
1180 3096 1397 3165 βασιλέα
1435 3097 1645 3169 Ἰσραὴλ
1670 3098 2015 3166 ἀπαγγέλλων
2057 3098 2201 3167 αὐτῷ
2228 3097 2322 3160 τὰς
2349 3090 2562 3166 σκέψεις
2585 3098 2676 3151 τοῦ
2715 3098 2904 3169 ἐχθροῦ
2922 3115 2937 3129 ’
2964 3098 3115 3151 τοῦτο
3145 3115 3246 3168 μα-

90 3177 180 3230 θὼν
200 3183 226 3232 ὁ
254 3181 501 3249 βασιλεὺς
532 3183 727 3255 Συρίας
756 3185 959 3256 πέμπει
985 3184 1206 3255 δύναμιν
1229 3187 1448 3255 ἀγαγεῖν
1474 3186 1562 3239 τὸν
1586 3188 1890 3257 προφήτηνο
1918 3189 1946 3239 ὁ
1972 3185 2027 3240 δὲ
2045 3187 2332 3256 εὐξάμενος
2373 3186 2661 3255 πεποίηκεν
2699 3186 2890 3248 αὐτοὺς
2914 3185 3245 3255 παταχθῆναι

88 3266 317 3339 ἀορασίᾳ,
337 3272 431 3324 καὶ
454 3275 742 3343 ἀπήγαγεν
764 3275 840 3337 είς
865 3275 1167 3346 Σαμάρειαν
1198 3275 1344 3346 παρά
1361 3277 1484 3339 τοὺς
1506 3277 1745 3348 ἐχθροὺς,
1784 3277 2033 3340 ἀϐλαϐεῖς
2055 3294 2113 3330 τε
2144 3262 2335 3339 αὖτοὺς
2392 3276 2625 3345 φυλάξας
2651 3275 2869 3329 διέσωσε
2900 3277 2992 3328 καὶ
3022 3276 3209 3346 ἔθρεψε
3226 3290 3241 3307 ο

86 3357 221 3411 τοῦτο
243 3362 423 3428 μαθὼν
457 3365 487 3416 ὁ
509 3365 761 3434 βασιλεὺς
784 3367 977 3437 Συρίας
1005 3368 1274 3420 ἐπαύσατο
1293 3365 1386 3421 τοῦ
1421 3368 1684 3438 πολεμεῖν.
1704 3368 1857 3421 Μετά
1884 3368 2106 3421 θάνατον
2146 3367 2404 3421 Ἐλισαίου
2436 3364 2712 3421 ἀποθανών
2739 3382 2821 3427 τις
2860 3362 2952 3418 καὶ
2982 3366 3246 3434 θιιπιτῖόμε⁴

86 3460 161 3507 νος
178 3449 366 3521 ὲρῤίφη
398 3453 493 3506 ἐπὶ
516 3454 587 3507 τά
605 3457 735 3509 ὀστᾶ
759 3454 940 3520 αὐτοῦ,
964 3456 1054 3509 καὶ
1081 3456 1236 3525 μόνον
1258 3456 1331 3520 ὡς
1354 3455 1525 3526 ἥψατο
1549 3457 1652 3511 τῶν
1673 3458 1840 3510 ὀστῶν
1863 3456 1956 3510 τοῦ
1996 3456 2276 3521 Ἐλισαίου,
2307 3459 2335 3510 ό
2354 3454 2542 3524 νεκρὸς
2569 3453 2725 3516 εὐθὺς
2750 3453 3022 3525 ἀνέζησεν.

145 3624 166 3658 ³
187 3623 342 3696 Cod.,
371 3631 728 3705 ἐκαθερίσθη.

333 5700 606 5769 Parnm"
645 5693 738 5753 Gn
754 5735 767 5749 .
805 5688 995 5752 XXII.
2811 5678 2890 5737 28
