3782 6360
126 394 232 449 877
735 400 1185 470 QUESTIONES
1223 398 1619 457 EVANGELIC.

1838 401 2268 459 STEPHANUM.
2308 434 2374 444 —
2413 403 2740 466 MONI’I‘UM.
3202 412 3305 468 δη

126 571 3300 614 mm

796 745 968 854 DE
1044 744 1820 857 NOMINIBUS
1897 748 2678 866 HEBRAICIS.

531 951 667 1009 Vide
689 955 1002 1026 Patrologia:
1024 955 1226 1011 Latina:
1251 966 1373 1012 tom.
1402 957 1593 1022 XXIII,
1615 957 1837 1026 Operam
1869 957 1926 1013 S.
1959 958 2262 1030 Hieronymi
2288 971 2413 1015 tom.
2437 960 2522 1028 Ill,
2550 963 2648 1015 col.
2679 953 2926 1018 iii-T90.

453 1237 1459 1410 QUZESTION
1465 1237 1688 1390 ES
1775 1244 3000 1405 EVANGELlC/E

1075 1496 1287 1560 (Angela
1309 1497 1423 1559 In,
1456 1495 1675 1548 Biblioth.
1699 1512 1816 1549 nova
1838 1501 2058 1563 Patrum,
2083 1501 2166 1563 IV,
2190 1517 2238 1565 ρ.
2263 1502 2392 1567 217.)

139 1096 2740 1125 ᾗ

671 1115 3300 1154 Ἣ

1109 1725 1671 1818 EDITORIS
1741 1727 2347 1818 MONITUM.

194 1988 300 2043 Cur
337 1988 636 2052 Eusebius,
665 1989 740 2041 rei
779 1987 1089 2042 Christiana:
1117 1987 1356 2058 defensor
1410 1991 1689 2044 acerrimus
1712 2031 1732 2054 ,
1781 2006 1903 2058 opus
1953 1989 2046 2042 hoc
2084 1989 2406 2043 scribendum
2431 1997 2747 2061 susceperit,
2785 2009 2996 2048 causam
3052 1998 3203 2064 facile
3233 2011 3311 2053 est

127 2080 358 2133 divinare
381 2119 398 2139 ,
433 2080 565 2146 quia
599 2079 778 2130 multa
820 2088 1093 2131 occurrunt
1126 2095 1302 2148 reapse
1331 2081 1468 2148 apud
1515 2080 1852 2149 evangelistas
1886 2082 2192 2144 varietates,
2230 2081 2412 2149 quibus
2442 2083 2632 2137 ethnici
2660 2086 2735 2138 vel
2773 2086 2999 2140 ha'retici
3024 2088 3309 2142 abuteban-

131 2184 227 2238 tur,
262 2184 319 2226 ut
352 2173 668 2225 divinorum
716 2171 964 2225 librorum
994 2173 1256 2225 veritatem
1287 2185 1546 2242 negarent.
1588 2173 1720 2227 Hinc
1781 2183 1853 2226 tot
1910 2173 2192 2227 harmonia:
2218 2176 2520 2244 evangelica:
2563 2177 2678 2245 jam
2737 2179 2854 2232 inde
2881 2198 2912 2232 a
2943 2181 3154 2234 Tatiani
3187 2183 3312 2253 Syri

129 2265 454 2333 temporibus
481 2281 646 2333 usque
675 2264 742 2318 ad
765 2273 942 2318 nostra
958 2275 1284 2318 constructat.
1321 2265 1435 2332 Ipse
1464 2266 1708 2320 Eusebius
1725 2267 1817 2320 sub
1836 2268 1997 2320 initiis
2020 2283 2214 2336 quoque
2235 2266 2485 2323 Historiae
2513 2286 2620 2323 sua:
2651 2271 3037 2328 Ecclesiastica:
3066 2276 3155 2329 lib.
3181 2292 3222 2339 ι,
3257 2281 3310 2344 7,

137 2359 435 2410 necessario
485 2355 948 2410 demonstrandam
981 2357 1180 2423 putavit
1235 2355 1626 2426 anngeliorum
1672 2358 1806 2411 inter
1858 2375 1911 2412 se
1965 2359 2376 2422 consensionem,
2414 2359 2548 2428 quod
2565 2369 2614 2413 et
2643 2361 2779 2428 fecit,
2807 2364 2962 2418 citato
2987 2368 3143 2422 etiam
3165 2372 3314 2440 Afri-

130 2448 241 2499 cani
267 2447 520 2513 exemplo
546 2448 600 2499 in
634 2447 820 2499 litteris
843 2445 909 2497 ad
934 2445 1216 2499 Aristidem
1236 2446 1300 2500 de
1329 2449 1759 2518 evangelistarum
1788 2450 1842 2502 in
1879 2449 2147 2502 narranda
2183 2449 2377 2504 Christi
2404 2451 2700 2521 genealogia
2727 2470 2994 2510 consensu.
3020 2456 3141 2512 Iam
3163 2461 3315 2530 quale

132 2537 277 2604 fuerit
299 2539 414 2601 hoc
466 2536 679 2590 Eusebii
708 2536 772 2590 de
809 2536 1204 2606 Evangeliorum
1250 2537 1530 2606 diaphonia
1579 2555 1668 2592 seu
1699 2538 2045 2606 discrepantia
2072 2532 2440 2615 (concilianda)
2470 2534 2616 2607 opus,
2647 2541 2790 2595 docet
2819 2545 3109 2600 authentico
3161 2552 3306 2603 testi-

133 2628 297 2679 monio
324 2635 529 2678 auctor
554 2627 608 2678 in
636 2625 1038 2694 prcefatiuncula
1066 2625 1132 2678 ad
1155 2623 1438 2679 Marinum.
1475 2642 1492 2675 ι
1513 2624 1884 2694 Ambiguarum
1907 2627 2244 2695 quastionum
2278 2643 2338 2678 ac
2360 2627 2697 2689 solutionum,
2722 2646 2835 2696 qua:
2863 2632 3000 2686 circa
3022 2633 3312 2690 divinorum

133 2712 544 2784 Evangeliorum
564 2715 716 2766 initia
744 2723 1040 2776 occurrunt,
1062 2729 1177 2765 cum
1191 2713 1306 2782 jam
1329 2712 1459 2766 duos
1491 2714 1785 2782 scripserim
1808 2713 1993 2778 libros,
2024 2715 2164 2767 venio
2185 2731 2338 2773 nunc.
2372 2716 2551 2769 mediis
2585 2721 2944 2783 pra-termissis
2979 2723 3048 2774 ad
3085 2734 3314 2780 extraria

133 2817 238 2867 qua:
265 2818 482 2870 semper
516 2800 653 2869 apud
700 2817 874 2853 omnes
923 2809 1246 2853 controversa
1298 2801 1526 2868 fuerunt.
1571 2819 1590 2851 ι
1629 2799 1837 2854 Priores
1871 2811 2041 2855 autem
2085 2801 2187 2854 duo
2215 2802 2332 2856 libri
2371 2804 2550 2871 scripti
2581 2819 2728 2858 erant
2761 2808 2828 2860 ad
2879 2810 3222 2882 Stephanum;
3255 2831 3315 2868 ut

129 2893 287 2947 codex
321 2895 624 2948 Vaticanus
653 2893 992 2954 demonstrat,
1028 2895 1207 2945 tertius
1239 2893 1306 2946 ad
1332 2891 1616 2946 Marinum.
1668 2893 1807 2964 Ergo
1839 2893 2088 2948 Eusebius
2118 2897 2423 2965 qurestiones
2452 2901 2809 2954 tantummodo
2848 2903 2987 2958 circa
3015 2907 3218 2960 initium
3266 2918 3318 2962 et

135 2987 282 3051 ﬁnem
316 2985 734 3055 Evangeliornm
766 2986 972 3037 obortas
1022 2995 1352 3048 tractaverat,
1384 2987 1565 3039 mediis
1594 2988 1792 3041 cunctis
1824 2989 2070 3050 omissis;
2103 3005 2231 3058 quas
2253 2989 2430 3044 deinde
2480 3008 2652 3046 omnes
2685 2997 3043 3061 operosissima
3068 2999 3315 3054 lucubra-

132 3078 264 3131 tione
305 3078 372 3131 de
426 3092 687 3130 consensu
714 3076 1142 3144 evangelistarum
1165 3075 1453 3142 complexus
1483 3085 1558 3128 est
1595 3085 1803 3129 sanctus
1833 3076 2184 3145 Augustinus,
2237 3079 2327 3146 qui
2378 3078 2504 3132 dicti
2541 3083 2708 3148 operis
2752 3082 2899 3137 libris
2955 3102 3016 3149 ιι,
3052 3103 3107 3140 III
3139 3097 3188 3141 et
3240 3105 3315 3154 Iv,

130 3166 483 3232 difficultates
511 3163 772 3231 plurimas
800 3179 888 3231 per
924 3172 1085 3215 totum
1115 3163 1546 3229 eoangelistarum
1575 3173 1868 3216 contextum
1895 3179 1987 3231 pro
2019 3181 2112 3217 suo
2142 3167 2334 3233 ingenii
2365 3169 2600 3221 acumine
2633 3172 2936 3226 cnucleavit.
2969 3173 3036 3227 Et
3063 3178 3266 3245 quidem
3294 3218 3310 3240 ,

133 3254 266 3324 quod
295 3255 428 3324 jure
457 3256 625 3306 miror
656 3252 923 3322 (quodque
950 3268 1088 3319 spem
1113 3251 1488 3320 quodammodo
1528 3253 1642 3314 alit,
1669 3267 1930 3318 superesse
1958 3255 2151 3306 alicubi
2191 3269 2314 3320 opus
2343 3254 2551 3308 Eusebii
2580 3259 2802 3323 fortasse
2829 3261 3079 3332 integrum
3107 3307 3121 3328 ,
3164 3268 3318 3328 cuius

135 3349 342 3402 nonnisi
371 3346 749 3414 compendium
777 3344 860 3395 hic
882 3341 1173 3396 exhibemus
1192 3345 1228 3402 ),
1249 3341 1467 3394 Latinus
1493 3341 1731 3394 Latinius
1759 3340 1888 3408 Opp.
1907 3353 1944 3394 t.
1967 3341 2048 3402 11,
2076 3359 2127 3410 p.
2159 3341 2370 3402 il6,sic
2399 3345 2464 3396 ad
2485 3347 2742 3399 Andream
2775 3349 2999 3403 Masium
3027 3357 3321 3412 scribebat:

137 3459 157 3492 σ
198 3439 436 3494 δῑνιειιιε
471 3435 828 3507 (cardinalis)
861 3435 992 3486 scire
1046 3442 1092 3485 te
1142 3433 1278 3493 t'ttlt,
1329 3433 1380 3484 in
1436 3432 1619 3487 Sicilia
1660 3433 1887 3486 inventos
1915 3449 2024 3485 esse
2055 3433 2213 3486 libros
2257 3444 2358 3488 tres
2390 3435 2601 3488 Eusebii
2627 3438 2960 3494 Ctesariensis
2991 3442 3055 3495 de
3087 3443 3322 3516 Evange-

133 3533 323 3584 liorum
363 3528 682 3598 diaphonia,
707 3527 794 3595 qui
824 3534 879 3576 ut
901 3525 1004 3591 ipse
1032 3533 1200 3589 sperat
1236 3523 1368 3576 brevi
1407 3524 1456 3574 in
1477 3525 1637 3575 lucem
1667 3521 1899 3576 edentur.
1933 3540 1950 3572 ι
1986 3522 2109 3575 Tres
2133 3539 2253 3593 ergo
2270 3524 2386 3591 jam
2411 3535 2518 3576 tum
2547 3525 2850 3580 dicebantur
2869 3528 2923 3582 hi
2945 3530 3155 3590 Eusebii
3179 3536 3319 3606 libri,

132 3635 186 3676 ut
214 3624 359 3693 apud
390 3639 494 3676 nos
518 3630 697 3689 postea
721 3620 773 3670 in
800 3617 1010 3684 prologo
1040 3615 1106 3667 ad
1135 3614 1401 3667 Marinum
1425 3616 1683 3681 apparuit.
1729 3613 1836 3669 Nec
1870 3631 1982 3668 vero
2005 3615 2276 3685 quisquam
2298 3617 2528 3670 codicem
2555 3629 2789 3673 nostrum
2814 3637 2877 3674 ex
2895 3621 3080 3678 Sicilia
3101 3628 3322 3683 allatum

134 3715 354 3769 Romam
379 3721 562 3780 putet;
594 3718 670 3762 est
708 3708 842 3760 enim
872 3707 915 3758 is
945 3720 1076 3756 unus
1097 3705 1159 3756 de
1200 3703 1455 3755 Palatinis
1488 3702 2022 3773 Heidelbergensibus,
2075 3714 2129 3756 ut
2158 3704 2270 3772 ejus
2301 3706 2570 3775 inscriptio
2613 3708 2952 3778 demonstrat,
2989 3731 3183 3770 necnon
3212 3719 3322 3773 Sil-

133 3805 303 3874 burgii
333 3806 631 3870 impressus
661 3797 854 3850 Gra’cw
878 3797 1019 3848 illius
1066 3793 1380 3846 bibliotheca:
1407 3793 1696 3861 catalogus,
1723 3793 1810 3861 qui
1848 3801 1964 3844 ante
1991 3802 2196 3860 captam
2230 3792 2620 3865 Heidelbergam
2661 3798 3041 3869 trwslatosque
3071 3804 3188 3858 illos
3225 3805 3324 3860 Ro-

130 3910 268 3944 mam
300 3893 518 3946 codices
543 3891 805 3957 confectus
835 3887 953 3940 fuit.
985 3885 1140 3950 Quod
1165 3885 1210 3935 si
1231 3884 1518 3952 Silburgius
1543 3900 1642 3935 non
1671 3893 1772 3936 tres
1803 3883 1929 3935 dicit
1954 3883 2134 3946 libros,
2161 3884 2248 3938 sed
2278 3886 2426 3950 duos,
2450 3887 2504 3940 id
2531 3888 2666 3943 brevi
2689 3891 3088 3949 hallucinatione
3109 3897 3322 3960 accidit,

130 3985 253 4051 quia
285 3999 481 4051 nempe
511 3983 647 4034 duas
685 3991 886 4032 tantum
916 3979 1080 4045 operis
1109 3979 1357 4030 sectiones
1397 3975 1596 4029 videbat
1633 3977 1688 4029 in
1715 3974 1908 4040 codice,
1940 3975 2007 4029 ad
2039 3977 2352 4045 Stephanum
2379 3989 2430 4033 et
2457 3981 2525 4034 ad
2563 3981 2847 4051 Marinum,
2877 3989 3023 4057 cujus
3051 4002 3323 4058 posti-enm

125 4081 450 4144 prooemium
483 4093 588 4128 non
617 4075 757 4142 legit.

200 4169 342 4220 Mihi
375 4171 434 4220 in
470 4167 646 4220 codice
693 4165 806 4217 Vat.
854 4162 1028 4216 Palat.
1078 4161 1226 4216 CXX
1272 4162 1635 4230 pulcherrimo.
1675 4163 1854 4216 surculi
1905 4163 2061 4231 ferme
2092 4179 2157 4228 ι,
2214 4165 2375 4217 trium
2410 4167 2776 4233 praedictorum
2825 4171 3074 4226 librorum
3102 4175 3324 4242 epitome

123 4266 405 4322 comperta
444 4263 555 4320 est,
599 4264 654 4305 ut
703 4254 889 4305 diserte
937 4252 1236 4305 inscribitur
1286 4253 1508 4322 Ἐκλογὴ
1548 4253 1604 4303 ἐν
1636 4252 1881 4322 συντόμῳ
1911 4292 1924 4315 ,
1959 4263 2094 4315 etc.,
2146 4267 2300 4322 prout
2327 4269 2392 4308 ex
2436 4258 2608 4311 codice
2644 4260 2697 4312 in
2737 4261 2944 4314 titulum
2985 4261 3104 4314 libri
3131 4264 3228 4316 mei
3255 4265 3324 4317 ad

125 4345 343 4396 verbum
376 4344 676 4396 transtuli:
704 4343 754 4394 in
783 4343 900 4395 aliis
935 4359 1049 4396 vero
1095 4341 1355 4396 Vaticanis
1390 4354 1687 4396 catenarum
1717 4343 1978 4396 codicibus
2015 4355 2188 4412 partes
2239 4347 2396 4399 etiam
2431 4348 2615 4419 integri
2637 4352 2804 4418 operis
2833 4363 3013 4405 nactus
3036 4369 3171 4417 smn,
3193 4371 3323 4422 quas

121 4444 240 4500 post
294 4436 570 4502 epitomen
606 4431 852 4484 recitabo.
910 4431 1063 4484 Nunc
1105 4435 1270 4499 operis
1313 4449 1401 4501 per
1439 4449 1492 4485 se
1534 4435 1813 4486 certissimi
1867 4445 2016 4486 testes
2064 4434 2395 4489 nihilominus
2426 4447 2615 4492 veteres
2663 4440 2940 4508 producere
2983 4459 3183 4511 (equum
3225 4455 3324 4499 est.

122 4524 176 4576 1.
220 4524 488 4594 Namque
524 4521 780 4576 Eusebius
810 4522 1107 4574 Demonstr.
1139 4523 1336 4590 Evang.
1379 4522 1468 4574 lib.
1511 4537 1614 4584 vn,

1833 4534 1871 4573 ‘:
1899 4522 2012 4574 Τίνι
2038 4523 2094 4574 δὲ
2117 4522 2254 4593 λόγῳ
2299 4527 2390 4579 τὸν
2431 4525 2620 4596 Ἰωσὴφ
2662 4530 3062 4599 γενεαλογοῦσιν
3099 4534 3147 4584 οἱ
3193 4534 3326 4603 ἱεροὶ

120 4615 556 4683 εὐαγγελισταὶ,
621 4614 819 4683 καίπερ
865 4613 935 4682 μὴ
967 4613 1114 4674 ὄντος
1146 4612 1237 4664 τοῦ
1288 4613 1534 4684 Σωτῆρος
1573 4612 1723 4682 ἡμῶν
1756 4613 1813 4678 ἐξ
1841 4613 2023 4676 αὑτοῦ,
2057 4613 2168 4666 ἀλλ’
2219 4615 2278 4678 ἐξ
2331 4615 2482 4682 ἁγίου
2516 4617 2822 4687 Πνεῦματος
2878 4621 2969 4672 καὶ
3022 4620 3120 4687 τῆς
3165 4621 3322 4686 ἁγίας

119 4705 448 4774 Παρθένου,
478 4708 624 4767 ὅπως
648 4722 708 4756 τε
729 4705 820 4756 καὶ
855 4703 988 4770 αὕτη
1029 4707 1060 4773 ἡ
1098 4703 1188 4756 τοῦ
1227 4705 1423 4774 Κυρίου
1461 4706 1652 4774 Μήτηρ
1683 4703 1788 4756 ἀπὸ
1823 4704 2006 4770 γένους
2036 4704 2128 4756 καὶ
2158 4705 2462 4775 σπέρματος
2492 4707 2856 4760 ἀποδείκνυται
2889 4705 3022 4761 εἷναι
3052 4709 3231 4772 Δαϐὶδ,
3264 4710 3324 4763 ὲν

117 4795 200 4864 τῷ
226 4796 455 4866 πρώτῳ
480 4797 588 4848 τῶν
616 4799 695 4856 εἰς
731 4796 824 4864 τὴν
858 4794 1194 4862 γενεαλογίαν
1215 4793 1306 4844 τοῦ
1331 4795 1573 4864 Σωτῆρος
1597 4792 1750 4862 ἡμῶν
1775 4793 2108 4861 ζητημάτων
2137 4795 2233 4847 καί
2255 4797 2490 4848 λύσεων
2515 4797 2859 4867 διειληφότες,
2889 4798 2973 4848 ἐπ’
2999 4799 3172 4848 ἐκεῖνα
3198 4798 3322 4860 τοὺς

122 4883 469 4952 φιλομαθεῖς
488 4885 904 4951 ἀποπέμπομεν.
942 4900 959 4932 ι
1001 4881 1108 4936 Cur
1139 4881 1348 4948 Iosephi
1375 4899 1530 4950 genus
1567 4900 1615 4934 sc

1830 4883 2058 4952 ngelistte
2084 4881 2379 4936 describant
2403 4924 2418 4949 ,
2438 4888 2668 4953 quamvis
2701 4885 2942 4939 Servator
2971 4896 3141 4939 noster
3165 4902 3229 4941 ea:
3257 4904 3319 4941 ea

122 4982 287 5025 natus
318 4989 439 5024 non
469 4975 557 5034 sit,
589 4974 678 5024 sed
703 4971 766 5023 de
804 4971 1001 5037 Spiritu
1039 4981 1216 5024 sancto
1245 4980 1292 5022 et
1329 4983 1510 5024 sancta
1542 4973 1782 5041 Virgine;
1811 4988 1966 5040 quove
1994 4969 2145 5024 modo
2177 4973 2292 5040 ipsa
2327 4971 2540 5026 Domini
2562 4974 2731 5028 Mater
2755 4975 2818 5028 de
2839 4991 3018 5044 genere
3049 4977 3324 5034 ac'seminc

121 5063 358 5119 Davidis
385 5065 559 5132 fuisse
580 5064 925 5126 ostendatur;
954 5066 1008 5116 in
1036 5065 1200 5130 primo
1227 5066 1564 5129 quwstionum
1597 5077 1645 5118 et
1687 5065 2004 5119 solutionum
2035 5063 2096 5116 de
2134 5063 2422 5118 Servatoris
2452 5067 2618 5118 nostri
2657 5070 2900 5134 prosapia
2930 5070 3322 5136 explicavimus.

131 5153 278 5211 Illuc
318 5159 498 5226 igitur
523 5159 601 5210 rei
631 5156 893 5209 studiosos
918 5155 1280 5208 amandamus.
1324 5175 1341 5204 ι
1373 5156 1540 5211 Porro
1566 5161 1624 5210 tit

1830 5158 1949 5210 hunc
1981 5158 2302 5226 ζητημάτων
2333 5158 2423 5209 καὶ
2471 5159 2691 5220 λύσεων,
2726 5160 3066 5228 quwstionum
3092 5171 3140 5213 et
3173 5162 3323 5214 solu-

126 5246 360 5308 tionum,
394 5248 689 5314 genuinum
721 5259 832 5295 esse
862 5242 1226 5302 Eusebiannm,
1256 5242 1400 5296 docet
1433 5246 1512 5297 hic
1536 5259 1719 5298 auctor
1743 5286 1756 5307 ,
1803 5256 1850 5298 et
1879 5245 2070 5298 codicis
2116 5247 2279 5297 nostri
2309 5245 2542 5299 Palatini
2571 5248 2836 5314 inscriptio
2883 5249 3172 5315 conﬁrmat.
3213 5249 3322 5302 Alii

129 5334 309 5402 itaque
345 5347 619 5393 auctores,
647 5349 697 5386 v.
731 5347 811 5398 gr.
832 5342 1036 5383 sanctus
1064 5329 1421 5396 Hieronymus,
1459 5346 1515 5386 ut
1545 5352 1662 5387 mox
1686 5337 1932 5394 dicemus,
1958 5334 2168 5388 liberius
2196 5336 2354 5388 locuti
2385 5346 2525 5401 sunt,
2555 5353 2671 5390 cum
2720 5339 2873 5404 paulo
2904 5338 3084 5406 aliter,
3132 5351 3187 5392 ut
3219 5342 3318 5409 ﬁt,

131 5441 316 5478 sensus
352 5421 734 5478 tantummodo
758 5421 954 5472 ratione
980 5419 1171 5481 habita,
1200 5419 1568 5485 inscripserunt
1597 5440 1615 5477 :
1643 5440 1756 5492 qua:
1797 5423 2017 5476 varietas
2047 5423 2098 5474 in
2131 5423 2280 5475 titulo
2307 5437 2503 5493 quoque
2524 5426 2910 5478 Chronicorum
2951 5426 3158 5480 Eusebii
3201 5430 3319 5496 jam

137 5516 226 5569 diu.
256 5517 542 5570 observata
579 5514 712 5582 fuit.
753 5510 810 5562 2.
843 5509 1056 5564 Sanctus
1087 5523 1199 5576 ergo
1221 5509 1576 5580 Hieronymus
1608 5514 1680 5568 De
1699 5515 1883 5584 script.
1910 5515 2099 5568 illustr.
2135 5531 2254 5581 cap.
2298 5515 2397 5578 81,
2439 5518 2512 5570 ait
2561 5532 2580 5570 :
2642 5535 2660 5566 ε
2694 5515 2946 5572 Eusebius
2984 5517 3320 5576 Casariensis

134 5605 294 5658 edidi;
319 5608 389 5658 άε
410 5599 834 5668 ευαηῃιιίονωη
857 5597 1136 5664 diaphonia.
1169 5615 1186 5646 ι
1223 5597 1269 5650 3.
1298 5597 1519 5655 Rursus
1547 5605 1681 5657 idem
1708 5604 2049 5672 Hieronymus
2076 5603 2133 5654 in
2158 5603 2362 5658 Comm.
2395 5605 2461 5657 ad
2483 5605 2666 5658 Matth.
2689 5621 2727 5669 1,
2769 5606 2834 5660 16
2860 5625 2872 5659 :
2920 5602 2958 5658 ι’
2977 5605 3140 5676 Super
3159 5608 3322 5661 hocet

144 5696 426 5759 Africanus
454 5703 758 5759 temporum
791 5690 1018 5756 scriptor,
1043 5700 1087 5739 et
1112 5683 1338 5744 Eusebius
1389 5690 1637 5747 Caesarie

1851 5693 1992 5748 libris
2004 5693 2299 5761 Διαφωνίας
2327 5695 2669 5764 Εὐαγγελίων
2689 5695 2884 5764 plenius
2909 5696 3257 5765 disputarunt.
3291 5712 3337 5768 ι,
