3782 6256
556 377 660 432 883

1223 371 1488 428 EUSEBII
1518 368 1992 428 CESARIENSIS
2025 369 2174 424 OPP.
2211 367 2392 422 PARS
2422 365 2514 422 Ill.
2552 395 2613 407 --
2661 359 3069 418 EXEGETICA.

3565 363 3640 417 88!

558 496 710 539 utero
741 481 1020 536 habentem
1051 482 1115 536 de
1143 491 1330 536 sancto
1359 481 1583 550 Spiritu.
1615 481 1791 552 Atque
1819 481 1933 534 haec
1965 495 2083 548 per-

2205 479 2521 548 bxovdp'q'ro'
2553 477 2602 528 εί
2640 474 2754 545 γὰρ
2773 474 2837 544 δὴ
2871 471 3018 541 παρὰ
3047 473 3152 534 τοῖς
3181 471 3333 542 αὐτῆς
3355 472 3566 539 ’γονεῖσιν
3581 471 3644 529 οὗ·

557 569 836 628 commode
867 567 935 622 ob
959 570 1226 623 vitandam
1265 570 1407 638 vulgi
1443 571 1688 622 notitiam
1716 577 1904 622 curata
1937 577 2083 622 sunt.

556 659 688 713 Nam
717 661 762 712 si
797 653 977 709 Mariae
998 672 1026 708 a
1053 658 1365 724 parentibus
1395 657 1633 710 nondum
1665 656 1940 726 digressae,
1967 670 2089 725 gra-

559 749 693 801 vida!
721 746 831 800 ﬁeri
863 746 1207 815 contigisset;
1237 746 1359 814 quia
1391 761 1610 800 necesse
1633 752 1748 799 erat
1777 759 1888 798 rem
1911 745 2088 812 palam

558 836 883 906 famigerari,
917 851 1104 904 nempe
1135 836 1276 904 quod
1311 836 1426 903 ipsa
1457 834 1598 888 haud
1631 850 1692 888 ex
1723 836 1937 903 publice
1961 842 2089 890 noto

557 929 674 980 viro
703 941 802 981 suo
832 925 1185 992 concepisset,
1215 925 1462 993 protinus
1485 925 1806 992 supplicium
1833 940 1895 978 ex
1919 923 2091 978 forma

553 1017 694 1083 juris
726 1016 742 1046 ¹
772 1015 1026 1069 subiisset
1061 1033 1073 1066 :
1131 1015 1179 1068 si
1234 1014 1431 1077 minus,
1470 1023 1614 1068 certe
1659 1016 1832 1084 stupri
1879 1017 2092 1068 macula

559 1120 668 1158 non
696 1114 941 1158 vacasset
975 1122 989 1156 :
1021 1118 1196 1171 neque
1226 1104 1368 1158 enim
1405 1105 1519 1172 ipsa
1542 1105 1646 1159 sibi
1670 1105 1826 1160 testis
1853 1120 1973 1159 esse
1998 1120 2095 1173 po-

559 1200 720 1257 terat,
752 1207 926 1262 neque
952 1191 1020 1245 ad
1054 1191 1212 1246 fidem
1255 1191 1558 1246 faciendam
1611 1207 1797 1246 eorum
1827 1207 1947 1262 quae
1987 1192 2093 1246 sibi

561 1282 871 1336 acciderant
907 1287 1022 1334 erat
1071 1280 1263 1335 idonea
1315 1300 1328 1334 :
1376 1294 1478 1334 nec
1523 1281 1806 1350 quisquam
1860 1281 1964 1336 sibi
2002 1289 2096 1333 aut

560 1370 738 1438 angeli
767 1370 943 1425 visum
973 1369 1286 1438 persuaderi
1312 1384 1508 1438 passus
1528 1380 1692 1433 esset,
1722 1378 1817 1424 aut
1858 1370 1934 1423 illi
1967 1385 2096 1424 nar-

561 1460 707 1514 ranti
739 1459 1053 1514 credidisset
1087 1473 1206 1528 quae
1250 1459 1421 1513 eidem
1447 1473 1478 1512 a
1517 1459 1762 1515 Gabriele
1791 1460 1936 1514 dicta
1979 1458 2097 1513 fue-

563 1559 685 1603 rant
736 1569 748 1604 :
784 1565 956 1618 neque
990 1564 1106 1602 eam
1138 1549 1246 1617 jam
1293 1555 1654 1617 praegnantem
1684 1547 1830 1602 domi
1865 1564 1977 1602 suae
2005 1546 2094 1602 Jo-

564 1639 764 1708 sephus
788 1639 1101 1706 recepisset,
1125 1653 1284 1706 quem
1309 1637 1534 1705 justitia:
1555 1637 1828 1706 publicum
1851 1636 2099 1692 testimo-

566 1731 712 1784 nium
743 1729 988 1782 ornabat.
1013 1727 1154 1782 Bene
1179 1728 1340 1798 igitur
1361 1743 1467 1782 non
1491 1728 1631 1798 apud
1654 1730 1801 1797 ipsos
1819 1734 2095 1798 parentes,

2187 589 2283 624 σαν
2321 572 2400 623 ἔτι
2440 569 2639 638 συνέϐη
2672 567 2814 620 κατά
2853 565 3087 635 γαστρὸς
3116 565 3316 622 λαϐεῖν.
3342 565 3430 618 κᾶν
3466 569 3582 630 είκδς
3599 566 3647 638 ἦν

2187 661 2440 731 βοηθῆναι
2462 659 2523 712 τὸ
2551 659 2786 728 πρᾶγμα
2813 657 2894 708 ὅτι
2919 655 2990 724 μὴ
3018 655 3080 704 ὲκ
3106 654 3347 723 προδήλου
3363 655 3520 724 ἀνδρὸς
3537 659 3650 710 Emo-

2186 748 2416 819 φορήθη,
2441 746 2633 799 θᾶττον
2661 746 2705 798 δ’
2734 743 2801 797 ἂν
2825 742 2920 794 καὶ
2949 739 3177 810 ἀνῄρητο
3197 741 3326 792 κατὰ
3351 741 3430 792 τδν
3465 742 3647 813 νόμον-ἦ

2188 841 2236 891 εί
2263 839 2335 908 μὴ
2356 837 2532 899 τοῦτο,
2547 837 2781 905 αἰσχρᾶς
2795 834 2838 885 δ’
2854 829 2947 884 οὖν
2962 832 3060 882 οὐκ
3073 831 3135 882 ἂν
3161 829 3463 898 ἠλευθέρωτο
3477 831 3647 902 ὕϐρεως·

2187 927 2248 980 ού
2275 927 2382 996 γάρ
2409 926 2580 995 δήπου
2615 925 2827 994 μάρτυς
2856 919 2990 990 αὑτὴ
3019 921 3206 988 ἑαυτῆς
3221 919 3308 971 καὶ
3327 919 3420 970 τῶν
3444 920 3546 989 περὶ
3561 921 3649 989 αὐτῇ

2191 1016 2590 1085 πεπραγμένων
2623 1011 2939 1076 ἀξιόπιστος
2975 1005 3059 1078 ἦν·
3097 1007 3200 1060 οὐδ’
3231 1006 3290 1059 ἂν
3327 1007 3519 1072 ἐπείσθη
3553 1010 3649 1077 τιςῆ

2191 1106 2417 1173 ἀγγέλου
2439 1103 2782 1170 ἐπιφάνειαν,
2803 1098 2897 1151 καὶ
2910 1098 2979 1151 τὰ
3005 1097 3138 1167 πρὸς
3156 1094 3312 1165 αὐτὴν
3333 1095 3553 1164 εἰρημένα
3567 1096 3652 1164 πρὸς

2191 1195 2282 1248 τοῦ
2316 1192 2549 1262 Γαϐριὴλ
2579 1192 2718 1258 αὐτῇ
2753 1187 3110 1257 διηγουμένη,
3143 1186 3245 1236 οὐδ’
3275 1184 3336 1236 ἂν
3377 1183 3571 1236 κύουσαν
3593 1185 3653 1251 ἤδη

2194 1285 2503 1354 προσήκατο
2534 1282 2612 1342 εἰς
2628 1280 2721 1331 τὸν
2750 1275 2947 1330 ἑαυτοῦ
2965 1271 3113 1326 οἷκον
3155 1272 3357 1342 Ἰωσὴφ,
3373 1272 3492 1341 ἀνὴρ
3516 1271 3654 1334 δίκαιος

2195 1366 2330 1423 εἶναι
2368 1365 2880 1438 μεμαρτυρημένος·
2911 1363 3096 1431 διόπερ
3120 1361 3332 1421 εἰκότως
3359 1361 3414 1410 οὺ
3451 1358 3568 1427 παρὰ
3588 1362 3654 1419 τοῖς

2195 1459 2364 1527 αὐτῆς
2397 1455 2663 1526 γονεῦσιν,
2691 1453 2807 1506 ἀλλ’
2839 1452 2942 1522 ἤδη
2978 1452 3104 1519 παρ’
3127 1445 3267 1518 αὐτῷ
3291 1447 3524 1517 γενομένη
3550 1447 3653 1513 ἐγκύ-

2201 1566 2311 1618 μων
2345 1548 2438 1599 σὺν
2452 1544 2597 1613 αὐτῷ
2632 1543 2930 1611 γενομένη,
2948 1541 3075 1608 παρ’
3095 1537 3254 1605 αὐτὴν
3269 1537 3338 1598 ὡς
3351 1539 3498 1588 εἰπεῖν
3509 1537 3583 1604 τὴν
3600 1533 3654 1585 τοῦ

2197 1636 2371 1705 γάμου
2406 1632 2576 1698 τάξιν*
2625 1628 2736 1699 πρὸ
2765 1628 2878 1698 γάρ
2922 1628 3017 1681 τοῦ
3061 1626 3322 1679 συνελθεῖν
3364 1622 3654 1688 αύτοὺς,ὠςή

2197 1721 2382 1792 Γραφὴ
2411 1720 2692 1790 μαρτυρεῖ,
2725 1716 2929 1786 εὑρέθη
2963 1716 3022 1766 ὲν
3045 1714 3236 1782 γαστρὶ
3267 1713 3462 1781 ἔχουσα.

565 1822 657 1878 sed
685 1820 825 1890 apud
881 1819 1170 1890 Josephum
1234 1822 1456 1891 gravida
1503 1821 1640 1876 facta
1683 1832 1788 1887 est,
1825 1837 1889 1877 ac
1924 1821 2163 1876 maritali
2200 1814 2587 1887 propemodum
2623 1825 2822 1864 mere:
2857 1817 3151 1876 antequam
3182 1805 3320 1860 enim
3379 1801 3654 1860 convenirent,

568 1923 625 1968 ut
679 1913 956 1982 Scriptura
1003 1922 1266 1978 testatur,
1318 1915 1372 1968 in
1419 1925 1572 1970 utero
1619 1916 1826 1970 habens
1873 1916 2095 1969 inventa

2132 1921 2236 1969 εει.

633 2005 688 2059 5.
727 2003 826 2058 Cui
855 2018 1016 2072 porro
1047 2004 1261 2057 inventa
1287 2011 1393 2068 est,
1415 2005 1518 2058 nisi
1545 2004 1812 2074 Josepho?
1856 2006 1968 2060 Cur
1996 2021 2095 2059 au-

2261 2005 2331 2067 γ’.
2365 1997 2478 2049 Τίνι
2502 1996 2545 2048 δ’
2576 1995 2684 2065 ἄρα
2718 1992 2942 2064 εὑρέθη,
2965 1989 3078 2042 ἀλλ’
3111 1989 3143 2060 ἢ
3175 1987 3250 2058 τῷ
3288 1986 3492 2054 Ἰωσήφς
3522 1980 3654 2074 πῶςΔᾶ

566 2102 672 2150 tem
717 2100 771 2147 et
819 2092 1088 2162 quomodo
1137 2108 1226 2148 res
1290 2092 1527 2163 Josepho
1580 2105 1854 2165 comperta
1910 2095 2094 2161 fuerit,

565 2181 848 2251 Scriptura
875 2185 1033 2237 docet
1057 2181 1185 2236 dum
1218 2182 1315 2246 ait,
1348 2197 1380 2236 a
1423 2191 1612 2238 sancto
1644 2185 1848 2254 Spiritu
1893 2185 2101 2254 patefa-

565 2282 709 2327 ctam
734 2287 855 2328 esse
878 2271 1112 2343 Josepho
1134 2274 1282 2341 justo
1304 2274 1537 2341 homini;
1569 2276 1661 2345 qui
1687 2276 1758 2330 ob
1777 2277 2099 2346 hancipsam

563 2361 831 2430 justitiam
861 2377 1016 2416 suam
1046 2363 1124 2415 nil
1153 2362 1350 2416 mirum
1382 2375 1465 2419 est
1511 2364 1556 2418 si
1608 2378 1639 2416 a
1679 2364 1865 2418 divino
1892 2362 2099 2432 Spiritu

569 2451 809 2519 adjutus,
841 2449 1088 2519 conjugis
1120 2465 1243 2504 mox
1281 2450 1474 2504 futura:
1515 2453 1892 2520 conceptiones
1941 2454 2102 2508 intel-

569 2539 720 2600 lexit,
757 2545 917 2606 atque
945 2551 975 2590 a
1024 2537 1254 2589 maritali
1285 2551 1577 2606 congressu
1627 2540 1908 2593 abstinuit.
1955 2541 2104 2594 Illico

571 2628 736 2695 igitur
764 2642 821 2681 re
867 2628 1080 2696 cognita
1123 2628 1346 2682 territus
1377 2629 1548 2681 voluit
1591 2631 1803 2683 occulte
1833 2629 2105 2686 dimittere

570 2713 793 2767 Mariam
830 2732 843 2764 :
870 2729 988 2782 qua:
1016 2715 1322 2768 acciderant
1350 2716 1551 2783 majora
1582 2718 1917 2780 existimans,
1941 2734 2103 2788 quam

575 2811 633 2856 ut
677 2805 791 2872 ipse
841 2819 964 2857 cum
1013 2818 1074 2857 ea
1119 2804 1364 2871 posthinc
1386 2815 1710 2860 versaretur.
1766 2807 1938 2877 Atque
1993 2811 2106 2865 haec

574 2909 738 2947 causa
775 2898 894 2958 fuit,
925 2895 1268 2962 quamobrem
1294 2896 1474 2964 justus
1503 2913 1624 2951 cum
1651 2906 1815 2962 esset,
1863 2899 2004 2954 haud
2035 2917 2108 2955 εει

574 2999 738 3053 quum
772 2984 1029 3052 judicavit
1071 3001 1186 3040 eam
1225 2987 1500 3042 diﬂ‘amare
1538 3006 1550 3041 :
1584 2989 1776 3042 maluit
1805 2996 1980 3044 autem
2010 3006 2107 3044 oc-

576 3074 720 3127 culte
745 3073 984 3128 eamdem
1011 3073 1298 3129 dimittere.
1333 3075 1576 3130 Profecto
1597 3077 1663 3140 is,
1695 3078 1799 3132 nisi
1831 3078 1933 3132 sibi
1982 3095 2108 3148 per—

577 3162 863 3225 suasisset,
897 3179 1014 3216 eam
1065 3164 1129 3217 de
1158 3177 1345 3219 saneto
1380 3164 1583 3234 Spiritu
1613 3167 1957 3236 concepisse;
1985 3184 2109 3222 eum

576 3252 743 3322 probe
767 3253 928 3308 simul
955 3254 1116 3309 sciret
1142 3255 1381 3309 eamdem
1415 3271 1442 3308 a
1470 3271 1527 3310 se
1549 3256 1666 3310 viro
1727 3267 1937 3310 uterum
1996 3274 2104 3312 non

577 3359 795 3412 gerere;
829 3344 920 3412 qui
960 3345 1174 3398 tandem
1207 3345 1320 3400 fieri
1358 3355 1587 3416 poterat,
1625 3357 1682 3402 ut
1711 3363 1840 3412 non,
1878 3364 1976 3418 pro
2001 3363 2111 3402 sum

575 3433 802 3501 iustitiae
833 3448 1073 3500 munere,
1111 3445 1236 3490 ante
1280 3439 1498 3505 nuptias
1545 3447 1851 3506 corruptam
1899 3439 2113 3507 publice

579 3523 834 3589 ediceret,
869 3532 1030 3594 atque
1060 3528 1129 3580 ob
1176 3528 1226 3580 id
1276 3528 1679 3596 magistratibus
1729 3529 1936 3583 idoneis
1965 3529 2113 3598 judi-

579 3613 804 3666 candam
835 3615 1070 3670 traderet
1089 3631 1150 3670 ac
1173 3616 1548 3671 diffamandam
1566 3620 1588 3672 ?
1608 3620 1820 3688 Alioqui
1845 3621 2114 3688 quomodo

576 3702 764 3769 justus
791 3711 952 3764 esset.
1001 3706 1095 3773 qui
1124 3706 1189 3760 de
1229 3721 1287 3760 re
1333 3708 1493 3776 impia
1536 3712 1756 3778 tegenda
1783 3709 2116 3778 celaudaque

583 3793 886 3858 satageret?
931 3793 1090 3848 Certe
1136 3793 1427 3865 Josephum
1483 3797 1558 3849 ita
1609 3813 1666 3851 se
1718 3805 2011 3866 gerentem,
2047 3799 2115 3852 ab

582 3880 907 3948 evangelista
953 3882 1150 3951 justum
1189 3886 1465 3954 appellari,
1513 3903 1623 3941 non
1666 3895 1782 3940 erat
1830 3895 2115 3940 consenta-

582 3982 765 4020 neum.
799 3967 900 4022 Sed
945 3971 1086 4024 enim
1116 3974 1241 4042 quia
1276 3975 1390 4042 ipse
1434 3974 1754 4029 diviniorem
1784 3974 2020 4045 Virginis
2049 3976 2116 4030 de

586 4064 773 4109 sancto
802 4057 1001 4126 Spiritu
1030 4071 1348 4130 conceptum
1376 4065 1554 4131 novit;
1606 4073 1659 4119 et
1706 4065 1833 4133 quia
1871 4064 2113 4118 eamdem

586 4151 949 4219 augustiorem
980 4155 1327 4222 existimavit,
1352 4175 1512 4228 quam
1539 4168 1594 4213 ut
1624 4160 1726 4214 sibi
1761 4160 1967 4213 diutius
1990 4160 2118 4214 liee-

585 4245 667 4292 ret
695 4255 816 4294 cum
864 4243 954 4296 illa
1009 4245 1290 4312 habitare;
1344 4259 1489 4303 recte
1531 4250 1735 4303 idcirco
1784 4249 2116 4317 evangelista

587 4323 742 4387 dicit,
769 4342 800 4379 a
827 4325 1060 4399 Josepho
1085 4341 1298 4402 captum
1327 4351 1450 4391 esse
1471 4337 1756 4391 consilium
1791 4337 1927 4388 clam
1957 4351 2118 4403 spon-

587 4429 700 4468 sam
731 4415 1031 4474 dimittendi
1055 4438 1228 4492 neque
1259 4424 1585 4478 diﬂ‘amatam
1617 4441 1649 4478 a
1680 4441 1739 4480 se
1769 4440 1944 4494 neque
1970 4426 2118 4492 obje-

585 4512 728 4560 ctam
762 4510 903 4579 vulgi
931 4516 1289 4569 sermonibus.
1320 4515 1461 4570 Bene
1490 4517 1651 4585 igitur
1689 4517 1757 4570 ab
1788 4516 2115 4585 evangelista

585 4594 693 4650 dici
739 4598 970 4664 videtur,
1013 4605 1156 4672 quod
1202 4621 1319 4658 eam
1367 4606 1646 4661 did‘amare
1695 4607 1949 4660 noluerit.
1997 4605 2117 4660 Non

588 4687 730 4740 enim
765 4692 840 4744 ait
867 4693 1056 4748 nolens
1089 4709 1205 4748 eam
1249 4694 1532 4759 infamare,
1565 4697 1658 4751 sed
1689 4714 1708 4746 ι
1746 4695 2058 4758 diffamare;
2095 4715 2114 4747 ι

589 4794 817 4848 quorum
849 4785 1228 4840 vocabulorum
1280 4788 1446 4841 multa
1479 4797 1560 4842 est
1606 4788 1925 4844 differentia.
1963 4783 2119 4839 Sicut

587 4871 731 4921 enim
762 4886 868 4926 non
916 4873 1054 4928 idem
1097 4876 1362 4945 signiﬁcat
1395 4879 1632 4933 scribere
1673 4888 1728 4935 et
1761 4878 2116 4948 proscribere.

593 4964 781 5024 putare
804 4969 858 5014 et
889 4961 1170 5031 imputare,
1202 4981 1391 5036 rogare
1423 4975 1477 5023 et
1503 4970 1794 5039 abrogare:
1825 4969 1903 5023 sic
1945 4981 2117 5035 neque

593 5040 870 5101 diffamare
895 5055 950 5102 et
979 5051 1239 5107 infamare
1271 5072 1285 5107 :
1318 5069 1548 5126 namque
1591 5058 1856 5111 infamare
1896 5055 2025 5109 facit
2063 5061 2120 5107 ut

596 5129 891 5197 cogitemus
919 5135 986 5192 de
1012 5139 1222 5206 publica
1253 5141 1484 5200 hominis
1508 5146 1733 5201 malefici
1763 5145 2121 5217 patefactione

2201 2089 2296 2143 καὶ
2321 2088 2438 2139 τίνα
2468 2084 2666 2156 τρὸπον
2693 2083 2926 2154 εὓρηται
2946 2081 3104 2132 τοῦτο
3121 2079 3198 2148 τῷ
3235 2077 3434 2144 Ἰωσὴφ,
3448 2074 3595 2138 ὸλὸγος
3610 2071 3655 2122 δι·

2199 2179 2343 2240 δάξει
2375 2175 2500 2242 φὰς,
2523 2177 2587 2225 ὲκ
2620 2171 2939 2240 Πνεύματος
2968 2169 3120 2235 ἁγίου
3134 2163 3361 2226 γνωστὸν
3385 2161 3561 2230 γέγονεν
3574 2157 3656 2210 οὕτω

2202 2269 2296 2321 καὶ
2326 2267 2402 2336 τῷ
2441 2265 2657 2333 Ἰωσήφ·
2687 2261 2895 2322 δίκαιος
2909 2256 3018 2326 γάρ
3038 2253 3125 2326 ἦν’
3155 2256 3350 2315 δίκαιος
3371 2253 3422 2304 δὲ
3446 2249 3653 2318 τυγχαιων.

2202 2360 2262 2411 οὐ
2292 2357 2598 2427 θαυμαστὸν
2627 2357 2676 2408 εἰ
2706 2354 2800 2408 καὶ
2823 2353 2969 2406 θείου
2999 2351 3304 2420 Πνεύματος
3331 2347 3501 2415 ἠξίωτο
3525 2340 3654 2412 πρὸςώ

2207 2451 2440 2501 συνεῖναι
2463 2447 2566 2516 μὲν
2587 2445 2688 2513 τῆς
2717 2443 3017 2514 μελλούσης
3032 2439 3274 2511 γαμετῆς
3298 2436 3486 2503 κύησιν,
3498 2432 3656 2498 ἐπισχεῖν

2204 2539 2260 2590 δὲ
2287 2540 2383 2606 τὴν
2405 2536 2542 2590 κατά
2562 2535 2738 2605 ἄνδρα
2765 2533 3070 2586 κοινωνίαν.
3111 2529 3310 2583 Αὐτίκα
3339 2524 3493 2585 συνεὶς
3518 2521 3656 2573 xam-

2204 2627 2499 2694 ταπλαγεὶς
2529 2624 2796 2695 ἐϐουλήθη
2822 2624 2998 2694 λάθρα
3037 2621 3295 2676 ἀπολῦσαι
3327 2617 3498 2686 αύτήνσ
3521 2611 3657 2682 μείζονί

2207 2718 2239 2786 ἦ
2263 2719 2402 2770 κατὰ
2427 2717 2525 2786 τὴν
2551 2717 2648 2769 σὺν
2679 2714 2834 2784 αύτῷ
2864 2712 3146 2784 διατριϐὴν
3169 2711 3238 2763 τά
3264 2703 3565 2778 πεπραγμένα
3576 2695 3656 2751 εἶναι

2206 2808 2558 2876 λογισάμενος
2576 2845 2590 2857 .
2611 2805 2725 2858 Καὶ
2749 2803 2909 2856 τοῦτο
2945 2803 3053 2873 ἄρα
3080 2799 3148 2872 ἦν
3181 2801 3241 2852 τὸ
3270 2798 3451 2858 αἴτιον,
3477 2795 3528 2845 δι’
3550 2792 3583 2850 ὃ,
3612 2788 3657 2839 δί-

2208 2913 2362 2958 καιος
2389 2894 2482 2957 ὣν,
2513 2896 2638 2947 εούκ
2677 2895 2863 2964 ἔκρινε
2907 2893 3005 2962 μὲν
3036 2892 3238 2943 ὂῖκαιον
3267 2885 3393 2940 εἶναι
3421 2877 3658 2951 δειγματίπι

2209 2985 2396 3055 αὐτὴν,
2435 2984 2700 3054 ἐϐουλήθη
2727 2982 2785 3036 δὲ
2815 2982 2992 3052 λάθρα
3017 2978 3279 3032 ἀπολῦσαι
3310 2975 3476 3041 αὐτήν·
3514 2969 3580 3022 καὶ

2211 3079 2258 3128 εἰ
2286 3075 2358 3146 μὴ
2385 3077 2442 3140 ἐξ
2474 3075 2633 3142 ἁγίου
2666 3073 2984 3142 Πνεύματος
3029 3071 3282 3123 πέπειστο
3321 3063 3467 3131 αὐτὴν
3506 3053 3657 3116 συνειλη-

2212 3167 2390 3233 φέναι,
2417 3165 2658 3242 ἀκριϐᾣς
2690 3164 2847 3226 εἰδὼς
2870 3165 2952 3216 ὃτι
2985 3162 3119 3232 μηδὲ
3149 3159 3205 3226 ἐξ
3250 3155 3398 3211 αὑτοῦ
3419 3153 3468 3205 τὸ
3488 3145 3589 3202 κατᾶ
3603 3160 3657 3242 ’ςιο

2215 3257 2372 3326 στρδς
2406 3255 2587 3325 ἔφερε,
2607 3236 2678 3307 ξτί
2699 3255 2835 3324 δῆτα
2866 3254 3073 3314 δίκαιος
3099 3250 3215 3301 ἃ)νὸ
3234 3248 3382 3316 ἀνὴρ,
3409 3243 3491 3295 οὐκ
3514 3240 3572 3297 εἰς
3584 3248 3658 3285 πᾶν·

2138 3324 2180 3380 C
2213 3324 2308 3406 τας
2340 3324 2546 3411 ἐξάγων
2576 3346 2680 3414 τὴν
2715 3343 3102 3414 διαφθαρεῖσαν
3134 3339 3236 3410 πρὸ
3265 3338 3426 3406 γάμου
3451 3331 3528 3401 τὴν
3556 3326 3655 3392 ὥραν.

2211 3438 2323 3498 τοῖς
2348 3436 2413 3488 τὰ
2445 3435 2674 3488 τοιαῦτα
2704 3436 2916 3505 κρίνειν
2945 3433 3226 3504 παρεδίδου
3255 3429 3502 3501 δράσασαν
3515 3421 3656 3481 δειτμι·

2212 3523 2390 3586 τίσαις
2419 3525 2534 3586 πῶς
2561 3523 2620 3574 δὲ
2655 3523 2865 3586 δίκαιος
2897 3524 2925 3575 ὁ
2961 3523 3059 3592 τὴν
3087 3521 3382 3591 παράνομον
3409 3509 3563 3583 πρᾶξιν

2217 3612 2456 3676 σκιάζειν
2501 3614 2598 3666 καὶ
2645 3614 3007 3683 ἐπικρύπτειν
3046 3592 3658 3692 προθυλμούμενοςάλλόξκ

2214 3704 2359 3766 εἰκὸς
2385 3704 2475 3756 τὸν
2494 3705 2888 3776 εύαγγελιστὴν
2918 3705 3122 3757 δίκαιον
3151 3702 3303 3755 αὑτὸν
3322 3699 3404 3750 ἐπὶ
3427 3692 3582 3749 τούτοις

2214 3811 2319 3857 ναι,
2336 3793 2471 3845 ἀλλὰ
2492 3794 2603 3864 γάρ
2630 3772 3053 3864 συναισθόμενον
3076 3792 3161 3845 διὰ
3183 3791 3328 3857 ἁγίου
3349 3772 3660 3864 Πνεύμιιτος

2215 3859 2627 3953 θειοτέραντῆς
2671 3859 2954 3956 Παρθένου
2993 3883 3098 3952 (2⁸)
3127 3879 3386 3949 γεγονέναι
3419 3873 3581 3964 κύησιν,
3610 3859 3661 3964 καὶ

2213 3974 2494 4045 κρείττονα
2506 3974 2608 4040 τῆς
2626 3976 2724 4028 σὺν
2737 3975 2885 4045 αύτῷ
2898 3975 3175 4044 διατριϐῆς
3185 3969 3491 4042 ἡγησάμενον
3503 3956 3598 4013 εἶναι

2212 4063 2541 4132 οἰκονομίαν,
2572 4067 2806 4123 εἰκότως
2849 4066 3012 4137 φησιν
3040 4065 3196 4118 αὐτὸν
3221 4053 3539 4124 διανενοῆσθαι
3557 4043 3660 4137 λάθρα

2214 4153 2480 4206 ἀπολῦσαι
2513 4155 2692 4226 αὐτὴν
2719 4157 2794 4227 μὴ
2824 4155 3283 4226 δειγματισθεῖσαν
3307 4151 3388 4203 ὑπ’
3408 4141 3555 4201 αὑτοῦ,

2213 4248 2324 4307 τοῖς
2357 4245 2570 4306 πολλοῖς
2596 4224 2842 4316 φανεράν
2867 4224 3161 4315 γενομένην
3182 4260 3194 4272 ·
3225 4237 3278 4294 εὖ
3322 4236 3436 4306 γοῦν
3460 4229 3534 4284 καὶ
3570 4224 3659 4320 ῖδ

2217 4333 2384 4397 θέλων
2419 4333 2587 4402 αὐτὴν
2627 4335 2980 4404 δειγματίσαι
3009 4332 3250 4404 εἰρῆσθαι
3273 4329 3403 4380 δοκεί
3426 4320 3512 4374 ὑπὸ
3534 4325 3661 4411 του

2219 4423 2565 4492 αγγελιστοῦ’
2596 4427 2663 4477 οὐ
2694 4427 2806 4496 γὰρ
2843 4426 3008 4496 ἔφησε
3047 4424 3119 4494 μὴ
3143 4420 3301 4474 θέλων
3339 4412 3664 4506 αὖτὴῖῗαρῗῗῗ

2216 4514 2499 4583 γματίσαι,
2515 4514 2662 4569 ἀλλὰ
2687 4519 2762 4588 μὴ
2776 4518 3117 4587 δειγματίσαι
3131 4515 3200 4582 (5)
3217 4511 3385 4565 θέλων·
3399 4500 3557 4567 πολλῆς
3566 4499 3662 4588 οθπξ

2150 4632 2195 4687 D
2303 4575 2508 4668 τούτοις
2535 4575 2813 4680 διαφοράς
2833 4626 2850 4639 ο
2985 4608 3088 4679 γὰρ
3116 4575 3384 4660 οὑΙταυτὸν
3428 4575 3662 4687 σημαίγειξδ

2224 4695 2426 4765 γράψαι
2453 4696 2549 4747 καὶ
2574 4677 2970 4770 παραγράψαι.
2999 4677 3166 4750 καὶτὸ
3200 4686 3477 4759 λογίσασθαί
3510 4677 3661 4776 καὶ,πῖ

2228 4786 2644 4856 ραλογίσασθαι,
2685 4792 2781 4844 καὶ
2812 4792 3044 4861 ψηφίσαι
3077 4789 3166 4841 καὶ
3194 4771 3662 4862 παραψηφίσαν

2223 4875 2340 4927 οὐδὲ
2359 4876 2419 4927 τὸ
2450 4876 2807 4947 δειγματίσαι
2832 4883 2924 4932 καὶ
2952 4873 3426 4949 παραδειγματίσαι·
3449 4863 3496 4914 τὺ
3603 4861 3663 4914 Τίρ

2224 4945 2607 5036 παραδειγμαὲ
2619 4971 2754 5034 ἶσαι,
2785 4972 2888 5042 τὴν
2903 4972 2994 5024 ἐπὶ
3012 4945 3189 5030 κακῶς
3211 4963 3442 5036 πράξαντι
3461 4955 3523 5014 εἰς

2224 5056 2526 5124 φανέρωσίν
2586 5076 2653 5113 τε
2691 5063 2788 5115 καὶ
2833 5061 3082 5130 διαϐολὴν
3124 5054 3386 5110 ὑποϐάλλει
3413 5045 3538 5099 νοεῖν”
3563 5035 3604 5086 τδ
3631 5035 3661 5076 θε

2219 5145 2584 5215 δειγματίσαι,
2622 5153 2685 5205 τὸ
2717 5153 2952 5222 φανερὸν
2973 5148 3152 5210 ἁπλῶς
3179 5144 3393 5212 ποιῆσαι.

598 5228 666 5268 ac
713 5218 1010 5290 delatione;
1058 5227 1332 5285 diﬂ‘amare
1379 5242 1554 5289 autem
1598 5234 1952 5305 patefaciendi
2001 5236 2377 5290 tantummodo
2406 5242 2711 5296 notionem
2730 5218 2933 5296 habet.

667 5305 687 5337 ⁸
726 5305 878 5363 Dent.
913 5329 1060 5381 nu,
1091 5318 1179 5372 25.

667 5395 923 5481 RL”?
965 5407 1271 5481 θείοτέραν,
1304 5410 1414 5476 τῆς
1457 5415 1778 5479 Παρθένου.
1821 5410 2129 5481 Legendum

596 5466 806 5541 fidetur
855 5482 994 5541 esse,
1017 5466 1213 5541 leviter
1259 5466 1557 5532 immutate.
1583 5466 1866 5538 verborum
1899 5466 2125 5541 ‘ordiue,

598 5529 835 5617 θειέραν
854 5533 946 5617 την
983 5539 1088 5617 ’τῆ-ς.
1108 5543 1396 5617 Παρθένου.
1429 5549 1587 5617 Eutr.

671 5599 860 5681 ὤλεο
901 5599 1394 5681 Eusebiusdiserte
1424 5599 1646 5670 afﬁrmat
1686 5621 1967 5674 lectionem
2011 5616 2119 5666 δει-

603 5676 885 5734 γματίσαι,
909 5684 1066 5736 quam
1097 5676 1254 5733 habet
1279 5685 1436 5737 etiam
1458 5686 1867 5755 antiquissimus
1883 5686 2121 5739 omnium

2237 5412 2411 5488 code}
2460 5417 2699 5474 biblicus
2752 5421 3065 5476 Vaticanus.
3123 5433 3214 5472 nec
3257 5427 3350 5467 non

2233 5479 2312 5558 Du
2322 5461 2628 5558 blinensis'.‘
2635 5461 3156 5558 Xpuums'é'mﬁ
3183 5461 3444 5558 consonat]!

2228 5527 2796 5629 etagszzztgzaz:
2826 5527 3532 5629 ναεευισατι.
3560 5527 3638 5592 ιιι

2229 5618 2334 5674 lius
2369 5618 2562 5694 Taps.,
2585 5618 2849 5699 'detegerc.
