3782 6376
753 440 1206 507 ΟυιΕΞἸΊΟΝΕΞ
1244 436 1700 495 ΕἻΑΝΕΕῌΟᾹΞ
1740 484 1743 493 .

1867 435 2295 500 STEPHANUM.
2334 468 2402 478 —
2439 437 2754 503 ρυΑῑδΤιο
2794 443 2831 493 1.

3267 442 3371 498 890

152 546 253 609 et;
280 547 490 617 φυλὴν,
520 548 799 620 αὐτάρκης
824 548 891 619 ἦν
915 553 947 621 ἡ
974 551 1098 620 περὶ
1128 548 1219 602 τοῦ
1249 549 1437 619 ἀνδρὸς
1465 547 1743 619 ἀναγραφὴ

1844 562 2001 615 quam
2033 561 2098 600 ex
2126 560 2318 614 genere
2352 546 2569 614 proprio
2605 562 2808 619 suaque
2838 548 2999 615 tribu,
3031 562 3098 603 ne
3127 548 3370 604 videlicet

153 636 270 688 atat
323 636 435 706 τὴν
478 641 712 704 γυναῖκα
750 640 1015 708 δηλῶσαι·
1052 639 1283 711 νομικῶς
1314 638 1420 707 γὰρ
1466 636 1609 705 βιοὺς
1645 637 1747 689 οὐδ’

149 724 416 778 ἄλλοθεν
469 727 673 795 ἐμνᾶτο
715 729 810 798 τὴν
846 734 1091 796 γυναῖκα,
1130 732 1162 800 ἢ
1207 728 1391 798 πρῶτα
1423 727 1519 797 μὲν
1551 729 1615 779 ἐκ
1653 728 1747 797 τῆς

148 815 363 884 φυλῆς
395 816 500 885 τῆς
526 819 795 886 πατρικῆς
826 819 1008 883 αὐτοῦ,
1038 819 1172 889 αὕτη
1204 820 1258 871 δὲ
1286 814 1350 887 ἦν
1380 820 1412 886 ὴ
1441 816 1532 868 τοῦ
1557 816 1745 869 Ἰούδα’

148 903 382 956 ἔπειτα
432 907 500 957 ὲκ
534 905 628 957 τοῦ
666 907 835 974 δήμου
877 909 968 962 καὶ
1000 910 1094 978 τῆς
1130 908 1295 976 αὐτῆς
1331 908 1577 975 πατριᾶς,
1612 904 1747 973 αὕτη

144 992 218 1045 δὲ
272 990 353 1063 ἦν
399 996 434 1064 ἡ
499 996 594 1048 τοῦ
641 998 833 1050 Δαϐίδ·
877 1000 1098 1052 τοιαῦτα
1127 999 1230 1067 γάρ
1260 994 1325 1066 ἦν
1367 998 1433 1049 τὰ
1462 996 1554 1048 τοῦ
1587 997 1744 1064 νόμου

148 1084 667 1154 παραγγέλματα·
701 1089 786 1139 ὅτε
826 1090 1000 1141 τοίνυν
1036 1093 1064 1139 6
1110 1090 1298 1157 Ἰωσὴφ
1329 1088 1495 1155 φυλῆς
1516 1086 1745 1153 γεγονὼς

145 1173 577 1226 ἁτὲοδείκνυται
620 1175 804 1237 Ἰούδα,
836 1178 1032 1246 κλήρου
1062 1193 1120 1227 τε
1162 1177 1253 1228 καί⁵
1296 1176 1521 1243 πατριᾶς
1566 1174 1742 1235 Δαϐὶδ,

146 1259 294 1323 πῶς
338 1263 450 1329 οὐχ
497 1263 687 1315 ἕπεται
724 1264 818 1315 καὶ
858 1268 922 1334 τῇ
962 1265 1144 1334 Μαρίᾳ
1179 1266 1240 1315 ὲκ
1271 1263 1375 1317 τῶν
1413 1262 1585 1315 αὐτῶν
1621 1264 1746 1331 ὁρᾶ-

149 1353 302 1407 σθαι
326 1371 345 1420 ;

230 1550 315 1615 η’.
344 1545 418 1597 Εἰ
442 1546 504 1597 δὲ
524 1544 734 1612 λέγοιτο
759 1544 1015 1613 ὑπάρχειν
1043 1543 1301 1613 συγγενὴς
1324 1543 1420 1611 τῆς
1452 1541 1741 1604 Ἐλισάόετ,

146 1635 352 1704 αὐτῆς
391 1636 495 1705 μὲν
514 1634 681 1703 οὔσης
708 1636 771 1686 ὲκ
788 1634 954 1701 φυλῆς
972 1635 1153 1693 Ἰούδα.
1170 1633 1266 1702 τῆς
1284 1650 1343 1685 τε
1361 1634 1455 1702 (3')
1473 1632 1741 1685 Ἑλισάὸετ

148 1727 225 1778 ὲκ
272 1726 394 1794 τῆς
439 1726 535 1778 τοῦ
587 1724 736 1787 Δευῒ,
774 1725 845 1795 μὴ
883 1724 1190 1795 θαυμάσῃς·
1238 1725 1340 1775 πᾶν
1371 1724 1476 1793 γὰρ
1516 1722 1576 1774 τὸ
1617 1724 1743 1774 Ἰου-

145 1815 340 1868 δαίων
389 1814 548 1877 ἔθνος
574 1813 690 1876 ἐνὸς
718 1810 784 1882 ἦν
812 1814 1015 1880 γένους,
1057 1814 1114 1865 αῖ
1150 1829 1207 1865 τε
1256 1812 1414 1880 φυλαὶ
1448 1814 1611 1865 πᾶσαι
1647 1812 1741 1864 ἀλ-

1847 635 2059 705 generis
2089 634 2378 689 haereditas
2403 650 2466 689 ex
2494 650 2599 689 una
2629 636 2681 688 in
2722 637 2878 689 aliam
2910 638 3104 691 tribum
3131 652 3371 693 commo-

1846 733 2096 791 veretur;
2129 728 2262 781 satis
2285 734 2405 780 erat
2426 727 2527 780 viri
2551 726 2839 793 descriptio
2876 728 2940 782 ad
2966 728 3243 797 conjugem
3269 728 3367 784 de-

1854 814 2252 867 monstrandam
2278 835 2289 867 :
2322 829 2446 867 nam
2483 814 2573 882 qui
2617 814 2683 866 ad
2714 816 2842 882 legis
2874 831 3115 869 normam
3143 818 3366 880 viveret,

1844 901 1989 954 haud
2043 902 2201 955 aliam
2254 902 2356 957 sibi
2410 917 2635 957 uxorem
2684 902 3057 969 copulavisset,
3103 905 3211 958 nisi
3252 919 3370 974 qua

1844 992 2077 1060 primum
2101 999 2245 1046 esset
2268 1008 2332 1047 ex
2360 992 2480 1061 ejus
2506 992 2680 1060 patria
2712 990 2903 1056 tribu,:
2915 990 3065 1061 ludas
3092 993 3369 1059 videlicet;

1845 1078 2035 1132 deinde
2060 1094 2125 1132 ex
2149 1079 2333 1133 eadem
2365 1087 2521 1148 gente
2552 1078 2879 1145 familiaque,
2913 1094 3102 1147 nempe
3131 1079 3366 1137 Davidis.

1843 1165 2095 1220 Illatenus
2122 1168 2264 1218 enim
2301 1168 2380 1219 lex
2418 1166 2661 1233 jubebat.
2718 1164 2772 1218 Si
2808 1165 3073 1243 Josephus
3117 1167 3275 1235 igitur
3303 1169 3371 1223 de

1841 1254 1990 1308 Judas
2031 1257 2176 1309 tribu
2228 1256 2397 1324 deque
2438 1256 2653 1309 Davidis
2704 1265 2859 1325 gente
2891 1267 2942 1311 et
2978 1258 3175 1310 familia
3206 1259 3373 1314 fuisse

1842 1343 2261 1407 demonstratur,
2307 1358 2404 1395 cur
2447 1359 2554 1396 non
2594 1344 2841 1411 sequitur
2883 1352 2941 1398 ut
2969 1344 3136 1398 Maria
3170 1362 3236 1400 ex
3272 1347 3370 1401 iis—

1842 1433 1959 1486 dem
1989 1434 2287 1502 originibus
2319 1432 2531 1501 prodire
2568 1432 2854 1486 videatur?

1909 1544 1962 1598 8.
2010 1544 2163 1608 Quod
2198 1544 2245 1597 si
2282 1544 2468 1599 eadem
2514 1544 2712 1597 dicitur
2742 1542 3066 1598 Elisabetbze
3109 1553 3367 1613 cognata;

1842 1648 1961 1686 cum
1989 1642 2165 1688 tamen
2197 1633 2286 1685 illa
2323 1634 2389 1688 de
2424 1634 2563 1687 tribu
2588 1632 2755 1696 Judaz,
2789 1633 3093 1688 Elisabetha
3119 1636 3184 1688 de
3211 1634 3370 1690 Levi-

1842 1725 1948 1776 tica
1988 1722 2178 1789 fuerit;
2219 1737 2288 1777 ne
2335 1723 2590 1777 mireris:
2630 1724 2877 1778 universa
2923 1725 3118 1793 quippe
3160 1724 3371 1779 Judaeo-

1842 1827 1959 1865 rum
1989 1827 2120 1881 gens
2170 1827 2279 1867 uno
2323 1827 2517 1882 genere
2561 1814 2902 1875 censebatur.
2938 1821 3246 1884 cunctaeque
3274 1817 3373 1870 tri-

146 1902 357 1971 λήλων
394 1876 713 1969 συγγενεῖς·
743 1876 899 1955 ’ἔνθεν
931 1902 1021 1954 καὶ
1052 1903 1079 1952 6
1104 1899 1243 1963 θεῖος
1258 1876 1574 1963 ’λπόστολος
1613 1917 1742 1968 συγ-

1843 1902 1939 1955 bus
1968 1902 2196 1956 invicem
2222 1912 2461 1971 cognata:
2479 1913 2650 1957 erant.
2694 1903 2830 1958 llinc
2851 1906 3011 1958 etiam
3045 1907 3200 1961 divus
3226 1907 3370 1977 Apo-

146 1994 356 2059 γενεῖς
417 1991 591 2044 αὑτοῦ
637 1991 837 2052 πάντας
890 1988 1136 2058 ὀνομάζει
1174 1990 1447 2051 Ἰουδαίους
1472 2028 1486 2053 ,
1542 1990 1741 2057 λέγων’

153 2099 175 2131 ε
230 2080 525 2149 Ηὺχόμην
579 2078 687 2148 γὰρ
728 2077 976 2147 ἀνάθημα
1015 2074 1150 2129 εἶναι
1191 2077 1325 2148 ὑπὲρ
1365 2077 1468 2129 τῶν
1507 2077 1742 2145 ἀδελφῶν

152 2183 293 2237 μου,
327 2166 451 2219 τῶν
490 2166 769 2234 συγγενῶν
798 2183 897 2235 μου
945 2164 1083 2218 κατὰ
1131 2164 1323 2234 σάρκα,
1378 2166 1567 2227 οἵτινές
1612 2168 1743 2218 εἰσιν

161 2256 565 2325 Ἰσραηλῖται·
630 2273 649 2305 ›
697 2255 871 2306 καίτοι
931 2256 1202 2320 συγγενεῖς
1256 2253 1412 2305 αὐτοῦ
1458 2254 1744 2323 ἐτύγχανον

152 2348 325 2415 μόνοι
354 2347 428 2396 ἐκ
463 2344 640 2413 φυλῆς
662 2344 913 2413 Βενιαμίν
932 2361 945 2374 υ
972 2342 1161 2395 οὐκοῦν
1187 2343 1387 2404 πάντας
1413 2343 1594 2405 ἁπλῶς
1621 2345 1745 2405 τοὺς

147 2435 214 2500 ἐξ
258 2433 505 2504 Ἰσραὴλ
561 2432 819 2499 ἀδελφοὺς
861 2432 953 2483 καὶ
992 2435 1263 2499 συγγενεῖς
1308 2431 1496 2483 ἑαυτοῦ
1535 2436 1745 2502 προσεῖρ

148 2540 263 2575 πεν
290 2522 327 2573 ὁ
368 2520 623 2582 Παῦλος·
655 2519 794 2572 οὕτω
835 2520 879 2571 δ’
911 2515 1000 2570 οὖν
1040 2519 1132 2571 καὶ
1171 2519 1265 2589 τὴν
1312 2519 1577 2573 Ἐλισάϐετ
1620 2536 1746 2587 συγο

148 2611 370 2679 γενίδα.
394 2612 696 2679 προσεῖπεν
726 2611 753 2660 6
781 2610 1002 2675 ἄγγελος
1019 2612 1082 2679 τῇ
1111 2608 1354 2678 Μαριὰμ,
1383 2609 1467 2661 διὰ
1499 2610 1558 2661 τὸ
1583 2610 1743 2678 ἄμφω

164 2696 594 2768 Ἰσραηλίτιδας
627 2692 789 2747 εἶναι’
824 2696 917 2747 καὶ
948 2694 1116 2755 ἄλλως
1157 2694 1213 2747 δὲ
1257 2694 1398 2755 είκὺς
1443 2694 1549 2745 ἀπὸ
1579 2694 1741 2744 τόπου

152 2786 482 2856 συγγενίδα
513 2784 613 2853 τῆς
640 2785 855 2854 Μαρίας
888 2783 1173 2852 κεκλῆσθαι
1204 2783 1300 2854 τὴν
1338 2783 1627 2845 Ἐλισάὸετ,
1656 2782 1743 2835 διὰ

146 2880 216 2933 τὸ
252 2880 449 2931 οίκεῖν
476 2878 571 2929 ἐπὶ
600 2878 699 2946 τῆς
729 2876 894 2927 Ἰούδα
918 2876 1085 2944 φυλῆς
1117 2875 1206 2943 ἀφ’
1236 2872 1301 2945 ἦς
1327 2874 1544 2942 ὡρμᾶτο
1571 2875 1601 2942 ή
1633 2875 1746 2926 Μαρ-

153 2970 293 3039 ρίαο
345 2968 629 3036 μαρτυρεῖ
670 2963 796 3031 γοῦν
840 2966 868 3015 6
907 2964 1114 3025 Λουκᾶς
1145 2964 1344 3030 λέγων·
1383 2981 1401 3013 ι
1450 2963 1743 3013 Ἀναστᾶσα

146 3060 211 3114 δὲ
258 3055 524 3127 Μαριὰμ
576 3056 633 3107 ὲν
677 3058 794 3117 ταῖς
832 3056 1056 3124 ἡμέραις
1093 3053 1330 3113 ταύταις,
1363 3051 1622 3122 ἐπορεύθη
1665 3052 1742 3113 εἰς

144 3150 256 3218 τὴν
282 3144 525 3215 ὀρεινὴν
564 3143 701 3213 μετὰ
738 3142 965 3211 σπουδῆς
990 3144 1068 3203 είς
1106 3142 1251 3192 πόλιν
1294 3141 1474 3200 Ἰούδα,
1501 3141 1591 3192 καί¹
1635 3143 1743 3191 εεσ-
1765 3178 1806 3234 c

149 3237 330 3307 ἦλθεν
371 3236 452 3295 είς
480 3233 572 3284 τὸν
598 3228 743 3285 οἷκον
775 3231 1033 3300 Ζαχαρίου
1064 3231 1152 3281 καὶ
1176 3230 1447 3296 ἠσπάσατο
1474 3229 1566 3298 τὴν
1605 3227 1737 3279 Ἐλι-

150 3327 382 3380 σάῆετ·
422 3344 443 3374 ι
478 3321 575 3375 τοῦ
621 3323 730 3391 γὰρ
778 3322 1049 3383 Μωῦσέως
1095 3322 1254 3390 νόμου
1290 3320 1360 3389 μὴ
1394 3321 1739 3389 ἀφορίσαντος

145 3420 218 3485 τῇ
257 3414 389 3467 τῶν
422 3413 618 3483 ἱερέων
646 3412 781 3480 φυλῇ
812 3411 1025 3481 κλῆρον,
1050 3412 1127 3463 ὅτι
1151 3411 1346 3479 Κύριος
1372 3413 1399 3462 6
1422 3411 1548 3471 θεὸς
1589 3410 1739 3478 μερὶς

149 3501 379 3563 αὐτῶν,
413 3499 810 3567 διαταξαμένου
852 3498 908 3549 δὲ
946 3496 1142 3566 μεταξὺ
1184 3497 1291 3548 τῶν
1327 3496 1523 3547 λοιπῶν
1564 3496 1739 3563 φυλῶν

146 3593 339 3643 οἰκεῖν
389 3589 616 3649 αὖτοὺς,
664 3586 755 3638 τοῦ
803 3604 858 3637 τε
899 3585 1158 3655 Ζαχαρίου
1207 3586 1296 3639 καὶ
1332 3588 1428 3655 τῆς
1471 3584 1740 3636 Ἐλισάὸετ

147 3680 321 3731 πόλιν
380 3676 563 3745 φυλῆς
611 3674 778 3745 Ἰούδα
804 3675 1253 3741 κατοικησάντων,
1296 3676 1387 3741 ἀφ’
1429 3669 1495 3744 ἦς
1526 3674 1741 3743 ὡρμᾶτο

145 3765 383 3837 Μαρία,
412 3764 568 3824 εἰκὸς
586 3763 684 3814 καί
716 3760 915 3829 ταύτης
941 3761 1122 3812 ἕνεκεν
1143 3761 1238 3829 τῆς
1262 3760 1434 3821 αἰτίας
1472 3760 1741 3826 συγγενεῖς

144 3855 338 3918 αὐτὰς
371 3851 737 3922 ἀνειρῆσθαι·
764 3852 862 3901 οὐκ
890 3850 1107 3912 ἀπεικὸς
1138 3849 1193 3900 δὲ
1226 3850 1315 3901 καὶ
1351 3848 1444 3917 τῆς
1471 3851 1739 3916 ὁμοιοτρο-

144 3944 291 4006 πίας
342 3943 540 4013 χάριν,
580 3940 649 3992 δι’
691 3934 757 4008 ἧς
804 3939 966 4006 ἄμφω
1010 3941 1105 4007 τῆς
1140 3937 1399 4005 σωτηρίου
1441 3935 1740 4004 οἰκονομίας

144 4032 516 4101 ἠξιώθησαν,
564 4031 597 4099 ἡ
639 4029 735 4097 μὲν
777 4028 868 4079 τὸν
904 4028 1145 4096 Σωτῆρα,
1178 4029 1211 4096 ἡ
1243 4027 1297 4078 δὲ
1329 4025 1415 4079 τὸν
1446 4026 1741 4097 πρόδρομον

142 4122 246 4173 τοῦ
282 4122 560 4189 Σωτῆρος
606 4114 1015 4185 ὑποδεξάμεναι,
1052 4115 1167 4177 ἑνός
1209 4131 1266 4166 τε
1313 4117 1404 4167 καὶ
1446 4113 1537 4166 τοῦ
1580 4112 1739 4165 αὐτοῦ

142 4210 322 4277 ἁγίου
362 4207 695 4276 Πνεύματος
728 4204 1112 4273 μετασχοῦιςαν
1142 4203 1219 4255 διὸ
1247 4204 1337 4256 καὶ
1363 4202 1587 4273 μάλιστα
1618 4205 1741 4273 μιᾶς

138 4302 251 4371 τῆς
279 4296 441 4353 κατὰ
472 4296 614 4348 Θεὸν
642 4295 949 4361 συγγενείας
998 4297 1254 4363 μετεῖχον.
1286 4293 1441 4345 Ἀλλὰ
1465 4294 1616 4346 τοῦτο
1645 4294 1739 4363 μὲν

140 4389 340 4452 οὕτως
367 4385 707 4441 ἀπολυτέον.

217 4591 292 4643 θ’.
319 4590 391 4643 Εἰ
431 4588 493 4641 δὲ
530 4583 744 4652 κεφαλὴ
773 4584 869 4652 τῆς
897 4585 1142 4650 γυναικδς
1161 4586 1405 4654 τυγχάνει
1428 4585 1455 4635 6
1479 4582 1551 4634 ῶν
1578 4583 1733 4653 ἀνὴρ,

140 4681 301 4734 κατὰ
324 4679 423 4732 τὸν
442 4678 597 4730 θεῖον
614 4673 949 4734 Ἀπόστολον,
966 4674 1055 4724 καὶ
1076 4673 1280 4727 ἔσονται
1296 4675 1344 4726 οἱ
1364 4672 1454 4725 δύο
1468 4673 1545 4734 εἰς
1565 4673 1736 4743 σάρκα

144 4770 318 4839 μίαν,
351 4768 508 4822 κατὰ
533 4765 632 4817 τὸν
652 4762 924 4824 Μωῡσέως
948 4763 1123 4830 νόμον,
1154 4764 1187 4831 ἦ
1216 4781 1271 4816 τε
1300 4764 1736 4833 μεμνηστευμένη

138 4858 314 4927 ἀνδρὶ
341 4852 739 4926 διαμαρτοῠσα
773 4851 1007 4919 μοιχείας
1044 4851 1179 4903 κατά
1215 4852 1274 4904 τὸ
1309 4851 1433 4903 αὐτὸ
1485 4850 1734 4919 τιμωρίαν

138 4945 450 5014 ὑπομένει,
488 4943 572 5003 ὡς
597 4939 701 5009 ἤδη
727 4937 818 4988 τοῦ
850 4937 1147 5007 μνηστῆρος
1183 4939 1335 5007 σῶμα
1361 4937 1615 5007 γενομένη
1644 4939 1735 4989 καὶ

138 5036 407 5107 κεφαλὴν
435 5026 870 5098 ἐπιγραψαμένη
904 5027 992 5078 τὸν
1020 5028 1200 5093 ἄνδρα,
1232 5028 1343 5090 πῶς
1386 5029 1501 5096 οὐχὶ
1522 5028 1616 5096 τῆς
1645 5046 1735 5078 κε-

138 5125 335 5194 φαλῆς
360 5116 900 5193 γενεαλογουμένης,
930 5114 1114 5169 ἕπεται
1155 5117 1241 5169 καὶ
1275 5117 1333 5169 τὸ
1363 5116 1517 5185 σῶμα
1539 5119 1603 5185 τῇ
1647 5134 1734 5167 κε-

139 5215 295 5285 φαλῇ
353 5203 859 5279 συναριθμεῖσθαι;
912 5202 1047 5254 ὥστε
1101 5206 1188 5257 καὶ
1239 5205 1331 5274 τὴν
1377 5204 1584 5273 Μαρίαν
1637 5205 1735 5274 ήδη

212 5367 237 5395 ο
279 5364 450 5418 ηοω,
488 5376 581 5419 ιχ,
622 5356 678 5407 5,
761 5353 807 5382 ¹⁰
846 5351 1034 5420 Ephes.
1074 5371 1121 5420 ν,
1155 5356 1241 5408 25.
1319 5358 1356 5386 “
1398 5354 1527 5408 Gen.
1563 5371 1636 5416 ιι.
1665 5356 1757 5411 24.

212 5517 325 5581 (3⁸)
374 5516 466 5565 Τε.
504 5508 661 5581 Lege
685 5501 767 5552 δέ.
801 5500 950 5581 βοιτ.

1839 1991 2009 2045 stolus
2033 1990 2246 2047 Judaeos
2284 2007 2473 2046 omnes
2504 1993 2735 2061 appellat
2767 2003 3023 2063 cognatos
3055 2010 3205 2059 suos,
3241 1994 3370 2048 dum

1840 2079 1939 2130 ait:
2003 2077 2299 2146 «Optabam
2348 2094 2447 2148 ego
2493 2080 2780 2134 anathema
2821 2096 2942 2135 esse
2976 2096 3071 2150 pro
3112 2081 3371 2137 fratribus

1839 2167 1995 2228 meis,
2025 2167 2115 2234 qui
2166 2167 2297 2219 mibi
2340 2169 2637 2221 secundum
2688 2183 2937 2223 carneam
2981 2179 3226 2223 naturam
3276 2184 3370 2225 co-

1839 2254 1984 2321 gnati
2042 2260 2188 2317 sunt,
2242 2254 2587 2308 lsraelitis’.»
2637 2256 2800 2325 Atqui
2841 2257 3052 2325 cognati
3090 2257 3221 2324 .ejus
3267 2258 3367 2313 soli

1840 2357 2023 2396 revera
2055 2350 2207 2396 erant
2244 2343 2585 2409 Beujamitm:
2627 2352 2680 2398 et
2729 2354 2903 2398 tamen
2936 2360 3125 2399 omnes
3155 2345 3370 2402 Israeli-

1841 2434 1923 2480 tas
1956 2428 2184 2481 fratrum
2217 2430 2524 2484 nominibus
2567 2437 2622 2483 et
2663 2440 3012 2499 cognatorum
3039 2430 3239 2485 Paulus
3286 2433 3367 2486 in—

1840 2517 2045 2587 digitat.
2092 2518 2181 2572 Sic
2209 2534 2338 2586 ergo
2376 2520 2595 2587 angelus
2617 2520 2976 2573 Elisabetham
3013 2522 3148 2574 dixit
3183 2520 3364 2578 Maria)

1840 2615 2137 2676 cognatam,
2186 2615 2468 2681 propterea
2517 2610 2658 2676 quod
2706 2610 2875 2664 amba:
2925 2611 3251 2665 lsraelitides
3281 2627 3371 2666 es-

1840 2704 1976 2750 sent.
2020 2696 2241 2765 Insuper
2260 2711 2325 2750 ex
2352 2698 2469 2764 ipso
2497 2698 2616 2749 loco
2641 2698 2773 2751 satis
2797 2698 2975 2751 decuit
3002 2696 3367 2752 Elisabetham

1841 2784 2096 2851 appellari
2131 2784 2311 2837 Maria:
2337 2794 2635 2853 cognatam,
2683 2786 2806 2853 quia
2858 2788 3111 2839 nimirum
3160 2786 3372 2839 habita-

1839 2873 1929 2925 bat
1973 2872 2027 2924 in
2050 2872 2202 2926 ludar
2231 2873 2396 2936 tribu,
2436 2874 2577 2925 unde
2622 2888 2789 2941 genus
2817 2874 2981 2927 traxit
3024 2873 3209 2928 Maria.
3271 2872 3369 2928 Rei

1841 2961 1990 3014 testis
2014 2960 2207 3025 Lucas,
2243 2962 2333 3030 qui
2357 2962 2459 3013 ait:
2491 2979 2510 3011 ι
2537 2960 2837 3031 Exsurgens
2870 2969 3044 3018 autem
3069 2965 3151 3018 bis
3179 2964 3369 3019 diebus

1840 3047 2005 3102 Maria
2037 3051 2168 3104 abiit
2197 3053 2250 3105 in
2280 3061 2528 3105 montana
2556 3066 2679 3105 cum
2712 3052 3074 3119 festinatione,
3106 3057 3157 3108 in
3182 3057 3368 3110 urbem

1838 3137 2006 3199 ludat,
2040 3148 2093 3193 et
2121 3141 2361 3209 ingressa
2392 3149 2474 3195 est
2520 3143 2736 3195 domum
2785 3144 3079 3207 Zachariae,
3127 3160 3192 3198 ac
3217 3147 3368 3198 salu-

1837 3226 1965 3279 tavit
1987 3227 2360 3282 Elisabetlram.
2387 3249 2406 3280 ι
2449 3230 2651 3284 Etenim
2677 3248 2796 3285 cum
2822 3234 2901 3286 lex
2931 3233 3158 3286 Mosaica
3188 3248 3370 3287 sacer-

1838 3315 2002 3369 dotali
2047 3318 2206 3369 tribui
2254 3320 2627 3385 possessiones
2655 3337 2764 3375 non
2800 3323 3202 3391 assignavissct,
3237 3324 3363 3392 quia

1839 3404 2095 3459 Dominus
2140 3405 2280 3460 Deus
2322 3421 2445 3475 pars
2489 3409 2607 3476 ejus
2639 3418 2741 3473 est,
2794 3412 3155 3466 mandavisset
3186 3422 3365 3467 autem

1844 3504 1902 3549 ut
1930 3496 2069 3549 inter
2099 3498 2511 3550 cmterastnbus
2556 3498 2837 3563 incoleret;
2886 3514 3116 3567 cumque
3157 3499 3366 3553 Zacha—

1838 3586 1948 3639 rias
1982 3592 2035 3638 et
2059 3583 2360 3637 Elisabetba
2390 3586 2617 3653 quadam
2642 3587 2696 3639 in
2729 3587 2860 3640 urbe
2898 3589 3069 3641 tribus
3096 3587 3245 3641 Juda:
3272 3592 3367 3643 ha-

1839 3673 2111 3735 bitarent,‘
2139 3674 2281 3726 unde
2320 3674 2539 3727 oriunda
2594 3682 2710 3727 erat
2754 3675 2957 3742 Maria;
2999 3690 3096 3743 par
3139 3676 3239 3729 fuit
3272 3693 3366 3733 eas

1837 3763 1907 3816 ob
1933 3763 2071 3816 hanc
2099 3778 2314 3817 causam
2348 3771 2608 3832 cognatas
2635 3764 2924 3832 appellari:
2953 3780 3125 3834 neque
3158 3767 3213 3820 id
3244 3782 3366 3819 rur-

1839 3868 1931 3906 sus
1973 3853 2239 3906 immerito
2268 3863 2483 3920 propter
2512 3868 2718 3905 morum
2769 3854 3193 3917 similitudinem,
3231 3870 3365 3921 quo-

1838 3955 1959 3993 rum
1994 3941 2164 4010 gratia
2198 3952 2422 4011 utraque
2451 3941 2642 3994 mulier
2683 3940 2939 4011 mysterio
2971 3943 3161 3997 salutis
3205 3944 3367 4013 digna

1839 4029 1973 4086 fuit:
2017 4038 2069 4083 et
2095 4032 2259 4084 altera
2288 4032 2503 4100 quidem
2550 4030 2913 4093 Servatorem,
2955 4033 3119 4085 altera
3166 4030 3360 4086 Serva-

1840 4114 1973 4168 toris
2009 4131 2386 4184 praecursorem
2419 4118 2623 4172 sinibus
2663 4119 2776 4172 suis
2823 4126 3155 4186 receperunt,
3199 4118 3362 4171 unius

1841 4201 2082 4255 videlicet
2108 4204 2451 4272 ejusdemque
2499 4207 2668 4259 sancti
2701 4206 2929 4275 Spiritus
2962 4205 3127 4273 gratia
3164 4207 3361 4273 potitzc.

1843 4288 2016 4357 Atque
2059 4290 2158 4344 hoc
2206 4291 2286 4344 vel
2317 4293 2544 4347 maxime
2592 4295 2804 4348 nomine
2859 4293 3150 4347 secundum
3198 4293 3362 4346 Deum

1839 4386 2077 4446 cognatae
2125 4379 2335 4432 fuerunt
2368 4380 2464 4451 (4).
2522 4381 2644 4436 llaec
2689 4380 2965 4452 praesentis
3006 4379 3359 4435 dubitationis

1759 4479 1803 4533 ι)
1831 4470 2027 4524 solatio
2055 4476 2156 4524 est.

1906 4581 1959 4635 9.
1992 4581 2144 4646 Quod
2170 4583 2214 4636 si
2244 4589 2420 4638 autem
2444 4591 2602 4653 caput
2625 4583 2863 4637 mulieris
2893 4583 2970 4635 vir
3013 4589 3113 4641 est.
3135 4581 3201 4635 de
3222 4581 3363 4649 Apo-

1836 4670 1959 4725 stoli
2007 4670 2116 4723 divi
2152 4674 2497 4735 sententia”,
2529 4674 2745 4741 duoque
2791 4680 2918 4725 sunt
2950 4672 3002 4722 in
3046 4685 3208 4723 carne
3253 4685 3359 4722 tuna

1837 4776 1902 4815 ex
1940 4759 2184 4813 Mosaicae
2217 4762 2350 4830 legis
2396 4764 2670 4832 regula“;
2703 4770 2758 4816 et
2785 4761 2828 4815 si
2870 4772 3029 4827 nUpta
3059 4761 3195 4820 viro,
3237 4775 3356 4826 qua)

1836 4849 2092 4917 ﬂagitium
2124 4849 2425 4913 admiserit,
2469 4852 2713 4904 adulterii
2759 4864 2967 4918 poenam
2995 4848 3063 4898 ob
3094 4848 3145 4899 id
3185 4848 3360 4914 ipsum

1838 4939 1978 4992 subit
1996 4955 2011 5002 ;
2027 4952 2124 4989 ceu
2143 4954 2260 5005 qua:
2276 4939 2383 5005 jam
2409 4941 2589 5007 sponsi
2613 4954 2811 5008 corpus
2832 4938 2968 4989 facta
3000 4944 3134 4997 erat,
3150 4937 3362 5006 sibique

1837 5034 1993 5094 caput
2019 5026 2345 5095 imposuerat
2378 5029 2589 5093 virum;
2624 5043 2721 5081 cur
2747 5027 2793 5080 si
2825 5025 3020 5094 capitis
3050 5027 3361 5094 genealogia

1838 5118 2123 5179 scribatur,
2178 5131 2375 5186 corpus
2429 5134 2550 5171 cum
2588 5117 2761 5186 capite
2818 5114 3194 5179 connumerari
3253 5130 3362 5169 non

1839 5205 1909 5260 sit
1934 5203 2382 5259 consectaneum?
2412 5202 2767 5269 Quamobrem
2801 5199 2966 5254 Maria
2996 5198 3231 5268 Josepbo
3248 5201 3363 5271 jam

1835 5510 1947 5557 Vat.
1979 5503 2266 5572 palatinum
2298 5501 2558 5572 epitomze,
2579 5502 2735 5572 etiam
2853 5497 3058 5572 catenis
3081 5494 3368 5572 γαρ-σορκ

215 5562 323 5649 ξῇί
344 5562 621 5649 dua-aid
638 5568 848 5649 [περ.ᾶο
873 5572 1191 5649 cognatione
1214 5572 1389 5649 Μανίῳ
1414 5572 1598 5649 matris
1828 5562 2020 5627 Nic-ctu:
2050 5573 2170 5624 cod.
2205 5573 2266 5623 Α.
2372 5570 2463 5630 ‘22,
2497 5581 2548 5623 et
2583 5568 2806 5649 Sim-atii
2832 5567 2953 5649 cod.
2989 5563 3117 5649 Ε..
3151 5562 3247 5649 Si):
3268 5562 3375 5649 Et:
3429 5572 3436 5579 ‘

139 5633 436 5703 mi‘u'i’cum
478 5635 843 5711 Elisnbctlla.
896 5633 1068 5711 sistat
1111 5640 1211 5711 sub
1243 5640 1474 5705 ejusdem
1513 5640 1723 5711 Eusebii
1826 5642 2481 5711 quenstamenquinque
2525 5639 2805 5693 verborum
2851 5633 3097 5689 clausula
3149 5633 3375 5683 nonnisi

138 5720 390 5785 “mnian
433 5712 527 5765 vix
571 5704 784 5773 paucis
821 5704 991 5758 verbis
1025 5704 1471 5777 variatisprzetcr
1494 5709 1725 5763 cudiccm
1823 5704 1877 5764 in
1914 5710 2094 5765 codtce
2120 5710 2181 5761 Α.
2215 5704 2424 5778 legitur".
