3782 6370
139 426 271 484 889

732 429 1181 497 QUAESTIONES
1217 419 1680 484 EVANGELICAS
1719 428 1809 483 AD
1847 422 2274 487 STEPHANUM.
2314 455 2385 466 —-
2422 427 2736 493 QUASSTIO
2775 434 2813 483 1,

3247 432 3351 490 890

141 537 241 599 εἰς
266 537 468 607 φυλὴν,
499 537 778 609 αὐτάρκης
803 537 870 609 ῆν
892 542 926 610 ὴ
952 540 1076 609 περὶ
1104 538 1195 592 τοῦ
1225 538 1412 608 ἀνδρὸς
1442 533 1710 608 ἀναγραφὶ

1823 551 1980 605 quam
2012 551 2077 590 ex
2106 548 2297 603 genere
2331 537 2551 603 proprio
2587 552 2789 609 suaque
2819 538 2979 606 tribu,
3010 553 3079 594 ne
3108 539 3351 595 videlicet

142 626 257 678 xci.
307 625 414 696 τὴν
456 630 691 693 γυναῖκα
729 629 994 698 δηλῶσαιο
1030 629 1260 701 νομικῶς
1290 627 1396 697 γὰρ
1443 622 1587 692 βιοὺς
1624 627 1726 679 οὐδ’

138 715 396 768 ἄλλοθεν
447 717 652 785 ἰμνᾶτο
694 718 789 788 τὴν
824 724 1069 786 γυναῖκα,
1108 721 1141 790 ἦ
1185 719 1368 788 πρῶτα
1401 714 1497 785 μὲν
1530 717 1594 768 ὲκ
1632 719 1727 787 τῆς

138 805 344 874 φυλῆς
375 806 478 874 τῆς
504 809 774 876 πατρικῆς
805 809 987 873 αὐτοῦ,
1018 810 1151 879 αὕτη
1183 809 1237 860 δὲ
1264 805 1329 877 ἦν
1358 809 1390 876 ὴ
1419 805 1510 857 τοῦ
1536 805 1723 859 Ἰούδαν

137 893 363 946 ἔπειτα
411 896 478 947 ἐκ
512 895 606 947 τοῦ
644 897 814 964 δήμου
857 899 947 952 καὶ
979 900 1074 968 τῆς
1109 899 1274 966 αὐτῆς
1310 898 1556 964 πατριᾶς,
1590 894 1726 963 αὕτη

134 982 208 1035 δὲ
257 979 334 1053 ἦν
379 986 413 1053 ἡ
476 986 573 1037 τοῦ
620 988 811 1040 Δαϐίδ·
856 990 1077 1042 τοιαῦτα
1106 989 1209 1058 γὰρ
1240 983 1304 1056 ἦν
1346 988 1413 1039 τὰ
1441 985 1533 1038 τοῦ
1566 987 1723 1054 νόμου

137 1074 645 1144 παραγγέλματα·
679 1079 765 1129 ὅτε
806 1080 979 1131 τοίνυν
1016 1083 1043 1129 6
1090 1080 1277 1146 Ἰωσὴφ
1308 1077 1474 1145 φυλῆς
1495 1075 1725 1143 γεγονὼς

135 1162 556 1216 ἀτὲοδείκνυται
599 1165 782 1227 Ἰούδα,
815 1168 1011 1235 κλήρου
1042 1183 1100 1217 τε
1142 1167 1232 1218 καὶ
1276 1166 1500 1233 πατριᾶς
1545 1164 1721 1236 Δασιδ,

135 1250 276 1313 πῶς
319 1252 428 1319 οὐχ
475 1253 666 1305 ἕπεται
704 1254 797 1305 καὶ
837 1257 901 1324 τῇ
941 1255 1123 1324 Μαρίᾳ
1158 1256 1219 1305 ἐκ
1250 1253 1354 1306 τῶν
1392 1252 1564 1305 αὐτῶν
1600 1253 1725 1322 ὁρᾶ-

137 1343 284 1397 σθαι
306 1361 325 1410 ;

217 1541 296 1604 η’.
324 1535 397 1587 Et
421 1535 483 1587 δὲ
502 1534 712 1602 λέγοιτο
738 1534 994 1603 ὑπάρχειν
1021 1532 1280 1603 συγγενὴς
1303 1532 1398 1601 τῆς
1431 1531 1720 1594 Ἐλισάὸετ,

135 1624 332 1693 αὐτῆς
369 1626 474 1694 μὲν
493 1624 660 1693 οὔσης
687 1626 750 1676 ὲκ
767 1624 933 1691 φυλῆς
951 1624 1132 1683 Ἰούδα.
1149 1623 1245 1692 τῆς
1263 1640 1321 1675 τε
1339 1624 1434 1692 (3')
1452 1622 1721 1676 Ἑλισάϐετ

136 1717 212 1768 ὲκ
257 1716 373 1784 τῆς
418 1715 514 1767 τοῦ
566 1714 715 1777 Λευῒ,
753 1715 824 1784 μὴ
862 1714 1169 1785 θαυμάσῃς⁹
1217 1715 1319 1765 πᾶν
1350 1714 1455 1783 γὰρ
1495 1712 1555 1765 τὸ
1594 1714 1722 1764 Ἰου-

133 1805 321 1857 δαίων
368 1804 527 1866 ἔθνος
552 1803 669 1865 ἑνὸς
697 1800 763 1872 ἦν
791 1803 994 1870 γένους,
1036 1804 1093 1855 αἴ
1129 1819 1186 1854 τε
1234 1802 1393 1870 φυλαὶ
1427 1804 1590 1854 πᾶσαι
1626 1802 1720 1854 άλ-

1826 625 2038 695 generis
2068 622 2358 690 limreditas
2384 641 2448 679 ex
2476 640 2580 679 una
2610 627 2663 679 in
2703 627 2858 679 aliam
2890 628 3084 681 tribum
3110 643 3350 684 commo-

1826 723 2075 780 veretur;
2108 717 2242 770 satis
2264 724 2385 769 erat
2407 717 2507 770 viri
2532 716 2819 784 descriptio
2856 718 2921 772 ad
2946 719 3222 787 conjugem
3249 719 3347 774 de-

1833 803 2268 857 monstrandam:
2301 819 2425 856 nam
2463 805 2554 872 qui
2597 804 2663 856 ad
2694 806 2822 872 legis
2854 821 3094 871 normam
3123 809 3345 871 viveret,

1824 891 1968 944 haud
2021 892 2180 944 aliam
2233 892 2336 947 sibi
2389 908 2615 947 uxorem
2663 892 3036 960 c0pulavisset,
3083 895 3186 948 nisi
3231 910 3349 964 quae

1822 982 2056 1050 primum
2080 988 2224 1036 esset
2247 998 2311 1039 ex
2339 982 2459 1051 ejus
2484 982 2659 1050 patria
2693 981 2882 1047 tribu,:
2895 980 3044 1053 {udae
3071 984 3348 1049 videlicet;

1824 1068 2014 1122 deinde
2039 1084 2104 1123 ex
2128 1069 2312 1124 eadem
2345 1077 2501 1138 gente
2531 1068 2859 1136 familiaque,
2893 1085 3082 1138 nempe
3108 1070 3345 1128 Davidis.

1822 1155 2074 1210 Illatenus
2101 1159 2243 1209 enim
2280 1158 2361 1209 lex
2397 1156 2641 1224 jubebat.
2696 1154 2753 1208 Si
2787 1155 3053 1233 Josephus
3096 1158 3254 1226 igitur
3283 1160 3350 1213 de

1820 1244 1969 1298 Iudae
2010 1247 2155 1299 tribu
2207 1246 2376 1315 deque
2416 1246 2632 1300 Davidis
2683 1255 2838 1315 gente
2870 1258 2921 1301 et
2957 1247 3155 1301 familia
3185 1250 3352 1305 fuisse

1822 1333 2240 1397 demonstratur,
2286 1348 2383 1386 cur
2426 1349 2533 1386 non
2573 1335 2820 1401 sequitur
2862 1343 2919 1388 ut
2948 1334 3115 1388 Maria
3150 1352 3215 1390 cx
3251 1338 3349 1392 iis—

1822 1423 1939 1476 dem
1968 1424 2265 1492 originibus
2298 1423 2511 1492 prodire
2547 1423 2833 1477 videatur?

1888 1534 1940 1588 8.
1989 1534 2142 1599 Quod
2177 1534 2224 1588 si
2261 1534 2446 1589 eadem
2493 1534 2691 1588 dicitur
2721 1533 3045 1588 Elisabetbae
3088 1543 3346 1604 cognata;

1821 1638 1940 1676 cum
1968 1632 2144 1679 tamen
2175 1623 2265 1676 illa
2302 1624 2368 1679 de
2403 1625 2543 1677 tribu
2567 1623 2734 1686 ludas,
2767 1624 3072 1679 Elisabetba
3099 1626 3163 1678 de
3190 1625 3349 1681 Levi-

1821 1715 1926 1766 lica
1967 1712 2156 1779 fuerit;
2197 1714 2267 1767 ne
2313 1713 2569 1768 mireris:
2609 1715 2856 1768 universa
2902 1716 3097 1783 quippe
3139 1714 3350 1770 Judao—

1820 1817 1938 1856 rum
1968 1817 2099 1871 gens
2149 1818 2257 1857 uno
2301 1817 2496 1873 genere
2539 1805 2881 1865 censebatur,
2916 1812 3224 1874 cunctaeque
3253 1808 3351 1860 tri-

134 1892 338 1961 λήλων
373 1895 692 1959 συγγενεῖς·
722 1866 878 1944 ’ἔνθεν
910 1892 1000 1943 καὶ
1031 1893 1058 1942 6
1083 1890 1222 1953 θεῖος
1236 1866 1553 1953 ’ὟΑτοόστολος
1591 1907 1710 1959 συγ-

1820 1892 1917 1945 bus
1947 1892 2175 1946 invicem
2201 1903 2439 1962 cognatae
2458 1904 2628 1948 erant.
2673 1894 2809 1948 Hinc
2830 1896 2990 1949 etiam
3024 1897 3179 1952 divus
3204 1899 3349 1967 Apo-

133 1984 336 2048 γενεῖς
396 1981 569 2033 αὑτοῦ
615 1981 816 2042 πάντας
868 1977 1115 2048 ὀνομάζει
1153 1980 1426 2042 Ἰουδαίους
1450 2019 1465 2043 ,
1521 1980 1720 2047 λέγων’

141 2088 162 2120 ε
216 2069 503 2139 Ηὺχόμην
557 2068 666 2138 γὰρ
707 2067 955 2136 ἀνάθημα
993 2064 1128 2119 εἶναι
1170 2067 1304 2138 ὑπὲρ
1344 2067 1447 2119 τῶν
1486 2068 1721 2134 ἀδελφῶν

140 2173 277 2226 μου,
308 2155 429 2208 τῶν
468 2155 747 2224 συγγενῶν
777 2172 876 2225 μου
923 2154 1062 2207 κατὰ
1109 2154 1301 2224 σάρκα,
1356 2155 1545 2217 οἵτινές
1590 2158 1722 2208 εἰσιν

148 2246 543 2314 Ἰσραηλῖται»
608 2263 627 2294 ι
676 2244 850 2296 καίτοι
910 2246 1180 2310 συγγενεῖς
1234 2243 1391 2295 αὐτοῦ
1436 2244 1722 2313 ἐτύγχανον

139 2337 306 2405 μόνοι
333 2337 407 2386 ἐκ
442 2334 618 2402 φυλῆς
641 2334 891 2402 Βενιαμίν
911 2350 923 2363 ·
951 2332 1140 2386 οὐκοῦν
1166 2333 1366 2394 πάντας
1391 2333 1573 2394 ἁπλῶς
1600 2335 1723 2395 τοὺς

134 2425 200 2490 ἐξ
243 2422 484 2494 Ἰσραὴλ
539 2422 797 2489 ἀδελφοὺς
840 2422 932 2473 καὶ
971 2424 1242 2489 συγγενεῖς
1287 2421 1474 2473 ἑαυτοῦ
1514 2426 1723 2492 προσεῖι-

135 2530 247 2564 «sv
273 2512 309 2563 6
347 2510 601 2572 Παῦλοςο
634 2509 772 2562 οὕτω
814 2510 858 2561 δ’
889 2505 978 2560 οὖν
1018 2509 1111 2561 καὶ¹
1149 2508 1244 2578 τὴν
1290 2509 1555 2563 Ἐλισάϐετ
1598 2526 1724 2577 συγο

135 2600 349 2668 γενίδα
372 2602 674 2669 προσεῖπεν
705 2601 732 2650 ὁ
759 2600 981 2665 ἄγγελος
998 2602 1060 2669 τῇ
1090 2598 1332 2668 Μαριὰμ,
1361 2599 1446 2651 διά
1477 2600 1536 2651 τὸ
1561 2600 1722 2668 ἄμφω

150 2686 572 2758 Ἰσραηλίτιδας
606 2681 767 2737 εἶναι’
803 2686 895 2737 καὶ
927 2684 1095 2745 ἄλλως
1135 2684 1192 2736 δὲ
1236 2684 1376 2745 εἰκὸς
1421 2684 1527 2735 ἀπὸ
1558 2683 1720 2735 τόπου

139 2776 460 2845 συγγενίδα
492 2774 591 2844 τῆς
619 2775 834 2844 Μαρίας
866 2773 1153 2842 κεκλῆσθαι
1182 2773 1279 2843 τὴν
1316 2772 1606 2836 Ἑλισάϐετ,
1635 2772 1721 2826 διὰ

134 2869 201 2922 τὸ
236 2869 428 2921 οἰκεῖν
454 2868 550 2919 ἐπὶ
578 2868 677 2936 τῆς
708 2866 872 2917 Ἰούδα
896 2865 1063 2933 φυλῆς
1095 2865 1184 2932 ἀφ’
1214 2862 1280 2935 ῆς
1305 2864 1522 2932 ὡρμᾶτο
1549 2865 1580 2932 ἡ
1612 2865 1724 2916 Ma.—

140 2960 275 3029 ρία·
325 2957 607 3026 μαρτυρεῖ
649 2953 775 3021 γοῦν
818 2956 846 3005 6
885 2954 1092 3014 Λουκᾶς
1123 2953 1322 3019 λέγων·
1362 2971 1379 3002 ι
1428 2953 1721 3003 Ἀναστᾶσα

133 3049 196 3103 δὲ
242 3045 502 3116 Μαριάμ
554 3046 612 3096 ἐν
656 3048 773 3107 ταῖς
810 3046 1035 3114 ἡμέραις
1070 3042 1309 3103 ταύταις,
1342 3041 1600 3111 ἐπορεύθη
1643 3042 1720 3102 εἰς

132 3139 239 3207 τῆν
263 3134 503 3204 ὀρεινὴν
542 3133 679 3202 μετά
716 3131 943 3201 σπουδῆς
968 3134 1046 3193 εἰς
1084 3131 1230 3182 πόλιν
1272 3131 1452 3190 Ἰούδα,
1479 3131 1570 3182 καὶ
1613 3132 1721 3181 εἰσ-

135 3226 310 3296 ἦλθεν
349 3226 430 3285 εἰς
457 3223 550 3274 τὸν
576 3217 722 3274 οἶκον
753 3221 1010 3290 Ζαχαρίου
1042 3221 1130 3271 καὶ
1154 3219 1425 3286 ἠσπάσατο
1453 3218 1544 3287 τὴν
1584 3218 1716 3268 Ἐλι-

138 3316 360 3369 σάῆετ·
400 3333 421 3364 ι
455 3311 552 3365 τοῦ
599 3312 708 3381 γὰρ
757 3311 1027 3373 Μωῦσέως
1073 3311 1233 3380 νόμου
1268 3310 1339 3379 μὴ
1372 3311 1717 3379 ἀφορίσαντος

132 3410 203 3475 τῇ
240 3404 367 3456 τῶν
400 3402 596 3473 ἱερέων
624 3402 759 3471 φυλῇ
790 3401 1003 3470 κλῆρον,
1028 3402 1105 3453 ὅτι
1128 3400 1324 3468 Κύριος
1350 3403 1377 3452 6
1400 3400 1526 3461 θεὸς
1567 3399 1717 3468 μερὶς

136 3491 358 3553 αὐτῶν,
391 3489 787 3557 διαταξαμένου
829 3488 885 3539 δὲ
924 3486 1120 3556 μεταξὺ
1162 3486 1269 3538 τῶν
1305 3485 1501 3538 λοιπῶν
1542 3486 1717 3553 φυλῶν

133 3582 319 3633 οἰκεῖν
367 3579 593 3639 αὐτοὺς,
642 3576 733 3628 τοῦ
781 3593 836 3628 τε
876 3575 1136 3645 Ζαχαρίου
1185 3576 1274 3628 καὶ
1311 3578 1406 3645 τῆς
1450 3574 1718 3627 Ἑλισάϐετ

135 3669 301 3720 πόλιν
359 3666 540 3734 φυλῆς
588 3664 756 3717 Ἰούδα
782 3665 1231 3731 κατοικησάντων,
1274 3666 1365 3730 ἀφ’
1408 3659 1473 3734 ἦς
1503 3664 1719 3733 ὡρμᾶτο

132 3755 362 3826 Μαρία,
391 3754 545 3814 εἰκὸς
564 3753 661 3804 καί
695 3750 893 3820 ταύτης
920 3751 1100 3802 ἕνεκεν
1120 3752 1215 3819 τῆς
1240 3751 1412 3811 αἰτίας
1450 3751 1720 3816 συγγενεῖς

132 3845 318 3908 αὑτὰς
351 3841 681 3912 ἀνειρῆσθαι
700 3855 716 3870 ·
742 3842 839 3891 οὐκ
868 3840 1086 3902 ἀπεικὸς
1116 3839 1171 3890 δὲ
1204 3840 1293 3891 καὶ
1328 3838 1422 3908 τῆς
1448 3841 1718 3907 ὁμοιοτρο-

132 3934 273 3996 πίας
322 3934 518 4003 χάριν,
558 3929 626 3981 δι’
668 3923 735 3999 ἧς
782 3928 944 3996 ἄμφω
988 3930 1083 3997 τῆς
1118 3926 1377 3995 σωτηρίου
1419 3925 1719 3994 οἰκονομίας

132 4022 494 4091 ἠξιώθησαν,
542 4021 575 4089 ἡ
615 4019 713 4088 μὲν
756 4018 846 4069 τὸν
882 4018 1123 4087 Σωτῆρα,
1156 4019 1189 4086 ἡ
1221 4016 1275 4068 δὲ
1306 4015 1393 4068 τὸν
1424 4016 1718 4087 πρόδρομον

130 4112 230 4163 τοῦ
265 4113 537 4179 Σωτῆρος
583 4104 994 4175 ὑποδεξάμεναι,
1029 4105 1145 4166 ἑνός
1187 4121 1243 4156 τε
1291 4107 1382 4156 καὶ
1424 4102 1515 4156 τοῦ
1558 4102 1717 4155 αὑτοῦ

131 4200 303 4267 ἁγίου
340 4197 489 4251 Πνεύ
499 4213 672 4266 ματος
707 4194 1062 4263 μετασχοῦσαι
1080 4211 1091 4222 ·
1120 4193 1197 4245 διὸ
1225 4194 1314 4246 καὶ
1341 4192 1565 4263 μάλιστα
1596 4195 1718 4262 μιᾶς

127 4291 234 4360 τῆς
261 4287 419 4343 κατὰ
450 4287 591 4339 Θεὸν
619 4285 928 4351 συγγενείας
976 4286 1232 4353 μετεῖχον.
1264 4283 1419 4335 Ἀλλὰ
1442 4283 1594 4335 τοῦτο
1623 4284 1717 4353 μὲν

130 4378 320 4442 οὕτως
346 4375 685 4432 ἁπολυτέον.

202 4581 273 4632 θ’.
299 4580 369 4633 Εἰ
408 4578 471 4631 δὲ
508 4573 723 4643 κεφαλὴ
752 4574 847 4642 τῆς
875 4575 1120 4640 γυναικὸς
1139 4575 1383 4643 τυγχάνει
1405 4574 1433 4625 6
1456 4571 1528 4624 ὣν
1556 4573 1711 4642 ἀνὴρ,

128 4671 281 4723 κατὰ
304 4670 400 4722 τὸν
419 4668 575 4721 θεῖον
591 4663 927 4725 Ἀπόστολον,
945 4664 1033 4714 καὶ
1054 4663 1257 4716 ἔσονται
1274 4665 1323 4715 οἱ
1342 4661 1431 4715 δύο
1445 4663 1522 4724 είς
1542 4663 1714 4732 σάρκα

132 4760 299 4828 μίαν,
328 4758 487 4812 κατὰ
510 4755 610 4807 τὸν
630 4751 901 4814 Μωῦσέως
926 4753 1100 4821 νόμον,
1131 4754 1165 4821 ἦ
1194 4770 1249 4805 τε
1277 4753 1713 4822 μεμνηστευμένη

126 4846 293 4916 ἀνδρὶ
318 4842 717 4916 διαμαρτοὼα
751 4840 985 4909 μοιχείας
1023 4840 1157 4893 κατά
1192 4841 1251 4893 τὸ
1286 4840 1410 4892 αὐτὸ
1462 4839 1712 4909 τιμωρίαν

124 4934 428 5003 ὑπομένει,
467 4933 550 4993 ὡς
575 4929 678 4999 ἤδη
704 4927 796 4979 τοῦ
828 4927 1124 4997 μνηστῆρος
1161 4928 1313 4996 σῶμα
1338 4926 1592 4997 γενομένη
1622 4928 1713 4979 καὶ

126 5025 383 5097 κεφαλὴν
414 5016 848 5088 ἐπιγραψαμένη
882 5017 969 5069 τὸν
997 5018 1177 5083 ἄνδραν
1208 5017 1320 5079 πῶς
1363 5018 1478 5085 οὐχὶ
1499 5017 1594 5085 τῆς
1623 5035 1713 5069 κε·

126 5115 313 5183 φαλῆς
337 5106 877 5183 γενεαλογουμένης,
907 5105 1091 5159 ἕπεται
1132 5107 1218 5159 καὶ
1252 5106 1310 5158 τὸ
1340 5106 1495 5174 σῶμα
1516 5108 1581 5174 τῇ
1624 5123 1712 5158 κε-

127 5204 276 5274 φαλῇ
332 5193 836 5269 συναριθμεῖσθαι;
889 5192 1024 5245 ὥστε
1078 5196 1165 5269 καὶ
1216 5194 1309 5263 τὴν
1354 5193 1562 5262 Μαρίαν
1614 5195 1712 5264 ἤδη

198 5355 222 5384 ⁸
262 5354 430 5407 Rom.
468 5366 561 5409 lx,
600 5346 656 5398 5.
739 5344 784 5373 ¹⁰
823 5341 1012 5411 prcs.
1052 5361 1099 5411 ν,
1132 5345 1219 5397 25.

197 5506 447 5573 (δ’),Τε·
486 5498 640 5573 L533?
665 5491 929 5573 δέοβυιτ·
1028 5562 1059 5573 Α.
1484 5562 1540 5573 Α.

201 5558 303 5639 μγ
327 5558 593 5639 ριιωὲῃό
617 5558 827 5639 bazc‘de
851 5562 1169 5639 cognatione
1191 5562 1365 5639 Mariae
1389 5562 1572 5639 matris
1594 5562 1700 5639 Ilo:

129 5626 418 5692 mihi'cgm
461 5626 823 5694 Eiisabetlia,
875 5626 1048 5681 esslat
1090 5630 1189 5681 sub
1220 5629 1449 5694 ejusdem
1487 5629 1700 5684 Eusebii

1296 5347 1334 5375 “
1375 5343 1503 5398 Gen.
1540 5360 1613 5407 ιι,
1641 5346 1735 5401 24.

1818 1982 1987 2035 stolus
2013 1980 2225 2037 Iudaeos
2263 1997 2452 2036 omnes
2482 1984 2714 2051 appellat
2746 1993 3002 2053 cognatos
3034 2000 3183 2050 suos,
3219 1985 3349 2039 dum

1819 2069 1918 2120 ait:
1982 2067 2278 2135 «Optabam
2326 2084 2425 2138 ego
2472 2071 2759 2125 anathema
2800 2086 2921 2126 esse
2954 2087 3050 2141 pro
3091 2071 3349 2129 fratribus

1818 2157 1973 2219 meis,
2004 2157 2094 2225 qui
2145 2157 2275 2210 mihi
2319 2159 2615 2212 secundum
2667 2173 2916 2212 carneam
2959 2170 3205 2213 naturam
3255 2175 3349 2215 co-

1817 2244 1963 2311 gnati
2020 2251 2166 2307 sunt,
2220 2244 2565 2299 lsraelitis’.»
2615 2246 2779 2315 Atqui
2820 2247 3030 2315 cognati
3069 2248 3200 2315 .‘ejus
3246 2249 3345 2304 soli

1818 2347 2001 2386 revera
2034 2340 2185 2386 erant
2222 2333 2564 2399 Benjamitae:
2606 2343 2658 2389 et
2708 2344 2882 2389 tamen
2915 2351 3102 2390 omnes
3133 2335 3349 2392 Israeli-

1819 2424 1901 2471 tas
1935 2418 2162 2472 fratrum
2195 2420 2502 2474 nominibus
2545 2428 2600 2474 et
2642 2430 2990 2489 cognatorum
3016 2421 3217 2476 Paulus
3264 2423 3345 2476 in-

1818 2508 2023 2578 digitat.
2070 2509 2160 2562 Sic
2188 2524 2316 2576 ergo
2354 2510 2573 2578 angelus
2596 2510 2955 2564 Elisabetbam
2991 2512 3126 2565 dixit
3161 2511 3342 2568 Mariae

1818 2605 2115 2666 cognatam,
2164 2605 2446 2671 propterea
2495 2600 2637 2667 quod
2684 2601 2853 2654 amba:
2903 2602 3228 2656 lsraelitides
3259 2617 3349 2657 es-

1819 2694 1954 2740 sent.
1998 2687 2220 2755 Insuper
2238 2702 2303 2741 ex
2330 2688 2446 2755 ipso
2476 2688 2594 2740 loco
2620 2688 2752 2742 satis
2776 2688 2953 2742 decuit
2980 2687 3346 2743 Elisabetham

1819 2774 2075 2842 appellari
2109 2774 2289 2828 Mariae
2315 2785 2613 2843 cognatam,
2661 2777 2784 2844 quia
2836 2778 3089 2830 nimirum
3138 2776 3350 2830 habita-

1817 2862 1908 2915 bat
1952 2863 2005 2915 in
2029 2862 2180 2916 Judae
2208 2864 2374 2926 tribu,
2413 2865 2556 2916 unde
2600 2878 2766 2932 genus
2795 2866 2959 2918 traxit
3002 2864 3187 2918 Maria.
3250 2863 3348 2919 Rei

1819 2950 1968 3004 testis
1992 2950 2184 3015 Lucas,
2221 2953 2312 3020 qui
2335 2952 2436 3004 ait:
2470 2969 2488 3002 ι
2516 2951 2815 3021 Exsurgens
2848 2960 3022 3008 autem
3046 2955 3130 3008 his
3158 2954 3348 3009 diebus

1819 3037 1983 3093 Maria
2015 3040 2146 3095 abiit
2174 3043 2228 3095 in
2258 3051 2506 3095 montana
2534 3056 2658 3095 eum
2690 3042 3052 3109 festinatione,
3084 3046 3136 3098 iu
3161 3048 3347 3100 urbem

1816 3126 1984 3191 ludar,
2018 3139 2071 3183 et
2099 3131 2339 3199 ingressa
2370 3139 2452 3185 est
2498 3133 2715 3185 domum
2762 3134 3057 3197 Zachariae,
3106 3150 3170 3188 ac
3197 3137 3347 3189 salu-

1816 3217 1944 3268 tavit
1964 3217 2338 3271 Elisabetliam.
2365 3239 2384 3270 ι
2426 3219 2629 3274 Etenim
2654 3238 2774 3275 cum
2800 3224 2880 3276 lex
2909 3223 3136 3277 Mosaica
3166 3238 3349 3277 sacer-

1816 3305 1980 3359 dotali
2024 3307 2183 3359 tribui
2233 3310 2605 3374 possessiones
2633 3327 2742 3364 non
2778 3314 3181 3381 assignavisset,
3216 3315 3343 3383 quin

1817 3394 2073 3449 Dominus
2118 3395 2258 3450 Deus
2298 3412 2422 3465 pars
2468 3399 2585 3466 ejus
2617 3408 2719 3464 est,
2772 3402 3133 3455 mandavisset
3164 3412 3344 3458 autem

1820 3494 1880 3539 ut
1907 3486 2047 3539 inter
2077 3488 2489 3540 caeteraslribus
2534 3488 2815 3554 incoleret;
2864 3504 3094 3557 cumque
3135 3488 3345 3544 Zacha-

1816 3576 1926 3628 rias
1960 3582 2012 3628 et
2036 3572 2338 3628 Elisabetba
2368 3577 2594 3643 quadam
2620 3577 2674 3629 in
2706 3578 2838 3631 urbe
2876 3580 3047 3631 tribus
3074 3576 3223 3632 Judae
3250 3582 3346 3634 lia-

1817 3663 2088 3726 bitarent,‘
2117 3663 2259 3717 unde
2298 3664 2517 3717 oriunda
2572 3671 2688 3718 erat
2733 3665 2935 3733 Maria;
2977 3681 3074 3733 par
3117 3666 3217 3720 fuit
3250 3684 3345 3724 eas

1816 3752 1885 3807 ob
1912 3753 2049 3805 hanc
2077 3768 2291 3807 causam
2326 3762 2586 3822 cognatas
2613 3755 2901 3823 appellari:
2932 3770 3102 3825 neque
3136 3756 3191 3810 id
3223 3773 3344 3810 rur-

1817 3857 1909 3896 sus
1950 3843 2217 3896 immerito
2245 3853 2461 3910 propter
2489 3858 2696 3895 morum
2747 3845 3171 3909 similitudinem,
3209 3862 3343 3913 quo-

1816 3944 1936 3983 rum
1972 3931 2142 4000 gratia
2176 3942 2400 4001 utraque
2428 3932 2620 3984 mulier
2661 3930 2916 4001 mysterio
2949 3934 3138 3987 salutis
3183 3935 3345 4003 digna

1817 4019 1951 4075 fuit:
1995 4028 2047 4073 et
2073 4022 2237 4074 altera
2266 4022 2481 4090 quidem
2527 4021 2891 4083 Servatorem,
2933 4023 3097 4074 altera
3144 4020 3339 4076 Serva—

1818 4104 1950 4159 toris
1986 4121 2364 4175 praecursorem
2396 4109 2601 4163 sinibus
2641 4109 2754 4162 suis
2800 4115 3133 4176 receperunt,
3178 4108 3340 4161 unius

1818 4190 2060 4245 videlicet
2086 4193 2429 4262 ejusdemque
2476 4198 2646 4250 sancti
2679 4196 2907 4265 Spiritus
2939 4194 3105 4263 gratia
3143 4197 3341 4263 potitae.

1820 4278 1994 4347 Atque
2037 4280 2136 4334 hoc
2184 4282 2264 4334 vel
2294 4283 2522 4337 maxime
2570 4286 2781 4339 nomine
2836 4282 3129 4337 secundum
3178 4282 3341 4336 Deum

1817 4376 2055 4436 cognatae
2102 4368 2313 4422 fuerunt
2346 4369 2441 4441 (4).
2500 4371 2621 4427 llaec
2667 4370 2943 4442 prtesentis
2983 4368 3339 4424 dubitationis

1737 4468 1781 4523 ι)
1809 4460 2004 4514 solatio
2032 4466 2134 4513 est.

1884 4571 1937 4625 9.
1969 4571 2122 4636 Quod
2147 4572 2191 4627 si
2220 4580 2397 4628 autem
2422 4581 2580 4643 caput
2603 4573 2840 4627 mulieris
2870 4572 2947 4625 vir
2990 4579 3093 4631 est.
3114 4571 3181 4625 de
3201 4572 3343 4640 Apo-

1814 4660 1937 4715 stoli
1985 4660 2094 4713 divi
2129 4664 2475 4726 sententia”,
2506 4664 2723 4731 duoque
2769 4670 2895 4715 sunt
2928 4661 2981 4713 in
3023 4675 3187 4714 carne
3233 4676 3340 4712 una

1815 4765 1880 4804 ex
1918 4748 2161 4803 Mosaicae
2193 4752 2327 4820 legis
2374 4755 2647 4822 regula“;
2681 4759 2735 4807 et
2762 4751 2806 4805 si
2848 4761 3006 4816 nupta
3038 4751 3174 4810 viro,
3218 4765 3336 4817 qua:

1813 4839 2070 4907 flagitium
2101 4839 2402 4903 admiserit,
2446 4842 2691 4895 adulterii
2736 4853 2944 4907 poenam
2973 4837 3040 4889 ob
3073 4838 3123 4889 id
3164 4838 3339 4905 ipsum

1815 4928 1956 4982 subit
1974 4944 1988 4992 ;
2005 4941 2101 4979 ceu
2120 4943 2237 4995 qua:
2253 4929 2361 4995 jam
2387 4931 2566 4997 sponsi
2590 4943 2789 4998 corpus
2810 4927 2946 4979 facta
2977 4927 3341 4996 erat,sibique

1815 5024 1970 5084 caput
1997 5017 2323 5085 imposuerat
2356 5019 2527 5071 virum
2552 5035 2566 5084 ;
2601 5033 2698 5070 cur
2725 5015 2771 5069 si
2804 5014 2998 5082 capitis
3027 5017 3341 5085 genealogis:

1816 5108 2100 5168 scribatur,
2155 5121 2353 5176 corpus
2406 5124 2527 5161 cum
2565 5107 2739 5176 capite
2797 5104 3175 5168 connumerari
3232 5120 3343 5160 non

1816 5195 1886 5250 sit
1911 5193 2359 5248 consectaneum?
2389 5192 2745 5258 Quamobrem
2780 5188 2945 5241 Maria
2975 5187 3211 5258 Josepbo
3229 5192 3343 5260 jam

1813 5500 1924 5547 Vat.
1956 5493 2243 5562 palatinum
2275 5490 2536 5566 epitomm,
2555 5492 2712 5566 etiam
2838 5485 3044 5566 catenis
3066 5483 3353 5566 Faginca‘t‘iis

1805 5550 1997 5617 Niceti-1:
2027 5563 2146 5613 cod.
2180 5563 2242 5612 Α.
2281 5550 2321 5613 Τί
2348 5560 2440 5620 222,
2474 5550 2531 5613 et
2560 5556 2789 5612 Macarii
2816 5555 2941 5626 cod.
2978 5550 3104 5626 E._f.
3142 5550 3236 5605 50.
3261 5550 3362 5626 Se:
3408 5561 3421 5567 "

1804 5632 2458 5701 quensitamcirquinque
2501 5629 2788 5683 Verborum
2838 5620 3087 5676 clausula
3137 5620 3364 5670 nonnisi

130 5710 373 5776 nomium,
417 5704 510 5756 vix
554 5693 765 5764 paucis
800 5695 972 5749 verbis
1004 5699 1235 5760 variatis,
1261 5710 1446 5766 ιηοιςιυι·
1469 5699 1703 5753 codicem
1801 5693 1855 5754 in
1892 5700 2071 5755 codice
2096 5699 2157 5750 Α.
2192 5693 2401 5766 legitur.
