3782 6370
162 429 282 486 893

732 431 1184 498 QUESTIONES
1219 434 1662 490 EVANGELICAZ
1700 434 1789 488 AD
1827 431 2254 489 STEPHANUM.
2293 463 2360 475 —-
2396 431 2708 498 ρωεετιο
2746 431 2828 487 Ill.

3246 434 3348 488 89-!

155 538 354 610 Φαρὲς
394 539 526 609 (ὁδὲ
562 535 632 612 ἦν
671 543 836 596 Ἰούδα
876 544 968 597 τοῦ
1004 545 1292 616 ἀρχιφύλου
1337 547 1526 616 παῖς)·
1565 549 1719 617 Φαρὲς

1831 561 1861 598 a
1881 545 2017 598 Juda
2041 545 2303 598 evolvitur
2333 542 2414 597 sic
2439 561 2451 595 :
2492 561 2509 591 ι
2538 539 2629 596 Ha:
2663 552 2787 597 sunt
2813 545 3183 612 generationes
3207 542 3349 598 Pha-

154 628 435 698 ἐγέννησε
488 631 583 683 τὸν
637 633 878 704 Ἐσρὼμο
937 635 1028 686 καὶ
1083 635 1292 706 Ἐσρὼμ
1338 637 1584 706 ἐγέννησε
1640 638 1728 690 τὸν

168 714 398 786 Ἀράμ·
458 718 549 771 καὶ
609 719 785 790 Ἀρὰμ
831 721 1084 791 ἐγέννησε
1123 723 1213 773 τὸν
1263 723 1579 792 Ἀμιναδάϐ·
1637 725 1728 776 καὶ

165 806 486 877 Ἀμιναδάϐ
538 809 791 878 ἐγέννησε
848 812 937 862 τὸν
986 813 1278 867 Ναασσώνο
1328 814 1418 866 καὶ
1467 812 1727 866 Ναασσὼν

152 899 436 968 ἐγέννησε
480 899 570 951 τὸν
618 899 868 970 Σαλμών·
919 906 1010 955 καὶ
1067 904 1289 974 Σαλμὼν
1344 905 1592 972 ἐγέννησε
1639 903 1727 955 τὸν

150 985 302 1049 Βοός⁹
325 1003 340 1015 ο
371 987 470 1040 καὶ
500 987 634 1050 Βοὺζ
663 989 912 1058 ἐγέννησε
946 991 1035 1042 τὸν
1063 993 1244 1061 Ὠὃήδο
1270 993 1361 1044 καὶ
1391 993 1543 1062 Ὧϐὴδ
1581 993 1728 1058 ὲγέν-

150 1092 296 1144 νησε
329 1077 428 1128 τὸν
464 1075 661 1129 Ἰεσσαί
683 1095 695 1108 ο
726 1080 818 1130 καὶ
857 1080 1046 1131 Ἰεσσαὶ
1083 1081 1330 1149 ἐγέννησε
1368 1081 1457 1132 τὸν
1493 1081 1666 1133 Δαϐίδ.
1703 1101 1720 1130 ι

151 1162 378 1216 Τοῦτον
399 1163 448 1214 δ’
472 1159 564 1215 οὖν
589 1165 747 1217 αὑτὸν
771 1166 996 1220 τέθειται
1021 1169 1110 1220 καὶ
1129 1171 1156 1220 6
1180 1169 1445 1233 Ματθαῖος
1475 1173 1563 1223 τὸν
1603 1172 1724 1241 τρό-

154 1265 265 1301 πον
304 1248 411 1318 (6).

124 1356 131 1413 _'
230 1339 308 1408 β’.
351 1341 421 1391 'H
446 1340 503 1392 δέ
527 1358 590 1408 γε
607 1342 793 1412 πρώτη
809 1344 912 1396 τῶν
933 1345 1218 1398 Βασιλειῶν
1239 1347 1358 1415 ἑξῆς
1379 1347 1723 1416 διαδεξαμένη

121 1429 254 1509 ἕντῆς
299 1429 471 1482 Ῥοὺο
517 1430 615 1501 τὴν
662 1433 895 1502 γραφὴν,
925 1433 1031 1486 ἀπὸ
1074 1435 1179 1486 τῶν
1223 1435 1456 1487 κάτωθεν
1505 1438 1720 1497 ἄνεισιν,

147 1519 360 1589 ὥσπερ
384 1516 482 1572 οὖν
516 1522 812 1592 πεποίηκεν
844 1525 872 1575 6
893 1525 1124 1587 Λουκᾶς·
1149 1525 1237 1577 τὸν
1261 1525 1385 1592 γοῦν
1407 1523 1609 1596 πατέρα
1631 1525 1723 1577 τοῦ

149 1608 423 1678 Σαμουὴλ
458 1609 551 1661 τὸν
589 1610 816 1663 Ἐλκανᾶ
843 1613 1232 1680 γενεαλογοῦσα
1260 1607 1359 1665 ὧδέ
1394 1631 1543 1683 φησι’
1575 1631 1592 1659 ι
1619 1613 1725 1665 Καὶ

147 1697 384 1764 ἐγένετο
431 1697 716 1768 ἄνθρωπος
763 1700 820 1764 ἐξ
857 1701 1161 1770 Ἀρμαθαὶμ
1208 1702 1433 1771 Σουφεὶρ
1477 1701 1534 1766 ἐξ
1571 1701 1726 1768 ὅρους

164 1785 427 1856 Ἐφρατμ
451 1804 464 1817 ο
503 1787 598 1839 καὶ
634 1787 802 1858 ὄνομα
841 1789 986 1858 αὐτῷ
1028 1790 1270 1851 Ἐλκανᾶ,
1298 1791 1410 1852 υίὸς
1445 1789 1721 1859 Ἱερεμιὴλ,

153 1876 276 1927 υἱοῦ
296 1876 507 1938 Ἐλίου,
538 1877 653 1928 υἱοῦ
680 1877 832 1940 Θοοῦ,
861 1879 974 1930 υἱοῦ
1004 1879 1158 1948 Σοῦρ,
1189 1881 1552 1949 Ἐφραταῖος.›
1572 1879 1725 1931 Ἀλλὰ

150 1967 249 2018 καὶ
304 1967 370 2018 ἐν
413 1968 531 2028 τοῖς
564 1967 1054 2038 Παραλειπομένοις
1082 1969 1156 2038 (7)
1201 1971 1330 2022 ποτὲ
1363 1971 1459 2039 μὲν
1485 1970 1591 2022 ἀπὸ
1619 1969 1726 2022 τῶν

152 2054 408 2126 πρώτων
453 2055 549 2116 ἐπὶ
587 2057 714 2118 τοὺς
739 2057 1016 2127 δευτέρους
1059 2058 1285 2127 καθεξῆς
1324 2058 1613 2128 πρόεισινὸ
1643 2059 1727 2110 λό-

151 2161 273 2212 γος,
304 2147 379 2213 τῇ
407 2143 508 2196 τοῦ
545 2144 824 2197 Ματθαίου
861 2148 1040 2215 γραφῇ
1079 2145 1480 2216 παραπλησίως,
1515 2147 1640 2199 ποτὲ
1669 2147 1726 2200 δὲ

151 2233 434 2304 ἐμφερῶς
482 2233 562 2302 τῷ
609 2235 790 2304 Λουκᾷ
829 2235 1162 2302 γενεαλογεῖ·
1195 2235 1417 2288 ἄκουσον
1462 2235 1589 2303 γοῦν
1633 2237 1726 2288 καὶ⁵

147 2324 355 2376 τῶνδε·
394 2341 413 2373 ι
446 2322 631 2385 Δαϐὶδ,
664 2325 845 2393 φησὶν,
879 2319 945 2393 ἦν
993 2324 1102 2386 υἱὸς
1148 2323 1408 2392 Σολομῶν,
1436 2325 1545 2388 υίὸς
1575 2326 1725 2378 Σολο-

157 2413 283 2483 μῶν
331 2412 596 2481 Ῥοὸοὰμ,
615 2411 767 2464 Ἀϐιὰ
795 2413 905 2474 υἱὸς
931 2412 1115 2474 αὐτοῦ,
1133 2413 1259 2465 Ἀσὰ
1280 2413 1390 2475 υίὸς
1419 2413 1600 2477 αὑτοῦ,
1617 2416 1725 2468 Ἰω-

155 2501 350 2571 σαφὰτ
396 2501 515 2563 υἱὸς
561 2500 964 2571 αὑτοῦ,’ῐωρὰμ
1007 2501 1118 2563 υίὸς
1149 2501 1584 2570 αὑτοῦ,’οχοζίας
1615 2504 1724 2566 υίὸς

151 2590 358 2654 αὐτοῦ,
378 2591 535 2652 mea;
582 2590 696 2652 υίὸς
728 2589 910 2654 αὑτοῦ,
928 2591 1184 2659 Ἀμασίας
1215 2591 1325 2653 υἱὸς
1353 2591 1543 2644 αὐτοῦ·
1577 2609 1597 2645 ι
1633 2593 1724 2645 καὶ

149 2681 303 2734 οὕτω
359 2679 598 2749 καθεξῆς
643 2679 850 2732 κάτεισι
916 2679 1074 2749 μέχρι
1105 2679 1197 2732 τοῦ
1236 2681 1476 2750 Ἰεχονίου
1503 2683 1593 2734 καὶ
1628 2684 1722 2752 τῆς

147 2773 229 2833 είς
275 2769 587 2823 Βαϐυλῶνα
615 2769 1004 2838 αἰχμαλωσίας,
1031 2769 1104 2832 ὡς
1137 2770 1167 2822 6
1198 2770 1588 2834 Ματθαϊος.Ὠς
1614 2771 1668 2824 δὲ
1695 2774 1722 2824 6

147 2861 402 2921 Λουκᾶς,
435 2860 469 2928 ἡ
493 2857 634 2928 αὐτὴ
659 2858 816 2910 πάλιν
843 2857 1012 2910 ἄνεισι
1038 2858 1222 2928 Γραφὴ
1254 2859 1342 2910 τὸν
1374 2859 1617 2928 Σαμουὴλ
1640 2876 1722 2926 γε·

147 2947 536 3016 νεαλογοῦσαο
586 2948 720 3017 φησὶ
769 2945 928 3013 γοῦν·
979 2966 997 2997 ‹
1025 2946 1270 3017 Σαμουὴλ
1323 2948 1437 3000 υἱοῦ
1475 2949 1718 3011 Ἐλκανᾶ,

145 3039 270 3092 υἱοῦ
322 3037 616 3108 Ἱεροὸοὰμ
667 3036 740 3106 (8)
767 3074 783 3100 ,
826 3034 938 3087 υἱοῦ
983 3037 1183 3106 Ἥλιὴλ,
1235 3037 1344 3090 υἱοῦ
1405 3039 1555 3104 Θοοῦ,
1606 3039 1720 3090 υἱοῦ

1827 651 1913 688 res
1972 634 2080 704 (hic
2111 641 2225 687 erat
2263 631 2412 685 ludat
2437 632 2752 699 patriarcha;
2785 632 2976 700 ﬁlius).
3013 632 3215 686 Phares
3255 647 3350 701 ge-

1825 724 1942 776 nuit
2002 721 2314 786 Esronem;,
2343 720 2513 775 Esron
2553 721 2737 789 genuit
2785 720 3076 787 Aramum;
3118 721 3348 776 Aramus

1825 812 2009 880 genuit
2041 811 2464 873 Aminadabum;
2523 809 2886 862 Aminadabus
2916 812 3098 878 genuit
3149 811 3350 866 Nasso-

1825 917 1980 966 nem;
2038 900 2252 953 Nasson
2293 903 2475 968 genuit
2526 898 2863 961 Salmonem;
2908 899 3123 953 Salmon
3167 901 3351 969 genuit

1824 989 2094 1048 Boozum;
2159 986 2364 1040 Boozus
2428 987 2611 1055 genuit
2677 984 2949 1049 Obedum;
3007 985 3220 1042 Obedus
3259 1003 3351 1056 ge-

1825 1078 1940 1128 nuit
1969 1075 2259 1140 Jesszeum;
2285 1074 2514 1128 Jesszeus
2555 1075 2736 1142 genuit
2784 1072 3032 1126 Davidem
3058 1075 3152 1124 ι’.»
3202 1073 3349 1127 lianc

1824 1169 1986 1233 igitur
2015 1165 2299 1218 Matthazus
2333 1180 2544 1233 quoque
2587 1165 2906 1232 genealogus
2941 1164 3238 1218 scribenda:
3269 1179 3350 1219 ra-

1823 1257 2022 1308 tionem
2061 1263 2294 1308 sectatus
2326 1263 2428 1306 est.

1889 1344 1942 1397 2.
1979 1343 2045 1396 At
2077 1345 2281 1412 primus
2319 1341 2520 1412 Regum
2553 1343 2706 1404 liber,
2735 1343 2824 1414 qui
2859 1341 3046 1395 Rutilae
3075 1342 3350 1398 historiam

1824 1433 2188 1502 subsequitur,
2226 1433 2433 1486 inferne
2463 1433 2722 1495 ascendit,
2755 1440 2810 1485 ut
2854 1433 2908 1486 ﬁt
2953 1433 3090 1500 apud
3131 1431 3348 1484 Lucam.

1824 1523 2026 1592 Quippe
2081 1523 2345 1584 lielcanar,
2391 1522 2481 1589 qui
2513 1529 2664 1589 pater
2713 1521 2812 1574 fuit
2856 1520 3138 1582 Samuelis,
3187 1535 3354 1589 genus

1822 1630 2129 1674 recensens,
2165 1614 2238 1666 ait
2267 1633 2280 1666 :
2311 1631 2328 1662 ι
2362 1613 2462 1665 fuit
2490 1615 2572 1664 vir
2601 1627 2664 1665 ex
2711 1612 3017 1664 Armatbem
3062 1610 3260 1678 Supbir
3288 1610 3355 1664 de

1821 1710 2000 1755 monte
2032 1701 2332 1770 Ephraimi;
2367 1717 2558 1754 nomen
2599 1701 2716 1768 ejus
2762 1701 3016 1759 Helcana,
3065 1700 3202 1752 ﬁlius
3240 1699 3359 1753 Hie-

1825 1791 2073 1852 remielis,
2122 1790 2212 1843 ﬁlii
2265 1789 2412 1853 Elim,
2469 1790 2559 1843 ﬁlii
2609 1789 2765 1852 Thoi,
2821 1789 2911 1842 ﬁlii
2957 1788 3101 1852 Suri,
3147 1789 3353 1858 prra-

1756 1866 1796 1918 Β
1827 1888 1958 1934 tazus
1979 1881 2044 1933 ⁸⁸.
2069 1899 2086 1930 ι
2125 1879 2227 1933 Sed
2256 1887 2308 1932 et
2338 1880 2392 1932 in
2425 1878 2844 1948 Paralipomenis
2872 1879 3030 1932 modo
3058 1894 3086 1931 a
3115 1879 3356 1946 superio-

1824 1969 1974 2021 ribus
2024 1968 2089 2020 ad
2140 1976 2382 2036 posteros
2425 1965 2542 2019 ﬁuit
2591 1981 2806 2030 sermo,
2849 1974 2908 2018 ut
2959 1965 3014 2018 ﬁt
3044 1965 3181 2034 apud
3225 1965 3354 2018 Mat-

1826 2058 2040 2121 tbaeum,
2070 2057 2229 2110 modo
2259 2071 2410 2124 aeque
2444 2071 2506 2109 ac
2537 2055 2675 2124 apud
2705 2055 2902 2109 Lucam
2936 2057 3198 2124 prosapia:
3222 2057 3356 2108 scri-

1829 2143 2051 2198 buntur.
2089 2143 2227 2196 Audi
2260 2159 2386 2213 ergo
2418 2151 2471 2197 et
2505 2144 2616 2196 haec
2648 2162 2661 2198 :
2695 2161 2713 2193 ‹
2750 2142 2984 2208 Davidis,
3021 2143 3194 2210 inquit
3222 2157 3356 2211 prte-

1823 2232 2000 2288 dictus
2023 2234 2174 2297 liber,
2207 2235 2348 2289 ﬁlius
2404 2243 2520 2288 erat
2570 2232 2856 2296 Salomon;
2889 2234 3048 2302 hujus
3076 2235 3215 2287 ﬁlius
3245 2232 3355 2290 Ro-

1822 2323 2074 2389 boamus;
2101 2325 2258 2392 hujus
2284 2325 2422 2379 ﬁlius
2444 2325 2613 2387 Abia;
2647 2326 2805 2393 hujus
2837 2326 2993 2394 ﬁlius:
3020 2324 3156 2391 Osa;
3193 2325 3354 2392 hujus

1822 2415 1962 2470 ﬁlius
1987 2415 2337 2485 Josaphatus;
2362 2417 2521 2482 hujus
2546 2415 2686 2468 ﬁlius
2707 2415 2988 2479 Joramus;
3023 2417 3184 2485 hujus
3209 2417 3350 2471 ﬁlius

1821 2501 2113 2570 Ochozias;
2164 2505 2324 2574 hujus
2373 2505 2514 2559 ﬁlius
2544 2504 2772 2570 Joasus;
2801 2504 2962 2572 hujus
3001 2503 3141 2559 ﬁlius
3186 2505 3350 2558 Ama-

1821 2594 1931 2647 sias
1957 2595 2019 2625 “°
2054 2613 2072 2645 ι
2097 2594 2270 2664 Atque
2309 2596 2383 2648 ita
2419 2610 2485 2648 ex
2521 2595 2707 2649 ordine
2753 2593 3029 2649 descendit
3075 2610 3245 2664 usque
3284 2597 3351 2649 ad

1819 2681 2124 2737 Jecboniam
2153 2692 2313 2752 atque
2337 2683 2402 2737 ad
2431 2683 2807 2754 Babylonicam
2829 2683 3211 2753 captivitatem,
3241 2700 3347 2738 non

1821 2786 1976 2826 secus
2019 2780 2177 2842 atque
2209 2773 2502 2827 Mattheus.
2548 2773 2765 2836 Contra,
2800 2773 2876 2827 uti
2921 2773 3114 2835 Lucas,
3159 2773 3346 2828 eadem

1819 2877 2012 2916 rursus
2057 2865 2298 2918 ascendit
2353 2863 2629 2932 Scriptura
2679 2864 2804 2916 dum
2865 2863 3129 2917 Samuelis
3180 2879 3350 2933 genus

1818 2961 2052 3006 enarrat.
2094 2953 2180 3006 Ait
2226 2953 2408 3007 enim:
2438 2970 2456 3002 ι
2491 2951 2757 3008 Samuelis
2803 2954 2894 3006 ﬁlii
2945 2953 3222 3014 llelcanae,
3258 2953 3350 3006 ﬁlii

1819 3039 2174 3102 Hieroboami,
2207 3041 2297 3092 ﬁlii
2340 3039 2574 3103 Helielis,
2612 3041 2700 3094 ﬁlii
2746 3040 2899 3104 Thoi,
2938 3041 3027 3094 ﬁlii
3067 3041 3210 3104 Suri,
3257 3041 3351 3095 ﬁlii

146 3133 295 3204 Σοὺρ
329 3132 435 3199 (9).
482 3129 600 3182 υἱοῦ
641 3129 887 3191 Ἐλκανᾶ,
929 3128 1042 3180 υἱοῦ
1082 3129 1249 3199 Ἰωὴλ,
1299 3127 1413 3180 υἱοῦ
1456 3129 1716 3198 Ἀζαρίου,

1830 3129 2080 3192 Helcanze,
2107 3131 2195 3184 ﬁlii
2217 3130 2437 3193 Johelis,
2463 3130 2552 3183 ﬁlii
2572 3131 2793 3195 Azariaa,
2827 3132 2916 3184 ﬁlii
2941 3130 3238 3201 Sophortiae,
3259 3131 3354 3186 ﬁlii

148 3221 270 3274 υἱοῦ
336 3219 621 3288 Σοφονίου,
670 3217 786 3269 υίοῦ
836 3217 1006 3286 Θαὰρ,
1039 3217 1153 3268 υἱοῦ
1199 3218 1374 3288 Ἀσεὶρ
1424 3217 1551 3286 (ιο),
1605 3216 1718 3268 υἱοῦ

1830 3219 2038 3281 Thaari,
2079 3219 2169 3272 ﬁlii
2211 3219 2373 3280 Asiri,
2427 3219 2517 3270 ﬁlii
2561 3219 2853 3282 Abiasaris,
2899 3221 2988 3272 ﬁlii
3032 3219 3203 3282 Corae,
3261 3221 3349 3275 ﬁlii

158 3312 465 3381 ’Δῦιάσαρ,
507 3309 623 3361 υἱοῦ
653 3309 816 3380 Κορὲ,
851 3307 964 3360 υἱοῦ
1000 3308 1233 3377 ’1σσαὰρ,
1267 3306 1380 3358 υἱοῦ
1409 3306 1583 3369 Καὰθ,
1605 3305 1720 3358 υἱοῦ

146 3402 308 3466 Δευτ,
359 3399 482 3452 υίοῦ
525 3399 766 3468 Ἰσραήλ·
806 3417 826 3449 ι
862 3399 952 3451 κα)⁸
995 3398 1093 3468 ὅρα
1139 3400 1184 3450 εἰ
1225 3396 1297 3467 μὴ
1347 3397 1594 3468 ἄντικρυς
1633 3399 1722 3450 τὸν

148 3493 348 3562 ὅμοιον
374 3489 590 3550 τούτοις
620 3488 920 3557 μεμίμηται
955 3487 1146 3557 τρόπον
1177 3489 1204 3538 6
1229 3489 1432 3548 Λουκᾶς
1452 3505 1464 3517 ο
1494 3487 1656 3556 μυρία
1679 3487 1721 3538 δ’

147 3576 216 3630 ἂν
264 3575 371 3629 καὶ
421 3574 589 3636 αὐτὸς
620 3573 799 3643 εὕροις
829 3573 1046 3624 τοιαῦτα
1067 3588 1080 3600 ⁸
1111 3573 1200 3641 ἀφ’
1233 3568 1305 3625 ὧν
1336 3575 1570 3625 λείπεται
1600 3577 1722 3642 ὁμο-

146 3669 365 3736 λογεῖν,
400 3665 568 3736 μηδὲν
597 3663 797 3728 ξενίζον
829 3665 1174 3734 πεποιηκέναι
1205 3666 1325 3726 τοὺς
1360 3665 1448 3717 τοῦ
1481 3665 1722 3734 Σωτῆρος

149 3761 182 3828 ἠ
192 3759 319 3828 μῶν
344 3755 767 3824 εὐαγγελιστάς’
794 3755 890 3806 οὐκ
915 3753 1084 3822 ὀρθῶς
1107 3754 1210 3823 γὰρ
1237 3755 1402 3806 οἴεταί
1428 3772 1510 3816 τις
1533 3755 1722 3815 αὐτοὺς

145 3847 454 3916 διαφωνεῖν
473 3861 488 3874 ο
520 3843 776 3912 ἑκάτερος
800 3841 906 3910 γὰρ
929 3842 1108 3911 οἰκείῳ
1134 3842 1370 3912 λογισμῷ
1395 3843 1489 3912 τὴν
1515 3843 1721 3894 ἔνθεσιν

147 3940 462 4009 πεποίηται
509 3937 612 4004 τῆς
649 3937 883 4003 γραφῆς,
916 3933 944 3984 ὁ
979 3933 1074 4001 μὲν
1101 3935 1206 3986 ἀπὸ
1231 3935 1322 3986 τοῦ
1365 3935 1606 4004 Ἀϐραὰμ
1629 3937 1723 4005 ἁρ-

147 4028 392 4098 ξάμενος
427 4027 524 4080 διὰ
548 4026 645 4094 τὴν
675 4023 980 4092 οἰκονομίαν
1018 4023 1109 4075 τοῦ
1139 4027 1264 4093 παρ’
1287 4024 1430 4094 αὐτῷ
1461 4025 1634 4092 λόγου,
1664 4027 1721 4077 ὃν

145 4119 209 4170 οὐ
236 4118 439 4187 καιρὸς
459 4117 560 4169 νῦν
584 4112 931 4183 ἑρμηνεύειν·
953 4113 979 4162 6
998 4111 1052 4164 δὲ
1073 4111 1164 4164 καὶ
1185 4113 1272 4166 τὸν
1302 4113 1541 4183 Ἀϐραὰμ
1561 4115 1722 4184 ὑπερ-

147 4207 255 4271 ϐὰς
292 4207 391 4260 ἐπί
419 4223 482 4258 τε
517 4203 610 4255 τὸν
635 4203 847 4272 πρῶτον
876 4201 1153 4272 ἄνθρωπον
1185 4202 1440 4255 ἀνελθών·
1467 4205 1559 4256 καί
1591 4204 1720 4273 μηδὲ

149 4299 324 4368 μέχρι
356 4295 560 4348 τούτου
596 4293 744 4356 στὰς,
775 4291 866 4343 τδν
894 4291 1065 4345 πάντα
1101 4292 1154 4343 δὲ
1188 4291 1338 4360 λόγον
1364 4293 1454 4344 ἐπὶ
1484 4293 1573 4345 τὸν
1593 4293 1720 4344 Θεὸν

144 4390 500 4459 ἀναρτήσας,
532 4384 619 4437 διὰ
645 4387 740 4454 τῆς
772 4385 829 4434 ἐν
858 4384 1070 4454 Χριστῷ
1096 4385 1498 4452 παλιγγενεσίας
1527 4386 1720 4454 μυστήο

145 4497 270 4551 ριον
293 4477 647 4539 ἀναϐιϐάζει.

926 4583 998 4635 i".

140 4695 287 4761 Πῶς
314 4700 347 4750 ὁ
371 4693 501 4761 μὲν
527 4690 822 4761 Ματθαῖρς
847 4688 1095 4761 ᾀπόᾼτοῦ
1114 4691 1286 4761 Δαὸἓδ
1325 4691 1418 4761 καὶ
1457 4690 1720 4761 Σολομῶ-

217 4756 328 4830 νὸς
363 4756 675 4830 διαδόχωνς
700 4758 812 4830 ,ἐπὶ
856 4756 1050 4830 Ἰακὼᾷ
1091 4759 1184 4830 καὶ
1224 4759 1428 4830 Ἰωσὴφ
1469 4761 1536 4830 τὰ
1575 4756 1716 4830 πξένη

216 4824 473 4900 κατάγει
500 4824 610 4900 id
634 4827 717 4900 δέ
751 4824 984 4900 ᾼουαιιξς
1022 4827 1134 4900 ἀπὸ
1181 4827 1353 4900 Δαϐὶδ
1390 4824 1486 4900 καὶ
1522 4824 1720 4880 Νάθαν

217 4893 467 4954 παίδὼν
503 4897 617 4964 ἷέπὶ
658 4895 778 4948 Ἠλὶ
817 4894 911 4945 καὶ
941 4893 1166 4961 Ἰωσὴφ,
1207 4896 1482 4960 ἐναντίως
1524 4913 1720 4964 γενεα-

215 4970 433 5038 λογῶν
465 4966 548 5030 τῷ
577 4964 868 5028 Ματθαίῳ.

217 5066 296 5113 α’.
337 5058 421 5112 Τὸ
455 5054 640 5125 τρίτον
676 5053 783 5104 τῶν
809 5051 1175 5120 προταθέντων
1216 5051 1400 5119 καιρὸς
1430 5054 1708 5122 ἐπισκέψα-

141 5151 279 5204 σθαι
298 5167 310 5180 ο
339 5146 543 5206 ἀτενὲς
563 5141 655 5196 οὖν
679 5145 796 5204 ταῖς
814 5142 1017 5205 λέξεσιν
1044 5143 1228 5203 αὑταῖς
1248 5143 1604 5212 ἐπερείσωμεν
1624 5146 1720 5213 τὴν

1821 3308 2036 3368 Issaari,
2089 3307 2175 3360 ﬁlii
2215 3307 2422 3365 Caathi,
2473 3306 2563 3358 ﬁlii
2607 3305 2812 3368 Levini,
2864 3307 2953 3360 ﬁlii
2995 3307 3205 3362 lsraelis
3233 3309 3295 3361 ³⁸.
3325 3326 3349 3359 ι

1821 3396 1986 3449 Porro
2012 3397 2159 3451 vides
2189 3409 2245 3450 ut
2274 3399 2426 3464 plane
2455 3396 2596 3449 hunc
2639 3411 2837 3450 morem
2881 3395 3052 3451 Lucas
3093 3397 3348 3452 imitetur.

1823 3484 2080 3538 Sexcenta
2109 3486 2368 3553 ejusmodi
2394 3488 2632 3554 exempla
2657 3487 2878 3556 ipsemet
2905 3487 3143 3540 invenies
3169 3505 3180 3538 :
3206 3487 3348 3540 unde

1821 3578 2058 3642 sequitur
2083 3583 2140 3626 ut
2187 3574 2466 3638 fateamur,
2506 3557 2640 3628 nihil
2681 3575 2953 3630 insolitum
2986 3574 3176 3628 iecisse
3219 3574 3345 3630 Ser-

1817 3665 2021 3717 vatoris
2042 3665 2208 3718 nostri
2235 3667 2590 3736 evangelistas
2612 3685 2626 3719 :
2651 3682 2822 3736 neque
2844 3666 3035 3718 merito
3064 3665 3346 3733 quisquam

1818 3753 2025 3823 putabit
2052 3769 2144 3808 eos
2177 3755 2401 3809 invicem
2449 3755 2730 3810 dissidere.
2764 3755 3000 3824 Uterque
3044 3755 3186 3808 enim
3223 3769 3350 3823 pro-

1819 3843 1936 3911 prio
1964 3844 2169 3897 calculo
2192 3844 2602 3911 descriptionem
2626 3845 2858 3899 instituit
2885 3864 2898 3898 :
2929 3844 3062 3897 alter
3083 3844 3148 3896 ab
3175 3843 3351 3898 Abra-

1821 3931 1978 3984 hamo
2006 3931 2214 3985 initium
2249 3933 2489 4001 capiens,
2513 3934 2582 3988 ob
2609 3936 2690 3988 sui
2735 3934 2999 3989 sermonis
3026 3934 3356 4003 peculiarem

1818 4021 2097 4083 rationem,
2131 4037 2289 4090 quam
2322 4023 2376 4076 in
2421 4023 2672 4092 pra-senti
2704 4039 2808 4077 non
2842 4033 2993 4078 vacat
3041 4039 3345 4093 exponere:

1819 4111 1952 4162 alter
1975 4111 2146 4179 ipsum
2171 4111 2529 4164 Abrahamum
2562 4121 2993 4183 prmtcrgressus,
3024 4113 3090 4166 ad
3119 4113 3348 4181 primum

1820 4217 1986 4269 usque
2037 4202 2302 4255 hominem
2351 4203 2737 4273 venitznequc
2774 4204 2826 4256 in
2877 4204 2976 4255 hoc
3030 4203 3199 4266 sistit,
3255 4204 3348 4257 sed

1822 4305 1973 4344 suam
2007 4306 2216 4345 omnem
2244 4291 2522 4346 historiam
2551 4308 2672 4347 cum
2718 4293 2825 4348 Deo
2867 4294 3052 4356 nectit,
3077 4294 3202 4346 dum
3232 4309 3348 4346 eam

1818 4368 2065 4432 videlicet
2105 4394 2199 4448 per
2232 4382 2652 4448 regenerationis
2685 4382 2739 4435 in
2777 4382 2992 4436 Christo
3038 4381 3348 4452 mysterium

1746 4467 1790 4522 Ι)
1819 4468 1873 4522 in
1907 4469 2136 4524 sublime
2163 4469 2356 4526 evehit.

2539 4582 2625 4636 111.

1820 4692 2085 4758 Quomodo
2125 4692 2403 4763 you/uvas
2434 4695 2640 4763 quidem
2677 4712 2708 4746 a
2752 4693 2950 4763 Davide
2991 4694 3201 4761 ejusque
3229 4711 3347 4746 suc-

1886 4776 2084 4812 cessore
2114 4759 2388 4815 Salomone
2419 4759 2485 4814 ad
2512 4763 2763 4815 Jacobum
2784 4772 2830 4814 et
2858 4759 3136 4827 Josephuni
3163 4778 3347 4828 prosa-

1885 4830 1996 4896 pias
2039 4828 2258 4881 deducat
2286 4845 2302 4881 :
2333 4831 2500 4882 Lucas
2533 4841 2701 4883 autem
2743 4846 2775 4881 a
2809 4830 2999 4898 Davide
3037 4840 3186 4898 atque
3234 4830 3345 4883 Na-

1889 4897 2038 4949 thane
2065 4906 2215 4965 atque
2239 4915 2270 4948 a
2294 4899 2466 4952 iibcris
2487 4898 2637 4965 hujus
2673 4899 2738 4949 ad
2774 4897 2942 4949 llelim
2970 4907 3015 4948 et
3045 4896 3344 4964 lasephum,

1885 4967 2143 5018 contraria
2190 4965 2437 5018 Matt/two
2473 4968 2672 5018 ratione
2717 4966 3064 5033 genealogiam
3095 4965 3343 5021 scribens.

1890 5056 1936 5107 l.
1981 5054 2159 5110 Tertia
2193 5056 2302 5123 jam
2342 5057 2566 5124 quzestio
2615 5055 3004 5108 consideranda
3049 5064 3150 5109 est.
3180 5053 3348 5110 Porro

1818 5145 1950 5212 ipsis
1992 5145 2172 5198 verbis
2217 5153 2372 5199 acute
2417 5153 2648 5198 mentem
2699 5155 2936 5198 nostram
2983 5146 3342 5200 intendamus.

139 5239 364 5292 ἑαυτῶν
387 5233 663 5288 διάνοιανο
698 5229 892 5298 ἴδωμεν
917 5227 972 5279 δὲ
998 5228 1048 5279 τί
1077 5245 1236 5298 φησιν
1256 5231 1284 5281 6
1303 5231 1509 5294 Λουκᾶς
1527 5248 1540 5261 ο
1575 5251 1592 5282 ι
1615 5234 1719 5286 Καὶ

1830 5233 2005 5302 Agesis
2035 5231 2314 5288 videamus
2341 5234 2468 5304 quid
2501 5232 2671 5290 Lucas
2695 5233 2860 5288 dicat.
2901 5253 2920 5284 ‹
2952 5233 3018 5286 Et
3050 5235 3162 5303 ipse
3188 5231 3346 5290 Iesus

144 5391 192 5420 ιι
237 5388 416 5442 Ruth,
452 5400 530 5445 ιν,
564 5379 754 5435 18-22.
830 5378 873 5410 ³³
910 5377 928 5430 l
959 5377 1090 5449 Reg.
1124 5395 1176 5439 ι,
1211 5380 1262 5432 l.
1337 5381 1380 5412 "
1416 5379 1436 5432 Ι
1466 5381 1587 5438 Par.
1619 5398 1711 5449 In,

1830 5430 1831 5435 η
1907 5385 1954 5416 ⁸⁵
1984 5383 2004 5437 I
2034 5383 2158 5441 Par.
2188 5401 2278 5451 γι,
2313 5387 2403 5443 54.

218 5540 307 5605 (6)
350 5535 494 5588 Cod.
530 5532 599 5589 Α.
631 5529 816 5584 τοῦτον
843 5529 908 5598 δὴ
936 5525 1026 5584 οὗν
1058 5531 1146 5585 τὸν
1167 5531 1364 5602 τρόπον
1395 5531 1485 5584 καὶ
1510 5533 1535 5584 ὁ
1565 5534 1714 5586 Ματ·

145 5611 308 5670 θαίος
338 5605 626 5676 ἐποίησεν.
694 5665 726 5676 ,Α
1053 5668 1063 5676 ,

217 5665 308 5738 ι’·Ιῷ
353 5665 501 5738 Tam
531 5669 587 5720 iu
622 5665 853 5734 epitomc
871 5680 1026 5732 quam
1053 5668 1107 5721 in
1137 5667 1254 5722 cod.
1290 5667 1350 5732 A,
1380 5670 1434 5721 ἐν
1462 5671 1575 5730 ταῖς
1606 5669 1713 5723 Πα-

147 5737 617 5817 ραὲειπομέναιςο

125 6031 154 6048 ο

1889 5535 1964 5608 (8)
2170 5537 2230 5608 Α,
2274 5536 2562 5608 Ἰερρμιήλ,
2598 5547 2647 5594 et
2679 5553 2800 5594 mox
2846 5537 3036 5596 Ἑλίου.

1891 5605 1966 5664 (9)
2008 5605 2144 5671 Epit.
2170 5605 2356 5674 Σουφέζ

1891 5675 1996 5742 (ιο)
2035 5675 2162 5730 (20d.
2199 5674 2262 5738 A,
2315 5676 2494 5746 Ἀσήρ.
