3782 6390
455 441 558 498 895

1182 439 1446 494 EUSEBII
1486 435 1954 494 CAESARIENSIS
1991 435 2136 490 OPP.
2172 431 2348 488 PARS
2380 433 2466 488 Ili.
2502 463 2586 472 -ι
2612 421 3060 485 EXEGETICA.
3109 416 3114 424 ’

3658 406 3754 462 89ε

452 563 567 609 erat
597 552 854 622 incipiens
901 553 1057 622 quasi
1085 569 1350 608 annorum
1401 555 1644 623 triginta,
1673 566 1734 606 ιιι
1762 553 1988 622 putaba-

2177 549 2246 612 τὸς
2290 550 2318 600 ὁ
2357 547 2558 618 Ἰησοῦς
2585 540 2656 616 ἦν
2680 543 3011 616 ἀρχόμενος
3043 533 3191 586 ὡσεὶ

453 653 560 704 tur,
593 643 731 696 iilius
756 640 992 713 Josephi,
1026 644 1119 696 iilii
1149 643 1288 707 Heli,
1315 645 1408 698 ﬁlii
1437 645 1648 698 Melchi.
1679 663 1696 694 ι
1727 643 1876 696 liaud
1910 652 1988 695 ta-

2093 638 2166 690 ὣν
2189 638 2317 700 υίὸς,
2347 611 2741 704 ὡς’ὲνομίζξετο,
2759 611 2876 683 -τοῦ
2895 624 3142 692 Ἰωσὴφ,
3168 617 3275 670 τοῦ
3295 614 3458 677 Ἠλὶ,
3487 611 3593 664 τοῦ
3619 611 3752 704 Ms).-

453 747 574 786 men
604 711 888 786 Μειιιιιωυε
905 749 1034 787 usus
1062 743 1144 788 est
1163 750 1293 788 voce
1328 753 1347 785 (
1371 743 1434 796 ut
1454 735 1762 803 putabatur.
1801 753 1817 784 ι
1849 732 1988 798 Quid

2177 749 2194 779 ι
2215 727 2346 780 Ἀλλ’
2358 728 2454 795 οὐχ
2494 702 2614 792 ὅ-γε
2640 721 2936 780 Ματθαῖος
2963 709 3404 803 ἐχρήσατολτῇᾲ,
3425 722 3446 753 ι
3465 704 3558 803 ιῦς
3585 702 3754 803 ὲνομῇ

456 838 614 892 porro
659 822 770 875 ait?
817 841 833 872 ι
860 823 1162 878 Matthanus
1208 826 1393 893 genuit
1432 791 1727 889 Iacobum;
1757 823 1990 878 Jacobus

2179 837 2206 871 ο
2232 838 2250 869 ι
2277 791 2454 887 φολνῇῖ
2481 791 2617 869 ἀλλὰ
2634 813 2688 866 τί
2719 827 2894 880 canat;
2930 825 2950 858 ι
2985 801 3237 893 Ματθὰν
3273 797 3338 850 δὲ

455 918 633 967 autem
667 912 851 981 genuit
877 911 1192 982 Josephum.
1225 933 1244 965 ι
1291 915 1452 966 Aliud
1496 929 1622 968 vero
1667 921 1749 967 est
1777 919 1986 981 putare,

453 1000 598 1052 aliud
631 1015 729 1052 ceu
759 1014 846 1053 res
875 1000 947 1052 ita
977 1015 1036 1052 se
1063 999 1254 1052 habeat
1281 999 1562 1052 aliirmarc.
1597 997 1652 1050 Si
1675 997 1838 1066 igitur
1859 996 1993 1050 Mat-

455 1090 594 1144 thaeo
644 1087 937 1142 aliirmanle
975 1087 1266 1161 Josephum
1318 1087 1486 1140 ﬁlium
1528 1102 1650 1142 esse
1699 1085 1887 1140 Jacobi
1939 1093 1994 1140 et

457 1178 739 1240 Matthani,
774 1177 946 1233 Lucas
989 1179 1234 1232 similiter
1279 1177 1624 1232 contenderet
1654 1177 1821 1230 tilium
1873 1190 1993 1230 esse

455 1266 571 1320 Heli
623 1283 685 1319 ac
723 1265 934 1329 Melchi,
979 1281 1104 1320 vere
1147 1281 1320 1336 pugna
1359 1266 1600 1335 quatdam
1650 1273 1792 1320 esset
1834 1274 1994 1334 atque

455 1353 758 1417 conﬂictus,
783 1363 942 1423 atque
984 1371 1120 1424 Opus
1155 1366 1298 1410 esset
1336 1357 1560 1411 arbitrio
1597 1358 1688 1424 qui
1719 1355 1994 1422 evangeli-

457 1454 570 1500 stas
610 1453 976 1514 componeret.
1015 1444 1170 1498 Nune
1215 1453 1390 1500 autem
1424 1461 1544 1500 cum
1583 1446 1865 1500 Matthqu
1907 1445 1996 1498 lir-

455 1535 614 1588 miter
667 1541 957 1598 asseveret,
999 1533 1176 1588 Lucas
1218 1549 1346 1589 vero
1392 1536 1532 1588 haud
1581 1535 1634 1588 id
1681 1535 1994 1602 contendat,

457 1624 550 1680 sed
590 1625 895 1694 Opinionem
937 1627 1310 1680 tantummodo
1347 1627 1582 1696 proferat
1617 1625 1757 1695 apud
1801 1625 1999 1678 multos

457 1720 817 1784 pervagatam,
867 1729 976 1766 non
1024 1729 1143 1782 quae
1174 1714 1316 1782 apud
1366 1731 1426 1780 se
1456 1715 1680 1784 vigeret,
1715 1713 1886 1778 nulla,
1941 1719 2000 1766 ut

379 1855 388 1867 ,
455 1804 668 1873 Opinor,
699 1804 925 1872 quaestio
957 1809 1222 1872 superest.

2101 881 2520 966 Ἶακὼέριαέιὼὸ
2551 903 2610 955 δὲ
2636 901 2908 969 ἐγέννησε
2941 895 3047 948 τὸν
3063 891 3292 960 Ἰωσήφ
3313 904 3367 938 ἰι
3407 883 3554 938 ἄλλο
3587 882 3650 934 δὲ
3677 881 3754 949 δήι

2091 1013 2191 1048 που
2221 995 2334 1048 ἐστὶ
2358 995 2416 1048 τὸ
2446 994 2712 1063 νομίζειν,
2747 989 2847 1042 καὶ
2883 984 3024 1040 ἄλλο
3053 983 3123 1036 τὸ
3157 979 3362 1040 οὕτως
3396 975 3560 1044 ἔχειν
3586 971 3754 1026 διαεει

2093 1085 2368 1140 δεξιοῦσθαι
2387 1103 2398 1115 ·
2424 1087 2472 1137 εί
2501 1085 2599 1154 μὲν
2626 1083 2690 1152 δὴ
2719 1078 2816 1132 τοῦ
2841 1073 3156 1130 Ματθαίου
3181 1063 3754 1133 διαϐεϐαιωσαμένοι

2091 1177 2182 1228 τὸν
2213 1176 2408 1246 Ἰωσὴφ
2436 1174 2549 1226 υἱὸν
2575 1167 2718 1224 εἶναι
2742 1166 2950 1222 Ἰακὼό
2981 1164 3089 1217 καὶ
3119 1159 3228 1214 τοῦ
3263 1155 3554 1218 Ματθὰν,
3587 1156 3618 1208 ὁ
3642 1154 3754 1208 Λοιδ-

2092 1269 2192 1328 aa;
2239 1245 2434 1336 ὁμοίως
2478 1261 2865 1334 διισχυρίσατο
2908 1258 3012 1310 τὸν
3052 1253 3282 1322 Ἰωσὴφ
3314 1247 3636 1336 γεγοῌνὲναι
3665 1245 3754 1298 ait.

2093 1355 2185 1410 τοῦ
2222 1333 2340 1407 Ἠλὶ
2375 1354 2468 1406 καὶ
2491 1333 2818 1420 τοῦνΜελχὶ,
2849 1343 3091 1418 ἀληθῶς
3129 1342 3302 1412 μάχη
3333 1355 3430 1402 τις
3453 1333 3531 1408 ἦν
3565 1336 3754 1391 καὶ

2095 1447 2278 1516 λεμος,
2314 1445 2405 1498 καὶ
2451 1439 2518 1514 ἦν
2563 1441 2674 1494 τῶν
2725 1438 3154 1508 διαιτησὸντων
3193 1435 3411 1494 αὐτοῖς
3447 1429 3652 1500 χρεία·
3681 1429 3754 1481 νῦν

2095 1537 2150 1590 δὲ
2172 1539 2278 1598 ὅτε,
2305 1535 2398 1588 τοῦ
2427 1532 2712 1587 Ματθαίου
2735 1525 3370 1596 ὃιαϐεὒαιωσαμένου,
3401 1525 3436 1575 ὁ
3471 1523 3694 1584 Λουκᾶς
3710 1521 3754 1574 c3

2097 1627 2428 1691 διατείνεται,
2453 1625 2610 1690 δόξαν
2633 1623 2691 1676 δὲ
2719 1621 2880 1694 παρὰ
2910 1623 3038 1682 τοῖς
3072 1617 3324 1680 πολλοῖς
3355 1611 3754 1683 νενομισμένην

2097 1717 2324 1787 τίθησιν,
2353 1717 2412 1768 οὐ
2451 1715 2550 1784 τὴν
2599 1713 2734 1784 παρ’
2767 1709 2927 1780 αὐτῷ
2963 1707 3347 1778 κρατοῦσαν,
3388 1701 3561 1776 οἶμαι
3615 1701 3754 1774 μηδε-

2104 1806 2230 1876 μίαν
2259 1804 2640 1858 ὑπολείπεσθαι
2670 1802 2932 1874 ζήτησιν,
3187 1803 3190 1805 “

526 1895 580 1946 2.
619 1893 752 1946 Nam
805 1907 929 1948 cum
969 1894 1130 1948 variae
1174 1893 1242 1948 de
1283 1893 1502 1948 Christo
1543 1893 1696 1947 fama;
1735 1893 1875 1959 inter
1905 1889 2000 1943 Ju-

2177 1899 2238 1969 β⁸.
2278 1895 2555 1966 Διαφόρων
2579 1894 2691 1965 γὰρ
2719 1891 2882 1962 παρὰ
2911 1889 3231 1952 Ἰουδαίοις
3264 1886 3621 1958 ὑπολήψεων
3648 1885 3754 1956 περὶ

459 1983 606 2038 daeos
633 1993 984 2038 versarentur
1004 2023 1020 2048 ,
1047 1991 1102 2038 et
1138 1984 1321 2038 cuncti
1355 1983 1572 2052 quidem
1602 1981 1944 2036 concorditer
1971 1997 2000 2034 a

459 2073 661 2127 Davide
699 2089 822 2128 eum
866 2081 1186 2142 repeterent,
1218 2081 1440 2144 propter
1486 2071 1580 2127 Dei
1610 2071 2000 2141 promissiones

459 2164 647 2218 Davidi
675 2163 1044 2234 signiﬁcatas;
1079 2165 1293 2218 interim
1325 2172 1502 2218 tamen
1530 2163 1623 2215 alii
1659 2176 1690 2214 a
1721 2161 1920 2214 Davide
1949 2169 2002 2215 et

469 2255 754 2311 Salom’one
803 2253 1060 2324 regioque
1098 2260 1378 2308 stemmate
1435 2261 1682 2322 putarent
1729 2251 2002 2306 Christum

467 2345 692 2410 adfore;
735 2344 827 2398 alii
865 2345 932 2398 ab
983 2345 1085 2406 hac
1121 2345 1384 2398 sententia
1411 2343 1743 2406 recederent,
1789 2349 2004 2409 propter

465 2438 662 2492 multas
707 2437 923 2506 regibus
974 2437 1182 2490 inustas
1231 2433 1660 2495 criminationes,
1705 2441 1759 2486 et
1790 2440 2003 2498 propter

417 2555 421 2564 ·
467 2528 825 2596 proscriptum
907 2527 976 2582 ab
1055 2525 1290 2580 Jeremia
1336 2524 1598 2594 propheta
1655 2520 1998 2580 Jeehoniam,

461 2633 585 2670 eum
630 2617 707 2670 ait
753 2631 860 2669 non
908 2622 1280 2670 surrecturum
1329 2627 1393 2664 ex
1442 2611 1562 2678 ejus
1609 2608 1778 2676 stirpe
1809 2605 1900 2674 qui
1947 2605 2000 2658 in

465 2706 684 2761 Davidis
713 2706 907 2758 throno
942 2703 1172 2764 sederet,
1203 2715 1433 2768 cumque
1451 2701 1520 2753 oh
1550 2699 1602 2752 id
1639 2698 1742 2750 alia
1773 2697 1856 2750 via
1881 2712 2004 2764 per-

467 2804 654 2866 gerent
683 2815 695 2849 ε
723 2803 776 2849 et
801 2809 924 2848 eum
959 2793 1012 2846 in
1050 2791 1264 2843 Davidis
1313 2787 1625 2842 affirmando
1654 2802 1846 2854 genere
1873 2802 2004 2838 eon-

469 2886 762 2954 spirarent,
792 2899 898 2936 non
934 2889 1111 2934 tamen
1152 2894 1246 2947 per
1273 2877 1633 2938 Salomonem,
1659 2876 1750 2931 sed
1782 2891 1874 2944 per
1901 2874 2004 2928 Na-

467 2975 691 3026 thanum
719 2972 934 3024 Davidis
968 2971 1094 3022 item
1121 2970 1308 3030 lilium,
1339 2966 1662 3020 deducerent
1699 2965 1812 3034 (qui
1865 2967 2001 3019 idem

465 3063 749 3119 Nathanus
803 3060 1062 3130 propheta
1112 3057 1280 3111 fuisse
1333 3057 1551 3118 dicitur,
1606 3055 1900 3110 secundum
1941 3069 2004 3106 ea

469 3167 589 3224 qua:
617 3152 860 3206 feruntur
886 3151 940 3202 in
969 3149 1170 3207 Regum
1206 3145 1411 3211 libris);
1443 3153 1602 3214 atque
1618 3145 1684 3197 ab
1713 3145 1874 3212 hujus
1908 3157 2005 3211 po-

472 3245 636 3300 steris
679 3249 967 3298 venturum
1019 3239 1292 3294 Christum
1339 3245 1668 3302 assererem;
1723 3236 2004 3304 ipsumque

470 3334 689 3404 Josephi
734 3347 902 3403 genus
936 3331 1060 3385 inde
1097 3345 1271 3401 usque
1316 3335 1646 3397 repeterent;
1699 3325 2006 3380 necessario

471 3425 650 3480 Lucas
679 3423 772 3493 qui
801 3423 1013 3476 illorum
1043 3421 1347 3490 opinionem
1373 3417 1560 3480 refert,
1587 3431 1690 3470 non
1715 3431 1887 3478 suam,
1913 3414 2008 3467 ad-

467 3515 601 3582 jecit
625 3511 922 3567 narrationi
962 3529 981 3560 ‹
1011 3520 1066 3563 ιιι
1095 3509 1418 3579 putabatur;
1455 3527 1473 3557 ›
1503 3507 1750 3560 Matthzeo
1789 3506 2010 3574 permit-

471 3611 596 3677 tens
631 3617 855 3656 narrare
901 3616 1008 3656 non
1057 3608 1114 3654 ut
1143 3599 1448 3668 putabatur,
1480 3597 1573 3651 sed
1601 3597 1679 3650 uti
1711 3611 1898 3650 revera
1951 3611 2010 3649 se

475 3693 705 3748 habebat
748 3693 900 3762 origo
939 3690 1171 3761 generis.
1201 3687 1375 3758 Atque
1417 3689 1532 3741 lich
1564 3687 1736 3754 prima
1775 3695 1895 3740 esto
1925 3700 2010 3739 re-

476 3785 714 3852 sponsio.

542 3876 596 3929 5.
637 3876 754 3929 Alia
783 3891 998 3945 quoque
1045 3875 1309 3945 profunda
1351 3881 1408 3929 et
1452 3887 1647 3926 arcana
1693 3885 1814 3924 esse
1837 3874 2012 3937 potest

479 3963 600 4032 ejus
622 3965 952 4018 narrationis
979 3966 1138 4018 ratio.
1167 3965 1374 4018 Etenim
1412 3962 1693 4015 Matthzeus
1722 3960 2010 4010 humanam

476 4054 680 4119 Christi
703 4053 1036 4107 nativitatem
1067 4055 1266 4111 diserte
1289 4053 1622 4113 describens,
1654 4063 1884 4116 vereque
1917 4061 2011 4099 vo-

479 4142 598 4198 lens
632 4141 919 4211 Iosephum
957 4140 1157 4196 Davide
1186 4125 1476 4196 oriundum
1520 4145 1913 4202 demonstrare,
1946 4155 2012 4192 eo

487 4247 598 4300 quo
624 4245 722 4300 par
753 4241 869 4286 erat
906 4233 1170 4285 sermonis
1201 4235 1447 4301 ingressu
1476 4232 1676 4296 utitur;
1718 4229 1890 4284 Lucas
1918 4244 2014 4282 au-

479 4328 609 4384 tem,
643 4327 702 4374 ut
744 4320 957 4389 opinor,
989 4320 1114 4389 quia
1144 4321 1306 4376 nollet
1339 4333 1592 4374 carneam
1637 4317 1838 4370 Christi
1875 4317 2016 4370 nati-

479 4411 697 4463 vitatem
729 4409 1056 4471 describere.
1087 4409 1160 4462 ita
1187 4425 1333 4464 nunc
1357 4425 1414 4464 se
1441 4409 1629 4478 gessit.
1661 4406 1792 4460 Nam
1825 4406 1871 4459 si
1915 4407 2014 4459 hoc

478 4498 528 4552 ei
568 4496 904 4568 propositum
956 4498 1166 4562 fuisset,
1213 4515 1323 4553 non
1356 4499 1658 4570 ignorabat,
1709 4512 1846 4566 opus
1895 4511 2015 4550 esse

479 4578 742 4658 originem
805 4588 1072 4658 ejusmodi
1125 4607 1412 4661 exponere.
1479 4587 1584 4642 Sed
1645 4587 1895 4656 quoniam
1949 4601 2013 4640 eo

477 4673 751 4745 Evangelii
779 4677 897 4730 loco
927 4679 1347 4748 regenerationis
1371 4693 1464 4746 per
1487 4678 1755 4728 lavacrum
1788 4677 2016 4728 ruentiu-

479 4779 604 4820 nem
645 4765 792 4830 facit,
828 4766 1119 4836 Jesumque
1169 4776 1227 4821 ut
1271 4765 1360 4820 Dei
1398 4765 1590 4818 Filium
1636 4764 1888 4828 exhibet;
1934 4764 2015 4816 id-

481 4855 630 4909 circo
659 4856 762 4912 hoc
783 4857 945 4910 veluti
969 4856 1212 4924 exemplo
1232 4857 1604 4910 demonstrare
1625 4853 1815 4906 nititur
1836 4867 2018 4920 quem-

483 4944 611 4998 libet
639 4945 908 4999 hominem
930 4946 982 4999 in
1015 4945 1124 5000 Deo
1140 4952 1533 5015 regeneratum,
1562 4943 1770 5000 etiamsi
1809 4956 1933 4995 vere
1956 4941 2018 4993 ii-

411 5105 422 5114 .
484 5033 591 5086 lius
639 5035 912 5090 hominum
964 5038 1224 5092 habeatur
1266 5039 1337 5092 ob
1385 5051 1598 5092 carnem
1643 5049 1749 5104 qua
1799 5032 2018 5086 indutus

489 5129 592 5182 est,
627 5137 731 5174 non
763 5134 936 5178 tamen
967 5141 1088 5180 cum
1128 5143 1225 5182 sua
1260 5136 1452 5182 natura
1481 5129 1534 5182 in
1573 5124 1784 5180 carneis
1813 5123 2020 5193 genito-

491 5207 642 5262 ribus
673 5209 882 5274 sistere,
913 5230 1085 5284 ncque
1121 5234 1225 5270 non
1257 5220 1396 5272 ultra
1441 5217 1684 5288 corporis
1712 5221 2020 5286 procreato-

491 5309 582 5349 res
616 5310 899 5354 excurrere
925 5321 936 5354 :
961 5321 1146 5358 verum
1193 5309 1402 5366 etiamsi
1453 5311 1594 5367 ﬁlius
1633 5307 1907 5361 hominum
1940 5304 2021 5360 vi-

494 5387 684 5439 deatur
705 5389 774 5440 ob
797 5394 1038 5458 corporis
1061 5401 1476 5470 generationem,
1507 5397 1857 5456 nihilominus
1880 5394 2020 5448 haud

495 5473 729 5529 alienum
775 5491 804 5528 a
836 5476 926 5532 Dei
969 5484 1252 5556 adoptione
1302 5496 1526 5550 censeri.
1581 5486 2019 5556 Quandoquidem

496 5576 627 5632 ergo
655 5561 826 5619 Lucas
853 5568 991 5626 haud
1021 5583 1313 5641 Secundum
1343 5583 1574 5641 Μοιιιιεεὶ
1597 5587 1826 5636 mentem
1850 5579 2020 5630 histo-

2102 1988 2194 2042 τοῦ
2215 1984 2447 2058 Χριστοῦ
2474 1983 2931 2053 κεκρατημένων,
2959 1981 3068 2034 καὶ
3110 1981 3366 2034 πάντων
3411 1979 3520 2049 μὲν
3556 1974 3754 2046 sumpti»

2101 2097 2207 2142 νως
2235 2077 2326 2130 ἐπὶ
2353 2076 2444 2129 τὸν
2464 2073 2626 2126 Δαὸὶδ
2654 2074 3009 2140 ἀναγόντων,
3036 2071 3142 2125 διὰ
3171 2069 3288 2134 τὰς
3314 2069 3470 2140 πρὸς
3497 2068 3593 2120 τὸν
3616 2066 3754 2120 dum

2100 2169 2192 2220 τοῦ
2217 2166 2350 2219 Θεοῦ
2381 2163 2728 2232 ἐπαγγελίας,
2767 2163 2872 2234 ἤδη
2904 2163 2967 2215 δὲ
3001 2161 3132 2215 τῶν
3179 2162 3292 2232 μὲν
3331 2161 3452 2213 ἀπὸ
3486 2159 3654 2218 Δαῦὶδ
3679 2159 3753 2211 καὶ

2101 2257 2410 2328 Σολομῶνος
2438 2255 2528 2308 καὶ
2557 2253 2650 2306 τοῦ
2680 2251 2976 2322 βασιλικοῦ
3011 2253 3242 2320 γένους
3278 2251 3640 2320 πειθομένων
3659 2249 3754 2300 ἔρξε⁶

2103 2351 2224 2402 σθαι
2255 2348 2346 2400 τὸν
2376 2343 2631 2416 Χριστὸν,
2661 2343 2771 2395 τῶν
2795 2342 2853 2394 δὲ
2892 2341 3132 2412 ταύτην
3171 2342 3284 2413 μὲν
3315 2342 3644 2410 φευγόντων
3670 2340 3747 2409 τὴν

2101 2438 2276 2503 δόξαν,
2298 2435 2386 2490 διὰ
2417 2437 2476 2488 τὸ
2507 2435 2764 2504 πλείστην
2803 2434 3187 2504 ὲμφέρεσθαι
3222 2433 3346 2486 τῶν
3381 2431 3750 2504 βεϐασιλευκό-

2099 2547 2206 2582 των
2232 2528 2584 2598 κατηγορίαν,
2614 2526 2704 2579 διά
2743 2543 2804 2578 τε
2835 2525 2901 2578 τὸ
2939 2526 3338 2596 ὲκκὴρυκτον
3372 2525 3490 2578 ὑπὸ
3515 2525 3610 2577 τοῦ
3637 2541 3746 2593 προι

2103 2620 2272 2687 φήτον
2309 2617 2575 2688 Ἱερεμίου
2613 2615 2899 2684 γεγονέναι
2943 2617 3049 2669 τὸν
3103 2617 3424 2687 Ἰεχονίαν,
3458 2615 3558 2668 καὶ
3599 2614 3678 2666 διὰ
3703 2613 3748 2663 τὸ

2102 2707 2349 2776 εἰρῆσθαι
2375 2707 2446 2778 μὴ
2463 2705 2864 2775 ἀναστήσεσθαι
2885 2704 2952 2769 ἐξ
2970 2707 3166 2759 αὑτοῦ
3189 2708 3441 2777 σπέρμα
3465 2705 3744 2774 καθήμενον

2103 2799 2193 2848 ἐπὶ
2239 2796 2430 2867 θρόνου
2455 2795 2639 2855 Δαϐὶδ,
2674 2795 2762 2852 διὰ
2799 2795 2857 2848 δὲ
2885 2793 2990 2848 οὖν
3041 2795 3268 2858 ταῦτα,
3303 2797 3516 2867 ὲτέραν
3559 2794 3743 2847 ὁδευόν-

2101 2905 2228 2950 των,
2253 2887 2348 2940 καὶ
2373 2888 2480 2940 ἀπὸ
2510 2888 2608 2956 μὲν
2637 2885 2801 2938 Δαϐὶδ
2825 2886 3310 2956 ὁμολογούντων,
3344 2887 3411 2940 οὐ
3440 2887 3550 2957 μὴν
3572 2883 3652 2937 διὰ
3674 2884 3743 2936 Σο-

2101 2977 2360 3046 λομῶνος,
2381 2976 2518 3030 ἀλλὰ
2541 2975 2628 3028 διὰ
2651 2974 2862 3037 Νάθαν,
2882 2975 2947 3039 ὃς
2972 2971 3052 3046 ἦν
3080 2977 3190 3028 τοῦ
3229 2977 3419 3030 Δαὸὶό
3477 2978 3605 3038 παῖς
3643 2973 3743 3042 (φα-

2107 3069 2160 3120 σὶ
2191 3068 2247 3120 δὲ
2277 3069 2368 3120 τὸν
2399 3067 2587 3120 Νάθαν
2619 3069 2713 3120 καὶ
2760 3067 3177 3136 προφητεῦσαι
3229 3070 3392 3130 κατὰ
3441 3069 3513 3121 τὰ
3555 3069 3611 3120 ἐν
3645 3067 3740 3120 ταῖς

2033 3193 2072 3248 c
2104 3158 2409 3222 Βασιλείαις
2443 3159 2718 3228 φερόμενα
2747 3156 2916 3228 [11]),
2957 3159 3082 3210 ἀπὸ
3120 3176 3189 3210 τε
3223 3160 3330 3212 τοῦ
3365 3159 3562 3214 Νάθαν
3592 3157 3736 3211 διαδό-

2105 3266 2213 3319 χων
2241 3248 2663 3319 προελεύσεσθαι
2693 3247 2786 3300 τδν
2813 3247 3073 3318 Χριστὸν
3101 3245 3736 3320 διαϐεϐαιουμένων,καὶ

2104 3339 2193 3390 τόν
2220 3355 2281 3405 γε
2309 3339 2506 3408 Ἰωσὴφ
2542 3337 2752 3390 ἐκεῖθέν
2782 3337 2962 3390 ποθεν
2996 3341 3543 3408 γενεαλογούντων,
3563 3339 3738 3410 σφόδρα

2107 3428 2416 3494 ἀναγκαίως
2459 3429 2488 3479 ὁ
2530 3429 2747 3490 Λουκᾶς
2799 3427 2904 3498 τὴν
2957 3429 3194 3484 τούτων
3233 3431 3558 3502 ἀνιστορῶν
3585 3429 3734 3494 δόξαν,

2105 3519 2300 3571 ἁλλ’-οὑ
2337 3519 2435 3589 τὴν
2462 3517 2651 3583 αὑτοῦ,
2688 3518 3016 3589 προσέθηκε
3057 3524 3132 3590 τῇ
3174 3525 3312 3576 κατ’
3349 3524 3520 3577 αὐτὸν
3555 3521 3736 3590 ἱστορίᾳ.

2105 3607 2166 3658 τὸ
2189 3624 2208 3658 ι
2229 3607 2303 3670 ὡς
2322 3607 2601 3676 ἐνομίζετο
2621 3625 2633 3636 ·
2650 3625 2669 3657 ι
2691 3605 2771 3676 τῷ
2795 3607 3088 3678 Ματθαίῳ
3107 3615 3556 3684 παραχωρήσας
3578 3611 3645 3682 μὴ
3670 3609 3735 3671 τὸ,

2107 3695 2181 3758 ὼς
2210 3695 2506 3764 ἐνομίζετο,
2539 3699 2800 3766 ἱστορεῖν,
2820 3696 2943 3750 ἀλλ’
2963 3699 3049 3761 ὡς
3081 3696 3246 3770 εἶχεν
3274 3702 3548 3773 ἀληθείας
3571 3702 3633 3762 τὰ
3657 3701 3734 3768 τῆς

2108 3785 2399 3854 γενέσεως·
2429 3783 2566 3854 αὕτη
2604 3785 2704 3854 μὲν
2734 3781 2830 3837 οὖν
2855 3787 2890 3855 ή
2926 3787 3140 3859 πρώτη
3189 3791 3491 3853 ἀπόδοσις.

2177 3881 2246 3942 γ’.
2290 3873 2387 3943 Εἴη
2425 3873 2468 3925 δ’
2493 3874 2558 3926 ἄν
2587 3891 2674 3936 τις
2707 3875 2802 3926 καὶ
2840 3875 3013 3940 ἄλλος
3068 3878 3260 3947 βαθὺς
3306 3883 3408 3935 καὶ
3452 3883 3731 3953 ἀπόρρητος

2109 3963 2166 4014 ὲν
2190 3963 2300 4023 τοῖς
2333 3961 2720 4030 προκειμένοις
2750 3963 2917 4031 λόγος
2939 3981 2954 3997 ν
3001 3967 3320 4034 Ματοαῖος
3357 3974 3462 4042 μὲν
3495 3972 3602 4042 γὰρ
3627 3973 3730 4040 ὁμο-

2109 4053 2447 4122 λογουμένως
2476 4053 2574 4122 τὴν
2609 4053 2884 4125 ἕνσαρκον
2920 4057 3161 4124 γένεσιν
3219 4063 3465 4133 ἱστορῶν
3491 4063 3583 4116 τοῦ
3619 4064 3729 4130 Χρι-

2112 4141 2256 4205 στοῦ,
2289 4142 2384 4192 καὶ
2430 4141 2522 4193 τὸν
2567 4141 2769 4213 Ἰωσὴφ
2821 4145 3127 4210 ἀποδεῖξαι
3166 4149 3512 4222 βουλόμενος
3544 4150 3729 4220 άληθιῖς

2111 4235 2175 4284 ἐκ
2200 4231 2381 4294 Δαὸὶδ,
2409 4229 2530 4284 ὅθεν
2555 4234 2724 4302 ἐχρῆν
2752 4236 2820 4303 τῇ
2851 4236 3089 4308 είσδολῇ
3124 4239 3417 4312 κέχρηται
3447 4243 3542 4296 τοῦ
3573 4243 3724 4308 λόγου·

2112 4321 2200 4374 τὸν
2249 4321 2305 4373 δὲ
2343 4321 2558 4373 Λουκᾶν
2591 4319 2840 4392 ἡγοῦμαι
2871 4323 2952 4396 μὴ
2988 4327 3096 4398 τὴν
3135 4332 3290 4383 κατὰ
3325 4332 3510 4404 σάρκα
3544 4332 3728 4400 γένεσιν

2113 4412 2204 4466 τοῦ
2239 4411 2412 4482 Ἰησοῦ
2440 4411 2788 4480 γενεαλογεῖν
2803 4415 3102 4483 ἐθέλοντα,
3127 4423 3238 4476 νῦν
3266 4425 3435 4478 τοῦτο
3457 4421 3725 4491 πεποιηκέ-

2047 4500 2088 4556 υ
2116 4519 2202 4554 ναι
2225 4517 2240 4532 ⁸
2273 4501 2430 4554 τοῦτο
2476 4501 2572 4570 μὲν
2615 4501 2728 4570 γὰρ
2777 4505 2828 4556 εἶ
2863 4510 3018 4560 κατὰ
3053 4511 3302 4584 γνώμην
3328 4515 3619 4585 ἔπραττεν,
3645 4509 3725 4562 οῦκ

2115 4591 2294 4658 ἠγνόει
2337 4590 2418 4640 ὃτι
2469 4589 2639 4659 ἐχρῆν
2669 4592 2880 4662 ταύτην
2921 4595 3267 4655 ὲκθέσεσθαι
3289 4621 3305 4634 ο
3342 4604 3534 4674 ἐπειδὴ
3565 4604 3617 4656 δὲ
3647 4599 3723 4653 νῦν

2113 4679 2212 4749 τῆς
2252 4679 2338 4732 διὰ
2373 4677 2601 4750 λουτροῦ
2631 4683 3066 4758 ἁναγεννήσεως
3103 4693 3415 4765 μέμνηται,
3445 4695 3558 4748 υίὸν
3585 4691 3723 4746 αὐτὸν

2114 4770 2346 4836 εἰσάγων
2371 4769 2529 4833 Θεοῦ,
2567 4769 2826 4839 βούλεται
2853 4777 2935 4840 ὡς
2957 4782 3022 4832 ὲν
3053 4783 3435 4854 ὑποδείγματι
3463 4781 3720 4856 παραπῆο

2117 4873 2204 4907 σαι
2237 4857 2316 4908 ὃτι
2345 4857 2408 4926 δὴ
2441 4859 2550 4922 πᾷς
2577 4861 2606 4910 ὁ
2641 4861 2701 4912 ὲν
2723 4862 2849 4932 Θεῷ
2873 4865 3368 4940 ἀναγεννὼμενος,
3400 4871 3506 4924 κᾶν
3528 4866 3718 4938 άληθῶς

2117 4949 2227 5010 υἱὸς
2257 4945 2392 5002 εἶναι
2415 4950 2724 5020 ἀνθρώπων
2755 4957 3049 5026 νομίζοιτο
3083 4963 3152 5015 δι’
3181 4964 3250 5034 ἣν
3277 4965 3582 5035 περίκειται
3607 4960 3717 5029 σάρ-

2117 5053 2206 5097 κα,
2235 5039 2348 5090 ἀλλ’
2374 5040 2474 5108 οὐχ
2520 5042 2742 5096 ἵσταταί
2793 5062 2860 5113 γε
2916 5049 3066 5120 αὐτῇ
3119 5053 3192 5105 τὰ
3242 5051 3344 5120 τῆς
3368 5053 3627 5120 γενέσεως
3648 5047 3714 5106 είς

2117 5131 2240 5192 τοὺς
2273 5129 2412 5183 κατὰ
2453 5133 2633 5202 σάρκα
2659 5142 2868 5203 γονεῖς,
2907 5141 3036 5194 οὐδὲ
3089 5145 3259 5216 μέχρι
3289 5145 3396 5198 τῶν
3426 5142 3518 5196 τοῦ
3547 5140 3708 5208 σώμα-

2115 5238 2207 5284 τος
2253 5225 2618 5296 προπατόρων
2663 5227 2897 5296 φθάνει·
2937 5233 3059 5286 ἀλλ’
3089 5238 3140 5290 εἰ
3193 5238 3290 5291 καὶ
3329 5236 3593 5306 νομίζοιτο
3630 5231 3709 5281 ἀν·

2119 5309 2350 5380 θρώπων
2383 5311 2521 5367 εἶναι
2556 5316 2672 5380 υίὸς
2709 5316 2805 5370 διὰ
2849 5320 2954 5391 τὴν
3000 5323 3102 5376 τοῦ
3161 5325 3414 5396 σώματος
3459 5322 3703 5389 γέννησενν

2122 5401 2272 5470 ὅμως
2319 5403 2363 5456 δ’
2397 5402 2490 5458 οὖν
2536 5409 2638 5460 οὐκ
2690 5409 2982 5482 ἀλλότριος
3021 5415 3125 5486 τῆς
3173 5417 3268 5470 τοῦ
3297 5414 3426 5468 Θεοῦ
3461 5406 3706 5464 υἱοθεσω

2125 5491 2462 5577 ὑφέστηκεν·
2489 5498 2681 5570 ἐπειδὴ
2705 5500 2764 5554 δὲ
2785 5498 2884 5556 οὖν
2909 5504 2974 5556 οὐ
2993 5507 3143 5560 κατὰ
3167 5507 3268 5577 τὴν
3293 5503 3456 5574 αὐτὴν
3477 5499 3552 5569 τῷ
3569 5497 3704 5552 Ματ-

2125 5576 2262 5648 θαίῳ
2299 5581 2540 5638 διάνοιαν
2592 5588 2873 5654 ἐξετίθετο
2921 5593 3026 5662 τὴν
3079 5576 3350 5665 διήγησιν,
3377 5588 3594 5650 εἰκότως
3623 5580 3702 5636 civ

572 5737 684 5808 (Η)
723 5739 920 5796 “esum
955 5745 1064 5807 hinc
1100 5758 1152 5814 in
1180 5769 1275 5825 cod
1325 5770 1384 5839 Λ,
1419 5767 1501 5836 σι,
1537 5780 1565 5818 a
1596 5774 1701 5830 quo
1731 5755 2010 5825 cmteroqui
2053 5757 2308 5814 meliores
2345 5763 2626 5822 interdum
2665 5771 2938 5829 lectiones
2977 5772 3332 5842 sumpsimus.
