3782 6344
140 323 231 377 897

666 329 831 394 QUAE
842 328 1121 386 STlONES
1157 331 1605 388 EVANGELICIE
1643 362 1652 383 λ

1772 332 2289 411 8ΤΕΡΙΙΛΝᾘΜ.-
2326 337 2644 401 ρῸιιΈΕΤίΟ
2682 343 2768 398 Ill.

3188 349 3291 404 898

140 438 284 489 αὑτὸν
313 438 493 508 ἐκείνῳ
533 443 713 512 καιρὸν
757 446 1020 516 ὑπερϐὰς,
1055 450 1144 499 ἐπὶ
1185 449 1279 518 τὴν
1322 450 1652 518 ἀναγέννησιν

1762 450 1891 501 riam
1926 464 2076 505 suam
2118 450 2325 514 scribit,
2355 461 2771 509 consentaneum
2804 466 2913 513 erat
2953 466 3011 513 ut
3052 460 3288 516 Matthmi

142 528 230 596 τὴν
249 526 330 579 διὰ
358 527 571 598 λουτροῦ
599 536 987 603 παραγίνεται·
1017 538 1106 589 καὶ
1139 537 1362 591 ἐνταῦθα
1393 538 1487 608 τὴν
1515 541 1661 592 ἐναν-

142 620 247 669 τίαν
268 617 526 671 ἐκτίθεται
550 621 656 675 τῶν
681 626 854 691 γενῶν
880 626 1122 697 διαδοχήν
1142 646 1154 659 ·
1185 627 1319 697 ὁμοῦ
1342 629 1432 680 καὶ
1451 629 1661 696 ἀνάγων

145 708 240 761 ἀπὸ
265 707 365 759 τῶν
401 709 637 763 ὑστάτων
671 715 761 767 ἐπὶ
792 714 858 768 τά
887 716 1093 787 πρῶτα,
1120 718 1251 788 ὁμοῦ
1278 719 1369 769 καὶ
1399 717 1493 787 τὴν
1528 720 1660 787 μνή-

148 816 239 867 μην
258 798 357 850 τῶν
382 799 524 869 παρά
548 801 624 872 τῷ
644 804 905 876 Ματθαίῳ
933 807 1189 861 ὑπαιτίων
1219 808 1306 860 καὶ
1334 808 1661 877 ἁμαρτωλῶν

144 886 330 956 ἀνδρῶν
374 887 786 961 ἀποσειόμενος·
838 897 1127 967 ἐπειδήπερ
1175 900 1202 950 ό
1245 896 1392 967 παρὰ
1428 898 1502 967 τῷ
1546 897 1660 968 Θεῷ

142 976 627 1048 ἁναγεγεννημένος,
658 984 931 1055 ἀλλότριος
975 987 1284 1039 καθίσταται
1335 991 1431 1056 τῆς
1474 989 1661 1059 ἐνσάρ-

148 1082 229 1118 κου
254 1067 502 1132 γενέσεως
528 1071 620 1122 καὶ
649 1074 756 1125 τῶν
788 1076 921 1127 κατὰ
954 1076 1125 1147 σάρκα
1146 1078 1471 1147 ἁμαρτωλῶν
1501 1080 1659 1131 πατέ-

147 1175 256 1226 ρων,
284 1158 389 1221 υἱὸς
416 1161 847 1234 ἀποφαινόμενος
871 1167 1022 1230 Θεοῦ,
1054 1170 1144 1221 καὶ
1166 1169 1376 1222 πάντων
1399 1170 1503 1222 τῶν
1523 1172 1658 1224 κατὰ

141 1247 253 1299 Θεὸν
282 1249 653 1319 ἀνεπιλήπτως
686 1254 1036 1323 βεϐιωκότων.

196 1358 251 1411 δ’.
288 1355 425 1417 Οἷον.
444 1361 518 1423 ὡς
545 1364 637 1416 ἐπὶ
664 1368 1114 1437 παραδείγματος,
1138 1370 1341 1434 Παῦλος
1376 1375 1404 1425 ὁ
1435 1373 1660 1428 ἀπόστοο

139 1449 215 1510 λος
238 1450 395 1517 ἐχέτω
434 1450 531 1519 μὲν
572 1455 713 1508 κατά
750 1458 927 1527 σάρκα
959 1460 1168 1529 πατέρα
1212 1461 1450 1515 Ἰουδαῖον
1482 1466 1658 1518 ὅντινα

137 1538 199 1601 ὡς
225 1539 361 1602 εἰκὸς
403 1541 628 1595 ἄπιστον
649 1561 661 1572 ⁸
690 1546 860 1613 ἐχέτω
889 1546 943 1599 δὲ
970 1548 1061 1600 καὶ
1089 1549 1223 1602 κατὰ
1254 1551 1401 1613 Θεὸν,
1434 1546 1493 1605 οὗ
1522 1556 1658 1607 κατά

136 1629 243 1690 τοὺς
268 1629 491 1700 τρόπους
513 1632 658 1684 ἐϐίου
681 1650 693 1662 ·
722 1638 770 1688 εἰ
802 1637 858 1688 δὲ
885 1632 975 1689 οῦν
1015 1638 1191 1707 μέλλει
1217 1657 1300 1703 τις
1328 1643 1485 1694 αὐτὸν
1519 1644 1657 1696 κατά

138 1719 291 1812 σάρκα
336 1723 694 1790 γενεαλογεῖν,
740 1727 883 1788 τίνος
928 1730 1149 1793 εἰκότως
1204 1731 1269 1784 ἂν
1320 1735 1580 1803 ἐμνήσθη.
1622 1736 1727 1812 ῆι]

132 1810 322 1872 πάντως
347 1822 447 1865 που
480 1813 571 1865 τοῦ
599 1816 752 1869 κατά
785 1819 958 1887 σάρκα
989 1820 1220 1889 πατρός;
1257 1818 1318 1873 Εἰ
1345 1822 1387 1873 δ’
1408 1818 1473 1876 αῦ
1502 1823 1657 1876 πάλιν

128 1898 285 1971 ἕτερος
311 1900 402 1971 τὴν
434 1902 492 1954 ἐν
534 1905 769 1975 Χριστῷ
800 1907 1005 1973 γένεσιν
1037 1906 1197 1961 αὑτοῦ
1238 1911 1425 1979 δηλοῦν
1467 1912 1654 1975 ἐθέλοι,

128 1991 250 2053 τίνος
274 1991 335 2044 ἂν
359 1993 454 2062 τὴν
479 1995 700 2063 μνήμην
748 1996 860 2067 θείη
896 1996 961 2049 ἂν
995 1998 1233 2062 εἰκότως,
1265 2001 1297 2069 ἦ
1328 2001 1538 2065 πάντως
1563 2003 1655 2055 τοῦ

130 2080 248 2133 κατά
300 2080 426 2133 Θεὸν
470 2083 632 2137 αὐτὸν
681 2086 1176 2156 ἄναγεννήσαντος;
1230 2089 1382 2142 Οὕτω
1435 2092 1527 2144 καὶ
1583 2092 1657 2161 τῷ

140 2168 360 2238 Ἁϐραάμ
385 2168 594 2238 εἴρηται
615 2186 630 2201 ο
669 2191 688 2222 ι
732 2174 803 2226 Σὺ
834 2174 890 2225 δὲ
922 2175 1190 2248 ἀπελεύσῃ
1233 2178 1366 2247 πρὸς
1395 2180 1518 2241 τοὺς
1555 2197 1657 2233 πα-

130 2254 269 2327 τέρας
292 2275 376 2312 σου
395 2250 618 2330 τραφείς
638 2265 697 2315 ὲν
730 2265 872 2333 γήρᾳ
899 2264 1058 2334 καλῷ·
1073 2266 1161 2318 »ού
1182 2267 1347 2337 δήπου
1371 2270 1491 2332 τοὺς
1520 2272 1657 2324 κατά

132 2349 285 2417 σάρκα
314 2351 547 2421 πατέρας
572 2352 865 2421 δηλοῦντος
896 2355 986 2406 τοῦ
1024 2356 1197 2424 λόγου,
1229 2360 1275 2409 εἰ
1304 2359 1375 2428 μὴ
1409 2360 1501 2413 καὶ
1533 2361 1652 2413 θεο-

131 2438 284 2500 σεϐεῖς
322 2439 556 2506 λέγοιντο
599 2443 905 2509 γεγονέναι,
938 2445 1059 2506 τοὺς
1100 2446 1155 2497 δὲ
1200 2448 1256 2498 ἐν
1280 2448 1396 2518 Θεῷ
1422 2451 1655 2522 πατέρας

129 2526 201 2579 διὰ
232 2529 322 2598 τὴν
361 2531 457 2600 τῆς
499 2531 793 2593 εὐσεϐείας
837 2533 1210 2604 ὁμοιοτροπίαν
1251 2538 1611 2607 αἰνιττομένου
1637 2556 1650 2569 ’

128 2614 250 2670 οὕτω
267 2619 353 2671 καί⁸
370 2620 419 2671 οἱ
438 2618 499 2683 ἐξ
520 2621 797 2691 Ἀϐραὰμ,
813 2623 1021 2686 ἀσεϐεῖς
1044 2621 1179 2694 ἦσαν
1206 2627 1301 2696 μὲν
1321 2629 1459 2682 κατὰ
1484 2630 1654 2700 σάρκα

129 2709 170 2758 oi
211 2708 306 2761 υἱοὶ
337 2710 602 2782 Ἀϐραὰμ,
637 2711 786 2763 κατὰ
824 2712 878 2764 δὲ
922 2714 1013 2767 τὸν
1041 2716 1254 2785 τρόπον,
1282 2718 1385 2770 υίοί
1414 2720 1655 2789 Σοδόμων

130 2799 209 2850 καὶ
227 2800 522 2872 Γομόρρας⁸
555 2802 635 2854 διὸ
661 2802 879 2869 λέγεται
916 2806 1049 2874 πρὸς
1079 2806 1298 2869 αὐτούς*
1329 2825 1346 2858 ι
1370 2809 1653 2863 ’Λκούσατε

128 2887 261 2955 λόγον
287 2891 502 2961 Κυρίου,
548 2891 811 2961 ἄρχοντες
864 2892 1122 2962 Σοδόμων,
1171 2897 1454 2966 προσέχετε
1497 2901 1654 2968 νόμον

130 2978 265 3043 Θεοῦ,
292 2980 411 3042 λαὸς
446 2982 764 3051 Γομόρρας·
802 3000 820 3032 ι
855 2982 929 3045 ὡς
959 2980 1025 3035 αὖ
1060 2985 1215 3037 πάλιν
1242 2986 1299 3051 ἐξ
1327 2982 1400 3039 ὧν
1430 2990 1654 3057 ἤμελλεν

1762 542 1999 603 tempora
2032 544 2464 607 praetergressus,
2505 541 2571 594 ad
2604 547 3055 611 regenerationem
3085 563 3183 618 per
3208 548 3282 602 la-

1760 639 1976 678 vacrum
2004 626 2228 692 veniret,
2261 628 2441 697 ibique
2470 634 2790 685 contrariam
2831 647 3052 703 poneret
3090 652 3281 707 prosa-

1758 712 1964 779 piarum
2006 715 2398 768 successionem
2430 734 2442 769 :
2470 716 2626 769 simul
2677 734 2902 788 pergens
2942 738 2970 775 a
3001 725 3290 793 postremis

1760 801 1823 853 ad
1850 801 2018 864 initia,
2044 804 2308 872 simulque
2334 806 2643 857 memoriam
2676 808 2907 862 sontium
2936 826 2998 864 ac
3028 813 3286 867 scelesto-

1758 906 1897 955 rum,
1937 893 2027 960 qui
2078 903 2203 947 sunt
2242 895 2378 963 apud
2428 895 2730 948 Matthmum
2762 897 3034 953 hominum
3074 904 3283 958 vitans:

1758 984 1879 1049 quia
1926 993 2273 1052 regeneratus
2304 986 2444 1054 apud
2474 986 2635 1040 Deum
2677 988 2884 1043 alienus
2934 990 2991 1041 ﬁt
3024 1006 3053 1043 a
3091 1008 3286 1047 carnea

1757 1080 1970 1133 natura,
2006 1082 2059 1126 et
2086 1090 2113 1125 a
2143 1076 2512 1142 peccatoribus
2544 1078 2839 1131 secundum
2869 1094 3084 1133 carnem
3119 1083 3287 1150 patri-

1758 1160 1879 1222 bus,
1913 1160 2002 1214 Dei
2044 1163 2296 1215 nimirum
2328 1164 2634 1220 declaratus
2660 1167 2826 1233 ﬁlius,
2852 1176 2905 1223 et
2932 1169 3171 1225 omnium
3194 1173 3285 1240 qui

1758 1250 2048 1303 secundum
2083 1251 2248 1306 Deum
2279 1254 2395 1307 sine
2425 1257 2580 1325 culpa
2608 1257 2873 1312 vixerunt;

1826 1362 1875 1414 4.
1911 1360 2152 1432 Exempli
2189 1365 2359 1433 gratia
2401 1364 2603 1421 Paulus
2647 1368 2923 1434 apostolus
2957 1377 3160 1438 patrem
3206 1385 3290 1426 se-

1762 1450 1997 1504 cundum
2032 1466 2247 1505 carnem
2299 1454 2485 1507 habuit
2512 1452 2775 1519 Judaeum,
2806 1464 2864 1511 ut
2891 1458 3145 1512 credibile
3182 1465 3286 1522 est,

1756 1554 1784 1590 a
1817 1539 1917 1593 ﬁde
1951 1542 2183 1597 alienum
2218 1559 2231 1594 :
2264 1541 2450 1595 habuit
2482 1558 2696 1611 quoque
2741 1552 2945 1612 patrem
2986 1548 3288 1601 secundum

1757 1628 1944 1692 Deum,
2000 1632 2155 1699 cujus
2208 1631 2456 1686 videlicet
2500 1634 2624 1687 vitae
2663 1635 2966 1688 institutum
3011 1637 3290 1704 amplexus

1757 1719 1875 1774 fuit.
1926 1720 1982 1775 Si
2012 1722 2133 1790 quis
2177 1735 2304 1789 ergo
2336 1720 2486 1775 Pauli
2523 1723 2816 1777 secundum
2859 1738 3073 1778 carnem
3119 1741 3290 1795 genus

1756 1824 1978 1863 narrare
2015 1810 2163 1874 velit,
2200 1825 2481 1879 quemnam
2516 1812 2705 1865 merito
2733 1822 2936 1881 patrem
2971 1816 3290 1869 memorabit

1755 1900 1857 1953 nisi
1882 1901 2185 1954 carnalem?
2218 1899 2312 1952 Sin
2342 1915 2556 1954 rursum
2588 1901 2782 1970 aliquis
2808 1901 2958 1959 Pauli
2989 1904 3044 1956 in
3068 1904 3289 1959 Christo

1754 1990 2085 2043 nativitatem
2112 1991 2391 2045 oetendere
2427 1992 2574 2057 velit,
2610 1990 2891 2058 cujusnam
2924 1993 3105 2059 potius
3136 2009 3288 2047 men-

1754 2078 1951 2131 tionem
1982 2080 2217 2147 parentis
2251 2078 2429 2139 faciet,
2462 2093 2620 2147 quam
2649 2080 2765 2147 ejus
2791 2095 2821 2132 a
2851 2094 2958 2148 quo
2989 2080 3285 2135 secundum

1754 2166 1919 2222 Deum
1962 2175 2305 2237 regeneratus
2353 2170 2466 2225 est?
2494 2168 2586 2224 Sic
2616 2169 2919 2225 Abrahamo
2947 2185 3161 2239 quoque
3202 2172 3286 2224 di-

1754 2259 2067 2313 ctum'l‘uit:
2102 2279 2118 2308 ι
2148 2258 2225 2313 Tu
2271 2275 2399 2314 vero
2439 2261 2611 2314 abibis
2654 2262 2719 2314 ad
2766 2268 2945 2329 patres
2976 2270 3096 2315 tuos
3143 2262 3285 2335 bona

1755 2356 2028 2404 saturatus
2075 2358 2347 2403 senectute
2371 2350 2432 2401 ".
2466 2368 2484 2400 ι
2515 2350 2616 2415 Qui
2651 2350 2892 2418 profecto
2923 2365 3101 2404 sermo
3140 2351 3283 2404 haud

1754 2453 1974 2492 carneos
2021 2446 2201 2507 patres
2233 2438 2587 2501 demonstrat,
2622 2442 2722 2494 nisi
2775 2441 2828 2493 hi
2868 2440 3006 2493 forte
3041 2441 3114 2509 pii
3148 2455 3285 2509 quo—

1753 2544 1855 2596 que
1887 2530 2055 2584 fuisse
2088 2531 2408 2597 credantur;
2463 2531 2554 2585 sed
2593 2532 2659 2585 de
2702 2532 2943 2599 patribus
2989 2531 3282 2584 secundum

1758 2618 1922 2672 Deum
1958 2619 2213 2687 loquitur,
2247 2630 2465 2689 propter
2491 2621 2702 2689 pietatis
2732 2620 3161 2673 similitudinem.
3193 2618 3282 2673 Sic

1751 2707 2037 2761 Abrahami
2061 2717 2243 2762 sontes
2267 2710 2380 2772 ﬁlii,
2412 2710 2574 2775 hujus
2595 2709 2807 2777 quidem
2830 2706 3126 2762 secundum
3161 2722 3283 2760 car-

1752 2811 1871 2849 nem
1926 2796 2019 2849 ﬁlii
2062 2804 2244 2859 erant,
2298 2797 2539 2851 moribus
2560 2805 2735 2850 autem
2785 2795 3138 2848 Sodomorum
3186 2794 3284 2848 ﬁlii

1752 2894 1912 2955 atque
1961 2885 2288 2940 Gomorrhae.
2344 2871 2547 2939 idcirco
2593 2887 2791 2941 dicitur
2843 2887 2993 2940 illis:
3040 2904 3059 2935 ι
3088 2884 3285 2939 Audite

1753 2990 2052 3050 sermonem
2078 2974 2283 3029 Domini
2314 2976 2584 3044 principes
2611 2973 2965 3028 Sodomorum
2986 3014 3000 3039 ,
3027 2974 3287 3029 attendite

130 3068 220 3119 υἱοὶ
261 3070 500 3140 ’Δϐραάμ
550 3068 867 3136 γίγνεσθαι*
916 3072 965 3123 οἱ
1016 3071 1143 3138 γοῦν
1170 3073 1241 3135 ἐξ
1272 3073 1434 3127 ἐθνῶν
1466 3077 1542 3138 εἰς
1562 3077 1651 3130 τὸν
1676 3076 1718 3132 C
1751 3066 1852 3134 188i
1879 3064 1992 3128 Deis
2027 3081 2060 3119 0
2081 3066 2273 3133 Ροβυίε
2301 3064 2612 3120 ῧοῐηυῐτιτὶε
2636 3067 2674 3096 ⁸⁷
2709 3085 2721 3118 ³
2751 3085 2769 3116 θ
2809 3073 3062 3133 ιτιηειυιιηι
3093 3066 3135 3120 εί
3160 3079 3286 3118 τίη*

130 3155 333 3226 Χριστὸν
368 3160 459 3212 τοῦ
492 3159 629 3211 Θεοῦ
660 3161 1093 3223 πεπιστευκότες,
1122 3162 1258 3214 κατά
1286 3164 1457 3227 σάρκα
1485 3166 1649 3217 πατέ-

130 3262 222 3315 ρων
263 3250 567 3319 ἀλλοφύλων
623 3249 841 3317 φύντες,
895 3251 998 3303 υἱοὶ
1046 3253 1341 3322 γεγόναμεν
1385 3253 1645 3323 Ἀϐραάμ,

126 3336 337 3407 Χριστοῦ
363 3341 644 3410 γενόμενοι
678 3339 865 3400 παῖδες
906 3342 1000 3392 καὶ
1044 3340 1149 3393 τῶν
1195 3342 1425 3411 Χριστοῦ
1479 3344 1648 3413 μαθη-

127 3428 248 3480 τῶν·
275 3429 410 3483 ῶστε
452 3431 548 3484 καὶ
587 3429 844 3498 δευτέραν
881 3430 1023 3499 ἡμᾶς
1048 3431 1434 3501 ἐπιγράφεσθαι
1466 3432 1650 3497 γένους

129 3516 345 3587 διαδοχὴν
376 3519 508 3572 πολὺ
538 3519 824 3591 κρείττονα
848 3519 942 3587 τῆς
972 3517 1107 3571 κατά
1135 3520 1305 3588 σάρκα
1332 3520 1416 3572 διὰ
1436 3519 1540 3589 τὴν
1560 3539 1649 3575 κα·

126 3607 184 3660 τὰ
200 3609 416 3677 Χριστὸν
442 3610 819 3679 ἀναγέννησιν.

185 3886 238 3939 ι’.
277 3889 508 3952 Εἰκότως
530 3889 822 3959 τοιγαροῦν
853 3892 990 3943 καὶὸ
1020 3892 1245 3955 Λουκᾶς,
1283 3893 1374 3947 az;
1404 3894 1498 3964 τὴν
1522 3896 1648 3948 ἀνα-

128 3975 350 4046 γέννησιν
374 3979 626 4047 ἱστορῶν,
666 3980 724 4030 οὐ
750 3979 844 4049 τὴν
875 3981 1037 4050 αὐτὴν
1069 3982 1233 4035 ὁδεύει
1265 3982 1341 4052 τῷ
1372 3983 1642 4053 Ματθαίῳ,

127 4063 176 4113 οὗ
202 4066 282 4119 τοῦ
314 4068 627 4138 Σολομῶνος
666 4068 758 4121 καὶ
802 4070 898 4139 τῆς
941 4070 1032 4124 τοῦ
1083 4073 1294 4141 Οὐρίου,
1327 4075 1386 4125 οὐ
1415 4074 1511 4143 τῆς
1539 4074 1645 4127 Θά-

128 4171 241 4226 μαρ,
274 4158 332 4210 οὗ
356 4160 454 4229 τῆς
493 4158 677 4221 Ῥοὺθ,
702 4160 762 4211 οὐ
787 4160 880 4211 τοῦ
928 4162 1166 4231 Ἰεχονίου
1193 4164 1286 4215 καὶ
1315 4148 1419 4216 τῶῦ
1450 4165 1648 4233 μεταξὺ

124 4246 534 4319 διαϐεϐλημένων
591 4250 799 4321 ἀνδρῶν
850 4251 946 4321 τὴν
996 4253 1288 4324 παράθεσιν
1342 4257 1645 4326 πεποίηται,

1749 3170 1842 3208 sus
1881 3170 1948 3208 ex
1995 3155 2083 3209 his
2121 3164 2302 3208 essent
2345 3154 2636 3207 Abrahami
2678 3153 2771 3207 ﬁlii
2811 3154 3144 3222 proventuri.
3172 3153 3285 3220 Qui

1748 3242 1908 3311 igitur
1937 3257 2001 3296 ex
2038 3243 2285 3311 gentibus
2333 3242 2549 3297 Christo
2595 3241 2687 3295 Dei
2723 3242 3067 3303 credidimus,
3108 3256 3284 3310 quan-

1745 3347 1904 3401 quam
1932 3333 2236 3388 inﬁdelibus
2259 3333 2551 3389 secundum
2575 3347 2790 3385 carnem
2820 3332 2982 3399 geniti
3013 3333 3281 3400 patribus.

1748 3422 1801 3473 in
1829 3421 2116 3475 Abrahami
2161 3422 2375 3474 domum
2412 3421 2779 3488 migravimus,
2824 3420 3027 3474 Christi
3058 3422 3283 3489 ejusque

1745 3510 2131 3578 discipulorum
2172 3513 2314 3563 nacti
2338 3510 2676 3577 adoptionem
2704 3528 2716 3561 :
2751 3516 2910 3575 atque
2939 3509 3010 3560 it'a
3042 3509 3094 3561 in
3119 3509 3280 3561 aliam

1747 3608 1955 3653 nosmet
1995 3600 2369 3667 inscripsimus
2403 3600 2615 3668 generis
2659 3598 3083 3658 successionem,
3112 3597 3282 3651 multo

1745 3704 1940 3744 carnea
2001 3692 2271 3745 meliorem
2334 3696 2549 3758 propter
2604 3689 2659 3742 in
2726 3686 2944 3741 Christo
2999 3699 3282 3755 regenera-

1745 3780 1962 3833 tionem.
1997 3778 2005 3786 ”

1814 3892 1865 3945 5.
1903 3891 2089 3945 Merito
2138 3890 2300 3959 igitur
2344 3889 2549 3951 Lucas,
2596 3904 2717 3943 cum
2763 3890 2829 3944 de
2874 3887 3281 3958 regeneratione

1745 3982 2001 4050 loquitur,
2052 3982 2191 4034 haud
2233 3981 2418 4033 eadem
2458 3995 2562 4048 qua
2606 3979 2883 4033 Matthaaus
2932 3979 3123 4033 semita
3153 3994 3281 4047 pera

1749 4075 1821 4140 git
1853 4090 1864 4123 ε
1899 4085 2087 4138 nempe
2111 4085 2216 4123 non
2248 4072 2570 4135 Salomonis,
2599 4086 2703 4124 non
2746 4070 2933 4123 uxoris
2978 4067 3136 4132 Urize,
3170 4083 3282 4123 non

1748 4161 2043 4222 Thamarze,
2095 4178 2198 4215 non
2255 4161 2464 4223 Ruthze,
2517 4177 2621 4215 non
2672 4159 2959 4221 Jechonim,
3006 4174 3103 4212 nec
3146 4174 3280 4227 quo-

1746 4252 1950 4305 rumvis
1985 4260 2175 4321 praeter
2205 4252 2303 4303 hos
2354 4266 2563 4303 reorum
2609 4251 2931 4304 mentionem
2977 4249 3139 4316 facit;
3184 4250 3279 4304 sed

124 4334 240 4389 ἀλλά
267 4338 329 4390 δι’
367 4340 575 4411 ἐτέρων
607 4338 978 4410 ἀνεπιλήπτων
1011 4341 1200 4407 ἄνεισι,
1229 4346 1320 4397 καὶ
1358 4345 1420 4416 δὴ
1453 4346 1544 4398 καὶ
1585 4349 1646 4399 ἐκ

1755 4357 1842 4407 per
1881 4342 2015 4395 alios
2061 4340 2476 4408 reprehensione
2524 4350 2770 4393 carentes
2817 4337 3080 4408 graditur;
3124 4338 3283 4392 Chri-

121 4424 202 4476 nu
237 4431 506 4497 προφήτου
555 4427 742 4480 Νάθαν
781 4429 1267 4500 ἀναγεγεννημένον
1296 4435 1525 4501 εἰσάγει·
1557 4436 1647 4487 καὶ

121 4515 145 4563 ό
173 4515 259 4583 μὲν
288 4519 436 4589 παρὰ
460 4518 539 4587 τῷ
562 4518 823 4587 Ματθαίῳ
857 4520 992 4572 κατά
1027 4521 1201 4590 σάρκα
1241 4524 1643 4594 γεγεννημένος,

121 4603 218 4666 υίὸς
255 4602 318 4677 ἦν
358 4609 611 4678 Ἀϐραάμ
642 4607 884 4661 ἐντεῦθεν
916 4609 1407 4678 γενεαλογούμενος,
1439 4611 1647 4679 ἐπειδὴ-

123 4710 213 4765 περ
237 4696 306 4766 τῷ
345 4698 600 4767 ’Δϐραάμ
630 4697 825 4768 πρώτῳ
857 4698 890 4767 ὴ
921 4700 1210 4766 ἐπαγγελία
1230 4701 1402 4753 δέδοτο
1425 4700 1522 4769 τῆς
1542 4702 1646 4753 τῶν

122 4783 267 4838 ἐθνῶν
297 4788 564 4855 εὐλογίας,
592 4788 690 4839 οὐκ
721 4786 892 4849 ἄλλως
937 4787 969 4856 ἧ
1014 4787 1099 4839 διά
1129 4790 1218 4840 τοῦ
1249 4793 1309 4841 ἐκ
1341 4789 1647 4859 σπέρματος

122 4872 265 4928 αὐτοῦ
296 4876 754 4946 προελευσομένου
782 4876 1165 4946 γενησομένης·
1186 4880 1211 4929 ό
1236 4878 1288 4929 δὲ
1309 4879 1363 4928 ἐν
1382 4878 1496 4947 Θεῷ
1516 4879 1644 4930 ἀνα-

121 4968 508 5037 γεγεννημένος,
542 4966 759 5036 ἐτέρους
792 4967 1023 5035 πατέρας
1062 4968 1181 5029 τοὺς
1215 4966 1346 5019 κατά
1375 4964 1501 5020 Θεὸν
1530 4969 1647 5021 ἐπι-

122 5056 465 5127 γραψάμενος,
503 5055 614 5107 οὐδ’
646 5056 840 5116 αὐτοὺς
888 5054 1097 5125 άληθῶς
1144 5056 1401 5126 ἐσχηκὼς,
1430 5057 1541 5109 ἀλλ’
1574 5059 1649 5122 ῶς

126 5145 375 5215 ἐνομίζετο
416 5145 507 5198 διὰ
556 5144 653 5213 τὴν
699 5144 808 5194 τῶν
849 5142 993 5211 ἠθῶν
1022 5145 1413 5216 ὁμοιότροπίαν,
1448 5146 1646 5201 ἄνεισιν

126 5232 205 5286 ἐπὶ
241 5235 327 5288 τὸν
370 5234 543 5305 ἀληθῆ
589 5233 796 5302 πατέρα
821 5270 835 5295 ,
884 5232 1018 5300 μετά
1061 5235 1264 5298 πάντας
1312 5239 1647 5307 χρηματίσας

130 5328 236 5395 Tib;
264 5332 354 5385 τοῦ
383 5331 540 5384 Θεοῦ.

183 5480 225 5514 ¹⁶
259 5478 393 5536 Gen.
428 5496 518 5542 xv,
559 5478 643 5534 i7.
726 5479 770 5509 ¹⁷
811 5478 907 5532 Isa.
944 5494 994 5544 ι,
1034 5479 1116 5535 ιο.

1749 4441 1996 4499 stumque
2030 4446 2056 4483 a
2090 4431 2343 4500 prapheta
2374 4429 2618 4484 Nathano
2647 4430 2985 4499 progenitum
3024 4428 3277 4482 exhibet.

1751 4525 1821 4575 ita
1855 4532 1911 4575 ut
1941 4524 2031 4591 qui
2056 4522 2192 4591 apud
2218 4521 2520 4573 Manlia-um
2550 4522 2842 4574 carnaliter
2860 4520 3117 4588 gignitur,
3140 4517 3280 4572 idem

1749 4612 1890 4682 apud
1913 4612 2113 4665 Lucam
2154 4613 2318 4665 veluti
2350 4612 2635 4664 Abrahami
2667 4610 2807 4664 ﬁlius
2840 4615 3091 4677 ponatur.
3123 4607 3282 4661 Certe

1748 4702 2051 4756 Abrahamo
2083 4702 2223 4755 haud
2259 4703 2411 4755 aliter
2432 4700 2730 4756 benedictio
2752 4699 2984 4767 gentium
3015 4697 3283 4764 promissa
3330 4706 3339 4734 λ

1750 4792 1870 4853 fuit,
1913 4806 2070 4860 quam
2105 4791 2246 4858 quod
2280 4807 2339 4844 ea
2371 4792 2548 4842 futura
2589 4795 2703 4841 erat
2745 4788 2815 4840 ob
2854 4783 3173 4855 gignendum
3213 4784 3282 4840 dc

1749 4894 1939 4950 genere
1969 4880 2105 4946 ejus.
2140 4884 2311 4948 Atque
2344 4880 2430 4932 hic
2456 4888 2558 4940 est,
2580 4877 2667 4945 qui
2704 4877 2754 4928 in
2784 4875 2889 4929 Dco
2910 4881 3277 4942 regeneratus,
3336 4934 3350 4948 κ

1750 4979 1907 5039 atque
1937 4969 2071 5023 alios
2111 4978 2288 5036 patres
2323 4968 2615 5022 secundum
2654 4964 2815 5018 Deum
2856 4972 3070 5023 nactus,
3101 4977 3160 5017 re
3201 4972 3285 5018 tae

1748 5077 1868 5114 men
1903 5074 2027 5113 vera
2064 5059 2206 5112 haud
2250 5060 2395 5127 ipsos
2431 5057 2589 5109 habet
2616 5062 2819 5123 patres,
2868 5054 2958 5108 sed
2991 5053 3063 5105 ita
3095 5053 3287 5108 crede-

1745 5153 1903 5205 batur
1935 5156 2150 5220 propter
2184 5163 2391 5202 morum
2420 5145 2827 5200 similitudinem
2866 5161 2879 5196 :
2907 5158 3011 5212 qua
3035 5141 3289 5198 videlicet

1746 5241 1810 5295 ad
1857 5247 2130 5308 parentem
2183 5252 2364 5292 verum
2389 5233 2704 5290 conscendit
2750 5240 2872 5304 post
2909 5244 3096 5287 omnes
3138 5233 3294 5288 exs'v

1748 5339 1895 5387 steus
1925 5329 2092 5385 Filius
2119 5328 2231 5384 Dei.
