  <div class='ocr_page' id='page_1' title='image "/cluster/home/n/w/nwhite01/storage/ocr_20150623/22 (Eusebius; pt. 4)/nyp.33433081862355/496.png"; bbox 0 0 3782 6368; ppageno 0'>
   <div class='ocr_carea' id='block_1_1' title="bbox 260 401 377 458">
    <p class='ocr_par' dir='ltr' id='par_1_1' title="bbox 260 401 377 458">
     <span class='ocr_line' id='line_1_1' title="bbox 260 401 377 458; baseline 0 -7"><span class='ocrx_word' id='word_1_1' title='bbox 260 401 377 458; x_wconf 74' lang='grc'><strong>909</strong></span> 
     </span>
    </p>
   </div>
   <div class='ocr_carea' id='block_1_2' title="bbox 793 393 1813 470">
    <p class='ocr_par' dir='ltr' id='par_1_2' title="bbox 793 393 1813 470">
     <span class='ocr_line' id='line_1_2' title="bbox 793 393 1813 470; baseline -0.007 -12"><span class='ocrx_word' id='word_1_2' title='bbox 793 401 1234 470; x_wconf 70' lang='grc' dir='ltr'><strong>ΟῙΙᾹΞΞΤΙΟΝΕΞ</strong></span> <span class='ocrx_word' id='word_1_3' title='bbox 1269 393 1716 456; x_wconf 68' lang='lat' dir='ltr'><strong>EVANGELICAZ</strong></span> <span class='ocrx_word' id='word_1_4' title='bbox 1753 396 1813 452; x_wconf 83' lang='lat' dir='ltr'><strong>Al</strong></span> 
     </span>
    </p>
   </div>
   <div class='ocr_carea' id='block_1_3' title="bbox 1916 393 2882 470">
    <p class='ocr_par' dir='ltr' id='par_1_3' title="bbox 1917 393 2882 461">
     <span class='ocr_line' id='line_1_3' title="bbox 1917 393 2882 461; baseline 0 -10"><span class='ocrx_word' id='word_1_5' title='bbox 1917 393 2378 451; x_wconf 65' lang='lat' dir='ltr'><strong>TEPl-IANUM.-—</strong></span> <span class='ocrx_word' id='word_1_6' title='bbox 2413 393 2731 461; x_wconf 64' lang='lat' dir='ltr'><strong>QUESTIO</strong></span> <span class='ocrx_word' id='word_1_7' title='bbox 2767 397 2882 451; x_wconf 73' lang='lat' dir='ltr'><strong>VII.</strong></span> 
     </span>
    </p>
   </div>
   <div class='ocr_carea' id='block_1_4' title="bbox 3332 396 3434 450">
    <p class='ocr_par' dir='ltr' id='par_1_4' title="bbox 3332 396 3434 450">
     <span class='ocr_line' id='line_1_4' title="bbox 3332 396 3434 450; baseline 0 0"><span class='ocrx_word' id='word_1_8' title='bbox 3332 396 3434 450; x_wconf 87' lang='lat' dir='ltr'><strong>9l0</strong></span> 
     </span>
    </p>
   </div>
   <div class='ocr_carea' id='block_1_5' title="bbox 259 511 1813 591">
    <p class='ocr_par' dir='ltr' id='par_1_5' title="bbox 259 515 1813 591">
     <span class='ocr_line' id='line_1_5' title="bbox 259 515 1813 591; baseline 0.003 -23"><span class='ocrx_word' id='word_1_9' title='bbox 259 516 492 586; x_wconf 80' lang='grc' dir='ltr'><strong>πρῶτος</strong></span> <span class='ocrx_word' id='word_1_10' title='bbox 515 515 610 580; x_wconf 84' lang='grc' dir='ltr'><strong>ὣν,</strong></span> <span class='ocrx_word' id='word_1_11' title='bbox 647 517 868 583; x_wconf 78' lang='grc' dir='ltr'><strong>ὕστατος</strong></span> <span class='ocrx_word' id='word_1_12' title='bbox 887 521 1068 586; x_wconf 72' lang='grc' dir='ltr'><strong>ἔξεισι,</strong></span> <span class='ocrx_word' id='word_1_13' title='bbox 1100 521 1232 591; x_wconf 77' lang='grc' dir='ltr'><strong>μετὰ</strong></span> <span class='ocrx_word' id='word_1_14' title='bbox 1259 519 1349 574; x_wconf 85' lang='grc' dir='ltr'><strong>τοῦ</strong></span> <span class='ocrx_word' id='word_1_15' title='bbox 1374 516 1498 586; x_wconf 69' lang='grc' dir='ltr'><strong>περὶ</strong></span> <span class='ocrx_word' id='word_1_16' title='bbox 1527 518 1625 589; x_wconf 76' lang='grc' dir='ltr'><strong>τὴν</strong></span> <span class='ocrx_word' id='word_1_17' title='bbox 1663 522 1813 589; x_wconf 83' lang='grc' dir='ltr'><strong>χεῖρα</strong></span> 
     </span>
    </p>
   </div>
   <div class='ocr_carea' id='block_1_6' title="bbox 1916 511 3439 591">
    <p class='ocr_par' dir='ltr' id='par_1_6' title="bbox 1916 511 3439 582">
     <span class='ocr_line' id='line_1_6' title="bbox 1916 511 3439 582; baseline -0.001 -13"><span class='ocrx_word' id='word_1_18' title='bbox 1916 517 2097 569; x_wconf 89' lang='lat' dir='ltr'><strong>ultima</strong></span> <span class='ocrx_word' id='word_1_19' title='bbox 2122 513 2270 575; x_wconf 81' lang='lat' dir='ltr'><strong>exiit,</strong></span> <span class='ocrx_word' id='word_1_20' title='bbox 2303 512 2456 582; x_wconf 83' lang='lat' dir='ltr'><strong>signo</strong></span> <span class='ocrx_word' id='word_1_21' title='bbox 2478 513 2657 566; x_wconf 88' lang='lat' dir='ltr'><strong>manui</strong></span> <span class='ocrx_word' id='word_1_22' title='bbox 2683 514 2914 582; x_wconf 84' lang='lat' dir='ltr'><strong>alligato,</strong></span> <span class='ocrx_word' id='word_1_23' title='bbox 2946 528 2976 565; x_wconf 90' lang='lat' dir='ltr'><strong>a</strong></span> <span class='ocrx_word' id='word_1_24' title='bbox 3005 527 3112 582; x_wconf 88' lang='lat' dir='ltr'><strong>quo</strong></span> <span class='ocrx_word' id='word_1_25' title='bbox 3144 511 3291 582; x_wconf 90' lang='lat' dir='ltr'><strong>prior</strong></span> <span class='ocrx_word' id='word_1_26' title='bbox 3319 528 3439 568; x_wconf 86' lang='lat' dir='ltr'><strong>esse</strong></span> 
     </span>
    </p>
   </div>
   <div class='ocr_carea' id='block_1_7' title="bbox 257 602 1816 680">
    <p class='ocr_par' dir='ltr' id='par_1_7' title="bbox 257 602 1816 680">
     <span class='ocr_line' id='line_1_7' title="bbox 257 602 1816 680; baseline 0.002 -23"><span class='ocrx_word' id='word_1_27' title='bbox 257 605 549 676; x_wconf 83' lang='grc' dir='ltr'><strong>συμϐόλου</strong></span> <span class='ocrx_word' id='word_1_28' title='bbox 579 608 672 660; x_wconf 87' lang='grc' dir='ltr'><strong>τοῦ</strong></span> <span class='ocrx_word' id='word_1_29' title='bbox 708 611 912 680; x_wconf 82' lang='grc' dir='ltr'><strong>πρῶτον</strong></span> <span class='ocrx_word' id='word_1_30' title='bbox 931 611 1087 664; x_wconf 81' lang='grc' dir='ltr'><strong>αὑτὸν</strong></span> <span class='ocrx_word' id='word_1_31' title='bbox 1117 609 1473 669; x_wconf 71' lang='grc' dir='ltr'><strong>συνιστῶντος·</strong></span> <span class='ocrx_word' id='word_1_32' title='bbox 1497 602 1564 676; x_wconf 76' lang='grc' dir='ltr'><strong>ἦν</strong></span> <span class='ocrx_word' id='word_1_33' title='bbox 1592 607 1634 659; x_wconf 81' lang='grc' dir='ltr'><strong>δ’</strong></span> <span class='ocrx_word' id='word_1_34' title='bbox 1666 611 1693 661; x_wconf 98' lang='lat'><strong>6</strong></span> <span class='ocrx_word' id='word_1_35' title='bbox 1713 608 1816 660; x_wconf 89' lang='grc' dir='ltr'><strong>τῶν</strong></span> 
     </span>
    </p>
   </div>
   <div class='ocr_carea' id='block_1_8' title="bbox 257 695 1817 772">
    <p class='ocr_par' dir='ltr' id='par_1_8' title="bbox 257 695 1817 772">
     <span class='ocr_line' id='line_1_8' title="bbox 257 695 1817 772; baseline 0 -24"><span class='ocrx_word' id='word_1_36' title='bbox 257 695 372 766; x_wconf 80' lang='grc' dir='ltr'><strong>πρὸ</strong></span> <span class='ocrx_word' id='word_1_37' title='bbox 397 699 678 761; x_wconf 87' lang='grc' dir='ltr'><strong>Μωῦσέως</strong></span> <span class='ocrx_word' id='word_1_38' title='bbox 694 699 946 769; x_wconf 81' lang='grc' dir='ltr'><strong>θεοφιλῶν</strong></span> <span class='ocrx_word' id='word_1_39' title='bbox 965 701 1162 772; x_wconf 83' lang='grc' dir='ltr'><strong>ἀνδρῶν</strong></span> <span class='ocrx_word' id='word_1_40' title='bbox 1183 700 1290 770; x_wconf 77' lang='grc' dir='ltr'><strong>βίος</strong></span> <span class='ocrx_word' id='word_1_41' title='bbox 1307 701 1335 750; x_wconf 90' lang='grc' dir='ltr'><strong>ὁ</strong></span> <span class='ocrx_word' id='word_1_42' title='bbox 1351 696 1490 750; x_wconf 79' lang='grc' dir='ltr'><strong>κατὰ</strong></span> <span class='ocrx_word' id='word_1_43' title='bbox 1509 698 1569 750; x_wconf 86' lang='grc' dir='ltr'><strong>τὸ</strong></span> <span class='ocrx_word' id='word_1_44' title='bbox 1580 697 1671 750; x_wconf 91' lang='grc' dir='ltr'><strong>τοῦ</strong></span> <span class='ocrx_word' id='word_1_45' title='bbox 1690 700 1817 767; x_wconf 80' lang='grc' dir='ltr'><strong>Χρι-</strong></span> 
     </span>
    </p>
   </div>
   <div class='ocr_carea' id='block_1_9' title="bbox 258 787 1814 862">
    <p class='ocr_par' dir='ltr' id='par_1_9' title="bbox 258 787 1814 862">
     <span class='ocr_line' id='line_1_9' title="bbox 258 787 1814 862; baseline 0 -23"><span class='ocrx_word' id='word_1_46' title='bbox 258 787 398 839; x_wconf 82' lang='grc' dir='ltr'><strong>στοῦ</strong></span> <span class='ocrx_word' id='word_1_47' title='bbox 414 788 765 856; x_wconf 85' lang='grc' dir='ltr'><strong>Εὐαγγέλιον,</strong></span> <span class='ocrx_word' id='word_1_48' title='bbox 790 791 908 844; x_wconf 87' lang='grc' dir='ltr'><strong>καθ’</strong></span> <span class='ocrx_word' id='word_1_49' title='bbox 935 791 992 843; x_wconf 85' lang='grc' dir='ltr'><strong>ὃν</strong></span> <span class='ocrx_word' id='word_1_50' title='bbox 1015 791 1298 862; x_wconf 73' lang='grc' dir='ltr'>διαπρέψαι</span> <span class='ocrx_word' id='word_1_51' title='bbox 1329 789 1742 859; x_wconf 82' lang='grc' dir='ltr'><strong>μνημονεύονται</strong></span> <span class='ocrx_word' id='word_1_52' title='bbox 1769 791 1814 840; x_wconf 88' lang='grc' dir='ltr'><strong>οἱ</strong></span> 
     </span>
    </p>
   </div>
   <div class='ocr_carea' id='block_1_10' title="bbox 254 875 1818 947">
    <p class='ocr_par' dir='ltr' id='par_1_10' title="bbox 254 875 1818 947">
     <span class='ocr_line' id='line_1_10' title="bbox 254 875 1818 947; baseline 0.001 -21"><span class='ocrx_word' id='word_1_53' title='bbox 254 875 414 945; x_wconf 74' lang='grc' dir='ltr'><strong>ἀμφὶ</strong></span> <span class='ocrx_word' id='word_1_54' title='bbox 444 876 536 928; x_wconf 88' lang='grc' dir='ltr'><strong>τὸν</strong></span> <span class='ocrx_word' id='word_1_55' title='bbox 550 877 815 947; x_wconf 78' lang='grc' dir='ltr'><strong>Ἀϐραὰμ,</strong></span> <span class='ocrx_word' id='word_1_56' title='bbox 844 879 1146 941; x_wconf 70' lang='grc' dir='ltr'><strong>καὶἸσαὰκ,</strong></span> <span class='ocrx_word' id='word_1_57' title='bbox 1169 880 1260 931; x_wconf 70' lang='grc' dir='ltr'><strong>καὶ</strong></span> <span class='ocrx_word' id='word_1_58' title='bbox 1274 876 1818 944; x_wconf 82' lang='grc' dir='ltr'><strong>’1ακὼϐ,Μελχισεδέκ</strong></span> 
     </span>
    </p>
   </div>
   <div class='ocr_carea' id='block_1_11' title="bbox 254 964 1812 1038">
    <p class='ocr_par' dir='ltr' id='par_1_11' title="bbox 254 964 1812 1038">
     <span class='ocr_line' id='line_1_11' title="bbox 254 964 1812 1038; baseline -0.001 -21"><span class='ocrx_word' id='word_1_59' title='bbox 254 981 319 1017; x_wconf 77' lang='grc' dir='ltr'><strong>τε</strong></span> <span class='ocrx_word' id='word_1_60' title='bbox 369 966 476 1018; x_wconf 66' lang='grc' dir='ltr'><strong>καὶ</strong></span> <span class='ocrx_word' id='word_1_61' title='bbox 515 966 658 1030; x_wconf 86' lang='grc' dir='ltr'><strong>Ἰὼϐ,</strong></span> <span class='ocrx_word' id='word_1_62' title='bbox 679 969 770 1019; x_wconf 81' lang='grc' dir='ltr'><strong>καὶ</strong></span> <span class='ocrx_word' id='word_1_63' title='bbox 797 968 924 1020; x_wconf 81' lang='grc' dir='ltr'><strong>πολὺ</strong></span> <span class='ocrx_word' id='word_1_64' title='bbox 950 968 1146 1019; x_wconf 87' lang='grc' dir='ltr'><strong>τούτων</strong></span> <span class='ocrx_word' id='word_1_65' title='bbox 1190 968 1434 1038; x_wconf 79' lang='grc' dir='ltr'><strong>πρότεροι</strong></span> <span class='ocrx_word' id='word_1_66' title='bbox 1453 967 1500 1018; x_wconf 86' lang='grc' dir='ltr'><strong>οί</strong></span> <span class='ocrx_word' id='word_1_67' title='bbox 1529 966 1667 1035; x_wconf 72' lang='grc' dir='ltr'><strong>ἀμφὶ</strong></span> <span class='ocrx_word' id='word_1_68' title='bbox 1693 964 1812 1016; x_wconf 88' lang='grc' dir='ltr'><strong>Νῶε</strong></span> 
     </span>
    </p>
   </div>
   <div class='ocr_carea' id='block_1_12' title="bbox 255 1053 1814 1125">
    <p class='ocr_par' dir='ltr' id='par_1_12' title="bbox 255 1053 1814 1125">
     <span class='ocr_line' id='line_1_12' title="bbox 255 1053 1814 1125; baseline 0.001 -19"><span class='ocrx_word' id='word_1_69' title='bbox 255 1054 356 1106; x_wconf 76' lang='grc' dir='ltr'><strong>καὶ</strong></span> <span class='ocrx_word' id='word_1_70' title='bbox 385 1056 538 1125; x_wconf 83' lang='grc' dir='ltr'><strong>Σὴμ,</strong></span> <span class='ocrx_word' id='word_1_71' title='bbox 563 1057 652 1108; x_wconf 77' lang='grc' dir='ltr'><strong>καὶ</strong></span> <span class='ocrx_word' id='word_1_72' title='bbox 681 1057 875 1125; x_wconf 77' lang='grc' dir='ltr'><strong>Ἰάφεθ,</strong></span> <span class='ocrx_word' id='word_1_73' title='bbox 905 1056 1068 1125; x_wconf 81' lang='grc' dir='ltr'><strong>Ἑνώχ</strong></span> <span class='ocrx_word' id='word_1_74' title='bbox 1093 1074 1148 1108; x_wconf 85' lang='grc' dir='ltr'><strong>τε</strong></span> <span class='ocrx_word' id='word_1_75' title='bbox 1192 1059 1282 1109; x_wconf 77' lang='grc' dir='ltr'><strong>καὶ</strong></span> <span class='ocrx_word' id='word_1_76' title='bbox 1307 1057 1416 1108; x_wconf 80' lang='grc' dir='ltr'><strong>ὅσοι</strong></span> <span class='ocrx_word' id='word_1_77' title='bbox 1438 1055 1580 1107; x_wconf 82' lang='grc' dir='ltr'><strong>ἄλλοι</strong></span> <span class='ocrx_word' id='word_1_78' title='bbox 1611 1053 1814 1118; x_wconf 78' lang='grc' dir='ltr'><strong>τούτοις</strong></span> 
     </span>
    </p>
   </div>
   <div class='ocr_carea' id='block_1_13' title="bbox 252 1143 1814 1213">
    <p class='ocr_par' dir='ltr' id='par_1_13' title="bbox 252 1143 1814 1213">
     <span class='ocr_line' id='line_1_13' title="bbox 252 1143 1814 1213; baseline 0 -18"><span class='ocrx_word' id='word_1_79' title='bbox 252 1144 528 1211; x_wconf 88' lang='grc' dir='ltr'><strong>γεγόνασι</strong></span> <span class='ocrx_word' id='word_1_80' title='bbox 559 1143 946 1213; x_wconf 79' lang='grc' dir='ltr'><strong>παραπλήσιοι·</strong></span> <span class='ocrx_word' id='word_1_81' title='bbox 979 1144 1169 1196; x_wconf 88' lang='grc' dir='ltr'><strong>δίκαιοι</strong></span> <span class='ocrx_word' id='word_1_82' title='bbox 1196 1144 1322 1210; x_wconf 90' lang='grc' dir='ltr'><strong>γοῦν</strong></span> <span class='ocrx_word' id='word_1_83' title='bbox 1345 1143 1448 1194; x_wconf 79' lang='grc' dir='ltr'><strong>οἵδε</strong></span> <span class='ocrx_word' id='word_1_84' title='bbox 1476 1143 1690 1205; x_wconf 86' lang='grc' dir='ltr'><strong>πάντες,</strong></span> <span class='ocrx_word' id='word_1_85' title='bbox 1722 1143 1814 1195; x_wconf 74' lang='grc' dir='ltr'><strong>καὶ</strong></span> 
     </span>
    </p>
   </div>
   <div class='ocr_carea' id='block_1_14' title="bbox 252 1232 1816 1303">
    <p class='ocr_par' dir='ltr' id='par_1_14' title="bbox 252 1232 1816 1303">
     <span class='ocr_line' id='line_1_14' title="bbox 252 1232 1816 1303; baseline -0.001 -18"><span class='ocrx_word' id='word_1_86' title='bbox 252 1234 519 1296; x_wconf 71' lang='grc' dir='ltr'><strong>εὐσεϐεῖς</strong></span> <span class='ocrx_word' id='word_1_87' title='bbox 559 1234 653 1286; x_wconf 79' lang='grc' dir='ltr'><strong>καὶ</strong></span> <span class='ocrx_word' id='word_1_88' title='bbox 685 1234 974 1302; x_wconf 82' lang='grc' dir='ltr'><strong>Θεοφιλεῖς·</strong></span> <span class='ocrx_word' id='word_1_89' title='bbox 1008 1235 1056 1284; x_wconf 79' lang='grc' dir='ltr'><strong>εἰ</strong></span> <span class='ocrx_word' id='word_1_90' title='bbox 1101 1233 1188 1286; x_wconf 90' lang='grc' dir='ltr'><strong>καί</strong></span> <span class='ocrx_word' id='word_1_91' title='bbox 1219 1250 1357 1295; x_wconf 90' lang='grc' dir='ltr'><strong>τινες</strong></span> <span class='ocrx_word' id='word_1_92' title='bbox 1397 1232 1568 1302; x_wconf 74' lang='grc' dir='ltr'><strong>ἕτεροι</strong></span> <span class='ocrx_word' id='word_1_93' title='bbox 1615 1251 1816 1303; x_wconf 87' lang='grc' dir='ltr'><strong>μαρτυ-</strong></span> 
     </span>
    </p>
   </div>
   <div class='ocr_carea' id='block_1_15' title="bbox 252 1320 1814 1391">
    <p class='ocr_par' dir='ltr' id='par_1_15' title="bbox 252 1320 1814 1391">
     <span class='ocr_line' id='line_1_15' title="bbox 252 1320 1814 1391; baseline -0.001 -18"><span class='ocrx_word' id='word_1_94' title='bbox 252 1321 554 1391; x_wconf 82' lang='grc' dir='ltr'><strong>ρηθέντες,</strong></span> <span class='ocrx_word' id='word_1_95' title='bbox 588 1321 686 1389; x_wconf 71' lang='grc' dir='ltr'><strong>τῆς</strong></span> <span class='ocrx_word' id='word_1_96' title='bbox 723 1322 818 1391; x_wconf 82' lang='grc' dir='ltr'><strong>μὲν</strong></span> <span class='ocrx_word' id='word_1_97' title='bbox 841 1320 976 1374; x_wconf 74' lang='grc' dir='ltr'><strong>κατὰ</strong></span> <span class='ocrx_word' id='word_1_98' title='bbox 1000 1320 1230 1373; x_wconf 82' lang='grc' dir='ltr'><strong>Μωῦσέα</strong></span> <span class='ocrx_word' id='word_1_99' title='bbox 1260 1320 1567 1390; x_wconf 74' lang='grc' dir='ltr'><strong>νομοθεσίας</strong></span> <span class='ocrx_word' id='word_1_100' title='bbox 1589 1322 1814 1390; x_wconf 80' lang='grc' dir='ltr'>πάμπαν</span> 
     </span>
    </p>
   </div>
   <div class='ocr_carea' id='block_1_16' title="bbox 252 1409 1813 1482">
    <p class='ocr_par' dir='ltr' id='par_1_16' title="bbox 252 1409 1813 1482">
     <span class='ocr_line' id='line_1_16' title="bbox 252 1409 1813 1482; baseline -0.001 -19"><span class='ocrx_word' id='word_1_101' title='bbox 252 1413 522 1482; x_wconf 79' lang='grc' dir='ltr'><strong>ὑπῆρχον</strong></span> <span class='ocrx_word' id='word_1_102' title='bbox 547 1411 808 1481; x_wconf 69' lang='grc' dir='ltr'><strong>ἀλλότριοι</strong></span> <span class='ocrx_word' id='word_1_103' title='bbox 831 1427 845 1440; x_wconf 93' lang='grc'><strong>·</strong></span> <span class='ocrx_word' id='word_1_104' title='bbox 876 1409 1220 1478; x_wconf 89' lang='grc' dir='ltr'><strong>προλαϐόντες</strong></span> <span class='ocrx_word' id='word_1_105' title='bbox 1247 1409 1300 1462; x_wconf 83' lang='grc' dir='ltr'><strong>δὲ</strong></span> <span class='ocrx_word' id='word_1_106' title='bbox 1318 1411 1405 1462; x_wconf 90' lang='grc' dir='ltr'><strong>τὸν</strong></span> <span class='ocrx_word' id='word_1_107' title='bbox 1431 1410 1569 1463; x_wconf 88' lang='grc' dir='ltr'><strong>κατὰ</strong></span> <span class='ocrx_word' id='word_1_108' title='bbox 1584 1411 1813 1463; x_wconf 82' lang='grc' dir='ltr'><strong>Μωῡσέα</strong></span> 
     </span>
    </p>
   </div>
   <div class='ocr_carea' id='block_1_17' title="bbox 248 1499 1814 1570">
    <p class='ocr_par' dir='ltr' id='par_1_17' title="bbox 248 1499 1814 1570">
     <span class='ocr_line' id='line_1_17' title="bbox 248 1499 1814 1570; baseline -0.001 -16"><span class='ocrx_word' id='word_1_109' title='bbox 248 1502 495 1570; x_wconf 84' lang='grc' dir='ltr'><strong>τρόπον,</strong></span> <span class='ocrx_word' id='word_1_110' title='bbox 547 1503 676 1570; x_wconf 83' lang='grc' dir='ltr'><strong>ἡμῖν</strong></span> <span class='ocrx_word' id='word_1_111' title='bbox 720 1501 915 1570; x_wconf 80' lang='grc' dir='ltr'><strong>ὁμοίως</strong></span> <span class='ocrx_word' id='word_1_112' title='bbox 946 1503 1009 1569; x_wconf 85' lang='grc' dir='ltr'><strong>τῇ</strong></span> <span class='ocrx_word' id='word_1_113' title='bbox 1059 1499 1193 1552; x_wconf 81' lang='grc' dir='ltr'><strong>κατὰ</strong></span> <span class='ocrx_word' id='word_1_114' title='bbox 1226 1500 1282 1552; x_wconf 87' lang='grc' dir='ltr'><strong>τὸ</strong></span> <span class='ocrx_word' id='word_1_115' title='bbox 1327 1500 1646 1568; x_wconf 82' lang='grc' dir='ltr'><strong>Εύαγγέλιον</strong></span> <span class='ocrx_word' id='word_1_116' title='bbox 1672 1501 1814 1568; x_wconf 81' lang='grc' dir='ltr'><strong>φιλο-</strong></span> 
     </span>
    </p>
   </div>
   <div class='ocr_carea' id='block_1_18' title="bbox 249 1591 790 1662">
    <p class='ocr_par' dir='ltr' id='par_1_18' title="bbox 249 1591 790 1662">
     <span class='ocr_line' id='line_1_18' title="bbox 249 1591 790 1662; baseline -0.002 -18"><span class='ocrx_word' id='word_1_117' title='bbox 249 1592 434 1662; x_wconf 74' lang='grc' dir='ltr'><strong>σοφίᾳ</strong></span> <span class='ocrx_word' id='word_1_118' title='bbox 467 1591 790 1660; x_wconf 70' lang='grc' dir='ltr'><strong>διέλαμῲαν.</strong></span> 
     </span>
    </p>
   </div>
   <div class='ocr_carea' id='block_1_19' title="bbox 321 1702 1812 1775">
    <p class='ocr_par' dir='ltr' id='par_1_19' title="bbox 321 1702 1812 1775">
     <span class='ocr_line' id='line_1_19' title="bbox 321 1702 1812 1775; baseline 0.001 -19"><span class='ocrx_word' id='word_1_119' title='bbox 321 1703 392 1757; x_wconf 84' lang='grc' dir='ltr'><strong>ε’.</strong></span> <span class='ocrx_word' id='word_1_120' title='bbox 450 1705 510 1756; x_wconf 86' lang='grc' dir='ltr'>Ὀ</span> <span class='ocrx_word' id='word_1_121' title='bbox 549 1704 648 1773; x_wconf 86' lang='grc' dir='ltr'><strong>μὲν</strong></span> <span class='ocrx_word' id='word_1_122' title='bbox 679 1702 770 1756; x_wconf 78' lang='grc' dir='ltr'><strong>οὖν</strong></span> <span class='ocrx_word' id='word_1_123' title='bbox 795 1705 1019 1775; x_wconf 87' lang='grc' dir='ltr'><strong>πρῶτος,</strong></span> <span class='ocrx_word' id='word_1_124' title='bbox 1053 1705 1136 1757; x_wconf 76' lang='grc' dir='ltr'><strong>διὰ</strong></span> <span class='ocrx_word' id='word_1_125' title='bbox 1166 1703 1255 1756; x_wconf 85' lang='grc' dir='ltr'><strong>τοῦ</strong></span> <span class='ocrx_word' id='word_1_126' title='bbox 1281 1705 1425 1773; x_wconf 78' lang='grc' dir='ltr'><strong>Ζαρᾶ</strong></span> <span class='ocrx_word' id='word_1_127' title='bbox 1459 1705 1723 1775; x_wconf 79' lang='grc' dir='ltr'><strong>ἐδηλοῦτο,</strong></span> <span class='ocrx_word' id='word_1_128' title='bbox 1756 1705 1812 1768; x_wconf 82' lang='grc' dir='ltr'><strong>ὃς</strong></span> 
     </span>
    </p>
   </div>
   <div class='ocr_carea' id='block_1_20' title="bbox 245 1793 1812 1868">
    <p class='ocr_par' dir='ltr' id='par_1_20' title="bbox 245 1793 1812 1868">
     <span class='ocr_line' id='line_1_20' title="bbox 245 1793 1812 1868; baseline -0.003 -20"><span class='ocrx_word' id='word_1_129' title='bbox 245 1796 636 1868; x_wconf 75' lang='grc' dir='ltr'><strong>ἑρμηνεύεται</strong></span> <span class='ocrx_word' id='word_1_130' title='bbox 705 1798 1009 1862; x_wconf 75' lang='grc' dir='ltr'><strong>Ἀνατολή·</strong></span> <span class='ocrx_word' id='word_1_131' title='bbox 1059 1796 1229 1864; x_wconf 83' lang='grc' dir='ltr'><strong>φωτὸς</strong></span> <span class='ocrx_word' id='word_1_132' title='bbox 1276 1796 1380 1864; x_wconf 78' lang='grc' dir='ltr'><strong>γὰρ</strong></span> <span class='ocrx_word' id='word_1_133' title='bbox 1445 1794 1713 1854; x_wconf 81' lang='grc' dir='ltr'><strong>εὐσεϐείας</strong></span> <span class='ocrx_word' id='word_1_134' title='bbox 1757 1793 1812 1845; x_wconf 79' lang='grc' dir='ltr'><strong>αἱ</strong></span> 
     </span>
    </p>
   </div>
   <div class='ocr_carea' id='block_1_21' title="bbox 245 1883 1814 1955">
    <p class='ocr_par' dir='ltr' id='par_1_21' title="bbox 245 1883 1814 1955">
     <span class='ocr_line' id='line_1_21' title="bbox 245 1883 1814 1955; baseline -0.003 -17"><span class='ocrx_word' id='word_1_135' title='bbox 245 1885 488 1955; x_wconf 80' lang='grc' dir='ltr'><strong>πρῶται</strong></span> <span class='ocrx_word' id='word_1_136' title='bbox 544 1886 640 1954; x_wconf 86' lang='grc' dir='ltr'><strong>τῆς</strong></span> <span class='ocrx_word' id='word_1_137' title='bbox 687 1886 946 1954; x_wconf 74' lang='grc' dir='ltr'><strong>ἀνατολῆς</strong></span> <span class='ocrx_word' id='word_1_138' title='bbox 990 1886 1186 1952; x_wconf 76' lang='grc' dir='ltr'><strong>αὐγαὶ,</strong></span> <span class='ocrx_word' id='word_1_139' title='bbox 1215 1885 1299 1937; x_wconf 78' lang='grc' dir='ltr'><strong>διὰ</strong></span> <span class='ocrx_word' id='word_1_140' title='bbox 1341 1884 1445 1936; x_wconf 85' lang='grc' dir='ltr'><strong>τῶν</strong></span> <span class='ocrx_word' id='word_1_141' title='bbox 1490 1883 1712 1953; x_wconf 87' lang='grc' dir='ltr'><strong>πρώτων</strong></span> <span class='ocrx_word' id='word_1_142' title='bbox 1758 1884 1814 1934; x_wconf 81' lang='grc' dir='ltr'><strong>ἐν</strong></span> 
     </span>
    </p>
   </div>
   <div class='ocr_carea' id='block_1_22' title="bbox 246 1969 1813 2046">
    <p class='ocr_par' dir='ltr' id='par_1_22' title="bbox 246 1969 1813 2046">
     <span class='ocr_line' id='line_1_22' title="bbox 246 1969 1813 2046; baseline -0.001 -18"><span class='ocrx_word' id='word_1_143' title='bbox 246 1974 584 2045; x_wconf 82' lang='grc' dir='ltr'><strong>ἀνθρώποις</strong></span> <span class='ocrx_word' id='word_1_144' title='bbox 621 1976 1022 2046; x_wconf 79' lang='grc' dir='ltr'><strong>εὐσεϐησάντων</strong></span> <span class='ocrx_word' id='word_1_145' title='bbox 1046 1976 1373 2044; x_wconf 72' lang='grc' dir='ltr'><strong>ἐξέλαμψαν·</strong></span> <span class='ocrx_word' id='word_1_146' title='bbox 1401 1969 1500 2026; x_wconf 75' lang='grc' dir='ltr'><strong>οἶοί</strong></span> <span class='ocrx_word' id='word_1_147' title='bbox 1538 1991 1640 2043; x_wconf 91' lang='grc' dir='ltr'><strong>περ</strong></span> <span class='ocrx_word' id='word_1_148' title='bbox 1679 1969 1813 2043; x_wconf 82' lang='grc' dir='ltr'><strong>ἦσαν</strong></span> 
     </span>
    </p>
   </div>
   <div class='ocr_carea' id='block_1_23' title="bbox 243 2061 1815 2135">
    <p class='ocr_par' dir='ltr' id='par_1_23' title="bbox 243 2061 1815 2135">
     <span class='ocr_line' id='line_1_23' title="bbox 243 2061 1815 2135; baseline -0.004 -17"><span class='ocrx_word' id='word_1_149' title='bbox 243 2067 298 2118; x_wconf 76' lang='grc' dir='ltr'><strong>οξ</strong></span> <span class='ocrx_word' id='word_1_150' title='bbox 352 2066 475 2135; x_wconf 85' lang='grc' dir='ltr'><strong>πρὸ</strong></span> <span class='ocrx_word' id='word_1_151' title='bbox 505 2064 781 2128; x_wconf 84' lang='grc' dir='ltr'><strong>Μωῦσέως</strong></span> <span class='ocrx_word' id='word_1_152' title='bbox 822 2067 884 2116; x_wconf 87' lang='grc' dir='ltr'><strong>ὲκ</strong></span> <span class='ocrx_word' id='word_1_153' title='bbox 916 2064 1132 2134; x_wconf 80' lang='grc' dir='ltr'><strong>πρώτης</strong></span> <span class='ocrx_word' id='word_1_154' title='bbox 1171 2065 1463 2134; x_wconf 83' lang='grc' dir='ltr'><strong>ἀνθρώπων</strong></span> <span class='ocrx_word' id='word_1_155' title='bbox 1515 2061 1815 2122; x_wconf 84' lang='grc' dir='ltr'><strong>συστάσεως</strong></span> 
     </span>
    </p>
   </div>
   <div class='ocr_carea' id='block_1_24' title="bbox 245 2151 1816 2223">
    <p class='ocr_par' dir='ltr' id='par_1_24' title="bbox 245 2151 1816 2223">
     <span class='ocr_line' id='line_1_24' title="bbox 245 2151 1816 2223; baseline -0.003 -17"><span class='ocrx_word' id='word_1_156' title='bbox 245 2154 544 2222; x_wconf 74' lang='grc' dir='ltr'><strong>θεοφιλεῖς</strong></span> <span class='ocrx_word' id='word_1_157' title='bbox 592 2152 983 2220; x_wconf 81' lang='grc' dir='ltr'><strong>άποφανθέντες</strong></span> <span class='ocrx_word' id='word_1_158' title='bbox 1005 2171 1018 2182; x_wconf 89' lang='grc'><strong>·</strong></span> <span class='ocrx_word' id='word_1_159' title='bbox 1046 2155 1094 2205; x_wconf 93' lang='grc' dir='ltr'><strong>οἰ</strong></span> <span class='ocrx_word' id='word_1_160' title='bbox 1122 2153 1182 2223; x_wconf 77' lang='grc' dir='ltr'><strong>δὴ</strong></span> <span class='ocrx_word' id='word_1_161' title='bbox 1227 2153 1320 2205; x_wconf 74' lang='grc' dir='ltr'><strong>καὶ</strong></span> <span class='ocrx_word' id='word_1_162' title='bbox 1347 2151 1422 2220; x_wconf 79' lang='grc' dir='ltr'><strong>τῷ</strong></span> <span class='ocrx_word' id='word_1_163' title='bbox 1469 2151 1612 2219; x_wconf 79' lang='grc' dir='ltr'><strong>Ζαρᾷ</strong></span> <span class='ocrx_word' id='word_1_164' title='bbox 1643 2167 1816 2218; x_wconf 80' lang='grc' dir='ltr'><strong>παρα-</strong></span> 
     </span>
    </p>
   </div>
   <div class='ocr_carea' id='block_1_25' title="bbox 244 2241 1814 2312">
    <p class='ocr_par' dir='ltr' id='par_1_25' title="bbox 244 2241 1814 2312">
     <span class='ocr_line' id='line_1_25' title="bbox 244 2241 1814 2312; baseline -0.001 -19"><span class='ocrx_word' id='word_1_165' title='bbox 244 2242 540 2312; x_wconf 81' lang='grc' dir='ltr'><strong>πλησίως,</strong></span> <span class='ocrx_word' id='word_1_166' title='bbox 575 2242 778 2310; x_wconf 87' lang='grc' dir='ltr'><strong>πρῶτοι</strong></span> <span class='ocrx_word' id='word_1_167' title='bbox 832 2242 934 2312; x_wconf 85' lang='grc' dir='ltr'><strong>μὴν</strong></span> <span class='ocrx_word' id='word_1_168' title='bbox 977 2242 1072 2311; x_wconf 80' lang='grc' dir='ltr'><strong>τὴν</strong></span> <span class='ocrx_word' id='word_1_169' title='bbox 1125 2245 1277 2312; x_wconf 83' lang='grc' dir='ltr'><strong>χεῖρα</strong></span> <span class='ocrx_word' id='word_1_170' title='bbox 1324 2241 1674 2312; x_wconf 87' lang='grc' dir='ltr'><strong>προεϐάλοντο</strong></span> <span class='ocrx_word' id='word_1_171' title='bbox 1727 2241 1814 2292; x_wconf 88' lang='grc' dir='ltr'><strong>τὸν</strong></span> 
     </span>
    </p>
   </div>
   <div class='ocr_carea' id='block_1_26' title="bbox 244 2327 1815 2400">
    <p class='ocr_par' dir='ltr' id='par_1_26' title="bbox 244 2327 1815 2400">
     <span class='ocr_line' id='line_1_26' title="bbox 244 2327 1815 2400; baseline -0.003 -19"><span class='ocrx_word' id='word_1_172' title='bbox 244 2330 578 2400; x_wconf 84' lang='grc' dir='ltr'><strong>πρακτικὸν</strong></span> <span class='ocrx_word' id='word_1_173' title='bbox 615 2329 724 2398; x_wconf 79' lang='grc' dir='ltr'><strong>βίον</strong></span> <span class='ocrx_word' id='word_1_174' title='bbox 763 2327 1146 2398; x_wconf 82' lang='grc' dir='ltr'><strong>ὲνδειξάμενοι·</strong></span> <span class='ocrx_word' id='word_1_175' title='bbox 1199 2330 1256 2379; x_wconf 77' lang='grc' dir='ltr'><strong>οὐ</strong></span> <span class='ocrx_word' id='word_1_176' title='bbox 1296 2328 1398 2397; x_wconf 84' lang='grc' dir='ltr'><strong>μὴν</strong></span> <span class='ocrx_word' id='word_1_177' title='bbox 1429 2328 1519 2379; x_wconf 75' lang='grc' dir='ltr'><strong>καὶ</strong></span> <span class='ocrx_word' id='word_1_178' title='bbox 1559 2327 1815 2396; x_wconf 80' lang='grc' dir='ltr'><strong>ὲκράτυνέ</strong></span> 
     </span>
    </p>
   </div>
   <div class='ocr_carea' id='block_1_27' title="bbox 243 2417 1812 2488">
    <p class='ocr_par' dir='ltr' id='par_1_27' title="bbox 243 2417 1812 2488">
     <span class='ocr_line' id='line_1_27' title="bbox 243 2417 1812 2488; baseline -0.003 -16"><span class='ocrx_word' id='word_1_179' title='bbox 243 2437 314 2488; x_wconf 88' lang='grc' dir='ltr'><strong>γε</strong></span> <span class='ocrx_word' id='word_1_180' title='bbox 344 2419 550 2472; x_wconf 79' lang='grc' dir='ltr'><strong>τοῦτον</strong></span> <span class='ocrx_word' id='word_1_181' title='bbox 571 2437 582 2448; x_wconf 85' lang='grc'><strong>·</strong></span> <span class='ocrx_word' id='word_1_182' title='bbox 615 2418 708 2471; x_wconf 90' lang='grc' dir='ltr'><strong>τοῦ</strong></span> <span class='ocrx_word' id='word_1_183' title='bbox 743 2419 800 2471; x_wconf 79' lang='grc' dir='ltr'><strong>δὲ</strong></span> <span class='ocrx_word' id='word_1_184' title='bbox 844 2420 961 2471; x_wconf 84' lang='grc' dir='ltr'><strong>κατ’</strong></span> <span class='ocrx_word' id='word_1_185' title='bbox 989 2420 1177 2481; x_wconf 80' lang='grc' dir='ltr'><strong>αὐτοὺς</strong></span> <span class='ocrx_word' id='word_1_186' title='bbox 1221 2418 1416 2488; x_wconf 85' lang='grc' dir='ltr'><strong>τρόπου</strong></span> <span class='ocrx_word' id='word_1_187' title='bbox 1465 2420 1520 2468; x_wconf 81' lang='grc' dir='ltr'><strong>ὲν</strong></span> <span class='ocrx_word' id='word_1_188' title='bbox 1554 2417 1812 2486; x_wconf 82' lang='grc' dir='ltr'><strong>ὑποστολῇ</strong></span> 
     </span>
    </p>
   </div>
   <div class='ocr_carea' id='block_1_28' title="bbox 244 2506 1812 2580">
    <p class='ocr_par' dir='ltr' id='par_1_28' title="bbox 244 2506 1812 2580">
     <span class='ocr_line' id='line_1_28' title="bbox 244 2506 1812 2580; baseline -0.004 -16"><span class='ocrx_word' id='word_1_189' title='bbox 244 2509 564 2580; x_wconf 81' lang='grc' dir='ltr'><strong>γενομένου</strong></span> <span class='ocrx_word' id='word_1_190' title='bbox 590 2526 604 2539; x_wconf 77' lang='grc' dir='ltr'><strong>ο</strong></span> <span class='ocrx_word' id='word_1_191' title='bbox 637 2509 728 2562; x_wconf 78' lang='grc' dir='ltr'><strong>καὶ</strong></span> <span class='ocrx_word' id='word_1_192' title='bbox 767 2509 950 2578; x_wconf 85' lang='grc' dir='ltr'><strong>ῶσπερ</strong></span> <span class='ocrx_word' id='word_1_193' title='bbox 991 2509 1127 2570; x_wconf 89' lang='grc' dir='ltr'><strong>τινὸς</strong></span> <span class='ocrx_word' id='word_1_194' title='bbox 1167 2506 1412 2577; x_wconf 78' lang='grc' dir='ltr'><strong>φραγμοῦ</strong></span> <span class='ocrx_word' id='word_1_195' title='bbox 1456 2507 1812 2568; x_wconf 80' lang='grc' dir='ltr'><strong>διακοπέντος,</strong></span> 
     </span>
    </p>
   </div>
   <div class='ocr_carea' id='block_1_29' title="bbox 243 2591 1812 2668">
    <p class='ocr_par' dir='ltr' id='par_1_29' title="bbox 243 2591 1812 2668">
     <span class='ocr_line' id='line_1_29' title="bbox 243 2591 1812 2668; baseline -0.006 -17"><span class='ocrx_word' id='word_1_196' title='bbox 243 2598 493 2668; x_wconf 77' lang='grc' dir='ltr'><strong>ἐξῆλθεν</strong></span> <span class='ocrx_word' id='word_1_197' title='bbox 520 2596 550 2646; x_wconf 83' lang='grc' dir='ltr'><strong>ὁ</strong></span> <span class='ocrx_word' id='word_1_198' title='bbox 581 2591 804 2662; x_wconf 79' lang='grc' dir='ltr'><strong>ἀδελφὸς</strong></span> <span class='ocrx_word' id='word_1_199' title='bbox 837 2594 993 2647; x_wconf 77' lang='grc' dir='ltr'><strong>αὐτοῦ</strong></span> <span class='ocrx_word' id='word_1_200' title='bbox 1025 2597 1052 2646; x_wconf 88' lang='lat'><strong>6</strong></span> <span class='ocrx_word' id='word_1_201' title='bbox 1076 2593 1212 2646; x_wconf 79' lang='grc' dir='ltr'><strong>κατὰ</strong></span> <span class='ocrx_word' id='word_1_202' title='bbox 1244 2593 1473 2646; x_wconf 82' lang='grc' dir='ltr'><strong>Μωῦσέα</strong></span> <span class='ocrx_word' id='word_1_203' title='bbox 1501 2592 1637 2660; x_wconf 84' lang='grc' dir='ltr'><strong>βίος·</strong></span> <span class='ocrx_word' id='word_1_204' title='bbox 1667 2593 1724 2643; x_wconf 89' lang='grc' dir='ltr'><strong>ὂν</strong></span> <span class='ocrx_word' id='word_1_205' title='bbox 1752 2593 1812 2662; x_wconf 82' lang='grc' dir='ltr'><strong>δὴ</strong></span> 
     </span>
    </p>
   </div>
   <div class='ocr_carea' id='block_1_30' title="bbox 248 2681 1816 2758">
    <p class='ocr_par' dir='ltr' id='par_1_30' title="bbox 248 2681 1816 2758">
     <span class='ocr_line' id='line_1_30' title="bbox 248 2681 1816 2758; baseline -0.006 -18"><span class='ocrx_word' id='word_1_206' title='bbox 248 2688 587 2758; x_wconf 83' lang='grc' dir='ltr'><strong>μεσότοιχον</strong></span> <span class='ocrx_word' id='word_1_207' title='bbox 617 2684 863 2754; x_wconf 78' lang='grc' dir='ltr'><strong>φραγμὸν</strong></span> <span class='ocrx_word' id='word_1_208' title='bbox 891 2683 1146 2752; x_wconf 76' lang='grc' dir='ltr'><strong>κέκληκεν</strong></span> <span class='ocrx_word' id='word_1_209' title='bbox 1185 2685 1212 2734; x_wconf 86' lang='grc' dir='ltr'><strong>ὁ</strong></span> <span class='ocrx_word' id='word_1_210' title='bbox 1247 2682 1537 2750; x_wconf 84' lang='grc' dir='ltr'><strong>Θαυμάσιος</strong></span> <span class='ocrx_word' id='word_1_211' title='bbox 1571 2681 1816 2731; x_wconf 85' lang='grc' dir='ltr'><strong>Ἀπόστο-</strong></span> 
     </span>
    </p>
   </div>
   <div class='ocr_carea' id='block_1_31' title="bbox 243 2771 1818 2844">
    <p class='ocr_par' dir='ltr' id='par_1_31' title="bbox 243 2771 1818 2844">
     <span class='ocr_line' id='line_1_31' title="bbox 243 2771 1818 2844; baseline -0.003 -15"><span class='ocrx_word' id='word_1_212' title='bbox 243 2779 376 2840; x_wconf 81' lang='grc' dir='ltr'><strong>λος·</strong></span> <span class='ocrx_word' id='word_1_213' title='bbox 417 2776 505 2828; x_wconf 87' lang='grc' dir='ltr'><strong>διὸ</strong></span> <span class='ocrx_word' id='word_1_214' title='bbox 540 2776 635 2826; x_wconf 76' lang='grc' dir='ltr'><strong>καὶ</strong></span> <span class='ocrx_word' id='word_1_215' title='bbox 664 2773 948 2843; x_wconf 82' lang='grc' dir='ltr'><strong>ὠνομάσθη</strong></span> <span class='ocrx_word' id='word_1_216' title='bbox 977 2773 1164 2844; x_wconf 80' lang='grc' dir='ltr'><strong>Φαρὲς,</strong></span> <span class='ocrx_word' id='word_1_217' title='bbox 1194 2773 1289 2840; x_wconf 77' lang='grc' dir='ltr'><strong>τῆς</strong></span> <span class='ocrx_word' id='word_1_218' title='bbox 1318 2774 1410 2824; x_wconf 85' lang='grc' dir='ltr'><strong>τοῦ</strong></span> <span class='ocrx_word' id='word_1_219' title='bbox 1437 2771 1684 2842; x_wconf 79' lang='grc' dir='ltr'><strong>φραγμοῦ</strong></span> <span class='ocrx_word' id='word_1_220' title='bbox 1707 2773 1818 2825; x_wconf 90' lang='grc' dir='ltr'><strong>δια-</strong></span> 
     </span>
    </p>
   </div>
   <div class='ocr_carea' id='block_1_32' title="bbox 245 2863 1812 2936">
    <p class='ocr_par' dir='ltr' id='par_1_32' title="bbox 245 2863 1812 2936">
     <span class='ocr_line' id='line_1_32' title="bbox 245 2863 1812 2936; baseline -0.004 -16"><span class='ocrx_word' id='word_1_221' title='bbox 245 2868 446 2936; x_wconf 85' lang='grc' dir='ltr'><strong>κοπῆς</strong></span> <span class='ocrx_word' id='word_1_222' title='bbox 476 2865 764 2934; x_wconf 81' lang='grc' dir='ltr'><strong>ὲπὼνυμος</strong></span> <span class='ocrx_word' id='word_1_223' title='bbox 784 2881 795 2892; x_wconf 91' lang='grc'><strong>·</strong></span> <span class='ocrx_word' id='word_1_224' title='bbox 820 2863 1170 2934; x_wconf 76' lang='grc' dir='ltr'><strong>ἑρμηνεύεται</strong></span> <span class='ocrx_word' id='word_1_225' title='bbox 1191 2864 1316 2931; x_wconf 85' lang='grc' dir='ltr'><strong>γοῦν</strong></span> <span class='ocrx_word' id='word_1_226' title='bbox 1335 2864 1501 2932; x_wconf 84' lang='grc' dir='ltr'><strong>Φαρὲς</strong></span> <span class='ocrx_word' id='word_1_227' title='bbox 1513 2864 1812 2931; x_wconf 78' lang='grc' dir='ltr'><strong>μερισμός·</strong></span> 
     </span>
    </p>
   </div>
   <div class='ocr_carea' id='block_1_33' title="bbox 244 2953 1817 3024">
    <p class='ocr_par' dir='ltr' id='par_1_33' title="bbox 244 2953 1817 3024">
     <span class='ocr_line' id='line_1_33' title="bbox 244 2953 1817 3024; baseline -0.003 -13"><span class='ocrx_word' id='word_1_228' title='bbox 244 2958 414 3010; x_wconf 74' lang='grc' dir='ltr'><strong>ἔνθεν</strong></span> <span class='ocrx_word' id='word_1_229' title='bbox 447 2957 546 3009; x_wconf 74' lang='grc' dir='ltr'><strong>καὶ</strong></span> <span class='ocrx_word' id='word_1_230' title='bbox 586 2957 863 3024; x_wconf 80' lang='grc' dir='ltr'><strong>Φαρισαῖοι</strong></span> <span class='ocrx_word' id='word_1_231' title='bbox 893 2955 1018 3024; x_wconf 88' lang='grc' dir='ltr'><strong>παρ’</strong></span> <span class='ocrx_word' id='word_1_232' title='bbox 1052 2955 1226 3016; x_wconf 81' lang='grc' dir='ltr'><strong>αὐτοῖς</strong></span> <span class='ocrx_word' id='word_1_233' title='bbox 1255 2954 1556 3024; x_wconf 85' lang='grc' dir='ltr'><strong>διέπρεπον,</strong></span> <span class='ocrx_word' id='word_1_234' title='bbox 1586 2954 1731 3024; x_wconf 81' lang='grc' dir='ltr'><strong>παρὰ</strong></span> <span class='ocrx_word' id='word_1_235' title='bbox 1759 2953 1817 3006; x_wconf 84' lang='grc' dir='ltr'><strong>τὸ</strong></span> 
     </span>
    </p>
   </div>
   <div class='ocr_carea' id='block_1_34' title="bbox 247 3042 1816 3118">
    <p class='ocr_par' dir='ltr' id='par_1_34' title="bbox 247 3042 1816 3118">
     <span class='ocr_line' id='line_1_34' title="bbox 247 3042 1816 3118; baseline -0.004 -19"><span class='ocrx_word' id='word_1_236' title='bbox 247 3046 519 3118; x_wconf 78' lang='grc' dir='ltr'><strong>μερίζειν</strong></span> <span class='ocrx_word' id='word_1_237' title='bbox 546 3046 641 3097; x_wconf 73' lang='grc' dir='ltr'><strong>καὶ</strong></span> <span class='ocrx_word' id='word_1_238' title='bbox 666 3044 938 3112; x_wconf 77' lang='grc' dir='ltr'><strong>ἀφορίζειν</strong></span> <span class='ocrx_word' id='word_1_239' title='bbox 963 3045 1182 3104; x_wconf 75' lang='grc' dir='ltr'><strong>ἑαυτοὺς</strong></span> <span class='ocrx_word' id='word_1_240' title='bbox 1211 3043 1308 3111; x_wconf 83' lang='grc' dir='ltr'><strong>τῆς</strong></span> <span class='ocrx_word' id='word_1_241' title='bbox 1338 3042 1442 3094; x_wconf 88' lang='grc' dir='ltr'><strong>τῶν</strong></span> <span class='ocrx_word' id='word_1_242' title='bbox 1471 3043 1674 3094; x_wconf 83' lang='grc' dir='ltr'><strong>πολλῶν</strong></span> <span class='ocrx_word' id='word_1_243' title='bbox 1703 3045 1816 3093; x_wconf 79' lang='grc' dir='ltr'><strong>επι-</strong></span> 
     </span>
    </p>
   </div>
   <div class='ocr_carea' id='block_1_35' title="bbox 248 3127 1884 3210">
    <p class='ocr_par' dir='ltr' id='par_1_35' title="bbox 248 3127 1884 3210">
     <span class='ocr_line' id='line_1_35' title="bbox 248 3127 1884 3210; baseline -0.006 -20"><span class='ocrx_word' id='word_1_244' title='bbox 248 3137 484 3208; x_wconf 84' lang='grc' dir='ltr'><strong>μιξίας·</strong></span> <span class='ocrx_word' id='word_1_245' title='bbox 523 3136 790 3205; x_wconf 86' lang='grc' dir='ltr'><strong>μακάριον</strong></span> <span class='ocrx_word' id='word_1_246' title='bbox 827 3134 922 3202; x_wconf 84' lang='grc' dir='ltr'><strong>μὲν</strong></span> <span class='ocrx_word' id='word_1_247' title='bbox 955 3130 1043 3185; x_wconf 80' lang='grc' dir='ltr'><strong>οὖν</strong></span> <span class='ocrx_word' id='word_1_248' title='bbox 1077 3133 1166 3184; x_wconf 74' lang='grc' dir='ltr'><strong>καὶ</strong></span> <span class='ocrx_word' id='word_1_249' title='bbox 1209 3132 1338 3183; x_wconf 81' lang='grc' dir='ltr'><strong>πολὺ</strong></span> <span class='ocrx_word' id='word_1_250' title='bbox 1380 3135 1618 3201; x_wconf 88' lang='grc' dir='ltr'><strong>κρεῖττον</strong></span> <span class='ocrx_word' id='word_1_251' title='bbox 1641 3127 1707 3200; x_wconf 82' lang='grc' dir='ltr'><strong>ἦν</strong></span> <span class='ocrx_word' id='word_1_252' title='bbox 1743 3131 1815 3200; x_wconf 77' lang='grc' dir='ltr'><strong>μὴ</strong></span> <span class='ocrx_word' id='word_1_253' title='bbox 1843 3155 1884 3210; x_wconf 76' lang='lat' dir='ltr'><strong>C</strong></span> 
     </span>
    </p>
   </div>
   <div class='ocr_carea' id='block_1_36' title="bbox 243 3221 1817 3296">
    <p class='ocr_par' dir='ltr' id='par_1_36' title="bbox 243 3221 1817 3296">
     <span class='ocr_line' id='line_1_36' title="bbox 243 3221 1817 3296; baseline -0.005 -16"><span class='ocrx_word' id='word_1_254' title='bbox 243 3225 595 3294; x_wconf 81' lang='grc' dir='ltr'><strong>διακοπῆναι</strong></span> <span class='ocrx_word' id='word_1_255' title='bbox 619 3226 710 3277; x_wconf 88' lang='grc' dir='ltr'><strong>τὸν</strong></span> <span class='ocrx_word' id='word_1_256' title='bbox 735 3225 1000 3296; x_wconf 90' lang='grc' dir='ltr'><strong>φραγμὸν,</strong></span> <span class='ocrx_word' id='word_1_257' title='bbox 1029 3224 1120 3274; x_wconf 72' lang='grc' dir='ltr'><strong>ἕνα</strong></span> <span class='ocrx_word' id='word_1_258' title='bbox 1147 3222 1201 3273; x_wconf 83' lang='grc' dir='ltr'><strong>δὲ</strong></span> <span class='ocrx_word' id='word_1_259' title='bbox 1230 3223 1386 3274; x_wconf 78' lang='grc' dir='ltr'><strong>αὐτὸν</strong></span> <span class='ocrx_word' id='word_1_260' title='bbox 1412 3222 1504 3273; x_wconf 71' lang='grc' dir='ltr'><strong>καὶ</strong></span> <span class='ocrx_word' id='word_1_261' title='bbox 1533 3221 1817 3273; x_wconf 84' lang='grc' dir='ltr'><strong>ἀδιάκοπον</strong></span> 
     </span>
    </p>
   </div>
   <div class='ocr_carea' id='block_1_37' title="bbox 248 3310 1815 3387">
    <p class='ocr_par' dir='ltr' id='par_1_37' title="bbox 248 3310 1815 3387">
     <span class='ocr_line' id='line_1_37' title="bbox 248 3310 1815 3387; baseline -0.006 -17"><span class='ocrx_word' id='word_1_262' title='bbox 248 3321 449 3387; x_wconf 81' lang='grc' dir='ltr'><strong>μεῖναι</strong></span> <span class='ocrx_word' id='word_1_263' title='bbox 470 3334 485 3346; x_wconf 92' lang='grc'><strong>·</strong></span> <span class='ocrx_word' id='word_1_264' title='bbox 519 3315 680 3367; x_wconf 83' lang='grc' dir='ltr'><strong>τοῦτο</strong></span> <span class='ocrx_word' id='word_1_265' title='bbox 709 3316 753 3366; x_wconf 82' lang='grc' dir='ltr'><strong>δ’</strong></span> <span class='ocrx_word' id='word_1_266' title='bbox 782 3313 846 3366; x_wconf 85' lang='grc' dir='ltr'><strong>ἂν</strong></span> <span class='ocrx_word' id='word_1_267' title='bbox 876 3314 1091 3381; x_wconf 89' lang='grc' dir='ltr'><strong>γέγονεν</strong></span> <span class='ocrx_word' id='word_1_268' title='bbox 1115 3314 1162 3363; x_wconf 83' lang='grc' dir='ltr'><strong>εί</strong></span> <span class='ocrx_word' id='word_1_269' title='bbox 1203 3311 1280 3380; x_wconf 83' lang='grc' dir='ltr'><strong>τῷ</strong></span> <span class='ocrx_word' id='word_1_270' title='bbox 1313 3311 1409 3380; x_wconf 82' lang='grc' dir='ltr'><strong>τὴν</strong></span> <span class='ocrx_word' id='word_1_271' title='bbox 1438 3313 1591 3380; x_wconf 86' lang='grc' dir='ltr'><strong>χεῖρα</strong></span> <span class='ocrx_word' id='word_1_272' title='bbox 1623 3310 1815 3378; x_wconf 87' lang='grc' dir='ltr'><strong>προϐε-</strong></span> 
     </span>
    </p>
   </div>
   <div class='ocr_carea' id='block_1_38' title="bbox 243 3398 1814 3478">
    <p class='ocr_par' dir='ltr' id='par_1_38' title="bbox 243 3398 1814 3478">
     <span class='ocr_line' id='line_1_38' title="bbox 243 3398 1814 3478; baseline -0.007 -17"><span class='ocrx_word' id='word_1_273' title='bbox 243 3406 527 3478; x_wconf 79' lang='grc' dir='ltr'><strong>ϐλημένῳ</strong></span> <span class='ocrx_word' id='word_1_274' title='bbox 569 3402 801 3474; x_wconf 82' lang='grc' dir='ltr'><strong>πρώτῳ,</strong></span> <span class='ocrx_word' id='word_1_275' title='bbox 852 3399 1306 3470; x_wconf 78' lang='grc' dir='ltr'><strong>συνακολουθήσας</strong></span> <span class='ocrx_word' id='word_1_276' title='bbox 1336 3402 1362 3452; x_wconf 89' lang='lat'><strong>6</strong></span> <span class='ocrx_word' id='word_1_277' title='bbox 1404 3398 1679 3468; x_wconf 88' lang='grc' dir='ltr'><strong>δεύτερος,</strong></span> <span class='ocrx_word' id='word_1_278' title='bbox 1726 3399 1814 3450; x_wconf 90' lang='grc' dir='ltr'><strong>τὸν</strong></span> 
     </span>
    </p>
   </div>
   <div class='ocr_carea' id='block_1_39' title="bbox 242 3485 1815 3564">
    <p class='ocr_par' dir='ltr' id='par_1_39' title="bbox 242 3485 1815 3564">
     <span class='ocr_line' id='line_1_39' title="bbox 242 3485 1815 3564; baseline -0.01 -12"><span class='ocrx_word' id='word_1_279' title='bbox 242 3498 422 3552; x_wconf 80' lang='grc' dir='ltr'><strong>αὐτὸν</strong></span> <span class='ocrx_word' id='word_1_280' title='bbox 477 3495 680 3564; x_wconf 79' lang='grc' dir='ltr'><strong>τρόπον</strong></span> <span class='ocrx_word' id='word_1_281' title='bbox 733 3491 1106 3544; x_wconf 75' lang='grc' dir='ltr'><strong>ἐπολιτεύσατο</strong></span> <span class='ocrx_word' id='word_1_282' title='bbox 1125 3505 1136 3517; x_wconf 87' lang='grc'><strong>·</strong></span> <span class='ocrx_word' id='word_1_283' title='bbox 1177 3491 1307 3540; x_wconf 79' lang='grc' dir='ltr'><strong>πολὺ</strong></span> <span class='ocrx_word' id='word_1_284' title='bbox 1345 3489 1449 3558; x_wconf 86' lang='grc' dir='ltr'><strong>γὰρ</strong></span> <span class='ocrx_word' id='word_1_285' title='bbox 1495 3485 1560 3557; x_wconf 76' lang='grc' dir='ltr'><strong>ἦν</strong></span> <span class='ocrx_word' id='word_1_286' title='bbox 1616 3486 1815 3555; x_wconf 83' lang='grc' dir='ltr'><strong>βέλτιον</strong></span> 
     </span>
    </p>
   </div>
   <div class='ocr_carea' id='block_1_40' title="bbox 241 3575 1814 3651">
    <p class='ocr_par' dir='ltr' id='par_1_40' title="bbox 241 3575 1814 3651">
     <span class='ocr_line' id='line_1_40' title="bbox 241 3575 1814 3651; baseline -0.008 -11"><span class='ocrx_word' id='word_1_287' title='bbox 241 3590 363 3650; x_wconf 84' lang='grc' dir='ltr'><strong>τοῖς</strong></span> <span class='ocrx_word' id='word_1_288' title='bbox 397 3587 473 3637; x_wconf 82' lang='grc' dir='ltr'><strong>ὲκ</strong></span> <span class='ocrx_word' id='word_1_289' title='bbox 510 3583 812 3651; x_wconf 80' lang='grc' dir='ltr'><strong>περιτομῆς</strong></span> <span class='ocrx_word' id='word_1_290' title='bbox 855 3582 901 3632; x_wconf 81' lang='grc' dir='ltr'><strong>εἰ</strong></span> <span class='ocrx_word' id='word_1_291' title='bbox 937 3578 1072 3632; x_wconf 84' lang='grc' dir='ltr'><strong>κατὰ</strong></span> <span class='ocrx_word' id='word_1_292' title='bbox 1101 3579 1190 3630; x_wconf 86' lang='grc' dir='ltr'><strong>τὸν</strong></span> <span class='ocrx_word' id='word_1_293' title='bbox 1235 3577 1345 3645; x_wconf 85' lang='grc' dir='ltr'><strong>βίον</strong></span> <span class='ocrx_word' id='word_1_294' title='bbox 1388 3577 1492 3628; x_wconf 87' lang='grc' dir='ltr'><strong>τῶν</strong></span> <span class='ocrx_word' id='word_1_295' title='bbox 1513 3575 1814 3646; x_wconf 81' lang='grc' dir='ltr'><strong>οπρόπαλαι</strong></span> 
     </span>
    </p>
   </div>
   <div class='ocr_carea' id='block_1_41' title="bbox 243 3666 1814 3746">
    <p class='ocr_par' dir='ltr' id='par_1_41' title="bbox 243 3666 1814 3746">
     <span class='ocr_line' id='line_1_41' title="bbox 243 3666 1814 3746; baseline -0.009 -16"><span class='ocrx_word' id='word_1_296' title='bbox 243 3675 533 3746; x_wconf 77' lang='grc' dir='ltr'><strong>θεοφιλῶν</strong></span> <span class='ocrx_word' id='word_1_297' title='bbox 565 3671 864 3742; x_wconf 82' lang='grc' dir='ltr'><strong>ἀνθρώπων</strong></span> <span class='ocrx_word' id='word_1_298' title='bbox 895 3670 1180 3738; x_wconf 76' lang='grc' dir='ltr'><strong>ἐτύγχανον</strong></span> <span class='ocrx_word' id='word_1_299' title='bbox 1223 3667 1656 3734; x_wconf 77' lang='grc' dir='ltr'><strong>πεπολιτευμένοι</strong></span> <span class='ocrx_word' id='word_1_300' title='bbox 1678 3682 1691 3693; x_wconf 90' lang='grc'><strong>·</strong></span> <span class='ocrx_word' id='word_1_301' title='bbox 1725 3666 1814 3717; x_wconf 74' lang='grc' dir='ltr'><strong>καὶ</strong></span> 
     </span>
    </p>
   </div>
   <div class='ocr_carea' id='block_1_42' title="bbox 239 3755 1813 3840">
    <p class='ocr_par' dir='ltr' id='par_1_42' title="bbox 239 3755 1813 3840">
     <span class='ocr_line' id='line_1_42' title="bbox 239 3755 1813 3840; baseline -0.01 -18"><span class='ocrx_word' id='word_1_302' title='bbox 239 3769 398 3821; x_wconf 79' lang='grc' dir='ltr'><strong>οὕτω</strong></span> <span class='ocrx_word' id='word_1_303' title='bbox 437 3766 555 3840; x_wconf 78' lang='grc' dir='ltr'><strong>γᾲρ</strong></span> <span class='ocrx_word' id='word_1_304' title='bbox 588 3759 657 3832; x_wconf 78' lang='grc' dir='ltr'><strong>ἦν</strong></span> <span class='ocrx_word' id='word_1_305' title='bbox 682 3757 760 3823; x_wconf 72' lang='grc' dir='ltr'><strong>εἷς</strong></span> <span class='ocrx_word' id='word_1_306' title='bbox 788 3763 816 3812; x_wconf 89' lang='lat'><strong>6</strong></span> <span class='ocrx_word' id='word_1_307' title='bbox 846 3760 1110 3830; x_wconf 86' lang='grc' dir='ltr'><strong>φραγμὸς,</strong></span> <span class='ocrx_word' id='word_1_308' title='bbox 1140 3758 1229 3809; x_wconf 73' lang='grc' dir='ltr'><strong>καὶ</strong></span> <span class='ocrx_word' id='word_1_309' title='bbox 1251 3757 1346 3828; x_wconf 88' lang='grc' dir='ltr'><strong>μία</strong></span> <span class='ocrx_word' id='word_1_310' title='bbox 1371 3759 1404 3824; x_wconf 85' lang='grc' dir='ltr'>ἡ</span> <span class='ocrx_word' id='word_1_311' title='bbox 1433 3757 1680 3825; x_wconf 74' lang='grc' dir='ltr'><strong>οἰκοδομὴ</strong></span> <span class='ocrx_word' id='word_1_312' title='bbox 1709 3755 1813 3807; x_wconf 86' lang='grc' dir='ltr'><strong>τῶν</strong></span> 
     </span>
    </p>
   </div>
   <div class='ocr_carea' id='block_1_43' title="bbox 237 3848 1128 3925">
    <p class='ocr_par' dir='ltr' id='par_1_43' title="bbox 237 3848 1128 3925">
     <span class='ocr_line' id='line_1_43' title="bbox 237 3848 1128 3925; baseline -0.015 -15"><span class='ocrx_word' id='word_1_313' title='bbox 237 3873 301 3910; x_wconf 79' lang='grc' dir='ltr'><strong>τε</strong></span> <span class='ocrx_word' id='word_1_314' title='bbox 331 3853 589 3925; x_wconf 84' lang='grc' dir='ltr'><strong>πρώτων</strong></span> <span class='ocrx_word' id='word_1_315' title='bbox 622 3850 716 3902; x_wconf 72' lang='grc' dir='ltr'><strong>καὶ</strong></span> <span class='ocrx_word' id='word_1_316' title='bbox 739 3848 845 3901; x_wconf 85' lang='grc' dir='ltr'><strong>τῶν</strong></span> <span class='ocrx_word' id='word_1_317' title='bbox 871 3848 1128 3899; x_wconf 82' lang='grc' dir='ltr'><strong>ὑστάτων.</strong></span> 
     </span>
    </p>
   </div>
   <div class='ocr_carea' id='block_1_44' title="bbox 314 3935 1812 4011">
    <p class='ocr_par' dir='ltr' id='par_1_44' title="bbox 314 3935 1812 4011">
     <span class='ocr_line' id='line_1_44' title="bbox 314 3935 1812 4011; baseline -0.005 -17"><span class='ocrx_word' id='word_1_318' title='bbox 314 3945 400 4011; x_wconf 82' lang='grc' dir='ltr'><strong>ς’.</strong></span> <span class='ocrx_word' id='word_1_319' title='bbox 467 3940 688 4009; x_wconf 80' lang='grc' dir='ltr'><strong>Ἐπειδὴ</strong></span> <span class='ocrx_word' id='word_1_320' title='bbox 717 3939 772 3991; x_wconf 77' lang='grc' dir='ltr'><strong>δὲ</strong></span> <span class='ocrx_word' id='word_1_321' title='bbox 809 3938 881 4008; x_wconf 82' lang='grc' dir='ltr'><strong>μὴ</strong></span> <span class='ocrx_word' id='word_1_322' title='bbox 905 3938 991 3990; x_wconf 90' lang='grc' dir='ltr'><strong>τὸν</strong></span> <span class='ocrx_word' id='word_1_323' title='bbox 1025 3936 1230 4007; x_wconf 86' lang='grc' dir='ltr'><strong>πρῶτον</strong></span> <span class='ocrx_word' id='word_1_324' title='bbox 1263 3935 1527 4007; x_wconf 80' lang='grc' dir='ltr'><strong>κρατῆσαι</strong></span> <span class='ocrx_word' id='word_1_325' title='bbox 1558 3935 1747 4004; x_wconf 85' lang='grc' dir='ltr'><strong>τρόπον</strong></span> <span class='ocrx_word' id='word_1_326' title='bbox 1779 3936 1812 4004; x_wconf 85' lang='grc' dir='ltr'><strong>ἡ</strong></span> 
     </span>
    </p>
   </div>
   <div class='ocr_carea' id='block_1_45' title="bbox 238 4027 1814 4100">
    <p class='ocr_par' dir='ltr' id='par_1_45' title="bbox 238 4027 1814 4100">
     <span class='ocr_line' id='line_1_45' title="bbox 238 4027 1814 4100; baseline -0.009 -9"><span class='ocrx_word' id='word_1_327' title='bbox 238 4039 355 4090; x_wconf 84' lang='grc' dir='ltr'><strong>τῶν</strong></span> <span class='ocrx_word' id='word_1_328' title='bbox 392 4033 678 4100; x_wconf 81' lang='grc' dir='ltr'><strong>δευτέρων</strong></span> <span class='ocrx_word' id='word_1_329' title='bbox 705 4028 1069 4098; x_wconf 80' lang='grc' dir='ltr'><strong>συνεχώρησεν</strong></span> <span class='ocrx_word' id='word_1_330' title='bbox 1099 4027 1362 4090; x_wconf 84' lang='grc' dir='ltr'><strong>ἀσθένεια,</strong></span> <span class='ocrx_word' id='word_1_331' title='bbox 1396 4027 1650 4095; x_wconf 86' lang='grc' dir='ltr'><strong>διακοπῆς</strong></span> <span class='ocrx_word' id='word_1_332' title='bbox 1675 4027 1814 4078; x_wconf 79' lang='grc' dir='ltr'><strong>εἰκό-</strong></span> 
     </span>
    </p>
   </div>
   <div class='ocr_carea' id='block_1_46' title="bbox 234 4115 1810 4189">
    <p class='ocr_par' dir='ltr' id='par_1_46' title="bbox 234 4115 1810 4189">
     <span class='ocr_line' id='line_1_46' title="bbox 234 4115 1810 4189; baseline -0.01 -11"><span class='ocrx_word' id='word_1_333' title='bbox 234 4144 353 4189; x_wconf 78' lang='grc' dir='ltr'><strong>τως</strong></span> <span class='ocrx_word' id='word_1_334' title='bbox 378 4123 490 4177; x_wconf 83' lang='grc' dir='ltr'><strong>τοῦ</strong></span> <span class='ocrx_word' id='word_1_335' title='bbox 526 4120 670 4174; x_wconf 81' lang='grc' dir='ltr'><strong>κατὰ</strong></span> <span class='ocrx_word' id='word_1_336' title='bbox 707 4119 834 4171; x_wconf 87' lang='grc' dir='ltr'><strong>Θεὸν</strong></span> <span class='ocrx_word' id='word_1_337' title='bbox 856 4117 1102 4188; x_wconf 83' lang='grc' dir='ltr'><strong>φραγμοῦ</strong></span> <span class='ocrx_word' id='word_1_338' title='bbox 1129 4117 1435 4186; x_wconf 83' lang='grc' dir='ltr'><strong>γενομένης,</strong></span> <span class='ocrx_word' id='word_1_339' title='bbox 1461 4115 1550 4168; x_wconf 84' lang='grc' dir='ltr'><strong>τοῦ</strong></span> <span class='ocrx_word' id='word_1_340' title='bbox 1569 4133 1624 4168; x_wconf 88' lang='grc' dir='ltr'><strong>τε</strong></span> <span class='ocrx_word' id='word_1_341' title='bbox 1655 4133 1810 4184; x_wconf 83' lang='grc' dir='ltr'><strong>μεσο-</strong></span> 
     </span>
    </p>
   </div>
   <div class='ocr_carea' id='block_1_47' title="bbox 234 4205 1812 4284">
    <p class='ocr_par' dir='ltr' id='par_1_47' title="bbox 234 4205 1812 4284">
     <span class='ocr_line' id='line_1_47' title="bbox 234 4205 1812 4284; baseline -0.008 -16"><span class='ocrx_word' id='word_1_342' title='bbox 234 4217 438 4284; x_wconf 82' lang='grc' dir='ltr'><strong>τοίχου</strong></span> <span class='ocrx_word' id='word_1_343' title='bbox 469 4211 568 4263; x_wconf 86' lang='grc' dir='ltr'><strong>τοῦ</strong></span> <span class='ocrx_word' id='word_1_344' title='bbox 596 4205 848 4279; x_wconf 80' lang='grc' dir='ltr'><strong>φραγμοῦ</strong></span> <span class='ocrx_word' id='word_1_345' title='bbox 881 4205 1324 4276; x_wconf 77' lang='grc' dir='ltr'><strong>παραϐληθέντος,</strong></span> <span class='ocrx_word' id='word_1_346' title='bbox 1355 4207 1382 4256; x_wconf 90' lang='lat'><strong>6</strong></span> <span class='ocrx_word' id='word_1_347' title='bbox 1408 4205 1568 4257; x_wconf 86' lang='grc' dir='ltr'><strong>πάλαι</strong></span> <span class='ocrx_word' id='word_1_348' title='bbox 1605 4206 1812 4275; x_wconf 84' lang='grc' dir='ltr'><strong>πρῶτος</strong></span> 
     </span>
    </p>
   </div>
   <div class='ocr_carea' id='block_1_48' title="bbox 231 4293 1812 4374">
    <p class='ocr_par' dir='ltr' id='par_1_48' title="bbox 231 4293 1812 4374">
     <span class='ocr_line' id='line_1_48' title="bbox 231 4293 1812 4374; baseline -0.001 -25"><span class='ocrx_word' id='word_1_349' title='bbox 231 4305 339 4374; x_wconf 75' lang='grc' dir='ltr'><strong>τὴν</strong></span> <span class='ocrx_word' id='word_1_350' title='bbox 376 4304 554 4374; x_wconf 82' lang='grc' dir='ltr'><strong>χεῖρα</strong></span> <span class='ocrx_word' id='word_1_351' title='bbox 605 4296 907 4367; x_wconf 84' lang='grc' dir='ltr'><strong>προτείνας,</strong></span> <span class='ocrx_word' id='word_1_352' title='bbox 941 4295 1182 4363; x_wconf 84' lang='grc' dir='ltr'><strong>δεύτερος</strong></span> <span class='ocrx_word' id='word_1_353' title='bbox 1213 4293 1400 4358; x_wconf 75' lang='grc' dir='ltr'><strong>ἔξεισιν</strong></span> <span class='ocrx_word' id='word_1_354' title='bbox 1449 4296 1526 4355; x_wconf 72' lang='grc' dir='ltr'><strong>εἰς</strong></span> <span class='ocrx_word' id='word_1_355' title='bbox 1554 4294 1684 4362; x_wconf 84' lang='grc' dir='ltr'><strong>φῶς,</strong></span> <span class='ocrx_word' id='word_1_356' title='bbox 1727 4295 1812 4347; x_wconf 82' lang='grc' dir='ltr'><strong>διὰ</strong></span> 
     </span>
    </p>
   </div>
   <div class='ocr_carea' id='block_1_49' title="bbox 230 4379 1808 4460">
    <p class='ocr_par' dir='ltr' id='par_1_49' title="bbox 230 4379 1808 4460">
     <span class='ocr_line' id='line_1_49' title="bbox 230 4379 1808 4460; baseline -0.01 -12"><span class='ocrx_word' id='word_1_357' title='bbox 230 4396 334 4448; x_wconf 84' lang='grc' dir='ltr'><strong>τοῦ</strong></span> <span class='ocrx_word' id='word_1_358' title='bbox 374 4379 649 4460; x_wconf 69' lang='grc' dir='ltr'><strong>Σωτῆρος</strong></span> <span class='ocrx_word' id='word_1_359' title='bbox 676 4386 830 4456; x_wconf 82' lang='grc' dir='ltr'><strong>ἡμῶν</strong></span> <span class='ocrx_word' id='word_1_360' title='bbox 874 4382 1042 4454; x_wconf 85' lang='grc' dir='ltr'><strong>Ἰησοῦ</strong></span> <span class='ocrx_word' id='word_1_361' title='bbox 1092 4385 1319 4453; x_wconf 87' lang='grc' dir='ltr'><strong>Χριστοῦ</strong></span> <span class='ocrx_word' id='word_1_362' title='bbox 1365 4383 1456 4436; x_wconf 90' lang='grc' dir='ltr'><strong>τοῦ</strong></span> <span class='ocrx_word' id='word_1_363' title='bbox 1493 4383 1580 4434; x_wconf 87' lang='grc' dir='ltr'><strong>τὸν</strong></span> <span class='ocrx_word' id='word_1_364' title='bbox 1618 4383 1808 4436; x_wconf 83' lang='grc' dir='ltr'><strong>παλαί-</strong></span> 
     </span>
    </p>
   </div>
   <div class='ocr_carea' id='block_1_50' title="bbox 1915 601 3440 672">
    <p class='ocr_par' dir='ltr' id='par_1_50' title="bbox 1915 601 3440 672">
     <span class='ocr_line' id='line_1_50' title="bbox 1915 601 3440 672; baseline -0.003 -12"><span class='ocrx_word' id='word_1_365' title='bbox 1915 603 2309 672; x_wconf 86' lang='lat' dir='ltr'><strong>comprobatur.</strong></span> <span class='ocrx_word' id='word_1_366' title='bbox 2348 601 2472 655; x_wconf 89' lang='lat' dir='ltr'><strong>Erat</strong></span> <span class='ocrx_word' id='word_1_367' title='bbox 2493 611 2669 655; x_wconf 89' lang='lat' dir='ltr'><strong>autem</strong></span> <span class='ocrx_word' id='word_1_368' title='bbox 2701 611 2823 656; x_wconf 90' lang='lat' dir='ltr'><strong>ante</strong></span> <span class='ocrx_word' id='word_1_369' title='bbox 2851 601 3083 672; x_wconf 77' lang='lat' dir='ltr'><strong>Moysem</strong></span> <span class='ocrx_word' id='word_1_370' title='bbox 3111 603 3318 672; x_wconf 91' lang='lat' dir='ltr'><strong>piorum</strong></span> <span class='ocrx_word' id='word_1_371' title='bbox 3341 602 3440 656; x_wconf 85' lang='lat' dir='ltr'><strong>ho-</strong></span> 
     </span>
    </p>
   </div>
   <div class='ocr_carea' id='block_1_51' title="bbox 1915 689 3439 762">
    <p class='ocr_par' dir='ltr' id='par_1_51' title="bbox 1915 689 3439 762">
     <span class='ocr_line' id='line_1_51' title="bbox 1915 689 3439 762; baseline 0 -16"><span class='ocrx_word' id='word_1_372' title='bbox 1915 695 2113 747; x_wconf 84' lang='lat' dir='ltr'><strong>tninutn</strong></span> <span class='ocrx_word' id='word_1_373' title='bbox 2137 693 2244 746; x_wconf 86' lang='lat' dir='ltr'><strong>vita</strong></span> <span class='ocrx_word' id='word_1_374' title='bbox 2276 693 2566 747; x_wconf 90' lang='lat' dir='ltr'><strong>secundum</strong></span> <span class='ocrx_word' id='word_1_375' title='bbox 2609 691 2808 748; x_wconf 78' lang='lat' dir='ltr'><strong>Christi</strong></span> <span class='ocrx_word' id='word_1_376' title='bbox 2843 689 3218 762; x_wconf 78' lang='lat' dir='ltr'><strong>Evangelium;</strong></span> <span class='ocrx_word' id='word_1_377' title='bbox 3247 691 3301 746; x_wconf 90' lang='lat' dir='ltr'><strong>in</strong></span> <span class='ocrx_word' id='word_1_378' title='bbox 3332 707 3439 761; x_wconf 88' lang='lat' dir='ltr'><strong>qua</strong></span> 
     </span>
    </p>
   </div>
   <div class='ocr_carea' id='block_1_52' title="bbox 1911 781 3436 846">
    <p class='ocr_par' dir='ltr' id='par_1_52' title="bbox 1911 781 3436 846">
     <span class='ocr_line' id='line_1_52' title="bbox 1911 781 3436 846; baseline 0 -10"><span class='ocrx_word' id='word_1_379' title='bbox 1911 783 2225 837; x_wconf 84' lang='lat' dir='ltr'><strong>excelluisse</strong></span> <span class='ocrx_word' id='word_1_380' title='bbox 2252 782 2533 836; x_wconf 89' lang='lat' dir='ltr'><strong>traduntur</strong></span> <span class='ocrx_word' id='word_1_381' title='bbox 2556 782 2913 846; x_wconf 84' lang='lat' dir='ltr'><strong>Ahrahamus,</strong></span> <span class='ocrx_word' id='word_1_382' title='bbox 2939 781 3436 845; x_wconf 87' lang='lat' dir='ltr'><strong>lsaacus,Jacobus,</strong></span> 
     </span>
    </p>
   </div>
   <div class='ocr_carea' id='block_1_53' title="bbox 1913 871 3438 942">
    <p class='ocr_par' dir='ltr' id='par_1_53' title="bbox 1913 871 3438 942">
     <span class='ocr_line' id='line_1_53' title="bbox 1913 871 3438 942; baseline -0.001 -15"><span class='ocrx_word' id='word_1_383' title='bbox 1913 873 2327 929; x_wconf 75' lang='lat' dir='ltr'><strong>Melchisedecus</strong></span> <span class='ocrx_word' id='word_1_384' title='bbox 2365 882 2522 941; x_wconf 90' lang='lat' dir='ltr'><strong>atque</strong></span> <span class='ocrx_word' id='word_1_385' title='bbox 2547 871 2713 927; x_wconf 83' lang='lat' dir='ltr'><strong>Jobus</strong></span> <span class='ocrx_word' id='word_1_386' title='bbox 2743 892 2755 926; x_wconf 93' lang='lat'>:</span> <span class='ocrx_word' id='word_1_387' title='bbox 2789 881 2840 926; x_wconf 89' lang='lat' dir='ltr'><strong>et</strong></span> <span class='ocrx_word' id='word_1_388' title='bbox 2885 875 3050 926; x_wconf 90' lang='lat' dir='ltr'><strong>multo</strong></span> <span class='ocrx_word' id='word_1_389' title='bbox 3099 873 3184 928; x_wconf 86' lang='lat' dir='ltr'><strong>his</strong></span> <span class='ocrx_word' id='word_1_390' title='bbox 3230 874 3438 942; x_wconf 85' lang='lat' dir='ltr'><strong>priores</strong></span> 
     </span>
    </p>
   </div>
   <div class='ocr_carea' id='block_1_54' title="bbox 1912 961 3438 1032">
    <p class='ocr_par' dir='ltr' id='par_1_54' title="bbox 1912 961 3438 1032">
     <span class='ocr_line' id='line_1_54' title="bbox 1912 961 3438 1032; baseline 0 -16"><span class='ocrx_word' id='word_1_391' title='bbox 1912 962 2182 1022; x_wconf 82' lang='lat' dir='ltr'><strong>Noachus,</strong></span> <span class='ocrx_word' id='word_1_392' title='bbox 2230 961 2441 1026; x_wconf 91' lang='lat' dir='ltr'><strong>Semus,</strong></span> <span class='ocrx_word' id='word_1_393' title='bbox 2473 973 2633 1032; x_wconf 88' lang='lat' dir='ltr'><strong>atque</strong></span> <span class='ocrx_word' id='word_1_394' title='bbox 2684 961 2962 1031; x_wconf 86' lang='lat' dir='ltr'><strong>Japhetus.</strong></span> <span class='ocrx_word' id='word_1_395' title='bbox 2993 970 3045 1016; x_wconf 90' lang='lat' dir='ltr'><strong>et</strong></span> <span class='ocrx_word' id='word_1_396' title='bbox 3082 962 3352 1028; x_wconf 86' lang='lat' dir='ltr'><strong>Enochus,</strong></span> <span class='ocrx_word' id='word_1_397' title='bbox 3384 972 3438 1018; x_wconf 84' lang='lat' dir='ltr'><strong>et</strong></span> 
     </span>
    </p>
   </div>
   <div class='ocr_carea' id='block_1_55' title="bbox 1913 1049 3438 1121">
    <p class='ocr_par' dir='ltr' id='par_1_55' title="bbox 1913 1049 3438 1121">
     <span class='ocr_line' id='line_1_55' title="bbox 1913 1049 3438 1121; baseline 0.003 -16"><span class='ocrx_word' id='word_1_398' title='bbox 1913 1061 2170 1121; x_wconf 89' lang='lat' dir='ltr'><strong>quotquot</strong></span> <span class='ocrx_word' id='word_1_399' title='bbox 2194 1052 2278 1106; x_wconf 90' lang='lat' dir='ltr'><strong>his</strong></span> <span class='ocrx_word' id='word_1_400' title='bbox 2307 1053 2508 1107; x_wconf 87' lang='lat' dir='ltr'><strong>similes</strong></span> <span class='ocrx_word' id='word_1_401' title='bbox 2543 1052 2777 1108; x_wconf 81' lang='lat' dir='ltr'><strong>fuerunt.</strong></span> <span class='ocrx_word' id='word_1_402' title='bbox 2813 1049 2950 1105; x_wconf 85' lang='lat' dir='ltr'><strong>Justi</strong></span> <span class='ocrx_word' id='word_1_403' title='bbox 2982 1052 3144 1120; x_wconf 80' lang='lat' dir='ltr'><strong>igitur</strong></span> <span class='ocrx_word' id='word_1_404' title='bbox 3164 1054 3218 1106; x_wconf 87' lang='lat' dir='ltr'><strong>hi</strong></span> <span class='ocrx_word' id='word_1_405' title='bbox 3249 1070 3438 1108; x_wconf 88' lang='lat' dir='ltr'><strong>omnes</strong></span> 
     </span>
    </p>
   </div>
   <div class='ocr_carea' id='block_1_56' title="bbox 1913 1142 3438 1211">
    <p class='ocr_par' dir='ltr' id='par_1_56' title="bbox 1913 1142 3438 1211">
     <span class='ocr_line' id='line_1_56' title="bbox 1913 1142 3438 1211; baseline 0.003 -15"><span class='ocrx_word' id='word_1_406' title='bbox 1913 1151 1966 1196; x_wconf 90' lang='lat' dir='ltr'><strong>et</strong></span> <span class='ocrx_word' id='word_1_407' title='bbox 1995 1142 2068 1211; x_wconf 88' lang='lat' dir='ltr'><strong>pii</strong></span> <span class='ocrx_word' id='word_1_408' title='bbox 2101 1157 2162 1196; x_wconf 89' lang='lat' dir='ltr'><strong>ac</strong></span> <span class='ocrx_word' id='word_1_409' title='bbox 2184 1142 2290 1196; x_wconf 88' lang='lat' dir='ltr'><strong>Deo</strong></span> <span class='ocrx_word' id='word_1_410' title='bbox 2319 1142 2537 1196; x_wconf 85' lang='lat' dir='ltr'><strong>dilecti:</strong></span> <span class='ocrx_word' id='word_1_411' title='bbox 2577 1151 2630 1196; x_wconf 92' lang='lat' dir='ltr'><strong>et</strong></span> <span class='ocrx_word' id='word_1_412' title='bbox 2668 1142 2880 1210; x_wconf 88' lang='lat' dir='ltr'><strong>quidem</strong></span> <span class='ocrx_word' id='word_1_413' title='bbox 2909 1142 3112 1210; x_wconf 87' lang='lat' dir='ltr'><strong>aliquot</strong></span> <span class='ocrx_word' id='word_1_414' title='bbox 3141 1143 3228 1196; x_wconf 92' lang='lat' dir='ltr'><strong>alii</strong></span> <span class='ocrx_word' id='word_1_415' title='bbox 3257 1144 3438 1199; x_wconf 83' lang='lat' dir='ltr'><strong>ferun—</strong></span> 
     </span>
    </p>
   </div>
   <div class='ocr_carea' id='block_1_57' title="bbox 1912 1230 3440 1298">
    <p class='ocr_par' dir='ltr' id='par_1_57' title="bbox 1912 1230 3440 1298">
     <span class='ocr_line' id='line_1_57' title="bbox 1912 1230 3440 1298; baseline 0.005 -16"><span class='ocrx_word' id='word_1_416' title='bbox 1912 1240 2019 1294; x_wconf 91' lang='lat' dir='ltr'><strong>tur,</strong></span> <span class='ocrx_word' id='word_1_417' title='bbox 2048 1246 2182 1298; x_wconf 90' lang='lat' dir='ltr'><strong>quos</strong></span> <span class='ocrx_word' id='word_1_418' title='bbox 2221 1245 2253 1283; x_wconf 83' lang='lat' dir='ltr'><strong>a</strong></span> <span class='ocrx_word' id='word_1_419' title='bbox 2286 1230 2514 1284; x_wconf 80' lang='lat' dir='ltr'><strong>Mosaica</strong></span> <span class='ocrx_word' id='word_1_420' title='bbox 2546 1232 2659 1298; x_wconf 80' lang='lat' dir='ltr'><strong>lege</strong></span> <span class='ocrx_word' id='word_1_421' title='bbox 2689 1230 2853 1284; x_wconf 90' lang='lat' dir='ltr'><strong>fuisse</strong></span> <span class='ocrx_word' id='word_1_422' title='bbox 2884 1230 3086 1284; x_wconf 84' lang='lat' dir='ltr'><strong>alienos</strong></span> <span class='ocrx_word' id='word_1_423' title='bbox 3116 1231 3168 1284; x_wconf 90' lang='lat' dir='ltr'><strong>in</strong></span> <span class='ocrx_word' id='word_1_424' title='bbox 3192 1233 3440 1290; x_wconf 85' lang='lat' dir='ltr'><strong>confesso</strong></span> 
     </span>
    </p>
   </div>
   <div class='ocr_carea' id='block_1_58' title="bbox 1911 1315 3436 1385">
    <p class='ocr_par' dir='ltr' id='par_1_58' title="bbox 1911 1315 3436 1385">
     <span class='ocr_line' id='line_1_58' title="bbox 1911 1315 3436 1385; baseline -0.001 -14"><span class='ocrx_word' id='word_1_425' title='bbox 1911 1323 2010 1371; x_wconf 90' lang='lat' dir='ltr'><strong>est.</strong></span> <span class='ocrx_word' id='word_1_426' title='bbox 2037 1315 2298 1370; x_wconf 84' lang='lat' dir='ltr'><strong>Nimirum</strong></span> <span class='ocrx_word' id='word_1_427' title='bbox 2347 1317 2401 1369; x_wconf 91' lang='lat' dir='ltr'><strong>hi</strong></span> <span class='ocrx_word' id='word_1_428' title='bbox 2447 1323 2822 1385; x_wconf 62' lang='lat' dir='ltr'><strong>praevertentes</strong></span> <span class='ocrx_word' id='word_1_429' title='bbox 2874 1315 3162 1368; x_wconf 85' lang='lat' dir='ltr'><strong>Mosaicum</strong></span> <span class='ocrx_word' id='word_1_430' title='bbox 3214 1331 3436 1379; x_wconf 86' lang='lat' dir='ltr'><strong>morem,</strong></span> 
     </span>
    </p>
   </div>
   <div class='ocr_carea' id='block_1_59' title="bbox 1912 1407 3439 1477">
    <p class='ocr_par' dir='ltr' id='par_1_59' title="bbox 1912 1407 3439 1477">
     <span class='ocr_line' id='line_1_59' title="bbox 1912 1407 3439 1477; baseline 0.002 -18"><span class='ocrx_word' id='word_1_431' title='bbox 1912 1407 2025 1477; x_wconf 90' lang='lat' dir='ltr'><strong>pari</strong></span> <span class='ocrx_word' id='word_1_432' title='bbox 2080 1407 2359 1462; x_wconf 89' lang='lat' dir='ltr'><strong>nobiscum</strong></span> <span class='ocrx_word' id='word_1_433' title='bbox 2420 1408 2752 1476; x_wconf 87' lang='lat' dir='ltr'><strong>philosophia</strong></span> <span class='ocrx_word' id='word_1_434' title='bbox 2792 1407 3095 1475; x_wconf 83' lang='lat' dir='ltr'><strong>evangelica</strong></span> <span class='ocrx_word' id='word_1_435' title='bbox 3155 1407 3439 1476; x_wconf 89' lang='lat' dir='ltr'><strong>splendue-</strong></span> 
     </span>
    </p>
   </div>
   <div class='ocr_carea' id='block_1_60' title="bbox 1911 1505 2053 1551">
    <p class='ocr_par' dir='ltr' id='par_1_60' title="bbox 1911 1505 2053 1551">
     <span class='ocr_line' id='line_1_60' title="bbox 1911 1505 2053 1551; baseline -0.007 -2"><span class='ocrx_word' id='word_1_436' title='bbox 1911 1505 2053 1551; x_wconf 83' lang='lat' dir='ltr'><strong>runt.</strong></span> 
     </span>
    </p>
   </div>
   <div class='ocr_carea' id='block_1_61' title="bbox 1980 1695 3439 1768">
    <p class='ocr_par' dir='ltr' id='par_1_61' title="bbox 1980 1695 3439 1768">
     <span class='ocr_line' id='line_1_61' title="bbox 1980 1695 3439 1768; baseline -0.003 -14"><span class='ocrx_word' id='word_1_437' title='bbox 1980 1702 2030 1755; x_wconf 78' lang='grc'><strong>5.</strong></span> <span class='ocrx_word' id='word_1_438' title='bbox 2055 1699 2118 1753; x_wconf 89' lang='lat' dir='ltr'><strong>Et</strong></span> <span class='ocrx_word' id='word_1_439' title='bbox 2149 1701 2236 1753; x_wconf 89' lang='lat' dir='ltr'><strong>illa</strong></span> <span class='ocrx_word' id='word_1_440' title='bbox 2263 1698 2473 1768; x_wconf 91' lang='lat' dir='ltr'><strong>quidem</strong></span> <span class='ocrx_word' id='word_1_441' title='bbox 2504 1700 2650 1768; x_wconf 90' lang='lat' dir='ltr'><strong>prior</strong></span> <span class='ocrx_word' id='word_1_442' title='bbox 2683 1698 2789 1751; x_wconf 87' lang='lat' dir='ltr'><strong>vita</strong></span> <span class='ocrx_word' id='word_1_443' title='bbox 2821 1711 2848 1748; x_wconf 92' lang='lat' dir='ltr'><strong>a</strong></span> <span class='ocrx_word' id='word_1_444' title='bbox 2898 1695 3031 1750; x_wconf 87' lang='lat' dir='ltr'><strong>Zara</strong></span> <span class='ocrx_word' id='word_1_445' title='bbox 3083 1697 3439 1766; x_wconf 86' lang='lat' dir='ltr'><strong>portendeba-</strong></span> 
     </span>
    </p>
   </div>
   <div class='ocr_carea' id='block_1_62' title="bbox 1914 1783 3437 1857">
    <p class='ocr_par' dir='ltr' id='par_1_62' title="bbox 1914 1783 3437 1857">
     <span class='ocr_line' id='line_1_62' title="bbox 1914 1783 3437 1857; baseline -0.001 -17"><span class='ocrx_word' id='word_1_446' title='bbox 1914 1797 2022 1852; x_wconf 83' lang='lat' dir='ltr'><strong>tur,</strong></span> <span class='ocrx_word' id='word_1_447' title='bbox 2057 1803 2213 1857; x_wconf 87' lang='lat' dir='ltr'><strong>quem</strong></span> <span class='ocrx_word' id='word_1_448' title='bbox 2268 1787 2532 1841; x_wconf 80' lang='lat' dir='ltr'><strong>Orientem</strong></span> <span class='ocrx_word' id='word_1_449' title='bbox 2561 1788 2996 1853; x_wconf 85' lang='lat' dir='ltr'><strong>interpretamur.</strong></span> <span class='ocrx_word' id='word_1_450' title='bbox 3046 1783 3249 1838; x_wconf 81' lang='lat' dir='ltr'><strong>Pietate</strong></span> <span class='ocrx_word' id='word_1_451' title='bbox 3295 1787 3437 1840; x_wconf 88' lang='lat' dir='ltr'><strong>enim</strong></span> 
     </span>
    </p>
   </div>
   <div class='ocr_carea' id='block_1_63' title="bbox 1914 1876 3440 1948">
    <p class='ocr_par' dir='ltr' id='par_1_63' title="bbox 1914 1876 3440 1948">
     <span class='ocr_line' id='line_1_63' title="bbox 1914 1876 3440 1948; baseline -0.003 -15"><span class='ocrx_word' id='word_1_452' title='bbox 1914 1883 2148 1935; x_wconf 85' lang='lat' dir='ltr'><strong>lucentes</strong></span> <span class='ocrx_word' id='word_1_453' title='bbox 2179 1880 2334 1948; x_wconf 89' lang='lat' dir='ltr'><strong>primi</strong></span> <span class='ocrx_word' id='word_1_454' title='bbox 2373 1879 2596 1932; x_wconf 85' lang='lat' dir='ltr'><strong>orientis</strong></span> <span class='ocrx_word' id='word_1_455' title='bbox 2625 1877 2758 1929; x_wconf 86' lang='lat' dir='ltr'><strong>radii</strong></span> <span class='ocrx_word' id='word_1_456' title='bbox 2799 1893 2892 1946; x_wconf 88' lang='lat' dir='ltr'><strong>per</strong></span> <span class='ocrx_word' id='word_1_457' title='bbox 2915 1891 3030 1940; x_wconf 90' lang='lat' dir='ltr'><strong>eos,</strong></span> <span class='ocrx_word' id='word_1_458' title='bbox 3054 1878 3142 1945; x_wconf 88' lang='lat' dir='ltr'><strong>qui</strong></span> <span class='ocrx_word' id='word_1_459' title='bbox 3163 1877 3320 1944; x_wconf 89' lang='lat' dir='ltr'><strong>primi</strong></span> <span class='ocrx_word' id='word_1_460' title='bbox 3356 1876 3440 1929; x_wconf 88' lang='lat' dir='ltr'><strong>in-</strong></span> 
     </span>
    </p>
   </div>
   <div class='ocr_carea' id='block_1_64' title="bbox 1912 1965 3437 2037">
    <p class='ocr_par' dir='ltr' id='par_1_64' title="bbox 1912 1965 3437 2037">
     <span class='ocr_line' id='line_1_64' title="bbox 1912 1965 3437 2037; baseline -0.006 -11"><span class='ocrx_word' id='word_1_461' title='bbox 1912 1982 1994 2026; x_wconf 90' lang='lat' dir='ltr'><strong>ter</strong></span> <span class='ocrx_word' id='word_1_462' title='bbox 2021 1972 2264 2025; x_wconf 86' lang='lat' dir='ltr'><strong>homines</strong></span> <span class='ocrx_word' id='word_1_463' title='bbox 2293 1969 2526 2037; x_wconf 82' lang='lat' dir='ltr'><strong>religiosi</strong></span> <span class='ocrx_word' id='word_1_464' title='bbox 2553 1966 2720 2026; x_wconf 85' lang='lat' dir='ltr'><strong>fuere.</strong></span> <span class='ocrx_word' id='word_1_465' title='bbox 2741 1969 3073 2022; x_wconf 90' lang='lat' dir='ltr'><strong>emicuerunt</strong></span> <span class='ocrx_word' id='word_1_466' title='bbox 3096 1984 3109 2019; x_wconf 91' lang='lat'><strong>:</strong></span> <span class='ocrx_word' id='word_1_467' title='bbox 3137 1965 3437 2034; x_wconf 71' lang='lat' dir='ltr'><strong>cuiusmodi</strong></span> 
     </span>
    </p>
   </div>
   <div class='ocr_carea' id='block_1_65' title="bbox 1913 2055 3436 2127">
    <p class='ocr_par' dir='ltr' id='par_1_65' title="bbox 1913 2055 3436 2127">
     <span class='ocr_line' id='line_1_65' title="bbox 1913 2055 3436 2127; baseline -0.005 -12"><span class='ocrx_word' id='word_1_468' title='bbox 1913 2070 2066 2116; x_wconf 88' lang='lat' dir='ltr'><strong>erant</strong></span> <span class='ocrx_word' id='word_1_469' title='bbox 2112 2060 2146 2112; x_wconf 90' lang='lat' dir='ltr'><strong>ii</strong></span> <span class='ocrx_word' id='word_1_470' title='bbox 2171 2060 2261 2127; x_wconf 92' lang='lat' dir='ltr'><strong>qui</strong></span> <span class='ocrx_word' id='word_1_471' title='bbox 2291 2067 2412 2112; x_wconf 84' lang='lat' dir='ltr'><strong>ante</strong></span> <span class='ocrx_word' id='word_1_472' title='bbox 2440 2058 2670 2127; x_wconf 85' lang='lat' dir='ltr'><strong>Moysem</strong></span> <span class='ocrx_word' id='word_1_473' title='bbox 2702 2058 2811 2125; x_wconf 85' lang='lat' dir='ltr'><strong>jam</strong></span> <span class='ocrx_word' id='word_1_474' title='bbox 2842 2057 2966 2112; x_wconf 91' lang='lat' dir='ltr'><strong>inde</strong></span> <span class='ocrx_word' id='word_1_475' title='bbox 2995 2071 3024 2108; x_wconf 90' lang='lat' dir='ltr'><strong>a</strong></span> <span class='ocrx_word' id='word_1_476' title='bbox 3051 2056 3223 2124; x_wconf 88' lang='lat' dir='ltr'><strong>prima</strong></span> <span class='ocrx_word' id='word_1_477' title='bbox 3261 2055 3436 2108; x_wconf 88' lang='lat' dir='ltr'><strong>homi-</strong></span> 
     </span>
    </p>
   </div>
   <div class='ocr_carea' id='block_1_66' title="bbox 1913 2146 3435 2214">
    <p class='ocr_par' dir='ltr' id='par_1_66' title="bbox 1913 2146 3435 2214">
     <span class='ocr_line' id='line_1_66' title="bbox 1913 2146 3435 2214; baseline -0.004 -10"><span class='ocrx_word' id='word_1_478' title='bbox 1913 2166 2039 2204; x_wconf 88' lang='lat' dir='ltr'><strong>num</strong></span> <span class='ocrx_word' id='word_1_479' title='bbox 2075 2149 2342 2203; x_wconf 87' lang='lat' dir='ltr'><strong>crcatione</strong></span> <span class='ocrx_word' id='word_1_480' title='bbox 2369 2157 2610 2202; x_wconf 80' lang='lat' dir='ltr'><strong>sanctum</strong></span> <span class='ocrx_word' id='word_1_481' title='bbox 2632 2146 2719 2200; x_wconf 90' lang='lat' dir='ltr'><strong>Dei</strong></span> <span class='ocrx_word' id='word_1_482' title='bbox 2745 2146 2946 2200; x_wconf 87' lang='lat' dir='ltr'><strong>cultum</strong></span> <span class='ocrx_word' id='word_1_483' title='bbox 2975 2161 3083 2214; x_wconf 63' lang='lat' dir='ltr'><strong>pra:</strong></span> <span class='ocrx_word' id='word_1_484' title='bbox 3099 2161 3156 2200; x_wconf 90' lang='lat' dir='ltr'><strong>se</strong></span> <span class='ocrx_word' id='word_1_485' title='bbox 3180 2147 3435 2200; x_wconf 88' lang='lat' dir='ltr'><strong>tulerttnt.</strong></span> 
     </span>
    </p>
   </div>
   <div class='ocr_carea' id='block_1_67' title="bbox 1912 2235 3439 2312">
    <p class='ocr_par' dir='ltr' id='par_1_67' title="bbox 1912 2235 3439 2312">
     <span class='ocr_line' id='line_1_67' title="bbox 1912 2235 3439 2312; baseline -0.003 -19"><span class='ocrx_word' id='word_1_486' title='bbox 1912 2243 2085 2312; x_wconf 81' lang='lat' dir='ltr'><strong>Atque</strong></span> <span class='ocrx_word' id='word_1_487' title='bbox 2116 2239 2169 2291; x_wconf 89' lang='lat' dir='ltr'><strong>hi</strong></span> <span class='ocrx_word' id='word_1_488' title='bbox 2202 2253 2307 2291; x_wconf 92' lang='lat' dir='ltr'><strong>non</strong></span> <span class='ocrx_word' id='word_1_489' title='bbox 2337 2253 2492 2292; x_wconf 87' lang='lat' dir='ltr'><strong>secus</strong></span> <span class='ocrx_word' id='word_1_490' title='bbox 2523 2245 2683 2306; x_wconf 89' lang='lat' dir='ltr'><strong>atque</strong></span> <span class='ocrx_word' id='word_1_491' title='bbox 2715 2236 2849 2288; x_wconf 86' lang='lat' dir='ltr'><strong>Zara</strong></span> <span class='ocrx_word' id='word_1_492' title='bbox 2879 2235 3036 2304; x_wconf 89' lang='lat' dir='ltr'><strong>primi</strong></span> <span class='ocrx_word' id='word_1_493' title='bbox 3073 2251 3288 2289; x_wconf 89' lang='lat' dir='ltr'><strong>manum</strong></span> <span class='ocrx_word' id='word_1_494' title='bbox 3317 2251 3439 2304; x_wconf 91' lang='lat' dir='ltr'><strong>pro-</strong></span> 
     </span>
    </p>
   </div>
   <div class='ocr_carea' id='block_1_68' title="bbox 1915 2325 3437 2399">
    <p class='ocr_par' dir='ltr' id='par_1_68' title="bbox 1915 2325 3437 2399">
     <span class='ocr_line' id='line_1_68' title="bbox 1915 2325 3437 2399; baseline -0.001 -17"><span class='ocrx_word' id='word_1_495' title='bbox 1915 2329 2219 2399; x_wconf 86' lang='lat' dir='ltr'><strong>tenderunt,</strong></span> <span class='ocrx_word' id='word_1_496' title='bbox 2256 2329 2466 2382; x_wconf 87' lang='lat' dir='ltr'><strong>solertis</strong></span> <span class='ocrx_word' id='word_1_497' title='bbox 2512 2327 2632 2379; x_wconf 67' lang='lat' dir='ltr'><strong>vitae</strong></span> <span class='ocrx_word' id='word_1_498' title='bbox 2676 2326 2878 2379; x_wconf 91' lang='lat' dir='ltr'><strong>indicio</strong></span> <span class='ocrx_word' id='word_1_499' title='bbox 2918 2325 3076 2392; x_wconf 89' lang='lat' dir='ltr'><strong>facto,</strong></span> <span class='ocrx_word' id='word_1_500' title='bbox 3107 2341 3211 2395; x_wconf 88' lang='lat' dir='ltr'><strong>qua</strong></span> <span class='ocrx_word' id='word_1_501' title='bbox 3261 2335 3437 2380; x_wconf 89' lang='lat' dir='ltr'><strong>tamen</strong></span> 
     </span>
    </p>
   </div>
   <div class='ocr_carea' id='block_1_69' title="bbox 1914 2415 3436 2484">
    <p class='ocr_par' dir='ltr' id='par_1_69' title="bbox 1914 2415 3436 2484">
     <span class='ocr_line' id='line_1_69' title="bbox 1914 2415 3436 2484; baseline -0.001 -16"><span class='ocrx_word' id='word_1_502' title='bbox 1914 2431 2020 2469; x_wconf 89' lang='lat' dir='ltr'><strong>non</strong></span> <span class='ocrx_word' id='word_1_503' title='bbox 2048 2424 2173 2469; x_wconf 91' lang='lat' dir='ltr'><strong>sunt</strong></span> <span class='ocrx_word' id='word_1_504' title='bbox 2215 2415 2389 2484; x_wconf 90' lang='lat' dir='ltr'><strong>potiti,</strong></span> <span class='ocrx_word' id='word_1_505' title='bbox 2421 2415 2660 2468; x_wconf 89' lang='lat' dir='ltr'><strong>moribus</strong></span> <span class='ocrx_word' id='word_1_506' title='bbox 2701 2429 2884 2468; x_wconf 89' lang='lat' dir='ltr'><strong>eorum</strong></span> <span class='ocrx_word' id='word_1_507' title='bbox 2935 2428 2992 2468; x_wconf 91' lang='lat' dir='ltr'><strong>se</strong></span> <span class='ocrx_word' id='word_1_508' title='bbox 3021 2415 3436 2469; x_wconf 86' lang='lat' dir='ltr'><strong>retrahentibus.</strong></span> 
     </span>
    </p>
   </div>
   <div class='ocr_carea' id='block_1_70' title="bbox 1915 2504 3441 2574">
    <p class='ocr_par' dir='ltr' id='par_1_70' title="bbox 1915 2504 3441 2574">
     <span class='ocr_line' id='line_1_70' title="bbox 1915 2504 3441 2574; baseline -0.001 -16"><span class='ocrx_word' id='word_1_509' title='bbox 1915 2507 2084 2574; x_wconf 83' lang='lat' dir='ltr'><strong>Atque</strong></span> <span class='ocrx_word' id='word_1_510' title='bbox 2126 2507 2337 2559; x_wconf 89' lang='lat' dir='ltr'><strong>interim</strong></span> <span class='ocrx_word' id='word_1_511' title='bbox 2390 2506 2621 2566; x_wconf 74' lang='lat' dir='ltr'><strong>maceria</strong></span> <span class='ocrx_word' id='word_1_512' title='bbox 2674 2504 2836 2557; x_wconf 90' lang='lat' dir='ltr'><strong>veluti</strong></span> <span class='ocrx_word' id='word_1_513' title='bbox 2881 2504 3075 2567; x_wconf 89' lang='lat' dir='ltr'><strong>divisa,</strong></span> <span class='ocrx_word' id='word_1_514' title='bbox 3102 2506 3231 2558; x_wconf 80' lang='lat' dir='ltr'><strong>exiit</strong></span> <span class='ocrx_word' id='word_1_515' title='bbox 3275 2505 3441 2560; x_wconf 79' lang='lat' dir='ltr'><strong>frater</strong></span> 
     </span>
    </p>
   </div>
   <div class='ocr_carea' id='block_1_71' title="bbox 1914 2593 3438 2665">
    <p class='ocr_par' dir='ltr' id='par_1_71' title="bbox 1914 2593 3438 2665">
     <span class='ocr_line' id='line_1_71' title="bbox 1914 2593 3438 2665; baseline 0.001 -17"><span class='ocrx_word' id='word_1_516' title='bbox 1914 2597 2051 2663; x_wconf 86' lang='lat' dir='ltr'><strong>ejus,</strong></span> <span class='ocrx_word' id='word_1_517' title='bbox 2074 2595 2192 2649; x_wconf 82' lang='lat' dir='ltr'><strong>vitae</strong></span> <span class='ocrx_word' id='word_1_518' title='bbox 2229 2596 2478 2648; x_wconf 89' lang='lat' dir='ltr'><strong>nimirum</strong></span> <span class='ocrx_word' id='word_1_519' title='bbox 2503 2595 2794 2649; x_wconf 91' lang='lat' dir='ltr'><strong>secundum</strong></span> <span class='ocrx_word' id='word_1_520' title='bbox 2834 2593 3066 2664; x_wconf 82' lang='lat' dir='ltr'><strong>Moysem</strong></span> <span class='ocrx_word' id='word_1_521' title='bbox 3088 2610 3277 2663; x_wconf 78' lang='lat' dir='ltr'><strong>genus,</strong></span> <span class='ocrx_word' id='word_1_522' title='bbox 3299 2597 3438 2665; x_wconf 89' lang='lat' dir='ltr'><strong>quod</strong></span> 
     </span>
    </p>
   </div>
   <div class='ocr_carea' id='block_1_72' title="bbox 1915 2684 3437 2754">
    <p class='ocr_par' dir='ltr' id='par_1_72' title="bbox 1915 2684 3437 2754">
     <span class='ocr_line' id='line_1_72' title="bbox 1915 2684 3437 2754; baseline 0.002 -17"><span class='ocrx_word' id='word_1_523' title='bbox 1915 2684 2148 2737; x_wconf 89' lang='lat' dir='ltr'><strong>medium</strong></span> <span class='ocrx_word' id='word_1_524' title='bbox 2201 2685 2456 2754; x_wconf 86' lang='lat' dir='ltr'><strong>parietem</strong></span> <span class='ocrx_word' id='word_1_525' title='bbox 2492 2684 2749 2738; x_wconf 85' lang='lat' dir='ltr'><strong>mirificus</strong></span> <span class='ocrx_word' id='word_1_526' title='bbox 2779 2684 3067 2753; x_wconf 86' lang='lat' dir='ltr'><strong>Apostolus</strong></span> <span class='ocrx_word' id='word_1_527' title='bbox 3111 2685 3396 2753; x_wconf 87' lang='lat' dir='ltr'><strong>appellavit</strong></span> <span class='ocrx_word' id='word_1_528' title='bbox 3425 2707 3437 2740; x_wconf 91' lang='lat'><strong>:</strong></span> 
     </span>
    </p>
   </div>
   <div class='ocr_carea' id='block_1_73' title="bbox 1915 2771 3442 2842">
    <p class='ocr_par' dir='ltr' id='par_1_73' title="bbox 1915 2771 3442 2842">
     <span class='ocr_line' id='line_1_73' title="bbox 1915 2771 3442 2842; baseline 0.001 -17"><span class='ocrx_word' id='word_1_529' title='bbox 1915 2787 2081 2840; x_wconf 88' lang='lat' dir='ltr'><strong>quare</strong></span> <span class='ocrx_word' id='word_1_530' title='bbox 2113 2780 2165 2826; x_wconf 88' lang='lat' dir='ltr'><strong>et</strong></span> <span class='ocrx_word' id='word_1_531' title='bbox 2197 2773 2283 2826; x_wconf 91' lang='lat' dir='ltr'><strong>ille</strong></span> <span class='ocrx_word' id='word_1_532' title='bbox 2320 2773 2519 2826; x_wconf 82' lang='lat' dir='ltr'><strong>Phares</strong></span> <span class='ocrx_word' id='word_1_533' title='bbox 2547 2779 2766 2826; x_wconf 89' lang='lat' dir='ltr'><strong>vocatus</strong></span> <span class='ocrx_word' id='word_1_534' title='bbox 2797 2771 2918 2834; x_wconf 89' lang='lat' dir='ltr'><strong>fuit,</strong></span> <span class='ocrx_word' id='word_1_535' title='bbox 2935 2771 3158 2830; x_wconf 80' lang='lat' dir='ltr'><strong>nomine</strong></span> <span class='ocrx_word' id='word_1_536' title='bbox 3178 2781 3389 2842; x_wconf 93' lang='lat' dir='ltr'><strong>sumpto</strong></span> <span class='ocrx_word' id='word_1_537' title='bbox 3412 2790 3442 2827; x_wconf 84' lang='lat' dir='ltr'><strong>a</strong></span> 
     </span>
    </p>
   </div>
   <div class='ocr_carea' id='block_1_74' title="bbox 1916 2857 3444 2926">
    <p class='ocr_par' dir='ltr' id='par_1_74' title="bbox 1916 2857 3444 2926">
     <span class='ocr_line' id='line_1_74' title="bbox 1916 2857 3444 2926; baseline 0 -14"><span class='ocrx_word' id='word_1_538' title='bbox 1916 2860 2158 2912; x_wconf 70' lang='lat' dir='ltr'><strong>maceriae</strong></span> <span class='ocrx_word' id='word_1_539' title='bbox 2187 2859 2447 2913; x_wconf 87' lang='lat' dir='ltr'><strong>divisione</strong></span> <span class='ocrx_word' id='word_1_540' title='bbox 2471 2878 2482 2911; x_wconf 91' lang='lat'>:</span> <span class='ocrx_word' id='word_1_541' title='bbox 2517 2857 2715 2912; x_wconf 88' lang='lat' dir='ltr'><strong>Phares</strong></span> <span class='ocrx_word' id='word_1_542' title='bbox 2737 2858 2931 2926; x_wconf 88' lang='lat' dir='ltr'><strong>quippe</strong></span> <span class='ocrx_word' id='word_1_543' title='bbox 2959 2859 3253 2926; x_wconf 81' lang='lat' dir='ltr'><strong>explicatur</strong></span> <span class='ocrx_word' id='word_1_544' title='bbox 3279 2861 3444 2926; x_wconf 79' lang='lat' dir='ltr'><strong>parti-</strong></span> 
     </span>
    </p>
   </div>
   <div class='ocr_carea' id='block_1_75' title="bbox 1919 2947 3531 3016">
    <p class='ocr_par' dir='ltr' id='par_1_75' title="bbox 1919 2947 3531 3016">
     <span class='ocr_line' id='line_1_75' title="bbox 1919 2947 3531 3016; baseline 0.001 -16"><span class='ocrx_word' id='word_1_545' title='bbox 1919 2950 2008 3001; x_wconf 84' lang='lat' dir='ltr'><strong>tio.</strong></span> <span class='ocrx_word' id='word_1_546' title='bbox 2034 2948 2168 3002; x_wconf 82' lang='lat' dir='ltr'><strong>Hinc</strong></span> <span class='ocrx_word' id='word_1_547' title='bbox 2189 2960 2240 3002; x_wconf 90' lang='lat' dir='ltr'><strong>et</strong></span> <span class='ocrx_word' id='word_1_548' title='bbox 2264 2947 2516 3003; x_wconf 72' lang='lat' dir='ltr'><strong>Phariszei</strong></span> <span class='ocrx_word' id='word_1_549' title='bbox 2540 2948 2676 3016; x_wconf 87' lang='lat' dir='ltr'><strong>apud</strong></span> <span class='ocrx_word' id='word_1_550' title='bbox 2701 2947 2915 3002; x_wconf 68' lang='lat' dir='ltr'><strong>Iudaeos</strong></span> <span class='ocrx_word' id='word_1_551' title='bbox 2943 2948 3294 3013; x_wconf 84' lang='lat' dir='ltr'><strong>excellebant,</strong></span> <span class='ocrx_word' id='word_1_552' title='bbox 3317 2949 3443 3016; x_wconf 90' lang='lat' dir='ltr'><strong>quia</strong></span> <span class='ocrx_word' id='word_1_553' title='bbox 3527 2981 3531 2986; x_wconf 93' lang='lat'><em>-</em></span> 
     </span>
    </p>
   </div>
   <div class='ocr_carea' id='block_1_76' title="bbox 1918 3038 3442 3107">
    <p class='ocr_par' dir='ltr' id='par_1_76' title="bbox 1918 3038 3442 3107">
     <span class='ocr_line' id='line_1_76' title="bbox 1918 3038 3442 3107; baseline 0.001 -15"><span class='ocrx_word' id='word_1_554' title='bbox 1918 3055 1974 3092; x_wconf 89' lang='lat' dir='ltr'><strong>se</strong></span> <span class='ocrx_word' id='word_1_555' title='bbox 2003 3054 2095 3107; x_wconf 87' lang='lat' dir='ltr'><strong>per</strong></span> <span class='ocrx_word' id='word_1_556' title='bbox 2131 3039 2414 3106; x_wconf 87' lang='lat' dir='ltr'><strong>quamdam</strong></span> <span class='ocrx_word' id='word_1_557' title='bbox 2443 3038 2720 3092; x_wconf 81' lang='lat' dir='ltr'><strong>factionem</strong></span> <span class='ocrx_word' id='word_1_558' title='bbox 2755 3053 2783 3090; x_wconf 89' lang='lat' dir='ltr'><strong>a</strong></span> <span class='ocrx_word' id='word_1_559' title='bbox 2837 3039 3192 3092; x_wconf 88' lang='lat' dir='ltr'><strong>multitudinis</strong></span> <span class='ocrx_word' id='word_1_560' title='bbox 3221 3041 3442 3094; x_wconf 88' lang='lat' dir='ltr'><strong>commi-</strong></span> 
     </span>
    </p>
   </div>
   <div class='ocr_carea' id='block_1_77' title="bbox 1918 3128 3445 3199">
    <p class='ocr_par' dir='ltr' id='par_1_77' title="bbox 1918 3128 3445 3199">
     <span class='ocr_line' id='line_1_77' title="bbox 1918 3128 3445 3199; baseline 0.001 -17"><span class='ocrx_word' id='word_1_561' title='bbox 1918 3129 2090 3182; x_wconf 90' lang='lat' dir='ltr'><strong>stione</strong></span> <span class='ocrx_word' id='word_1_562' title='bbox 2112 3130 2474 3197; x_wconf 80' lang='lat' dir='ltr'><strong>sejnnxerant.</strong></span> <span class='ocrx_word' id='word_1_563' title='bbox 2503 3129 2713 3182; x_wconf 87' lang='lat' dir='ltr'><strong>Beatius</strong></span> <span class='ocrx_word' id='word_1_564' title='bbox 2744 3128 2906 3197; x_wconf 81' lang='lat' dir='ltr'><strong>igitur</strong></span> <span class='ocrx_word' id='word_1_565' title='bbox 2935 3131 3210 3199; x_wconf 87' lang='lat' dir='ltr'><strong>multoque</strong></span> <span class='ocrx_word' id='word_1_566' title='bbox 3253 3131 3445 3186; x_wconf 86' lang='lat' dir='ltr'><strong>melius</strong></span> 
     </span>
    </p>
   </div>
   <div class='ocr_carea' id='block_1_78' title="bbox 1922 3218 3444 3289">
    <p class='ocr_par' dir='ltr' id='par_1_78' title="bbox 1922 3218 3444 3289">
     <span class='ocr_line' id='line_1_78' title="bbox 1922 3218 3444 3289; baseline 0.001 -17"><span class='ocrx_word' id='word_1_567' title='bbox 1922 3219 2110 3274; x_wconf 84' lang='lat' dir='ltr'><strong>fuisset</strong></span> <span class='ocrx_word' id='word_1_568' title='bbox 2136 3235 2244 3273; x_wconf 85' lang='lat' dir='ltr'><strong>non</strong></span> <span class='ocrx_word' id='word_1_569' title='bbox 2264 3219 2465 3273; x_wconf 77' lang='lat' dir='ltr'><strong>difﬁndi</strong></span> <span class='ocrx_word' id='word_1_570' title='bbox 2493 3219 2799 3282; x_wconf 88' lang='lat' dir='ltr'><strong>maceriam,</strong></span> <span class='ocrx_word' id='word_1_571' title='bbox 2829 3218 2922 3273; x_wconf 91' lang='lat' dir='ltr'><strong>sed</strong></span> <span class='ocrx_word' id='word_1_572' title='bbox 2951 3234 3113 3272; x_wconf 90' lang='lat' dir='ltr'><strong>unum</strong></span> <span class='ocrx_word' id='word_1_573' title='bbox 3146 3221 3275 3289; x_wconf 89' lang='lat' dir='ltr'><strong>quid</strong></span> <span class='ocrx_word' id='word_1_574' title='bbox 3304 3221 3444 3275; x_wconf 90' lang='lat' dir='ltr'><strong>indi-</strong></span> 
     </span>
    </p>
   </div>
   <div class='ocr_carea' id='block_1_79' title="bbox 1918 3306 3444 3379">
    <p class='ocr_par' dir='ltr' id='par_1_79' title="bbox 1918 3306 3444 3379">
     <span class='ocr_line' id='line_1_79' title="bbox 1918 3306 3444 3379; baseline 0.001 -18"><span class='ocrx_word' id='word_1_575' title='bbox 1918 3309 2200 3376; x_wconf 90' lang='lat' dir='ltr'><strong>visumque</strong></span> <span class='ocrx_word' id='word_1_576' title='bbox 2235 3322 2464 3361; x_wconf 90' lang='lat' dir='ltr'><strong>manere.</strong></span> <span class='ocrx_word' id='word_1_577' title='bbox 2508 3306 2564 3359; x_wconf 91' lang='lat' dir='ltr'><strong>ld</strong></span> <span class='ocrx_word' id='word_1_578' title='bbox 2614 3318 2788 3361; x_wconf 90' lang='lat' dir='ltr'><strong>autem</strong></span> <span class='ocrx_word' id='word_1_579' title='bbox 2821 3308 3124 3372; x_wconf 82' lang='lat' dir='ltr'><strong>accidisset,</strong></span> <span class='ocrx_word' id='word_1_580' title='bbox 3156 3311 3202 3364; x_wconf 85' lang='lat' dir='ltr'><strong>si</strong></span> <span class='ocrx_word' id='word_1_581' title='bbox 3254 3311 3302 3363; x_wconf 90' lang='lat' dir='ltr'><strong>ei</strong></span> <span class='ocrx_word' id='word_1_582' title='bbox 3350 3311 3444 3379; x_wconf 88' lang='lat' dir='ltr'><strong>qui</strong></span> 
     </span>
    </p>
   </div>
   <div class='ocr_carea' id='block_1_80' title="bbox 1919 3396 3444 3467">
    <p class='ocr_par' dir='ltr' id='par_1_80' title="bbox 1919 3396 3444 3467">
     <span class='ocr_line' id='line_1_80' title="bbox 1919 3396 3444 3467; baseline 0.003 -18"><span class='ocrx_word' id='word_1_583' title='bbox 1919 3398 2066 3467; x_wconf 89' lang='lat' dir='ltr'><strong>prior</strong></span> <span class='ocrx_word' id='word_1_584' title='bbox 2096 3411 2308 3449; x_wconf 90' lang='lat' dir='ltr'><strong>manum</strong></span> <span class='ocrx_word' id='word_1_585' title='bbox 2340 3396 2596 3457; x_wconf 82' lang='lat' dir='ltr'><strong>extendit,</strong></span> <span class='ocrx_word' id='word_1_586' title='bbox 2621 3398 2954 3465; x_wconf 85' lang='lat' dir='ltr'><strong>subsequens</strong></span> <span class='ocrx_word' id='word_1_587' title='bbox 2984 3398 3118 3450; x_wconf 90' lang='lat' dir='ltr'><strong>alter</strong></span> <span class='ocrx_word' id='word_1_588' title='bbox 3153 3397 3338 3453; x_wconf 88' lang='lat' dir='ltr'><strong>eodem</strong></span> <span class='ocrx_word' id='word_1_589' title='bbox 3365 3401 3444 3454; x_wconf 85' lang='lat' dir='ltr'><strong>vi-</strong></span> 
     </span>
    </p>
   </div>
   <div class='ocr_carea' id='block_1_81' title="bbox 1919 3485 3444 3556">
    <p class='ocr_par' dir='ltr' id='par_1_81' title="bbox 1919 3485 3444 3556">
     <span class='ocr_line' id='line_1_81' title="bbox 1919 3485 3444 3556; baseline 0.001 -15"><span class='ocrx_word' id='word_1_590' title='bbox 1919 3496 1985 3541; x_wconf 69' lang='lat' dir='ltr'><strong>tae</strong></span> <span class='ocrx_word' id='word_1_591' title='bbox 2008 3502 2201 3556; x_wconf 78' lang='lat' dir='ltr'><strong>genere</strong></span> <span class='ocrx_word' id='word_1_592' title='bbox 2231 3487 2476 3540; x_wconf 78' lang='lat' dir='ltr'><strong>vixisset.</strong></span> <span class='ocrx_word' id='word_1_593' title='bbox 2507 3485 2685 3554; x_wconf 89' lang='lat' dir='ltr'><strong>Longe</strong></span> <span class='ocrx_word' id='word_1_594' title='bbox 2722 3487 2862 3539; x_wconf 90' lang='lat' dir='ltr'><strong>enim</strong></span> <span class='ocrx_word' id='word_1_595' title='bbox 2903 3495 3018 3539; x_wconf 90' lang='lat' dir='ltr'><strong>erat</strong></span> <span class='ocrx_word' id='word_1_596' title='bbox 3044 3488 3235 3541; x_wconf 92' lang='lat' dir='ltr'><strong>melius</strong></span> <span class='ocrx_word' id='word_1_597' title='bbox 3261 3488 3308 3540; x_wconf 87' lang='lat' dir='ltr'><strong>si</strong></span> <span class='ocrx_word' id='word_1_598' title='bbox 3337 3489 3444 3542; x_wconf 89' lang='lat' dir='ltr'><strong>cir-</strong></span> 
     </span>
    </p>
   </div>
   <div class='ocr_carea' id='block_1_82' title="bbox 1917 3575 3442 3643">
    <p class='ocr_par' dir='ltr' id='par_1_82' title="bbox 1917 3575 3442 3643">
     <span class='ocr_line' id='line_1_82' title="bbox 1917 3575 3442 3643; baseline 0.001 -13"><span class='ocrx_word' id='word_1_599' title='bbox 1917 3575 2263 3630; x_wconf 90' lang='lat' dir='ltr'><strong>cumcisionis</strong></span> <span class='ocrx_word' id='word_1_600' title='bbox 2284 3577 2499 3630; x_wconf 68' lang='lat' dir='ltr'><strong>asseclae</strong></span> <span class='ocrx_word' id='word_1_601' title='bbox 2521 3591 2694 3629; x_wconf 86' lang='lat' dir='ltr'><strong>mores</strong></span> <span class='ocrx_word' id='word_1_602' title='bbox 2727 3575 3066 3643; x_wconf 88' lang='lat' dir='ltr'><strong>antiquorum</strong></span> <span class='ocrx_word' id='word_1_603' title='bbox 3091 3575 3203 3631; x_wconf 88' lang='lat' dir='ltr'><strong>Deo</strong></span> <span class='ocrx_word' id='word_1_604' title='bbox 3217 3577 3442 3631; x_wconf 88' lang='lat' dir='ltr'><strong>dilecto-</strong></span> 
     </span>
    </p>
   </div>
   <div class='ocr_carea' id='block_1_83' title="bbox 1917 3664 3443 3733">
    <p class='ocr_par' dir='ltr' id='par_1_83' title="bbox 1917 3664 3443 3733">
     <span class='ocr_line' id='line_1_83' title="bbox 1917 3664 3443 3733; baseline 0.001 -14"><span class='ocrx_word' id='word_1_605' title='bbox 1917 3681 2035 3719; x_wconf 89' lang='lat' dir='ltr'><strong>rum</strong></span> <span class='ocrx_word' id='word_1_606' title='bbox 2059 3665 2332 3718; x_wconf 88' lang='lat' dir='ltr'><strong>hominum</strong></span> <span class='ocrx_word' id='word_1_607' title='bbox 2363 3664 2594 3733; x_wconf 80' lang='lat' dir='ltr'><strong>amplexi</strong></span> <span class='ocrx_word' id='word_1_608' title='bbox 2617 3664 2880 3718; x_wconf 83' lang='lat' dir='ltr'><strong>fuissent:</strong></span> <span class='ocrx_word' id='word_1_609' title='bbox 2907 3679 3030 3718; x_wconf 89' lang='lat' dir='ltr'><strong>nam</strong></span> <span class='ocrx_word' id='word_1_610' title='bbox 3061 3664 3142 3718; x_wconf 89' lang='lat' dir='ltr'><strong>sic</strong></span> <span class='ocrx_word' id='word_1_611' title='bbox 3171 3679 3277 3718; x_wconf 89' lang='lat' dir='ltr'><strong>una</strong></span> <span class='ocrx_word' id='word_1_612' title='bbox 3310 3665 3443 3722; x_wconf 89' lang='lat' dir='ltr'><strong>fuis-</strong></span> 
     </span>
    </p>
   </div>
   <div class='ocr_carea' id='block_1_84' title="bbox 1915 3753 3443 3823">
    <p class='ocr_par' dir='ltr' id='par_1_84' title="bbox 1915 3753 3443 3823">
     <span class='ocr_line' id='line_1_84' title="bbox 1915 3753 3443 3823; baseline 0 -13"><span class='ocrx_word' id='word_1_613' title='bbox 1915 3763 1998 3810; x_wconf 87' lang='lat' dir='ltr'><strong>set</strong></span> <span class='ocrx_word' id='word_1_614' title='bbox 2023 3753 2276 3820; x_wconf 89' lang='lat' dir='ltr'><strong>maceria,</strong></span> <span class='ocrx_word' id='word_1_615' title='bbox 2317 3768 2421 3807; x_wconf 90' lang='lat' dir='ltr'><strong>una</strong></span> <span class='ocrx_word' id='word_1_616' title='bbox 2461 3753 2743 3807; x_wconf 61' lang='lat' dir='ltr'><strong>aediﬁcatio</strong></span> <span class='ocrx_word' id='word_1_617' title='bbox 2775 3753 3069 3823; x_wconf 83' lang='lat' dir='ltr'><strong>primorum</strong></span> <span class='ocrx_word' id='word_1_618' title='bbox 3099 3763 3153 3808; x_wconf 88' lang='lat' dir='ltr'><strong>et</strong></span> <span class='ocrx_word' id='word_1_619' title='bbox 3176 3761 3443 3810; x_wconf 86' lang='lat' dir='ltr'><strong>extremo-</strong></span> 
     </span>
    </p>
   </div>
   <div class='ocr_carea' id='block_1_85' title="bbox 1916 3854 3441 3900">
    <p class='ocr_par' dir='ltr' id='par_1_85' title="bbox 1916 3854 3441 3900">
     <span class='ocr_line' id='line_1_85' title="bbox 1916 3854 3441 3900; baseline 0.011 -1"><span class='ocrx_word' id='word_1_620' title='bbox 1916 3861 2056 3900; x_wconf 88' lang='lat' dir='ltr'><strong>rum.</strong></span> <span class='ocrx_word' id='word_1_621' title='bbox 3431 3854 3441 3862; x_wconf 55' lang='grc'><strong>“</strong></span> 
     </span>
    </p>
   </div>
   <div class='ocr_carea' id='block_1_86' title="bbox 1988 3933 3441 4004">
    <p class='ocr_par' dir='ltr' id='par_1_86' title="bbox 1988 3933 3441 4004">
     <span class='ocr_line' id='line_1_86' title="bbox 1988 3933 3441 4004; baseline 0.001 -16"><span class='ocrx_word' id='word_1_622' title='bbox 1988 3935 2040 3988; x_wconf 83' lang='lat'><strong>6°.</strong></span> <span class='ocrx_word' id='word_1_623' title='bbox 2070 3933 2220 3989; x_wconf 89' lang='lat' dir='ltr'><strong>Nunc</strong></span> <span class='ocrx_word' id='word_1_624' title='bbox 2261 3935 2386 4003; x_wconf 85' lang='lat' dir='ltr'><strong>quia</strong></span> <span class='ocrx_word' id='word_1_625' title='bbox 2430 3934 2658 4004; x_wconf 90' lang='lat' dir='ltr'><strong>primum</strong></span> <span class='ocrx_word' id='word_1_626' title='bbox 2705 3949 2905 3989; x_wconf 85' lang='lat' dir='ltr'><strong>morem</strong></span> <span class='ocrx_word' id='word_1_627' title='bbox 2950 3949 3293 4004; x_wconf 85' lang='lat' dir='ltr'><strong>perseverare</strong></span> <span class='ocrx_word' id='word_1_628' title='bbox 3331 3949 3441 3989; x_wconf 88' lang='lat' dir='ltr'><strong>non</strong></span> 
     </span>
    </p>
   </div>
   <div class='ocr_carea' id='block_1_87' title="bbox 1915 4023 3442 4088">
    <p class='ocr_par' dir='ltr' id='par_1_87' title="bbox 1915 4023 3442 4088">
     <span class='ocr_line' id='line_1_87' title="bbox 1915 4023 3442 4088; baseline -0.002 -9"><span class='ocrx_word' id='word_1_629' title='bbox 1915 4024 2038 4079; x_wconf 79' lang='lat' dir='ltr'><strong>sivit</strong></span> <span class='ocrx_word' id='word_1_630' title='bbox 2066 4025 2421 4079; x_wconf 88' lang='lat' dir='ltr'><strong>secundorum</strong></span> <span class='ocrx_word' id='word_1_631' title='bbox 2443 4023 2725 4078; x_wconf 88' lang='lat' dir='ltr'><strong>infirmitas</strong></span> <span class='ocrx_word' id='word_1_632' title='bbox 2744 4063 2759 4087; x_wconf 93' lang='lat'><strong>,</strong></span> <span class='ocrx_word' id='word_1_633' title='bbox 2786 4025 3046 4079; x_wconf 88' lang='lat' dir='ltr'><strong>divisione</strong></span> <span class='ocrx_word' id='word_1_634' title='bbox 3083 4024 3274 4082; x_wconf 86' lang='lat' dir='ltr'><strong>merito</strong></span> <span class='ocrx_word' id='word_1_635' title='bbox 3302 4023 3442 4088; x_wconf 68' lang='lat' dir='ltr'><strong>facta</strong></span> 
     </span>
    </p>
   </div>
   <div class='ocr_carea' id='block_1_88' title="bbox 1915 4113 3440 4183">
    <p class='ocr_par' dir='ltr' id='par_1_88' title="bbox 1915 4113 3440 4183">
     <span class='ocr_line' id='line_1_88' title="bbox 1915 4113 3440 4183; baseline 0.001 -17"><span class='ocrx_word' id='word_1_636' title='bbox 1915 4117 2156 4168; x_wconf 64' lang='lat' dir='ltr'><strong>maceria:</strong></span> <span class='ocrx_word' id='word_1_637' title='bbox 2182 4130 2298 4183; x_wconf 70' lang='lat' dir='ltr'><strong>qua:</strong></span> <span class='ocrx_word' id='word_1_638' title='bbox 2319 4114 2609 4168; x_wconf 82' lang='lat' dir='ltr'><strong>secundum</strong></span> <span class='ocrx_word' id='word_1_639' title='bbox 2635 4113 2800 4168; x_wconf 86' lang='lat' dir='ltr'><strong>Deum</strong></span> <span class='ocrx_word' id='word_1_640' title='bbox 2829 4121 2932 4180; x_wconf 88' lang='lat' dir='ltr'><strong>cst,</strong></span> <span class='ocrx_word' id='word_1_641' title='bbox 2954 4113 3234 4183; x_wconf 90' lang='lat' dir='ltr'><strong>medioque</strong></span> <span class='ocrx_word' id='word_1_642' title='bbox 3266 4113 3440 4182; x_wconf 83' lang='lat' dir='ltr'><strong>parie-</strong></span> 
     </span>
    </p>
   </div>
   <div class='ocr_carea' id='block_1_89' title="bbox 1915 4201 3436 4273">
    <p class='ocr_par' dir='ltr' id='par_1_89' title="bbox 1915 4201 3436 4273">
     <span class='ocr_line' id='line_1_89' title="bbox 1915 4201 3436 4273; baseline -0.003 -15"><span class='ocrx_word' id='word_1_643' title='bbox 1915 4211 1966 4258; x_wconf 87' lang='lat' dir='ltr'><strong>te</strong></span> <span class='ocrx_word' id='word_1_644' title='bbox 1994 4206 2237 4258; x_wconf 85' lang='lat' dir='ltr'><strong>maceriae</strong></span> <span class='ocrx_word' id='word_1_645' title='bbox 2257 4204 2555 4273; x_wconf 87' lang='lat' dir='ltr'><strong>interjecto,</strong></span> <span class='ocrx_word' id='word_1_646' title='bbox 2582 4202 2674 4271; x_wconf 86' lang='lat' dir='ltr'><strong>qui</strong></span> <span class='ocrx_word' id='word_1_647' title='bbox 2702 4202 2825 4255; x_wconf 90' lang='lat' dir='ltr'><strong>olim</strong></span> <span class='ocrx_word' id='word_1_648' title='bbox 2847 4201 2991 4270; x_wconf 90' lang='lat' dir='ltr'><strong>prior</strong></span> <span class='ocrx_word' id='word_1_649' title='bbox 3017 4215 3233 4254; x_wconf 90' lang='lat' dir='ltr'><strong>manum</strong></span> <span class='ocrx_word' id='word_1_650' title='bbox 3255 4207 3436 4254; x_wconf 80' lang='lat' dir='ltr'><strong>exten-</strong></span> 
     </span>
    </p>
   </div>
   <div class='ocr_carea' id='block_1_90' title="bbox 1914 4289 3438 4362">
    <p class='ocr_par' dir='ltr' id='par_1_90' title="bbox 1914 4289 3438 4362">
     <span class='ocr_line' id='line_1_90' title="bbox 1914 4289 3438 4362; baseline -0.002 -16"><span class='ocrx_word' id='word_1_651' title='bbox 1914 4294 2083 4355; x_wconf 88' lang='lat' dir='ltr'><strong>derat,</strong></span> <span class='ocrx_word' id='word_1_652' title='bbox 2119 4293 2382 4362; x_wconf 88' lang='lat' dir='ltr'><strong>posterior</strong></span> <span class='ocrx_word' id='word_1_653' title='bbox 2426 4293 2479 4345; x_wconf 85' lang='lat' dir='ltr'><strong>in</strong></span> <span class='ocrx_word' id='word_1_654' title='bbox 2523 4292 2694 4345; x_wconf 91' lang='lat' dir='ltr'><strong>lucem</strong></span> <span class='ocrx_word' id='word_1_655' title='bbox 2748 4292 2944 4362; x_wconf 87' lang='lat' dir='ltr'><strong>prodiit</strong></span> <span class='ocrx_word' id='word_1_656' title='bbox 2977 4305 3069 4359; x_wconf 92' lang='lat' dir='ltr'><strong>per</strong></span> <span class='ocrx_word' id='word_1_657' title='bbox 3102 4289 3438 4344; x_wconf 70' lang='lat' dir='ltr'><strong>Servatorem</strong></span> 
     </span>
    </p>
   </div>
   <div class='ocr_carea' id='block_1_91' title="bbox 1915 4380 3443 4450">
    <p class='ocr_par' dir='ltr' id='par_1_91' title="bbox 1915 4380 3443 4450">
     <span class='ocr_line' id='line_1_91' title="bbox 1915 4380 3443 4450; baseline -0.003 -13"><span class='ocrx_word' id='word_1_658' title='bbox 1915 4392 2157 4438; x_wconf 89' lang='lat' dir='ltr'><strong>nostrum</strong></span> <span class='ocrx_word' id='word_1_659' title='bbox 2213 4382 2396 4438; x_wconf 66' lang='lat' dir='ltr'><strong>Iesum</strong></span> <span class='ocrx_word' id='word_1_660' title='bbox 2439 4382 2737 4445; x_wconf 80' lang='lat' dir='ltr'><strong>Christum,</strong></span> <span class='ocrx_word' id='word_1_661' title='bbox 2763 4382 2852 4450; x_wconf 90' lang='lat' dir='ltr'><strong>qui</strong></span> <span class='ocrx_word' id='word_1_662' title='bbox 2904 4380 3332 4449; x_wconf 82' lang='lat' dir='ltr'><strong>antiquissimam</strong></span> <span class='ocrx_word' id='word_1_663' title='bbox 3387 4386 3443 4434; x_wconf 87' lang='lat' dir='ltr'><strong>et</strong></span> 
     </span>
    </p>
   </div>
   <div class='ocr_carea' id='block_1_92' title="bbox 227 4468 1813 4548">
    <p class='ocr_par' dir='ltr' id='par_1_92' title="bbox 227 4473 1811 4548">
     <span class='ocr_line' id='line_1_92' title="bbox 227 4473 1811 4548; baseline -0.009 -9"><span class='ocrx_word' id='word_1_664' title='bbox 227 4503 413 4539; x_wconf 86' lang='grc' dir='ltr'><strong>τατον</strong></span> <span class='ocrx_word' id='word_1_665' title='bbox 447 4482 549 4534; x_wconf 72' lang='grc' dir='ltr'><strong>καὶ</strong></span> <span class='ocrx_word' id='word_1_666' title='bbox 582 4479 805 4548; x_wconf 86' lang='grc' dir='ltr'><strong>ἀρχαῖον</strong></span> <span class='ocrx_word' id='word_1_667' title='bbox 837 4473 1082 4544; x_wconf 85' lang='grc' dir='ltr'><strong>φραγμὸν</strong></span> <span class='ocrx_word' id='word_1_668' title='bbox 1106 4473 1539 4545; x_wconf 84' lang='grc' dir='ltr'><strong>ἀνακτησαμένου</strong></span> <span class='ocrx_word' id='word_1_669' title='bbox 1561 4487 1575 4500; x_wconf 87' lang='grc'><strong>·</strong></span> <span class='ocrx_word' id='word_1_670' title='bbox 1615 4473 1692 4524; x_wconf 87' lang='grc' dir='ltr'><strong>διὸ</strong></span> <span class='ocrx_word' id='word_1_671' title='bbox 1721 4473 1811 4524; x_wconf 84' lang='grc' dir='ltr'><strong>καί</strong></span> 
     </span>
    </p>
   </div>
   <div class='ocr_carea' id='block_1_93' title="bbox 1916 4468 3441 4548">
    <p class='ocr_par' dir='ltr' id='par_1_93' title="bbox 1916 4468 3441 4544">
     <span class='ocr_line' id='line_1_93' title="bbox 1916 4468 3441 4544; baseline -0.005 -16"><span class='ocrx_word' id='word_1_672' title='bbox 1916 4475 2240 4544; x_wconf 90' lang='lat' dir='ltr'><strong>primitivam</strong></span> <span class='ocrx_word' id='word_1_673' title='bbox 2264 4474 2546 4526; x_wconf 86' lang='lat' dir='ltr'><strong>maceriam</strong></span> <span class='ocrx_word' id='word_1_674' title='bbox 2585 4472 2940 4541; x_wconf 83' lang='lat' dir='ltr'><strong>recuperavit.</strong></span> <span class='ocrx_word' id='word_1_675' title='bbox 2974 4468 3150 4535; x_wconf 83' lang='lat' dir='ltr'><strong>Quare</strong></span> <span class='ocrx_word' id='word_1_676' title='bbox 3176 4477 3231 4524; x_wconf 87' lang='lat' dir='ltr'><strong>et</strong></span> <span class='ocrx_word' id='word_1_677' title='bbox 3255 4468 3326 4522; x_wconf 85' lang='lat' dir='ltr'><strong>de</strong></span> <span class='ocrx_word' id='word_1_678' title='bbox 3349 4468 3441 4522; x_wconf 89' lang='lat' dir='ltr'><strong>illo</strong></span> 
     </span>
    </p>
   </div>
   <div class='ocr_carea' id='block_1_94' title="bbox 230 4553 1811 4647">
    <p class='ocr_par' dir='ltr' id='par_1_94' title="bbox 230 4553 1811 4647">
     <span class='ocr_line' id='line_1_94' title="bbox 230 4553 1811 4647; baseline -0.017 -18"><span class='ocrx_word' id='word_1_679' title='bbox 230 4593 418 4647; x_wconf 81' lang='grc' dir='ltr'><strong>φησιν</strong></span> <span class='ocrx_word' id='word_1_680' title='bbox 455 4574 540 4632; x_wconf 87' lang='grc' dir='ltr'><strong>εἰς</strong></span> <span class='ocrx_word' id='word_1_681' title='bbox 583 4553 743 4621; x_wconf 81' lang='grc' dir='ltr'><strong>αὑτὸν</strong></span> <span class='ocrx_word' id='word_1_682' title='bbox 773 4567 806 4634; x_wconf 82' lang='grc' dir='ltr'>ὴ</span> <span class='ocrx_word' id='word_1_683' title='bbox 853 4562 1178 4634; x_wconf 80' lang='grc' dir='ltr'><strong>προφητεία·</strong></span> <span class='ocrx_word' id='word_1_684' title='bbox 1227 4582 1244 4612; x_wconf 85' lang='grc' dir='ltr'>ι</span> <span class='ocrx_word' id='word_1_685' title='bbox 1275 4564 1365 4616; x_wconf 77' lang='grc' dir='ltr'><strong>καὶ</strong></span> <span class='ocrx_word' id='word_1_686' title='bbox 1409 4563 1646 4632; x_wconf 70' lang='grc' dir='ltr'><strong>κληθήσῃ</strong></span> <span class='ocrx_word' id='word_1_687' title='bbox 1676 4564 1811 4615; x_wconf 75' lang='grc' dir='ltr'><strong>οξκο-</strong></span> 
     </span>
    </p>
   </div>
   <div class='ocr_carea' id='block_1_95' title="bbox 227 4649 1810 4738">
    <p class='ocr_par' dir='ltr' id='par_1_95' title="bbox 227 4649 1810 4738">
     <span class='ocr_line' id='line_1_95' title="bbox 227 4649 1810 4738; baseline -0.009 -22"><span class='ocrx_word' id='word_1_688' title='bbox 227 4666 409 4738; x_wconf 72' lang='grc' dir='ltr'><strong>δόμος</strong></span> <span class='ocrx_word' id='word_1_689' title='bbox 456 4657 767 4732; x_wconf 84' lang='grc' dir='ltr'><strong>φραγμῶν·</strong></span> <span class='ocrx_word' id='word_1_690' title='bbox 809 4674 826 4705; x_wconf 72' lang='grc' dir='ltr'>ι</span> <span class='ocrx_word' id='word_1_691' title='bbox 855 4649 1002 4713; x_wconf 75' lang='grc' dir='ltr'><strong>οὗτος</strong></span> <span class='ocrx_word' id='word_1_692' title='bbox 1026 4651 1089 4721; x_wconf 85' lang='grc' dir='ltr'><strong>δὴ</strong></span> <span class='ocrx_word' id='word_1_693' title='bbox 1135 4652 1227 4704; x_wconf 82' lang='grc' dir='ltr'><strong>καὶ</strong></span> <span class='ocrx_word' id='word_1_694' title='bbox 1271 4654 1329 4705; x_wconf 90' lang='grc' dir='ltr'><strong>τὸ</strong></span> <span class='ocrx_word' id='word_1_695' title='bbox 1377 4653 1604 4722; x_wconf 85' lang='grc' dir='ltr'><strong>δηλωθὲν</strong></span> <span class='ocrx_word' id='word_1_696' title='bbox 1654 4653 1810 4720; x_wconf 86' lang='grc' dir='ltr'><strong>μεσό-</strong></span> 
     </span>
    </p>
   </div>
   <div class='ocr_carea' id='block_1_96' title="bbox 229 4740 1811 4826">
    <p class='ocr_par' dir='ltr' id='par_1_96' title="bbox 229 4740 1811 4826">
     <span class='ocr_line' id='line_1_96' title="bbox 229 4740 1811 4826; baseline -0.007 -22"><span class='ocrx_word' id='word_1_697' title='bbox 229 4771 431 4826; x_wconf 81' lang='grc' dir='ltr'><strong>τοιχον</strong></span> <span class='ocrx_word' id='word_1_698' title='bbox 461 4749 708 4804; x_wconf 78' lang='grc' dir='ltr'><strong>ἀνεῖλεν·</strong></span> <span class='ocrx_word' id='word_1_699' title='bbox 733 4746 791 4808; x_wconf 77' lang='grc' dir='ltr'><strong>ὃς</strong></span> <span class='ocrx_word' id='word_1_700' title='bbox 820 4744 1016 4813; x_wconf 81' lang='grc' dir='ltr'><strong>Κύριος</strong></span> <span class='ocrx_word' id='word_1_701' title='bbox 1043 4740 1116 4792; x_wconf 81' lang='grc' dir='ltr'><strong>ὢν</strong></span> <span class='ocrx_word' id='word_1_702' title='bbox 1145 4741 1237 4792; x_wconf 67' lang='grc' dir='ltr'><strong>καλ⁸</strong></span> <span class='ocrx_word' id='word_1_703' title='bbox 1262 4743 1354 4795; x_wconf 92' lang='grc' dir='ltr'><strong>τοῦ</strong></span> <span class='ocrx_word' id='word_1_704' title='bbox 1382 4743 1641 4795; x_wconf 87' lang='grc' dir='ltr'><strong>σαϐϐάτου</strong></span> <span class='ocrx_word' id='word_1_705' title='bbox 1673 4744 1811 4794; x_wconf 88' lang='grc' dir='ltr'><strong>ποιεῖ</strong></span> 
     </span>
    </p>
   </div>
   <div class='ocr_carea' id='block_1_97' title="bbox 228 4829 1804 4914">
    <p class='ocr_par' dir='ltr' id='par_1_97' title="bbox 228 4829 1804 4914">
     <span class='ocr_line' id='line_1_97' title="bbox 228 4829 1804 4914; baseline -0.006 -20"><span class='ocrx_word' id='word_1_706' title='bbox 228 4846 303 4898; x_wconf 79' lang='grc' dir='ltr'><strong>τὰ</strong></span> <span class='ocrx_word' id='word_1_707' title='bbox 340 4842 649 4914; x_wconf 83' lang='grc' dir='ltr'><strong>ἀμφότερα</strong></span> <span class='ocrx_word' id='word_1_708' title='bbox 684 4835 760 4898; x_wconf 83' lang='grc' dir='ltr'><strong>ἓν,</strong></span> <span class='ocrx_word' id='word_1_709' title='bbox 797 4832 935 4886; x_wconf 81' lang='grc' dir='ltr'><strong>κατὰ</strong></span> <span class='ocrx_word' id='word_1_710' title='bbox 949 4832 1040 4882; x_wconf 85' lang='grc' dir='ltr'><strong>τὸν</strong></span> <span class='ocrx_word' id='word_1_711' title='bbox 1076 4829 1214 4898; x_wconf 81' lang='grc' dir='ltr'><strong>ἱερὸν</strong></span> <span class='ocrx_word' id='word_1_712' title='bbox 1253 4832 1559 4884; x_wconf 83' lang='grc' dir='ltr'><strong>Ἀπόστολον</strong></span> <span class='ocrx_word' id='word_1_713' title='bbox 1590 4833 1804 4884; x_wconf 77' lang='grc' dir='ltr'><strong>εἰπόντα</strong></span> 
     </span>
    </p>
   </div>
   <div class='ocr_carea' id='block_1_98' title="bbox 235 4920 1803 4998">
    <p class='ocr_par' dir='ltr' id='par_1_98' title="bbox 235 4920 1803 4998">
     <span class='ocr_line' id='line_1_98' title="bbox 235 4920 1803 4998; baseline -0.021 8"><span class='ocrx_word' id='word_1_714' title='bbox 235 4953 256 4986; x_wconf 72' lang='grc'><em>⁸</em></span> <span class='ocrx_word' id='word_1_715' title='bbox 296 4934 490 4993; x_wconf 63' lang='grc' dir='ltr'><strong>Αὐτὸς</strong></span> <span class='ocrx_word' id='word_1_716' title='bbox 544 4927 655 4998; x_wconf 80' lang='grc' dir='ltr'><strong>γάρ</strong></span> <span class='ocrx_word' id='word_1_717' title='bbox 705 4927 847 4976; x_wconf 60' lang='grc' dir='ltr'>ἐστιν</span> <span class='ocrx_word' id='word_1_718' title='bbox 878 4925 912 4991; x_wconf 68' lang='grc' dir='ltr'>ἦ</span> <span class='ocrx_word' id='word_1_719' title='bbox 963 4920 1147 4989; x_wconf 69' lang='grc' dir='ltr'><strong>εἰρήνη</strong></span> <span class='ocrx_word' id='word_1_720' title='bbox 1188 4921 1340 4988; x_wconf 70' lang='grc' dir='ltr'><strong>ἡμῶν</strong></span> <span class='ocrx_word' id='word_1_721' title='bbox 1387 4923 1414 4972; x_wconf 90' lang='lat'><strong>6</strong></span> <span class='ocrx_word' id='word_1_722' title='bbox 1460 4924 1682 4992; x_wconf 81' lang='grc' dir='ltr'><strong>ποιήσας</strong></span> <span class='ocrx_word' id='word_1_723' title='bbox 1737 4921 1803 4973; x_wconf 75' lang='grc' dir='ltr'><strong>τὰ</strong></span> 
     </span>
    </p>
   </div>
   <div class='ocr_carea' id='block_1_99' title="bbox 230 5009 1798 5094">
    <p class='ocr_par' dir='ltr' id='par_1_99' title="bbox 230 5009 1798 5094">
     <span class='ocr_line' id='line_1_99' title="bbox 230 5009 1798 5094; baseline -0.014 -17"><span class='ocrx_word' id='word_1_724' title='bbox 230 5024 463 5094; x_wconf 74' lang='grc' dir='ltr'><strong>ἀμφὰτε</strong></span> <span class='ocrx_word' id='word_1_725' title='bbox 473 5037 545 5092; x_wconf 89' lang='grc' dir='ltr'><strong>ρα</strong></span> <span class='ocrx_word' id='word_1_726' title='bbox 567 5018 646 5079; x_wconf 81' lang='grc' dir='ltr'><strong>ἓν,</strong></span> <span class='ocrx_word' id='word_1_727' title='bbox 668 5015 760 5067; x_wconf 74' lang='grc' dir='ltr'><strong>καὶ</strong></span> <span class='ocrx_word' id='word_1_728' title='bbox 782 5013 840 5064; x_wconf 91' lang='grc' dir='ltr'><strong>τὸ</strong></span> <span class='ocrx_word' id='word_1_729' title='bbox 865 5009 1163 5080; x_wconf 87' lang='grc' dir='ltr'><strong>μεσότοιχον</strong></span> <span class='ocrx_word' id='word_1_730' title='bbox 1183 5009 1275 5060; x_wconf 85' lang='grc' dir='ltr'><strong>τοῦ</strong></span> <span class='ocrx_word' id='word_1_731' title='bbox 1305 5011 1548 5081; x_wconf 78' lang='grc' dir='ltr'><strong>φραγμοῦ</strong></span> <span class='ocrx_word' id='word_1_732' title='bbox 1575 5010 1736 5071; x_wconf 84' lang='grc' dir='ltr'><strong>λύσας</strong></span> <span class='ocrx_word' id='word_1_733' title='bbox 1753 5027 1765 5039; x_wconf 78' lang='grc' dir='ltr'><strong><em>ο</em></strong></span> <span class='ocrx_word' id='word_1_734' title='bbox 1781 5030 1798 5059; x_wconf 77' lang='grc' dir='ltr'><strong>ι</strong></span> 
     </span>
    </p>
   </div>
   <div class='ocr_carea' id='block_1_100' title="bbox 231 5097 1804 5174">
    <p class='ocr_par' dir='ltr' id='par_1_100' title="bbox 231 5097 1804 5174">
     <span class='ocr_line' id='line_1_100' title="bbox 231 5097 1804 5174; baseline -0.008 -9"><span class='ocrx_word' id='word_1_735' title='bbox 231 5115 334 5166; x_wconf 72' lang='grc' dir='ltr'><strong>καὶ</strong></span> <span class='ocrx_word' id='word_1_736' title='bbox 375 5112 436 5165; x_wconf 77' lang='grc' dir='ltr'><strong>τί</strong></span> <span class='ocrx_word' id='word_1_737' title='bbox 497 5109 562 5161; x_wconf 90' lang='grc' dir='ltr'><strong>τὸ</strong></span> <span class='ocrx_word' id='word_1_738' title='bbox 616 5103 925 5174; x_wconf 81' lang='grc' dir='ltr'><strong>μεσότοιχον</strong></span> <span class='ocrx_word' id='word_1_739' title='bbox 972 5097 1278 5162; x_wconf 83' lang='grc' dir='ltr'><strong>διασαφῶν,</strong></span> <span class='ocrx_word' id='word_1_740' title='bbox 1326 5100 1588 5167; x_wconf 77' lang='grc' dir='ltr'><strong>ἐπιλέγει·</strong></span> <span class='ocrx_word' id='word_1_741' title='bbox 1647 5119 1665 5148; x_wconf 84' lang='grc'><strong><em>‹</em></strong></span> <span class='ocrx_word' id='word_1_742' title='bbox 1717 5100 1804 5152; x_wconf 88' lang='grc' dir='ltr'><strong>τὸν</strong></span> 
     </span>
    </p>
   </div>
   <div class='ocr_carea' id='block_1_101' title="bbox 231 5187 1805 5274">
    <p class='ocr_par' dir='ltr' id='par_1_101' title="bbox 231 5187 1805 5274">
     <span class='ocr_line' id='line_1_101' title="bbox 231 5187 1805 5274; baseline -0.015 -15"><span class='ocrx_word' id='word_1_743' title='bbox 231 5204 410 5274; x_wconf 79' lang='grc' dir='ltr'><strong>νόμον</strong></span> <span class='ocrx_word' id='word_1_744' title='bbox 433 5200 546 5254; x_wconf 85' lang='grc' dir='ltr'><strong>τῶν</strong></span> <span class='ocrx_word' id='word_1_745' title='bbox 568 5192 796 5249; x_wconf 77' lang='grc' dir='ltr'><strong>ἐντολῶν</strong></span> <span class='ocrx_word' id='word_1_746' title='bbox 823 5192 880 5240; x_wconf 84' lang='grc' dir='ltr'><strong>ὲν</strong></span> <span class='ocrx_word' id='word_1_747' title='bbox 906 5187 1130 5253; x_wconf 85' lang='grc' dir='ltr'><strong>δόγμασι</strong></span> <span class='ocrx_word' id='word_1_748' title='bbox 1153 5190 1496 5258; x_wconf 79' lang='grc' dir='ltr'><strong>καταργήσας</strong></span> <span class='ocrx_word' id='word_1_749' title='bbox 1525 5208 1542 5239; x_wconf 73' lang='grc' dir='ltr'><strong>ι</strong></span> <span class='ocrx_word' id='word_1_750' title='bbox 1571 5189 1805 5241; x_wconf 78' lang='grc' dir='ltr'><strong>ἐκποδὼν</strong></span> 
     </span>
    </p>
   </div>
   <div class='ocr_carea' id='block_1_102' title="bbox 234 5273 1803 5364">
    <p class='ocr_par' dir='ltr' id='par_1_102' title="bbox 234 5273 1803 5364">
     <span class='ocr_line' id='line_1_102' title="bbox 234 5273 1803 5364; baseline -0.018 -15"><span class='ocrx_word' id='word_1_751' title='bbox 234 5286 738 5364; x_wconf 83' lang='grc' dir='ltr'><strong>μεταστησάμενος</strong></span> <span class='ocrx_word' id='word_1_752' title='bbox 765 5279 824 5331; x_wconf 85' lang='grc' dir='ltr'><strong>τὸ</strong></span> <span class='ocrx_word' id='word_1_753' title='bbox 858 5273 1155 5360; x_wconf 86' lang='grc' dir='ltr'><strong>μεσότοιχον</strong></span> <span class='ocrx_word' id='word_1_754' title='bbox 1187 5275 1282 5326; x_wconf 79' lang='grc' dir='ltr'><strong>τοῦ</strong></span> <span class='ocrx_word' id='word_1_755' title='bbox 1324 5277 1593 5338; x_wconf 83' lang='grc' dir='ltr'><strong>Μωῦσέως</strong></span> <span class='ocrx_word' id='word_1_756' title='bbox 1621 5279 1803 5345; x_wconf 71' lang='grc' dir='ltr'><strong>νόμου,</strong></span> 
     </span>
    </p>
   </div>
   <div class='ocr_carea' id='block_1_103' title="bbox 229 5363 1807 5456">
    <p class='ocr_par' dir='ltr' id='par_1_103' title="bbox 229 5363 1807 5456">
     <span class='ocr_line' id='line_1_103' title="bbox 229 5363 1807 5456; baseline -0.007 -25"><span class='ocrx_word' id='word_1_757' title='bbox 229 5388 378 5456; x_wconf 77' lang='grc' dir='ltr'><strong>ὅπερ</strong></span> <span class='ocrx_word' id='word_1_758' title='bbox 425 5381 580 5451; x_wconf 69' lang='grc' dir='ltr'><strong>ἡμᾶς</strong></span> <span class='ocrx_word' id='word_1_759' title='bbox 612 5375 737 5432; x_wconf 78' lang='grc' dir='ltr'><strong>τοὺς</strong></span> <span class='ocrx_word' id='word_1_760' title='bbox 780 5368 837 5432; x_wconf 76' lang='grc' dir='ltr'>ἐξ</span> <span class='ocrx_word' id='word_1_761' title='bbox 885 5363 1169 5456; x_wconf 28' lang='lat' dir='ltr'><strong>“ﬁtfit;</strong></span> <span class='ocrx_word' id='word_1_762' title='bbox 1217 5366 1362 5456; x_wconf 77' lang='grc' dir='ltr'><strong>κατὰ</strong></span> <span class='ocrx_word' id='word_1_763' title='bbox 1392 5367 1519 5420; x_wconf 89' lang='grc' dir='ltr'><strong>Θεὸν</strong></span> <span class='ocrx_word' id='word_1_764' title='bbox 1563 5369 1807 5456; x_wconf 71' lang='grc' dir='ltr'><strong>ἀπείργει</strong></span> 
     </span>
    </p>
   </div>
   <div class='ocr_carea' id='block_1_104' title="bbox 229 5452 1807 5532">
    <p class='ocr_par' dir='ltr' id='par_1_104' title="bbox 229 5452 1807 5532">
     <span class='ocr_line' id='line_1_104' title="bbox 229 5452 1807 5532; baseline -0.013 -4"><span class='ocrx_word' id='word_1_765' title='bbox 229 5452 532 5532; x_wconf 75' lang='grc' dir='ltr'><strong>εὐσεϐείας</strong></span> <span class='ocrx_word' id='word_1_766' title='bbox 561 5507 576 5530; x_wconf 93' lang='grc'><strong>,</strong></span> <span class='ocrx_word' id='word_1_767' title='bbox 626 5463 714 5515; x_wconf 82' lang='grc' dir='ltr'><strong>διὰ</strong></span> <span class='ocrx_word' id='word_1_768' title='bbox 761 5459 818 5510; x_wconf 90' lang='grc' dir='ltr'><strong>τὸ</strong></span> <span class='ocrx_word' id='word_1_769' title='bbox 868 5454 1001 5524; x_wconf 83' lang='grc' dir='ltr'><strong>μηδὲ</strong></span> <span class='ocrx_word' id='word_1_770' title='bbox 1032 5452 1377 5523; x_wconf 85' lang='grc' dir='ltr'><strong>βουλομένοις</strong></span> <span class='ocrx_word' id='word_1_771' title='bbox 1418 5457 1635 5510; x_wconf 86' lang='grc' dir='ltr'><strong>δυνατὸν</strong></span> <span class='ocrx_word' id='word_1_772' title='bbox 1672 5453 1807 5512; x_wconf 80' lang='grc' dir='ltr'><strong>εἶναι</strong></span> 
     </span>
    </p>
   </div>
   <div class='ocr_carea' id='block_1_105' title="bbox 233 5541 1634 5622">
    <p class='ocr_par' dir='ltr' id='par_1_105' title="bbox 233 5541 1634 5622">
     <span class='ocr_line' id='line_1_105' title="bbox 233 5541 1634 5622; baseline -0.016 -3"><span class='ocrx_word' id='word_1_773' title='bbox 233 5569 374 5618; x_wconf 78' lang='grc' dir='ltr'><strong>πᾶσι</strong></span> <span class='ocrx_word' id='word_1_774' title='bbox 410 5565 528 5622; x_wconf 84' lang='grc' dir='ltr'><strong>τοῖς</strong></span> <span class='ocrx_word' id='word_1_775' title='bbox 560 5555 741 5608; x_wconf 82' lang='grc' dir='ltr'><strong>ἔθνεσι</strong></span> <span class='ocrx_word' id='word_1_776' title='bbox 770 5544 902 5599; x_wconf 73' lang='grc' dir='ltr'><strong>κατὰ</strong></span> <span class='ocrx_word' id='word_1_777' title='bbox 934 5541 1163 5594; x_wconf 81' lang='grc' dir='ltr'><strong>Μωῦσέα</strong></span> <span class='ocrx_word' id='word_1_778' title='bbox 1196 5543 1634 5598; x_wconf 85' lang='grc' dir='ltr'><strong>πολιτεύσασθαι.</strong></span> 
     </span>
    </p>
   </div>
   <div class='ocr_carea' id='block_1_106' title="bbox 303 5709 1838 5787">
    <p class='ocr_par' dir='ltr' id='par_1_106' title="bbox 303 5709 1838 5787">
     <span class='ocr_line' id='line_1_106' title="bbox 303 5709 1838 5787; baseline 0.003 -19"><span class='ocrx_word' id='word_1_779' title='bbox 303 5735 354 5768; x_wconf 82' lang='lat' dir='ltr'><strong>u</strong></span> <span class='ocrx_word' id='word_1_780' title='bbox 393 5733 502 5787; x_wconf 54' lang='grc' dir='ltr'><strong>ιδῃ,</strong></span> <span class='ocrx_word' id='word_1_781' title='bbox 539 5737 715 5782; x_wconf 73' lang='lat' dir='ltr'><strong>um,</strong></span> <span class='ocrx_word' id='word_1_782' title='bbox 755 5715 836 5767; x_wconf 77' lang='grc'><strong>12.</strong></span> <span class='ocrx_word' id='word_1_783' title='bbox 909 5709 951 5740; x_wconf 80' lang='grc'><strong>³⁸</strong></span> <span class='ocrx_word' id='word_1_784' title='bbox 991 5710 1184 5780; x_wconf 83' lang='lat' dir='ltr'><strong>Ephes.</strong></span> <span class='ocrx_word' id='word_1_785' title='bbox 1223 5730 1301 5783; x_wconf 81' lang='lat' dir='ltr'><strong>lt,</strong></span> <span class='ocrx_word' id='word_1_786' title='bbox 1342 5717 1423 5772; x_wconf 73' lang='grc'><strong>14.</strong></span> <span class='ocrx_word' id='word_1_787' title='bbox 1501 5718 1544 5749; x_wconf 78' lang='grc'><strong>³’</strong></span> <span class='ocrx_word' id='word_1_788' title='bbox 1587 5717 1706 5772; x_wconf 86' lang='lat' dir='ltr'><strong>ibid.</strong></span> <span class='ocrx_word' id='word_1_789' title='bbox 1750 5718 1838 5773; x_wconf 73' lang='lat' dir='ltr'><strong>i5.</strong></span> 
     </span>
    </p>
   </div>
   <div class='ocr_carea' id='block_1_107' title="bbox 1917 4555 3442 4630">
    <p class='ocr_par' dir='ltr' id='par_1_107' title="bbox 1917 4555 3442 4630">
     <span class='ocr_line' id='line_1_107' title="bbox 1917 4555 3442 4630; baseline -0.005 -18"><span class='ocrx_word' id='word_1_790' title='bbox 1917 4560 2193 4630; x_wconf 85' lang='lat' dir='ltr'><strong>prephetia</strong></span> <span class='ocrx_word' id='word_1_791' title='bbox 2223 4560 2351 4614; x_wconf 83' lang='lat' dir='ltr'><strong>dicit</strong></span> <span class='ocrx_word' id='word_1_792' title='bbox 2382 4579 2396 4612; x_wconf 88' lang='lat'><strong>:</strong></span> <span class='ocrx_word' id='word_1_793' title='bbox 2439 4576 2456 4608; x_wconf 79' lang='grc' dir='ltr'><strong>ι</strong></span> <span class='ocrx_word' id='word_1_794' title='bbox 2483 4557 2550 4610; x_wconf 85' lang='lat' dir='ltr'><strong>Et</strong></span> <span class='ocrx_word' id='word_1_795' title='bbox 2581 4558 2858 4612; x_wconf 81' lang='lat' dir='ltr'><strong>vocaberis</strong></span> <span class='ocrx_word' id='word_1_796' title='bbox 2877 4555 3166 4611; x_wconf 68' lang='lat' dir='ltr'><strong>aedificator</strong></span> <span class='ocrx_word' id='word_1_797' title='bbox 3185 4555 3442 4609; x_wconf 88' lang='lat' dir='ltr'><strong>maceria-</strong></span> 
     </span>
    </p>
   </div>
   <div class='ocr_carea' id='block_1_108' title="bbox 1913 4642 3439 4730">
    <p class='ocr_par' dir='ltr' id='par_1_108' title="bbox 1913 4642 3439 4730">
     <span class='ocr_line' id='line_1_108' title="bbox 1913 4642 3439 4730; baseline -0.006 -27"><span class='ocrx_word' id='word_1_798' title='bbox 1913 4666 2030 4704; x_wconf 91' lang='lat' dir='ltr'><strong>rum</strong></span> <span class='ocrx_word' id='word_1_799' title='bbox 2060 4649 2126 4702; x_wconf 77' lang='lat'><strong>‘°-.</strong></span> <span class='ocrx_word' id='word_1_800' title='bbox 2171 4671 2189 4702; x_wconf 76' lang='grc' dir='ltr'><strong>ι</strong></span> <span class='ocrx_word' id='word_1_801' title='bbox 2223 4649 2319 4704; x_wconf 82' lang='lat' dir='ltr'><strong>Hie</strong></span> <span class='ocrx_word' id='word_1_802' title='bbox 2341 4650 2501 4703; x_wconf 89' lang='lat' dir='ltr'><strong>etiam</strong></span> <span class='ocrx_word' id='word_1_803' title='bbox 2547 4646 2858 4717; x_wconf 85' lang='lat' dir='ltr'><strong>praedictum</strong></span> <span class='ocrx_word' id='word_1_804' title='bbox 2912 4645 3165 4713; x_wconf 89' lang='lat' dir='ltr'><strong>parietem</strong></span> <span class='ocrx_word' id='word_1_805' title='bbox 3207 4642 3439 4730; x_wconf 70' lang='lat' dir='ltr'><strong>medium</strong></span> 
     </span>
    </p>
   </div>
   <div class='ocr_carea' id='block_1_109' title="bbox 1911 4730 3436 4809">
    <p class='ocr_par' dir='ltr' id='par_1_109' title="bbox 1911 4730 3436 4809">
     <span class='ocr_line' id='line_1_109' title="bbox 1911 4730 3436 4809; baseline -0.007 -15"><span class='ocrx_word' id='word_1_806' title='bbox 1911 4741 2163 4805; x_wconf 91' lang='lat' dir='ltr'><strong>abstulit;</strong></span> <span class='ocrx_word' id='word_1_807' title='bbox 2199 4741 2325 4809; x_wconf 87' lang='lat' dir='ltr'><strong>quia</strong></span> <span class='ocrx_word' id='word_1_808' title='bbox 2371 4755 2491 4794; x_wconf 88' lang='lat' dir='ltr'><strong>cum</strong></span> <span class='ocrx_word' id='word_1_809' title='bbox 2523 4741 2592 4793; x_wconf 91' lang='lat' dir='ltr'><strong>sit</strong></span> <span class='ocrx_word' id='word_1_810' title='bbox 2639 4735 2856 4790; x_wconf 87' lang='lat' dir='ltr'><strong>Sabbati</strong></span> <span class='ocrx_word' id='word_1_811' title='bbox 2903 4748 3114 4803; x_wconf 90' lang='lat' dir='ltr'><strong>quoque</strong></span> <span class='ocrx_word' id='word_1_812' title='bbox 3158 4730 3436 4793; x_wconf 89' lang='lat' dir='ltr'><strong>Dominus,</strong></span> 
     </span>
    </p>
   </div>
   <div class='ocr_carea' id='block_1_110' title="bbox 1911 4822 3437 4898">
    <p class='ocr_par' dir='ltr' id='par_1_110' title="bbox 1911 4822 3437 4898">
     <span class='ocr_line' id='line_1_110' title="bbox 1911 4822 3437 4898; baseline -0.006 -15"><span class='ocrx_word' id='word_1_813' title='bbox 1911 4831 2036 4884; x_wconf 85' lang='lat' dir='ltr'><strong>facit</strong></span> <span class='ocrx_word' id='word_1_814' title='bbox 2088 4839 2314 4898; x_wconf 88' lang='lat' dir='ltr'><strong>utraque</strong></span> <span class='ocrx_word' id='word_1_815' title='bbox 2365 4843 2572 4882; x_wconf 82' lang='lat' dir='ltr'><strong>unum:</strong></span> <span class='ocrx_word' id='word_1_816' title='bbox 2604 4827 2744 4880; x_wconf 91' lang='lat' dir='ltr'><strong>sicut</strong></span> <span class='ocrx_word' id='word_1_817' title='bbox 2781 4826 2858 4876; x_wconf 88' lang='lat' dir='ltr'><strong>ait</strong></span> <span class='ocrx_word' id='word_1_818' title='bbox 2906 4837 3058 4878; x_wconf 88' lang='lat' dir='ltr'><strong>sacer</strong></span> <span class='ocrx_word' id='word_1_819' title='bbox 3101 4822 3437 4889; x_wconf 85' lang='lat' dir='ltr'><strong>Apostolus:</strong></span> 
     </span>
    </p>
   </div>
   <div class='ocr_carea' id='block_1_111' title="bbox 1913 4912 3438 4990">
    <p class='ocr_par' dir='ltr' id='par_1_111' title="bbox 1913 4912 3438 4990">
     <span class='ocr_line' id='line_1_111' title="bbox 1913 4912 3438 4990; baseline -0.006 -18"><span class='ocrx_word' id='word_1_820' title='bbox 1913 4940 1934 4972; x_wconf 77' lang='grc' dir='ltr'><strong>ι</strong></span> <span class='ocrx_word' id='word_1_821' title='bbox 1959 4922 2076 4990; x_wconf 89' lang='lat' dir='ltr'><strong>Ipse</strong></span> <span class='ocrx_word' id='word_1_822' title='bbox 2101 4920 2242 4974; x_wconf 90' lang='lat' dir='ltr'><strong>enim</strong></span> <span class='ocrx_word' id='word_1_823' title='bbox 2273 4927 2357 4972; x_wconf 88' lang='lat' dir='ltr'><strong>est</strong></span> <span class='ocrx_word' id='word_1_824' title='bbox 2388 4933 2490 4986; x_wconf 75' lang='lat' dir='ltr'><strong>pax</strong></span> <span class='ocrx_word' id='word_1_825' title='bbox 2515 4924 2718 4976; x_wconf 87' lang='lat' dir='ltr'><strong>nostra,</strong></span> <span class='ocrx_word' id='word_1_826' title='bbox 2741 4914 2834 4982; x_wconf 89' lang='lat' dir='ltr'><strong>qui</strong></span> <span class='ocrx_word' id='word_1_827' title='bbox 2864 4912 2988 4967; x_wconf 86' lang='lat' dir='ltr'><strong>fecit</strong></span> <span class='ocrx_word' id='word_1_828' title='bbox 3010 4920 3235 4978; x_wconf 86' lang='lat' dir='ltr'><strong>utraque</strong></span> <span class='ocrx_word' id='word_1_829' title='bbox 3250 4925 3438 4974; x_wconf 88' lang='lat' dir='ltr'><strong>unum,</strong></span> 
     </span>
    </p>
   </div>
   <div class='ocr_carea' id='block_1_112' title="bbox 1907 5001 3440 5078">
    <p class='ocr_par' dir='ltr' id='par_1_112' title="bbox 1907 5001 3440 5078">
     <span class='ocr_line' id='line_1_112' title="bbox 1907 5001 3440 5078; baseline -0.008 -11"><span class='ocrx_word' id='word_1_830' title='bbox 1907 5020 1960 5067; x_wconf 90' lang='lat' dir='ltr'><strong>et</strong></span> <span class='ocrx_word' id='word_1_831' title='bbox 1987 5010 2216 5065; x_wconf 91' lang='lat' dir='ltr'><strong>medium</strong></span> <span class='ocrx_word' id='word_1_832' title='bbox 2240 5010 2495 5078; x_wconf 89' lang='lat' dir='ltr'><strong>parietem</strong></span> <span class='ocrx_word' id='word_1_833' title='bbox 2530 5006 2774 5059; x_wconf 64' lang='lat' dir='ltr'><strong>maceriae</strong></span> <span class='ocrx_word' id='word_1_834' title='bbox 2803 5004 2961 5058; x_wconf 82' lang='lat' dir='ltr'><strong>solvit</strong></span> <span class='ocrx_word' id='word_1_835' title='bbox 2985 5004 3049 5055; x_wconf 77' lang='lat'><strong>&quot;.</strong></span> <span class='ocrx_word' id='word_1_836' title='bbox 3083 5022 3100 5052; x_wconf 72' lang='grc' dir='ltr'>ι</span> <span class='ocrx_word' id='word_1_837' title='bbox 3135 5001 3200 5054; x_wconf 81' lang='lat' dir='ltr'><strong>Et</strong></span> <span class='ocrx_word' id='word_1_838' title='bbox 3223 5001 3440 5071; x_wconf 86' lang='lat' dir='ltr'><strong>quidem</strong></span> 
     </span>
    </p>
   </div>
   <div class='ocr_carea' id='block_1_113' title="bbox 1909 5090 3440 5166">
    <p class='ocr_par' dir='ltr' id='par_1_113' title="bbox 1909 5090 3440 5166">
     <span class='ocr_line' id='line_1_113' title="bbox 1909 5090 3440 5166; baseline -0.007 -12"><span class='ocrx_word' id='word_1_839' title='bbox 1909 5099 2140 5154; x_wconf 87' lang='lat' dir='ltr'><strong>medium</strong></span> <span class='ocrx_word' id='word_1_840' title='bbox 2204 5097 2462 5166; x_wconf 81' lang='lat' dir='ltr'><strong>parietem</strong></span> <span class='ocrx_word' id='word_1_841' title='bbox 2512 5095 2890 5162; x_wconf 86' lang='lat' dir='ltr'><strong>interpretans,</strong></span> <span class='ocrx_word' id='word_1_842' title='bbox 2955 5090 3180 5152; x_wconf 89' lang='lat' dir='ltr'><strong>subdit,</strong></span> <span class='ocrx_word' id='word_1_843' title='bbox 3213 5109 3231 5141; x_wconf 83' lang='grc' dir='ltr'><strong>ι</strong></span> <span class='ocrx_word' id='word_1_844' title='bbox 3268 5091 3440 5159; x_wconf 77' lang='lat' dir='ltr'><strong>legem</strong></span> 
     </span>
    </p>
   </div>
   <div class='ocr_carea' id='block_1_114' title="bbox 1908 5179 3443 5248">
    <p class='ocr_par' dir='ltr' id='par_1_114' title="bbox 1908 5179 3443 5248">
     <span class='ocr_line' id='line_1_114' title="bbox 1908 5179 3443 5248; baseline -0.006 -6"><span class='ocrx_word' id='word_1_845' title='bbox 1908 5187 2276 5242; x_wconf 76' lang='lat' dir='ltr'><strong>mandatorum</strong></span> <span class='ocrx_word' id='word_1_846' title='bbox 2328 5183 2558 5239; x_wconf 88' lang='lat' dir='ltr'><strong>decretis</strong></span> <span class='ocrx_word' id='word_1_847' title='bbox 2599 5195 2865 5236; x_wconf 87' lang='lat' dir='ltr'><strong>evacuans</strong></span> <span class='ocrx_word' id='word_1_848' title='bbox 2893 5180 2959 5240; x_wconf 76' lang='lat'><strong>”.</strong></span> <span class='ocrx_word' id='word_1_849' title='bbox 2997 5199 3015 5231; x_wconf 72' lang='grc' dir='ltr'><strong>ι</strong></span> <span class='ocrx_word' id='word_1_850' title='bbox 3052 5179 3260 5234; x_wconf 86' lang='lat' dir='ltr'><strong>sublato</strong></span> <span class='ocrx_word' id='word_1_851' title='bbox 3309 5179 3443 5248; x_wconf 78' lang='lat' dir='ltr'><strong>legis</strong></span> 
     </span>
    </p>
   </div>
   <div class='ocr_carea' id='block_1_115' title="bbox 1910 5267 3441 5342">
    <p class='ocr_par' dir='ltr' id='par_1_115' title="bbox 1910 5267 3441 5342">
     <span class='ocr_line' id='line_1_115' title="bbox 1910 5267 3441 5342; baseline -0.007 -12"><span class='ocrx_word' id='word_1_852' title='bbox 1910 5275 2154 5330; x_wconf 85' lang='lat' dir='ltr'><strong>Mosaicae</strong></span> <span class='ocrx_word' id='word_1_853' title='bbox 2189 5274 2364 5328; x_wconf 90' lang='lat' dir='ltr'><strong>medio</strong></span> <span class='ocrx_word' id='word_1_854' title='bbox 2394 5273 2624 5342; x_wconf 83' lang='lat' dir='ltr'><strong>pariete;</strong></span> <span class='ocrx_word' id='word_1_855' title='bbox 2651 5270 2743 5339; x_wconf 92' lang='lat' dir='ltr'><strong>qui</strong></span> <span class='ocrx_word' id='word_1_856' title='bbox 2789 5284 2888 5324; x_wconf 90' lang='lat' dir='ltr'><strong>nos</strong></span> <span class='ocrx_word' id='word_1_857' title='bbox 2912 5268 3143 5322; x_wconf 90' lang='lat' dir='ltr'><strong>ethnicis</strong></span> <span class='ocrx_word' id='word_1_858' title='bbox 3179 5267 3441 5321; x_wconf 81' lang='lat' dir='ltr'><strong>oriundos</strong></span> 
     </span>
    </p>
   </div>
   <div class='ocr_carea' id='block_1_116' title="bbox 1910 5355 3446 5435">
    <p class='ocr_par' dir='ltr' id='par_1_116' title="bbox 1910 5355 3446 5435">
     <span class='ocr_line' id='line_1_116' title="bbox 1910 5355 3446 5435; baseline -0.007 -18"><span class='ocrx_word' id='word_1_859' title='bbox 1910 5365 2219 5435; x_wconf 87' lang='lat' dir='ltr'><strong>parentibus</strong></span> <span class='ocrx_word' id='word_1_860' title='bbox 2247 5361 2562 5417; x_wconf 82' lang='lat' dir='ltr'><strong>excludebat</strong></span> <span class='ocrx_word' id='word_1_861' title='bbox 2601 5374 2632 5412; x_wconf 85' lang='lat' dir='ltr'><strong>a</strong></span> <span class='ocrx_word' id='word_1_862' title='bbox 2685 5358 2776 5412; x_wconf 89' lang='lat' dir='ltr'><strong>Dei</strong></span> <span class='ocrx_word' id='word_1_863' title='bbox 2803 5358 3058 5426; x_wconf 84' lang='lat' dir='ltr'><strong>religione</strong></span> <span class='ocrx_word' id='word_1_864' title='bbox 3088 5376 3101 5410; x_wconf 88' lang='lat'><strong>:</strong></span> <span class='ocrx_word' id='word_1_865' title='bbox 3135 5356 3267 5425; x_wconf 86' lang='lat' dir='ltr'><strong>quia</strong></span> <span class='ocrx_word' id='word_1_866' title='bbox 3298 5370 3367 5409; x_wconf 90' lang='lat' dir='ltr'><strong>ne</strong></span> <span class='ocrx_word' id='word_1_867' title='bbox 3397 5355 3446 5409; x_wconf 90' lang='lat' dir='ltr'><strong>si</strong></span> 
     </span>
    </p>
   </div>
   <div class='ocr_carea' id='block_1_117' title="bbox 1911 5449 3450 5522">
    <p class='ocr_par' dir='ltr' id='par_1_117' title="bbox 1911 5449 3450 5522">
     <span class='ocr_line' id='line_1_117' title="bbox 1911 5449 3450 5522; baseline -0.008 -12"><span class='ocrx_word' id='word_1_868' title='bbox 1911 5456 2204 5510; x_wconf 87' lang='lat' dir='ltr'><strong>voluissent</strong></span> <span class='ocrx_word' id='word_1_869' title='bbox 2232 5452 2470 5522; x_wconf 85' lang='lat' dir='ltr'><strong>quidem,</strong></span> <span class='ocrx_word' id='word_1_870' title='bbox 2511 5449 2624 5502; x_wconf 85' lang='lat' dir='ltr'><strong>fieri</strong></span> <span class='ocrx_word' id='word_1_871' title='bbox 2671 5454 2880 5516; x_wconf 88' lang='lat' dir='ltr'><strong>poterat</strong></span> <span class='ocrx_word' id='word_1_872' title='bbox 2912 5453 2970 5499; x_wconf 91' lang='lat' dir='ltr'><strong>ut</strong></span> <span class='ocrx_word' id='word_1_873' title='bbox 3006 5455 3218 5506; x_wconf 62' lang='lat' dir='ltr'><strong>cunctae</strong></span> <span class='ocrx_word' id='word_1_874' title='bbox 3264 5453 3450 5515; x_wconf 74' lang='lat' dir='ltr'><strong>gentes</strong></span> 
     </span>
    </p>
   </div>
   <div class='ocr_carea' id='block_1_118' title="bbox 1914 5537 3188 5612">
    <p class='ocr_par' dir='ltr' id='par_1_118' title="bbox 1914 5537 3188 5612">
     <span class='ocr_line' id='line_1_118' title="bbox 1914 5537 3188 5612; baseline -0.008 -12"><span class='ocrx_word' id='word_1_875' title='bbox 1914 5562 1978 5600; x_wconf 77' lang='lat' dir='ltr'><strong>ex</strong></span> <span class='ocrx_word' id='word_1_876' title='bbox 2007 5544 2253 5599; x_wconf 76' lang='lat' dir='ltr'><strong>Mosaicze</strong></span> <span class='ocrx_word' id='word_1_877' title='bbox 2282 5542 2414 5612; x_wconf 87' lang='lat' dir='ltr'><strong>legis</strong></span> <span class='ocrx_word' id='word_1_878' title='bbox 2442 5539 2671 5593; x_wconf 89' lang='lat' dir='ltr'><strong>formula</strong></span> <span class='ocrx_word' id='word_1_879' title='bbox 2702 5537 2864 5592; x_wconf 88' lang='lat' dir='ltr'><strong>vitam</strong></span> <span class='ocrx_word' id='word_1_880' title='bbox 2896 5537 3188 5607; x_wconf 85' lang='lat' dir='ltr'><strong>agitarent.</strong></span> 
     </span>
    </p>
   </div>
  </div>
