3782 6386
134 392 268 448 925

714 401 1166 469 QUIESTIONES
1203 401 1643 459 EVANGELICE
1680 403 1722 459 Δ

1830 401 2240 459 mensuum.
2277 433 2348 446 --
2383 394 2703 472 ρυλετω
2739 411 2849 467 xu.

3244 408 3349 467 92‘!

126 518 291 578 τοῖς
303 518 446 579 υἱοῖς
472 518 582 572 τῶν
616 521 912 594 ἀνθρώπων
931 542 945 556 ·
981 525 1060 578 δτι
1092 524 1365 596 συνέτριψε
1395 525 1563 586 πύλας
1594 525 1722 594 χαλ-

1830 523 2084 578 mirabilia
2110 522 2227 593 ejus
2250 522 2377 580 ﬂlils
2405 526 2697 580 hominum.
2721 527 2854 593 Quia
2883 528 3134 583 contrivit
3164 540 3348 598 portas

129 607 262 668 χες
284 646 303 669 ,
339 608 441 659 καὶ
486 608 719 677 μοχλοὺς
759 614 1003 684 σιδηροῦς
1032 614 1314 669 συνέκλασε
1334 629 1348 645 ·
1385 615 1476 668 καὶ
1505 616 1724 669 ἀντελά-

130 692 286 748 ϐετο
324 696 519 750 αὐτῶν
547 697 608 763 ἐξ
646 700 767 753 ὀδοῦ
798 702 1020 773 ἀνομίας
1046 702 1247 755 αὐτῶν·
1278 703 1722 773 ἐταπεινώθησαν,

131 787 248 837 καὶ
294 785 579 856 ἐξήγαγεν
611 791 807 854 αὐτοὺς
840 793 902 847 ἐκ
935 794 1153 854 σκότους
1181 794 1273 846 καὶ
1300 795 1451 855 σκιᾶς
1480 792 1722 857 θανάτου,

131 874 249 926 καὶ
286 875 430 937 τοὺς
454 876 688 947 δεσμοὺς
719 881 893 933 αὐτῶν
919 880 1183 952 διέρρηξε.
1215 901 1233 933 ι
1266 881 1445 934 Ταῦτα
1473 881 1578 950 γὰρ
1602 882 1726 952 περὶ

130 966 252 1036 τῆς
278 967 350 1018 ἐκ
370 967 478 1019 τοῦ
502 968 733 1023 θανάτου
758 972 843 1025 διὰ
863 972 1090 1042 Χριστοῦ
1111 973 1398 1042 γενομένης
1420 971 1725 1042 ἀπολυτρώ-

134 1073 298 1121 σεως
319 1057 557 1126 λέγεται
577 1099 591 1121 ,
610 1060 687 1124 ὡς
700 1063 908 1131 συνᾴδει
927 1064 1016 1114 καὶ
1035 1064 1094 1116 τὸ
1113 1063 1313 1131 φάσκον
1332 1062 1521 1130 λόγιον·
1549 1082 1566 1112 ι
1579 1064 1723 1115 Κατ-

134 1145 310 1199 ἑπιεν
355 1150 390 1199 ὁ
444 1148 678 1213 θάνατος
719 1153 954 1220 ἰσχύσας.
978 1172 995 1203 ι
1029 1155 1136 1207 Καὶ
1160 1154 1347 1206 πάλιν·
1386 1173 1403 1205 ι
1439 1156 1673 1223 Ἀφεῖλεν
1696 1158 1724 1208 6

133 1238 289 1301 Θεὸς
316 1241 445 1291 πᾶν
472 1241 707 1311 δάκρυον
730 1242 835 1295 ἀπὸ
866 1245 1059 1307 παντὸς
1074 1246 1374 1315 προσώπου.
1403 1265 1422 1297 ι
1456 1248 1723 1317 Τηρητέον

130 1329 197 1382 δὲ
222 1329 315 1381 ὅτι
344 1328 435 1399 μὴ
459 1330 737 1384 διαπίπτει
757 1336 785 1385 6
808 1335 1044 1403 χρησμὸς
1064 1337 1092 1387 6
1113 1342 1284 1406 φήσας
1304 1376 1317 1400 ,
1352 1355 1370 1387 ι
1394 1339 1466 1390 Ού
1498 1340 1569 1409 μὴ
1594 1342 1722 1392 ἁνα-

136 1421 248 1489 στῇ
298 1422 371 1473 ἐκ
427 1423 750 1492 σπέρματος
804 1424 1044 1492 Ἰεχονίου
1089 1426 1385 1495 καθήμενος
1420 1429 1510 1480 ἐπὶ
1540 1429 1721 1498 θρόνου

133 1508 335 1570 Δαεῖε,
369 1510 574 1579 ἄρχων
605 1511 685 1563 ἔτι
708 1512 764 1564 ὲν
788 1511 864 1581 τῷ
909 1512 1069 1581 Ἰούδᾳ.
1087 1529 1102 1545 ·
1125 1533 1146 1563 ι
1181 1517 1298 1566 ἐπεὶ
1331 1515 1513 1584 μηδεὶς
1540 1519 1601 1568 ὲκ
1628 1518 1724 1587 τῆς

134 1597 241 1651 τοῦ
288 1599 483 1652 Ἰούδα
518 1600 691 1669 φυλῆς
722 1601 854 1670 μετὰ
889 1603 1131 1672 Ἰεχονίαν
1154 1604 1249 1674 τῆς
1272 1605 1363 1656 τοῦ
1394 1606 1552 1657 Δαδὶδ
1578 1606 1724 1675 βασι-

134 1685 301 1751 λείας
329 1690 593 1761 κατέστη
622 1690 856 1761 διάδοχος
876 1710 889 1723 ·
919 1695 1050 1762 μετὰ
1080 1693 1205 1761 γοῦν
1232 1696 1327 1763 τὴν
1356 1695 1460 1748 ἀπὸ
1479 1696 1723 1748 Βαϐυλῶ-

137 1795 233 1841 νος
279 1780 687 1849 αἰχμαλωσίαν
706 1822 720 1845 ,
762 1783 864 1835 ὑπὸ
899 1788 1010 1845 τοῖς
1041 1786 1345 1855 ἀρχιερεῦσι
1374 1787 1632 1838 διετέλεσε
1662 1788 1721 1840 τὸ

140 1870 257 1920 πᾶν
281 1869 459 1930 ἔθνος
477 1872 779 1941 ἀρχόμενον
807 1872 960 1942 μέχρι
980 1874 1075 1943 τῆς
1093 1874 1183 1925 τοῦ
1204 1875 1445 1944 Σωτῆρος
1463 1875 1612 1945 ἡμῶν
1628 1878 1723 1946 Ἰη-

141 1957 243 2011 σοῦ
264 1960 535 2027 Χριστοῦ
554 1963 869 2031 παρουσίας·
887 1959 1020 2031 ἦσαν
1043 1963 1168 2029 γοῦν
1196 1964 1309 2015 κατ’
1325 1963 1480 2015 αὐτὸν
1497 1964 1721 2033 τετράρ-

138 2066 236 2117 χαι
272 2049 328 2101 οἱ
368 2051 516 2119 περὶ
552 2050 643 2102 τὸν
682 2049 920 2121 Ἡρώδην
954 2053 1045 2104 καὶ
1079 2052 1367 2115 1Ινίλιπνιον,
1414 2053 1628 2122 ἡγεμών
1664 2069 1721 2104 τε

140 2139 396 2203 Πιλᾶτος
423 2178 441 2202 ,
479 2139 580 2192 καὶ
606 2141 697 2195 ἐπὶ
722 2142 853 2194 πᾶσι
891 2141 1154 2210 βασιλεύς.

906 2271 1005 2329 IA’.

141 2384 248 2438 Διὰ
278 2384 344 2437 τί
369 2382 513 2453 ταῖς
542 2382 613 2436 ἐν
634 2379 708 2449 τῇ
727 2386 1065 2453 γενεαλογίᾳ
1085 2386 1355 2453 κέχρηται
1376 2387 1715 2441 ὑποδιαστο-

212 2456 392 2517 λαῖς,
438 2450 531 2523 μὴ
575 2450 1034 2523 ὀμοῦσυνάψὰς
1062 2450 1199 2506 ἀπὶδῂ
1222 2456 1456 2523 Ἀϐραὰμ
1490 2456 1587 2508 ἐπὶ
1617 2457 1721 2509 τὸν

310 2521 507 2589 (acor
536 2521 741 2588 γενεὰς
776 2522 1215 2589 τεσσαράκοντα
1253 2523 1377 2585 δύο,
1414 2521 1624 2577 διελὼν
1653 2525 1719 2577 δὲ

213 2588 337 2655 τὰς
370 2588 669 2655 διαδοχὰς
695 2591 821 2642 καθ’
849 2588 1202 2654 οὒςίὲξέθετο
1230 2592 1605 2661 ἀφορισμούς.

228 2678 343 2731 Διὰ
384 2676 495 2740 τὰς
533 2677 816 2748 διαφόρους
856 2680 1209 2741 καταστάσεις
1243 2679 1333 2732 τοῦ
1367 2680 1492 2732 λαοῦ
1522 2682 1617 2743 τὰς
1656 2684 1717 2733 ἐκ

145 2769 250 2838 τῆς
292 2767 560 2837 ἱστορίας
592 2766 1007 2837 παρισταμένας·
1043 2767 1169 2837 ἄλλη
1203 2770 1296 2837 μὲν
1325 2771 1428 2839 γὰρ
1459 2766 1525 2840 ἦν
1555 2773 1587 2841 ἡ
1615 2772 1718 2824 ἀπὸ

160 2857 441 2931 Ἀϐραὰμ.
490 2857 588 2910 καὶ
634 2856 726 2908 ἐπὶ
770 2855 946 2918 Δαϐὶδ,
997 2857 1088 2908 καὶ
1140 2858 1295 2911 πάλιν
1342 2860 1499 2929 ἑτέρα
1540 2860 1570 2931 ἡ
1615 2861 1718 2913 ἀπὸ

148 2948 350 3010 Δασιδ,
378 2949 484 3017 ἥτε
527 2947 685 3016 μέχρι
714 2945 808 3014 τῆς
841 2945 1221 3013 αἰχμαλωσίας,
1251 2949 1324 3011 ὡς
1353 2948 1508 3001 πάλιν
1545 2950 1576 3019 ἡ
1614 2950 1718 3001 ἀπὸ

144 3038 371 3106 ταύτης
395 3036 567 3105 μέχρι
595 3035 687 3087 τοῦ
706 3034 952 3104 Χριστοῦ·
983 3036 1086 3087 ἀπὸ
1114 3037 1208 3104 μὲν
1229 3036 1334 3107 γὰρ
1370 3037 1608 3107 Ἀϐραὰμ
1629 3040 1718 3091 ἐπὶ

146 3128 242 3178 τὸν
266 3123 454 3178 Δαϐὶδ
482 3124 543 3175 οὐ
577 3124 850 3192 φαίνονται
875 3124 976 3177 ὑπὸ
998 3124 1240 3191 βασιλέας
1268 3125 1712 3196 πολιτευσάμενοι·

146 3209 337 3285 ἧρξαν
384 3212 447 3265 δὲ
493 3211 590 3264 τοῦ
623 3211 804 3275 ἔθνους
851 3211 984 3281 μετὰ
1026 3213 1257 3263 Μωῡσέα
1301 3212 1391 3264 καὶ
1439 3212 1636 3283 Ἰησοῦν
1673 3218 1719 3267 οἰ

152 3303 563 3372 ἐπικληθέντες
599 3303 723 3370 παρ’
756 3301 934 3362 αὐτοῖς
982 3300 1188 3371 κριταί·
1223 3301 1313 3353 καὶ
1354 3297 1420 3371 ἧν
1466 3319 1546 3365 τις
1596 3303 1721 3366 ίδιος

148 3393 366 3464 τρόπος
395 3392 503 3460 τῆς
536 3393 739 3443 τούτων
778 3390 1147 3451 καταϐάσεως·
1182 3390 1290 3442 ἀλλ’
1321 3390 1436 3443 οὐδὲ
1465 3392 1529 3444 τὰ
1563 3391 1720 3462 Ἱερο-

154 3480 379 3550 σόλυμά
423 3495 546 3540 πως
590 3478 945 3546 συνειστήκει,
977 3476 1094 3528 οὐδὲ.
1125 3493 1187 3543 γε
1219 3478 1246 3528 6
1278 3479 1332 3529 ὲν
1362 3479 1537 3542 αὐτοῖς
1569 3479 1717 3542 νεώς·

151 3570 350 3637 διόπερ
384 3564 772 3635 ἐπιστημόνως
798 3566 825 3616 6
856 3563 1231 3634 εὖαγγελιστὴς
1264 3565 1335 3635 μὴ
1367 3568 1602 3635 συγχέων
1629 3566 1723 3636 τὴν

155 3659 435 3728 ἱστορίαν,
469 3654 633 3724 μέχρι
668 3652 827 3704 Δαϐὶδ
856 3651 1002 3719 ἔστη,
1037 3651 1157 3713 τοὺς
1180 3652 1283 3703 ἀπὸ
1320 3652 1562 3723 Ἀϐραὰμ
1586 3653 1725 3715 ἰδίως

153 3747 596 3818 κατεριθμήσας
621 3760 634 3773 ·
669 3739 766 3794 εἴτ’
798 3738 886 3795 οὖν
921 3741 1076 3793 πάλιν
1115 3741 1399 3811 ἐπειδήπερ
1429 3742 1534 3794 ἀπὸ
1567 3742 1725 3795 Δαὸὶδ

154 3840 252 3891 καὶ
284 3837 459 3909 μέχρι
495 3834 600 3904 τῆς
620 3830 1003 3902 αἰχμαλωσίας
1031 3832 1244 3894 οἰκείοις
1267 3830 1548 3901 κέχρηνται
1578 3831 1726 3900 βασιο

151 3926 247 3980 λεῦ
256 3945 332 3990 σι,
366 3927 486 3988 τοῖς
505 3940 567 3975 τε
584 3922 693 3975 ἀπὸ
713 3920 872 3972 Δαΰὶδ
895 3919 1082 3991 ἄρξασι
1102 3922 1316 3983 καὶτοῖς
1346 3923 1401 3973 ἐν
1419 3922 1483 3990 τῇ
1516 3921 1727 3973 διαστά-

156 4032 243 4071 σει
276 4015 378 4070 τοῦ
432 4012 569 4067 λαοῦ
620 4010 954 4079 γενομένοις·
994 4009 1050 4061 τό
1094 4025 1149 4060 τε
1194 4011 1248 4060 ἐν
1288 4011 1351 4078 τῇ
1389 4009 1727 4079 Ἰερουσαλὴμ

157 4106 310 4177 ἱερὸν
342 4106 408 4169 ἐξ
449 4101 662 4155 ἐκείνου
696 4100 787 4152 καὶ
817 4098 971 4168 μέχρι
1007 4101 1103 4167 τῆς
1129 4097 1489 4166 αἰχμαλωσίας
1522 4098 1728 4168 διήρκε-

158 4213 275 4260 σεν,
321 4195 560 4254 εἰκότως
591 4192 685 4243 καὶ
716 4188 927 4250 τούτους
959 4187 1115 4239 πάλιν
1154 4188 1293 4250 ἰδίως
1328 4188 1604 4257 ἀφορίσας,
1640 4188 1725 4256 ὑφ’

154 4286 259 4340 ἕνα
286 4287 610 4354 συνήγαγεν
637 4278 861 4350 ἀριθμόν
880 4295 892 4307 ·
925 4277 1108 4348 ὥσπερ
1135 4274 1224 4330 οὖν
1247 4278 1339 4329 καὶ
1365 4278 1487 4340 τοὺς
1513 4278 1615 4330 ἀπὸ
1634 4282 1728 4348 τῆς

158 4374 560 4447 αἰχμαλωσίας
594 4371 752 4441 μέχρι
776 4368 866 4421 τοῦ
889 4367 1139 4438 Χριστοῦ,
1168 4370 1294 4439 παρ’
1321 4362 1399 4431 οἷς
1430 4368 1607 4421 οὐκέτι
1633 4368 1728 4438 μὲν

1820 627 2008 676 areas,
2034 620 2087 668 et
2109 623 2287 669 vectes
2329 614 2531 670 terrens
2571 614 2851 686 confregit.
2903 619 2967 673 Et
2995 620 3228 689 suscepit
3255 630 3350 675 eos

1821 704 1889 759 de
1916 704 2002 758 via
2025 705 2321 774 iniquitatis
2342 719 2548 760 eorum.
2576 704 2853 759 ﬂumiliati
2885 716 3008 761 sunt
3053 725 3065 761 :
3102 709 3193 762 sed
3217 707 3350 763 edu-

1822 793 1901 847 xit
1924 807 2017 848 eos
2040 793 2105 847 de
2132 794 2368 848 tenebris
2395 802 2447 848 et
2474 794 2661 848 umbra
2688 795 2876 849 mortis
2893 834 2908 860 ,
2946 803 2999 849 et
3022 796 3232 851 vincula
3256 810 3352 851 eo-

1822 896 1939 934 rum
1964 881 2196 950 disrupit
2219 882 2286 937 ⁸³.
2322 900 2342 934 ι
2390 882 2511 937 Haec
2550 882 2805 936 nimirum
2833 881 2897 936 de
2933 884 3291 953 redemptione
3317 896 3351 938 α

1822 979 1991 1025 morte
2039 985 2133 1040 per
2177 970 2449 1026 Christum
2494 972 2777 1037 dicuntur;
2827 971 2923 1025 eui'
2962 974 3038 1025 rei
3092 981 3350 1028 consonat

1823 1059 1963 1112 aliud
1990 1060 2262 1114 oraculum
2294 1078 2307 1114 :
2344 1079 2362 1111 ι
2400 1060 2680 1115 Devoravit
2722 1075 2869 1116 mors
2909 1061 3200 1130 praevalens
3228 1063 3293 1117 “.
3324 1076 3343 1114 ι

1822 1147 2136 1218 Rursusque
2173 1168 2186 1203 :
2227 1166 2246 1199 ι
2281 1149 2515 1203 Abstulit
2540 1149 2679 1204 Deus
2708 1164 2917 1203 omnem
2948 1149 3233 1219 lacrymam
3282 1150 3351 1204 ab

1821 1239 1964 1290 omni
2014 1238 2147 1292 facie
2172 1238 2238 1291 ".
2275 1255 2293 1288 ι
2329 1236 2494 1290 Porro
2533 1237 3057 1292 animadvertendum
3104 1245 3213 1299 est,
3245 1252 3351 1291 non

1821 1325 2065 1379 excidere
2098 1327 2407 1379 vaticinium
2441 1325 2581 1394 quod
2611 1326 2683 1378 ait
2711 1343 2723 1378 :
2764 1344 2783 1377 ι
2816 1324 2932 1379 Non
2965 1331 3146 1394 surget
3174 1323 3239 1379 de
3265 1340 3353 1395 ge-

1820 1431 1947 1470 nere
1986 1414 2257 1470 Jechonize
2289 1416 2381 1484 qui
2414 1417 2593 1470 sedeat
2626 1430 2788 1485 super
2821 1416 3070 1469 thronum
3115 1414 3349 1479 Davidis,

1821 1509 1908 1577 qui
1939 1508 2165 1561 ulterius
2193 1509 2248 1561 in
2275 1507 2411 1561 Juda
2466 1509 2689 1577 imperet
2718 1526 2731 1561 :
2775 1525 2794 1559 ι
2823 1508 2946 1577 quia
2978 1522 3135 1561 nemo
3169 1523 3354 1577 reapse

1820 1597 1887 1651 de
1925 1597 2067 1650 tribu
2099 1596 2247 1651 Iudae
2278 1604 2397 1665 post
2443 1594 2753 1651 Jechoniam
2784 1596 3019 1649 Davidici
3058 1597 3208 1665 regni
3254 1595 3352 1649 fuit

1821 1699 2121 1740 successor.
2170 1684 2378 1739 Etenim
2421 1693 2543 1753 post
2589 1684 2964 1755 Babylonicum
2995 1685 3352 1754 captivitatem

1822 1775 2031 1829 subdita
2072 1775 2171 1829 fuit
2209 1775 2549 1844 pontiﬁcibus
2594 1776 2843 1828 universa
2892 1788 3025 1842 gens
3065 1788 3237 1842 usque
3284 1773 3351 1825 ad

1823 1862 2122 1918 Servatoris
2160 1865 2331 1918 nostri
2361 1863 2487 1918 Jesu
2531 1863 2731 1917 Christi
2776 1863 3059 1917 adventum
3101 1879 3117 1919 :
3166 1863 3351 1932 quoin

1822 1951 1979 2005 terris
2001 1959 2265 2013 versante,
2296 1951 2575 2006 tetrarchae
2598 1950 3012 2007 erant-Herodes
3041 1958 3198 2020 atque
3228 1938 3352 2004 Phi-

1822 2042 2014 2109 lippus,
2042 2055 2242 2109 prteses
2270 2039 2496 2106 Pilatus,
2526 2042 2880 2111 dominusque
2909 2042 3148 2095 omnium
3171 2041 3354 2098 Caesar

1818 2131 2124 2200 imperator.

2537 2262 2605 2316 XI

1819 2368 1925 2445 Cur
1951 2372 2257 2445 evangelista
2286 2383 2466 2426 utatur
2488 2374 2905 2429 distinctionibus
2949 2375 3349 2445 ingenealogia,

1886 2440 2023 2509 haud
2066 2440 2224 2493 simul
2268 2452 2539 2495 contexens
2588 2445 2939 2509 generationes
2970 2440 3352 2498 ab'Abralu'tmo

1885 2508 1952 2560 ad
1984 2509 2246 2562 Christum
2285 2508 2636 2579 quadraginta
2667 2512 2818 2575 duas,
2859 2512 2946 2565 sed
2977 2512 3208 2566 dividens
3233 2528 3350 2566 suc-

1884 2579 2134 2630 cessiones
2159 2593 2249 2645 per
2271 2594 2331 2630 ea
2355 2594 2468 2647 qua:
2497 2580 2674 2631 scribit
2701 2590 2980 2650 segmenta.

1883 2665 1996 2720 Hoc
2036 2665 2162 2720 facit
2200 2675 2419 2736 propter
2440 2667 2678 2723 diversas
2705 2671 2883 2739 populi
2917 2669 3349 2735 constitutiones,
3400 2672 3403 2673 ⁷

1813 2770 1932 2824 qua:
1976 2770 2041 2809 ex
2089 2756 2312 2810 historia
2355 2758 2641 2826 explorata:
2670 2768 2814 2812 sunt.
2873 2760 2990 2813 Alia
3032 2760 3226 2829 quippe
3254 2760 3354 2815 fuit

1814 2846 2122 2899 constitutio
2168 2846 2235 2899 ab
2275 2847 2578 2900 Abrahamo
2619 2848 2686 2900 ad
2732 2846 3018 2913 Davidem,
3057 2864 3355 2918 rursusque

1815 2936 1917 2988 alia
1950 2949 1979 2986 a
2012 2934 2208 2988 Davide
2230 2944 2410 3004 ‘usque
2435 2936 2501 2988 ad
2536 2936 2932 3004 captivitatem;
2964 2952 3121 3007 quam
3166 2937 3355 2993 subse-

1815 3025 1994 3093 quitur
2027 3024 2182 3077 tertia
2208 3040 2376 3093 usque
2408 3025 2473 3078 ad
2499 3025 2793 3080 Christum.
2826 3025 3063 3096 Namque
3087 3027 3154 3080 ab
3180 3026 3354 3081 Abra-

1817 3112 1974 3164 hamo
2011 3111 2079 3165 ad
2129 3110 2377 3164 Davidem
2409 3120 2621 3165 constat
2653 3111 2885 3167 llebraais
2935 3129 3040 3167 non
3078 3113 3244 3169 fuisse
3270 3130 3357 3169 re-

1821 3221 1933 3275 ges,
1966 3204 2060 3259 sed
2086 3205 2227 3273 genti
2256 3214 2376 3273 post
2402 3203 2633 3274 Moysem
2666 3212 2718 3258 et
2744 3204 2961 3259 Josuam
3008 3206 3359 3275 imperavisse

1818 3311 1931 3357 eos,
1982 3309 2117 3363 quos
2153 3294 2363 3363 judices
2406 3294 2777 3362 appellabant:
2807 3303 2860 3348 et
2883 3300 2997 3348 erat
3023 3296 3236 3365 quidam
3262 3312 3357 3366 ρες-

1820 3384 2035 3438 culiaris
2078 3397 2196 3436 mos
2225 3383 2413 3435 borum
2463 3382 2848 3437 successionis.
2907 3380 3011 3435 Sed
3040 3397 3212 3451 neque
3246 3381 3358 3435 fora

1821 3480 1962 3527 tasse
2012 3470 2380 3541 Hierosolyma
2433 3471 2605 3524 adhuc
2651 3477 2803 3525 erant
2845 3470 3125 3533 aediﬁcata,
3183 3484 3357 3538 neque

1819 3569 1961 3617 certe
1993 3560 2191 3616 ibidem
2223 3562 2499 3629 templum.
2530 3559 2706 3625 Quare
2742 3561 3009 3629 sapienter
3031 3561 3355 3629 evangelista

1820 3654 1935 3709 sine
1949 3653 2189 3708 historiae
2214 3653 2611 3722 perturbatione
2639 3653 2693 3705 in
2724 3651 2923 3707 Davide
2951 3654 3209 3719 substitit,
3227 3653 3354 3708 dum

1820 3742 2107 3797 Abrahami
2161 3750 2404 3811 posteros
2428 3742 2713 3811 separatim
2743 3750 3099 3796 enumeraret.
3154 3742 3355 3798 Deinde

1820 3848 2030 3897 rursus,
2072 3832 2323 3902 quoniam
2364 3846 2394 3884 a
2440 3831 2637 3887 Davide
2667 3848 2837 3902 usque
2878 3831 2942 3886 ad
2987 3827 3349 3901 captivitatem

1823 3924 2029 3979 Hebraei
2075 3925 2305 3993 propriis
2351 3925 2433 3978 usi
2472 3932 2601 3998 sunt
2630 3925 2864 3994 regibus,
2914 3924 3106 3992 partim
3136 3922 3355 3979 Davidis

1824 4013 2247 4075 successoribus,
2267 4014 2458 4082 partim
2488 4013 2555 4067 iis
2577 4012 2667 4082 qui
2695 4012 2876 4082 populi
2903 4020 3188 4081 segregata:
3212 4011 3352 4079 parti

1824 4103 2290 4172 imperitaverunt;
2338 4117 2444 4173 quo
2475 4110 2648 4158 tractu
2686 4102 2942 4172 temporis
2971 4099 3356 4170 Hierosolymis

1826 4195 2074 4263 templum
2105 4209 2135 4246 a
2162 4193 2380 4248 conditu
2418 4208 2516 4247 suo
2545 4208 2716 4262 usque
2755 4191 2821 4246 ad
2850 4190 3206 4264 captivitatem
3237 4204 3356 4258 per-

1826 4285 2119 4350 severavit;
2153 4285 2343 4339 merito
2383 4285 2706 4355 evangelista
2735 4284 2833 4339 bos
2860 4298 3070 4353 quoque
3099 4296 3356 4350 separans

1827 4372 1927 4427 sub
1951 4372 2202 4441 peculiari
2234 4372 2407 4425 classe
2433 4371 2717 4425 conclusit.
2775 4369 2890 4424 Jam
2918 4384 3041 4424 vero
3078 4369 3201 4438 quia
3234 4375 3355 4436 post

156 4471 192 4539 ἡ
229 4468 332 4521 τοῦ
379 4465 551 4519 Δαϐὶδ
594 4460 816 4530 συνέστη
860 4458 1113 4528 βασιλεία,
1148 4458 1547 4528 μεταπεπτώκει
1572 4458 1626 4510 δὲ
1661 4457 1722 4510 τὰ

1830 4465 2180 4534 captivitatem
2216 4479 2384 4532 usque
2431 4463 2498 4517 ad
2538 4462 2813 4517 Christum
2850 4461 3054 4514 nullum
3102 4460 3211 4529 jam
3241 4469 3357 4516 erat

157 4557 264 4626 τῆς
286 4552 601 4627 ἡγεμονίας
637 4547 742 4601 ἀπὸ
780 4547 875 4615 τῆς
900 4545 990 4597 τοῦ
1024 4545 1187 4598 Ἰούδα
1213 4546 1379 4615 φυλῆς
1409 4545 1499 4598 ἐπὶ
1532 4546 1590 4597 τὸ
1620 4546 1725 4598 τῶν

159 4645 366 4715 ἱερέων
388 4643 571 4711 γένος,
604 4637 653 4689 οἳ
681 4635 743 4705 δὴ
781 4635 870 4686 καί.
897 4631 1064 4703 ἦρξαν
1091 4633 1262 4686 αὐτῶν
1290 4633 1394 4685 ἀπὸ
1421 4632 1524 4684 τῶν
1550 4632 1725 4702 Κύρου

160 4736 382 4806 χράνων
416 4733 515 4786 καὶ
562 4729 653 4782 επὶ
693 4729 790 4798 τὴν
830 4728 921 4779 τοῦ
954 4724 1182 4794 Χριστοῦ
1222 4725 1459 4791 γένεσιν·
1487 4723 1605 4776 ὅθεν
1637 4725 1727 4776 καὶ

159 4828 398 4890 τούτους
425 4824 572 4885 ἰδίως
597 4821 877 4890 ἀφορίσας,
901 4817 1014 4869 καθ’
1040 4815 1258 4877 ἑαυτοὺς
1280 4815 1572 4884 ἠρίθμησεν
1591 4831 1605 4845 ·
1629 4815 1726 4868 οὐκ

161 4917 582 4985 ἀσυλλογίστως
615 4913 722 4983 ἄρα
753 4909 847 4972 τὰς
872 4912 1016 4978 τρεῖς
1042 4907 1323 4976 πεποίηται
1345 4905 1615 4969 διαστολὰς
1642 4906 1728 4959 διὰ

164 5009 269 5071 τὰς
303 5005 671 5064 ἀποδοθείσας
700 5000 890 5061 αἰτίας.

920 5129 1016 5181 lB'.

160 5249 271 5301 Διά
304 5250 366 5302 τί
390 5245 514 5301 ἀπὸ
568 5241 690 5294 τῶν
720 5236 893 5305 Δαόὶδ
936 5239 1164 5305 χρόνων
1191 5236 1285 5288 ἐπὶ
1323 5237 1611 5305 Ἰεχονίαν
1638 5236 1733 5288 καὶ

240 5318 363 5383 τὴν
396 5319 485 5378 εἰς
519 5304 852 5383 Βαϐυλῶνα
877 5307 1282 5383 αἰχμαλωσίαν
1312 5306 1455 5383 extr}
1476 5305 1569 5356 καὶ
1592 5304 1734 5358 δέκα

230 5369 777 5454 ,Βάσιλεύᾳάντωτι
818 5369 1249 5454 δεκατέσσαρας
1292 5369 1441 5425 εἷναί
1480 5388 1622 5440 φησι
1648 5391 1733 5440 γε-

239 5444 386 5519 ἆοεὰς
415 5454 450 5503 ὁ
479 5444 935 5510 εὐαγγελιστῄς.

236 5540 311 5595 α’·
343 5542 403 5593 Et
436 5536 542 5607 μὲν
590 5526 843 5594 διαδοχὰς
880 5530 1209 5600 ἀναγράφειν
1240 5528 1381 5597 αύτῷ
1431 5528 1709 5598 προῦκειτο

1827 4550 2042 4605 Davidis
2068 4566 2312 4620 regnum,
2369 4551 2463 4605 sed
2495 4542 2524 4602 a
2549 4549 2698 4604 Judte
2728 4549 2872 4603 tribu
2903 4548 2956 4602 in
2989 4563 3154 4618 genus
3182 4562 3360 4602 sacer-

1827 4640 2002 4694 dotale
2032 4640 2364 4710 principatus
2390 4641 2680 4703 deciderat,
2706 4655 2823 4709 qua:
2848 4639 3140 4693 dominatio
3169 4652 3198 4690 a
3231 4637 3358 4704 Cyri

1828 4730 2156 4798 temporibus
2188 4733 2251 4786 ad
2280 4732 2482 4786 Christi
2512 4732 2845 4786 nativitatem
2873 4730 3096 4794 mansit;
3155 4728 3361 4782 idcirco

1829 4826 1883 4874 et
1911 4818 2007 4872 hos
2030 4834 2370 4875 successores
2399 4830 2641 4889 separata
2673 4820 2727 4873 in
2760 4819 2931 4872 classe
2954 4816 3235 4870 recensuit.
3266 4815 3363 4868 At-

1830 4925 1933 4980 que
1977 4908 2059 4961 hae
2105 4924 2280 4964 causae
2322 4910 2557 4971 fuerunt,
2586 4916 2804 4978 propter
2843 4922 2978 4976 quas
3001 4905 3140 4959 haud
3164 4911 3361 4961 temere

1829 4996 2151 5068 evangelista
2176 5005 2283 5054 tres
2314 4998 2438 5054 fecit
2472 5000 2867 5053 distinctiones.

2534 5127 2647 5182 XII.

1829 5237 1936 5293 Cur
1965 5255 2079 5291 cum
2110 5255 2141 5291 a
2174 5237 2385 5292 Davidis
2418 5238 2727 5303 temporibus
2757 5253 2911 5306 usque
2953 5235 3020 5290 ad
3055 5233 3361 5288 Jechoniam

1900 5324 1987 5360 seu
2017 5308 2083 5359 ad
2111 5307 2481 5377 Babylonicam
2513 5308 2863 5374 captivitatem
2879 5305 3240 5377 septentdecim
3275 5320 3361 5358 rc-

1901 5393 1998 5496 ges.
2015 5374 2239 5445 fuerint;
2258 5375 2603 5444 generationes
2635 5374 3016 5444 quatuordecim
3040 5374 3179 5427 dicat
3208 5389 3362 5427 eran-

1901 5462 1957 5497 ae
1982 5455 2105 5497 ista.

1901 5462 2105 5513 getiam.

1909 5536 1954 5588 ί.
1995 5532 2050 5587 Si
2083 5532 2450 5590 successiones
2493 5533 2728 5590 scribere
2759 5533 3088 5605 propositum
3116 5530 3363 5587 Matth»)

240 5740 287 5769 ⁸³
328 5735 470 5789 Psal.
511 5742 629 5787 cn,
664 5721 860 5786 20,21,
894 5725 977 5788 Η,
1024 5729 1082 5781 16
1123 5728 1197 5781 17.
1272 5722 1313 5757 ⁸⁵⁸
1350 5728 1453 5781 Isa.
1492 5741 1604 5790 xxv,
1639 5726 1689 5780 8.

1855 5729 1977 5785 ibid.
