3782 6366
50 425 163 481 929
628 423 1082 493 ρυιεετιοΝΕε
1117 422 1339 477 EVANG
1350 420 1565 475 ΕΜοΕ
1602 422 1634 474 Α

1738 416 2147 473 SPEPHANUM.
2189 448 2257 459 -
2294 417 2615 484 QUESTIO
2649 420 2763 476 XV.
3136 424 3242 480 930

52 533 364 597 ἐκαθέζετο
391 533 856 604 βασίλεύων,τάχα
884 550 982 586 που
1013 532 1071 595 ἐξ
1107 532 1388 598 ἐλέφαντος
1414 529 1505 581 καὶ
1533 527 1623 591 ξύ-

1741 545 1775 582 n
1815 544 1921 597 quo
1958 544 2049 582 rex
2092 527 2325 592 residet,
2368 529 2530 583 ebore
2566 538 2688 596 puta
2735 531 2996 602 lignisque
3020 548 3239 607 compa-

54 622 164 675 λων
213 622 633 690 πεποιημένον,
679 621 861 691 χρυσῷ
909 638 968 673 τε
999 621 1089 673 καὶ
1134 619 1295 682 λίθοις
1336 618 1622 687 βασιλικοῖς

1738 627 1861 674 :tum
1881 658 1896 683 ,
1917 633 2152 687 auroque
2178 627 2231 673 et
2258 620 2420 689 regiis
2440 619 2703 688 lapidibus
2739 626 3074 678 exornatum.
3120 625 3242 678 Alio

57 711 510 781 κεκοσμημένον·
540 711 660 764 καθ’
684 712 862 782 ἕτερον
893 712 946 764 δὲ
973 711 1090 763 καθ’
1122 711 1179 763 ὃν
1207 712 1302 780 τὴν
1333 710 1501 779 ἀρχὴν
1530 710 1623 762 αύ-

1738 710 1906 771 nodo,
1945 723 2052 778 quo
2097 707 2377 777 imperium
2406 708 2581 777 ipsum
2611 715 2769 782 atque
2797 711 3028 766 universi
3056 714 3240 782 populi

55 802 154 871 τὴν
183 801 286 854 καὶ
319 800 425 870 τὴν
447 800 588 855 κατά
610 802 803 865 παντὸς
829 801 920 855 τοῦ
946 802 1124 863 ἔθνους
1164 800 1468 870 ἠγεμονίαν,
1498 798 1622 868 θρό-

1738 798 1970 852 Iucatum
1992 837 2007 861 ,
2034 798 2285 852 thronum
2310 798 2460 866 regni
2489 798 2729 853 solemus
2754 813 2962 853 vocare.
2994 801 3237 866 Tertius,

56 910 146 945 νον
180 891 476 960 βασιλείας
517 891 781 961 εἰώθαμεν
825 892 1127 945 ἀποκαλεῖν·
1160 891 1335 960 τρίτος
1386 890 1450 942 ἂν
1477 889 1621 959 παρά

1738 899 1910 941 mater
1931 887 2213 956 praedictos
2230 927 2244 950 ,
2274 888 2463 941 modus
2486 896 2601 950 est,
2623 902 2730 955 quo
2760 887 2845 941 ille
2869 904 2899 941 a
2923 890 3032 944 Deo
3058 891 3241 947 Davidi

56 985 183 1048 τοὺς
214 982 556 1051 εἰρημένους
609 982 819 1051 λεχθείη
847 982 1040 1052 τρόπος
1062 1022 1077 1045 ,
1116 980 1234 1033 καθ’
1269 979 1325 1032 6v
1371 980 1400 1030 6
1451 981 1611 1047 ὲπηγ·

1738 978 2019 1043 )romissus
2057 979 2312 1043 thronus,
2345 978 2450 1032 dici
2484 987 2657 1046 potest
2689 978 2917 1032 thronus
2948 982 3099 1048 ejus,
3134 999 3241 1037 non

60 1072 329 1142 γελμένος
366 1072 475 1124 ὑπὸ
505 1071 599 1125 τοῦ
624 1071 757 1124 Θεοῦ
792 1071 868 1141 τῷ
916 1071 1077 1123 Δαϐἰδ
1103 1070 1282 1141 θρόνος
1307 1069 1620 1139 όνομασθείη

1741 1080 1775 1118 ιι
1801 1080 1909 1134 quo
1938 1064 2052 1133 ipse
2080 1065 2312 1129 sederit,
2337 1066 2427 1119 sed
2457 1079 2612 1133 quem
2641 1080 2734 1132 per
2762 1066 2999 1120 cmlestia
3029 1068 3094 1122 ad
3123 1086 3244 1123 eum

61 1159 125 1211 ἂν
154 1156 356 1219 αὑτοῦ,
395 1158 498 1210 οὐκ
528 1158 611 1224 ἐφ’
634 1158 693 1210 ὃν
712 1159 868 1220 αὐτὸς
890 1157 1170 1227 ἐκαθέσθη,
1193 1156 1299 1208 ἀλλ’
1325 1157 1383 1208 δν
1412 1157 1499 1209 διὰ
1519 1157 1622 1209 τῶν

1738 1154 1974 1209 vaticinia
2022 1155 2217 1211 divinae
2263 1157 2456 1211 litterae
2504 1157 2800 1212 continent.
2852 1156 3125 1226 Scriptum
3163 1168 3245 1214 est

61 1248 195 1318 πρὸς
225 1248 403 1300 αὐτὸν
423 1246 738 1318 θεοπρεπῶν
760 1249 809 1300 οἱ
835 1247 963 1300 θεῖοι
995 1248 1137 1315 λόγοι
1181 1247 1503 1316 περιέχουσι·
1534 1248 1624 1315 γέ-

1738 1246 1861 1301 anim
1888 1245 1943 1299 in
1968 1246 2296 1315 octogesimo
2320 1256 2510 1300 octavo
2536 1247 2745 1316 psalmo
2774 1265 2787 1300 :
2813 1265 2831 1297 ι
2848 1244 3033 1300 Juravi
3062 1235 3245 1301 Daviili

63 1350 305 1407 γραπται
336 1333 455 1404 γάρ
512 1337 571 1387 ἐν
625 1335 955 1404 ὀγδοηκοστῷ
1001 1335 1167 1404 ὀγδόῳ
1208 1334 1419 1404 ψαλμῷ
1459 1353 1477 1385 ι
1538 1335 1623 1397 Ὧς

1738 1353 1875 1392 servo
1914 1352 2071 1391 meo:
2109 1337 2289 1406 Usque
2335 1338 2389 1391 in
2437 1340 2691 1392 saeculum
2725 1338 3032 1408 praeparabo
3067 1353 3245 1392 semen

63 1424 249 1494 ὤμοσα
280 1422 458 1476 Δαὸἰδ
479 1422 557 1492 τῷ
584 1423 751 1493 δούλῳ
781 1423 1017 1493 μου,ἕως
1037 1423 1127 1474 τοῦ
1148 1423 1334 1485 αἰῶνος
1362 1424 1624 1492 ἑτοιμάσω

1738 1440 1870 1479 .uum
1893 1443 1909 1492 ;
1934 1433 1986 1480 et
2013 1426 2261 1481 thronum
2295 1436 2441 1481 tuum
2471 1428 2746 1482 aediﬁcabo
2773 1428 2825 1480 in
2852 1429 3246 1496 generationem

64 1515 121 1570 τὺ
153 1513 388 1583 σπέρμα
420 1529 546 1565 σου’
580 1513 675 1565 καὶ
726 1513 1053 1584 οἰκοδομήσω
1098 1516 1174 1575 εἰς
1205 1513 1392 1582 γενεὰν
1421 1514 1509 1565 καὶ
1537 1528 1625 1579 γε-

1738 1523 1775 1571 :t
1800 1517 2219 1585 generationem.
2251 1536 2269 1567 ι
2299 1516 2362 1569 Ει
2392 1532 2584 1571 rursus
2613 1536 2626 1570 :
2660 1535 2677 1566 ι
2717 1516 3026 1586 Ponamque
3061 1516 3113 1569 in
3143 1530 3245 1570 sa:-

65 1604 185 1656 νεάν
248 1603 344 1655 τὸν
430 1601 619 1673 θρόνον
682 1619 796 1656 σου.
830 1620 850 1653 ι
886 1603 993 1654 Kat
1049 1601 1225 1653 πάλιν*
1263 1620 1281 1651 ι
1319 1600 1425 1653 Kal.
1465 1599 1621 1669 θήσο-

1738 1603 1899 1657 :ulum
1941 1604 2122 1657 seculi
2164 1618 2344 1657 semen
2385 1604 2536 1673 ejus,
2581 1610 2635 1657 et
2672 1604 2921 1657 thronum
2960 1604 3080 1671 ejus
3108 1604 3247 1658 sicut

69 1709 160 1764 μαι
190 1693 273 1754 εἰς
323 1692 427 1743 τὸν
460 1690 629 1743 αἰῶνα
660 1691 752 1743 τοῦ
805 1690 993 1752 αἰῶνος
1055 1690 1115 1742 τὸ
1173 1688 1389 1758 σπέρμα
1440 1686 1620 1750 αὐτοῦ,

1738 1691 1835 1746 lies
1880 1692 2023 1746 caeli.
2054 1711 2072 1744 ι
2102 1691 2166 1744 Et
2204 1692 2417 1746 denuo:
2450 1711 2470 1743 ι
2504 1692 2680 1747 Semel
2724 1693 2904 1762 juravi
2949 1694 3006 1746 in
3056 1700 3248 1747 sancto

65 1783 154 1836 καὶ
173 1782 265 1833 τὸν
294 1779 496 1850 θρόνον
533 1779 697 1832 αὑτοῦ
718 1780 790 1843 ὼς
821 1779 916 1841 τὰς
948 1780 1153 1849 ἡμέρας
1181 1778 1269 1831 τοῦ
1325 1777 1566 1849 ούρανοῦ.
1598 1797 1616 1829 ι

1738 1796 1843 1835 meo
1859 1821 1874 1844 ,
1898 1783 1942 1837 si
1971 1782 2155 1836 Davidi
2182 1782 2443 1848 mentiar;
2474 1797 2655 1837 semen
2679 1782 2795 1851 ejus
2816 1790 2992 1836 manet
3014 1783 3069 1836 iu
3093 1788 3248 1836 aeter-

68 1874 171 1925 Ka‘.
203 1837 395 1924 πάλιν·
436 1888 455 1920 ι
496 1870 678 1933 Ἂπαξ
704 1837 1068 1940 ὤμοσανὲνττῷ
1111 1837 1248 1939 ἀγίῳ
1298 1837 1416 1939 μουι,
1469 1870 1514 1920 εἰ
1546 1868 1622 1938 τῷ

1738 1884 1871 1925 rium.
1933 1868 2184 1925 Thronus
2237 1871 2364 1939 ejus‘
2398 1837 2651 1939 tanquam
2705 1837 2787 1924 sol
2842 1871 2897 1924 in
2949 1878 3245 1940 conspectu

69 1960 225 2013 Δασὶδ
252 1960 563 2029 ψεύσομαι,
595 1960 655 2011 τὸ
689 1959 905 2029 σπέρμα
927 1957 1088 2011 αὐτοῦ
1116 1960 1194 2020 εἰς
1220 1959 1305 2009 τὸν
1340 1957 1507 2011 αἰῶνα
1533 1959 1627 2028 μέ-

1738 1977 1843 2015 meo
1863 2001 1878 2024 ,
1909 1970 1963 2016 et
1991 1963 2131 2016 sicut
2163 1963 2287 2016 luna
2317 1961 2550 2031 perfecta
2584 1962 2636 2014 in
2663 1968 2924 2016 veternum
2953 1979 2968 2028 ;
3003 1968 3057 2016 et
3089 1962 3247 2017 testis

68 2067 161 2115 νει,
189 2052 285 2103 xa‘t
311 2052 343 2102 6
381 2049 579 2118 θρόνος
602 2047 761 2100 αὐτοῦ
792 2047 865 2109 ὡς
888 2049 915 2099 6
946 2047 1092 2116 ἣλιος
1118 2045 1353 2098 ἐναντίον
1387 2062 1505 2114 μου,
1536 2045 1628 2099 καὶ
1725 2053 1781 2106 in
1812 2053 1948 2106 εωιο
1980 2052 2168 2107 ﬁdelis.
2204 2070 2221 2102 ι

70 2144 139 2203 ὡς
163 2143 197 2211 ἡ
222 2140 435 2209 σελήνη
466 2136 871 2207 κατηρτισμένη
897 2138 974 2198 εἰς
995 2134 1085 2187 τὸν
1112 2134 1297 2196 αἰῶνα,
1331 2134 1423 2186 καὶ
1447 2138 1474 2186 6
1501 2133 1629 2203 μάρ-

70 2247 158 2292 τυς
189 2231 250 2282 ἐν
281 2227 510 2298 οὐρανῷ
538 2228 778 2290 πιστός.»

136 2317 197 2387 β’.
245 2317 413 2370 Ἐπεὶ
437 2316 619 2368 τοίνυν
642 2314 825 2385 θρόνον
875 2315 949 2376 ὠς
978 2313 1074 2377 τὰς
1104 2312 1309 2383 ἡμέρας
1354 2313 1444 2365 τοῦ
1472 2310 1629 2381 ούρα-

73 2406 181 2471 νοῦ,
212 2406 308 2459 καὶ
334 2406 421 2467 ὡς
444 2404 539 2457 τὸν
572 2403 741 2456 αἰῶνα
767 2402 1080 2472 διαμένοντα
1124 2401 1309 2454 δώσειν
1335 2400 1628 2471 ὲπήγγελτο

73 2495 154 2550 διά
180 2496 289 2549 τῶν
314 2495 633 2564 εἰρημένων
668 2495 697 2545 6
727 2493 857 2556 Θεὸς
904 2492 980 2562 τῷ
1010 2493 1188 2555 Δαϐὶδ,
1222 2492 1383 2562 πολλὴ
1409 2492 1505 2562 μέν
1548 2509 1629 2554 τις

1791 2315 1843 2369 2.
1886 2314 2052 2384 igitur
2095 2317 2219 2385 quia
2261 2318 2543 2381 thrcuum,
2593 2326 2845 2386 tanquam
2889 2320 3005 2374 dies
3047 2323 3168 2376 cmli
3198 2330 3250 2378 et

1727 2413 1976 2473 tanquam
2027 2405 2194 2458 sulem
2238 2414 2290 2459 et
2339 2407 2554 2472 lunam,
2595 2408 2648 2461 in
2693 2408 2889 2464 smeula
2930 2409 3248 2464 duraturum

1724 2493 2042 2561 promiserat
2072 2492 2254 2546 Davidi
2285 2495 2462 2549 verbis
2486 2495 2755 2563 prazdictis
2780 2495 2946 2560 Deus,
2967 2505 3249 2568 propterea

73 2583 136 2655 ἦν
165 2588 252 2639 διὰ
279 2586 465 2640 ταῦτα
512 2584 591 2653 τῷ
636 2586 798 2637 παντὶ
835 2585 1093 2637 Ἰουδαίων
1148 2583 1287 2636 ἔθνει
1341 2583 1627 2653 προσδοκία

78 2680 195 2748 περί
229 2678 326 2731 τοῦ
349 2676 687 2747 δηλωθέντος
719 2675 922 2747 θρόνου·
954 2675 1151 2745 βραχὺν
1208 2675 1262 2727 δὲ
1306 2674 1492 2743 χρόνον
1535 2674 1627 2726 τοῦ

76 2767 230 2819 Δασὶδ
285 2764 670 2836 ἡγησαμένου,
724 2764 814 2815 καὶ
869 2763 1166 2833 Σολομῶνος
1216 2764 1328 2833 μετ’
1361 2764 1539 2827 αὐτὸν,
1567 2763 1627 2816 οὐ

78 2853 181 2925 μὴν
202 2854 341 2908 ἀλλά
370 2856 473 2907 καὶ
496 2853 604 2906 τῶν
623 2853 877 2921 διαδόχων
907 2853 1004 2922 τῆς
1030 2852 1201 2906 αὐτῶν
1254 2853 1520 2922 βασιλείας
1551 2854 1628 2917 εἰς

89 2945 336 3014 Ἰεχονίαν
366 2943 469 2996 καὶ
521 2943 620 3013 τὴν
651 2943 729 3005 εἰς
761 2941 1045 2994 Βαϐυλῶνα
1074 2942 1437 3012 αἰχμαλωσίαν
1466 2959 1629 2995 κατα-

81 3034 449 3105 πρεψάντων,
476 3032 553 3094 ὡς
580 3031 639 3097 ἐξ
661 3030 864 3083 ἐκείνου
894 3031 1139 3083 λελύσθαι
1174 3032 1262 3083 τὸν
1306 3031 1484 3102 θρόνον
1533 3034 1629 3103 τῆς

83 3123 348 3191 βασιλείας
383 3120 574 3182 Δαὸὶδ,
623 3118 792 3171 ἐδόκει
821 3118 889 3172 τά
939 3120 1037 3188 τῆς
1060 3119 1341 3216 τῶναθείων
1374 3121 1628 3190 χρησμῶν
1655 3161 1695 3216 C

81 3214 410 3283 ἐπαγγελίας
447 3213 524 3283 μὴ
548 3210 907 3265 συνίστασθαυ
932 3210 1085 3263 τοῦτο
1123 3206 1213 3263 οὖν
1234 3210 1362 3262 αὐτὸ
1389 3211 1466 3283 τῷ
1504 3210 1628 3279 θείῳ

81 3300 350 3371 Πνεύματι
388 3299 556 3353 πάλιν
588 3300 616 3351 6
674 3299 834 3361 αὐτὸς
857 3297 1064 3368 ψαλμδς
1107 3298 1453 3368 προαγορεύει
1508 3298 1631 3367 ἑξῆς

83 3393 184 3451 τοίς
209 3389 683 3462 προπαρατεθεῖσι
710 3388 901 3455 λέγων’
957 3406 975 3438 ι
1010 3387 1117 3440 Ποῦ
1138 3390 1242 3440 εἰσι
1273 3388 1339 3440 τά
1368 3388 1489 3459 ὲλέη
1541 3405 1631 3440 σου

80 3477 145 3532 τὰ
166 3479 395 3548 ἀρχαῖα,
429 3477 628 3548 Κύριε,
656 3477 691 3531 ἃ
711 3476 927 3548 ὤμοσας
955 3476 1032 3546 τῷ
1056 3476 1213 3529 Δαδίδ
1233 3479 1287 3530 ὲν
1314 3480 1380 3548 τῇ
1414 3477 1636 3548 ἀληθείᾳ

84 3581 205 3632 σου;
248 3586 268 3618 ι
307 3568 425 3620 Καὶ
454 3567 559 3637 τήν
578 3583 642 3634 γε
674 3565 986 3637 καθαίρεσιν
1013 3566 1110 3635 τῆς
1163 3566 1431 3635 βασιλείας
1450 3565 1631 3631 αὐτοῦ,

80 3659 169 3710 καὶ
192 3660 295 3729 τῆς
321 3658 584 3727 διαδοχῆς
614 3656 798 3719 αὐτοῦ,
814 3654 904 3708 τοῦ
931 3655 1115 3726 θρόνου
1147 3673 1205 3707 τε
1233 3656 1329 3726 τὴν
1344 3672 1637 3726 καταστρο-

83 3747 182 3816 (ripa
214 3748 526 3819 διαρρήδην
574 3746 926 3815 ὑποσημαίνει
957 3745 1113 3798 πάλιν
1146 3745 1267 3814 ἑξῆς
1299 3745 1383 3798 διὰ
1415 3746 1633 3797 τούτων’

1725 2582 1889 2634 multa
1914 2589 2028 2635 erat
2055 2583 2110 2636 in
2146 2584 2392 2637 universa
2426 2581 2729 2638 Iudaeorum
2773 2595 2927 2656 gente
2970 2586 3252 2654 significasti

1725 2672 2263 2741 throniexspectatio.
2289 2673 2528 2744 Cumque
2551 2675 2698 2729 brevi
2724 2684 2962 2745 tempore
2990 2678 3255 2748 principa-

1724 2770 1835 2817 tum
1856 2763 2110 2831 gessisset
2134 2762 2297 2817 David
2313 2804 2328 2829 ,
2354 2773 2407 2819 et
2425 2771 2543 2834 post
2559 2766 2704 2820 hunc
2725 2765 3003 2832 Salomon,
3029 2777 3080 2822 et
3102 2784 3253 2838 reges

1724 2851 1914 2905 horum
1940 2867 2283 2909 successores
2305 2855 2358 2908 in
2378 2853 2636 2909 Jechonia
2665 2871 2727 2909 ac
2742 2856 3062 2927 Babylonica
3086 2859 3256 2929 capti-

1726 2938 1893 2991 vitate
1920 2939 2278 2994 cessavissent
2305 2981 2320 3006 ,
2356 2942 2429 2995 ita
2469 2951 2527 2996 ut
2566 2951 2689 3013 post
2729 2943 2783 2997 id
2822 2952 3033 3014 tempus
3074 2948 3256 3016 regius

1726 3026 1943 3083 Davidis
1970 3029 2197 3086 thronus
2230 3031 2518 3087 subversus
2555 3033 2754 3101 fuerit;
2795 3035 3117 3091 videbantur
3141 3051 3249 3092 non

1728 3117 1828 3172 sibi
1857 3127 2105 3173 constare
2132 3120 2436 3175 divinorum
2460 3124 2801 3178 oraculorum
2836 3128 3248 3194 promissiones.

1727 3204 2082 3269 Quamobrem
2103 3209 2287 3261 eodem
2308 3208 2489 3263 divino
2507 3210 2708 3279 Spiritu
2731 3227 2946 3267 rursum
2971 3215 3257 3283 prmdietus

1729 3296 1987 3364 psalmus,
2016 3308 2209 3365 praeter
2240 3307 2363 3353 ante
2386 3300 2547 3364 dicta,
2578 3303 2658 3355 sic
2686 3302 2952 3371 loquitur:
2973 3304 3105 3359 «Ubi
3132 3316 3259 3360 sum

1729 3384 2114 3440 misericordiae
2148 3395 2251 3441 tuae
2288 3390 2554 3457 antiquaz,
2595 3390 2845 3455 Domine,
2887 3407 3021 3461 quas
3058 3395 3254 3462 jurasti

1734 3474 1918 3529 Davidi
1962 3475 2017 3529 in
2053 3478 2280 3532 veritate
2306 3486 2395 3533 tua
2416 3480 2439 3532 ἰ
2460 3499 2479 3531 ι
2506 3478 2644 3532 Tum
2681 3481 2839 3534 etiam
2869 3484 3019 3549 regni
3047 3483 3166 3550 ejus
3189 3499 3253 3538 ac

1730 3566 2091 3621 successionis
2114 3568 2380 3623 excidium
2411 3570 2698 3640 thronlque
2721 3572 3050 3626 eversionem
3076 3582 3258 3641 aperte

1732 3655 1906 3707 innuit
1936 3655 1991 3708 in
2037 3658 2416 3725 sequentibus:
2448 3676 2467 3709 ι
2495 3656 2575 3713 Tu
2613 3672 2743 3714 vero
2780 3661 3018 3729 repulisti
3065 3670 3118 3715 et
3159 3660 3255 3717 de—

1732 3744 1949 3813 spexisti
1971 3783 1985 3807 ,
2010 3743 2232 3801 Domine
2259 3764 2273 3811 ;
2303 3745 2561 3801 distulisti
2587 3747 2861 3802 Christum
2889 3756 3039 3801 tuum
3068 3768 3083 3814 ;
3107 3764 3256 3804 ever-

88 3855 106 3886 ι
139 3838 208 3890 Σὺ
235 3839 295 3891 δὲ
329 3838 548 3893 ἀπώσω
600 3838 691 3890 καὶ
736 3836 1106 3903 ὲξουδένωσας,
1143 3836 1328 3904 Κύριεο
1382 3836 1634 3889 ἀνεϐάλου

1738 3836 1845 3889 tisti
1893 3842 2272 3890 testamentum
2319 3838 2457 3891 servi
2505 3838 2620 3903 tui;
2667 3837 2966 3908 profanasti
3015 3838 3067 3891 in
3113 3847 3256 3894 terra

82 3927 170 3979 τὸν
197 3930 442 3999 Χριστόν
471 3945 588 3991 σου,
617 3928 979 3999 κατέστρεψας
1012 3927 1104 3998 τὴν
1122 3927 1380 3998 διαθήκην
1408 3928 1496 3980 τοῦ
1516 3928 1634 3981 δού-

82 4015 173 4070 λου
208 4036 326 4086 σου,
355 4018 708 4088 ὲόεϐἡλωσας
735 4020 812 4080 εἰς
839 4019 935 4088 τὴν
958 4018 1058 4088 γῆν
1081 4018 1139 4069 τὸ
1158 4018 1396 4088 ἀγίασμα
1420 4016 1598 4070 αὐτοῦ·
1614 4037 1630 4068 ι

84 4109 177 4162 καὶ
201 4110 481 4180 ἐπιφέρειο
520 4125 540 4158 ι
579 4106 671 4158 τὸν
701 4105 885 4176 θρόνον
911 4105 1071 4159 αὐτοῦ
1109 4108 1185 4168 εἰς
1214 4106 1307 4177 τὴν
1330 4107 1429 4176 γῆν
1456 4106 1618 4177 κατέῤ

184 4216 269 4262 ας.
286 4219 305 4250 ι

184 4216 269 4262 ας.
286 4219 305 4250 ι

250 4289 450 4343 Ταῦτα
480 4288 659 4342 πάντα
681 4287 818 4339 κατά
836 4285 896 4338 τὸ
927 4286 1051 4338 αὐτὸ
1074 4285 1286 4353 συνάγει
1316 4286 1375 4338 τὸ
1400 4285 1635 4355 Πνεῦμα,

89 4383 373 4449 μονονουχὶ
409 4379 732 4451 βουλόμενον
756 4378 900 4446 ἡμᾶς
938 4376 1157 4443 διδάξαι,
1205 4378 1283 4430 ὅτι
1309 4377 1368 4429 ού
1396 4377 1517 4446 περὶ
1541 4375 1637 4443 τῆς

1733 3927 2098 3980 sanctuarium
2126 3927 2245 3995 ejus
2265 3945 2311 3994 ;ι
2331 3928 2583 3999 additque
2608 3948 2620 3983 :
2659 3945 2677 3980 ι
2700 3938 2754 3984 et
2779 3929 3027 3983 thronum
3055 3930 3173 3998 ejus
3204 3930 3261 3984 in

1735 4021 1928 4067 terram
1958 4015 2222 4071 collisisti.
2245 4036 2263 4067 ι

1799 4279 1852 4335 5.
1890 4278 2012 4333 Hzec
2049 4278 2227 4334 omnia
2261 4279 2569 4335 summatim
2607 4280 2810 4351 colligit
2837 4279 3053 4335 divinus
3083 4281 3261 4351 Spiri-

1737 4377 1824 4423 tas
1844 4407 1859 4431 ,
1890 4368 2271 4437 propemodum
2298 4367 2490 4423 docere
2520 4383 2619 4423 nos
2647 4369 2861 4432 volens,
2890 4366 3031 4422 haud
3059 4370 3265 4426 visibile

88 4466 366 4534 βασιλείας
428 4470 527 4539 τῆς
578 4467 858 4536 αἰσθητῆς,
914 4467 1028 4518 οὐδὲ
1054 4468 1176 4536 περὶ
1220 4466 1309 4519 τοῦ
1336 4466 1517 4537 θρόνου
1547 4464 1634 4517 τοῦ

1741 4474 1958 4529 regnum
2000 4457 2186 4513 Davidi
2228 4457 2393 4513 fuisse
2426 4460 2749 4529 promissum
2795 4474 2969 4528 neque
3010 4459 3265 4514 thronum

89 4562 453 4629 σωματικώτε
463 4578 552 4632 ρον
573 4558 858 4629 νοουμένου
890 4558 943 4611 αἰ
969 4559 1099 4628 πρὸς
1123 4558 1279 4611 Δαϐιδ
1318 4554 1453 4628 ἦσαν
1476 4559 1639 4625 ἐπαγο

86 4651 281 4715 γελίαισ
308 4654 373 4705 αἰ
406 4653 509 4723 μὲν
536 4651 646 4720 γάρ
671 4649 795 4719 περί
831 4666 971 4711 τινος
993 4648 1204 4701 αἰωνίου
1252 4647 1459 4717 θρόνου,
1494 4649 1645 4700 ἀπει-

90 4741 397 4813 καζομένου
463 4743 599 4812 ἡλίῳ
649 4741 743 4793 καὶ
780 4738 1007 4809 οὐρανῷ,
1067 4738 1400 4808 διαμένοντός
1453 4755 1510 4790 τε
1567 4740 1644 4800 εἰς

91 4831 282 4895 αιῶνα,
312 4831 739 4904 προεθέσπιζον·
780 4832 813 4898 ὴ
836 4829 890 4881 δέ
914 4845 974 4896 γε
999 4828 1090 4880 τοῦ
1137 4828 1294 4881 Δαὸἱδ
1346 4827 1581 4897 βασιλεία
1611 4829 1643 4897 ἡ

93 4917 346 4991 αἰσθητὴ,
378 4920 559 4990 χρόνῳ
589 4918 778 4970 λέλυτο
805 4916 901 4967 οὐκ
942 4918 1017 4978 εἰς
1048 4915 1266 4985 μακρόν
1295 4915 1510 4977 εἰκότως
1542 4932 1647 4967 τοι·

96 5006 297 5077 γαροῦν
336 5010 439 5061 τοῦ
478 5008 668 5079 θρόνου
725 5004 822 5073 τῆς
868 5003 1123 5074 αἰσθητῆς
1174 5003 1438 5072 βασιλείας
1490 5002 1647 5056 Δασὶδ

96 5096 189 5166 τὴν
214 5098 537 5168 καθαίρεσιν
563 5091 1006 5161 ὑπογράψας,κα“ι
1030 5088 1211 5152 εἰπὼν,
1236 5090 1322 5142 τὸν
1343 5089 1522 5160 θρόνον
1550 5091 1646 5141 αύ-

94 5187 183 5238 τοῦ
206 5190 289 5251 είς
314 5190 422 5259 τὴν
454 5188 556 5259 γῆν
584 5180 944 5251 κατέρρηξας,
973 5181 1207 5251 περὶτοῦ
1252 5181 1336 5234 διὰ
1365 5181 1468 5233 τῶν
1494 5182 1646 5235 θείων

80 5278 343 5346 χρησμῶν
366 5272 804 5347 ἐπηγγελμένου
833 5270 1042 5322 αἰωνίου
1067 5271 1157 5321 καὶ
1203 5271 1441 5339 οὐρανίου
1463 5270 1646 5340 θρόνου

88 5361 204 5431 ἑξῆς
229 5364 327 5434 ιεὴν
360 5365 538 5435 εὐχὴν
565 5358 807 5413 ποιεῖται
851 5354 1040 5422 λέγων’
1083 5375 1100 5405 ι
1134 5357 1240 5407 Ποῦ
1292 5360 1392 5408 εἰσι
1434 5357 1497 5410 τὰ
1526 5359 1647 5428 ὲλέη

100 5466 184 5502 σου
207 5453 275 5505 τὰ
314 5455 545 5523 ἀρχαῖα,
595 5444 796 5513 Κύριε,
839 5441 875 5495 θ.
918 5443 1133 5513 ὤμοσας
1185 5444 1259 5513 τῷ
1307 5444 1463 5498 Δαϐὶδ
1504 5448 1646 5516 ὲντῇ

108 5540 318 5611 ἀληθείᾳ
366 5557 490 5604 acu;
528 5557 547 5588 ι
594 5530 888 5603 μονονουχί
935 5532 1033 5593 τὰς
1083 5532 1329 5595 ὲκὸἀσεις
1387 5534 1491 5586 τῶν
1535 5533 1648 5603 μεθ’

104 5628 251 5696 ὅρκου
313 5623 763 5684 διασεσαιώσεως
826 5620 1242 5691 ἐπηγγελμένων
1288 5623 1431 5694 αύτῷ
1473 5624 1651 5688 τέλους

108 5721 266 5785 τυχεῖν
287 5718 463 5781 ἀξιῶν.
1576 5730 1579 5733 ’

1739 4550 2086 4620 corporaliter
2115 4550 2537 4620 intelligendum.
2579 4550 2686 4603 Illae
2715 4550 2911 4620 quippe
2950 4551 3265 4618 promissio-

1740 4655 1835 4695 nes
1873 4639 2121 4692 thronum
2158 4639 2444 4708 quemdam
2482 4650 2740 4693 :eternum
2772 4637 3136 4691 vaticinautur
3163 4638 3265 4692 soli

1739 4736 1792 4782 et
1828 4727 1966 4779 luna:
2003 4726 2247 4794 cmloque
2282 4726 2507 4780 similem
2533 4764 2550 4787 ,
2590 4726 2790 4793 quique
2831 4730 3116 4792 perpetuus
3152 4738 3265 4775 ma-

1740 4823 1882 4869 neat.
1922 4813 2081 4881 Atqui
2118 4812 2332 4868 Davidis
2359 4813 2571 4868 visibile
2597 4827 2817 4881 regnum
2847 4812 2991 4865 brevi
3024 4819 3266 4879 tempore

1741 4906 1971 4959 deletum
2004 4911 2107 4958 est.
2168 4902 2525 4968 Quamobrem
2553 4903 2675 4969 jure
2705 4916 2826 4955 cum
2855 4915 2977 4953 mox
3008 4900 3262 4962 dixisset,

1742 4997 1990 5050 thronum
2028 4991 2263 5045 Davidici
2300 4992 2448 5061 regni
2466 4990 2689 5044 visibilis
2729 4988 2891 5042 fuisse
2912 4988 3263 5052 subversum,

1750 5106 1768 5137 ι
1797 5086 2047 5138 thronum
2100 5081 2217 5150 ejus
2265 5082 2319 5133 in
2370 5088 2566 5134 terram
2617 5078 2901 5144 collisisti;
2936 5084 3090 5130 itum
3139 5093 3267 5131 vero

1742 5171 1924 5228 throni
1956 5171 2072 5240 ejus
2096 5170 2266 5240 gratia
2287 5207 2302 5231 ,
2334 5181 2489 5237 quem
2520 5166 2701 5221 divina
2745 5167 2962 5220 oracula
3008 5176 3264 5218 aeternum

1744 5264 2121 5329 cmlestemque
2151 5261 2337 5320 aiunt,
2370 5272 2555 5326 preces
2590 5258 2775 5310 addit:
2806 5274 2824 5305 ι
2857 5252 2959 5307 Ubi
2999 5261 3123 5307 sunt
3169 5253 3267 5306 mi-

1746 5350 2047 5409 sericordia:
2077 5358 2180 5402 tua:
2205 5349 2438 5418 antiqua:
2458 5389 2473 5414 ,
2502 5347 2724 5400 Domine
2742 5386 2757 5409 ,
2786 5358 2921 5414 quas
2942 5344 3135 5412 jurasti
3168 5341 3269 5395 Da-

1746 5442 1856 5498 vidi
1888 5442 1943 5495 in
1972 5439 2199 5495 veritate
2223 5437 2354 5491 tua?
2384 5456 2401 5489 ι
2426 5437 2622 5508 quibus
2646 5434 2824 5491 verbis
2851 5440 3030 5504 petere
3058 5431 3269 5486 videtur

1748 5541 1807 5587 ut
1850 5529 2233 5601 promissiones
2264 5533 2604 5583 sacramento
2642 5525 2863 5581 firmata:
2894 5523 3095 5579 exitum
3135 5534 3272 5576 uan-

1747 5622 2036 5677 ciscantur.
