3782 6358
54 414 171 471 929
638 417 1091 485 QUJ‘ISTIONES
1122 415 1547 472 'EVANGELICA

1757 414 2157 470 SPEPHANUM.
2198 446 2266 456 —
2303 415 2623 482 OUzESTIO
2659 420 2772 475 XV.
3146 425 3250 480 930

54 522 368 587 ἐκαθέζετο
394 524 864 597 βασὶλεύων,τάχα
893 543 992 579 που
1022 526 1080 590 ἐξ
1117 527 1397 593 ἐλέφαντος
1423 524 1514 576 καὶ
1542 534 1547 572 λ

1754 541 1784 578 ιι
1824 541 1930 593 quo
1967 540 2058 579 rex
2102 525 2333 589 residet,
2377 527 2537 581 ebore
2575 537 2696 595 puta
2744 530 3005 602 lignisque
3029 548 3247 608 compa—

56 611 172 665 λων
221 614 641 682 πεποιημένον,
687 615 869 685 χρυσῷ
917 632 977 667 τε
1008 616 1098 667 καὶ
1142 614 1304 677 λίθοις
1344 613 1549 682 βασιλικ

1756 623 1870 669 tum
1889 655 1904 679 ,
1926 630 2162 684 auroque
2187 624 2240 670 et
2267 617 2428 686 regiis
2449 617 2712 685 lapidibus
2748 626 3083 678 exornatum.
3129 625 3249 679 Alio

58 702 517 772 κεκοσμημένον·
548 703 668 756 καθ’
693 705 871 775 ἕτερον
901 706 955 758 δὲ
981 704 1099 758 καθ’
1131 705 1187 757 ὃν
1216 706 1310 775 τήν
1342 704 1510 774 ἀρχὴν
1538 722 1551 757 ι

1755 706 1914 767 nodo,
1954 720 2060 774 quo
2106 704 2386 774 imperium
2415 706 2589 774 ipsum
2619 714 2778 774 atque
2805 711 3036 765 universi
3065 715 3248 782 populi

55 793 159 861 τὴν
190 792 294 845 καὶ
327 792 430 861 τὴν
453 793 596 846 κατὰ
618 796 811 858 παντὸς
838 795 929 848 τοῦ
954 795 1132 858 ἔθνους
1173 795 1476 865 ἠγεμονίαν,
1507 793 1548 863 θι

1751 794 1978 848 lucatum
2000 834 2014 859 ,
2042 795 2293 849 thronum
2319 796 2468 864 regni
2497 797 2737 851 solemus
2762 812 2970 853 vocare.
3002 800 3244 867 Tertius,

56 900 149 935 νον
185 882 482 951 βασιλείας
523 884 788 955 εἰώθαμεν
832 885 1135 939 ἀποκαλεῖν·
1167 885 1343 955 τρίτος
1394 885 1458 936 ἂν
1485 901 1549 935 πα

1755 895 1918 938 praeter
1939 883 2221 952 praedictos
2238 925 2252 948 ,
2282 885 2471 939 modus
2494 894 2609 948 est,
2631 900 2738 954 quo
2768 886 2853 940 ille
2877 904 2907 940 a
2932 889 3040 944 Deo
3066 891 3248 947 Davidi

57 975 189 1039 τοὺς
221 973 564 1043 εἰρημένους
616 974 827 1045 λεχθείη
855 976 1047 1045 τρόπος
1070 1016 1084 1040 ,
1124 974 1242 1027 καθ’
1276 967 1333 1026 ὃν
1378 975 1407 1025 ὁ
1458 976 1550 1026 ἐπτ

1754 974 2026 1031 immissus
2064 976 2320 1041 thronus,
2352 975 2457 1029 dici
2492 985 2664 1044 potest
2697 976 2925 1032 thronus
2956 981 3106 1048 ejus,
3142 999 3247 1037 non

59 1063 339 1133 γελμένος
373 1064 481 1115 ὐπὸ
512 1064 607 1117 τοῦ
632 1064 764 1117 Θεοῦ
799 1064 876 1134 τῷ
924 1065 1084 1117 Δαὸὶδ
1110 1064 1289 1134 θρόνος
1314 1064 1552 1134 όνομασθι

1757 1077 1782 1113 ιι
1808 1076 1916 1129 quo
1946 1061 2059 1130 ipse
2087 1062 2320 1126 sederit,
2344 1063 2435 1117 sed
2465 1078 2620 1131 quem
2649 1078 2742 1131 per
2770 1065 3007 1119 caelestia
3036 1068 3101 1121 ad
3130 1086 3250 1124 cum

60 1150 126 1201 ἂν
157 1148 364 1211 αὐτοῦ,
401 1150 505 1202 οὐκ
535 1150 618 1217 ἐφ’
641 1151 700 1202 ὃν
719 1152 875 1213 αὐτὸς
897 1150 1177 1221 ἐκαθέσθη,
1199 1150 1306 1202 ἀλλ’
1333 1151 1389 1203 ὃν
1419 1152 1505 1204 διὰ
1526 1169 1553 1204 τ

1763 1151 1981 1205 aticinia
2030 1152 2224 1208 divinae
2270 1154 2463 1209 littera:
2511 1156 2808 1211 continent.
2860 1154 3133 1225 Scriptum
3169 1169 3251 1214 est

60 1238 198 1309 πρὸς
229 1239 409 1292 αὐτὸν
431 1239 745 1311 θεοπρεπῶν
767 1243 815 1293 οἱ
842 1241 969 1294 θεῖοι
1001 1242 1143 1309 λόγοι
1187 1242 1510 1311 περιέχουσι·
1540 1260 1553 1307 1

1759 1242 1868 1296 nim
1895 1242 1949 1296 in
1974 1243 2302 1312 octogesimo
2326 1254 2517 1298 octavo
2544 1245 2752 1314 psalmo
2781 1264 2794 1299 :
2820 1264 2837 1296 ι
2855 1243 3040 1300 Juravi
3068 1235 3251 1301 Davidi

62 1342 315 1397 γραπται
346 1325 462 1397 γὰρ
519 1330 578 1380 ἐν
632 1328 962 1398 ὀγδοηκοστῷ
1007 1329 1173 1398 ὀγδόῳ
1214 1329 1425 1399 ψαλμῷ-
1466 1348 1483 1380 ι
1544 1330 1555 1347 ¹

1758 1349 1882 1388 ervo
1920 1349 2077 1388 meo:
2116 1334 2295 1403 Usque
2341 1336 2395 1389 in
2443 1338 2697 1391 saaculum
2731 1338 3039 1407 praeparabo
3073 1353 3251 1392 semen

61 1415 255 1485 ὤμοσα
288 1415 464 1468 Δαόὶδ
485 1415 563 1485 τῷ
591 1416 758 1486 δούλῳ
787 1417 1023 1486 μου,ἐως
1042 1417 1133 1469 τοῦ
1154 1417 1340 1480 αἰῶνος
1368 1419 1552 1487 ἐτοιμά

1759 1436 1876 1475 uum
1900 1439 1915 1488 ;
1940 1429 1993 1476 et
2020 1423 2267 1477 thronum
2301 1434 2447 1478 tuum
2477 1426 2752 1480 aediﬁcabo
2779 1427 2832 1480 in
2859 1429 3252 1495 generationem

62 1506 121 1561 τὸ
153 1506 395 1575 σπέρμα
427 1521 552 1558 σου·
586 1506 681 1559 καὶ
732 1507 1059 1578 οἰκοδομήσω
1103 1510 1179 1570 εἰς
1211 1508 1398 1576 γενεὰν
1426 1509 1516 1560 καὶ
1543 1524 1555 1538 ·

1760 1519 1781 1565 t
1806 1513 2226 1581 generationem.
2257 1533 2275 1564 ι
2306 1513 2368 1566 Ει
2398 1530 2589 1569 rursus
2620 1535 2632 1569 :
2667 1533 2683 1565 ι
2722 1515 3032 1585 Ponamque
3067 1516 3120 1569 in
3150 1531 3250 1571 sae-

63 1595 187 1647 νεὰν
253 1595 354 1647 τὸν
437 1593 625 1665 θρόνον
688 1612 802 1649 σου.
836 1614 854 1647 ι
892 1596 998 1648 Καὶ
1054 1595 1231 1648 πάλιν·
1269 1614 1287 1645 ι
1324 1595 1431 1647 Καὶ
1471 1594 1556 1665 θήε

1760 1599 1904 1652 ulum
1946 1601 2128 1653 saeculi
2170 1615 2350 1654 semen
2391 1602 2542 1671 ejus,
2587 1609 2640 1655 et
2677 1603 2927 1656 thronum
2966 1603 3085 1671 ejus
3114 1604 3252 1658 sicut

67 1701 160 1755 μαι
191 1685 281 1746 εἰς
333 1684 433 1735 τὸν
466 1682 635 1735 αἰῶνα
666 1684 757 1736 τοῦ
810 1683 998 1746 αἰῶνος
1060 1685 1121 1736 τὸ
1178 1682 1393 1753 σπέρμα
1446 1682 1560 1735 αὐτη

1767 1687 1841 1743 ies
1886 1689 2028 1743 coeli.
2060 1708 2077 1741 ι
2107 1688 2171 1741 Et
2210 1690 2423 1743 denuo:
2456 1709 2476 1741 ι
2511 1690 2685 1746 Semel
2729 1691 2909 1761 juravi
2955 1693 3012 1745 in
3062 1700 3252 1747 sancto

62 1774 153 1827 καὶ
172 1773 270 1825 τὸν
304 1772 501 1842 θρόνον
539 1772 702 1825 αὐτοῦ
723 1773 796 1836 ὼς
826 1772 921 1834 τὰς
953 1774 1159 1843 ἡμέρας
1186 1773 1275 1825 τοῦ
1330 1772 1552 1845 ούρανοῦ

1759 1792 1847 1832 nec
1864 1817 1879 1840 ,
1903 1780 1947 1833 si
1975 1779 2160 1833 Davidi
2188 1780 2449 1845 mentiar;
2479 1795 2660 1835 semen
2684 1781 2801 1849 ejus
2821 1789 2997 1836 manet
3019 1783 3074 1836 in
3099 1789 3252 1837 atter-

64 1864 170 1917 Καὶ
203 1833 400 1916 πάλιν·
441 1880 460 1912 ι
502 1862 683 1926 "Ama
709 1833 1073 1933 ὤμοσαένπῷ
1116 1833 1252 1933 αγίῳ
1302 1833 1420 1933 μου,
1474 1866 1557 1916 εἰ·

1757 1880 1876 1921 lum.
1937 1865 2189 1922 Thronus
2242 1868 2369 1936 ejus‘
2403 1833 2657 1938 tanquam
2710 1833 2792 1923 sol
2847 1870 2901 1923 in
2954 1878 3250 1940 conspectu

64 1951 226 2005 Δασὶδ
256 1952 568 2021 ψεύσομαι,
600 1952 660 2003 τὸ
694 1952 910 2022 σπέρμα
931 1950 1092 2005 αὐτοῦ
1120 1954 1199 2014 εἰς
1224 1953 1309 2005 τὸν
1344 1952 1511 2006 αἰῶνα
1538 1972 1557 2024 ι

1758 1973 1847 2012 neo
1868 1997 1883 2021 ,
1913 1966 1967 2012 et
1995 1959 2136 2013 sicut
2168 1960 2292 2013 luna
2321 1959 2555 2029 perfecta
2588 1960 2641 2012 in
2668 1967 2929 2014 aeternum
2958 1978 2973 2027 ;
3008 1968 3062 2016 et
3093 1962 3251 2017 testis

64 2060 159 2106 νει,
188 2044 291 2095 καὶ
321 2044 352 2093 ὁ
388 2041 584 2110 θρόνος
606 2040 766 2093 αὐτοῦ
797 2040 870 2103 ὡς
892 2042 919 2092 ὁ
951 2041 1096 2109 ἥλιος
1122 2040 1357 2092 ἐναντίον
1391 2058 1509 2109 μου,
1540 2058 1557 2093 ι

732 2040 766 2092 ῡ
797 2040 870 2103 ὡς
892 2042 919 2092 ὁ
951 2041 1096 2109 ἥλιος
1122 2040 1357 2092 ἐναντίον
1391 2058 1509 2109 μου,
1540 2041 1632 2094 καὶ
1729 2049 1785 2103 in
1816 2049 1952 2103 coelo
1983 2048 2173 2104 ﬁdelis.
2208 2068 2225 2100 ι

64 2135 135 2195 ὠς
162 2135 195 2202 ή
221 2132 440 2201 σελήνη
470 2129 875 2199 κατηρτισμένη
901 2131 978 2192 εἰς
1000 2128 1088 2181 τὸν
1116 2128 1302 2191 αἰῶνα,
1335 2129 1426 2181 καὶ
1451 2133 1478 2181 ό
1505 2129 1634 2199 μάρ-

65 2239 156 2284 τυς
187 2223 251 2274 ἐν
288 2219 515 2290 οὐρανῷ
542 2220 782 2283 πιστός.»

132 2309 196 2379 β’.
246 2309 416 2362 Ἐπεὶ
441 2308 623 2360 τοίνυν
646 2307 828 2378 θρόνον
879 2308 952 2370 ὡς
981 2307 1077 2371 τὰς
1108 2306 1312 2378 ἡμέρας
1358 2308 1447 2360 τοῦ
1476 2305 1625 2377 οὐρα-

1794 2311 1847 2365 2.
1890 2311 2056 2381 Igitur
2098 2314 2222 2382 quia
2264 2315 2547 2379 thronum,
2596 2326 2850 2386 tauquam
2893 2320 3008 2374 dies
3050 2323 3172 2376 οωιί
3201 2331 3252 2378 et

66 2398 177 2463 νοῦ,
208 2398 316 2450 καὶ
342 2397 424 2459 ὡς
447 2397 542 2449 τὸν
575 2395 744 2449 αἰῶνα
771 2396 1083 2466 διαμένοντα
1127 2395 1313 2448 δώσειν
1339 2395 1559 2466 ἐπήγγε)

1757 2415 1979 2469 anquam
2030 2403 2197 2456 sulem
2241 2412 2293 2456 et
2342 2405 2557 2471 lunam,
2598 2407 2651 2460 in
2696 2408 2892 2463 saecula
2934 2408 3250 2465 duraturum

66 2488 150 2541 διὰ
177 2488 295 2541 τῶν
321 2487 636 2556 εἰρημένων
671 2488 700 2538 ὁ
730 2486 860 2549 Θεὸς
906 2486 982 2556 τῷ
1013 2487 1191 2549 Δαϐἰδ,
1226 2487 1386 2557 πολλὴ
1412 2487 1508 2557 μέν
1551 2506 1559 2521 ι

1758 2490 2045 2543 remiserat
2075 2489 2257 2544 Davidi
2289 2493 2465 2548 verbis
2489 2493 2758 2562 praedictis
2783 2494 2949 2560 Deus,
2970 2506 3251 2569 propterea

66 2575 131 2648 ἦν
160 2579 251 2632 διὰ
283 2577 467 2631 ταῦτα
515 2576 594 2646 τῷ
638 2579 800 2631 παντὶ
838 2578 1095 2631 Ἰουδαίων
1151 2578 1289 2630 ἐθνει
1344 2579 1559 2647 προσὸω

1761 2578 1892 2630 itaita
1917 2580 2113 2633 eratin
2149 2581 2395 2635 universa
2429 2579 2732 2637 Iudaeorum
2776 2594 2930 2655 gente
2972 2585 3254 2654 signiﬁcati

70 2672 192 2740 ’περί⁵
227 2669 332 2723 τοῦ
355 2669 689 2739 δηλωθέντος
721 2668 925 2739 θρόνου·
957 2668 1153 2739 βραχὺν
1211 2669 1265 2721 δὲ
1309 2669 1494 2738 χρόνον
1537 2687 1563 2721 τ

1763 2669 1902 2722 hroni
1919 2671 2265 2738 exspectatio.
2291 2671 2530 2742 Cumque
2553 2674 2700 2728 brevi
2727 2683 2964 2744 tempore
2993 2678 3256 2748 principa-

69 2758 228 2811 Δασὶδ
287 2756 672 2828 ἡγησαμένου,
726 2757 816 2809 καὶ
870 2757 1169 2827 Σολομῶνος
1218 2759 1331 2828 μετ’
1363 2759 1540 2822 αὐτὸν,

1762 2773 1837 2813 nn
1858 2760 2111 2828 gessisset
2136 2759 2300 2815 David
2316 2802 2330 2827 ,
2357 2772 2409 2817 et
2427 2770 2546 2832 post
2562 2764 2706 2819 hunc
2728 2764 3005 2832 Salomon,
3031 2776 3082 2822 et
3104 2785 3255 2839 rcges

72 2846 177 2918 μὴν
199 2846 345 2900 ἀλλὰ
375 2848 475 2899 καὶ
498 2846 605 2899 τῶν
625 2846 879 2915 διαδόχων
910 2847 1006 2916 τῆς
1032 2847 1203 2901 αὐτῶν
1256 2848 1522 2918 βασιλείας
1553 2866 1565 2901 ε

1764 2864 1916 2903 orum
1942 2865 2285 2907 successores
2307 2852 2360 2906 in
2380 2851 2638 2908 Jechonia
2667 2870 2729 2908 ac
2744 2855 3063 2927 Babylonica
3088 2860 3257 2929 capti-

82 2938 340 3006 Ἰεχονίαν
369 2936 470 2989 καὶ
522 2935 622 3006 τὴν
653 2937 731 2998 εἰς
762 2934 1046 2989 Βαϐυλῶνα
1077 2937 1439 3007 αἰχμαλωσίαν
1468 2955 1575 2990 κατι

1765 2935 1894 2988 itate
1921 2937 2280 2993 cessavissent
2307 2980 2321 3005 ,
2358 2940 2431 2993 ita
2470 2949 2529 2994 ut
2568 2949 2691 3012 post
2731 2942 2784 2996 id
2824 2952 3035 3014 tempus
3076 2948 3256 3017 regius

73 3026 450 3097 στρεψάντων,
477 3024 554 3087 ὡς
582 3025 640 3090 ἐξ
663 3024 865 3077 ἐκείνου
896 3025 1140 3078 λελύσθαι
1176 3028 1263 3079 τὸν
1307 3027 1486 3097 θρόνον
1535 3046 1564 3080 τ

1757 3025 1944 3080 lavidis
1971 3026 2198 3084 thronus
2231 3030 2519 3086 subversus
2556 3032 2755 3100 fuerit;
2796 3035 3118 3092 videbantur
3142 3052 3250 3092 non

75 3115 350 3184 βασιλείας
385 3112 575 3175 Δαϐὶδ,
625 3111 793 3164 ἐδόκει
822 3112 891 3165 τὰ
940 3114 1038 3182 τῆς
1061 3114 1167 3166 τῶν
1189 3114 1342 3167 θείων
1375 3119 1568 3185 χρησμέ

1759 3114 1830 3168 ibi
1857 3124 2106 3170 constare
2132 3117 2437 3173 divinorum
2462 3123 2802 3177 oraculorum
2837 3128 3248 3193 promissiones.

72 3206 411 3276 ἐπαγγελίας
448 3205 524 3275 μὴ
549 3203 907 3257 συνίστασθαι·
933 3203 1086 3256 τοῦτο
1124 3200 1214 3257 οὖν
1236 3205 1363 3257 αὐτὸ
1390 3206 1467 3278 τῷ
1505 3205 1561 3258 θε

1764 3202 2082 3266 Quamobrem
2103 3206 2287 3258 eodem
2308 3205 2489 3261 divino
2507 3208 2710 3277 Spiritu
2732 3226 2947 3265 rursum
2972 3214 3257 3282 praedictus

72 3293 351 3363 Πνεύματι
390 3292 556 3345 πάλιν
588 3292 617 3343 ὁ
675 3291 835 3354 αὐτὸς
857 3290 1065 3362 ψαλμὸς
1109 3293 1454 3362 προαγορεύει
1508 3294 1565 3359 ἐξ

1766 3292 1987 3356 salmus,
2017 3306 2209 3362 praeter
2240 3305 2363 3352 ante
2387 3298 2547 3363 dicta,
2579 3301 2659 3353 sic
2688 3301 2952 3370 loquitur:
2973 3303 3106 3359 «Ubi
3133 3317 3259 3360 sunt

74 3386 179 3444 τοῖς
205 3381 682 3455 προπαρατεθεῖσι
710 3381 902 3448 λέγων·
957 3400 975 3432 ι
1011 3381 1117 3433 Ποῦ
1140 3384 1243 3434 εἰσι
1274 3382 1340 3434 τὰ
1369 3383 1489 3454 ἐλέη
1541 3400 1567 3435 σ

1760 3380 2113 3437 ἡίεοιίεοιᾱίεο
2146 3392 2251 3440 tuae
2289 3388 2554 3456 antiquae,
2594 3388 2845 3454 Domine,
2888 3406 3022 3460 quas
3058 3395 3253 3461 jurasti

70 3470 138 3524 τὰ
161 3472 395 3541 ἀρχαῖα,
429 3469 628 3541 Κύριε,
655 3469 691 3523 δι
711 3469 926 3540 ὤμοσας
954 3469 1032 3539 τῷ
1056 3470 1215 3523 Δαϐἰδ
1233 3472 1288 3524 ἐν
1315 3475 1380 3542 τῇ
1414 3471 1563 3543 ἁληθε

1759 3472 1919 3525 >avidi
1962 3472 2017 3526 in
2052 3477 2278 3531 veritate
2305 3479 2438 3531 tua?
2460 3497 2478 3529 ι
2506 3477 2644 3532 Τυιιι
2681 3479 2839 3533 etiam
2869 3483 3019 3548 regni
3047 3483 3166 3550 ejus
3189 3500 3252 3538 ac

74 3574 200 3625 σου;
245 3579 266 3611 ι
306 3561 425 3612 Καὶ
453 3560 558 3628 τήν
578 3575 641 3626 γε
674 3558 986 3629 καθαίρεσιν
1013 3559 1110 3629 τῆς
1163 3560 1431 3629 βασιλείας
1451 3562 1567 3614 αὐτι

1764 3563 2090 3617 uccessionis
2113 3566 2379 3621 excidium
2411 3569 2697 3639 thronique
2720 3571 3050 3625 eversionem
3075 3582 3257 3641 aperte

72 3652 163 3703 καὶ
187 3652 294 3721 τῆς
321 3650 583 3719 διαδοχῆς
613 3647 903 3712 αὐτοῦ,τοῦ
930 3649 1114 3719 θρόνου
1146 3667 1205 3702 τε
1232 3650 1328 3721 τὴν
1344 3667 1565 3721 καταστε

1761 3651 1906 3703 nnuit
1937 3651 1991 3704 in
2036 3656 2416 3722 sequentibus:
2447 3675 2466 3706 ι
2494 3655 2574 3711 Τιι
2612 3662 2742 3713 Vero
2779 3660 3018 3728 repulisti
3064 3670 3117 3715 et
3158 3660 3254 3717 de-

73 3740 176 3809 φὴν
211 3740 525 3812 διαρρήδην
573 3740 925 3808 ὑποσημαίνει
957 3739 1112 3791 πάλιν
1144 3739 1267 3808 ἑξῆς
1298 3739 1383 3792 διὰ
1414 3740 1566 3792 τούτο

1761 3739 1949 3809 peristi
1971 3778 1986 3803 ,
2011 3738 2231 3797 Domine
2258 3761 2271 3808 ;
2302 3742 2559 3798 distulisti
2585 3744 2860 3801 Christum
2887 3755 3037 3801 tuum
3068 3768 3082 3814 ;
3106 3764 3254 3805 ever-

79 3848 98 3879 ι
132 3831 203 3883 Σὺ
231 3832 293 3884 δὲ
328 3830 547 3885 ἀπώσω
599 3831 691 3882 καὶ
734 3815 1105 3895 ἐξουδένωσας,
1141 3830 1327 3899 Κύριε·
1381 3831 1572 3883 ἀνεϐἁλ

1761 3831 1844 3884 isti
1893 3838 2271 3886 testamentum
2318 3835 2455 3889 servi
2504 3835 2618 3901 tui;
2667 3836 2965 3907 profanasti
3014 3838 3066 3891 in
3112 3848 3254 3895 terra

73 3921 165 3973 τὸν
192 3923 440 3992 Χριστόν
468 3938 586 3984 σου,
616 3920 978 3992 κατέστρεψας
1010 3921 1103 3992 τήν
1121 3921 1379 3992 διαθήκην
1406 3922 1494 3974 τοῦ
1515 3923 1566 3975 δο

1765 3922 2096 3976 anctuarium
2125 3924 2244 3991 ejus
2264 3941 2310 3991 ;ι
2330 3925 2582 3996 additque
2606 3946 2619 3981 :
2658 3944 2676 3978 ι
2699 3937 2752 3982 et
2778 3928 3026 3981 thronum
3054 3931 3171 3998 ejus
3202 3930 3258 3985 in

72 4008 167 4063 λου
204 4028 326 4079 σου,
354 4010 707 4080 ἐϐεὸήλωσας
734 4013 812 4073 εἰς
838 4012 934 4082 τὴν
956 4012 1056 4081 γῆν
1080 4012 1137 4063 τὸ
1156 4012 1394 4082 ἁγίασμα
1419 4011 1565 4065 αὐτοί

768 4013 812 4073 ἰς
838 4012 934 4082 τὴν
956 4012 1056 4081 γῆν
1080 4012 1137 4063 τὸ
1156 4012 1394 4082 ἁγίασμα
1419 4011 1597 4065 αὐτοῦ·
1613 4032 1629 4063 ι
1733 4016 1927 4063 terram
1957 4011 2220 4067 collisisti.
2243 4033 2261 4064 ι

75 4102 171 4155 καὶ
195 4102 479 4171 ἐπιφέρει·
519 4117 538 4150 ι
577 4098 668 4151 τὸν
699 4098 883 4169 θρόνον
910 4099 1069 4152 αὐτοῦ
1107 4101 1183 4163 εἰς
1212 4101 1306 4171 τὴν
1328 4101 1427 4171 γῆν
1454 4101 1616 4173 κατέρ

146 4190 266 4258 ξας-
284 4211 303 4242 υ

220 4210 266 4245 ρ,
284 4211 303 4242 ,

76 4191 448 4349 “ia-’Taﬁta
477 4281 657 4334 πάντα
679 4280 816 4332 κατὰ
834 4279 894 4331 τὸ
925 4280 1049 4332 αὐτὸ
1071 4280 1284 4348 συνάγει
1314 4280 1372 4333 τδ
1398 4280 1569 4350 uvas“

1796 4275 1850 4331 5.
1888 4274 2010 4329 Haec
2046 4275 2225 4330 omnia
2259 4276 2566 4331 summatim
2605 4278 2808 4349 colligit
2835 4278 3051 4335 divinus
3080 4280 3258 4351 Spiri-

79 4375 373 4441 μονονουχί
408 4372 730 4442 βουλόμενον
753 4371 897 4439 ἡμᾶς
935 4370 1155 4438 διδάξαι,
1202 4372 1281 4424 ὅτι
1307 4372 1365 4423 οὐ
1393 4372 1514 4441 περὶ
1538 4388 1572 4422 τί

1768 4380 1821 4419 ss
1841 4403 1857 4427 ,
1888 4365 2268 4433 propemodum
2295 4364 2487 4420 docere
2517 4381 2617 4421 nos
2644 4368 2858 4431 volens,
2887 4366 3029 4421 haud
3056 4369 3261 4425 visibile

78 4460 367 4528 βασιλείας
424 4462 525 4531 τῆς
577 4459 855 4529 αἰσθητῆς,
911 4461 1026 4512 οὐδὲ
1050 4462 1174 4530 περὶ
1217 4460 1306 4514 τοῦ
1334 4460 1514 4531 θρόνου
1544 4477 1571 4512 τ

1767 4471 1955 4525 sgnum
1996 4453 2183 4510 Davidi
2225 4454 2390 4510 fuisse
2424 4457 2747 4526 promissum
2792 4473 2965 4527 neque
3008 4459 3260 4514 thronum

78 4555 450 4624 σωματικώτε
460 4570 550 4624 ρον
571 4552 854 4622 νοουμένου
887 4552 940 4604 αἰ
967 4552 1097 4622 πρὸς
1120 4552 1276 4605 Δαῦἰδ
1315 4549 1450 4622 ἦσαν
1474 4554 1571 4604 ἐπα

1768 4547 2083 4615 orporaliter
2113 4547 2533 4617 intelligendum.
2576 4547 2683 4602 Illa:
2712 4548 2907 4619 quippe
2946 4550 3260 4617 promissio-

76 4645 278 4710 γελίαι·
307 4646 374 4698 αἰ
407 4645 505 4715 μὲν
533 4643 642 4713 γὰρ
668 4642 791 4713 περί
828 4659 967 4705 τινος
990 4642 1200 4695 αἰωνίου
1249 4642 1455 4711 θρόνου,
1490 4644 1566 4695 ἀπ

1766 4651 1831 4691 ies
1869 4635 2118 4689 thronum
2155 4636 2440 4705 quemdam
2478 4647 2736 4690 atternum
2768 4636 3132 4690 vaticinautur
3158 4638 3259 4691 soli

78 4735 398 4807 καζομένου
460 4735 597 4804 ἡλίῳ
646 4735 739 4786 καὶ
776 4732 1004 4802 οὐρανῷ,
1064 4733 1397 4802 διαμένοντός
1449 4751 1506 4786 τε
1563 4752 1571 4784 ε

1769 4733 1789 4776 ι
1825 4723 1962 4775 luna:
1999 4723 2243 4791 coeloque
2278 4723 2504 4778 similem
2530 4763 2545 4786 ,
2587 4724 2786 4791 quique
2826 4730 3112 4791 perpetuus
3148 4736 3260 4774 ma—

79 4825 278 4889 αἰῶνα,
309 4824 734 4896 προεθέσπιζον·
776 4826 809 4891 ή
832 4822 886 4874 δέ
910 4839 970 4889 γε
995 4821 1087 4874 τοῦ
1133 4822 1291 4874 Δαὸἱδ
1342 4822 1572 4891 βασιλεία

1768 4819 1878 4865 eat.
1919 4810 2077 4878 Atqui
2114 4809 2328 4866 Davidis
2355 4812 2568 4866 visibile
2593 4825 2813 4880 regnum
2843 4811 2986 4864 brevi
3021 4819 3261 4879 tempore

80 4911 342 4984 αἰσθητὴ,
377 4912 556 4982 χρόνῳ
586 4911 774 4963 λέλυτο
800 4910 897 4961 οὐκ
937 4911 1013 4972 εἰς
1045 4909 1263 4978 μακρόν·
1291 4910 1505 4972 εἰκότως
1538 4928 1573 4961 τ‹

1764 4902 1967 4955 leletum
2000 4908 2102 4955 est.
2163 4899 2521 4965 Quamobrem
2548 4901 2671 4966 jure
2701 4915 2822 4953 cum
2851 4915 2972 4953 mox
3004 4900 3257 4962 dixisset.

81 5000 291 5071 γαροῢν
334 5001 436 5053 τοῦ
475 4984 664 5071 θρόνου
720 4997 818 5066 τῆς
864 4996 1119 5067 αἰσθητῆς
1170 4997 1433 5065 βασιλείας
1485 5000 1574 5051 Δαί

1764 4993 1985 5044 hronum
2023 4987 2257 5042 Davidici
2296 4990 2443 5058 regni
2461 4988 2684 5041 visibilis
2724 4986 2888 5041 fuisse
2907 4988 3257 5052 subversum,

82 5091 179 5160 τήν
204 5091 535 5160 καθαίρεσιν
560 5084 899 5154 ὑπογράψας,
913 5085 1001 5136 καὶ
1025 5081 1206 5145 εἰπὼν,
1232 5084 1318 5136 τὸν
1338 5084 1517 5154 θρόνον
1545 5102 1575 5136 α

1792 5082 2042 5134 thronum
2094 5078 2211 5147 ejus
2260 5079 2314 5130 in
2364 5085 2560 5131 terram
2611 5076 2896 5142 collisisli;
2932 5084 3086 5129 itum
3133 5092 3261 5130 vero

86 5182 177 5233 τοῦ
206 5184 290 5245 εἰς
316 5182 421 5251 τὴν
451 5181 553 5251 γῆν
581 5173 939 5245 κατέρῤηξας,
968 5173 1201 5243 περὶτοῦ
1246 5164 1330 5228 διὰ
1360 5176 1463 5227 τῶν
1489 5176 1579 5229 θεία

1766 5168 1918 5223 hroni
1951 5167 2067 5236 ejus
2091 5167 2262 5236 gratia
2282 5205 2297 5228 ,
2328 5180 2484 5235 quem
2515 5163 2695 5218 divina
2739 5165 2957 5217 oracula
3004 5175 3258 5218 aeternum

85 5272 361 5341 χρησμῶν
388 5265 800 5339 ἐπηγγελμένου
829 5263 1036 5315 αἰωνίου
1062 5262 1152 5313 καὶ
1198 5264 1436 5332 οὐρανίου
1459 5264 1578 5335 θρόν

1772 5260 2115 5326 mlestemque
2146 5258 2331 5318 aiunt,
2364 5270 2549 5323 preces
2583 5255 2770 5308 addit:
2801 5272 2818 5304 ι
2851 5251 2955 5306 Ubi
2995 5261 3119 5306 sunt
3163 5253 3261 5306 mi-

234 5329 343 5427 ἶεεήν
374 5329 804 5428 εὐχήν-ποιεῖται
847 5348 1033 5415 λέγων·
1077 5366 1094 5397 ι
1127 5348 1233 5399 Ποῦ
1266 5329 1387 5402 ἐἰσι
1428 5329 1582 5404 τὲίὲλ,

1770 5347 2041 5404 ειίοοιάίιε
2072 5354 2174 5398 tua:
2200 5346 2431 5415 antiqua:
2451 5386 2466 5411 ,
2495 5344 2718 5398 Domine
2737 5384 2752 5408 ,
2781 5357 2915 5413 quas
2937 5343 3131 5412 jurasti
3162 5341 3263 5394 Da-

81 5461 167 5496 σου
194 5446 265 5498 τὰ
307 5447 544 5517 ἀρχαῖα,
592 5438 793 5507 Κύριε,
835 5435 872 5488 ἃ
913 5436 1126 5506 ὤμοσας
1177 5437 1252 5505 τῷ
1300 5439 1458 5492 Δαϐὶδ
1499 5442 1553 5493 ὲν

1777 5438 1851 5493 idi
1882 5438 1937 5492 in
1966 5436 2192 5491 veritate
2216 5433 2347 5488 tua?
2377 5453 2394 5485 ι
2420 5434 2614 5504 quibus
2638 5434 2819 5490 verbis
2846 5440 3024 5503 petere
3052 5431 3263 5486 videtur

78 5534 298 5604 ἀληθείᾳ
348 5549 490 5598 oon;
527 5551 547 5582 ›
593 5524 885 5597 μονονουχὶ
930 5525 1027 5585 τὰς
1076 5524 1323 5589 ἐκϐάσεις
1381 5528 1486 5581 τῶν
1530 5547 1571 5598 μ

1773 5537 1801 5583 ι
1845 5526 2227 5597 promissiones
2258 5531 2596 5581 sacramento
2634 5523 2857 5579 ﬁrmatae
2889 5523 3090 5578 exitum
3129 5533 3266 5575 nan-

69 5624 225 5692 ὄρκου
289 5617 763 5677 διαὸεόαιώσεως
825 5613 1232 5684 ἐπηγγελμένων
1279 5617 1424 5688 αὐτῷ
1467 5619 1645 5683 τέλους
1741 5618 2029 5673 ciscantur.

70 5717 239 5782 τυχεῖν
263 5712 465 5776 ἀξιῶν.
1570 5723 1574 5726 ⁴
