3782 6382
69 379 198 433 933

843 506 954 571 ις’.

66 600 834 709 ηοὶὶηίὲρπίὶίᾳίεὲηίέλεξμ
868 618 1049 709 fitfit;
1064 621 1359 709 P’i‘fouisc
1388 624 1665 709 ειςΑὲτυ·

146 678 830 759 πξονηὶστορεῐ.“ό“δὲι
853 678 1084 759 ᾼοὺκᾶς
1126 690 1212 759 εἰς
1269 678 1664 759 Ἰερμουσαλῆμ,

146 740 467 828 ἕιέξξῖθεζν
620 746 872 826 Νιξζὶιρὲθ
911 740 1204 820 πρὸς-’τῶνῖ
1237 740 1461 825 misti;

146 812 318 861 σθαι
368 812 483 865 τὸν
522 812 770 882 Ἰησοῦν,

140 922 225 974 a'.
278 923 514 988 Λουκᾶς
556 928 656 997 μὲν
691 931 780 984 τὸν
826 934 1011 1004 καιρὸν
1044 936 1266 1007 ἱστορῶν
1297 940 1397 1008 τῆς
1433 942 1525 994 τοῦ
1556 944 1664 996 Σω-

62 1009 258 1079 τῆρος
328 1011 496 1081 ἡμῶν
553 1016 842 1083 γενέσεως,
898 1022 996 1090 τῆς
1039 1024 1340 1092 Αὐγούστου
1396 1028 1663 1097 βασιλείας

65 1100 442 1168 μνημονεύει
474 1104 569 1156 καὶ
596 1105 697 1174 τῆς
724 1109 842 1161 κατ’
875 1111 1030 1162 αὐτὸν
1061 1114 1377 1187 ἀπογραφῆς
1407 1133 1421 1148 ·
1444 1120 1574 1188 φησί
1603 1137 1661 1172 τε

66 1189 217 1257 μηδὲ
258 1191 574 1260 ἐσχηκέναι
628 1196 820 1260 αὐτοὺς
872 1199 929 1251 ὲν
980 1203 1044 1270 τῇ
1072 1201 1312 1274 Βηθλεὲμ
1360 1208 1658 1278 κατάλυμα,

62 1279 337 1348 πλήθους
386 1282 644 1347 συνόντος
672 1284 747 1348 ὡς
783 1289 927 1350 εἰκὸς
957 1290 1013 1355 ἐν
1040 1294 1103 1362 τῇ
1136 1293 1375 1364 Βηθλεὲμ
1417 1297 1519 1350 τῶν
1558 1299 1661 1351 ἀπὸ

61 1370 275 1436 γένους
314 1372 493 1424 Δαόὶδ
522 1374 621 1444 τῆς
653 1376 967 1449 ἀπογραφῆς
994 1380 1200 1435 ἕνεκενο
1246 1385 1324 1437 διὸ
1355 1387 1486 1455 μηδὲ
1515 1388 1658 1440 οίκου

59 1459 156 1510 τὸν
189 1459 417 1528 Ἰωσὴφ
448 1461 702 1531 εὐπορεῖν
719 1481 732 1493 ο
759 1467 877 1518 ὅθεν
896 1469 1147 1522 τεκοῦσάν
1177 1489 1304 1542 φησι
1330 1476 1425 1543 τὴν
1449 1477 1660 1545 Μαρίαν

61 1549 495 1617 σπαργανῶσαι
547 1551 608 1603 τὸ
665 1551 861 1623 βρέφος
905 1557 995 1609 καὶ
1039 1558 1323 1615 ἀποθέσθαι
1372 1564 1428 1616 ὲν
1466 1566 1658 1639 φάτνῃ,

57 1638 151 1690 διὰ
197 1638 267 1690 τὸ
316 1639 400 1709 μὴ
451 1636 594 1691 εἶναι
640 1643 818 1707 αὐτοῖς
878 1645 1036 1698 τόπον
1083 1649 1138 1701 ὲν
1177 1650 1253 1719 τῷ
1296 1636 1654 1724 καταλύματι)

60 1730 158 1782 καὶ
190 1732 362 1792 εἰκός
392 1748 458 1797 γε
489 1727 558 1800 ῆν
588 1732 850 1786 πλείστων
888 1737 1147 1789 συνόντων
1168 1739 1253 1792 διὰ
1282 1742 1380 1812 τὴν
1418 1744 1657 1816 ἀπογρα-

634 389 1083 456 QUAESTIONES
1120 397 1562 457 EVANGELICE
1600 402 1689 456 AD
1726 402 2157 464 STEPHANUM.
2199 434 2261 449 —~
2296 408 2617 478 QUESTIO
2656 415 2790 472 XVI.

3187 423 3293 482 934

2461 519 2600 577 XVI.

1764 627 1868 712 Qu'i
1894 628 1954 695 [it
1977 638 2031 680 ut
2048 628 2373 712 ΒειΙιιεΙξρμπο
2388 630 2670 712 Hutthwus
2690 637 2889 712 quidem
2910 639 3286 712 ξιξ-κεραμίνην,

1829 695 1996 749 Lucas
2026 707 2195 770 autem
2222 698 2590 770 Hierosolyma
2614 695 2762 770 atque
2790 705 2911 760 inde
2933 695 3287 766 Ναιὲἶὲιίιιίήί

1829 780 1860 816 a
1875 765 2171 832 parentibus
2198 765 2426 821 delatum
2452 765 2625 822 narret
2641 765 2859 828 Iesum?

1830 936 1880 990 Ι.
1909 935 2081 992 Lucas
2110 938 2234 992 dum
2257 948 2465 1010 tempus
2495 950 2666 1007 notat,
2698 960 2804 1014 quo
2832 944 3079 1004 Servator
3104 964 3286 1011 noster

1760 1031 1919 1078 natus
1943 1032 2043 1091 est,
2074 1025 2298 1097 Augusti
2311 1044 2529 1099 regnum
2545 1042 2804 1088 memorat
2832 1050 3156 1108 censumque
3180 1048 3282 1100 sub

1758 1129 1822 1167 eo
1846 1114 2192 1183 descriptum.
2223 1117 2312 1171 Ait
2349 1125 2526 1174 autem
2559 1123 2799 1178 caruisse
2837 1140 2930 1181 eos
2951 1127 3280 1186 Bethleliemi

1758 1203 2075 1270 diversorio,
2123 1208 2194 1261 ob
2241 1214 2580 1275 posterorum
2637 1211 2854 1267 Davidis
2884 1216 3282 1276 multitudinem

1757 1291 2177 1358 Bethlehemum,
2209 1302 2266 1349 ut
2291 1299 2582 1354 verisimile
2602 1308 2704 1367 est,
2739 1314 3143 1361 concurrentem
3162 1324 3286 1378 pro-

1756 1380 2071 1436 ﬁtendorum
2122 1386 2395 1440 nominum
2448 1403 2612 1444 causa
2646 1406 2853 1460 :quare
2901 1409 2967 1449 ne
2994 1395 3284 1465 hospitium

1757 1471 1968 1540 quidem
1995 1472 2258 1543 Josephus
2296 1486 2484 1532 nactus
2505 1486 2588 1533 est
2617 1498 2630 1534 :
2663 1481 2736 1534 ita
2769 1490 2828 1534 ut
2855 1482 3018 1538 Maria
3039 1486 3106 1539 ab
3122 1501 3284 1541 evan-

1756 1561 1939 1629 gelista
1971 1562 2180 1617 dicatur
2212 1572 2422 1633 partum
2471 1581 2629 1622 suum
2663 1568 2848 1625 fasciis
2872 1573 3165 1630 involvisse
3193 1585 3278 1631 at-

1756 1665 1859 1719 que
1888 1653 1939 1705 in
1971 1654 2195 1721 przesepi
2220 1655 2586 1720 reclinavissc,
2610 1659 2733 1727 quia
2756 1675 2862 1714 non
2884 1672 2999 1716 erat
3019 1665 3098 1718 eis
3127 1667 3281 1724 locus

1756 1740 1812 1794 in
1835 1741 2151 1799 diversorio.
2179 1743 2319 1799 Sane
2348 1746 2422 1799 nil
2453 1748 2647 1801 mirum
2670 1755 2752 1802 est
2778 1750 2822 1803 si
2849 1751 2919 1804 ob
2953 1753 3279 1812 conﬂuentes

61 1819 171 1889 φῆν
218 1820 308 1889 μὴ
346 1821 618 1891 εὐπορεῖν
655 1825 1023 1890 καταγωγίου,
1063 1828 1192 1905 ἀλλά
1218 1831 1326 1893 καὶ,
1352 1832 1525 1898 «Ὅτε,
1561 1853 1630 1905 φη

1758 1830 1821 1883 ad
1845 1846 2061 1886 censum
2095 1834 2279 1889 turbas
2300 1835 2535 1903 hospitio
2557 1846 2862 1892 caruerunt.
2881 1840 3041 1896 Addit
3064 1842 3274 1899 Lucas:

60 1908 170 1973 σὶν,
193 1910 257 1961 αἱ
288 1910 508 1980 ἡμέραι
538 1911 877 1982 ἐπλήσθησαν
905 1916 995 1967 τοῦ
1017 1902 1323 1987 περιτεμεῖν
1349 1921 1505 1975 αὐτὸν

58 1998 117 2049 δὲ
146 1998 331 2050 τοῦτο
373 1998 629 2066 γίνεσθαι
664 2002 821 2073 ὀγδόῃ
855 2004 990 2072 μετά
1018 2006 1113 2075 τὴν
1147 2008 1396 2072 ἀπότεξιν
1425 2012 1644 2083 ἡμέρᾳ),

60 2088 362 2157 ἀνήγαγον
391 2088 459 2140 τὸ
490 2090 700 2143 παιδίον
726 2095 803 2154 εἰς
836 2094 1190 2164 Ἰεροσόλυμα,
1224 2099 1315 2150 καὶ
1342 2099 1647 2165 τελέσαντες

60 2180 150 2230 ἐπ’
191 2179 363 2248 αὐτῷ
412 2179 486 2232 τὰ
535 2182 913 2252 νενομισμένα,
959 2185 1176 2239 ἀπίασιν
1207 2188 1285 2251 εἰς
1318 2190 1582 2261 Ναζαρέθ.
1620 2211 1639 2244 ι

59 2268 294 2320 Τούτων
317 2269 476 2337 παρὰ
492 2268 571 2338 τῷ
582 2271 761 2341 Λουκᾷ
784 2273 1040 2342 κειμένων
1058 2275 1261 2340 οὐδενὸς
1279 2280 1644 2349 μνημονεύσας

60 2358 88 2409 6
109 2358 442 2421 Ματθαῖος,
471 2363 878 2432 παραχωρήσας
900 2363 954 2415 δὲ
979 2362 1049 2432 τῷ
1069 2364 1249 2435 Λουκᾷ
1274 2367 1338 2419 τὰ
1365 2368 1642 2438 εἰρημένα,

57 2446 227 2517 ἕτερα
258 2449 439 2508 αὐτὸς
465 2449 734 2519 διηγεῖται
753 2468 767 2482 ⁸
801 2453 917 2505 τίνα
943 2454 998 2507 δὲ
1022 2451 1088 2525 ἦν
1121 2454 1306 2517 ταῦτα,
1333 2456 1446 2508 ἀλλ’
1475 2458 1505 2525 ἢ
1533 2457 1640 2527 (22)

59 2536 172 2589 τῶν
206 2537 440 2605 Μάγων
472 2539 583 2591 ἀπὸ
618 2540 897 2610 Ἀνατολῆς
934 2543 1143 2611 ἇφιξις;
1183 2544 1511 2613 κινησάντων
1546 2546 1642 2615 μὲν

57 2627 167 2678 ἀπὸ
191 2628 308 2697 τῆς
334 2629 551 2692 οἰκείας
585 2631 686 2699 γῆς
715 2629 828 2699 ἅμα
861 2631 935 2700 τῷ
961 2632 1276 2702 γεννηθῆναι
1302 2634 1392 2686 τὸν
1417 2634 1639 2702 Ἰησοῦν,

59 2716 307 2786 ἀστέρος
364 2718 556 2780 αὐτοῖς
605 2718 703 2788 τὴν
735 2720 930 2786 γνῶσιν
975 2722 1072 2790 τῆς
1099 2724 1395 2792 γεννήσεως
1437 2724 1640 2794 ὑποφήο

58 2822 281 2870 ναντος,
302 2806 552 2875 ούδήπου
569 2807 626 2859 δὲ
650 2808 747 2876 τὴν
768 2809 1026 2879 τοσαύτην
1048 2810 1396 2880 στειλαμένων
1420 2813 1639 2883 πορείαν

57 2895 242 2965 καιρῷ
267 2894 532 2977 ,βραχεῖ’
580 2896 642 2947 οὐ
673 2896 780 2968 γὰρ
826 2900 882 2950 ὲν
931 2899 1158 2969 ἡμέραις
1206 2899 1344 2953 ὀκτὼ
1387 2901 1484 2971 τὴν
1533 2901 1637 2955 ἀπὸ

70 2984 391 3037 Ἀνατολῶν
426 2984 548 3037 ὁδὸν
583 2986 727 3047 εἰκὸς
757 2987 935 3049 αὐτοῖς
962 2989 1052 3040 ἐπὶ
1095 2988 1191 3059 τὴν
1228 2990 1477 3042 Ἰουδαίαν
1504 2991 1636 3060 ηνῦ-

61 3075 205 3137 σθαι,
242 3075 331 3137 ὡς
362 3074 459 3127 τὸν
488 3074 650 3126 αὑτὸν
677 3076 890 3144 νομίσαι
923 3072 1058 3129 εἶναι
1091 3079 1273 3148 καιρὸν
1304 3080 1400 3148 τῆς
1426 3097 1485 3131 τε
1509 3081 1632 3132 τού-

1757 1936 1775 1968 ι
1808 1918 2091 1988 Postquam
2135 1921 2335 1990 impleti
2372 1930 2498 1977 sunt
2549 1925 2663 1979 dies
2694 1933 2751 1980 ut
2801 1928 3278 1986 circumcideretur

1749 2025 1882 2077 puer
1911 2012 1982 2079 (id
2018 2018 2191 2066 autem
2220 2013 2330 2067 ﬁeri
2379 2014 2656 2081 oportebat
2700 2025 2890 2071 octavo
2918 2026 3038 2087 post
3061 2029 3275 2089 partum

1748 2101 1877 2170 die),
1925 2102 2158 2155 tulerunt
2182 2102 2329 2155 illum
2348 2101 2710 2174 Hierosolyma
2737 2124 2749 2160 :
2781 2110 3115 2177 peractisque
3130 2111 3276 2166 circa

1746 2184 1991 2241 eumdem
2013 2187 2293 2257 legitimis,
2325 2188 2680 2245 Nazaretlium
2716 2194 2983 2249 abierunt.
3024 2216 3043 2248 ι
3072 2197 3272 2252 Horum

1747 2273 1885 2341 apud
1908 2273 2104 2327 Lucam
2133 2275 2456 2344 scriptorum
2502 2277 2636 2331 nihil
2663 2290 2923 2335 memorat
2950 2281 3230 2337 Matthaus
3252 2326 3269 2351 ,

1746 2361 1837 2429 qui
1867 2376 2077 2417 omnem
2103 2363 2156 2417 id
2175 2350 2343 2433 genus
2392 2368 2750 2423 narrationem
2797 2371 3054 2438 praedicto
3113 2371 3272 2430 Luca;

1744 2450 2004 2517 permisit,
2053 2451 2157 2504 alia
2210 2452 2324 2520 ipse
2369 2462 2700 2521 persecutus.
2762 2456 3016 2523 Quanam
3075 2463 3273 2530 porro?

1743 2537 1941 2608 Nempe
1964 2539 2237 2610 Magorum
2284 2556 2347 2595 ex
2398 2541 2615 2598 Oriente
2665 2545 2947 2601 adventum
3000 2548 3270 2619 digresso-

1742 2639 1861 2677 ru-m
1889 2638 1919 2677 a
1951 2627 2163 2694 propria
2221 2627 2440 2696 regione
2496 2638 2617 2698 post
2640 2629 2766 2685 Jesu
2789 2633 3143 2700 nativitatem,
3193 2635 3271 2690 si-

1740 2713 1866 2767 dere
1914 2713 2046 2783 ipsis
2093 2716 2338 2769 notitiam
2373 2719 2481 2770 nati
2512 2720 2662 2788 pueri
2708 2721 3062 2790 signiﬁcante,
3096 2739 3270 2794 neque

1739 2808 1918 2855 tamen
1937 2802 2084 2857 brevi
2111 2810 2349 2872 tempore
2375 2813 2580 2860 tantum
2609 2808 2818 2863 itineris
2854 2810 3266 2869 absolventium.

1739 2888 1892 2945 Haud
1921 2893 2061 2946 enim
2087 2892 2341 2948 credibile
2365 2904 2449 2950 est
2476 2896 2617 2951 intra
2646 2897 2762 2953 dies
2784 2906 2908 2954 octo
2950 2901 3018 2955 ab
3049 2900 3268 2956 Oriente

1738 2978 1921 3050 Magos
1939 2983 1994 3035 in
2016 2981 2253 3039 Iudaeam
2299 3001 2469 3056 usque
2499 2987 2748 3052 venisse,
2784 2989 2857 3043 ita
2878 2996 2937 3043 ut
2956 2990 3098 3045 circa
3125 2992 3266 3047 idem

1740 3077 1948 3139 tempus
1979 3070 2317 3129 Servatorem
2346 3084 2589 3130 nostrum
2636 3083 2821 3131 natum
2845 3093 2965 3133 esse
2992 3087 3264 3149 putemus,

57 3182 163 3218 των
193 3165 475 3234 ἀφίξεως,
512 3166 607 3217 καὶ
638 3165 739 3234 τῆς
768 3166 859 3217 τοῦ
889 3166 1133 3237 Σωτῆρος
1164 3171 1195 3236 ἡ
1206 3167 1318 3237 μῶν
1347 3170 1600 3237 γενέσεως
1618 3188 1631 3201 ·

1740 3175 1841 3228 quo
1873 3162 1963 3216 isti
1992 3172 2436 3231 supervenerunt.
2468 3165 2784 3234 Quanquam
2833 3174 3008 3222 autem
3038 3169 3264 3225 interro-

56 3256 103 3306 εί
128 3254 189 3307 δὲ
221 3255 328 3307 καὶ
358 3254 757 3324 πυνθανόμενοι
787 3255 1017 3322 λέγουσι,
1039 3273 1058 3304 ι
1079 3255 1183 3307 Ποῦ
1217 3259 1358 3309 ἐστιν
1382 3260 1409 3309 6
1432 3258 1634 3327 τεχθεὶς

57 3341 327 3408 βασιλεὺς
378 3342 493 3394 τῶν
553 3342 849 3406 ’1ουδαίων;
916 3342 1122 3413 εἴδομεν
1175 3343 1283 3414 γὰρ
1333 3344 1490 3397 αὐτοῦ
1544 3346 1634 3398 τὸν

52 3434 296 3505 ἀστέρα,
324 3436 426 3486 καὶ
445 3434 684 3503 ἤλθομεν
702 3434 1068 3503 προσκυνῆσαι
1096 3434 1292 3502 αύτῷ,»
1330 3434 1387 3487 οὐ
1420 3434 1510 3488 τὸν
1538 3437 1634 3506 σή-

55 3541 231 3593 μερον
271 3524 575 3594 τεχθέντα,
599 3524 676 3585 ὡς
705 3525 769 3577 ἄν
802 3540 885 3585 τις
919 3523 1198 3585 ὑπολάϐοι,
1232 3523 1351 3576 καθ’
1379 3524 1435 3576 ὃν
1466 3524 1633 3578 ταῦτα

51 3615 451 3667 ἐπυνθάνοντο
486 3614 680 3683 χρόνον
720 3613 984 3683 δηλοῦσιν,
1025 3613 1158 3666 ἀλλά
1196 3614 1284 3666 τὸν
1323 3615 1441 3667 τότε
1480 3615 1630 3682 γενό-

52 3722 222 3774 μενον
256 3706 355 3758 ὅτε
386 3704 580 3766 αὐτοῖς
612 3705 641 3756 6
671 3704 841 3773 ἀστὴρ
868 3703 1118 3770 ὲπέφανε.

121 3793 197 3863 β’.
242 3794 433 3857 Πόσος
478 3792 538 3845 δὲ
584 3787 653 3861 ῆν
699 3785 851 3853 οὗτος
894 3793 923 3843 6
964 3791 1159 3861 μεταξὺ
1191 3792 1407 3862 χρόνος,
1441 3792 1532 3846 τοῦ
1569 3811 1629 3846 τε

43 3883 331 3951 φανέντος
378 3883 497 3943 τοῖς
536 3879 749 3945 Μάγοις
788 3879 880 3932 ἐπὶ
921 3880 1016 3948 τῆς
1060 3878 1149 3931 τοῦ
1192 3879 1434 3951 Σωτῆρος
1476 3880 1630 3951 ἡμῶν

43 3972 336 4038 γενέσεως
362 3969 622 4037 ἀστέρος,
651 3968 745 4021 καὶ
770 3967 870 4036 τῆς
896 3967 1067 4020 αὐτῶν
1095 3970 1173 4032 είς
1200 3969 1268 4021 τὰ
1297 3970 1630 4041 Ἱεροσόλυμα

40 4059 397 4131 παρουσίας,
433 4058 603 4120 αύτός
636 4073 694 4109 σε
725 4057 919 4122 διδάξει
955 4060 983 4109 6
1012 4059 1391 4129 εὐαγγελιστὴς
1439 4060 1625 4129 λέγων’

46 4168 66 4199 ι
100 4150 251 4201 Τότε
293 4136 548 4220 Ἡρώδης
580 4145 754 4217 λάθρα
786 4146 1012 4210 καλέσας
1041 4151 1165 4211 τοὺς
1193 4149 1439 4216 Μάγους,
1478 4150 1629 4221 ἠκρί-

36 4239 191 4294 ϐωσε
219 4240 363 4310 παρ’
401 4236 587 4291 αὐτῶν
624 4236 715 4289 τὸν
751 4236 933 4306 χρόνον
975 4238 1066 4290 τοῦ
1113 4240 1426 4309 φαινομένου
1471 4240 1624 4292 ἀστέ-

41 4345 159 4398 ρος.
203 4348 225 4381 ι
308 4328 425 4381 Καὶ
457 4327 535 4390 ὠς
566 4326 634 4379 ἂν
673 4325 979 4396 ἀκριϐώσας
1027 4331 1152 4397 παρ’
1194 4328 1388 4390 αὐτῶν,
1445 4328 1624 4398 μαθὼν

33 4421 197 4482 ὅστις
249 4415 329 4489 ἦν
384 4411 581 4478 οὗτος,
625 4416 762 4484 μετὰ
803 4415 864 4466 τὸ
903 4416 1243 4487 ἀναχωρῆσαι
1292 4417 1459 4488 λάθρα
1502 4419 1624 4481 τοὺς

1732 3260 1857 3319 gant
1889 3269 1903 3304 :
1938 3269 1957 3302 ι
1987 3251 2085 3307 Ubi
2115 3261 2196 3308 est
2226 3256 2316 3323 qui
2349 3261 2508 3309 natus
2535 3265 2616 3309 est
2632 3271 2727 3309 rex
2760 3254 3100 3311 Iudaeorum?
3126 3259 3255 3313 vidi-

1729 3358 1850 3397 mus
1877 3344 2016 3397 enim
2040 3345 2245 3399 stellam
2276 3345 2414 3413 ejus,
2452 3351 2505 3398 et
2534 3349 2779 3401 venimus
2808 3346 3029 3402 adorare
3055 3363 3209 3416 eum;
3238 3370 3258 3402 ι

1729 3438 2060 3498 nontamen,
2108 3441 2166 3486 ut
2202 3434 2400 3503 aliquis
2441 3435 2824 3503 suspicabitur,
2883 3451 3054 3505 nuper
3075 3447 3260 3490 natum

1729 3504 2034 3588 designant,
2068 3522 2211 3576 circa
2266 3530 2475 3590 tempus
2499 3522 2750 3576 nimirum
2777 3538 2884 3592 quo
2904 3524 3005 3592 ipsi
3031 3525 3259 3578 interro—

1728 3614 1884 3677 gant;
1917 3610 2010 3665 sed
2040 3625 2160 3664 eum
2196 3612 2287 3681 qui
2339 3618 2453 3665 tum
2483 3621 2641 3666 natus
2674 3611 2851 3667 fuerat
2877 3626 2998 3666 cum
3027 3613 3158 3681 ipsis
3189 3613 3259 3668 si-

1727 3698 1828 3753 dus
1858 3700 2124 3769 apparuit.
2142 3732 2151 3740 ο

1793 3786 1847 3841 2.
1877 3788 2142 3854 Quantum
2166 3805 2294 3845 vero
2335 3791 2588 3861 temporis
2616 3790 2845 3859 spatium
2880 3791 3018 3845 inter
3039 3790 3189 3846 sidus
3217 3805 3253 3845 ι

1726 3874 1894 3947 Magis
1931 3877 2126 3943 visum,
2174 3877 2457 3933 Servatore
2514 3885 2701 3934 nostro
2766 3890 3039 3941 nascente,
3095 3885 3255 3947 atque

1724 3963 1916 4018 borum
1950 3964 2317 4035 Hierosolyma
2368 3965 2655 4020 adventum
2707 3965 2955 4029 ﬂuxerit,
3010 3965 3148 4021 idem
3200 3972 3255 4020 ⁶.ο

1725 4058 1935 4111 docebit
1961 4057 2285 4127 evangelista
2309 4057 2433 4123 dum
2463 4059 2573 4112 ait:
2612 4075 2631 4108 ι
2672 4057 2821 4112 Tunc
2854 4057 3088 4112 Herodes
3116 4057 3251 4110 clam

1723 4145 1927 4199 vocatis
1979 4146 2163 4215 Magis,
2233 4146 2513 4216 diligenter
2556 4145 2742 4201 didicit
2795 4147 2863 4201 ab
2916 4147 2993 4201 eis
3040 4153 3249 4214 tempus

1725 4235 1890 4289 stella:
1918 4250 2035 4303 quae
2064 4243 2382 4304 apparuerat
2403 4236 2501 4289 eis.
2546 4256 2564 4287 ι
2591 4235 2742 4301 Quod
2771 4250 2891 4290 cum
2922 4232 3250 4288 adamussim

1722 4325 1790 4378 ab
1818 4323 1883 4379 iis
1910 4325 2231 4387 rescivisset,
2252 4336 2493 4394 “cumque
2520 4324 2658 4395 Magi
2694 4326 2760 4379 ab
2786 4339 2849 4379 eo
2879 4324 3014 4376 clam
3038 4338 3096 4377 se
3122 4320 3251 4376 sub-

1721 4413 1998 4468 duxissent
2029 4432 2047 4464 ι
2085 4414 2271 4469 videns
2299 4429 2357 4468 se
2390 4412 2627 4478 illusum,
2660 4414 2826 4467 iratus
2855 4420 2937 4467 est
2975 4410 3165 4464 valde:
3196 4415 3251 4463 et

32 4508 286 4577 Μάγους
306 4551 323 4574 ,
363 4506 491 4560 ίδὼν
522 4506 607 4559 ὅτι
637 4505 922 4575 ἐνεπαίχθη
956 4506 1044 4557 ὑπ’
1072 4506 1262 4570 αὐτῶν,
1328 4526 1346 4558 ι
1375 4506 1621 4577 ἐθυμώθη

1740 4504 1939 4558 nittens
1968 4505 2165 4558 occidit
2193 4518 2379 4558 omnes
2408 4519 2623 4573 pueros,
2670 4503 2760 4572 qui
2790 4509 2944 4557 erant
2972 4499 3252 4555 Bethlehe-

28 4597 185 4663 λίαν,
231 4600 343 4653 καὶ
376 4596 709 4659 ἀποστείλας
740 4596 915 4649 ἀνεῖλε
948 4596 1150 4660 πάντας
1190 4600 1313 4662 τοὺς
1350 4598 1537 4661 παῖδας
1565 4600 1623 4650 ὲν

32 4687 335 4759 Βηθλεὲμ,
369 4689 467 4741 καὶ
497 4689 558 4740 ὲν
591 4687 725 4739 πᾶσι
752 4689 861 4748 τοῖς
887 4686 1053 4755 ὁρίοις
1080 4687 1261 4755 αὐτῆς,
1295 4688 1400 4741 ἀπὸ
1424 4686 1623 4749 διετοῦς

31 4781 131 4831 καὶ
173 4780 520 4850 κατωτέρω,
559 4777 702 4830 κατά
729 4777 819 4828 τὸν
865 4776 1049 4846 χρόνον
1084 4775 1142 4828 ὃν
1173 4777 1439 4847 ἡκρίὸωσε
1474 4777 1623 4847 παρά

27 4869 145 4921 τῶν
169 4869 425 4936 Μάγων.
442 4888 460 4918 ι
497 4865 707 4920 οὐκοῦν
731 4866 906 4935 διετὴς
930 4864 1114 4934 χρόνος
1145 4865 1241 4934 ἥδη
1270 4866 1621 4936 παρεληλύθει

26 4960 144 5012 ἀπὸ
199 4960 328 5027 τῆς
372 4956 546 5027 Ἰησοῦ
595 4955 856 5023 γενέσεως
904 4955 997 5005 καὶ
1037 4954 1125 5004 ἐπὶ
1166 4954 1261 5024 τὴν
1305 4954 1479 5023 ἄφιξιν
1516 4956 1620 5008 τῶν

27 5048 404 5115 εἰρημένων
440 5046 543 5099 οὐκ
588 5044 696 5114 ἄρα
736 5042 990 5109 διαφωνεί
1030 5040 1098 5092 τὰ
1132 5044 1279 5112 παρά
1308 5048 1420 5107 τοῖς
1462 5047 1621 5116 ἱεροῖς

29 5134 499 5202 εύαγγελισταῖς,
534 5134 583 5184 εί
618 5134 647 5183 6
678 5132 776 5200 μὲν
805 5130 1017 5189 Λουκᾶς
1047 5129 1203 5201 ὀγδόῃ
1235 5131 1334 5200 τῆς
1361 5134 1620 5200 γενέσεως

32 5225 235 5295 ἡμέρᾳ
269 5224 469 5290 ἀνάγει
499 5221 665 5273 αὐτὸν
699 5220 815 5288 άμα
841 5220 949 5278 τοῖς
973 5216 1216 5283 γονεῦσιν
1250 5222 1329 5283 εἰς
1360 5222 1619 5289 Ἰερουσα-

29 5313 151 5384 λὴμ.
166 5315 286 5384 τῆς
314 5314 425 5365 τῶν
453 5309 704 5380 νομίμων
740 5305 1126 5376 ἐκπληρώσεως
1158 5309 1342 5371 ἕνεκα,
1374 5310 1618 5363 κάκεῖθεν

34 5405 253 5472 ἀπάγει
290 5404 386 5457 ἐπὶ
413 5403 515 5471 τὴν
543 5395 827 5465 Ναζαρέθ·
863 5397 890 5446 6
927 5395 979 5445 δὲ
1004 5397 1281 5460 Ματθαῖος
1318 5396 1450 5465 μετὰ
1473 5398 1615 5470 διετῆ

31 5495 233 5562 χρόνον
263 5492 603 5560 γενομένους
631 5484 795 5536 πάλιν
838 5484 894 5536 ὲν
914 5481 1145 5553 Βηθλεὲμ
1176 5484 1498 5556 ἀναγράφει,
1528 5487 1612 5539 έν-

101 5643 221 5711 (22)
270 5641 348 5714 [to
377 5639 555 5714 codex
594 5646 699 5710 pro
872 5633 904 5701 ἢ
927 5631 1606 5714 §iceutemscribere

40 5696 262 5779 solitum
278 5708 578 5763 Eusebium
587 5696 980 5763 ,animadve'rtit
994 5698 1433 5759 Montfauconius
1454 5704 1600 5770 praef.

1722 4594 1815 4653 mi,
1846 4599 2004 4659 atque
2024 4592 2076 4644 in
2106 4592 2316 4648 cunctis
2345 4592 2538 4647 ﬁnibus
2561 4592 2700 4660 ejus.
2726 4605 2755 4643 a
2782 4589 2982 4642 bimatu
3005 4596 3058 4641 ct
3086 4586 3246 4649 infra,

1719 4682 2012 4736 secundum
2059 4691 2266 4750 tempus
2315 4681 2456 4752 quod
2505 4681 2862 4751 exquisiverat
2909 4692 2940 4729 a
2991 4676 3175 4745 Magis.
3223 4692 3241 4723 ι

1719 4770 1994 4825 Biennium
2025 4784 2150 4838 ergo
2179 4772 2417 4839 elapsum
2450 4772 2623 4824 fuerat
2648 4783 2677 4821 a
2704 4765 2829 4820 Jesu
2875 4764 3149 4817 nativitate
3179 4761 3244 4813 ad

1719 4859 1989 4928 Magorum
2024 4857 2330 4912 adventum.
2364 4857 2542 4925 Neque
2563 4853 2821 4911 dissident
2850 4851 2993 4904 sacri
3019 4863 3247 4916 evange-

1716 4950 1916 5019 gclistae
1940 4966 1954 5014 ;
1977 4946 2184 5001 etiamsi
2206 4944 2377 4999 Lucas
2398 4953 2587 4999 octavo
2611 4958 2641 4995 a
2670 4938 2950 4993 nativitate
2980 4938 3067 4993 die
3086 4938 3246 4991 ducat

1716 5054 1837 5094 cum
1896 5052 2016 5091 cum
2071 5034 2383 5105 parentibus
2460 5030 2827 5098 Hierosolyma
2887 5026 3243 5096 legitimorum

1715 5140 1877 5181 causa
1909 5121 2309 5191 explendorum,
2340 5126 2498 5186 atque
2528 5116 2650 5172 inde
2681 5110 2975 5168 transferat
3019 5110 3247 5166 Nazare-

1717 5218 1906 5276 thum;
1966 5212 2241 5264 Matthazus
2297 5217 2471 5263 autem
2535 5214 2656 5276 post
2702 5201 2984 5260 biennium
3058 5217 3248 5257 rursus

1715 5302 2040 5360 Bethlehcmi
2073 5306 2351 5354 versantes
2377 5298 2615 5364 scribat;
2646 5304 2809 5363 atque
2836 5291 2970 5345 hinc
3002 5291 3058 5345 in
3088 5289 3251 5358 Egy-

1714 5403 1861 5464 ptum
1905 5391 2193 5447 secessisse
2243 5397 2459 5458 propter
2504 5388 2645 5458 regis
2678 5380 2931 5439 insidias.
2987 5378 3254 5434 Credibile

1715 5499 1839 5538 vero
1867 5490 1949 5536 est
1974 5497 2065 5535 eos
2098 5494 2204 5534 non
2237 5478 2474 5533 secundo
2523 5478 2695 5531 solum
2726 5468 2825 5525 sed
2881 5475 3260 5535 sapenumero

1710 5638 1774 5760 ait
1808 5634 2221 5694 commentarios
2254 5631 2472 5687 Eusebii
2501 5627 2749 5699 ejusdem
2767 5621 2827 5677 in
2841 5618 3116 5691 psalmos,
3139 5627 3260 5683 cap.

1710 5723 1740 5760 u
1766 5717 1805 5760 t.

1709 5717 1805 5761 ult.
