  <div class='ocr_page' id='page_1' title='image "/cluster/home/n/w/nwhite01/storage/ocr_20150623/22 (Eusebius; pt. 4)/nyp.33433081862355/514.png"; bbox 0 0 3782 6370; ppageno 0'>
   <div class='ocr_carea' id='block_1_1' title="bbox 124 379 237 435">
    <p class='ocr_par' dir='ltr' id='par_1_1' title="bbox 124 379 237 435">
     <span class='ocr_line' id='line_1_1' title="bbox 124 379 237 435; baseline -0.018 0"><span class='ocrx_word' id='word_1_1' title='bbox 124 379 237 435; x_wconf 61' lang='grc'><strong>911</strong></span> 
     </span>
    </p>
   </div>
   <div class='ocr_carea' id='block_1_2' title="bbox 763 381 1671 451">
    <p class='ocr_par' dir='ltr' id='par_1_2' title="bbox 763 381 1671 451">
     <span class='ocr_line' id='line_1_2' title="bbox 763 381 1671 451; baseline -0.003 -11"><span class='ocrx_word' id='word_1_2' title='bbox 763 381 1213 451; x_wconf 60' lang='grc' dir='ltr'>ροισι-ωηο</span> <span class='ocrx_word' id='word_1_3' title='bbox 1247 381 1671 439; x_wconf 67' lang='lat' dir='ltr'><strong>EVANGELICA</strong></span> 
     </span>
    </p>
   </div>
   <div class='ocr_carea' id='block_1_3' title="bbox 1784 381 2780 451">
    <p class='ocr_par' dir='ltr' id='par_1_3' title="bbox 1784 382 2780 449">
     <span class='ocr_line' id='line_1_3' title="bbox 1784 382 2780 449; baseline 0.005 -11"><span class='ocrx_word' id='word_1_4' title='bbox 1784 414 1822 424; x_wconf 97' lang='lat'><strong><em>—</em></strong></span> <span class='ocrx_word' id='word_1_5' title='bbox 1857 382 2177 449; x_wconf 72' lang='lat' dir='ltr'><strong>QUESTIO</strong></span> <span class='ocrx_word' id='word_1_6' title='bbox 2213 383 2256 437; x_wconf 85' lang='lat' dir='ltr'><strong>Il</strong></span> <span class='ocrx_word' id='word_1_7' title='bbox 2292 383 2381 437; x_wconf 83' lang='lat' dir='ltr'><strong>AD</strong></span> <span class='ocrx_word' id='word_1_8' title='bbox 2418 385 2780 443; x_wconf 62' lang='lat' dir='ltr'><strong>MARINUM.‘</strong></span> 
     </span>
    </p>
   </div>
   <div class='ocr_carea' id='block_1_4' title="bbox 3223 392 3327 448">
    <p class='ocr_par' dir='ltr' id='par_1_4' title="bbox 3223 392 3327 448">
     <span class='ocr_line' id='line_1_4' title="bbox 3223 392 3327 448; baseline -0.019 0"><span class='ocrx_word' id='word_1_9' title='bbox 3223 392 3327 448; x_wconf 66' lang='grc' dir='ltr'><strong>9ιέ</strong></span> 
     </span>
    </p>
   </div>
   <div class='ocr_carea' id='block_1_5' title="bbox 126 492 1671 577">
    <p class='ocr_par' dir='ltr' id='par_1_5' title="bbox 126 492 1669 572">
     <span class='ocr_line' id='line_1_5' title="bbox 126 492 1669 572; baseline 0.004 -26"><span class='ocrx_word' id='word_1_10' title='bbox 126 492 283 562; x_wconf 77' lang='grc' dir='ltr'>μετᾶ</span> <span class='ocrx_word' id='word_1_11' title='bbox 313 492 374 546; x_wconf 74' lang='grc' dir='ltr'>τὸ</span> <span class='ocrx_word' id='word_1_12' title='bbox 399 492 683 551; x_wconf 75' lang='grc' dir='ltr'>Σάϐϐατον</span> <span class='ocrx_word' id='word_1_13' title='bbox 699 513 714 528; x_wconf 86' lang='grc'><strong>·</strong></span> <span class='ocrx_word' id='word_1_14' title='bbox 744 498 883 553; x_wconf 73' lang='grc' dir='ltr'>οὕτω</span> <span class='ocrx_word' id='word_1_15' title='bbox 908 500 1015 571; x_wconf 80' lang='grc' dir='ltr'>γὰρ</span> <span class='ocrx_word' id='word_1_16' title='bbox 1052 502 1145 554; x_wconf 75' lang='grc' dir='ltr'><strong>καὶ</strong></span> <span class='ocrx_word' id='word_1_17' title='bbox 1170 500 1265 569; x_wconf 75' lang='grc' dir='ltr'><strong>ὀψὲ</strong></span> <span class='ocrx_word' id='word_1_18' title='bbox 1289 502 1385 570; x_wconf 83' lang='grc' dir='ltr'>τῆς</span> <span class='ocrx_word' id='word_1_19' title='bbox 1410 502 1554 572; x_wconf 82' lang='grc' dir='ltr'>ὧρας</span> <span class='ocrx_word' id='word_1_20' title='bbox 1576 500 1669 553; x_wconf 80' lang='grc' dir='ltr'><strong>εἰώ</strong></span> 
     </span>
    </p>
   </div>
   <div class='ocr_carea' id='block_1_6' title="bbox 1784 492 3328 577">
    <p class='ocr_par' dir='ltr' id='par_1_6' title="bbox 1796 500 3328 577">
     <span class='ocr_line' id='line_1_6' title="bbox 1796 500 3328 577; baseline 0.007 -24"><span class='ocrx_word' id='word_1_21' title='bbox 1796 500 1995 555; x_wconf 87' lang='lat' dir='ltr'><strong>batum.</strong></span> <span class='ocrx_word' id='word_1_22' title='bbox 2035 500 2124 556; x_wconf 85' lang='lat' dir='ltr'><strong>Sic</strong></span> <span class='ocrx_word' id='word_1_23' title='bbox 2153 502 2294 556; x_wconf 90' lang='lat' dir='ltr'><strong>enim</strong></span> <span class='ocrx_word' id='word_1_24' title='bbox 2322 510 2376 557; x_wconf 89' lang='lat' dir='ltr'><strong>et</strong></span> <span class='ocrx_word' id='word_1_25' title='bbox 2422 518 2543 558; x_wconf 92' lang='lat' dir='ltr'><strong>sero</strong></span> <span class='ocrx_word' id='word_1_26' title='bbox 2582 504 2724 560; x_wconf 59' lang='lat' dir='ltr'><strong>liora:</strong></span> <span class='ocrx_word' id='word_1_27' title='bbox 2744 507 2977 564; x_wconf 83' lang='lat' dir='ltr'><strong>solemus</strong></span> <span class='ocrx_word' id='word_1_28' title='bbox 3003 509 3216 577; x_wconf 82' lang='lat' dir='ltr'><strong>dicere,</strong></span> <span class='ocrx_word' id='word_1_29' title='bbox 3274 520 3328 563; x_wconf 81' lang='lat' dir='ltr'><strong>et</strong></span> 
     </span>
    </p>
   </div>
   <div class='ocr_carea' id='block_1_7' title="bbox 121 586 1691 665">
    <p class='ocr_par' dir='ltr' id='par_1_7' title="bbox 121 586 1691 665">
     <span class='ocr_line' id='line_1_7' title="bbox 121 586 1691 665; baseline 0.005 -27"><span class='ocrx_word' id='word_1_30' title='bbox 121 586 315 656; x_wconf 83' lang='grc' dir='ltr'>θαμεν</span> <span class='ocrx_word' id='word_1_31' title='bbox 330 586 516 656; x_wconf 82' lang='grc' dir='ltr'>λέγειν</span> <span class='ocrx_word' id='word_1_32' title='bbox 531 628 548 651; x_wconf 95' lang='grc'><strong>,</strong></span> <span class='ocrx_word' id='word_1_33' title='bbox 569 593 666 644; x_wconf 71' lang='grc' dir='ltr'>καὶ</span> <span class='ocrx_word' id='word_1_34' title='bbox 686 592 782 660; x_wconf 58' lang='grc' dir='ltr'><strong>ἀψὲ</strong></span> <span class='ocrx_word' id='word_1_35' title='bbox 802 592 893 645; x_wconf 72' lang='grc' dir='ltr'><strong>τοῦ</strong></span> <span class='ocrx_word' id='word_1_36' title='bbox 917 593 1123 664; x_wconf 81' lang='grc' dir='ltr'>καιροῦ,</span> <span class='ocrx_word' id='word_1_37' title='bbox 1138 595 1230 647; x_wconf 75' lang='grc' dir='ltr'><strong>καὶ</strong></span> <span class='ocrx_word' id='word_1_38' title='bbox 1252 594 1346 661; x_wconf 78' lang='grc' dir='ltr'><strong>ὀψὲ</strong></span> <span class='ocrx_word' id='word_1_39' title='bbox 1369 593 1469 665; x_wconf 77' lang='grc' dir='ltr'>τῆς</span> <span class='ocrx_word' id='word_1_40' title='bbox 1489 594 1691 665; x_wconf 79' lang='grc' dir='ltr'><strong>χρείας·</strong></span> 
     </span>
    </p>
   </div>
   <div class='ocr_carea' id='block_1_8' title="bbox 116 677 1694 753">
    <p class='ocr_par' dir='ltr' id='par_1_8' title="bbox 116 677 1694 753">
     <span class='ocr_line' id='line_1_8' title="bbox 116 677 1694 753; baseline 0.004 -24"><span class='ocrx_word' id='word_1_41' title='bbox 116 677 187 729; x_wconf 78' lang='grc' dir='ltr'><strong>οὐ</strong></span> <span class='ocrx_word' id='word_1_42' title='bbox 221 677 330 749; x_wconf 82' lang='grc' dir='ltr'>τὴν</span> <span class='ocrx_word' id='word_1_43' title='bbox 358 678 604 749; x_wconf 83' lang='grc' dir='ltr'>ἑσπέραν</span> <span class='ocrx_word' id='word_1_44' title='bbox 653 681 949 752; x_wconf 77' lang='grc' dir='ltr'><strong>δηλοῦντες,</strong></span> <span class='ocrx_word' id='word_1_45' title='bbox 979 684 1096 736; x_wconf 79' lang='grc' dir='ltr'><strong>οὐδὲ</strong></span> <span class='ocrx_word' id='word_1_46' title='bbox 1134 683 1223 735; x_wconf 75' lang='grc' dir='ltr'>τὸν</span> <span class='ocrx_word' id='word_1_47' title='bbox 1262 684 1395 753; x_wconf 85' lang='grc' dir='ltr'>μετὰ</span> <span class='ocrx_word' id='word_1_48' title='bbox 1422 684 1569 753; x_wconf 82' lang='grc' dir='ltr'><strong>ἡλίου</strong></span> <span class='ocrx_word' id='word_1_49' title='bbox 1602 685 1694 737; x_wconf 83' lang='grc' dir='ltr'><strong>δυ·-</strong></span> 
     </span>
    </p>
   </div>
   <div class='ocr_carea' id='block_1_9' title="bbox 120 769 1693 843">
    <p class='ocr_par' dir='ltr' id='par_1_9' title="bbox 120 769 1693 843">
     <span class='ocr_line' id='line_1_9' title="bbox 120 769 1693 843; baseline 0.003 -22"><span class='ocrx_word' id='word_1_50' title='bbox 120 769 284 838; x_wconf 77' lang='grc' dir='ltr'>σμάς</span> <span class='ocrx_word' id='word_1_51' title='bbox 309 769 523 839; x_wconf 74' lang='grc' dir='ltr'>χρόνον,</span> <span class='ocrx_word' id='word_1_52' title='bbox 541 770 605 823; x_wconf 74' lang='grc' dir='ltr'>τὸ</span> <span class='ocrx_word' id='word_1_53' title='bbox 626 770 682 824; x_wconf 82' lang='grc' dir='ltr'><strong>δὲ</strong></span> <span class='ocrx_word' id='word_1_54' title='bbox 714 774 916 843; x_wconf 82' lang='grc' dir='ltr'>σφόδρα</span> <span class='ocrx_word' id='word_1_55' title='bbox 933 774 1139 843; x_wconf 82' lang='grc' dir='ltr'><strong>βράδιον</strong></span> <span class='ocrx_word' id='word_1_56' title='bbox 1159 774 1328 842; x_wconf 85' lang='grc' dir='ltr'>τούτῳ</span> <span class='ocrx_word' id='word_1_57' title='bbox 1353 774 1693 843; x_wconf 75' lang='grc' dir='ltr'><strong>σημαίνοντες</strong></span> 
     </span>
    </p>
   </div>
   <div class='ocr_carea' id='block_1_10' title="bbox 115 859 1695 935">
    <p class='ocr_par' dir='ltr' id='par_1_10' title="bbox 115 859 1695 935">
     <span class='ocr_line' id='line_1_10' title="bbox 115 859 1695 935; baseline 0.003 -24"><span class='ocrx_word' id='word_1_58' title='bbox 115 859 203 930; x_wconf 79' lang='grc' dir='ltr'>τῷ</span> <span class='ocrx_word' id='word_1_59' title='bbox 224 862 421 932; x_wconf 82' lang='grc' dir='ltr'>τρόπῳ</span> <span class='ocrx_word' id='word_1_60' title='bbox 438 878 453 892; x_wconf 75' lang='grc' dir='ltr'><strong>ο</strong></span> <span class='ocrx_word' id='word_1_61' title='bbox 502 862 628 915; x_wconf 82' lang='grc' dir='ltr'>ὅθεν</span> <span class='ocrx_word' id='word_1_62' title='bbox 655 864 840 935; x_wconf 82' lang='grc' dir='ltr'>ῶσπερ</span> <span class='ocrx_word' id='word_1_63' title='bbox 877 865 1239 933; x_wconf 86' lang='grc' dir='ltr'>διερμηνεύων</span> <span class='ocrx_word' id='word_1_64' title='bbox 1266 865 1423 928; x_wconf 76' lang='grc' dir='ltr'>αὐτὸς</span> <span class='ocrx_word' id='word_1_65' title='bbox 1451 866 1636 917; x_wconf 75' lang='grc' dir='ltr'>ἑαυτὸν</span> <span class='ocrx_word' id='word_1_66' title='bbox 1666 866 1695 916; x_wconf 84' lang='grc' dir='ltr'><strong>ὁ</strong></span> 
     </span>
    </p>
   </div>
   <div class='ocr_carea' id='block_1_11' title="bbox 115 951 1695 1023">
    <p class='ocr_par' dir='ltr' id='par_1_11' title="bbox 115 951 1695 1023">
     <span class='ocr_line' id='line_1_11' title="bbox 115 951 1695 1023; baseline 0.001 -19"><span class='ocrx_word' id='word_1_67' title='bbox 115 951 417 1014; x_wconf 82' lang='grc' dir='ltr'>Ματθαῖος</span> <span class='ocrx_word' id='word_1_68' title='bbox 445 953 587 1021; x_wconf 79' lang='grc' dir='ltr'>μετὰ</span> <span class='ocrx_word' id='word_1_69' title='bbox 610 954 671 1007; x_wconf 82' lang='grc' dir='ltr'>τὸ</span> <span class='ocrx_word' id='word_1_70' title='bbox 703 954 816 1023; x_wconf 78' lang='grc' dir='ltr'><strong>ὀψὲ</strong></span> <span class='ocrx_word' id='word_1_71' title='bbox 847 954 1171 1017; x_wconf 73' lang='grc' dir='ltr'><strong>Σαόϐἀτων,</strong></span> <span class='ocrx_word' id='word_1_72' title='bbox 1199 955 1437 1023; x_wconf 80' lang='grc' dir='ltr'>ἐπήγαγε</span> <span class='ocrx_word' id='word_1_73' title='bbox 1463 953 1537 1019; x_wconf 75' lang='grc' dir='ltr'>τῇ</span> <span class='ocrx_word' id='word_1_74' title='bbox 1571 955 1695 1005; x_wconf 84' lang='grc' dir='ltr'>ἐπι-</span> 
     </span>
    </p>
   </div>
   <div class='ocr_carea' id='block_1_12' title="bbox 116 1039 1694 1115">
    <p class='ocr_par' dir='ltr' id='par_1_12' title="bbox 116 1039 1694 1115">
     <span class='ocr_line' id='line_1_12' title="bbox 116 1039 1694 1115; baseline 0.003 -25"><span class='ocrx_word' id='word_1_75' title='bbox 116 1039 470 1107; x_wconf 66' lang='grc' dir='ltr'>φωσκούσῃ</span> <span class='ocrx_word' id='word_1_76' title='bbox 497 1042 637 1110; x_wconf 83' lang='grc' dir='ltr'>φησί</span> <span class='ocrx_word' id='word_1_77' title='bbox 657 1057 670 1071; x_wconf 76' lang='grc' dir='ltr'><strong>ο</strong></span> <span class='ocrx_word' id='word_1_78' title='bbox 695 1043 890 1113; x_wconf 84' lang='grc' dir='ltr'>δηλαδὴ</span> <span class='ocrx_word' id='word_1_79' title='bbox 911 1043 1031 1115; x_wconf 72' lang='grc' dir='ltr'><strong>ὥρᾳ</strong></span> <span class='ocrx_word' id='word_1_80' title='bbox 1052 1048 1116 1114; x_wconf 80' lang='grc' dir='ltr'>τῇ</span> <span class='ocrx_word' id='word_1_81' title='bbox 1139 1044 1318 1096; x_wconf 78' lang='grc' dir='ltr'>λοιπὸν</span> <span class='ocrx_word' id='word_1_82' title='bbox 1347 1043 1446 1111; x_wconf 74' lang='grc' dir='ltr'><strong>ἤδη</strong></span> <span class='ocrx_word' id='word_1_83' title='bbox 1469 1044 1694 1110; x_wconf 77' lang='grc' dir='ltr'>ὑποφαι-</span> 
     </span>
    </p>
   </div>
   <div class='ocr_carea' id='block_1_13' title="bbox 116 1128 1691 1205">
    <p class='ocr_par' dir='ltr' id='par_1_13' title="bbox 116 1128 1691 1205">
     <span class='ocr_line' id='line_1_13' title="bbox 116 1128 1691 1205; baseline 0.003 -25"><span class='ocrx_word' id='word_1_84' title='bbox 116 1128 324 1198; x_wconf 81' lang='grc' dir='ltr'>νούσῃ,</span> <span class='ocrx_word' id='word_1_85' title='bbox 373 1131 470 1182; x_wconf 72' lang='grc' dir='ltr'><strong>καὶ</strong></span> <span class='ocrx_word' id='word_1_86' title='bbox 516 1132 903 1204; x_wconf 76' lang='grc' dir='ltr'><strong>ἐπιφωσκούσῃ</strong></span> <span class='ocrx_word' id='word_1_87' title='bbox 924 1136 1003 1196; x_wconf 86' lang='grc' dir='ltr'><strong>είς</strong></span> <span class='ocrx_word' id='word_1_88' title='bbox 1032 1135 1128 1205; x_wconf 78' lang='grc' dir='ltr'>τὴν</span> <span class='ocrx_word' id='word_1_89' title='bbox 1158 1133 1436 1204; x_wconf 82' lang='grc' dir='ltr'>Κυριακὴν</span> <span class='ocrx_word' id='word_1_90' title='bbox 1463 1134 1691 1203; x_wconf 78' lang='grc' dir='ltr'><strong>ἡμέραν,</strong></span> 
     </span>
    </p>
   </div>
   <div class='ocr_carea' id='block_1_14' title="bbox 116 1208 1694 1292">
    <p class='ocr_par' dir='ltr' id='par_1_14' title="bbox 116 1208 1694 1292">
     <span class='ocr_line' id='line_1_14' title="bbox 116 1208 1694 1292; baseline 0.004 -23"><span class='ocrx_word' id='word_1_91' title='bbox 116 1219 248 1286; x_wconf 71' lang='grc' dir='ltr'>ητις</span> <span class='ocrx_word' id='word_1_92' title='bbox 271 1208 343 1289; x_wconf 84' lang='grc' dir='ltr'>ἦν</span> <span class='ocrx_word' id='word_1_93' title='bbox 367 1219 467 1287; x_wconf 80' lang='grc' dir='ltr'><strong>ὀψὲ</strong></span> <span class='ocrx_word' id='word_1_94' title='bbox 495 1223 597 1274; x_wconf 70' lang='grc' dir='ltr'>καὶ</span> <span class='ocrx_word' id='word_1_95' title='bbox 623 1222 808 1292; x_wconf 76' lang='grc' dir='ltr'>πόρρω</span> <span class='ocrx_word' id='word_1_96' title='bbox 832 1224 1011 1275; x_wconf 84' lang='grc' dir='ltr'>λοιπὸν</span> <span class='ocrx_word' id='word_1_97' title='bbox 1038 1224 1325 1276; x_wconf 80' lang='grc' dir='ltr'>ἐλαύνουσα</span> <span class='ocrx_word' id='word_1_98' title='bbox 1352 1223 1457 1276; x_wconf 84' lang='grc' dir='ltr'><strong>τῶν</strong></span> <span class='ocrx_word' id='word_1_99' title='bbox 1488 1224 1694 1276; x_wconf 75' lang='grc' dir='ltr'><strong>Σαϐϐά-</strong></span> 
     </span>
    </p>
   </div>
   <div class='ocr_carea' id='block_1_15' title="bbox 117 1308 1692 1384">
    <p class='ocr_par' dir='ltr' id='par_1_15' title="bbox 117 1308 1692 1384">
     <span class='ocr_line' id='line_1_15' title="bbox 117 1308 1692 1384; baseline 0.004 -25"><span class='ocrx_word' id='word_1_100' title='bbox 117 1320 265 1359; x_wconf 80' lang='grc' dir='ltr'>των·</span> <span class='ocrx_word' id='word_1_101' title='bbox 299 1308 555 1361; x_wconf 83' lang='grc' dir='ltr'>λέλεκται</span> <span class='ocrx_word' id='word_1_102' title='bbox 589 1308 647 1363; x_wconf 79' lang='grc' dir='ltr'><strong>δὲ</strong></span> <span class='ocrx_word' id='word_1_103' title='bbox 682 1312 794 1378; x_wconf 76' lang='grc' dir='ltr'><strong>ὀψὲ</strong></span> <span class='ocrx_word' id='word_1_104' title='bbox 830 1312 934 1364; x_wconf 86' lang='grc' dir='ltr'>τοῦ</span> <span class='ocrx_word' id='word_1_105' title='bbox 965 1313 1262 1365; x_wconf 74' lang='grc' dir='ltr'>Σαϐϐάτου</span> <span class='ocrx_word' id='word_1_106' title='bbox 1291 1313 1438 1383; x_wconf 74' lang='grc' dir='ltr'>παρὰ</span> <span class='ocrx_word' id='word_1_107' title='bbox 1472 1314 1562 1365; x_wconf 75' lang='grc' dir='ltr'><strong>τοῦ</strong></span> <span class='ocrx_word' id='word_1_108' title='bbox 1604 1316 1692 1384; x_wconf 69' lang='grc' dir='ltr'>ἑρο</span> 
     </span>
    </p>
   </div>
   <div class='ocr_carea' id='block_1_16' title="bbox 121 1395 1693 1471">
    <p class='ocr_par' dir='ltr' id='par_1_16' title="bbox 121 1395 1693 1471">
     <span class='ocr_line' id='line_1_16' title="bbox 121 1395 1693 1471; baseline 0.012 -26"><span class='ocrx_word' id='word_1_109' title='bbox 121 1395 511 1464; x_wconf 85' lang='grc' dir='ltr'>μηνεύσαντος</span> <span class='ocrx_word' id='word_1_110' title='bbox 560 1399 662 1466; x_wconf 80' lang='grc' dir='ltr'><strong>τὴν</strong></span> <span class='ocrx_word' id='word_1_111' title='bbox 694 1401 943 1470; x_wconf 80' lang='grc' dir='ltr'>Γραφήν·</span> <span class='ocrx_word' id='word_1_112' title='bbox 974 1404 1000 1452; x_wconf 79' lang='grc' dir='ltr'>ο</span> <span class='ocrx_word' id='word_1_113' title='bbox 1041 1402 1136 1470; x_wconf 78' lang='grc' dir='ltr'><strong>μὲν</strong></span> <span class='ocrx_word' id='word_1_114' title='bbox 1176 1401 1281 1471; x_wconf 78' lang='grc' dir='ltr'>γὰρ</span> <span class='ocrx_word' id='word_1_115' title='bbox 1314 1401 1693 1471; x_wconf 75' lang='grc' dir='ltr'>εὐαγγελιστὴς</span> 
     </span>
    </p>
   </div>
   <div class='ocr_carea' id='block_1_17' title="bbox 117 1485 1687 1563">
    <p class='ocr_par' dir='ltr' id='par_1_17' title="bbox 117 1485 1687 1563">
     <span class='ocr_line' id='line_1_17' title="bbox 117 1485 1687 1563; baseline 0.004 -27"><span class='ocrx_word' id='word_1_116' title='bbox 117 1485 412 1550; x_wconf 80' lang='grc' dir='ltr'>Ματθαῖος</span> <span class='ocrx_word' id='word_1_117' title='bbox 458 1488 709 1559; x_wconf 81' lang='grc' dir='ltr'>Ἐὅραῖδι</span> <span class='ocrx_word' id='word_1_118' title='bbox 730 1490 937 1563; x_wconf 80' lang='grc' dir='ltr'><strong>γλώττῃ</strong></span> <span class='ocrx_word' id='word_1_119' title='bbox 963 1491 1237 1561; x_wconf 83' lang='grc' dir='ltr'>παρέδωκε</span> <span class='ocrx_word' id='word_1_120' title='bbox 1269 1492 1330 1543; x_wconf 80' lang='grc' dir='ltr'>τὸ</span> <span class='ocrx_word' id='word_1_121' title='bbox 1355 1493 1687 1560; x_wconf 78' lang='grc' dir='ltr'>εὐαγγέλιονο</span> 
     </span>
    </p>
   </div>
   <div class='ocr_carea' id='block_1_18' title="bbox 117 1574 1692 1651">
    <p class='ocr_par' dir='ltr' id='par_1_18' title="bbox 117 1574 1692 1651">
     <span class='ocr_line' id='line_1_18' title="bbox 117 1574 1692 1651; baseline 0.005 -26"><span class='ocrx_word' id='word_1_122' title='bbox 117 1575 149 1625; x_wconf 70' lang='grc' dir='ltr'><strong>ὁ</strong></span> <span class='ocrx_word' id='word_1_123' title='bbox 172 1574 242 1626; x_wconf 60' lang='grc' dir='ltr'><strong>τδὲ</strong></span> <span class='ocrx_word' id='word_1_124' title='bbox 275 1574 371 1626; x_wconf 75' lang='grc' dir='ltr'><strong>ἐπὶ</strong></span> <span class='ocrx_word' id='word_1_125' title='bbox 399 1576 506 1644; x_wconf 79' lang='grc' dir='ltr'>τὴν</span> <span class='ocrx_word' id='word_1_126' title='bbox 540 1577 806 1645; x_wconf 85' lang='grc' dir='ltr'><strong>Ἐλλήνων</strong></span> <span class='ocrx_word' id='word_1_127' title='bbox 854 1579 1031 1649; x_wconf 80' lang='grc' dir='ltr'>φωνὴν</span> <span class='ocrx_word' id='word_1_128' title='bbox 1076 1580 1383 1648; x_wconf 71' lang='grc' dir='ltr'>μεταϐαλὼν</span> <span class='ocrx_word' id='word_1_129' title='bbox 1415 1582 1563 1645; x_wconf 78' lang='grc' dir='ltr'>αὐτὸ,</span> <span class='ocrx_word' id='word_1_130' title='bbox 1595 1582 1692 1651; x_wconf 80' lang='grc' dir='ltr'>τὴν</span> 
     </span>
    </p>
   </div>
   <div class='ocr_carea' id='block_1_19' title="bbox 117 1665 1694 1740">
    <p class='ocr_par' dir='ltr' id='par_1_19' title="bbox 117 1665 1694 1740">
     <span class='ocr_line' id='line_1_19' title="bbox 117 1665 1694 1740; baseline 0.003 -23"><span class='ocrx_word' id='word_1_131' title='bbox 117 1665 561 1733; x_wconf 78' lang='grc' dir='ltr'>ἑπιφωσκοῦσαν</span> <span class='ocrx_word' id='word_1_132' title='bbox 593 1667 739 1737; x_wconf 83' lang='grc' dir='ltr'>ὤραν</span> <span class='ocrx_word' id='word_1_133' title='bbox 768 1669 846 1731; x_wconf 83' lang='grc' dir='ltr'><strong>εἰς</strong></span> <span class='ocrx_word' id='word_1_134' title='bbox 876 1670 973 1738; x_wconf 80' lang='grc' dir='ltr'>τὴν</span> <span class='ocrx_word' id='word_1_135' title='bbox 1005 1670 1282 1740; x_wconf 81' lang='grc' dir='ltr'>Κυριακὴν</span> <span class='ocrx_word' id='word_1_136' title='bbox 1315 1670 1542 1740; x_wconf 72' lang='grc' dir='ltr'>ἡμέραν,</span> <span class='ocrx_word' id='word_1_137' title='bbox 1581 1670 1694 1738; x_wconf 71' lang='grc' dir='ltr'><strong>ὀψὲ</strong></span> 
     </span>
    </p>
   </div>
   <div class='ocr_carea' id='block_1_20' title="bbox 116 1755 1695 1833">
    <p class='ocr_par' dir='ltr' id='par_1_20' title="bbox 116 1755 1695 1833">
     <span class='ocr_line' id='line_1_20' title="bbox 116 1755 1695 1833; baseline 0.004 -26"><span class='ocrx_word' id='word_1_138' title='bbox 116 1755 449 1833; x_wconf 60' lang='grc' dir='ltr'>Σαϐϐάτωνζ</span> <span class='ocrx_word' id='word_1_139' title='bbox 495 1760 790 1827; x_wconf 83' lang='grc' dir='ltr'>προσεῖπεν</span> <span class='ocrx_word' id='word_1_140' title='bbox 806 1774 820 1788; x_wconf 74' lang='grc' dir='ltr'><strong>ο</strong></span> <span class='ocrx_word' id='word_1_141' title='bbox 852 1758 989 1811; x_wconf 83' lang='grc' dir='ltr'>ὥστε</span> <span class='ocrx_word' id='word_1_142' title='bbox 1029 1760 1119 1812; x_wconf 80' lang='grc' dir='ltr'><strong>τὸν</strong></span> <span class='ocrx_word' id='word_1_143' title='bbox 1148 1759 1306 1812; x_wconf 76' lang='grc' dir='ltr'>αὐτὸν</span> <span class='ocrx_word' id='word_1_144' title='bbox 1339 1761 1520 1829; x_wconf 85' lang='grc' dir='ltr'>σχεδὸν</span> <span class='ocrx_word' id='word_1_145' title='bbox 1561 1764 1695 1813; x_wconf 83' lang='grc' dir='ltr'>νοεῖ-</span> 
     </span>
    </p>
   </div>
   <div class='ocr_carea' id='block_1_21' title="bbox 116 1836 1759 1919">
    <p class='ocr_par' dir='ltr' id='par_1_21' title="bbox 116 1836 1759 1919">
     <span class='ocr_line' id='line_1_21' title="bbox 116 1836 1759 1919; baseline 0.004 -24"><span class='ocrx_word' id='word_1_146' title='bbox 116 1843 246 1896; x_wconf 88' lang='grc' dir='ltr'>σθαι</span> <span class='ocrx_word' id='word_1_147' title='bbox 298 1846 518 1915; x_wconf 81' lang='grc' dir='ltr'>καιρὸν,</span> <span class='ocrx_word' id='word_1_148' title='bbox 554 1845 589 1915; x_wconf 83' lang='grc' dir='ltr'>ἢ</span> <span class='ocrx_word' id='word_1_149' title='bbox 623 1846 711 1899; x_wconf 79' lang='grc' dir='ltr'>τὸν</span> <span class='ocrx_word' id='word_1_150' title='bbox 740 1848 941 1919; x_wconf 81' lang='grc' dir='ltr'>σφόδρα</span> <span class='ocrx_word' id='word_1_151' title='bbox 969 1849 1131 1915; x_wconf 75' lang='grc' dir='ltr'>ἐγγὺς</span> <span class='ocrx_word' id='word_1_152' title='bbox 1156 1850 1302 1918; x_wconf 80' lang='grc' dir='ltr'>παρὰ</span> <span class='ocrx_word' id='word_1_153' title='bbox 1330 1853 1438 1912; x_wconf 89' lang='grc' dir='ltr'>τοῖς</span> <span class='ocrx_word' id='word_1_154' title='bbox 1469 1852 1690 1918; x_wconf 87' lang='grc' dir='ltr'>εύαγγε-</span> <span class='ocrx_word' id='word_1_155' title='bbox 1718 1836 1759 1891; x_wconf 76' lang='grc' dir='ltr'><strong>Β</strong></span> 
     </span>
    </p>
   </div>
   <div class='ocr_carea' id='block_1_22' title="bbox 115 1932 1690 2009">
    <p class='ocr_par' dir='ltr' id='par_1_22' title="bbox 115 1932 1690 2009">
     <span class='ocr_line' id='line_1_22' title="bbox 115 1932 1690 2009; baseline 0.004 -23"><span class='ocrx_word' id='word_1_156' title='bbox 115 1932 341 1996; x_wconf 81' lang='grc' dir='ltr'>λισταῖς</span> <span class='ocrx_word' id='word_1_157' title='bbox 364 1934 651 2004; x_wconf 78' lang='grc' dir='ltr'>διαφόροις</span> <span class='ocrx_word' id='word_1_158' title='bbox 669 1936 892 2005; x_wconf 81' lang='grc' dir='ltr'>ὀνόμασι</span> <span class='ocrx_word' id='word_1_159' title='bbox 917 1940 1274 2008; x_wconf 82' lang='grc' dir='ltr'>τετηρημένον</span> <span class='ocrx_word' id='word_1_160' title='bbox 1288 1956 1301 1968; x_wconf 68' lang='grc' dir='ltr'><strong>θ</strong></span> <span class='ocrx_word' id='word_1_161' title='bbox 1321 1939 1484 2009; x_wconf 83' lang='grc' dir='ltr'>μηδέν</span> <span class='ocrx_word' id='word_1_162' title='bbox 1498 1956 1556 1991; x_wconf 88' lang='grc' dir='ltr'><strong>τε</strong></span> <span class='ocrx_word' id='word_1_163' title='bbox 1575 1940 1690 1993; x_wconf 89' lang='grc' dir='ltr'>δια-</span> 
     </span>
    </p>
   </div>
   <div class='ocr_carea' id='block_1_23' title="bbox 115 2023 1688 2100">
    <p class='ocr_par' dir='ltr' id='par_1_23' title="bbox 115 2023 1688 2100">
     <span class='ocr_line' id='line_1_23' title="bbox 115 2023 1688 2100; baseline 0.004 -24"><span class='ocrx_word' id='word_1_164' title='bbox 115 2023 316 2094; x_wconf 73' lang='grc' dir='ltr'>φέρειν</span> <span class='ocrx_word' id='word_1_165' title='bbox 359 2024 647 2078; x_wconf 86' lang='grc' dir='ltr'>Ματθαῖον</span> <span class='ocrx_word' id='word_1_166' title='bbox 677 2028 950 2096; x_wconf 67' lang='grc' dir='ltr'>είρηκόταυ</span> <span class='ocrx_word' id='word_1_167' title='bbox 981 2047 999 2078; x_wconf 82' lang='grc' dir='ltr'>ι</span> <span class='ocrx_word' id='word_1_168' title='bbox 1036 2029 1159 2097; x_wconf 82' lang='grc' dir='ltr'><strong>Ὀψὲ</strong></span> <span class='ocrx_word' id='word_1_169' title='bbox 1210 2029 1267 2082; x_wconf 83' lang='grc' dir='ltr'><strong>δὲ</strong></span> <span class='ocrx_word' id='word_1_170' title='bbox 1308 2029 1593 2082; x_wconf 74' lang='grc' dir='ltr'>Σαϐϐάτων</span> <span class='ocrx_word' id='word_1_171' title='bbox 1623 2033 1688 2100; x_wconf 79' lang='grc' dir='ltr'>τῇ</span> 
     </span>
    </p>
   </div>
   <div class='ocr_carea' id='block_1_24' title="bbox 116 2115 1689 2191">
    <p class='ocr_par' dir='ltr' id='par_1_24' title="bbox 116 2115 1689 2191">
     <span class='ocr_line' id='line_1_24' title="bbox 116 2115 1689 2191; baseline 0.005 -25"><span class='ocrx_word' id='word_1_172' title='bbox 116 2115 528 2186; x_wconf 75' lang='grc' dir='ltr'>ἐπιφωσκούσῃ</span> <span class='ocrx_word' id='word_1_173' title='bbox 586 2119 667 2180; x_wconf 85' lang='grc' dir='ltr'><strong>είς</strong></span> <span class='ocrx_word' id='word_1_174' title='bbox 727 2118 851 2186; x_wconf 86' lang='grc' dir='ltr'>μίαν</span> <span class='ocrx_word' id='word_1_175' title='bbox 897 2117 1183 2171; x_wconf 75' lang='grc' dir='ltr'>Σαεεάτων</span> <span class='ocrx_word' id='word_1_176' title='bbox 1222 2116 1349 2189; x_wconf 82' lang='grc' dir='ltr'>ἦλθε</span> <span class='ocrx_word' id='word_1_177' title='bbox 1414 2121 1597 2191; x_wconf 84' lang='grc' dir='ltr'>Μαρία</span> <span class='ocrx_word' id='word_1_178' title='bbox 1656 2123 1689 2191; x_wconf 79' lang='grc' dir='ltr'><strong>ἡ</strong></span> 
     </span>
    </p>
   </div>
   <div class='ocr_carea' id='block_1_25' title="bbox 114 2206 1691 2281">
    <p class='ocr_par' dir='ltr' id='par_1_25' title="bbox 114 2206 1691 2281">
     <span class='ocr_line' id='line_1_25' title="bbox 114 2206 1691 2281; baseline 0.003 -22"><span class='ocrx_word' id='word_1_179' title='bbox 114 2206 469 2276; x_wconf 76' lang='grc' dir='ltr'>Μαγδαληνὴ</span> <span class='ocrx_word' id='word_1_180' title='bbox 527 2209 623 2260; x_wconf 77' lang='grc' dir='ltr'>καὶ</span> <span class='ocrx_word' id='word_1_181' title='bbox 659 2210 693 2278; x_wconf 76' lang='grc' dir='ltr'>ἡ</span> <span class='ocrx_word' id='word_1_182' title='bbox 741 2209 870 2278; x_wconf 79' lang='grc' dir='ltr'>άλλη</span> <span class='ocrx_word' id='word_1_183' title='bbox 920 2210 1102 2281; x_wconf 86' lang='grc' dir='ltr'>Μαρία</span> <span class='ocrx_word' id='word_1_184' title='bbox 1145 2210 1412 2280; x_wconf 79' lang='grc' dir='ltr'>θεωρῆσαι</span> <span class='ocrx_word' id='word_1_185' title='bbox 1464 2211 1553 2262; x_wconf 79' lang='grc' dir='ltr'>τὸν</span> <span class='ocrx_word' id='word_1_186' title='bbox 1595 2211 1691 2264; x_wconf 78' lang='grc' dir='ltr'>τά·</span> 
     </span>
    </p>
   </div>
   <div class='ocr_carea' id='block_1_26' title="bbox 117 2297 1691 2370">
    <p class='ocr_par' dir='ltr' id='par_1_26' title="bbox 117 2297 1691 2370">
     <span class='ocr_line' id='line_1_26' title="bbox 117 2297 1691 2370; baseline 0.003 -21"><span class='ocrx_word' id='word_1_187' title='bbox 117 2313 234 2364; x_wconf 65' lang='grc' dir='ltr'>σον,</span> <span class='ocrx_word' id='word_1_188' title='bbox 276 2317 301 2349; x_wconf 77' lang='lat' dir='ltr'><strong>s</strong></span> <span class='ocrx_word' id='word_1_189' title='bbox 347 2297 600 2350; x_wconf 80' lang='grc' dir='ltr'>Ἰωάννου</span> <span class='ocrx_word' id='word_1_190' title='bbox 633 2300 895 2367; x_wconf 80' lang='grc' dir='ltr'>φήσαντος</span> <span class='ocrx_word' id='word_1_191' title='bbox 924 2317 938 2330; x_wconf 86' lang='grc'><strong>·</strong></span> <span class='ocrx_word' id='word_1_192' title='bbox 978 2316 997 2349; x_wconf 79' lang='grc' dir='ltr'><strong>ι</strong></span> <span class='ocrx_word' id='word_1_193' title='bbox 1040 2303 1106 2369; x_wconf 80' lang='grc' dir='ltr'>τῇ</span> <span class='ocrx_word' id='word_1_194' title='bbox 1136 2299 1190 2352; x_wconf 81' lang='grc' dir='ltr'><strong>δὲ</strong></span> <span class='ocrx_word' id='word_1_195' title='bbox 1225 2301 1322 2370; x_wconf 77' lang='grc' dir='ltr'>μιᾷ</span> <span class='ocrx_word' id='word_1_196' title='bbox 1351 2299 1456 2353; x_wconf 83' lang='grc' dir='ltr'><strong>τῶν</strong></span> <span class='ocrx_word' id='word_1_197' title='bbox 1486 2299 1691 2353; x_wconf 77' lang='grc' dir='ltr'>Σαύὸά-</span> 
     </span>
    </p>
   </div>
   <div class='ocr_carea' id='block_1_27' title="bbox 115 2387 1692 2462">
    <p class='ocr_par' dir='ltr' id='par_1_27' title="bbox 115 2387 1692 2462">
     <span class='ocr_line' id='line_1_27' title="bbox 115 2387 1692 2462; baseline 0.004 -23"><span class='ocrx_word' id='word_1_198' title='bbox 115 2403 223 2439; x_wconf 88' lang='grc' dir='ltr'><strong>των</strong></span> <span class='ocrx_word' id='word_1_199' title='bbox 255 2387 495 2457; x_wconf 64' lang='grc' dir='ltr'>ἔρχεται</span> <span class='ocrx_word' id='word_1_200' title='bbox 524 2387 710 2458; x_wconf 85' lang='grc' dir='ltr'>Μαρία</span> <span class='ocrx_word' id='word_1_201' title='bbox 746 2390 779 2456; x_wconf 78' lang='grc' dir='ltr'><strong>ἡ</strong></span> <span class='ocrx_word' id='word_1_202' title='bbox 803 2388 1127 2459; x_wconf 83' lang='grc' dir='ltr'>Μαγδαληνὴ</span> <span class='ocrx_word' id='word_1_203' title='bbox 1153 2390 1292 2460; x_wconf 76' lang='grc' dir='ltr'>πρωῒ</span> <span class='ocrx_word' id='word_1_204' title='bbox 1319 2393 1398 2454; x_wconf 76' lang='grc' dir='ltr'><strong>είς</strong></span> <span class='ocrx_word' id='word_1_205' title='bbox 1448 2390 1507 2444; x_wconf 80' lang='grc' dir='ltr'>τὸ</span> <span class='ocrx_word' id='word_1_206' title='bbox 1559 2408 1692 2462; x_wconf 82' lang='grc' dir='ltr'>μνη-</span> 
     </span>
    </p>
   </div>
   <div class='ocr_carea' id='block_1_28' title="bbox 118 2476 1690 2551">
    <p class='ocr_par' dir='ltr' id='par_1_28' title="bbox 118 2476 1690 2551">
     <span class='ocr_line' id='line_1_28' title="bbox 118 2476 1690 2551; baseline 0.003 -22"><span class='ocrx_word' id='word_1_207' title='bbox 118 2481 299 2547; x_wconf 76' lang='grc' dir='ltr'>μεῖον,</span> <span class='ocrx_word' id='word_1_208' title='bbox 348 2477 434 2530; x_wconf 79' lang='grc' dir='ltr'><strong>ἑτι</strong></span> <span class='ocrx_word' id='word_1_209' title='bbox 465 2477 636 2547; x_wconf 80' lang='grc' dir='ltr'>ούσης</span> <span class='ocrx_word' id='word_1_210' title='bbox 682 2476 912 2542; x_wconf 80' lang='grc' dir='ltr'>σκοτίας.</span> <span class='ocrx_word' id='word_1_211' title='bbox 949 2498 968 2530; x_wconf 75' lang='grc' dir='ltr'><strong>ι</strong></span> <span class='ocrx_word' id='word_1_212' title='bbox 1002 2479 1290 2543; x_wconf 84' lang='grc' dir='ltr'>Πλατυκῶς</span> <span class='ocrx_word' id='word_1_213' title='bbox 1319 2480 1424 2551; x_wconf 80' lang='grc' dir='ltr'>γὰρ</span> <span class='ocrx_word' id='word_1_214' title='bbox 1465 2481 1559 2534; x_wconf 76' lang='grc' dir='ltr'><strong>ἕνα</strong></span> <span class='ocrx_word' id='word_1_215' title='bbox 1597 2481 1690 2534; x_wconf 81' lang='grc' dir='ltr'>καὶ</span> 
     </span>
    </p>
   </div>
   <div class='ocr_carea' id='block_1_29' title="bbox 115 2568 1689 2640">
    <p class='ocr_par' dir='ltr' id='par_1_29' title="bbox 115 2568 1689 2640">
     <span class='ocr_line' id='line_1_29' title="bbox 115 2568 1689 2640; baseline 0.001 -19"><span class='ocrx_word' id='word_1_216' title='bbox 115 2570 204 2621; x_wconf 84' lang='grc' dir='ltr'>τὸν</span> <span class='ocrx_word' id='word_1_217' title='bbox 237 2568 423 2621; x_wconf 80' lang='grc' dir='ltr'>αὑτὸν</span> <span class='ocrx_word' id='word_1_218' title='bbox 455 2568 675 2637; x_wconf 84' lang='grc' dir='ltr'>δηλοῦσι</span> <span class='ocrx_word' id='word_1_219' title='bbox 720 2568 826 2639; x_wconf 76' lang='lat'><strong>(50)</strong></span> <span class='ocrx_word' id='word_1_220' title='bbox 857 2570 1044 2640; x_wconf 82' lang='grc' dir='ltr'>χρόνον</span> <span class='ocrx_word' id='word_1_221' title='bbox 1082 2570 1350 2640; x_wconf 74' lang='grc' dir='ltr'>διαφόροις</span> <span class='ocrx_word' id='word_1_222' title='bbox 1393 2572 1596 2640; x_wconf 80' lang='grc' dir='ltr'>ῥήμασι</span> <span class='ocrx_word' id='word_1_223' title='bbox 1616 2588 1629 2601; x_wconf 78' lang='grc'><em>’</em></span> <span class='ocrx_word' id='word_1_224' title='bbox 1660 2573 1689 2623; x_wconf 85' lang='grc' dir='ltr'>ὀ</span> 
     </span>
    </p>
   </div>
   <div class='ocr_carea' id='block_1_30' title="bbox 119 2655 1684 2727">
    <p class='ocr_par' dir='ltr' id='par_1_30' title="bbox 119 2655 1684 2727">
     <span class='ocr_line' id='line_1_30' title="bbox 119 2655 1684 2727; baseline -0.001 -16"><span class='ocrx_word' id='word_1_225' title='bbox 119 2657 217 2727; x_wconf 64' lang='grc' dir='ltr'>μιν</span> <span class='ocrx_word' id='word_1_226' title='bbox 239 2656 544 2719; x_wconf 81' lang='grc' dir='ltr'>Ματθαῖος</span> <span class='ocrx_word' id='word_1_227' title='bbox 573 2655 706 2723; x_wconf 75' lang='grc' dir='ltr'><strong>ὀψὲ,</strong></span> <span class='ocrx_word' id='word_1_228' title='bbox 736 2657 853 2709; x_wconf 82' lang='grc' dir='ltr'>ἀντὶ</span> <span class='ocrx_word' id='word_1_229' title='bbox 881 2657 971 2710; x_wconf 83' lang='grc' dir='ltr'><strong>τοῦ</strong></span> <span class='ocrx_word' id='word_1_230' title='bbox 995 2658 1246 2724; x_wconf 79' lang='grc' dir='ltr'>βράδιον</span> <span class='ocrx_word' id='word_1_231' title='bbox 1266 2674 1280 2688; x_wconf 80' lang='grc'><em>’</em></span> <span class='ocrx_word' id='word_1_232' title='bbox 1316 2658 1409 2710; x_wconf 74' lang='grc' dir='ltr'>καὶ</span> <span class='ocrx_word' id='word_1_233' title='bbox 1440 2658 1553 2725; x_wconf 70' lang='grc' dir='ltr'><strong>ὀψὲ</strong></span> <span class='ocrx_word' id='word_1_234' title='bbox 1580 2658 1684 2724; x_wconf 83' lang='grc' dir='ltr'>τῆς</span> 
     </span>
    </p>
   </div>
   <div class='ocr_carea' id='block_1_31' title="bbox 115 2742 1689 2815">
    <p class='ocr_par' dir='ltr' id='par_1_31' title="bbox 115 2742 1689 2815">
     <span class='ocr_line' id='line_1_31' title="bbox 115 2742 1689 2815; baseline -0.001 -17"><span class='ocrx_word' id='word_1_235' title='bbox 115 2744 351 2809; x_wconf 72' lang='grc' dir='ltr'>νυκτὸς</span> <span class='ocrx_word' id='word_1_236' title='bbox 389 2742 666 2812; x_wconf 80' lang='grc' dir='ltr'>ὀνομάσας</span> <span class='ocrx_word' id='word_1_237' title='bbox 701 2744 865 2811; x_wconf 79' lang='grc' dir='ltr'>πρωῒ,</span> <span class='ocrx_word' id='word_1_238' title='bbox 899 2746 928 2797; x_wconf 83' lang='grc' dir='ltr'><strong>ὀ</strong></span> <span class='ocrx_word' id='word_1_239' title='bbox 957 2744 1322 2815; x_wconf 73' lang='grc' dir='ltr'>διερμηνεύων</span> <span class='ocrx_word' id='word_1_240' title='bbox 1358 2746 1597 2815; x_wconf 85' lang='grc' dir='ltr'>ἑπήγαγε</span> <span class='ocrx_word' id='word_1_241' title='bbox 1629 2745 1689 2797; x_wconf 81' lang='grc' dir='ltr'>τὸ</span> 
     </span>
    </p>
   </div>
   <div class='ocr_carea' id='block_1_32' title="bbox 114 2832 1687 2906">
    <p class='ocr_par' dir='ltr' id='par_1_32' title="bbox 114 2832 1687 2906">
     <span class='ocr_line' id='line_1_32' title="bbox 114 2832 1687 2906; baseline -0.001 -20"><span class='ocrx_word' id='word_1_242' title='bbox 114 2832 379 2899; x_wconf 78' lang='grc' dir='ltr'>σκοτίας</span> <span class='ocrx_word' id='word_1_243' title='bbox 410 2833 630 2899; x_wconf 81' lang='grc' dir='ltr'>οὔσης,</span> <span class='ocrx_word' id='word_1_244' title='bbox 665 2832 751 2884; x_wconf 81' lang='grc' dir='ltr'><strong>ἵνα</strong></span> <span class='ocrx_word' id='word_1_245' title='bbox 785 2834 857 2903; x_wconf 83' lang='grc' dir='ltr'>μή</span> <span class='ocrx_word' id='word_1_246' title='bbox 889 2851 972 2897; x_wconf 88' lang='grc' dir='ltr'><strong>τις</strong></span> <span class='ocrx_word' id='word_1_247' title='bbox 1000 2834 1090 2887; x_wconf 87' lang='grc' dir='ltr'><strong>τὸν</strong></span> <span class='ocrx_word' id='word_1_248' title='bbox 1120 2834 1310 2906; x_wconf 73' lang='grc' dir='ltr'>ὄρθρον</span> <span class='ocrx_word' id='word_1_249' title='bbox 1334 2835 1508 2902; x_wconf 87' lang='grc' dir='ltr'>λέγειν</span> <span class='ocrx_word' id='word_1_250' title='bbox 1529 2835 1687 2888; x_wconf 83' lang='grc' dir='ltr'>αὑτὸν</span> 
     </span>
    </p>
   </div>
   <div class='ocr_carea' id='block_1_33' title="bbox 117 2922 1685 2993">
    <p class='ocr_par' dir='ltr' id='par_1_33' title="bbox 117 2922 1685 2993">
     <span class='ocr_line' id='line_1_33' title="bbox 117 2922 1685 2993; baseline 0.001 -17"><span class='ocrx_word' id='word_1_251' title='bbox 117 2923 392 2977; x_wconf 70' lang='grc' dir='ltr'>ὑπολάϐοι</span> <span class='ocrx_word' id='word_1_252' title='bbox 412 2939 428 2953; x_wconf 77' lang='grc' dir='ltr'>ο</span> <span class='ocrx_word' id='word_1_253' title='bbox 462 2922 539 2986; x_wconf 83' lang='grc' dir='ltr'>ὡς</span> <span class='ocrx_word' id='word_1_254' title='bbox 575 2923 669 2975; x_wconf 81' lang='grc' dir='ltr'><strong>καὶ</strong></span> <span class='ocrx_word' id='word_1_255' title='bbox 705 2923 734 2974; x_wconf 82' lang='grc' dir='ltr'><strong>ὁ</strong></span> <span class='ocrx_word' id='word_1_256' title='bbox 772 2923 1043 2987; x_wconf 84' lang='grc' dir='ltr'>Ματθαῖος</span> <span class='ocrx_word' id='word_1_257' title='bbox 1078 2924 1155 2993; x_wconf 81' lang='grc' dir='ltr'>τῷ</span> <span class='ocrx_word' id='word_1_258' title='bbox 1202 2925 1314 2993; x_wconf 75' lang='grc' dir='ltr'><strong>ὀψὲ</strong></span> <span class='ocrx_word' id='word_1_259' title='bbox 1361 2926 1685 2988; x_wconf 74' lang='grc' dir='ltr'>Σαϐϐάτων,</span> 
     </span>
    </p>
   </div>
   <div class='ocr_carea' id='block_1_34' title="bbox 115 3012 1683 3084">
    <p class='ocr_par' dir='ltr' id='par_1_34' title="bbox 115 3012 1683 3084">
     <span class='ocr_line' id='line_1_34' title="bbox 115 3012 1683 3084; baseline 0.001 -18"><span class='ocrx_word' id='word_1_260' title='bbox 115 3012 200 3066; x_wconf 82' lang='grc' dir='ltr'><strong>ῖνα</strong></span> <span class='ocrx_word' id='word_1_261' title='bbox 248 3013 337 3084; x_wconf 78' lang='grc' dir='ltr'>μὴ</span> <span class='ocrx_word' id='word_1_262' title='bbox 382 3012 489 3082; x_wconf 77' lang='grc' dir='ltr'>τὴν</span> <span class='ocrx_word' id='word_1_263' title='bbox 521 3012 810 3083; x_wconf 80' lang='grc' dir='ltr'>ἑσπερινὴν</span> <span class='ocrx_word' id='word_1_264' title='bbox 843 3012 989 3084; x_wconf 84' lang='grc' dir='ltr'>ὥραν</span> <span class='ocrx_word' id='word_1_265' title='bbox 1040 3014 1275 3083; x_wconf 84' lang='grc' dir='ltr'>νομίσειέ</span> <span class='ocrx_word' id='word_1_266' title='bbox 1310 3031 1393 3077; x_wconf 87' lang='grc' dir='ltr'><strong>τις</strong></span> <span class='ocrx_word' id='word_1_267' title='bbox 1418 3014 1683 3082; x_wconf 83' lang='grc' dir='ltr'>λέγεσθαι,</span> 
     </span>
    </p>
   </div>
   <div class='ocr_carea' id='block_1_35' title="bbox 115 3101 1754 3192">
    <p class='ocr_par' dir='ltr' id='par_1_35' title="bbox 115 3101 1754 3192">
     <span class='ocr_line' id='line_1_35' title="bbox 115 3101 1754 3192; baseline -0.001 -37"><span class='ocrx_word' id='word_1_268' title='bbox 115 3102 441 3174; x_wconf 78' lang='grc' dir='ltr'>προσέθηκε</span> <span class='ocrx_word' id='word_1_269' title='bbox 473 3101 538 3154; x_wconf 75' lang='grc' dir='ltr'>τὸ</span> <span class='ocrx_word' id='word_1_270' title='bbox 575 3101 651 3170; x_wconf 79' lang='grc' dir='ltr'>τῇ</span> <span class='ocrx_word' id='word_1_271' title='bbox 689 3101 1109 3192; x_wconf 71' lang='grc' dir='ltr'><strong>ἐπιφωσκούσῃ</strong></span> <span class='ocrx_word' id='word_1_272' title='bbox 1151 3107 1236 3168; x_wconf 79' lang='grc' dir='ltr'><strong>εις</strong></span> <span class='ocrx_word' id='word_1_273' title='bbox 1267 3105 1412 3171; x_wconf 76' lang='grc' dir='ltr'>μίαν</span> <span class='ocrx_word' id='word_1_274' title='bbox 1445 3103 1686 3192; x_wconf 30' lang='grc' dir='ltr'><strong>ῌΣαόϐἁ-</strong></span> <span class='ocrx_word' id='word_1_275' title='bbox 1713 3137 1754 3192; x_wconf 77' lang='lat' dir='ltr'><strong><em>C</em></strong></span> 
     </span>
    </p>
   </div>
   <div class='ocr_carea' id='block_1_36' title="bbox 114 3184 1685 3262">
    <p class='ocr_par' dir='ltr' id='par_1_36' title="bbox 114 3184 1685 3262">
     <span class='ocr_line' id='line_1_36' title="bbox 114 3184 1685 3262; baseline -0.001 -19"><span class='ocrx_word' id='word_1_276' title='bbox 114 3205 251 3245; x_wconf 71' lang='grc' dir='ltr'>των.</span> <span class='ocrx_word' id='word_1_277' title='bbox 301 3190 465 3243; x_wconf 75' lang='grc' dir='ltr'>Ἐπεὶ</span> <span class='ocrx_word' id='word_1_278' title='bbox 518 3189 615 3243; x_wconf 77' lang='grc' dir='ltr'>καὶ</span> <span class='ocrx_word' id='word_1_279' title='bbox 656 3190 893 3262; x_wconf 73' lang='grc' dir='ltr'>ἀκριϐῶς</span> <span class='ocrx_word' id='word_1_280' title='bbox 932 3184 1081 3254; x_wconf 75' lang='grc' dir='ltr'>οὗτος</span> <span class='ocrx_word' id='word_1_281' title='bbox 1120 3191 1388 3245; x_wconf 72' lang='grc' dir='ltr'>Σαϐϐάτου</span> <span class='ocrx_word' id='word_1_282' title='bbox 1418 3186 1565 3245; x_wconf 78' lang='grc' dir='ltr'>εἶπεν</span> <span class='ocrx_word' id='word_1_283' title='bbox 1590 3191 1685 3261; x_wconf 79' lang='grc' dir='ltr'><strong>τὴν</strong></span> 
     </span>
    </p>
   </div>
   <div class='ocr_carea' id='block_1_37' title="bbox 115 3277 1685 3352">
    <p class='ocr_par' dir='ltr' id='par_1_37' title="bbox 115 3277 1685 3352">
     <span class='ocr_line' id='line_1_37' title="bbox 115 3277 1685 3352; baseline 0.001 -19"><span class='ocrx_word' id='word_1_284' title='bbox 115 3280 299 3349; x_wconf 56' lang='grc' dir='ltr'>ἀρίαν,</span> <span class='ocrx_word' id='word_1_285' title='bbox 359 3281 440 3349; x_wconf 82' lang='grc' dir='ltr'>μή</span> <span class='ocrx_word' id='word_1_286' title='bbox 492 3294 578 3341; x_wconf 88' lang='grc' dir='ltr'><strong>τις</strong></span> <span class='ocrx_word' id='word_1_287' title='bbox 618 3277 716 3349; x_wconf 81' lang='grc' dir='ltr'><strong>τὴν</strong></span> <span class='ocrx_word' id='word_1_288' title='bbox 753 3280 985 3350; x_wconf 75' lang='grc' dir='ltr'>ἑσπέραν</span> <span class='ocrx_word' id='word_1_289' title='bbox 1026 3282 1279 3334; x_wconf 78' lang='grc' dir='ltr'>ὑπολάϐοι</span> <span class='ocrx_word' id='word_1_290' title='bbox 1319 3281 1565 3349; x_wconf 84' lang='grc' dir='ltr'>λέγεσθαι</span> <span class='ocrx_word' id='word_1_291' title='bbox 1592 3283 1685 3352; x_wconf 82' lang='grc' dir='ltr'>τὴν</span> 
     </span>
    </p>
   </div>
   <div class='ocr_carea' id='block_1_38' title="bbox 119 3368 1576 3439">
    <p class='ocr_par' dir='ltr' id='par_1_38' title="bbox 119 3368 1576 3439">
     <span class='ocr_line' id='line_1_38' title="bbox 119 3368 1576 3439; baseline -0.001 -16"><span class='ocrx_word' id='word_1_292' title='bbox 119 3370 258 3439; x_wconf 76' lang='grc' dir='ltr'>μετά</span> <span class='ocrx_word' id='word_1_293' title='bbox 285 3369 453 3439; x_wconf 60' lang='grc' dir='ltr'><strong>¹ἡλίου</strong></span> <span class='ocrx_word' id='word_1_294' title='bbox 477 3369 710 3439; x_wconf 82' lang='grc' dir='ltr'>δυσμὰς,</span> <span class='ocrx_word' id='word_1_295' title='bbox 754 3368 887 3422; x_wconf 79' lang='grc' dir='ltr'>ἀλλὰ</span> <span class='ocrx_word' id='word_1_296' title='bbox 917 3369 1221 3423; x_wconf 77' lang='grc' dir='ltr'>Σαϐϐάτων</span> <span class='ocrx_word' id='word_1_297' title='bbox 1256 3371 1416 3439; x_wconf 79' lang='grc' dir='ltr'>φησὶν</span> <span class='ocrx_word' id='word_1_298' title='bbox 1447 3370 1576 3437; x_wconf 71' lang='grc' dir='ltr'><strong>ὀψέ.</strong></span> 
     </span>
    </p>
   </div>
   <div class='ocr_carea' id='block_1_39' title="bbox 184 3458 1670 3530">
    <p class='ocr_par' dir='ltr' id='par_1_39' title="bbox 184 3458 1670 3530">
     <span class='ocr_line' id='line_1_39' title="bbox 184 3458 1670 3530; baseline -0.001 -17"><span class='ocrx_word' id='word_1_299' title='bbox 184 3459 251 3529; x_wconf 80' lang='grc' dir='ltr'><strong>β’.</strong></span> <span class='ocrx_word' id='word_1_300' title='bbox 281 3460 458 3523; x_wconf 84' lang='grc' dir='ltr'>Ἐθος</span> <span class='ocrx_word' id='word_1_301' title='bbox 491 3459 549 3512; x_wconf 77' lang='grc' dir='ltr'><strong>δὲ</strong></span> <span class='ocrx_word' id='word_1_302' title='bbox 584 3459 712 3530; x_wconf 77' lang='grc' dir='ltr'>ὃλην</span> <span class='ocrx_word' id='word_1_303' title='bbox 744 3460 842 3530; x_wconf 77' lang='grc' dir='ltr'>τὴν</span> <span class='ocrx_word' id='word_1_304' title='bbox 873 3458 1132 3528; x_wconf 78' lang='grc' dir='ltr'>ἑόδομάδα</span> <span class='ocrx_word' id='word_1_305' title='bbox 1163 3459 1435 3514; x_wconf 81' lang='grc' dir='ltr'>Σάϐϐατον</span> <span class='ocrx_word' id='word_1_306' title='bbox 1470 3460 1670 3524; x_wconf 83' lang='grc' dir='ltr'>καλεῖν,</span> 
     </span>
    </p>
   </div>
   <div class='ocr_carea' id='block_1_40' title="bbox 115 3548 1683 3620">
    <p class='ocr_par' dir='ltr' id='par_1_40' title="bbox 115 3548 1683 3620">
     <span class='ocr_line' id='line_1_40' title="bbox 115 3548 1683 3620; baseline -0.001 -17"><span class='ocrx_word' id='word_1_307' title='bbox 115 3551 208 3604; x_wconf 73' lang='grc' dir='ltr'>καὶ</span> <span class='ocrx_word' id='word_1_308' title='bbox 231 3550 426 3613; x_wconf 84' lang='grc' dir='ltr'>πάσας</span> <span class='ocrx_word' id='word_1_309' title='bbox 444 3548 548 3612; x_wconf 79' lang='grc' dir='ltr'>τὰς</span> <span class='ocrx_word' id='word_1_310' title='bbox 573 3548 781 3620; x_wconf 81' lang='grc' dir='ltr'>ἡμέρας</span> <span class='ocrx_word' id='word_1_311' title='bbox 809 3548 974 3612; x_wconf 77' lang='grc' dir='ltr'>οὕτως</span> <span class='ocrx_word' id='word_1_312' title='bbox 995 3550 1288 3619; x_wconf 78' lang='grc' dir='ltr'>ὀνομάζειν.</span> <span class='ocrx_word' id='word_1_313' title='bbox 1317 3550 1539 3617; x_wconf 81' lang='grc' dir='ltr'><strong>Λέγεται</strong></span> <span class='ocrx_word' id='word_1_314' title='bbox 1557 3549 1683 3617; x_wconf 85' lang='grc' dir='ltr'>γοῦν</span> 
     </span>
    </p>
   </div>
   <div class='ocr_carea' id='block_1_41' title="bbox 113 3638 1682 3713">
    <p class='ocr_par' dir='ltr' id='par_1_41' title="bbox 113 3638 1682 3713">
     <span class='ocr_line' id='line_1_41' title="bbox 113 3638 1682 3713; baseline -0.001 -18"><span class='ocrx_word' id='word_1_315' title='bbox 113 3642 269 3713; x_wconf 80' lang='grc' dir='ltr'>παρὰ</span> <span class='ocrx_word' id='word_1_316' title='bbox 306 3643 432 3703; x_wconf 85' lang='grc' dir='ltr'>τοῖς</span> <span class='ocrx_word' id='word_1_317' title='bbox 456 3640 865 3708; x_wconf 82' lang='grc' dir='ltr'>εὐαγγελισταῖς</span> <span class='ocrx_word' id='word_1_318' title='bbox 895 3638 969 3707; x_wconf 64' lang='grc' dir='ltr'><strong>’τῇ</strong></span> <span class='ocrx_word' id='word_1_319' title='bbox 992 3638 1098 3708; x_wconf 81' lang='grc' dir='ltr'><strong>μιᾷ</strong></span> <span class='ocrx_word' id='word_1_320' title='bbox 1128 3639 1244 3693; x_wconf 78' lang='grc' dir='ltr'>τῶν</span> <span class='ocrx_word' id='word_1_321' title='bbox 1264 3640 1593 3694; x_wconf 74' lang='grc' dir='ltr'>Σαϐϐάτων·</span> <span class='ocrx_word' id='word_1_322' title='bbox 1625 3643 1682 3695; x_wconf 83' lang='grc' dir='ltr'>ὲν</span> 
     </span>
    </p>
   </div>
   <div class='ocr_carea' id='block_1_42' title="bbox 113 3728 1683 3801">
    <p class='ocr_par' dir='ltr' id='par_1_42' title="bbox 113 3728 1683 3801">
     <span class='ocr_line' id='line_1_42' title="bbox 113 3728 1683 3801; baseline 0.001 -18"><span class='ocrx_word' id='word_1_323' title='bbox 113 3730 168 3783; x_wconf 69' lang='grc' dir='ltr'><strong>δὲ</strong></span> <span class='ocrx_word' id='word_1_324' title='bbox 189 3733 256 3801; x_wconf 77' lang='grc' dir='ltr'>τῇ</span> <span class='ocrx_word' id='word_1_325' title='bbox 289 3729 581 3801; x_wconf 68' lang='grc' dir='ltr'>συνηθείᾳ,</span> <span class='ocrx_word' id='word_1_326' title='bbox 610 3728 853 3797; x_wconf 82' lang='grc' dir='ltr'>δευτέρα</span> <span class='ocrx_word' id='word_1_327' title='bbox 883 3730 1202 3793; x_wconf 77' lang='grc' dir='ltr'>Σαϐϐάτων,</span> <span class='ocrx_word' id='word_1_328' title='bbox 1235 3731 1328 3783; x_wconf 74' lang='grc' dir='ltr'>καὶ</span> <span class='ocrx_word' id='word_1_329' title='bbox 1354 3731 1513 3798; x_wconf 81' lang='grc' dir='ltr'>τρίτη</span> <span class='ocrx_word' id='word_1_330' title='bbox 1547 3733 1683 3784; x_wconf 78' lang='grc' dir='ltr'><strong>Σαϐ-</strong></span> 
     </span>
    </p>
   </div>
   <div class='ocr_carea' id='block_1_43' title="bbox 113 3816 1681 3887">
    <p class='ocr_par' dir='ltr' id='par_1_43' title="bbox 113 3816 1681 3887">
     <span class='ocr_line' id='line_1_43' title="bbox 113 3816 1681 3887; baseline -0.001 -14"><span class='ocrx_word' id='word_1_331' title='bbox 113 3819 329 3884; x_wconf 54' lang='lat' dir='ltr'><strong>ﬁdem,</strong></span> <span class='ocrx_word' id='word_1_332' title='bbox 386 3821 488 3872; x_wconf 85' lang='grc' dir='ltr'>καὶ</span> <span class='ocrx_word' id='word_1_333' title='bbox 530 3817 773 3887; x_wconf 80' lang='grc' dir='ltr'><strong>τετάρτη</strong></span> <span class='ocrx_word' id='word_1_334' title='bbox 803 3817 1131 3871; x_wconf 65' lang='grc' dir='ltr'>Σαϐϐάτωτν</span> <span class='ocrx_word' id='word_1_335' title='bbox 1166 3819 1333 3883; x_wconf 76' lang='grc' dir='ltr'>οὕτως</span> <span class='ocrx_word' id='word_1_336' title='bbox 1362 3816 1453 3873; x_wconf 83' lang='grc' dir='ltr'><strong>οὗν</strong></span> <span class='ocrx_word' id='word_1_337' title='bbox 1478 3823 1507 3872; x_wconf 82' lang='grc' dir='ltr'>ὁ</span> <span class='ocrx_word' id='word_1_338' title='bbox 1533 3822 1681 3874; x_wconf 66' lang='grc' dir='ltr'>Ματι</span> 
     </span>
    </p>
   </div>
   <div class='ocr_carea' id='block_1_44' title="bbox 114 3906 1681 3978">
    <p class='ocr_par' dir='ltr' id='par_1_44' title="bbox 114 3906 1681 3978">
     <span class='ocr_line' id='line_1_44' title="bbox 114 3906 1681 3978; baseline 0.001 -19"><span class='ocrx_word' id='word_1_339' title='bbox 114 3907 266 3972; x_wconf 81' lang='grc' dir='ltr'>θαῖος</span> <span class='ocrx_word' id='word_1_340' title='bbox 316 3909 417 3961; x_wconf 79' lang='grc' dir='ltr'><strong>τὸν</strong></span> <span class='ocrx_word' id='word_1_341' title='bbox 465 3907 661 3978; x_wconf 78' lang='grc' dir='ltr'>καιρὸν</span> <span class='ocrx_word' id='word_1_342' title='bbox 702 3907 789 3958; x_wconf 76' lang='grc' dir='ltr'>τὸν</span> <span class='ocrx_word' id='word_1_343' title='bbox 833 3906 1225 3975; x_wconf 84' lang='grc' dir='ltr'>ἑπιφαύσκοντα</span> <span class='ocrx_word' id='word_1_344' title='bbox 1253 3909 1330 3969; x_wconf 82' lang='grc' dir='ltr'><strong>είς</strong></span> <span class='ocrx_word' id='word_1_345' title='bbox 1358 3908 1453 3977; x_wconf 80' lang='grc' dir='ltr'>τὴν</span> <span class='ocrx_word' id='word_1_346' title='bbox 1486 3907 1559 3960; x_wconf 72' lang='lat' dir='ltr'><strong>Em</strong></span> <span class='ocrx_word' id='word_1_347' title='bbox 1587 3909 1681 3977; x_wconf 83' lang='grc' dir='ltr'>τῆς</span> 
     </span>
    </p>
   </div>
   <div class='ocr_carea' id='block_1_45' title="bbox 111 3992 1679 4068">
    <p class='ocr_par' dir='ltr' id='par_1_45' title="bbox 111 3992 1679 4068">
     <span class='ocr_line' id='line_1_45' title="bbox 111 3992 1679 4068; baseline -0.002 -18"><span class='ocrx_word' id='word_1_348' title='bbox 111 3992 414 4068; x_wconf 73' lang='grc' dir='ltr'>Κυριακῆς</span> <span class='ocrx_word' id='word_1_349' title='bbox 460 3996 697 4065; x_wconf 73' lang='grc' dir='ltr'>ἡμέρας,</span> <span class='ocrx_word' id='word_1_350' title='bbox 732 3994 1038 4047; x_wconf 77' lang='grc' dir='ltr'>Σαϐϐάτων</span> <span class='ocrx_word' id='word_1_351' title='bbox 1084 3994 1195 4061; x_wconf 79' lang='grc' dir='ltr'><strong>ὀψὲ</strong></span> <span class='ocrx_word' id='word_1_352' title='bbox 1236 3996 1535 4065; x_wconf 81' lang='grc' dir='ltr'>ὠνόμασεν·</span> <span class='ocrx_word' id='word_1_353' title='bbox 1581 3997 1679 4048; x_wconf 82' lang='grc' dir='ltr'>οὐκ</span> 
     </span>
    </p>
   </div>
   <div class='ocr_carea' id='block_1_46' title="bbox 112 4080 1674 4155">
    <p class='ocr_par' dir='ltr' id='par_1_46' title="bbox 112 4080 1674 4155">
     <span class='ocr_line' id='line_1_46' title="bbox 112 4080 1674 4155; baseline 0 -18"><span class='ocrx_word' id='word_1_354' title='bbox 112 4085 288 4141; x_wconf 67' lang='grc' dir='ltr'>εἰπὼν</span> <span class='ocrx_word' id='word_1_355' title='bbox 334 4085 587 4155; x_wconf 86' lang='grc' dir='ltr'>ἑσπέραν</span> <span class='ocrx_word' id='word_1_356' title='bbox 621 4082 716 4136; x_wconf 81' lang='grc' dir='ltr'><strong>τοῦ</strong></span> <span class='ocrx_word' id='word_1_357' title='bbox 766 4080 1057 4147; x_wconf 77' lang='grc' dir='ltr'>Σαϐϐάτου,</span> <span class='ocrx_word' id='word_1_358' title='bbox 1094 4084 1215 4137; x_wconf 79' lang='grc' dir='ltr'>οὐδὲ</span> <span class='ocrx_word' id='word_1_359' title='bbox 1250 4084 1343 4153; x_wconf 78' lang='grc' dir='ltr'><strong>ὀψὲ</strong></span> <span class='ocrx_word' id='word_1_360' title='bbox 1375 4084 1674 4139; x_wconf 76' lang='grc' dir='ltr'>Σαϐϐάτου·</span> 
     </span>
    </p>
   </div>
   <div class='ocr_carea' id='block_1_47' title="bbox 113 4172 1680 4246">
    <p class='ocr_par' dir='ltr' id='par_1_47' title="bbox 113 4172 1680 4246">
     <span class='ocr_line' id='line_1_47' title="bbox 113 4172 1680 4246; baseline 0 -19"><span class='ocrx_word' id='word_1_361' title='bbox 113 4176 237 4228; x_wconf 77' lang='grc' dir='ltr'>ἑπεὶ</span> <span class='ocrx_word' id='word_1_362' title='bbox 287 4175 468 4246; x_wconf 83' lang='grc' dir='ltr'>ἑχρῆν</span> <span class='ocrx_word' id='word_1_363' title='bbox 521 4173 669 4243; x_wconf 78' lang='grc' dir='ltr'>ἡμᾶς</span> <span class='ocrx_word' id='word_1_364' title='bbox 722 4174 786 4241; x_wconf 79' lang='grc' dir='ltr'>τῇ</span> <span class='ocrx_word' id='word_1_365' title='bbox 836 4172 1015 4242; x_wconf 79' lang='grc' dir='ltr'>ἡμέρᾳ</span> <span class='ocrx_word' id='word_1_366' title='bbox 1056 4172 1148 4224; x_wconf 76' lang='grc' dir='ltr'>τοῦ</span> <span class='ocrx_word' id='word_1_367' title='bbox 1204 4173 1472 4226; x_wconf 73' lang='grc' dir='ltr'>Σαϐϐάτου</span> <span class='ocrx_word' id='word_1_368' title='bbox 1547 4175 1680 4243; x_wconf 80' lang='grc' dir='ltr'>μετὰ</span> 
     </span>
    </p>
   </div>
   <div class='ocr_carea' id='block_1_48' title="bbox 108 4263 1672 4335">
    <p class='ocr_par' dir='ltr' id='par_1_48' title="bbox 108 4263 1672 4335">
     <span class='ocr_line' id='line_1_48' title="bbox 108 4263 1672 4335; baseline -0.001 -17"><span class='ocrx_word' id='word_1_369' title='bbox 108 4266 265 4335; x_wconf 77' lang='grc' dir='ltr'>ηλίου</span> <span class='ocrx_word' id='word_1_370' title='bbox 308 4264 532 4335; x_wconf 79' lang='grc' dir='ltr'>δυσμὰς</span> <span class='ocrx_word' id='word_1_371' title='bbox 590 4263 825 4333; x_wconf 75' lang='grc' dir='ltr'>ἑσπέρας</span> <span class='ocrx_word' id='word_1_372' title='bbox 867 4263 1152 4333; x_wconf 71' lang='grc' dir='ltr'>γινομένης</span> <span class='ocrx_word' id='word_1_373' title='bbox 1198 4263 1636 4335; x_wconf 76' lang='grc' dir='ltr'>ἀπονηστίζεσθαι</span> <span class='ocrx_word' id='word_1_374' title='bbox 1659 4281 1672 4295; x_wconf 89' lang='grc'><strong>·</strong></span> 
     </span>
    </p>
   </div>
   <div class='ocr_carea' id='block_1_49' title="bbox 110 4351 1679 4425">
    <p class='ocr_par' dir='ltr' id='par_1_49' title="bbox 110 4351 1679 4425">
     <span class='ocr_line' id='line_1_49' title="bbox 110 4351 1679 4425; baseline 0 -19"><span class='ocrx_word' id='word_1_375' title='bbox 110 4356 206 4407; x_wconf 73' lang='grc' dir='ltr'><strong>καὶ</strong></span> <span class='ocrx_word' id='word_1_376' title='bbox 230 4355 427 4408; x_wconf 75' lang='grc' dir='ltr'>οὐκέτι</span> <span class='ocrx_word' id='word_1_377' title='bbox 459 4352 563 4422; x_wconf 81' lang='grc' dir='ltr'>τὴν</span> <span class='ocrx_word' id='word_1_378' title='bbox 590 4351 867 4422; x_wconf 75' lang='grc' dir='ltr'>Κυριακὴν</span> <span class='ocrx_word' id='word_1_379' title='bbox 889 4352 1095 4420; x_wconf 76' lang='grc' dir='ltr'>ἡμέραν</span> <span class='ocrx_word' id='word_1_380' title='bbox 1124 4353 1396 4423; x_wconf 71' lang='grc' dir='ltr'>ἀγαλλιᾷν,</span> <span class='ocrx_word' id='word_1_381' title='bbox 1426 4352 1557 4405; x_wconf 76' lang='grc' dir='ltr'>ἀλλὰ</span> <span class='ocrx_word' id='word_1_382' title='bbox 1583 4353 1679 4425; x_wconf 83' lang='grc' dir='ltr'>τὴν</span> 
     </span>
    </p>
   </div>
   <div class='ocr_carea' id='block_1_50' title="bbox 108 4440 1752 4514">
    <p class='ocr_par' dir='ltr' id='par_1_50' title="bbox 108 4440 1752 4514">
     <span class='ocr_line' id='line_1_50' title="bbox 108 4440 1752 4514; baseline 0.001 -19"><span class='ocrx_word' id='word_1_383' title='bbox 108 4445 362 4514; x_wconf 80' lang='grc' dir='ltr'>ἑσπέραν</span> <span class='ocrx_word' id='word_1_384' title='bbox 393 4442 494 4496; x_wconf 78' lang='grc' dir='ltr'>τοῦ</span> <span class='ocrx_word' id='word_1_385' title='bbox 524 4440 818 4502; x_wconf 77' lang='grc' dir='ltr'>Σαὸὅὰτου,</span> <span class='ocrx_word' id='word_1_386' title='bbox 847 4440 999 4510; x_wconf 70' lang='grc' dir='ltr'>εἰπερ</span> <span class='ocrx_word' id='word_1_387' title='bbox 1023 4441 1161 4494; x_wconf 81' lang='grc' dir='ltr'>τοῦτ’</span> <span class='ocrx_word' id='word_1_388' title='bbox 1187 4443 1370 4512; x_wconf 79' lang='grc' dir='ltr'>ἑδηλου</span> <span class='ocrx_word' id='word_1_389' title='bbox 1396 4445 1425 4495; x_wconf 77' lang='grc' dir='ltr'><strong>ὁ</strong></span> <span class='ocrx_word' id='word_1_390' title='bbox 1455 4445 1679 4510; x_wconf 87' lang='grc' dir='ltr'>εὐαγγε-</span> <span class='ocrx_word' id='word_1_391' title='bbox 1704 4450 1752 4506; x_wconf 87' lang='grc'><strong>1)</strong></span> 
     </span>
    </p>
   </div>
   <div class='ocr_carea' id='block_1_51' title="bbox 107 4530 1675 4604">
    <p class='ocr_par' dir='ltr' id='par_1_51' title="bbox 107 4530 1675 4604">
     <span class='ocr_line' id='line_1_51' title="bbox 107 4530 1675 4604; baseline 0.003 -21"><span class='ocrx_word' id='word_1_392' title='bbox 107 4531 326 4604; x_wconf 81' lang='grc' dir='ltr'>λιστής.</span> <span class='ocrx_word' id='word_1_393' title='bbox 375 4531 523 4585; x_wconf 81' lang='grc' dir='ltr'>Ἀλλ’</span> <span class='ocrx_word' id='word_1_394' title='bbox 556 4531 653 4601; x_wconf 83' lang='grc' dir='ltr'>οὐχ</span> <span class='ocrx_word' id='word_1_395' title='bbox 694 4530 927 4600; x_wconf 80' lang='grc' dir='ltr'>ἑσπέρας</span> <span class='ocrx_word' id='word_1_396' title='bbox 970 4530 1062 4583; x_wconf 81' lang='grc' dir='ltr'>τοῦ</span> <span class='ocrx_word' id='word_1_397' title='bbox 1104 4531 1371 4585; x_wconf 76' lang='grc' dir='ltr'>Σαϐϐάτου</span> <span class='ocrx_word' id='word_1_398' title='bbox 1412 4532 1675 4603; x_wconf 79' lang='grc' dir='ltr'>εἰώθαμεν</span> 
     </span>
    </p>
   </div>
   <div class='ocr_carea' id='block_1_52' title="bbox 105 4619 1670 4692">
    <p class='ocr_par' dir='ltr' id='par_1_52' title="bbox 105 4619 1670 4692">
     <span class='ocr_line' id='line_1_52' title="bbox 105 4619 1670 4692; baseline 0.001 -19"><span class='ocrx_word' id='word_1_399' title='bbox 105 4623 205 4685; x_wconf 67' lang='grc' dir='ltr'>τὰς</span> <span class='ocrx_word' id='word_1_400' title='bbox 238 4621 512 4692; x_wconf 80' lang='grc' dir='ltr'>νηστείας</span> <span class='ocrx_word' id='word_1_401' title='bbox 528 4619 836 4681; x_wconf 84' lang='grc' dir='ltr'>καταλύειν,</span> <span class='ocrx_word' id='word_1_402' title='bbox 871 4619 982 4671; x_wconf 76' lang='grc' dir='ltr'>ἀλλ’</span> <span class='ocrx_word' id='word_1_403' title='bbox 1008 4619 1042 4689; x_wconf 77' lang='grc' dir='ltr'>ἢ</span> <span class='ocrx_word' id='word_1_404' title='bbox 1083 4621 1270 4683; x_wconf 73' lang='grc' dir='ltr'>νυκτὸς</span> <span class='ocrx_word' id='word_1_405' title='bbox 1296 4622 1670 4692; x_wconf 72' lang='grc' dir='ltr'>ἐπιλαϐούσης,</span> 
     </span>
    </p>
   </div>
   <div class='ocr_carea' id='block_1_53' title="bbox 105 4707 1672 4782">
    <p class='ocr_par' dir='ltr' id='par_1_53' title="bbox 105 4707 1672 4782">
     <span class='ocr_line' id='line_1_53' title="bbox 105 4707 1672 4782; baseline 0.004 -21"><span class='ocrx_word' id='word_1_406' title='bbox 105 4712 262 4781; x_wconf 76' lang='grc' dir='ltr'>αὐτῷ</span> <span class='ocrx_word' id='word_1_407' title='bbox 311 4708 677 4781; x_wconf 82' lang='grc' dir='ltr'>μεσονυκτίῳ,</span> <span class='ocrx_word' id='word_1_408' title='bbox 723 4708 817 4761; x_wconf 76' lang='grc' dir='ltr'>καὶ</span> <span class='ocrx_word' id='word_1_409' title='bbox 867 4707 900 4777; x_wconf 79' lang='grc' dir='ltr'>ἢ</span> <span class='ocrx_word' id='word_1_410' title='bbox 950 4709 1076 4777; x_wconf 73' lang='grc' dir='ltr'>περὶ</span> <span class='ocrx_word' id='word_1_411' title='bbox 1122 4709 1421 4779; x_wconf 81' lang='grc' dir='ltr'>ἀλεκτόρων</span> <span class='ocrx_word' id='word_1_412' title='bbox 1447 4710 1590 4779; x_wconf 84' lang='grc' dir='ltr'>βοὰς,</span> <span class='ocrx_word' id='word_1_413' title='bbox 1638 4711 1672 4782; x_wconf 76' lang='grc' dir='ltr'>ἢ</span> 
     </span>
    </p>
   </div>
   <div class='ocr_carea' id='block_1_54' title="bbox 103 4795 1670 4870">
    <p class='ocr_par' dir='ltr' id='par_1_54' title="bbox 103 4795 1670 4870">
     <span class='ocr_line' id='line_1_54' title="bbox 103 4795 1670 4870; baseline 0.001 -18"><span class='ocrx_word' id='word_1_414' title='bbox 103 4801 256 4870; x_wconf 65' lang='grc' dir='ltr'><strong>ἀμφὶ</strong></span> <span class='ocrx_word' id='word_1_415' title='bbox 278 4800 379 4852; x_wconf 80' lang='grc' dir='ltr'><strong>τὸν</strong></span> <span class='ocrx_word' id='word_1_416' title='bbox 408 4798 608 4870; x_wconf 73' lang='grc' dir='ltr'>ὄρθρον</span> <span class='ocrx_word' id='word_1_417' title='bbox 627 4814 641 4828; x_wconf 81' lang='grc'><em>’</em></span> <span class='ocrx_word' id='word_1_418' title='bbox 668 4795 808 4849; x_wconf 81' lang='grc' dir='ltr'>ὥστε</span> <span class='ocrx_word' id='word_1_419' title='bbox 837 4797 930 4849; x_wconf 76' lang='grc' dir='ltr'>καὶ</span> <span class='ocrx_word' id='word_1_420' title='bbox 955 4795 1011 4861; x_wconf 80' lang='grc' dir='ltr'><strong>ἑξ</strong></span> <span class='ocrx_word' id='word_1_421' title='bbox 1037 4797 1197 4849; x_wconf 78' lang='grc' dir='ltr'>αὐτοῦ</span> <span class='ocrx_word' id='word_1_422' title='bbox 1225 4797 1315 4850; x_wconf 80' lang='grc' dir='ltr'><strong>τοῦ</strong></span> <span class='ocrx_word' id='word_1_423' title='bbox 1340 4800 1670 4870; x_wconf 85' lang='grc' dir='ltr'>πράγματος,</span> 
     </span>
    </p>
   </div>
   <div class='ocr_carea' id='block_1_55' title="bbox 103 4885 1673 4959">
    <p class='ocr_par' dir='ltr' id='par_1_55' title="bbox 103 4885 1673 4959">
     <span class='ocr_line' id='line_1_55' title="bbox 103 4885 1673 4959; baseline -0.001 -16"><span class='ocrx_word' id='word_1_424' title='bbox 103 4891 202 4943; x_wconf 76' lang='grc' dir='ltr'><strong>καὶ</strong></span> <span class='ocrx_word' id='word_1_425' title='bbox 256 4892 330 4943; x_wconf 84' lang='grc' dir='ltr'><strong>ἑκ</strong></span> <span class='ocrx_word' id='word_1_426' title='bbox 372 4888 475 4959; x_wconf 83' lang='grc' dir='ltr'>τῆς</span> <span class='ocrx_word' id='word_1_427' title='bbox 526 4885 925 4958; x_wconf 81' lang='grc' dir='ltr'>κεκρατηκυίας</span> <span class='ocrx_word' id='word_1_428' title='bbox 956 4887 1013 4936; x_wconf 81' lang='grc' dir='ltr'>ὲν</span> <span class='ocrx_word' id='word_1_429' title='bbox 1050 4889 1165 4947; x_wconf 88' lang='grc' dir='ltr'>ταῖς</span> <span class='ocrx_word' id='word_1_430' title='bbox 1217 4888 1553 4959; x_wconf 84' lang='grc' dir='ltr'>Ἐκκλησίαις</span> <span class='ocrx_word' id='word_1_431' title='bbox 1580 4890 1673 4942; x_wconf 78' lang='grc' dir='ltr'><strong>τοῦ</strong></span> 
     </span>
    </p>
   </div>
   <div class='ocr_carea' id='block_1_56' title="bbox 101 4972 1675 5047">
    <p class='ocr_par' dir='ltr' id='par_1_56' title="bbox 101 4972 1675 5047">
     <span class='ocr_line' id='line_1_56' title="bbox 101 4972 1675 5047; baseline 0.001 -20"><span class='ocrx_word' id='word_1_432' title='bbox 101 4976 245 5031; x_wconf 77' lang='grc' dir='ltr'>θεοῦ</span> <span class='ocrx_word' id='word_1_433' title='bbox 295 4977 614 5047; x_wconf 84' lang='grc' dir='ltr'>συνηθείας,</span> <span class='ocrx_word' id='word_1_434' title='bbox 649 4975 741 5027; x_wconf 73' lang='grc' dir='ltr'>τὸν</span> <span class='ocrx_word' id='word_1_435' title='bbox 769 4974 857 5026; x_wconf 79' lang='grc' dir='ltr'><strong>διὰ</strong></span> <span class='ocrx_word' id='word_1_436' title='bbox 892 4972 982 5024; x_wconf 81' lang='grc' dir='ltr'>τοῦ</span> <span class='ocrx_word' id='word_1_437' title='bbox 1006 4973 1118 5039; x_wconf 73' lang='grc' dir='ltr'><strong>ὀψὲ</strong></span> <span class='ocrx_word' id='word_1_438' title='bbox 1143 4974 1446 5028; x_wconf 77' lang='grc' dir='ltr'>Σαϐϐάτων</span> <span class='ocrx_word' id='word_1_439' title='bbox 1493 4977 1675 5045; x_wconf 81' lang='grc' dir='ltr'>δηλού-</span> 
     </span>
    </p>
   </div>
   <div class='ocr_carea' id='block_1_57' title="bbox 105 5059 1673 5136">
    <p class='ocr_par' dir='ltr' id='par_1_57' title="bbox 105 5059 1673 5136">
     <span class='ocr_line' id='line_1_57' title="bbox 105 5059 1673 5136; baseline -0.001 -16"><span class='ocrx_word' id='word_1_440' title='bbox 105 5083 278 5133; x_wconf 84' lang='grc' dir='ltr'>μενον</span> <span class='ocrx_word' id='word_1_441' title='bbox 327 5065 548 5136; x_wconf 77' lang='grc' dir='ltr'>καιρὸν,</span> <span class='ocrx_word' id='word_1_442' title='bbox 595 5066 669 5135; x_wconf 81' lang='grc' dir='ltr'><strong>μὴ</strong></span> <span class='ocrx_word' id='word_1_443' title='bbox 710 5063 808 5132; x_wconf 84' lang='grc' dir='ltr'><strong>τὴν</strong></span> <span class='ocrx_word' id='word_1_444' title='bbox 852 5062 1135 5132; x_wconf 82' lang='grc' dir='ltr'>ἑσπερινὴν</span> <span class='ocrx_word' id='word_1_445' title='bbox 1166 5062 1309 5131; x_wconf 84' lang='grc' dir='ltr'>ὥραν</span> <span class='ocrx_word' id='word_1_446' title='bbox 1357 5059 1510 5128; x_wconf 78' lang='grc' dir='ltr'>εἶναι,</span> <span class='ocrx_word' id='word_1_447' title='bbox 1542 5065 1673 5118; x_wconf 86' lang='grc' dir='ltr'><strong>ἀλλά</strong></span> 
     </span>
    </p>
   </div>
   <div class='ocr_carea' id='block_1_58' title="bbox 103 5151 1674 5227">
    <p class='ocr_par' dir='ltr' id='par_1_58' title="bbox 103 5151 1674 5227">
     <span class='ocr_line' id='line_1_58' title="bbox 103 5151 1674 5227; baseline 0.001 -22"><span class='ocrx_word' id='word_1_448' title='bbox 103 5154 339 5227; x_wconf 80' lang='grc' dir='ltr'>ταύτην.</span> <span class='ocrx_word' id='word_1_449' title='bbox 371 5156 441 5226; x_wconf 72' lang='grc' dir='ltr'>ἢν</span> <span class='ocrx_word' id='word_1_450' title='bbox 461 5155 735 5217; x_wconf 86' lang='grc' dir='ltr'>Ματθαῖος</span> <span class='ocrx_word' id='word_1_451' title='bbox 752 5151 912 5212; x_wconf 80' lang='grc' dir='ltr'>αὐτὸς</span> <span class='ocrx_word' id='word_1_452' title='bbox 939 5151 1271 5221; x_wconf 80' lang='grc' dir='ltr'>παρέστησεν</span> <span class='ocrx_word' id='word_1_453' title='bbox 1289 5152 1453 5207; x_wconf 81' lang='grc' dir='ltr'>εἰπὼν</span> <span class='ocrx_word' id='word_1_454' title='bbox 1468 5153 1540 5221; x_wconf 82' lang='grc' dir='ltr'>τῇ</span> <span class='ocrx_word' id='word_1_455' title='bbox 1554 5155 1674 5208; x_wconf 82' lang='grc' dir='ltr'>ἐπι-</span> 
     </span>
    </p>
   </div>
   <div class='ocr_carea' id='block_1_59' title="bbox 103 5240 1673 5313">
    <p class='ocr_par' dir='ltr' id='par_1_59' title="bbox 103 5240 1673 5313">
     <span class='ocr_line' id='line_1_59' title="bbox 103 5240 1673 5313; baseline -0.002 -13"><span class='ocrx_word' id='word_1_456' title='bbox 103 5248 457 5313; x_wconf 64' lang='grc' dir='ltr'>φωσκούσῃ</span> <span class='ocrx_word' id='word_1_457' title='bbox 483 5249 570 5309; x_wconf 83' lang='grc' dir='ltr'><strong>εις</strong></span> <span class='ocrx_word' id='word_1_458' title='bbox 585 5246 734 5312; x_wconf 75' lang='grc' dir='ltr'>μίαν</span> <span class='ocrx_word' id='word_1_459' title='bbox 764 5240 1087 5295; x_wconf 77' lang='grc' dir='ltr'>Σασσάτων.</span> <span class='ocrx_word' id='word_1_460' title='bbox 1114 5242 1245 5294; x_wconf 81' lang='grc' dir='ltr'><strong>Οὐδὲ</strong></span> <span class='ocrx_word' id='word_1_461' title='bbox 1269 5242 1374 5312; x_wconf 81' lang='grc' dir='ltr'>γὰρ</span> <span class='ocrx_word' id='word_1_462' title='bbox 1395 5242 1545 5310; x_wconf 91' lang='grc' dir='ltr'>λόγον</span> <span class='ocrx_word' id='word_1_463' title='bbox 1564 5242 1673 5313; x_wconf 77' lang='grc' dir='ltr'>εἶχε</span> 
     </span>
    </p>
   </div>
   <div class='ocr_carea' id='block_1_60' title="bbox 107 5328 1673 5406">
    <p class='ocr_par' dir='ltr' id='par_1_60' title="bbox 107 5328 1673 5406">
     <span class='ocr_line' id='line_1_60' title="bbox 107 5328 1673 5406; baseline 0 -19"><span class='ocrx_word' id='word_1_464' title='bbox 107 5336 251 5389; x_wconf 77' lang='grc' dir='ltr'>κατὰ</span> <span class='ocrx_word' id='word_1_465' title='bbox 276 5336 387 5406; x_wconf 79' lang='grc' dir='ltr'>τὴν</span> <span class='ocrx_word' id='word_1_466' title='bbox 415 5335 655 5405; x_wconf 81' lang='grc' dir='ltr'>ἑσπέραν</span> <span class='ocrx_word' id='word_1_467' title='bbox 684 5331 778 5383; x_wconf 78' lang='grc' dir='ltr'>τοῦ</span> <span class='ocrx_word' id='word_1_468' title='bbox 808 5328 1077 5381; x_wconf 75' lang='grc' dir='ltr'>Σαϐϐάτου</span> <span class='ocrx_word' id='word_1_469' title='bbox 1106 5330 1353 5383; x_wconf 79' lang='grc' dir='ltr'>τοιούτων</span> <span class='ocrx_word' id='word_1_470' title='bbox 1391 5332 1673 5402; x_wconf 86' lang='grc' dir='ltr'>θαυμάτων</span> 
     </span>
    </p>
   </div>
   <div class='ocr_carea' id='block_1_61' title="bbox 107 5415 1672 5493">
    <p class='ocr_par' dir='ltr' id='par_1_61' title="bbox 107 5415 1672 5493">
     <span class='ocr_line' id='line_1_61' title="bbox 107 5415 1672 5493; baseline -0.001 -19"><span class='ocrx_word' id='word_1_471' title='bbox 107 5423 254 5490; x_wconf 72' lang='grc' dir='ltr'>ἀμφὶ</span> <span class='ocrx_word' id='word_1_472' title='bbox 290 5423 361 5475; x_wconf 80' lang='grc' dir='ltr'><strong>τὸ</strong></span> <span class='ocrx_word' id='word_1_473' title='bbox 402 5423 671 5493; x_wconf 86' lang='grc' dir='ltr'>μνημεῖον</span> <span class='ocrx_word' id='word_1_474' title='bbox 700 5415 792 5469; x_wconf 78' lang='grc' dir='ltr'><strong>τοῦ</strong></span> <span class='ocrx_word' id='word_1_475' title='bbox 826 5415 1074 5483; x_wconf 82' lang='grc' dir='ltr'>Σωτῆρος</span> <span class='ocrx_word' id='word_1_476' title='bbox 1113 5417 1563 5488; x_wconf 84' lang='grc' dir='ltr'>ἀποτελουμένων,</span> <span class='ocrx_word' id='word_1_477' title='bbox 1598 5421 1672 5492; x_wconf 81' lang='grc' dir='ltr'>μὴ</span> 
     </span>
    </p>
   </div>
   <div class='ocr_carea' id='block_1_62' title="bbox 109 5500 1670 5578">
    <p class='ocr_par' dir='ltr' id='par_1_62' title="bbox 109 5500 1670 5578">
     <span class='ocr_line' id='line_1_62' title="bbox 109 5500 1670 5578; baseline -0.002 -18"><span class='ocrx_word' id='word_1_478' title='bbox 109 5509 230 5578; x_wconf 65' lang='grc' dir='ltr'><strong>οὐχὶ</strong></span> <span class='ocrx_word' id='word_1_479' title='bbox 261 5510 480 5571; x_wconf 80' lang='grc' dir='ltr'>πάντας</span> <span class='ocrx_word' id='word_1_480' title='bbox 510 5507 643 5565; x_wconf 80' lang='grc' dir='ltr'>τοὺς</span> <span class='ocrx_word' id='word_1_481' title='bbox 677 5503 772 5569; x_wconf 84' lang='grc' dir='ltr'>τὴν</span> <span class='ocrx_word' id='word_1_482' title='bbox 805 5500 955 5551; x_wconf 79' lang='grc' dir='ltr'>πόλιν</span> <span class='ocrx_word' id='word_1_483' title='bbox 980 5500 1256 5563; x_wconf 75' lang='grc' dir='ltr'>οἰκοῦντας</span> <span class='ocrx_word' id='word_1_484' title='bbox 1288 5502 1472 5571; x_wconf 85' lang='grc' dir='ltr'>μαθεῖν</span> <span class='ocrx_word' id='word_1_485' title='bbox 1494 5503 1560 5556; x_wconf 74' lang='grc' dir='ltr'>τὰ</span> <span class='ocrx_word' id='word_1_486' title='bbox 1587 5501 1670 5570; x_wconf 80' lang='grc' dir='ltr'>γι-</span> 
     </span>
    </p>
   </div>
   <div class='ocr_carea' id='block_1_63' title="bbox 176 5652 727 5739">
    <p class='ocr_par' dir='ltr' id='par_1_63' title="bbox 176 5652 727 5739">
     <span class='ocr_line' id='line_1_63' title="bbox 176 5652 727 5739; baseline -0.005 -13"><span class='ocrx_word' id='word_1_487' title='bbox 176 5683 294 5738; x_wconf 72' lang='grc' dir='ltr'><strong>(3οὶ</strong></span> <span class='ocrx_word' id='word_1_488' title='bbox 336 5683 467 5739; x_wconf 86' lang='lat' dir='ltr'><strong>Cod.</strong></span> <span class='ocrx_word' id='word_1_489' title='bbox 501 5652 727 5732; x_wconf 69' lang='grc' dir='ltr'><strong>δτζλοῡν.</strong></span> 
     </span>
    </p>
   </div>
   <div class='ocr_carea' id='block_1_64' title="bbox 1796 592 3327 671">
    <p class='ocr_par' dir='ltr' id='par_1_64' title="bbox 1796 592 3327 671">
     <span class='ocr_line' id='line_1_64' title="bbox 1796 592 3327 671; baseline 0.007 -27"><span class='ocrx_word' id='word_1_490' title='bbox 1796 604 1918 644; x_wconf 89' lang='lat' dir='ltr'><strong>sero</strong></span> <span class='ocrx_word' id='word_1_491' title='bbox 1947 592 2222 660; x_wconf 84' lang='lat' dir='ltr'><strong>temporis,</strong></span> <span class='ocrx_word' id='word_1_492' title='bbox 2250 599 2303 646; x_wconf 89' lang='lat' dir='ltr'><strong>et</strong></span> <span class='ocrx_word' id='word_1_493' title='bbox 2332 593 2506 647; x_wconf 82' lang='lat' dir='ltr'><strong>serius</strong></span> <span class='ocrx_word' id='word_1_494' title='bbox 2535 608 2693 662; x_wconf 88' lang='lat' dir='ltr'><strong>quam</strong></span> <span class='ocrx_word' id='word_1_495' title='bbox 2736 597 2813 650; x_wconf 90' lang='lat' dir='ltr'><strong>rei</strong></span> <span class='ocrx_word' id='word_1_496' title='bbox 2845 613 2977 671; x_wconf 84' lang='lat' dir='ltr'><strong>psus</strong></span> <span class='ocrx_word' id='word_1_497' title='bbox 2996 601 3327 667; x_wconf 86' lang='lat' dir='ltr'><strong>postulavis-</strong></span> 
     </span>
    </p>
   </div>
   <div class='ocr_carea' id='block_1_65' title="bbox 1795 679 3327 756">
    <p class='ocr_par' dir='ltr' id='par_1_65' title="bbox 1795 679 3327 756">
     <span class='ocr_line' id='line_1_65' title="bbox 1795 679 3327 756; baseline 0.005 -25"><span class='ocrx_word' id='word_1_498' title='bbox 1795 687 1907 745; x_wconf 88' lang='lat' dir='ltr'><strong>set;</strong></span> <span class='ocrx_word' id='word_1_499' title='bbox 1947 694 2118 749; x_wconf 89' lang='lat' dir='ltr'><strong>neque</strong></span> <span class='ocrx_word' id='word_1_500' title='bbox 2150 679 2349 735; x_wconf 83' lang='lat' dir='ltr'><strong>idcirco</strong></span> <span class='ocrx_word' id='word_1_501' title='bbox 2374 696 2649 751; x_wconf 84' lang='lat' dir='ltr'><strong>vesperam</strong></span> <span class='ocrx_word' id='word_1_502' title='bbox 2702 684 3062 753; x_wconf 84' lang='lat' dir='ltr'><strong>signiﬁcamus</strong></span> <span class='ocrx_word' id='word_1_503' title='bbox 3084 726 3102 751; x_wconf 91' lang='lat'><strong>,</strong></span> <span class='ocrx_word' id='word_1_504' title='bbox 3153 704 3327 756; x_wconf 87' lang='lat' dir='ltr'><strong>neque</strong></span> 
     </span>
    </p>
   </div>
   <div class='ocr_carea' id='block_1_66' title="bbox 1794 772 3328 848">
    <p class='ocr_par' dir='ltr' id='par_1_66' title="bbox 1794 772 3328 848">
     <span class='ocr_line' id='line_1_66' title="bbox 1794 772 3328 848; baseline 0.007 -28"><span class='ocrx_word' id='word_1_505' title='bbox 1794 776 2002 838; x_wconf 80' lang='lat' dir='ltr'><strong>tempus</strong></span> <span class='ocrx_word' id='word_1_506' title='bbox 2033 778 2153 839; x_wconf 90' lang='lat' dir='ltr'><strong>post</strong></span> <span class='ocrx_word' id='word_1_507' title='bbox 2208 772 2339 827; x_wconf 88' lang='lat' dir='ltr'><strong>solis</strong></span> <span class='ocrx_word' id='word_1_508' title='bbox 2380 786 2654 836; x_wconf 84' lang='lat' dir='ltr'><strong>occasum,</strong></span> <span class='ocrx_word' id='word_1_509' title='bbox 2683 774 2775 829; x_wconf 90' lang='lat' dir='ltr'><strong>sed</strong></span> <span class='ocrx_word' id='word_1_510' title='bbox 2813 777 2953 843; x_wconf 88' lang='lat' dir='ltr'><strong>quod</strong></span> <span class='ocrx_word' id='word_1_511' title='bbox 3005 793 3328 848; x_wconf 78' lang='lat' dir='ltr'><strong>magnopere</strong></span> 
     </span>
    </p>
   </div>
   <div class='ocr_carea' id='block_1_67' title="bbox 1795 858 3327 931">
    <p class='ocr_par' dir='ltr' id='par_1_67' title="bbox 1795 858 3327 931">
     <span class='ocr_line' id='line_1_67' title="bbox 1795 858 3327 931; baseline 0.006 -19"><span class='ocrx_word' id='word_1_512' title='bbox 1795 874 1973 913; x_wconf 91' lang='lat' dir='ltr'><strong>serum</strong></span> <span class='ocrx_word' id='word_1_513' title='bbox 2022 860 2110 913; x_wconf 90' lang='lat' dir='ltr'><strong>sit.</strong></span> <span class='ocrx_word' id='word_1_514' title='bbox 2154 858 2329 925; x_wconf 83' lang='lat' dir='ltr'><strong>Quare</strong></span> <span class='ocrx_word' id='word_1_515' title='bbox 2355 878 2415 917; x_wconf 89' lang='lat' dir='ltr'><strong>se</strong></span> <span class='ocrx_word' id='word_1_516' title='bbox 2444 862 2616 931; x_wconf 87' lang='lat' dir='ltr'><strong>ipsum</strong></span> <span class='ocrx_word' id='word_1_517' title='bbox 2650 863 2813 917; x_wconf 88' lang='lat' dir='ltr'><strong>veluti</strong></span> <span class='ocrx_word' id='word_1_518' title='bbox 2853 864 3130 923; x_wconf 69' lang='lat' dir='ltr'><strong>Mattbaeus</strong></span> <span class='ocrx_word' id='word_1_519' title='bbox 3159 870 3327 923; x_wconf 85' lang='lat' dir='ltr'><strong>inter—</strong></span> 
     </span>
    </p>
   </div>
   <div class='ocr_carea' id='block_1_68' title="bbox 1793 952 3327 1027">
    <p class='ocr_par' dir='ltr' id='par_1_68' title="bbox 1793 952 3327 1027">
     <span class='ocr_line' id='line_1_68' title="bbox 1793 952 3327 1027; baseline 0.005 -22"><span class='ocrx_word' id='word_1_520' title='bbox 1793 958 2009 1019; x_wconf 89' lang='lat' dir='ltr'><strong>pretans</strong></span> <span class='ocrx_word' id='word_1_521' title='bbox 2062 958 2342 1020; x_wconf 85' lang='lat' dir='ltr'><strong>postquam</strong></span> <span class='ocrx_word' id='word_1_522' title='bbox 2385 952 2519 1006; x_wconf 80' lang='lat' dir='ltr'><strong>dixit</strong></span> <span class='ocrx_word' id='word_1_523' title='bbox 2547 968 2666 1008; x_wconf 89' lang='lat' dir='ltr'><strong>sero</strong></span> <span class='ocrx_word' id='word_1_524' title='bbox 2694 952 3039 1008; x_wconf 82' lang='lat' dir='ltr'><strong>Sabbatorum</strong></span> <span class='ocrx_word' id='word_1_525' title='bbox 3061 994 3076 1018; x_wconf 90' lang='lat'><strong>,</strong></span> <span class='ocrx_word' id='word_1_526' title='bbox 3120 960 3193 1011; x_wconf 92' lang='lat' dir='ltr'><strong>ait</strong></span> <span class='ocrx_word' id='word_1_527' title='bbox 3211 976 3327 1027; x_wconf 75' lang='lat' dir='ltr'><strong>qua:</strong></span> 
     </span>
    </p>
   </div>
   <div class='ocr_carea' id='block_1_69' title="bbox 1791 1039 3327 1116">
    <p class='ocr_par' dir='ltr' id='par_1_69' title="bbox 1791 1039 3327 1116">
     <span class='ocr_line' id='line_1_69' title="bbox 1791 1039 3327 1116; baseline 0.007 -26"><span class='ocrx_word' id='word_1_528' title='bbox 1791 1039 2060 1102; x_wconf 77' lang='lat' dir='ltr'><strong>illucescit,</strong></span> <span class='ocrx_word' id='word_1_529' title='bbox 2089 1055 2277 1108; x_wconf 84' lang='lat' dir='ltr'><strong>nempe</strong></span> <span class='ocrx_word' id='word_1_530' title='bbox 2316 1040 2448 1093; x_wconf 89' lang='lat' dir='ltr'><strong>hora</strong></span> <span class='ocrx_word' id='word_1_531' title='bbox 2476 1056 2594 1109; x_wconf 57' lang='lat' dir='ltr'><strong>qua:</strong></span> <span class='ocrx_word' id='word_1_532' title='bbox 2622 1042 2873 1111; x_wconf 84' lang='lat' dir='ltr'><strong>deinceps</strong></span> <span class='ocrx_word' id='word_1_533' title='bbox 2902 1044 3119 1098; x_wconf 84' lang='lat' dir='ltr'><strong>suberat</strong></span> <span class='ocrx_word' id='word_1_534' title='bbox 3166 1056 3327 1116; x_wconf 87' lang='lat' dir='ltr'><strong>atque</strong></span> 
     </span>
    </p>
   </div>
   <div class='ocr_carea' id='block_1_70' title="bbox 1792 1130 3324 1204">
    <p class='ocr_par' dir='ltr' id='par_1_70' title="bbox 1792 1130 3324 1204">
     <span class='ocr_line' id='line_1_70' title="bbox 1792 1130 3324 1204; baseline 0.005 -22"><span class='ocrx_word' id='word_1_535' title='bbox 1792 1130 2131 1184; x_wconf 87' lang='lat' dir='ltr'><strong>illucescebat</strong></span> <span class='ocrx_word' id='word_1_536' title='bbox 2159 1132 2211 1184; x_wconf 90' lang='lat' dir='ltr'><strong>in</strong></span> <span class='ocrx_word' id='word_1_537' title='bbox 2233 1131 2369 1185; x_wconf 90' lang='lat' dir='ltr'><strong>diem</strong></span> <span class='ocrx_word' id='word_1_538' title='bbox 2404 1130 2774 1198; x_wconf 92' lang='lat' dir='ltr'><strong>Dominicum;</strong></span> <span class='ocrx_word' id='word_1_539' title='bbox 2812 1148 2932 1201; x_wconf 71' lang='lat' dir='ltr'><strong>qua:</strong></span> <span class='ocrx_word' id='word_1_540' title='bbox 2982 1150 3169 1203; x_wconf 88' lang='lat' dir='ltr'><strong>nempe</strong></span> <span class='ocrx_word' id='word_1_541' title='bbox 3213 1138 3324 1204; x_wconf 84' lang='lat' dir='ltr'><strong>jam</strong></span> 
     </span>
    </p>
   </div>
   <div class='ocr_carea' id='block_1_71' title="bbox 1791 1220 3326 1290">
    <p class='ocr_par' dir='ltr' id='par_1_71' title="bbox 1791 1220 3326 1290">
     <span class='ocr_line' id='line_1_71' title="bbox 1791 1220 3326 1290; baseline 0.003 -17"><span class='ocrx_word' id='word_1_542' title='bbox 1791 1233 1907 1273; x_wconf 82' lang='lat' dir='ltr'><strong>sera</strong></span> <span class='ocrx_word' id='word_1_543' title='bbox 1929 1227 2044 1273; x_wconf 90' lang='lat' dir='ltr'><strong>erat</strong></span> <span class='ocrx_word' id='word_1_544' title='bbox 2070 1227 2123 1273; x_wconf 89' lang='lat' dir='ltr'><strong>et</strong></span> <span class='ocrx_word' id='word_1_545' title='bbox 2152 1221 2360 1289; x_wconf 90' lang='lat' dir='ltr'><strong>longius</strong></span> <span class='ocrx_word' id='word_1_546' title='bbox 2400 1235 2429 1272; x_wconf 90' lang='lat' dir='ltr'><strong>a</strong></span> <span class='ocrx_word' id='word_1_547' title='bbox 2454 1220 2687 1274; x_wconf 90' lang='lat' dir='ltr'><strong>Sabbato</strong></span> <span class='ocrx_word' id='word_1_548' title='bbox 2715 1222 2915 1290; x_wconf 89' lang='lat' dir='ltr'><strong>elapsa.</strong></span> <span class='ocrx_word' id='word_1_549' title='bbox 2944 1221 2999 1276; x_wconf 88' lang='lat' dir='ltr'><strong>ld</strong></span> <span class='ocrx_word' id='word_1_550' title='bbox 3034 1240 3159 1277; x_wconf 84' lang='lat' dir='ltr'><strong>vero</strong></span> <span class='ocrx_word' id='word_1_551' title='bbox 3191 1236 3326 1279; x_wconf 83' lang='lat' dir='ltr'><strong>tem-</strong></span> 
     </span>
    </p>
   </div>
   <div class='ocr_carea' id='block_1_72' title="bbox 1790 1307 3325 1379">
    <p class='ocr_par' dir='ltr' id='par_1_72' title="bbox 1790 1307 3325 1379">
     <span class='ocr_line' id='line_1_72' title="bbox 1790 1307 3325 1379; baseline 0.004 -19"><span class='ocrx_word' id='word_1_552' title='bbox 1790 1324 1891 1377; x_wconf 86' lang='lat' dir='ltr'><strong>pus</strong></span> <span class='ocrx_word' id='word_1_553' title='bbox 1920 1323 1947 1359; x_wconf 88' lang='lat' dir='ltr'><strong>a</strong></span> <span class='ocrx_word' id='word_1_554' title='bbox 1985 1307 2272 1377; x_wconf 64' lang='lat' dir='ltr'><strong>Scriptura:</strong></span> <span class='ocrx_word' id='word_1_555' title='bbox 2292 1312 2611 1379; x_wconf 73' lang='lat' dir='ltr'><strong>evangelicae</strong></span> <span class='ocrx_word' id='word_1_556' title='bbox 2636 1313 2921 1379; x_wconf 86' lang='lat' dir='ltr'><strong>interprete</strong></span> <span class='ocrx_word' id='word_1_557' title='bbox 2949 1330 3061 1367; x_wconf 79' lang='lat' dir='ltr'><strong>sero</strong></span> <span class='ocrx_word' id='word_1_558' title='bbox 3111 1314 3325 1368; x_wconf 80' lang='lat' dir='ltr'><strong>Sabbati</strong></span> 
     </span>
    </p>
   </div>
   <div class='ocr_carea' id='block_1_73' title="bbox 1791 1400 3323 1470">
    <p class='ocr_par' dir='ltr' id='par_1_73' title="bbox 1791 1400 3323 1470">
     <span class='ocr_line' id='line_1_73' title="bbox 1791 1400 3323 1470; baseline 0.003 -18"><span class='ocrx_word' id='word_1_559' title='bbox 1791 1402 2107 1468; x_wconf 82' lang='lat' dir='ltr'><strong>appellatum</strong></span> <span class='ocrx_word' id='word_1_560' title='bbox 2150 1409 2252 1454; x_wconf 88' lang='lat' dir='ltr'><strong>est.</strong></span> <span class='ocrx_word' id='word_1_561' title='bbox 2302 1400 2541 1469; x_wconf 84' lang='lat' dir='ltr'><strong>Namque</strong></span> <span class='ocrx_word' id='word_1_562' title='bbox 2588 1403 2702 1470; x_wconf 90' lang='lat' dir='ltr'><strong>ipse</strong></span> <span class='ocrx_word' id='word_1_563' title='bbox 2753 1403 3030 1457; x_wconf 64' lang='lat' dir='ltr'><strong>Mattbazus</strong></span> <span class='ocrx_word' id='word_1_564' title='bbox 3064 1404 3323 1458; x_wconf 80' lang='lat' dir='ltr'><strong>Hebraica</strong></span> 
     </span>
    </p>
   </div>
   <div class='ocr_carea' id='block_1_74' title="bbox 1790 1490 3324 1561">
    <p class='ocr_par' dir='ltr' id='par_1_74' title="bbox 1790 1490 3324 1561">
     <span class='ocr_line' id='line_1_74' title="bbox 1790 1490 3324 1561; baseline 0.002 -18"><span class='ocrx_word' id='word_1_565' title='bbox 1790 1491 1967 1560; x_wconf 76' lang='lat' dir='ltr'><strong>lingua</strong></span> <span class='ocrx_word' id='word_1_566' title='bbox 1994 1490 2160 1544; x_wconf 84' lang='lat' dir='ltr'><strong>edidit</strong></span> <span class='ocrx_word' id='word_1_567' title='bbox 2190 1490 2562 1561; x_wconf 85' lang='lat' dir='ltr'><strong>Evangelium;</strong></span> <span class='ocrx_word' id='word_1_568' title='bbox 2597 1493 2665 1547; x_wconf 85' lang='lat' dir='ltr'><strong>ab</strong></span> <span class='ocrx_word' id='word_1_569' title='bbox 2686 1507 2749 1547; x_wconf 91' lang='lat' dir='ltr'><strong>eo</strong></span> <span class='ocrx_word' id='word_1_570' title='bbox 2770 1502 2947 1545; x_wconf 89' lang='lat' dir='ltr'><strong>autem</strong></span> <span class='ocrx_word' id='word_1_571' title='bbox 2974 1494 3062 1561; x_wconf 89' lang='lat' dir='ltr'><strong>qui</strong></span> <span class='ocrx_word' id='word_1_572' title='bbox 3096 1494 3150 1545; x_wconf 90' lang='lat' dir='ltr'><strong>in</strong></span> <span class='ocrx_word' id='word_1_573' title='bbox 3177 1491 3324 1546; x_wconf 65' lang='lat' dir='ltr'><strong>Grie—</strong></span> 
     </span>
    </p>
   </div>
   <div class='ocr_carea' id='block_1_75' title="bbox 1791 1583 3324 1645">
    <p class='ocr_par' dir='ltr' id='par_1_75' title="bbox 1791 1583 3324 1645">
     <span class='ocr_line' id='line_1_75' title="bbox 1791 1583 3324 1645; baseline 0.001 -10"><span class='ocrx_word' id='word_1_574' title='bbox 1791 1595 1906 1635; x_wconf 91' lang='lat' dir='ltr'><strong>cam</strong></span> <span class='ocrx_word' id='word_1_575' title='bbox 1937 1583 2231 1645; x_wconf 89' lang='lat' dir='ltr'><strong>transtulit,</strong></span> <span class='ocrx_word' id='word_1_576' title='bbox 2264 1583 2581 1639; x_wconf 85' lang='lat' dir='ltr'><strong>illucescens</strong></span> <span class='ocrx_word' id='word_1_577' title='bbox 2632 1584 2765 1637; x_wconf 86' lang='lat' dir='ltr'><strong>hora</strong></span> <span class='ocrx_word' id='word_1_578' title='bbox 2808 1584 2863 1636; x_wconf 92' lang='lat' dir='ltr'><strong>in</strong></span> <span class='ocrx_word' id='word_1_579' title='bbox 2892 1584 3033 1636; x_wconf 91' lang='lat' dir='ltr'><strong>diem</strong></span> <span class='ocrx_word' id='word_1_580' title='bbox 3088 1583 3324 1637; x_wconf 89' lang='lat' dir='ltr'><strong>Domini-</strong></span> 
     </span>
    </p>
   </div>
   <div class='ocr_carea' id='block_1_76' title="bbox 1790 1670 3323 1741">
    <p class='ocr_par' dir='ltr' id='par_1_76' title="bbox 1790 1670 3323 1741">
     <span class='ocr_line' id='line_1_76' title="bbox 1790 1670 3323 1741; baseline 0.001 -18"><span class='ocrx_word' id='word_1_581' title='bbox 1790 1684 1910 1723; x_wconf 91' lang='lat' dir='ltr'><strong>cum</strong></span> <span class='ocrx_word' id='word_1_582' title='bbox 1939 1710 1953 1733; x_wconf 92' lang='lat'><strong>,</strong></span> <span class='ocrx_word' id='word_1_583' title='bbox 1994 1688 2107 1725; x_wconf 79' lang='lat' dir='ltr'><strong>sero</strong></span> <span class='ocrx_word' id='word_1_584' title='bbox 2129 1670 2474 1726; x_wconf 81' lang='lat' dir='ltr'><strong>Sabbatorum</strong></span> <span class='ocrx_word' id='word_1_585' title='bbox 2513 1674 2771 1741; x_wconf 88' lang='lat' dir='ltr'><strong>appellata</strong></span> <span class='ocrx_word' id='word_1_586' title='bbox 2798 1673 2895 1725; x_wconf 77' lang='lat' dir='ltr'><strong>fuit</strong></span> <span class='ocrx_word' id='word_1_587' title='bbox 2927 1692 2939 1725; x_wconf 88' lang='lat'><strong>:</strong></span> <span class='ocrx_word' id='word_1_588' title='bbox 2971 1673 3044 1725; x_wconf 88' lang='lat' dir='ltr'><strong>ita</strong></span> <span class='ocrx_word' id='word_1_589' title='bbox 3074 1681 3132 1726; x_wconf 90' lang='lat' dir='ltr'><strong>ut</strong></span> <span class='ocrx_word' id='word_1_590' title='bbox 3181 1672 3323 1725; x_wconf 85' lang='lat' dir='ltr'><strong>idem</strong></span> 
     </span>
    </p>
   </div>
   <div class='ocr_carea' id='block_1_77' title="bbox 1793 1761 3319 1831">
    <p class='ocr_par' dir='ltr' id='par_1_77' title="bbox 1793 1761 3319 1831">
     <span class='ocr_line' id='line_1_77' title="bbox 1793 1761 3319 1831; baseline 0.001 -19"><span class='ocrx_word' id='word_1_591' title='bbox 1793 1761 1901 1815; x_wconf 79' lang='lat' dir='ltr'><strong>fere</strong></span> <span class='ocrx_word' id='word_1_592' title='bbox 1930 1769 2140 1829; x_wconf 84' lang='lat' dir='ltr'><strong>tempus</strong></span> <span class='ocrx_word' id='word_1_593' title='bbox 2162 1762 2510 1831; x_wconf 76' lang='lat' dir='ltr'><strong>intelligatur,</strong></span> <span class='ocrx_word' id='word_1_594' title='bbox 2536 1771 2628 1815; x_wconf 87' lang='lat' dir='ltr'><strong>aut</strong></span> <span class='ocrx_word' id='word_1_595' title='bbox 2661 1762 2812 1815; x_wconf 80' lang='lat' dir='ltr'><strong>valde</strong></span> <span class='ocrx_word' id='word_1_596' title='bbox 2836 1762 3156 1830; x_wconf 74' lang='lat' dir='ltr'><strong>proximum,</strong></span> <span class='ocrx_word' id='word_1_597' title='bbox 3178 1761 3319 1829; x_wconf 88' lang='lat' dir='ltr'><strong>apud</strong></span> 
     </span>
    </p>
   </div>
   <div class='ocr_carea' id='block_1_78' title="bbox 1787 1852 3324 1920">
    <p class='ocr_par' dir='ltr' id='par_1_78' title="bbox 1787 1852 3324 1920">
     <span class='ocr_line' id='line_1_78' title="bbox 1787 1852 3324 1920; baseline 0 -18"><span class='ocrx_word' id='word_1_598' title='bbox 1787 1853 2141 1919; x_wconf 81' lang='lat' dir='ltr'><strong>erangelistas</strong></span> <span class='ocrx_word' id='word_1_599' title='bbox 2194 1852 2421 1906; x_wconf 86' lang='lat' dir='ltr'><strong>diversis</strong></span> <span class='ocrx_word' id='word_1_600' title='bbox 2467 1852 2774 1906; x_wconf 82' lang='lat' dir='ltr'><strong>nominibus</strong></span> <span class='ocrx_word' id='word_1_601' title='bbox 2817 1852 3187 1920; x_wconf 75' lang='lat' dir='ltr'><strong>designatum:</strong></span> <span class='ocrx_word' id='word_1_602' title='bbox 3240 1852 3324 1903; x_wconf 88' lang='lat' dir='ltr'><strong>ni-</strong></span> 
     </span>
    </p>
   </div>
   <div class='ocr_carea' id='block_1_79' title="bbox 1788 1938 3322 2008">
    <p class='ocr_par' dir='ltr' id='par_1_79' title="bbox 1788 1938 3322 2008">
     <span class='ocr_line' id='line_1_79' title="bbox 1788 1938 3322 2008; baseline 0 -16"><span class='ocrx_word' id='word_1_603' title='bbox 1788 1939 1967 2008; x_wconf 87' lang='lat' dir='ltr'><strong>hilque</strong></span> <span class='ocrx_word' id='word_1_604' title='bbox 1989 1940 2196 1996; x_wconf 85' lang='lat' dir='ltr'><strong>ditl&#39;erat</strong></span> <span class='ocrx_word' id='word_1_605' title='bbox 2223 1940 2502 1994; x_wconf 67' lang='lat' dir='ltr'><strong>Matthaaus</strong></span> <span class='ocrx_word' id='word_1_606' title='bbox 2526 1941 2744 1995; x_wconf 88' lang='lat' dir='ltr'><strong>dicens:</strong></span> <span class='ocrx_word' id='word_1_607' title='bbox 2778 1958 2796 1990; x_wconf 77' lang='grc' dir='ltr'>ι</span> <span class='ocrx_word' id='word_1_608' title='bbox 2828 1938 2960 1993; x_wconf 88' lang='lat' dir='ltr'><strong>Sero</strong></span> <span class='ocrx_word' id='word_1_609' title='bbox 2981 1948 3156 1993; x_wconf 91' lang='lat' dir='ltr'><strong>autem</strong></span> <span class='ocrx_word' id='word_1_610' title='bbox 3185 1938 3322 1992; x_wconf 55' lang='lat' dir='ltr'><strong>Sabo</strong></span> 
     </span>
    </p>
   </div>
   <div class='ocr_carea' id='block_1_80' title="bbox 1788 2031 3321 2099">
    <p class='ocr_par' dir='ltr' id='par_1_80' title="bbox 1788 2031 3321 2099">
     <span class='ocr_line' id='line_1_80' title="bbox 1788 2031 3321 2099; baseline -0.003 -15"><span class='ocrx_word' id='word_1_611' title='bbox 1788 2031 2050 2094; x_wconf 88' lang='lat' dir='ltr'><strong>batorum,</strong></span> <span class='ocrx_word' id='word_1_612' title='bbox 2074 2047 2192 2099; x_wconf 67' lang='lat' dir='ltr'><strong>qua:</strong></span> <span class='ocrx_word' id='word_1_613' title='bbox 2226 2032 2447 2085; x_wconf 86' lang='lat' dir='ltr'><strong>lucescit</strong></span> <span class='ocrx_word' id='word_1_614' title='bbox 2475 2034 2527 2085; x_wconf 89' lang='lat' dir='ltr'><strong>in</strong></span> <span class='ocrx_word' id='word_1_615' title='bbox 2555 2046 2714 2084; x_wconf 88' lang='lat' dir='ltr'><strong>unam</strong></span> <span class='ocrx_word' id='word_1_616' title='bbox 2746 2031 3098 2085; x_wconf 87' lang='lat' dir='ltr'><strong>Sabbatorum</strong></span> <span class='ocrx_word' id='word_1_617' title='bbox 3119 2069 3133 2091; x_wconf 91' lang='lat'><strong>,</strong></span> <span class='ocrx_word' id='word_1_618' title='bbox 3178 2033 3321 2082; x_wconf 89' lang='lat' dir='ltr'><strong>venit</strong></span> 
     </span>
    </p>
   </div>
   <div class='ocr_carea' id='block_1_81' title="bbox 1789 2118 3418 2189">
    <p class='ocr_par' dir='ltr' id='par_1_81' title="bbox 1789 2118 3418 2189">
     <span class='ocr_line' id='line_1_81' title="bbox 1789 2118 3418 2189; baseline -0.001 -18"><span class='ocrx_word' id='word_1_619' title='bbox 1789 2118 1952 2173; x_wconf 80' lang='lat' dir='ltr'><strong>Maria</strong></span> <span class='ocrx_word' id='word_1_620' title='bbox 2003 2121 2348 2189; x_wconf 79' lang='lat' dir='ltr'><strong>Magdalena,</strong></span> <span class='ocrx_word' id='word_1_621' title='bbox 2406 2129 2459 2173; x_wconf 90' lang='lat' dir='ltr'><strong>et</strong></span> <span class='ocrx_word' id='word_1_622' title='bbox 2488 2122 2650 2175; x_wconf 85' lang='lat' dir='ltr'><strong>altera</strong></span> <span class='ocrx_word' id='word_1_623' title='bbox 2700 2120 2863 2173; x_wconf 81' lang='lat' dir='ltr'><strong>Maria</strong></span> <span class='ocrx_word' id='word_1_624' title='bbox 2906 2121 3083 2173; x_wconf 81' lang='lat' dir='ltr'><strong>videre</strong></span> <span class='ocrx_word' id='word_1_625' title='bbox 3143 2120 3321 2187; x_wconf 85' lang='lat' dir='ltr'><strong>sepul-</strong></span> <span class='ocrx_word' id='word_1_626' title='bbox 3408 2122 3418 2129; x_wconf 83' lang='grc'><em>’</em></span> 
     </span>
    </p>
   </div>
   <div class='ocr_carea' id='block_1_82' title="bbox 1788 2211 3321 2284">
    <p class='ocr_par' dir='ltr' id='par_1_82' title="bbox 1788 2211 3321 2284">
     <span class='ocr_line' id='line_1_82' title="bbox 1788 2211 3321 2284; baseline -0.002 -17"><span class='ocrx_word' id='word_1_627' title='bbox 1788 2228 1960 2276; x_wconf 86' lang='lat' dir='ltr'><strong>crum,</strong></span> <span class='ocrx_word' id='word_1_628' title='bbox 2009 2234 2027 2265; x_wconf 75' lang='grc' dir='ltr'>ι</span> <span class='ocrx_word' id='word_1_629' title='bbox 2066 2230 2094 2267; x_wconf 91' lang='lat' dir='ltr'><strong>a</strong></span> <span class='ocrx_word' id='word_1_630' title='bbox 2121 2214 2325 2269; x_wconf 80' lang='lat' dir='ltr'><strong>Joanne</strong></span> <span class='ocrx_word' id='word_1_631' title='bbox 2352 2216 2442 2284; x_wconf 91' lang='lat' dir='ltr'><strong>qui</strong></span> <span class='ocrx_word' id='word_1_632' title='bbox 2484 2216 2600 2267; x_wconf 79' lang='lat' dir='ltr'><strong>ait:</strong></span> <span class='ocrx_word' id='word_1_633' title='bbox 2659 2233 2677 2265; x_wconf 80' lang='grc' dir='ltr'>ι</span> <span class='ocrx_word' id='word_1_634' title='bbox 2718 2230 2821 2267; x_wconf 91' lang='lat' dir='ltr'><strong>una</strong></span> <span class='ocrx_word' id='word_1_635' title='bbox 2848 2221 3025 2267; x_wconf 88' lang='lat' dir='ltr'><strong>autem</strong></span> <span class='ocrx_word' id='word_1_636' title='bbox 3059 2211 3321 2265; x_wconf 74' lang='lat' dir='ltr'><strong>Salibato-</strong></span> 
     </span>
    </p>
   </div>
   <div class='ocr_carea' id='block_1_83' title="bbox 1788 2303 3315 2373">
    <p class='ocr_par' dir='ltr' id='par_1_83' title="bbox 1788 2303 3315 2373">
     <span class='ocr_line' id='line_1_83' title="bbox 1788 2303 3315 2373; baseline -0.002 -18"><span class='ocrx_word' id='word_1_637' title='bbox 1788 2318 1905 2356; x_wconf 87' lang='lat' dir='ltr'><strong>rum</strong></span> <span class='ocrx_word' id='word_1_638' title='bbox 1932 2305 2074 2358; x_wconf 88' lang='lat' dir='ltr'><strong>venit</strong></span> <span class='ocrx_word' id='word_1_639' title='bbox 2104 2303 2267 2358; x_wconf 80' lang='lat' dir='ltr'><strong>Maria</strong></span> <span class='ocrx_word' id='word_1_640' title='bbox 2293 2304 2599 2373; x_wconf 83' lang='lat' dir='ltr'><strong>Magdalena</strong></span> <span class='ocrx_word' id='word_1_641' title='bbox 2626 2319 2781 2357; x_wconf 90' lang='lat' dir='ltr'><strong>mane</strong></span> <span class='ocrx_word' id='word_1_642' title='bbox 2808 2304 2873 2358; x_wconf 88' lang='lat' dir='ltr'><strong>ad</strong></span> <span class='ocrx_word' id='word_1_643' title='bbox 2891 2309 3315 2361; x_wconf 86' lang='lat' dir='ltr'><strong>monumentum,</strong></span> 
     </span>
    </p>
   </div>
   <div class='ocr_carea' id='block_1_84' title="bbox 1788 2392 3317 2449">
    <p class='ocr_par' dir='ltr' id='par_1_84' title="bbox 1788 2392 3317 2449">
     <span class='ocr_line' id='line_1_84' title="bbox 1788 2392 3317 2449; baseline -0.002 -4"><span class='ocrx_word' id='word_1_644' title='bbox 1788 2407 1909 2445; x_wconf 91' lang='lat' dir='ltr'><strong>cum</strong></span> <span class='ocrx_word' id='word_1_645' title='bbox 1946 2393 2119 2447; x_wconf 87' lang='lat' dir='ltr'><strong>adhuc</strong></span> <span class='ocrx_word' id='word_1_646' title='bbox 2166 2395 2397 2449; x_wconf 66' lang='lat' dir='ltr'><strong>tenebrae</strong></span> <span class='ocrx_word' id='word_1_647' title='bbox 2449 2401 2648 2448; x_wconf 88' lang='lat' dir='ltr'><strong>essent.</strong></span> <span class='ocrx_word' id='word_1_648' title='bbox 2701 2412 2719 2444; x_wconf 72' lang='grc' dir='ltr'>ι</span> <span class='ocrx_word' id='word_1_649' title='bbox 2779 2392 2910 2446; x_wconf 87' lang='lat' dir='ltr'><strong>Late</strong></span> <span class='ocrx_word' id='word_1_650' title='bbox 2958 2393 3098 2446; x_wconf 90' lang='lat' dir='ltr'><strong>enim</strong></span> <span class='ocrx_word' id='word_1_651' title='bbox 3149 2406 3317 2443; x_wconf 86' lang='lat' dir='ltr'><strong>unum</strong></span> 
     </span>
    </p>
   </div>
   <div class='ocr_carea' id='block_1_85' title="bbox 1787 2481 3308 2552">
    <p class='ocr_par' dir='ltr' id='par_1_85' title="bbox 1787 2481 3308 2552">
     <span class='ocr_line' id='line_1_85' title="bbox 1787 2481 3308 2552; baseline -0.003 -19"><span class='ocrx_word' id='word_1_652' title='bbox 1787 2481 2032 2550; x_wconf 89' lang='lat' dir='ltr'><strong>idemque</strong></span> <span class='ocrx_word' id='word_1_653' title='bbox 2083 2482 2414 2552; x_wconf 80' lang='lat' dir='ltr'><strong>signiﬁcatur</strong></span> <span class='ocrx_word' id='word_1_654' title='bbox 2491 2491 2698 2551; x_wconf 86' lang='lat' dir='ltr'><strong>tempus</strong></span> <span class='ocrx_word' id='word_1_655' title='bbox 2758 2482 2923 2536; x_wconf 87' lang='lat' dir='ltr'><strong>variis</strong></span> <span class='ocrx_word' id='word_1_656' title='bbox 2978 2481 3308 2534; x_wconf 84' lang='lat' dir='ltr'><strong>nominibus.</strong></span> 
     </span>
    </p>
   </div>
   <div class='ocr_carea' id='block_1_86' title="bbox 1788 2568 3319 2639">
    <p class='ocr_par' dir='ltr' id='par_1_86' title="bbox 1788 2568 3319 2639">
     <span class='ocr_line' id='line_1_86' title="bbox 1788 2568 3319 2639; baseline -0.001 -17"><span class='ocrx_word' id='word_1_657' title='bbox 1788 2568 2032 2624; x_wconf 65' lang='lat' dir='ltr'><strong>Matthaeo</strong></span> <span class='ocrx_word' id='word_1_658' title='bbox 2058 2587 2170 2623; x_wconf 86' lang='lat' dir='ltr'><strong>sero</strong></span> <span class='ocrx_word' id='word_1_659' title='bbox 2217 2570 2560 2625; x_wconf 79' lang='lat' dir='ltr'><strong>Sabbatorum</strong></span> <span class='ocrx_word' id='word_1_660' title='bbox 2603 2571 2814 2625; x_wconf 79' lang='lat' dir='ltr'><strong>dicente</strong></span> <span class='ocrx_word' id='word_1_661' title='bbox 2852 2584 2952 2639; x_wconf 89' lang='lat' dir='ltr'><strong>pro</strong></span> <span class='ocrx_word' id='word_1_662' title='bbox 2981 2569 3180 2622; x_wconf 76' lang='lat' dir='ltr'><strong>tardius</strong></span> <span class='ocrx_word' id='word_1_663' title='bbox 3206 2609 3222 2633; x_wconf 98' lang='lat'><strong>,</strong></span> <span class='ocrx_word' id='word_1_664' title='bbox 3265 2578 3319 2621; x_wconf 90' lang='lat' dir='ltr'><strong>et</strong></span> 
     </span>
    </p>
   </div>
   <div class='ocr_carea' id='block_1_87' title="bbox 1786 2657 3318 2727">
    <p class='ocr_par' dir='ltr' id='par_1_87' title="bbox 1786 2657 3318 2727">
     <span class='ocr_line' id='line_1_87' title="bbox 1786 2657 3318 2727; baseline -0.001 -17"><span class='ocrx_word' id='word_1_665' title='bbox 1786 2675 1935 2712; x_wconf 84' lang='lat' dir='ltr'><strong>mane</strong></span> <span class='ocrx_word' id='word_1_666' title='bbox 1963 2674 2058 2727; x_wconf 93' lang='lat' dir='ltr'><strong>pro</strong></span> <span class='ocrx_word' id='word_1_667' title='bbox 2080 2669 2224 2713; x_wconf 86' lang='lat' dir='ltr'><strong>nocte</strong></span> <span class='ocrx_word' id='word_1_668' title='bbox 2248 2661 2495 2719; x_wconf 82' lang='lat' dir='ltr'><strong>serotina,</strong></span> <span class='ocrx_word' id='word_1_669' title='bbox 2529 2660 2790 2727; x_wconf 85' lang='lat' dir='ltr'><strong>interpres</strong></span> <span class='ocrx_word' id='word_1_670' title='bbox 2824 2657 3026 2712; x_wconf 88' lang='lat' dir='ltr'><strong>addidit</strong></span> <span class='ocrx_word' id='word_1_671' title='bbox 3077 2674 3193 2710; x_wconf 86' lang='lat' dir='ltr'><strong>cum</strong></span> <span class='ocrx_word' id='word_1_672' title='bbox 3223 2660 3318 2709; x_wconf 85' lang='lat' dir='ltr'><strong>ad-</strong></span> 
     </span>
    </p>
   </div>
   <div class='ocr_carea' id='block_1_88' title="bbox 1785 2748 3319 2818">
    <p class='ocr_par' dir='ltr' id='par_1_88' title="bbox 1785 2748 3319 2818">
     <span class='ocr_line' id='line_1_88' title="bbox 1785 2748 3319 2818; baseline 0.001 -19"><span class='ocrx_word' id='word_1_673' title='bbox 1785 2748 1882 2800; x_wconf 82' lang='lat' dir='ltr'><strong>huc</strong></span> <span class='ocrx_word' id='word_1_674' title='bbox 1914 2749 2129 2802; x_wconf 65' lang='lat' dir='ltr'><strong>tenebris</strong></span> <span class='ocrx_word' id='word_1_675' title='bbox 2154 2759 2340 2810; x_wconf 83' lang='lat' dir='ltr'><strong>essent,</strong></span> <span class='ocrx_word' id='word_1_676' title='bbox 2366 2765 2434 2803; x_wconf 90' lang='lat' dir='ltr'><strong>ne</strong></span> <span class='ocrx_word' id='word_1_677' title='bbox 2453 2751 2573 2818; x_wconf 87' lang='lat' dir='ltr'><strong>quis</strong></span> <span class='ocrx_word' id='word_1_678' title='bbox 2605 2764 2852 2803; x_wconf 89' lang='lat' dir='ltr'><strong>auroram</strong></span> <span class='ocrx_word' id='word_1_679' title='bbox 2882 2748 2985 2802; x_wconf 91' lang='lat' dir='ltr'><strong>dici</strong></span> <span class='ocrx_word' id='word_1_680' title='bbox 3014 2749 3084 2801; x_wconf 90' lang='lat' dir='ltr'><strong>ab</strong></span> <span class='ocrx_word' id='word_1_681' title='bbox 3110 2750 3199 2801; x_wconf 90' lang='lat' dir='ltr'><strong>illo</strong></span> <span class='ocrx_word' id='word_1_682' title='bbox 3224 2763 3319 2816; x_wconf 82' lang='lat' dir='ltr'><strong>pu-</strong></span> 
     </span>
    </p>
   </div>
   <div class='ocr_carea' id='block_1_89' title="bbox 1786 2834 3316 2891">
    <p class='ocr_par' dir='ltr' id='par_1_89' title="bbox 1786 2834 3316 2891">
     <span class='ocr_line' id='line_1_89' title="bbox 1786 2834 3316 2891; baseline -0.001 -3"><span class='ocrx_word' id='word_1_683' title='bbox 1786 2845 1940 2889; x_wconf 90' lang='lat' dir='ltr'><strong>taret.</strong></span> <span class='ocrx_word' id='word_1_684' title='bbox 1977 2837 2144 2890; x_wconf 85' lang='lat' dir='ltr'><strong>Sicuti</strong></span> <span class='ocrx_word' id='word_1_685' title='bbox 2175 2838 2335 2891; x_wconf 90' lang='lat' dir='ltr'><strong>etiam</strong></span> <span class='ocrx_word' id='word_1_686' title='bbox 2367 2836 2645 2890; x_wconf 71' lang='lat' dir='ltr'><strong>Matthaeus</strong></span> <span class='ocrx_word' id='word_1_687' title='bbox 2683 2836 2861 2890; x_wconf 88' lang='lat' dir='ltr'><strong>verbis</strong></span> <span class='ocrx_word' id='word_1_688' title='bbox 2908 2852 3023 2889; x_wconf 80' lang='lat' dir='ltr'><strong>sero</strong></span> <span class='ocrx_word' id='word_1_689' title='bbox 3063 2834 3316 2889; x_wconf 63' lang='lat' dir='ltr'><strong>Sabbato-</strong></span> 
     </span>
    </p>
   </div>
   <div class='ocr_carea' id='block_1_90' title="bbox 1785 2926 3316 2995">
    <p class='ocr_par' dir='ltr' id='par_1_90' title="bbox 1785 2926 3316 2995">
     <span class='ocr_line' id='line_1_90' title="bbox 1785 2926 3316 2995; baseline 0.002 -18"><span class='ocrx_word' id='word_1_690' title='bbox 1785 2941 1921 2987; x_wconf 81' lang='lat' dir='ltr'><strong>rum,</strong></span> <span class='ocrx_word' id='word_1_691' title='bbox 1951 2942 2020 2980; x_wconf 89' lang='lat' dir='ltr'><strong>ne</strong></span> <span class='ocrx_word' id='word_1_692' title='bbox 2048 2927 2173 2995; x_wconf 84' lang='lat' dir='ltr'><strong>quis</strong></span> <span class='ocrx_word' id='word_1_693' title='bbox 2207 2927 2274 2981; x_wconf 91' lang='lat' dir='ltr'><strong>de</strong></span> <span class='ocrx_word' id='word_1_694' title='bbox 2303 2928 2608 2995; x_wconf 89' lang='lat' dir='ltr'><strong>vespertino</strong></span> <span class='ocrx_word' id='word_1_695' title='bbox 2638 2934 2877 2995; x_wconf 87' lang='lat' dir='ltr'><strong>tempore</strong></span> <span class='ocrx_word' id='word_1_696' title='bbox 2905 2929 3192 2995; x_wconf 89' lang='lat' dir='ltr'><strong>cogitaret,</strong></span> <span class='ocrx_word' id='word_1_697' title='bbox 3226 2926 3316 2980; x_wconf 81' lang='lat' dir='ltr'><strong>ad-</strong></span> 
     </span>
    </p>
   </div>
   <div class='ocr_carea' id='block_1_91' title="bbox 1785 3014 3315 3083">
    <p class='ocr_par' dir='ltr' id='par_1_91' title="bbox 1785 3014 3315 3083">
     <span class='ocr_line' id='line_1_91' title="bbox 1785 3014 3315 3083; baseline 0.001 -16"><span class='ocrx_word' id='word_1_698' title='bbox 1785 3014 1918 3067; x_wconf 90' lang='lat' dir='ltr'><strong>didit</strong></span> <span class='ocrx_word' id='word_1_699' title='bbox 1945 3032 2059 3083; x_wconf 63' lang='lat' dir='ltr'><strong>quia</strong></span> <span class='ocrx_word' id='word_1_700' title='bbox 2097 3016 2303 3069; x_wconf 77' lang='lat' dir='ltr'><strong>lucescit</strong></span> <span class='ocrx_word' id='word_1_701' title='bbox 2338 3017 2391 3067; x_wconf 85' lang='lat' dir='ltr'><strong>in</strong></span> <span class='ocrx_word' id='word_1_702' title='bbox 2418 3032 2576 3068; x_wconf 76' lang='lat' dir='ltr'><strong>unum</strong></span> <span class='ocrx_word' id='word_1_703' title='bbox 2614 3015 2979 3069; x_wconf 84' lang='lat' dir='ltr'><strong>Sabbatorum.</strong></span> <span class='ocrx_word' id='word_1_704' title='bbox 3009 3014 3072 3067; x_wconf 84' lang='lat' dir='ltr'><strong>Et</strong></span> <span class='ocrx_word' id='word_1_705' title='bbox 3098 3016 3315 3083; x_wconf 78' lang='lat' dir='ltr'><strong>quidem</strong></span> 
     </span>
    </p>
   </div>
   <div class='ocr_carea' id='block_1_92' title="bbox 1787 3105 3314 3174">
    <p class='ocr_par' dir='ltr' id='par_1_92' title="bbox 1787 3105 3314 3174">
     <span class='ocr_line' id='line_1_92' title="bbox 1787 3105 3314 3174; baseline 0.002 -18"><span class='ocrx_word' id='word_1_706' title='bbox 1787 3114 2033 3159; x_wconf 83' lang='lat' dir='ltr'><strong>accurate</strong></span> <span class='ocrx_word' id='word_1_707' title='bbox 2059 3105 2105 3160; x_wconf 89' lang='lat' dir='ltr'><strong>is</strong></span> <span class='ocrx_word' id='word_1_708' title='bbox 2137 3108 2398 3174; x_wconf 72' lang='lat' dir='ltr'><strong>eXpressit</strong></span> <span class='ocrx_word' id='word_1_709' title='bbox 2421 3121 2594 3161; x_wconf 87' lang='lat' dir='ltr'><strong>seram</strong></span> <span class='ocrx_word' id='word_1_710' title='bbox 2641 3106 2849 3170; x_wconf 89' lang='lat' dir='ltr'><strong>horam,</strong></span> <span class='ocrx_word' id='word_1_711' title='bbox 2870 3120 2938 3160; x_wconf 89' lang='lat' dir='ltr'><strong>ne</strong></span> <span class='ocrx_word' id='word_1_712' title='bbox 2969 3105 3091 3173; x_wconf 89' lang='lat' dir='ltr'><strong>quis</strong></span> <span class='ocrx_word' id='word_1_713' title='bbox 3124 3121 3314 3173; x_wconf 84' lang='lat' dir='ltr'><strong>vespe—</strong></span> 
     </span>
    </p>
   </div>
   <div class='ocr_carea' id='block_1_93' title="bbox 1787 3195 3310 3263">
    <p class='ocr_par' dir='ltr' id='par_1_93' title="bbox 1787 3195 3310 3263">
     <span class='ocr_line' id='line_1_93' title="bbox 1787 3195 3310 3263; baseline 0.001 -19"><span class='ocrx_word' id='word_1_714' title='bbox 1787 3207 1899 3245; x_wconf 89' lang='lat' dir='ltr'><strong>ram</strong></span> <span class='ocrx_word' id='word_1_715' title='bbox 1928 3195 2237 3260; x_wconf 89' lang='lat' dir='ltr'><strong>opinaretnr</strong></span> <span class='ocrx_word' id='word_1_716' title='bbox 2282 3209 2403 3247; x_wconf 90' lang='lat' dir='ltr'><strong>esse</strong></span> <span class='ocrx_word' id='word_1_717' title='bbox 2459 3204 2577 3263; x_wconf 91' lang='lat' dir='ltr'><strong>post</strong></span> <span class='ocrx_word' id='word_1_718' title='bbox 2615 3195 2746 3248; x_wconf 79' lang='lat' dir='ltr'><strong>solis</strong></span> <span class='ocrx_word' id='word_1_719' title='bbox 2794 3209 3047 3248; x_wconf 88' lang='lat' dir='ltr'><strong>occasum</strong></span> <span class='ocrx_word' id='word_1_720' title='bbox 3092 3195 3310 3259; x_wconf 86' lang='lat' dir='ltr'><strong>horam;</strong></span> 
     </span>
    </p>
   </div>
   <div class='ocr_carea' id='block_1_94' title="bbox 1783 3282 2593 3350">
    <p class='ocr_par' dir='ltr' id='par_1_94' title="bbox 1783 3282 2593 3350">
     <span class='ocr_line' id='line_1_94' title="bbox 1783 3282 2593 3350; baseline 0.002 -16"><span class='ocrx_word' id='word_1_721' title='bbox 1783 3297 1969 3350; x_wconf 81' lang='lat' dir='ltr'><strong>nempe</strong></span> <span class='ocrx_word' id='word_1_722' title='bbox 1993 3283 2066 3335; x_wconf 89' lang='lat' dir='ltr'><strong>ait</strong></span> <span class='ocrx_word' id='word_1_723' title='bbox 2088 3299 2203 3335; x_wconf 84' lang='lat' dir='ltr'><strong>sero</strong></span> <span class='ocrx_word' id='word_1_724' title='bbox 2232 3282 2593 3336; x_wconf 83' lang='lat' dir='ltr'><strong>Sabbatorum.</strong></span> 
     </span>
    </p>
   </div>
   <div class='ocr_carea' id='block_1_95' title="bbox 1848 3454 3307 3510">
    <p class='ocr_par' dir='ltr' id='par_1_95' title="bbox 1848 3454 3307 3510">
     <span class='ocr_line' id='line_1_95' title="bbox 1848 3454 3307 3510; baseline 0.001 -3"><span class='ocrx_word' id='word_1_725' title='bbox 1848 3454 1903 3510; x_wconf 78' lang='lat'><strong>2.</strong></span> <span class='ocrx_word' id='word_1_726' title='bbox 1943 3454 2285 3510; x_wconf 86' lang='lat' dir='ltr'><strong>Consuetudo</strong></span> <span class='ocrx_word' id='word_1_727' title='bbox 2310 3463 2485 3510; x_wconf 89' lang='lat' dir='ltr'><strong>autem</strong></span> <span class='ocrx_word' id='word_1_728' title='bbox 2516 3454 2615 3508; x_wconf 76' lang='lat' dir='ltr'><strong>fuit</strong></span> <span class='ocrx_word' id='word_1_729' title='bbox 2635 3463 2693 3508; x_wconf 89' lang='lat' dir='ltr'><strong>ut</strong></span> <span class='ocrx_word' id='word_1_730' title='bbox 2714 3454 2962 3509; x_wconf 87' lang='lat' dir='ltr'><strong>universa</strong></span> <span class='ocrx_word' id='word_1_731' title='bbox 2976 3455 3307 3509; x_wconf 80' lang='lat' dir='ltr'><strong>hebdomada</strong></span> 
     </span>
    </p>
   </div>
   <div class='ocr_carea' id='block_1_96' title="bbox 1782 3544 3307 3614">
    <p class='ocr_par' dir='ltr' id='par_1_96' title="bbox 1782 3544 3307 3614">
     <span class='ocr_line' id='line_1_96' title="bbox 1782 3544 3307 3614; baseline -0.001 -17"><span class='ocrx_word' id='word_1_732' title='bbox 1782 3544 2049 3600; x_wconf 88' lang='lat' dir='ltr'><strong>diceretur</strong></span> <span class='ocrx_word' id='word_1_733' title='bbox 2093 3545 2404 3609; x_wconf 85' lang='lat' dir='ltr'><strong>Sabbatum,</strong></span> <span class='ocrx_word' id='word_1_734' title='bbox 2431 3546 2538 3598; x_wconf 91' lang='lat' dir='ltr'><strong>imo</strong></span> <span class='ocrx_word' id='word_1_735' title='bbox 2568 3556 2626 3598; x_wconf 88' lang='lat' dir='ltr'><strong>ut</strong></span> <span class='ocrx_word' id='word_1_736' title='bbox 2653 3545 2767 3598; x_wconf 87' lang='lat' dir='ltr'><strong>dies</strong></span> <span class='ocrx_word' id='word_1_737' title='bbox 2798 3545 2995 3614; x_wconf 84' lang='lat' dir='ltr'><strong>singuli</strong></span> <span class='ocrx_word' id='word_1_738' title='bbox 3024 3546 3101 3597; x_wconf 87' lang='lat' dir='ltr'><strong>sic</strong></span> <span class='ocrx_word' id='word_1_739' title='bbox 3129 3546 3307 3611; x_wconf 86' lang='lat' dir='ltr'><strong>appel-</strong></span> 
     </span>
    </p>
   </div>
   <div class='ocr_carea' id='block_1_97' title="bbox 1779 3629 3309 3704">
    <p class='ocr_par' dir='ltr' id='par_1_97' title="bbox 1779 3629 3309 3704">
     <span class='ocr_line' id='line_1_97' title="bbox 1779 3629 3309 3704; baseline -0.005 -17"><span class='ocrx_word' id='word_1_740' title='bbox 1779 3636 2034 3689; x_wconf 88' lang='lat' dir='ltr'><strong>larentur.</strong></span> <span class='ocrx_word' id='word_1_741' title='bbox 2073 3633 2275 3688; x_wconf 89' lang='lat' dir='ltr'><strong>Dicitur</strong></span> <span class='ocrx_word' id='word_1_742' title='bbox 2299 3648 2426 3704; x_wconf 90' lang='lat' dir='ltr'><strong>ergo</strong></span> <span class='ocrx_word' id='word_1_743' title='bbox 2453 3632 2591 3702; x_wconf 85' lang='lat' dir='ltr'><strong>apud</strong></span> <span class='ocrx_word' id='word_1_744' title='bbox 2619 3631 2969 3702; x_wconf 84' lang='lat' dir='ltr'><strong>evangelistas</strong></span> <span class='ocrx_word' id='word_1_745' title='bbox 2982 3646 3088 3683; x_wconf 83' lang='lat' dir='ltr'><strong>una</strong></span> <span class='ocrx_word' id='word_1_746' title='bbox 3105 3629 3309 3683; x_wconf 83' lang='lat' dir='ltr'><strong>Sabba-</strong></span> 
     </span>
    </p>
   </div>
   <div class='ocr_carea' id='block_1_98' title="bbox 1782 3719 3310 3792">
    <p class='ocr_par' dir='ltr' id='par_1_98' title="bbox 1782 3719 3310 3792">
     <span class='ocr_line' id='line_1_98' title="bbox 1782 3719 3310 3792; baseline -0.003 -16"><span class='ocrx_word' id='word_1_747' title='bbox 1782 3733 1969 3777; x_wconf 78' lang='lat' dir='ltr'><strong>torum.</strong></span> <span class='ocrx_word' id='word_1_748' title='bbox 2001 3723 2067 3777; x_wconf 88' lang='lat' dir='ltr'><strong>Et</strong></span> <span class='ocrx_word' id='word_1_749' title='bbox 2093 3723 2304 3792; x_wconf 86' lang='lat' dir='ltr'><strong>quidem</strong></span> <span class='ocrx_word' id='word_1_750' title='bbox 2337 3724 2392 3775; x_wconf 90' lang='lat' dir='ltr'><strong>in</strong></span> <span class='ocrx_word' id='word_1_751' title='bbox 2424 3723 2629 3791; x_wconf 85' lang='lat' dir='ltr'><strong>vulgari</strong></span> <span class='ocrx_word' id='word_1_752' title='bbox 2671 3719 3059 3775; x_wconf 88' lang='lat' dir='ltr'><strong>consuetudine</strong></span> <span class='ocrx_word' id='word_1_753' title='bbox 3084 3721 3310 3772; x_wconf 78' lang='lat' dir='ltr'><strong>secunda</strong></span> 
     </span>
    </p>
   </div>
   <div class='ocr_carea' id='block_1_99' title="bbox 1780 3808 3307 3880">
    <p class='ocr_par' dir='ltr' id='par_1_99' title="bbox 1780 3808 3307 3880">
     <span class='ocr_line' id='line_1_99' title="bbox 1780 3808 3307 3880; baseline -0.004 -13"><span class='ocrx_word' id='word_1_754' title='bbox 1780 3813 2145 3873; x_wconf 80' lang='lat' dir='ltr'><strong>Sabbatorum,</strong></span> <span class='ocrx_word' id='word_1_755' title='bbox 2164 3814 2315 3866; x_wconf 81' lang='lat' dir='ltr'><strong>tertia</strong></span> <span class='ocrx_word' id='word_1_756' title='bbox 2338 3811 2709 3875; x_wconf 82' lang='lat' dir='ltr'><strong>Sabbatorum,</strong></span> <span class='ocrx_word' id='word_1_757' title='bbox 2727 3820 2916 3880; x_wconf 82' lang='lat' dir='ltr'><strong>quarta</strong></span> <span class='ocrx_word' id='word_1_758' title='bbox 2938 3808 3307 3864; x_wconf 81' lang='lat' dir='ltr'><strong>Sabbatorum.</strong></span> 
     </span>
    </p>
   </div>
   <div class='ocr_carea' id='block_1_100' title="bbox 1781 3902 3309 3975">
    <p class='ocr_par' dir='ltr' id='par_1_100' title="bbox 1781 3902 3309 3975">
     <span class='ocr_line' id='line_1_100' title="bbox 1781 3902 3309 3975; baseline -0.001 -18"><span class='ocrx_word' id='word_1_759' title='bbox 1781 3904 1867 3959; x_wconf 89' lang='lat' dir='ltr'><strong>Sic</strong></span> <span class='ocrx_word' id='word_1_760' title='bbox 1893 3921 2021 3975; x_wconf 88' lang='lat' dir='ltr'><strong>ergo</strong></span> <span class='ocrx_word' id='word_1_761' title='bbox 2050 3905 2324 3960; x_wconf 61' lang='lat' dir='ltr'><strong>Matthmus</strong></span> <span class='ocrx_word' id='word_1_762' title='bbox 2355 3913 2563 3973; x_wconf 89' lang='lat' dir='ltr'><strong>tempus</strong></span> <span class='ocrx_word' id='word_1_763' title='bbox 2597 3905 2910 3958; x_wconf 87' lang='lat' dir='ltr'><strong>illucescens</strong></span> <span class='ocrx_word' id='word_1_764' title='bbox 2932 3905 2986 3957; x_wconf 91' lang='lat' dir='ltr'><strong>in</strong></span> <span class='ocrx_word' id='word_1_765' title='bbox 3024 3903 3165 3957; x_wconf 86' lang='lat' dir='ltr'><strong>diem</strong></span> <span class='ocrx_word' id='word_1_766' title='bbox 3200 3902 3309 3956; x_wconf 85' lang='lat' dir='ltr'><strong>Do-</strong></span> 
     </span>
    </p>
   </div>
   <div class='ocr_carea' id='block_1_101' title="bbox 1777 3991 3309 4055">
    <p class='ocr_par' dir='ltr' id='par_1_101' title="bbox 1777 3991 3309 4055">
     <span class='ocr_line' id='line_1_101' title="bbox 1777 3991 3309 4055; baseline -0.003 -5"><span class='ocrx_word' id='word_1_767' title='bbox 1777 3997 2031 4050; x_wconf 86' lang='lat' dir='ltr'><strong>minicum</strong></span> <span class='ocrx_word' id='word_1_768' title='bbox 2085 4012 2198 4050; x_wconf 79' lang='lat' dir='ltr'><strong>sero</strong></span> <span class='ocrx_word' id='word_1_769' title='bbox 2249 3995 2595 4050; x_wconf 74' lang='lat' dir='ltr'><strong>Sabbatorttm</strong></span> <span class='ocrx_word' id='word_1_770' title='bbox 2649 3994 2920 4047; x_wconf 83' lang='lat' dir='ltr'><strong>vocitavit.</strong></span> <span class='ocrx_word' id='word_1_771' title='bbox 2968 3991 3137 4055; x_wconf 79' lang='lat' dir='ltr'><strong>Serus</strong></span> <span class='ocrx_word' id='word_1_772' title='bbox 3181 4006 3309 4046; x_wconf 81' lang='lat' dir='ltr'><strong>vero</strong></span> 
     </span>
    </p>
   </div>
   <div class='ocr_carea' id='block_1_102' title="bbox 1776 4082 3308 4152">
    <p class='ocr_par' dir='ltr' id='par_1_102' title="bbox 1776 4082 3308 4152">
     <span class='ocr_line' id='line_1_102' title="bbox 1776 4082 3308 4152; baseline -0.003 -15"><span class='ocrx_word' id='word_1_773' title='bbox 1776 4090 2042 4152; x_wconf 87' lang='lat' dir='ltr'><strong>oporteret</strong></span> <span class='ocrx_word' id='word_1_774' title='bbox 2085 4099 2184 4138; x_wconf 85' lang='lat' dir='ltr'><strong>nos</strong></span> <span class='ocrx_word' id='word_1_775' title='bbox 2211 4084 2298 4137; x_wconf 92' lang='lat' dir='ltr'><strong>die</strong></span> <span class='ocrx_word' id='word_1_776' title='bbox 2342 4082 2558 4136; x_wconf 86' lang='lat' dir='ltr'><strong>Sabbati</strong></span> <span class='ocrx_word' id='word_1_777' title='bbox 2587 4090 2708 4151; x_wconf 89' lang='lat' dir='ltr'><strong>post</strong></span> <span class='ocrx_word' id='word_1_778' title='bbox 2736 4082 2867 4136; x_wconf 90' lang='lat' dir='ltr'><strong>solis</strong></span> <span class='ocrx_word' id='word_1_779' title='bbox 2896 4094 3145 4135; x_wconf 89' lang='lat' dir='ltr'><strong>occasum</strong></span> <span class='ocrx_word' id='word_1_780' title='bbox 3168 4120 3182 4140; x_wconf 92' lang='lat'><strong>,</strong></span> <span class='ocrx_word' id='word_1_781' title='bbox 3214 4096 3308 4133; x_wconf 83' lang='lat' dir='ltr'><strong>ve-</strong></span> 
     </span>
    </p>
   </div>
   <div class='ocr_carea' id='block_1_103' title="bbox 1778 4170 3305 4243">
    <p class='ocr_par' dir='ltr' id='par_1_103' title="bbox 1778 4170 3305 4243">
     <span class='ocr_line' id='line_1_103' title="bbox 1778 4170 3305 4243; baseline -0.003 -15"><span class='ocrx_word' id='word_1_782' title='bbox 1778 4189 1931 4243; x_wconf 88' lang='lat' dir='ltr'><strong>spere</strong></span> <span class='ocrx_word' id='word_1_783' title='bbox 1962 4173 2138 4239; x_wconf 83' lang='lat' dir='ltr'><strong>t‘acto,</strong></span> <span class='ocrx_word' id='word_1_784' title='bbox 2179 4174 2442 4242; x_wconf 86' lang='lat' dir='ltr'><strong>jejunium</strong></span> <span class='ocrx_word' id='word_1_785' title='bbox 2480 4174 2717 4241; x_wconf 90' lang='lat' dir='ltr'><strong>polluere</strong></span> <span class='ocrx_word' id='word_1_786' title='bbox 2747 4191 2760 4227; x_wconf 90' lang='lat'><strong>:</strong></span> <span class='ocrx_word' id='word_1_787' title='bbox 2792 4186 2964 4241; x_wconf 91' lang='lat' dir='ltr'><strong>neque</strong></span> <span class='ocrx_word' id='word_1_788' title='bbox 3014 4172 3099 4226; x_wconf 92' lang='lat' dir='ltr'><strong>die</strong></span> <span class='ocrx_word' id='word_1_789' title='bbox 3129 4170 3305 4225; x_wconf 89' lang='lat' dir='ltr'><strong>Domi-</strong></span> 
     </span>
    </p>
   </div>
   <div class='ocr_carea' id='block_1_104' title="bbox 1775 4261 3305 4332">
    <p class='ocr_par' dir='ltr' id='par_1_104' title="bbox 1775 4261 3305 4332">
     <span class='ocr_line' id='line_1_104' title="bbox 1775 4261 3305 4332; baseline 0 -15"><span class='ocrx_word' id='word_1_790' title='bbox 1775 4264 1897 4317; x_wconf 90' lang='lat' dir='ltr'><strong>nico</strong></span> <span class='ocrx_word' id='word_1_791' title='bbox 1942 4263 2192 4332; x_wconf 87' lang='lat' dir='ltr'><strong>jubilare,</strong></span> <span class='ocrx_word' id='word_1_792' title='bbox 2223 4262 2315 4317; x_wconf 81' lang='lat' dir='ltr'><strong>sed</strong></span> <span class='ocrx_word' id='word_1_793' title='bbox 2345 4264 2524 4332; x_wconf 88' lang='lat' dir='ltr'><strong>potius</strong></span> <span class='ocrx_word' id='word_1_794' title='bbox 2551 4277 2771 4331; x_wconf 87' lang='lat' dir='ltr'><strong>vespere</strong></span> <span class='ocrx_word' id='word_1_795' title='bbox 2810 4261 3062 4329; x_wconf 89' lang='lat' dir='ltr'><strong>Sabbati;</strong></span> <span class='ocrx_word' id='word_1_796' title='bbox 3097 4264 3144 4318; x_wconf 89' lang='lat' dir='ltr'><strong>si</strong></span> <span class='ocrx_word' id='word_1_797' title='bbox 3186 4266 3305 4332; x_wconf 89' lang='lat' dir='ltr'><strong>qui-</strong></span> 
     </span>
    </p>
   </div>
   <div class='ocr_carea' id='block_1_105' title="bbox 1775 4352 3302 4423">
    <p class='ocr_par' dir='ltr' id='par_1_105' title="bbox 1775 4352 3302 4423">
     <span class='ocr_line' id='line_1_105' title="bbox 1775 4352 3302 4423; baseline -0.001 -15"><span class='ocrx_word' id='word_1_798' title='bbox 1775 4354 1893 4408; x_wconf 88' lang='lat' dir='ltr'><strong>dem</strong></span> <span class='ocrx_word' id='word_1_799' title='bbox 1928 4354 2001 4407; x_wconf 90' lang='lat' dir='ltr'><strong>ita</strong></span> <span class='ocrx_word' id='word_1_800' title='bbox 2039 4352 2414 4423; x_wconf 88' lang='lat' dir='ltr'><strong>intelligendus</strong></span> <span class='ocrx_word' id='word_1_801' title='bbox 2453 4361 2595 4406; x_wconf 88' lang='lat' dir='ltr'><strong>esset</strong></span> <span class='ocrx_word' id='word_1_802' title='bbox 2618 4354 2962 4422; x_wconf 75' lang='lat' dir='ltr'><strong>evangelista.</strong></span> <span class='ocrx_word' id='word_1_803' title='bbox 2992 4352 3153 4421; x_wconf 79' lang='lat' dir='ltr'><strong>Atqui</strong></span> <span class='ocrx_word' id='word_1_804' title='bbox 3198 4370 3302 4408; x_wconf 93' lang='lat' dir='ltr'><strong>non</strong></span> 
     </span>
    </p>
   </div>
   <div class='ocr_carea' id='block_1_106' title="bbox 1776 4438 3306 4510">
    <p class='ocr_par' dir='ltr' id='par_1_106' title="bbox 1776 4438 3306 4510">
     <span class='ocr_line' id='line_1_106' title="bbox 1776 4438 3306 4510; baseline -0.001 -16"><span class='ocrx_word' id='word_1_805' title='bbox 1776 4456 1998 4510; x_wconf 88' lang='lat' dir='ltr'><strong>vespere</strong></span> <span class='ocrx_word' id='word_1_806' title='bbox 2031 4438 2249 4494; x_wconf 86' lang='lat' dir='ltr'><strong>Sabbati</strong></span> <span class='ocrx_word' id='word_1_807' title='bbox 2284 4441 2520 4495; x_wconf 89' lang='lat' dir='ltr'><strong>solemus</strong></span> <span class='ocrx_word' id='word_1_808' title='bbox 2547 4441 2752 4508; x_wconf 84' lang='lat' dir='ltr'><strong>jejunia</strong></span> <span class='ocrx_word' id='word_1_809' title='bbox 2798 4442 3052 4509; x_wconf 88' lang='lat' dir='ltr'><strong>polluere,</strong></span> <span class='ocrx_word' id='word_1_810' title='bbox 3081 4441 3175 4495; x_wconf 86' lang='lat' dir='ltr'><strong>sed</strong></span> <span class='ocrx_word' id='word_1_811' title='bbox 3207 4458 3306 4495; x_wconf 79' lang='lat' dir='ltr'><strong>no—</strong></span> 
     </span>
    </p>
   </div>
   <div class='ocr_carea' id='block_1_107' title="bbox 1775 4527 3307 4598">
    <p class='ocr_par' dir='ltr' id='par_1_107' title="bbox 1775 4527 3307 4598">
     <span class='ocr_line' id='line_1_107' title="bbox 1775 4527 3307 4598; baseline 0.001 -17"><span class='ocrx_word' id='word_1_812' title='bbox 1775 4535 1859 4581; x_wconf 90' lang='lat' dir='ltr'><strong>cte</strong></span> <span class='ocrx_word' id='word_1_813' title='bbox 1882 4527 2111 4581; x_wconf 89' lang='lat' dir='ltr'><strong>medium</strong></span> <span class='ocrx_word' id='word_1_814' title='bbox 2141 4542 2361 4581; x_wconf 88' lang='lat' dir='ltr'><strong>cursum</strong></span> <span class='ocrx_word' id='word_1_815' title='bbox 2408 4528 2520 4597; x_wconf 85' lang='lat' dir='ltr'><strong>jam</strong></span> <span class='ocrx_word' id='word_1_816' title='bbox 2553 4537 2785 4590; x_wconf 85' lang='lat' dir='ltr'><strong>tenente,</strong></span> <span class='ocrx_word' id='word_1_817' title='bbox 2812 4536 2904 4581; x_wconf 90' lang='lat' dir='ltr'><strong>aut</strong></span> <span class='ocrx_word' id='word_1_818' title='bbox 2941 4532 3083 4582; x_wconf 87' lang='lat' dir='ltr'><strong>circa</strong></span> <span class='ocrx_word' id='word_1_819' title='bbox 3110 4531 3307 4598; x_wconf 86' lang='lat' dir='ltr'><strong>gallici-</strong></span> 
     </span>
    </p>
   </div>
   <div class='ocr_carea' id='block_1_108' title="bbox 1774 4617 3305 4686">
    <p class='ocr_par' dir='ltr' id='par_1_108' title="bbox 1774 4617 3305 4686">
     <span class='ocr_line' id='line_1_108' title="bbox 1774 4617 3305 4686; baseline 0.001 -16"><span class='ocrx_word' id='word_1_820' title='bbox 1774 4618 1920 4670; x_wconf 88' lang='lat' dir='ltr'><strong>nium</strong></span> <span class='ocrx_word' id='word_1_821' title='bbox 1939 4617 2021 4669; x_wconf 88' lang='lat' dir='ltr'><strong>vel</strong></span> <span class='ocrx_word' id='word_1_822' title='bbox 2040 4631 2289 4671; x_wconf 91' lang='lat' dir='ltr'><strong>auroram</strong></span> <span class='ocrx_word' id='word_1_823' title='bbox 2318 4636 2331 4671; x_wconf 91' lang='lat'><strong>:</strong></span> <span class='ocrx_word' id='word_1_824' title='bbox 2365 4617 2439 4670; x_wconf 89' lang='lat' dir='ltr'><strong>ita</strong></span> <span class='ocrx_word' id='word_1_825' title='bbox 2469 4627 2526 4671; x_wconf 93' lang='lat' dir='ltr'><strong>ut</strong></span> <span class='ocrx_word' id='word_1_826' title='bbox 2548 4625 2601 4671; x_wconf 91' lang='lat' dir='ltr'><strong>et</strong></span> <span class='ocrx_word' id='word_1_827' title='bbox 2622 4617 2764 4672; x_wconf 82' lang='lat' dir='ltr'><strong>facto</strong></span> <span class='ocrx_word' id='word_1_828' title='bbox 2793 4617 2910 4686; x_wconf 92' lang='lat' dir='ltr'><strong>ipso</strong></span> <span class='ocrx_word' id='word_1_829' title='bbox 2932 4626 2985 4672; x_wconf 88' lang='lat' dir='ltr'><strong>et</strong></span> <span class='ocrx_word' id='word_1_830' title='bbox 3014 4619 3305 4672; x_wconf 84' lang='lat' dir='ltr'><strong>inveterata</strong></span> 
     </span>
    </p>
   </div>
   <div class='ocr_carea' id='block_1_109' title="bbox 1774 4702 3304 4773">
    <p class='ocr_par' dir='ltr' id='par_1_109' title="bbox 1774 4702 3304 4773">
     <span class='ocr_line' id='line_1_109' title="bbox 1774 4702 3304 4773; baseline -0.001 -13"><span class='ocrx_word' id='word_1_831' title='bbox 1774 4706 1828 4760; x_wconf 92' lang='lat' dir='ltr'><strong>in</strong></span> <span class='ocrx_word' id='word_1_832' title='bbox 1852 4705 1941 4759; x_wconf 89' lang='lat' dir='ltr'><strong>Dei</strong></span> <span class='ocrx_word' id='word_1_833' title='bbox 1972 4702 2226 4759; x_wconf 87' lang='lat' dir='ltr'><strong>Ecclesiis</strong></span> <span class='ocrx_word' id='word_1_834' title='bbox 2252 4706 2658 4766; x_wconf 90' lang='lat' dir='ltr'><strong>consuetudine,</strong></span> <span class='ocrx_word' id='word_1_835' title='bbox 2701 4714 2911 4773; x_wconf 89' lang='lat' dir='ltr'><strong>tempus</strong></span> <span class='ocrx_word' id='word_1_836' title='bbox 2945 4705 3304 4773; x_wconf 79' lang='lat' dir='ltr'><strong>signiﬁcatum</strong></span> 
     </span>
    </p>
   </div>
   <div class='ocr_carea' id='block_1_110' title="bbox 1775 4794 3305 4863">
    <p class='ocr_par' dir='ltr' id='par_1_110' title="bbox 1775 4794 3305 4863">
     <span class='ocr_line' id='line_1_110' title="bbox 1775 4794 3305 4863; baseline 0.001 -16"><span class='ocrx_word' id='word_1_837' title='bbox 1775 4810 1869 4863; x_wconf 88' lang='lat' dir='ltr'><strong>per</strong></span> <span class='ocrx_word' id='word_1_838' title='bbox 1896 4794 2056 4847; x_wconf 84' lang='lat' dir='ltr'><strong>verba</strong></span> <span class='ocrx_word' id='word_1_839' title='bbox 2090 4811 2204 4848; x_wconf 79' lang='lat' dir='ltr'><strong>sero</strong></span> <span class='ocrx_word' id='word_1_840' title='bbox 2240 4794 2614 4854; x_wconf 85' lang='lat' dir='ltr'><strong>Sabbatorum,</strong></span> <span class='ocrx_word' id='word_1_841' title='bbox 2648 4794 2788 4846; x_wconf 88' lang='lat' dir='ltr'><strong>haud</strong></span> <span class='ocrx_word' id='word_1_842' title='bbox 2816 4795 3117 4861; x_wconf 89' lang='lat' dir='ltr'><strong>vespertina</strong></span> <span class='ocrx_word' id='word_1_843' title='bbox 3173 4795 3305 4848; x_wconf 83' lang='lat' dir='ltr'><strong>hora</strong></span> 
     </span>
    </p>
   </div>
   <div class='ocr_carea' id='block_1_111' title="bbox 1775 4882 3305 4951">
    <p class='ocr_par' dir='ltr' id='par_1_111' title="bbox 1775 4882 3305 4951">
     <span class='ocr_line' id='line_1_111' title="bbox 1775 4882 3305 4951; baseline -0.004 -12"><span class='ocrx_word' id='word_1_844' title='bbox 1775 4885 1864 4948; x_wconf 90' lang='lat' dir='ltr'><strong>sit,</strong></span> <span class='ocrx_word' id='word_1_845' title='bbox 1888 4884 1980 4937; x_wconf 90' lang='lat' dir='ltr'><strong>sed</strong></span> <span class='ocrx_word' id='word_1_846' title='bbox 2007 4897 2169 4951; x_wconf 90' lang='lat' dir='ltr'><strong>quam</strong></span> <span class='ocrx_word' id='word_1_847' title='bbox 2221 4883 2497 4937; x_wconf 74' lang='lat' dir='ltr'><strong>Matthzeus</strong></span> <span class='ocrx_word' id='word_1_848' title='bbox 2525 4884 2740 4936; x_wconf 80' lang='lat' dir='ltr'><strong>exhibet</strong></span> <span class='ocrx_word' id='word_1_849' title='bbox 2765 4882 2892 4935; x_wconf 87' lang='lat' dir='ltr'><strong>dum</strong></span> <span class='ocrx_word' id='word_1_850' title='bbox 2930 4884 3004 4934; x_wconf 91' lang='lat' dir='ltr'><strong>ait</strong></span> <span class='ocrx_word' id='word_1_851' title='bbox 3030 4900 3044 4935; x_wconf 91' lang='lat'>:</span> <span class='ocrx_word' id='word_1_852' title='bbox 3096 4898 3210 4951; x_wconf 77' lang='lat' dir='ltr'><strong>qua:</strong></span> <span class='ocrx_word' id='word_1_853' title='bbox 3247 4885 3305 4934; x_wconf 78' lang='lat' dir='ltr'><strong>il-</strong></span> 
     </span>
    </p>
   </div>
   <div class='ocr_carea' id='block_1_112' title="bbox 1775 4970 3303 5040">
    <p class='ocr_par' dir='ltr' id='par_1_112' title="bbox 1775 4970 3303 5040">
     <span class='ocr_line' id='line_1_112' title="bbox 1775 4970 3303 5040; baseline 0 -13"><span class='ocrx_word' id='word_1_854' title='bbox 1775 4975 1980 5027; x_wconf 77' lang='lat' dir='ltr'><strong>lucescit</strong></span> <span class='ocrx_word' id='word_1_855' title='bbox 2002 4974 2056 5025; x_wconf 85' lang='lat' dir='ltr'><strong>in</strong></span> <span class='ocrx_word' id='word_1_856' title='bbox 2083 4990 2240 5025; x_wconf 86' lang='lat' dir='ltr'><strong>unam</strong></span> <span class='ocrx_word' id='word_1_857' title='bbox 2258 4972 2626 5027; x_wconf 81' lang='lat' dir='ltr'><strong>Sabbatorum.</strong></span> <span class='ocrx_word' id='word_1_858' title='bbox 2643 4970 2823 5040; x_wconf 79' lang='lat' dir='ltr'><strong>Neque</strong></span> <span class='ocrx_word' id='word_1_859' title='bbox 2854 4972 2996 5025; x_wconf 89' lang='lat' dir='ltr'><strong>enim</strong></span> <span class='ocrx_word' id='word_1_860' title='bbox 3026 4976 3303 5027; x_wconf 78' lang='lat' dir='ltr'><strong>commode</strong></span> 
     </span>
    </p>
   </div>
   <div class='ocr_carea' id='block_1_113' title="bbox 1776 5058 3301 5128">
    <p class='ocr_par' dir='ltr' id='par_1_113' title="bbox 1776 5058 3301 5128">
     <span class='ocr_line' id='line_1_113' title="bbox 1776 5058 3301 5128; baseline -0.001 -14"><span class='ocrx_word' id='word_1_861' title='bbox 1776 5061 2097 5115; x_wconf 87' lang='lat' dir='ltr'><strong>accidissent</strong></span> <span class='ocrx_word' id='word_1_862' title='bbox 2120 5075 2338 5128; x_wconf 89' lang='lat' dir='ltr'><strong>vespere</strong></span> <span class='ocrx_word' id='word_1_863' title='bbox 2362 5058 2578 5112; x_wconf 80' lang='lat' dir='ltr'><strong>Sabbati</strong></span> <span class='ocrx_word' id='word_1_864' title='bbox 2596 5059 2720 5112; x_wconf 87' lang='lat' dir='ltr'><strong>talia</strong></span> <span class='ocrx_word' id='word_1_865' title='bbox 2743 5059 2983 5127; x_wconf 87' lang='lat' dir='ltr'><strong>prodigia</strong></span> <span class='ocrx_word' id='word_1_866' title='bbox 3009 5058 3153 5112; x_wconf 89' lang='lat' dir='ltr'><strong>circa</strong></span> <span class='ocrx_word' id='word_1_867' title='bbox 3175 5058 3301 5112; x_wconf 19' lang='lat' dir='ltr'><strong>Ser-1</strong></span> 
     </span>
    </p>
   </div>
   <div class='ocr_carea' id='block_1_114' title="bbox 1773 5148 3302 5217">
    <p class='ocr_par' dir='ltr' id='par_1_114' title="bbox 1773 5148 3302 5217">
     <span class='ocr_line' id='line_1_114' title="bbox 1773 5148 3302 5217; baseline -0.001 -12"><span class='ocrx_word' id='word_1_868' title='bbox 1773 5152 1975 5205; x_wconf 87' lang='lat' dir='ltr'><strong>vatoris</strong></span> <span class='ocrx_word' id='word_1_869' title='bbox 2023 5160 2459 5209; x_wconf 90' lang='lat' dir='ltr'><strong>monumentum,</strong></span> <span class='ocrx_word' id='word_1_870' title='bbox 2517 5164 2583 5202; x_wconf 91' lang='lat' dir='ltr'><strong>ne</strong></span> <span class='ocrx_word' id='word_1_871' title='bbox 2654 5148 2858 5203; x_wconf 88' lang='lat' dir='ltr'><strong>scilicet</strong></span> <span class='ocrx_word' id='word_1_872' title='bbox 2913 5148 3114 5217; x_wconf 86' lang='lat' dir='ltr'><strong>passim</strong></span> <span class='ocrx_word' id='word_1_873' title='bbox 3152 5153 3302 5204; x_wconf 78' lang='lat' dir='ltr'><strong>urbis</strong></span> 
     </span>
    </p>
   </div>
   <div class='ocr_carea' id='block_1_115' title="bbox 1776 5239 3301 5308">
    <p class='ocr_par' dir='ltr' id='par_1_115' title="bbox 1776 5239 3301 5308">
     <span class='ocr_line' id='line_1_115' title="bbox 1776 5239 3301 5308; baseline -0.003 -13"><span class='ocrx_word' id='word_1_874' title='bbox 1776 5242 1960 5296; x_wconf 66' lang='lat' dir='ltr'><strong>incola</strong></span> <span class='ocrx_word' id='word_1_875' title='bbox 1986 5254 2099 5294; x_wconf 87' lang='lat' dir='ltr'><strong>rem</strong></span> <span class='ocrx_word' id='word_1_876' title='bbox 2120 5247 2522 5304; x_wconf 76' lang='lat' dir='ltr'><strong>cognoscerent,</strong></span> <span class='ocrx_word' id='word_1_877' title='bbox 2539 5240 2791 5308; x_wconf 80' lang='lat' dir='ltr'><strong>ﬁeretque</strong></span> <span class='ocrx_word' id='word_1_878' title='bbox 2812 5253 3109 5294; x_wconf 89' lang='lat' dir='ltr'><strong>concursus</strong></span> <span class='ocrx_word' id='word_1_879' title='bbox 3130 5239 3198 5292; x_wconf 87' lang='lat' dir='ltr'><strong>ad</strong></span> <span class='ocrx_word' id='word_1_880' title='bbox 3218 5251 3301 5292; x_wconf 81' lang='lat' dir='ltr'><strong>tu—</strong></span> 
     </span>
    </p>
   </div>
   <div class='ocr_carea' id='block_1_116' title="bbox 1774 5330 3299 5400">
    <p class='ocr_par' dir='ltr' id='par_1_116' title="bbox 1774 5330 3299 5400">
     <span class='ocr_line' id='line_1_116' title="bbox 1774 5330 3299 5400; baseline -0.001 -16"><span class='ocrx_word' id='word_1_881' title='bbox 1774 5331 2005 5393; x_wconf 90' lang='lat' dir='ltr'><strong>mulum,</strong></span> <span class='ocrx_word' id='word_1_882' title='bbox 2027 5331 2367 5399; x_wconf 87' lang='lat' dir='ltr'><strong>vigilantibus</strong></span> <span class='ocrx_word' id='word_1_883' title='bbox 2397 5330 2663 5383; x_wconf 91' lang='lat' dir='ltr'><strong>omnibus.</strong></span> <span class='ocrx_word' id='word_1_884' title='bbox 2683 5330 3116 5384; x_wconf 78' lang='lat' dir='ltr'><strong>Consentaneum</strong></span> <span class='ocrx_word' id='word_1_885' title='bbox 3144 5333 3299 5400; x_wconf 86' lang='lat' dir='ltr'><strong>quip-</strong></span> 
     </span>
    </p>
   </div>
   <div class='ocr_carea' id='block_1_117' title="bbox 1774 5417 3298 5488">
    <p class='ocr_par' dir='ltr' id='par_1_117' title="bbox 1774 5417 3298 5488">
     <span class='ocr_line' id='line_1_117' title="bbox 1774 5417 3298 5488; baseline -0.001 -15"><span class='ocrx_word' id='word_1_886' title='bbox 1774 5436 1840 5488; x_wconf 91' lang='lat' dir='ltr'><strong>pe</strong></span> <span class='ocrx_word' id='word_1_887' title='bbox 1875 5427 2010 5482; x_wconf 86' lang='lat' dir='ltr'><strong>erat,</strong></span> <span class='ocrx_word' id='word_1_888' title='bbox 2036 5419 2209 5487; x_wconf 84' lang='lat' dir='ltr'><strong>lapidc</strong></span> <span class='ocrx_word' id='word_1_889' title='bbox 2236 5417 2537 5487; x_wconf 89' lang='lat' dir='ltr'><strong>prodigiose</strong></span> <span class='ocrx_word' id='word_1_890' title='bbox 2586 5419 2858 5480; x_wconf 88' lang='lat' dir='ltr'><strong>revoluto,</strong></span> <span class='ocrx_word' id='word_1_891' title='bbox 2894 5420 3072 5473; x_wconf 89' lang='lat' dir='ltr'><strong>statim</strong></span> <span class='ocrx_word' id='word_1_892' title='bbox 3102 5435 3298 5474; x_wconf 79' lang='lat' dir='ltr'><strong>convo-</strong></span> 
     </span>
    </p>
   </div>
   <div class='ocr_carea' id='block_1_118' title="bbox 1774 5506 3298 5580">
    <p class='ocr_par' dir='ltr' id='par_1_118' title="bbox 1774 5506 3298 5580">
     <span class='ocr_line' id='line_1_118' title="bbox 1774 5506 3298 5580; baseline 0.001 -14"><span class='ocrx_word' id='word_1_893' title='bbox 1774 5515 1881 5568; x_wconf 88' lang='lat' dir='ltr'><strong>lare</strong></span> <span class='ocrx_word' id='word_1_894' title='bbox 1916 5510 2189 5574; x_wconf 89' lang='lat' dir='ltr'><strong>custodes,</strong></span> <span class='ocrx_word' id='word_1_895' title='bbox 2225 5511 2358 5563; x_wconf 87' lang='lat' dir='ltr'><strong>hora</strong></span> <span class='ocrx_word' id='word_1_896' title='bbox 2396 5506 2448 5562; x_wconf 87' lang='lat' dir='ltr'><strong>id</strong></span> <span class='ocrx_word' id='word_1_897' title='bbox 2480 5509 2820 5573; x_wconf 83' lang='lat' dir='ltr'><strong>concedente,</strong></span> <span class='ocrx_word' id='word_1_898' title='bbox 2854 5512 2922 5564; x_wconf 89' lang='lat' dir='ltr'><strong>ad</strong></span> <span class='ocrx_word' id='word_1_899' title='bbox 2947 5524 3009 5564; x_wconf 89' lang='lat' dir='ltr'><strong>ea</strong></span> <span class='ocrx_word' id='word_1_900' title='bbox 3040 5526 3156 5580; x_wconf 70' lang='lat' dir='ltr'><strong>qua:</strong></span> <span class='ocrx_word' id='word_1_901' title='bbox 3179 5525 3298 5567; x_wconf 82' lang='lat' dir='ltr'><strong>eve-</strong></span> 
     </span>
    </p>
   </div>
  </div>
