3926 6388
284 361 419 418 959

919 375 1366 441 nonasnonas
1401 375 1860 431 maneamus.
1900 405 1965 414 —
2000 375 2313 442 QUASSTIO
2348 378 2413 430 ιιι
2450 377 2539 430 an
2577 361 2930 433 itARtNUM.’

3375 379 3474 433 9320

285 474 570 547 φοτέροις
601 480 716 541 τοῖς
743 482 1165 550 εῦαγγελισταῖς,
1195 487 1410 556 λέξομεν
1433 488 1564 556 ὁτιή
1596 488 1728 557 αὑτὴ
1749 488 1862 540 πολ-

1967 497 2251 557 utrumque
2285 487 2681 558 evangelistam,
2731 488 3012 542 dicendum
3065 488 3203 543 foret
3237 492 3474 543 eamdem

281 561 479 626 λάκις
511 565 610 617 ἐπὶί
621 567 726 620 τὸν-
745 571 906 624 αὑτὸν
922 574 1131 644 ἀπήντα
1154 576 1332 639 τόπον,
1374 575 1552 645 ἐπειδὴ
1577 571 1748 629 εἷλκεν
1771 577 1865 628 αὑ-

277 652 414 722 τὴν
440 655 489 723 ἡ·
512 655 772 726 ἔκπληξις
799 660 892 712 τοῦ
927 662 1238 731 πράγματος
1259 665 1348 716 καὶ
1375 665 1406 733 ἠ
1429 665 1519 715 ἐπὶ
1543 664 1619 733 τῷ
1634 664 1866 731 γεγονότι

276 743 497 812 χαρά·
536 744 723 816 πρώτη
762 749 937 802 τοίνυν
970 752 1314 821 ἀπαντήσασα
1340 754 1427 806 καὶ
1469 751 1652 823 πρώτη
1682 752 1864 806 τεθεα-

279 833 455 903 μένη
488 834 565 887 τὰ
585 835 736 906 παρά
760 838 838 906 τῷ
886 840 1118 911 Ἰωάννῃ,
1148 841 1516 911 ἐσπευσμένως
1539 841 1698 910 ἀπῄει
1735 841 1865 912 πρὸς

275 923 439 986 τοὺς
477 925 814 989 ἀποστόλους
833 927 894 980 τὸ
921 929 1150 998 πρῶτον,
1171 930 1267 1000 τήν
1296 931 1386 984 τοῦ
1423 933 1692 1002 μνήματος
1723 933 1865 985 ἄνοια

278 1011 385 1076 ξιν
411 1015 864 1083 ἀπαγγέλλουσα’
885 1015 978 1070 εἷθ’
1004 1019 1116 1088 ἅμα
1143 1019 1237 1089 τήν
1253 1020 1535 1074 ἀνάστασιν
1554 1021 1863 1091 τεθεαμένη,

275 1102 616 1172 ἐδυσφόρει
656 1106 947 1158 ὑπονοοῦσα
977 1103 1136 1177 ἦρθαι
1166 1109 1224 1160 τὸ
1251 1110 1404 1178 σῶμα
1443 1110 1533 1161 τοῦ
1570 1109 1737 1178 Ἰησοῦ
1764 1111 1866 1162 ἀπὸ

276 1191 395 1243 τοῦ
437 1197 755 1263 μνήματος,
793 1196 864 1266 μή
891 1196 1083 1248 εἰδέναι
1124 1215 1185 1249 τε
1217 1200 1343 1251 ὅπου
1375 1200 1594 1251 τέθειτο·
1631 1195 1724 1251 εἶτ’
1774 1202 1867 1252 ἐπ-

276 1280 469 1350 ανῄει
505 1282 759 1353 δεύτερον
800 1286 891 1337 σὺν
931 1285 1105 1348 αὐτοῖς
1144 1288 1232 1338 ἐπὶ
1262 1287 1322 1338 τὸ
1355 1291 1557 1356 μνῆμα·
1586 1289 1657 1349 ὼς
1691 1288 1732 1340 δ’
1772 1289 1867 1339 ἐπ-

279 1371 596 1441 έστρεφον
611 1373 788 1426 οἴκαδε
803 1378 1011 1438 ἐκεῖνοι,
1033 1377 1162 1446 μόνη
1177 1377 1329 1430 πάλιν
1342 1378 1712 1440 ἀπολειφθεῖσα
1727 1381 1780 1430 ἐν
1793 1379 1867 1448 τῷ

277 1460 491 1531 τόπῳ,
521 1463 742 1517 ἔκλαιεν
778 1467 984 1520 ἑστῶσα
1010 1484 1024 1498 ο
1052 1464 1166 1520 εἶτα
1189 1467 1280 1520 τοῦ
1321 1472 1586 1538 μνήματος
1615 1470 1740 1522 εἴσω
1757 1471 1867 1522 δια-

279 1549 569 1613 κύψασα,
597 1555 723 1615 τοὺς
753 1555 843 1607 δύο
862 1556 1114 1623 ἀγγέλους
1129 1556 1362 1626 ἐθεώρει’
1387 1559 1567 1610 ἔπειτα
1589 1560 1678 1610 καὶ
1711 1560 1867 1611 αὑτὸν

276 1642 400 1708 ὁρᾷ
440 1641 553 1693 τὸν
584 1641 838 1713 Σωτῆραο
873 1644 950 1708 ὃς,
985 1645 1164 1716 ἐπειδὴ
1193 1645 1444 1699 κλαίουσα
1484 1649 1746 1717 εἱστήκει,
1786 1649 1869 1700 ἀν⁴

278 1729 621 1798 θρωπίνως
642 1731 698 1783 δὲ
719 1733 811 1784 καὶ
835 1734 1114 1797 ταπεινῶς,
1139 1735 1212 1796 ὡς
1227 1735 1290 1787 ἂν
1312 1735 1597 1797 κλαπέντος
1628 1735 1867 1804 σώματος

1962 592 2100 646 saepe
2123 577 2176 630 in
2203 577 2444 632 eumdem
2474 577 2648 632 locum
2687 577 2916 642 venisse,
2943 592 3102 646 quam
3149 577 3354 632 scilicet
3397 585 3478 631 at-

1962 666 2206 720 trahebat
2228 666 2508 721 admiratio
2529 668 2604 720 rei
2637 673 2795 734 gesta:
2819 673 2870 720 et
2892 681 3175 722 successus
3201 666 3473 736 gaudium.

1962 755 2138 810 Prima
2165 756 2326 826 igitur
2349 757 2474 812 illuc
2506 756 2764 826 profecta,
2795 756 3069 824 primaque
3098 771 3299 819 rerum,
3342 771 3477 826 quas

1963 841 2211 898 Ioannes.
2236 849 2454 910 narrat,
2472 843 2784 911 spectatrix,
2834 841 3146 896 festinanter
3176 843 3384 898 redibat
3412 843 3478 896 ad

1962 933 2264 1002 apostolos;
2309 932 2568 1002 principio
2623 931 2835 1000 quidem
2885 930 3114 998 sepulcri
3153 933 3476 999 apertionem

1963 1021 2216 1076 nuntians
2247 1041 2260 1076 :
2294 1021 2504 1085 deinde,
2527 1035 2826 1089 quanquam
2855 1019 3298 1073 resurrectionem
3329 1021 3478 1072 vide-

1967 1118 2072 1178 rat,
2103 1111 2397 1180 angebatur
2429 1110 2775 1164 nihilominus
2803 1109 3108 1177 suspicione
3138 1123 3205 1160 ne
3234 1108 3353 1176 quis
3383 1123 3478 1176 po-

1967 1201 2074 1254 tius
2097 1198 2224 1256 Jesu
2265 1215 2459 1270 corpus
2510 1215 2540 1253 e
2584 1207 2927 1253 monumento
2972 1197 3300 1259 abstulisset,
3336 1198 3477 1266 quod

1966 1287 2234 1342 nesciebat
2267 1302 2497 1356 quonam
2531 1294 2670 1342 esset
2704 1286 3044 1340 translatum.
3081 1284 3214 1337 Exin
3244 1284 3477 1338 secundo

1965 1377 2074 1430 ibat
2099 1391 2219 1429 cum
2251 1377 2507 1444 apostolis
2544 1376 2610 1429 ad
2647 1384 3071 1430 monumentum.
3103 1375 3392 1442 Postquam
3426 1375 3478 1427 bi

1963 1464 2178 1518 domum
2225 1464 2424 1518 reversi
2471 1473 2616 1527 sunt,
2665 1465 2778 1517 sola
2807 1480 2995 1518 rursus
3021 1465 3074 1516 in
3122 1465 3240 1516 loco
3272 1463 3474 1526 relicta,

1963 1551 2093 1604 ﬂens
2127 1551 2199 1604 ibi
2231 1551 2576 1604 subsistebat.
2605 1550 2803 1604 Deinde
2849 1551 2903 1603 in
2945 1558 3347 1604 monumentum
3406 1549 3481 1602 in-

1966 1640 2281 1708 trospiciens
2331 1640 2466 1695 duos
2513 1640 2731 1708 angelos
2777 1638 2912 1693 vidit
2966 1658 2978 1693 :
3032 1640 3260 1707 denique
3307 1640 3478 1708 ipsum

1965 1730 2135 1782 oculis
2186 1729 2302 1797 ejus
2347 1729 2583 1783 oblatum
2615 1728 2952 1783 Servatorem
2996 1747 3008 1781 :
3059 1744 3216 1797 quam
3253 1729 3324 1782 ibi
3357 1743 3479 1781 cum

277 1818 512 1879 αὐτοῦ,
557 1819 872 1890 διακειμένη
892 1861 907 1885 ,
939 1823 1126 1888 ἀνάξιά
1153 1840 1211 1878 τε
1241 1826 1364 1892 περὶ
1390 1823 1548 1876 αὑτοῦ
1583 1824 1862 1893 φρονοῦσα,

1965 1819 2091 1872 lletu
2127 1819 2432 1880 haerentem,
2480 1829 2531 1872 et
2577 1834 2640 1872 ex
2689 1819 2936 1871 humanae
2964 1818 3291 1872 infirmitatis
3321 1827 3480 1888 atque

280 1907 543 1974 πρῶτον
594 1908 693 1976 μὲν
742 1909 906 1978 αὐτὴν
946 1913 1177 1976 γυναῖκα
1203 1911 1489 1980 ὀνομάζει,
1535 1913 1866 1982 ἐπιπλήττων

278 1994 445 2064 αὐτῇ
482 1997 589 2048 καὶ
613 1996 880 2059 ὀνειδίζων
919 1999 978 2049 τὸ
1015 2002 1308 2064 γυναικεῖον
1345 1999 1534 2062 πόιθος⁸
1566 2001 1643 2052 διό
1689 2017 1864 2070 φησιν,

277 2084 521 2153 γύναι,
550 2086 614 2136 τι
654 2086 910 2150 κλαίεις;
936 2081 1050 2139 εἴτά
1077 2105 1232 2156 φησιν
1270 2089 1399 2158 πρὸς
1425 2090 1606 2158 αὑτήν·
1642 2091 1827 2156 Μαρία
1852 2109 1864 2122 ·

278 2172 384 2228 διὰ
422 2171 540 2224 τοῦ
573 2172 839 2240 ὀνόματος
866 2173 1027 2243 αὐτὴν
1068 2176 1260 2245 ἐαυτῆς
1299 2177 1714 2246 ὑπομιμνήσκων
1737 2216 1750 2239 ,
1779 2178 1870 2230 καὶ

278 2259 406 2312 τῶν
446 2259 636 2312 πάλαι
671 2260 805 2330 πρὸς
828 2261 990 2331 αὑτήν
1021 2279 1078 2314 τε
1114 2265 1204 2315 καὶ
1235 2266 1356 2326 τοὺς
1395 2265 1604 2328 λοιποὺς
1632 2266 1868 2336 μαθητὰς

283 2347 438 2417 περὶ
475 2347 590 2415 τῆς
621 2348 960 2411 ἀναστάσεως
979 2350 1134 2402 αὑτοῦ
1158 2351 1339 2419 λόγων’
1370 2354 1401 2422 ή
1427 2353 1470 2404 δ’
1495 2356 1570 2416 είς
1592 2354 1869 2425 συναίσθη-

283 2453 383 2488 σιν
411 2435 690 2500 ἐλθοῦσα,
716 2437 806 2488 καὶ
833 2437 885 2489 τί
921 2454 1044 2490 ποτε
1065 2435 1129 2509 ἦν
1159 2441 1262 2493 ἀπὸ
1301 2442 1398 2508 τῆς
1436 2443 1610 2512 φωνῆς
1651 2443 1739 2496 καὶ
1774 2445 1868 2513 τῆς

280 2525 389 2578 τοῦ
415 2524 608 2592 λόγου,
636 2524 909 2595 δυνάμεως
954 2529 1254 2596 ἐπιγνοῦσα,
1294 2531 1590 2590 Ῥαϐὂῗουνί
1612 2550 1766 2602 φησιν
1787 2573 1800 2597 ,
1839 2533 1866 2585 ὃ

286 2615 440 2686 μεθε
449 2632 492 2686 ρ
497 2615 796 2686 μηνεύεται
821 2616 1159 2676 διδάσκαλε.

367 2883 458 2953 βυ.
503 2877 627 2935 Εἶτ’
656 2881 838 2950 ἐπειδὴ
865 2880 938 2942 ὡς
964 2883 1255 2953 διδασκάλῳ
1288 2885 1441 2954 αὐτῷ.
1459 2885 1536 2938 ἔτι
1569 2888 1658 2939 καὶ
1679 2889 1772 2956 οὐχ
1791 2889 1864 2950 ὡς

280 2971 416 3041 Θεῷ
443 2969 744 3039 προσιέναι
766 2971 982 3040 ὡρμᾶτο
998 3010 1011 3033 ,
1033 2971 1295 3024 ἀναίνεται
1314 2974 1747 3044 καιπαραιτεῖται
1772 2975 1866 3028 αὐ-

279 3061 393 3129 τὴν
413 3097 431 3120 ,
477 3055 586 3121 Μή
611 3074 730 3124 μου
760 3056 973 3110 ἅπτου·
1002 3055 1164 3125 θνητά
1188 3057 1294 3124 γὰρ
1315 3057 1391 3108 ἔτι
1424 3058 1683 3127 φρονοῦσα
1703 3099 1717 3121 ,
1767 3059 1862 3126 οὐχ

281 3149 378 3200 οἵα
413 3163 488 3199 τε
522 3141 598 3214 ἦν
630 3148 727 3214 τῆς
755 3145 914 3198 αὑτοῦ
950 3145 1191 3214 θεότητος
1216 3145 1380 3212 θίγειν
1401 3163 1412 3175 ⁸
1446 3147 1562 3199 οὺδέ
1595 3147 1698 3217 γὰρ
1722 3147 1862 3212 ἄξιον

279 3234 357 3308 ἦν
379 3238 504 3306 τὴν
537 3235 623 3287 ἔτι
645 3235 931 3290 κλαίουσαν
951 3275 965 3298 ,
996 3235 1087 3290 καὶ
1107 3235 1252 3287 κάτω
1271 3254 1333 3288 πε
1341 3237 1394 3306 pi.
1416 3237 1482 3289 τὰ
1507 3239 1754 3306 μνήματα
1775 3239 1864 3290 καὶ

280 3327 522 3392 τάφους
561 3318 653 3374 οἷα
687 3322 876 3392 νεκρὸν
910 3321 1167 3389 ζητοῦσαν
1199 3322 1384 3384 αὐτὸν,
1430 3324 1650 3376 ταπεινά
1682 3340 1739 3374 τε
1776 3325 1864 3375 καὶ

276 3414 640 3485 ἀνθρώπινα
662 3413 789 3480 περὶ
810 3411 970 3464 αὑτοῦ
995 3410 1306 3475 δοξάζουσαν
1327 3453 1339 3475 ,
1357 3412 1452 3480 τῆς
1475 3413 1682 3481 ἐπαφῆς
1704 3412 1862 3464 αὑτοῦ

281 3503 633 3556 κοινωνεῖν·
678 3500 757 3552 διὸ
791 3499 890 3568 τήν
930 3498 1102 3551 αἰτίαν
1137 3499 1432 3569 ἀπήλεγχεν
1455 3541 1468 3563 ,
1507 3504 1578 3572 μὴ
1624 3503 1740 3573 γὰρ.
1771 3505 1862 3556 ἀν-

279 3589 823 3663 εληλυθέναιλοῦπω
854 3591 1030 3658 φησιν,
1057 3591 1175 3641 ὅσον
1203 3591 1262 3642 τὸ
1283 3591 1364 3641 ἐπ’
1396 3593 1578 3662 αὐτὴν,
1614 3595 1744 3663 πρὸς
1774 3594 1863 3646 τὸν

279 3685 537 3753 Πατέρα
558 3722 574 3745 ,
607 3681 730 3733 ἐπεὶ
763 3680 837 3750 μὴ
864 3679 1002 3731 τοῦτ’
1021 3680 1328 3733 ἐπίστευσεν
1349 3681 1650 3748 γεγονέναι,
1679 3685 1863 3755 νεκρὸν

277 3775 340 3828 δέ
399 3793 522 3827 που
574 3772 788 3824 κεῖσθαι
819 3770 974 3824 αὑτὸν
1015 3769 1145 3839 ᾧετο
1166 3790 1180 3802 ·
1218 3771 1294 3823 διό
1327 3789 1482 3841 φησιν
1517 3774 1649 3843 πρὸς
1681 3775 1860 3844 αὑτήν·

274 3867 388 3934 βιή
420 3881 561 3933 μου
600 3861 790 3915 ἅπτου
811 3901 826 3925 ,
867 3861 1083 3928 τοιαύτη
1109 3879 1187 3922 τις
1215 3857 1344 3914 οὖσα
1377 3864 1466 3913 καὶ
1489 3863 1702 3918 τοιαῦτα
1743 3866 1864 3932 περὶ

278 3954 437 4024 ἐμοῦ
487 3949 852 4018 λογιζομένη⁹
885 3949 966 4000 σοὶ
1009 3950 1114 4018 γὰρ
1146 3949 1272 4010 Θεὸς
1299 3947 1446 4004 οὔπω
1475 3953 1858 4020 πεπίστευμαι·

277 4046 375 4097 σοὶ
407 4043 503 4095 ἔτι
550 4039 707 4092 κάτω
744 4034 877 4089 εἶναι
905 4037 1210 4106 λελόγισμαι
1231 4054 1246 4069 ο
1287 4038 1422 4091 οῦτω
1461 4039 1556 4109 τὴν
1586 4040 1862 4094 κλαίουσαν

277 4135 387 4188 καὶ
433 4132 688 4196 δόξασαν
715 4127 873 4180 αὑτὸν
902 4123 1034 4180 εἶναι
1065 4127 1154 4178 τὸν
1177 4129 1469 4198 κηπουρὸν,
1517 4129 1601 4182 διά
1647 4131 1740 4198 μὲν
1771 4131 1860 4182 τοῦ

274 4223 386 4289 Μή
414 4238 556 4290 μου
580 4217 772 4271 ἅπτου
793 4216 1118 4286 ἀπέστρεφεν
1142 4217 1474 4286 ἐπιπλήττων
1493 4219 1623 4288 αὐτῇ
1643 4236 1656 4249 ο
1678 4219 1749 4281 ὡς
1772 4221 1862 4272 καὶ

272 4313 376 4369 διὰ
411 4309 524 4362 τοῦ
553 4309 790 4373 γυναῖκα
819 4305 1123 4368 καλεῖν,καὶ
1153 4305 1238 4358 διὰ
1255 4305 1344 4358 τοῦ
1373 4306 1565 4374 λέγειν,
1603 4309 1662 4360 Τί
1693 4309 1859 4360 iulat-

1965 1905 2283 1960 bumilitatis
2315 1907 2572 1961 instinctu
2600 1906 2739 1960 furto
2777 1908 3011 1960 ablatum
3041 1923 3237 1975 corpus
3261 1909 3481 1962 creden-

1965 2004 2090 2060 tem,
2115 2005 2272 2066 atque
2302 1997 2518 2066 indigna
2542 1995 2606 2050 de
2625 1997 2742 2064 ipso
2774 1997 3106 2059 sentientem,
3133 1995 3288 2051 Jesus
3309 1997 3480 2065 primo

1964 2087 2241 2141 mulierem
2271 2088 2517 2156 appellat,
2546 2087 2828 2156 increpans
2860 2093 3017 2155 atque
3049 2087 3379 2157 erprobrans
3405 2083 3482 2138 fe—

1966 2177 2193 2230 mineam
2242 2177 2408 2229 animi
2455 2177 2821 2246 aegritudinem
2861 2193 2876 2230 :
2930 2176 3071 2229 unde
3121 2175 3213 2237 ait,
3274 2175 3477 2236 mulier,

1965 2265 2086 2334 quid
2108 2263 2320 2332 ploras?
2345 2264 2542 2319 Deinde
2573 2265 2738 2329 addit,
2771 2263 2980 2327 Maria;
3034 2271 3090 2315 ut
3137 2263 3226 2315 illa
3269 2263 3483 2316 nomine

1965 2355 2233 2408 admonita
2263 2353 2328 2406 ad
2355 2361 2586 2406 mentem
2629 2361 2993 2414 revocaretur,
3049 2358 3206 2418 atque
3239 2361 3296 2404 ut
3344 2351 3482 2403 anti-

1964 2455 2187 2511 quarum
2210 2441 2555 2511 sponsionum
2580 2450 2690 2494 tum
2717 2441 2820 2511 ipsi
2848 2449 2960 2494 tum
2993 2441 3213 2509 reliquis
3245 2441 3482 2509 discipu-

1964 2531 2032 2586 lis
2064 2530 2129 2585 de
2177 2531 2376 2586 Christi
2427 2530 2819 2585 resurrectione
2871 2528 3133 2582 factarum
3174 2528 3483 2582 recordare-

1962 2629 2070 2676 tur.
2103 2622 2194 2675 Illa
2223 2624 2400 2680 animo
2426 2638 2492 2676 ex
2520 2619 2854 2676 aberratione
2883 2629 3112 2689 recepto,
3149 2620 3304 2688 vique
3334 2619 3480 2671 vocis

1963 2724 2026 2762 ac
2052 2710 2331 2764 verborum
2359 2710 2538 2779 agnita
2578 2708 2808 2762 Rabbom‘
2855 2709 3058 2776 inquit;
3100 2722 3204 2776 qua
3246 2721 3373 2760 voce
3409 2707 3480 2762 si-

1961 2797 2240 2868 gniﬁcatur
2263 2799 2525 2866 magister.

2029 2885 2084 2940 2.
2118 2883 2235 2938 Mox
2267 2885 2333 2938 ad
2370 2885 2518 2940 illum
2565 2883 2740 2938 adhuc
2785 2891 2842 2936 ut
2887 2883 3223 2954 magistrum,
3273 2895 3378 2934 non
3423 2889 3481 2932 ut

1961 2973 2148 3038 Deum,
2179 2973 2432 3030 accedere
2457 2982 2706 3044 properat
2732 2993 2745 3028 :
2768 2989 2872 3043 qua
2897 2974 2984 3028 ille
3015 2973 3277 3042 prohibita
3304 2977 3354 3025 et
3388 2969 3480 3023 de-

1962 3064 2144 3118 territa
2172 3064 2266 3126 ait,
2297 3062 2422 3117 Noli
2446 3080 2523 3117 me
2555 3073 2778 3132 tangere.
2809 3062 2940 3115 Nam
2977 3078 3093 3132 quae
3125 3063 3356 3114 humana
3393 3060 3480 3112 ad-

1961 3153 2064 3209 huc
2090 3153 2346 3221 sapiebat,
2393 3169 2503 3206 non
2547 3160 2662 3206 erat
2695 3153 2854 3222 digna
2897 3152 3222 3205 divinitatem
3253 3151 3368 3219 ejus
3401 3159 3480 3200 at-

1962 3243 2200 3310 tingere:
2233 3257 2404 3310 neque
2447 3256 2543 3310 par
2591 3249 2706 3294 erat
2740 3243 2905 3304 illam,
2939 3256 3055 3307 qua:
3089 3241 3262 3294 adhuc
3299 3240 3473 3299 ﬂebat,

1959 3339 2012 3383 et
2041 3328 2218 3385 Jesnm
2253 3330 2458 3383 inferne
2483 3329 2538 3382 in
2565 3331 2924 3382 monumentis
2951 3329 3314 3397 sepulcrisque
3335 3344 3478 3396 quae-

1959 3421 2127 3483 rebat,
2153 3428 2310 3490 atque
2348 3419 2617 3472 humiliter
2661 3428 2713 3473 et
2741 3418 2946 3472 infirme
2969 3418 3033 3472 de
3072 3419 3159 3471 illo
3192 3419 3470 3481 sentiebat,

1961 3509 2118 3573 baud,
2157 3511 2397 3580 inquam,
2431 3524 2642 3578 aequum
2676 3517 2789 3562 erat
2826 3517 3104 3562 contactus
3132 3507 3245 3574 ejus
3267 3521 3476 3574 compo-

1959 3606 2062 3650 tem
2101 3597 2232 3656 ﬁeri.
2281 3597 2633 3662 Quamobrem
2677 3594 2833 3650 Jcsus
2881 3611 3098 3650 causam
3143 3609 3354 3663 quoque
3398 3595 3473 3647 rei

1959 3687 2147 3755 aperit,
2197 3686 2431 3740 nondum
2480 3701 2537 3740 se
2582 3685 2886 3739 ascendisse
2932 3684 3208 3756 (quantum
3256 3682 3319 3735 ad
3357 3697 3473 3734 eam

1958 3775 2240 3842 attineret)
2294 3775 2356 3828 ad
2407 3773 2616 3827 Patrem
2669 3775 2884 3838 dicens;
2934 3773 3185 3841 quoniam
3235 3771 3347 3840 ipsa
3399 3772 3473 3823 rei

1959 3877 2114 3935 gestae
2145 3866 2296 3919 [idem
2328 3864 2563 3918 nondum
2589 3864 2889 3926 adhibebat,
2923 3879 3084 3931 seque
3105 3870 3370 3916 mortuum
3392 3863 3473 3930 ja-

1957 3970 2075 4008 cere
2099 3953 2316 4022 putabat
2334 3972 2345 4004 :
2363 3954 2585 4020 ideoque
2615 3953 2708 4014 ait,
2737 3951 2859 4004 Noli
2881 3967 2957 4004 me
2978 3961 3199 4019 tangere,
3217 3966 3335 4004 cum
3353 3951 3474 4006 talis

1959 4041 2052 4104 sis,
2099 4042 2365 4108 talemque
2407 4041 2470 4092 de
2518 4055 2601 4094 me
2641 4040 2941 4108 opinionem
2987 4054 3176 4109 geras:
3203 4041 3296 4092 tibi
3335 4041 3475 4093 enim

1956 4128 2095 4183 Deus
2129 4127 2364 4181 nondum
2390 4127 2601 4191 credor,
2639 4127 2731 4181 sed
2761 4129 3032 4182 terrestris
3053 4127 3226 4181 adhuc
3258 4129 3472 4182 habeor.

1959 4219 2048 4273 Sic
2092 4221 2137 4274 is
2173 4219 2492 4288 plorantem,
2553 4229 2604 4272 et
2636 4234 2752 4288 quae
2785 4219 3122 4272 hortulanum
3166 4219 3338 4288 ipsum
3367 4235 3476 4271 cre-

1956 4309 2142 4370 debat,
2179 4305 2260 4359 his
2303 4305 2500 4369 verbis,
2558 4305 2684 4358 Noli
2739 4323 2814 4360 me
2859 4317 3062 4375 tangere
3092 4308 3271 4374 rejecit
3303 4307 3478 4359 incre-

271 4422 374 4468 εις
398 4418 420 4464 ;
455 4401 526 4452 τὸ
553 4396 670 4466 γὰρ
704 4395 904 4447 κλαίειν
933 4397 1022 4446 τὸν
1046 4395 1246 4458 ζῶντα,
1280 4396 1468 4465 μᾶλλον
1500 4398 1557 4450 δὲ
1587 4399 1682 4468 τὴν
1718 4399 1854 4468 ζωὴν

1961 4397 2334 4468 pitans:unde
2375 4405 2426 4449 et
2476 4397 2750 4450 mulierem
2774 4399 3012 4451 eamdem
3066 4399 3334 4459 voeitavit,
3375 4400 3478 4450 ait-

273 4492 478 4558 αὐτὴν
505 4527 521 4550 ,
553 4485 794 4553 ἐσχάτης
812 4480 878 4552 ἦν
897 4484 1128 4551 ἀμαθίας
1147 4501 1160 4513 ·
1197 4485 1289 4538 καὶ
1313 4485 1397 4537 διὰ
1422 4487 1516 4554 μὲν
1538 4488 1732 4540 τούτων
1766 4491 1861 4540 ἐπ-

271 4583 583 4651 έπληττεν
612 4576 746 4643 αὐτῇ
761 4589 778 4613 ν
807 4573 891 4624 διὰ
909 4573 964 4624 δὲ
988 4573 1091 4626 τῶν
1107 4574 1231 4642 ἐξῆς
1251 4575 1343 4642 τὴν
1369 4577 1484 4628 καθ’
1509 4579 1690 4630 ἑαυτὸν
1713 4581 1862 4631 em-

267 4674 456 4724 δευεν
494 4663 778 4730 θεολογίαν
797 4679 809 4691 ·
840 4665 870 4731 ἡ
899 4663 943 4713 δ’
970 4663 1060 4714 ἐπὶ
1090 4663 1291 4724 τούτοις
1321 4665 1386 4716 τά
1426 4669 1626 4734 μεγάλα
1652 4670 1858 4738 ὠφελη-

273 4762 442 4829 μένη
461 4798 477 4821 ,
505 4755 675 4808 πάλιν
696 4753 960 4820 ἀναχωρεῖ
975 4751 1066 4802 τοῦ
1087 4753 1358 4820 μνήματος
1376 4771 1388 4784 ο
1414 4757 1563 4810 τοῦτο
1584 4759 1824 4828 δεύτερον
1843 4777 1856 4789 .

271 4850 389 4904 εἶτ’
423 4843 734 4910 ἐξειποῦσα
761 4845 825 4911 τῇ
858 4841 987 4910 ἄλλῃ
1014 4841 1196 4909 Μαρίᾳ
1219 4840 1284 4892 τὰ
1309 4842 1599 4914 τεθεαμένα
1622 4849 1764 4918 παρὰ
1785 4849 1860 4918 τῷ

286 4939 544 5004 Ἰωάννῃ
567 4972 583 4994 ,
613 4931 836 5000 ἐπανῄει
869 4931 962 4982 σὺν
1003 4929 1136 4996 αὐτῇ
1155 4944 1167 4956 °
1210 4930 1363 4982 τοῦτο
1390 4933 1564 5001 τρίτον
1583 4953 1597 4965 ο
1630 4939 1719 4989 καὶ
1756 4937 1858 4991 τῶν

270 5026 456 5096 παρὰ
490 5021 575 5091 τῷ
606 5019 862 5086 Ματθαίῳ
891 5016 1364 5086 μνημονευομένων
1403 5020 1598 5090 θεωρὸς
1627 5025 1859 5090 ἐγίγνετο

269 5114 487 5168 οὐκέτι
514 5110 652 5180 μόνη
669 5147 688 5170 ρ,
712 5109 806 5159 σὺν
830 5108 885 5158 δὲ
913 5109 974 5175 τῇ
999 5106 1160 5172 ἑτέρᾳ
1187 5105 1365 5175 Μαρίᾳ
1387 5124 1400 5136 ο
1429 5112 1519 5162 καὶ
1541 5113 1714 5165 οὐκέτι
1735 5117 1858 5166 εἵσω

268 5203 378 5255 τοῦ
409 5201 601 5266 τάφου
637 5195 1056 5267 παρακύπτουσα
1083 5193 1158 5254 ὡς
1185 5194 1327 5260 παρὰ
1355 5196 1431 5263 τῷ
1468 5200 1674 5269 Ἰωάννῃ
1699 5241 1712 5264 ν
1743 5205 1857 5256 οὐδὲ

265 5291 377 5343 δύο
441 5286 757 5354 ἀγγέλους,
808 5284 916 5337 ἀλλ’
953 5284 1047 5335 ἕνα
1095 5282 1228 5349 πρὸς
1273 5283 1350 5356 τῷ
1399 5285 1526 5357 λίθῳ
1563 5290 1855 5360 καθήμενον

267 5392 510 5448 ορωσα.

347 5553 429 5615 γ’.
454 5540 577 5596 Εἶτ’
597 5543 688 5594 ἐπὶ
703 5542 901 5602 τούτοις
915 5538 1078 5592 αὑτὸν
1098 5540 1256 5593 πάλιν
1273 5545 1364 5596 τὸν
1379 5547 1599 5619 Σωτῆρα
1617 5553 1745 5619 μετά
1761 5555 1856 5622 τῆς

263 5637 460 5707 ἄλλης
481 5632 702 5702 Μαρίας
723 5629 930 5697 θεωρεῖ·
953 5627 1116 5679 τοῦτο
1141 5629 1386 5704 δεύτερον
1408 5655 1418 5666 ·
1445 5640 1535 5691 καὶ
1556 5642 1729 5694 οὐκέτι
1757 5646 1854 5712 μὲν

1960 4503 2082 4556 que,
2114 4484 2249 4549 Quid
2275 4484 2488 4552 ploras?
2518 4501 2639 4537 nam
2675 4485 2850 4552 lugere
2876 4486 3154 4549 viventem,
3175 4488 3278 4538 imo
3307 4487 3475 4554 ipsam

1959 4576 2140 4636 vitam,
2173 4582 2421 4627 extremae
2457 4581 2570 4627 erat
2627 4575 2850 4628 inscitia:
2881 4593 2891 4626 :
2921 4590 3024 4642 qua
3073 4592 3230 4644 super
3273 4591 3326 4628 re
3372 4591 3474 4626 non

1959 4664 2194 4734 pepercit
2216 4663 2591 4732 objurgationi.
2627 4663 2759 4716 Tum
2790 4664 2841 4715 in
2871 4665 3218 4730 sequentibus
3244 4663 3474 4715 divinam

1958 4754 2034 4805 illi
2069 4753 2151 4805 sui
2189 4753 2432 4804 notitiam
2481 4752 2812 4819 impertivit:
2843 4765 2960 4817 quae
3013 4751 3098 4804 bis
3145 4749 3319 4802 verbis
3372 4766 3477 4802 ma-

1957 4853 2188 4910 gnopere
2235 4841 2476 4901 erudita,
2523 4839 2698 4892 denuo
2753 4839 2988 4891 deseruit
3039 4845 3474 4898 monumentum,

1958 4925 2190 4982 secundo
2221 4927 2482 4980 videlicet.
2519 4925 2650 4978 Exin
2683 4925 2915 4980 narratis
2953 4925 3131 4980 Maria:
3160 4926 3332 4989 alteri,
3360 4943 3477 4994 qua:

1957 5016 2153 5070 vidisse
2185 5031 2300 5068 eam
2345 5023 2526 5068 narrat
2564 5014 2816 5078 Joannes,
2851 5015 2975 5068 illuc
3007 5032 3125 5076 cum
3177 5017 3359 5070 eadem
3392 5033 3477 5072 re-

1957 5121 2107 5160 versa
2156 5117 2263 5166 est,
2306 5107 2465 5158 tertio
2516 5105 2795 5158 videlicet:
2831 5119 2892 5157 ac
2939 5113 3050 5159 tum
3097 5121 3304 5169 eorum,
3359 5122 3476 5173 quae

1957 5201 2214 5247 memorat
2240 5193 2537 5254 Mattltazus,
2562 5193 2849 5261 spectatrix
2881 5191 3010 5258 fuit;
3041 5194 3306 5262 haudjam
3339 5195 3472 5258 sola,

1957 5283 2046 5337 sed
2080 5298 2201 5336 cum
2232 5283 2395 5336 altera
2428 5283 2591 5335 Maria
2619 5301 2632 5337 :
2667 5296 2836 5352 neque
2869 5281 2978 5349 jam
3015 5284 3390 5352 introspiciens
3419 5283 3470 5334 in

1957 5375 2276 5443 sepulcrum,
2307 5377 2383 5429 uti
2416 5375 2668 5436 narrabat
2707 5374 2967 5440 Joannes;
3006 5393 3176 5445 neque
3202 5377 3312 5444 jam
3339 5377 3474 5430 duos

1957 5465 2189 5533 angelos,
2221 5465 2314 5519 sed
2349 5480 2513 5524 unum
2543 5464 2704 5533 lapidi
2733 5463 3049 5518 insidentem
3088 5481 3330 5521 cernens.

2025 5555 2075 5608 5.
2115 5552 2242 5608 Post
2282 5555 2392 5608 llth
2443 5555 2618 5608 denuo
2647 5553 2808 5613 videt,
2843 5554 3039 5606 comite
3088 5558 3251 5610 altera
3289 5554 3470 5614 Maria,

1961 5648 2135 5716 ipsum
2169 5647 2534 5708 Servatorent,
2585 5643 2816 5700 secundo
2844 5643 3124 5700 videlicet:
3174 5661 3340 5715 neque
3365 5646 3471 5712 jam
