3926 6394
217 399 359 456 957

1091 400 1583 464 δυΡΡιειιΕΝΤΑ
1619 402 2080 473 ΟΗΕΞΤΙΟΝΟΜ
2115 401 2202 456 AD
2239 397 2670 456 STEPHANUH.

3343 398 3445 455 958

205 499 214 565 ί
308 512 397 576 ς’.
439 511 586 564 ’m‘
617 513 741 567 ἐπει
788 517 1016 586 Χριστός
1063 535 1240 588 φησιν,
1260 519 1406 588 τρεῖς
1454 517 1664 586 ἡμέρας
1718 517 1810 570 καὶ

1990 513 2043 568 6.
2077 511 2179 566 Sed
2205 512 2453 581 quoniam
2498 507 2745 572 Christus
2780 511 2986 567 dixerat
3011 511 3077 576 ⁸⁸,
3111 511 3286 566 tribus
3327 511 3441 567 die-

211 603 399 670 τρεῖς
447 601 656 667 νύκτας
702 606 760 657 ὲν
806 609 872 675 τῇ
919 607 1111 678 καρδίᾳ
1127 609 1222 677 τῆς
1250 609 1348 678 γῆς
1372 605 1583 675 ἔσομαι,
1615 607 1726 659 ἔστι
1755 606 1810 659 δὲ

208 691 421 754 οὕτως
458 695 637 746 εἰπεῖν
669 693 801 763 (41)*
828 691 934 765 ἆρα
975 699 1021 749 εί
1054 697 1326 767 χρεώστην
1357 696 1809 764 ἐπαγγειλάμενον

205 778 303 848 τῷ
334 780 544 850 οἰκείῳ
575 781 824 852 δανειστῇ
861 785 994 851 μετά
1017 789 1161 855 τρεῖς
1185 787 1390 856 ἡμέρας
1420 785 1720 856 πληρώσειν
1749 785 1809 838 τὸ

204 867 428 936 χρέος,
466 869 578 939 πρὸ
609 872 708 940 τῆς
738 873 1066 944 προθεσμίας
1097 875 1447 944 πληρώσαντα
1471 875 1804 944 θεασάμενοι,

202 955 294 1019 ὡς
337 957 706 1028 ψευσάμενον
737 963 1044 1032 κρινοῦμεν,
1074 964 1106 1032 ἢ
1134 963 1206 1025 ὡς
1231 964 1386 1016 πλέον
1409 964 1802 1032 άληθεύσαντα;

204 1047 342 1099 Καὶ
383 1047 578 1110 ἄλλως
596 1066 610 1080 ’
645 1054 693 1102 εί
726 1049 914 1104 θᾶττον
942 1052 973 1122 ἢ
1007 1052 1115 1121 (42)
1148 1047 1316 1116 εἶπεν,
1334 1053 1547 1121 ἀνέστη,
1573 1054 1746 1106 πλέων
1771 1055 1804 1123 ὴ

203 1137 501 1207 δύναμις,
538 1140 634 1192 καὶ
660 1140 907 1210 ἔγκλημα
949 1143 1046 1195 οὐκ
1088 1143 1217 1211 ἔχει’
1251 1142 1311 1194 τὸ
1355 1143 1410 1194 δὲ
1450 1143 1675 1212 βράδιον,
1707 1145 1808 1198 ὑπ-

205 1225 397 1294 οψίας
433 1228 607 1296 γέμει
629 1228 724 1280 καὶ
750 1227 938 1296 ψεῦδος
963 1229 1226 1296 λογίζεται
1251 1229 1588 1298 γιγνόμενον·
1615 1228 1803 1296 ψεῦδος

212 1317 354 1386 μὲν,
389 1318 486 1370 ὅτι
523 1317 800 1387 παρῆλθεν
845 1321 874 1371 ό
914 1319 1116 1388 λεχθεὶς
1162 1320 1312 1388 ὄρος·
1350 1317 1584 1370 ὕποπτον
1621 1317 1697 1381 δὲ,
1721 1319 1800 1370 ὅτι

1919 604 2020 658 bus
2042 601 2316 670 tribusque
2340 601 2588 655 noctibus
2616 616 2674 656 se
2709 602 2763 654 in
2791 601 2951 656 corde
2995 609 3152 656 terra:
3177 600 3438 668 futurum,

1905 691 2050 745 lubet
2095 691 2166 745 ita
2202 692 2464 746 disserere
2491 709 2503 744 :
2533 689 2722 758 siquis
2769 705 2873 743 tere
2922 690 3098 745 alieno
3142 689 3438 746 obstrictus

1906 782 2159 836 creditori
2209 797 2306 836 suo
2355 781 2664 850 recepisset.
2699 795 2758 833 se
2787 788 2907 848 post
2942 787 3053 836 tres
3081 781 3195 836 dies
3240 781 3438 834 solutu-

1905 887 2062 935 rum;
2104 872 2266 937 hunc,
2307 871 2543 940 inquam,
2584 870 2629 925 si
2662 877 2788 923 ante
2833 869 3134 923 condictam
3177 870 3314 925 diem
3361 885 3436 925 res

1904 963 2036 1018 illud
2073 964 2365 1018 dissolvere
2395 962 2718 1024 videremus,
2744 960 3120 1014 niendacemne
3159 976 3228 1014 an
3267 961 3436 1015 multo

1904 1054 2232 1108 veraciorem
2287 1052 2693 1122 judicaremus?
2755 1049 3038 1112 Praeterea,
3095 1049 3142 1104 si
3190 1050 3436 1107 Christus

1903 1144 2076 1206 ocius,
2124 1159 2283 1212 quam
2317 1142 2693 1211 spoponderat,
2745 1140 3057 1205 resurrexit,
3096 1140 3266 1208 major
3311 1142 3438 1196 hinc

1902 1231 2074 1285 virtus
2092 1231 2366 1294 elucescit,
2389 1229 2582 1284 nedum
2605 1230 2754 1283 locus
2790 1228 3187 1297 reprehensioni
3206 1236 3306 1284 est.
3342 1229 3438 1284 Su-

1902 1319 2073 1388 spicio
2093 1329 2280 1372 contra
2306 1326 2466 1387 atque
2494 1317 2830 1372 mendacium
2873 1332 2936 1370 ex
2969 1316 3219 1371 tarditate
3249 1331 3438 1374 conse-

1904 1409 2204 1477 quebantur
2247 1427 2260 1462 :
2308 1408 2664 1474 mendacium,
2703 1408 2827 1477 quia
2865 1407 3145 1462 condictus
3181 1407 3440 1464 terminus

1901 1494 2089 1548 fuisset
2117 1495 2362 1563 elapsus;
2394 1495 2650 1563 suspicio,
2685 1495 2834 1564 quia,
2868 1493 3238 1552 recedentibus
3266 1504 3440 1552 custo-

1902 1584 2079 1648 dibus,
2112 1599 2173 1640 ea
2203 1599 2290 1641 res
2323 1583 2454 1638 furti
2480 1583 2672 1640 fuisset
2696 1585 3022 1640 insimulata.

207 1407 337 1465 τῶν
363 1408 640 1476 φυλάκων
667 1410 1144 1480 ἀναχωρησάντων,
1171 1407 1340 1478 κλοπὴ
1363 1408 1421 1464 τὸ
1441 1409 1664 1479 πρᾶγμα
1688 1410 1801 1463 ενο-

214 1497 406 1568 μίσθη
451 1499 545 1552 ἄν.

1491 1735 1842 1790 EXPLICIT
1869 1734 2224 1793 ΕΡΙΤΟΜΕ.

1567 2097 2078 2190 LECTORI

299 2285 604 2342 Hactenus
633 2288 890 2342 edidimus
926 2289 1220 2342 continuam
1250 2297 1400 2356 atque
1432 2285 1693 2339 illibatam
1733 2284 2016 2339 Eusebiani
2055 2286 2222 2352 operis
2249 2287 2474 2354 priscam
2511 2299 2560 2341 et
2606 2290 2914 2358 praeclaram
2955 2289 3251 2359 Epitomen,
3284 2299 3436 2360 prout

217 2395 286 2432 ea
337 2388 429 2432 est
480 2380 539 2431 in
589 2379 937 2447 pulcherrimo
977 2379 1147 2432 codice
1187 2377 1430 2430 Palatino
1481 2376 1598 2432 Vat.
1634 2373 1856 2437 CCXX,
1922 2391 1954 2427 a
1997 2375 2037 2442 Ῑ.
2083 2376 2143 2428 61
2187 2393 2344 2446 usque
2385 2378 2452 2431 ad
2483 2378 2570 2446 96,
2609 2381 2696 2432 ubi
2727 2396 2851 2448 opus
2882 2397 3060 2449 reapse
3082 2381 3431 2444 concluditur,

220 2471 442 2523 relictis
475 2469 722 2535 deinceps
767 2469 969 2537 paginis
996 2469 1162 2535 puris.
1196 2465 1427 2520 Fuerunt
1457 2475 1646 2525 autem,
1681 2473 1735 2516 ut
1781 2464 2022 2528 vidimus,
2051 2466 2358 2534 quaestiones
2399 2484 2505 2531 xx;
2547 2471 2744 2523 scilicet
2786 2470 2855 2523 ad
2879 2469 3195 2538 Stephanum
3221 2485 3333 2534 xvt,
3365 2471 3434 2524 ad

221 2559 532 2613 Marinum
578 2573 653 2614 Iv.
693 2557 1004 2626 Quanquam
1031 2573 1144 2610 vero
1182 2557 1342 2609 variis
1385 2571 1447 2608 ex
1487 2553 1714 2622 fontibus
1749 2551 1894 2605 nobis
1935 2555 2264 2620 suppetebant
2289 2556 2554 2625 utriusque
2577 2559 2745 2624 partis
2775 2557 3142 2625 supplementa,
3174 2557 3433 2611 noluimus

219 2672 286 2708 ea
317 2669 456 2706 cum
494 2650 743 2720 Epitome
775 2649 1078 2710 admiscere,
1102 2666 1163 2702 ne
1190 2648 1367 2713 scripti
1405 2661 1493 2713 per
1521 2661 1574 2698 se
1601 2643 1835 2697 concinni
1869 2651 1916 2695 et
1945 2643 2156 2710 perfecti
2194 2645 2377 2697 seriem
2418 2646 2794 2714 quodammodo
2825 2648 2904 2702 his
2932 2649 3135 2702 insertis
3163 2648 3434 2717 perturba-

223 2763 442 2799 remus.
500 2739 663 2794 Nunc
703 2750 874 2793 tamen
911 2740 1259 2806 supplementa
1296 2751 1411 2806 qua:
1445 2735 1724 2788 invenimus
1762 2742 1869 2784 tum
1902 2736 2242 2800 quaestionum
2271 2737 2338 2791 ad
2381 2734 2696 2805 Stephanum
2740 2748 2847 2790 tum
2881 2741 3039 2791 etiam
3074 2740 3140 2792 ad
3168 2738 3434 2793 Marinum

223 2832 583 2890 subtexenda
623 2840 763 2884 sunt.
803 2827 865 2881 Et
894 2830 1115 2897 primum
1157 2829 1314 2880 lauta:
1352 2827 1546 2893 aliquot
1589 2833 1759 2892 partes
1795 2836 1859 2874 ea:
1900 2839 2090 2892 magna
2136 2842 2233 2881 ms.
2279 2835 2460 2879 catena
2506 2825 2705 2880 Niceta:
2733 2827 2800 2880 ad
2846 2828 3040 2880 Lucam
3078 2829 3132 2880 in
3163 2829 3335 2883 codice
3364 2830 3430 2891 Α,

223 2944 318 2981 seu
369 2925 510 2977 Vat.
556 2921 718 2983 16H,
761 2937 890 2988 quas
920 2937 1022 2973 non
1053 2935 1115 2971 ea:
1147 2919 1375 2986 Epitome
1409 2917 1495 2971 sed
1524 2931 1587 2970 ea:
1615 2917 1810 2982 integro
1845 2928 1990 2980 opere
2015 2914 2278 2984 decerptus
2313 2917 2475 2985 fuisse
2503 2926 2750 2985 apparet;
2779 2933 3070 2987 quanquam
3106 2919 3211 2985 ipse
3237 2935 3434 2988 quoque

228 3018 472 3071 Nicetas
505 3015 714 3069 videtur
740 3014 1015 3078 interdum,
1047 3022 1101 3064 ut
1131 3014 1191 3081 ﬁt
1219 3018 1269 3068 in
1298 3018 1512 3074 catenis.
1550 3017 1825 3070 Eusebium
1851 3015 2173 3080 diminuere,‘
2200 3019 2346 3086 cujus
2374 3019 2448 3071 rei
2481 3019 2726 3070 indicium
2778 3026 2872 3080 est,
2903 3016 3039 3085 quod
3067 3017 3349 3086 aliquando
3380 3019 3433 3072 in

227 3110 492 3176 Epitome
552 3115 678 3158 sunt
738 3103 933 3171 aliquot
975 3106 1262 3171 particulae,
1320 3123 1447 3176 quas
1494 3107 1702 3160 Nicetas
1761 3107 2018 3160 subtrahit
2059 3123 2076 3159 :
2116 3109 2214 3162 etsi
2257 3109 2450 3178 alioqui
2492 3111 2547 3162 in
2593 3108 2825 3161 laudatis
2861 3125 2894 3160 a
2924 3107 3109 3162 Niceta
3167 3108 3423 3176 partibus.

225 3197 512 3252 Eusebius
561 3196 863 3265 plerumque
908 3195 1098 3264 integer
1141 3206 1236 3260 est,
1278 3207 1327 3250 et
1373 3197 1554 3267 ubique
1593 3197 1811 3264 plenior.
1872 3195 2026 3249 Nunc
2069 3198 2230 3267 igitur
2253 3200 2424 3268 priore
2469 3199 2580 3252 loco
2619 3198 2968 3266 supplementa
3002 3199 3339 3267 quaestionum
3366 3198 3434 3254 nd

227 3287 608 3355 Stephanum.

1185 3484 1651 3573 EUSEBII
1745 3485 2533 3578 CAESARIENSIS

442 3709 447 3712 —
496 3672 626 3735 EX
676 3666 1197 3732 INTEGRIORE
1239 3667 1512 3730 OPERE
1545 3671 2104 3743 QUESTIONUM
2139 3673 2847 3736 EVANGELICARUM
2877 3671 3191 3733 PARTES

1281 3831 1346 3890 in
1373 3829 1598 3892 Nicetw
1638 3831 1870 3903 Catena,
1897 3851 2006 3892 ms.
2053 3835 2133 3894 ad
2161 3834 2407 3896 Lucam.

1834 3985 1906 4000 μ’

301 4083 376 4132 α’,
422 4070 546 4140 (45)
590 4070 726 4138 Περὶ
771 4067 826 4120 δὲ
869 4065 960 4118 τοῦ
1010 4066 1098 4118 τὸν
1126 4065 1396 4118 Ματθαῖον
1442 4065 1642 4120 άνωθεν
1680 4086 1839 4126 κατ-η

1974 4071 2026 4123 1.
2061 4067 2215 4134 Quod
2267 4067 2548 4122 Mattheus
2596 4080 2827 4135 superne
2871 4064 3239 4120 successiones
3268 4063 3436 4119 dedu-

227 4165 392 4234 ἀγειν
428 4164 540 4224 τὰς
574 4159 842 4227 διαδοχάς,
871 4157 959 4208 τὸν
990 4156 1046 4206 δὲ
1070 4157 1273 4208 Λουκᾶν
1300 4155 1558 4208 ἀνάπαλιν
1582 4174 1804 4226 πεποιη-

1907 4169 2013 4226 cat,
2048 4158 2220 4212 Lucas
2246 4174 2373 4212 vero
2412 4157 2686 4211 contrario
2728 4157 2915 4210 ordine
2957 4164 3160 4218 utatur,
3203 4155 3437 4224 quando-

227 4260 417 4318 κέναι,
453 4254 594 4324 μίαν
640 4251 732 4302 καὶ
760 4248 856 4318 τὴν
896 4247 1060 4315 αὐτὴν
1097 4246 1210 4298 ὁδὸν
1255 4247 1626 4316 πορευθέντας,
1659 4250 1804 4303 οὐδὲν

1903 4250 2116 4320 quidem
2169 4248 2354 4303 eadem
2408 4247 2494 4300 via
2550 4254 2774 4316 uterque
2815 4247 3072 4316 graditur,
3122 4245 3300 4300 nullus
3346 4254 3431 4300 est

228 4341 670 4418 ἐπιμέμφεσθαι
701 4339 808 4392 δεῖ·
841 4336 959 4388 ἐπεὶ
994 4337 1082 4389 καὶ
1109 4337 1232 4398 τοὺς
1263 4337 1458 4406 ἀνάντη
1499 4339 1587 4390 καὶ
1630 4337 1805 4408 ὄρθιον

231 4438 480 4508 πορείαν
514 4431 790 4490 ἀνιόντας.
821 4428 912 4480 καὶ
963 4427 1085 4488 τοὺς
1129 4426 1356 4495 ἔμπαλιν
1402 4426 1487 4479 διὰ
1519 4427 1612 4496 τῆς
1643 4429 1806 4496 αὐτῆς

229 4527 565 4585 κατιόντας,
593 4521 694 4573 οὐκ
744 4519 808 4571 ἄν
856 4533 938 4578 τις
984 4515 1171 4585 ἑτέραν
1215 4516 1344 4584 φαίη
1398 4516 1643 4584 βαδίζειν,
1681 4519 1806 4585 μιᾶς

225 4613 588 4686 ἀμφοτέροις
623 4607 876 4675 κειμένης
903 4606 1012 4665 τοῖς
1033 4620 1091 4655 τε
1120 4603 1320 4656 ἀνιοῦσι
1345 4605 1434 4656 καὶ
1461 4607 1570 4667 τοῖς
1595 4605 1807 4657 κατιοῦ-

227 4724 284 4760 σι
311 4705 546 4777 τρίὸου.
577 4699 682 4752 Τὸν
729 4696 887 4750 αὐτὸν
932 4693 1059 4762 γοῦν
1103 4695 1298 4764 τρόπον
1337 4696 1426 4748 καὶ
1457 4695 1545 4747 ἐπὶ
1572 4695 1666 4764 τῆς
1700 4695 1804 4749 τῶν

227 4798 416 4867 γενῶν
452 4791 712 4860 διαδοχῆς
743 4787 1018 4856 πάρεστιν,
1045 4786 1148 4854 ὅτῳ
1178 4784 1323 4850 φίλον
1348 4786 1431 4837 ἐπ’
1459 4785 1700 4850 ἐξουσίας
1721 4785 1805 4838 διὰ

231 4889 350 4942 τῶν
385 4882 602 4944 αὐτῶν,
637 4882 749 4941 τοῖς
777 4877 872 4947 μὲν
901 4874 1138 4928 κάτωθεν
1181 4875 1270 4927 ἐπὶ
1313 4876 1435 4936 τοὺς
1464 4876 1644 4944 πρόσω
1667 4875 1807 4928 ἀνιέ-

228 4995 347 5041 ναι,
381 4977 506 5035 τοίς
529 4970 588 5024 δὲ
621 4967 730 5022 ἀπὸ
753 4965 859 5018 τῶν
879 4963 1078 5018 άνωθεν
1100 4963 1444 5032 προπατόρων
1471 4962 1802 5032 ἀρξαμένοις,

228 5068 330 5122 ἐπὶ
381 5065 521 5124 τοὺς
563 5058 824 5119 ὑστάτους
852 5053 1200 5122 καταλήγειν’
1232 5045 1379 5112 οὗτος
1403 5052 1457 5102 δὲ
1481 5053 1570 5103 καὶ
1597 5054 1804 5122 πόρῤω-

228 5160 328 5212 θεν
367 5150 660 5222 Ἑσραιοις
691 5146 836 5215 φίλος
860 5141 926 5214 ἦν
951 5145 978 5194 δ
1007 5142 1219 5212 τρόπος,
1249 5148 1374 5202 etc.,
1398 5149 1453 5192 ut
1483 5143 1535 5192 in
1558 5142 1804 5209 impressa

227 5265 262 5299 α
281 5245 444 5300 nobis
480 5241 735 5309 epitome,
767 5235 864 5288 col.
898 5233 1018 5294 891,
1044 5233 1137 5284 lin.
1163 5229 1198 5283 4
1224 5247 1254 5280 a
1281 5231 1400 5296 ﬁne,
1430 5246 1584 5297 usque
1618 5234 1685 5284 ad
1713 5233 1802 5285 τοῦ

227 5335 506 5407 Σωτῆρος
522 5332 559 5399 ἡ
569 5327 688 5399 μῶν
700 5323 1098 5394 εὐαγγελιστάς,
1112 5324 1210 5373 col.
1227 5318 1348 5382 893,
1362 5319 1455 5372 lin.
1481 5319 1566 5373 37.
1589 5321 1705 5376 El6‘
1724 5324 1804 5376 ὅτι

303 5465 357 5498 ⁸³
400 5460 609 5518 Matth.
647 5472 760 5519 xu,
794 5456 880 5510 40.

303 5575 434 5641 (in)
477 5565 758 5641 Expilavjt
776 5565 929 5641 hanc
952 5561 1164 5641 Eusebii
1193 5558 1527 5641 qmestionem
1558 5559 1807 5641 Isidorus

228 5633 533 5698 Pelusiota
570 5633 662 5704 ep.
692 5633 896 5704 2.212,
916 5633 1080 5704 tacito
1109 5633 1346 5704 auctoris
1373 5633 1610 5697 nomine;
1647 5633 1800 5692 ideo-

232 5728 346 5784 que
376 5700 644 5783 ejusdem
685 5701 880 5758 solutio
909 5700 1108 5771 jamdiu
1146 5703 1271 5751 nota
1295 5705 1420 5751 erat.

1559 5800 1696 5811 ,ρο-ο..
1725 5807 1750 5811 ..,

1517 5825 1650 5849 ληξιαρ,
1736 5824 1867 5853 σιν,

1903 4339 2304 4410 reprehensioni
2335 4339 2503 4393 locus.
2537 4336 2670 4390 Nam
2699 4345 2752 4390 et
2776 4337 2897 4392 illos
2926 4336 3016 4406 qui
3044 4351 3288 4405 prorsum
3317 4351 3432 4391 sur-

1902 4445 2130 4498 sumque
2182 4430 2498 4493 ascendunt,
2542 4437 2596 4480 et
2639 4427 2759 4481 illos
2790 4427 2881 4495 qui
2935 4425 3217 4480 adversum
3245 4425 3434 4480 eadem

1901 4521 1986 4574 via
2025 4519 2394 4582 descendunt,
2445 4518 2585 4571 haud
2633 4518 2914 4586 quisquam
2979 4516 3177 4570 diceret
3222 4515 3435 4569 diverso

1903 4609 2112 4662 tramite
2144 4609 2388 4662 incedere
2423 4625 2436 4660 :
2479 4608 2604 4676 quia
2633 4607 2837 4661 scilicet
2863 4621 2966 4659 una
2999 4607 3065 4659 ab
3090 4605 3351 4672 utrisque,
3379 4605 3431 4657 id

1902 4703 1983 4751 est
2010 4695 2076 4747 ab
2110 4696 2522 4750 ascendentibus
2562 4694 3133 4762 descendentibusque,
3183 4693 3269 4745 via
3313 4692 3436 4746 teri-

1903 4794 2010 4839 tur.
2042 4782 2162 4836 Pari
2188 4800 2314 4854 ergo
2343 4784 2500 4838 modo
2523 4786 2681 4839 etiam
2728 4783 2783 4837 in
2837 4781 3178 4836 recensendis
3223 4781 3433 4849 generis

1902 4873 2356 4936 successionibus,
2415 4887 2512 4942 pro
2559 4872 2819 4940 cujusque
2859 4871 3010 4925 libito
3054 4869 3138 4923 vel
3183 4869 3252 4924 ab
3309 4869 3431 4924 imis

1903 4979 2117 5020 sursum
2147 4963 2385 5024 tendere,
2419 4963 2504 5016 vel
2541 4977 2571 5014 a
2595 4963 2802 5029 superis
2831 4968 2988 5030 capto
3015 4958 3166 5012 initio
3191 4959 3434 5027 progeni-

1903 5056 2110 5111 toribus
2136 5055 2189 5108 in
2220 5061 2520 5124 postremos
2549 5053 2792 5106 desinere
2820 5052 2961 5104 licet.
2991 5049 3163 5118 Atque
3189 5049 3276 5102 hic
3313 5063 3432 5106 mos

1904 5145 2198 5212 antiquitus
2227 5141 2462 5196 Hebraeis
2503 5141 2721 5210 placuit,
2757 5148 2860 5194 etc.
2891 5137 3041 5204 Quod
3072 5138 3140 5202 si,
3175 5138 3299 5207 quia
3332 5153 3432 5191 nec

1901 5231 2074 5286 Lucas
2109 5230 2404 5285 ascendens
2440 5229 2680 5284 substitit
2722 5229 2776 5281 in
2806 5228 3129 5290 Abrahamo,
3163 5241 3262 5281 nec
3305 5225 3434 5278 Mat-

1903 5322 2073 5376 thzeus
2099 5321 2168 5375 ab
2190 5321 2394 5376 Adamo
2424 5321 2664 5389 initepit,
2689 5320 2744 5374 in
2791 5334 2948 5388 quem
2990 5317 3164 5374 Lucas
3207 5316 3428 5383 desivit;

1981 5561 2090 5631 (i2)
2129 5559 2286 5616 Deest
2311 5560 2594 5631 incomce
2615 5558 2874 5629 particula
2906 5557 2960 5626 ἦ,
2995 5571 3111 5626 qua:
3135 5563 3314 5609 tamen
3341 5549 3429 5606 hic

1905 5629 2081 5688 omitti
2105 5645 2210 5682 non
2241 5629 2442 5684 debuit.

1976 5700 2084 5771 (ιδ)
2120 5698 2252 5755 Cod.
2281 5699 2346 5766 Α,
2382 5699 2418 5751 l'.
2444 5697 2528 5751 65.
2553 5695 2748 5753 Confer
2779 5702 2968 5766 quast.
3002 5709 3064 5748 ιι.
