3926 6402
171 370 310 426 Ὣσ
310 375 339 427 ι

193 490 332 548 τὴν
375 492 625 562 Ἡρώδου
656 494 867 565 μανίαν,
896 499 990 570 τὴν
1021 501 1097 562 είς
1117 501 1380 568 Αἴγυπτον
1412 496 1583 568 Ἰησοῦ
1609 502 1801 572 φυγὴν.

193 583 331 650 τὴν
390 585 611 640 ἐκεῖθεν
651 589 927 654 ἐπάνοδον,
965 591 1052 643 τὸν
1079 592 1355 662 ’Δρχέλαον
1375 607 1390 622 ο
1426 591 1518 644 καὶ
1554 592 1628 656 ὡς
1673 594 1805 664 μετά

157 729 164 754 ἐ
192 673 421 726 ταῦτα
455 677 562 746 ἠδη
593 677 778 732 λοιπὸν
819 683 896 743 εἰς
927 683 1116 750 ἄνδρας
1147 683 1387 751 Ἰωάννης
1425 683 1631 752 προϐὰς
1672 686 1804 754 μετὰ

157 757 162 765 ’
194 765 586 831 τριακοστὸν
614 765 733 829 ἔτος
757 769 852 837 τῆς
881 771 1050 838 Ἰησοῦ
1075 761 1348 836 γενέσεως,
1376 771 1464 822 ἐπὶ
1486 771 1583 841 τῆς
1604 775 1802 842 ἐρήμου

191 853 528 922 κηρύσσει
563 855 841 927 βάπτισμα
871 861 1149 929 μετανοίας
1168 903 1182 925 ,
1217 861 1430 931 πάρεισί
1455 879 1513 914 τε
1543 864 1675 932 μετά
1698 864 1804 916 τῶν

200 941 427 995 ἄλλων
454 947 556 998 καὶ
583 949 611 998 ὁ
643 947 846 1017 Ἰησοῦς
875 951 932 1002 ἐν
961 950 1036 1019 τῷ
1063 948 1289 1024 Ἰορδάνῃ
1323 952 1804 1023 βαπτισθησόμενος

201 1031 344 1084 ὑπὸ
378 1034 489 1086 τοῦ
518 1035 794 1088 Ἰωάννου·
823 1038 917 1090 καὶ
943 1039 1004 1109 δὴ
1039 1041 1229 1111 συνόρα
1259 1044 1313 1093 ἐν
1336 1041 1537 1104 τούτοις
1565 1042 1694 1110 ῦφος
1713 1043 1805 1096 καὶ

191 1119 586 1177 ἀκολουθίαν
615 1125 890 1195 ἱστορικῆς
918 1128 1211 1199 διηγήσεως
1232 1131 1297 1199 ἢν
1323 1132 1349 1183 ὁ
1374 1131 1638 1195 Ματθαίος
1666 1133 1804 1186 ἐκτί-

199 1205 399 1295 θεται
427 1248 444 1270 ,
486 1211 661 1282 Σύρος
698 1213 861 1284 ἀνὴρ,
910 1215 1137 1285 τελώνης
1182 1216 1271 1269 τὸν
1310 1219 1452 1287 βίον,
1486 1221 1583 1289 τὴν
1626 1223 1803 1292 φωνὴν

215 1295 540 1364 Ἐϐραῖος.

291 1383 372 1436 δ’.
405 1385 472 1437 Ὁ
504 1386 566 1438 δὲ
604 1388 816 1450 Λουκᾶς
854 1387 914 1442 τὸ
959 1391 1052 1459 μὲν
1087 1391 1238 1458 γένος
1272 1393 1376 1446 ἀπὸ
1406 1393 1505 1462 τῆς
1532 1395 1803 1468 βοωμένης

219 1469 605 1543 ’Δντιοχείας
640 1471 740 1544 ἦν,
781 1479 840 1528 ἐν
1020 1480 1066 1532 οί
1101 1480 1296 1543 πάντες
1329 1481 1640 1548 λογιώτατοι
1679 1487 1801 1547 τοὺς

209 1563 449 1624 Ἴωνας
479 1565 778 1634 προγόνους
805 1567 1054 1636 αὐχοῦσιν
1085 1570 1192 1640 (46)
1215 1589 1229 1602 ’
1259 1572 1318 1624 οὐ
1363 1573 1466 1640 μὴν
1506 1572 1636 1625 ἀλλὰ
1671 1572 1803 1645 πρὸς

201 1648 301 1718 τῷ
344 1650 510 1702 κατὰ
552 1651 714 1718 φύσιν
757 1653 1044 1723 Ἑλληνικῷ
1079 1657 1183 1707 τῶν
1221 1657 1457 1727 ἀνδρῶν,
1483 1660 1709 1730 ἐπήγετό
1748 1678 1799 1712 τι

206 1738 405 1790 πλέον
430 1742 464 1791 ὁ
490 1743 708 1804 Λουκᾶς
736 1745 792 1796 ἐν
815 1743 988 1811 λόγοις
1007 1785 1021 1808 ,
1056 1745 1148 1798 ἅτε
1185 1749 1426 1818 ἰατρικῆς
1451 1748 1702 1819 ἔμπειρος
1727 1749 1799 1802 ὢν

207 1829 592 1901 ἐπιστήμης.
613 1835 799 1902 Ὅμως
840 1835 902 1903 δὴ
943 1838 970 1886 ό
999 1835 1228 1899 τοιοῦτος
1259 1840 1354 1908 τῆς
1389 1839 1479 1891 τοῦ
1508 1842 1624 1892 κατ’
1645 1839 1798 1892 αὐτὸν

200 1919 590 1986 Ἐύαγγελίου
617 1924 834 1992 γραφῆς
868 1925 1176 1994 ἀρχόμενος,
1206 1928 1272 1980 τὰ
1299 1928 1394 1996 μὲν
1416 1929 1552 1981 κατὰ
1576 1930 1663 1980 τὸν
1701 1931 1800 1982 Ζα-

201 2009 443 2079 χαρίαν
500 2011 599 2062 καὶ
643 2012 742 2080 τὴν
776 2012 1047 2066 Ἑλισάϐετ
1077 2017 1272 2085 ἱστορεῖ
1306 2018 1509 2085 πρῶτα.
1548 2015 1676 2069 Εἶτα
1705 2019 1800 2087 τὴν

209 2099 376 2168 πρὸς
415 2098 524 2166 τὴν
574 2100 793 2168 Μαρίαν
844 2101 937 2153 τοῦ
973 2103 1204 2174 Γαϐριὴλ
1240 2107 1549 2171 ἐπιφάνειαν
1589 2108 1800 2158 ἐπισυν-

203 2185 400 2251 άψας,
419 2184 533 2245 τὰς
561 2185 889 2254 παραδόξους
914 2189 1148 2255 γενέσεις
1166 2191 1288 2260 ἐξῆς
1309 2192 1531 2263 τίθησιν,
1553 2195 1799 2264 οὐδεμιᾶς

209 2273 515 2343 μνησθεὶς
547 2275 893 2344 γενεαλογίας
922 2277 1013 2330 τοῦ
1038 2278 1229 2348 Ἰωσήφ
1253 2297 1266 2311 °
1301 2281 1486 2334 ἔπειτα
1510 2282 1798 2336 δωδέκατον

208 2364 350 2426 ἔτος
372 2365 726 2433 ἀναγράφων
748 2365 839 2417 τοῦ
865 2365 1054 2436 Ἰησοῦ,
1079 2367 1225 2422 οῦπω
1243 2372 1334 2423 καὶ
1354 2371 1446 2423 νῦν
1463 2373 1798 2440 γενεαλογίας

209 2456 604 2526 μνημονεύει.
640 2456 792 2509 Μετὰ
826 2457 880 2508 δὲ
911 2458 1032 2520 τούς
1057 2460 1353 2526 Αὐγούστου
1385 2462 1621 2531 χρόνους,
1648 2463 1799 2514 Τιϐε-

209 2549 344 2618 ρίου
372 2547 778 2617 διαδεξαμένου
818 2549 913 2617 τὴν
941 2548 1218 2617 Ῥωμαίων
1243 2551 1546 2619 ἠγεμονίαν,
1575 2550 1712 2602 κατὰ
1739 2549 1798 2602 τὸ

207 2637 742 2691 πεντεκαιδέκατον
781 2637 939 2689 αὐτοῦ
987 2637 1130 2700 ἔτος,
1171 2641 1301 2707 φησὶ
1331 2640 1418 2692 τὸν
1443 2641 1684 2710 Ἰωάννην
1709 2643 1797 2694 ἐπὶ

199 2729 327 2797 ’τῆς
355 2729 589 2799 ἐρήμου
623 2726 853 2796 κηρῦξαι
883 2729 1158 2796 μετανοίας
1199 2729 1474 2799 βάπτισμα
1500 2733 1577 2792 είς
1607 2730 1795 2798 ἄφεσιν

205 2817 568 2887 ἁμαρτιῶν*
600 2814 941 2877 διδασκαλίας
968 2831 1024 2867 τε
1059 2816 1215 2868 αὐτοῦ
1237 2816 1431 2886 τίθησι,
1457 2819 1548 2869 καὶ
1569 2819 1655 2869 ἐπὶ
1677 2818 1796 2870 τού-

211 2923 341 2969 ’τοις
371 2906 621 2967 ἅπασιν,
639 2905 831 2974 ⁹ῐησοῦ,
845 2907 992 2974 φησι,
1019 2905 1389 2972 βαπτισθέντος
1405 2909 1492 2959 καὶ
1506 2909 1795 2978 προσευξά-

215 2997 399 3068 μένου
435 2995 664 3062 ἐγένετο
692 2997 964 3065 ἀνοιγῆναι
991 2995 1079 3046 τὸν
1104 2996 1322 3064 οὐρανὸν
1343 3035 1357 3057 ,
1385 2997 1476 3048 καὶ
1504 2999 1793 3066 καταϐῆναι

205 3087 280 3140 ’τὸ
308 3085 565 3156 Πνεῦμα
594 3084 726 3135 ὡσεὶ
750 3085 1091 3153 περιστεράν,
1127 3085 1214 3135 καὶ
1244 3084 1420 3153 φωνὴν
1455 3085 1654 3136 ἐκεῖθεν
1682 3088 1793 3138 ἐνε-

213 3174 438 3245 χθῆναι
464 3189 479 3202 ·
530 3191 550 3222 ι
587 3171 660 3222 Σὺ
691 3166 790 3232 elo
819 3170 941 3231 Υἱός
980 3187 1077 3239 μου
1115 3171 1143 3220 ὁ
1183 3171 1456 3240 ἀγαπητὸς
1494 3174 1550 3223 ἐν
1580 3167 1622 3238 ᾧ
1657 3173 1792 3225 εὐδό-

215 3282 396 3336 κησα.
434 3283 456 3313 ι
502 3262 676 3314 Ἔνθα
700 3262 1011 3329 γενόμενος,
1036 3258 1220 3329 ὥσπερ
1245 3261 1299 3324 ἐξ
1327 3261 1486 3312 ὕπνου
1515 3263 1789 3331 διανήψας,

214 3354 323 3422 τῆς
367 3349 742 3420 γενεαλογίας
773 3348 1030 3418 ἀκαίρως,
1075 3348 1148 3409 ώς
1179 3347 1242 3400 ἂν
1280 3348 1479 3418 οἰηθείη
1507 3367 1585 3412 τις
1607 3389 1620 3409 ,
1659 3369 1792 3421 μνη-

222 3443 457 3513 μονεύει
490 3440 844 3507 λέγων,«Καὶ
871 3439 1028 3499 αὐτὸς
1049 3434 1114 3507 ἦν
1142 3438 1429 3507 ἀρχόμενος
1449 3439 1689 3509 ὁἸησοῦς
1720 3441 1793 3503 ὡς

217 3535 366 3586 ἐτῶν
391 3532 724 3603 τριάκοντα,
747 3527 821 3580 ὢν
844 3528 954 3590 υἱὸς
973 3527 1046 3589 ώς
1067 3524 1335 3595 ἐνομίζετο
1355 3527 1444 3579 τοῦ
1467 3529 1676 3598 Ἰωσὴφ,
1701 3529 1790 3580 τοῦ

228 3623 414 3683 Ἦλεὶ,
443 3619 548 3673 τοῦ
572 3618 746 3687 Μελχὶ
772 3617 901 3687 (47),
943 3635 958 3667 ι
993 3617 1085 3668 καὶ
1107 3617 1212 3668 τῶν
1236 3617 1449 3669 λοιπῶν.

293 3721 360 3766 ε’.
399 3711 506 3773 Τίς
543 3707 836 3777 τοιγαροῦν
879 3710 934 3758 ἐν
966 3707 1168 3768 τούτοις
1209 3708 1305 3757 οὐκ
1335 3706 1406 3758 ιᾶν
1438 3707 1789 3774 ἀπορήσειεν;

217 3805 270 3856 εί
314 3801 616 3862 Ματθαῖος
651 3799 748 3868 μὲν
774 3795 928 3864 λόγου
961 3795 1203 3860 σύνταξιν
1229 3795 1594 3863 ἐπιστημόνως
1618 3795 1794 3862 φαίνε-

217 3908 313 3943 ται
376 3887 801 3957 πεποιημένος,
862 3883 998 3935 κατὰ
1040 3882 1223 3951 καιρόν
1255 3899 1313 3933 τε
1353 3882 1684 3951 χρησάμενος
1725 3884 1791 3951 τῇ

217 3979 591 4054 γενεαλογίᾳ,
623 3977 832 4036 Λουκᾶς
851 3974 904 4026 δὲ
931 3974 1007 4034 είς
1028 3971 1272 4023 τοσοῦτον
1299 3971 1520 4041 ἤλαυνεν
1544 3970 1788 4040 ἀπορίας,

216 4076 300 4138 ὡς
327 4077 424 4127 ὅτε
467 4070 575 4141 μὲν
603 4067 768 4136 ἐχρῆν
792 4065 930 4116 κατὰ
960 4062 1136 4132 χώραν
1161 4062 1256 4132 τὴν
1282 4061 1617 4128 γενεαλογίαν
1642 4059 1792 4112 ἐντά-

217 4166 335 4230 ξαι,
366 4156 690 4230 τηνικαῦτα
721 4153 1036 4223 παραλιπεῖν
1056 4151 1239 4220 αὐτὴν,
1269 4151 1498 4219 ἱστορίαν
1520 4168 1578 4202 τε
1603 4149 1791 4202 τοσαύ-

215 4272 321 4324 την
351 4251 667 4318 ἐκθέμενον
691 4244 788 4313 τὴν
815 4241 921 4295 ἀπὸ
943 4242 1037 4310 τῆς
1059 4243 1316 4308 γενέσεως
1337 4240 1426 4291 τοῦ
1448 4239 1674 4310 Χριστοῦ
1700 4240 1792 4309 μέ-

219 4363 314 4413 χρι
341 4340 664 4413 τριάκοντα
703 4333 857 4395 ἐτῶν,
893 4331 1090 4401 μηδένα
1130 4330 1314 4400 καιρὸν
1350 4330 1642 4399 ἐπιτήδειον
1672 4345 1792 4380 συν-

219 4435 359 4486 ιδεῖν
389 4430 500 4500 τῆς
529 4427 653 4480 κατ’
674 4423 830 4476 αὐτὸν
858 4421 1194 4488 γενεαλογίας
1213 4437 1225 4450 ·
1252 4419 1343 4472 νῦν
1363 4421 1418 4472 δὲ
1441 4420 1525 4471 ὅτε
1552 4435 1791 4488 τριακονο

217 4525 433 4590 nem;
462 4513 710 4586 γεγονὼς
737 4512 984 4581 πάρεισιν
1019 4511 1108 4561 ἐπὶ
1140 4511 1198 4561 τὸ
1227 4510 1462 4561 Ἰωάννου
1496 4508 1784 4577 βάπτισμα,

221 4614 383 4685 παρὰ
408 4611 599 4663 πάντα
624 4605 780 4670 λόγον
807 4603 898 4654 καὶ
914 4599 1058 4668 παρὰ
1073 4600 1274 4669 καιρὸν,
1304 4599 1484 4667 ὥσπερ
1508 4599 1626 4651 τινὰ
1655 4612 1790 4667 παρ-

219 4705 477 4774 ενθήκην
526 4695 736 4761 εἰσάγει
773 4693 870 4762 τῆς
901 4689 1111 4758 γραφῆς
1146 4690 1240 4758 τὴν
1271 4689 1628 4755 γενεαλογίαν.
1654 4686 1786 4738 Ἀλλ’

220 4795 278 4846 εί
305 4793 399 4854 τίς
433 4805 502 4858 γε
537 4783 688 4853 αὐτῷ
717 4780 934 4833 τοιαῦτα
963 4778 1268 4848 ἐμέμψατο,
1298 4779 1392 4831 οὐκ
1426 4780 1488 4831 ἂν
1519 4779 1788 4847 ἠπόρησεν

221 4881 591 4953 ἀποκρίσεως
616 4877 644 4926 ό
665 4874 802 4934 θεῖος
833 4867 1208 4936 εὐαγγελιστὴς
1229 4885 1241 4897 ⁸
1271 4865 1384 4920 εἷπε
1405 4868 1448 4918 δ’
1471 4868 1533 4920 ἂν
1554 4869 1626 4930 ὡς
1647 4867 1787 4930 εἰκός

222 4975 352 5029 θεῖά
380 4987 516 5025 τινα
542 4965 639 5020 καὶ
664 4962 800 5032 σοφά
821 4963 912 5015 καὶ
935 4958 1026 5012 τοῦ
1053 4963 1108 5012 ἐν
1137 4960 1281 5027 αὐτῴ
1313 4959 1450 5010 θείου
1484 4959 1786 5028 Πνεῦματος

223 5067 460 5130 ἐπάξια.
492 5057 640 5127 Ἐγὼ
662 5056 721 5110 δὲ
751 5054 982 5124 ἠγοῦμαι
1010 5051 1164 5103 αὐτὸν
1191 5050 1282 5101 καὶ⁸
1320 5050 1416 5118 τὴν
1443 5049 1578 5101 κατὰ
1611 5051 1786 5119 σάρκα

223 5156 452 5224 γένεσιν
492 5147 591 5200 τοῦ
619 5142 790 5213 Ἰησοῦ
819 5139 1146 5210 γενεαλογεῖν
1190 5138 1461 5198 ἐθέλοντα,
1504 5136 1594 5187 νῦν
1634 5137 1786 5189 τοῦτο

225 5241 641 5312 πεποιηκέναι’
667 5233 820 5286 τοῦτο
852 5233 962 5301 γὰρ
1002 5233 1048 5281 εἰ
1090 5227 1225 5280 κατὰ
1265 5226 1480 5296 γνώμην
1505 5227 1782 5295 ἔπραττεν,

224 5337 329 5388 οὐκ
356 5330 556 5402 ἠγνόει
581 5365 598 5388 ,
628 5326 716 5377 ὅτε
759 5323 920 5393 ἐχρῆν
960 5321 1155 5387 ταύτην
1202 5316 1462 5368 ἐκθέσθαι.
1491 5317 1699 5389 Ἐπειδὴ
1729 5318 1784 5370 δὲ

224 5426 325 5478 νῦν
367 5422 480 5490 τῆς
515 5417 607 5470 διὰ
650 5413 867 5484 λουτροῦ
906 5409 1299 5478 ἀναγεννήσεως
1335 5405 1628 5474 μέμνηται,
1658 5408 1784 5461 Υίόν

204 5493 398 5566 ίαύτὺν
426 5508 672 5573 εἰσάγων
699 5502 851 5566 Θεοῦ,
881 5500 1119 5570 βούλεται
1139 5497 1212 5557 ώς
1237 5498 1292 5546 ἐν
1319 5494 1660 5565 ὑποδείγματι
1685 5515 1784 5551 πα-

301 5663 426 5734 (46)
471 5657 570 5711 Sic
590 5654 928 5734 demonstrat
954 5649 1215 5734 Eusebius
1244 5655 1401 5702 totam
1420 5648 1784 5709 Antiocheno—

229 5719 353 5786 rum
389 5719 762 5784 litteraturam
794 5721 1023 5774 Graecam
1056 5719 1237 5770 fuisse.

1103 375 1593 440 SUPPLEMENTA
1629 380 2089 452 ρυΑΞδΤΙΟΝυΜ
2125 383 2214 440 AD
2253 380 2684 444 STEPHANUM.

3322 385 3426 442 96!

1831 505 1876 561 Α
1905 500 2160 563 furorem,
2183 500 2308 556 Jesu
2326 501 2378 555 in
2393 500 2679 571 Egyptum
2695 499 2892 570 fugam,
2915 500 3148 556 indidem
3169 498 3421 559 reditum,

1903 591 2131 659 denique
2155 589 2493 644 Archelaum.
2538 587 2604 641 Et
2632 590 2897 658 quomodo
2928 601 3050 660 post
3095 590 3208 644 haec
3240 590 3294 642 in
3323 605 3423 657 pus

1903 681 2099 734 blicum
2142 681 2414 734 hominum
2465 687 2811 748 conspectum
2861 681 3114 749 prodiens
3162 678 3422 738 Joannes.

1902 770 2178 826 tricesimo
2207 772 2380 824 aetatis
2403 769 2528 824 Jesu
2553 785 2715 829 anno,
2748 771 3074 838 pmnitentia:
3093 771 3423 840 baptismum

1900 858 1955 912 in
2004 860 2218 913 deserto
2263 861 2645 929 praedicaverit,
2679 865 2862 927 'atque
2922 861 3059 912 inter
3100 860 3238 912 alios
3293 858 3424 911 illuc

1899 948 2057 1004 Jesns
2111 966 2323 1020 quoque
2373 953 2600 1011 venerit.
2637 958 2697 1003 ut
2729 949 2827 1003 ahs
2865 948 3069 1002 Joanne
3111 951 3164 1001 in
3192 948 3424 1003 Jordane

1899 1041 2289 1109 baptizaretur.
2344 1040 2506 1094 Vides
2556 1054 2682 1108 ergo
2739 1040 2794 1092 in
2844 1038 2930 1093 his
2985 1046 3310 1100 contextum,
3369 1046 3424 1092 et

1902 1127 2173 1180 historicze
2207 1127 2530 1180 narrationis
2578 1127 2870 1194 sequelam,
2923 1140 3089 1193 quam
3148 1123 3423 1180 Mattheus

1899 1217 2138 1284 exponit,
2189 1217 2275 1268 vir
2324 1215 2513 1285 Syrus,
2557 1216 2892 1285 professione
2921 1216 3042 1267 vitae
3074 1214 3417 1282 publicanus,

1900 1305 2084 1375 lingua
2120 1303 2396 1360 Hebraeus.

1968 1395 2021 1448 4.
2062 1395 2129 1447 At
2172 1393 2345 1449 Lucas
2374 1394 2571 1448 celebri
2605 1392 2887 1446 Antiochia
2933 1407 3102 1461 genus
3155 1390 3421 1454 trahebat,

1898 1498 2005 1552 qua
2036 1483 2090 1535 in
2121 1483 2253 1535 urbe
2299 1481 2648 1535 eruditissimi
2711 1481 2912 1550 quique
2965 1481 3062 1533 abs
3105 1478 3324 1534 lonibus
3366 1495 3426 1534 se

1899 1572 2206 1641 progenitos
2233 1585 2352 1624 esse
2381 1569 2694 1639 gloriantur.
2741 1567 2844 1621 Sed
2873 1575 3065 1636 prater
3095 1568 3317 1622 insitum
3346 1567 3424 1621 ci-

1902 1663 2057 1716 vibus
2085 1661 2480 1721 hellenismum,
2530 1659 2816 1728 aliquando
2844 1658 3014 1725 magis
3042 1656 3340 1726 profecerat
3368 1659 3422 1712 in

1901 1753 2094 1804 litteris
2134 1749 2324 1811 Lucas,
2373 1749 2498 1816 quia
2529 1748 2747 1802 medicae
2771 1746 2904 1799 artis
2936 1746 3139 1813 peritus
3173 1753 3304 1799 erat.
3359 1745 3424 1802 Et

1831 1820 1867 1872 Β
1899 1850 2075 1894 tamen
2125 1840 2249 1892 talis
2297 1853 2417 1891 cum
2459 1845 2622 1898 esset,
2669 1836 2936 1904 Evangelii
2976 1837 3296 1902 scripturam
3334 1851 3425 1888 or-

1897 1932 2068 1991 diens,
2117 1945 2203 1982 res
2238 1929 2465 1996 primum
2513 1926 2785 1980 Zachariae
2823 1933 2877 1979 et
2906 1923 3186 1978 Elisabeta:
3213 1931 3420 1978 narrat.

1900 2019 2094 2074 Deinde
2120 2017 2382 2072 Gabrielis
2407 2018 2472 2070 ad
2517 2016 2736 2068 Mariam
2773 2016 3105 2084 apparitione
3151 2014 3420 2078 subnexa,

1897 2111 2060 2162 miras
2114 2109 2233 2163 illas
2262 2109 2574 2161 nativitates
2607 2105 2799 2159 deinde
2829 2104 2998 2172 ponit,
3031 2104 3174 2156 nulla
3203 2101 3421 2171 Josephi

1896 2198 2214 2267 genealogia:
2263 2198 2404 2250 facta
2443 2196 2732 2250 mentione.
2796 2192 2987 2246 Postea
3046 2191 3416 2244 duodecimum

1891 2289 2016 2343 Jesu
2043 2304 2240 2342 annum
2284 2288 2543 2351 scribens,
2594 2285 2828 2339 nondum
2861 2284 3022 2336 ullam
3055 2281 3416 2351 genealogiam

1896 2387 2174 2434 memorat.
2229 2379 2358 2432 Post
2411 2377 2638 2446 Augusti
2694 2390 2821 2428 vero
2883 2383 3144 2441 tempora,
3206 2371 3419 2424 Tiberio

1894 2467 2251 2520 Romanorum
2283 2466 2561 2535 imperium
2587 2473 2814 2526 tenente,
2828 2463 3016 2530 quinto
3033 2456 3238 2514 decimo
3259 2459 3420 2526 hujus

1891 2568 2053 2618 anno,
2089 2556 2219 2608 dicit
2242 2553 2500 2608 Joannem
2534 2554 2588 2605 in
2617 2552 2830 2606 deserto
2875 2549 3249 2618 praedicavisse
3299 2563 3417 2617 pae-

1893 2643 2127 2696 nitentiae
2177 2643 2497 2712 baptismum
2555 2642 2609 2694 in
2640 2649 2976 2709 peccatorum
3009 2639 3415 2694 remissionem:

1891 2731 2284 2798 concionesque
2326 2729 2446 2798 ejus
2478 2730 2726 2797 exponit;
2778 2737 2836 2783 et
2879 2736 2999 2797 post
3038 2727 3153 2781 hazc
3209 2726 3415 2788 omnia,

1888 2817 2036 2882 Jcsu,
2058 2820 2250 2888 inquit,
2269 2819 2535 2887 haptizato
2557 2827 2610 2872 et
2636 2825 2822 2872 ora‘nte
2850 2819 3042 2872 malum
3063 2817 3259 2886 aperiri
3287 2832 3418 2871 con-

1891 2909 2029 2976 tigit,
2063 2919 2116 2962 et
2145 2907 2400 2977 Spiritum
2431 2909 2690 2962 columbae.
2734 2909 2912 2977 specie
2939 2908 3286 2970 descendere,
3331 2914 3415 2961 at-

1891 3013 1995 3066 que
2027 2998 2176 3051 illine
2205 3013 2388 3051 vocem
2423 2997 2620 3050 deferri
2648 3015 2660 3050 :
2695 2997 2802 3049 «Tu
2820 3012 2878 3052 es
2906 2994 3075 3050 Filius
3103 3010 3253 3051 meus
3282 2996 3416 3049 dile-

1892 3093 2034 3149 ctus,
2061 3087 2114 3139 in
2147 3101 2254 3155 quo
2307 3086 2437 3138 mihi
2469 3086 2788 3155 complacui.
2824 3106 2842 3136 ›
2899 3085 3064 3139 Porro
3091 3086 3196 3139 huc.
3225 3101 3414 3154 prove-

1894 3187 2032 3239 ctus,
2067 3187 2318 3245 tanquam
2355 3191 2543 3230 somno
2571 3177 2847 3245 evigilans,
2872 3177 3191 3245 genealogiae
3218 3177 3411 3231 intem-

1891 3265 2112 3332 pestive,
2143 3272 2201 3314 ut
2241 3262 2435 3329 aliquis
2483 3261 2828 3323 existimabit,
2860 3263 3182 3315 mentionem
3212 3261 3406 3316 infert:

1895 3371 1913 3402 ς
1949 3355 2014 3404 Et
2042 3352 2154 3419 ipse
2185 3349 2342 3404 Jesns
2377 3357 2491 3403 erat
2547 3349 2806 3417 incipiens
2850 3349 3004 3416 quasi
3034 3363 3291 3402 annorum
3314 3351 3414 3403 tri-

1891 3446 2056 3510 ginta,
2109 3441 2250 3493 filius
2295 3447 2353 3492 ut
2392 3438 2681 3507 putabatur
2713 3435 2952 3504 Josephi,
2994 3437 3086 3506 qui
3115 3435 3218 3488 fuit
3268 3437 3408 3500 lleli,

1891 3529 1981 3596 qui
2012 3527 2111 3579 fuit
2145 3526 2356 3592 Melchi,
2390 3544 2408 3576 ›
2428 3534 2482 3579 et
2507 3526 2855 3592 reliquorum.

1959 3704 2011 3756 ὅ.
2053 3702 2184 3766 Quis
2209 3717 2335 3770 ergo
2366 3701 2468 3754 hoc
2495 3701 2612 3754 loco
2633 3701 2762 3754 'non
2794 3698 2863 3754 sit
2895 3699 3217 3768 perplexus?
3243 3699 3412 3770 siqui-

1889 3796 2008 3848 dem
2062 3793 2363 3847 Matthzeum
2426 3792 2750 3845 narrationis
2800 3805 2908 3844 sua:
2970 3790 3408 3857 compositionem

1891 3885 2023 3938 scite
2058 3883 2252 3936 fecisse
2295 3891 2544 3950 apparet;
2577 3881 2774 3934 Lucam
2806 3889 2982 3935 autem
3022 3887 3172 3932 tanta
3207 3880 3410 3951 incogi-

1892 3975 2060 4026 tantia
2095 3973 2279 4034 fuisse,
2312 3985 2366 4025 ut
2400 3987 2518 4025 cum
2562 3987 2660 4024 suo
2701 3972 2819 4024 loco
2857 3970 3218 4039 genealogiam
3244 3969 3412 4025 colle-

1891 4080 2013 4118 care
2053 4065 2291 4122 deberet,
2341 4077 2458 4115 eam
2519 4071 2646 4115 tunc
2693 4060 3124 4130 planet-miserit:
3176 4069 3229 4112 et
3284 4074 3408 4113 cum

1889 4163 2090 4205 tantam
2127 4152 2359 4204 historia:
2389 4159 2591 4218 partem
2627 4150 2955 4217 scripsisset,
2983 4163 3170 4216 nempe
3204 4162 3232 4198 a
3261 4147 3414 4200 Chri-

1890 4246 1956 4297 sti
1992 4245 2268 4296 nativitate
2307 4257 2478 4308 usque
2517 4241 2582 4294 ad
2630 4242 2960 4293 tricesimum
3019 4240 3136 4308 ejus
3187 4254 3408 4304 annum,

1891 4333 2094 4386 nullum
2155 4333 2447 4386 inserenda:
2513 4333 2833 4401 genealogiae
2896 4333 3142 4386 idoneum
3199 4339 3410 4400 tempus

1819 4453 1862 4504 ο
1893 4422 2200 4490 agnoverit:
2231 4421 2324 4474 sed
2359 4437 2500 4473 nunc
2522 4421 2735 4474 demum
2765 4437 2885 4474 cum
2923 4422 3141 4488 triginta
3173 4419 3282 4487 jam
3312 4436 3409 4474 an-

1891 4529 1987 4565 nos
2013 4520 2170 4565 natus
2200 4511 2264 4563 ad
2296 4509 2516 4565 Joannis
2550 4512 2870 4580 baptismum
2902 4510 3107 4566 accedit
3138 4510 3406 4574 Christus,

1892 4611 2084 4672 praeter
2141 4616 2351 4654 omnem
2412 4603 2674 4655 rationem
2745 4616 2809 4654 ac
2865 4607 3097 4671 tempus,
3153 4609 3405 4668 tanquam

1887 4690 2079 4757 scripti
2135 4690 2394 4743 insertum
2449 4689 2715 4757 quoddam
2758 4689 3116 4757 genealogiam
3165 4688 3403 4741 inducat.

1885 4779 2350 4833 Verumenimvero
2393 4779 2439 4831 si
2485 4779 2604 4846 quis
2641 4779 2786 4829 illum
2831 4779 2909 4830 sic
2959 4776 3401 4844 reprehenderet,

1888 4869 2028 4922 haud
2060 4881 2377 4936 responsum
2409 4883 2564 4921 suum
2602 4867 2896 4920 desiderari
2938 4876 3206 4934 pateretur
3247 4868 3403 4922 divus

1885 4958 2246 5026 evangelista;
2279 4957 2371 5012 sed
2419 4956 2598 5009 divina
2641 4960 2903 5025 quaedam,
2938 4964 2996 5008 ut
3043 4971 3140 5024 par
3192 4965 3297 5022 est,
3351 4967 3403 5010 et

1886 5047 2042 5106 scita,
2083 5053 2138 5098 et
2176 5046 2509 5098 inhabitante
2532 5045 2714 5099 divino
2754 5044 2957 5113 Spiritu
2994 5044 3152 5113 digna
3185 5047 3397 5116 eloque-

1885 5143 2052 5190 retur.
2105 5131 2214 5203 Ego
2242 5142 2418 5188 autem
2462 5134 2711 5186 existimo
2739 5134 2914 5202 ipsum
2957 5131 3087 5188 Jcsu
3131 5138 3400 5190 carnalem

1886 5239 2104 5296 quoque
2132 5224 2391 5292 originem
2437 5223 2740 5278 describere
2765 5223 3052 5286 volentem,
3087 5223 3161 5276 ita
3199 5239 3253 5278 se
3281 5241 3402 5294 ges-

1883 5316 2040 5370 sisse.
2081 5312 2147 5366 Et
2175 5315 2300 5382 quia
2321 5313 2424 5366 hoc
2450 5314 2498 5366 ei
2523 5313 2852 5382 propositum
2890 5320 3027 5375 erat,
3063 5313 3203 5366 haud
3250 5315 3404 5384 igno-

1880 5405 2052 5469 rabat,
2100 5403 2493 5473 generationem
2545 5401 2848 5470 hnjnsmodi
2906 5403 3097 5468 exponi
3130 5411 3398 5470 oportere.

1884 5491 1987 5548 Sed
2023 5487 2276 5560 quoniam
2299 5502 2440 5542 nunc
2466 5488 2532 5542 de
2571 5487 2971 5557 regeneratione
3000 5503 3094 5558 per
3119 5489 3393 5542 lavacrum

1950 5649 2058 5722 (Π)
2093 5648 2171 5703 ita
2199 5648 2384 5712 codex,
2415 5647 2785 5716 praetermissis
2822 5646 3018 5702 Matath
3049 5655 3100 5702 et
3127 5646 3270 5701 Levi.
