3926 6400
167 373 313 431 θοις
1071 386 1574 444 smmum”
1610 383 2071 457 eules'rtormu
2110 372 2207 435 AD
2241 366 2678 445 STEPHANUII.
3315 391 3416 447 966

164 502 294 550 τος
337 490 513 542 αὐτοῦ
536 494 1008 565 ’προελευσομένου
1026 502 1370 570 γενησομένη.
1419 502 1474 553 '0
1505 502 1558 554 δὲ
1584 504 1640 554 ὲν
1669 501 1763 570 Θεᾷ

1883 501 1988 560 nis,
2017 509 2136 566 qua:
2183 487 2321 542 hand
2369 495 2525 551 aliter
2555 513 2711 566 quam
2749 514 2840 567 per
2883 516 3064 556 semen
3086 515 3152 556 ex
3187 515 3250 555 eo
3291 517 3415 570 pro-

167 579 754 650 ἀναγεγεννημένος,
791 587 1004 658 ἐτέρους
1034 589 1266 659 πατέρας
1306 593 1427 652 τοὺς
1475 591 1613 642 κατά
1657 591 1763 643 Θεὸε

1888 594 2172 642 venturum
2200 588 2454 638 eventura
2472 595 2607 640 erat.
2637 587 2704 640 At
2725 588 2811 641 ille
2832 588 2885 641 in
2914 589 3020 644 Deo
3047 600 3412 660 regeneratus.

161 667 699 740 ἐπιγραψάμενος,
739 677 846 728 οὐδ’
892 680 1081 741 αὐτοὺς
1122 681 1330 750 άληθῶς
1363 681 1621 751 ἐσχηκὼς,
1672 682 1763 733 ἀλλ

1898 678 2032 730 alios
2063 674 2167 729 sibi
2199 678 2376 741 patres
2403 670 2695 730 secundum
2728 674 2891 729 Deum
2918 679 3238 741 inscribens,
3268 679 3410 732 haud

159 755 261 820 ὡς
297 759 622 847 (ἐνομίζετο⁹
644 765 732 820 διὰ
777 769 874 838 τὴν
902 770 1006 821 τῶν
1037 771 1179 840 ἠθῶν
1224 772 1612 842 ὁμοιοτροπίαν,
1647 775 1785 826 ἄνει-

168 860 278 898 σιν
319 850 428 902 ἐπὶ
464 853 563 904 τὸν
593 856 763 926 ἀληθῆ
808 859 1021 929 Πατέρα
1064 863 1195 931 μετά
1223 865 1424 925 πάντας
1453 863 1785 932 χρηματίσας

166 934 335 998 Υἱὸς
388 939 494 990 τοῦ
549 941 709 994 Θεοῦο
755 945 868 998 ἀλλ’
897 943 1046 1010 οὗτος
1081 950 1176 1018 μὲιν
1213 952 1268 1002 ὲν
1307 952 1627 1020 ἀπορρήτοις
1653 953 1782 1020 ήμῖν

159 1027 512 1082 ἀποδόσθαι)
547 1034 578 1083 ὁ
611 1033 787 1100 λόγος.
819 1037 931 1089 Ἵνα
959 1037 1013 1089 δὲ
1058 1040 1128 1107 μή
1159 1056 1240 1101 τις
1264 1042 1407 1109 ἡμᾶς
1432 1041 1780 1110 εὐρεσιλογεῖν

162 1114 508 1181 ὑπολάϐοι,
537 1122 636 1172 καὶ
668 1125 872 1194 ἱστορίᾳ
898 1128 1167 1196 χρήσομαι
1205 1129 1531 1200 παλαιοτάτῃ
1556 1130 1682 1200 παρ’
1715 1126 1781 1201 ἧς

164 1205 308 1257 ἔστι
358 1210 476 1277 τὴν
517 1210 674 1264 λύσιν
709 1215 882 1283 εὑρεῖν
922 1218 1017 1286 τῆς
1053 1217 1432 1286 νενομισμένης
1461 1221 1586 1288 παρ’
1617 1221 1780 1289 ἀμφο-

161 1297 389 1367 τέροις
417 1303 545 1363 τοῖς
573 1302 972 1370 εὐαγγελισταῖς
993 1307 1296 1374 διαφωνίας.
1323 1308 1432 1375 Τῆς
1460 1309 1515 1360 δὲ
1547 1312 1778 1379 ἱστορίας

165 1388 401 1454 γέγονε
445 1394 800 1461 συγγραφεὺς
837 1395 1161 1465 Ἀφρικανὸς,
1190 1397 1326 1466 ἀνὴρ
1351 1396 1528 1461 λόγιος
1559 1399 1778 1463 καὶτοῖς

161 1478 293 1530 ἀτώ
327 1480 449 1548 τῆς
506 1481 707 1544 ἔξωθεν
738 1485 980 1547 παιδείας
1015 1487 1343 1555 ὁρμωμένοις
1390 1489 1667 1557 ἐπιφανής·
1717 1487 1776 1545 οῦ

159 1567 330 1636 πρὸς
367 1568 573 1631 ἄλλοις
603 1571 816 1634 πολλοῖς
852 1574 943 1625 καὶ
971 1574 1151 1636 καλοῖς
1177 1574 1370 1640 λόγοις.
1405 1577 1497 1627 καὶ
1527 1578 1772 1648 ἐπιστολὴ

163 1656 436 1726 φέρεται
466 1659 610 1728 πρὸς
651 1662 976 1732 Ἀριστείδην
997 1665 1120 1734 περὶ
1141 1664 1237 1732 τῆς
1269 1666 1647 1736 νενομισμένης
1669 1669 1774 1722 τῶν

165 1747 626 1815 εὐαγγελιστῶν
658 1752 784 1819 περὶ
817 1753 914 1821 τὴν
944 1751 1171 1807 Χριστοῦ
1209 1753 1547 1822 γενεαλογίαν
1578 1757 1774 1825 διαφω-

165 1836 327 1898 νίας·
373 1838 511 1907 ἓχει
555 1839 598 1890 δ’
630 1839 822 1902 οὕτως.

728 1948 1119 2002 ΑΦΡΙΚᾹΝΟΥ
1150 1950 1279 2021 (ιδ).

241 2067 324 2128 η’.
363 2061 498 2114 Οὐκ
519 2058 962 2129 ἁκριῦῶςμέντοι
985 2062 1125 2124 τινὲς
1147 2061 1410 2130 λέγουσιν,
1432 2067 1512 2120 ὅτι
1553 2069 1769 2132 δικαίως

144 2150 421 2217 ’γέγονεν
451 2152 488 2219 ἡ
515 2149 772 2219 διάφορος
795 2150 928 2218 αῦτη
952 2151 1054 2204 τῶν
1085 2151 1352 2221 ὀνομάτων
1381 2158 1767 2228 καταρίθμησίς

168 2257 229 2290 τε
267 2239 379 2291 καὶ
437 2238 721 2308 ἐπιμιξία,
754 2237 860 2291 τῶν
896 2255 953 2290 τε
982 2241 1278 2310 ἱερατικῶν,
1315 2242 1387 2306 ὡς
1418 2245 1635 2308 οἴονται,
1679 2249 1768 2298 καὶ

168 2327 289 2378 τῶν
323 2326 672 2396 βασιλικῶν,
712 2326 798 2378 ἵνα
825 2326 1002 2395 δειχθῇ
1033 2327 1247 2391 δικαίως
1282 2333 1310 2382 ὁ
1335 2333 1560 2401 Χριστὸς
1596 2334 1767 2402 ἱερεύς

169 2433 228 2467 τε
264 2417 374 2468 καὶ
407 2415 676 2485 βασιλεὺς
707 2417 1019 2484 γενόμενος·
1050 2417 1231 2490 ῶσπερ
1261 2422 1400 2484 τινὸς
1430 2423 1766 2485 ἀπειθοῦντος

170 2507 206 2575 ἢ
247 2506 476 2577 ἑτέραν
508 2506 804 2576 ἐσχηκότος
837 2507 1038 2570 ἐλπίδα,
1066 2510 1144 2560 ὅτι
1177 2511 1204 2561 6
1235 2512 1461 2582 Χριστὸς
1488 2515 1765 2584 ἀρχιερεύς

173 2598 297 2648 ἐστι
331 2595 593 2665 Πατρὸς,
625 2594 724 2656 τὰς
745 2595 1010 2666 ἡμετέρας
1042 2599 1174 2666 πρὸς
1205 2599 1359 2652 αὐτὸν
1393 2601 1550 2670 εὐχάς
1572 2603 1766 2671 ἀναφέ-
1815 2633 1818 2638 -

1886 766 2127 835 equidem
2163 775 2313 816 veros
2340 771 2523 831 patres
2541 803 2558 827 ,
2591 765 2684 820 sed
2711 765 2781 818 ita
2806 775 3016 834 putatos
3056 778 3269 836 propter
3294 783 3410 822 mo-

1886 871 2002 909 rum
2039 854 2464 917 similitudinem,
2500 855 2564 908 ad
2595 869 2777 908 verum
2805 855 3016 910 Patrem
3061 868 3180 928 post
3221 874 3407 913 omnes

1885 959 2100 998 sursum
2131 942 2321 1007 tendit,
2352 941 2518 996 Filius
2559 941 2648 995 Dei
2698 944 2982 998 exsisteus.
3012 945 3184 1014 Atque
3225 947 3406 1002 hacte-

1884 1050 1987 1088 nus
2023 1035 2089 1088 de
2114 1049 2310 1087 arcano
2343 1049 2373 1086 a
2402 1034 2556 1087 nobis
2589 1048 2751 1087 sensu
2783 1033 2986 1086 dictum
3016 1035 3105 1089 sit.
3149 1035 3227 1090 Ne
3277 1051 3405 1091 vero

1883 1138 1980 1177 nos
2011 1125 2289 1192 quisquam
2332 1123 2445 1176 haec
2472 1123 2686 1191 proprio
2733 1123 2946 1190 ingenio
2976 1125 3276 1193 excogitare
3305 1144 3404 1194 pu-

1881 1221 1978 1276 tet,
2009 1214 2435 1282 antiquissimam
2467 1213 2742 1267 historiam
2767 1212 3054 1281 proferam,
3078 1214 3218 1282 apud
3244 1231 3403 1284 quam

1881 1306 2177 1372 comperire
2223 1311 2305 1356 est
2333 1303 2651 1355 solutionem
2685 1310 2880 1370 putatae
2912 1303 3052 1356 inter
3078 1303 3213 1357 duos
3244 1320 3404 1359 evan-

1882 1393 2100 1461 gelistas
2132 1391 2492 1444 dissonantia.
2538 1390 2781 1444 Historia:
2822 1391 2982 1458 hujus
3030 1401 3217 1446 auctor
3263 1393 3406 1448 Afri-

1877 1498 2043 1536 canus
2064 1490 2164 1546 est,
2210 1483 2291 1534 vir
2334 1482 2596 1543 eruditus,
2644 1488 2696 1534 et
2756 1481 2896 1533 inter
2951 1488 3132 1534 extera
3159 1483 3403 1539 doctrina

1877 1573 2108 1626 imbutos
2161 1573 2421 1634 illustris,
2467 1573 2620 1640 cujus
2668 1581 2857 1638 praeter
2915 1582 3135 1625 caeteros
3207 1575 3404 1630 multos

1875 1664 2114 1731 egregios
2141 1663 2327 1724 libros,
2363 1661 2584 1729 epistola
2612 1673 2824 1727 quoque
2854 1658 3080 1712 habetur
3117 1659 3181 1713 ad
3205 1660 3402 1716 Aristi-

1875 1753 1993 1805 dem
2026 1752 2091 1805 de
2119 1759 2296 1820 putata
2321 1752 2762 1816 evangelistarum
2794 1752 2937 1803 circa
2977 1748 3176 1804 Christi
3207 1765 3404 1819 genea-

1807 1847 1848 1899 B
1879 1843 2069 1911 logiam
2098 1841 2449 1906 dissonantia,
2483 1855 2600 1908 quae
2628 1841 2700 1892 ita
2731 1855 2788 1894 se
2820 1839 2998 1892 habet.

2469 1949 2803 2004 AFRICANI.

1940 2063 1990 2116 8.
2013 2062 2164 2116 Haud
2209 2068 2453 2116 accurate
2482 2062 2692 2130 quidam
2734 2062 2902 2125 aiunt,
2935 2061 3152 2129 provide
3202 2061 3396 2116 factam

1872 2167 1990 2205 esse
2019 2153 2347 2205 dill‘erentem
2385 2152 2522 2203 hanc
2553 2152 2836 2211 hominum
2868 2151 3316 2205 enumerationem
3345 2160 3399 2206 et

1872 2241 2268 2309 permistionem
2287 2240 2717 2303 sacerdotalium,
2750 2248 2808 2292 ut
2824 2248 3029 2307 putant,
3049 2247 3102 2292 et
3129 2241 3395 2310 regalium

1871 2328 2125 2390 virorum,
2152 2335 2211 2380 ut
2236 2327 2607 2380 ostenderetur
2633 2328 2824 2380 merito
2849 2328 3095 2384 Christus
3113 2347 3206 2385 rex
3238 2332 3396 2385 simul

1871 2420 2029 2482 atque
2073 2415 2322 2468 sacerdos
2354 2433 2366 2466 :
2396 2413 2548 2481 quasi
2596 2408 2787 2481 aliquis
2818 2414 2883 2466 de
2911 2415 3011 2469 hoc
3050 2417 3274 2481 dubitet,
3304 2426 3397 2471 aut

1871 2503 2026 2555 aliam
2059 2519 2205 2572 spem
2241 2503 2450 2566 habeat,
2486 2517 2670 2572 nempe
2699 2504 2830 2573 quin
2875 2505 3125 2562 Christus
3165 2516 3396 2562 aeternus

1872 2592 1940 2645 sit
1973 2594 2115 2661 apud
2171 2592 2378 2646 Patrem
2421 2593 2680 2660 pontifex,
2717 2607 2902 2661 preces
2951 2603 3166 2648 nostras
3194 2597 3242 2649 ei
3267 2595 3399 2651 06'0-

1866 2695 2024 2736 rens:
2059 2697 2153 2734 rex
2184 2689 2356 2734 autem
2385 2680 2854 2750 supermundialis,
2884 2696 3019 2750 quos
3039 2683 3280 2737 liberavit
3301 2698 3397 2752 pa-

1868 2785 2023 2824 scens
2053 2767 2274 2839 Spiritu,
2295 2777 2609 2837 cooperator
2631 2769 2849 2824 effectus
2878 2770 2932 2822 in
2955 2771 3190 2824 omnium
3214 2786 3394 2826 rerum

1867 2861 2221 2915 ordinatione.
2256 2859 2417 2927 quue
2459 2859 2614 2913 nobis
2649 2861 2978 2928 exploratum
3008 2860 3133 2915 fecit
3162 2875 3268 2916 non
3292 2862 3394 2921 tri-

179 2702 319 2745 οων,
359 2685 475 2737 καὶ
508 2683 764 2752 βασιλεὺς
791 2684 1176 2755 ῦπερκόσμιος,
1209 2687 1299 2750 οὓς
1319 2687 1648 2760 ἠλευθέρωσε
1682 2692 1764 2744 νέ-

179 2791 304 2844 μων
334 2773 430 2842 τῷ
461 2771 764 2840 Πνεῦματι,
788 2773 1036 2842 συνεργὸς
1059 2776 1136 2837 είς
1165 2775 1257 2846 τήν
1284 2776 1628 2848 διακόσμησιν
1657 2780 1762 2832 τῶν

171 2863 320 2917 δλων
372 2862 705 2931 γενόμενος.
745 2863 854 2915 Καὶ
897 2863 1050 2916 τοῦτο
1087 2865 1213 2934 ἡμῖν
1245 2868 1625 2937 προσήγγειλεν
1668 2872 1764 2940 οὐχ

157 2957 204 3007 '6
226 2953 562 3020 κατάλογος
588 2950 699 3004 τῶν
726 2951 921 3020 φυλῶν,
941 2953 1036 3022 οὐχ
1061 2955 1092 3022 ή
1131 2953 1269 3022 μίξις
1288 2954 1392 3007 τῶν
1411 2956 1762 3026 ἀναγρᾶπτων

1867 2952 2028 3004 buum
2074 2951 2368 3019 catalogus,
2404 2964 2578 3018 neque
2634 2951 3053 3019 perscriptarum
3100 2951 3396 3021 generatio-

173 3043 387 3110 γενῶν,
421 3041 570 3094 ἀλλά
595 3040 924 3111 πατριάρχαι
956 3041 1046 3093 καὶ
1073 3042 1356 3110 προφῆται.
1390 3044 1476 3112 Μὴ
1508 3041 1599 3097 οῦν
1632 3062 1761 3096 κατ-

1867 3056 1992 3093 num
2049 3040 2246 3099 mistio,
2297 3039 2390 3094 sed
2434 3039 2748 3106 patriarchae
2785 3049 2943 3110 atque
2972 3040 3261 3110 prophetae.
3291 3041 3395 3100 Ca-

173 3133 356 3201 ’ίωμεν
407 3133 498 3194 εἰς
524 3130 791 3199 τοσαύτην
829 3130 1126 3193 θεοσεῦείας
1160 3133 1555 3202 σμικρολογίαν,
1593 3135 1676 3188 ἴνα
1698 3139 1759 3207 τῇ

1867 3145 2082 3185 veamus
2116 3131 2277 3198 igitur
2304 3144 2332 3182 a
2362 3130 2566 3182 minuto
2594 3128 2898 3196 hujusmodi
2926 3131 3197 3200 religionis
3229 3131 3396 3186 artiﬁ-

169 3222 476 3291 ἑναλλαγῇ
504 3220 616 3272 τῶν
656 3220 951 3290 ὀνομάτων,
987 3220 1080 3290 τὴν
1112 3222 1340 3290 ’Χριστοῦ
1375 3222 1640 3290 βασιλείαν
1671 3227 1763 3279 καὶ

1867 3221 1969 3282 cio,
2006 3227 2064 3272 ut
2092 3219 2365 3272 nominum
2398 3220 2789 3286 permutatione
2830 3220 3031 3273 Christi
3075 3237 3295 3290 regnum
3328 3239 3394 3277 ac

157 3313 510 3384 -ίερωσύνην
547 3310 912 3380 συνιστῶμεν·
942 3312 1059 3363 ἐπεὶ
1102 3314 1166 3381 τῇ
1212 3312 1373 3364 Ἰούδα
1399 3314 1534 3384 φυλῇ
1574 3317 1636 3382 τῇ
1670 3315 1763 3385 βα-

1867 3306 2220 3362 sacerdotium
2260 3306 2608 3375 comprobare
2655 3308 2895 3362 velimus.
2935 3306 3068 3363 Nam
3113 3317 3166 3364 et
3193 3311 3391 3382 alioqui

161 3403 401 3473 'G'J'Mﬁ,
441 3404 478 3459 ἠ
523 3400 621 3452 τοῦ
672 3401 801 3453 Λευὶ
851 3400 988 3468 φυλὴ
1043 3401 1280 3470 ίερατικὴ
1331 3402 1617 3472 συνεζύγη,
1670 3404 1763 3456 τοῦ

1867 3396 2024 3466 regali
2055 3395 2206 3449 Judte
2253 3396 2414 3449 tribui
2470 3395 2819 3449 sacerdotalis
2863 3396 2989 3451 Levi
3024 3398 3207 3485 tribus
3249 3399 3391 3454 facta

183 3489 472 3544 Ναασσὼν
509 3489 745 3559 ἀδελφὴν
789 3488 886 3558 τὴν
934 3488 1204 3541 Ἐλισάὸετ
1240 3489 1440 3560 Ἀαρὼν
1477 3491 1758 3562 ἀξαμένου,

1867 3492 1974 3538 erat
2003 3484 2192 3545 afﬁnis,
2215 3499 2280 3538 ex
2311 3498 2417 3554 quo
2439 3481 2728 3538 Naassonis
2781 3481 3037 3540 sororem'
3066 3486 3389 3542 Elisabetam

181 3582 276 3632 καὶ
307 3580 489 3631 πάλιν
522 3577 783 3648 Ἐλεάζαρ
811 3576 905 3646 τὴν
921 3575 1185 3647 θυγατέρα
1206 3580 1420 3650 Φατιὴλ,
1443 3582 1533 3633 καὶ
1558 3582 1761 3634 ἐνθένδε

1867 3571 2010 3624 duxit
2035 3572 2215 3623 Aaron
2243 3585 2465 3625 uxorem
2496 3570 2562 3634 “,
2598 3585 2894 3642 rursusque
2937 3572 3159 3628 Eleazar
3207 3574 3392 3629 Phati-

181 3666 780 3735 παιδοποιησαμένων.
825 3664 1143 3733 Ἐψεῦσαντο
1173 3665 1263 3720 οὖν
1291 3670 1339 3720 οἱ
1371 3669 1758 3737 ε’ὺαγγελισταὶ,

1867 3659 2000 3713 helis
2030 3658 2190 3712 filiam
2215 3659 2283 3724 “,
2331 3660 2480 3729 prole
2513 3658 2636 3715 inde
2673 3667 2941 3730 suscepta.
2993 3660 3131 3732 Ergo
3161 3677 3389 3733 evange-

183 3756 557 3815 συνιστάντες
577 3753 678 3806 οὐκ
705 3752 981 3821 ἀλήθειαν,
1018 3752 1130 3804 ἀλλ’
1152 3755 1491 3824 εἰκαζόμενον
1520 3756 1759 3810 ἔπαινονο

1867 3749 1998 3804 l-istre
2030 3748 2238 3803 mentiti
2288 3756 2435 3813 sunt,
2471 3748 2597 3803 dum
2646 3765 2756 3805 non
2792 3751 3068 3806 veritatem
3114 3760 3385 3818 asserunt,

181 3849 277 3900 καὶ
305 3847 406 3899 διὰ
462 3843 632 3896 τοῦτο
664 3843 692 3894 6
727 3842 825 3910 μὲν
857 3841 943 3894 διὰ
981 3840 1282 3911 Σολομῶνος
1308 3844 1412 3896 ἀπὸ
1439 3844 1598 3897 Δαυῒδ
1641 3846 1761 3912 ὲγε-

1867 3842 1952 3898 sed
1993 3842 2296 3896 simulatam
2322 3843 2531 3897 laudem
2567 3861 2581 3896 :
2613 3842 2771 3912 cujus
2799 3845 2878 3898 rei
2906 3858 3090 3908 causa,
3114 3846 3246 3900 alter
3266 3846 3388 3916 qui-

182 3937 536 4006 vsaldmcev
567 3933 658 3985 τὸν
702 3930 891 3984 Ἰακὼὸ
916 3931 1003 3983 τὸν
1027 3932 1118 3984 τοῦ
1157 3933 1347 4003 Ἰωσὴφ
1385 3935 1591 4004 πατέρα
1610 3951 1622 3965 ο
1654 3937 1681 3987 6
1707 3936 1762 3989 δὲ

1867 3931 1977 3984 dem
2015 3946 2111 4000 per
2150 3931 2488 3986 Salomonem
2520 3946 2550 3985 a
2582 3931 2783 3987 Davide
2803 3931 2988 3988 Jacobi
3008 3933 3244 4004 ,stirpem
3271 3943 3385 3990 tra-

184 4027 378 4080 Νάθαν
409 4022 515 4077 τοῦ
558 4020 742 4082 Δαυῖδ,
776 4021 864 4072 τὸν
911 4021 1054 4073 Ἠλεὶ
1089 4021 1177 4073 τὸν
1213 4021 1303 4073 τοῦ
1345 4021 1532 4091 Ἰωσὴφ
1569 4024 1761 4092 ὁμοίως

1867 4020 1957 4082 xit,
1985 4021 2075 4090 qui
2108 4021 2208 4074 fuit
2233 4021 2450 4092 Josephi
2483 4029 2634 4092 pater
2675 4039 2689 4076 :
2720 4023 2857 4076 alter
2887 4031 3064 4079 autem
3091 4039 3120 4077 a
3142 4023 3386 4080 Nathano

184 4116 364 4168 ἄλλων
396 4111 627 4183 πατέρα
646 4128 658 4139 ·
683 4109 860 4163 καίτοι
905 4110 1110 4176 ἀγνοεῖν
1135 4109 1322 4171 αὐτοὺς
1342 4110 1438 4162 οὐκ
1467 4111 1649 4180 ἐχρῆν,
1688 4112 1761 4174 ὡς

1867 4109 2073 4165 Davidis
2122 4113 2227 4166 lilio
2273 4111 2442 4166 Helim
2497 4112 2717 4166 deduxit
2749 4111 2968 4182 Iosephi
3017 4117 3238 4182 pariter,
3290 4117 3383 4169 sed

185 4206 434 4278 ἑκατέρα
463 4203 581 4256 τῶν
597 4200 1080 4271 κατηριθμημένων
1096 4199 1262 4264 τάξις,
1279 4199 1338 4252 τὸ
1349 4199 1440 4252 τοῦ
1467 4201 1625 4253 Δαυῖδ
1649 4203 1760 4253 ἐστι

1867 4199 1961 4252 alia
1987 4200 2217 4264 ratione,
2250 4207 2476 4268 patrem.
2498 4200 2657 4269 Atqui
2683 4216 2775 4256 eos
2809 4202 3053 4270 ignorare
3085 4217 3192 4256 non
3225 4217 3386 4272 opor-

184 4301 367 4367 γένος,
402 4298 441 4368 ἡ
472 4294 573 4348 τοῦ
611 4292 780 4346 Ἰούδα
805 4291 940 4362 φυλὴ
972 4290 1236 4360 βασιλική.
1263 4291 1324 4342 El
1344 4289 1450 4369 γάρ
1483 4291 1760 4362 προφήτης

1867 4290 2020 4356 lebat,
2051 4297 2336 4359 utrumque
2364 4299 2759 4344 numeratorum
2800 4291 3075 4346 hominum
3119 4291 3382 4360 ordinem,

184 4392 212 4441 6
243 4389 470 4450 Νάθαν,
502 4383 621 4437 ἀλλ’
650 4377 741 4436 οῦν
789 4381 881 4434 καὶ
906 4379 1167 4450 Σολομὼν,
1208 4380 1236 4431 ὃ
1261 4397 1319 4432 τε
1363 4379 1559 4432 τούτων
1585 4379 1758 4450 πατὴρ

1867 4394 2028 4448 genus
2059 4393 2178 4433 esse
2206 4377 2442 4443 Davidis,
2486 4379 2634 4434 Iuda:
2684 4396 2873 4449 nempe
2917 4380 3119 4450 regiam
3161 4381 3381 4437 tril-um.

185 4480 464 4549 ἑκατέρου
486 4491 501 4505 ·
538 4477 606 4526 ὲκ
642 4469 846 4524 πολλῶν
877 4469 932 4522 δὲ
974 4467 1149 4536 φυλῶν
1197 4468 1424 4536 ἐγίνοντο
1467 4469 1752 4538 προφῆται,

1867 4468 2074 4522 Etiamsi
2111 4469 2254 4522 enim
2294 4469 2552 4539 propheta
2603 4469 2878 4526 Nathanus
2927 4470 3045 4534 fuit,
3073 4477 3127 4526 et
3167 4463 3382 4541 quidem

188 4570 357 4639 ἱερεῖς
392 4567 454 4619 δὲ
490 4563 554 4628 ἐξ
579 4561 833 4630 οὐδεμιᾶς
871 4557 980 4628 (49)
1010 4557 1114 4609 τῶν
1145 4557 1343 4610 δώδεκα
1382 4557 1576 4626 φυλῶν,
1608 4559 1755 4627 μόνοι

172 4657 242 4708 ’δὲ
272 4657 534 4709 Λευῖται.
578 4649 771 4718 Μάτην
815 4647 992 4708 αὐτοῖς
1035 4643 1139 4714 ἄρα
1169 4643 1466 4697 πέπλασται
1496 4645 1556 4696 τὸ
1600 4645 1754 4713 ἐψευ-

168 5233 177 5292 l

188 4745 392 4815 σμένον
416 4758 431 4771 ο
455 4739 595 4811 μηδὲ
631 4735 853 4808 κρατοίη
876 4732 1106 4796 τοιοῦτος
1129 4736 1156 4786 6
1174 4733 1325 4801 λόγος
1368 4735 1426 4786 ὲν
1465 4733 1754 4805 Ἐκκλησία

189 4832 439 4904 Χριστοῦ
485 4826 678 4899 [κατὰ]
706 4823 963 4895 ἀκριϐοῦς
990 4822 1256 4894 ἀληθείας,
1299 4824 1379 4876 ὃτι
1409 4821 1594 4890 ψεῦδος
1628 4821 1755 4889 σύγ-

189 4940 374 4976 κειται
415 4923 501 4983 είς
537 4914 686 4971 αἶνον
721 4916 813 4968 καὶ
836 4913 1131 4981 δοξολογίαν
1160 4911 1406 4982 Χριστοῦο
1432 4912 1512 4974 τίς
1533 4912 1638 4982 γὰρ
1657 4913 1755 4964 οὐκ

187 5009 299 5066 οἶδε
329 5014 595 5067 κάκεῖνον
622 5007 713 5060 τὸν
740 5005 1016 5076 ἱερώτατον
1037 5001 1126 5054 τοῦ
1150 5001 1458 5053 ’Δποστόλου
1480 5001 1631 5067 λόγον
1659 5018 1756 5070 κη-

194 5103 497 5172 ρύσσοντος
520 5101 616 5154 καὶ
634 5097 1025 5165 διαγγέλλοντος
1045 5093 1140 5162 τὴν
1165 5092 1448 5144 ἀνάστασιν
1469 5090 1559 5143 τοῦ
1584 5091 1755 5160 Σωτῆ-

270 5219 321 5250 ⁶⁸
361 5214 543 5270 Exod.
579 5229 670 5275 τι,
702 5212 791 5266 25.
864 5212 908 5242 “
946 5210 1076 5264 ibid.
1107 5208 1196 5262 25.

267 5329 384 5399 (48)
401 5325 650 5399 Qiximus
667 5319 908 5399 col..899,
940 5317 1062 5399 adn.
1082 5317 1168 5399 12,
1185 5315 1418 5399 Africani
1443 5316 1742 5399 epistolam,

194 5385 378 5466 quam,
400 5393 676 5466 Eusebius
711 5389 850 5466 Hist.
875 5387 999 5466 ccci.
1022 5402 1061 5448 ι,
1087 5385 1138 5466 '7_2
1170 5385 1488 5466 acephalan‘i'
1503 5385 1742 5466 dederat,

196 5450 229 5517 εἶ
259 5473 452 5520 nostra
489 5463 728 5532 epitome
757 5457 978 5532 feliciter
1003 5455 1196 5532 partim
1209 5450 1421 5532 sarciri.
1443 5450 1596 5532 l‘iunc
1640 5453 1744 5532 isto

197 5534 255 5586 in
289 5521 606 5601 fragmento
637 5525 926 5601 integriore
954 5521 1019 5575 ac
1044 5522 1311 5601 primitivo
1329 5521 1600 5601 prtedictae
1626 5523 1742 5601 epi-_

197 5603 358 5655 stola:
381 5587 539 5669 prior
559 5609 691 5676 pars
719 5587 940 5645 omnino
953 5587 1287 5676 Ιιιυῇηιιῷιξιιιιιιι.
1329 5587 1496 5676 Hujus
1522 5587 1744 5668 ergq‘ad

199 5657 453 5722 Africa'ni
487 5657 774 5735 epistolam
813 5659 1049 5735 praeclari
1073 5658 1416 5735 additamenti
1442 5657 1745 5735 meminisse

199 5747 422 5807 oportet
440 5724 562 5798 eos,
585 5731 681 5800 qui
703 5724 864 5782 novas
882 5725 1165 5794 aliquando
1181 5725 1439 5781 editiones
1463 5724 1740 5780 curabunt.

1852 4559 2008 4612 etiam
2042 4558 2381 4621 Sal~omon,et
2399 4559 2586 4613 horum
2609 4561 2888 4630 utriusque
2916 4575 3109 4630 parens
3138 4559 3380 4632 (David):

1851 4660 1917 4700 ex
1945 4645 2127 4700 multis
2159 4661 2286 4701 sane
2305 4648 2554 4703 tribubus
2581 4650 2835 4704 exstitere
2855 4650 3156 4719 prophetae:
3179 4640 3269 4705 sed
3299 4657 3382 4703 ta-
3444 4681 3449 4686 -

1851 4750 1971 4789 men
2007 4737 2311 4791 sacerdotes
2363 4738 2494 4790 nulli
2541 4737 2757 4792 fuerunt
2802 4754 2866 4792 ex
2899 4740 3042 4792 nulla
3094 4739 3376 4793 duodecim

1851 4822 2108 4886 tribuum,
2135 4825 2227 4877 sed
2257 4825 2357 4878 soli
2389 4824 2605 4880 Levitaa.
2645 4825 2867 4880 Frustra
2899 4828 3059 4896 igitur
3083 4828 3376 4895 composita

1853 4911 1920 4964 ab
1948 4911 2053 4964 illis
2083 4909 2183 4964 fuit
2219 4912 2330 4967 haec
2369 4913 2607 4977 falsitas;
2639 4929 2813 4983 neque
2841 4915 3147 4984 praevalebit
3189 4916 3377 4984 hujus-

1855 5000 1997 5054 modi
2021 5014 2198 5055 sermo
2220 5002 2275 5056 in
2319 5001 2520 5057 Christi
2557 5003 2794 5058 Ecclesia
2830 5011 3016 5057 contra
3069 5012 3374 5058 accuratam

1854 5091 2149 5156 veritatem,
2180 5107 2370 5162 nempe
2397 5100 2457 5146 ut
2499 5092 2833 5156 mendacium
2870 5091 3272 5147 consarcinetur
3309 5093 3374 5146 ad

1845 5314 2052 5369 Etenim
2085 5312 2141 5366 in
2187 5311 2371 5368 Veneti
2415 5327 2627 5382 quoque
2669 5312 2929 5382 Gallandii
2978 5311 3373 5382 diligentissimi

1847 5381 2080 5438 hominis
2118 5382 2438 5435 Bibliotheca
2465 5381 2687 5435 Patrum
2724 5391 2760 5434 t.
2788 5381 2850 5444 ll,
2877 5397 2928 5450 p.
2955 5381 3076 5444 558,
3117 5383 3373 5450 acephala

1846 5461 1928 5507 est
1963 5452 2072 5504 bzec
2101 5451 2347 5519 epistola,
2378 5452 2505 5519 quia
2531 5458 2688 5520 caput
2716 5451 2834 5520 ejus
2871 5449 3044 5504 adhuc
3076 5449 3258 5504 linteis
3285 5463 3376 5503 co-

1846 5522 2022 5575 dicum
2055 5520 2361 5573 obvolutum
2387 5528 2523 5573 erat.

1937 5588 2020 5654 49)
2061 5588 2117 5641 ln
2150 5589 2401 5656 epitomer
2423 5589 2590 5643 codex
2634 5587 2793 5643 habet
2833 5587 3056 5656 omnino
3091 5586 3150 5638 οὐ
3186 5585 3378 5648 δεῖνες,

1847 5655 1937 5715 sed
1961 5671 2136 5711 veram
2158 5655 2302 5710 nunc
2321 5655 2471 5710 vides
2495 5656 2774 5712 lectionem
2807 5655 2869 5720 ἐξ
2897 5656 3170 5725 οὐδεμιᾶς.
