3926 6396
236 364 385 418 9ος
1085 368 1571 426 SUPPLEMENTA
1608 360 2066 434 QUAZSTlONUM
2098 360 2185 414 AD
2222 334 2652 421 ετεριιΑΝυιι.
3331 371 3433 430 970

239 479 373 531 τοῦ
411 482 586 536 Δαϐὶδ
632 484 984 555 ἀναστήσεται
1028 502 1108 547 τις
1157 486 1216 538 ού
1255 484 1345 536 τοῦ
1390 482 1596 553 Ἰσραὴλ
1621 479 1789 552 ἄρχειι

1879 474 1972 537 lin
1998 472 2188 528 lsraele
2208 487 2365 543 quam
2398 474 2451 527 in
2481 476 2744 543 gentibus.
2792 477 2990 533 Dicitur
3036 488 3163 536 item
3195 482 3429 537 nascitu-

235 567 417 623 ἀλλὰ
448 572 561 628 τῶν
602 573 798 625 ἐθνῶν·
833 575 1034 645 είρηται
1072 574 1125 625 δὲ
1168 575 1248 626 δτι
1276 572 1653 641 γεννηθήσεται
1694 586 1785 621 παι

1919 577 2011 617 rus
2041 562 2311 630 parvulus,
2339 571 2394 616 et
2430 578 2621 618 nomen
2648 565 2764 619 Filii
2793 568 3088 632 habiturus,
3124 574 3427 641 peregrinos

232 656 404 723 δεον,
446 662 546 713 καὶ
576 664 994 733 ὀνομασθήσεται
1010 665 1153 728 Υἱὸς,
1182 664 1343 728 ξένοις
1371 660 1588 728 ὀνόμασι
1614 658 1705 711 καὶ
1722 660 1782 728 τὴ

1915 655 2099 708 titulos
2127 660 2181 707 et
2228 653 2508 706 humanam
2537 663 2781 708 naturam
2829 659 3142 716 excedente:
3181 671 3426 733 receptu—

232 748 588 820 ἀνθρώπων
622 754 777 821 φύσιν
806 755 1146 824 ύπεραίρουσι
1176 749 1587 818 κεκοσμημένος,
1613 750 1691 802 ὅτι
1712 766 1769 801 τε

1914 758 2008 796 rus
2038 760 2051 796 :
2088 740 2303 811 foreque
2331 748 2388 796 ut
2416 742 2502 796 hic
2534 743 2782 797 thronum
2818 744 3029 803 Davidis
3074 750 3331 818 obtineat,
3374 764 3429 809 et

228 838 521 902 τοιοῦτος
548 842 637 894 τὸν
660 841 843 912 θρόνον
872 843 1029 895 Δαϐὶδ
1056 837 1395 906 ἀναλήψεται,
1425 840 1514 891 καὶ
1546 839 1640 909 τὴν
1671 840 1778 908 βασι

1262 854 1395 899 εται,
1425 840 1514 891 καὶ
1546 839 1640 909 τὴν
1671 840 1817 908 βασι..
1915 845 2136 900 regnum
2165 832 2304 900 ejus,
2331 838 2389 885 ut
2414 831 2467 884 id
2504 833 2811 886 constituat.

226 924 420 980 λείαν
452 930 622 982 αὐτοῦ
650 931 979 1000 κατορθῶσαι
1004 926 1188 996 αὐτὴν.

326 1035 386 1092 ι’.
434 1038 629 1094 Ταῦτα
664 1042 718 1094 δὲ
742 1043 818 1095 ὅτι
843 1038 975 1107 μετά
1013 1037 1289 1108 Σολομῶνα
1313 1038 1436 1108 περὶ
1472 1038 1650 1110 ἐτέρου
1676 1042 1812 1106 τινὸς

1980 1025 2065 1079 10.
2093 1024 2201 1094 Age
2231 1040 2355 1080 vero
2385 1027 2526 1095 quod
2564 1028 2674 1080 haec
2708 1035 2827 1096 post
2858 1028 3191 1088 Salomonem
3219 1035 3285 1090 de
3319 1035 3424 1092 alio

230 1126 564 1197 μέλλοντος
594 1127 736 1194 ἥξειν
770 1129 1206 1196 προανεφωνεῖτο,
1232 1127 1386 1178 παντί
1415 1144 1490 1197 τῳ
1515 1128 1687 1197 δῆλον.
1706 1131 1780 1181 Κα

1909 1113 2136 1181 quodam
2164 1124 2385 1169 venturo
2417 1116 2665 1187 pradicta
2704 1118 2917 1182 fuerint,
2943 1135 3098 1175 nemo
3128 1138 3233 1177 non
3260 1127 3419 1183 videt.

222 1216 444 1280 ἄλλως
478 1214 625 1271 δὲτὰ
652 1214 784 1286 πρὸς
823 1213 908 1267 τὸν
938 1214 1095 1266 Δαϐὶδ
1125 1215 1402 1268 ἐκτεθέντα
1448 1217 1597 1285 λόγια
1620 1219 1716 1271 ούκ
1747 1220 1772 1272 a

1910 1199 2011 1255 Sed
2040 1203 2238 1271 alioqui
2266 1205 2423 1257 etiam
2464 1206 2606 1260 edita
2652 1206 2837 1262 Davidi
2887 1212 3103 1265 oracula
3153 1211 3423 1272 Salomoni

221 1304 641 1378 ἔφαρμόσαιεν
685 1303 969 1373 Σολομῶνι,
1008 1303 1259 1372 ἀκριϐοῦς
1288 1304 1573 1369 ἐξετάσεως
1616 1307 1771 1375 τυγχέ

1906 1290 2047 1345 haud
2094 1294 2411 1348 videbuntur
2453 1312 2764 1367 congruere,
2794 1300 2837 1353 si
2891 1312 3142 1355 accurato
3181 1305 3424 1360 examine

219 1405 457 1443 νοντα·
511 1389 697 1457 σαφῶς
729 1390 834 1461 γὰρ
878 1392 907 1443 ό
958 1390 1198 1460 χρησμὸς
1222 1390 1381 1459 δηλοῖ,
1430 1392 1507 1444 ὅτι
1541 1393 1675 1462 μετὰ
1721 1394 1769 1446 τὲ

1923 1383 2315 1451 )erpendantur.
2360 1383 2597 1456 Namque
2646 1391 2920 1443 oraculum
2952 1392 3228 1447 manifeste
3273 1394 3419 1457 dicit.
3471 1416 3473 1419 τ

216 1475 496 1531 θάνατον
528 1479 623 1530 τοῦ
661 1479 819 1530 Δαϐὶδ
860 1480 1209 1549 ἀναστήσεται
1237 1482 1265 1532 ὀ
1300 1481 1689 1551 θεσπιξόμενος.
1718 1485 1766 1535 Σι

1906 1477 2026 1537 post
2058 1469 2271 1526 Davidis
2299 1483 2521 1528 mortem
2565 1484 2929 1531 surrecturum
2964 1480 3110 1534 illum
3142 1481 3208 1537 de
3234 1498 3339 1552 quo
3366 1484 3423 1537 tit

214 1565 441 1636 λομὼν
471 1566 556 1630 δὲ,
594 1565 788 1630 ζῶντος
836 1567 913 1619 ἔτι
942 1568 1032 1619 τοῦ
1061 1568 1237 1632 Δαϐὶδ,
1263 1568 1481 1637 νεύματι
1524 1570 1682 1622 αὐτοῦ
1718 1588 1764 1624 κι

1903 1558 2232 1613 vaticinium.
2279 1561 2437 1631 Atqui
2467 1562 2716 1618 Salomon
2752 1566 2957 1622 vivente
2996 1569 3168 1624 adhuc
3200 1570 3415 1634 Davide.

215 1655 454 1727 γνώμῃ
486 1656 727 1726 διάδοχος
763 1656 860 1727 τῆς
891 1656 1186 1725 βασιλεία;’
1220 1657 1429 1725 λέγεται
1458 1660 1581 1726 γοῦν
1607 1661 1694 1712 ἐπὶ
1716 1678 1765 1730 με

1903 1660 2071 1716 eoque
2091 1649 2299 1704 volente
2320 1664 2381 1704 ac
2396 1650 2615 1717 jubente
2631 1653 2803 1711 factus
2824 1666 2905 1712 est
2928 1659 3074 1727 regni
3103 1676 3413 1720 successor:

214 1764 355 1809 νοις
383 1747 549 1799 ἔτεσι
574 1746 969 1815 τεσσαράκοντα
990 1744 1291 1814 βασιλεῦσαι
1324 1747 1414 1800 ἐπὶ
1442 1747 1530 1801 τὸν
1572 1748 1764 1820 Ἰσραή]

1906 1750 2002 1790 nec
2032 1738 2134 1792 nisi
2158 1754 2325 1794 annos
2356 1741 2702 1811 quadraginta
2733 1759 2894 1814 super
2924 1745 3170 1803 Israelem
3199 1766 3416 1822 regnas-

392 1832 503 1889 οὖν
537 1837 617 1899 είς
645 1804 804 1888 αύτδν
836 1804 1137 1905 ὲπιφέροιτο
1178 1836 1264 1899 τὸ,
1304 1854 1322 1887 ‹
1369 1804 1687 1908 Ἀνορθῶσαι
1715 1804 1768 1891 τὸ

1862 1806 1873 1856 ⁸
1901 1839 1957 1878 se.
1981 1825 2196 1880 dicitur.
2235 1827 2511 1893 Quomodo
2545 1847 2670 1901 ergo
2698 1833 2763 1887 ad
2801 1834 2942 1888 hunc
2971 1804 3412 1895 referenturvver-

218 1925 447 1996 θρόνον
480 1925 648 1978 αὑτοῦ
678 1928 756 1988 εἰς
780 1925 868 1977 τὸν
895 1924 1089 1988 αἰῶνα;
1121 1944 1138 1975 ι
1182 1924 1315 1977 Ἀλλ’
1342 1928 1386 1979 εί
1412 1926 1554 1994 λέγοι
1572 1944 1652 1990 τις
1682 1945 1768 1998 πεε

1899 1911 1965 1998 ba
1993 1931 2005 1965 :
2045 1932 2063 1962 ι
2095 1913 2160 1983 Ει
2183 1916 2381 1984 erigam
2416 1918 2662 1972 thronum
2689 1921 2805 1990 ejus
2835 1922 2887 1975 in
2926 1925 3354 1996 sempiternum?
3387 1949 3408 1984 ι

212 2017 336 2086 τῆς
374 2017 448 2082 ἐξ
484 2016 652 2069 αὐτοῦ
683 2015 924 2084 διαδοχῆς
950 2017 1192 2088 εἰρῆσθαι
1221 2018 1373 2080 αὐτὰ,
1400 2019 1496 2071 οὐκ
1525 1996 1762 2089 ἀγνοητέι

1898 1996 2049 2089 quod
2073 2002 2116 2056 si
2139 2003 2260 2072 quis
2286 2005 2522 2073 objiciat,
2552 2007 2617 2062 de
2638 2011 2948 2077 posteritate
2973 2012 3091 2081 ejus
3129 2014 3240 2070 haec
3270 2016 3412 2085 dicta

213 2107 313 2161 ὃτι
355 2106 575 2176 μέχρις
610 2104 843 2172 Ἰεχονίου
884 2105 975 2157 καὶ
1006 2086 1105 2175 τῆς
1132 2109 1208 2169 είς
1233 2107 1512 2160 Βαϐυλῶνα
1533 2086 1763 2178 αἰχμαλιι

1897 2086 2062 2142 fuisse
2089 2127 2103 2152 ,
2131 2098 2260 2145 tunc
2309 2107 2436 2148 sane
2479 2110 2584 2148 non
2613 2103 2693 2150 est
2742 2098 3111 2168 ignorantium,
3136 2119 3304 2172 usque
3345 2106 3410 2160 ad

216 2174 370 2258 σίας
395 2198 435 2266 ἡ
466 2194 579 2247 ἀπὸ
615 2193 775 2246 Δαϐὶδ
806 2195 897 2246 καὶ
942 2174 1241 2266 Σολομῶνος
1277 2197 1484 2268 διαδοχὴ
1516 2174 1766 2267 βασι

1894 2174 2203 2268 ίωιιοηίοηι
2239 2183 2448 2251 quidem
2500 2193 2554 2240 et
2610 2185 2981 2258 Babylonicam
3029 2192 3406 2260 captivitatem,

212 2285 393 2346 λείας
420 2260 715 2353 διήρκεσε,
760 2284 977 2353 μηδενὸς
1027 2260 1160 2355 μετὰ
1193 2287 1281 2339 τὸν
1320 2260 1683 2355 Ἰεχον’ίαν”ὲτιὶ
1712 2289 1762 2340 τὸ

1895 2260 2107 2321 Davidis
2124 2283 2185 2321 ac
2208 2268 2503 2327 Salomonis
2526 2274 2751 2342 regalem
2771 2277 3161 2332 successionem
3184 2281 3411 2335 mansis-

212 2373 442 2445 θρόνον
474 2374 576 2438 τῆς
603 2370 874 2439 βασιλείας
902 2373 991 2425 τοῦ
1029 2374 1186 2426 Δαϐὶδ
1211 2377 1580 2440 καταστάντος.
1607 2379 1726 2441 Πῶς
1753 2379 1762 2429 t‘

1893 2368 1950 2408 se
1970 2371 1986 2421 ;
2009 2356 2273 2411 neminem
2304 2369 2476 2439 tamen
2507 2370 2627 2431 post
2652 2361 2961 2418 Jechoniam
2989 2367 3042 2420 in
3079 2368 3227 2434 regio
3252 2368 3409 2423 Davi-

210 2461 293 2515 ἃν
330 2461 423 2532 τῷ
472 2459 826 2529 φίλογυναίῳ,
868 2462 959 2513 καὶ
1004 2456 1062 2515 οὗ
1091 2463 1187 2515 οὑκ
1233 2459 1360 2534 ἦνή
1402 2466 1592 2535 καρδία
1623 2466 1760 2519 τελεί

1892 2458 1975 2516 dis
2001 2462 2193 2514 throno
2218 2451 2440 2507 sedisse.
2468 2451 2594 2518 Quo
2608 2452 2966 2524 pactorigitutz.
2986 2457 3274 2514 mulieroso
3293 2458 3407 2513 ’8ο-

217 2553 375 2622 μετᾷ
423 2547 641 2619 Κυρίου
674 2548 806 2601 Θεοῦ
835 2549 1016 2612 αὐτοῦ,
1060 2552 1366 2624 ὲφαρμόσῃς
1402 2553 1467 2607 τὰ
1498 2555 1587 2608 τοῦ
1614 2557 1767 2627 ὅρκου

1892 2551 2112 2612 lomoni,
2156 2547 2312 2616 cujus
2339 2560 2431 2599 cor
2455 2561 2562 2598 non
2588 2553 2702 2598 erat
2735 2545 3028 2615 perfectum
3060 2564 3185 2618 erga
3228 2548 3409 2605 Domi-

212 2635 321 2687 ταὶ
359 2634 435 2686 τό
460 2651 473 2663 ’
521 2653 539 2688 ι
591 2633 730 2702 Ἐγὼ
774 2635 959 2706 ἔσομαι
985 2638 1128 2708 αύτῷ
1160 2643 1234 2702 εἰς
1261 2641 1483 2712 πατέρα,
1512 2645 1601 2696 καὶ
1641 2645 1762 2697 αὐτὸ

1889 2655 2017 2695 num
2063 2638 2226 2693 Deum
2272 2649 2449 2698 suum,
2471 2634 2820 2703 jurisjuraudi
2845 2637 3004 2689 verba
3034 2639 3405 2693 accommoda-

204 2722 389 2778 ἔσται
424 2740 521 2793 μοι
553 2725 635 2787 είς
665 2725 807 2789 υίόν;
839 2744 857 2775 ι
904 2726 1057 2778 Ἀλλὰ
1078 2728 1181 2798 γὰρ
1217 2728 1464 2801 ἄντικρυς
1494 2732 1754 2802 Σολομῶν(

1891 2728 2004 2793 bis;
2044 2741 2247 2781 necnon
2278 2725 2366 2778 illa
2402 2742 2416 2777 :
2453 2741 2472 2774 ι
2509 2722 2617 2794 Ego
2644 2737 2738 2777 ero
2765 2722 2842 2775 illi
2866 2724 2917 2776 in
2944 2732 3166 2793 patrem,
3196 2735 3250 2782 et
3292 2728 3405 2797 ipse

210 2810 330 2879 μὲν
364 2811 643 2882 ἀλλότρια
669 2812 836 2866 ταῦτα
854 2831 867 2843 ⁸
896 2815 1168 2883 ἀνάγοιντο
1192 2817 1235 2869 δ’
1257 2817 1321 2871 ἂν
1347 2820 1436 2871 ἐπὶ
1465 2823 1708 2892 Χριστὸν,
1735 2823 1760 2875 ὃ

1886 2817 2013 2873 mibi
2068 2816 2170 2870 erit
2225 2815 2279 2867 in
2328 2814 2695 2867 ﬁlium?»lmo
2729 2826 2854 2866 vero
2891 2811 3004 2867 haec
3045 2828 3076 2866 a
3122 2813 3422 2885 Salomone.

205 2899 282 2951 ὲκ
328 2896 668 2967 σπέρματος
713 2900 875 2952 Δαϐὶδ
915 2902 1164 2966 ἀναστὰς,
1190 2900 1331 2958 οἷκον
1367 2906 1442 2976 τῷ
1462 2907 1576 2977 Θεῷ
1612 2910 1755 2963 ούκὲ

1889 2902 2042 2971 longe
2071 2902 2368 2958 recedunt:
2406 2901 2499 2955 sed
2546 2900 2760 2953 Christo
2789 2900 2975 2969 utique
3024 2903 3175 2958 valde
3213 2919 3406 2960 conve-

203 2987 467 3057 ἀψύχων
488 2986 677 3049 λίθων,
706 2989 811 3041 οὐδ’
837 2990 892 3041 ὲν
907 2991 1072 3059 γωνία
1092 2994 1184 3044 καὶ
1200 2993 1348 3064 μέρει
1367 2995 1486 3063 γῆς,
1517 2996 1647 3050 ἀλλὰ
1672 2999 1753 3050 καί

1886 2991 2058 3054 niunt,
2091 2992 2181 3060 qui
2205 2990 2419 3045 Davidis
2450 2989 2653 3045 semine
2679 2998 2849 3053 ortus,
2882 3006 2987 3045 non
3014 2994 3264 3061 templum
3297 2995 3404 3048 Deo

204 3078 354 3148 ὅλης
386 3079 497 3146 τῆς
518 3078 842 3149 οἰκουμένης
874 3080 965 3132 καὶ
987 3081 1043 3132 ὲν
1073 3083 1199 3134 πᾶσι
1220 3086 1328 3146 τοῖς
1356 3084 1554 3137 ἔθνεσιν
1576 3087 1636 3139 ὲκ
1655 3087 1754 3150 ζών

1852 3114 1854 3160 ι
1886 3097 1951 3135 ex
1988 3080 2292 3135 inanimatis
2331 3079 2618 3147 lapidibus,
2650 3086 2702 3132 et
2748 3079 2802 3132 in
2844 3090 2992 3148 parte
3018 3081 3195 3150 aliqua
3242 3090 3402 3151 atque

202 3186 331 3222 των
370 3169 479 3221 καὶ
502 3168 705 3237 νοερῶν
734 3169 890 3221 λίθων
922 3170 1271 3241 συνεστήσατο
1291 3173 1384 3242 τὴν
1405 3174 1671 3245 θεοπρεπῆ
1692 3179 1752 3230 αύ

1886 3170 2079 3237 angulo
2099 3176 2270 3233 terrm,
2317 3169 2406 3220 sed
2459 3166 2512 3218 in
2554 3164 2804 3218 universo
2850 3166 2979 3219 orbe
3010 3176 3063 3221 et
3099 3168 3153 3220 in
3193 3169 3400 3222 cunctis

204 3258 313 3310 τοῦ
364 3255 708 3327 Ἐκκλησίαν
734 3270 748 3285 ·
777 3251 822 3323 ᾧ
870 3258 960 3310 καὶ
992 3259 1134 3328 μόνῳ
1163 3261 1240 3323 τὸ,
1274 3278 1291 3310 ‹
1310 3261 1489 3324 Αὐτὸς,
1523 3262 1668 3315 ἔσται
1699 3281 1754 3334 με

1883 3256 2127 3325 gentibus
2158 3270 2223 3309 ex
2254 3254 2390 3308 vivis
2419 3252 2680 3322 lapidibus
2707 3260 2760 3306 et
2781 3252 3226 3311 intellectualibus
3248 3271 3400 3311 suam

202 3351 293 3412 είς
318 3348 451 3401 υἱὸν
478 3368 495 3395 ι
518 3347 964 3418 ἀναφωνούμενον
987 3349 1207 3419 ἁρμόσει
1222 3370 1234 3381 ·
1256 3351 1373 3403 ἐπεὶ
1398 3352 1487 3404 καὶ
1508 3354 1563 3405 ὲν
1580 3353 1752 3424 ἑτέραι

1885 3343 1994 3397 Deo
2024 3342 2233 3412 dignam
2262 3342 2552 3396 Ecelesiam
2585 3340 2859 3393 aediﬁcavit
2892 3360 2904 3395 :
2937 3343 3023 3396 cui
3055 3342 3153 3397 soli
3184 3343 3398 3399 eﬂ‘atum

203 3441 489 3509 Γραφοιῖς
504 3437 636 3499 Υίὺς
651 3437 1032 3508 ἀναγορεύεται
1051 3440 1140 3492 τοῦ
1156 3440 1284 3493 Θεοῦ
1300 3457 1313 3470 ·
1335 3444 1392 3494 ὲν
1408 3444 1471 3512 τῇ
1493 3443 1753 3513 φασκούσῃ

1883 3432 2012 3486 illud
2038 3438 2293 3500 congruet
2322 3450 2337 3484 :
2373 3448 2392 3480 ι
2432 3429 2548 3499 ipse
2577 3429 2706 3481 mihi
2736 3429 2839 3482 erit
2867 3430 2921 3482 in
2950 3429 3146 3496 tilium,
3178 3449 3200 3482 ι
3238 3446 3400 3500 quan-

210 3547 231 3578 ι
289 3529 403 3581 Ἐκ
441 3527 683 3596 γαστρὸς
714 3527 817 3598 πρὸ
844 3528 1111 3597 έωσφόρου
1140 3530 1398 3599 ὲγέννησά
1429 3548 1515 3583 σε·
1555 3550 1575 3583 ι
1610 3532 1699 3585 καὶ
1730 3535 1760 3584 ὲε

1883 3519 2164 3589 doquidem
2197 3529 2250 3573 et
2279 3520 2332 3573 in
2353 3519 2472 3574 aliis
2493 3516 2779 3586 Scriptura:
2797 3517 2927 3572 locis
2954 3516 3234 3573 Filius‘Dei
3262 3535 3395 3589 pla:-

203 3620 276 3687 τῇ
308 3616 590 3685 λεγούσῃ,
616 3634 633 3666 ι
658 3616 857 3686 Κύριος
880 3613 995 3669 εἶπε
1024 3617 1154 3686 πρός
1174 3634 1260 3686 με,
1293 3619 1417 3682 Υἱός
1445 3637 1541 3689 μου
1573 3616 1621 3672 εἷ
1644 3620 1734 3672 σύ⁸

1883 3610 2122 3675 dicatur;
2159 3609 2247 3662 ubi
2270 3623 2459 3677 nempe
2490 3607 2685 3661 dicitur
2713 3623 2731 3660 :
2767 3625 2785 3658 ι
2821 3607 2894 3661 Ex
2935 3615 3086 3662 utero
3108 3615 3231 3662 ante
3259 3609 3394 3663 luci-

206 3708 393 3762 πάλιν
435 3709 498 3759 ὲν
604 3706 869 3770 λέλεκται,
905 3726 923 3759 ‹
954 3708 1147 3778 Κύριος
1172 3710 1346 3762 ἐκτισέ
1367 3728 1435 3777 με
1458 3712 1625 3783 ἀρχὴν
1656 3713 1755 3765 ὁδῶ

1886 3700 2051 3753 ferum
2088 3698 2246 3767 genui
2273 3708 2324 3752 te
2347 3699 2452 3762 7";
2492 3717 2510 3748 ι
2543 3711 2752 3750 necnon
2787 3696 2874 3749 ubi
2898 3696 3132 3751 dicitur:
3165 3715 3184 3748 ι
3215 3695 3397 3751 Domi-

203 3794 393 3849 αὐτοῦ
433 3797 522 3857 είς
553 3793 691 3863 ἔργα
722 3795 904 3857 αὐτοῦ,
938 3795 1039 3864 πρὸ
1066 3795 1119 3847 δὲ
1154 3796 1361 3848 πάντων
1403 3796 1598 3865 βουνῶν
1629 3815 1748 3865 γενν

1882 3803 1985 3841 nus
2010 3787 2141 3840 dixit
2169 3786 2232 3839 ad
2257 3802 2340 3840 me
2369 3805 2383 3841 :
2455 3784 2622 3840 Filius
2640 3800 2858 3840 meuses
2887 3793 2942 3840 tu
2965 3786 3043 3852 ﬂ;
3070 3804 3090 3837 ι
3121 3786 3292 3841 denuo
3309 3788 3397 3841 ubi

209 3904 311 3955 με.
361 3904 385 3936 ι
435 3882 669 3945 Τούτοις
722 3883 851 3951 γοῦν
884 3884 1089 3953 συνᾴδει
1140 3886 1292 3954 καὶὴ
1332 3885 1389 3949 ἐξ
1430 3886 1671 3956 οὐρανῶν
1699 3890 1759 3940 ὲπ

1883 3877 2171 3933 scribitur:
2206 3894 2225 3927 ι
2257 3876 2510 3931 Dominus
2556 3875 2754 3929 creavit
2797 3890 2883 3930 me
2922 3874 3144 3929 initium
3186 3876 3395 3929 viarum

206 3974 392 4028 αὐτὸν
421 3972 713 4041 ἐνεχθεῖσα
745 3973 912 4043 φωνὴ.
948 3990 966 4022 ι
1002 3974 1072 4025 Σὺ
1106 3970 1156 4025 εἷ
1183 3976 1212 4027 ό
1242 3973 1364 4037 Υἱός
1396 3957 1493 4042 μου
1521 3976 1548 4025 ὁ
1576 3975 1756 4046 ἀγαπη

1883 3980 2100 4021 suarum
2144 3965 2209 4019 ad
2247 3980 2407 4034 opera
2455 3964 2604 4033 ejus;
2636 3972 2759 4018 ante
2788 3979 2973 4019 omnes
3022 3965 3186 4020 colles
3217 3967 3398 4036 genuit

203 4068 332 4129 τὸς,
374 4083 398 4116 ι
436 4065 690 4133 φήσασα·
733 4063 919 4116 καὶτὰ
969 4064 1025 4115 ἐν
1065 4063 1433 4133 ἑϐδομηκοστῷ
1482 4064 1538 4116 δὲ
1589 4064 1753 4132 πρώτι

1882 4071 1967 4110 me
1989 4056 2056 4109 ".
2095 4074 2113 4106 ι
2150 4053 2242 4109 His
2264 4068 2389 4123 ergo
2414 4062 2670 4107 consonat
2701 4068 2801 4107 vox
2821 4069 3030 4124 quoque
3059 4053 3146 4107 illa
3176 4053 3242 4108 de
3260 4056 3396 4108 caelo

202 4153 435 4226 ψαλμῷ
478 4152 868 4222 περιεχόμενα,
889 4152 949 4204 τὺ
977 4168 995 4202 ι
1031 4153 1442 4222 Συμπαραμενεῖ
1466 4151 1541 4221 τῷ
1570 4153 1722 4223 ἡλίῳ,

1881 4144 2088 4198 delata:
2116 4161 2136 4195 ι
2173 4141 2252 4197 Τιι
2300 4157 2358 4197 es
2386 4141 2552 4196 Filius
2598 4158 2748 4197 meus
2787 4142 3012 4198 dilectus
3044 4142 3108 4196 ’⁸.
3143 4161 3162 4194 ι
3209 4140 3272 4195 Et
3306 4145 3395 4197 illa

206 4247 314 4300 καὶ
341 4245 438 4309 τὸ,
479 4261 501 4293 ε
531 4242 716 4295 Πάντα
746 4241 813 4293 τὰ
841 4241 963 4311 ἔθνη
1005 4240 1354 4311 μακαριοῦσω
1384 4243 1559 4305 αὑτὸν,
1593 4261 1612 4294 ι
1639 4244 1753 4296 ἄντι

1882 4248 1998 4302 quae
2049 4231 2434 4301 septuagesimo
2488 4232 2662 4300 primo
2735 4232 2939 4300 psalmo
2989 4231 3329 4286 continentur
3378 4252 3390 4287 :

206 4352 361 4407 κρυς
418 4335 545 4394 τοῖς
597 4330 724 4400 περὶ
762 4327 855 4380 τοῦ
888 4329 1131 4399 Σωτῆρος
1169 4328 1320 4399 ἡμῶν
1364 4329 1752 4400 θεολογουμένοι

1888 4337 1906 4373 ι
1945 4320 2277 4375 Permanebit
2302 4335 2423 4373 cum
2447 4322 2585 4384 sole;
2624 4338 2643 4371 ι
2678 4320 2906 4388 itemque
2937 4337 2950 4374 :
2988 4338 3006 4370 ι
3041 4317 3238 4374 Omnes
3269 4335 3396 4390 gen-

208 4422 521 4494 συντρέχοι
546 4418 634 4472 ἄν.
665 4419 782 4470 Ὀτι
807 4417 863 4470 δὲ
901 4416 1047 4468 ταῦθ’
1068 4417 1233 4481 οὕτως
1252 4418 1380 4489 ἔχει,
1401 4420 1758 4489 ἀναμφίλεκτα

1845 4459 1860 4508 γ
1885 4421 1962 4465 tes
1982 4411 2191 4464 beatum
2216 4410 2362 4463 illum
2388 4409 2565 4463 dicent
2595 4407 2641 4439 ⁷⁸
2674 4428 2686 4462 :
2715 4427 2733 4459 ι
2759 4408 2892 4471 hac,
2923 4409 3158 4477 inquam,
3182 4423 3302 4463 cum
3330 4410 3395 4463 iis

205 4517 240 4585 ἡ
266 4513 391 4568 ἀπὸ
410 4510 518 4562 τοῦ
562 4507 781 4560 Ἡσαΐου
822 4505 1091 4567 σύστασις,
1124 4506 1180 4567 ὃς
1203 4507 1335 4576 μετὰ
1361 4508 1449 4561 τὸν
1482 4509 1752 4578 Σολομῶνο

1843 4498 1853 4509 ⁷
1884 4516 2106 4572 prorsus
2133 4515 2249 4570 quae
2280 4498 2346 4553 de
2394 4498 2675 4552 Servatore
2724 4508 2908 4553 nostro
2960 4499 3214 4554 divinitus
3252 4498 3393 4553 dicta

205 4604 466 4659 θάνατον
483 4599 583 4651 καὶ
612 4596 745 4665 μετὰ
775 4595 1022 4656 πλείστας
1047 4593 1205 4657 ἄλλας
1217 4594 1307 4647 τοῦ
1322 4596 1504 4663 γένους
1520 4597 1755 4666 διαδοχὰς

1879 4598 2024 4653 sunt,
2055 4596 2391 4644 concurrent.
2423 4589 2574 4654 Quod
2622 4597 2795 4644 autem
2835 4590 2910 4643 ita
2959 4604 3044 4643 res
3084 4604 3142 4643 se
3179 4590 3388 4652 habeat,

184 4670 274 4747 ex
307 4690 487 4763 ῥίζης
525 4685 723 4738 Ἰεσσαὶ
753 4685 844 4737 καὶ
868 4683 1025 4736 Δαϐὶδ
1055 4683 1413 4746 ἐξελεύσεσθαί
1439 4704 1556 4739 τινα
1586 4703 1734 4756 προφ·

1880 4677 2234 4732 indubitanter
2260 4676 2424 4732 Isaias
2455 4677 2752 4739 conﬁrmat,
2784 4677 2908 4730 dum
2949 4684 3070 4746 post
3097 4676 3392 4731 Salomonis

203 4783 394 4845 τεύει,
435 4776 540 4830 καὶ
584 4773 773 4825 τοῦτον
816 4771 1028 4825 ἔσεσθαι
1058 4770 1278 4841 Σωτῆρα
1326 4772 1509 4837 ἐθνῶν,
1566 4774 1752 4843 γυμνῶ

1876 4766 2078 4820 obitum
2104 4766 2467 4833 plurimasque
2497 4766 2628 4819 alias
2655 4767 3059 4833 generationum
3097 4766 3393 4820 successio-

205 4871 362 4922 οὕτω
393 4865 669 4935 φάσκων·
710 4879 729 4911 ι
772 4860 880 4913 Καὶ
915 4859 1063 4911 ἔσται
1092 4860 1124 4929 ἠ
1154 4858 1275 4927 ῥίζα
1309 4860 1402 4913 τοῦ
1441 4862 1655 4923 Ἰεσσαὶ,
1687 4878 1755 4914 κα

1877 4870 1992 4916 nes,
2023 4869 2088 4908 ex
2115 4854 2292 4908 radice
2318 4852 2483 4909 Jessa:
2519 4868 2582 4907 ac
2607 4852 2813 4908 Davidis
2848 4869 3184 4924 egressurum
3207 4869 3392 4923 quem-

205 4963 236 5013 δ
263 4955 657 5024 ἀνιστάμενος
688 4950 870 5020 ἄρχειν
897 4948 1090 5002 ἐθνῶνο
1125 4950 1207 5000 ἐπ’
1237 4948 1380 5018 αὐτῷ
1415 4949 1539 5019 ἔθνη
1578 4949 1754 5003 ἑλπιοῦ

1876 4944 1997 4999 dam
2023 4942 2360 5007 vaticinatur,
2388 4957 2616 5011 eumtu
2639 4940 2969 4995 Servatorem
3000 4942 3233 5012 gentium
3258 4941 3394 4994 futu-

1876 5048 1992 5086 rum
2018 5042 2125 5085 tam
2157 5031 2434 5100 perspicue
2462 5031 2767 5099 pronuntiat
2794 5049 2807 5084 :
2836 5049 2854 5081 ι
2885 5029 2948 5084 Et
2983 5031 3084 5086 erit
3107 5030 3255 5083 radix
3275 5028 3399 5084 Jes-‘

1880 5138 1969 5184 sae.
2002 5129 2054 5175 et
2075 5120 2163 5188 qui
2192 5127 2475 5188 consurget
2518 5120 2583 5173 ad
2628 5118 2988 5188 imperandum
3019 5120 3308 5190 gentibus;
3341 5131 3394 5175 et

1880 5213 1935 5266 in
1963 5212 2133 5281 ipsum
2162 5217 2342 5279 gentes
2371 5209 2659 5278 sperabunt
2687 5211 2754 5264 "".
2783 5228 2803 5261 ι

286 5344 386 5392 ια’.
450 5333 619 5385 Ἀλλὰ
663 5316 786 5399 γὰρ
816 5327 1074 5380 τοσούτων
1122 5327 1469 5396 ἐκδεδομένων
1523 5324 1809 5395 χρησμῶνι

1949 5321 2034 5374 Η.
2063 5318 2195 5374 Cum
2226 5318 2350 5372 talia
2386 5317 2546 5388 igitur
2587 5317 2729 5372 edita
2760 5317 2987 5375 fuissent
3038 5320 3255 5375 oracula
3301 5321 3391 5375 uni

210 5429 374 5498 μόνῳ
410 5422 497 5493 τῷ
542 5417 709 5473 Δαϐὶδ
739 5416 832 5468 καὶ
876 5416 989 5486 μεθ’
1020 5417 1175 5484 ὅρκου
1217 5413 1628 5475 διαϐεϐαιὼσεως
1656 5414 1760 5483 περ

1884 5408 2087 5473 Davidi,
2114 5420 2166 5461 et
2199 5406 2412 5475 quidem
2453 5421 2574 5460 cum
2616 5406 2792 5476 iurata
2820 5407 3189 5475 atllrmatione,
3221 5409 3385 5464 oritu-

210 5068 324 5105 σιν.
360 5068 385 5101 ι

283 5580 365 5613 ⁷⁸⁸
410 5573 570 5626 Psal.
623 5582 715 5622 cu
739 5604 754 5628 ,
803 5565 854 5618 3.
926 5565 970 5596 "
1006 5564 1145 5618 Psal.
1177 5579 1249 5631 ιι,
1280 5566 1333 5620 7.
1405 5566 1451 5599 ’⁸
1488 5563 1644 5617 Prov.
1683 5566 1805 5631 vm,’

1839 5563 1920 5617 25.
1990 5561 2035 5594 "
2073 5558 2256 5615 Matth.
2303 5573 2399 5624 ιιι,
2442 5557 2528 5614 l7.
2568 5558 2646 5631 j‘
2682 5557 2823 5614 Psal.
2857 5575 3013 5627 Lm,
3055 5560 3108 5614 5.
3209 5560 3252 5591 "
3292 5558 3389 5611 lsa.

210 5666 269 5705 ιι
290 5688 309 5715 ν
384 5645 487 5695 10.

558 5725 834 5782 Ρηιιοι..
870 5717 999 5794 Gn._
1016 5715 1211 5775 XXII.
3079 5715 3155 5773 31
