3926 6364
257 405 392 459 973

1089 401 1573 462 SUPPLEMENTA
1611 399 2074 468 QUASTIONUM
2113 400 2198 454 AD
2237 400 2660 457 STEPHANI)“.

3333 410 3434 467 976

255 515 448 584 φησὶ,
485 514 549 569 τὸ
579 517 814 571 τοιοῦτον
842 517 1094 588 φανερόν·
1128 518 1313 587 δικαίῳ
1333 514 1437 585 γὰρ
1469 515 1577 566 δντι
1606 514 1682 583 τῷ
1722 514 1818 565 Ἰω-

1925 511 2053 566 mini
2082 511 2157 564 nil
2186 511 2378 565 mirum
2406 519 2488 564 est
2517 513 2798 567 revelatam
2843 515 3006 571 fuisse
3028 532 3056 571 a
3092 525 3276 573 sancto
3311 519 3434 589 Spi-

257 602 394 672 σὴφ
428 605 535 656 οὐκ
588 600 658 674 ἦν
699 605 998 675 θαυμαστὸν
1039 606 1330 674 γνωσθῆναι
1386 605 1470 656 διὰ
1519 602 1821 670 Πνεύματος

254 688 470 755 ἁγίου,
508 690 570 753 ἐξ
600 687 661 745 οὗ
693 693 839 762 καὶὴ
871 693 1058 764 κύησις
1089 693 1318 759 γέγονεν.

1924 599 2027 653 ritu
2073 599 2208 652 hanc
2264 600 2683 670 conceptionem,
2729 617 2883 672 quam
2927 621 3022 660 sua
3073 607 3213 663 idem
3240 609 3432 664 virtute

1925 687 2238 756 perfecerat.

1333 805 1414 858 Ea:
1437 814 1613 858 catena
1641 805 1831 858 inedita
1863 804 1912 855 in
1939 797 2108 855 codice
2151 800 2412 853 Vaticano.

342 917 439 971 ιδ’.
479 919 595 988 (55)
637 922 922 973 Εὐσεϐἰου
955 960 967 972 .
1017 921 1282 989 Ἑνέτυχον
1320 920 1376 972 δὲ
1422 920 1679 989 ἑρμηνείᾳ
1737 921 1825 971 ἀν-

248 1008 581 1076 επιγράφῳ
633 1008 878 1078 λεγούσῃ,
913 1009 990 1060 ὃτι
1031 1009 1078 1060 οἱ
1112 1010 1204 1078 μέν
1245 1025 1368 1076 φασι
1419 1009 1696 1075 συγγενίδα
1730 1007 1823 1076 τὴν

265 1095 586 1155 Ἐλισάϐετ
616 1099 711 1163 τῆς
759 1095 1026 1165 Παρθένου
1064 1097 1208 1166 παρὰ
1240 1097 1328 1149 τοῦ
1359 1097 1582 1164 ἀγγέλου
1614 1097 1821 1164 ὠνομάο

252 1185 430 1249 σθαι,
473 1186 575 1252 ούχ
617 1184 693 1246 ὡς
723 1185 786 1236 ἐκ
829 1184 924 1253 τῆς
968 1185 1131 1253 αὐτῆς
1159 1187 1344 1255 φυλῆς,
1371 1186 1503 1238 ἀλλά
1548 1186 1634 1238 διά
1669 1187 1727 1237 τὸ
1762 1188 1822 1237 ἐκ

248 1275 382 1327 τῶν
418 1274 610 1328 αὐτῶν
635 1275 928 1344 προγόνων,
956 1277 1046 1326 καὶ
1070 1276 1158 1328 τοῦ
1182 1275 1339 1328 αὑτοῦ
1361 1275 1548 1338 κοινῶς
1574 1276 1676 1326 τῶν
1710 1276 1823 1326 Ἰου-

247 1366 441 1420 δαίων
472 1364 667 1429 γένους
714 1365 1021 1436 ἀμφοτέρας
1051 1367 1361 1436 ὡρμῆσθαι·
1393 1366 1466 1428 ὡς
1503 1369 1530 1418 6
1572 1367 1819 1418 Ἀπόστο-

245 1455 378 1516 λος,
423 1471 446 1505 ι
499 1454 846 1523 Ἐϐουλόμην,
871 1455 1056 1522 λέγων,
1089 1456 1326 1524 ἀνάθεμα
1375 1452 1506 1507 εἶναι
1550 1456 1682 1525 ὺπέρ
1721 1455 1823 1506 τῶν

243 1541 528 1610 ἀδελφῶν
552 1560 654 1612 μου
683 1543 788 1595 τῶν
823 1545 1086 1610 συγγενῶν
1117 1561 1212 1612 μου
1245 1545 1382 1596 κατά
1413 1546 1602 1614 σάρκα.
1642 1563 1658 1593 ι
1696 1544 1823 1594 Πολ-

242 1633 338 1685 λοὶ
370 1633 438 1684 δὲ
469 1634 568 1686 καὶ
598 1633 706 1686 τῶν
729 1633 960 1703 δοκίμων
1002 1635 1242 1702 λέγουσιν
1286 1635 1494 1704 ἀληθῶς
1527 1635 1660 1687 κατά
1696 1652 1824 1701 συγ-

242 1723 498 1789 γένειαν
561 1724 823 1793 συνῆφθαι
876 1723 970 1793 τὴν
1018 1724 1287 1794 ἱερατικὴν
1339 1725 1502 1793 φυλὴν
1567 1728 1630 1794 τῇ
1681 1725 1826 1794 βασι-

1997 916 2080 968 14.
2119 914 2341 968 Eusebii.
2401 913 2568 967 Incidi
2600 913 2656 966 in
2697 911 2977 982 quamdam
3028 919 3275 986 anonyml
3330 933 3431 974 au-

1925 1005 2088 1057 ctoris
2110 1003 2594 1072 interpretationem
2614 1001 2839 1056 dicentis
2859 1001 3194 1070 Elisabetam,
3214 1022 3279 1062 ex
3305 1023 3438 1062 non-

1925 1093 2187 1145 nullorum
2243 1092 2524 1155 sententia,
2578 1091 2890 1159 appellatam
2926 1092 3092 1147 fuisse
3125 1095 3191 1148 ab
3244 1100 3432 1166 angelo

1924 1190 2198 1248 cognatam
2234 1179 2485 1248 Virginis,
2515 1194 2619 1232 non
2650 1180 2772 1248 quia
2799 1180 2864 1234 de
2890 1181 3071 1234 eadem
3094 1192 3232 1237 esset
3266 1187 3427 1251 tribu,

1923 1267 2012 1320 Sed
2030 1269 2149 1334 quia
2170 1282 2228 1321 ex
2266 1268 2450 1321 iisdem
2470 1268 2890 1336 progenitoribus
2906 1260 3202 1340 'eodemque
3227 1270 3435 1327 Judaro-

1921 1373 2036 1410 rum
2098 1372 2288 1426 genere
2317 1358 2612 1411 communis
2629 1360 2836 1427 utrique
2855 1362 3002 1429 origo
3038 1359 3212 1414 fuerit.
3239 1360 3436 1433 Nempe

1922 1446 2272 1515 utApostolus
2289 1448 2549 1515 loquitur:
2572 1467 2588 1498 ι
2621 1446 2876 1516 Optabam
2896 1464 2993 1518 ego
3019 1450 3296 1504 anathema
3316 1467 3435 1508 esse

1919 1552 2016 1604 pro
2036 1536 2287 1590 fratribus
2316 1539 2466 1602 meis,
2491 1540 2579 1607 qui
2603 1549 2726 1592 sunt
2744 1540 2950 1608 cognati
2996 1541 3097 1592 mei
3140 1542 3431 1597 secundum

1919 1641 2132 1681 carnem
2163 1627 2225 1679 ⁸¹.
2262 1645 2279 1678 ι
2313 1625 2458 1679 Multi
2487 1635 2674 1681 tamen
2710 1628 2910 1695 probati
2936 1629 3246 1698 interpretes
3265 1632 3432 1697 aiunt,

1919 1732 2042 1770 vera
2083 1732 2300 1785 prorsus
2330 1717 2643 1786 cognatione
2684 1718 3064 1772 sacerdotalem
3089 1720 3285 1774 tribum
3311 1736 3431 1775 cum

241 1812 387 1880 λικῇ
433 1812 534 1863 καὶ
569 1813 682 1864 ἀνω
726 1812 816 1863 ἐπὶ
852 1811 1117 1874 Μωῦσέως
1146 1811 1272 1881 (54).
1315 1812 1376 1863 'ﬂ
1406 1813 1511 1882 γὰρ
1555 1811 1820 1864 Ἐλισάῆετ

1922 1807 2075 1874 regali
2108 1805 2269 1860 fuisse
2292 1819 2580 1860 connexam
2635 1822 2666 1858 a
2718 1806 2964 1862 Mosaicis
2995 1824 3161 1878 usque
3181 1813 3434 1880 tempori-

240 1903 280 1972 ἡ
319 1902 483 1970 γυνὴ
529 1901 738 1970 Ἀαρὼν
771 1901 963 1970 ἀδελφὴ
1000 1901 1204 1970 ὑπῆρχε
1243 1902 1500 1954 Ναασσὼν
1537 1902 1649 1952 υἱοῦ
1683 1903 1822 1969 Ἀμι-

241 1989 466 2051 ναδάὅ,
503 1989 564 2050 ὃς
599 1973 708 2040 ἀπὸ
741 1988 902 2040 Ἰούδα
940 1988 1028 2040 τοῦ
1057 1989 1167 2040 υἱοῦ
1208 1988 1394 2040 Ἰακὼϐ
1432 1991 1706 2059 κατήγετο,
1731 1991 1819 2056 ἀφ’

240 2073 309 2130 οὗ
341 2079 414 2129 τὸ
472 2076 748 2145 βασίλειον
791 2078 939 2144 γένος
981 2081 1088 2139 τοῖς
1123 2078 1409 2140 Ἰουδαίοιςο
1451 2079 1542 2130 καὶ
1595 2079 1736 2131 κάτω
1765 2079 1819 2130 δὲ

241 2167 478 2236 ὁμοίως
529 2165 872 2234 Ἐλισάϐετή
916 2165 1046 2236 γυνὴ
1093 2167 1348 2236 Ζαχαρίου
1394 2167 1497 2219 ἀπὸ
1523 2169 1617 2237 τῆς
1660 2169 1821 2221 Ἰούδα

243 2256 451 2323 φυλῆς
507 2248 660 2305 εἷλκε
713 2254 807 2323 τὴν
851 2254 1097 2320 γένεσιν,
1148 2255 1383 2324 θυγάτηρ
1427 2257 1821 2326 χρηματίζουσα

259 2343 484 2398 Ἰακὼϐ
512 2342 607 2394 τοῦ
646 2343 846 2412 πατρὸς
891 2344 1083 2412 Ἰωσήφ
1107 2361 1118 2372 ·
1148 2345 1209 2396 ἐκ
1241 2344 1365 2410 γοῦν
1396 2345 1489 2412 τῆς
1517 2347 1820 2413 συγγενείας

241 2432 468 2487 τούτου
498 2430 594 2483 τοῦ
639 2430 900 2483 Ναασσὼν
933 2433 960 2483 6
992 2431 1185 2504 Κύριος
1226 2433 1360 2486 κατά
1407 2433 1577 2504 σάρκα
1606 2435 1820 2504 γεγένη-

244 2542 345 2578 ται
375 2541 388 2552 ·
431 2521 499 2573 ού
551 2520 727 2588 μάτην
763 2517 853 2572 οὖν
891 2522 987 2590 τῆς
1021 2521 1293 2590 βασιλικῆς
1324 2523 1486 2594 φυλῆς
1520 2523 1610 2594 τὴν
1641 2525 1822 2594 ἐπιμι-

248 2616 375 2678 ξὶαν
417 2612 455 2661 ὁ
485 2612 632 2673 θεῖος
679 2613 954 2682 προφήτης
1001 2611 1248 2675 ἐδίδαξεν,
1282 2613 1410 2666 ἀλλά
1451 2615 1656 2677 δεικνὺς
1696 2614 1768 2677 ὡς
1796 2619 1822 2668 6

241 2701 559 2769 Δεσπότης
581 2699 810 2769 Χριστὸς
837 2699 893 2764 ἐξ
921 2701 1232 2771 ἀμφοτέρων
1265 2700 1600 2770 ἐϐλάστησεν,
1633 2701 1704 2763 ὡς
1729 2702 1820 2770 βα-

245 2792 457 2852 σιλεὺς
490 2789 590 2843 καὶ
631 2789 912 2860 ἀρχιερεὺς
944 2789 1078 2842 κατά
1118 2791 1177 2842 τὸ
1205 2789 1530 2860 ἀνθρώπινον
1563 2792 1821 2860 χρηματί-

244 2895 354 2942 σας
393 2877 528 2947 (55)
548 2895 562 2907 ·
584 2877 618 2946 ἢ
651 2876 724 2938 ὡς
744 2876 800 2941 ἐξ
829 2877 944 2939 ἐνὸς
967 2878 1294 2949 προπάτορος
1323 2879 1412 2931 τοῦ
1445 2878 1630 2931 Ἰακὼϐ
1662 2881 1824 2949 ὑπαρ-

242 2968 499 3038 χούσας,
540 2965 854 3033 συγγενίδας
885 2966 1052 3019 καλεῖ.

1923 1896 2041 1947 bus.
2069 1894 2404 1962 Namqueilla
2430 1893 2691 1948 Elisabeta
2718 1895 2945 1949 Aarouis
2963 1910 3116 1961 uxor,
3146 1896 3431 1953 Naassonis

1923 2001 2074 2040 soror
2099 1996 2210 2038 erat
2258 1987 2586 2041 Aminadabo
2633 1986 2817 2055 geniti,
2852 1988 2941 2055 qui
2989 1997 3162 2041 ortum
3195 2005 3223 2042 a
3252 1990 3432 2046 Jacobi

1924 2077 2030 2130 ﬁlio
2058 2077 2297 2130 trahebat
2343 2076 2502 2139 Juda,
2560 2077 2700 2130 unde
2733 2078 2905 2146 regale
2944 2077 3244 2134 Judzeorum
3265 2096 3432 2150 genus

1924 2173 2266 2233 propagatum
2291 2172 2388 2218 est.
2425 2163 2528 2218 Sed
2587 2177 2640 2218 et
2695 2167 2932 2233 proximo
2963 2167 3161 2234 pariter
3201 2176 3433 2237 tempore

1924 2253 2183 2308 Elisabeta
2212 2253 2482 2306 Zachariae
2537 2268 2671 2308 uxor
2699 2270 2728 2306 e
2758 2253 2904 2308 Juda:
2946 2255 3086 2307 tribu
3127 2255 3430 2322 oriebatur;

1923 2341 2029 2394 ﬁlia
2065 2343 2258 2411 quippe
2281 2340 2462 2394 Jacobi
2495 2343 2583 2410 qui
2616 2339 2828 2410 Josephi
2856 2349 3002 2410 pater
3031 2352 3131 2396 est.
3161 2342 3242 2397 Ab
3273 2343 3432 2412 hujus

1922 2429 2080 2497 igitur
2109 2428 2392 2484 Naassonis
2415 2430 2581 2498 stirpe
2626 2428 2881 2484 Dominus
2908 2430 3196 2483 secundum
3219 2445 3432 2486 carnem

1927 2525 2076 2570 ortus
2104 2525 2204 2570 est.
2242 2515 2375 2586 Ergo
2393 2517 2532 2569 haud
2560 2524 2758 2570 temere
2778 2519 3170 2586 permistionem
3199 2534 3318 2572 cum
3349 2533 3434 2574 re-

1920 2608 2004 2677 gia
2031 2607 2170 2660 tribu
2200 2608 2356 2662 divus
2409 2608 2666 2676 propheta
2707 2606 2923 2670 docuit;
2955 2608 3045 2662 sed
3076 2615 3132 2661 ut
3162 2595 3430 2662 Christum

1922 2696 2198 2750 Dominum
2224 2712 2286 2750 ex
2331 2704 2556 2764 utraque
2585 2705 2930 2766 propagatum
2969 2697 3287 2761 ostenderet,
3341 2699 3429 2766 qui

1920 2787 2060 2855 regis
2082 2786 2330 2838 nimirum
2358 2801 2638 2854 personam
2691 2794 2849 2854 atque
2874 2788 3138 2854 pontilicis
3169 2788 3304 2841 inter
3331 2787 3429 2839 ho-

1922 2877 2091 2932 mines
2111 2882 2357 2945 gesturus
2408 2883 2542 2930 erat.
2574 2875 2667 2928 Vel
2713 2876 2939 2942 denique
2970 2877 3048 2930 hae
3077 2884 3312 2945 cognata:
3339 2891 3434 2944 ap-

1925 2969 2207 3037 pellantur,
2235 2966 2363 3035 quia
2391 2965 2456 3020 de
2492 2967 2672 3021 eodem
2688 2964 3429 3038 ,progenitmeJacobomme.

1217 3077 1297 3133 Ex
1329 3080 1534 3134 Possiui
1566 3091 1747 3135 catena
1777 3083 1829 3135 in
1866 3079 2052 3135 Matth.
2080 3095 2205 3134 tam.
2237 3079 2275 3142 l,
2298 3095 2349 3147 p.
2373 3079 2426 3134 8.

323 3194 414 3241 ιε’.
451 3186 568 3255 (56)
600 3187 978 3258 Προσηκόντως
1005 3183 1252 3259 ἐζήτηται
1285 3193 1316 3260 ἡ
1353 3192 1493 3243 αἰτία
1521 3193 1584 3244 δι’
1612 3195 1674 3262 ἢν
1705 3193 1831 3246 ἄνω-

1999 3192 2083 3245 15.
2107 3188 2334 3245 Eusebii.
2357 3189 2542 3244 Merito
2573 3193 2795 3258 quatstio
2819 3200 2935 3246 orta
2982 3201 3063 3248 est
3090 3195 3433 3263 quamobrem

242 3278 345 3332 θεν
379 3280 413 3330 6
454 3274 737 3335 Ματθαῖος
790 3279 1072 3346 ἐποιήσατο
1102 3279 1195 3348 τὴν
1231 3279 1321 3332 τοῦ
1370 3280 1595 3347 Χριστοῦ
1637 3297 1818 3347 γενεα-

240 3367 479 3434 λογίαν,
516 3367 547 3417 ὁ
572 3365 629 3417 δέ
663 3381 725 3432 γε
749 3367 955 3428 Λουκᾶς
975 3368 1205 3420 κάτωθεν
1235 3370 1325 3420 καὶ
1353 3369 1410 3432 ἐξ
1440 3369 1674 3430 ἐναντίας
1695 3386 1707 3398 ·
1731 3370 1820 3421 καὶ¹

242 3459 487 3527 ῥητέον,
529 3455 607 3518 ὡς
654 3457 752 3508 οὐκ
785 3456 976 3508 ἄτοπον
1015 3457 1214 3509 ἄνωθέν
1241 3475 1299 3510 τε
1342 3461 1432 3511 καὶ
1463 3458 1696 3511 κάτωθεν
1725 3460 1819 3528 τὴν

240 3548 435 3617 αὐτὴν
478 3545 722 3614 βαδίζειν
757 3546 871 3598 ὁδόν
889 3562 900 3573 ·
928 3542 993 3615 ἦν
1019 3546 1122 3614 γὰρ
1143 3548 1232 3598 καὶ
1259 3547 1410 3600 τοῦτο
1434 3548 1593 3600 πάλαι
1617 3550 1680 3616 τῇ
1707 3547 1820 3616 θείᾳ

240 3637 463 3707 Γραφῇ
521 3633 778 3704 σύνηθες·
809 3633 948 3686 οὕτω
985 3635 1089 3703 γάρ
1124 3635 1213 3686 καὶ
1267 3636 1425 3688 Δαϐὶδ
1474 3638 1530 3688 ὲν
1565 3639 1628 3705 τῇ
1667 3634 1816 3686 Ῥούθ

241 3725 478 3788 ἄνωθεν
505 3721 926 3790 γενεαλογείται,
960 3720 1137 3784 καθὼς
1174 3722 1263 3775 καὶ
1303 3724 1445 3794 παρά
1471 3723 1545 3792 τῷ
1566 3723 1818 3792 Ματθαίῳ

238 3816 272 3867 ὁ
296 3811 564 3883 Χριστός
583 3829 598 3843 ο
628 3812 723 3864 καὶ
749 3813 804 3862 ἐν
828 3814 890 3882 τῇ
910 3811 1014 3863 τῶν
1045 3811 1325 3865 Βασιλειῶν
1356 3813 1408 3864 δὲ
1448 3813 1629 3883 πρώτῃ
1659 3813 1819 3882 βίϐλῳ

238 3901 270 3951 6
296 3898 402 3951 τοῦ
437 3897 705 3967 Σαμουὴλ
740 3896 917 3966 πατὴρ
945 3898 1178 3950 κάτωθεν
1208 3900 1611 3968 γενεαλογεῖται,
1652 3917 1820 3970 παραυ

242 3988 522 4060 πλησίως
559 3986 640 4056 τῷ
670 3988 870 4055 Λουκᾷ.

1923 3279 2200 3332 Μθιιῑιαξιιε
2250 3292 2477 3346 superne
2532 3280 2761 3332 texuerit
2806 3278 3003 3334 Christi
3056 3283 3433 3352 genealogiam,

1921 3369 2094 3423 Lucas
2119 3377 2292 3421 autem
2329 3367 2534 3421 inferne
2565 3375 2720 3436 atque
2769 3383 2834 3421 ex
2883 3369 3122 3424 adverso.
3163 3370 3326 3426 Porro
3353 3372 3434 3424 di-

1922 3459 2144 3513 cendum
2203 3465 2305 3522 est,
2355 3458 2487 3512 nihil
2512 3457 2620 3511 ﬁeri
2677 3457 2984 3520 absurdum,
3015 3460 3062 3512 si
3113 3460 3296 3514 eadem
3347 3463 3432 3514 via

1925 3562 2135 3600 sursum
2191 3545 2543 3612 deorsumque
2588 3554 2854 3612 pergatur.
2915 3543 3043 3597 Nam
3089 3551 3142 3598 et
3193 3545 3279 3598 hic
3307 3546 3434 3600 olim

1924 3635 2209 3703 Scriptura:
2233 3634 2423 3687 divinae
2481 3648 2596 3686 mos
2644 3633 2775 3687 fuit:
2810 3633 3003 3702 quippe
3035 3635 3104 3686 ita
3139 3631 3351 3688 Davidis
3378 3634 3432 3687 in

1923 3723 2111 3777 Ruthaa
2153 3723 2286 3777 libro
2332 3737 2560 3790 superne
2605 3721 2863 3775 evolvitur
2911 3721 3234 3790 genealogia,
3288 3720 3432 3774 haud

1923 3827 2078 3866 secus
2128 3827 2285 3881 quam
2343 3811 2542 3865 Christi
2586 3811 2724 3880 apud
2781 3809 3098 3864 Matthaeum.
3151 3810 3348 3865 Contra
3378 3810 3436 3865 in

1922 3901 2057 3955 libro
2083 3901 2282 3969 Regum
2311 3901 2502 3969 primo,
2545 3899 2805 3954 Samuelis
2833 3907 2982 3968 pater
3005 3914 3218 3954 sursum
3246 3913 3434 3954 versus

1920 3991 1984 4043 ad
2013 3990 2330 4059 genealogiae
2368 3990 2562 4045 fontem
2602 3989 2943 4060 perducitur;
2987 3989 3140 4045 sicuti
3191 3988 3246 4042 ﬁt
3294 3989 3434 4059 apud

1917 4081 2134 4135 Lucam.

1347 4189 1393 4242 E
1419 4202 1601 4244 catena
1624 4191 1814 4246 inedita
1835 4193 1886 4246 in
1914 4193 2085 4247 codice
2115 4192 2382 4246 Vaticano.

319 4299 432 4365 ις’.
474 4296 620 4368 Περὶ
665 4296 852 4350 τούτου
882 4298 911 4350 6
953 4297 1202 4361 Εὐσέϐιος
1233 4300 1289 4351 ἐν
1337 4299 1413 4370 τῷ
1451 4305 1552 4366 Εἰς
1574 4303 1637 4355 τὸ
1679 4303 1825 4356 κατά

1994 4303 2079 4357 16.
2110 4303 2338 4357 Eusebii.
2393 4301 2466 4356 De
2525 4300 2628 4354 hoc
2686 4300 2946 4358 Eusebius
2988 4303 3041 4354 in
3096 4315 3254 4370 opere
3279 4318 3431 4371 super

235 4389 582 4447 κατ’θαῖον
615 4387 728 4458 (57)
765 4387 932 4451 οὕτως
951 4402 963 4416 ·
991 4389 1122 4456 Φησὶ
1164 4388 1219 4440 δὲ
1245 4389 1331 4443 τὸν
1360 4391 1540 4444 Νάθαν
1567 4393 1656 4445 καὶ
1690 4410 1819 4461 προ-

239 4481 542 4553 φητεῦσαι
572 4477 714 4529 κατὰ
741 4475 807 4528 τὰ
835 4477 891 4528 ὲν
912 4478 1027 4538 ταῖς
1043 4469 1343 4543 ’Βασιλεῐαις
1369 4482 1649 4551 φερόμενα.
1685 4482 1818 4549 Ἐγὼ

236 4575 324 4636 δὲ,
365 4571 520 4641 φησί
556 4585 662 4629 τις,
684 4566 778 4619 καὶ
803 4565 898 4636 τὴν
927 4566 1098 4620 αἰτίαν
1125 4568 1393 4638 ἐπυθόμην
1425 4570 1516 4640 τὴν
1537 4572 1623 4624 τὸν
1648 4574 1817 4642 μακά,

241 4679 372 4733 ριον
413 4658 646 4712 Λουκᾶν
679 4654 958 4707 ἀποκλίναι
987 4656 1083 4725 τῆς
1113 4655 1368 4724 βασιλείου
1397 4660 1654 4730 φρατρίας
1685 4663 1820 4715 ὑπα-

1922 4395 2225 4448 Matthwum
2271 4394 2349 4448 sic
2393 4393 2626 4460 loquitur
2657 4410 2671 4446 :
2700 4392 2860 4446 Aiunt
2903 4391 3192 4446 Nathanem
3228 4409 3438 4462 quoque

1920 4484 2336 4553 prophetavisse,
2373 4489 2528 4553 prout
2551 4493 2766 4551 apparet
2818 4497 2882 4536 ex
2911 4481 2976 4535 iis
3005 4496 3122 4550 qua:
3147 4482 3201 4534 in
3235 4480 3436 4550 Regum

1923 4575 2072 4628 libris
2095 4573 2359 4627 feruntur.
2413 4571 2522 4642 Ego
2552 4586 2696 4633 vere,
2723 4570 2900 4639 inquit
2938 4570 3173 4638 quidam,
3219 4584 3434 4623 causam

1919 4676 2131 4732 quoque
2167 4662 2330 4715 didici
2375 4676 2490 4729 quae
2523 4660 2718 4713 Lucam
2773 4675 2802 4711 a
2855 4659 2997 4727 regia
3023 4660 3160 4712 linea
3210 4659 3435 4723 avertit;

237 4750 578 4820 γαγοῦσαν,
603 4744 680 4815 τῷ
704 4746 778 4816 μὴ
801 4747 922 4808 τοὺς
951 4744 1180 4814 βασιλεῖς
1199 4747 1288 4798 ἀπ’
1311 4749 1470 4800 αὑτοῦ
1489 4750 1826 4820 Σολομῶντοςι

1922 4751 2041 4819 quia
2074 4751 2278 4804 scilicet
2305 4765 2476 4820 reges,
2500 4751 2662 4802 ducto
2701 4763 2729 4800 a
2775 4746 3062 4801 Salomone
3084 4748 3258 4808 initio,
3279 4761 3430 4800 exce-

238 4837 724 4908 εἰδωλολατρείας
767 4835 1099 4904 καθαρεύειν,
1144 4835 1276 4905 πλὴν
1313 4837 1616 4906 ἐλαχίστων,
1658 4840 1814 4909 ταύττ

1922 4839 2024 4908 ptis
2047 4837 2406 4906 paucissimis,
2440 4836 2750 4891 idololatriae
2781 4833 3004 4887 crimine
3031 4833 3288 4902 inquinati
3316 4833 3429 4888 fue-

239 4925 722 5003 παραιτήσασθαι
751 4924 845 4994 τὴν
875 4924 939 4977 δι’
973 4923 1146 4978 αὐτῶν
1167 4925 1519 4994 γενεαλογίαν.

1903 4919 2061 4980 \-unt.
2095 4923 2296 4978 Idcirco
2317 4922 2490 4978 Lucas
2519 4937 2549 4975 a
2577 4919 2879 4991 genealogia
2908 4933 2999 4987 per
3024 4919 3123 4974 hos
3152 4918 3437 4973 derivanda

1923 5014 2196 5069 abstinuit.

1284 5119 1362 5171 Ea:-
1387 5121 1591 5176 Possiut’
1620 5131 1798 5175 catena
1822 5122 1878 5176 in
1911 5122 2122 5186 Matth.,
2157 5133 2197 5178 ι.
2224 5124 2265 5185 1,
2290 5139 2342 5192 p.
2374 5125 2407 5177 8

325 5245 428 5308 ιζ’.
473 5239 594 5312 (58)
628 5237 948 5292 [7150861011.-
975 5234 1082 5303 Τὴν
1123 5233 1212 5285 τοῦ
1247 5231 1404 5287 Δαὸὶδ
1431 5238 1707 5306 μετάνοιαν
1735 5240 1823 5291 ἐπὶ

324 5399 376 5431 ⁶¹
421 5394 598 5448 Rom.
641 5406 734 5454 rx,
772 5389 856 5444 15.

346 5510 457 5570 53)
499 5505 712 5570 Quaest.
746 5517 782 5561 ι,
808 5501 863 5570 8.

347 5565 454 5631 54)
499 5565 708 5631 Supra,
741 5569 840 5620 col.
863 5565 988 5622 968.

497 5631 731 5694 Refutat
758 5635 866 5687 hae:
898 5631 1176 5686 Africanus
1199 5642 1379 5697 supra.

343 5712 450 5780 56)
493 5710 710 5776 Quast.
745 5716 801 5756 ιι.

1997 5239 2080 5291 l7.
2117 5238 2344 5292 Eusebii.
2377 5237 2591 5291 Davidis
2635 5233 3000 5304 paenitentiam
3027 5235 3200 5303 palam
3228 5235 3443 5291 edicena

1958 5496 2332 5616 ,(ῌἹέριιαεει.
2369 5511 2446 5550 ιιι.
2491 5529 2558 5538 -
2601 5498 2658 5552 ln
2706 5496 2930 5556 diversis
2971 5498 3222 5567 Operibus
3255 5497 3440 5551 eadem

1959 5573 2053 5616 mt
2130 5567 2365 5616 usebms.

1920 5566 2053 5620 dixit
2083 5566 2365 5620 Eusebius.

1994 5633 2102 5703 ‘58)
2141 5633 2339 5698 Quaest.
2373 5647 2486 5688 vm.
