3926 6378
171 392 359 447 985

1112 386 1600 444 SUPPLEMEN’I‘.\
1640 379 2103 453 QUESTIONUM
2141 378 2228 432 AD
2264 375 2601 431 MARINUM.

3311 376 3415 434 986

172 504 479 574 Σιυτὴρ,
524 504 643 558 καθ’
668 506 733 576 ἢν
763 506 906 576 ὥραν
939 506 1106 568 οὐδεὶς
1138 505 1293 569 ἔγνω,
1321 506 1597 575 ἐγήγερτο,
1626 501 1797 555 λαθὼν
1825 551 1828 560 ι

1910 499 2146 554 rectionis
2172 494 2437 550 inchoatio
2462 491 2732 561 Servator,
2754 493 2885 549 hora
2906 508 3066 563 quam
3080 506 3236 547 nemo
3258 494 3419 549 scivit

174 595 380 655 τοὺς
418 593 693 660 ἅπαντας,
726 596 818 647 καὶ⁵
855 596 1110 665 ἐγήγερτο
1146 592 1236 644 τοῦ
1265 592 1408 644 λίθου
1447 589 1801 660 μεμενηκότος

176 683 341 733 ἐπὶ
366 685 682 753 σχήματος.
714 683 950 751 ’Δγαθῶν
970 683 1025 735 δέ
1045 682 1285 751 ἄγγελος,
1304 680 1601 750 ἀνθρώποις
1625 679 1802 748 παρῆν

178 769 227 820 ὁ
280 769 580 838 ἄγγελος,
634 771 783 825 οὐδὲν
830 772 924 841 μὲν
962 774 1027 842 τῇ
1079 771 1359 824 ἀναστάσει
1402 768 1485 821 διὰ
1520 768 1617 837 τῆς
1643 765 1801 820 αὐτοῦ

183 862 575 929 παρουσίας
615 861 1058 932 συμϐαλλόμενος,
1083 860 1150 912 τά
1192 858 1395 929 μεγάλα
1418 857 1474 909 δὲ
1499 860 1562 924 τῇ
1593 855 1696 908 τῶν
1717 856 1805 907 ἀν-

187 945 502 1016 θρώπων
535 949 936 1019 διακονούμενος
965 948 1224 1018 σωτηρία·
1250 947 1327 999 διὸ
1354 946 1444 999 καὶ
1476 945 1805 1014 ὲξήστραπτε

182 1034 348 1104 τὴν
412 1037 655 1107 μορφὴν,
687 1038 997 1107 λευχείμονα
1017 1037 1221 1099 δεικνὺς
1245 1035 1448 1097 ἐαυτὸν,
1478 1034 1567 1086 καὶ
1598 1032 1806 1102 πρῶτος

189 1125 348 1195 τῆς
380 1127 668 1195 σωτηρίου
708 1128 1045 1189 ἀναστάσεως
1086 1126 1471 1196 ἀπαρχόμενος.
1493 1123 1599 1176 Καὶ
1623 1124 1803 1195 ὥσπερ

123 1268 127 1275 δ
188 1211 412 1281 ἡλίου
469 1214 734 1276 ἀνατολὰς
789 1215 986 1285 ἑρπετὰ
1031 1215 1124 1284 μὲν
1160 1214 1332 1267 ίοόόλα
1372 1214 1462 1265 καὶ
1491 1213 1685 1282 θηρίων
1709 1214 1805 1265 ὅσα

189 1300 460 1364 νυκτὸς
489 1303 586 1354 καὶ
624 1303 844 1365 σκότους
868 1304 970 1356 εἰσὶ
1007 1303 1129 1372 φίλα
1171 1303 1373 1371 φεύγει,
1402 1304 1587 1374 ἄνδρες
1609 1303 1663 1354 δὲ
1686 1300 1806 1353 ταύ-

190 1406 343 1452 τας
366 1385 473 1443 οἷοι
499 1391 678 1459 φωτὸς
719 1395 987 1460 συγγενεῖς
1017 1392 1412 1462 μεταδιώκουσι,
1443 1392 1576 1444 κατὰ
1602 1392 1689 1443 τὸν
1713 1390 1808 1443 αὐ-

188 1476 331 1526 τὸν
401 1474 476 1545 δὴ
523 1477 726 1547 τρόπον
784 1480 907 1540 τοὺς
955 1478 1051 1548 μέν
1094 1480 1189 1550 τῆς
1239 1479 1487 1547 ἀληθείας
1528 1482 1619 1532 καὶ
1667 1479 1807 1549 ζωῆς

194 1562 520 1634 ἐχθροὺς,
583 1566 809 1621 θανάτου
860 1567 915 1620 δὲ
945 1569 1173 1630 οἰκείους
1200 1568 1291 1621 καὶ¹
1334 1568 1531 1637 φίλους,
1569 1571 1681 1630 ταῖς
1715 1567 1805 1620 τοῦ

195 1654 443 1723 me;
476 1654 645 1707 αὐτοῦ
685 1660 1061 1726 μαρμαρυγαῖς
1107 1658 1553 1727 καταστράπτων,
1588 1658 1807 1728 ήλαυνεν

193 1744 238 1796 ὁ
280 1743 588 1811 ἄγγελος·
619 1749 731 1808 τοῖς
755 1747 809 1798 δὲ
840 1745 1055 1799 ποθοῦσι
1088 1747 1184 1818 τὴν
1220 1752 1474 1819 σωτήριον
1504 1749 1805 1809 ἀνάστασιν,

194 1832 471 1904 ταύτην
502 1835 897 1904 εὐηγγελίζετο,
927 1837 1113 1907 σχολὴν
1144 1837 1320 1899 αὐτοῖς
1348 1839 1575 1907 εὐτρεπῆ
1603 1836 1686 1889 διὰ
1712 1835 1810 1904 τῆς

199 1924 350 1976 τῶν
389 1924 661 1995 φρουρῶν
712 1926 1018 1988 ἀπελάσεως
1059 1926 1335 1997 παρέχων·
1382 1927 1470 1979 δύο
1509 1927 1635 1995 γοῦν
1670 1943 1808 1994 γνω-

202 2016 515 2085 ρίσματα
542 2018 655 2079 τοίς
681 2017 894 2079 οἰκείοις
924 2020 1175 2087 παρεῖχεν
1201 2020 1348 2089 όρᾷν,
1378 2019 1474 2088 τὴν
1499 2018 1810 2087 ἀποκίνησιν

201 2104 328 2159 τοῦ
367 2104 564 2168 λίθου,
604 2108 697 2159 καί
729 2107 825 2175 τῆς
863 2106 1025 2176 θύρας
1066 2107 1156 2159 τοῦ
1189 2110 1457 2178 μνήματος
1485 2108 1582 2178 τὴν
1610 2109 1806 2171 ἄνεσιν,

202 2196 350 2250 τῶν
368 2213 445 2249 τε
472 2195 731 2263 φυλάκων
747 2196 840 2265 τήν
862 2196 1035 2260 δίωξιν
1051 2215 1064 2228 ’
1088 2197 1123 2251 ἃ
1144 2198 1204 2268 δὴ
1232 2198 1523 2266 τεθεαμένη
1546 2199 1576 2266 ή
1597 2196 1811 2265 Μαγδα-

204 2286 397 2355 ληνη.
424 2288 550 2347 τοῖς
596 2284 859 2354 μαθηταῖς
905 2285 1249 2353 ἐπήγγειλεν·
1295 2286 1343 2337 οἱ
1379 2285 1434 2336 δὲ
1468 2285 1636 2337 ταῦτα
1687 2287 1809 2355 παρ’

208 2377 435 2445 αὐτῆς
480 2374 879 2445 μεμαθηκότες,
915 2374 1218 2445 θαρσαλέως
1256 2376 1500 2445 ἀπήντων
1538 2375 1807 2445 δρομαίοι,

213 2463 497 2539 μηδενὸς
520 2465 706 2526 αὐτοῖς
737 2463 979 2533 ἐμποδὼν
1002 2463 1351 2527 καθεστῶτος.

1017 2570 1091 2623 B’.
1588 2620 1593 2623 _

304 2659 447 2731 (62)
484 2660 601 2712 Καὶ
628 2658 743 2721 πῶς
776 2658 989 2721 σκοτίας
1034 2657 1213 2729 οὔσης,
1248 2658 1385 2712 κατά
1429 2659 1517 2711 τὸν
1542 2660 1814 2728 εὐαγγελι-

216 2752 380 2821 στὴν
437 2750 720 2820 Ἰωάννην,
742 2748 810 2801 τὰ
835 2748 960 2800 εἴσω
990 2748 1081 2800 τοῦ
1131 2750 1398 2819 μνήματος
1426 2747 1605 2818 ἐώρων
1643 2753 1688 2801 οἱ
1723 2750 1813 2802 δύο

223 2838 550 2911 μαθηταῇ
585 2839 642 2889 ὐ
690 2839 795 2909 γὰρ
829 2837 984 2899 αὐτὸς
1033 2838 1124 2889 καὶ
1146 2837 1241 2906 τὴν
1279 2835 1420 2907 ὥραν
1445 2838 1814 2908 ἐπεσημήνατο

219 2931 458 2983 είπών·
509 2945 531 2978 ι
568 2926 721 2996 Πρωῒ
781 2925 858 2977 ἔτι
914 2925 1121 2987 σκοτίας
1157 2924 1336 2995 οὔσης,
1379 2946 1396 2977 ι
1427 2927 1518 2978 καὶ
1566 2927 1687 2988 τοὺς
1724 2926 1813 2978 δύο

224 3016 355 3087 μαθ
368 3014 525 3086 ητάς
552 3002 776 3066 τᾶεἴσω
797 3014 851 3064 ἐν
878 3012 953 3082 τῷ
975 3014 1206 3082 μνήματι
1241 3013 1618 3082 τεθεαμένους’
1646 3034 1663 3065 ι
1693 3015 1814 3066 Εἰσ-

219 3106 424 3177 ῆλθον
464 3102 603 3173 γὰρ,
637 3104 790 3173 φησὶ,
827 3102 916 3154 καὶ
943 3102 1274 3155 ἐπίστευσαν.
1303 3121 1321 3153 ι

320 3280 694 3351 Ἀρχομένης
738 3279 832 3347 μὲν
877 3279 995 3330 κατ’
1033 3276 1201 3347 ἀρχὰς
1245 3277 1345 3347 τῆς
1372 3279 1595 3349 ἡμέρας,
1632 3280 1721 3331 ἐπὶ
1755 3264 1814 3332 τὸ

226 3375 352 3443 μνῆ
365 3388 462 3442 μα
493 3368 876 3438 ἐμαρτύρησεν
905 3368 936 3436 ὴ
964 3366 1147 3436 Γραφὴ
1180 3366 1256 3418 ἔτι
1287 3367 1403 3419 τότε
1428 3368 1636 3420 σκοτίαν
1659 3365 1810 3422 εἶναι·

222 3462 393 3533 πλὴν
420 3460 549 3512 ἀλλ’
586 3458 688 3529 ἤδη
734 3459 909 3528 πρωῖα
945 3452 1012 3526 ἦν
1034 3473 1047 3487 ’
1075 3456 1227 3508 τοῦτο
1252 3456 1306 3509 δέ
1340 3457 1399 3509 τὺ
1424 3458 1562 3527 πρωῒ
1590 3458 1665 3511 ἔτι
1696 3475 1816 3511 σκο-

219 3555 367 3616 τίας
392 3549 584 3619 οὔσης
617 3548 751 3618 αὐτὴ
784 3547 900 3600 καθ’
926 3546 1116 3617 ἑαυτὴν
1160 3546 1335 3599 ἰδοῦσα
1367 3546 1548 3616 Μαρία
1577 3548 1814 3601 ἐπάνεισι

221 3642 388 3713 πρὸς
413 3639 557 3700 τοὺς
590 3636 835 3707 μαθητάς
855 3654 867 3667 ·
903 3631 996 3688 εἶτ’
1016 3637 1238 3705 ἄγγελος
1254 3639 1428 3700 αὐτοῖς
1450 3639 1811 3709 παραγίνεται.

236 3735 343 3786 Ἐν
383 3732 467 3800 δὴ
493 3725 593 3781 οὖν
621 3728 698 3797 τῷ
735 3726 930 3797 μεταξύ
956 3727 1127 3795 χρόνῳ
1178 3728 1309 3797 μετά
1343 3728 1437 3798 τὴν
1460 3730 1675 3800 πρώτην
1694 3731 1816 3798 ἀφι-

224 3824 319 3889 ξιν
384 3819 681 3887 ἀπιούσης
713 3818 880 3885 αὐτῆς
930 3816 1063 3885 πρὸς
1093 3818 1216 3879 τούς
1248 3819 1569 3882 ἀποστόλους
1595 3821 1685 3872 καὶ
1720 3820 1816 3891 τὴν

221 3911 404 3980 ὥραν
471 3904 755 3976 προκόψαι
809 3903 950 3964 εἰκὸς
981 3897 1046 3972 ἦν
1069 3920 1083 3933 ο
1113 3905 1373 3957 κάκείνων
1404 3907 1557 3960 πάλιν
1597 3909 1686 3960 ἐπὶ
1732 3909 1817 3961 τὸν

219 4001 431 4068 τάφον
459 3992 899 4063 ἀφικνουμένων,
929 3992 1006 4044 ἔτι
1039 3992 1231 4062 μᾶλλον
1260 3995 1482 4065 αὐξῆσαι
1506 3998 1592 4049 τὸν
1615 3998 1815 4069 χρόνον,

224 4089 316 4151 ὡς
345 4086 573 4158 μηκέτι
602 4084 818 4135 σκοτίαν
847 4079 1000 4144 εἶναι,
1033 4083 1144 4135 ἀλλ’
1172 4085 1267 4156 ἥδη
1302 4086 1539 4157 καθαράν
1583 4090 1815 4159 ἡμέραν,

223 4180 372 4232 καθ’
406 4179 487 4246 ἢν
512 4174 921 4243 ἀπαντήσαντες
941 4174 987 4224 οἱ
1010 4174 1296 4242 εἰρημένοι,
1330 4177 1420 4228 καὶ
1449 4177 1539 4229 τοῦ
1565 4180 1818 4248 μνημείου

224 4270 414 4331 ἰκτδς
443 4264 708 4325 ἑστῶτες,
746 4263 927 4332 διορᾷν
952 4261 1018 4313 τὰ
1044 4262 1170 4314 εἴσω
1194 4265 1415 4335 κείμενα
1441 4265 1618 4320 ὀθόνια
1639 4262 1737 4320 οἷοί
1759 4285 1818 4320 τε

221 4354 427 4429 ἦσαν·
482 4352 586 4407 καὶ
616 4350 751 4403 πολὺ
784 4350 976 4420 μᾶλλον
1027 4350 1169 4403 ἔνδον
1214 4353 1507 4423 γενόμενοι,
1546 4354 1647 4407 ὐπὸ
1687 4355 1822 4424 λαμ-

1839 1811 1879 1864 Β

1900 589 2225 648 resurrexit,
2282 591 2501 639 cunctos
2548 583 2756 645 latens,
2813 585 3209 653 resurrexitque
3244 584 3419 655 lapide

1902 685 2099 733 statum
2152 688 2305 731 suum
2356 673 2630 729 retinente.
2686 671 2843 726 Bonae
2890 688 3014 727 vero
3072 674 3149 729 rei
3199 676 3417 729 nuntius

1900 765 2067 820 astitit
2102 764 2407 819 hominibus
2438 762 2675 832 angelus,
2704 761 2837 814 nihil
2879 762 3119 829 equidem
3168 777 3416 818 resurre-

1901 852 2063 906 ctioni
2094 852 2377 921 praesentia
2410 864 2507 906 sua
2555 848 2837 903 conferens
2861 886 2876 909 ,
2920 848 3190 903 hominum
3241 858 3419 905 tamen

1901 942 2058 997 saluti
2090 942 2373 1011 plurimum
2419 941 2674 995 serviens.
2731 936 3015 1005 Propterea
3053 938 3319 994 relucente
3352 940 3418 995 ti-

1901 1047 2033 1103 gura
2064 1046 2194 1086 usus
2220 1037 2322 1096 est,
2353 1036 2407 1082 et
2435 1028 2665 1082 albatum
2699 1032 2867 1080 semet
2905 1026 3157 1090 ostendit,
3186 1028 3419 1095 primus-

1902 1138 2005 1193 que
2025 1121 2431 1177 resurrectionis
2451 1117 2752 1173 Servatoris
2782 1115 2904 1170 fecit
2928 1116 3161 1170 initium.
3185 1117 3248 1170 Et
3265 1119 3421 1174 sicuti

1901 1212 2143 1266 venenati
2193 1216 2467 1278 serpentes
2501 1222 2564 1260 ac
2615 1205 2759 1268 ferae,
2794 1207 2966 1261 noctis
2990 1215 3051 1277 et
3084 1208 3420 1262 tenebrarum

1903 1306 2159 1361 amantes,
2187 1297 2318 1351 solis
2353 1303 2528 1351 ortum
2580 1295 2808 1364 fugiunt,
2843 1295 3087 1350 homines
3114 1305 3299 1350 contra
3327 1312 3423 1350 ceu

1903 1389 2037 1444 lucis
2064 1388 2288 1443 studiosi
2321 1387 2546 1441 libenter
2576 1386 2886 1456 excipiunt;
2930 1384 3115 1440 eodem
3143 1386 3301 1439 modo
3336 1401 3425 1440 ve-

1902 1478 2077 1532 ritatis
2116 1478 2343 1546 vitaeque
2396 1476 2596 1538 hostes,
2632 1477 2821 1530 mortis
2849 1482 3023 1529 autem
3053 1474 3344 1528 familiares
3373 1484 3427 1529 et

1904 1572 2121 1634 amicos,
2152 1569 2290 1623 lucis
2312 1566 2681 1636 splendoribus
2719 1565 2982 1619 irradians
3003 1564 3222 1633 angelus
3243 1564 3427 1632 dispu—

1905 1660 1961 1713 lit
1986 1674 1999 1710 :
2037 1658 2484 1714 resurrectionem
2516 1671 2644 1710 vero
2670 1654 2966 1710 Salvatoris
2990 1652 3424 1722 exspectantibus

1904 1750 2185 1812 nuntiavit,
2224 1750 2445 1803 liberum
2482 1748 2586 1800 illis
2622 1747 2819 1800 aditum
2849 1754 2971 1813 post
3016 1743 3297 1798 custodum
3329 1743 3423 1798 de»

1906 1839 2200 1909 pulsionem
2233 1838 2496 1907 praebens.
2546 1833 2767 1888 Gemina
2800 1834 2962 1902 igitur
2994 1833 3180 1886 amicis
3232 1832 3427 1888 indicia

1906 1926 2191 1998 spectanda
2231 1927 2456 1986 obtulit,
2518 1924 2709 1992 lapidis
2761 1936 2948 1991 nempe
3004 1923 3426 1988 revolutionem,

1906 2015 2234 2070 monumenti
2268 2023 2418 2085 porta
2442 2014 2551 2082 jam
2570 2018 2801 2082 patente,
2831 2019 2882 2064 et
2914 2009 3196 2064 custodum
3226 2010 3427 2079 fugam.

1906 2094 2033 2171 Qua:
2078 2106 2265 2160 videns
2314 2104 2622 2173 Magdalene
2672 2102 2952 2172 discipulis
2994 2100 3301 2155 nuntiavit:
3336 2099 3427 2168 qui

1907 2196 1990 2250 his
2022 2195 2268 2263 cognitis,
2295 2195 2545 2247 audacter
2573 2208 2840 2260 curSuque
2867 2200 3079 2245 concrto
3109 2190 3234 2243 illuc
3254 2228 3268 2241 .
3338 2202 3430 2242 ne-

1907 2287 2048 2341 mine
2072 2286 2408 2355 impediente,
2440 2290 2815 2353 properarunt.

2637 2567 2704 2622 ll.

1960 2662 2285 2727 ‘Quomodo.
2329 2658 2567 2714 tenebris
2599 2658 2772 2711 adhuc
2811 2671 2870 2712 se
2902 2656 3332 2719 intendentibus,
3372 2663 3434 2711 ut

1911 2753 1983 2803 ait
2012 2751 2332 2819 evangelista
2353 2748 2603 2811 Joannes,
2634 2763 2695 2801 ea
2728 2763 2843 2816 qua:
2864 2747 3005 2800 intra
3032 2758 3433 2800 monumentum

1909 2850 2060 2895 erant
2088 2841 2332 2910 discipuli
2355 2841 2461 2894 duo
2492 2840 2773 2894 viderunt?
2796 2838 3032 2908 Namque
3078 2838 3214 2892 idem
3248 2838 3432 2891 horam

1911 2945 2120 3001 quoque
2153 2930 2472 3001 signiﬁcavit
2514 2930 2696 2983 dicens
2720 2948 2733 2982 :
2762 2947 2778 2979 ι
2810 2927 2983 2990 Mane,
3003 2944 3123 2981 cum
3151 2926 3324 2982 adhuc
3348 2933 3433 2980 te-

1914 3022 2089 3076 nebra:
2110 3030 2306 3076 essent.
2346 3040 2365 3072 ι
2403 3019 2467 3072 Et
2496 3034 2637 3083 mox,
2660 3019 2794 3072 duos
2826 3018 3120 3086 discipulos
3147 3032 3264 3086 quae
3294 3017 3435 3070 intra

1838 3120 1879 3176 c
1912 3118 2311 3167 monumentum
2345 3118 2494 3164 erant
2522 3108 2736 3162 vidisse.
2782 3126 2801 3158 ο
2844 3107 3204 3162 lntroivcrunt
3251 3106 3391 3161 enim
3418 3145 3433 3170 ,

1910 3202 2105 3270 inquit,
2128 3207 2181 3254 et
2211 3199 2565 3252 crediderunt.
2602 3216 2621 3247 ι

1976 3289 2156 3342 Primo
2198 3286 2301 3346 diei
2333 3284 2685 3354 crepusculo,
2738 3282 2877 3352 apud
2927 3283 3230 3351 sepulcrum
3287 3281 3435 3335 Scri-

1911 3385 2066 3447 ptura
2092 3374 2225 3427 dicit
2257 3372 2429 3425 adhuc
2449 3370 2698 3423 tenebras
2727 3369 2923 3433 fuisse;
2955 3369 3044 3421 sed
3070 3375 3243 3419 tamen
3275 3381 3432 3420 mane

1907 3468 2015 3537 jam
2042 3472 2185 3526 erat,
2234 3478 2342 3532 quo
2389 3459 2755 3523 subobscuro,
2806 3458 2919 3511 sola
2962 3456 3117 3509 rediit
3146 3454 3308 3507 Maria
3365 3455 3432 3507 ad

1912 3554 2221 3625 discipulos.
2278 3549 2472 3605 Deinde
2507 3548 2723 3617 angelus
2756 3546 2884 3614 ipsis
2940 3543 3265 3612 supervenit.
3317 3539 3435 3593 Jam

1912 3648 2013 3701 hoc
2042 3641 2353 3698 intermedio
2379 3647 2637 3707 tempore,
2667 3647 2787 3706 post
2808 3635 3034 3705 primum
3077 3633 3194 3700 ejus
3216 3630 3280 3684 ad
3309 3645 3436 3698 apo.

1914 3736 2077 3791 stolos
2106 3731 2383 3785 adventura
2408 3768 2422 3791 ,
2463 3728 2647 3781 horam
2709 3725 2872 3778 ferme
2901 3722 3200 3783 trausiisse,
3237 3719 3433 3775 verisin

1913 3826 2040 3879 mile
2070 3832 2153 3879 est
2184 3843 2197 3877 :
2232 3831 2343 3876 tum
2366 3821 2471 3874 illis
2503 3818 2569 3872 ad
2611 3816 2912 3886 sepulcrum
2940 3810 3191 3865 euntibus
3214 3848 3229 3872 ,
3261 3809 3436 3878 majus

1915 3918 2086 3970 adhuc
2106 3916 2341 3982 elapsum
2370 3919 2599 3978 tempus,
2638 3909 2709 3961 ita
2732 3912 2790 3959 ut
2814 3904 2923 3973 jam
2951 3903 3183 3957 tenebrae
3218 3913 3324 3952 non
3350 3913 3437 3953 est

1915 4013 2051 4066 sent,
2080 4003 2171 4056 sed
2191 4015 2320 4070 pura
2341 3999 2484 4063 dies;
2508 4011 2613 4066 quo
2634 4005 2867 4065 tempore
2891 3991 3113 4063 profecti
3151 3990 3275 4042 illuc
3304 4001 3441 4057 prte-

1915 4094 2040 4148 dicti
2080 4090 2348 4159 discipuli,
2371 4096 2628 4156 extraque
2661 4092 3062 4139 monumentum
3116 4086 3393 4133 manentes
3418 4116 3433 4141 ,

1915 4183 2088 4253 posita
2145 4178 2453 4233 linteamina
2509 4186 2747 4246 spectare
2810 4183 3125 4245 potuerunt;
3164 4170 3437 4239 multoque

1917 4270 2083 4334 magis
2123 4264 2245 4317 illuc
2285 4263 2530 4331 ingressi,
2559 4262 2834 4332 splendida
2859 4262 2968 4329 jam
3002 4260 3087 4313 die
3111 4258 3286 4311 locum
3311 4256 3432 4310 illu-

1916 4359 2173 4410 minante.
2202 4351 2500 4409 Mihi'vero
2544 4353 2792 4408 videntur
2834 4350 3142 4405 linteamina
3171 4349 3315 4401 intus
3342 4360 3439 4415 po-

226 4450 401 4521 πρᾶς
449 4444 678 4515 ἡμέρας
710 4441 807 4510 ήδη
847 4439 939 4492 τοῦ
982 4440 1142 4492 τόπου
1180 4443 1636 4512 κατηυγασμένου,
1672 4446 1821 4497 Δοκεῖ

1920 4447 2019 4502 sita
2071 4444 2572 4500 demonstrationem
2619 4442 2777 4498 simul
2821 4440 3083 4510 praebere,
3134 4451 3330 4506 corpus
3372 4434 3442 4489 ab

225 4538 293 4592 δέ
322 4555 431 4609 μοι
471 4535 550 4588 τὰ
581 4532 761 4584 ὀθόνια
796 4531 937 4583 ἔνδον
974 4530 1195 4598 κείμενα
1220 4533 1352 4601 ὁμοῦ
1382 4535 1476 4602 μὲν
1505 4537 1595 4587 καὶ
1628 4536 1820 4606 δεῖγμα

226 4626 535 4697 παρέχειν
563 4620 658 4672 τοῦ
685 4618 756 4688 μὴ
782 4618 884 4669 ὐπὸ
910 4615 1202 4685 ἀνθρώπων
1224 4615 1385 4689 ᾖρθαι
1410 4620 1467 4671 τὸ
1495 4620 1668 4690 σῶμα,
1689 4624 1821 4693 ὅπερ

227 4717 452 4788 Μαρία
488 4710 757 4766 ὑπέλαϐεν
775 4725 788 4739 ο
814 4709 873 4761 οὐ
905 4708 1011 4776 γὰρ
1039 4707 1101 4760 ἄν
1128 4726 1267 4771 τινες
1286 4710 1347 4761 τὸ
1378 4710 1533 4779 σῶμα
1561 4713 1819 4784 ὑφαιρυύ-

232 4823 413 4876 μενοι
445 4800 854 4869 κατελίμπανον
880 4797 947 4849 τὰ
981 4796 1180 4850 ὀθόνια·
1205 4798 1322 4851 οὐδὲ
1354 4800 1383 4850 ό
1421 4798 1660 4854 κλέπτων
1697 4804 1821 4856 ποτὲ

231 4894 620 4965 περιέμεινεν
662 4888 765 4951 ἕως
788 4888 873 4940 ὅτε
902 4886 1131 4957 ἀναλύσῃ
1155 4888 1218 4940 τὰ
1240 4887 1423 4939 ὀθόνια
1459 4888 1550 4939 καὶ
1588 4892 1822 4946 καταλά-

236 4985 430 5052 θηται
455 4998 470 5011 ·
511 4977 652 5049 όμοῦ
690 4977 746 5029 δὲ
780 4977 873 5029 καὶ
899 4978 996 5045 τῆς
1023 4977 1085 5028 ὲκ
1121 4976 1325 5047 νεκρῶν
1363 4975 1709 5042 ἀναστάσεως
1730 4982 1821 5035 τοῦ

236 5072 526 5143 σώματος
560 5063 1108 5134 εἶναιπαραστατικά.
1136 5070 1190 5122 ’0
1204 5069 1309 5137 γὰρ
1338 5072 1823 5138 μετασχηματίζων

236 5164 315 5216 τὰ
352 5162 603 5231 σώματα
634 5156 732 5225 τῆς
756 5155 1125 5222 ταπεινώσεως
1149 5161 1179 5228 ή
1189 5156 1301 5228 μῶν
1317 5153 1452 5216 Θεὸς
1469 5160 1546 5219 εὶς
1577 5159 1639 5211 τὸ
1682 5157 1823 5218 εἶναι

237 5251 575 5321 σύμμορφα
602 5244 682 5313 τῷ
702 5242 907 5312 σώματι
938 5243 1032 5313 τῆς
1048 5245 1195 5315 δόξης
1216 5244 1305 5298 τοῦ
1336 5244 1592 5312 Χριστοῦ,
1629 5250 1695 5302 τὸ
1723 5254 1824 5321 μὲν

244 5340 424 5407 σῶμα
472 5338 554 5398 ὡς
594 5336 823 5406 ὄργανον
858 5333 953 5400 τῆς
979 5334 1034 5387 ἐν
1057 5336 1194 5405 αὐτῷ
1228 5337 1627 5409 κατοικησάσης
1656 5340 1825 5397 δυνά-

243 5444 406 5495 μεως
437 5424 684 5495 ήλλοίοο,
741 5419 1069 5490 μεταϐάλλων
1118 5424 1202 5477 ἐπὶ
1236 5420 1296 5473 τὸ
1332 5419 1621 5507 θειότερον,
1659 5431 1733 5485 τὰ
1765 5433 1823 5487 δὲ

316 5583 370 5613 ⁸⁸
411 5578 660 5645 Philipp.
702 5589 800 5635 ιιι,
833 5573 914 5626 21.

326 5694 437 5764 (σε)
477 5690 619 5747 Cod.
652 5686 723 5752 Α,
753 5683 790 5739 r.
818 5683 925 5751 δη,
948 5652 1051 5746 ιη’.

1919 4535 2223 4591 hominibus
2254 4551 2361 4589 non
2396 4534 2558 4589 fuisse
2599 4534 2865 4590 sublatum
2892 4570 2907 4596 ,
2962 4544 3117 4586 secus
3171 4541 3234 4581 ac
3278 4524 3441 4579 Maria

1919 4625 2320 4694 suspicabatur:
2370 4639 2542 4693 neque
2588 4624 2728 4678 enim
2772 4623 2862 4691 qui
2909 4634 3104 4689 corpus
3161 4616 3444 4671 subtrahe-

1917 4725 2065 4778 rent,
2097 4716 2401 4769 linteamina
2432 4715 2826 4782 relinquerent;
2870 4725 3040 4778 neque
3062 4708 3146 4761 l'ur
3173 4703 3437 4774 quispiam

1918 4813 2266 4877 exspectaret,
2296 4806 2464 4860 donec
2491 4803 2702 4857 indusia
2733 4801 3053 4861 resolveret,
3093 4805 3250 4864 atque
3278 4795 3350 4848 ita
3380 4795 3436 4848 in

1918 4896 2158 4965 ﬂagranti
2208 4904 2366 4963 raptu
2419 4891 2920 4963 deprehenderetur.
2972 4887 3308 4956 Caeteroquin
3348 4886 3437 4939 illa

1922 4985 2160 5041 suscitati
2188 4999 2252 5040 ex
2281 4994 2448 5039 morte
2484 4983 2726 5051 corporis
2761 4979 2958 5035 indicia
2985 4985 3158 5033 erant.
3187 4975 3319 5029 Nam
3349 4977 3439 5045 qui

1923 5075 2228 5132 reformabit
2263 5090 2487 5145 corpora
2528 5071 2841 5126 humilitatis
2854 5077 3051 5124 nostra:
3071 5066 3231 5128 Deus,
3251 5075 3311 5120 ut
3332 5067 3441 5121 sint

1922 5166 2209 5223 conformia
2235 5166 2442 5236 corpori
2463 5165 2641 5235 gloria:
2660 5162 2878 5225 Christi,
2903 5168 3033 5214 tunc
3053 5157 3210 5214 etiam
3240 5171 3438 5227 corpus

1924 5257 2134 5328 quidem
2162 5270 2419 5325 organum
2446 5252 2789 5308 inhabitantis
2833 5250 2888 5304 in
2927 5250 3044 5320 ipso
3086 5247 3303 5302 virtutis
3348 5247 3445 5299 im--

1925 5345 2166 5410 mutavit,
2193 5344 2260 5398 ad
2310 5343 2622 5399 diviniorem
2653 5348 2847 5394 statum
2884 5337 3179 5393 reformans
3209 5335 3254 5366 ⁸⁸
3281 5352 3296 5400 ;
3341 5334 3444 5388 lin-

1924 5437 2154 5495 teamina
2180 5442 2380 5503 autem,
2404 5450 2497 5491 ceu
2541 5431 2749 5489 inutilia
2781 5438 2832 5485 et
2859 5428 3099 5500 corporis
3130 5424 3448 5484 substantia
