  <div class='ocr_page' id='page_1' title='image "/cluster/home/n/w/nwhite01/storage/ocr_20150623/22 (Eusebius; pt. 4)/nyp.33433081862355/537.png"; bbox 0 0 3926 6390; ppageno 0'>
   <div class='ocr_carea' id='block_1_1' title="bbox 531 417 632 473">
    <p class='ocr_par' dir='ltr' id='par_1_1' title="bbox 531 417 632 473">
     <span class='ocr_line' id='line_1_1' title="bbox 531 417 632 473; baseline -0.03 0"><span class='ocrx_word' id='word_1_1' title='bbox 531 417 632 473; x_wconf 76' lang='lat'><strong>987</strong></span> 
     </span>
    </p>
   </div>
   <div class='ocr_carea' id='block_1_2' title="bbox 1190 397 3072 464">
    <p class='ocr_par' dir='ltr' id='par_1_2' title="bbox 1190 397 3072 464">
     <span class='ocr_line' id='line_1_2' title="bbox 1190 397 3072 464; baseline -0.009 0"><span class='ocrx_word' id='word_1_2' title='bbox 1190 408 1444 464; x_wconf 83' lang='lat' dir='ltr'><strong>EUSEBll</strong></span> <span class='ocrx_word' id='word_1_3' title='bbox 1481 405 1946 462; x_wconf 54' lang='lat' dir='ltr'><strong>CIESABIENSIS</strong></span> <span class='ocrx_word' id='word_1_4' title='bbox 1979 404 2124 458; x_wconf 84' lang='lat' dir='ltr'><strong>OPP.</strong></span> <span class='ocrx_word' id='word_1_5' title='bbox 2165 402 2335 456; x_wconf 80' lang='lat' dir='ltr'><strong>PARS</strong></span> <span class='ocrx_word' id='word_1_6' title='bbox 2373 400 2460 455; x_wconf 89' lang='lat' dir='ltr'><strong>lll.</strong></span> <span class='ocrx_word' id='word_1_7' title='bbox 2501 431 2576 440; x_wconf 93' lang='lat'><strong><em>—</em></strong></span> <span class='ocrx_word' id='word_1_8' title='bbox 2614 397 3072 454; x_wconf 74' lang='lat' dir='ltr'><strong>EXEGETICA.</strong></span> 
     </span>
    </p>
   </div>
   <div class='ocr_carea' id='block_1_3' title="bbox 3695 389 3790 445">
    <p class='ocr_par' dir='ltr' id='par_1_3' title="bbox 3695 389 3790 445">
     <span class='ocr_line' id='line_1_3' title="bbox 3695 389 3790 445; baseline 0.032 -3"><span class='ocrx_word' id='word_1_9' title='bbox 3695 389 3790 445; x_wconf 75' lang='lat'><strong>988</strong></span> 
     </span>
    </p>
   </div>
   <div class='ocr_carea' id='block_1_4' title="bbox 531 500 2036 593">
    <p class='ocr_par' dir='ltr' id='par_1_4' title="bbox 531 519 2036 593">
     <span class='ocr_line' id='line_1_4' title="bbox 531 519 2036 593; baseline -0.01 -9"><span class='ocrx_word' id='word_1_10' title='bbox 531 529 726 592; x_wconf 86' lang='lat' dir='ltr'><strong>aliena,</strong></span> <span class='ocrx_word' id='word_1_11' title='bbox 752 527 916 583; x_wconf 90' lang='lat' dir='ltr'><strong>missa</strong></span> <span class='ocrx_word' id='word_1_12' title='bbox 942 526 1083 582; x_wconf 87' lang='lat' dir='ltr'><strong>fecit.</strong></span> <span class='ocrx_word' id='word_1_13' title='bbox 1103 523 1405 593; x_wconf 78' lang='lat' dir='ltr'><strong>Opportune</strong></span> <span class='ocrx_word' id='word_1_14' title='bbox 1431 523 1649 591; x_wconf 83' lang='lat' dir='ltr'><strong>insuper</strong></span> <span class='ocrx_word' id='word_1_15' title='bbox 1681 520 1890 574; x_wconf 74' lang='lat' dir='ltr'><strong>videtur</strong></span> <span class='ocrx_word' id='word_1_16' title='bbox 1920 519 2036 571; x_wconf 78' lang='lat' dir='ltr'><strong>mihi</strong></span> 
     </span>
    </p>
   </div>
   <div class='ocr_carea' id='block_1_5' title="bbox 2208 500 3794 593">
    <p class='ocr_par' dir='ltr' id='par_1_5' title="bbox 2209 500 3794 583">
     <span class='ocr_line' id='line_1_5' title="bbox 2209 500 3794 583; baseline -0.012 -15"><span class='ocrx_word' id='word_1_17' title='bbox 2209 518 2320 569; x_wconf 86' lang='grc' dir='ltr'>όνια</span> <span class='ocrx_word' id='word_1_18' title='bbox 2347 515 2421 577; x_wconf 81' lang='grc' dir='ltr'>ὼς</span> <span class='ocrx_word' id='word_1_19' title='bbox 2443 511 2682 583; x_wconf 89' lang='grc' dir='ltr'>περιττά</span> <span class='ocrx_word' id='word_1_20' title='bbox 2704 512 2800 565; x_wconf 68' lang='grc' dir='ltr'><strong>καὶ</strong></span> <span class='ocrx_word' id='word_1_21' title='bbox 2829 511 3130 577; x_wconf 83' lang='grc' dir='ltr'>ἀλλότρια</span> <span class='ocrx_word' id='word_1_22' title='bbox 3165 502 3279 572; x_wconf 78' lang='grc' dir='ltr'>τῆς</span> <span class='ocrx_word' id='word_1_23' title='bbox 3314 500 3417 553; x_wconf 68' lang='grc' dir='ltr'>τοῦ</span> <span class='ocrx_word' id='word_1_24' title='bbox 3441 516 3692 569; x_wconf 83' lang='grc' dir='ltr'>σωματος</span> <span class='ocrx_word' id='word_1_25' title='bbox 3714 503 3794 552; x_wconf 71' lang='grc' dir='ltr'>οὐ·</span> 
     </span>
    </p>
   </div>
   <div class='ocr_carea' id='block_1_6' title="bbox 529 611 2046 672">
    <p class='ocr_par' dir='ltr' id='par_1_6' title="bbox 529 611 2046 672">
     <span class='ocr_line' id='line_1_6' title="bbox 529 611 2046 672; baseline -0.007 -2"><span class='ocrx_word' id='word_1_26' title='bbox 529 619 788 672; x_wconf 88' lang='lat' dir='ltr'><strong>accidisse</strong></span> <span class='ocrx_word' id='word_1_27' title='bbox 825 625 882 669; x_wconf 91' lang='lat' dir='ltr'><strong>ut</strong></span> <span class='ocrx_word' id='word_1_28' title='bbox 917 615 1099 670; x_wconf 90' lang='lat' dir='ltr'><strong>Petrus</strong></span> <span class='ocrx_word' id='word_1_29' title='bbox 1140 629 1200 666; x_wconf 89' lang='lat' dir='ltr'><strong>ac</strong></span> <span class='ocrx_word' id='word_1_30' title='bbox 1249 611 1478 666; x_wconf 86' lang='lat' dir='ltr'><strong>Joannes</strong></span> <span class='ocrx_word' id='word_1_31' title='bbox 1525 611 1588 664; x_wconf 91' lang='lat' dir='ltr'><strong>ad</strong></span> <span class='ocrx_word' id='word_1_32' title='bbox 1643 615 2046 663; x_wconf 76' lang='lat' dir='ltr'><strong>monumentum</strong></span> 
     </span>
    </p>
   </div>
   <div class='ocr_carea' id='block_1_7' title="bbox 527 698 2048 771">
    <p class='ocr_par' dir='ltr' id='par_1_7' title="bbox 527 698 2048 771">
     <span class='ocr_line' id='line_1_7' title="bbox 527 698 2048 771; baseline -0.007 -11"><span class='ocrx_word' id='word_1_33' title='bbox 527 709 771 762; x_wconf 80' lang='lat' dir='ltr'><strong>venirent</strong></span> <span class='ocrx_word' id='word_1_34' title='bbox 810 706 949 758; x_wconf 89' lang='lat' dir='ltr'><strong>clara</strong></span> <span class='ocrx_word' id='word_1_35' title='bbox 974 703 1080 771; x_wconf 88' lang='lat' dir='ltr'><strong>jam</strong></span> <span class='ocrx_word' id='word_1_36' title='bbox 1121 702 1204 755; x_wconf 90' lang='lat' dir='ltr'><strong>die</strong></span> <span class='ocrx_word' id='word_1_37' title='bbox 1249 699 1628 770; x_wconf 82' lang='lat' dir='ltr'><strong>splendidaque</strong></span> <span class='ocrx_word' id='word_1_38' title='bbox 1676 699 1827 761; x_wconf 92' lang='lat' dir='ltr'><strong>luce;</strong></span> <span class='ocrx_word' id='word_1_39' title='bbox 1885 713 1952 752; x_wconf 89' lang='lat' dir='ltr'><strong>ne</strong></span> <span class='ocrx_word' id='word_1_40' title='bbox 2002 698 2048 750; x_wconf 90' lang='lat' dir='ltr'><strong>si</strong></span> 
     </span>
    </p>
   </div>
   <div class='ocr_carea' id='block_1_8' title="bbox 527 789 2048 858">
    <p class='ocr_par' dir='ltr' id='par_1_8' title="bbox 527 789 2048 858">
     <span class='ocr_line' id='line_1_8' title="bbox 527 789 2048 858; baseline -0.005 -8"><span class='ocrx_word' id='word_1_41' title='bbox 527 794 664 852; x_wconf 88' lang='lat' dir='ltr'><strong>forte</strong></span> <span class='ocrx_word' id='word_1_42' title='bbox 698 796 751 848; x_wconf 91' lang='lat' dir='ltr'><strong>in</strong></span> <span class='ocrx_word' id='word_1_43' title='bbox 777 801 928 848; x_wconf 91' lang='lat' dir='ltr'><strong>nocte</strong></span> <span class='ocrx_word' id='word_1_44' title='bbox 949 807 1010 845; x_wconf 91' lang='lat' dir='ltr'><strong>ac</strong></span> <span class='ocrx_word' id='word_1_45' title='bbox 1038 791 1268 845; x_wconf 90' lang='lat' dir='ltr'><strong>tenebris</strong></span> <span class='ocrx_word' id='word_1_46' title='bbox 1297 789 1672 851; x_wconf 88' lang='lat' dir='ltr'><strong>accessissent,</strong></span> <span class='ocrx_word' id='word_1_47' title='bbox 1703 789 1818 858; x_wconf 86' lang='lat' dir='ltr'><strong>ejus</strong></span> <span class='ocrx_word' id='word_1_48' title='bbox 1850 790 1925 843; x_wconf 89' lang='lat' dir='ltr'><strong>rei</strong></span> <span class='ocrx_word' id='word_1_49' title='bbox 1958 804 2048 843; x_wconf 86' lang='lat' dir='ltr'><strong>su-</strong></span> 
     </span>
    </p>
   </div>
   <div class='ocr_carea' id='block_1_9' title="bbox 528 877 2049 956">
    <p class='ocr_par' dir='ltr' id='par_1_9' title="bbox 528 877 2049 956">
     <span class='ocr_line' id='line_1_9' title="bbox 528 877 2049 956; baseline -0.006 -15"><span class='ocrx_word' id='word_1_50' title='bbox 528 886 816 956; x_wconf 88' lang='lat' dir='ltr'><strong>spicionem</strong></span> <span class='ocrx_word' id='word_1_51' title='bbox 841 882 1149 952; x_wconf 84' lang='lat' dir='ltr'><strong>praeberent,</strong></span> <span class='ocrx_word' id='word_1_52' title='bbox 1177 894 1336 947; x_wconf 88' lang='lat' dir='ltr'><strong>quam</strong></span> <span class='ocrx_word' id='word_1_53' title='bbox 1370 879 1479 947; x_wconf 86' lang='lat' dir='ltr'><strong>jam</strong></span> <span class='ocrx_word' id='word_1_54' title='bbox 1515 877 1795 948; x_wconf 84' lang='lat' dir='ltr'><strong>pontifices</strong></span> <span class='ocrx_word' id='word_1_55' title='bbox 1826 877 2049 932; x_wconf 87' lang='lat' dir='ltr'><strong>mentie-</strong></span> 
     </span>
    </p>
   </div>
   <div class='ocr_carea' id='block_1_10' title="bbox 527 967 2047 1041">
    <p class='ocr_par' dir='ltr' id='par_1_10' title="bbox 527 967 2047 1041">
     <span class='ocr_line' id='line_1_10' title="bbox 527 967 2047 1041; baseline -0.008 -10"><span class='ocrx_word' id='word_1_56' title='bbox 527 976 754 1037; x_wconf 86' lang='lat' dir='ltr'><strong>bantur,</strong></span> <span class='ocrx_word' id='word_1_57' title='bbox 808 988 994 1041; x_wconf 91' lang='lat' dir='ltr'><strong>nempe</strong></span> <span class='ocrx_word' id='word_1_58' title='bbox 1043 969 1184 1039; x_wconf 91' lang='lat' dir='ltr'><strong>quod</strong></span> <span class='ocrx_word' id='word_1_59' title='bbox 1235 976 1396 1023; x_wconf 91' lang='lat' dir='ltr'><strong>noctu</strong></span> <span class='ocrx_word' id='word_1_60' title='bbox 1445 969 1717 1022; x_wconf 83' lang='lat' dir='ltr'><strong>venientes</strong></span> <span class='ocrx_word' id='word_1_61' title='bbox 1765 967 2047 1021; x_wconf 91' lang='lat' dir='ltr'><strong>Dominum</strong></span> 
     </span>
    </p>
   </div>
   <div class='ocr_carea' id='block_1_11' title="bbox 529 1056 2047 1128">
    <p class='ocr_par' dir='ltr' id='par_1_11' title="bbox 529 1056 2047 1128">
     <span class='ocr_line' id='line_1_11' title="bbox 529 1056 2047 1128; baseline -0.007 -8"><span class='ocrx_word' id='word_1_62' title='bbox 529 1064 882 1120; x_wconf 87' lang='lat' dir='ltr'><strong>sustulissent.</strong></span> <span class='ocrx_word' id='word_1_63' title='bbox 944 1059 1125 1128; x_wconf 85' lang='lat' dir='ltr'><strong>itaque</strong></span> <span class='ocrx_word' id='word_1_64' title='bbox 1187 1073 1357 1127; x_wconf 89' lang='lat' dir='ltr'><strong>neque</strong></span> <span class='ocrx_word' id='word_1_65' title='bbox 1405 1066 1563 1111; x_wconf 90' lang='lat' dir='ltr'><strong>noctu</strong></span> <span class='ocrx_word' id='word_1_66' title='bbox 1597 1064 1945 1112; x_wconf 88' lang='lat' dir='ltr'><strong>accesserunt</strong></span> <span class='ocrx_word' id='word_1_67' title='bbox 1994 1056 2047 1110; x_wconf 91' lang='lat' dir='ltr'><strong>hi</strong></span> 
     </span>
    </p>
   </div>
   <div class='ocr_carea' id='block_1_12' title="bbox 527 1145 2048 1213">
    <p class='ocr_par' dir='ltr' id='par_1_12' title="bbox 527 1145 2048 1213">
     <span class='ocr_line' id='line_1_12' title="bbox 527 1145 2048 1213; baseline -0.005 -9"><span class='ocrx_word' id='word_1_68' title='bbox 527 1151 646 1213; x_wconf 87' lang='lat' dir='ltr'><strong>viri,</strong></span> <span class='ocrx_word' id='word_1_69' title='bbox 675 1150 754 1204; x_wconf 87' lang='lat' dir='ltr'><strong>vel</strong></span> <span class='ocrx_word' id='word_1_70' title='bbox 776 1148 1007 1202; x_wconf 80' lang='lat' dir='ltr'><strong>tenebris</strong></span> <span class='ocrx_word' id='word_1_71' title='bbox 1033 1147 1203 1200; x_wconf 90' lang='lat' dir='ltr'><strong>adhuc</strong></span> <span class='ocrx_word' id='word_1_72' title='bbox 1235 1162 1290 1201; x_wconf 85' lang='lat' dir='ltr'><strong>se</strong></span> <span class='ocrx_word' id='word_1_73' title='bbox 1316 1146 1708 1200; x_wconf 80' lang='lat' dir='ltr'><strong>intendentibus</strong></span> <span class='ocrx_word' id='word_1_74' title='bbox 1729 1185 1742 1208; x_wconf 93' lang='lat'><strong>,</strong></span> <span class='ocrx_word' id='word_1_75' title='bbox 1777 1145 1870 1200; x_wconf 91' lang='lat' dir='ltr'><strong>sed</strong></span> <span class='ocrx_word' id='word_1_76' title='bbox 1903 1146 2048 1199; x_wconf 92' lang='lat' dir='ltr'><strong>clara</strong></span> 
     </span>
    </p>
   </div>
   <div class='ocr_carea' id='block_1_13' title="bbox 520 1233 2048 1308">
    <p class='ocr_par' dir='ltr' id='par_1_13' title="bbox 520 1233 2048 1308">
     <span class='ocr_line' id='line_1_13' title="bbox 520 1233 2048 1308; baseline -0.002 -17"><span class='ocrx_word' id='word_1_77' title='bbox 520 1239 626 1308; x_wconf 86' lang='lat' dir='ltr'><strong>jam</strong></span> <span class='ocrx_word' id='word_1_78' title='bbox 657 1239 953 1290; x_wconf 90' lang='lat' dir='ltr'><strong>lucescente</strong></span> <span class='ocrx_word' id='word_1_79' title='bbox 984 1237 1088 1289; x_wconf 87' lang='lat' dir='ltr'><strong>die.</strong></span> <span class='ocrx_word' id='word_1_80' title='bbox 1120 1233 1271 1303; x_wconf 85' lang='lat' dir='ltr'><strong>Quod</strong></span> <span class='ocrx_word' id='word_1_81' title='bbox 1311 1236 1356 1290; x_wconf 93' lang='lat' dir='ltr'><strong>si</strong></span> <span class='ocrx_word' id='word_1_82' title='bbox 1388 1235 1598 1290; x_wconf 90' lang='lat' dir='ltr'><strong>dicente</strong></span> <span class='ocrx_word' id='word_1_83' title='bbox 1628 1234 1936 1306; x_wconf 73' lang='lat' dir='ltr'><strong>Evangelio,</strong></span> <span class='ocrx_word' id='word_1_84' title='bbox 1964 1237 2048 1289; x_wconf 83' lang='lat' dir='ltr'><strong>di-</strong></span> 
     </span>
    </p>
   </div>
   <div class='ocr_carea' id='block_1_14' title="bbox 523 1323 2049 1396">
    <p class='ocr_par' dir='ltr' id='par_1_14' title="bbox 523 1323 2049 1396">
     <span class='ocr_line' id='line_1_14' title="bbox 523 1323 2049 1396; baseline -0.002 -14"><span class='ocrx_word' id='word_1_85' title='bbox 523 1327 753 1396; x_wconf 87' lang='lat' dir='ltr'><strong>scipulos</strong></span> <span class='ocrx_word' id='word_1_86' title='bbox 781 1341 904 1391; x_wconf 86' lang='lat' dir='ltr'><strong>una,</strong></span> <span class='ocrx_word' id='word_1_87' title='bbox 929 1325 1051 1394; x_wconf 87' lang='lat' dir='ltr'><strong>quia</strong></span> <span class='ocrx_word' id='word_1_88' title='bbox 1080 1324 1289 1379; x_wconf 65' lang='lat' dir='ltr'><strong>Judaaos</strong></span> <span class='ocrx_word' id='word_1_89' title='bbox 1318 1323 1593 1388; x_wconf 88' lang='lat' dir='ltr'><strong>timebant,</strong></span> <span class='ocrx_word' id='word_1_90' title='bbox 1625 1324 1792 1380; x_wconf 87' lang='lat' dir='ltr'><strong>fuisse</strong></span> <span class='ocrx_word' id='word_1_91' title='bbox 1822 1339 2049 1394; x_wconf 82' lang='lat' dir='ltr'><strong>congre-</strong></span> 
     </span>
    </p>
   </div>
   <div class='ocr_carea' id='block_1_15' title="bbox 520 1414 2046 1486">
    <p class='ocr_par' dir='ltr' id='par_1_15' title="bbox 520 1414 2046 1486">
     <span class='ocr_line' id='line_1_15' title="bbox 520 1414 2046 1486; baseline 0 -20"><span class='ocrx_word' id='word_1_92' title='bbox 520 1424 689 1486; x_wconf 67' lang='lat' dir='ltr'><strong>gatos,</strong></span> <span class='ocrx_word' id='word_1_93' title='bbox 719 1415 1030 1470; x_wconf 85' lang='lat' dir='ltr'><strong>adversetur</strong></span> <span class='ocrx_word' id='word_1_94' title='bbox 1056 1417 1248 1484; x_wconf 86' lang='lat' dir='ltr'><strong>aliquis</strong></span> <span class='ocrx_word' id='word_1_95' title='bbox 1264 1416 1444 1468; x_wconf 91' lang='lat' dir='ltr'><strong>dicens</strong></span> <span class='ocrx_word' id='word_1_96' title='bbox 1471 1432 1483 1468; x_wconf 90' lang='lat'><strong>:</strong></span> <span class='ocrx_word' id='word_1_97' title='bbox 1509 1414 1787 1479; x_wconf 88' lang='lat' dir='ltr'><strong>Quomodo</strong></span> <span class='ocrx_word' id='word_1_98' title='bbox 1807 1428 1934 1483; x_wconf 81' lang='lat' dir='ltr'><strong>ergo</strong></span> <span class='ocrx_word' id='word_1_99' title='bbox 1955 1415 2046 1483; x_wconf 90' lang='lat' dir='ltr'><strong>qui</strong></span> 
     </span>
    </p>
   </div>
   <div class='ocr_carea' id='block_1_16' title="bbox 520 1503 2048 1568">
    <p class='ocr_par' dir='ltr' id='par_1_16' title="bbox 520 1503 2048 1568">
     <span class='ocr_line' id='line_1_16' title="bbox 520 1503 2048 1568; baseline -0.002 -7"><span class='ocrx_word' id='word_1_100' title='bbox 520 1521 576 1561; x_wconf 89' lang='lat' dir='ltr'><strong>se</strong></span> <span class='ocrx_word' id='word_1_101' title='bbox 616 1506 1029 1568; x_wconf 90' lang='lat' dir='ltr'><strong>concluserant,</strong></span> <span class='ocrx_word' id='word_1_102' title='bbox 1080 1505 1144 1557; x_wconf 91' lang='lat' dir='ltr'><strong>ad</strong></span> <span class='ocrx_word' id='word_1_103' title='bbox 1181 1512 1578 1558; x_wconf 86' lang='lat' dir='ltr'><strong>monumentum</strong></span> <span class='ocrx_word' id='word_1_104' title='bbox 1634 1503 1915 1557; x_wconf 85' lang='lat' dir='ltr'><strong>veniebant</strong></span> <span class='ocrx_word' id='word_1_105' title='bbox 1960 1504 2048 1558; x_wconf 91' lang='lat' dir='ltr'><strong>die</strong></span> 
     </span>
    </p>
   </div>
   <div class='ocr_carea' id='block_1_17' title="bbox 520 1595 2044 1665">
    <p class='ocr_par' dir='ltr' id='par_1_17' title="bbox 520 1595 2044 1665">
     <span class='ocr_line' id='line_1_17' title="bbox 520 1595 2044 1665; baseline -0.002 -15"><span class='ocrx_word' id='word_1_106' title='bbox 520 1596 1266 1665; x_wconf 82' lang='lat' dir='ltr'><strong>splendida?respondemus,</strong></span> <span class='ocrx_word' id='word_1_107' title='bbox 1321 1597 1437 1650; x_wconf 90' lang='lat' dir='ltr'><strong>illos</strong></span> <span class='ocrx_word' id='word_1_108' title='bbox 1471 1610 1598 1649; x_wconf 84' lang='lat' dir='ltr'><strong>sane</strong></span> <span class='ocrx_word' id='word_1_109' title='bbox 1646 1595 1735 1662; x_wconf 93' lang='lat' dir='ltr'><strong>qui</strong></span> <span class='ocrx_word' id='word_1_110' title='bbox 1777 1595 1949 1648; x_wconf 88' lang='lat' dir='ltr'><strong>media</strong></span> <span class='ocrx_word' id='word_1_111' title='bbox 1991 1595 2044 1647; x_wconf 90' lang='lat' dir='ltr'><strong>in</strong></span> 
     </span>
    </p>
   </div>
   <div class='ocr_carea' id='block_1_18' title="bbox 2148 591 3795 672">
    <p class='ocr_par' dir='ltr' id='par_1_18' title="bbox 2148 591 3795 672">
     <span class='ocr_line' id='line_1_18' title="bbox 2148 591 3795 672; baseline -0.009 -16"><span class='ocrx_word' id='word_1_112' title='bbox 2148 605 2262 665; x_wconf 88' lang='grc' dir='ltr'>σίας</span> <span class='ocrx_word' id='word_1_113' title='bbox 2289 605 2455 672; x_wconf 67' lang='grc' dir='ltr'>ἠφίει.</span> <span class='ocrx_word' id='word_1_114' title='bbox 2480 601 2711 654; x_wconf 83' lang='grc' dir='ltr'>Δοκοῦσι</span> <span class='ocrx_word' id='word_1_115' title='bbox 2747 600 2805 652; x_wconf 79' lang='grc' dir='ltr'>δέ</span> <span class='ocrx_word' id='word_1_116' title='bbox 2839 616 2936 669; x_wconf 86' lang='grc' dir='ltr'><strong>μοι</strong></span> <span class='ocrx_word' id='word_1_117' title='bbox 2971 594 3144 650; x_wconf 82' lang='grc' dir='ltr'>κατὰ</span> <span class='ocrx_word' id='word_1_118' title='bbox 3192 592 3404 660; x_wconf 81' lang='grc' dir='ltr'>καιρὸν</span> <span class='ocrx_word' id='word_1_119' title='bbox 3427 592 3457 642; x_wconf 84' lang='grc' dir='ltr'>ὁ</span> <span class='ocrx_word' id='word_1_120' title='bbox 3484 591 3688 659; x_wconf 78' lang='grc' dir='ltr'><strong>Πέτρος</strong></span> <span class='ocrx_word' id='word_1_121' title='bbox 3714 593 3795 642; x_wconf 75' lang='grc' dir='ltr'>καὶ</span> 
     </span>
    </p>
   </div>
   <div class='ocr_carea' id='block_1_19' title="bbox 2144 679 3797 761">
    <p class='ocr_par' dir='ltr' id='par_1_19' title="bbox 2144 679 3797 761">
     <span class='ocr_line' id='line_1_19' title="bbox 2144 679 3797 761; baseline -0.008 -15"><span class='ocrx_word' id='word_1_122' title='bbox 2144 696 2171 746; x_wconf 84' lang='grc' dir='ltr'>ὁ</span> <span class='ocrx_word' id='word_1_123' title='bbox 2212 693 2455 761; x_wconf 78' lang='grc' dir='ltr'><strong>Ἰωάννης</strong></span> <span class='ocrx_word' id='word_1_124' title='bbox 2488 691 2585 744; x_wconf 70' lang='grc' dir='ltr'><strong>ἐπὶ</strong></span> <span class='ocrx_word' id='word_1_125' title='bbox 2618 690 2680 742; x_wconf 78' lang='grc' dir='ltr'><strong>τὸ</strong></span> <span class='ocrx_word' id='word_1_126' title='bbox 2723 691 3004 759; x_wconf 84' lang='grc' dir='ltr'>μνημεῖον</span> <span class='ocrx_word' id='word_1_127' title='bbox 3051 683 3342 751; x_wconf 80' lang='grc' dir='ltr'>ἀπαντᾷν</span> <span class='ocrx_word' id='word_1_128' title='bbox 3369 683 3431 733; x_wconf 82' lang='grc' dir='ltr'><strong>ἐν</strong></span> <span class='ocrx_word' id='word_1_129' title='bbox 3467 679 3572 750; x_wconf 66' lang='grc' dir='ltr'><strong>ἤδη</strong></span> <span class='ocrx_word' id='word_1_130' title='bbox 3600 680 3797 750; x_wconf 76' lang='grc' dir='ltr'>καθαρᾷ</span> 
     </span>
    </p>
   </div>
   <div class='ocr_carea' id='block_1_20' title="bbox 2144 769 3798 850">
    <p class='ocr_par' dir='ltr' id='par_1_20' title="bbox 2144 769 3798 850">
     <span class='ocr_line' id='line_1_20' title="bbox 2144 769 3798 850; baseline -0.01 -15"><span class='ocrx_word' id='word_1_131' title='bbox 2144 781 2320 850; x_wconf 78' lang='grc' dir='ltr'>ἡμέρᾳ</span> <span class='ocrx_word' id='word_1_132' title='bbox 2344 781 2438 834; x_wconf 67' lang='grc' dir='ltr'><strong>καὶ</strong></span> <span class='ocrx_word' id='word_1_133' title='bbox 2466 780 2610 848; x_wconf 76' lang='grc' dir='ltr'>φωτὶ</span> <span class='ocrx_word' id='word_1_134' title='bbox 2647 777 2918 848; x_wconf 82' lang='grc' dir='ltr'>λαμπρῷ,</span> <span class='ocrx_word' id='word_1_135' title='bbox 2944 776 3032 838; x_wconf 84' lang='grc' dir='ltr'>ὡς</span> <span class='ocrx_word' id='word_1_136' title='bbox 3077 775 3156 826; x_wconf 81' lang='grc' dir='ltr'><strong>ἂν</strong></span> <span class='ocrx_word' id='word_1_137' title='bbox 3187 771 3274 842; x_wconf 81' lang='grc' dir='ltr'>μὴ</span> <span class='ocrx_word' id='word_1_138' title='bbox 3323 769 3538 830; x_wconf 76' lang='grc' dir='ltr'>νυκτὸς</span> <span class='ocrx_word' id='word_1_139' title='bbox 3570 769 3665 820; x_wconf 79' lang='grc' dir='ltr'>καὶ</span> <span class='ocrx_word' id='word_1_140' title='bbox 3699 785 3798 820; x_wconf 72' lang='lat' dir='ltr'><strong>axo-</strong></span> 
     </span>
    </p>
   </div>
   <div class='ocr_carea' id='block_1_21' title="bbox 2143 858 3799 934">
    <p class='ocr_par' dir='ltr' id='par_1_21' title="bbox 2143 858 3799 934">
     <span class='ocr_line' id='line_1_21' title="bbox 2143 858 3799 934; baseline -0.007 -11"><span class='ocrx_word' id='word_1_141' title='bbox 2143 871 2259 933; x_wconf 89' lang='grc' dir='ltr'>τίας</span> <span class='ocrx_word' id='word_1_142' title='bbox 2301 870 2547 931; x_wconf 74' lang='grc' dir='ltr'><strong>ἐλθόντες</strong></span> <span class='ocrx_word' id='word_1_143' title='bbox 2577 866 2740 920; x_wconf 79' lang='grc' dir='ltr'>τοῦτο</span> <span class='ocrx_word' id='word_1_144' title='bbox 2786 864 3209 934; x_wconf 83' lang='grc' dir='ltr'>ὑπονοηθεῖεν,</span> <span class='ocrx_word' id='word_1_145' title='bbox 3247 861 3280 912; x_wconf 85' lang='grc' dir='ltr'><strong>ὃ</strong></span> <span class='ocrx_word' id='word_1_146' title='bbox 3313 859 3388 929; x_wconf 82' lang='grc' dir='ltr'>δὴ</span> <span class='ocrx_word' id='word_1_147' title='bbox 3429 858 3532 911; x_wconf 70' lang='grc' dir='ltr'><strong>καὶ</strong></span> <span class='ocrx_word' id='word_1_148' title='bbox 3553 858 3799 927; x_wconf 62' lang='grc' dir='ltr'>κατεψεύ-</span> 
     </span>
    </p>
   </div>
   <div class='ocr_carea' id='block_1_22' title="bbox 2148 948 3798 1027">
    <p class='ocr_par' dir='ltr' id='par_1_22' title="bbox 2148 948 3798 1027">
     <span class='ocr_line' id='line_1_22' title="bbox 2148 948 3798 1027; baseline -0.009 -15"><span class='ocrx_word' id='word_1_149' title='bbox 2148 977 2302 1012; x_wconf 87' lang='grc' dir='ltr'>σαντο</span> <span class='ocrx_word' id='word_1_150' title='bbox 2328 959 2504 1011; x_wconf 84' lang='grc' dir='ltr'>αὐτῶν</span> <span class='ocrx_word' id='word_1_151' title='bbox 2539 960 2591 1011; x_wconf 76' lang='grc' dir='ltr'>οἱ</span> <span class='ocrx_word' id='word_1_152' title='bbox 2633 955 2946 1027; x_wconf 72' lang='grc' dir='ltr'><strong>ἀρχιερεῖς,</strong></span> <span class='ocrx_word' id='word_1_153' title='bbox 2975 956 3076 1006; x_wconf 83' lang='grc' dir='ltr'>ὅτι</span> <span class='ocrx_word' id='word_1_154' title='bbox 3105 951 3337 1012; x_wconf 80' lang='grc' dir='ltr'>νυκτὸς</span> <span class='ocrx_word' id='word_1_155' title='bbox 3369 948 3636 1010; x_wconf 81' lang='grc' dir='ltr'>ἐλθόντες</span> <span class='ocrx_word' id='word_1_156' title='bbox 3669 949 3798 999; x_wconf 75' lang='grc' dir='ltr'>ἐκλε-</span> 
     </span>
    </p>
   </div>
   <div class='ocr_carea' id='block_1_23' title="bbox 2144 1037 3798 1118">
    <p class='ocr_par' dir='ltr' id='par_1_23' title="bbox 2144 1037 3798 1118">
     <span class='ocr_line' id='line_1_23' title="bbox 2144 1037 3798 1118; baseline -0.006 -17"><span class='ocrx_word' id='word_1_157' title='bbox 2144 1049 2265 1117; x_wconf 75' lang='grc' dir='ltr'>ψαν.</span> <span class='ocrx_word' id='word_1_158' title='bbox 2297 1049 2490 1118; x_wconf 85' lang='grc' dir='ltr'>Διόπερ</span> <span class='ocrx_word' id='word_1_159' title='bbox 2520 1049 2582 1100; x_wconf 84' lang='grc' dir='ltr'>οὑ</span> <span class='ocrx_word' id='word_1_160' title='bbox 2613 1047 2814 1108; x_wconf 86' lang='grc' dir='ltr'>νυκτὸς</span> <span class='ocrx_word' id='word_1_161' title='bbox 2843 1045 3136 1114; x_wconf 81' lang='grc' dir='ltr'><strong>ἀπήντων</strong></span> <span class='ocrx_word' id='word_1_162' title='bbox 3181 1043 3238 1092; x_wconf 82' lang='grc' dir='ltr'><strong>οἱ</strong></span> <span class='ocrx_word' id='word_1_163' title='bbox 3287 1039 3526 1109; x_wconf 77' lang='grc' dir='ltr'>ἄνδρες,</span> <span class='ocrx_word' id='word_1_164' title='bbox 3553 1037 3671 1090; x_wconf 78' lang='grc' dir='ltr'>ἀλλ’</span> <span class='ocrx_word' id='word_1_165' title='bbox 3699 1038 3798 1091; x_wconf 69' lang='grc' dir='ltr'>οὐδὲ</span> 
     </span>
    </p>
   </div>
   <div class='ocr_carea' id='block_1_24' title="bbox 2148 1129 3796 1204">
    <p class='ocr_par' dir='ltr' id='par_1_24' title="bbox 2148 1129 3796 1204">
     <span class='ocr_line' id='line_1_24' title="bbox 2148 1129 3796 1204; baseline -0.007 -14"><span class='ocrx_word' id='word_1_166' title='bbox 2148 1138 2358 1199; x_wconf 84' lang='grc' dir='ltr'><strong>σκοτίας</strong></span> <span class='ocrx_word' id='word_1_167' title='bbox 2381 1138 2459 1189; x_wconf 75' lang='grc' dir='ltr'>ἔτι</span> <span class='ocrx_word' id='word_1_168' title='bbox 2486 1136 2680 1204; x_wconf 77' lang='grc' dir='ltr'>οὔσης,</span> <span class='ocrx_word' id='word_1_169' title='bbox 2709 1135 2828 1188; x_wconf 82' lang='grc' dir='ltr'>ἀλλ’</span> <span class='ocrx_word' id='word_1_170' title='bbox 2857 1135 2965 1204; x_wconf 68' lang='grc' dir='ltr'><strong>ἤδη</strong></span> <span class='ocrx_word' id='word_1_171' title='bbox 3000 1131 3527 1200; x_wconf 76' lang='grc' dir='ltr'>καταυγαζούσης</span> <span class='ocrx_word' id='word_1_172' title='bbox 3562 1129 3796 1198; x_wconf 78' lang='grc' dir='ltr'>λαμπρᾶς</span> 
     </span>
    </p>
   </div>
   <div class='ocr_carea' id='block_1_25' title="bbox 2147 1217 3796 1300">
    <p class='ocr_par' dir='ltr' id='par_1_25' title="bbox 2147 1217 3796 1300">
     <span class='ocr_line' id='line_1_25' title="bbox 2147 1217 3796 1300; baseline -0.005 -18"><span class='ocrx_word' id='word_1_173' title='bbox 2147 1230 2370 1300; x_wconf 83' lang='grc' dir='ltr'>ἡμέρας.</span> <span class='ocrx_word' id='word_1_174' title='bbox 2402 1230 2464 1280; x_wconf 79' lang='lat' dir='ltr'><strong>El</strong></span> <span class='ocrx_word' id='word_1_175' title='bbox 2494 1229 2551 1280; x_wconf 87' lang='grc' dir='ltr'><strong>δέ</strong></span> <span class='ocrx_word' id='word_1_176' title='bbox 2577 1229 2730 1294; x_wconf 80' lang='grc' dir='ltr'>λέγοι</span> <span class='ocrx_word' id='word_1_177' title='bbox 2761 1228 2822 1279; x_wconf 80' lang='grc' dir='ltr'><strong>τὸ</strong></span> <span class='ocrx_word' id='word_1_178' title='bbox 2847 1224 3231 1293; x_wconf 81' lang='grc' dir='ltr'>Εὐαγγέλιον</span> <span class='ocrx_word' id='word_1_179' title='bbox 3269 1223 3356 1284; x_wconf 85' lang='grc' dir='ltr'>ὡς</span> <span class='ocrx_word' id='word_1_180' title='bbox 3387 1222 3505 1292; x_wconf 79' lang='grc' dir='ltr'>ἄρα</span> <span class='ocrx_word' id='word_1_181' title='bbox 3528 1217 3674 1292; x_wconf 78' lang='grc' dir='ltr'>ἦσαν</span> <span class='ocrx_word' id='word_1_182' title='bbox 3687 1221 3796 1292; x_wconf 76' lang='grc' dir='ltr'><strong>6μηῦ</strong></span> 
     </span>
    </p>
   </div>
   <div class='ocr_carea' id='block_1_26' title="bbox 2149 1311 3796 1389">
    <p class='ocr_par' dir='ltr' id='par_1_26' title="bbox 2149 1311 3796 1389">
     <span class='ocr_line' id='line_1_26' title="bbox 2149 1311 3796 1389; baseline -0.006 -17"><span class='ocrx_word' id='word_1_183' title='bbox 2149 1319 2464 1389; x_wconf 77' lang='grc' dir='ltr'>συνηγμένοι</span> <span class='ocrx_word' id='word_1_184' title='bbox 2492 1321 2538 1370; x_wconf 79' lang='grc' dir='ltr'>οἱ</span> <span class='ocrx_word' id='word_1_185' title='bbox 2573 1317 2819 1388; x_wconf 74' lang='grc' dir='ltr'>μαθηταὶ</span> <span class='ocrx_word' id='word_1_186' title='bbox 2851 1317 2946 1368; x_wconf 79' lang='grc' dir='ltr'>διὰ</span> <span class='ocrx_word' id='word_1_187' title='bbox 2987 1314 3094 1367; x_wconf 81' lang='grc' dir='ltr'><strong>τὸν</strong></span> <span class='ocrx_word' id='word_1_188' title='bbox 3136 1312 3329 1382; x_wconf 79' lang='grc' dir='ltr'>φόϐον</span> <span class='ocrx_word' id='word_1_189' title='bbox 3368 1311 3490 1364; x_wconf 82' lang='grc' dir='ltr'>τῶν</span> <span class='ocrx_word' id='word_1_190' title='bbox 3531 1311 3796 1372; x_wconf 76' lang='grc' dir='ltr'><strong>Ἰουδαίων,</strong></span> 
     </span>
    </p>
   </div>
   <div class='ocr_carea' id='block_1_27' title="bbox 2146 1398 3798 1480">
    <p class='ocr_par' dir='ltr' id='par_1_27' title="bbox 2146 1398 3798 1480">
     <span class='ocr_line' id='line_1_27' title="bbox 2146 1398 3798 1480; baseline -0.004 -18"><span class='ocrx_word' id='word_1_191' title='bbox 2146 1403 2263 1462; x_wconf 77' lang='grc' dir='ltr'>εἶτα</span> <span class='ocrx_word' id='word_1_192' title='bbox 2307 1410 2439 1480; x_wconf 76' lang='grc' dir='ltr'>πρὸς</span> <span class='ocrx_word' id='word_1_193' title='bbox 2472 1409 2634 1461; x_wconf 80' lang='grc' dir='ltr'>τοῦτο</span> <span class='ocrx_word' id='word_1_194' title='bbox 2678 1406 3079 1476; x_wconf 81' lang='grc' dir='ltr'>ἀνθυποφὲροι</span> <span class='ocrx_word' id='word_1_195' title='bbox 3113 1422 3216 1466; x_wconf 87' lang='grc' dir='ltr'><strong>τις</strong></span> <span class='ocrx_word' id='word_1_196' title='bbox 3243 1403 3471 1471; x_wconf 80' lang='grc' dir='ltr'>λέγων,</span> <span class='ocrx_word' id='word_1_197' title='bbox 3498 1402 3632 1467; x_wconf 79' lang='grc' dir='ltr'><strong>Πῶς</strong></span> <span class='ocrx_word' id='word_1_198' title='bbox 3661 1398 3744 1456; x_wconf 78' lang='grc' dir='ltr'>οὖν</span> <span class='ocrx_word' id='word_1_199' title='bbox 3765 1408 3798 1456; x_wconf 77' lang='lat' dir='ltr'><strong>oi</strong></span> 
     </span>
    </p>
   </div>
   <div class='ocr_carea' id='block_1_28' title="bbox 2148 1493 3800 1569">
    <p class='ocr_par' dir='ltr' id='par_1_28' title="bbox 2148 1493 3800 1569">
     <span class='ocr_line' id='line_1_28' title="bbox 2148 1493 3800 1569; baseline -0.006 -18"><span class='ocrx_word' id='word_1_200' title='bbox 2148 1498 2618 1566; x_wconf 82' lang='grc' dir='ltr'>συγκεκλεισμένοι</span> <span class='ocrx_word' id='word_1_201' title='bbox 2665 1496 2906 1569; x_wconf 79' lang='grc' dir='ltr'>ἐφοίτων</span> <span class='ocrx_word' id='word_1_202' title='bbox 2952 1495 3064 1548; x_wconf 84' lang='grc' dir='ltr'><strong>ἐπὶ</strong></span> <span class='ocrx_word' id='word_1_203' title='bbox 3118 1493 3195 1546; x_wconf 81' lang='grc' dir='ltr'><strong>τὸ</strong></span> <span class='ocrx_word' id='word_1_204' title='bbox 3231 1496 3530 1564; x_wconf 82' lang='grc' dir='ltr'>μνημεῖον</span> <span class='ocrx_word' id='word_1_205' title='bbox 3566 1497 3626 1545; x_wconf 86' lang='grc' dir='ltr'>ὲν</span> <span class='ocrx_word' id='word_1_206' title='bbox 3649 1493 3800 1562; x_wconf 68' lang='grc' dir='ltr'>ἡμέρᾳ</span> 
     </span>
    </p>
   </div>
   <div class='ocr_carea' id='block_1_29' title="bbox 2145 1582 3799 1659">
    <p class='ocr_par' dir='ltr' id='par_1_29' title="bbox 2145 1582 3799 1659">
     <span class='ocr_line' id='line_1_29' title="bbox 2145 1582 3799 1659; baseline -0.004 -19"><span class='ocrx_word' id='word_1_207' title='bbox 2145 1587 2372 1655; x_wconf 83' lang='grc' dir='ltr'>διαυγεῖ;</span> <span class='ocrx_word' id='word_1_208' title='bbox 2431 1587 2667 1659; x_wconf 79' lang='grc' dir='ltr'>ἐροῦμεν</span> <span class='ocrx_word' id='word_1_209' title='bbox 2707 1587 2791 1638; x_wconf 81' lang='grc' dir='ltr'>ὅτι</span> <span class='ocrx_word' id='word_1_210' title='bbox 2835 1587 2974 1648; x_wconf 76' lang='grc' dir='ltr'>τοὺς</span> <span class='ocrx_word' id='word_1_211' title='bbox 3014 1585 3136 1654; x_wconf 78' lang='grc' dir='ltr'>μὲν</span> <span class='ocrx_word' id='word_1_212' title='bbox 3185 1587 3253 1635; x_wconf 90' lang='grc' dir='ltr'><strong>ἐν</strong></span> <span class='ocrx_word' id='word_1_213' title='bbox 3307 1586 3386 1652; x_wconf 79' lang='grc' dir='ltr'>τῇ</span> <span class='ocrx_word' id='word_1_214' title='bbox 3436 1582 3596 1634; x_wconf 85' lang='grc' dir='ltr'>πόλει</span> <span class='ocrx_word' id='word_1_215' title='bbox 3636 1582 3799 1652; x_wconf 59' lang='lat' dir='ltr'><strong>psse»;</strong></span> 
     </span>
    </p>
   </div>
   <div class='ocr_carea' id='block_1_30' title="bbox 521 1667 2036 1751">
    <p class='ocr_par' dir='ltr' id='par_1_30' title="bbox 521 1681 2036 1751">
     <span class='ocr_line' id='line_1_30' title="bbox 521 1681 2036 1751; baseline -0.002 -14"><span class='ocrx_word' id='word_1_216' title='bbox 521 1684 650 1737; x_wconf 91' lang='lat' dir='ltr'><strong>urbe</strong></span> <span class='ocrx_word' id='word_1_217' title='bbox 700 1681 1002 1736; x_wconf 65' lang='lat' dir='ltr'><strong>Judaaorum</strong></span> <span class='ocrx_word' id='word_1_218' title='bbox 1031 1682 1376 1745; x_wconf 89' lang='lat' dir='ltr'><strong>habitabant,</strong></span> <span class='ocrx_word' id='word_1_219' title='bbox 1409 1697 1505 1751; x_wconf 90' lang='lat' dir='ltr'><strong>par</strong></span> <span class='ocrx_word' id='word_1_220' title='bbox 1533 1681 1696 1736; x_wconf 90' lang='lat' dir='ltr'><strong>fuisse</strong></span> <span class='ocrx_word' id='word_1_221' title='bbox 1734 1691 1791 1734; x_wconf 88' lang='lat' dir='ltr'><strong>ut</strong></span> <span class='ocrx_word' id='word_1_222' title='bbox 1835 1696 1944 1734; x_wconf 91' lang='lat' dir='ltr'><strong>una</strong></span> <span class='ocrx_word' id='word_1_223' title='bbox 1989 1681 2036 1734; x_wconf 88' lang='lat' dir='ltr'><strong>in</strong></span> 
     </span>
    </p>
   </div>
   <div class='ocr_carea' id='block_1_31' title="bbox 2208 1667 3800 1751">
    <p class='ocr_par' dir='ltr' id='par_1_31' title="bbox 2208 1667 3800 1742">
     <span class='ocr_line' id='line_1_31' title="bbox 2208 1667 3800 1742; baseline -0.004 -13"><span class='ocrx_word' id='word_1_224' title='bbox 2208 1676 2416 1739; x_wconf 79' lang='grc' dir='ltr'>ιοῦντας</span> <span class='ocrx_word' id='word_1_225' title='bbox 2466 1675 2576 1728; x_wconf 86' lang='grc' dir='ltr'><strong>τῶν</strong></span> <span class='ocrx_word' id='word_1_226' title='bbox 2638 1675 2957 1736; x_wconf 79' lang='grc' dir='ltr'><strong>Ἰουδαίων,</strong></span> <span class='ocrx_word' id='word_1_227' title='bbox 3019 1673 3202 1736; x_wconf 80' lang='grc' dir='ltr'>εἰκὸς</span> <span class='ocrx_word' id='word_1_228' title='bbox 3270 1667 3350 1742; x_wconf 74' lang='grc' dir='ltr'>ἦν</span> <span class='ocrx_word' id='word_1_229' title='bbox 3395 1671 3800 1725; x_wconf 72' lang='grc' dir='ltr'>ἀποκεκλεῖσθαι</span> 
     </span>
    </p>
   </div>
   <div class='ocr_carea' id='block_1_32' title="bbox 519 1760 2036 1840">
    <p class='ocr_par' dir='ltr' id='par_1_32' title="bbox 519 1771 2036 1840">
     <span class='ocr_line' id='line_1_32' title="bbox 519 1771 2036 1840; baseline -0.001 -14"><span class='ocrx_word' id='word_1_230' title='bbox 519 1773 675 1826; x_wconf 91' lang='lat' dir='ltr'><strong>domo</strong></span> <span class='ocrx_word' id='word_1_231' title='bbox 703 1771 939 1826; x_wconf 91' lang='lat' dir='ltr'><strong>conclusi</strong></span> <span class='ocrx_word' id='word_1_232' title='bbox 986 1787 1170 1826; x_wconf 90' lang='lat' dir='ltr'><strong>omnes</strong></span> <span class='ocrx_word' id='word_1_233' title='bbox 1212 1772 1369 1826; x_wconf 87' lang='lat' dir='ltr'><strong>simul</strong></span> <span class='ocrx_word' id='word_1_234' title='bbox 1403 1781 1710 1826; x_wconf 88' lang='lat' dir='ltr'><strong>manerent:</strong></span> <span class='ocrx_word' id='word_1_235' title='bbox 1742 1771 1833 1840; x_wconf 90' lang='lat' dir='ltr'><strong>qui</strong></span> <span class='ocrx_word' id='word_1_236' title='bbox 1865 1779 2036 1826; x_wconf 89' lang='lat' dir='ltr'><strong>autem</strong></span> 
     </span>
    </p>
   </div>
   <div class='ocr_carea' id='block_1_33' title="bbox 2208 1760 3800 1840">
    <p class='ocr_par' dir='ltr' id='par_1_33' title="bbox 2208 1760 3800 1833">
     <span class='ocr_line' id='line_1_33' title="bbox 2208 1760 3800 1833; baseline -0.003 -15"><span class='ocrx_word' id='word_1_237' title='bbox 2208 1767 2273 1819; x_wconf 76' lang='grc' dir='ltr'>,οὗ</span> <span class='ocrx_word' id='word_1_238' title='bbox 2327 1767 2448 1828; x_wconf 73' lang='grc' dir='ltr'>τοὺς</span> <span class='ocrx_word' id='word_1_239' title='bbox 2504 1765 2715 1827; x_wconf 72' lang='grc' dir='ltr'>πάντας</span> <span class='ocrx_word' id='word_1_240' title='bbox 2772 1766 2832 1816; x_wconf 85' lang='grc' dir='ltr'><strong>ἐν</strong></span> <span class='ocrx_word' id='word_1_241' title='bbox 2875 1763 3027 1833; x_wconf 71' lang='grc' dir='ltr'>οἴκῳ</span> <span class='ocrx_word' id='word_1_242' title='bbox 3066 1763 3165 1815; x_wconf 85' lang='grc' dir='ltr'><strong>ἐνί</strong></span> <span class='ocrx_word' id='word_1_243' title='bbox 3219 1761 3669 1831; x_wconf 77' lang='grc' dir='ltr'>συνηγμένουςο</span> <span class='ocrx_word' id='word_1_244' title='bbox 3701 1760 3800 1814; x_wconf 54' lang='lat' dir='ltr'><strong>ait?</strong></span> 
     </span>
    </p>
   </div>
   <div class='ocr_carea' id='block_1_34' title="bbox 519 1832 2036 1931">
    <p class='ocr_par' dir='ltr' id='par_1_34' title="bbox 519 1861 2036 1931">
     <span class='ocr_line' id='line_1_34' title="bbox 519 1861 2036 1931; baseline -0.001 -17"><span class='ocrx_word' id='word_1_245' title='bbox 519 1863 583 1916; x_wconf 91' lang='lat' dir='ltr'><strong>ad</strong></span> <span class='ocrx_word' id='word_1_246' title='bbox 607 1862 907 1931; x_wconf 89' lang='lat' dir='ltr'><strong>sepulcrum</strong></span> <span class='ocrx_word' id='word_1_247' title='bbox 929 1861 1159 1928; x_wconf 90' lang='lat' dir='ltr'><strong>iverunt,</strong></span> <span class='ocrx_word' id='word_1_248' title='bbox 1181 1862 1304 1930; x_wconf 84' lang='lat' dir='ltr'><strong>quia</strong></span> <span class='ocrx_word' id='word_1_249' title='bbox 1330 1867 1477 1914; x_wconf 78' lang='lat' dir='ltr'><strong>extra</strong></span> <span class='ocrx_word' id='word_1_250' title='bbox 1502 1862 1682 1915; x_wconf 90' lang='lat' dir='ltr'><strong>urbem</strong></span> <span class='ocrx_word' id='word_1_251' title='bbox 1708 1870 1883 1924; x_wconf 89' lang='lat' dir='ltr'><strong>erant,</strong></span> <span class='ocrx_word' id='word_1_252' title='bbox 1905 1862 2036 1913; x_wconf 92' lang='lat' dir='ltr'><strong>mul-</strong></span> 
     </span>
    </p>
   </div>
   <div class='ocr_carea' id='block_1_35' title="bbox 2208 1832 3797 1931">
    <p class='ocr_par' dir='ltr' id='par_1_35' title="bbox 2208 1832 3797 1927">
     <span class='ocr_line' id='line_1_35' title="bbox 2208 1832 3797 1927; baseline -0.004 -17"><span class='ocrx_word' id='word_1_253' title='bbox 2208 1860 2233 1910; x_wconf 56' lang='grc' dir='ltr'><strong>ἢ.</strong></span> <span class='ocrx_word' id='word_1_254' title='bbox 2274 1860 2332 1910; x_wconf 85' lang='grc' dir='ltr'><strong>τὸ</strong></span> <span class='ocrx_word' id='word_1_255' title='bbox 2380 1861 2569 1927; x_wconf 82' lang='grc' dir='ltr'>μνῆμα</span> <span class='ocrx_word' id='word_1_256' title='bbox 2619 1832 3034 1925; x_wconf 81' lang='grc' dir='ltr'>ἀφικνούμενοι</span> <span class='ocrx_word' id='word_1_257' title='bbox 3084 1857 3206 1925; x_wconf 81' lang='grc' dir='ltr'><strong>τῆς</strong></span> <span class='ocrx_word' id='word_1_258' title='bbox 3251 1853 3489 1916; x_wconf 85' lang='grc' dir='ltr'>πόλεως</span> <span class='ocrx_word' id='word_1_259' title='bbox 3544 1853 3700 1916; x_wconf 75' lang='grc' dir='ltr'>ἐκτὸς</span> <span class='ocrx_word' id='word_1_260' title='bbox 3734 1854 3797 1905; x_wconf 74' lang='grc' dir='ltr'>δν-</span> 
     </span>
    </p>
   </div>
   <div class='ocr_carea' id='block_1_36' title="bbox 518 1949 2044 2020">
    <p class='ocr_par' dir='ltr' id='par_1_36' title="bbox 518 1949 2044 2020">
     <span class='ocr_line' id='line_1_36' title="bbox 518 1949 2044 2020; baseline -0.001 -18"><span class='ocrx_word' id='word_1_261' title='bbox 518 1957 628 2002; x_wconf 88' lang='lat' dir='ltr'><strong>tum</strong></span> <span class='ocrx_word' id='word_1_262' title='bbox 657 1951 837 2004; x_wconf 87' lang='lat' dir='ltr'><strong>aberat</strong></span> <span class='ocrx_word' id='word_1_263' title='bbox 866 1957 921 2002; x_wconf 93' lang='lat' dir='ltr'><strong>ut</strong></span> <span class='ocrx_word' id='word_1_264' title='bbox 951 1949 1158 2004; x_wconf 66' lang='lat' dir='ltr'><strong>Judaaos</strong></span> <span class='ocrx_word' id='word_1_265' title='bbox 1186 1951 1431 2005; x_wconf 84' lang='lat' dir='ltr'><strong>timerent</strong></span> <span class='ocrx_word' id='word_1_266' title='bbox 1457 1989 1472 2015; x_wconf 90' lang='lat'><strong>,</strong></span> <span class='ocrx_word' id='word_1_267' title='bbox 1523 1951 1772 2020; x_wconf 90' lang='lat' dir='ltr'><strong>quoniam</strong></span> <span class='ocrx_word' id='word_1_268' title='bbox 1816 1951 1879 2003; x_wconf 92' lang='lat' dir='ltr'><strong>ad</strong></span> <span class='ocrx_word' id='word_1_269' title='bbox 1915 1951 2044 2005; x_wconf 86' lang='lat' dir='ltr'><strong>soli-</strong></span> 
     </span>
    </p>
   </div>
   <div class='ocr_carea' id='block_1_37' title="bbox 519 2039 2041 2095">
    <p class='ocr_par' dir='ltr' id='par_1_37' title="bbox 519 2039 2041 2095">
     <span class='ocr_line' id='line_1_37' title="bbox 519 2039 2041 2095; baseline 0.002 -4"><span class='ocrx_word' id='word_1_270' title='bbox 519 2039 711 2092; x_wconf 90' lang='lat' dir='ltr'><strong>tarium</strong></span> <span class='ocrx_word' id='word_1_271' title='bbox 763 2039 934 2092; x_wconf 89' lang='lat' dir='ltr'><strong>locum</strong></span> <span class='ocrx_word' id='word_1_272' title='bbox 983 2046 1035 2093; x_wconf 92' lang='lat' dir='ltr'><strong>et</strong></span> <span class='ocrx_word' id='word_1_273' title='bbox 1081 2039 1384 2094; x_wconf 90' lang='lat' dir='ltr'><strong>hominibus</strong></span> <span class='ocrx_word' id='word_1_274' title='bbox 1428 2053 1651 2093; x_wconf 89' lang='lat' dir='ltr'><strong>vacuum</strong></span> <span class='ocrx_word' id='word_1_275' title='bbox 1701 2039 2041 2095; x_wconf 86' lang='lat' dir='ltr'><strong>devenerant.</strong></span> 
     </span>
    </p>
   </div>
   <div class='ocr_carea' id='block_1_38' title="bbox 517 2128 2044 2197">
    <p class='ocr_par' dir='ltr' id='par_1_38' title="bbox 517 2128 2044 2197">
     <span class='ocr_line' id='line_1_38' title="bbox 517 2128 2044 2197; baseline 0.001 -17"><span class='ocrx_word' id='word_1_276' title='bbox 517 2128 768 2183; x_wconf 89' lang='lat' dir='ltr'><strong>Fortasse</strong></span> <span class='ocrx_word' id='word_1_277' title='bbox 792 2128 950 2182; x_wconf 90' lang='lat' dir='ltr'><strong>etiam</strong></span> <span class='ocrx_word' id='word_1_278' title='bbox 982 2136 1160 2197; x_wconf 91' lang='lat' dir='ltr'><strong>spreto</strong></span> <span class='ocrx_word' id='word_1_279' title='bbox 1205 2136 1514 2182; x_wconf 69' lang='lat' dir='ltr'><strong>caaterorum</strong></span> <span class='ocrx_word' id='word_1_280' title='bbox 1545 2128 1928 2196; x_wconf 87' lang='lat' dir='ltr'><strong>discipulorum</strong></span> <span class='ocrx_word' id='word_1_281' title='bbox 1977 2130 2044 2182; x_wconf 85' lang='lat' dir='ltr'><strong>ti-</strong></span> 
     </span>
    </p>
   </div>
   <div class='ocr_carea' id='block_1_39' title="bbox 519 2218 2043 2282">
    <p class='ocr_par' dir='ltr' id='par_1_39' title="bbox 519 2218 2043 2282">
     <span class='ocr_line' id='line_1_39' title="bbox 519 2218 2043 2282; baseline 0.001 -10"><span class='ocrx_word' id='word_1_282' title='bbox 519 2235 664 2274; x_wconf 91' lang='lat' dir='ltr'><strong>more</strong></span> <span class='ocrx_word' id='word_1_283' title='bbox 703 2219 891 2274; x_wconf 89' lang='lat' dir='ltr'><strong>Petrus</strong></span> <span class='ocrx_word' id='word_1_284' title='bbox 935 2233 996 2273; x_wconf 90' lang='lat' dir='ltr'><strong>ac</strong></span> <span class='ocrx_word' id='word_1_285' title='bbox 1041 2218 1311 2282; x_wconf 85' lang='lat' dir='ltr'><strong>Joannes,</strong></span> <span class='ocrx_word' id='word_1_286' title='bbox 1367 2220 1481 2274; x_wconf 90' lang='lat' dir='ltr'><strong>ausi</strong></span> <span class='ocrx_word' id='word_1_287' title='bbox 1537 2229 1660 2274; x_wconf 91' lang='lat' dir='ltr'><strong>sunt</strong></span> <span class='ocrx_word' id='word_1_288' title='bbox 1713 2221 2043 2276; x_wconf 86' lang='lat' dir='ltr'><strong>confidenter</strong></span> 
     </span>
    </p>
   </div>
   <div class='ocr_carea' id='block_1_40' title="bbox 518 2307 2044 2376">
    <p class='ocr_par' dir='ltr' id='par_1_40' title="bbox 518 2307 2044 2376">
     <span class='ocr_line' id='line_1_40' title="bbox 518 2307 2044 2376; baseline 0.001 -14"><span class='ocrx_word' id='word_1_289' title='bbox 518 2307 675 2362; x_wconf 92' lang='lat' dir='ltr'><strong>domo</strong></span> <span class='ocrx_word' id='word_1_290' title='bbox 709 2309 939 2376; x_wconf 88' lang='lat' dir='ltr'><strong>prodire,</strong></span> <span class='ocrx_word' id='word_1_291' title='bbox 979 2308 1101 2362; x_wconf 90' lang='lat' dir='ltr'><strong>dum</strong></span> <span class='ocrx_word' id='word_1_292' title='bbox 1136 2309 1312 2363; x_wconf 71' lang='lat' dir='ltr'><strong>caeteri</strong></span> <span class='ocrx_word' id='word_1_293' title='bbox 1344 2309 1395 2362; x_wconf 92' lang='lat' dir='ltr'><strong>id</strong></span> <span class='ocrx_word' id='word_1_294' title='bbox 1422 2309 1637 2363; x_wconf 89' lang='lat' dir='ltr'><strong>minime</strong></span> <span class='ocrx_word' id='word_1_295' title='bbox 1677 2309 1850 2364; x_wconf 87' lang='lat' dir='ltr'><strong>facere</strong></span> <span class='ocrx_word' id='word_1_296' title='bbox 1879 2310 2044 2364; x_wconf 76' lang='lat' dir='ltr'><strong>aude-</strong></span> 
     </span>
    </p>
   </div>
   <div class='ocr_carea' id='block_1_41' title="bbox 518 2398 2038 2468">
    <p class='ocr_par' dir='ltr' id='par_1_41' title="bbox 518 2398 2038 2468">
     <span class='ocr_line' id='line_1_41' title="bbox 518 2398 2038 2468; baseline 0.001 -16"><span class='ocrx_word' id='word_1_297' title='bbox 518 2409 653 2460; x_wconf 91' lang='lat' dir='ltr'><strong>rent,</strong></span> <span class='ocrx_word' id='word_1_298' title='bbox 680 2406 870 2468; x_wconf 65' lang='lat' dir='ltr'><strong>praeter</strong></span> <span class='ocrx_word' id='word_1_299' title='bbox 921 2398 1018 2453; x_wconf 91' lang='lat' dir='ltr'><strong>hos</strong></span> <span class='ocrx_word' id='word_1_300' title='bbox 1067 2399 1200 2452; x_wconf 92' lang='lat' dir='ltr'><strong>duos</strong></span> <span class='ocrx_word' id='word_1_301' title='bbox 1243 2399 1425 2462; x_wconf 91' lang='lat' dir='ltr'><strong>solos,</strong></span> <span class='ocrx_word' id='word_1_302' title='bbox 1477 2400 1670 2468; x_wconf 87' lang='lat' dir='ltr'><strong>quibus</strong></span> <span class='ocrx_word' id='word_1_303' title='bbox 1713 2401 1870 2454; x_wconf 90' lang='lat' dir='ltr'><strong>etiam</strong></span> <span class='ocrx_word' id='word_1_304' title='bbox 1917 2400 2038 2454; x_wconf 86' lang='lat' dir='ltr'><strong>alibi</strong></span> 
     </span>
    </p>
   </div>
   <div class='ocr_carea' id='block_1_42' title="bbox 519 2490 1873 2560">
    <p class='ocr_par' dir='ltr' id='par_1_42' title="bbox 519 2490 1873 2560">
     <span class='ocr_line' id='line_1_42' title="bbox 519 2490 1873 2560; baseline 0.001 -15"><span class='ocrx_word' id='word_1_305' title='bbox 519 2491 686 2560; x_wconf 81' lang='lat' dir='ltr'><strong>major</strong></span> <span class='ocrx_word' id='word_1_306' title='bbox 715 2492 883 2546; x_wconf 89' lang='lat' dir='ltr'><strong>honor</strong></span> <span class='ocrx_word' id='word_1_307' title='bbox 902 2505 1009 2560; x_wconf 85' lang='lat' dir='ltr'><strong>prae</strong></span> <span class='ocrx_word' id='word_1_308' title='bbox 1036 2490 1239 2544; x_wconf 67' lang='lat' dir='ltr'><strong>caeteris</strong></span> <span class='ocrx_word' id='word_1_309' title='bbox 1273 2491 1521 2559; x_wconf 82' lang='lat' dir='ltr'><strong>apostolis</strong></span> <span class='ocrx_word' id='word_1_310' title='bbox 1548 2491 1873 2546; x_wconf 89' lang='lat' dir='ltr'><strong>attribuitur.</strong></span> 
     </span>
    </p>
   </div>
   <div class='ocr_carea' id='block_1_43' title="bbox 1241 2689 1325 2744">
    <p class='ocr_par' dir='ltr' id='par_1_43' title="bbox 1241 2689 1325 2744">
     <span class='ocr_line' id='line_1_43' title="bbox 1241 2689 1325 2744; baseline 0.024 -2"><span class='ocrx_word' id='word_1_311' title='bbox 1241 2689 1325 2744; x_wconf 85' lang='lat' dir='ltr'><strong>ill.</strong></span> 
     </span>
    </p>
   </div>
   <div class='ocr_carea' id='block_1_44' title="bbox 585 2799 2039 2869">
    <p class='ocr_par' dir='ltr' id='par_1_44' title="bbox 585 2799 2039 2869">
     <span class='ocr_line' id='line_1_44' title="bbox 585 2799 2039 2869; baseline 0.003 -17"><span class='ocrx_word' id='word_1_312' title='bbox 585 2799 688 2853; x_wconf 91' lang='lat' dir='ltr'><strong>Sed</strong></span> <span class='ocrx_word' id='word_1_313' title='bbox 717 2800 978 2867; x_wconf 88' lang='lat' dir='ltr'><strong>quomodo</strong></span> <span class='ocrx_word' id='word_1_314' title='bbox 999 2799 1137 2869; x_wconf 89' lang='lat' dir='ltr'><strong>apud</strong></span> <span class='ocrx_word' id='word_1_315' title='bbox 1169 2799 1451 2864; x_wconf 85' lang='lat' dir='ltr'><strong>Joannem,</strong></span> <span class='ocrx_word' id='word_1_316' title='bbox 1484 2807 1660 2854; x_wconf 72' lang='lat' dir='ltr'><strong>audita</strong></span> <span class='ocrx_word' id='word_1_317' title='bbox 1684 2801 1846 2854; x_wconf 89' lang='lat' dir='ltr'><strong>Maria</strong></span> <span class='ocrx_word' id='word_1_318' title='bbox 1876 2803 2039 2857; x_wconf 79' lang='lat' dir='ltr'><strong>disci-</strong></span> 
     </span>
    </p>
   </div>
   <div class='ocr_carea' id='block_1_45' title="bbox 517 2887 2039 2958">
    <p class='ocr_par' dir='ltr' id='par_1_45' title="bbox 517 2887 2039 2958">
     <span class='ocr_line' id='line_1_45' title="bbox 517 2887 2039 2958; baseline 0.006 -21"><span class='ocrx_word' id='word_1_319' title='bbox 517 2887 645 2954; x_wconf 88' lang='lat' dir='ltr'><strong>puli,</strong></span> <span class='ocrx_word' id='word_1_320' title='bbox 676 2887 864 2940; x_wconf 90' lang='lat' dir='ltr'><strong>deinde</strong></span> <span class='ocrx_word' id='word_1_321' title='bbox 910 2888 975 2940; x_wconf 89' lang='lat' dir='ltr'><strong>ad</strong></span> <span class='ocrx_word' id='word_1_322' title='bbox 1026 2896 1424 2942; x_wconf 88' lang='lat' dir='ltr'><strong>monumentum</strong></span> <span class='ocrx_word' id='word_1_323' title='bbox 1480 2891 1747 2958; x_wconf 80' lang='lat' dir='ltr'><strong>progressi</strong></span> <span class='ocrx_word' id='word_1_324' title='bbox 1799 2891 2039 2946; x_wconf 86' lang='lat' dir='ltr'><strong>credide-</strong></span> 
     </span>
    </p>
   </div>
   <div class='ocr_carea' id='block_1_46' title="bbox 518 2976 2037 3044">
    <p class='ocr_par' dir='ltr' id='par_1_46' title="bbox 518 2976 2037 3044">
     <span class='ocr_line' id='line_1_46' title="bbox 518 2976 2037 3044; baseline 0.005 -17"><span class='ocrx_word' id='word_1_325' title='bbox 518 2985 684 3040; x_wconf 86' lang='lat' dir='ltr'><strong>runt;</strong></span> <span class='ocrx_word' id='word_1_326' title='bbox 717 2976 856 3044; x_wconf 89' lang='lat' dir='ltr'><strong>apud</strong></span> <span class='ocrx_word' id='word_1_327' title='bbox 911 2976 1106 3029; x_wconf 86' lang='lat' dir='ltr'><strong>Lucam</strong></span> <span class='ocrx_word' id='word_1_328' title='bbox 1156 2986 1330 3032; x_wconf 91' lang='lat' dir='ltr'><strong>autem</strong></span> <span class='ocrx_word' id='word_1_329' title='bbox 1379 2977 1591 3042; x_wconf 88' lang='lat' dir='ltr'><strong>dicitur,</strong></span> <span class='ocrx_word' id='word_1_330' title='bbox 1617 2980 1728 3034; x_wconf 88' lang='lat' dir='ltr'><strong>visa</strong></span> <span class='ocrx_word' id='word_1_331' title='bbox 1769 2995 1888 3034; x_wconf 92' lang='lat' dir='ltr'><strong>esse</strong></span> <span class='ocrx_word' id='word_1_332' title='bbox 1933 2981 2037 3035; x_wconf 92' lang='lat' dir='ltr'><strong>illis</strong></span> 
     </span>
    </p>
   </div>
   <div class='ocr_carea' id='block_1_47' title="bbox 2143 1941 3798 2016">
    <p class='ocr_par' dir='ltr' id='par_1_47' title="bbox 2143 1941 3798 2016">
     <span class='ocr_line' id='line_1_47' title="bbox 2143 1941 3798 2016; baseline -0.004 -16"><span class='ocrx_word' id='word_1_333' title='bbox 2143 1966 2232 2010; x_wconf 86' lang='grc' dir='ltr'>τες</span> <span class='ocrx_word' id='word_1_334' title='bbox 2266 1946 2393 2016; x_wconf 78' lang='grc'>(65),</span> <span class='ocrx_word' id='word_1_335' title='bbox 2450 1946 2669 2016; x_wconf 74' lang='grc' dir='ltr'>μακρὰν</span> <span class='ocrx_word' id='word_1_336' title='bbox 2719 1945 3046 2013; x_wconf 76' lang='grc' dir='ltr'>ἐτύγχανον</span> <span class='ocrx_word' id='word_1_337' title='bbox 3101 1945 3213 1996; x_wconf 59' lang='grc' dir='ltr'><strong>καὶ⁴</strong></span> <span class='ocrx_word' id='word_1_338' title='bbox 3251 1941 3362 1996; x_wconf 74' lang='grc' dir='ltr'>τοῦ</span> <span class='ocrx_word' id='word_1_339' title='bbox 3404 1943 3524 1995; x_wconf 79' lang='grc' dir='ltr'>τῶν</span> <span class='ocrx_word' id='word_1_340' title='bbox 3561 1942 3798 1996; x_wconf 73' lang='grc' dir='ltr'>Ἰουδαίων</span> 
     </span>
    </p>
   </div>
   <div class='ocr_carea' id='block_1_48' title="bbox 2144 2030 3797 2103">
    <p class='ocr_par' dir='ltr' id='par_1_48' title="bbox 2144 2030 3797 2103">
     <span class='ocr_line' id='line_1_48' title="bbox 2144 2030 3797 2103; baseline -0.001 -17"><span class='ocrx_word' id='word_1_341' title='bbox 2144 2035 2327 2102; x_wconf 81' lang='grc' dir='ltr'>φόόου,</span> <span class='ocrx_word' id='word_1_342' title='bbox 2382 2033 2456 2096; x_wconf 87' lang='grc' dir='ltr'>ὡς</span> <span class='ocrx_word' id='word_1_343' title='bbox 2489 2035 2580 2086; x_wconf 70' lang='grc' dir='ltr'><strong>ἐπὶ</strong></span> <span class='ocrx_word' id='word_1_344' title='bbox 2634 2033 2982 2102; x_wconf 74' lang='grc' dir='ltr'>ἐρημίζοντα</span> <span class='ocrx_word' id='word_1_345' title='bbox 3017 2033 3220 2083; x_wconf 83' lang='grc' dir='ltr'>τόπον</span> <span class='ocrx_word' id='word_1_346' title='bbox 3267 2031 3378 2084; x_wconf 71' lang='grc' dir='ltr'><strong>καὶ</strong></span> <span class='ocrx_word' id='word_1_347' title='bbox 3415 2030 3642 2103; x_wconf 84' lang='grc' dir='ltr'>ἀνδρῶν</span> <span class='ocrx_word' id='word_1_348' title='bbox 3679 2034 3797 2100; x_wconf 76' lang='grc' dir='ltr'>ἐσχο-</span> 
     </span>
    </p>
   </div>
   <div class='ocr_carea' id='block_1_49' title="bbox 2142 2121 3798 2193">
    <p class='ocr_par' dir='ltr' id='par_1_49' title="bbox 2142 2121 3798 2193">
     <span class='ocr_line' id='line_1_49' title="bbox 2142 2121 3798 2193; baseline -0.001 -18"><span class='ocrx_word' id='word_1_349' title='bbox 2142 2122 2338 2193; x_wconf 85' lang='grc' dir='ltr'>ληκὸτα</span> <span class='ocrx_word' id='word_1_350' title='bbox 2361 2121 2668 2192; x_wconf 85' lang='grc' dir='ltr'>παριόντες.</span> <span class='ocrx_word' id='word_1_351' title='bbox 2697 2122 2932 2191; x_wconf 84' lang='grc' dir='ltr'>Τάχαδέ</span> <span class='ocrx_word' id='word_1_352' title='bbox 2963 2122 3081 2174; x_wconf 72' lang='grc' dir='ltr'><strong>καὶ</strong></span> <span class='ocrx_word' id='word_1_353' title='bbox 3117 2123 3451 2192; x_wconf 81' lang='grc' dir='ltr'>κρείττους</span> <span class='ocrx_word' id='word_1_354' title='bbox 3487 2122 3661 2191; x_wconf 76' lang='grc' dir='ltr'>φόϐου</span> <span class='ocrx_word' id='word_1_355' title='bbox 3682 2125 3798 2190; x_wconf 45' lang='lat' dir='ltr'><strong>me</strong></span> 
     </span>
    </p>
   </div>
   <div class='ocr_carea' id='block_1_50' title="bbox 2147 2210 3798 2282">
    <p class='ocr_par' dir='ltr' id='par_1_50' title="bbox 2147 2210 3798 2282">
     <span class='ocr_line' id='line_1_50' title="bbox 2147 2210 3798 2282; baseline 0.001 -18"><span class='ocrx_word' id='word_1_356' title='bbox 2147 2229 2292 2282; x_wconf 86' lang='grc' dir='ltr'>μενοι</span> <span class='ocrx_word' id='word_1_357' title='bbox 2317 2211 2424 2264; x_wconf 83' lang='grc' dir='ltr'><strong>τῶν</strong></span> <span class='ocrx_word' id='word_1_358' title='bbox 2456 2210 2715 2281; x_wconf 82' lang='grc' dir='ltr'>μαθητῶν</span> <span class='ocrx_word' id='word_1_359' title='bbox 2755 2212 2784 2263; x_wconf 83' lang='grc' dir='ltr'>ὅ</span> <span class='ocrx_word' id='word_1_360' title='bbox 2832 2228 2894 2262; x_wconf 88' lang='grc' dir='ltr'><strong>τε</strong></span> <span class='ocrx_word' id='word_1_361' title='bbox 2949 2211 3204 2282; x_wconf 79' lang='grc' dir='ltr'>Πέτρος</span> <span class='ocrx_word' id='word_1_362' title='bbox 3251 2213 3363 2264; x_wconf 70' lang='grc' dir='ltr'><strong>καὶ</strong></span> <span class='ocrx_word' id='word_1_363' title='bbox 3421 2211 3686 2282; x_wconf 81' lang='grc' dir='ltr'>Ἰωάννης</span> <span class='ocrx_word' id='word_1_364' title='bbox 3708 2212 3798 2265; x_wconf 75' lang='grc' dir='ltr'>τολ-</span> 
     </span>
    </p>
   </div>
   <div class='ocr_carea' id='block_1_51' title="bbox 2146 2301 3796 2374">
    <p class='ocr_par' dir='ltr' id='par_1_51' title="bbox 2146 2301 3796 2374">
     <span class='ocr_line' id='line_1_51' title="bbox 2146 2301 3796 2374; baseline 0 -20"><span class='ocrx_word' id='word_1_365' title='bbox 2146 2303 2440 2374; x_wconf 84' lang='grc' dir='ltr'>μηρότερον</span> <span class='ocrx_word' id='word_1_366' title='bbox 2495 2303 2764 2372; x_wconf 71' lang='grc' dir='ltr'>ἐθάρρουν</span> <span class='ocrx_word' id='word_1_367' title='bbox 2792 2301 3068 2374; x_wconf 77' lang='grc' dir='ltr'>προϊέναι</span> <span class='ocrx_word' id='word_1_368' title='bbox 3128 2304 3242 2356; x_wconf 79' lang='grc' dir='ltr'>τοῦ</span> <span class='ocrx_word' id='word_1_369' title='bbox 3273 2304 3475 2366; x_wconf 72' lang='grc' dir='ltr'>οἴκου,</span> <span class='ocrx_word' id='word_1_370' title='bbox 3513 2305 3627 2357; x_wconf 83' lang='grc' dir='ltr'>τῶν</span> <span class='ocrx_word' id='word_1_371' title='bbox 3657 2305 3796 2358; x_wconf 69' lang='grc' dir='ltr'>ἄλλων</span> 
     </span>
    </p>
   </div>
   <div class='ocr_carea' id='block_1_52' title="bbox 2112 2391 3792 2467">
    <p class='ocr_par' dir='ltr' id='par_1_52' title="bbox 2112 2391 3792 2467">
     <span class='ocr_line' id='line_1_52' title="bbox 2112 2391 3792 2467; baseline 0 -21"><span class='ocrx_word' id='word_1_372' title='bbox 2112 2417 2116 2420; x_wconf 44' lang='grc' dir='ltr'><strong>η</strong></span> <span class='ocrx_word' id='word_1_373' title='bbox 2145 2393 2218 2464; x_wconf 85' lang='grc' dir='ltr'><strong>μὴ</strong></span> <span class='ocrx_word' id='word_1_374' title='bbox 2238 2395 2392 2445; x_wconf 79' lang='grc' dir='ltr'>τοῦτο</span> <span class='ocrx_word' id='word_1_375' title='bbox 2416 2392 2679 2463; x_wconf 83' lang='grc' dir='ltr'>πράττειν</span> <span class='ocrx_word' id='word_1_376' title='bbox 2715 2391 3104 2461; x_wconf 82' lang='grc' dir='ltr'>τολμώντων,</span> <span class='ocrx_word' id='word_1_377' title='bbox 3153 2393 3194 2462; x_wconf 80' lang='grc' dir='ltr'><strong>ἢ</strong></span> <span class='ocrx_word' id='word_1_378' title='bbox 3246 2395 3454 2464; x_wconf 83' lang='grc' dir='ltr'>μόνων</span> <span class='ocrx_word' id='word_1_379' title='bbox 3499 2395 3568 2467; x_wconf 84' lang='grc' dir='ltr'>δὴ</span> <span class='ocrx_word' id='word_1_380' title='bbox 3603 2396 3792 2455; x_wconf 74' lang='grc' dir='ltr'>τούτων,</span> 
     </span>
    </p>
   </div>
   <div class='ocr_carea' id='block_1_53' title="bbox 2140 2481 3794 2556">
    <p class='ocr_par' dir='ltr' id='par_1_53' title="bbox 2140 2481 3794 2556">
     <span class='ocr_line' id='line_1_53' title="bbox 2140 2481 3794 2556; baseline 0.001 -19"><span class='ocrx_word' id='word_1_381' title='bbox 2140 2485 2188 2537; x_wconf 81' lang='grc' dir='ltr'>οἳ</span> <span class='ocrx_word' id='word_1_382' title='bbox 2215 2484 2307 2536; x_wconf 73' lang='grc' dir='ltr'><strong>καὶ</strong></span> <span class='ocrx_word' id='word_1_383' title='bbox 2337 2485 2392 2534; x_wconf 81' lang='grc' dir='ltr'><strong>ἐν</strong></span> <span class='ocrx_word' id='word_1_384' title='bbox 2423 2485 2534 2546; x_wconf 84' lang='grc' dir='ltr'>τοῖς</span> <span class='ocrx_word' id='word_1_385' title='bbox 2567 2483 2746 2544; x_wconf 81' lang='grc' dir='ltr'>ἄλλοις</span> <span class='ocrx_word' id='word_1_386' title='bbox 2781 2481 3053 2544; x_wconf 84' lang='grc' dir='ltr'>πλείονος</span> <span class='ocrx_word' id='word_1_387' title='bbox 3093 2483 3444 2554; x_wconf 69' lang='grc' dir='ltr'>ἠξιωμένοι</span> <span class='ocrx_word' id='word_1_388' title='bbox 3480 2487 3650 2556; x_wconf 83' lang='grc' dir='ltr'>τιμῆς</span> 
     </span>
    </p>
   </div>
   <div class='ocr_carea' id='block_1_54' title="bbox 2139 2571 3477 2646">
    <p class='ocr_par' dir='ltr' id='par_1_54' title="bbox 2139 2571 3477 2646">
     <span class='ocr_line' id='line_1_54' title="bbox 2139 2571 3477 2646; baseline 0.003 -20"><span class='ocrx_word' id='word_1_389' title='bbox 2139 2575 2264 2636; x_wconf 81' lang='grc' dir='ltr'>τοὺς</span> <span class='ocrx_word' id='word_1_390' title='bbox 2293 2573 2508 2634; x_wconf 77' lang='grc' dir='ltr'>λοιποὺς</span> <span class='ocrx_word' id='word_1_391' title='bbox 2539 2571 2872 2634; x_wconf 82' lang='grc' dir='ltr'>ἀποστόλους</span> <span class='ocrx_word' id='word_1_392' title='bbox 2909 2573 3477 2646; x_wconf 74' lang='grc' dir='ltr'>μεμαρτύρηνται.</span> 
     </span>
    </p>
   </div>
   <div class='ocr_carea' id='block_1_55' title="bbox 2894 2684 2979 2738">
    <p class='ocr_par' dir='ltr' id='par_1_55' title="bbox 2894 2684 2979 2738">
     <span class='ocr_line' id='line_1_55' title="bbox 2894 2684 2979 2738; baseline 0.035 -3"><span class='ocrx_word' id='word_1_393' title='bbox 2894 2684 2979 2738; x_wconf 71' lang='lat' dir='ltr'><strong>I&quot;.</strong></span> 
     </span>
    </p>
   </div>
   <div class='ocr_carea' id='block_1_56' title="bbox 2210 2793 3790 2874">
    <p class='ocr_par' dir='ltr' id='par_1_56' title="bbox 2210 2793 3790 2874">
     <span class='ocr_line' id='line_1_56' title="bbox 2210 2793 3790 2874; baseline 0.004 -27"><span class='ocrx_word' id='word_1_394' title='bbox 2210 2794 2320 2864; x_wconf 62' lang='lat'><strong>(64)</strong></span> <span class='ocrx_word' id='word_1_395' title='bbox 2385 2793 2529 2848; x_wconf 73' lang='grc' dir='ltr'>Ιιλλά</span> <span class='ocrx_word' id='word_1_396' title='bbox 2563 2793 2683 2856; x_wconf 84' lang='grc' dir='ltr'><strong>πῶς</strong></span> <span class='ocrx_word' id='word_1_397' title='bbox 2723 2793 2881 2864; x_wconf 86' lang='grc' dir='ltr'>παρὰ</span> <span class='ocrx_word' id='word_1_398' title='bbox 2915 2795 3029 2863; x_wconf 79' lang='grc' dir='ltr'><strong>μὲν</strong></span> <span class='ocrx_word' id='word_1_399' title='bbox 3060 2796 3158 2866; x_wconf 86' lang='grc' dir='ltr'>τῷ</span> <span class='ocrx_word' id='word_1_400' title='bbox 3206 2796 3463 2874; x_wconf 77' lang='grc' dir='ltr'>Ἰωάννῃ</span> <span class='ocrx_word' id='word_1_401' title='bbox 3481 2802 3585 2870; x_wconf 79' lang='grc' dir='ltr'>τῆς</span> <span class='ocrx_word' id='word_1_402' title='bbox 3607 2802 3790 2872; x_wconf 76' lang='grc' dir='ltr'>Μαρίας</span> 
     </span>
    </p>
   </div>
   <div class='ocr_carea' id='block_1_57' title="bbox 2137 2884 3789 2962">
    <p class='ocr_par' dir='ltr' id='par_1_57' title="bbox 2137 2884 3789 2962">
     <span class='ocr_line' id='line_1_57' title="bbox 2137 2884 3789 2962; baseline 0.005 -25"><span class='ocrx_word' id='word_1_403' title='bbox 2137 2885 2466 2948; x_wconf 75' lang='grc' dir='ltr'>ἀκούσαντες</span> <span class='ocrx_word' id='word_1_404' title='bbox 2488 2887 2536 2937; x_wconf 81' lang='lat' dir='ltr'><strong>oi</strong></span> <span class='ocrx_word' id='word_1_405' title='bbox 2557 2884 2818 2954; x_wconf 74' lang='grc' dir='ltr'>μαθηταὶ,</span> <span class='ocrx_word' id='word_1_406' title='bbox 2853 2886 3139 2941; x_wconf 79' lang='grc' dir='ltr'>κᾶπειτα</span> <span class='ocrx_word' id='word_1_407' title='bbox 3176 2891 3466 2955; x_wconf 77' lang='grc' dir='ltr'>ἐλθόντες</span> <span class='ocrx_word' id='word_1_408' title='bbox 3497 2895 3583 2956; x_wconf 86' lang='grc' dir='ltr'><strong>είς</strong></span> <span class='ocrx_word' id='word_1_409' title='bbox 3613 2894 3669 2945; x_wconf 84' lang='grc' dir='ltr'>τὺ</span> <span class='ocrx_word' id='word_1_410' title='bbox 3692 2911 3789 2962; x_wconf 69' lang='lat' dir='ltr'><strong>tm,-</strong></span> 
     </span>
    </p>
   </div>
   <div class='ocr_carea' id='block_1_58' title="bbox 2142 2973 3785 3053">
    <p class='ocr_par' dir='ltr' id='par_1_58' title="bbox 2142 2973 3785 3053">
     <span class='ocr_line' id='line_1_58' title="bbox 2142 2973 3785 3053; baseline -0.002 -29"><span class='ocrx_word' id='word_1_411' title='bbox 2142 2975 2289 3041; x_wconf 83' lang='grc' dir='ltr'>μεῖον</span> <span class='ocrx_word' id='word_1_412' title='bbox 2339 2973 2693 3025; x_wconf 84' lang='grc' dir='ltr'><strong>ἐπίστευσαν⁹</strong></span> <span class='ocrx_word' id='word_1_413' title='bbox 2731 2974 2889 3042; x_wconf 74' lang='grc' dir='ltr'>παρὰ</span> <span class='ocrx_word' id='word_1_414' title='bbox 2952 2974 3018 3027; x_wconf 81' lang='grc' dir='ltr'><strong>δὲ</strong></span> <span class='ocrx_word' id='word_1_415' title='bbox 3073 2977 3174 3046; x_wconf 82' lang='grc' dir='ltr'><strong>τῷ</strong></span> <span class='ocrx_word' id='word_1_416' title='bbox 3221 2979 3694 3053; x_wconf 68' lang='grc' dir='ltr'>Λουκᾷ.εῐρηται</span> <span class='ocrx_word' id='word_1_417' title='bbox 3725 2983 3785 3034; x_wconf 64' lang='grc' dir='ltr'><strong>δτι</strong></span> 
     </span>
    </p>
   </div>
   <div class='ocr_carea' id='block_1_59' title="bbox 517 3061 2036 3143">
    <p class='ocr_par' dir='ltr' id='par_1_59' title="bbox 517 3062 2036 3136">
     <span class='ocr_line' id='line_1_59' title="bbox 517 3062 2036 3136; baseline 0.008 -23"><span class='ocrx_word' id='word_1_418' title='bbox 517 3062 655 3114; x_wconf 87' lang='lat' dir='ltr'><strong>sicut</strong></span> <span class='ocrx_word' id='word_1_419' title='bbox 708 3062 1050 3116; x_wconf 87' lang='lat' dir='ltr'><strong>deliramenta</strong></span> <span class='ocrx_word' id='word_1_420' title='bbox 1082 3065 1239 3118; x_wconf 87' lang='lat' dir='ltr'><strong>verba</strong></span> <span class='ocrx_word' id='word_1_421' title='bbox 1300 3065 1442 3130; x_wconf 89' lang='lat' dir='ltr'><strong>ista,</strong></span> <span class='ocrx_word' id='word_1_422' title='bbox 1505 3082 1677 3136; x_wconf 91' lang='lat' dir='ltr'><strong>neque</strong></span> <span class='ocrx_word' id='word_1_423' title='bbox 1724 3069 2036 3125; x_wconf 88' lang='lat' dir='ltr'><strong>mulieribus</strong></span> 
     </span>
    </p>
   </div>
   <div class='ocr_carea' id='block_1_60' title="bbox 2208 3061 3786 3143">
    <p class='ocr_par' dir='ltr' id='par_1_60' title="bbox 2209 3061 3786 3143">
     <span class='ocr_line' id='line_1_60' title="bbox 2209 3061 3786 3143; baseline 0.006 -30"><span class='ocrx_word' id='word_1_424' title='bbox 2209 3061 2413 3132; x_wconf 82' lang='grc' dir='ltr'>άνησαν</span> <span class='ocrx_word' id='word_1_425' title='bbox 2465 3062 2695 3115; x_wconf 85' lang='grc' dir='ltr'>ἐνώπιον</span> <span class='ocrx_word' id='word_1_426' title='bbox 2744 3064 2935 3116; x_wconf 76' lang='grc' dir='ltr'>αὐτῶν</span> <span class='ocrx_word' id='word_1_427' title='bbox 2993 3065 3160 3119; x_wconf 67' lang='grc' dir='ltr'>ὡσεὶ</span> <span class='ocrx_word' id='word_1_428' title='bbox 3224 3069 3420 3141; x_wconf 74' lang='grc' dir='ltr'>λῆρος·</span> <span class='ocrx_word' id='word_1_429' title='bbox 3481 3073 3554 3125; x_wconf 80' lang='grc' dir='ltr'>τὰ</span> <span class='ocrx_word' id='word_1_430' title='bbox 3601 3073 3786 3143; x_wconf 77' lang='grc' dir='ltr'>ῥήματα</span> 
     </span>
    </p>
   </div>
   <div class='ocr_carea' id='block_1_61' title="bbox 514 3149 840 3204">
    <p class='ocr_par' dir='ltr' id='par_1_61' title="bbox 514 3149 840 3204">
     <span class='ocr_line' id='line_1_61' title="bbox 514 3149 840 3204; baseline 0 -2"><span class='ocrx_word' id='word_1_431' title='bbox 514 3149 840 3204; x_wconf 85' lang='lat' dir='ltr'><strong>credidisse?</strong></span> 
     </span>
    </p>
   </div>
   <div class='ocr_carea' id='block_1_62' title="bbox 582 3257 2032 3333">
    <p class='ocr_par' dir='ltr' id='par_1_62' title="bbox 582 3257 2032 3333">
     <span class='ocr_line' id='line_1_62' title="bbox 582 3257 2032 3333; baseline 0.009 -23"><span class='ocrx_word' id='word_1_432' title='bbox 582 3257 673 3310; x_wconf 90' lang='lat' dir='ltr'><strong>illa</strong></span> <span class='ocrx_word' id='word_1_433' title='bbox 698 3259 835 3326; x_wconf 86' lang='lat' dir='ltr'><strong>apud</strong></span> <span class='ocrx_word' id='word_1_434' title='bbox 863 3257 1119 3315; x_wconf 85' lang='lat' dir='ltr'><strong>Joannem</strong></span> <span class='ocrx_word' id='word_1_435' title='bbox 1147 3260 1310 3314; x_wconf 79' lang='lat' dir='ltr'><strong>Maria</strong></span> <span class='ocrx_word' id='word_1_436' title='bbox 1338 3265 1618 3332; x_wconf 68' lang='lat' dir='ltr'><strong>praeeipuis</strong></span> <span class='ocrx_word' id='word_1_437' title='bbox 1651 3267 1903 3333; x_wconf 88' lang='lat' dir='ltr'><strong>apostolis</strong></span> <span class='ocrx_word' id='word_1_438' title='bbox 1930 3266 2032 3323; x_wconf 84' lang='lat' dir='ltr'><strong>Pe-</strong></span> 
     </span>
    </p>
   </div>
   <div class='ocr_carea' id='block_1_63' title="bbox 513 3346 2034 3412">
    <p class='ocr_par' dir='ltr' id='par_1_63' title="bbox 513 3346 2034 3412">
     <span class='ocr_line' id='line_1_63' title="bbox 513 3346 2034 3412; baseline 0.011 -15"><span class='ocrx_word' id='word_1_439' title='bbox 513 3354 596 3398; x_wconf 88' lang='lat' dir='ltr'><strong>tro</strong></span> <span class='ocrx_word' id='word_1_440' title='bbox 635 3361 696 3399; x_wconf 83' lang='lat' dir='ltr'><strong>ac</strong></span> <span class='ocrx_word' id='word_1_441' title='bbox 719 3346 907 3401; x_wconf 87' lang='lat' dir='ltr'><strong>Joanni</strong></span> <span class='ocrx_word' id='word_1_442' title='bbox 941 3349 1069 3403; x_wconf 92' lang='lat' dir='ltr'><strong>solis</strong></span> <span class='ocrx_word' id='word_1_443' title='bbox 1093 3358 1298 3404; x_wconf 88' lang='lat' dir='ltr'><strong>secreto</strong></span> <span class='ocrx_word' id='word_1_444' title='bbox 1332 3351 1490 3406; x_wconf 90' lang='lat' dir='ltr'><strong>veluti</strong></span> <span class='ocrx_word' id='word_1_445' title='bbox 1524 3367 1634 3407; x_wconf 93' lang='lat' dir='ltr'><strong>rem</strong></span> <span class='ocrx_word' id='word_1_446' title='bbox 1676 3354 1843 3409; x_wconf 89' lang='lat' dir='ltr'><strong>visam</strong></span> <span class='ocrx_word' id='word_1_447' title='bbox 1891 3368 2034 3412; x_wconf 91' lang='lat' dir='ltr'><strong>retu-</strong></span> 
     </span>
    </p>
   </div>
   <div class='ocr_carea' id='block_1_64' title="bbox 514 3433 2030 3510">
    <p class='ocr_par' dir='ltr' id='par_1_64' title="bbox 514 3433 2030 3510">
     <span class='ocr_line' id='line_1_64' title="bbox 514 3433 2030 3510; baseline 0.01 -23"><span class='ocrx_word' id='word_1_448' title='bbox 514 3436 592 3488; x_wconf 80' lang='lat' dir='ltr'><strong>lit.</strong></span> <span class='ocrx_word' id='word_1_449' title='bbox 627 3433 798 3504; x_wconf 87' lang='lat' dir='ltr'><strong>Hique</strong></span> <span class='ocrx_word' id='word_1_450' title='bbox 828 3438 1026 3505; x_wconf 91' lang='lat' dir='ltr'><strong>pariter</strong></span> <span class='ocrx_word' id='word_1_451' title='bbox 1048 3439 1184 3492; x_wconf 89' lang='lat' dir='ltr'><strong>clam</strong></span> <span class='ocrx_word' id='word_1_452' title='bbox 1216 3441 1434 3510; x_wconf 88' lang='lat' dir='ltr'><strong>reliquis</strong></span> <span class='ocrx_word' id='word_1_453' title='bbox 1479 3441 1753 3510; x_wconf 89' lang='lat' dir='ltr'><strong>discipulis</strong></span> <span class='ocrx_word' id='word_1_454' title='bbox 1785 3446 1882 3500; x_wconf 90' lang='lat' dir='ltr'><strong>soli</strong></span> <span class='ocrx_word' id='word_1_455' title='bbox 1911 3461 2030 3501; x_wconf 87' lang='lat' dir='ltr'><strong>cur-</strong></span> 
     </span>
    </p>
   </div>
   <div class='ocr_carea' id='block_1_65' title="bbox 513 3525 2031 3603">
    <p class='ocr_par' dir='ltr' id='par_1_65' title="bbox 513 3525 2031 3603">
     <span class='ocr_line' id='line_1_65' title="bbox 513 3525 2031 3603; baseline 0.008 -24"><span class='ocrx_word' id='word_1_456' title='bbox 513 3525 613 3580; x_wconf 77' lang='lat' dir='ltr'><strong>sim</strong></span> <span class='ocrx_word' id='word_1_457' title='bbox 645 3525 709 3579; x_wconf 92' lang='lat' dir='ltr'><strong>ad</strong></span> <span class='ocrx_word' id='word_1_458' title='bbox 740 3537 1135 3582; x_wconf 90' lang='lat' dir='ltr'><strong>monumentum</strong></span> <span class='ocrx_word' id='word_1_459' title='bbox 1175 3530 1448 3594; x_wconf 90' lang='lat' dir='ltr'><strong>abierunt,</strong></span> <span class='ocrx_word' id='word_1_460' title='bbox 1492 3532 1833 3603; x_wconf 84' lang='lat' dir='ltr'><strong>videntesque</strong></span> <span class='ocrx_word' id='word_1_461' title='bbox 1863 3538 2031 3591; x_wconf 89' lang='lat' dir='ltr'><strong>credi-</strong></span> 
     </span>
    </p>
   </div>
   <div class='ocr_carea' id='block_1_66' title="bbox 513 3616 2034 3695">
    <p class='ocr_par' dir='ltr' id='par_1_66' title="bbox 513 3616 2034 3695">
     <span class='ocr_line' id='line_1_66' title="bbox 513 3616 2034 3695; baseline 0.01 -26"><span class='ocrx_word' id='word_1_462' title='bbox 513 3616 747 3670; x_wconf 85' lang='lat' dir='ltr'><strong>derunt:</strong></span> <span class='ocrx_word' id='word_1_463' title='bbox 783 3617 1019 3686; x_wconf 87' lang='lat' dir='ltr'><strong>nihilque</strong></span> <span class='ocrx_word' id='word_1_464' title='bbox 1067 3619 1260 3672; x_wconf 89' lang='lat' dir='ltr'><strong>mirum</strong></span> <span class='ocrx_word' id='word_1_465' title='bbox 1301 3629 1381 3674; x_wconf 92' lang='lat' dir='ltr'><strong>est</strong></span> <span class='ocrx_word' id='word_1_466' title='bbox 1421 3621 1554 3678; x_wconf 89' lang='lat' dir='ltr'><strong>duos</strong></span> <span class='ocrx_word' id='word_1_467' title='bbox 1599 3624 1696 3678; x_wconf 89' lang='lat' dir='ltr'><strong>hos</strong></span> <span class='ocrx_word' id='word_1_468' title='bbox 1739 3627 2034 3695; x_wconf 67' lang='lat' dir='ltr'><strong>praecipuos</strong></span> 
     </span>
    </p>
   </div>
   <div class='ocr_carea' id='block_1_67' title="bbox 514 3707 2034 3786">
    <p class='ocr_par' dir='ltr' id='par_1_67' title="bbox 514 3707 2034 3786">
     <span class='ocr_line' id='line_1_67' title="bbox 514 3707 2034 3786; baseline 0.009 -28"><span class='ocrx_word' id='word_1_469' title='bbox 514 3707 780 3775; x_wconf 87' lang='lat' dir='ltr'><strong>apostolos</strong></span> <span class='ocrx_word' id='word_1_470' title='bbox 805 3709 879 3762; x_wconf 91' lang='lat' dir='ltr'><strong>rei</strong></span> <span class='ocrx_word' id='word_1_471' title='bbox 905 3708 1031 3763; x_wconf 70' lang='lat' dir='ltr'><strong>visa:</strong></span> <span class='ocrx_word' id='word_1_472' title='bbox 1068 3709 1392 3777; x_wconf 83' lang='lat' dir='ltr'><strong>credidisse;</strong></span> <span class='ocrx_word' id='word_1_473' title='bbox 1428 3713 1662 3782; x_wconf 84' lang='lat' dir='ltr'><strong>reliquos</strong></span> <span class='ocrx_word' id='word_1_474' title='bbox 1691 3724 1884 3779; x_wconf 87' lang='lat' dir='ltr'><strong>autem,</strong></span> <span class='ocrx_word' id='word_1_475' title='bbox 1916 3719 2034 3786; x_wconf 89' lang='lat' dir='ltr'><strong>qui-</strong></span> 
     </span>
    </p>
   </div>
   <div class='ocr_carea' id='block_1_68' title="bbox 512 3797 2033 3876">
    <p class='ocr_par' dir='ltr' id='par_1_68' title="bbox 512 3797 2033 3876">
     <span class='ocr_line' id='line_1_68' title="bbox 512 3797 2033 3876; baseline 0.007 -26"><span class='ocrx_word' id='word_1_476' title='bbox 512 3797 613 3851; x_wconf 90' lang='lat' dir='ltr'><strong>bus</strong></span> <span class='ocrx_word' id='word_1_477' title='bbox 648 3797 846 3851; x_wconf 69' lang='lat' dir='ltr'><strong>nuntiaa</strong></span> <span class='ocrx_word' id='word_1_478' title='bbox 891 3797 1097 3851; x_wconf 83' lang='lat' dir='ltr'><strong>fuerant</strong></span> <span class='ocrx_word' id='word_1_479' title='bbox 1139 3801 1420 3865; x_wconf 89' lang='lat' dir='ltr'><strong>mulieres,</strong></span> <span class='ocrx_word' id='word_1_480' title='bbox 1453 3817 1551 3856; x_wconf 91' lang='lat' dir='ltr'><strong>nec</strong></span> <span class='ocrx_word' id='word_1_481' title='bbox 1600 3805 1771 3859; x_wconf 92' lang='lat' dir='ltr'><strong>oculis</strong></span> <span class='ocrx_word' id='word_1_482' title='bbox 1805 3809 2033 3876; x_wconf 87' lang='lat' dir='ltr'><strong>propriis</strong></span> 
     </span>
    </p>
   </div>
   <div class='ocr_carea' id='block_1_69' title="bbox 511 3885 2035 3952">
    <p class='ocr_par' dir='ltr' id='par_1_69' title="bbox 511 3885 2035 3952">
     <span class='ocr_line' id='line_1_69' title="bbox 511 3885 2035 3952; baseline 0.009 -15"><span class='ocrx_word' id='word_1_483' title='bbox 511 3885 772 3948; x_wconf 86' lang='lat' dir='ltr'><strong>viderant,</strong></span> <span class='ocrx_word' id='word_1_484' title='bbox 798 3887 937 3939; x_wconf 88' lang='lat' dir='ltr'><strong>haud</strong></span> <span class='ocrx_word' id='word_1_485' title='bbox 972 3888 1057 3942; x_wconf 91' lang='lat' dir='ltr'><strong>bis</strong></span> <span class='ocrx_word' id='word_1_486' title='bbox 1084 3888 1237 3942; x_wconf 88' lang='lat' dir='ltr'><strong>fidem</strong></span> <span class='ocrx_word' id='word_1_487' title='bbox 1265 3889 1591 3946; x_wconf 89' lang='lat' dir='ltr'><strong>adhibuisse.</strong></span> <span class='ocrx_word' id='word_1_488' title='bbox 1618 3892 1754 3948; x_wconf 89' lang='lat' dir='ltr'><strong>Ecce</strong></span> <span class='ocrx_word' id='word_1_489' title='bbox 1799 3896 1938 3948; x_wconf 91' lang='lat' dir='ltr'><strong>enim</strong></span> <span class='ocrx_word' id='word_1_490' title='bbox 1981 3907 2035 3952; x_wconf 93' lang='lat' dir='ltr'><strong>et</strong></span> 
     </span>
    </p>
   </div>
   <div class='ocr_carea' id='block_1_70' title="bbox 511 3973 2036 4055">
    <p class='ocr_par' dir='ltr' id='par_1_70' title="bbox 511 3973 2036 4055">
     <span class='ocr_line' id='line_1_70' title="bbox 511 3973 2036 4055; baseline 0.009 -30"><span class='ocrx_word' id='word_1_491' title='bbox 511 3973 642 4042; x_wconf 92' lang='lat' dir='ltr'><strong>ipsis</strong></span> <span class='ocrx_word' id='word_1_492' title='bbox 669 3989 772 4027; x_wconf 89' lang='lat' dir='ltr'><strong>una</strong></span> <span class='ocrx_word' id='word_1_493' title='bbox 805 3977 1136 4045; x_wconf 75' lang='lat' dir='ltr'><strong>congregatis</strong></span> <span class='ocrx_word' id='word_1_494' title='bbox 1166 3977 1444 4047; x_wconf 90' lang='lat' dir='ltr'><strong>discipulis</strong></span> <span class='ocrx_word' id='word_1_495' title='bbox 1481 3995 1602 4034; x_wconf 90' lang='lat' dir='ltr'><strong>cum</strong></span> <span class='ocrx_word' id='word_1_496' title='bbox 1653 3982 1901 4038; x_wconf 89' lang='lat' dir='ltr'><strong>Servator</strong></span> <span class='ocrx_word' id='word_1_497' title='bbox 1941 4001 2036 4055; x_wconf 88' lang='lat' dir='ltr'><strong>ap-</strong></span> 
     </span>
    </p>
   </div>
   <div class='ocr_carea' id='block_1_71' title="bbox 511 4064 2035 4140">
    <p class='ocr_par' dir='ltr' id='par_1_71' title="bbox 511 4064 2035 4140">
     <span class='ocr_line' id='line_1_71' title="bbox 511 4064 2035 4140; baseline 0.01 -25"><span class='ocrx_word' id='word_1_498' title='bbox 511 4064 796 4132; x_wconf 88' lang='lat' dir='ltr'><strong>paruisset,</strong></span> <span class='ocrx_word' id='word_1_499' title='bbox 829 4074 885 4120; x_wconf 90' lang='lat' dir='ltr'><strong>ut</strong></span> <span class='ocrx_word' id='word_1_500' title='bbox 911 4064 1143 4122; x_wconf 86' lang='lat' dir='ltr'><strong>Joannes</strong></span> <span class='ocrx_word' id='word_1_501' title='bbox 1191 4077 1402 4134; x_wconf 87' lang='lat' dir='ltr'><strong>narrat,</strong></span> <span class='ocrx_word' id='word_1_502' title='bbox 1447 4071 1501 4124; x_wconf 91' lang='lat' dir='ltr'><strong>hi</strong></span> <span class='ocrx_word' id='word_1_503' title='bbox 1556 4073 1771 4140; x_wconf 89' lang='lat' dir='ltr'><strong>quidem</strong></span> <span class='ocrx_word' id='word_1_504' title='bbox 1805 4089 1869 4128; x_wconf 92' lang='lat' dir='ltr'><strong>eo</strong></span> <span class='ocrx_word' id='word_1_505' title='bbox 1918 4078 2035 4131; x_wconf 84' lang='lat' dir='ltr'><strong>viso</strong></span> 
     </span>
    </p>
   </div>
   <div class='ocr_carea' id='block_1_72' title="bbox 511 4151 2035 4228">
    <p class='ocr_par' dir='ltr' id='par_1_72' title="bbox 511 4151 2035 4228">
     <span class='ocr_line' id='line_1_72' title="bbox 511 4151 2035 4228; baseline 0.009 -24"><span class='ocrx_word' id='word_1_506' title='bbox 511 4152 678 4220; x_wconf 76' lang='lat' dir='ltr'><strong>gavisi</strong></span> <span class='ocrx_word' id='word_1_507' title='bbox 712 4160 868 4218; x_wconf 89' lang='lat' dir='ltr'><strong>sunt;</strong></span> <span class='ocrx_word' id='word_1_508' title='bbox 899 4151 1128 4209; x_wconf 88' lang='lat' dir='ltr'><strong>Thomas</strong></span> <span class='ocrx_word' id='word_1_509' title='bbox 1155 4165 1332 4210; x_wconf 88' lang='lat' dir='ltr'><strong>autem</strong></span> <span class='ocrx_word' id='word_1_510' title='bbox 1378 4159 1468 4228; x_wconf 93' lang='lat' dir='ltr'><strong>qui</strong></span> <span class='ocrx_word' id='word_1_511' title='bbox 1513 4175 1612 4214; x_wconf 89' lang='lat' dir='ltr'><strong>nec</strong></span> <span class='ocrx_word' id='word_1_512' title='bbox 1664 4161 1906 4216; x_wconf 81' lang='lat' dir='ltr'><strong>interfuit</strong></span> <span class='ocrx_word' id='word_1_513' title='bbox 1937 4180 2035 4218; x_wconf 90' lang='lat' dir='ltr'><strong>nec</strong></span> 
     </span>
    </p>
   </div>
   <div class='ocr_carea' id='block_1_73' title="bbox 509 4242 2033 4316">
    <p class='ocr_par' dir='ltr' id='par_1_73' title="bbox 509 4242 2033 4316">
     <span class='ocr_line' id='line_1_73' title="bbox 509 4242 2033 4316; baseline 0.008 -22"><span class='ocrx_word' id='word_1_514' title='bbox 509 4242 658 4304; x_wconf 87' lang='lat' dir='ltr'><strong>vidit,</strong></span> <span class='ocrx_word' id='word_1_515' title='bbox 690 4256 799 4296; x_wconf 90' lang='lat' dir='ltr'><strong>rem</strong></span> <span class='ocrx_word' id='word_1_516' title='bbox 828 4242 928 4294; x_wconf 90' lang='lat' dir='ltr'><strong>sibi</strong></span> <span class='ocrx_word' id='word_1_517' title='bbox 957 4243 1263 4310; x_wconf 87' lang='lat' dir='ltr'><strong>persuaderi</strong></span> <span class='ocrx_word' id='word_1_518' title='bbox 1302 4262 1409 4300; x_wconf 91' lang='lat' dir='ltr'><strong>non</strong></span> <span class='ocrx_word' id='word_1_519' title='bbox 1449 4259 1530 4302; x_wconf 87' lang='lat' dir='ltr'><strong>est</strong></span> <span class='ocrx_word' id='word_1_520' title='bbox 1570 4264 1776 4316; x_wconf 86' lang='lat' dir='ltr'><strong>passus.</strong></span> <span class='ocrx_word' id='word_1_521' title='bbox 1809 4251 1956 4315; x_wconf 86' lang='lat' dir='ltr'><strong>Quod</strong></span> <span class='ocrx_word' id='word_1_522' title='bbox 1989 4255 2033 4306; x_wconf 92' lang='lat' dir='ltr'><strong>si</strong></span> 
     </span>
    </p>
   </div>
   <div class='ocr_carea' id='block_1_74' title="bbox 510 4329 2033 4406">
    <p class='ocr_par' dir='ltr' id='par_1_74' title="bbox 510 4329 2033 4406">
     <span class='ocr_line' id='line_1_74' title="bbox 510 4329 2033 4406; baseline 0.008 -25"><span class='ocrx_word' id='word_1_523' title='bbox 510 4329 595 4381; x_wconf 83' lang='lat' dir='ltr'><strong>hic</strong></span> <span class='ocrx_word' id='word_1_524' title='bbox 620 4329 872 4396; x_wconf 91' lang='lat' dir='ltr'><strong>apostolis</strong></span> <span class='ocrx_word' id='word_1_525' title='bbox 905 4345 1010 4383; x_wconf 89' lang='lat' dir='ltr'><strong>non</strong></span> <span class='ocrx_word' id='word_1_526' title='bbox 1048 4331 1292 4396; x_wconf 91' lang='lat' dir='ltr'><strong>credidit,</strong></span> <span class='ocrx_word' id='word_1_527' title='bbox 1325 4333 1524 4389; x_wconf 82' lang='lat' dir='ltr'><strong>frustra</strong></span> <span class='ocrx_word' id='word_1_528' title='bbox 1545 4336 1654 4404; x_wconf 85' lang='lat' dir='ltr'><strong>jam</strong></span> <span class='ocrx_word' id='word_1_529' title='bbox 1679 4339 2033 4406; x_wconf 82' lang='lat' dir='ltr'><strong>reprehende-</strong></span> 
     </span>
    </p>
   </div>
   <div class='ocr_carea' id='block_1_75' title="bbox 511 4419 2036 4523">
    <p class='ocr_par' dir='ltr' id='par_1_75' title="bbox 511 4419 2021 4489">
     <span class='ocr_line' id='line_1_75' title="bbox 511 4419 2021 4489; baseline 0.01 -20"><span class='ocrx_word' id='word_1_530' title='bbox 511 4431 630 4470; x_wconf 91' lang='lat' dir='ltr'><strong>mus</strong></span> <span class='ocrx_word' id='word_1_531' title='bbox 675 4428 922 4481; x_wconf 74' lang='lat' dir='ltr'><strong>caeteros,</strong></span> <span class='ocrx_word' id='word_1_532' title='bbox 971 4419 1062 4487; x_wconf 91' lang='lat' dir='ltr'><strong>qui</strong></span> <span class='ocrx_word' id='word_1_533' title='bbox 1109 4421 1232 4487; x_wconf 88' lang='lat' dir='ltr'><strong>quia</strong></span> <span class='ocrx_word' id='word_1_534' title='bbox 1261 4437 1365 4476; x_wconf 93' lang='lat' dir='ltr'><strong>non</strong></span> <span class='ocrx_word' id='word_1_535' title='bbox 1398 4423 1674 4489; x_wconf 87' lang='lat' dir='ltr'><strong>viderant,</strong></span> <span class='ocrx_word' id='word_1_536' title='bbox 1708 4426 2021 4485; x_wconf 89' lang='lat' dir='ltr'><strong>mulieribus</strong></span> 
     </span>
    </p>
   </div>
   <div class='ocr_carea' id='block_1_76' title="bbox 2208 4419 3245 4523">
    <p class='ocr_par' dir='ltr' id='par_1_76' title="bbox 2231 4419 3245 4523">
     <span class='ocr_line' id='line_1_76' title="bbox 2231 4419 3245 4523; baseline 0.023 -39"><span class='ocrx_word' id='word_1_537' title='bbox 2231 4436 2338 4495; x_wconf 83' lang='grc' dir='ltr'>τοῖς</span> <span class='ocrx_word' id='word_1_538' title='bbox 2359 4433 2564 4496; x_wconf 83' lang='grc' dir='ltr'>λοιποῖς</span> <span class='ocrx_word' id='word_1_539' title='bbox 2593 4436 2678 4488; x_wconf 85' lang='grc' dir='ltr'>ὃτι</span> <span class='ocrx_word' id='word_1_540' title='bbox 2716 4440 2957 4509; x_wconf 79' lang='grc' dir='ltr'>μηδέπω</span> <span class='ocrx_word' id='word_1_541' title='bbox 2976 4419 3245 4523; x_wconf 56' lang='grc' dir='ltr'>τεθεαμέ</span> 
     </span>
    </p>
   </div>
   <div class='ocr_carea' id='block_1_77' title="bbox 507 4505 2025 4583">
    <p class='ocr_par' dir='ltr' id='par_1_77' title="bbox 507 4505 2025 4583">
     <span class='ocr_line' id='line_1_77' title="bbox 507 4505 2025 4583; baseline 0.008 -24"><span class='ocrx_word' id='word_1_542' title='bbox 507 4505 950 4561; x_wconf 87' lang='lat' dir='ltr'><strong>discrediderunt.</strong></span> <span class='ocrx_word' id='word_1_543' title='bbox 1000 4508 1243 4563; x_wconf 85' lang='lat' dir='ltr'><strong>Profecto</strong></span> <span class='ocrx_word' id='word_1_544' title='bbox 1283 4523 1456 4566; x_wconf 89' lang='lat' dir='ltr'><strong>autem</strong></span> <span class='ocrx_word' id='word_1_545' title='bbox 1502 4513 1774 4583; x_wconf 87' lang='lat' dir='ltr'><strong>Scriptura</strong></span> <span class='ocrx_word' id='word_1_546' title='bbox 1806 4519 2025 4574; x_wconf 87' lang='lat' dir='ltr'><strong>multam</strong></span> 
     </span>
    </p>
   </div>
   <div class='ocr_carea' id='block_1_78' title="bbox 506 4595 2026 4678">
    <p class='ocr_par' dir='ltr' id='par_1_78' title="bbox 506 4595 2026 4678">
     <span class='ocr_line' id='line_1_78' title="bbox 506 4595 2026 4678; baseline 0.01 -31"><span class='ocrx_word' id='word_1_547' title='bbox 506 4595 830 4649; x_wconf 87' lang='lat' dir='ltr'><strong>demonstrat</strong></span> <span class='ocrx_word' id='word_1_548' title='bbox 857 4596 1281 4666; x_wconf 89' lang='lat' dir='ltr'><strong>disquisitionem</strong></span> <span class='ocrx_word' id='word_1_549' title='bbox 1313 4615 1376 4654; x_wconf 86' lang='lat' dir='ltr'><strong>ac</strong></span> <span class='ocrx_word' id='word_1_550' title='bbox 1409 4603 1741 4658; x_wconf 88' lang='lat' dir='ltr'><strong>sedulitatem</strong></span> <span class='ocrx_word' id='word_1_551' title='bbox 1789 4606 2026 4678; x_wconf 89' lang='lat' dir='ltr'><strong>discipu-</strong></span> 
     </span>
    </p>
   </div>
   <div class='ocr_carea' id='block_1_79' title="bbox 506 4682 2023 4752">
    <p class='ocr_par' dir='ltr' id='par_1_79' title="bbox 506 4682 2023 4752">
     <span class='ocr_line' id='line_1_79' title="bbox 506 4682 2023 4752; baseline 0.011 -17"><span class='ocrx_word' id='word_1_552' title='bbox 506 4682 696 4749; x_wconf 92' lang='lat' dir='ltr'><strong>lorum,</strong></span> <span class='ocrx_word' id='word_1_553' title='bbox 725 4684 816 4752; x_wconf 89' lang='lat' dir='ltr'><strong>qui</strong></span> <span class='ocrx_word' id='word_1_554' title='bbox 849 4685 988 4739; x_wconf 90' lang='lat' dir='ltr'><strong>haud</strong></span> <span class='ocrx_word' id='word_1_555' title='bbox 1017 4686 1168 4742; x_wconf 81' lang='lat' dir='ltr'><strong>facile</strong></span> <span class='ocrx_word' id='word_1_556' title='bbox 1198 4688 1384 4744; x_wconf 90' lang='lat' dir='ltr'><strong>alienis</strong></span> <span class='ocrx_word' id='word_1_557' title='bbox 1428 4694 1769 4750; x_wconf 89' lang='lat' dir='ltr'><strong>sermonibus</strong></span> <span class='ocrx_word' id='word_1_558' title='bbox 1795 4711 2023 4752; x_wconf 84' lang='lat' dir='ltr'><strong>consen-</strong></span> 
     </span>
    </p>
   </div>
   <div class='ocr_carea' id='block_1_80' title="bbox 506 4773 2024 4855">
    <p class='ocr_par' dir='ltr' id='par_1_80' title="bbox 506 4773 2024 4855">
     <span class='ocr_line' id='line_1_80' title="bbox 506 4773 2024 4855; baseline 0.011 -31"><span class='ocrx_word' id='word_1_559' title='bbox 506 4781 710 4836; x_wconf 86' lang='lat' dir='ltr'><strong>serunt,</strong></span> <span class='ocrx_word' id='word_1_560' title='bbox 737 4773 830 4827; x_wconf 90' lang='lat' dir='ltr'><strong>sed</strong></span> <span class='ocrx_word' id='word_1_561' title='bbox 854 4774 1025 4843; x_wconf 87' lang='lat' dir='ltr'><strong>primo</strong></span> <span class='ocrx_word' id='word_1_562' title='bbox 1053 4776 1253 4845; x_wconf 88' lang='lat' dir='ltr'><strong>judicia</strong></span> <span class='ocrx_word' id='word_1_563' title='bbox 1293 4779 1699 4847; x_wconf 89' lang='lat' dir='ltr'><strong>suspenderunt,</strong></span> <span class='ocrx_word' id='word_1_564' title='bbox 1721 4786 1892 4853; x_wconf 87' lang='lat' dir='ltr'><strong>quoad</strong></span> <span class='ocrx_word' id='word_1_565' title='bbox 1917 4787 2024 4855; x_wconf 90' lang='lat' dir='ltr'><strong>ple-</strong></span> 
     </span>
    </p>
   </div>
   <div class='ocr_carea' id='block_1_81' title="bbox 504 4861 2021 4946">
    <p class='ocr_par' dir='ltr' id='par_1_81' title="bbox 504 4861 2021 4946">
     <span class='ocr_line' id='line_1_81' title="bbox 504 4861 2021 4946; baseline 0.014 -35"><span class='ocrx_word' id='word_1_566' title='bbox 504 4861 723 4916; x_wconf 89' lang='lat' dir='ltr'><strong>nissime</strong></span> <span class='ocrx_word' id='word_1_567' title='bbox 755 4870 912 4932; x_wconf 91' lang='lat' dir='ltr'><strong>atque</strong></span> <span class='ocrx_word' id='word_1_568' title='bbox 960 4868 1236 4936; x_wconf 89' lang='lat' dir='ltr'><strong>perspicue</strong></span> <span class='ocrx_word' id='word_1_569' title='bbox 1282 4870 1500 4925; x_wconf 87' lang='lat' dir='ltr'><strong>veritate</strong></span> <span class='ocrx_word' id='word_1_570' title='bbox 1543 4876 1752 4946; x_wconf 79' lang='lat' dir='ltr'><strong>cognita</strong></span> <span class='ocrx_word' id='word_1_571' title='bbox 1780 4916 1796 4940; x_wconf 87' lang='lat'><strong>,</strong></span> <span class='ocrx_word' id='word_1_572' title='bbox 1841 4888 2021 4946; x_wconf 89' lang='lat' dir='ltr'><strong>postea</strong></span> 
     </span>
    </p>
   </div>
   <div class='ocr_carea' id='block_1_82' title="bbox 504 4946 2022 5034">
    <p class='ocr_par' dir='ltr' id='par_1_82' title="bbox 504 4946 2022 5034">
     <span class='ocr_line' id='line_1_82' title="bbox 504 4946 2022 5034; baseline 0.013 -37"><span class='ocrx_word' id='word_1_573' title='bbox 504 4946 682 5002; x_wconf 91' lang='lat' dir='ltr'><strong>dicere</strong></span> <span class='ocrx_word' id='word_1_574' title='bbox 706 4960 960 5019; x_wconf 88' lang='lat' dir='ltr'><strong>possent:</strong></span> <span class='ocrx_word' id='word_1_575' title='bbox 998 4973 1016 5004; x_wconf 85' lang='grc'><strong><em>‹</em></strong></span> <span class='ocrx_word' id='word_1_576' title='bbox 1055 4954 1203 5021; x_wconf 86' lang='lat' dir='ltr'><strong>Quod</strong></span> <span class='ocrx_word' id='word_1_577' title='bbox 1253 4955 1352 5010; x_wconf 88' lang='lat' dir='ltr'><strong>fuit</strong></span> <span class='ocrx_word' id='word_1_578' title='bbox 1379 4959 1446 5013; x_wconf 93' lang='lat' dir='ltr'><strong>ab</strong></span> <span class='ocrx_word' id='word_1_579' title='bbox 1488 4961 1638 5018; x_wconf 90' lang='lat' dir='ltr'><strong>initio</strong></span> <span class='ocrx_word' id='word_1_580' title='bbox 1658 5005 1672 5030; x_wconf 90' lang='lat'><strong>,</strong></span> <span class='ocrx_word' id='word_1_581' title='bbox 1705 4965 1847 5034; x_wconf 89' lang='lat' dir='ltr'><strong>quod</strong></span> <span class='ocrx_word' id='word_1_582' title='bbox 1879 4963 2022 5017; x_wconf 88' lang='lat' dir='ltr'><strong>audi-</strong></span> 
     </span>
    </p>
   </div>
   <div class='ocr_carea' id='block_1_83' title="bbox 505 5035 2022 5130">
    <p class='ocr_par' dir='ltr' id='par_1_83' title="bbox 505 5035 2022 5130">
     <span class='ocr_line' id='line_1_83' title="bbox 505 5035 2022 5130; baseline 0.015 -46"><span class='ocrx_word' id='word_1_583' title='bbox 505 5035 698 5130; x_wconf 72' lang='lat' dir='ltr'><strong>vimus,</strong></span> <span class='ocrx_word' id='word_1_584' title='bbox 733 5041 875 5106; x_wconf 91' lang='lat' dir='ltr'><strong>quod</strong></span> <span class='ocrx_word' id='word_1_585' title='bbox 909 5042 1139 5100; x_wconf 85' lang='lat' dir='ltr'><strong>vidimus</strong></span> <span class='ocrx_word' id='word_1_586' title='bbox 1168 5047 1338 5101; x_wconf 90' lang='lat' dir='ltr'><strong>oculis</strong></span> <span class='ocrx_word' id='word_1_587' title='bbox 1367 5052 1564 5105; x_wconf 87' lang='lat' dir='ltr'><strong>nostris</strong></span> <span class='ocrx_word' id='word_1_588' title='bbox 1584 5093 1598 5118; x_wconf 93' lang='lat'><strong>,</strong></span> <span class='ocrx_word' id='word_1_589' title='bbox 1644 5053 1784 5122; x_wconf 91' lang='lat' dir='ltr'><strong>quod</strong></span> <span class='ocrx_word' id='word_1_590' title='bbox 1814 5068 2022 5121; x_wconf 88' lang='lat' dir='ltr'><strong>perspe-</strong></span> 
     </span>
    </p>
   </div>
   <div class='ocr_carea' id='block_1_84' title="bbox 507 5132 2018 5194">
    <p class='ocr_par' dir='ltr' id='par_1_84' title="bbox 507 5132 2018 5194">
     <span class='ocr_line' id='line_1_84' title="bbox 507 5132 2018 5194; baseline 0.015 -25"><span class='ocrx_word' id='word_1_591' title='bbox 507 5134 699 5182; x_wconf 77' lang='lat' dir='ltr'><strong>ximus,</strong></span> <span class='ocrx_word' id='word_1_592' title='bbox 729 5132 782 5176; x_wconf 93' lang='lat' dir='ltr'><strong>et</strong></span> <span class='ocrx_word' id='word_1_593' title='bbox 811 5141 999 5183; x_wconf 87' lang='lat' dir='ltr'><strong>manus</strong></span> <span class='ocrx_word' id='word_1_594' title='bbox 1026 5141 1223 5186; x_wconf 72' lang='lat' dir='ltr'><strong>nostra:</strong></span> <span class='ocrx_word' id='word_1_595' title='bbox 1259 5143 1720 5193; x_wconf 87' lang='lat' dir='ltr'><strong>contrectaverunt</strong></span> <span class='ocrx_word' id='word_1_596' title='bbox 1749 5139 1815 5194; x_wconf 85' lang='lat' dir='ltr'><strong>de</strong></span> <span class='ocrx_word' id='word_1_597' title='bbox 1847 5137 2018 5192; x_wconf 83' lang='lat' dir='ltr'><strong>Verbo</strong></span> 
     </span>
    </p>
   </div>
   <div class='ocr_carea' id='block_1_85' title="bbox 507 5205 2036 5297">
    <p class='ocr_par' dir='ltr' id='par_1_85' title="bbox 507 5205 2018 5297">
     <span class='ocr_line' id='line_1_85' title="bbox 507 5205 2018 5297; baseline 0.021 -42"><span class='ocrx_word' id='word_1_598' title='bbox 652 5209 715 5260; x_wconf 84' lang='grc'><strong>⁸⁷.</strong></span> <span class='ocrx_word' id='word_1_599' title='bbox 774 5231 791 5261; x_wconf 75' lang='grc' dir='ltr'><strong>ι</strong></span> <span class='ocrx_word' id='word_1_600' title='bbox 835 5211 936 5269; x_wconf 88' lang='lat' dir='ltr'><strong>Sed</strong></span> <span class='ocrx_word' id='word_1_601' title='bbox 969 5219 1111 5273; x_wconf 90' lang='lat' dir='ltr'><strong>enim</strong></span> <span class='ocrx_word' id='word_1_602' title='bbox 1140 5222 1300 5274; x_wconf 89' lang='lat' dir='ltr'><strong>alium</strong></span> <span class='ocrx_word' id='word_1_603' title='bbox 1329 5238 1537 5293; x_wconf 89' lang='lat' dir='ltr'><strong>quoque</strong></span> <span class='ocrx_word' id='word_1_604' title='bbox 1581 5243 1795 5283; x_wconf 86' lang='lat' dir='ltr'><strong>sensum</strong></span> <span class='ocrx_word' id='word_1_605' title='bbox 1830 5241 2018 5297; x_wconf 82' lang='lat' dir='ltr'><strong>capere</strong></span> 
     </span>
    </p>
   </div>
   <div class='ocr_carea' id='block_1_86' title="bbox 2208 5205 2281 5297">
    <p class='ocr_par' dir='ltr' id='par_1_86' title="bbox 2208 5251 2281 5297">
     <span class='ocr_line' id='line_1_86' title="bbox 2208 5251 2281 5297; baseline 0.027 -13"><span class='ocrx_word' id='word_1_606' title='bbox 2208 5251 2281 5297; x_wconf 72' lang='grc' dir='ltr'><strong>τος</strong></span> 
     </span>
    </p>
   </div>
   <div class='ocr_carea' id='block_1_87' title="bbox 509 5292 2017 5393">
    <p class='ocr_par' dir='ltr' id='par_1_87' title="bbox 509 5292 2017 5393">
     <span class='ocr_line' id='line_1_87' title="bbox 509 5292 2017 5393; baseline 0.022 -50"><span class='ocrx_word' id='word_1_607' title='bbox 509 5292 764 5393; x_wconf 44' lang='lat' dir='ltr'><strong>hic-locus</strong></span> <span class='ocrx_word' id='word_1_608' title='bbox 798 5310 988 5368; x_wconf 89' lang='lat' dir='ltr'><strong>potest.</strong></span> <span class='ocrx_word' id='word_1_609' title='bbox 1022 5309 1166 5366; x_wconf 91' lang='lat' dir='ltr'><strong>Dicet</strong></span> <span class='ocrx_word' id='word_1_610' title='bbox 1193 5312 1335 5366; x_wconf 87' lang='lat' dir='ltr'><strong>enim</strong></span> <span class='ocrx_word' id='word_1_611' title='bbox 1389 5292 1616 5371; x_wconf 81' lang='lat' dir='ltr'><strong>fortasse</strong></span> <span class='ocrx_word' id='word_1_612' title='bbox 1657 5318 1866 5386; x_wconf 82' lang='lat' dir='ltr'><strong>aliquis,</strong></span> <span class='ocrx_word' id='word_1_613' title='bbox 1895 5292 2017 5370; x_wconf 49' lang='lat' dir='ltr'><strong>inu‘</strong></span> 
     </span>
    </p>
   </div>
   <div class='ocr_carea' id='block_1_88' title="bbox 507 5383 2015 5475">
    <p class='ocr_par' dir='ltr' id='par_1_88' title="bbox 507 5383 2015 5475">
     <span class='ocr_line' id='line_1_88' title="bbox 507 5383 2015 5475; baseline 0.021 -41"><span class='ocrx_word' id='word_1_614' title='bbox 507 5383 724 5436; x_wconf 86' lang='lat' dir='ltr'><strong>licribus</strong></span> <span class='ocrx_word' id='word_1_615' title='bbox 778 5400 1220 5458; x_wconf 84' lang='lat' dir='ltr'><strong>resurrectionem</strong></span> <span class='ocrx_word' id='word_1_616' title='bbox 1271 5401 1569 5463; x_wconf 85' lang='lat' dir='ltr'><strong>Servatoris</strong></span> <span class='ocrx_word' id='word_1_617' title='bbox 1618 5410 2015 5475; x_wconf 87' lang='lat' dir='ltr'><strong>nuntiantibus,</strong></span> 
     </span>
    </p>
   </div>
   <div class='ocr_carea' id='block_1_89' title="bbox 582 5528 1030 5604">
    <p class='ocr_par' dir='ltr' id='par_1_89' title="bbox 582 5528 1030 5604">
     <span class='ocr_line' id='line_1_89' title="bbox 582 5528 1030 5604; baseline 0.022 -21"><span class='ocrx_word' id='word_1_618' title='bbox 582 5528 628 5562; x_wconf 80' lang='lat'>”</span> <span class='ocrx_word' id='word_1_619' title='bbox 659 5535 677 5583; x_wconf 87' lang='grc' dir='ltr'><strong>ι</strong></span> <span class='ocrx_word' id='word_1_620' title='bbox 709 5532 860 5590; x_wconf 87' lang='lat' dir='ltr'><strong>Joan.</strong></span> <span class='ocrx_word' id='word_1_621' title='bbox 899 5555 947 5604; x_wconf 84' lang='grc' dir='ltr'><strong>ι,</strong></span> <span class='ocrx_word' id='word_1_622' title='bbox 985 5546 1030 5597; x_wconf 74' lang='grc'><strong>1.</strong></span> 
     </span>
    </p>
   </div>
   <div class='ocr_carea' id='block_1_90' title="bbox 584 5683 935 5754">
    <p class='ocr_par' dir='ltr' id='par_1_90' title="bbox 584 5683 935 5754">
     <span class='ocr_line' id='line_1_90' title="bbox 584 5683 935 5754; baseline 0.009 -16"><span class='ocrx_word' id='word_1_623' title='bbox 584 5683 682 5754; x_wconf 70' lang='grc'><strong>(65)</strong></span> <span class='ocrx_word' id='word_1_624' title='bbox 720 5683 795 5738; x_wconf 84' lang='lat' dir='ltr'><strong>ita</strong></span> <span class='ocrx_word' id='word_1_625' title='bbox 819 5685 935 5741; x_wconf 92' lang='lat' dir='ltr'><strong>cod.</strong></span> 
     </span>
    </p>
   </div>
   <div class='ocr_carea' id='block_1_91' title="bbox 2062 3133 3013 3222">
    <p class='ocr_par' dir='ltr' id='par_1_91' title="bbox 2062 3133 3013 3222">
     <span class='ocr_line' id='line_1_91' title="bbox 2062 3133 3013 3222; baseline 0.005 -21"><span class='ocrx_word' id='word_1_626' title='bbox 2062 3133 2102 3188; x_wconf 65' lang='grc' dir='ltr'><em>ε</em></span> <span class='ocrx_word' id='word_1_627' title='bbox 2134 3149 2325 3215; x_wconf 77' lang='grc' dir='ltr'>ταῦτα,</span> <span class='ocrx_word' id='word_1_628' title='bbox 2348 3154 2442 3205; x_wconf 79' lang='grc' dir='ltr'>καὶ</span> <span class='ocrx_word' id='word_1_629' title='bbox 2474 3153 2735 3222; x_wconf 82' lang='grc' dir='ltr'>ἠπίστουν</span> <span class='ocrx_word' id='word_1_630' title='bbox 2765 3154 3013 3220; x_wconf 74' lang='grc' dir='ltr'>αὑταῖςς</span> 
     </span>
    </p>
   </div>
   <div class='ocr_carea' id='block_1_92' title="bbox 2207 3263 3780 3347">
    <p class='ocr_par' dir='ltr' id='par_1_92' title="bbox 2207 3263 3780 3347">
     <span class='ocr_line' id='line_1_92' title="bbox 2207 3263 3780 3347; baseline 0.01 -33"><span class='ocrx_word' id='word_1_631' title='bbox 2207 3263 2272 3314; x_wconf 84' lang='grc' dir='ltr'><strong>Ἦ</strong></span> <span class='ocrx_word' id='word_1_632' title='bbox 2320 3263 2418 3333; x_wconf 82' lang='grc' dir='ltr'><strong>μὲν</strong></span> <span class='ocrx_word' id='word_1_633' title='bbox 2459 3264 2610 3332; x_wconf 87' lang='grc' dir='ltr'><strong>παρά</strong></span> <span class='ocrx_word' id='word_1_634' title='bbox 2657 3265 2736 3334; x_wconf 83' lang='grc' dir='ltr'>τῷ</span> <span class='ocrx_word' id='word_1_635' title='bbox 2780 3265 3027 3342; x_wconf 80' lang='grc' dir='ltr'>Ἰωάννῃ</span> <span class='ocrx_word' id='word_1_636' title='bbox 3077 3272 3307 3344; x_wconf 56' lang='grc' dir='ltr'><strong>1κίειρία.</strong></span> <span class='ocrx_word' id='word_1_637' title='bbox 3349 3280 3476 3340; x_wconf 83' lang='grc' dir='ltr'>τοῖς</span> <span class='ocrx_word' id='word_1_638' title='bbox 3544 3278 3780 3347; x_wconf 82' lang='grc' dir='ltr'>ἐκκρίτοις</span> 
     </span>
    </p>
   </div>
   <div class='ocr_carea' id='block_1_93' title="bbox 2127 3352 3782 3439">
    <p class='ocr_par' dir='ltr' id='par_1_93' title="bbox 2127 3352 3782 3439">
     <span class='ocr_line' id='line_1_93' title="bbox 2127 3352 3782 3439; baseline 0.013 -37"><span class='ocrx_word' id='word_1_639' title='bbox 2127 3352 2232 3404; x_wconf 83' lang='grc' dir='ltr'>τῶν</span> <span class='ocrx_word' id='word_1_640' title='bbox 2256 3353 2566 3406; x_wconf 87' lang='grc' dir='ltr'>ἀποστόλων</span> <span class='ocrx_word' id='word_1_641' title='bbox 2593 3353 2788 3424; x_wconf 80' lang='grc' dir='ltr'>Πέτρῳ</span> <span class='ocrx_word' id='word_1_642' title='bbox 2830 3358 2931 3410; x_wconf 72' lang='grc' dir='ltr'>καὶ</span> <span class='ocrx_word' id='word_1_643' title='bbox 2995 3360 3265 3439; x_wconf 82' lang='grc' dir='ltr'>Ἰωάννῃ</span> <span class='ocrx_word' id='word_1_644' title='bbox 3299 3369 3506 3438; x_wconf 86' lang='grc' dir='ltr'>μόνοις</span> <span class='ocrx_word' id='word_1_645' title='bbox 3547 3370 3622 3434; x_wconf 86' lang='grc' dir='ltr'>ὡς</span> <span class='ocrx_word' id='word_1_646' title='bbox 3652 3371 3782 3438; x_wconf 67' lang='grc' dir='ltr'><strong>ἁπόρ</strong></span> 
     </span>
    </p>
   </div>
   <div class='ocr_carea' id='block_1_94' title="bbox 2131 3443 3773 3526">
    <p class='ocr_par' dir='ltr' id='par_1_94' title="bbox 2131 3443 3773 3526">
     <span class='ocr_line' id='line_1_94' title="bbox 2131 3443 3773 3526; baseline 0.013 -34"><span class='ocrx_word' id='word_1_647' title='bbox 2131 3444 2290 3511; x_wconf 79' lang='grc' dir='ltr'>ρητον</span> <span class='ocrx_word' id='word_1_648' title='bbox 2322 3443 2654 3510; x_wconf 83' lang='grc' dir='ltr'>ἐκφαίνουσα</span> <span class='ocrx_word' id='word_1_649' title='bbox 2686 3443 2874 3508; x_wconf 81' lang='grc' dir='ltr'>ἐξεῖπε</span> <span class='ocrx_word' id='word_1_650' title='bbox 2910 3450 2982 3501; x_wconf 82' lang='grc' dir='ltr'><strong>τὸ</strong></span> <span class='ocrx_word' id='word_1_651' title='bbox 3027 3454 3415 3526; x_wconf 82' lang='grc' dir='ltr'>τεθεαμένον</span> <span class='ocrx_word' id='word_1_652' title='bbox 3437 3477 3452 3490; x_wconf 83' lang='grc'><em>’</em></span> <span class='ocrx_word' id='word_1_653' title='bbox 3487 3463 3539 3513; x_wconf 90' lang='grc' dir='ltr'>οἱ</span> <span class='ocrx_word' id='word_1_654' title='bbox 3570 3462 3626 3514; x_wconf 83' lang='grc' dir='ltr'><strong>δέ</strong></span> <span class='ocrx_word' id='word_1_655' title='bbox 3645 3461 3773 3514; x_wconf 73' lang='grc' dir='ltr'>πάλιν</span> 
     </span>
    </p>
   </div>
   <div class='ocr_carea' id='block_1_95' title="bbox 2128 3534 3779 3625">
    <p class='ocr_par' dir='ltr' id='par_1_95' title="bbox 2128 3534 3779 3625">
     <span class='ocr_line' id='line_1_95' title="bbox 2128 3534 3779 3625; baseline 0.01 -40"><span class='ocrx_word' id='word_1_656' title='bbox 2128 3534 2375 3597; x_wconf 85' lang='grc' dir='ltr'>λαθόντες</span> <span class='ocrx_word' id='word_1_657' title='bbox 2408 3537 2535 3599; x_wconf 79' lang='grc' dir='ltr'>τοὺς</span> <span class='ocrx_word' id='word_1_658' title='bbox 2583 3537 2808 3602; x_wconf 79' lang='grc' dir='ltr'>λοιποὺς</span> <span class='ocrx_word' id='word_1_659' title='bbox 2849 3541 3140 3614; x_wconf 77' lang='grc' dir='ltr'>μαθητὰς</span> <span class='ocrx_word' id='word_1_660' title='bbox 3189 3551 3367 3619; x_wconf 83' lang='grc' dir='ltr'>μόνοι</span> <span class='ocrx_word' id='word_1_661' title='bbox 3413 3553 3674 3625; x_wconf 77' lang='grc' dir='ltr'>ἀπήντων</span> <span class='ocrx_word' id='word_1_662' title='bbox 3711 3553 3779 3605; x_wconf 72' lang='grc' dir='ltr'>ἐπὶ</span> 
     </span>
    </p>
   </div>
   <div class='ocr_carea' id='block_1_96' title="bbox 2128 3625 3778 3705">
    <p class='ocr_par' dir='ltr' id='par_1_96' title="bbox 2128 3625 3778 3705">
     <span class='ocr_line' id='line_1_96' title="bbox 2128 3625 3778 3705; baseline 0.012 -28"><span class='ocrx_word' id='word_1_663' title='bbox 2128 3625 2188 3678; x_wconf 86' lang='grc' dir='ltr'><strong>τὸ</strong></span> <span class='ocrx_word' id='word_1_664' title='bbox 2211 3629 2472 3695; x_wconf 78' lang='grc' dir='ltr'>μνημεῖον</span> <span class='ocrx_word' id='word_1_665' title='bbox 2529 3629 2804 3699; x_wconf 85' lang='grc' dir='ltr'>δρομαῖοι,</span> <span class='ocrx_word' id='word_1_666' title='bbox 2860 3633 2967 3686; x_wconf 74' lang='grc' dir='ltr'>καὶ</span> <span class='ocrx_word' id='word_1_667' title='bbox 3008 3637 3249 3705; x_wconf 76' lang='grc' dir='ltr'>ἰδόντες</span> <span class='ocrx_word' id='word_1_668' title='bbox 3292 3645 3677 3700; x_wconf 82' lang='grc' dir='ltr'>ἐπίστευσαν·</span> <span class='ocrx_word' id='word_1_669' title='bbox 3706 3645 3778 3696; x_wconf 71' lang='grc' dir='ltr'><strong>καὶ</strong></span> 
     </span>
    </p>
   </div>
   <div class='ocr_carea' id='block_1_97' title="bbox 2128 3714 3779 3805">
    <p class='ocr_par' dir='ltr' id='par_1_97' title="bbox 2128 3714 3779 3805">
     <span class='ocr_line' id='line_1_97' title="bbox 2128 3714 3779 3805; baseline 0.015 -38"><span class='ocrx_word' id='word_1_670' title='bbox 2128 3717 2274 3768; x_wconf 79' lang='grc' dir='ltr'>οὐδέν</span> <span class='ocrx_word' id='word_1_671' title='bbox 2305 3733 2368 3784; x_wconf 87' lang='grc' dir='ltr'>γε</span> <span class='ocrx_word' id='word_1_672' title='bbox 2396 3714 2465 3786; x_wconf 84' lang='grc' dir='ltr'>ἦν</span> <span class='ocrx_word' id='word_1_673' title='bbox 2496 3718 2814 3789; x_wconf 78' lang='grc' dir='ltr'>θαυμαστὸν</span> <span class='ocrx_word' id='word_1_674' title='bbox 2846 3724 2989 3787; x_wconf 76' lang='grc' dir='ltr'>τοὺς</span> <span class='ocrx_word' id='word_1_675' title='bbox 3026 3729 3143 3797; x_wconf 82' lang='grc' dir='ltr'><strong>μὲν</strong></span> <span class='ocrx_word' id='word_1_676' title='bbox 3185 3734 3512 3805; x_wconf 83' lang='grc' dir='ltr'>ἐκκρίτους</span> <span class='ocrx_word' id='word_1_677' title='bbox 3538 3737 3644 3792; x_wconf 84' lang='grc' dir='ltr'><strong>τῶν</strong></span> <span class='ocrx_word' id='word_1_678' title='bbox 3675 3740 3779 3791; x_wconf 76' lang='grc' dir='ltr'>ἀπν-</span> 
     </span>
    </p>
   </div>
   <div class='ocr_carea' id='block_1_98' title="bbox 2131 3806 3778 3890">
    <p class='ocr_par' dir='ltr' id='par_1_98' title="bbox 2131 3806 3778 3890">
     <span class='ocr_line' id='line_1_98' title="bbox 2131 3806 3778 3890; baseline 0.013 -35"><span class='ocrx_word' id='word_1_679' title='bbox 2131 3806 2328 3858; x_wconf 89' lang='grc' dir='ltr'>στόλων</span> <span class='ocrx_word' id='word_1_680' title='bbox 2366 3806 2568 3870; x_wconf 82' lang='grc' dir='ltr'>ἰδόντας</span> <span class='ocrx_word' id='word_1_681' title='bbox 2627 3813 3114 3880; x_wconf 78' lang='grc' dir='ltr'>πεπιστευκέναι,</span> <span class='ocrx_word' id='word_1_682' title='bbox 3165 3823 3316 3887; x_wconf 75' lang='grc' dir='ltr'>τοὺς</span> <span class='ocrx_word' id='word_1_683' title='bbox 3365 3825 3432 3877; x_wconf 81' lang='grc' dir='ltr'><strong>δὲ</strong></span> <span class='ocrx_word' id='word_1_684' title='bbox 3472 3827 3691 3890; x_wconf 77' lang='grc' dir='ltr'>λοιποὺς</span> <span class='ocrx_word' id='word_1_685' title='bbox 3719 3822 3778 3885; x_wconf 73' lang='grc' dir='ltr'>οἷς</span> 
     </span>
    </p>
   </div>
   <div class='ocr_carea' id='block_1_99' title="bbox 2131 3897 3773 3987">
    <p class='ocr_par' dir='ltr' id='par_1_99' title="bbox 2131 3897 3773 3987">
     <span class='ocr_line' id='line_1_99' title="bbox 2131 3897 3773 3987; baseline 0.019 -43"><span class='ocrx_word' id='word_1_686' title='bbox 2131 3897 2184 3946; x_wconf 78' lang='grc' dir='ltr'>αἱ</span> <span class='ocrx_word' id='word_1_687' title='bbox 2209 3897 2463 3987; x_wconf 81' lang='grc' dir='ltr'>γυναῖκες</span> <span class='ocrx_word' id='word_1_688' title='bbox 2489 3897 2859 3965; x_wconf 82' lang='grc' dir='ltr'>ἀπήγγελλον,</span> <span class='ocrx_word' id='word_1_689' title='bbox 2894 3903 3004 3955; x_wconf 83' lang='grc' dir='ltr'>ἆτε</span> <span class='ocrx_word' id='word_1_690' title='bbox 3048 3909 3138 3979; x_wconf 79' lang='grc' dir='ltr'><strong>μὴ</strong></span> <span class='ocrx_word' id='word_1_691' title='bbox 3188 3912 3326 3981; x_wconf 64' lang='grc' dir='ltr'>ὄψει</span> <span class='ocrx_word' id='word_1_692' title='bbox 3354 3917 3773 3987; x_wconf 61' lang='grc' dir='ltr'>παραλαϐόντας,</span> 
     </span>
    </p>
   </div>
   <div class='ocr_carea' id='block_1_100' title="bbox 2135 3986 3774 4077">
    <p class='ocr_par' dir='ltr' id='par_1_100' title="bbox 2135 3986 3774 4077">
     <span class='ocr_line' id='line_1_100' title="bbox 2135 3986 3774 4077; baseline 0.014 -42"><span class='ocrx_word' id='word_1_693' title='bbox 2135 3987 2207 4055; x_wconf 83' lang='grc' dir='ltr'>μὴ</span> <span class='ocrx_word' id='word_1_694' title='bbox 2240 3986 2525 4038; x_wconf 81' lang='grc' dir='ltr'>πιστεῦσαι</span> <span class='ocrx_word' id='word_1_695' title='bbox 2565 3988 2782 4052; x_wconf 81' lang='grc' dir='ltr'>αὑταῖς.</span> <span class='ocrx_word' id='word_1_696' title='bbox 2825 3993 3064 4050; x_wconf 76' lang='grc' dir='ltr'>Αὐτίκα</span> <span class='ocrx_word' id='word_1_697' title='bbox 3128 4003 3280 4068; x_wconf 84' lang='grc' dir='ltr'>γοῦν</span> <span class='ocrx_word' id='word_1_698' title='bbox 3317 4009 3425 4059; x_wconf 72' lang='grc' dir='ltr'>καὶ</span> <span class='ocrx_word' id='word_1_699' title='bbox 3453 3986 3642 4072; x_wconf 81' lang='grc' dir='ltr'>αὐτοῖς</span> <span class='ocrx_word' id='word_1_700' title='bbox 3669 4007 3774 4077; x_wconf 71' lang='grc' dir='ltr'>ὁμοῦ</span> 
     </span>
    </p>
   </div>
   <div class='ocr_carea' id='block_1_101' title="bbox 2134 4075 3774 4169">
    <p class='ocr_par' dir='ltr' id='par_1_101' title="bbox 2134 4075 3774 4169">
     <span class='ocr_line' id='line_1_101' title="bbox 2134 4075 3774 4169; baseline 0.008 -28"><span class='ocrx_word' id='word_1_701' title='bbox 2134 4075 2644 4169; x_wconf 50' lang='grc' dir='ltr'>συνηγμένξιετοῖς</span> <span class='ocrx_word' id='word_1_702' title='bbox 2700 4080 2990 4150; x_wconf 79' lang='grc' dir='ltr'>μαθηταῖς</span> <span class='ocrx_word' id='word_1_703' title='bbox 3053 4089 3356 4159; x_wconf 74' lang='grc' dir='ltr'>ὀφθέντος</span> <span class='ocrx_word' id='word_1_704' title='bbox 3408 4098 3511 4150; x_wconf 76' lang='grc' dir='ltr'>τοῦ</span> <span class='ocrx_word' id='word_1_705' title='bbox 3559 4075 3774 4169; x_wconf 65' lang='grc' dir='ltr'>Σωτῆρος</span> 
     </span>
    </p>
   </div>
   <div class='ocr_carea' id='block_1_102' title="bbox 2133 4164 3772 4258">
    <p class='ocr_par' dir='ltr' id='par_1_102' title="bbox 2133 4164 3772 4258">
     <span class='ocr_line' id='line_1_102' title="bbox 2133 4164 3772 4258; baseline 0.018 -42"><span class='ocrx_word' id='word_1_706' title='bbox 2133 4164 2270 4217; x_wconf 81' lang='grc' dir='ltr'>κατὰ</span> <span class='ocrx_word' id='word_1_707' title='bbox 2291 4166 2380 4217; x_wconf 78' lang='grc' dir='ltr'>τὸν</span> <span class='ocrx_word' id='word_1_708' title='bbox 2404 4165 2684 4236; x_wconf 83' lang='grc' dir='ltr'>Ἰωάννην,</span> <span class='ocrx_word' id='word_1_709' title='bbox 2719 4169 2770 4222; x_wconf 83' lang='grc' dir='ltr'>οἱ</span> <span class='ocrx_word' id='word_1_710' title='bbox 2811 4171 2916 4239; x_wconf 75' lang='grc' dir='ltr'>μὲν</span> <span class='ocrx_word' id='word_1_711' title='bbox 2960 4175 3196 4244; x_wconf 79' lang='grc' dir='ltr'>ἰδόντες</span> <span class='ocrx_word' id='word_1_712' title='bbox 3222 4185 3536 4258; x_wconf 75' lang='grc' dir='ltr'>ἐχάρησαν</span> <span class='ocrx_word' id='word_1_713' title='bbox 3557 4207 3569 4218; x_wconf 89' lang='grc'><strong>·</strong></span> 
     </span>
    </p>
   </div>
   <div class='ocr_carea' id='block_1_103' title="bbox 2131 4254 3771 4332">
    <p class='ocr_par' dir='ltr' id='par_1_103' title="bbox 2131 4254 3771 4332">
     <span class='ocr_line' id='line_1_103' title="bbox 2131 4254 3771 4332; baseline 0.015 -27"><span class='ocrx_word' id='word_1_714' title='bbox 2131 4254 2206 4313; x_wconf 84' lang='grc' dir='ltr'>δὲ,</span> <span class='ocrx_word' id='word_1_715' title='bbox 2237 4255 2358 4306; x_wconf 75' lang='grc' dir='ltr'>ἐπεὶ</span> <span class='ocrx_word' id='word_1_716' title='bbox 2399 4254 2471 4324; x_wconf 81' lang='grc' dir='ltr'>μὴ</span> <span class='ocrx_word' id='word_1_717' title='bbox 2510 4258 2694 4326; x_wconf 84' lang='grc' dir='ltr'>παρῆν</span> <span class='ocrx_word' id='word_1_718' title='bbox 2739 4260 2881 4329; x_wconf 82' lang='grc' dir='ltr'>μηδέ</span> <span class='ocrx_word' id='word_1_719' title='bbox 2929 4259 3118 4332; x_wconf 84' lang='grc' dir='ltr'>εἶδεν,</span> <span class='ocrx_word' id='word_1_720' title='bbox 3165 4273 3282 4327; x_wconf 74' lang='grc' dir='ltr'>οὐκ</span> <span class='ocrx_word' id='word_1_721' title='bbox 3315 4254 3606 4332; x_wconf 79' lang='grc' dir='ltr'>ἐπείθετο.</span> <span class='ocrx_word' id='word_1_722' title='bbox 3643 4254 3701 4332; x_wconf 74' lang='lat' dir='ltr'><strong>Ei</strong></span> <span class='ocrx_word' id='word_1_723' title='bbox 3731 4277 3771 4330; x_wconf 67' lang='grc' dir='ltr'>δὲ</span> 
     </span>
    </p>
   </div>
   <div class='ocr_carea' id='block_1_104' title="bbox 2133 4340 3771 4442">
    <p class='ocr_par' dir='ltr' id='par_1_104' title="bbox 2133 4340 3771 4442">
     <span class='ocr_line' id='line_1_104' title="bbox 2133 4340 3771 4442; baseline 0.011 -47"><span class='ocrx_word' id='word_1_724' title='bbox 2133 4340 2534 4442; x_wconf 46' lang='grc' dir='ltr'>οὗτος-ἠπίστει</span> <span class='ocrx_word' id='word_1_725' title='bbox 2547 4349 2663 4442; x_wconf 65' lang='grc' dir='ltr'>τοῖς</span> <span class='ocrx_word' id='word_1_726' title='bbox 2692 4349 3065 4442; x_wconf 78' lang='grc' dir='ltr'>ἀποστόλοις,</span> <span class='ocrx_word' id='word_1_727' title='bbox 3096 4364 3283 4436; x_wconf 76' lang='grc' dir='ltr'>σχολῇ</span> <span class='ocrx_word' id='word_1_728' title='bbox 3320 4370 3378 4435; x_wconf 74' lang='grc' dir='ltr'>γ’</span> <span class='ocrx_word' id='word_1_729' title='bbox 3412 4370 3485 4422; x_wconf 73' lang='grc' dir='ltr'><strong>ἂν</strong></span> <span class='ocrx_word' id='word_1_730' title='bbox 3529 4368 3771 4442; x_wconf 66' lang='grc' dir='ltr'>μέμψαιτό</span> 
     </span>
    </p>
   </div>
   <div class='ocr_carea' id='block_1_105' title="bbox 3250 4461 3770 4529">
    <p class='ocr_par' dir='ltr' id='par_1_105' title="bbox 3250 4461 3770 4529">
     <span class='ocr_line' id='line_1_105' title="bbox 3250 4461 3770 4529; baseline 0.008 -21"><span class='ocrx_word' id='word_1_731' title='bbox 3250 4475 3340 4510; x_wconf 87' lang='grc' dir='ltr'><strong>νοι</strong></span> <span class='ocrx_word' id='word_1_732' title='bbox 3351 4498 3368 4517; x_wconf 91' lang='grc'><strong>,</strong></span> <span class='ocrx_word' id='word_1_733' title='bbox 3410 4465 3530 4524; x_wconf 76' lang='grc' dir='ltr'>ταῖς</span> <span class='ocrx_word' id='word_1_734' title='bbox 3559 4461 3770 4529; x_wconf 63' lang='grc' dir='ltr'>γυναιῇν</span> 
     </span>
    </p>
   </div>
   <div class='ocr_carea' id='block_1_106' title="bbox 2131 4519 3768 4618">
    <p class='ocr_par' dir='ltr' id='par_1_106' title="bbox 2131 4519 3768 4618">
     <span class='ocr_line' id='line_1_106' title="bbox 2131 4519 3768 4618; baseline 0.023 -49"><span class='ocrx_word' id='word_1_735' title='bbox 2131 4520 2409 4618; x_wconf 58' lang='grc' dir='ltr'>Ῐχπίῗτουν.</span> <span class='ocrx_word' id='word_1_736' title='bbox 2440 4519 2652 4618; x_wconf 80' lang='grc' dir='ltr'>Πολλὴν</span> <span class='ocrx_word' id='word_1_737' title='bbox 2685 4523 2748 4576; x_wconf 86' lang='grc' dir='ltr'><strong>δέ</strong></span> <span class='ocrx_word' id='word_1_738' title='bbox 2784 4526 3036 4596; x_wconf 81' lang='grc' dir='ltr'>βάσανον</span> <span class='ocrx_word' id='word_1_739' title='bbox 3075 4519 3183 4592; x_wconf 59' lang='grc' dir='ltr'><strong>καί</strong></span> <span class='ocrx_word' id='word_1_740' title='bbox 3215 4519 3534 4616; x_wconf 74' lang='grc' dir='ltr'>ἀκρίϐειαν</span> <span class='ocrx_word' id='word_1_741' title='bbox 3557 4519 3661 4603; x_wconf 72' lang='grc' dir='ltr'><strong>τῶν</strong></span> 
     </span>
    </p>
   </div>
   <div class='ocr_carea' id='block_1_107' title="bbox 2132 4609 3764 4710">
    <p class='ocr_par' dir='ltr' id='par_1_107' title="bbox 2132 4609 3764 4710">
     <span class='ocr_line' id='line_1_107' title="bbox 2132 4609 3764 4710; baseline 0.023 -51"><span class='ocrx_word' id='word_1_742' title='bbox 2132 4609 2312 4710; x_wconf 29' lang='grc' dir='ltr'>θητιῖῗνὶ</span> <span class='ocrx_word' id='word_1_743' title='bbox 2358 4609 2763 4710; x_wconf 27' lang='grc' dir='ltr'>παρίστησινΑὴ</span> <span class='ocrx_word' id='word_1_744' title='bbox 2793 4619 3025 4693; x_wconf 81' lang='grc' dir='ltr'>Γραφὴ,</span> <span class='ocrx_word' id='word_1_745' title='bbox 3062 4631 3176 4685; x_wconf 78' lang='grc' dir='ltr'><strong>οὐκ</strong></span> <span class='ocrx_word' id='word_1_746' title='bbox 3230 4609 3501 4710; x_wconf 54' lang='grc' dir='ltr'>εὑξίερῶς</span> <span class='ocrx_word' id='word_1_747' title='bbox 3531 4644 3645 4704; x_wconf 86' lang='grc' dir='ltr'>τοῖς</span> <span class='ocrx_word' id='word_1_748' title='bbox 3672 4609 3764 4692; x_wconf 67' lang='grc' dir='ltr'>τού·</span> 
     </span>
    </p>
   </div>
   <div class='ocr_carea' id='block_1_108' title="bbox 2128 4699 3765 4796">
    <p class='ocr_par' dir='ltr' id='par_1_108' title="bbox 2128 4699 3765 4796">
     <span class='ocr_line' id='line_1_108' title="bbox 2128 4699 3765 4796; baseline 0.022 -44"><span class='ocrx_word' id='word_1_749' title='bbox 2257 4699 2432 4796; x_wconf 71' lang='grc' dir='ltr'>λόγοις</span> <span class='ocrx_word' id='word_1_750' title='bbox 2451 4707 2754 4796; x_wconf 76' lang='grc' dir='ltr'>συγκατιθε</span> <span class='ocrx_word' id='word_1_751' title='bbox 2763 4711 2949 4780; x_wconf 81' lang='grc' dir='ltr'>μένων</span> <span class='ocrx_word' id='word_1_752' title='bbox 2959 4755 2973 4779; x_wconf 96' lang='grc'><strong>,</strong></span> <span class='ocrx_word' id='word_1_753' title='bbox 2989 4718 3117 4772; x_wconf 79' lang='grc' dir='ltr'>ἀλλ’</span> <span class='ocrx_word' id='word_1_754' title='bbox 3135 4699 3566 4796; x_wconf 65' lang='grc' dir='ltr'>ἐπεχόντωντά</span> <span class='ocrx_word' id='word_1_755' title='bbox 3581 4699 3765 4796; x_wconf 69' lang='grc' dir='ltr'>πρῶτα,</span> 
     </span>
    </p>
   </div>
   <div class='ocr_carea' id='block_1_109' title="bbox 2128 4787 3768 4888">
    <p class='ocr_par' dir='ltr' id='par_1_109' title="bbox 2128 4787 3768 4888">
     <span class='ocr_line' id='line_1_109' title="bbox 2128 4787 3768 4888; baseline 0.025 -51"><span class='ocrx_word' id='word_1_756' title='bbox 2128 4788 2299 4888; x_wconf 69' lang='grc' dir='ltr'>είσότε</span> <span class='ocrx_word' id='word_1_757' title='bbox 2329 4788 2711 4888; x_wconf 32' lang='grc' dir='ltr'>’πληρὲστατα</span> <span class='ocrx_word' id='word_1_758' title='bbox 2739 4802 2843 4854; x_wconf 73' lang='grc' dir='ltr'><strong>καὶ</strong></span> <span class='ocrx_word' id='word_1_759' title='bbox 2883 4805 3151 4879; x_wconf 76' lang='grc' dir='ltr'>ἐναργῶς</span> <span class='ocrx_word' id='word_1_760' title='bbox 3177 4787 3445 4887; x_wconf 60' lang='grc' dir='ltr'>τάληθὲς</span> <span class='ocrx_word' id='word_1_761' title='bbox 3479 4787 3768 4888; x_wconf 61' lang='grc' dir='ltr'>ἐπιγνόντεξ</span> 
     </span>
    </p>
   </div>
   <div class='ocr_carea' id='block_1_110' title="bbox 2127 4878 3766 4980">
    <p class='ocr_par' dir='ltr' id='par_1_110' title="bbox 2127 4878 3766 4980">
     <span class='ocr_line' id='line_1_110' title="bbox 2127 4878 3766 4980; baseline 0.026 -55"><span class='ocrx_word' id='word_1_762' title='bbox 2127 4878 2294 4980; x_wconf 63' lang='grc' dir='ltr'>εἰπεῖν</span> <span class='ocrx_word' id='word_1_763' title='bbox 2324 4879 2902 4980; x_wconf 31' lang='grc' dir='ltr'>δυνηθεῖεν-ὓστερον·</span> <span class='ocrx_word' id='word_1_764' title='bbox 2945 4916 2965 4949; x_wconf 79' lang='grc' dir='ltr'><strong>ι</strong></span> <span class='ocrx_word' id='word_1_765' title='bbox 3003 4878 3076 4951; x_wconf 85' lang='grc' dir='ltr'><strong>Ὃ</strong></span> <span class='ocrx_word' id='word_1_766' title='bbox 3105 4897 3174 4972; x_wconf 79' lang='grc' dir='ltr'>ἦν</span> <span class='ocrx_word' id='word_1_767' title='bbox 3209 4878 3338 4957; x_wconf 48' lang='grc' dir='ltr'>ἀπ’.</span> <span class='ocrx_word' id='word_1_768' title='bbox 3358 4878 3567 4980; x_wconf 77' lang='grc' dir='ltr'>ἀρχῆς,</span> <span class='ocrx_word' id='word_1_769' title='bbox 3591 4878 3630 4964; x_wconf 50' lang='grc' dir='ltr'><strong>’ὁ</strong></span> <span class='ocrx_word' id='word_1_770' title='bbox 3650 4912 3766 4978; x_wconf 83' lang='grc' dir='ltr'>ἀκη·</span> 
     </span>
    </p>
   </div>
   <div class='ocr_carea' id='block_1_111' title="bbox 2128 4967 3762 5072">
    <p class='ocr_par' dir='ltr' id='par_1_111' title="bbox 2128 4967 3762 5072">
     <span class='ocr_line' id='line_1_111' title="bbox 2128 4967 3762 5072; baseline 0.024 -57"><span class='ocrx_word' id='word_1_771' title='bbox 2128 4967 2355 5072; x_wconf 59' lang='grc' dir='ltr'>κόαμεν,</span> <span class='ocrx_word' id='word_1_772' title='bbox 2401 4971 2433 5023; x_wconf 82' lang='grc' dir='ltr'><strong>ὃ</strong></span> <span class='ocrx_word' id='word_1_773' title='bbox 2475 4975 2829 5072; x_wconf 72' lang='grc' dir='ltr'>ἐωράκαμεν</span> <span class='ocrx_word' id='word_1_774' title='bbox 2856 4992 2980 5054; x_wconf 83' lang='grc' dir='ltr'>τοῖς</span> <span class='ocrx_word' id='word_1_775' title='bbox 3007 4967 3327 5066; x_wconf 75' lang='grc' dir='ltr'>ὀφθαλμοῖς</span> <span class='ocrx_word' id='word_1_776' title='bbox 3630 4967 3762 5055; x_wconf 57' lang='lat' dir='ltr'><strong>easi-</strong></span> 
     </span>
    </p>
   </div>
   <div class='ocr_carea' id='block_1_112' title="bbox 2127 5055 3756 5166">
    <p class='ocr_par' dir='ltr' id='par_1_112' title="bbox 2127 5055 3756 5166">
     <span class='ocr_line' id='line_1_112' title="bbox 2127 5055 3756 5166; baseline 0.024 -62"><span class='ocrx_word' id='word_1_777' title='bbox 2127 5055 2390 5166; x_wconf 40' lang='lat' dir='ltr'><strong>triti-fed,”</strong></span> <span class='ocrx_word' id='word_1_778' title='bbox 2407 5062 2503 5166; x_wconf 51' lang='lat' dir='ltr'><strong>itast</strong></span> <span class='ocrx_word' id='word_1_779' title='bbox 2541 5069 2610 5166; x_wconf 57' lang='grc' dir='ltr'>αἱ</span> <span class='ocrx_word' id='word_1_780' title='bbox 2655 5075 2856 5144; x_wconf 83' lang='grc' dir='ltr'>χεῖρες</span> <span class='ocrx_word' id='word_1_781' title='bbox 2902 5055 3070 5152; x_wconf 76' lang='grc' dir='ltr'>ἡμῶν</span> <span class='ocrx_word' id='word_1_782' title='bbox 3101 5055 3482 5160; x_wconf 43' lang='grc' dir='ltr'>ἐψτὶλάφηοῖαν</span> <span class='ocrx_word' id='word_1_783' title='bbox 3529 5055 3756 5163; x_wconf 72' lang='grc' dir='ltr'>περὶτοῦ</span> 
     </span>
    </p>
   </div>
   <div class='ocr_carea' id='block_1_113' title="bbox 2123 5144 3756 5250">
    <p class='ocr_par' dir='ltr' id='par_1_113' title="bbox 2123 5144 3756 5250">
     <span class='ocr_line' id='line_1_113' title="bbox 2123 5144 3756 5250; baseline 0.001 -20"><span class='ocrx_word' id='word_1_784' title='bbox 2123 5144 2295 5250; x_wconf 39' lang='lat'><strong>£670&quot;</strong></span> <span class='ocrx_word' id='word_1_785' title='bbox 2458 5149 2633 5250; x_wconf 59' lang='grc' dir='ltr'>ζωῆς·</span> <span class='ocrx_word' id='word_1_786' title='bbox 2675 5182 2693 5212; x_wconf 73' lang='grc'><em>³</em></span> <span class='ocrx_word' id='word_1_787' title='bbox 2740 5167 2909 5238; x_wconf 83' lang='grc' dir='ltr'>Ἔχοι</span> <span class='ocrx_word' id='word_1_788' title='bbox 2928 5144 2984 5225; x_wconf 36' lang='grc' dir='ltr'><strong>’δ’</strong></span> <span class='ocrx_word' id='word_1_789' title='bbox 3015 5174 3084 5230; x_wconf 80' lang='grc' dir='ltr'><strong>ἂν</strong></span> <span class='ocrx_word' id='word_1_790' title='bbox 3256 5144 3457 5250; x_wconf 65' lang='grc' dir='ltr'>ἑτέραν</span> <span class='ocrx_word' id='word_1_791' title='bbox 3493 5144 3756 5235; x_wconf 66' lang='grc' dir='ltr'>διάνοιανό</span> 
     </span>
    </p>
   </div>
   <div class='ocr_carea' id='block_1_114' title="bbox 2289 5239 3755 5344">
    <p class='ocr_par' dir='ltr' id='par_1_114' title="bbox 2289 5239 3755 5344">
     <span class='ocr_line' id='line_1_114' title="bbox 2289 5239 3755 5344; baseline 0.035 -54"><span class='ocrx_word' id='word_1_792' title='bbox 2289 5277 2311 5344; x_wconf 38' lang='grc' dir='ltr'>ἒ</span> <span class='ocrx_word' id='word_1_793' title='bbox 2325 5239 2487 5344; x_wconf 55' lang='grc' dir='ltr'>ξεῖῖποι</span> <span class='ocrx_word' id='word_1_794' title='bbox 2505 5247 2634 5344; x_wconf 67' lang='grc' dir='ltr'><strong>⁸γὰρ</strong></span> <span class='ocrx_word' id='word_1_795' title='bbox 2672 5254 2744 5309; x_wconf 78' lang='grc' dir='ltr'>ἄν</span> <span class='ocrx_word' id='word_1_796' title='bbox 2775 5276 2868 5325; x_wconf 86' lang='grc' dir='ltr'><strong>τις</strong></span> <span class='ocrx_word' id='word_1_797' title='bbox 2890 5265 2979 5319; x_wconf 85' lang='grc' dir='ltr'>ὃτι</span> <span class='ocrx_word' id='word_1_798' title='bbox 3007 5272 3134 5334; x_wconf 83' lang='grc' dir='ltr'>ταῖς</span> <span class='ocrx_word' id='word_1_799' title='bbox 3170 5239 3646 5340; x_wconf 47' lang='grc' dir='ltr'>ἀπαγίελλούσαις</span> <span class='ocrx_word' id='word_1_800' title='bbox 3675 5291 3755 5339; x_wconf 54' lang='grc' dir='ltr'><strong>τέ’·</strong></span> 
     </span>
    </p>
   </div>
   <div class='ocr_carea' id='block_1_115' title="bbox 2122 5323 3758 5433">
    <p class='ocr_par' dir='ltr' id='par_1_115' title="bbox 2122 5323 3758 5433">
     <span class='ocr_line' id='line_1_115' title="bbox 2122 5323 3758 5433; baseline 0.013 -46"><span class='ocrx_word' id='word_1_801' title='bbox 2122 5323 2264 5433; x_wconf 47' lang='lat' dir='ltr'><strong>3mg-</strong></span> <span class='ocrx_word' id='word_1_802' title='bbox 2287 5327 2389 5398; x_wconf 74' lang='grc' dir='ltr'><strong>τὴν</strong></span> <span class='ocrx_word' id='word_1_803' title='bbox 2418 5333 2738 5400; x_wconf 80' lang='grc' dir='ltr'>ἀνάστασιν</span> <span class='ocrx_word' id='word_1_804' title='bbox 2794 5353 2899 5406; x_wconf 80' lang='grc' dir='ltr'><strong>τοῦ</strong></span> <span class='ocrx_word' id='word_1_805' title='bbox 2937 5358 3226 5433; x_wconf 82' lang='grc' dir='ltr'>Σωτῆρος,</span> <span class='ocrx_word' id='word_1_806' title='bbox 3254 5362 3324 5427; x_wconf 82' lang='grc' dir='ltr'>ὡς</span> <span class='ocrx_word' id='word_1_807' title='bbox 3369 5363 3436 5428; x_wconf 74' lang='grc' dir='ltr'><strong>ἐξ</strong></span> <span class='ocrx_word' id='word_1_808' title='bbox 3471 5365 3639 5431; x_wconf 79' lang='grc' dir='ltr'>ἀκοῆς</span> <span class='ocrx_word' id='word_1_809' title='bbox 3665 5362 3758 5412; x_wconf 79' lang='grc' dir='ltr'><strong>τῶν</strong></span> 
     </span>
    </p>
   </div>
   <div class='ocr_carea' id='block_1_116' title="bbox 2123 5413 3766 5522">
    <p class='ocr_par' dir='ltr' id='par_1_116' title="bbox 2123 5413 3766 5522">
     <span class='ocr_line' id='line_1_116' title="bbox 2123 5413 3766 5522; baseline 0.04 -62"><span class='ocrx_word' id='word_1_810' title='bbox 2123 5413 2403 5480; x_wconf 84' lang='grc' dir='ltr'>ὀφθέντων</span> <span class='ocrx_word' id='word_1_811' title='bbox 2432 5428 2637 5498; x_wconf 75' lang='grc' dir='ltr'>αὑταῖς</span> <span class='ocrx_word' id='word_1_812' title='bbox 2675 5438 2778 5495; x_wconf 83' lang='grc' dir='ltr'>δύο</span> <span class='ocrx_word' id='word_1_813' title='bbox 2807 5446 3032 5522; x_wconf 84' lang='grc' dir='ltr'>ἀνδρῶν</span> <span class='ocrx_word' id='word_1_814' title='bbox 3678 5463 3766 5504; x_wconf 61' lang='grc' dir='ltr'><strong>ουκ</strong></span> 
     </span>
    </p>
   </div>
   <div class='ocr_carea' id='block_1_117' title="bbox 2187 5711 2954 5824">
    <p class='ocr_par' dir='ltr' id='par_1_117' title="bbox 2187 5711 2954 5824">
     <span class='ocr_line' id='line_1_117' title="bbox 2187 5711 2954 5824; baseline 0.057 -51"><span class='ocrx_word' id='word_1_815' title='bbox 2187 5711 2306 5790; x_wconf 65' lang='grc' dir='ltr'><strong>(δι)</strong></span> <span class='ocrx_word' id='word_1_816' title='bbox 2351 5725 2503 5795; x_wconf 83' lang='lat' dir='ltr'><strong>Cod.</strong></span> <span class='ocrx_word' id='word_1_817' title='bbox 2542 5741 2613 5811; x_wconf 78' lang='grc' dir='ltr'>Δ,</span> <span class='ocrx_word' id='word_1_818' title='bbox 2648 5748 2694 5806; x_wconf 85' lang='lat' dir='ltr'><strong>f.</strong></span> <span class='ocrx_word' id='word_1_819' title='bbox 2729 5751 2861 5824; x_wconf 68' lang='grc'><strong>512,</strong></span> <span class='ocrx_word' id='word_1_820' title='bbox 2892 5756 2954 5816; x_wconf 84' lang='lat' dir='ltr'><strong>b.</strong></span> 
     </span>
    </p>
   </div>
  </div>
