3926 6380
1082 404 1571 460 SUPPLEM’ENTA
1607 401 2069 472 QUIESTIONUM
2107 399 2194 454 AD
2232 395 2563 454 MARINUM.

3285 396 3388 453 990

194 514 560 580 lnim‘euaay
589 512 636 566 οί
659 510 864 576 ἕνδεκα,
890 515 945 567 ἐν
975 509 1052 579 οἶς
1079 511 1213 586 ἦσαν
1233 519 1321 570 καὶ
1347 518 1389 570 όο
1404 517 1599 586 Πέτρος
1629 519 1718 570 καὶ
1743 519 1770 570 6

1869 522 2118 584 tanquam
2140 526 2204 566 ex
2236 509 2419 564 auditu
2445 508 2672 563 duorum
2719 515 3054 563 ostensorum
3085 507 3219 578 ipsis
3249 508 3390 561 viro-

211 604 522 675 Ἰωάννης,
556 602 686 674 μηδὲ
744 602 895 658 αὐτοὶ
939 606 1367 667 πεπιστευκότες.
1402 608 1477 676 Τῇ
1503 607 1558 658 δὲ
1587 607 1766 676 Μαρίᾳ

193 693 367 747 κατὰ
395 692 494 746 τὸν
534 691 778 762 Ἰωάννην
815 693 1036 766 είπούσῃ
1056 695 1158 760 ὃτι,
1188 713 1206 745 ι
1236 691 1412 766 Ἦραν
1452 695 1542 746 τὸν
1572 695 1767 764 Κύριόν

191 799 322 853 μου
363 784 438 837 ἐκ
473 782 567 837 τοῦ
613 784 904 852 μνήματος,
947 803 964 834 ι
995 785 1055 838 οὐ
1101 785 1355 856 πρότερον
1391 785 1766 838 ἐπίστευσανοὶ

189 873 308 927 δύο
345 872 599 944 μαθηταὶ
617 872 772 926 τοῦτο
803 873 951 938 αὐτὸ,
977 876 1035 928 τὸ
1065 871 1226 946 ἦρθαι
1256 875 1346 928 τὸν
1378 875 1616 946 Σωτῆρα,
1645 876 1768 946 πρὶν

191 964 401 1017 ἐλθεῖν
455 966 538 1026 είς
575 963 665 1016 16v
711 963 869 1016 τόπον
912 964 1003 1016 καὶ
1049 963 1192 1034 ἑργῳ
1229 964 1382 1017 τοῦτο
1426 965 1765 1034 παραλαϐεῖν.

193 1053 351 1104 Ὅτε
375 1051 517 1121 γοῦν
532 1050 775 1122 εἰσῆλθον
799 1048 937 1104 οὗτοι
968 1053 1047 1113 είς
1077 1051 1136 1104 16
1165 1052 1370 1121 μνῆμα,
1401 1053 1490 1104 καὶ
1507 1052 1574 1104 τά
1591 1053 1768 1105 ὀθόνια

191 1137 359 1195 εἶδον
389 1142 555 1212 μόνα,
599 1143 662 1194 τὸ
711 1141 766 1194 δέ
801 1143 965 1211 ’σῶμα
985 1142 1231 1212 οὐδαμοῦ,
1265 1143 1381 1194 τότε
1413 1144 1727 1196 ἐπίστευσαν
1749 1161 1763 1174 ’

188 1231 316 1285 τίνι
350 1231 414 1284 δὲ
461 1231 804 1296 ἐπίστευσαν,
847 1230 956 1284 ἀλλ’
988 1230 1019 1300 ἢ
1045 1231 1118 1300 τῷ
1144 1233 1238 1301 τῆς
1268 1232 1480 1302 Μαρίας
1507 1232 1644 1302 λόγῳ
1669 1235 1767 1303 φή-

197 1339 402 1386 σαντι,
443 1318 660 1394 «Ἦραν
692 1324 781 1375 τὸν
804 1322 999 1393 Κύριόν
1032 1339 1128 1391 μου
1154 1338 1169 1386 ;
1193 1323 1325 1375 {Arb
1353 1323 1584 1391 ἐπιλέγει
1615 1323 1763 1394 ἑξῆς·

201 1431 224 1464 σ
253 1412 444 1466 οὔπω
492 1414 604 1484 γὰρ
644 1413 861 1484 ᾔδεισαν
901 1414 994 1485 τὴν
1031 1413 1263 1485 Γραφὴν,
1288 1413 1367 1466 ὅτι
1393 1413 1470 1466 δεῖ
1517 1414 1672 1467 αὑτὸν
1706 1416 1768 1467 ἐκ

193 1502 436 1572 νεκρῶν
456 1502 776 1572 ἀναστῆναι.
814 1520 833 1554 ι

976 1780 1047 1830 Δ⁹.

1867 621 2006 667 rum,
2038 611 2096 656 ut
2140 603 2212 655 ait
2241 600 2443 662 Lucas,
2479 615 2583 654 non
2630 597 2921 654 credidisse
2965 599 3259 668 discipulos
3288 614 3391 652 un-

1866 695 2056 756 decim,
2075 709 2206 762 quos
2228 693 2366 746 inter
2386 698 2538 745 erant
2559 689 2716 743 etiam
2735 687 2923 744 Petrus
2938 705 3000 744 ac
3018 687 3274 754 Joannes,
3296 691 3390 760 qui

1865 787 2061 856 pariter
2117 781 2559 837 discrediderunt.
2638 777 3008 835 Verumtamen
3065 779 3277 848 Mariae,
3333 788 3392 835 ut

1864 875 2095 929 Joannes
2123 881 2325 936 narrat,
2354 870 2549 926 dicenti
2577 889 2588 923 :
2631 887 2648 920 ι
2679 869 2955 922 Dominum
2993 885 3164 926 meum
3208 873 3273 925 de
3307 885 3392 924 se-

1865 965 2049 1034 pulcro
2077 961 2434 1026 abstulerunt;
2498 979 2515 1011 ι
2556 959 2694 1013 haud
2738 965 2860 1012 ante
2905 959 3244 1014 crediderunt
3284 961 3391 1014 duo

1865 1051 2111 1121 discipuli
2134 1051 2372 1120 rapinam
2403 1048 2700 1103 Servatoris
2724 1047 2886 1103 fuisse
2907 1055 3193 1116 peractam,
3211 1061 3388 1116 quam,

1867 1143 1929 1196 ad
1953 1143 2124 1196 locum
2161 1139 2400 1210 profecti,
2428 1154 2537 1192 rem
2569 1139 2737 1192 oculis
2757 1139 2868 1192 suis
2899 1143 3241 1204 usurparunt.
3260 1135 3392 1190 Cum

1866 1233 1919 1284 hi
1950 1247 2078 1300 ergo
2104 1239 2503 1285 monumentum
2534 1229 2756 1296 ingressi
2798 1227 3107 1280 linteamina
3156 1227 3268 1282 sola
3315 1227 3394 1280 vi-

1865 1319 2076 1381 derunt,
2108 1325 2237 1372 tunc
2281 1317 2642 1372 crediderunt.
2676 1315 2898 1370 Cuinam
2931 1316 3005 1368 rei
3036 1329 3194 1384 porro
3223 1313 3395 1368 credi-

1866 1407 2089 1468 derunt,
2128 1405 2232 1459 nisi
2270 1404 2445 1458 Maria
2491 1404 2703 1458 verbis:
2748 1421 2764 1453 ι
2800 1402 3059 1457 Tulcrunt
3110 1403 3393 1458 Dominum

1866 1494 2073 1547 meum?
2107 1513 2124 1544 ›
2145 1492 2426 1562 Propterea
2479 1508 2600 1546 mox
2628 1493 2769 1546 addit
2789 1491 3057 1547 Joannes:
3094 1512 3112 1543 ‹
3147 1492 3394 1547 Nondum

1866 1580 2006 1633 enim
2036 1581 2278 1634 sciebant
2313 1579 2638 1648 Scripturam
2659 1618 2674 1644 ,
2727 1580 2866 1649 quod
2913 1589 3180 1649 oporteret
3208 1596 3329 1636 eum
3365 1596 3395 1634 a

1866 1666 2093 1720 mortuis
2124 1682 2418 1736 resurgere.
2458 1686 2476 1718 ι

2587 1776 2675 1830 1V.

273 1888 402 1959 (65)
435 1888 516 1941 Τδ
547 1888 606 1941 δὲ
638 1886 755 1950 πῶς
793 1886 882 1940 δύο
925 1885 1068 1957 παρά
1104 1886 1192 1938 τὸν
1229 1885 1471 1956 Ἰωάννην
1521 1885 1769 1958 μαθητῶν

1941 1891 2213 1958 Quomodo
2256 1899 2430 1945 autem
2476 1889 2582 1944 duo
2629 1889 2879 1942 dicantur
2919 1903 2948 1940 a
2989 1887 3192 1943 Joanne
3233 1888 3397 1943 disci-

193 1981 488 2034 ἐλθόντων
515 1981 595 2042 είς
622 1978 682 2031 16
731 1981 1014 2048 μνημεῖον,
1059 1977 1260 2047 Πέτρου
1310 1978 1400 2029 καὶ
1453 1978 1711 2039 Ἰωάννου,
1741 1980 1770 2031 6

192 2071 434 2132 Λουκᾶς
463 2069 565 2121 ἕνα
597 2068 753 2138 μόνον
785 2067 943 2138 φησὶν
969 2065 1348 2136 ἀπηντηκέναι,
1389 2065 1556 2130 οὕτως
1587 2067 1650 2120 ἂν
1680 2068 1768 2119 λυ-

194 2159 350 2229 θείη.
781 2185 790 2192 -

267 2249 466 2312 Πολὺς
519 2244 590 2318 ἦν
621 2246 650 2298 6
702 2249 899 2318 Πέτρος
942 2251 1027 2302 όιελ⁵
1057 2253 1118 2320 τῇ
1162 2249 1458 2321 προθυμίᾳ,
1500 2247 1572 2311 ὡς
1615 2249 1767 2316 μόνον

194 2340 360 2410 παρά
385 2342 529 2403 τοὺς
561 2339 884 2402 ἀποστόλους
906 2341 1073 2392 εἰπεῖν
1097 2341 1171 2409 τῷ
1196 2340 1398 2410 Σωτῆρι
1427 2357 1440 2370 ο
1480 2359 1498 2390 ‹
1538 2340 1650 2392 Κᾶν
1677 2340 1766 2410 δέῃ

195 2444 268 2499 με
303 2429 419 2481 σὺν
453 2428 540 2480 σοὶ
566 2426 867 2490 ἀποθανεῖν,
892 2429 950 2478 ού
988 2429 1058 2497 μή
1097 2444 1151 2478 σε
1180 2428 1580 2497 ἀπαρνήσομαγ
1617 2446 1634 2477 ι
1677 2427 1768 2478 καλ⁵

197 2521 370 2589 μόνον
399 2517 576 2570 πάλιν
599 2516 849 2586 ἐπιϐῆναι
877 2520 986 2580 τοῖς
1013 2517 1243 2587 κύμασιν
1271 2517 1492 2580 ἀξιῶσαι
1513 2535 1526 2547 ⁸
1555 2519 1645 2570 καὶ
1678 2518 1768 2587 μό-

192 2624 291 2662 νον
338 2607 758 2677 ἀποκρίνασθαι
790 2607 882 2659 καὶ
909 2608 1079 2659 εἰπεῖν
1116 2607 1260 2676 αύτῷ
1289 2627 1304 2639 ο
1346 2628 1363 2658 ι
1399 2610 1468 2661 Σὺ
1499 2604 1547 2660 εἴ
1575 2609 1602 2659 6
1635 2609 1766 2678 Χρι-

194 2699 326 2762 στὸς
343 2699 376 2750 6
409 2697 548 2758 Υἱὸς
571 2695 666 2749 τοῦ
690 2696 822 2749 Θεοῦ
844 2695 934 2748 τοῦ
964 2695 1156 2760 ζῶντος
1177 2714 1189 2727 '
1227 2718 1243 2747 ι
1271 2698 1346 2750 διὸ
1377 2700 1466 2750 καὶ
1491 2699 1641 2767 μόνος
1663 2697 1768 2749 τῶν

195 2789 481 2860 μαθητῶν
507 2787 696 2840 ἀκούει
715 2803 726 2815 ⁸
763 2806 780 2836 ι
800 2788 1076 2857 Μακάριος
1104 2783 1172 2853 εἴ,
1201 2789 1374 2857 Σίμων
1403 2788 1509 2859 Βάρ
1547 2790 1711 2840 Ἰωνᾶ.
1743 2808 1761 2840 ι

192 2879 288 2931 Διδ
314 2878 427 2930 καὶ
459 2876 681 2945 πρῶτος
707 2875 877 2944 τολμᾷ
915 2874 1133 2927 εἰσιέναι
1170 2877 1247 2937 εἰς
1283 2875 1343 2928 τὸ
1377 2878 1646 2946 μνημεῖον,
1674 2877 1766 2928 σὺν

189 2968 272 3037 τῷ
303 2968 500 3036 ἑτέρῳ
538 2963 751 3036 μαθητῇ
799 2964 854 3016 ὃν
887 2964 1052 3030 ἐφίλει
1103 2967 1132 3016 6
1174 2964 1372 3034 Ἰησοῦς
1415 2963 1599 3028 ἐλθὼν,
1632 2964 1768 3019 κατά

191 3058 288 3110 τὸν
332 3057 612 3124 Ἰωάννην
631 3071 644 3084 °
675 3053 808 3106 ἀλλὰ
835 3054 951 3106 τότε
985 3053 1078 3122 μὲν
1104 3053 1249 3124 παρὰ
1282 3054 1378 3123 τῆς
1418 3055 1768 3125 Μαγδαληνῇ

191 3141 370 3215 ἦρθαι
401 3144 470 3196 τὸ
508 3142 668 3211 σῶμα
691 3140 782 3193 τοῦ
809 3142 1009 3210 Κυρίου
1041 3141 1146 3193 ἀπὸ
1168 3140 1259 3193 τοῦ
1309 3141 1563 3212 μνημείου
1593 3160 1766 3211 μεμα-

1874 1982 1980 2052 puli
2014 1981 2079 2034 ad
2111 1989 2508 2035 monumentum
2545 1979 2774 2041 venisse,
2813 1977 3002 2032 Petrus
3035 1985 3191 2047 atque
3231 1977 3394 2033 Joan-

1869 2087 1998 2133 nes,
2028 2071 2200 2125 Lucas
2231 2086 2358 2124 vero
2400 2086 2560 2123 unum
2597 2070 2722 2123 illuc
2765 2083 3106 2137 progressum
3136 2067 3356 2122 aiIirmet
3376 2107 3393 2135 ,

1870 2161 2092 2230 quaastio
2125 2162 2196 2213 ita
2224 2160 2556 2214 dissolvitur.

1941 2249 2130 2319 Magno
2161 2265 2369 2317 semper
2407 2257 2522 2303 erat
2572 2248 2777 2301 fervore
2811 2246 3030 2312 Petrus;
3069 2247 3264 2316 quippe
3301 2247 3392 2316 qui

1873 2341 2018 2396 solus
2047 2341 2405 2408 apostolorum
2435 2337 2626 2391 dixerit
2654 2334 2923 2389 Servatori
2957 2355 2968 2389 :
3006 2354 3023 2385 ι
3063 2336 3282 2390 Etiamsi
3312 2351 3397 2389 me

1869 2433 2163 2502 oportuerit
2195 2430 2325 2483 mori
2355 2437 2549 2489 tecum,
2588 2441 2693 2479 non
2736 2435 2786 2479 te
2827 2426 3030 2495 negabo
3059 2426 3135 2490 ⁸⁸;
3176 2445 3193 2476 ι
3250 2426 3397 2480 solus

1871 2525 1994 2577 item
2016 2521 2240 2575 voluerit
2260 2534 2417 2587 supra
2445 2517 2638 2570 ﬂuctus
2659 2516 2928 2570 ambulare
2956 2533 2970 2579 ;
2999 2515 3145 2569 solus
3171 2530 3396 2585 respon-

1868 2611 2024 2672 derit,
2055 2609 2348 2675 dixeritque
2377 2604 2500 2659 Jesu
2534 2623 2546 2658 :
2583 2622 2600 2654 ι
2638 2603 2716 2656 Tu
2745 2619 2802 2657 es
2827 2603 3073 2658 Christus
3104 2603 3267 2657 Filius
3302 2603 3394 2657 Dei

1868 2701 1974 2754 vivi
1999 2701 2042 2732 ⁸³
2079 2715 2092 2751 τ
2135 2718 2152 2749 ι
2188 2697 2412 2764 ideoque
2462 2702 2514 2748 et
2561 2694 2706 2748 solus
2753 2693 3133 2760 discipulorum
3168 2692 3336 2746 audiit
3377 2710 3390 2746 :

1875 2810 1893 2842 ι
1923 2791 2117 2844 Beatus
2166 2803 2246 2852 es,
2305 2785 2486 2839 Simon
2528 2784 2629 2836 Bar
2664 2782 2796 2837 Jona
2817 2784 2883 2836 ’°.
2955 2801 2972 2832 ι
3031 2781 3388 2847 Quamobrem

1869 2880 2072 2950 primus
2101 2891 2311 2946 quoque
2356 2873 2514 2928 audet
2574 2874 2624 2926 in
2683 2879 3086 2926 monumentum
3147 2872 3392 2936 introire,

1869 2984 1990 3022 cum
2018 2970 2185 3023 altero
2206 2965 2467 3033 discipulo
2503 2965 2626 3017 illuc
2658 2963 2928 3032 profectus
2959 2978 3115 3031 quem
3147 2963 3399 3032 diligebat

1867 3057 2051 3120 Jesus,
2072 3065 2130 3110 ut
2155 3057 2227 3109 ait
2258 3054 2509 3108 Joannes.
2551 3052 2653 3106 Sed
2687 3060 2815 3105 tunc
2851 3053 3063 3121 quidem
3113 3060 3394 3120 postquam

1871 3145 2109 3198 audierat
2140 3158 2202 3196 ex
2258 3141 2562 3210 Magdalene
2620 3140 2887 3194 sublatum
2925 3139 2992 3193 de
3053 3150 3398 3194 monumento

193 3233 414 3305 θηκὼς,
455 3233 680 3302 ἀπήντα
711 3233 824 3300 ἅμα
847 3231 923 3300 τῷ
956 3231 1122 3302 ἑτέρῳ
1158 3231 1364 3301 μαθητῇ
1385 3249 1399 3262 ο
1431 3228 1544 3283 εἶτα
1573 3231 1769 3300 ἀνεχώ-

1873 3249 2067 3301 corpus
2099 3231 2324 3293 Domini,
2357 3233 2526 3282 iverat
2565 3244 2684 3282 cum
2726 3229 2894 3283 altero
2942 3229 3224 3298 discipulo.
3275 3229 3394 3282 Mox

197 3341 282 3392 ρει
314 3324 422 3376 σὺν
455 3319 633 3389 αὐτῷ,
669 3319 736 3372 τὰ
759 3318 932 3371 ὀθόνια
961 3319 1086 3371 εἴσω
1115 3318 1206 3370 τοῦ
1233 3321 1503 3388 μνήματος
1524 3318 1770 3386 τεθεαμέ-

191 3431 285 3476 νος
318 3413 424 3466 καὶ
451 3409 773 3471 πιστεύσας.
802 3408 955 3462 Κατὰ
977 3409 1031 3460 δέ
1067 3409 1292 3468 Λουκᾶν,
1319 3407 1421 3459 τῶν
1453 3407 1618 3459 ἄλλων
1646 3409 1769 3460 ἀπι-

193 3504 488 3557 στούντων
528 3499 803 3570 μαθητῶν,
841 3498 996 3567 μόνος
1025 3497 1180 3559 αὐτὸς
1209 3496 1362 3548 πάλιν
1397 3495 1631 3548 πιστεύει
1653 3498 1769 3556 ταῖς

189 3590 505 3661 λεγούσαις
533 3592 656 3651 ταῖς
682 3588 920 3656 γυναιξὶν
946 3587 1239 3656 ἑωρακέναι
1262 3585 1384 3647 τοὺς
1399 3584 1652 3652 ὀφθέντας
1673 3585 1769 3648 ἁγ-

189 3683 436 3752 γέλουςο
487 3680 554 3731 ού
615 3678 722 3748 γὰρ
755 3677 1055 3747 ἀπιστήσας
1104 3676 1160 3728 δὲ
1207 3679 1323 3737 ταῖς
1349 3675 1454 3727 τῶν
1505 3673 1768 3741 γυναικῶν

188 3770 578 3843 μαρτυρίαις,
636 3768 1048 3837 παλινδρομαῖος
1082 3767 1170 3817 ἐπὶ
1221 3765 1280 3817 16
1336 3767 1588 3834 μνημεῖον
1616 3763 1769 3833 μόνος

187 3862 589 3932 παραγίνεται
610 3875 622 3887 ο
652 3859 744 3910 καὶ
774 3854 926 3918 αὖθις
950 3856 1268 3927 παρακύψας
1295 3855 1474 3924 βλέπει
1499 3854 1564 3906 τά
1596 3853 1771 3906 ὀθόνια

192 3953 339 4022 μόνα
378 3951 466 4013 ὡς
505 3949 604 4001 καὶ
632 3947 692 3999 16
725 3947 1011 4018 πρότερον·
1045 3942 1160 3998 εἶτα
1191 3946 1384 4016 ἀπῄει,
1417 3945 1549 4016 πρὸς
1587 3944 1770 3997 ἑαυτὸν

188 4041 520 4111 θαυμάζων
550 4036 612 4089 16
639 4036 855 4104 γεγονός
875 4051 887 4062 ·
919 4036 1012 4088 καὶ
1045 4034 1136 4086 νῦν
1164 4036 1259 4105 μέν
1284 4035 1443 4106 ἀπῄει
1487 4035 1772 4104 θαυμάζων

186 4129 253 4183 τὸ
279 4130 552 4198 γεγονὸς,
583 4127 702 4178 ἐπεὶ
719 4126 774 4177 δὲ
797 4125 956 4186 πολὺς
975 4122 1040 4195 ἦν
1060 4128 1124 4196 τῇ
1148 4124 1418 4196 προθυμίᾳ
1441 4125 1530 4178 καὶ
1559 4124 1770 4176 πλείονα

187 4220 454 4290 σπουδὴν
489 4215 650 4286 παρὰ
678 4216 879 4276 πάντας
903 4214 1256 4276 ἐπεδείκνυτο,
1283 4213 1521 4267 σπεύδων
1553 4215 1642 4267 καὶ
1673 4230 1770 4265 πε-

187 4310 507 4380 ριτρέχων,
533 4307 630 4358 καὶ
651 4304 821 4374 πάντη
848 4315 932 4358 τον
956 4304 1176 4375 Σωτῆρα
1199 4304 1497 4375 περιαθρῶν
1520 4303 1771 4370 ἀνεωγύσι

185 4401 306 4460 τοῖς
343 4398 460 4465 τῆς
493 4395 679 4463 ψυχῆς
709 4393 935 4462 ὄμμασι,
966 4392 1230 4462 πανταχοῦ
1260 4392 1316 4445 δέ
1347 4392 1520 4463 ζητῶν
1564 4394 1654 4446 καὶ
1677 4409 1769 4445 πε-

190 4487 638 4556 ριϐλεπόμενος,
668 4483 766 4534 ούκ
788 4481 1020 4552 ἠτύχησε
1042 4483 1138 4550 τῆς
1165 4481 1388 4546 ἐλπίδος,
1414 4482 1545 4535 ἀλλά
1572 4483 1662 4535 καὶ
1683 4483 1769 4536 αὐ·
1801 4521 1840 4574 D

186 4579 283 4640 τὸς
307 4577 582 4641 ἀξιοῦται
616 4572 716 4641 τῆς
749 4571 908 4624 αύτοῦ
937 4572 1245 4639 θεοφανείας
1264 4586 1276 4599 ’
1305 4573 1488 4625 τούτου
1520 4574 1720 4643 μάρτυς
1741 4575 1768 4626 6

183 4667 358 4728 αὐτὸς
392 4660 804 4730 εὐαγγελιστὴς
835 4661 1042 4722 Λουκᾶς
1071 4654 1169 4712 ὧδέ
1202 4678 1274 4730 πη
1313 4661 1504 4731 προῖὼν
1531 4662 1652 4730 ἑξῆς
1679 4664 1769 4714 καὶ

187 4757 380 4824 λέγων
409 4757 506 4809 ὅτι
533 4754 707 4814 ὅντως
734 4751 935 4821 ἠγέρθη
960 4752 987 4802 6
1018 4750 1213 4820 Κύριος
1240 4753 1330 4802 καὶ
1351 4751 1500 4821 ὤφθη
1547 4752 1764 4819 Σίμωνι.

187 4846 614 4916 Συμμαρτυρεῖ
634 4841 692 4894 δὲ
716 4839 862 4908 αὑτῷ
888 4839 978 4894 καὶ
1000 4841 1027 4892 6
1057 4841 1194 4909 ἱερὸς
1209 4841 1516 4900 Ἀπόστολος
1537 4833 1636 4892 ὦδε
1662 4842 1767 4892 Κο-

189 4934 436 5005 ρινθίοις
457 4933 712 5004 γράφων,
737 4931 816 4982 ὅτι
846 4929 1046 5000 «Ὠφθη
1071 4931 1243 4998 Κεφᾷ,
1269 4925 1380 4981 εἷτα
1398 4932 1505 4991 τοῖς
1528 4929 1761 4983 ἕνδεκα.»

190 5026 397 5092 Κεφᾶς
429 5023 498 5076 δὲ
523 5021 689 5083 αὐτὸς
717 5016 784 5088 ἦν
817 5018 991 5088 Σίμων
1019 5022 1048 5072 6
1079 5020 1172 5072 xui.
1203 5018 1420 5088 Πέτρος,
1451 5012 1494 5083 ᾧ
1532 5020 1620 5070 καὶ
1665 5022 1768 5090 πρὸ

190 5111 308 5164 τῶν
343 5113 560 5166 ἕνδεκα
602 5109 766 5177 μόνος
812 5107 954 5177 μόνῳ
1000 5107 1149 5176 ὤφθη
1181 5108 1208 5159 6
1253 5108 1457 5175 Σωτὴρ,
1489 5105 1584 5174 τῆς
1623 5110 1767 5178 παρὰ

189 5201 414 5262 πάντας
440 5194 894 5268 ὑπερϐαλλούσης
921 5196 1084 5249 αὐτοῦ
1109 5197 1264 5265 χάριν
1304 5196 1547 5264 σπουδῆς.

977 5307 1050 5360 Ε’.

260 5394 403 5464 (65⁵)
431 5393 556 5444 Ἔτι
577 5389 866 5459 ζητήσειεν
883 5390 952 5443 ἀν
981 5410 1060 5456 τις
1085 5391 1199 5453 πῶς
1225 5392 1372 5462 παρὰ
1399 5393 1494 5462 μὲν
1521 5394 1596 5462 τῷ
1622 5397 1745 5450 Ματ

1869 3337 1988 3375 cum
2020 3321 2203 3375 eodem
2236 3318 2492 3382 recessit,
2523 3317 2653 3370 visis
2693 3317 2831 3369 intra
2865 3326 3264 3372 monumentum
3295 3319 3396 3373 lin-

1867 3410 2206 3470 teaminibus,
2254 3408 2436 3475 reique
2482 3420 2619 3457 verae
2655 3406 2853 3458 certior
2903 3404 3094 3459 factus.
3135 3403 3202 3457 At
3236 3421 3383 3467 vero,

1867 3499 2156 3554 secundum
2179 3496 2400 3557 Lucam,
2436 3493 2555 3547 aliis
2583 3493 2860 3562 discipulis
2892 3509 2999 3547 non
3029 3494 3390 3560 credentibus,

1867 3587 2010 3640 solus
2053 3585 2166 3654 ipse
2205 3582 2374 3636 credit
2406 3582 2686 3636 mulierum
2719 3579 3051 3633 aﬂirmationi
3104 3579 3392 3633 dicentium

1867 3691 1925 3729 se
1962 3675 2174 3744 angelos
2219 3672 2436 3728 vidisse.
2488 3670 2692 3723 Etenim
2754 3669 3034 3722 mulierum
3089 3668 3395 3722 testimonio

1867 3781 1974 3819 non
2001 3763 2328 3828 discredens,
2360 3777 2551 3816 rursus
2582 3760 2645 3814 ad
2677 3765 3080 3812 monumentum
3124 3760 3272 3813 solus
3299 3774 3392 3813 ve-

1865 3857 1946 3910 nit
1970 3867 2294 3921 :rursusque
2322 3849 2722 3920 introspiciens,
2747 3848 2860 3902 sola
2889 3847 3195 3902 linteamina
3219 3857 3276 3902 ut
3299 3863 3396 3902 an-

1868 3955 1947 3999 tea
1978 3943 2126 3997 vidit.
2159 3942 2357 3996 Deinde
2385 3941 2534 4002 ahiit,
2569 3953 2750 3992 secum
2798 3937 2912 4006 ipse
2941 3951 3054 3991 rem
3099 3937 3390 3992 demirans.

1869 4033 2083 4087 Scilicet
2111 4047 2222 4086 rem
2247 4039 2448 4099 gestam
2479 4029 2673 4115 tacitus
2707 4027 3091 4091 admirabatur,
3128 4029 3253 4098 quia
3287 4030 3403 4085 ferr

1866 4122 1988 4176 vida
2019 4129 2192 4174 mente
2215 4127 2347 4184 erat,
2387 4119 2785 4188 plurimumque
2813 4117 3049 4171 studium
3082 4133 3190 4186 pra:
3220 4118 3395 4172 omni-

1867 4213 1970 4267 bus
2001 4211 2420 4274 demonstrabat,
2463 4217 2712 4281 satagens
2761 4219 2919 4280 atque
2959 4213 3304 4276 discurrens;
3341 4219 3396 4266 et

1869 4303 2063 4370 ubique
2100 4301 2434 4355 Servatorem
2476 4302 2672 4369 apertis
2719 4303 2930 4356 intuens
2980 4302 3169 4355 animae
3193 4301 3387 4366 oculis,

1869 4405 2265 4461 quaqueversus
2334 4389 2592 4459 indagans
2657 4399 2711 4447 et
2779 4393 3251 4463 circumspiciens,
3304 4409 3398 4463 spe

1869 4499 1964 4540 sua
2006 4498 2110 4536 non
2138 4483 2353 4545 excidit,
2388 4483 2480 4538 sed
2512 4493 2563 4538 et
2595 4483 2709 4553 ipse
2753 4484 2932 4538 divina
2965 4485 3396 4542 manifestatione
3453 4473 3468 4491 ’

1868 4573 2061 4639 dignus
2094 4572 2208 4626 fuit.
2239 4573 2334 4627 Rei
2364 4575 2516 4629 testis
2547 4572 2683 4628 idem
2713 4574 3036 4644 evangelista
3069 4574 3264 4636 Lucas,
3304 4575 3397 4644 qui

1866 4663 1920 4716 in
1952 4663 2397 4731 subsequentibus
2434 4664 2584 4726 dicit,
2629 4679 2812 4718 revera
2861 4665 3165 4720 surrexisse
3211 4664 3396 4719 Domi-

1867 4767 2015 4814 num,
2049 4758 2101 4803 et
2139 4753 2451 4820 apparuisse
2494 4751 2718 4806 Simoni.
2765 4752 3038 4806 Consonat
3089 4754 3215 4806 huic
3253 4754 3395 4808 sacri

1871 4840 2109 4911 Apostoli
2161 4843 2524 4896 testimonium
2554 4843 2618 4894 ad
2674 4843 2979 4898 Corinthios
3046 4844 3330 4899 scribentis
3378 4865 3393 4901 :

1877 4953 1895 4986 ι
1940 4933 2092 4987 Visus
2121 4941 2202 4986 est
2229 4933 2438 5001 Cephze,
2473 4943 2526 4987 et
2557 4934 2748 4989 deinde
2774 4934 3018 4987 undecim
3045 4934 3111 4989 ⁹¹.
3143 4953 3162 4984 ι
3189 4935 3396 5003 Cephas

1871 5033 2047 5078 autem
2075 5023 2191 5091 ipse
2221 5021 2404 5076 Simon
2437 5033 2518 5079 est
2556 5040 2618 5078 ac
2666 5024 2887 5088 Petrus;
2940 5023 3028 5076 cui
3084 5023 3242 5077 etiam
3273 5036 3396 5081 ante

1869 5114 2002 5167 alios
2031 5109 2278 5166 undecim
2307 5112 2452 5168 solus
2478 5113 2575 5168 soli
2604 5112 2849 5183 apparuit
2877 5111 3146 5176 Servator,
3177 5122 3395 5183 prOptcr

1868 5214 2128 5252 summam
2160 5201 2274 5267 ejus
2305 5203 2656 5270 praeommb..s
2677 5202 3023 5257 seculitatcm.

2600 5309 2661 5364 V.

1942 5400 2158 5466 Insuper
2197 5401 2386 5468 aliquis
2411 5401 2768 5454 sciscitabitnr
2792 5397 3055 5467 quomodo
3083 5397 3224 5467 apud
3256 5397 3397 5472 litet-

257 5547 304 5577 ⁸⁸
343 5543 544 5597 Matth.
578 5552 758 5603 xxvi,
794 5538 875 5592 35.
962 5545 1005 5576 ⁸³
1042 5543 1223 5600 Matth.
1258 5560 1389 5612 xvi,
1430 5544 1510 5600 l6.
1584 5549 1629 5581 ’°
1669 5549 1799 5605 ibid.
1840 5552 1922 5605 l7.
1995 5552 2034 5582 "
2078 5551 2238 5604 lCor.
2279 5567 2367 5618 xv,
2403 5553 2453 5604 5.

244 5693 364 5768 κσε)
403 5691 537 5748 Cod.
564 5689 644 5766 Α.
676 5682 722 5742 r.
751 5684 865 5754 διε,
896 5691 965 5777 b.

1933 5701 2062 5776 (65')
2099 5703 2208 5760 Cod
2248 5704 2311 5771 Α,
2343 5704 2378 5759 r.
2411 5703 2530 5761 ως.
