3926 6364
669 392 765 448 991

1313 394 1575 450 EUSEBll
1614 397 2096 454 CxESARlENSlS
2125 399 2273 455 OPP.
2304 402 2477 459 PARS
2517 402 2611 459 Ill.
2653 433 2721 444 --
2755 401 3163 459 EXEGETICA.
3665 406 3743 461 (λθὲ

667 512 860 566 thaeum
900 506 1064 561 Maria
1096 505 1402 578 Magdalene
1431 501 1824 580 cum'ejusdem
1851 513 2084 569 nominis
2110 516 2175 568 al-

2258 568 2263 576 ,
2287 517 2418 587 θαίῳ
2438 520 2471 588 ή
2502 516 2835 587 Μαγδαληνὴ
2857 516 3043 585 Μαρία
3074 512 3208 583 μετά
3234 514 3325 584 τῆς
3348 514 3595 585 ὁμωνύμου
3619 519 3745 589 ἐωρα.

667 609 779 654 tera
805 597 1002 651 vidisse
1033 604 1183 652 extra
1232 606 1630 652 monumentum
1676 600 1998 656 insidentem
2029 603 2191 671 lapidi

665 702 832 744 unum
882 685 1249 739 tantummodo
1297 688 1543 756 angelum
1594 686 1850 742 dicatur:
1898 690 2192 744 secundum

661 774 921 832 Joannem
953 783 1123 828 autem
1174 774 1316 827 intra
1349 784 1745 829 monumentum
1787 779 2008 848 angelos
2051 779 2190 836 duos

664 865 910 921 sedentes
940 864 1200 933 aspexerit
1233 870 1325 918 :at
1366 879 1493 917 vero
1529 867 1823 921 secundum
1858 867 2059 923 Lucam
2087 870 2194 923 duo

663 955 764 1008 viri
807 954 1120 1007 mulieribus
1166 953 1500 1007 occurrerint
1552 972 1565 1006 :
1619 954 1848 1025 denique
1895 958 2193 1012 secundum

664 1040 904 1094 Marcum
933 1040 1147 1108 juvenis
1177 1041 1244 1095 ab
1281 1041 1413 1110 ipsis
1441 1051 1758 1110 conspectus
1790 1043 1989 1098 fuerit?

734 1131 1005 1185 Dictorum
1060 1132 1199 1200 apud
1242 1131 1498 1187 Joannem
1537 1141 1695 1202 atque
1731 1134 2036 1189 Mattbmum
2080 1136 2193 1190 lucc

663 1230 780 1275 esto
808 1222 1020 1275 solutio.
1069 1221 1316 1275 Arbitror
1356 1223 1495 1276 enim
1552 1224 1889 1290 praecessisse
1933 1241 2017 1287 ea,
2074 1242 2194 1295 quae

663 1315 846 1363 narrat
872 1307 1127 1374 Joannes,
1157 1309 1222 1364 iis
1250 1324 1368 1378 quae
1400 1308 1708 1376 Mattbaeus;
1739 1318 1794 1363 et
1823 1310 2191 1380 Magdalenam

660 1397 718 1453 in
749 1398 921 1466 primo
958 1398 1187 1452 adventu
1215 1400 1428 1467 angelos
1456 1398 1591 1453 duos
1624 1398 1760 1452 intra
1788 1412 2191 1457 monumentum

663 1486 912 1540 sedentes
937 1487 1154 1540 vidisse.
1194 1486 1384 1541 Postea
1422 1486 1487 1540 ad
1507 1487 1751 1541 eumdem
1780 1488 1953 1542 locum
2000 1506 2192 1546 rursus

660 1590 994 1644 progressam
1023 1591 1141 1630 cum
1165 1577 1268 1629 alia
1294 1576 1475 1639 Maria,
1502 1576 1815 1631 insidentem
1843 1579 2005 1647 lapidi
2030 1595 2192 1649 ange-

663 1663 770 1715 lum
796 1664 1157 1731 spectavisse;
1189 1665 1271 1719 vel
1302 1665 1460 1719 etiam
1493 1664 1717 1720 fortasse
1761 1667 1897 1721 alius
1941 1676 2021 1722 est
2050 1669 2192 1737 apud

662 1751 965 1806 Matthazum
1026 1754 1267 1822 angelus,
1315 1755 1457 1809 aliud
1506 1763 1714 1825 tempus
1765 1757 2022 1825 locusque
2082 1773 2190 1826 quo

2289 604 2434 657 κέναι
2462 604 2622 667 ἐκτὸς
2646 605 2741 657 τοῦ
2776 605 3053 674 μνήματος
3074 601 3449 671 ἐπικαθήμενον
3466 603 3535 672 τῷ
3557 604 3664 672 λίθῳ
3678 610 3745 663 ἕνα

2292 695 2445 764 μόνον
2465 696 2694 764 ἄγγελον
2726 695 2938 765 εἴρηται
2962 709 2976 723 ⁸
3002 691 3142 746 κατά
3179 692 3234 745 δὲ
3274 692 3361 745 τὸν
3411 694 3623 765 Ἰωάννην
3655 698 3745 751 τίσω

2288 786 2376 839 τοῦ
2403 788 2680 858 μνήματος
2705 785 2968 855 ἀγγέλους
2991 784 3083 837 δύο
3103 784 3288 853 θεωρεῖ
3304 783 3605 855 καθημένους
3618 803 3630 816 ·
3649 793 3746 843 κατὰ

2288 878 2343 930 δὲ
2367 877 2455 930 τὸν
2486 879 2701 930 Λουκᾶν
2754 876 2848 930 δύο
2895 876 3086 947 ἄνδρες
3134 876 3379 942 ἀπήντων
3419 880 3525 939 ταῖς
3565 881 3745 945 γυναιξίο

2289 967 2422 1020 κατά
2449 968 2503 1020 δὲ
2526 968 2619 1021 τὸν
2642 967 2871 1038 Μάρκον
2896 966 3176 1029 νεανίσκος
3199 962 3264 1036 ἦν
3290 966 3456 1031 αὐτοῖς
3476 967 3711 1038 ὁρώμενος.

2357 1148 2436 1201 Τὰ
2468 1149 2563 1219 μὲν
2591 1148 2743 1218 παρὰ
2766 1147 2847 1218 τῷ
2889 1148 3114 1220 Ἰωάννῃ
3144 1150 3235 1202 καὶ
3256 1148 3496 1218 Ματθαίῳ
3526 1148 3691 1214 λύσεως
3707 1154 3746 1206 ἂν

2288 1238 2434 1308 τύχοι
2458 1238 2746 1308 τοιαύτης’
2781 1238 3024 1308 ἡγοῦμαι
3069 1239 3171 1309 γάρ
3217 1239 3545 1309 προηγεῖσθαι
3594 1243 3745 1311 μὲντὴν

2294 1325 2438 1393 παρὰ
2459 1324 2532 1394 τῷ
2565 1327 2782 1395 Ἰωάννῃ
2822 1324 3090 1395 ἱστορίαν,
3121 1325 3219 1394 τῆς
3247 1324 3388 1395 παρά
3420 1325 3493 1396 τῷ
3538 1327 3744 1397 Mummio,

2289 1411 2380 1463 καὶ
2407 1410 2502 1480 τὴν
2529 1412 2892 1483 Μαγδαληνὴν
2939 1413 3002 1465 τὸ
3045 1413 3257 1484 πρῶτον
3288 1414 3524 1468 ἐλθοῦσαν
3558 1418 3659 1479 τοὺς
3692 1419 3747 1469 δὰο

2288 1501 2541 1568 ἀγγέλους
2589 1503 2719 1556 εῐσω
2766 1503 2864 1557 τοῦ
2923 1506 3204 1575 μνήματος
3247 1504 3603 1575 καθεζομένους
3643 1509 3744 1561 ἰδεῖν

2291 1592 2422 1661 μετά
2458 1592 2513 1644 δὲ
2549 1592 2722 1646 ταῦτα
2764 1592 3024 1665 δεύτερον
3066 1596 3355 1647 ἐπιστᾶσαν
3393 1595 3465 1665 τῷ
3499 1597 3622 1665 αὐτῷ
3650 1598 3745 1666 τόπῳ

2290 1680 2421 1749 μετά
2459 1681 2555 1751 τῆς
2593 1681 2758 1752 ἄλλης
2783 1683 3011 1754 Μαρίας
3036 1684 3128 1736 τὸν
3166 1684 3536 1754 ἐπικαθήμενον
3578 1686 3639 1755 τῷ
3664 1686 3745 1755 λίθῳ

2287 1768 2505 1836 ἄγγελον
2529 1770 2849 1839 ἑωρακέναι.
2878 1773 2951 1823 ’Ἡ
2980 1772 3124 1841 τάχα
3148 1772 3328 1843 ἕτερος
3354 1773 3445 1843 μὲν
3471 1775 3497 1825 6
3522 1774 3644 1842 παρὰ
3658 1775 3745 1826 Mat-

660 1843 879 1910 angelus
909 1844 1055 1898 visus
1085 1844 1188 1898 fuit
1219 1863 1233 1898 :
1262 1845 1351 1898 alii
1377 1845 1503 1899 item
1534 1846 1706 1916 angeli
1749 1846 1885 1914 apud
1911 1861 2032 1901 eum
2068 1849 2175 1899 mu-

2283 1859 2415 1930 θαίῳ
2433 1861 2675 1929 ἄγγελος,
2705 1862 2797 1915 έτε
2807 1880 2901 1932 ρος
2927 1863 2987 1916 δὲ
3016 1864 3112 1915 καὶ
3133 1866 3161 1916 6
3191 1864 3370 1935 χρόνος
3394 1865 3522 1919 καὶὸ
3545 1866 3672 1927 τόπος
3685 1868 3742 1935 τῆς

658 1931 881 1989 lieribus
911 1936 1076 1989 oblati
1110 1955 1122 1989 :
1161 1938 1465 2005 pariterque
1504 1937 1610 1991 duo
1646 1937 1783 2007 apud
1812 1937 2067 1992 Joannem
2095 1953 2187 1992 an-

658 2024 759 2094 geli
789 2026 928 2078 intra
967 2034 1371 2080 monumentum
1404 2026 1672 2091 sedentes,
1702 2028 1897 2083 diversi
1928 2028 2183 2083 credendi

658 2121 784 2167 sunt
812 2115 878 2167 ab
901 2115 990 2167 illo
1026 2116 1116 2184 qui
1144 2125 1294 2169 extra
1330 2126 1734 2172 monumentum
1767 2117 1928 2187 lapidi
1980 2118 2183 2174 inside;

658 2203 767 2265 bat,
816 2211 873 2257 ut
902 2214 1085 2258 narrat
1118 2205 1415 2261 Matthaeus.
1446 2206 1579 2260 Nam
1609 2209 1676 2271 si,
1726 2223 1847 2263 cum
1902 2209 2182 2265 Matthaeus

657 2294 799 2348 dicat
829 2309 949 2348 sero
974 2295 1349 2360 Sabbatorum,
1381 2313 1653 2367 unumque
1686 2307 1808 2355 ante
1847 2302 2037 2356 ostium
2067 2317 2181 2355 mo-

656 2387 896 2439 numenti
922 2387 1190 2441 sedentem
1217 2388 1269 2440 in
1296 2388 1489 2457 lapide,
1507 2388 1742 2445 Joannes
1763 2391 1945 2445 eodem
1975 2399 2180 2445 retento

656 2483 894 2544 tempore
936 2491 993 2529 ac
1025 2477 1163 2540 loco,
1195 2478 1439 2542 dixisset,
1498 2495 1618 2533 sero
1656 2480 2029 2545 Sabbatorum,
2058 2489 2181 2535 ante

655 2566 850 2619 ostium
890 2567 1220 2621 monumenti
1266 2568 1401 2623 duos
1433 2570 1592 2639 lapidi
1636 2570 1928 2625 insidentes
1952 2586 2177 2640 conspe-

655 2664 790 2718 ctos,
822 2672 946 2711 vere
985 2665 1252 2725 oporteret
1288 2658 1674 2713 dissonantiam
1715 2662 1944 2715 causari.
1974 2661 2098 2716 Item
2132 2664 2178 2719 si

654 2744 933 2800 Matthzeus
961 2762 1109 2816 mque
1135 2761 1198 2800 ac
1229 2746 1462 2803 Joannes
1497 2751 1807 2803 matutinam
1832 2750 2012 2803 horam
2036 2750 2177 2805 amr-

654 2845 828 2896 mans,
861 2834 1003 2889 intra
1054 2843 1455 2889 monumentum
1496 2837 1609 2905 ipse
1647 2854 1857 2908 quoque
1895 2854 2003 2893 non
2043 2840 2177 2895 duos

653 2921 870 2988 angelos
902 2923 996 2978 sed
1034 2939 1200 2977 unum
1244 2924 1415 2978 visum
1450 2926 1751 2988 afﬁrmaret,
1795 2928 2061 2982 contraria
2092 2930 2177 2982 vi-

653 3008 867 3063 deretur
907 3012 1097 3066 merito
1148 3013 1401 3067 scribere.
1458 3013 1926 3071 Verumenimvero
1987 3018 2034 3072 si
2074 3017 2179 3074 dis-

652 3097 921 3155 tinxerunt
955 3102 1292 3170 evangelista:
1317 3110 1574 3172 tempora,
1609 3112 1662 3159 et
1685 3105 1891 3170 modos,
1921 3113 1973 3160 et
1994 3122 2178 3175 perso-

2283 1950 2375 2002 τοῦ
2408 1951 2631 2018 ἀγγέλου
2658 1952 2789 2015 θέας
2817 1968 2830 1982 °
2882 1953 3064 2024 ἕτεροι
3103 1955 3160 2007 δὲ
3205 1956 3294 2008 καὶ
3324 1955 3524 2022 ἄγγελοι
3564 1956 3687 2008 αὐτοῦ
3714 1960 3741 2006 ei

2284 2040 2417 2109 πρὸς
2463 2040 2560 2101 τὰς
2614 2045 2914 2109 γυναῖκας·
2940 2043 3203 2107 ὡσαύτως
3251 2044 3306 2097 δὲ
3330 2044 3418 2097 καὶ
3459 2045 3504 2096 οἱ
3548 2045 3667 2115 παρὰ
3698 2046 3741 2112 τῷ

2294 2129 2509 2201 Ἰωάννῃ
2535 2130 2626 2182 δύο
2658 2132 2883 2199 ἄγγελοι
2910 2136 2959 2185 οἱ
2992 2135 3125 2187 εἴσω
3150 2134 3241 2187 τοῦ
3278 2137 3534 2205 μνήματος
3570 2136 3741 2203 ὀφθέντες

2280 2220 2452 2290 ἕτεροί
2482 2224 2586 2275 εἰσι
2607 2223 2758 2294 παρά
2777 2224 2872 2277 τὸν
2899 2224 3004 2292 ἔξω
3030 2226 3135 2297 πρὸ
3171 2228 3435 2297 μνήματος
3471 2228 3551 2280 ἐπὶ
3571 2227 3631 2297 τῷ
3662 2227 3741 2294 λίθῳ

2279 2311 2634 2382 καθεζόμενον
2655 2315 2811 2385 παρὰ
2828 2316 2909 2386 τῷ
2934 2316 3218 2387 Ματθαίῳ.
3241 2318 3301 2370 Εἰ
3326 2319 3417 2387 μὲν
3442 2319 3537 2389 γὰρ
3559 2318 3633 2371 τοῦ
3650 2320 3741 2371 Ματ-

2278 2401 2426 2454 θαίου
2456 2402 2552 2470 ὀψὲ
2579 2404 2878 2458 Σαϐϐάτων
2911 2406 3213 2476 εἰρηκότος,
3252 2407 3344 2460 καὶ
3364 2408 3452 2460 ἕνα
3483 2408 3571 2478 πρὸ
3594 2407 3669 2476 τῆς
3687 2406 3740 2459 0i-

2280 2508 2377 2561 ρας
2406 2492 2517 2545 τοῦ
2528 2494 2794 2564 μνημείου
2825 2495 3132 2566 καθήμενον
3171 2498 3259 2551 ἐπὶ
3294 2498 3370 2568 τῷ
3402 2498 3521 2569 λίθῳ
3548 2501 3739 2569 ίστορηκὸο

2276 2598 2385 2645 τος,
2426 2583 2664 2651 φυλάξας
2705 2588 2735 2639 6
2779 2588 3035 2658 Ἰωάννης
3080 2589 3170 2641 τὸν
3199 2589 3354 2643 αὑτὸν
3401 2590 3568 2661 καιρὸν
3594 2590 3661 2642 καὶ
3684 2590 3737 2641 τὸν

2276 2673 2434 2726 αὑτὸν
2484 2675 2648 2727 τόπον
2682 2678 2900 2748 εἰρήκει
2946 2679 3044 2748 ἀψὲ
3076 2680 3393 2746 Σαϐϐάτων,
3424 2682 3517 2752 πρὸ
3537 2683 3614 2750 τῆς
3634 2680 3738 2750 θύρας

2274 2761 2365 2814 τοῦ
2400 2765 2683 2834 μνήματος
2732 2767 2828 2820 ἐπὶ
2858 2768 2938 2838 τῷ
2983 2768 3117 2840 λίθῳ
3156 2770 3247 2823 δύο
3294 2771 3637 2841 καθεζομένους
3661 2772 3739 2840 ὀρῶ

2276 2852 2415 2916 σθαι,
2437 2849 2505 2923 ἦν
2523 2855 2747 2926 ἀληθῶς
2770 2858 3068 2928 διαφωνίαν
3092 2862 3376 2917 αἰτιᾶσθαι.
3397 2864 3496 2916 Καὶ
3511 2866 3536 2916 6
3552 2861 3737 2920 nancta:

2258 2944 2528 3008 ,ὡσαύτως
2564 2949 2614 2999 εί
2644 2950 2854 3018 ὁμοίως
2896 2952 3119 3024 Ἰωάννῃ
3157 2953 3256 3023 τὴν
3297 2954 3520 3024 πρωῖνήν
3547 2953 3659 3022 ὥραν
3678 2968 3736 3018 1r;-

2277 3030 2461 3099 ρήσας,
2485 3033 2614 3086 εἴσω
2645 3035 2743 3088 τοῦ
2779 3038 3061 3108 μνήματος
3084 3040 3178 3094 καὶ
3201 3041 3356 3104 αὐτὸς
3379 3043 3435 3094 οὐ
3462 3041 3541 3093 δύο
3562 3039 3736 3107 ἀγγέλους

2274 3119 2385 3171 ἀλλ’
2417 3120 2515 3174 ἕνα
2546 3122 2722 3193 ἔφησε
2753 3127 3152 3199 τεθεωρῆσθαι,
3182 3133 3431 3186 τάναντία
3453 3133 3600 3197 ἔδοξεν
3625 3131 3669 3184 ἂν
3692 3132 3735 3180 εί-

653 3198 751 3237 nas
797 3188 1173 3255 spectantium,
1250 3205 1458 3244 necnon
1528 3193 1831 3261 angelorum
1883 3209 2175 3259 sermones,

2277 3210 2446 3273 κότως
2499 3188 2866 3284 συγγράφειν.
2904 3188 2969 3272 liii
2992 3188 3045 3273 ’δ’
3073 3188 3346 3292 άςρὼρισαν
3372 3226 3418 3277 οί
3463 3188 3735 3291 εὐαγγελιοτιὶ

653 3288 809 3328 nemo
837 3277 1226 3333 rationabiliter
1258 3280 1643 3336 dissonantiam
1686 3283 1973 3353 Scriptura:
2015 3300 2174 3339 accu-

654 3361 809 3422 sabit,
838 3378 960 3417 cum
991 3368 1217 3437 singulae
1257 3371 1588 3425 narrationes
1631 3386 1729 3425 suo
1766 3387 1989 3441 quaeque
2016 3372 2173 3427 modo

653 3465 790 3505 verae
814 3453 941 3517 sint,
968 3462 1022 3509 et
1052 3457 1384 3513 diversarum
1417 3474 1594 3514 rerum
1644 3459 1841 3513 faciant
1886 3461 2174 3529 expositio-

653 3553 794 3594 nem.
828 3541 930 3596 Sed
953 3545 1092 3613 apud
1118 3547 1249 3602 istos
1272 3550 1622 3618 evangelislas
1647 3551 1664 3619 (
1688 3549 1868 3604 Matth.
1900 3558 1953 3604 et
1982 3551 2171 3622 Joan.)

652 3631 842 3695 angeli,
886 3642 938 3684 et
984 3631 1283 3690 Servatoris
1325 3645 1445 3705 post
1492 3640 1933 3694 resurrectionem
1965 3643 2173 3709 appari-

653 3717 842 3776 tiones.
870 3722 1007 3786 apud
1036 3722 1134 3778 bos
1164 3725 1376 3794 inquam
1401 3728 1564 3786 solos.
1592 3713 1734 3782 velut
1753 3728 1885 3795 apud
1918 3730 2169 3796 potiores,

653 3813 706 3859 et
738 3806 908 3873 ipsius
940 3807 1241 3867 Servatoris
1287 3822 1613 3883 spectatores
1650 3823 1702 3870 et
1732 3815 2003 3870 auditores
2031 3819 2170 3871 rela-

655 3903 740 3955 taa,
781 3896 921 3950 hunc
951 3899 1190 3955 ordinem
1222 3914 1454 3962 teneant.
1497 3906 1609 3961 Duo
1651 3922 1775 3960 vero
1805 3908 1943 3976 apud
1973 3907 2169 3962 Lucam

653 3985 752 4039 viri
804 3986 857 4039 in
886 3997 1031 4041 veste
1085 3989 1316 4059 fulgente
1370 3995 1493 4059 visi,
1545 3996 1895 4050 solemnitatis
1932 3997 2169 4064 symbola

653 4079 758 4134 sint
795 4096 807 4131 :
842 4079 1072 4147 itemque
1093 4082 1304 4147 juvenis
1333 4087 1473 4153 apud
1501 4086 1736 4139 Marcum
1776 4086 1909 4140 stola
1941 4088 2169 4141 candida

651 4171 704 4217 et
742 4165 854 4233 ipse
885 4175 1196 4235 conpertus,
1243 4171 1296 4223 in
1349 4172 1533 4227 dextra
1573 4189 1681 4227 non
1727 4183 1897 4227 autem
1949 4175 2167 4230 sinistra

654 4260 802 4320 parte
842 4263 1179 4323 conspectus.
1211 4258 1328 4312 laeta
1358 4268 1411 4314 et
1438 4263 1622 4316 dextra
1675 4262 1983 4317 mulieribus
2030 4279 2169 4319 nun-

652 4343 827 4406 tians;
858 4349 910 4395 et
963 4343 1037 4407 hi,
1076 4344 1312 4412 inquam,
1345 4349 1540 4404 diversi
1585 4352 1875 4405 habeantur
1907 4359 2018 4406 tum
2049 4367 2080 4406 a
2110 4371 2168 4410 se

650 4429 894 4493 invicem,
916 4439 1023 4482 tum
1052 4445 1081 4482 a
1107 4434 1309 4500 primis.
1342 4436 1692 4501 Quamobrem
1720 4455 1786 4493 ne
1811 4441 2025 4510 angelos
2048 4446 2167 4512 qui-

2275 3298 2367 3350 καὶ
2395 3298 2519 3361 τοὺς
2551 3302 2784 3370 χρόνους
2811 3306 2909 3359 καὶ
2933 3310 3061 3370 τοὺς
3086 3312 3334 3380 τρόπους.
3360 3313 3446 3364 καὶ
3478 3313 3536 3365 τά
3560 3309 3735 3381 πρδαπί

2274 3387 2379 3441 τῶν
2402 3388 2716 3457 θεωμένων,
2744 3396 2843 3449 καὶ
2869 3400 2997 3462 τοὺς
3030 3399 3137 3453 τῶν
3154 3402 3389 3469 ἀγγέλων
3414 3401 3591 3468 λόγους,
3612 3400 3681 3452 οὐκ
3698 3398 3735 3448 ἄν

2274 3494 2356 3540 τις
2382 3479 2616 3547 εὐλόγως
2671 3485 2956 3556 μέμψαιτο
2998 3490 3288 3559 διαφωνίαν
3312 3494 3405 3562 τῆς
3442 3493 3634 3563 Γραψῆςν
3656 3488 3736 3555 llr

2276 3569 2533 3641 θευούσης
2568 3574 2818 3647 ἑκάστης
2846 3580 2991 3635 κατὰ
3020 3582 3110 3635 τὸν
3141 3583 3339 3647 οἰκείας
3385 3583 3590 3654 ἱστορίας
3624 3579 3735 3643 λόγων

2274 3657 2540 3730 διαφόρων
2566 3678 2627 3715 τε
2662 3670 3012 3738 πραγμάτων
3036 3673 3302 3743 ὑφήγησιν
3321 3673 3573 3743 δηλούσης.
3600 3666 3735 3722 Ἄλλοι

2279 3747 2375 3814 μὲν
2407 3750 2554 3819 παρά
2586 3756 2769 3808 τοῖσδε
2793 3762 2908 3823 τοῖς
2940 3762 3345 3831 εὐαγγελισταίς
3370 3762 3580 3831 ἄγγελοι,
3602 3751 3735 3813 καὶωῦ

2274 3837 2521 3907 Σωτῆρος
2547 3844 2604 3894 αί
2632 3847 2776 3913 μετὰ
2793 3847 2895 3919 τὴν
2917 3850 3210 3907 ἀνάστασιν
3234 3853 3534 3921 θεοφάνειαι,
3554 3848 3663 3920 ’τἐτιίδἀ
3678 3844 3733 3914 μθ

2273 3940 2385 3997 Vm;
2430 3928 2642 3994 τούτοις
2696 3934 2774 3997 ὡς
2825 3936 2893 3991 ἂν
2925 3940 3079 4010 παρὰ
3130 3942 3391 4013 κρείττοσι
3432 3930 3732 3994 micat-05103

2273 4013 2520 4084 Σωτῆρος
2546 4020 2853 4088 αὑτόπταις
2880 4044 2940 4079 τε
2958 4031 3053 4082 καὶ
3079 4032 3355 4100 αὑτηκόοις
3384 4031 3643 4100 φερόμεναι,
3656 4020 3732 4075 ταύ-

2271 4119 2370 4172 την
2399 4104 2622 4169 σώζοιεν
2651 4110 2720 4163 ἂν
2744 4113 2844 4183 τὴν
2867 4117 3208 4173 ἀκολουθίαν.
3230 4122 3290 4174 Ol
3314 4121 3367 4173 δὲ
3393 4119 3525 4188 παρὰ
3542 4115 3603 4186 τῷ
3617 4106 3732 4175 Λοιδιᾷ

2271 4192 2363 4245 δύο
2393 4194 2583 4266 ἄνδρες
2617 4201 2677 4252 ὲν
2705 4203 2899 4273 ἐσθῆτι
2932 4206 3308 4281 ἀστραπτούσῃ
3336 4208 3587 4276 ὀφθέντες,
3613 4202 3675 4255 διὰ
3694 4197 3732 4249 τά

2271 4284 2367 4351 τῆς
2401 4286 2598 4370 ἑορτῆς
2642 4290 2894 4360 σύμϐολα
2914 4313 2928 4326 ·
2968 4297 3063 4350 καὶ
3091 4301 3120 4351 6
3149 4299 3294 4370 παρὰ
3320 4299 3390 4368 τῷ
3425 4298 3602 4367 Μάρκῳ
3622 4287 3731 4343 νεᾶνί·

2273 4382 2398 4451 exos
2422 4368 2625 4441 λευκὴν
2658 4378 3126 4451 περιϐεϐλημένος
3162 4368 3252 4438 καλ
3293 4386 3442 4446 αὐτὸς
3484 4382 3655 4449 στολὴν,
3679 4376 3730 4426 δί’

2273 4450 2465 4546 Ettigius
2489 4456 2610 4546 ἀλλ’
2642 4464 2749 4518 οὐκ
2775 4450 3065 4541 ἀριστερὸς
3097 4473 3409 4546 ὲωραμένος,
3431 4472 3497 4543 τῷ
3532 4487 3581 4523 τε
3603 4460 3731 4535 ςαιδρά

651 4518 767 4572 dem
802 4518 898 4573 hos
940 4521 1364 4587 nominaverunt,
1397 4542 1569 4594 neque
1609 4526 1904 4584 Servatoris
1934 4532 2167 4589 visiones

651 4618 1006 4631 _.______,____.
1119 4611 1204 4631 ω.
1447 4615 1479 4631 .-
1796 4618 1842 4631 ..

2269 4542 2361 4593 καὶ
2385 4542 2541 4631 ξεξιάη
2567 4552 2697 4613 ταῖς
2724 4518 3000 4622 γυναιξὶνΓ
3013 4518 3601 4631 είδαγγιελίξεσθάιὲάλιν
3619 4558 3732 4622 ἕτεροι

647 4618 1047 4673 memorarunt,
1115 4611 1207 4665 sed
1270 4614 1566 4682 potioribus
1659 4631 1716 4671 se
1794 4618 2039 4677 Matthaeo
2103 4639 2167 4679 ac

642 4697 833 4753 Joanni
879 4701 1085 4767 potiora
1134 4703 1370 4759 scribere
1406 4712 1458 4759 et
1513 4705 1746 4762 historize
1792 4714 2165 4771 commendare

642 4794 999 4858 permiserunt
1033 4810 1046 4846 :
1079 4793 1178 4861 ipsi
1207 4809 1335 4849 vero
1373 4796 1605 4851 secunda
1635 4813 1938 4868 narrarunt,
1966 4812 2019 4857 et
2047 4821 2164 4874 quae

644 4888 762 4946 post
788 4881 967 4949 priora
999 4889 1213 4935 narrata
1238 4892 1523 4939 evenerant
1552 4904 1564 4939 :
1592 4888 1807 4945 omissis
1840 4900 2012 4946 autem
2044 4909 2160 4962 quae

645 4972 805 5023 testes
848 4971 1075 5025 visuales
1105 4971 1214 5040 jam
1255 4973 1519 5038 dixerant,
1575 4976 1678 5045 ipsi
1708 4979 1774 5032 ab
1822 4980 1905 5035 bis
1951 4982 2160 5036 silentio

644 5061 904 5121 prazterita
931 5063 1337 5130 suppleverunt;
1365 5079 1479 5133 qua:
1494 5065 1708 5133 quidem
1728 5069 1959 5123 secunda
1984 5080 2156 5135 erant,

647 5145 917 5216 multoque
960 5153 1136 5219 priore
1179 5154 1399 5208 historia
1446 5156 1699 5212 inferiora
1745 5179 1757 5213 :
1794 5162 1872 5216 sic
1910 5161 2155 5215 nimirum

647 5241 829 5321 sancto
869 5235 1068 5306 Spiritu
1107 5258 1368 5313 congruas
1419 5244 1644 5316 singulis
1685 5261 1997 5321 suggerente
2042 5267 2157 5304 nar-

649 5319 895 5375 rationes.

2265 4630 2328 4683 ἂν
2359 4628 2467 4721 εἶεν
2517 4640 2623 4691 καὶ
2680 4644 2861 4712 αὐτοὶ,
2898 4628 3141 4721 ἀλλήλων
3161 4628 3243 4707 -τε
3281 4656 3368 4707 καὶ
3402 4652 3498 4706 τῶν
3527 4647 3643 4718 παρὰ
3662 4642 3730 4701 τοῖς

2262 4717 2506 4787 πρώτοις-
2558 4727 2659 4780 Διὸ
2707 4733 2832 4792 οὐδὲ
2877 4717 3141 4806 ἀγγέλους
3184 4742 3368 4804 αὐτοὺς
3391 4742 3484 4793 οἶδε
3507 4717 3726 4805 ὠνόμασαν»

2259 4808 2375 4901 ἐτῖεἰ
2403 4811 2540 4879 μηδὲ
2570 4819 2686 4873 τῶν
2711 4823 2806 4877 τοῦ
2844 4828 3098 4901 Σωτῆρος
3137 4815 3392 4885 ὀπασιῶν
3418 4827 3725 4901 ἐμνημόνευσαν

2258 4898 2366 4990 TOR
2393 4902 2705 4967 κρείττοσιν
2731 4913 2765 4984 ἢ
2802 4917 2926 4969 καθ’
2952 4898 3178 4984 ἑαυτοὺς
3211 4898 3457 4990 Ματθαίιρ
3475 4919 3553 4973 καὶ
3577 4913 3724 4975 Ἰωάννη

2260 4985 2327 5083 τᾳ
2356 4991 2649 5083 κρείττονα
2668 5005 2909 5074 γράφειν
2940 5010 3035 5064 καὶ
3054 5012 3276 5083 ἱστορεῖν
3294 4985 3723 5081 παρακεχωρηκότες·

2263 5076 2412 5173 αὖττξὶ
2440 5081 2497 5173 δὲ
2529 5087 2602 5139 τὰ
2641 5091 2878 5166 δεύτερα
2909 5076 3274 5173 διηγούμενοι,
3311 5076 3395 5156 καὶ
3419 5076 3653 5167 τῴῃχρόνῳ
3683 5085 3724 5138 τὰ

2265 5167 2401 5263 μετδξ
2424 5169 2523 5240 τὴν
2546 5177 2660 5231 τῶν
2697 5185 2934 5252 πρώτων
2968 5167 3182 5263 μνήμην
3204 5191 3410 5262 ὕστερον
3435 5176 3721 5254 πεπραγμένά

2263 5257 2543 5348 παρῄεσαν
2601 5270 2704 5336 μὲν
2737 5274 2806 5324 re
2843 5257 2993 5348 παρά
3210 5257 3476 5337 αὑτό-πταις
3518 5264 3721 5348 εἰρημένῦ

2261 5344 2705 5441 ᾀντανεπλήρουν
2729 5360 2787 5416 δὲ
2813 5367 2883 5419 τὰ
2917 5344 3044 5441 παρ’
3067 5372 3286 5434 ἐκείνοις
3315 5363 3611 5434 σεσιγημένα’
3631 5352 3657 5406 ἃ
3680 5346 3720 5413 δὴ

2520 5402 2699 5425 "tr"'
2732 5402 2787 5416 "'
2823 5402 2883 5419 υ*
2923 5402 2992 5422 aeu.
3067 5402 3267 5425 ελαινυν
3315 5402 3418 5422 υῦυι
3457 5402 3595 5432 ιμ’-⁷⁷·
3633 5402 3645 5406 ⁷
3712 5402 3719 5413 ¹

646 5402 862 5532 δεινότερα
912 5407 977 5481 ἦν
1007 5417 1096 5468 καὶ
1124 5420 1311 5491 μακρῷ
1364 5422 1650 5492 λειπόμενα
1690 5429 1785 5498 τῆς
1818 5429 1918 5483 τῶν
1956 5429 2224 5500 προτέρων
2263 5435 2533 5509 ἱστορίαι·
2571 5448 2720 5505 οὕτω
2753 5457 2850 5509 τοῦ
2905 5402 3060 5528 ἀγίζυ
3113 5408 3403 5532 Πνεῦματος
3430 5402 3719 5516 ιδίανείμαπκ

646 5511 677 5532 η
718 5514 743 5532 ρ·
775 5504 1073 5532 κίνει-λδ---
1106 5512 1139 5532 ογ
1176 5515 1190 5532 ι
1405 5517 1418 5532 ι
1592 5519 1637 5532 ε.
1665 5521 1704 5532 ,ι
1837 5524 1856 5532 -
1966 5524 1977 5532 .

646 5495 743 5559 τὰς
775 5504 1073 5569 πρεπούσας
1102 5512 1306 5585 ἑκάστῳ
1338 5517 1428 5570 καὶ
1454 5495 1807 5592 καταλλήλους
1832 5495 2122 5593 διηγήσειςξ

1357 5630 1436 5684 Vl.

719 5701 844 5766 ρυίὲ
888 5703 1045 5774 igitur
1089 5720 1225 5785 apud
1267 5720 1464 5778 Lucum
1499 5722 1649 5780 valde
1690 5742 1843 5786 mane
1882 5728 1947 5784 ad
1974 5743 2160 5785 monu~

2330 5731 2394 5787 Ai
2414 5733 2541 5802 γοῦν
2576 5744 2728 5814 παρά
2753 5747 2830 5818 τῷ
2850 5665 3244 5826 Λουκᾷῑρθρου
3255 5722 3563 5824 βαθέοςὲπίτδ
3580 5732 3711 5809 Nix“
