3926 6380
104 338 299 395 993

1051 351 1544 420 SUPPLEMENTA
1580 354 2048 421 ΟΗᾸΞΒΤΙΟΝΗΜ
2086 360 2174 412 ΛΒ
2209 361 2546 419 MARINUM.

3254 375 3355 431 994

104 446 459 504 ἐλθοῦσαι
514 456 758 520 γυναῖκες
790 458 881 509 καὶ
932 458 1244 541 φέρουσαιά
1268 464 1560 533 ἡτοίμασαν
1601 464 1739 536 ἀρώο

1836 476 2071 523 mentum
2116 480 2374 526 venerunt
2412 476 2696 541 mulieres,
2742 487 2923 547 parata
2975 481 3206 539 ferentes
3233 499 3356 547 aro-

111 552 379 603 ματα,
450 540 632 613 ἕτεραι
674 543 739 596 ἂν
800 541 908 600 εἷεν
941 540 1047 601 τῶν
1089 552 1233 621 παρά
1260 552 1337 621 τῷ
1366 553 1618 624 Ματθαίῳ
1650 556 1739 607 καὶ

125 627 456 702 Ἰωάννῃ.
505 635 578 685 υύ
617 635 723 705 γὰρ
762 636 825 690 ἂν
853 639 961 708 ἔχοι
996 640 1146 708 λόγον
1166 642 1261 704 τάς
1298 643 1527 697 τοσαῦτα
1553 661 1741 715 προτε-

106 713 274 769 Θεα
283 719 475 788 μένας
510 724 725 793 Μαρίας
765 726 887 796 ἄρτι
917 728 1123 797 πρῶτον
1151 730 1410 800 ἀρώματα
1436 713 1635 802 φέρειν,
1667 732 1741 795 ὡς

113 806 363 892 μήτξω
409 809 511 878 τὴν
544 811 829 867 ἀνάστασιν
867 818 1361 888 προμεμαθηκυίας.
1413 822 1601 889 Σαφῶς
1635 823 1739 892 γὰρ

102 892 213 947 δι’
256 890 358 948 ὧν
389 915 525 967 φησι
556 900 787 954 δείκνυσι
810 905 889 955 ὃτι
916 907 1005 957 κα)⁸
1031 908 1078 958 οἱ
1096 907 1361 974 ὀφθέντες,
1395 909 1561 979 ἕτεροι
1594 890 1739 981 παρά

108 983 312 1047 τοὺς
366 987 680 1058 ἔμπροσθεν
730 990 1151 1062 δεδηλωμένουςο
1184 998 1275 1048 καὶ
1331 1000 1359 1049 6
1408 999 1563 1061 τόπος
1613 1000 1739 1053 ἔνθα

105 1071 458 1144 ὤφθησαν
493 1078 694 1147 ἔτερος·
729 1078 847 1132 ούτε
870 1082 974 1152 γὰρ
1004 1084 1131 1136 εἴσω
1158 1084 1249 1137 τοῦ
1281 1087 1551 1156 μνήματος
1580 1085 1734 1158 ἦσαν.

111 1161 229 1224 ὡς
285 1166 325 1217 ὁ
371 1166 631 1235 Ἰωάννης
659 1167 906 1232 ἐδίδαξεν,
940 1170 1058 1223 οὔτε
1095 1172 1185 1224 ἐπὶ
1215 1173 1302 1225 τὸν
1336 1173 1476 1225 λίθον
1513 1174 1735 1238 καθεζό-

117 1270 363 1321 μενοι,
398 1255 478 1317 ὠς
526 1258 554 1308 6
586 1258 734 1328 παρά
759 1258 831 1328 τῷ
880 1261 1131 1331 Ματθαίῳ
1184 1262 1438 1331 ἀγγελος’
1485 1264 1735 1317 amasse

115 1345 319 1407 ὃλιυς
356 1346 648 1415 ὠνόμασεν
674 1350 931 1416 ἀγγέλους
965 1353 992 1402 6
1029 1354 1235 1415 Λουκᾶς
1259 1393 1273 1417 ,
1320 1353 1410 1406 δύο
1438 1355 1492 1407 δὲ
1523 1355 1733 1425 ἄνδρας,

116 1434 320 1504 πλὴν
351 1435 501 1488 ἀλλά
532 1439 625 1490 καὶ
649 1440 840 1502 αὐτοὺς
862 1442 917 1491 ὲν
940 1440 1119 1511 ἐσθῆτι
1143 1443 1536 1513 ἀστραπτούσῃ,
1568 1445 1653 1497 διὰ
1670 1445 1735 1498 τὰ

115 1524 263 1593 τῆς
321 1526 532 1597 ἑορτῆς
567 1528 834 1595 σύμϐαλα*
867 1532 955 1584 καλ⁵
983 1535 1030 1584 οἱ
1066 1533 1207 1601 λόγοι
1237 1534 1291 1585 δὲ
1322 1534 1493 1587 αὐτῶν
1524 1537 1571 1588 οί
1604 1537 1733 1605 πρὸς

116 1612 257 1675 τὰς
299 1619 585 1681 γυναῖκας
615 1618 865 1681 ίδιάζουσι
887 1636 900 1649 ’
934 1622 1025 1673 καὶ
1068 1623 1122 1674 αί
1160 1625 1403 1689 γυναῖκες
1437 1624 1490 1676 δὲ
1526 1624 1733 1689 πλείους

117 1695 340 1769 ἦσαν,
378 1701 503 1753 ἀλλ’
535 1704 633 1773 οὐχ
664 1706 696 1774 ὴ
724 1707 871 1776 παρά
898 1707 972 1776 τῷ
995 1707 1249 1778 Ματθαίῳ
1269 1709 1361 1762 δύο
1382 1712 1605 1781 Μαρίαι,
1623 1713 1731 1765 ἀλλ’

1838 566 2000 621 mata,
2031 559 2249 615 diversae
2275 562 2342 616 ab
2369 563 2434 617 iis
2458 574 2616 618 erunt
2642 582 2762 635 quae
2791 571 2928 637 apud
2960 571 3260 629 Matthzeum
3291 591 3354 630 ac

1834 644 2091 701 Joannem
2120 660 2502 709 memorantur.
2529 654 2712 724 Neque
2739 659 2879 711 enim
2910 663 3223 718 rationabile
3249 672 3352 731 est,

1836 735 2031 792 Marias
2059 754 2176 807 quae
2203 741 2327 795 talia
2358 750 2480 797 ante
2508 745 2773 809 viderant,
2805 753 3198 819 nunc,primum
3228 770 3353 811 aro—

1835 834 1975 880 mata
2004 828 2231 892 deferre,
2263 833 2424 899 quasi
2436 833 2671 887 nondum
2700 840 3139 895 resurrectionem
3171 847 3353 901 novis-

1835 922 1973 969 sent.
2045 915 2326 973 Manifesta
2372 920 2616 975 videlicet
2663 922 2745 976 his
2786 939 2903 991 quae
2945 926 3071 980 dicit
3118 928 3351 996 denotat,

1832 1002 1976 1070 quod
2007 1012 2060 1058 et
2088 1007 2189 1059 visi
2216 1009 2386 1077 angeli
2410 1010 2606 1065 diversi
2640 1010 2838 1065 fuerint
2866 1014 2932 1066 ab
2961 1022 3115 1070 antea
3144 1028 3351 1086 specta-

1831 1092 1940 1156 tis;
1991 1101 2043 1146 et
2070 1094 2218 1149 locus
2245 1097 2332 1149 ubi
2381 1108 2505 1151 sunt
2535 1101 2655 1163 \‘isi,
2703 1103 2827 1155 item
2870 1102 3145 1171 diversus;
3186 1120 3352 1177 neque

1831 1181 1971 1233 enim
2003 1181 2144 1234 intra
2168 1194 2567 1240 monumentum
2600 1199 2773 1253 erant,
2810 1199 2864 1244 ut
2888 1190 3121 1248 Joannes
3144 1196 3349 1263 docuit;

1832 1284 2003 1338 neque
2032 1271 2192 1339 lapidi
2222 1272 2535 1338 insidentes,
2567 1285 2624 1329 ut
2651 1278 2738 1332 ille
2768 1282 2906 1348 apud
2930 1280 3231 1337 Matthaaum
3253 1301 3351 1340 an-

1832 1363 1979 1431 gelus
2003 1381 2016 1416 :
2048 1377 2220 1431 neque
2245 1366 2463 1434 angelos
2496 1367 2693 1424 diserte
2715 1372 2996 1439 appellavit
3038 1390 3131 1430 eos
3158 1372 3353 1442 Lucas,

1830 1451 1923 1505 sed
1953 1451 2086 1506 duos
2133 1454 2298 1518 viros,
2345 1470 2649 1525 quanquam
2683 1459 2828 1528 ipsos
2874 1476 3084 1530 quoque
3111 1465 3164 1518 in
3211 1475 3355 1522 veste

1831 1536 2082 1606 fulgente,
2125 1540 2194 1594 ob
2243 1541 2595 1598 solemnitatis
2648 1546 2900 1602 indicium
2946 1568 2960 1604 :
3009 1553 3132 1606 item
3164 1555 3351 1610 horum

1830 1641 2103 1683 sermones
2133 1626 2201 1684 ad
2224 1632 2477 1687 mulieres
2505 1642 2630 1689 sunt
2657 1639 2950 1703 peculiares
2983 1659 2997 1695 :
3032 1646 3353 1701 etmulieres

1829 1716 2004 1783 plures
2037 1734 2259 1773 numero
2298 1731 2459 1787 sunt,
2503 1739 2660 1792 quam
2701 1726 2819 1780 dote
2859 1731 2997 1797 apud
3051 1732 3353 1791 Mattliaautn

118 1789 530 1854 ἁπαξαπλῶς
573 1796 628 1846 αί
663 1795 1001 1849 συνελθοῦσαι
1027 1798 1172 1868 αὑτῷ
1204 1802 1265 1851 ὲκ
1296 1801 1389 1870 τῆς
1426 1802 1721 1865 Γαλιλαίας·

1825 1803 2020 1867 Mariae,
2067 1808 2158 1861 sed
2190 1810 2292 1863 illa:
2336 1812 2554 1866 omnino
2584 1829 2700 1882 qua:
2731 1815 2908 1870 Iesum
2939 1820 3201 1876 comitata:
3233 1824 3349 1879 fuc-

122 1878 443 1950 ὀλίγωροι
480 1880 540 1932 δὲ
587 1882 681 1934 καὶ
734 1876 908 1948 αὗται,
937 1886 1051 1938 οὐδὲ
1079 1891 1336 1956 τοσαύτην
1377 1888 1730 1959 ὲνδειξάμεναι

123 1970 419 2040 σπουδὴν
454 1971 591 2042 ὂσην
622 1974 676 2023 αἱ
710 1973 794 2026 διὰ
817 1975 1000 2038 νυκτὸς
1026 1979 1415 2047 καρτερήσασαι
1439 1981 1529 2031 καὶ
1564 1998 1733 2051 παρα-

127 2059 442 2127 μείνασαι
472 2060 552 2130 τῷ
583 2063 844 2132 μνημείῳ.
872 2065 1147 2137 Μαρτυρεῖ
1173 2070 1298 2135 γοῦν
1327 2071 1354 2121 6
1378 2069 1643 2134 Ματθαῖος
1664 2076 1728 2142 τῇ

125 2151 524 2223 Μαγδαληνῇ
559 2155 651 2205 καὶ
678 2158 742 2224 τῇ
772 2154 901 2226 ἄλλῃ
937 2157 1118 2227 Μαρίᾳ
1138 2159 1372 2212 εὐτονίαν
1398 2161 1591 2230 πολλὴν
1642 2165 1732 2216 καὶ

124 2243 534 2312 παραμονὴν,
589 2243 757 2310 λέγων
814 2245 946 2313 μετά
999 2246 1058 2298 τὺ
1110 2249 1276 2311 πάθος
1333 2251 1495 2304 αὑτοῦ
1529 2254 1728 2306 ταῦτα·

133 2351 156 2381 ι
203 2328 341 2383 Ἠν
373 2331 437 2383 δὲ
471 2335 593 2385 ἐκεῖ
624 2331 806 2403 Μαρία
836 2336 867 2403 ἡ
902 2335 1220 2407 Μαγδαληνὴ
1243 2340 1335 2391 καὶ
1360 2340 1489 2411 άλλη
1528 2344 1728 2409 Μαρία,

126 2422 495 2493 καθήμεναι
516 2422 773 2476 ἀπέναντι
805 2424 896 2476 τοῦ
918 2425 1084 2492 τάφου
1106 2442 1119 2456 ο
1153 2446 1169 2477 ι
1202 2428 1310 2480 ἀλλ’
1354 2425 1508 2483 αὗται
1546 2433 1640 2501 μὲν
1665 2436 1728 2503 τῇ

129 2513 358 2582 ἡμέρᾳ
406 2512 514 2581 τῆς
563 2513 915 2584 Παρασκευῆς
959 2518 1327 2586 παρεκάθηντο
1372 2521 1590 2590 ἀντικρὺ
1639 2523 1727 2575 τοῦ

131 2604 469 2673 μνήματος
492 2618 508 2633 ⁸
534 2603 617 2655 διὸ
644 2604 735 2656 κα)⁸
760 2604 947 2657 θᾶττον
974 2606 1136 2676 ὁρῶσι
1161 2607 1368 2677 πρῶτον
1398 2610 1493 2677 μὲν
1517 2611 1602 2662 τὸν
1624 2611 1729 2664 τῶν

130 2692 396 2761 ἀγαθῶν
427 2692 684 2759 ἄγγελον,
718 2689 832 2746 εἶτα
864 2697 953 2747 καὶ
974 2696 1127 2749 αὑτὸν
1151 2698 1237 2749 τὸν
1261 2699 1356 2767 τῆς
1399 2698 1540 2767 ζωῆς
1570 2702 1730 2770 ἀρχη-

129 2787 271 2851 γόν.
326 2783 405 2835 Ἡ
427 2783 488 2835 δὲ
520 2784 670 2853 παρά
689 2783 765 2853 τῷ
800 2785 1010 2857 Ἰωάννῃ
1034 2823 1049 2848 ,
1082 2789 1172 2839 καὶ
1202 2787 1338 2857 αὕτη
1364 2789 1423 2840 τὸ
1450 2788 1544 2858 μὲν
1577 2791 1727 2860 πρῶ-

131 2894 240 2928 τον
291 2877 441 2937 τοὺς
494 2874 776 2942 ἀγγέλους,
825 2876 958 2945 μετά
987 2876 1041 2928 δὲ
1077 2877 1291 2942 τούτους
1340 2881 1431 2932 καὶ
1461 2881 1616 2933 αὐτὸν
1639 2882 1728 2934 τὸν

132 2966 411 3038 Σωτῆρα
440 2964 640 3034 θεωρεῖ
657 2982 670 2995 ·
703 2965 760 3016 ού
795 2964 896 3034 μὴν
922 2965 1181 3035 ἀρώματα
1201 2966 1387 3039 ἔφερον
1413 2963 1591 3034 αὗται,
1610 2971 1726 3023 οὐδὲ

133 3057 285 3126 περὶ
315 3053 541 3122 ταύτην
568 3051 904 3119 κατεγίνοντο
924 3053 1020 3123 τὴν
1052 3054 1297 3123 σπουδήν.
1329 3057 1393 3106 Ai.
1417 3056 1471 3107 δὲ
1503 3057 1606 3108 ἀπὸ
1629 3058 1725 3126 τῆς

134 3143 470 3205 Γαλιλαίας
491 3142 915 3211 ἀκολουθήσασαι
935 3141 1079 3210 αύτῷ
1091 3147 1357 3208 γυναῖκες,
1376 3145 1558 3198 πολλαὶ
1575 3143 1725 3200 οὖσαι

134 3235 301 3288 κατά
334 3232 440 3286 τὸν
464 3232 700 3293 Λουκᾶν,
729 3233 792 3300 τῇ
820 3230 915 3300 μὲν
944 3231 1260 3301 Παρασκευῇ
1308 3232 1722 3303 ὑποστρέψασαι,

138 3323 485 3392 ἡτοίμασαν
512 3319 582 3371 τά
603 3317 886 3389 ἀρώματα,
917 3317 1008 3370 ἅτε
1046 3318 1108 3388 δὴ
1152 3320 1309 3389 μηδὲν
1346 3320 1564 3389 μηδέπω
1606 3340 1727 3392 προ-

139 3413 449 3484 μαθοῦσαι
482 3410 611 3480 περὶ
636 3426 734 3479 της
771 3409 1124 3470 ἀναστάσεως.
1147 3409 1236 3460 Διὸ
1264 3409 1481 3473 ταύταις
1521 3411 1617 3480 μὲν
1637 3412 1727 3464 δύο

134 3503 361 3574 ἄνδρες
385 3503 450 3554 ὲν
476 3500 664 3569 ἐσθῆτι
693 3497 1065 3569 ἀστραπτούσῃ
1085 3499 1458 3566 φαίνονταικαὶ
1484 3500 1580 3569 τὴν
1608 3501 1726 3554 ἀνά-

138 3610 359 3648 στασιν
417 3587 880 3657 εὐαγγελίζονται.
926 3587 1114 3639 Οὐκέτι
1165 3587 1221 3639 δὲ
1250 3588 1433 3651 αὑταῖς
1473 3590 1502 3639 6
1544 3588 1725 3659 Σωτὴρ

137 3684 340 3753 ὤφθη,
379 3681 582 3750 ὥσπερ
604 3673 695 3731 οὖν
718 3680 782 3748 τῇ
807 3675 951 3746 παρὰ
976 3675 1051 3745 τῷ
1083 3676 1296 3749 Ἰωάννῃ
1316 3679 1406 3731 καὶ
1435 3680 1550 3741 ταῖς
1582 3679 1725 3749 παρά

136 3774 224 3846 τῷ
270 3770 600 3841 Ματθαίῳ·
658 3768 795 3821 ὥστε
840 3767 1132 3829 ἰδιάζουσαν
1181 3769 1421 3837 ἡγεῖσθαι
1469 3770 1724 3839 προσήκει

136 3867 245 3936 τὴν
284 3863 571 3932 ἱστορίαν.
607 3856 763 3911 Κατά
781 3857 836 3910 δὲ
861 3856 950 3909 τὸν
980 3857 1195 3926 Μάρκον
1223 3857 1340 3911 λίαν
1369 3858 1508 3929 πρωῒ
1532 3861 1595 3929 τῇ
1631 3860 1726 3929 μιᾷ

135 3956 258 4009 τῶν
285 3951 608 4007 Σαϐϐάτων
636 3947 878 4018 ἔρχονται
905 3946 996 3998 ἐπὶ
1014 3947 1073 3998 τὸ
1091 3965 1191 4017 μνη
1201 3950 1342 4018 μεῖον
1362 3948 1725 4011 ἀνατείλαντος

136 4048 244 4100 τοῦ
300 4046 474 4118 ἡλίου
522 4018 681 4096 ἄλλαι
733 4038 889 4091 πάλιν
921 4033 1094 4100 αὗται,
1148 4042 1235 4093 καὶ
1263 4043 1319 4093 ὲν
1356 4041 1523 4111 ἑτέρῳ
1554 4040 1724 4111 καιρῴ

140 4139 350 4202 πάλιν,
396 4137 457 4189 αϊ
500 4136 597 4187 καὶ
635 4133 814 4200 ἔλεγον
844 4132 975 4201 πρὸς
1001 4130 1211 4193 ἑαυτὰς,
1247 4148 1265 4180 ι
1304 4131 1395 4193 Τίς
1418 4130 1723 4183 ἀποκυλίσει

140 4230 286 4298 ἡμῖν
323 4226 428 4280 τὸν
449 4223 633 4285 λίθον;
674 4241 691 4272 ι
712 4222 803 4273 καὶ
829 4221 1089 4290 ἔρχονται,
1119 4220 1209 4271 καὶ
1239 4219 1573 4288 εὑρίσκουσιν
1600 4219 1724 4271 ἀπο-

139 4312 589 4383 κεκυλισμένον,
622 4309 716 4361 καὶ
739 4308 1063 4361 είσελθοῦσαι
1090 4304 1221 4361 εἶδον
1264 4308 1532 4361 νεανίσκον
1554 4326 1567 4339 ·
1599 4308 1721 4362 ἔνθα

138 4406 317 4458 πάλιν
346 4403 451 4455 ἐπὶ
496 4397 593 4451 τοῦ
632 4396 813 4448 Λουκᾶ
838 4394 1020 4460 ἄνδρες
1050 4394 1159 4446 ἀλλ’
1186 4395 1282 4447 οὐκ
1319 4395 1561 4463 ἄγγελοι,
1586 4396 1723 4450 οὕτω

134 4496 218 4557 ὠς
256 4493 366 4546 καὶ
390 4489 495 4542 νῦν
524 4487 627 4540 οὐκ
648 4484 872 4552 ἄγγελος
895 4484 1215 4553 ὠνόμασται,
1249 4483 1379 4536 ἀλλά
1419 4486 1688 4548 νεανίσκος
1705 4503 1718 4516 .

135 4582 291 4634 ὥστε
346 4578 452 4631 καὶ
489 4573 700 4642 ταύτην
739 4570 1117 4642 ἀφωρισμένην
1160 4567 1415 4640 εἶναιτὴν
1459 4572 1719 4642 διήγησιν,

137 4671 240 4723 καὶ
271 4670 382 4721 τὸν
413 4664 656 4733 ὀφθέντα
680 4661 861 4730 ἕτερον
879 4697 893 4721 ,
922 4659 1012 4709 καὶ
1045 4657 1140 4719 τὰς
1180 4658 1500 4726 ἀφικομένας
1539 4659 1720 4722 ἄλλας,

140 4760 240 4812 καὶ
274 4758 380 4810 τὸν
410 4753 612 4823 καιρὸν
638 4749 835 4819 ὁμοίως
866 4747 954 4799 τδν
997 4745 1132 4815 μετὰ
1158 4745 1305 4815 ήλίου
1339 4746 1621 4809 ἀνατολάςο
1665 4748 1721 4810 ὃς

138 4851 191 4899 εἰ
219 4849 329 4918 μὲν
367 4846 473 4897 καὶ
507 4839 662 4912 παρὰ
685 4838 762 4907 τῷ
794 4837 973 4906 Λουκᾷ
999 4835 1270 4905 τερήτητο,
1297 4834 1522 4901 εὐλόγως
1546 4836 1608 4888 ἄν
1637 4854 1721 4900 τις

138 4940 275 5001 τοὺς
309 4935 455 5007 παρ’
488 4929 642 4998 αύτῷ
664 4926 757 4980 δύο
788 4926 979 4995 ἀνδρας
1012 4924 1222 4993 ἀπῄτει,
1252 4925 1343 4975 καὶ
1379 4924 1501 4986 τοὺς
1530 4925 1720 4989 αὐτοὺς

1827 1902 1947 1947 rant
1994 1913 2056 1949 ex
2098 1896 2331 1955 Galilaea.
2363 1900 2427 1952 Et
2456 1902 2536 1955 ha:
2603 1905 2813 1972 quidem
2858 1909 3149 1976 segniores,
3182 1927 3352 1981 neque

1827 1998 1922 2051 par
1946 1986 2177 2039 studium
2212 2004 2318 2057 pra?
2343 2003 2400 2043 se
2436 1989 2664 2046 ferentes
2695 1994 2799 2048 illis
2826 2011 2945 2064 quae
2974 2005 3135 2050 noctu
3169 2015 3350 2067 perse-

1828 2081 2140 2126 veraverant
2179 2075 2319 2143 apud
2370 2079 2674 2145 sepulcrum
2723 2084 2969 2137 assidua.
3010 2084 3352 2143 Contestalur

1828 2172 1954 2210 vero
1982 2158 2256 2217 Mattha'us
2293 2163 2614 2233 Magdalente
2638 2175 2692 2222 et
2714 2170 2865 2224 alteri
2912 2171 3088 2227 Mariae
3117 2177 3349 2245 vigorem

1830 2248 2053 2300 multum
2079 2260 2236 2320 atque
2263 2257 2640 2325 constantiam,
2672 2258 2856 2314 dicens
2889 2270 3009 2330 post
3050 2263 3350 2322 Servatoris

1829 2337 2127 2402 passionem
2154 2339 2232 2392 sic
2263 2358 2275 2392 :
2313 2359 2330 2390 ι
2368 2340 2493 2394 Erat
2521 2351 2696 2396 autem
2726 2345 2797 2400 ibi
2822 2346 2983 2401 Maria
3017 2348 3345 2421 Magdalene,

1825 2429 1878 2474 et
1905 2424 2070 2476 altera.
2115 2425 2300 2490 Maria,
2335 2430 2579 2484 sedentes
2610 2440 2794 2487 contra
2839 2437 3159 2504 sepulcrum.
3191 2460 3207 2491 ι
3244 2440 3348 2497 Sed

1825 2512 1905 2567 hae
1932 2514 2144 2583 quidem
2172 2518 2286 2587 ipsa
2319 2519 2404 2574 die
2431 2520 2753 2578 Parasceves
2775 2526 3029 2582 sedebant
3053 2544 3230 2585 coram
3264 2549 3350 2588 se-

1824 2603 2010 2670 pulcro
2052 2623 2064 2658 :
2113 2607 2336 2676 ideoque
2381 2618 2434 2662 et
2478 2612 2706 2667 celerius
2746 2614 2925 2670 vident
2960 2618 3087 2672 boni
3129 2629 3350 2677 eventus

1824 2694 2094 2751 nuntium.
2128 2695 2318 2750 deinde
2360 2713 2533 2766 Ipsum
2584 2701 2704 2755 vitae
2757 2715 3048 2760 auctorem.
3110 2708 3197 2761 Illa
3223 2726 3348 2764 vero

1823 2781 1962 2849 apud
2012 2781 2292 2850 Joannem,
2323 2794 2376 2841 et
2406 2788 2520 2856 ipsa
2561 2806 2774 2861 quoque
2811 2796 2983 2863 primo
3009 2797 3152 2851 videt
3189 2813 3351 2870 ange-

1824 2871 1924 2934 los,
1954 2880 2006 2925 et
2030 2882 2213 2940 postea
2244 2873 2578 2933 Servatorem
2618 2882 2790 2950 ipsum
2825 2903 2838 2937 :
2874 2899 3044 2954 neque
3065 2886 3349 2942 luctamen
3422 2878 3431 2885 ’

1824 2971 2060 3015 aromata
2090 2964 2348 3030 ferebant,
2376 2983 2547 3037 neque
2569 2970 2636 3024 ob
2663 2986 2777 3025 eam
2807 2989 2916 3027 rem
2934 2978 3220 3030 curandam
3246 2980 3352 3034 ive-

1822 3058 1961 3106 rant.
1995 3051 2096 3106 Sed
2126 3054 2228 3108 illae
2253 3055 2466 3109 demum
2489 3073 2605 3127 quae
2629 3075 2690 3113 ex
2713 3057 2922 3115 Galilaea
2949 3061 3129 3117 Jesum
3161 3068 3349 3124 subse-

1828 3149 1964 3193 cuta:
1992 3140 2219 3208 fuerant,
2252 3146 2536 3214 multazque
2561 3149 2697 3216 apud
2723 3149 2919 3205 Lucam
2947 3153 3213 3223 feruntur,
3255 3159 3344 3215 die

1827 3227 2149 3284 Parasceves
2178 3231 2244 3286 de
2283 3233 2401 3287 Ιουο
2442 3250 2687 3300 reversae,
2735 3250 3053 3306 paraverunt
3086 3255 3343 3312 aromata,

1823 3320 2016 3387 quippe
2044 3335 2162 3388 qua:
2199 3324 2402 3377 nullum
2451 3330 2859 3383 resurrectionis
2881 3331 3132 3386 indicium
3151 3350 3350 3406 cogno-

1822 3416 2027 3461 verant.
2059 3406 2264 3464 Idcirco
2288 3411 2373 3466 liis
2392 3413 2498 3466 duo
2514 3415 2610 3467 viri
2642 3415 2696 3468 in
2727 3424 2874 3471 veste
2893 3418 3123 3488 fulgente
3147 3433 3345 3487 astant,

1820 3497 2174 3566 nuntianlque
2226 3503 2692 3558 resurrectionem.
2750 3505 2995 3561 Nondum
3036 3509 3122 3564 his
3166 3519 3346 3569 tamen

1824 3583 2075 3640 Servator
2105 3590 2370 3657 apparuit,
2402 3592 2542 3646 sicut
2576 3594 2649 3647 illi
2682 3604 2996 3663 apparuerat
3019 3599 3156 3666 apud
3184 3598 3346 3654 Joan-

1821 3689 1964 3739 nem,
2009 3684 2062 3730 et
2103 3678 2208 3733 illis
2256 3681 2394 3749 apud
2437 3680 2771 3750 Mattbaum;
2818 3685 2889 3738 ita
2928 3693 2987 3739 ut
3024 3689 3346 3756 peculiarem

1820 3762 1959 3817 hanc
2010 3773 2247 3833 Oporteat
2294 3768 2572 3824 historiam
2602 3771 2926 3827 existimare.
2976 3772 3216 3846 Denique
3258 3793 3344 3833 sc-

1823 3853 2056 3908 cundum
2095 3855 2328 3911 Marcum
2363 3859 2516 3915 valde
2541 3876 2697 3916 mane
2738 3879 2841 3917 una
2874 3863 3223 3920 Sabbatorum
3252 3883 3345 3922 ve--

1820 3943 1973 3995 niunt
1999 3944 2064 3996 ad
2093 3954 2493 4000 monumentum
2523 3957 2642 4001 orto
2664 3949 2774 4016 jam
2806 3952 2937 4005 sole.
2988 3951 3118 4007 Alia:
3148 3956 3347 4024 pariter

1821 4033 1899 4086 lue
1928 4043 2084 4098 sunt,
2113 4036 2324 4106 alioque
2353 4040 2550 4107 pariter
2574 4050 2843 4110 tempore;
2875 4058 2994 4111 quae
3019 4053 3072 4098 et
3097 4045 3347 4100 dicebant

1820 4125 1883 4178 ad
1910 4125 2135 4179 invicem
2169 4145 2184 4180 :
2229 4145 2247 4177 ι
2284 4127 2415 4193 Quis
2444 4131 2675 4184 revolvet
2700 4132 2855 4187 nobis
2904 4133 3165 4202 lapidem?
3200 4153 3219 4186 ι
3253 4152 3343 4190 ve-

1819 4214 2098 4284 niuntque,
2134 4224 2187 4271 et
2215 4222 2509 4273 revolutum
2534 4223 2886 4291 comperiunt,
2916 4231 2968 4278 et
2991 4224 3345 4294 ingressaeju-

1820 4320 2007 4360 venem
2032 4307 2247 4370 vident;
2282 4311 2353 4362 ita
2380 4318 2438 4363 ut
2479 4311 2590 4364 haec
2616 4313 2776 4366 etiam
2806 4314 3027 4368 diversa:
3054 4315 3129 4368 rei
3159 4330 3347 4369 narra-

1752 4430 1795 4483 Β
1822 4395 1896 4449 tio
1926 4397 2015 4460 sit,
2051 4406 2104 4452 et
2136 4399 2274 4454 alius
2297 4402 2388 4468 qui
2419 4401 2567 4457 visus
2592 4410 2695 4464 est,
2716 4411 2768 4456 et
2789 4404 2906 4457 alia:
2923 4420 3039 4473 qua:
3062 4413 3343 4467 venerunt,

1821 4495 1875 4540 et
1906 4488 2149 4541 similiter
2178 4490 2279 4545 diei
2304 4501 2513 4560 tempus
2535 4500 2652 4561 post
2673 4495 2802 4549 solis
2825 4503 2998 4548 ortum
3034 4513 3047 4547 :
3078 4511 3195 4563 quae
3213 4503 3346 4550 tem-

1818 4575 1964 4642 poris
1986 4578 2189 4630 notatio
2220 4579 2264 4632 si
2298 4580 2479 4632 eadem
2503 4581 2642 4649 apud
2667 4580 2863 4635 Lucam
2893 4585 3068 4644 lieret,
3095 4591 3236 4636 recte
3268 4583 3343 4636 le-

1818 4673 1935 4717 ctor
1967 4678 1995 4716 a
2031 4664 2210 4719 Marco
2240 4669 2536 4737 requireret
2578 4678 2632 4723 et
2674 4671 2818 4724 viros
2846 4671 3014 4732 duos,
3048 4676 3099 4721 et
3126 4671 3342 4723 eosdem

1819 4767 2107 4808 sermones.
2163 4755 2313 4809 Nunc
2354 4773 2475 4810 eum
2505 4758 2677 4813 Lucas
2700 4760 2803 4812 diei
2832 4760 3011 4812 horam
3040 4766 3165 4809 ante
3212 4759 3345 4811 solis

1819 4850 1992 4896 ortum
2037 4849 2436 4914 prmoccuparit,
2469 4849 2656 4902 merito
2701 4855 2755 4901 et
2800 4848 2921 4901 illos
2965 4847 3058 4913 qui
3086 4845 3185 4898 visi
3218 4852 3349 4898 sunt

1821 4931 1955 4984 duos
1985 4931 2127 4986 viros
2150 4932 2316 4997 dicit,
2348 4950 2453 4988 non
2479 4942 2657 4988 autem
2683 4950 2843 4987 unum
2869 4935 3115 5001 juvenem
3138 4942 3344 4985 narrat.
3410 4966 3413 4975 ι

138 5034 368 5102 λόγους.
396 5030 466 5083 Εἰ
495 5027 541 5079 δ’
563 5028 592 5078 6
613 5022 830 5081 Λουκᾶς
856 5019 949 5071 τὸν
982 5018 1083 5088 πρὸ
1128 5017 1273 5086 ἡλίου
1308 5016 1561 5085 ἀνατολῆς
1606 5022 1788 5090 καιρὸν
1825 5023 2136 5094 προύλαΰεν,
2175 5028 2391 5089 εἰκότως
2427 5027 2518 5079 καλ⁵
2546 5029 2668 5090 τοὺς
2691 5027 2807 5081 τότε
2833 5026 3086 5095 ὀφθέντας
3128 5023 3224 5076 δύο
3258 5024 3348 5078 ἄν.

143 5128 304 5197 δρας,
340 5125 469 5181 ἀλλ’
503 5121 566 5173 ού
596 5119 688 5171 τὸν
718 5115 990 5168 νεανίσκον
1014 5113 1223 5182 ἱστορεῖ.

408 5244 414 5249 -
932 5226 1004 5277 Z'.

217 5327 332 5394 (66)
359 5320 667 5388 Τεττάρων
697 5314 757 5366 δὲ
782 5312 945 5365 ὄντων
962 5311 1068 5365 τῶν
1088 5311 1469 5379 εὐαγγελιστῶν
1485 5351 1500 5377 ,
1547 5314 1715 5386 ἰσάρι-

142 5414 268 5483 θμοι
296 5411 521 5466 τούτων
547 5405 646 5457 καὶ
667 5404 727 5455 αἱ
756 5401 888 5470 πρὸς
909 5400 1082 5453 αὐτῶν
1102 5403 1484 5470 ἀναγραφεῖσαι
1512 5405 1717 5471 φαίνον-

146 5519 233 5558 ται
278 5497 556 5556 ὀπτασίαι
579 5510 593 5523 ·
630 5491 689 5543 οἵ
742 5506 805 5541 τε
838 5491 1016 5561 καιροὶ
1039 5490 1323 5565 τέσσαρες,
1371 5493 1463 5546 καὶ
1505 5495 1553 5547 οι
1597 5495 1712 5548 καθ.

214 5657 328 5731 (εδ)
372 5651 523 5711 Cod.
560 5647 634 5712 Α,
668 5643 712 5699 f.
736 5642 862 5700 513.

2528 5228 2636 5284 VII.

1885 5322 1999 5376 Jam
2035 5321 2159 5389 quia
2191 5328 2421 5391 quatuor
2448 5320 2783 5389 evangelista!
2811 5323 2959 5379 sunt,
2981 5326 3097 5383 part
3127 5325 3357 5364 numero

1817 5409 2170 5478 comperimus
2203 5409 2340 5478 apud
2370 5410 2515 5476 ipsos
2543 5409 2769 5478 scriptas
2802 5406 3078 5463 visiones;
3110 5405 3360 5465 tempout

1816 5501 1941 5556 item
1971 5507 2232 5568 quatuor;
2274 5505 2327 5552 et
2370 5497 2450 5551 illi:
2478 5497 2601 5551 item
2636 5496 2729 5566 qui
2758 5492 2993 5565 singulis
3024 5486 3364 5554 temporibus
