3926 6372
218 359 352 415 997

1105 341 1594 416 supinum“
1630 355 2090 424 QUA-ZSTIONUM
2128 357 2217 410 AD
2254 357 2592 412 MARINUM.

3293 355 3394 410 998

213 475 336 529 καὶ
375 475 471 526 ἐπὶ
497 475 594 536 τῆς
627 473 770 525 κατὰ
806 476 893 528 τὸν
921 477 1127 529 Λουκᾶν
1161 477 1412 545 ἱστορίας,
1437 473 1492 536 ὃς
1533 474 1664 542 μετά
1692 471 1784 541 τὴν

1886 485 2002 523 rum
2033 472 2264 535 virorum
2296 472 2424 538 ipsis
2453 471 2748 524 oblatorum
2795 469 3054 524 visionem
3074 506 3089 531 ,
3120 467 3289 537 pergit
3312 468 3393 522 di-

213 563 432 632 ἄφιξιν
459 563 566 614 τῶν
593 563 801 618 πολλῶν
832 565 1116 632 γυναικῶν,
1138 565 1231 617 καὶ
1259 566 1389 634 μετά
1413 563 1507 632 τὴν
1535 563 1657 616 θέαν
1681 562 1784 613 τῶν

212 651 410 719 ὀφθέν
425 667 523 702 ;ων
553 651 741 713 αὐταῖς
786 651 876 703 δύο
903 651 1102 721 ἀνδρῶν
1127 651 1380 719 διηγεῖται
1413 649 1599 715 λέγων*
1629 667 1646 698 ι
1680 648 1785 699 Καὶ

214 740 663 809 ἀποστρέψασαι
707 741 812 792 ἀπὸ
847 741 936 792 τοῦ
978 741 1232 810 μνημείου
1265 738 1591 807 ἀπήγγειλαν
1621 737 1786 789 ταῦτα

214 830 426 882 πάντα
446 833 560 890 τοῖς
587 829 790 880 ἕνδεκω
813 849 830 880 ι
853 828 931 891 οἷς
957 825 1428 898 ὲπιφέρει,‹*Ησαν
1453 827 1506 878 δὲ
1522 830 1552 896 ἡ
1569 827 1783 893 Μαγδα-

207 919 372 989 λῃνὴ
406 919 618 989 Μαρία,
645 938 662 969 ι
690 921 781 971 καὶ
808 920 872 972 τὰ
894 921 1035 988 ἑξῆς.
1066 921 1174 972 Οὐκ
1201 918 1420 979 ἀπεικὸς
1448 919 1540 986 μὲν
1563 916 1667 986 γάρ
1695 913 1780 986 ἦν,

209 1002 326 1054 καὶ
356 1003 462 1055 νῦν
497 1005 657 1057 πάλιν
679 1005 773 1075 τὴν
801 1007 1151 1075 Μαγδαληνὴν
1180 1007 1338 1058 πάλαι
1382 1005 1782 1074 προαιριγμένην

207 1090 327 1143 καὶ
368 1093 791 1162 παραμείνασαν
819 1095 1042 1156 εὐτόνως
1077 1095 1218 1164 παρὰ
1254 1094 1329 1162 τῷ
1362 1096 1596 1163 μνήματι
1623 1093 1782 1162 εὑρῆ-

212 1179 359 1232 σθαι
388 1219 406 1242 ,
462 1182 555 1232 ὅτε
608 1181 792 1233 πολλαὶ
839 1183 942 1235 ἀπὸ
989 1186 1083 1252 τῆς
1125 1182 1398 1244 Γαλιλαίας
1445 1181 1780 1234 συνελθοῦσαι

210 1274 507 1337 γυναῖκες
549 1272 797 1340 ἀπήντων
829 1273 918 1324 ἐπὶ
944 1273 1031 1324 τὸν
1058 1272 1220 1340 τάφον
1259 1272 1508 1341 φέρουσαι
1543 1271 1608 1323 τὰ
1640 1270 1778 1340 ἀρώ-

211 1373 409 1423 ματα,
451 1357 595 1410 ὥστε
637 1361 727 1412 καὶ
771 1360 932 1425 αὐτὴν
965 1361 1077 1429 ἅμα
1124 1363 1239 1422 ταῖς
1278 1361 1481 1422 λοιπαῖς
1529 1361 1650 1422 τοὺς
1691 1361 1780 1412 δύο

207 1444 440 1514 ἄνδρας
475 1446 778 1507 τεθεᾶσθαι,
810 1449 1028 1500 καὶτῶν
1052 1447 1219 1513 λόγων
1251 1446 1422 1498 αὐτῶν
1459 1447 1773 1514 ἀκηκοέναι·

207 1531 345 1586 εἶτα
385 1537 490 1588 σὺν
521 1539 642 1597 ταῖς
664 1537 878 1599 πολλαῖς
900 1534 1199 1590 ἐπανελθεῖν
1231 1538 1323 1590 καὶ
1354 1537 1648 1604 διηγεῖσθαι
1671 1538 1778 1598 τοῖς

204 1626 451 1678 ἕνδεκα.
479 1628 710 1679 Δύναται
734 1628 788 1679 δὲ
821 1630 911 1681 καὶ
938 1629 1104 1690 ἄλλως
1127 1630 1153 1680 ὁ
1176 1629 1346 1696 λόγος.
1378 1629 1443 1681 τὰ
1474 1629 1568 1696 μὲν
1593 1627 1777 1697 πρῶτα

205 1721 344 1779 ταῖς
400 1719 518 1770 ἀπὸ
551 1719 649 1787 τῆς
686 1719 965 1780 Γαλιλαίας
1008 1719 1245 1786 γυναιξὶν
1279 1721 1559 1787 ἀπονεῖμαι
1583 1758 1597 1782 ,
1637 1717 1778 1784 λέγω

202 1808 278 1877 δὴ
309 1809 424 1876 τὴν
465 1810 548 1870 είς
576 1809 636 1860 τὸ
674 1809 857 1878 μνῆμα
887 1809 1082 1876 ἄφιξιν,
1110 1810 1200 1861 καὶ
1223 1809 1316 1878 τὴν
1347 1809 1451 1860 τῶν
1484 1807 1776 1878 ἀρωμάτων

205 1899 488 1974 κομιδὴν,
524 1899 624 1968 τήν
667 1916 725 1950 τε
766 1899 1053 1969 γενομένην
1095 1901 1278 1962 αὑταῖς
1304 1899 1406 1951 τῶν
1445 1898 1533 1950 δύο
1575 1897 1778 1968 ἀνδρῶν

204 1987 582 2055 ἐπιφάνειαν,
606 1988 698 2039 καὶ
725 1989 845 2049 τοὺς
869 1988 1063 2040 τούτων
1093 1989 1222 2058 πρὸς
1252 1987 1417 2049 αὐτὰς
1445 1987 1627 2054 λόγους
1647 2003 1658 2014 ·
1683 1985 1777 2055 τὴν

209 2076 320 2144 μὲν
381 2070 487 2128 οὖν
527 2077 861 2142 ἀπαγγελίαν
903 2077 995 2145 τὴν
1025 2077 1156 2147 πρὸς
1205 2077 1325 2135 τοὺς
1365 2075 1548 2127 ἕνδεκα
1589 2075 1778 2144 μηκέτι

203 2167 356 2236 παρ’
396 2165 586 2218 αὐτῶν
621 2165 777 2234 μόνον
807 2166 1142 2235 γεγενῆσθαι,
1177 2165 1288 2216 ἀλλ’
1319 2164 1450 2233 ὁμοῦ
1484 2163 1629 2232 παρά
1671 2180 1776 2214 πα-

203 2255 352 2320 σῶν,
387 2255 637 2324 ἑκάστης
681 2254 715 2307 ἀ
758 2255 972 2307 τεθέατο
1014 2255 1366 2323 διηγημένης⁸
1408 2255 1462 2305 ὲν
1507 2248 1589 2315 αἷς
1623 2253 1775 2306 πάλιν

198 2345 311 2414 τὴν
358 2343 740 2413 Μαγδαληνὴν
773 2339 904 2394 εἶναι
939 2342 1072 2412 μετά
1102 2343 1208 2394 τῶν
1247 2341 1442 2394 λοιπῶν
1492 2343 1583 2393 καὶ
1614 2343 1775 2411 αὐτὴν

199 2438 328 2496 τοῖς
388 2434 666 2504 μαθηταῖς
709 2434 1144 2501 ἀπαγγέλλουσαν
1183 2432 1250 2486 τὰ
1300 2433 1440 2494 ίδίως
1469 2433 1598 2502 μόνῃ
1638 2435 1770 2503 αὐτῇ

200 2524 544 2594 ἑωραμένα.

971 2659 1048 2708 H'.

279 2767 409 2836 (67)
456 2766 602 2832 Ἐγὼ
631 2765 688 2818 δὲ
740 2765 954 2817 κάκεῖνο
993 2762 1160 2832 ζητῶ,
1205 2761 1319 2824 πῶς
1364 2761 1510 2833 παρὰ
1554 2762 1648 2831 μὲν
1695 2761 1769 2832 τῷ

199 2860 440 2929 Μάρκῳ
483 2859 724 2926 εἴρηται,
753 2856 827 2918 ὡς
855 2855 958 2926 ἄρα
989 2855 1350 2924 διαγενομένου
1382 2852 1470 2903 τοῦ
1500 2852 1766 2906 Σιιιϐϐάτου

197 2951 528 3020 ἡτοίμασαν
565 2946 864 3015 ἀρώματα,
912 2946 1054 3015 παρά
1102 2946 1156 2997 δὲ
1182 2945 1258 3013 τῷ
1301 2947 1475 3014 Λουκᾷ
1523 2946 1626 3013 πρὸ
1674 2944 1764 2996 τοῦ

197 3037 505 3091 Σαϐϐάτου
539 3036 684 3088 τοῦτ’
715 3035 949 3106 ἔπραξαν
980 3037 1035 3086 ὲν
1066 3035 1198 3104 αὐτῇ
1230 3037 1292 3103 τῇ
1323 3035 1660 3104 Παρασκευῇ.

1883 574 2021 620 cere,
2051 557 2189 627 quod
2237 573 2488 626 regressae
2539 559 2604 612 de
2649 568 3010 618 monumento,
3057 557 3170 610 haec
3214 558 3396 611 omnia

1884 647 2302 701 renuntiaverint
2349 648 2626 717 discipulis
2678 647 2940 700 undecim.
2971 646 3096 700 Post
3121 660 3238 715 quae
3271 645 3343 698 ait
3376 663 3388 696 :

1887 753 1904 788 ι
1947 736 2110 788 Erant
2180 745 2354 790 autem
2433 736 2596 790 Maria
2649 734 2970 804 Magdalene,
3006 754 3022 785 ι
3059 742 3114 789 et
3166 735 3390 802 reliqua.

1881 823 2084 894 Quippe
2114 825 2254 881 haud
2279 834 2360 880 est
2397 825 2760 886 inverisimile,
2794 837 2935 876 nunc
2966 824 3154 877 iterum
3180 823 3392 892 Magda-

1880 916 2052 968 lenam
2082 917 2219 984 (qua:
2266 924 2420 969 antea
2464 915 2634 984 prima
2681 913 2846 966 iverat
2875 949 2890 974 ,
2939 911 3249 980 fortiterque
3285 913 3393 966 illic

1881 1003 2331 1072 perseveraverat)
2363 1005 2497 1071 apud
2525 1010 2922 1057 monumentum
2960 1001 3124 1054 fuisse
3150 1015 3391 1070 comper-

1879 1102 2007 1155 tam,
2039 1107 2159 1146 cum
2190 1093 2291 1146 illae
2328 1094 2506 1160 plures
2533 1108 2594 1146 ex
2626 1090 2838 1145 Galilma
2865 1091 3236 1144 convenientes
3281 1105 3392 1143 mu-

1879 1182 2033 1235 lieres
2061 1181 2126 1234 ad
2154 1184 2452 1248 sepulcrum
2482 1188 2738 1234 venerunt
2769 1187 3005 1233 aromata
3032 1179 3284 1244 ferentes,
3311 1181 3387 1233 ita

1879 1280 1936 1324 ut
1985 1272 2097 1338 ipsa
2141 1286 2350 1340 quoque
2390 1286 2509 1323 cum
2554 1271 2759 1323 caeteris
2809 1270 2943 1323 duos
2987 1269 3129 1323 viros
3175 1269 3387 1331 viderit,

1876 1373 2164 1427 eorumque
2184 1360 2343 1412 verba
2376 1359 2637 1411 audiverit
2664 1374 2677 1421 ;
2711 1366 2764 1412 et
2792 1357 2982 1410 deinde
3007 1371 3127 1409 cum
3160 1357 3264 1410 illis
3307 1373 3390 1410 re-

1876 1463 2054 1517 gressa
2104 1463 2213 1500 rem
2259 1449 2502 1504 undecim
2533 1448 2876 1501 enarraverit.
2929 1446 3301 1501 Verumtamen
3336 1455 3388 1502 et

1877 1540 2025 1592 aliter
2064 1539 2285 1608 preponi
2337 1539 2639 1607 explanatio
2709 1544 2919 1606 potest:
2952 1551 3138 1604 nempe
3187 1545 3246 1590 ut
3302 1551 3389 1590 res

1877 1630 2075 1696 priores
2104 1628 2412 1682 mulieribus
2459 1626 2689 1680 Galilaeis
2738 1627 3059 1687 tribuamus,
3101 1626 3384 1678 adventum

1875 1719 1994 1771 dico
2028 1719 2091 1772 ad
2123 1719 2447 1787 sepulcrum,
2497 1725 2548 1770 et
2594 1723 2884 1769 aromatum
2920 1713 3300 1775 advectionem,
3333 1723 3386 1766 et

1875 1808 2100 1860 oblatam
2129 1807 2259 1876 ipsis
2287 1808 2511 1860 duorum
2539 1805 2773 1857 virorum
2804 1804 3081 1866 visionem,
3112 1811 3164 1855 et
3195 1803 3384 1854 horum

1877 1897 1938 1948 ad
1967 1896 2110 1965 ipsas
2141 1910 2435 1950 sermones.
2465 1893 2532 1946 At
2559 1894 2800 1945 nuntium
2827 1891 3102 1959 discipulis
3136 1889 3382 1943 undecim

1874 1981 2102 2034 delatum
2135 1996 2464 2050 nequaquam
2499 1982 2565 2034 ab
2594 1980 2676 2033 liis
2703 1978 2910 2032 feminis
2930 1980 3058 2033 solis
3082 1977 3264 2040 fuisse,
3291 1978 3385 2032 sed

1873 2085 1902 2122 a
1934 2072 2140 2124 cunctis
2183 2071 2361 2132 simul,
2413 2071 2536 2123 dum
2584 2084 2910 2137 unaquaeque
2938 2083 3000 2122 ea
3029 2083 3146 2136 quae
3175 2068 3384 2121 viderat

1872 2160 2128 2226 referret;
2158 2176 2291 2229 quas
2344 2163 2499 2224 inter,
2543 2159 2860 2213 credendum
2887 2165 2969 2212 est
3018 2157 3380 2226 Magdalenam

1873 2250 2058 2315 fuisse,
2095 2265 2214 2304 cum
2262 2251 2480 2320 reliquis
2509 2259 2562 2303 et
2595 2251 2762 2318 ipsam
2810 2248 3089 2316 discipulis
3128 2247 3381 2300 nuntian-

1871 2346 1976 2392 tem
2007 2353 2068 2392 ea
2106 2353 2222 2407 qua:
2251 2339 2498 2394 solitatim
2526 2346 2578 2392 et
2599 2337 2938 2407 singulariter
2966 2336 3188 2390 viderat.

2546 2642 2676 2696 Vill.

1934 2748 2042 2823 Ego
2073 2769 2197 2809 vero
2224 2762 2277 2809 et
2300 2754 2426 2808 illud
2457 2768 2655 2824 quaero,
2687 2752 2954 2822 quomodo
2979 2751 3118 2820 apud
3148 2749 3382 2803 Marcum

1863 2841 2062 2896 dictum
2107 2844 2196 2907 sit,
2244 2843 2385 2912 quod
2423 2857 2544 2896 cum
2576 2840 3228 2901 Sabbatum'transiisset,
3259 2852 3379 2890 aro-

1864 2944 2003 2986 mata
2030 2935 2376 3002 paraverint;
2418 2933 2554 3001 apud
2599 2931 2792 2985 Lucam
2842 2946 2968 2984 vero
3013 2939 3135 2984 ante
3182 2927 3382 2982 Sabba-

1863 3029 1974 3074 tum
2008 3021 2063 3074 id
2091 3030 2270 3091 agant,
2298 3023 2412 3090 ipsa
2440 3022 2758 3076 Parasceves
2787 3019 2890 3073 die.

275 3149 404 3200 Καὶ
437 3145 602 3197 τοῦτο
626 3144 682 3195 δὲ
721 3146 832 3205 τοῖς
866 3141 1141 3211 προτέροις
1175 3141 1642 3210 συμπεπλεγμένον
1671 3139 1765 3209 ζη-

1931 3131 2052 3186 Hazc
2074 3146 2282 3200 quoque
2304 3131 2668 3200 superioribus
2690 3129 2945 3197 implicita
2968 3128 3378 3196 quaestionibus.

194 3239 463 3308 τήμασι,
519 3233 620 3301 τῆς
663 3231 852 3299 ὁμοίας
889 3228 1109 3287 ἐκείνοις
1160 3227 1305 3295 τύχοι
1353 3227 1417 3278 ἂν
1449 3226 1764 3296 ἑρμηνείας⁸

197 3322 660 3379 ἀποδεικνύντων
687 3321 742 3372 δὲ
765 3319 916 3388 ἡμῶν
936 3318 1005 3388 μὴ
1037 3313 1166 3369 εἶναι
1189 3316 1282 3379 τὰς
1310 3316 1492 3378 αύτάς,
1520 3315 1629 3368 ἀλλ’
1654 3315 1767 3368 ἑτέ-

196 3433 307 3486 ρας
349 3415 460 3483 μὲν
503 3412 602 3473 τὰς
633 3410 739 3480 πρὸ
774 3408 864 3460 τοῦ
907 3406 1176 3459 Σαϐϐάτω
1230 3409 1286 3459 έν
1313 3407 1447 3475 αὐτῇ
1493 3407 1557 3475 τῇ
1593 3406 1769 3472 Παρα-

197 3508 414 3574 σκευῇ,
453 3503 579 3554 καθ’
612 3502 678 3570 ἣν
703 3499 959 3552 πέπονθεν
990 3501 1016 3550 ὁ
1049 3496 1250 3566 Σωτὴρ,
1279 3497 1401 3566 περὶ
1430 3496 1524 3564 τὴν
1554 3495 1767 3564 κηδείαν

192 3593 633 3666 ἁσχοληθείσας,
673 3590 858 3660 ἑτέρας
883 3589 938 3640 δὲ
973 3587 1068 3651 τὰς
1102 3586 1235 3656 μετά
1265 3587 1322 3638 τὸ
1351 3586 1614 3638 Σάϐϐατον
1633 3603 1644 3614 ·
1675 3602 1766 3636 σα-

193 3689 320 3756 φῶς
355 3685 477 3754 γὰρ
528 3682 733 3742 ταύτας
780 3680 986 3740 Λουκᾶς
1031 3676 1407 3746 μεμαρτύρηκε
1455 3676 1570 3728 κατ’
1602 3673 1764 3744 αὐτὴν

196 3778 303 3849 τὴν
342 3777 572 3848 ἡμέραν
594 3772 688 3824 τοῦ
719 3769 918 3830 πάθους
947 3767 1111 3820 ταῦτα
1138 3767 1501 3836 πεποιηκέναι,
1523 3764 1763 3833 οὐδαμῶς

193 3872 482 3940 ὀνόματος
506 3863 782 3934 γυναικῶν
816 3858 1198 3930 μνημονεύσας,
1223 3858 1332 3909 ἀλλ’
1360 3857 1537 3919 ἁπλῶς
1583 3859 1762 3922 γυναῖ-

193 3977 303 4024 κας
331 3957 518 4012 είπὼν
547 3955 648 4017 τὰς
672 3950 1019 4012 συνελθούσας
1041 3947 1185 4016 αύτῷ
1212 3945 1318 3999 ἀπὸ
1337 3947 1435 4014 τῆς
1453 3944 1756 4006 Γαλιλαίας·

189 4053 220 4102 ὁ
249 4051 313 4102 δὲ
367 4047 609 4117 Μάρκος
657 4041 910 4110 ὀνομαστὶ
955 4039 1098 4107 τρεῖς
1143 4036 1300 4106 μόνας
1340 4033 1602 4103 ἀνέγραψε
1642 4032 1758 4084 καθ’

189 4140 410 4200 ἑαυτὰς
444 4137 707 4207 πρόνοιαν
737 4129 1099 4198 πεποιημένας
1132 4126 1233 4179 τῶν
1264 4125 1578 4195 ἀρωμάτων,
1613 4123 1670 4174 οὐ
1693 4125 1755 4191 τῇ

187 4229 544 4300 Παρασκευῇ
568 4264 582 4287 ,
636 4222 771 4275 ἀλλά
822 4218 958 4289 μετὰ
987 4216 1313 4284 διαγενέσθαι
1343 4215 1402 4266 τὸ
1451 4211 1717 4265 Σάϐϐατον
1741 4228 1754 4241 ο

187 4322 401 4393 ἐτέρας
440 4316 501 4368 δὲ
551 4309 689 4365 εἶναι
718 4308 914 4370 ταύτας
943 4306 1088 4375 παρὰ
1129 4305 1222 4366 τὰς
1271 4302 1415 4393 παρὰ
1453 4300 1528 4370 τῷ
1558 4300 1752 4393 novicii,

185 4384 304 4460 καὶ.
339 4405 418 4458 τὰ
473 4402 606 4470 ἑξῆς
648 4396 954 4464 ὲπαγόμενα
992 4394 1270 4446 δείκνυσιν.
1307 4387 1468 4444 Α’ὗται
1523 4388 1616 4458 μὲν
1665 4384 1754 4440 οὖν

1871 3237 2048 3291 parem
2098 3222 2203 3274 illis
2249 3221 2673 3289 explanationem
2723 3218 2992 3272 sortietur.
3033 3219 3238 3272 Etenim
3282 3234 3381 3274 nos

1865 3313 2366 3371 demonstravimus,
2399 3309 2536 3362 haud
2565 3307 2774 3362 easdem
2793 3321 2930 3369 esse,
2964 3307 3054 3359 sed
3079 3308 3231 3373 alias,
3263 3321 3381 3376 qua:

1865 3409 1986 3455 ante
2021 3400 2306 3453 Sabbatum
2337 3399 2448 3467 ipsa
2495 3396 2813 3450 Parasceves
2847 3395 2951 3456 die;
2991 3409 3094 3462 qua
3124 3395 3379 3448 Dominus

1865 3505 2053 3558 passus
2085 3496 2188 3552 est,
2221 3489 2284 3540 ad
2308 3502 2423 3541 eam
2449 3500 2628 3538 curam
2650 3485 3040 3547 incubueruut;
3069 3483 3201 3536 alias
3229 3497 3372 3545 vero,

1861 3594 1978 3647 quae
2031 3585 2148 3646 post
2194 3575 2479 3628 Sabbatum
2513 3594 2525 3628 :
2562 3573 2840 3642 perspicue
2880 3572 3018 3624 enim
3069 3570 3164 3624 has
3205 3569 3377 3624 Lucas

1861 3673 2088 3720 testatur
2130 3665 2243 3732 ipsa
2285 3663 2370 3716 die
2407 3661 2676 3716 Passionis
2719 3660 2769 3713 id
2803 3660 2994 3728 egisse,
3019 3660 3216 3712 nullius
3260 3674 3377 3712 mu-

1861 3754 2004 3807 lieris
2032 3759 2323 3806 memorato
2353 3751 2588 3812 nomine,
2613 3749 2705 3804 sed
2731 3747 3042 3818 simpliciter
3062 3745 3375 3798 mulieribus

1859 3843 2186 3905 memoratis,
2233 3855 2350 3910 quae
2391 3855 2512 3894 cum
2557 3838 2681 3893 Jesu
2731 3845 2986 3890 venerant
3026 3836 3091 3889 de
3139 3835 3372 3888 Galilaea.

1860 3933 2068 3987 Marcus
2113 3942 2288 3986 autem
2326 3940 2436 3985 tres
2477 3931 2618 3986 solas
2644 3927 2956 3983 nominatim
2989 3927 3226 3995 scripsit,
3253 3939 3374 3978 aro-

1859 4030 2056 4076 matum
2082 4023 2238 4077 simul
2263 4036 2441 4075 curam
2474 4027 2737 4090 gerentes,
2760 4017 2901 4070 haud
2925 4017 3009 4070 die
3032 4015 3369 4075 Parasceves,

1857 4111 1948 4166 sed
1974 4111 2082 4180 jam
2124 4110 2355 4164 Sabbato
2388 4111 2745 4179 praeterlapso.
2783 4107 2891 4161 Has
2938 4121 3094 4175 porro
3133 4105 3371 4158 diversas

1855 4216 1974 4256 esse
2001 4201 2068 4253 ab
2089 4201 2194 4254 illis
2233 4200 2405 4262 Lucae,
2433 4199 2708 4267 sequentia
2742 4211 2953 4266 quoque
2980 4194 3366 4249 demonstrant.

1854 4289 1944 4344 Hm
1981 4291 2232 4344 nimirum
2268 4289 2407 4358 apud
2455 4289 2688 4341 Marcum
2727 4287 2976 4339 mulieres
3012 4285 3256 4352 juvenem
3287 4282 3369 4334 vi-

1853 4383 1979 4436 dent
2025 4382 2077 4434 in
2124 4380 2308 4434 dextra
2355 4387 2504 4448 parte
2549 4378 2842 4438 sedentem,
2873 4375 2964 4444 qui
3014 4380 3066 4428 et
3109 4372 3216 4426 illis
3249 4371 3365 4424 ait:

184 4500 468 4565 γυναῖκες
506 4461 664 4556 ἆεὰίρά
695 4461 774 4554 τῷ
796 4461 1002 4554 Μάρκῳ
1027 4481 1114 4533 τὸν
1143 4480 1411 4533 νεανίσκον
1441 4477 1604 4548 ὁρῶσι
1627 4475 1754 4528 καθ-
1783 4461 1791 4514 ἶ

1870 4493 1875 4524 l
1912 4472 2084 4524 Nolite
2117 4472 2328 4534 timere;
2360 4469 2539 4524 Jesum
2577 4468 2813 4536 quaeritis
2856 4465 3222 4528 Nazarenam;
3250 4475 3368 4516 sur-

185 4549 411 4657 ἧμενον
446 4549 510 4633 έν
544 4549 658 4637 τοῖς
714 4549 919 4638 δεξιοῖς,
949 4549 1004 4633 ὃς
1032 4569 1122 4621 καί
1165 4585 1322 4637 φησιν
1366 4569 1576 4628 αύταῖςο
1613 4585 1630 4616 ι
1661 4564 1748 4635 Μὴ

1870 4562 2012 4625 rexit,
2041 4577 2146 4614 non
2177 4569 2259 4614 est
2287 4561 2388 4614 hic.
2431 4579 2449 4611 ι
2486 4559 2595 4612 Illis
2623 4566 2798 4612 autem
2837 4555 2974 4624 apud
3023 4551 3219 4605 Lucam
3261 4549 3368 4602 duo

184 4641 458 4744 ιρδόεῖσθε
481 4687 495 4699 ·
543 4666 753 4736 Ἰησοῦν
794 4662 998 4731 ζητεῖτε
1026 4659 1111 4711 τὸν
1154 4657 1488 4744 Ναζαρηνὸν)
1525 4655 1746 4724 ἠγέρθη,

1870 4655 1953 4708 viri
1993 4654 2272 4706 astiterunt
2298 4653 2350 4705 in
2381 4660 2528 4706 veste
2556 4651 2788 4717 fulgente
2814 4686 2828 4710 ,
2871 4657 2924 4700 et
2964 4645 3067 4696 alia
3103 4642 3263 4696 verba
3286 4641 3366 4692 di—

181 4727 491 4815 rzt'aixria‘ttv
673 4770 691 4802 ι
723 4727 857 4810 Ταῖς
885 4747 939 4798 δὲ
969 4744 1114 4814 παρὰ
1144 4744 1217 4813 τῷ
1253 4745 1427 4812 Λουκᾷ
1452 4742 1542 4794 δύο
1565 4742 1750 4811 ἄνδρες

1870 4748 2021 4795 :unt:
2061 4758 2078 4789 ‹
2115 4741 2223 4794 Cur
2271 4741 2509 4808 quaarilis
2555 4739 2821 4791 viventem
2865 4735 3002 4785 inter
3028 4727 3308 4782 mortuos?
3341 4744 3358 4774 ι

180 4853 517 4918 ἐπέστησαν
554 4847 614 4896 έν
645 4840 827 4907 ἐσθῆτι
859 4833 1251 4905 ἀστραπτούσῃ,
1281 4833 1372 4885 καὶ
1398 4833 1582 4903 ἐτέρας
1621 4847 1750 4900 προ-

1870 4841 1906 4885 at
1933 4830 2156 4897 reliqua.
2198 4829 2262 4881 Et
2294 4830 2395 4882 illa:
2423 4827 2558 4896 apud
2588 4824 2820 4877 Marcum
2865 4817 3078 4872 monitae
3118 4815 3363 4866 mandata

182 4899 462 5014 ᾆξξῷᾇξαι
511 4932 699 5003 φωνὰς
750 4899 1022 4995 λέγοντες·
1054 4943 1072 4975 ι
1094 4925 1164 5014 ,Τί
1197 4899 1402 4992 ξητεῖτε
1452 4899 1539 4973 τδν
1584 4899 1752 4982 ζῶντα

1870 4923 2101 4976 nuntiare
2143 4919 2437 4987 discipulis,
2469 4914 2664 4968 nemini
2689 4910 2974 4980 quidquam
3002 4905 3268 4956 dixerunt.
3297 4899 3364 4952 At

1896 5013 1899 5014 ν
1990 5009 2010 5014 -
2288 5008 2302 5014 -
2582 5004 2613 5014 ..
2826 5006 2836 5014 .
2885 4993 3154 5014 μυί-ηπ,
3200 4991 3337 5014 ,,,,,,,,

183 4991 478 5100 μετά-τῶν
501 4991 751 5090 νεκρῶκ
780 5036 796 5066 ι
822 4991 922 5068 γκαὶ
949 5015 1017 5066 τὰ
1057 5013 1178 5082 ἑξῆς
1201 5029 1214 5041 ·
1250 5013 1339 5064 καὶ
1377 5013 1432 5063 αί
1464 5011 1558 5080 μὲν
1605 5011 1749 5079 παρὰ

1873 5013 1953 5066 lla:
1990 5009 2145 5062 Lucae
2182 5008 2430 5077 profecta:
2464 5004 2844 5057 nuntiaverunt
2877 4993 3160 5061 discipulis
3200 4991 3367 5042 unde-

2015 5097 2035 5100 -
2292 5095 2342 5100 --
2527 5091 2558 5100 ..
2837 5084 2869 5100 .,
2901 5097 2941 5100 μ
2985 5079 3130 5100 ιη,
3160 5075 3365 5100 ΛΑΜ,

567 5075 868 5166 ἀκούσασαι
899 5109 1005 5168 τοῖς
1049 5075 1308 5173 μαθηταῖς
1349 5075 1656 5168 ἐπαγγεῖλαι
1681 5075 1748 5150 τά

1870 5101 1972 5153 :iin.
2004 5075 2269 5161 Quarevex
2292 5095 2376 5148 his
2399 5091 2645 5146 omnibus
2673 5084 2963 5154 colligitur,
2985 5079 3132 5132 haud
3156 5075 3368 5130 easdem

179 5175 637 5282 παρηγγελμένα
663 5216 679 5230 ·
725 5195 894 5249 οὐδενὶ
923 5193 1069 5282 οὐδέν
1115 5188 1259 5244 εἷπον
1279 5192 1373 5282 ο-αί
1403 5190 1457 5241 δὲ
1500 5187 1644 5282 ποιρά

1872 5189 2012 5242 uisse
2035 5187 2304 5246 mulieres,
2333 5184 2556 5251 ideoque
2590 5194 2688 5234 nec
2720 5192 2831 5230 uno
2869 5182 3112 5239 tempore
3151 5183 3214 5222 ea
3256 5178 3372 5234 qua:

177 5274 372 5361 Δουκξ
399 5274 776 5361 πορευθεῖσαι
802 5280 1129 5351 ἀπήγγειλαν
1160 5281 1267 5340 τοῖς
1295 5279 1497 5330 ἕνδεκαε
1551 5275 1622 5336 ὡς
1658 5274 1743 5327 διὰ

1870 5294 1900 5330 u
1924 5276 2134 5343 scriptis
2165 5281 2309 5336 sunt,
2324 5288 2460 5326 .esse
2489 5276 2718 5340 peracta.

439 5347 708 5437 ἁπάντων
756 5347 1088 5440 συνάγεσθαι,
1123 5370 1194 5438 μὴ
1238 5369 1335 5430 τάς
1367 5367 1528 5428 αὐτὰς
1571 5361 1731 5419 εἶναι·
1771 5367 1849 5420 διὸ
1910 5367 2036 5438 μηδὲ
2086 5367 2171 5433 ὑφ’
2196 5366 2288 5418 ἕνα
2325 5364 2507 5433 καιρὸν
2540 5355 2886 5428 πεποιηιίραι
2931 5348 2998 5402 τά
3030 5347 3383 5412 ἀναγεγραμ·

176 5477 338 5545 μένα.

238 5650 356 5719 (67)
398 5640 545 5700 Cod.
576 5635 651 5697 A,
691 5630 726 5682 f.
761 5631 881 5695 ala,
907 5633 962 5687 ι).
