3926 6344
230 364 389 422 ίοοι

1091 373 1584 431 δυΡΡιΕΜΕΝΤΛ
1619 374 2085 443 ΩΠᾸΞΒΤΙΟΝΙΙΜ
2119 374 2208 429 AD
2243 374 2583 431 MARINUM.

3276 381 3414 437 {002

221 492 302 544 γε
355 478 475 549 μὴν
518 480 716 545 ἔδειξεν
762 481 939 545 αὐτοῖς
970 481 1065 546 τὰς
1096 486 1278 556 χεῖρας
1308 484 1400 537 καὶ
1426 485 1522 556 τὴν
1555 482 1786 554 πλευρὰν

1888 497 2039 537 suum
2067 483 2364 537 ostendisse
2392 482 2577 539 Jesum
2614 491 2840 540 testatur
2871 485 3416 549 Joannes,'consonat

218 566 416 621 αὺτοῦ
448 573 797 642 μαρτυρήσας
842 574 870 626 ό
904 573 1165 643 Ἰωάννης,
1201 574 1477 644 σύμφωνος
1510 575 1573 627 ἂν
1600 574 1685 644 είη
1718 573 1793 642 τῷ

218 655 333 711 χᾶ
398 660 504 729 τήν
555 659 730 714 αἰτίαν
780 661 1148 732 παραθεμίνῳ.
1183 662 1396 726 Τούτοις
1448 663 1592 732 ἑξῆς,
1620 667 1648 716 ὁ
1698 664 1793 732 μὲν

216 748 464 811 Λουκᾶς
499 765 682 817 φησιν,
710 769 730 801 ι
765 750 882 805 TE“
908 750 962 803 δὲ
981 748 1339 803 ἀπιστούντων
1366 752 1536 804 αὐτῶν
1558 752 1660 804 ἀπὸ
1698 754 1793 822 τῆς

215 840 424 910 χαρᾶς
471 840 566 892 καὶ
606 840 1001 910 θαυμαζόντων,
1042 838 1191 895 εἶπεν
1235 842 1446 905 αὐτοῖς,
1510 842 1696 911 Ἔχετέ
1741 860 1792 896 τι

216 926 528 1000 βρώσιμον
585 929 808 996 ὲνθάδε;
870 934 930 985 Oi
977 931 1032 985 δὲ
1082 930 1359 985 ἀπέδωκαν
1400 930 1545 1000 αὐτῷ
1617 928 1793 1001 ἰχθύος

211 1018 411 1071 ὀπτοῦ
466 1019 652 1091 μέρος.
696 1039 715 1072 ι
751 1020 931 1075 Ταῦτα
972 1021 1028 1074 δὲ
1063 1021 1305 1091 Ἰωάννης
1335 1022 1394 1073 οῦ
1443 1021 1787 1091 συνέγραψεν.

215 1109 416 1163 Ἔνθα
468 1110 780 1180 γενομένοις
828 1112 1108 1180 ἐπιστῆσαι
1139 1113 1395 1181 προσήκει
1429 1110 1517 1163 τὸν
1547 1110 1689 1177 νοῦν,
1716 1112 1790 1175 ὡς

211 1200 325 1254 καὶ
367 1201 434 1252 ὲν
484 1202 598 1262 τοῖς
636 1199 865 1262 λοιποῖς,
890 1198 986 1262 τὰς
1026 1198 1346 1270 σεμνοτέρας
1389 1200 1483 1252 καὶ
1524 1200 1791 1270 θειοτέρας

213 1287 479 1358 πράξεις
520 1303 581 1340 τε
623 1286 719 1339 καὶ
748 1286 1084 1349 διδασκαλίας
1112 1286 1203 1339 τοῦ
1236 1289 1478 1359 Σωτῆρος
1521 1288 1673 1358 ήμῶν
1703 1288 1790 1341 διὰ

206 1376 316 1431 τοῦ
360 1377 620 1430 Ἰωάννου
654 1376 715 1430 τὸ
738 1377 954 1447 Πνεῦμα
973 1378 1032 1430 τὸ
1064 1377 1211 1445 ἆγιον
1238 1379 1696 1448 ἀπεμνημόνευσε,
1723 1380 1787 1432 τὰ

204 1467 273 1519 δὲ
316 1466 800 1537 ἁνθρωπινώτερα
824 1466 910 1519 διὰ
934 1466 1040 1521 τῶν
1068 1466 1263 1520 λοιπῶν
1290 1467 1634 1541 συνέγραψεν,
1668 1468 1697 1521 ὃ
1727 1469 1788 1539 δὴ

182 1555 318 1608 ικαὶ
345 1552 456 1606 νῦν
494 1554 808 1624 πεποίηκεν.
825 1555 911 1617 Ὠς
932 1554 1038 1625 γὰρ
1065 1556 1314 1625 ἐνόμισαν
1336 1558 1382 1608 oi
1409 1557 1642 1627 μαθηταὶ
1667 1557 1790 1610 ἰδόν-

206 1661 313 1708 τες
345 1645 452 1698 τὸν
487 1645 734 1716 Σωτῆρα,
760 1645 1020 1716 μὴμαύτδν
1052 1645 1267 1716 θεωρεῖν
1291 1646 1422 1699 ἀλλά
1451 1645 1678 1715 πνεῦμα,
1697 1646 1789 1697 καὶ

204 1736 294 1801 ὡς
318 1735 607 1807 ἠπίστουν
630 1714 800 1806 αὐτῷ,
818 1714 909 1790 καὶ
934 1735 1070 1806 μετὰ
1093 1714 1338 1802 τδήδεῖξαι
1363 1737 1539 1799 αὐτοῖς
1565 1714 1660 1800 τὰς
1686 1740 1790 1806 χεῖ-

1892 574 2075 642 utique
2104 573 2177 626 illi
2200 573 2288 641 qui
2322 573 2397 627 rei
2424 588 2639 628 causam
2677 576 2873 630 attulit.
2904 577 3032 632 Post
3073 579 3209 642 haec,
3243 580 3417 639 Lucas

1891 663 2105 733 quidem
2134 664 2227 729 ait,
2256 664 2430 717 adhuc
2456 678 2563 716 non
2593 663 2929 720 credentibus
2959 667 3064 721 illis
3088 685 3198 738 pm
3221 672 3418 739 gaudio

1890 760 1944 807 et
1976 752 2313 815 mirantibus,
2347 753 2546 807 dixisse
2576 752 2683 808 illis
2711 769 2725 805 :
2764 773 2782 804 ι
2817 753 3032 812 Habetis
3080 758 3167 813 hic
3217 761 3415 830 aliquid

1889 841 2031 912 quod
2057 842 2438 898 manducetur?
2459 862 2477 894 ι
2507 844 2625 898 illos
2646 851 2822 899 autem
2846 855 3048 914 partem
3066 851 3171 904 assi
3191 854 3352 920 piscis
3366 855 3418 909 ei

1889 933 2165 987 obtulisse.
2219 933 2343 987 Hazc
2403 932 2636 990 Joannes
2692 935 2891 991 omisit.
2939 936 3021 990 Ad
3063 939 3207 994 hunc
3240 943 3417 997 locum

1890 1021 2156 1091 progressi
2180 1028 2407 1076 mentem
2424 1020 2677 1076 debemus
2697 1023 2989 1086 intendere,
3014 1031 3072 1077 ut
3090 1026 3247 1080 etiam
3267 1029 3415 1094 alibi.

1889 1109 2224 1178 angustiores
2272 1122 2335 1161 ac
2379 1108 2675 1164 diviniorcs
2720 1120 2874 1163 actus
2918 1110 3221 1168 Servatoris
3247 1116 3418 1171 nostri

1887 1202 2047 1263 atque
2096 1194 2370 1250 doctrinas
2411 1195 2665 1264 Spiritum
2728 1205 2970 1253 sanctum
3023 1215 3118 1269 per
3161 1200 3418 1257 Joannem

1888 1300 2183 1340 memorare
2214 1287 2413 1352 solere;
2449 1287 2793 1341 humaniores
2837 1297 3012 1343 autem
3048 1306 3143 1358 per
3186 1293 3418 1361 reliquos

1886 1372 2240 1443 evangelistas
2281 1378 2601 1445 scripsisse;
2637 1378 2779 1447 quod
2825 1386 2880 1432 et
2920 1379 3023 1433 hoc
3066 1382 3183 1434 loco
3233 1397 3420 1450 reapse

1889 1463 2031 1517 fecit.
2060 1463 2192 1528 Quia
2216 1465 2358 1518 enim
2375 1465 2644 1533 discipuli.
2672 1476 2959 1535 conspecto
2987 1467 3290 1533 Servatore,
3322 1486 3421 1539 pu-

1889 1554 2071 1606 tabant
2106 1569 2212 1606 non
2257 1554 2430 1623 ipsum
2464 1556 2556 1610 sed
2595 1558 2837 1626 spiritum
2871 1574 2929 1612 se
2978 1559 3178 1623 videre,
3211 1569 3263 1614 et
3293 1561 3420 1631 quia

1888 1642 2120 1695 nondum
2179 1643 2227 1696 ei
2285 1642 2604 1707 credebant,
2648 1645 2858 1699 etiamsi
2917 1660 3108 1702 manus
3153 1650 3419 1718 pedesque

1885 1730 2211 1795 ostenderat,
2265 1733 2566 1787 necessario
2613 1742 2826 1802 prepter
2853 1749 3038 1788 eorum
3087 1720 3418 1805 pervicacem

207 1844 328 1898 ρας
362 1826 471 1879 καὶ
505 1828 631 1889 τοὺς
657 1826 819 1890 πόδας
851 1827 1174 1895 ἀναγκαίως,
1202 1827 1279 1880 ἔτι
1311 1827 1671 1881 ἀπιστούντων
1697 1829 1790 1880 αὐ-

1890 1818 2332 1885 incredulitatem,
2364 1820 2683 1887 postulatam
2719 1837 2898 1876 escam
2926 1838 3107 1878 coram
3141 1827 3244 1881 illis
3278 1844 3421 1883 man-

204 1917 356 1978 τῶν,
397 1918 638 1984 αἰτήσας
683 1933 736 1969 τι
783 1916 1070 1987 βρώσιμον,
1101 1918 1298 1986 ἔφαγεν
1341 1917 1564 1971 ἐνώπιον
1593 1917 1788 1972 αὐτῶν.

207 2005 425 2058 Ταῦτα
453 2004 517 2057 δὲ
551 2001 975 2074 σωματικώτερα
1012 2003 1156 2068 ὄντα,
1190 2003 1282 2058 καὶ
1325 2003 1518 2074 πολλὴν
1542 2005 1790 2057 ἀπιστίαν

203 2095 326 2149 τῶν
358 2093 694 2149 ἀποστόλων
718 2093 1135 2165 κατηγοροῦντα,
1160 2094 1319 2147 αὐτοῦ
1347 2112 1406 2146 τε
1435 2094 1526 2146 τοῦ
1548 2095 1789 2163 Σωτῆρος

210 2182 690 2256 συμπεριφορὰν,
742 2182 1012 2244 πείθοντος
1052 2184 1243 2246 αὐτοὺς
1287 2184 1379 2236 καὶ
1418 2183 1601 2252 σαφῶς
1649 2199 1789 2252 παρ-

208 2274 501 2336 ιστιῖιντος
532 2272 610 2335 ὼς
650 2272 759 2342 ἄρα
786 2271 945 2333 αὐτὸς
964 2271 1068 2341 εἴη,
1097 2271 1173 2340 τῷ
1195 2274 1374 2342 Δουκᾷ
1406 2272 1480 2336 ὡς
1508 2272 1571 2325 ἂν
1614 2272 1793 2324 ὑποδε-

203 2363 441 2436 εστέρῳ
472 2361 590 2432 (69)
615 2361 841 2433 γράφειν
861 2361 921 2414 τὸ
939 2360 1155 2431 Πνεῦμα
1176 2361 1404 2414 ὑπέϐαλε
1422 2378 1436 2391 ·
1464 2361 1531 2414 τὰ
1548 2361 1604 2413 δὲ
1623 2362 1792 2431 κρείτ-

206 2472 353 2508 τονα
414 2452 520 2506 καὶ
568 2451 849 2520 δυνάμεως
909 2450 1088 2504 ὲνθέου
1146 2452 1517 2522 παραστατικὰ
1569 2451 1656 2502 διὰ
1697 2450 1789 2502 τοῦ

217 2543 499 2598 Ἰωάννου
536 2540 796 2612 παρίστη,
829 2539 1122 2610 γράφοντος
1143 2540 1235 2592 καὶ
1254 2539 1413 2593 αὐτοῦ
1443 2540 1567 2609 ἑξῆς
1604 2540 1790 2602 ταῦτα,

212 2652 235 2682 ι
260 2631 599 2702 Ἐχάρησαν
628 2623 723 2680 οὖν
744 2627 795 2678 οἱ
824 2627 1056 2697 μαθηταὶ
1086 2626 1278 2689 ἰδόντες
1297 2627 1385 2678 τὸν
1407 2626 1604 2697 Κύριον
1624 2644 1638 2657 ’
1670 2646 1688 2679 ι
1715 2622 1790 2679 εἷ·-

210 2739 322 2776 πεν
380 2717 490 2774 οῦν
535 2719 720 2781 αὐτοῖς
766 2716 960 2781 πάλιν,
992 2735 1012 2766 ‹
1040 2718 1237 2787 Εἰρήνη
1271 2718 1425 2785 ὑμῖν·
1472 2716 1648 2778 καθὼς
1686 2719 1791 2770 ἀπ-

206 2810 469 2868 έσταλκέ
515 2827 586 2881 με
613 2810 643 2860 δ
680 2807 885 2878 Πατὴρ,
923 2806 1074 2874 κάγὼ
1096 2807 1292 2876 πέμπω
1317 2807 1488 2875 ὑμᾶς’
1521 2806 1610 2858 καί
1641 2806 1792 2859 τοῦτο

203 2904 404 2958 εἰπὼν
437 2900 772 2971 ἀνεφύσησε,
802 2919 821 2950 ι
855 2898 946 2952 καὶ
977 2898 1044 2951 τά
1071 2896 1209 2967 ἑξῆς.
1229 2896 1377 2965 Ἐχοι
1409 2896 1453 2949 δ’
1483 2895 1547 2948 ἂν
1571 2897 1789 2948 ἀκολου-

204 2997 339 3050 θίαν
377 2995 417 3046 ὁ
448 2991 587 3060 παρ’
613 2989 935 3060 ἀμφοτέροις
958 2988 1129 3057 λόγος,
1154 2990 1201 3041 εἰ
1226 2987 1292 3040 τὰ
1316 2988 1461 3056 παρά
1498 2986 1574 3057 τῷ
1613 2988 1790 3057 Λουκᾷ

210 3085 434 3158 πρῶτα
464 3078 784 3151 πεπρᾶχθαι
820 3077 1188 3148 λογισαίμεθα,
1209 3074 1306 3129 εἷθ’
1330 3076 1497 3139 οὕτως
1526 3077 1637 3145 μετ’
1656 3078 1789 3128 ἐκεῖ·

204 3144 274 3228 νοἶ
311 3144 739 3239 συνθάψομεν.τά
762 3144 909 3237 παρά
930 3164 1006 3234 τῷ
1035 3144 1403 3234 νἸωὰννῃδἘτι
1429 3144 1650 3233 μὲνγὰρ
1670 3162 1789 3214 ἀπι-
1814 3144 1856 3200 C

202 3261 512 3317 στοῦντων
555 3255 737 3310 αὐτῶν
768 3256 859 3309 καὶ
886 3254 1086 3325 τροφήν
1111 3254 1245 3323 ᾔτει,
1274 3254 1365 3306 καὶ
1407 3252 1479 3322 μὴ
1508 3251 1789 3321 ἀρκεσθεὶς

201 3356 276 3424 τῇ
333 3348 560 3422 βρώσει
588 3346 685 3400 τοῦ
723 3344 920 3415 ἰχθύος,
953 3345 1045 3396 καὶ
1087 3343 1271 3410 λόγους
1300 3343 1492 3404 αὐτοὺς
1532 3342 1786 3412 στηρίξει,

200 3443 313 3512 τῆς
334 3439 633 3512 προτέρας
648 3437 841 3498 αὐτοὺς
863 3435 1279 3504 ὑπομιμνήσκων
1296 3431 1628 3493 διδασκαλίας
1653 3430 1788 3483 κατά

198 3534 303 3586 τὸν
325 3527 723 3587 Δουκᾶν.⁶’οτε
753 3525 809 3577 δὲ
831 3523 1010 3576 λοιπὸν
1035 3521 1337 3583 πεισθέντες
1357 3519 1789 3592 ὲπληροφορήθη-

201 3642 315 3677 σαν
349 3620 536 3674 αὑτὸν
558 3613 697 3670 εἶναι
730 3614 961 3686 ἀληθῶς,
995 3614 1085 3666 καὶ
1117 3612 1296 3666 λοιπὸν
1327 3612 1491 3682 χαρᾶς
1527 3607 1662 3681 ἦσαν
1695 3628 1788 3679 με-

202 3712 359 3774 atat,
393 3708 533 3762 τότε
557 3705 813 3775 δευτέραν
845 3704 1024 3764 αὐτοῖς
1054 3702 1271 3772 εἰρήνην
1299 3701 1485 3772 ἑτέραν
1505 3699 1597 3752 καὶ
1621 3700 1791 3770 κρείτο

194 3819 345 3856 τονα
387 3796 559 3868 παρὰ
599 3795 696 3865 τήν
738 3793 1004 3865 προτέραν
1034 3792 1229 3855 δίδωσι,
1256 3793 1347 3844 καὶ
1371 3790 1787 3860 παρακελεύεται

197 3893 490 3963 ἑτοίμους
520 3881 661 3939 εἶναι
697 3887 777 3946 είς
807 3883 903 3953 τὴν
934 3880 1246 3950 ἀποστολὴν,
1275 3880 1546 3950 μονονουχὶ
1578 3878 1788 3948 ὁμοίους

195 3982 370 4053 αὐτῷ
401 3978 511 4033 καὶ
534 3975 735 4037 αὐτοὺς
767 3971 977 4025 ἔσεσθαι
1006 3970 1091 4023 διὰ
1121 3968 1213 4022 τοῦ
1237 3969 1415 4038 ὁμοίου
1437 3968 1592 4040 ἔργου
1618 3970 1788 4034 ἐπαγ-

193 4071 583 4140 γειλάμενος.
618 4059 729 4117 Εἶθ’
759 4061 882 4130 ἑξῆς
925 4059 1016 4113 καὶ
1063 4057 1361 4120 ἀκολούθως
1398 4058 1591 4127 ὲμπνεῖ
1611 4056 1788 4117 αὐτοῖς

194 4162 302 4216 τοῦ
330 4159 518 4227 ἁγίου
546 4151 881 4222 Πνεῦματος,
909 4148 984 4210 ὡς
1017 4148 1080 4200 ἂν
1106 4146 1368 4217 δεομένοις
1388 4145 1569 4198 τούτου
1596 4146 1673 4207 εἰς
1693 4143 1787 4214 τὴν

193 4249 347 4319 ἑξῆς
384 4239 807 4313 ἐπιφερομένην
833 4236 1155 4304 ἐπαγγελίαν
1172 4250 1185 4263 ⁸
1217 4234 1352 4305 αῦτη
1378 4234 1432 4287 δὲ
1456 4230 1520 4304 ἦν
1545 4232 1604 4285 τὸ
1635 4232 1787 4285 δύνα-

196 4338 339 4391 σθαι
374 4331 618 4403 ἀφιέναι
650 4326 919 4398 ἁμαρτίας
941 4324 1026 4377 διὰ
1052 4324 1151 4393 τῆς
1186 4322 1277 4376 τοῦ
1303 4323 1455 4391 ἁγίου
1482 4320 1786 4390 Πνεῦματος

1887 1905 2122 1962 ducavit.
2149 1907 2269 1962 Haec
2292 1910 2460 1980 magis
2482 1911 2782 1979 corporalia
2802 1927 2921 1965 cum
2946 1915 3072 1977 sint,
3097 1931 3420 1984 gravemque

1888 1999 2247 2066 apostolorum
2278 1999 2698 2055 incredulitatem
2721 2011 2993 2067 accusent,
3017 2014 3069 2057 et
3096 2005 3264 2074 ipsius
3287 2007 3415 2061 Ser-

1890 2088 2088 2140 vatoris
2123 2088 2501 2158 indulgentiam
2545 2099 2787 2159 arguant,
2820 2095 3188 2160 persuadentis
3232 2096 3313 2151 eis
3354 2111 3419 2152 ac

1888 2173 2303 2232 demonstrantis
2333 2194 2390 2232 se
2418 2193 2557 2242 esse,
2598 2179 2753 2234 Lucae
2789 2190 2968 2250 utpote
3008 2184 3229 2238 secundi
3268 2184 3415 2240 ordi-

1890 2265 1975 2318 nis
2006 2265 2207 2319 homini
2241 2268 2525 2322 scribenda
2554 2268 2784 2337 Spiritus
2805 2273 3073 2327 commisit
3102 2291 3119 2329 :
3143 2275 3233 2328 sed
3263 2277 3417 2332 nobi-

1889 2352 2023 2406 liora
2055 2362 2108 2409 et
2140 2355 2373 2410 divinam
2397 2359 2647 2412 virtutem
2681 2362 3100 2429 comprobautia,
3131 2380 3225 2433 per
3249 2364 3415 2421 Joan-

1893 2456 2012 2496 nem
2028 2444 2287 2508 exbibuit,
2308 2448 2397 2514 qui
2414 2457 2464 2501 et
2486 2448 2598 2515 ipse
2624 2462 2746 2501 mox
2771 2450 2956 2503 scribit
2987 2469 2999 2504 :
3036 2470 3055 2502 ι
3089 2451 3268 2508 Gavisi
3291 2463 3418 2510 sunt

1888 2546 2016 2602 ergo
2047 2532 2315 2603 discipuli,
2351 2535 2465 2590 viso
2513 2535 2758 2590 Domino.
2796 2556 2814 2587 ι
2849 2538 2991 2592 Dixit
3026 2556 3153 2610 ergo
3194 2542 3272 2597 eis
3318 2544 3418 2599 ite—

1888 2638 2047 2676 rum:
2085 2641 2104 2673 ι
2145 2622 2251 2677 Pax
2285 2625 2451 2680 vobis.
2488 2624 2638 2679 Sicut
2677 2628 2824 2682 misit
2875 2644 2959 2683 me
2997 2629 3171 2694 Pater,
3222 2640 3275 2686 et
3319 2646 3419 2702 ego

1888 2713 2041 2765 mitto
2066 2730 2183 2767 vos.
2213 2714 2276 2767 Et
2304 2730 2422 2767 cum
2447 2716 2555 2768 haec
2576 2716 2816 2779 dixisset,
2845 2718 3151 2783 insulilavit,
3175 2738 3194 2771 ι
3220 2731 3270 2775 et
3292 2723 3421 2776 reli-

1887 2816 2013 2870 qua.
2046 2800 2270 2856 Habebit
2313 2812 2488 2857 autem
2536 2820 2729 2859 nexum
2759 2808 3039 2877 utriusque
3077 2812 3417 2879 evangelista

1886 2891 2078 2954 oratio,
2114 2892 2161 2946 si
2190 2907 2306 2961 quae
2336 2893 2467 2947 dicit
2505 2892 2697 2957 Lucas,
2724 2895 2874 2965 prius
2914 2908 3033 2950 acta
3063 2905 3372 2967 reputemus
3398 2918 3414 2965 ;

1890 2996 2012 3035 mox
2038 2991 2256 3036 narrata
2305 2984 2402 3038 abs
2431 2983 2638 3041 Joanne
2685 2988 3012 3056 copulemus.
3058 2989 3247 3044 Adhuc
3274 2991 3415 3043 enim

1889 3074 1995 3128 illis
2021 3089 2129 3127 non
2162 3074 2522 3138 credentibus,
2554 3091 2732 3130 escam
2782 3078 3104 3145 postulavit;
3137 3094 3309 3148 neque
3334 3082 3417 3149 pi-

1888 3165 1996 3219 scis
2023 3180 2119 3220 esu
2148 3174 2453 3229 contentus,
2482 3181 2758 3221 sermones
2781 3181 2909 3222 suos
2934 3170 3234 3233 conﬁrmat,
3270 3171 3416 3238 prio:-

1887 3267 1998 3305 rem
2021 3252 2100 3306 eis
2126 3269 2245 3322 quae
2273 3262 2356 3307 est
2397 3256 2534 3323 apud
2561 3253 2757 3308 Lucam
2791 3256 3087 3309 doctrinam
3130 3257 3410 3313 refricans.

1886 3338 2174 3410 Postquam
2197 3357 2320 3396 vero
2341 3343 2640 3409 credentes,
2664 3344 2838 3410 ipsum
2868 3357 2993 3397 vere
3025 3358 3145 3401 esse
3170 3345 3271 3398 sibi
3296 3361 3419 3412 per-

1887 3440 2189 3493 suaserant,
2210 3432 2424 3501 jamque
2449 3431 2644 3501 gaudio
2666 3432 2985 3494 ditlluerent,
3017 3444 3146 3485 tunc
3177 3433 3414 3488 secundo

1885 3520 1965 3574 eis
1996 3534 2200 3589 pacem,
2243 3521 2511 3574 meliorem
2545 3521 2749 3575 scilicet
2779 3522 2945 3589 prima
2974 3521 3271 3589 impertitus
3295 3531 3411 3588 est,

1888 3617 2047 3678 atque
2070 3616 2129 3660 ut
2155 3609 2470 3676 apostolatui
2496 3609 2666 3677 parati
2692 3616 2871 3664 essent
2900 3608 3189 3671 mandavit,
3211 3609 3415 3663 similes

1886 3697 2266 3767 propemodum
2319 3699 2402 3752 sui
2447 3697 2656 3752 futuros
2688 3699 2756 3753 ob
2791 3700 2967 3769 operis
3010 3698 3412 3753 similitudinem

1887 3787 2172 3857 spondeus.
2210 3788 2324 3844 Mox
2371 3795 2727 3843 consentanee
2768 3786 3022 3857 Spiritum
3064 3797 3308 3843 sanctum
3356 3791 3412 3843 in

1884 3893 1979 3932 eos
2008 3878 2306 3947 inspiravit,
2338 3886 2521 3948 utpote
2548 3879 2689 3932 illius
2721 3877 2931 3947 indigos
2965 3878 3031 3931 ad
3076 3894 3199 3932 mox
3225 3880 3410 3933 dicen-

1886 3968 2008 4021 dam
2038 3968 2509 4023 denuntiationem.
2549 3958 2672 4022 Haec
2717 3975 2892 4021 autem
2926 3976 3061 4031 erat,
3095 3982 3253 4037 posse
3291 3968 3412 4023 illos

1885 4065 2103 4128 peccata
2140 4059 2406 4113 dimittere
2430 4073 2525 4128 per
2551 4059 2720 4112 sancti
2751 4057 2981 4125 Spiritus
3013 4057 3284 4112 virtutem.
3316 4060 3414 4110 Δις

1884 4163 1987 4216 que
2030 4147 2103 4200 ita
2155 4163 2222 4202 ex
2271 4147 2526 4203 ambobus
2557 4147 2895 4216 evangelistis
2937 4161 3076 4200 unus
3111 4147 3410 4203 communis

1886 4236 2189 4306 perﬁcietur
2220 4253 2431 4304 sermo;
2468 4237 2593 4291 dum
2622 4237 2765 4291 dicta
2792 4236 2929 4306 apud
2970 4236 3188 4302 Lucam,
3224 4244 3409 4292 tacen-

1886 4335 1974 4380 tur
2013 4327 2152 4396 apud
2202 4325 2492 4394 Joannem;
2527 4328 2873 4396 vicissimque
2914 4328 2968 4380 in
3012 4324 3233 4380 Joannis
3276 4327 3413 4381 scri-

188 4426 539 4497 δυνάμεως.
573 4419 686 4474 Καὶ
722 4417 891 4478 οὕτως
935 4413 995 4477 ἐξ
1038 4415 1350 4484 ἀμφοτέρων
1378 4411 1485 4465 τῶν
1514 4411 1784 4501 εὐαγγελι-

1888 4426 2042 4485 ptura
2109 4417 2410 4480 traduntur,
2474 4431 2592 4486 qua:
2648 4417 2863 4470 silentio
2923 4415 3095 4470 Lucas
3154 4416 3346 4485 premit
3393 4432 3408 4467 :

191 4518 358 4572 στῶν
413 4510 508 4576 εἷς
557 4505 811 4569 κοινωνὸς
852 4502 1303 4573 ἀπαρτισθήσεται
1341 4502 1511 4570 λόγος,
1541 4499 1646 4553 τῶν
1688 4500 1783 4569 μὲν

1888 4504 2060 4573 primo
2089 4505 2228 4571 loco,
2259 4516 2317 4559 ut
2337 4505 2591 4568 diximus,
2623 4521 2742 4575 quae
2767 4515 2892 4560 sunt
2918 4504 3073 4559 Lucae
3105 4506 3408 4570 collocatis;

188 4609 369 4681 παρὰ
428 4602 519 4673 τῷ
558 4599 744 4669 Λουκᾷ
767 4595 1115 4665 λελεγμένων,
1142 4591 1509 4662 σιωπηθέντων
1534 4591 1690 4681 παρὰ*
1709 4588 1785 4681 τῷ

201 4678 473 4766 νιωννη
490 4706 507 4721 ο
539 4688 650 4741 τῶν
671 4687 728 4739 δὲ
752 4685 855 4738 ὑπὸ
882 4682 973 4736 τοῦ
999 4682 1238 4735 Ἰωάννου
1258 4683 1435 4751 γραφῇ
1468 4678 1787 4752 παραδοθέν-

186 4804 339 4850 των,
375 4784 527 4852 σιγῇ
569 4774 965 4847 ταμιευθέντων
1005 4769 1152 4841 παρά
1173 4768 1249 4839 τῷ
1279 4770 1482 4840 Λουκᾷ·
1516 4770 1607 4822 καὶ
1642 4766 1784 4839 πρώ.

1888 4587 2080 4642 deinde
2110 4604 2229 4656 qua!
2257 4587 2490 4643 Joannes
2517 4591 2612 4654 ait,
2653 4589 2907 4643 subnexis
2934 4605 2948 4653 ;
2990 4589 3229 4642 eamdem
3261 4602 3412 4640 men-
3436 4648 3449 4661 ‘

1890 4684 1995 4731 tem
2023 4691 2362 4747 sensumque,
2392 4693 2510 4747 qua
2542 4684 2667 4732 sunt
2696 4678 2834 4746 apud
2855 4686 3159 4743 utrumque,
3193 4684 3411 4729 servam-

1890 4766 2053 4819 tibus.
2079 4764 2251 4833 Atque
2278 4768 2388 4819 haec
2416 4767 2488 4819 ita
2518 4782 2575 4820 se
2605 4768 2820 4818 habent.

183 4898 315 4935 των
376 4850 505 4947 μὲν
546 4869 658 4924 τῶν
706 4866 853 4937 παρά
892 4865 968 4935 τῷ
1011 4864 1186 4932 Λουκᾷ
1214 4862 1560 4931 λελεγμένων,
1585 4860 1707 4930 ἑξῆς
1737 4859 1792 4911 δὲ
1818 4858 2039 4917 ἐκείνοις
2097 4858 2503 4926 συναπτομένων
2541 4856 2646 4909 τῶν
2684 4854 2830 4924 παρά
2861 4853 2938 4921 τῷ
2984 4853 3226 4921 ’1ωάννῃ’
3270 4850 3413 4904 οὕτω

184 4992 256 5028 τε
289 4974 409 5026 ἱνα
449 4966 582 5023 νοῦν
627 4964 722 5016 καί⁵
766 4961 893 5030 μίαν
937 4956 1166 5010 διάνοιαν
1199 4954 1468 5018 σωζόντων
1509 4953 1613 5007 τῶν
1658 4954 1782 5021 παρ’
1818 4949 2154 5021 ἀμφοτέροις.
2180 4949 2355 5001 Ταῦτα
2391 4950 2484 5019 μὲν
2513 4950 2697 5020 ταύτῃ.
2750 5038 2753 5039 ν

1003 5070 1059 5126 ι’.

272 5202 411 5273 (70)
460 5193 595 5257 Πῶς
641 5191 700 5245 δὲ
745 5187 894 5258 παρά
922 5182 1118 5273 μὲν,τῷ
1145 5183 1401 5273 Ματθαίῳ
1428 5182 1652 5251 ἄγγελος
1696 5182 1790 5273 οφ-

189 5266 321 5356 θεὶξ
354 5266 499 5349 agat;
528 5277 745 5351 γυναιξὶ
770 5271 1118 5345 παρήγγειλεν
1141 5272 1459 5338 ἀπαγγεῖλαι
1482 5273 1590 5331 τοῖς
1616 5266 1786 5339 μαθη-

161 5427 164 5430 .
188 5386 328 5445 ταῖς
348 5372 567 5437 αὐτοῦ,
583 5372 692 5431 ὅτι,
711 5364 943 5436 Ἠγέρθη
962 5361 1066 5416 ἀπὸ
1081 5359 1185 5412 τῶν
1203 5360 1427 5431 νεκρῶν,
1450 5361 1538 5413 καὶ
1561 5356 1785 5430 προάγει

188 5474 357 5543 ὑμᾶς
418 5449 514 5528 εἶς
554 5460 659 5529 τὴν
692 5453 992 5515 Γαλιλαίαν,
1025 5451 1134 5501 ἐκεῖ
1156 5448 1313 5502 αὐτὸν
1335 5449 1553 5519 δψεσθε,
1591 5446 1786 5518 ὁμοίως

269 5639 402 5711 (69)
439 5618 1779 5711 Plin-oriaeii‘ii'ia993.3}.Herf‘iﬁvﬂti'ﬂ!‘

194 5687 401 5768 1.3366
430 5687 675 5759 fuerunt
697 5690 909 5745 Domini
926 5688 1044 5759 Jesu
1063 5694 1394 5753 spectatores
1412 5698 1465 5744 et
1485 5687 1775 5741 auditores.

464 5798 762 5857 ΡΑτιιοι..
814 5784 925 5844 Gn.
1004 5778 1182 5839 XXII.

2619 5061 2685 5115 Χ.

1962 5174 2237 5241 Quomodo
2272 5173 2411 5244 apud
2440 5171 2745 5226 Matthmum
2773 5171 2985 5241 quidem
3014 5170 3235 5239 angelus
3262 5171 3411 5225 visus

1889 5266 2204 5323 mulieribus
2270 5264 2541 5320 mandavit
2594 5265 2844 5318 nuntiare
2891 5260 3172 5330 discipulis
3224 5259 3407 5315 Jesum

1889 5355 2278 5418 resurrexisse,
2320 5354 2551 5423 illosque
2581 5365 2966 5421 praecessurum
3008 5350 3061 5403 in
3100 5347 3407 5412 Galilaeam,

1892 5448 2070 5517 ibique
2119 5443 2234 5499 fore
2275 5444 2620 5515 conspicuum
2643 5482 2659 5506 ,
2705 5442 2951 5498 similiter
2991 5437 3132 5508 apud
3174 5437 3410 5493 Marcum

1960 5619 2067 5692 (70)
2104 5617 2233 5674 Cod.
2267 5584 2399 5683 Αςτ,
2429 5617 2549 5684 διο,
2576 5618 2628 5672 b.
