3926 6378
290 379 442 435 £005

1024 505 1124 558 ΙΝ.

366 583 486 653 (72)
524 585 658 657 Φαίη
687 587 733 640 δ’
757 590 946 656 ᾶνοτις,
972 593 1083 655 πῶς
1113 597 1140 646 6
1165 595 1258 663 μὲν
1272 595 1537 659 Ματθαῖος
1561 597 1840 666 πορευθέν-

273 690 392 737 τας
420 676 551 739 τοὺς
575 676 764 731 ἕνδεκα
791 683 868 744 είς
895 682 953 734 τὺ
977 683 1098 752 ὅρος
1121 687 1217 753 τῆς
1246 685 1521 748 Γαλιλαίας
1546 687 1839 756 ἑωρακέναι

277 767 435 835 φησὶ
465 767 556 820 τὸν
595 769 817 838 Ἰησοῦν,
846 774 875 824 6
920 773 974 824 δὲ
1010 775 1250 842 Ἰωάννης
1287 775 1417 843 μετὰ
1445 775 1540 838 τάς
1564 775 1651 828 δύο
1676 778 1838 830 ὀπτα-

277 856 422 918 σίας
462 858 563 922 τὰς
592 861 648 911 ὲν
677 861 742 930 τῇ
780 863 1118 932 Ἰερουσαλὴμ
1160 864 1218 915 τὸ
1257 866 1432 935 τρίτον
1462 860 1633 933 ὦφθαι
1681 869 1837 920 αὑτὸν

270 948 394 1000 οὐκ
425 950 487 1000 ὲν
520 949 597 1018 τῷ
621 950 734 1019 δρει
761 952 857 1020 τῆς
881 952 1177 1015 Γαλιλαίας,
1198 953 1330 1006 ἀλλά
1357 955 1501 1024 παρὰ
1524 957 1619 1026 τὴν
1647 956 1838 1010 θάλασ-

271 1052 393 1089 σαν
416 1037 525 1105 τῆς
549 1037 833 1101 Γαλιλαίας
863 1042 1087 1111 irrepsi;

306 1183 310 1192 η
354 1126 567 1196 Τρίτον
603 1127 696 1196 μὲν
746 1130 954 1199 άληθῶς
981 1132 1131 1184 τοῦτο
1161 1133 1404 1204 σύμφημι
1435 1136 1526 1186 καὶ
1553 1137 1708 1200 αὐτὸς
1746 1136 1834 1190 τὸν

267 1213 532 1285 Σωτῆρα
582 1210 756 1285 ὦφθαι
801 1223 910 1281 τοῖς
945 1221 1220 1290 μαθηταῖς,
1255 1222 1313 1275 τὸ
1354 1225 1450 1294 μὲν
1482 1226 1689 1295 πρῶτον
1717 1229 1832 1281 κατ’

262 1305 464 1375 αὐτὴν
497 1307 597 1376 τὴν
619 1308 826 1378 ἡμέραν
849 1310 943 1379 τῆς
973 1311 1328 1376 ἀναστάσεως,
1354 1315 1470 1368 καθ’
1499 1317 1562 1385 ἦν
1590 1319 1772 1388 Μαρία
1799 1321 1831 1389 ἡ

260 1395 630 1466 Μαγδαληνὴ
679 1401 886 1468 πρωίας
942 1402 1098 1455 αὑτὸν
1155 1402 1390 1473 ἑώρακε·
1416 1407 1610 1476 ταύτην
1651 1408 1831 1480 δὲτὴν

261 1482 522 1554 πρώτην
583 1486 840 1540 ὀπτασίαν
893 1490 984 1542 καὶ
1043 1491 1249 1554 Λουκᾶς
1313 1495 1524 1564 ἱστορεῖ.
1557 1496 1830 1568 οΔεύτερον

257 1573 330 1626 δὲ
369 1575 508 1643 μεθ’
532 1577 739 1646 ἡμέρας
757 1579 914 1641 ὀκτὼ,
933 1580 1124 1650 δηλαδὴ
1149 1585 1210 1650 τῇ
1249 1583 1400 1654 ἑτέρᾳ
1429 1585 1693 1656 κυριακῇ,
1713 1587 1828 1639 καθ’

255 1661 338 1731 ἣν
365 1659 539 1725 αὖθις
564 1665 840 1732 ἐπιφανεὶς
860 1669 888 1718 6
915 1667 1100 1739 Σωτὴρ
1125 1670 1213 1722 τὸν
1243 1671 1436 1740 Θωμᾶν
1460 1673 1558 1742 τῆς
1581 1676 1829 1739 ἀπιστίας

252 1752 608 1822 θεραπεύει,
641 1755 817 1819 δείξας
846 1757 990 1826 αὐτῷ
1009 1759 1103 1828 τὴν
1128 1759 1358 1842 πλευρὰν
1387 1763 1478 1814 καὶ
1503 1763 1597 1825 τὰς
1623 1767 1824 1834 χεῖρας.

1113 395 1599 448 SUPPLEMENTA
1636 392 2094 460 QU.‘ESTIONUM
2132 400 2218 452 AD
2258 401 2594 458 MARINUM.

3313 416 3445 471 {008

2648 515 2738 572 XI.

2009 595 2154 650 Dicet
2193 601 2350 652 etiam
2393 602 2618 670 aliquis,
2651 607 2914 672 quomodo
2955 609 3230 668 Matthzus
3272 614 3448 682 profe-

1936 690 2051 737 ctos
2080 685 2320 739 undecim
2351 687 2406 739 in
2433 685 2658 744 Galilaae
2696 700 2924 746 montem
2969 696 3112 752 dicat
3142 700 3336 755 vidisse
3359 699 3448 754 Je~

1938 785 2055 824 sum
2080 812 2094 836 ,
2140 771 2374 829 Joannes
2419 761 2762 849 autem'post
2809 779 2939 836 duas
2975 784 3114 838 intra
3151 786 3444 842 Jerusalem

1935 862 2292 928 apparitiones
2311 905 2326 929 ,
2357 868 2513 921 tertio
2537 868 2707 922 visunt
2735 883 2853 924 esse
2880 868 3056 925 Jesum
3098 890 3204 928 non
3247 877 3300 930 in
3339 875 3446 930 Ga-

1934 948 2082 1004 lilaeae
2109 961 2304 1018 monte,
2333 954 2426 1010 sed
2454 957 2591 1026 apud
2619 972 2766 1014 mare
2789 956 3012 1014 Galilaeaa
3037 965 3249 1017 narret?

2000 1124 2182 1180 Tertio
2201 1127 2532 1185 Servatorem
2558 1133 2865 1201 apparuisse
2885 1148 3006 1188 vere
3027 1133 3318 1203 discipulis,
3349 1153 3444 1209 ego

1931 1229 2136 1282 quoque
2166 1215 2488 1281 confitebor;
2537 1219 2726 1286 primo,
2757 1220 2868 1287 ipsa
2898 1223 3303 1276 resurrectionis
3333 1223 3438 1285 die,

1930 1315 2048 1353 cum
2083 1317 2236 1356 mane
2264 1304 2409 1356 illum
2433 1302 2594 1356 Maria
2618 1305 2919 1374 Magilalene
2946 1308 3096 1361 vidit.
3117 1309 3288 1378 Atque
3306 1311 3442 1364 hanc

1929 1391 2151 1460 primam
2182 1392 2440 1448 visionem
2482 1391 2652 1448 Lucas
2696 1410 2904 1464 quoque
2937 1408 3134 1449 narrat.
3165 1397 3407 1452 Secundo
3427 1440 3440 1462 ,

1929 1489 2047 1550 post
2073 1482 2183 1536 dies
2217 1490 2357 1542 octo,
2380 1483 2629 1537 nimirum
2664 1485 2827 1538 altera
2870 1485 2955 1538 die
2991 1484 3260 1541 Dominica
3292 1528 3307 1552 ,
3339 1505 3441 1560 qua

1927 1574 2116 1624 iterum
2150 1585 2410 1641 apparens
2462 1571 2710 1627 Servator
2759 1575 3180 1630 incredulitatem
3226 1578 3443 1634 Thomaa

1927 1660 2164 1723 sanavit,
2215 1669 2430 1715 ostenso
2477 1662 2526 1716 ei
2558 1663 2722 1716 latere
2759 1677 2821 1716 ac
2854 1664 3114 1717 manibus.
3141 1663 3275 1730 Quia
3318 1681 3445 1720 vero

1923 1754 2058 1821 jussi
2087 1753 2294 1809 fuerant
2323 1756 2375 1808 in
2397 1754 2663 1809 Galilaeam
2691 1757 2846 1809 simul
2869 1755 3154 1824 proﬁcisci,
3186 1756 3443 1812 fecerant-

268 1844 453 1896 Ἐπεὶ
483 1844 541 1896 δὲ
573 1845 975 1916 κεκελευσμένοι
995 1844 1129 1917 ἦσαν
1153 1829 1356 1919 ἐπὶτὴν
1387 1829 1662 1905 Γαλιλαίαν
1693 1829 1823 1922 ὀμοῦ

1923 1858 2026 1912 que
2053 1844 2298 1913 discipuli
2351 1844 2596 1899 undecim
2647 1844 2953 1898 mandatum
3001 1859 3123 1898 cum
3181 1846 3438 1915 reliquis:

246 1934 558 2002 ἀπαντᾶν,
589 1933 849 2002 ἔπραττόν
889 1953 944 1988 τε
973 1936 1105 2005 μετά
1133 1937 1238 1989 τῶν
1258 1938 1453 1992 λοιπῶν
1480 1942 1527 1993 οἱ
1559 1942 1741 1994 ἕνδεκα
1764 1943 1824 1995 τὸ

250 2022 598 2085 κελευσθὲν,
629 2025 720 2077 καὶ
750 2026 778 2076 6
824 2025 1002 2088 καθείς
1041 2027 1212 2079 αὐτῶν
1264 2030 1624 2099 ἐπισυνήγετο,
1663 2033 1823 2101 μήπω

245 2115 380 2166 τῶν
419 2113 622 2166 ἕνδεκα
647 2115 1028 2184 ἠθροισμένων,
1048 2117 1157 2169 ἀλλ’
1178 2117 1254 2169 ἔτι
1291 2119 1599 2187 μελλόντων,
1626 2122 1684 2173 τὸ
1708 2121 1821 2192 τρί-

243 2223 356 2258 τον
391 2205 556 2272 παρὰ
587 2205 685 2274 τὴν
718 2204 982 2256 θάλασσαν
1011 2207 1104 2275 τῆς
1138 2207 1176 2257 Γ
1178 2207 1435 2270 αλιλαίας.
1462 2209 1521 2260 ού
1549 2213 1656 2272 τοῖς
1680 2211 1821 2264 ἕνδε-

245 2309 336 2346 κα
393 2293 677 2358 φαίνεται,
712 2290 844 2342 ἀλλά
897 2293 1071 2360 μόνοις
1121 2295 1256 2346 ἐπ·τά
1287 2298 1396 2357 τοῖς
1431 2296 1532 2348 ὑπὸ
1581 2297 1817 2350 Ἰωάννου

243 2383 673 2452 δεδηλωμένοις
692 2398 706 2412 ο
732 2376 872 2433 οῦτοι
910 2383 964 2434 δὲ
999 2379 1134 2452 ἦσαν
1170 2385 1366 2455 Πέτρος
1392 2387 1482 2438 καὶ
1511 2386 1704 2456 Θωμᾶς
1727 2389 1818 2441 καὶ

246 2471 715 2540 Ναθαναὴλ,τ⁴ἳύο
745 2489 800 2523 τε
825 2475 872 2523 οἱ
907 2474 1008 2524 υἱοὶ
1028 2473 1324 2536 Ζεϐεδαίου,
1350 2477 1440 2526 καὶ
1459 2475 1602 2528 ἄλλοι
1625 2479 1686 2529 ὲκ
1713 2477 1817 2528 τῶν

246 2563 540 2634 μαθητῶν
573 2562 736 2615 αὑτοῦ
764 2563 878 2616 δύο·
899 2561 1050 2615 τοῦτο
1075 2563 1136 2634 δὴ
1165 2559 1254 2616 οὖν
1279 2566 1452 2634 τρίτον
1475 2566 1678 2630 τούτοις
1699 2568 1818 2638 ἀλη-

238 2653 372 2716 θῶς
398 2651 586 2722 ὤφθη,
605 2651 754 2704 οὔπω
779 2652 966 2705 ἕνδεκα
995 2655 1352 2723 συνηγμένων.
1370 2656 1562 2727 Διόπερ
1583 2659 1816 2728 ἀκριϐῶς
1851 2723 1858 2729 .

237 2746 361 2800 οὐκ
390 2743 707 2797 ἀποκλείων
735 2745 826 2796 καὶ
853 2746 976 2804 τοὺς
1005 2744 1216 2807 λοιποὺς
1245 2748 1273 2797 6
1321 2747 1564 2818 Ἰωάννης
1592 2749 1690 2818 τῆς
1719 2751 1812 2803 τοῦ

237 2833 532 2902 Σωτῆρος
563 2833 841 2896 ὀπτασίας,
883 2835 1273 2904 ἐπεσημήνατο,
1308 2835 1439 2905 μετά
1465 2836 1559 2906 τὴν
1599 2838 1813 2909 πρώτην

236 2923 349 2975 καὶ
392 2921 664 2989 δευτέραν
689 2922 964 2983 ὀπτασίαν,
995 2922 1089 2990 τὴν
1119 2925 1302 2994 τρίτην
1331 2925 1503 2993 μόνοις
1537 2929 1640 2989 τοῖς
1684 2944 1812 2980 κατ-

232 3010 683 3081 ωνομασμένοις
722 3010 1041 3079 πεποιῆσθαι
1082 3013 1238 3064 αὑτὸν
1283 3015 1372 3066 ἐπὶ
1406 3015 1499 3082 τῆς
1547 3015 1810 3086 θαλάσσης

231 3104 352 3172 τῆς
393 3100 713 3163 Γαλιλαίας.
748 3101 858 3152 Οὐκ
889 3101 1108 3163 ἀπεικὸς
1137 3102 1192 3152 δὲ
1235 3102 1366 3171 μετὰ
1393 3103 1559 3156 ταῦτα
1601 3107 1690 3158 καὶ
1727 3108 1812 3158 τέ-
1836 3128 1878 3185 c

231 3208 466 3264 ταρτον
494 3192 590 3243 καὶ
619 3190 886 3258 πέμπτον,
915 3191 1006 3242 καὶ
1037 3189 1216 3242 ἄλλοτε
1251 3193 1340 3244 καὶ
1370 3192 1614 3255 πολλάκις
1640 3188 1810 3261 ὦφθαι

234 3281 469 3335 αὐτόν’
523 3279 604 3331 διὸ
649 3279 767 3330 οὐδὲ
817 3280 1135 3349 περιγράφει
1177 3281 1205 3330 6
1247 3282 1490 3352 Ἰωάννης
1521 3284 1692 3346 πάσας
1719 3287 1811 3338 τοῦ

231 3369 526 3438 Σωτῆρος
549 3367 648 3428 τάς
673 3365 914 3436 πράξεις’
946 3365 1141 3435 προῖὼν
1164 3367 1218 3420 δὲ
1243 3368 1364 3438 ἑξῆς
1387 3387 1534 3438 φησι,
1555 3372 1658 3423 Καὶ
1681 3371 1812 3426 ἄλλα

229 3459 438 3514 πολλά
470 3456 771 3527 ἐποίησενό
803 3455 1002 3526 Ἰησοῦς
1021 3473 1034 3486 ο
1061 3458 1194 3526 μετὰ
1213 3457 1339 3525 γοῦν
1367 3459 1426 3511 τὸ
1459 3455 1632 3528 ὦφθαι
1655 3463 1811 3518 αὑτὸν

224 3551 420 3604 τοῦτο
467 3549 654 3616 τρίτον
684 3551 792 3609 τοῖς
837 3547 1136 3617 εἰρημένοις
1168 3549 1320 3612 ἑπτὰ,
1364 3552 1618 3622 τετάρτην
1648 3555 1810 3606 ὀπτα-

229 3641 380 3694 σίαν
411 3639 520 3691 οὐκ
554 3637 621 3690 ἂν
651 3637 911 3706 ἁμάρτοις
942 3636 1036 3706 τὴν
1067 3638 1210 3707 παρὰ
1240 3637 1313 3708 τῷ
1340 3639 1595 3710 Ματθαίῳ
1637 3644 1811 3710 φήσας

227 3727 420 3789 εἶναι,
454 3729 526 3798 ἢν
557 3729 615 3778 ὲν
642 3725 719 3794 τῷ
739 3725 852 3796 ὄρει
878 3729 986 3787 τοῖς
1024 3726 1207 3779 ἕνδεκα
1245 3729 1558 3798 πεποιῆσθαι
1583 3731 1809 3802 ἀνέγρα-

223 3823 334 3889 ψε.
396 3818 518 3871 Καὶ
568 3817 707 3886 μετά
743 3817 958 3878 τούτους
997 3818 1094 3870 οὐκ
1129 3815 1194 3871 ἂν
1232 3820 1481 3889 σφαλείης
1513 3821 1643 3890 ὁμοῦ
1673 3823 1809 3875 κατά

224 3910 458 3964 ταυτὸν
494 3906 854 3977 συνηγμένοις
897 3908 1006 3976 ἅμα
1037 3912 1144 3972 τοῖς
1175 3909 1361 3962 ἕνδεκα
1396 3912 1485 3964 καὶ
1523 3915 1631 3974 τοῖς
1662 3913 1807 3965 ἑϐδο-

231 4003 518 4072 μήκοντα
573 3997 733 4050 αὐτὸν
783 3992 957 4062 ὦφθαι
984 3996 1164 4048 εἰπών.
1199 3998 1256 4050 ὐ
1291 3998 1345 4050 δὲ
1377 3998 1580 4061 Παῦλος
1609 4001 1700 4052 καὶ
1730 4000 1807 4052 ἔτι

221 4091 467 4145 τούτων
492 4087 735 4138 πλείοσιν
762 4085 1026 4156 ἑωρᾶσθαι
1054 4086 1140 4138 τὸν
1157 4087 1379 4157 Σωτῆρα
1407 4088 1541 4155 μετά
1561 4091 1657 4159 τὴν
1686 4091 1807 4143 ἀνά-

225 4195 449 4234 στασιν
501 4178 724 4243 ἱστορεῖ,
765 4174 917 4226 τοῦτο
949 4177 1074 4244 παρ’
1118 4175 1312 4246 ἑτέρων
1344 4175 1551 4244 μαθών·
1585 4195 1602 4226 ι
1635 4177 1803 4248 Ὠφθη

221 4273 381 4341 γὰρ,
415 4266 581 4336 φησὶ,
607 4265 782 4333 Κεφᾷ,
816 4259 930 4315 εἶτα
961 4266 1068 4326 τοῖς
1097 4263 1295 4316 δώδεκα
1325 4265 1452 4332 (75),
1475 4265 1658 4318 ἔπειτα
1679 4282 1804 4318 πεν-

221 4357 557 4417 τακοσίοις,
604 4353 790 4405 ἔπειτα
842 4351 1093 4421 Ἰακώϐῳ,
1135 4353 1317 4406 ἔπειτα
1359 4355 1466 4415 τοῖς
1501 4353 1805 4416 ἀποστόλοις

1921 1932 2044 1987 dum
2088 1935 2282 2004 singuli
2313 1937 2655 2006 colliguntur,
2687 1933 2921 1989 nondum
2948 1935 3192 1989 undecim
3220 1951 3441 2007 congre-

1918 2024 2075 2092 gatis,
2112 2026 2204 2079 sed
2261 2025 2435 2079 adhuc
2482 2024 2839 2094 exspectatis,
2897 2026 3054 2079 tertio
3103 2024 3256 2080 Jesus
3303 2028 3438 2096 apud

1918 2128 2066 2166 mare
2093 2111 2336 2177 Galilaeze,
2369 2115 2510 2168 haud
2557 2115 2766 2170 cunctis
2811 2114 3051 2168 undecim
3078 2154 3094 2179 ,
3131 2116 3221 2169 sed
3254 2116 3319 2170 iis
3357 2131 3440 2168 se-

1917 2209 2057 2270 ptem
2089 2204 2453 2257 tantummodo
2483 2205 2727 2273 apparuit
2765 2219 2901 2273 quos
2943 2203 3175 2259 Joannes
3209 2219 3438 2260 commc-

1917 2300 2087 2344 morat
2110 2310 2122 2344 :
2142 2292 2298 2356 hique
2325 2301 2476 2346 erant
2506 2291 2695 2347 Petrus
2725 2307 2788 2346 ac
2814 2291 3065 2357 Thomas,
3090 2302 3142 2346 et
3168 2289 3437 2346 Nathana-

1916 2381 1962 2434 el
1983 2419 1999 2443 ,
2050 2390 2102 2435 et
2130 2381 2222 2434 ﬁlii
2249 2382 2353 2436 duo
2388 2381 2646 2446 Zebedazi,
2679 2383 2872 2451 aliique
2901 2392 3154 2451 praeterea
3191 2383 3437 2452 discipuli

1915 2469 2041 2523 duo.
2087 2469 2265 2524 Tertio
2304 2471 2484 2540 itaque
2518 2471 2604 2526 his
2646 2486 2828 2524 revera
2876 2471 3154 2540 apparuit,
3199 2471 3434 2525 nondum

1916 2559 2160 2612 undecim
2213 2561 2564 2630 congregatis.
2628 2560 2960 2630 QuaprOpter
3019 2559 3160 2614 haud
3222 2562 3438 2615 omnino

1913 2650 2198 2704 excludens
2240 2651 2470 2719 reliquos
2513 2665 2542 2703 a
2592 2650 2886 2706 Servatoris
2917 2652 3120 2706 visione
3165 2647 3435 2714 Joannes,

1913 2750 2030 2807 post
2060 2741 2284 2808 primum
2326 2741 2651 2809 alteramque
2700 2742 2979 2804 visionem,
3013 2741 3223 2795 tertiam
3273 2741 3438 2794 adno-

1912 2830 2041 2882 tavit
2098 2830 2363 2898 praadictis
2417 2829 2782 2884 tantummodo
2827 2831 3058 2885 oblatam
3087 2833 3240 2899 juxta
3291 2846 3438 2884 mare

1910 2917 2154 2974 Galilaeze.
2177 2918 2424 2989 Nihilque
2445 2919 2620 2974 obstat
2642 2919 2925 2989 quominus
2954 2921 3223 2990 posthinc,
3249 2928 3438 2989 quatto

1909 3009 2066 3061 etiam
2086 3017 2139 3062 et
2158 3009 2362 3078 quinto,
2396 3016 2448 3064 et
2479 3011 2673 3077 saepius
2715 3014 2880 3064 semet
2908 3011 3251 3078 spectandum
3274 3010 3434 3064 dede-

1911 3097 1979 3149 rit
2002 3117 2014 3150 :
2041 3097 2263 3166 ideoque
2289 3097 2520 3152 Joannes
2544 3099 2691 3152 nullo
2716 3100 2943 3154 termino
2960 3097 3262 3154 Servatoris
3285 3109 3434 3152 actus

1913 3186 2298 3241 circumscribit
2327 3206 2340 3240 :
2371 3189 2476 3242 imo
2519 3203 2743 3257 pergens
2787 3203 2946 3258 porro
2974 3190 3048 3242 ait
3093 3189 3195 3242 alia
3225 3204 3434 3257 quoque

1910 3281 2071 3333 multa
2090 3279 2269 3334 Jesum
2305 3281 2514 3335 fecisse.
2545 3279 2675 3336 Post
2702 3282 2838 3335 hanc
2874 3297 3000 3351 ergo
3049 3282 3318 3352 prazdictis
3347 3298 3430 3336 se—

1909 3378 2048 3439 ptem
2086 3372 2360 3439 discipulis
2380 3370 2588 3424 tertiam
2617 3372 3022 3440 apparitionem,
3057 3371 3200 3425 haud
3233 3388 3262 3425 a
3292 3373 3431 3426 veri-

1907 3468 2014 3514 tate
2037 3460 2254 3515 abludes
2281 3462 2328 3515 si
2356 3470 2596 3528 quartam
2639 3462 2786 3515 dicas
2825 3461 2966 3513 illam
2995 3475 3154 3528 quam
3179 3461 3426 3514 undecim

1908 3550 1961 3602 in
2010 3559 2188 3604 monte
2237 3549 2511 3619 praebitam
2557 3542 2832 3604 hiatthaaus
2884 3549 3138 3617 scriptum
3192 3549 3424 3618 reliquit.

1906 3637 2032 3693 Post
2055 3639 2153 3694 hos
2175 3654 2317 3705 vero,
2334 3639 2534 3709 absque
2547 3653 2726 3694 errore
2746 3636 3028 3691 aiIirmabis
3051 3651 3080 3689 a
3095 3637 3300 3691 cunctis
3321 3653 3424 3690 una

1905 3727 2259 3795 congregatis,
2292 3726 2532 3780 undecim
2561 3725 2802 3780 videlicet
2837 3731 2890 3778 et
2920 3724 3039 3778 aliis
3096 3723 3424 3792 septuaginta

1904 3813 2084 3868 Jesum
2110 3815 2274 3870 fuisse
2303 3821 2661 3883 conspectum.
2693 3814 2802 3868 lmo
2829 3809 3025 3866 Paulus
3058 3826 3086 3864 a
3121 3813 3286 3864 multo
3306 3813 3426 3881 plu-

1904 3904 2054 3958 ribus
2082 3904 2252 3958 visum
2285 3903 2618 3960 Servatorem
2673 3911 2794 3974 post
2825 3900 3268 3956 resurrectionem
3300 3915 3423 3952 nar-

1904 4003 2019 4056 rat,
2067 4010 2225 4063 quam
2252 4010 2360 4048 rem
2406 3996 2473 4048 ab
2505 3995 2624 4049 aliis
2661 3991 2844 4047 auditu
2875 3998 3168 4060 acceperat.
3208 4007 3227 4039 ι
3265 3988 3424 4042 Visus

1903 4094 2002 4147 est,
2033 4085 2225 4153 inquit,
2255 4085 2464 4154 Cephae,
2493 4085 2684 4139 deinde
2713 4083 3012 4144 duodecim,
3045 4088 3226 4150 postea
3273 4082 3425 4150 quin-

1902 4173 2095 4242 gentis,
2127 4181 2236 4227 tum
2265 4172 2484 4240 Jacobo,
2514 4175 2635 4228 exin
2679 4172 2932 4239 apostolis
2960 4173 3197 4230 cunctis,
3249 4173 3426 4224 novis-

1904 4260 2036 4314 sime
2077 4267 2249 4316 autem
2301 4263 2536 4316 omnium
2569 4262 2730 4314 etiam
2764 4259 2889 4312 mihi
2919 4259 2985 4314 ".
3025 4279 3043 4310 ι
3078 4257 3267 4326 Viden,
3295 4268 3425 4328 quot

1903 4349 2203 4406 hominibus
2235 4362 2289 4406 et
2317 4353 2522 4420 quoties
2548 4359 2667 4420 post
2695 4351 3138 4404 resurrectionem
3166 4362 3424 4417 apparue-

221 4451 444 4507 πᾶσιν,
469 4443 700 4511 ἔσχατον
724 4441 778 4492 δὲ
811 4439 1038 4497 πάντων.
1065 4441 1211 4509 φησὶ,
1249 4441 1422 4509 κάμοί.
1451 4462 1468 4490 ι
1499 4440 1654 4510 Ὁρᾷς
1685 4441 1807 4493 ὁσά-

1913 4440 2012 4492 rit?
2042 4439 2131 4494 Sic
2151 4441 2319 4507 etiam
2349 4441 2634 4496 latentibus
2661 4443 2801 4495 intra
2836 4439 3128 4494 Jerusalem
3152 4439 3421 4506 apparuit;

221 4557 327 4601 κις
363 4537 470 4589 καὶ
520 4534 668 4592 ὅσοις
700 4529 850 4598 ὦφθη
898 4528 1029 4597 μετά
1057 4529 1151 4598 τὴν
1183 4528 1503 4593 ἀνάστασιν;
1533 4529 1682 4582 Οῦτω
1713 4530 1804 4582 καὶ

217 4633 356 4690 τοῖς
409 4627 474 4676 ὲν
534 4618 885 4690 Ἰερουσαλὴμ
932 4618 1311 4685 κρυπτομένοις
1356 4616 1538 4685 ὦφθηο
1581 4619 1672 4669 καὶ
1703 4617 1805 4686 πρὸ

220 4714 441 4771 αὐτῶν
497 4712 614 4771 τοῖς
656 4707 781 4776 περὶ
826 4705 1067 4757 Κλεόπαν
1097 4705 1338 4757 ἀπιοῦσιν
1370 4707 1458 4758 ἐπὶ
1501 4705 1797 4775 Ἐμμαοῦν·

219 4805 338 4859 καὶ
369 4800 492 4871 πρό
519 4814 584 4866 γε
608 4797 838 4857 πάντων,
860 4793 1059 4862 ἀνδρῶν
1095 4792 1188 4861 μὲν
1215 4793 1430 4861 Σίμωνι,
1460 4794 1722 4859 γυναικῶν
1745 4791 1802 4846 δὲ

217 4900 300 4966 τῇ
351 4886 728 4956 Μαγδαληνῇ.
761 4883 944 4935 Ἔνθεν
982 4885 1010 4933 6
1050 4883 1254 4942 Λουκᾶς
1286 4884 1341 4933 ὲν
1373 4884 1487 4942 ταῖς
1521 4882 1800 4950 Πράξεσιν,

218 4985 374 5040 ἐπεὶ
413 4976 685 5036 πολλάκις
705 4973 888 5025 ἑαυτὸν
916 4971 1113 5024 ἐδείκνυ
1139 4974 1245 5032 τοῖς
1267 4968 1545 5038 μαθηταῖς,
1563 4972 1804 5040 ἐπιτηρεῖ

217 5075 456 5140 λέγων,
477 5067 556 5128 ὡς
580 5063 689 5134 ἄρα
719 5061 784 5113 δι’
809 5059 1022 5128 ἡμερῶν
1041 5058 1431 5128 τεσσαράκοντα
1451 5057 1800 5124 ὀπτανόμενος

215 5164 438 5222 αὐτοῖς
475 5157 574 5209 καὶ
618 5150 1075 5220 συναυλιξόμενος,
1117 5149 1181 5200 τὰ
1229 5145 1354 5212 περὶ
1392 5144 1485 5210 τῆς
1535 5143 1802 5210 βασιλείας

211 5255 331 5308 τοῦ
375 5247 529 5303 Θεοῦ
561 5243 838 5314 παρεδίδου
868 5239 1176 5310 μαθήματα,
1192 5223 1419 5305 παρῄνει
1447 5250 1503 5284 τε
1523 5237 1692 5305 ὀρμᾷν
1721 5241 1800 5301 εις

1907 4538 1958 4582 et
1979 4536 2102 4581 ante
2137 4529 2234 4583 bos
2255 4531 2463 4599 CIeOpaa
2491 4532 2742 4597 socioque
2761 4531 3125 4584 Emmauntem
3153 4529 3420 4593 euntibus;

1905 4628 1956 4672 et
1984 4618 2153 4686 primo
2175 4619 2406 4672 virorum
2426 4620 2636 4687 quidem
2659 4618 2880 4679 Simoni,
2899 4616 3214 4671 feminarum
3245 4623 3418 4669 autem

1905 4708 2240 4778 Magdalcnm.
2265 4707 2397 4761 Hinc
2424 4708 2595 4761 Lucas
2620 4709 2673 4760 in
2712 4705 2952 4767 Actibus,
3003 4703 3250 4771 quoniam
3283 4715 3421 4769 saepe

1905 4794 2058 4849 Jesus
2098 4809 2154 4846 se
2185 4795 2461 4862 discipulis
2489 4791 2939 4852 manifestaverat,
2966 4787 3295 4843 considerate
3336 4785 3420 4839 di-

1905 4887 2016 4938 cit:
2051 4901 2070 4931 ι
2107 4882 2205 4936 Pcr
2253 4883 2368 4936 dies
2412 4882 2757 4951 quadraginta
2806 4894 3068 4947 apparens
3127 4878 3207 4932 eis
3261 4889 3418 4946 atque
3487 4879 3490 4882 ’

1903 4989 2243 5030 conversaris.
2273 4973 2419 5042 regni
2459 4970 2549 5024 Dei
2605 4968 2934 5036 disciplinain
2970 4968 3246 5032 tradebat;
3297 4979 3418 5020 mo.

1904 5065 2120 5130 nuitque
2144 5070 2202 5114 ut
2228 5060 2518 5114 Jerusalem
2544 5065 2836 5126 pergerent,
2865 5056 3043 5125 ibique
3068 5055 3420 5125 praedicarent

1900 5151 2093 5204 Judzeis
2137 5157 2258 5203 ante
2288 5163 2474 5202 omnes
2511 5146 2836 5209 doctrinam;
2870 5161 3040 5214 neque
3073 5145 3204 5199 urbe
3231 5145 3420 5200 absce-

1897 5240 2102 5302 derent,
2133 5239 2225 5294 sed
2255 5244 2622 5306 exspectarent
2652 5235 3053 5303 promissionem
3075 5232 3271 5296 Patris,
3294 5251 3316 5287 ι
3351 5235 3417 5286 de

208 5351 332 5418 τὴν
378 5334 767 5410 οῐερουσαλὴμ,
793 5333 946 5384 κάκεῖ
969 5328 1240 5420 κηρύττειν
1284 5321 1544 5420 Ἰορδαίρις
1571 5323 1800 5420 neck“;

1913 5343 2001 5397 qua
2035 5343 2129 5380 n0s
2160 5327 2317 5394 paulo
2354 5333 2472 5393 post
2498 5323 2841 5376 disseremus.

204 5404 320 5494 «κέν
379 5404 581 5498 λόγον·
629 5424 761 5496 μηδὲ
805 5422 1053 5492 πρότερον
1101 5414 1394 5482 ἀναχωρεῖν
1433 5410 1527 5478 τῆς
1573 5412 1794 5478 πόλεως,
1837 5416 1968 5470 ἀλλά
1999 5417 2300 5486 περιμένειν
2335 5415 2430 5484 τὴν
2467 5409 2784 5476 ἐπαγγελίαν
2809 5409 2900 5462 τοῦ
2939 5410 3162 5481 Πατρὸς,
3192 5409 3317 5480 περὶ
3348 5404 3415 5480 ἧς

212 5525 454 5604 μικρὸν
486 5519 710 5588 ὕστερον
741 5508 1090 5604 διαληψόμεθα
1119 5505 1236 5575 (74).

304 5617 364 5648 οι
417 5611 435 5663 ι
477 5609 607 5659 (ζον,
647 5621 733 5665 xv,
765 5601 875 5653 5-8.

298 5707 438 5772 (τε)
483 5700 617 5754 Cod.
657 5699 718 5772 A_.
755 5691 936 5745 125:7.

292 5767 437 5849 (73)
484 5773 559 5823 ita
595 5767 713 5819 cod.

1970 5681 2076 5748 (⁷4)
2115 5677 2309 5753 Νθφρε
2343 5676 2570 5734 inferius
2603 5689 2655 5726 n.
2693 5674 2749 5753 ξ),
2794 5675 2881 5736 to,
2925 5673 3013 5727 ubi
3062 5667 3258 5726 Christi
3304 5679 3422 5722 sca-

1901 5765 2086 5804 mones
2116 5756 2167 5802 et
2193 5749 2330 5802 dona
2359 5755 2478 5801 ante
2509 5749 2895 5802 ascensionem.
