3926 6400
291 380 457 438 1013
1153 379 1646 444 SUPPLEMENTA'
1677 389 2266 464 QUASTIONUIAD
2303 386 2650 452 MARINUM.‘
3345 403 3480 458 mu

276 493 384 589 ἂν
396 499 675 589 σφαλείης
695 501 858 555 είπὼν
905 503 1036 573 ὁμοῦ
1078 505 1191 556 κατ’
1220 507 1348 558 αὐτὸ
1389 507 1732 576 συνηγμένοις
1762 527 1807 561 αι

1909 511 2120 577 ιάὶοεε,
2160 511 2348 568 iisdem
2379 514 2624 568 undecim
2657 515 2930 587 discipulis
2963 517 3322 589 congregatis,
3352 535 3480 576 uec-

273 585 416 691 Ιἰοῖς
448 589 566 648 τοῖς
599 587 786 642 ἕνδεκα
808 591 1067 661 μαθηταῖς
1097 592 1210 658 ἄμα
1235 593 1324 645 καὶ
1355 596 1466 656 τοῖς
1499 594 1807 665 ἐϐδομήκονιι

1953 615 2058 654 non
2080 600 2197 656 aliis
2231 603 2586 672 septuaginta,
2615 585 2807 659 Iesum-
2827 585 3303 676 apparuisse.vlmo
3330 611 3475 681 Apo-

273 676 487 743 ὦςρθαι
521 680 701 768 αὐτόν.
719 681 775 733 '0
802 681 856 733 δὲ
898 681 1207 744 Ἀπόστολος
1234 684 1324 734 καὶ
1344 683 1421 734 ἔτι
1452 683 1646 737 τούτων
1679 684 1807 736 πλείη

1952 692 2121 747 ειοίιιε
2140 693 2310 747 multo
2343 693 2516 748 adhuc
2547 693 2791 763 pluribus
2826 699 2998 751 visum
3045 715 3165 755 esse
3191 676 3473 756 Dominum

273 781 384 856 σιν
417 768 697 836 ἑωρᾶσθαι
722 770 810 824 τὸν
832 770 1032 840 Κύριον
1050 773 1184 840 μετά
1207 775 1299 843 τὴν
1315 774 1600 826 ἀνάστασιν
1629 775 1807 845 ἱστορε

1951 789 2071 851 post
2099 784 2542 839 resurrectionem
2576 785 2660 840 his
2688 786 2866 840 verbis
2893 798 3110 844 narrat:
3139 809 3158 842 ι
3196 790 3330 856 Quia
3354 809 3475 848 sur-

267 852 512 950 :éymv'
551 859 702 911 «Ὅτι
735 862 1021 931 ἐγήγερται
1067 865 1130 931 τῇ
1171 863 1327 934 τρίτῃ
1367 862 1543 932 ἡμέρᾳ
1582 865 1720 917 κατὰ
1758 865 1807 917 τέ

1946 873 2084 927 rexit
2113 875 2268 928 tertia
2290 874 2376 929 die
2399 874 2692 934 secundum
2721 873 3045 943 Scripturas,
3078 852 3331 950 visusque
3372 880 3471 938 Pe-

265 941 549 1037 ξραφάς,
580 950 670 1002 καὶ
693 950 842 1020 ὤφθη
876 953 1055 1021 Κηφᾷ,
1081 952 1170 1004 ἐπε
1181 970 1262 1004 ιτα
1282 955 1389 1015 τοῖς
1419 951 1637 1016 δώδεκα,
1661 954 1806 1007 ἔπειτ

1950 970 2036 1016 tro
2068 971 2171 1028 est,
2207 971 2317 1018 tum
2347 964 2649 1028 duodecim,
2678 941 2872 1019 deinde
2896 967 3015 1035 plus
3040 941 3344 1037 quingentis
3364 970 3474 1024 fra-

265 1032 459 1125 ᾦςρθη
491 1039 676 1092 ἐπάνω
705 1042 1069 1103 πεντακοσίοις
1115 1041 1356 1109 ἀδελφοῖς
1392 1043 1620 1109 ἐφάπαξ.
1651 1063 1667 1094 ι
1687 1045 1807 1114 Ὁρᾷ

1949 1052 2122 1108 tribus
2154 1053 2392 1108 simul".
2432 1072 2452 1106 ι
2483 1032 2976 1122 Υὶάθιι,‹ιιιοιίεεέι
3002 1032 3133 1125 quot
3164 1032 3469 1116 hominibus

259 1122 488 1215 ὁσάκις
536 1129 629 1181 καὶ
677 1130 817 1191 ὅσοις
843 1129 992 1200 ὤφθη
1032 1131 1164 1200 μετά
1204 1131 1298 1201 τὴν
1339 1132 1658 1197 ἀνάστασιν;
1691 1133 1807 1186 Οὕτι

1946 1152 2068 1213 post
2105 1145 2552 1200 resurrectionem
2599 1152 2920 1215 conspectus
2961 1145 3158 1200 fuerit?
3185 1147 3274 1203 Sic
3323 1153 3467 1208 enim

259 1212 379 1265 καὶ
410 1218 528 1278 τοῖς
571 1219 627 1271 ἐν
667 1217 1006 1288 Ἰερουσαλὴμ
1034 1220 1486 1289 κρυπταζομένοις
1509 1221 1594 1273 διὰ
1625 1221 1714 1316 τξν
1744 1222 1807 1290 φό

1946 1212 2191 1300 apparuit
2239 1231 2573 1287 latitantibus
2617 1212 2758 1285 intra
2811 1230 3228 1301 Hierosolymam
3256 1242 3469 1304 propter

256 1301 375 1356 6ον
405 1304 524 1358 τῶν
552 1307 833 1370 Ἰουδαίων,
855 1309 947 1360 καὶ
970 1309 1072 1378 πρό
1097 1327 1156 1374 γε
1181 1310 1390 1364 πάντων
1415 1309 1618 1381 ἀνδρῶν
1643 1295 1807 1379 Σίμωι

1943 1295 2140 1375 metum
2173 1335 2203 1373 a
2228 1319 2455 1388 ludatis;
2491 1329 2545 1376 et
2572 1322 2746 1391 primo
2774 1323 3009 1376 virorum
3052 1295 3464 1389 Simoni-Petro,

253 1393 352 1494 ’ὶδίρ
393 1393 622 1464 Πέτρῳ.
657 1396 923 1462 γυναικῶν
942 1396 996 1454 δὲ
1021 1399 1141 1460 ταῖς
1171 1397 1309 1468 ἀμφὶ
1336 1398 1432 1468 τὴν
1461 1398 1807 1469 Μαγδαληνήν

1941 1409 2258 1465 feminarum
2280 1419 2457 1467 autem
2488 1411 2826 1482 Magdalenaa.
2862 1411 3038 1477 Quare
3068 1419 3122 1467 et
3149 1411 3320 1468 Lucas
3345 1414 3419 1468 ait
3447 1433 3461 1468 :

249 1479 404 1533 ὅθεν
440 1483 540 1535 καὶ
574 1485 603 1536 ὁ
630 1486 836 1547 Λουκᾶς
863 1502 991 1554 φησι
1009 1503 1022 1515 ·
1060 1504 1077 1536 ι
1105 1487 1179 1539 Δι’
1207 1487 1423 1558 ἡμερῶν
1443 1489 1807 1558 τεσσαράκοντι

1945 1519 1964 1552 ι
1996 1500 2093 1554 Per
2133 1501 2248 1556 dies
2297 1479 2647 1572 quadraginta
2695 1517 2958 1573 apparens
2988 1505 3090 1568 eis,
3125 1519 3247 1560 cum
3290 1505 3464 1577 iisque

1047 1574 1222 1599 νι---.,-
1239 1594 1257 1599 -
1293 1579 1344 1599 ...ι
1362 1581 1438 1599 _-_v

250 1571 662 1644 ὀπτανόμενος
703 1577 794 1628 καὶ¹
824 1574 1257 1644 συναυλιζόμενος
1287 1579 1484 1643 αὐτοῖς,
1516 1579 1582 1632 τά
1614 1579 1714 1648 τῆς
1739 1579 1804 1649 βα

1941 1604 2266 1647 conversans
2297 1591 2593 1647 doctrinam
2621 1571 2878 1664 deire—gae
2909 1593 3000 1648 Dei
3028 1593 3266 1650 tradidit.
3313 1613 3334 1648 ι

254 1658 505 1726 σιλείας
537 1662 632 1719 τοῦ
665 1662 793 1716 Θεοῦ
819 1664 1092 1736 παρεδίδου
1125 1666 1430 1738 μαθήματα.
1461 1687 1498 1736 ι,

1317 1807 1406 1862 1X.
1444 1808 1525 1862 Ex
1552 1810 1726 1864 eodem
1757 1812 2060 1879 Anastasio,
2085 1823 2270 1884 quam.
2295 1815 2413 1871 MS.

330 1919 405 1972 θ’.
457 1923 760 1976 Εὐσεϐίου
777 1923 843 1976 ἐκ
874 1923 976 1977 τοῦ
1002 1925 1148 1993 πρὸς
1185 1925 1444 1994 Μαρῒνον
1469 1928 1599 1999 (87).
1639 1929 1746 1982 Kal
1772 1930 1807 1980 ri

1942 1985 1946 1988 η
1999 1930 2049 1985 9.
2090 1929 2297 2006 Eusebii
2328 1946 2392 1984 ea:
2415 1946 2559 1998 opere
2581 1931 2655 2001 ad
2677 1929 2961 1985 Marinum.
2985 1929 3215 2001 Spiritus
3237 1939 3455 1988 sanctus

250 2010 366 2078 μὲν
405 2011 526 2064 ὑπὸ
552 2011 784 2082 Χριστοῦ
814 2015 1140 2083 ἐμπνευσθὲν
1160 2016 1378 2086 Πνεῦμα
1397 2017 1546 2084 ἆγιον
1569 2020 1679 2080 τοῖς
1703 2017 1806 2070 ἀπο

1931 2031 1962 2070 a
2001 2018 2214 2073 Christo
2265 2019 2320 2074 in
2345 2021 2618 2090 apostolos
2648 2035 2742 2089 per
2773 2018 2954 2074 ﬂatum
3000 2019 3294 2083 immissus,
3325 2036 3453 2091 pec-

249 2097 513 2162 στόλοις,
543 2099 756 2154 λυτικὸν
802 2103 890 2154 καὶ
943 2105 1340 2173 συγχωρητικὺν
1387 2101 1453 2175 ἦν
1489 2105 1595 2175 (88)
1653 2107 1807 2176 πάση‹

1928 2110 2037 2162 cati
2077 2111 2252 2165 omnis
2298 2110 2536 2165 solvendi
2587 2108 2995 2178 dimittendique
3040 2108 3144 2163 vim
3199 2109 3448 2164 habebat.

248 2188 590 2258 ἁμαρτίας·
633 2192 692 2245 τὸ
741 2192 795 2244 δὲ
847 2193 1239 2262 ἐπηγγελμένον
1281 2194 1341 2246 τὸ
1384 2195 1806 2265 βαπτισθήσεσθα

1928 2188 2045 2244 Jam
2067 2194 2375 2261 promissio,
2406 2193 2520 2248 fore
2567 2202 2624 2247 ut
2670 2193 3067 2263 baptizarentur
3112 2203 3300 2250 sancto
3328 2195 3451 2265 Spi-

245 2279 475 2342 αὺτοὺς
521 2282 580 2333 ὲν
626 2281 762 2352 ἁγίῳ
796 2283 1082 2351 Πνεύματι,
1116 2285 1206 2335 καὶ
1255 2288 1529 2354 μετασχεῖν
1555 2285 1807 2354 δυνάμεωι

1925 2292 2054 2352 ritu,
2085 2284 2417 2356 signiﬁcabat
2457 2290 2728 2352 compotes
2769 2299 2863 2338 eos
2905 2282 3114 2338 futuros
3164 2284 3435 2341 facultatis

246 2369 686 2440 ἐνεργημάτων,
734 2372 1081 2442 ἐνεργητικῆς
1125 2372 1220 2441 μὲν
1267 2372 1371 2424 τῶν
1426 2373 1712 2442 μελλόντων
1763 2373 1807 2425 δι

1925 2389 2103 2431 rerum
2138 2372 2511 2442 gerendarum,
2539 2371 2693 2440 cujus
2735 2385 2834 2439 ope
2878 2371 3139 2439 patraturi
3168 2383 3321 2426 erant
3347 2375 3452 2427 mi-

247 2459 453 2513 αὐτῶν
504 2460 877 2516 ἀποτελεῖσθαι
925 2461 1231 2532 θαυμάτων,
1285 2463 1594 2532 ἐνστατικῆς
1638 2464 1693 2516 δὲ
1736 2464 1807 2516 κα⁴

1924 2466 2128 2528 raeula,
2162 2465 2377 2532 vimque
2401 2462 2560 2517 etiam
2593 2463 2860 2531 recepturi
2892 2471 3051 2532 atque
3088 2463 3444 2518 constantiam

247 2550 613 2620 καρτερικῆς
639 2549 746 2601 τῶν
777 2549 1069 2618 μελλόντων
1099 2552 1278 2613 αὐτοῖς
1304 2551 1680 2604 ἐπανίστασθαι
1715 2571 1807 2605 κιν‹

1925 2557 2180 2611 adversus
2221 2570 2284 2609 ea
2329 2569 2447 2624 quae
2500 2552 2772 2607 instabant
2817 2552 3074 2621 pericula.
3122 2553 3258 2608 Ante
3303 2553 3445 2608 enim

244 2639 461 2692 δύνων.
503 2638 619 2708 Πρὸ
651 2638 757 2708 γὰρ
784 2638 979 2710 ταύτης
1007 2641 1102 2709 τῆς
1130 2639 1402 2710 δυνάμεως
1424 2640 1704 2711 κηρύττειν
1731 2643 1807 2694 αύε

1924 2646 2063 2699 hanc
2094 2651 2362 2714 acceptam
2391 2643 2639 2696 virtutem
2668 2642 2839 2695 noluit
2863 2657 2955 2697 eos
2978 2643 3224 2712 gentibus
3256 2641 3446 2711 praedi-

246 2729 383 2790 τοὺς
419 2729 544 2790 τοῖς
575 2726 782 2780 ἔθνεσιν
826 2731 923 2781 οὐκ
968 2729 1229 2792 ἐϐούλετο,
1264 2729 1374 2782 ἀλλ’
1402 2729 1706 2799 ἐκδέχεσθαι
1732 2733 1807 2783 κα¹

1923 2751 2067 2797 care,
2110 2735 2201 2790 sed
2271 2733 2565 2803 praestolari
2603 2732 2766 2803 iussit
2799 2739 2958 2802 atque
2984 2746 3234 2795 manere,
3275 2731 3446 2786 donec

252 2817 595 2888 περιμένειν
622 2817 788 2886 αὐτὴν
815 2817 871 2883 ἐξ
897 2817 1056 2888 ὕψους
1087 2822 1386 2890 μετασχεῖν.
1417 2819 1582 2871 Τοῦτο
1602 2820 1656 2872 δέ
1685 2821 1807 2872 καὶί

1918 2839 2034 2878 eam
2064 2840 2127 2878 ex
2161 2824 2268 2877 alto
2296 2823 2612 2892 reciperent.
2644 2821 2849 2876 Donum
2886 2823 2987 2876 hoc
3013 2823 3174 2877 etiam
3217 2821 3446 2890 Aposto-

263 2908 607 2970 Ἀπόστολος
654 2907 715 2964 τὸ
761 2909 999 2978 χάρισμα
1030 2910 1170 2971 ἰδίως
1192 2909 1457 2979 ἀφορίζων
1494 2909 1599 2962 τῶν
1625 2910 1807 2963 λοιπῶι

1920 2913 2004 2968 lus
2048 2913 2178 2968 satis
2223 2911 2499 2980 areliquis
2544 2911 2714 2966 sancti
2765 2911 2996 2981 Spiritus
3047 2911 3445 2980 operationibus

247 2998 564 3068 ἐνεργειῶν
584 2996 679 3049 τοῦ
701 2997 852 3064 ἁγίου
876 2999 1180 3067 Πνεύματος
1201 2998 1437 3051 ἐδίδασκε
1456 2999 1639 3066 λέγων’
1665 3017 1683 3049 ι
1698 2998 1807 3050 Ἀλ·

1920 3002 2225 3057 discernere
2257 3017 2315 3055 se
2343 3001 2604 3070 signiﬁcat
2635 3000 2759 3054 dum
2791 3004 2862 3054 ait
2891 3019 2904 3054 :
2941 3018 2959 3050 ι
2989 3001 3089 3054 Alii
3114 3002 3445 3069 operationes

244 3087 324 3156 λῳ
357 3087 421 3139 δὲ
459 3087 812 3156 ἐνεργήματα
843 3086 1128 3156 δυνάμεων.
1155 3105 1173 3136 ι
1198 3088 1305 3139 Kal
1332 3090 1364 3158 ἡ
1391 3090 1687 3159 προφητεία
1719 3107 1807 3159 φη-

1917 3092 2247 3145 virtutum".
2281 3110 2298 3142 ›
2319 3089 2451 3142 Tum
2481 3090 2757 3159 prephetia
2787 3089 2912 3142 dicit
2937 3109 2950 3142 :
2981 3108 2999 3139 ι
3025 3089 3279 3144 Dominus
3298 3086 3442 3142 dabit

249 3177 337 3228 σί·
369 3193 390 3226 ι
417 3177 636 3246 Κύριος
662 3175 818 3228 δώσει
851 3178 996 3245 ῥῆμα
1025 3180 1132 3239 τοῖς
1156 3176 1641 3248 εύαγγελιζομένοις
1658 3180 1807 3232 δυνά-

1917 3179 2136 3233 verbum
2189 3177 2681 3246 evangelizantibus
2725 3177 2924 3231 virtute
2976 3176 3219 3229 multa".
3268 3194 3285 3226 ι
3327 3174 3444 3241 Qua

252 3283 344 3335 μει
380 3265 584 3334 πολλῇ.
616 3261 748 3326 VH;
775 3265 1045 3334 δυνάμεως
1074 3266 1159 3318 ὅτε
1187 3267 1347 3335 μήπω
1372 3271 1630 3337 μετεῖχον,
1654 3269 1807 3338 ἠρνή-

1919 3267 2113 3321 virtute
2139 3265 2525 3320 cumnoudum
2555 3273 2706 3318 erant
2737 3265 2912 3331 potiti,
2949 3272 3275 3332 negaverunt
3317 3279 3440 3317 eum

252 3372 424 3408 σαντο
461 3354 632 3406 αὑτὸν
658 3356 703 3406 oi
727 3355 920 3418 πάντες
949 3358 1040 3408 καὶ
1065 3356 1542 3427 ἐσκανδαλίσθησαν
1571 3359 1708 3412 κατά
1729 3361 1807 3412 est

1918 3371 2125 3418 omnes,
2165 3363 2217 3408 et
2246 3354 2498 3408 seandalo
2532 3352 2800 3421 passionis
2827 3359 3070 3420 tempore
3103 3352 3240 3421 lapsi
3278 3359 3436 3406 sunt:

251 3445 456 3516 ⁴ιιιινιρδν
506 3444 602 3496 τοῦ
653 3444 880 3507 πάθους·
910 3446 994 3498 ὅτε
1037 3446 1091 3497 δέ
1135 3447 1383 3515 μετέσχον
1411 3438 1591 3517 οὗῦτῆς,
1626 3449 1807 3514 πάντες

1917 3447 2006 3499 illa
2045 3452 2220 3504 autem
2252 3445 2549 3512 impetrata,
2608 3441 2783 3495 cuncti
2814 3443 3058 3510 protinus
3086 3443 3442 3496 confessioni-

247 3537 370 3596 ταῖς
395 3534 549 3604 ὑπὲρ
573 3533 807 3603 Χριστοῦ
842 3534 1156 3604 μαρτυρίαις
1185 3553 1241 3587 τε
1281 3536 1371 3587 καὶ
1410 3537 1708 3605 ὁμολογίαις
1737 3539 1807 3591 δι-

1917 3533 2018 3588 hus
2046 3532 2471 3599 testimoniisque
2495 3544 2593 3599 pro
2617 3529 2832 3585 Christo
2857 3529 3017 3582 editis
3051 3529 3436 3584 inclaruerunt.

248 3625 552 3696 ἐπρεψανοη
579 3622 936 3686 ἀνακαινίζων
959 3625 1063 3693 γὰρ
1100 3624 1186 3676 τὸν
1225 3624 1498 3695 ἄνθρωπον
1531 3628 1560 3678 δ
1598 3625 1807 3695 Κύριος,

1916 3622 2155 3678 Renovat
2211 3622 2351 3675 enim
2399 3619 2665 3674 hominem
2702 3618 2842 3673 Deus
2878 3657 2892 3681 ,
2926 3619 2998 3671 ita
3029 3625 3089 3670 ut
3126 3632 3282 3686 quam
3316 3631 3441 3686 gra-
3536 3622 3542 3640 ’

246 3715 341 3766 καὶ
371 3716 447 3783 ἠν
481 3712 731 3766 ἀπώλεσε
756 3712 911 3782 χάριν
939 3715 1001 3766 ἐκ
1027 3715 1116 3766 τοῦ
1149 3715 1530 3784 ὲμφυσήματος
1548 3714 1639 3767 τοῦ
1661 3715 1807 3779 Θεοῦ,

1921 3711 2046 3764 tiam
2076 3710 2234 3763 homo
2257 3707 2528 3768 amiserat,
2573 3705 2668 3758 Dei
2711 3705 2836 3759 olim
2881 3703 3230 3772 inspiratione
3269 3701 3437 3755 colla-

244 3800 461 3872 ταύτην
494 3801 658 3854 πάλιν
693 3799 986 3862 ἀποδιδοὺς,
1021 3801 1339 3870 ἐνεφύσησεν
1363 3803 1440 3864 εἰς
1464 3801 1530 3853 τὰ
1554 3801 1807 3871 πρόσωπα

1916 3807 2050 3861 tam,
2084 3797 2254 3850 eidem
2285 3794 2425 3847 hanc
2468 3807 2659 3850 rursus
2700 3790 2842 3846 Deus
2889 3789 3211 3849 attribuerit,
3264 3787 3317 3841 in
3357 3786 3440 3840 fa-

248 3889 358 3943 τῶν
394 3889 664 3960 μαθητῶν
697 3888 886 3955 λέγων,
927 3905 945 3938 ι
972 3887 1171 3940 Λάϐετε
1202 3888 1420 3958 Πνεῦμα
1447 3889 1614 3956 ἅγιον.
1649 3909 1668 3942 ι

1915 3887 2049 3939 ciem
2075 3883 2460 3952 discipulorum
2496 3881 2765 3951 inspirans
2797 3880 2881 3935 his
2905 3880 3079 3934 verbis
3111 3896 3125 3932 :
3161 3896 3179 3929 ι
3201 3877 3438 3947 Accipite

1923 3972 2178 4042 Spiritum
2212 3979 2476 4026 sanctum.
2517 3987 2536 4022 ι

564 4100 635 4154 Χ.
665 4099 746 4152 Ex
777 4099 994 4153 Macarii
1022 4099 1419 4170 Clirysocephali
1449 4103 1556 4173 (89)
1588 4103 1892 4174 Florilegio,
1919 4102 2056 4172 apud
2084 4102 2443 4163 Villoisonum,
2466 4100 2722 4155 Anecdot.
2749 4109 2787 4154 t.
2821 4097 2904 4163 11,
2934 4116 2988 4169 ρ.
3021 4099 3103 4152 74.

322 4224 374 4270 t'.
420 4213 689 4277 Εὐσέϐιος
721 4213 774 4266 δὲ
807 4215 834 4265 ό
863 4214 1140 4282 Παμφίλου
1183 4215 1238 4266 ἐν
1270 4218 1335 4286 τῇ
1381 4216 1524 4283 πρὸς
1557 4216 1813 4284 Μαρῖνον

246 4308 515 4376 ἐπιστολῇ
547 4304 660 4374 (90)
687 4303 858 4365 οὕτως
883 4303 1149 4374 ἐξηγεῖται
1176 4305 1234 4357 τὸ
1263 4304 1535 4375 προτεθὲν,
1569 4306 1648 4357 ὅτι
1680 4305 1812 4358 διαι-

251 4396 437 4464 ρέσεις
473 4391 828 4462 χαρισμάτων
853 4390 958 4441 είσὶ
994 4390 1130 4442 κατά
1169 4389 1258 4442 τὸν
1300 4391 1630 4453 ’Δπόστολον,
1661 4392 1718 4444 τὸ
1757 4392 1811 4444 δὲ

1983 4215 2068 4270 10.
2103 4214 2366 4268 Eusebius
2420 4212 2679 4283 Pamphili
2724 4213 2779 4266 in
2824 4213 3049 4282 epistola
3073 4210 3140 4268 ad
3173 4208 3436 4264 Marinum

1914 4306 2260 4377 quastionem
2303 4304 2382 4358 sic
2425 4304 2673 4372 explicat,
2721 4301 2862 4372 quod
2911 4315 3101 4370 nempe
3149 4299 3436 4355 divisiones

1913 4397 2205 4469 gratiarum
2236 4404 2381 4457 sunt,
2412 4402 2471 4448 ut
2500 4394 2574 4446 ait
2605 4393 2914 4462 Apostolus,
2937 4391 3076 4446 idem
3106 4398 3282 4445 autem
3317 4388 3437 4458 Spi-

246 4485 383 4538 αύτὸ
415 4481 670 4551 Πνεῦμα.
706 4480 813 4533 Kal
839 4479 994 4531 πάλιν
1015 4496 1028 4510 ο
1059 4480 1266 4549 ἑκάστῳ
1289 4480 1480 4532 δίδοται
1513 4482 1544 4550 ἡ
1574 4478 1807 4551 φανέρω-

1912 4489 2070 4541 ritus.
2128 4485 2464 4552 Rursusque,
2499 4483 2642 4552 quod
2686 4482 2978 4551 unicuique
3027 4481 3235 4542 lumen,
3281 4486 3439 4549 prout

249 4592 333 4639 σις
357 4576 502 4644 πρὸς
533 4573 594 4624 τὸ
622 4569 912 4639 συμφέρον·
949 4587 967 4620 ι
999 4563 1068 4638 ’ᾮ
1093 4569 1188 4638 μὲν
1215 4569 1318 4639 γὰρ
1342 4570 1425 4622 διὰ
1449 4569 1541 4622 τοῦ
1564 4570 1808 4641 Πνεύμα-

246 4685 339 4730 τος
366 4668 580 4720 δίδοται
603 4663 757 4730 λόγος
779 4661 982 4729 σοφίας,
1004 4661 1142 4730 ἄλλῳ
1164 4661 1218 4713 δὲ
1241 4660 1392 4729 λόγος
1409 4661 1651 4730 γνώσεως
1673 4664 1808 4716 κατά

249 4759 308 4811 τὸ
339 4758 477 4812 αὐτὸ
503 4753 729 4824 Πνεῦμα
748 4769 761 4782 ·
792 4751 956 4824 ἑτέρῳ
985 4753 1041 4806 δέ
1075 4752 1248 4816 πίστις
1278 4754 1333 4804 ἐν
1360 4753 1433 4822 τῷ
1464 4753 1606 4823 αύτῷ
1642 4755 1807 4806 Πνεύ-

1912 4592 2050 4646 opus
2071 4575 2248 4638 fuerit,
2267 4574 2576 4628 attribuitur
2602 4571 2790 4628 HAlii
2817 4571 3030 4641 quidem
3061 4584 3237 4624 sermo
3262 4569 3438 4624 scien-

1911 4667 1997 4719 tiae
2027 4665 2319 4718 secundum
2359 4663 2603 4718 eumdem
2635 4660 2926 4730 Spiritum;
2962 4659 3054 4714 alii
3096 4659 3228 4713 ﬁdes
3270 4659 3322 4711 in
3345 4671 3436 4712 eo-

1910 4752 2028 4806 dem
2093 4750 2317 4821 Spiritu,
2373 4751 2463 4805 alii
2513 4749 2876 4820 prodigiurum
2935 4747 3126 4808 virtus,
3185 4745 3271 4798 alii
3313 4759 3438 4813 prn~

253 4867 408 4917 ματι,
442 4847 593 4916 ἄλλῳ
625 4844 680 4897 δέ
725 4845 1067 4913 ἐνεργήματα
1101 4841 1206 4910 (91)
1251 4841 1542 4910 δυνάμεων,
1578 4842 1716 4912 ἄλλῳ
1750 4843 1805 4894 δὲ

1909 4841 2118 4912 ρίιειίω,
2172 4842 2260 4895 alii
2308 4841 2659 4896 discretiones
2713 4837 3020 4907 spirituum,
3079 4837 3167 4890 alii
3227 4837 3435 4905 lingua.

253 4939 612 5008 προφητεῖαι,
645 4933 788 5001 ἄλλῳ
810 4932 864 4984 δὲ
884 4931 1172 5001 διακρίσεις
1199 4930 1534 4999 πνευμάτων,
1559 4934 1725 5003 ἑτέρῳ
1750 4933 1806 4986 δέ

1907 4945 2025 4985 rum
2055 4929 2386 4987 multitudo:
2417 4945 2536 4998 quae
2567 4938 2746 4985 tamen
2775 4924 2966 4982 omnia
3000 4934 3252 4994 operatur
3297 4938 3434 4979 unus

327 5091 374 5122 "
413 5091 435 5144 l
471 5089 606 5144 Cor.
640 5101 734 5149 xv,
766 5085 820 5138 4.
893 5084 938 5114 ’τ
978 5081 996 5134 l
1029 5083 1154 5138 Cor.
1190 5097 1264 5141 xu
1287 5121 1304 5148 ,
1340 5082 1425 5136 10.
1495 5085 1539 5116 ⁸³
1579 5083 1720 5138 Psal.
1743 5101 1920 5149 vau,
1957 5084 2045 5143 l2.

326 5267 445 5336 (δεῖ)
488 5263 668 5317 verba
693 5263 765 5336 ἐκ
793 5259 895 5312 τοῦ
925 5260 1069 5328 πρὸς
1103 5260 1360 5329 Μαρῖνον
1396 5263 1592 5316 desunt
1621 5262 1672 5317 in
1703 5279 1796 5319 co-

1909 5264 2024 5316 mihi
2060 5263 2115 5317 S.
2146 5263 2327 5336 Cyrilli
2366 5259 3198 5336 fragmentav_60ntmen‘t_ariorum
3218 5256 3305 5336 _ad
3337 5255 3436 5336 La:

256 5329 379 5389 diCe
406 5329 790 5388 Columnensi.

328 5404 442 5472 (88)
487 5403 650 5474 Deest
674 5393 743 5466 ἦν
776 5397 827 5474 in
855 5395 1192 5474 codice:_Sed
1220 5404 1394 5474 tamen
1423 5407 1610 5474 czgtera
1632 5399 1805 5474 piem-

258 5465 367 5534 que
415 5465 644 5523 ineliora
686 5465 827 5534 psunt
871 5465 927 5514 in
959 5465 1139 5534 codice
1171 5480 1327 5531 quam
1369 5468 1419 5518 in
1462 5465 1802 5522 Gretsériana

261 5533 540 5592 Anastasii
563 5533 827 5593 editione,
859 5546 976 5602 quae
1001 5533 1242 5599 plurimis
1269 5534 1368 5587 heu
1397 5535 1631 5588 mendis!
1651 5537 1803 5592 labo-

259 5614 446 5738 ratfsg)
491 5671 584 5726 εει
618 5668 707 5720 hic
739 5665 876 5719 idem
908 5665 1165 5721 Macarius
1199 5668 1675 5738 Chrysocephalus,
1709 5675 1806 5741 qui

1905 5349 2016 5385 cam
2069 5325 2606 5386 non'contemuenda
2654 5330 2862 5385 obtulit.
2915 5327 3162 5394 Ejusdem
3218 5325 3436 5394 Macarii

1905 5402 2051 5454 locos
2079 5401 2407 5469 dogmaticos
2451 5399 2644 5466 protuli
2684 5391 2970 5453 identidem
3011 5397 3064 5449 in
3095 5394 3227 5449 meis
3245 5394 3310 5448 ad
3341 5391 3434 5447 Ni-

1905 5466 2192 5538 cephorum
2225 5466 2462 5522 scholiis.

1975 5527 2082 5607 '(90)
2122 5537 2426 5607 Xiphilinus
2472 5537 2525 5589 in
2567 5535 2839 5607 Dominica
2865 5534 3112 5607 _'_I‘h_oma:,
3158 5530 3278 5585 cod.
3311 5527 3426 5583 Vat.

1905 5623 1957 5676 p.
1981 5603 2452 5692 ;ﬁ9,‘re_clitat.ltoc
2482 5607 2654 5692 ipsum
2688 5604 2898 5659 Eusebii
2934 5603 3306 5672 fragmentum.

1977 5676 2082 5744 (9|)
2122 5674 2302 5743 Xiph.,
2332 5674 2675 5744 ἐνεργήματι.
