3926 6382
245 368 368 421 l‘ll'l
956 370 1241 428 ΕϐιοϐλΕ
1279 371 1742 430 ΡΒΟΡΗΕΤΙΟΕ.
1766 405 1835 417 --
1858 374 1947 429 DE
1975 373 2215 432 CODICE
2248 375 2358 430 ΜΒ.
2398 375 2659 433 VINDOB.
3230 380 3365 438 1018

240 578 3346 621 (mw

793 791 1624 967 EUSEBII
1777 783 2809 960 PAMPHILI

1339 1129 1682 1189 EPISCOPI
1744 1126 2258 1189 CESARIENSIS

894 1333 1537 1459 ECLOGAS
1628 1334 2683 1461 PROPHETICZE.

295 1568 351 1645 Ε
391 1586 601 1669 codice
630 1593 1049 1669 manuscripto
1076 1591 1452 1652 bibliotheca:
1478 1592 1764 1653 Caesarem
1802 1590 2275 1669 Vindobonensis
2322 1611 2482 1651 nunc
2509 1593 2778 1669 primum
2808 1588 2998 1650 edidit
3036 1592 3088 1669 1’
3085 1591 3292 1650 homas

413 1665 756 1740 Gnsuonn,
788 1669 850 1729 S.
887 1665 961 1729 ΤΣ
986 1670 1085 1744 Ρ.,
1116 1669 1259 1729 tedis
1286 1669 1520 1731 Christi
1546 1669 1808 1729 decanus
1836 1687 2071 1729 necnon
2097 1668 2323 1747 lingua:
2350 1665 2571 1729 Graia:
2596 1669 2913 1746 professor
2939 1667 3168 1743 regius.

1176 1878 1365 1940 Oxonii,
1392 1892 1422 1927 e
1448 1879 1775 1940 typograpbeo
1799 1878 2099 1938 Academico,
2121 1877 2257 1938 ιδιε,
2290 1879 2415 1928 in-8.

792 2187 1404 2251 ἳΑΙέΤΠΟιΟΜίΕΟ
1442 2190 1901 2251 KOPITARIO
1944 2191 2277 2253 THOMAS
2311 2194 2342 2253 6

1237 2190 1404 2249 K150
1442 2190 1901 2251 KOPITARIO
1944 2191 2277 2253 THOMAS
2311 2191 2787 2253 GAISFORDS

292 2371 433 2428 Redit
459 2372 535 2426 ad
558 2382 625 2437 te,
658 2375 741 2427 vir
773 2376 988 2444 egregie,
1019 2391 1165 2443 quem
1199 2385 1246 2428 te
1291 2385 1600 2443 procurante
1624 2390 1686 2428 ex
1711 2376 2059 2444 manuscripto
2090 2377 2296 2446 inclyta
2325 2377 2638 2432 bibliothecte
2657 2379 2909 2433 Caesarea:
2946 2377 3116 2432 codice
3154 2378 3387 2447 ﬁdeliter

234 2462 523 2529 descriptum
553 2464 733 2532 accepi
751 2505 770 2531 ,
816 2464 1016 2519 libellus
1044 2466 1366 2520 Eusebianus
1392 2506 1407 2531 ,
1454 2468 1743 2521 litterarum
1792 2467 2033 2536 formulis
2059 2468 2351 2522 Academia:
2380 2478 2567 2523 nostra:
2595 2468 2875 2521 luculenter
2923 2469 3219 2537 impressus.
3271 2467 3377 2534 Qui

235 2569 336 2609 cum
370 2554 430 2606 ab
460 2557 803 2624 antiquarum
849 2574 1016 2611 rerum
1048 2575 1110 2611 ac
1162 2560 1447 2626 prtesertim
1496 2558 1761 2629 theologia:
1803 2558 2048 2613 studiosis
2086 2560 2177 2612 diu
2210 2562 2538 2629 'multumque
2565 2558 2884 2612 desideratus
2917 2558 3106 2627 fuerit,
3139 2575 3240 2612 non
3270 2572 3377 2612 me-

235 2645 385 2698 diocri
414 2647 597 2700 laetitia
624 2648 809 2715 eﬂ'erri
838 2665 916 2701 me
951 2650 1150 2717 fateor,
1208 2650 1291 2701 cui
1331 2664 1422 2715 per
1459 2649 1855 2702 benevolentiam
1893 2659 2035 2701 tuam
2068 2650 2336 2719 contigerit
2361 2666 2424 2703 ea:
2452 2650 2739 2717 pluteorum
2766 2648 2981 2702 tenebris
3024 2659 3130 2701 tam
3180 2649 3379 2719 insigne

237 2738 396 2789 reteris
421 2739 517 2790 teni
540 2748 929 2791 monumentum
953 2741 1248 2805 protrahere
1273 2754 1437 2806 posse.
1476 2738 1729 2794 therum
1762 2739 1815 2790 in
1848 2738 2039 2793 edendo
2068 2739 2201 2793 hanc
2255 2739 2379 2791 mihi
2430 2740 2585 2808 legem
2628 2740 2919 2807 prwscripsi
2940 2778 2955 2803 ,
3002 2748 3059 2791 ut
3114 2738 3377 2792 lectionem

238 2825 496 2893 apographi
519 2826 707 2895 ubique
736 2842 912 2894 presse
950 2844 1202 2897 sequerer,
1227 2830 1328 2882 nisi
1363 2829 1415 2881 in
1446 2829 1866 2895 interpunctione,
1901 2836 1950 2881 et
1993 2829 2047 2881 in
2077 2828 2339 2896 spiritibus
2361 2840 2406 2883 et
2434 2828 2745 2891 accentibus,
2782 2829 2868 2897 qui
2910 2826 3184 2881 admodum
3209 2827 3371 2898 negli-

238 2925 393 2982 genter
417 2917 571 2984 positi
596 2926 759 2979 sunt;
791 2932 944 2985 neque
967 2929 1142 2985 aperta
1167 2918 1401 2987 quwdam
1438 2918 1642 2970 librarii
1674 2919 1797 2972 uitia
1817 2959 1832 2984 ,
1867 2920 2023 2972 cuivis
2055 2919 2207 2988 facile
2247 2918 2545 2988 corrigenda
2564 2960 2578 2985 ,
2607 2916 2861 2972 servanda
2889 2918 3015 2971 duxi
3038 2933 3056 2970 :
3084 2935 3301 2989 quorum
3330 2919 3377 2973 si

237 3019 404 3073 pauca,
436 3025 591 3078 eaque
620 3007 887 3067 levissima
904 3047 919 3071 ,
953 3009 1105 3060 tacite
1126 3008 1443 3071 sustulerim,
1473 3009 1525 3060 in
1550 3008 1804 3078 plerisque
1833 3008 2161 3062 emendandis
2186 3009 2264 3061 ita
2291 3016 2519 3062 versatus
2541 3024 2651 3060 sum
2669 3046 2684 3071 ,
2710 3016 2765 3060 ut
2788 3023 2900 3076 qua:
2925 3009 3201 3061 resecando
3231 3023 3380 3076 erant

241 3102 421 3154 uncinis
448 3100 720 3169 quadratis
756 3098 1150 3163 circumdarem,
1179 3114 1291 3166 qute
1338 3098 1573 3152 addenda
1602 3099 1678 3152 uel
1727 3097 2234 3162 mutanda,lunulis.
2290 3097 2390 3152 Sed
2441 3114 2595 3167 neque
2640 3099 3108 3167 interpretationem
3138 3097 3378 3151 Latinam

242 3207 381 3260 neque
410 3191 771 3245 adnotationis
812 3188 935 3258 quid
985 3189 1161 3242 addidi
1194 3192 1268 3258 (α)
1296 3206 1315 3243 :
1357 3207 1456 3243 non
1502 3192 1635 3243 enim
1682 3190 1820 3242 volui
1869 3190 2083 3242 nimiam
2133 3190 2297 3259 operis
2338 3205 2535 3243 moram
2564 3190 2813 3256 injicere:
2846 3191 2900 3242 in
2931 3191 3162 3259 margine
3210 3199 3381 3242 tamen

245 3281 441 3346 (prater
482 3299 725 3336 numeros
774 3280 1020 3348 foliorum
1067 3279 1256 3333 codicis
1299 3297 1398 3335 ms.
1434 3281 1501 3333 ad
1554 3283 1820 3335 sinistram
1860 3280 2165 3350 collocatos)
2217 3295 2379 3333 sacrae
2417 3278 2700 3346 Scriptura:
2750 3295 3127 3348 paucorumque
3155 3279 3380 3331 aliorum

243 3373 525 3439 scriptorum
553 3374 617 3427 ab
643 3372 873 3427 Eusebio
895 3374 1169 3426 citatorum
1195 3373 1306 3425 loca
1339 3372 1571 3441 apposui,
1606 3388 1667 3426 ne
1698 3372 1748 3424 in
1777 3370 1957 3424 iisdem
1979 3369 2230 3424 rimandis
2250 3379 2297 3424 et
2319 3368 2641 3437 conferendis
2677 3368 2836 3421 lector
2868 3369 3129 3436 ingratum
3149 3366 3376 3421 laborem

244 3474 560 3527 consumeret,
588 3472 701 3528 aut,
730 3479 825 3532 per
859 3460 1109 3514 desidiam
1129 3460 1221 3513 hoc
1252 3462 1495 3531 neglecto,
1530 3470 1746 3515 mentem
1782 3458 2006 3513 auctoris
2035 3460 2201 3511 minus
2238 3468 2371 3510 recte
2400 3455 2666 3524 aliquoties
2693 3454 2985 3521 perciperet.
3035 3452 3181 3505 Vale.

361 3614 559 3668 Dabam
581 3631 647 3669 ea:
679 3613 800 3675 aede
828 3613 1025 3667 Christi
1047 3615 1100 3664 d.
1128 3612 1258 3665 Maii
1288 3614 1347 3667 51
1403 3611 1554 3666 1842.

293 3778 362 3849 (a)
396 3780 902 3852 Interpretationem
936 3777 1157 3837 latinam
1185 3772 1547 3830 adornandum
1576 3773 1901 3834 curavimus,
1932 3769 2085 3823 Εωτ.
2118 3768 2287 3824 Pan.

2924 3958 3352 3975 *α-

332 4120 443 4195 EX
507 4122 580 4184 P.
640 4116 1061 4193 LAMBECII
1122 4112 1882 4251 (ΞΟΜΜΕΝΤΑΒὲῧὶᾶξἱ

1838 4217 1859 4250 λ

1742 4108 2493 4251 ἅξγςξΙΒιΙΟΤΗΕΟΑ
2552 4103 2940 4169 (ΙΑΞΒΑΒΕΑ
3010 4096 3292 4165 VINDO-

1838 4217 1859 4250 λ
1980 4237 1993 4251 ι

1838 4217 1967 4251 ΠΟ]
1980 4237 1993 4251 ι

1337 4337 1462 4401 (Lib.
1491 4352 1557 4394 ιιι,
1588 4345 1620 4386 l.
1645 4352 1690 4399 p.
1714 4338 1799 4397 ιιι,
1825 4352 1875 4399 p.
1894 4337 1976 4386 201
2006 4339 2085 4387 ed.
2109 4336 2312 4394 Kollar.)

307 4594 475 4654 Codex
509 4615 597 4662 ιν,
629 4600 869 4663 Graccus,
899 4601 1359 4665 membranaceus,
1387 4602 1793 4672 antiquissimus
1817 4639 1831 4665 ,
1868 4599 2081 4669 optima:
2126 4606 2286 4662 noue,
2313 4596 2562 4659 in-folio,
2593 4598 2903 4659 constatque
2934 4585 3076 4640 foliis
3102 4579 3218 4636 249
3257 4586 3310 4637 et
3335 4578 3407 4633 ab

250 4684 308 4740 Α.
340 4687 635 4747 Busbeckio
658 4694 786 4748 olim
814 4692 914 4746 fuit
940 4701 1279 4761 comparatus
1306 4693 1787 4764 ConstantinOpoli.
1822 4691 2180 4747 Continentur
2208 4705 2273 4745 eo
2298 4690 2410 4743 haec
2441 4706 2454 4740 :

307 4778 348 4830 A
378 4780 468 4835 l‘ol.
499 4784 754 4856 i,_usque
782 4783 847 4837 ad
876 4782 970 4837 fol.
998 4783 1087 4838 61.
1116 4782 1327 4839 Eusebii
1352 4784 1608 4856 Pamphili
1636 4786 1891 4841 Caesareae
1918 4786 1970 4836 in
2003 4782 2287 4837 Palaestina
2319 4777 2556 4850 episcopi
2606 4774 2755 4828 Libri
2807 4778 3030 4841 quatuor
3079 4764 3397 4838 Eclogaruns

250 4853 642 4933 propheticarum
664 4872 729 4927 de
750 4871 975 4936 Christo,
1000 4873 1301 4928 Arianismo
1328 4853 1530 4939 inlecti,
1564 4884 1617 4931 et
1648 4876 1906 4930 hactenus
1949 4871 2155 4925 inediti.

312 4954 371 5012 In
401 4977 546 5028 quem
584 4963 756 5017 locum
782 4973 1155 5019 commentatus
1179 4974 1253 5018 est
1273 4965 1367 5018 hoc
1389 4967 1537 5020 modo
1568 4966 1838 5021 Kollarius
1868 4981 1886 5018 :

308 5046 377 5103 De
400 5050 617 5106 ineditis
644 5051 908 5106 hactenus
934 5059 1164 5120 quatuor
1191 5052 1338 5107 hisce
1362 5053 1570 5110 Eusebii
1597 5054 1857 5125 Pamphili
1889 5052 2046 5111 libris
2088 5049 2360 5120 capiosius
2389 5047 2514 5100 alibi
2544 5046 2652 5114 egit
2682 5040 3031 5102 Lambecius;
3065 5052 3185 5106 qua:
3211 5037 3393 5093 omnia

246 5150 373 5191 nunc
400 5141 675 5210 colligere,
710 5150 765 5196 et
790 5154 1064 5196 sacrarum
1083 5142 1376 5205 litterarum
1405 5144 1571 5211 gratia
1598 5145 1663 5197 in
1681 5158 1901 5199 examen
1926 5147 2403 5209 vocaresatagam.
2436 5132 2548 5187 Sub
2580 5132 2735 5186 ﬁnem
2770 5130 2897 5185 tomi
2927 5125 3069 5183 tertii
3098 5128 3393 5197 Apparatus

246 5227 320 5280 sui
351 5232 485 5297 sacri
507 5232 826 5302 vulgaverat
853 5232 979 5286 olim
1005 5231 1335 5289 Possevinus
1359 5235 1652 5305 catalogum
1696 5234 2047 5306 quorumdam
2091 5230 2579 5299 manuscriptorum
2628 5230 2954 5284 nostrorum,
2990 5220 3144 5287 cujus
3169 5227 3390 5276 exstan-

246 5317 369 5373 tiora
392 5330 568 5377 errata
594 5325 939 5381 emendatum
967 5323 1077 5379 ibat
1096 5322 1407 5380 Lambecius
1430 5326 1713 5383 Comment.
1749 5328 1844 5382 lib.
1877 5342 1916 5389 ι,
1942 5341 1994 5395 p.
2020 5324 2146 5380 2M.
2196 5342 2215 5375 α
2252 5322 2309 5376 ln
2333 5321 2517 5377 eodem
2548 5315 2824 5371 Posseviui
2848 5311 3090 5379 catalogo
3118 5310 3292 5365 littera
3311 5308 3378 5373 Ε,

247 5406 373 5463 inter
407 5420 597 5468 cetera
627 5414 883 5485 leguntur
918 5413 1190 5482 sequentia
1223 5430 1235 5464 :
1278 5412 1487 5473 ercus
1532 5417 1687 5471 codex
1725 5415 1936 5469 mutilus
1966 5424 2101 5467 totus
2126 5412 2477 5467 enarrationes
2502 5407 2690 5460 habens
2720 5407 2774 5458 in
2796 5404 2991 5472 aliquot
3036 5400 3205 5467 capita
3232 5399 3392 5454 Gene-

247 5500 332 5551 sis.
370 5520 388 5553 ι
418 5502 547 5568 Quae
588 5503 909 5560 Lambecius
956 5505 1156 5575 virgula
1201 5507 1443 5561 censoria
1494 5506 1709 5569 feriens,
1739 5506 1923 5560 codice
1954 5504 2046 5558 illo
2072 5502 2291 5558 Eusebii
2329 5500 2591 5572 Pamphili
2639 5497 2951 5566 Eclogarum
2982 5491 3390 5560 WOPhelicarum

248 5586 402 5647 libros
431 5595 694 5649 contineri
724 5593 944 5664 pulchre
984 5596 1249 5650 ostendit:
1281 5598 1351 5652 ob
1377 5598 1516 5667 quod
1545 5599 1795 5653 indicium
1838 5597 2044 5652 laudem
2079 5596 2319 5665 profecto
2345 5595 2691 5650 commeritus
2727 5590 2915 5645 fuisset
2959 5601 3064 5640 non
3096 5584 3386 5652 vulgarem.

255 5682 316 5753 si,
344 5687 494 5752 gnavi
529 5698 581 5741 et
605 5685 799 5742 eruditi
829 5684 1000 5739 critici
1030 5701 1247 5743 munere
1284 5687 1521 5757 functus,
1555 5690 1765 5746 invictis
1799 5688 2126 5761 argumentis
2152 5692 2415 5743 assertum
2462 5699 2616 5740 suum
2653 5681 3007 5740 astruxisset,
3043 5671 3235 5742 quibus
3275 5678 3386 5724 tum
