3926 6386
529 384 676 438 ,1019
1193 375 1453 431 EUSEBII
1487 373 1964 430 CAESARIENSIS
2001 372 2148 428 OPP.
2187 373 2362 428 PARS
2398 373 2488 429 Ill.
2526 402 2593 412 —
2633 370 3078 427 EXEGETICA.
3678 363 3793 416 {090

546 503 768 553 naxime
791 514 924 566 Opus
949 505 1048 558 est,
1080 513 1199 550 cum
1237 497 1303 550 de
1330 495 1708 565 anepigraphis
1739 493 2073 562 perditisque
2101 495 2371 562 operibus,
2403 495 2702 564 percelebri
2747 490 2979 546 cuidam
3016 486 3303 554 scriptori
3343 481 3678 583 tribuendis,
3702 482 3798 583 agi:

543 599 647 643 tur.
689 587 882 641 Verum
922 588 1188 640 enimvero
1214 586 1529 640 Lambecius
1563 585 1730 637 libros
1760 583 1926 637 hosce
1967 582 2182 637 Eusebii
2213 581 2474 652 Pamphili
2503 599 2624 637 esse
2657 585 2738 636 ait
2773 584 2847 636 ob
2879 581 3100 651 stylum
3135 587 3198 632 et
3235 574 3571 630 methodum
3605 575 3793 673 tractati

543 679 838 748 argumenti
871 696 884 730 :
925 677 1205 741 familiare,
1232 684 1290 730 ut
1318 678 1547 738 videtur,
1571 674 1799 729 erudilis
1830 673 2011 727 saaculi
2036 673 2118 727 sui
2149 683 2546 742 argumentum,
2580 675 2732 742 quod
2769 682 2961 726 tamen
2990 671 3118 738 jam
3155 666 3390 738 pridem
3426 664 3796 719 recentioribus

541 770 737 823 nostris
768 769 932 837 coepit
953 784 1070 822 esse
1098 775 1427 837 suspectum,
1453 783 1558 836 qua
1587 767 1653 821 de
1685 781 1744 819 re
1779 766 1880 833 legi
1915 773 2152 818 meretur
2178 764 2225 819 J.
2257 765 2316 818 C.
2367 764 2560 835 Mylius
2595 766 2648 817 in
2685 763 3037 817 Bibliotheca
3063 775 3249 812 anon.
3276 765 3331 810 et
3368 754 3651 856 ρδειέάοηζ.
3672 765 3797 856 parte

542 861 709 929 prima
737 860 1161 922 schediasmatis,
1197 874 1250 926 p.
1287 858 1354 910 '50
1374 867 1426 910 et
1457 859 1543 912 58.
1566 887 1636 897 -—
1673 856 1780 909 Sed
1814 855 2118 924 argumenti
2150 856 2310 924 hujus
2336 857 2417 910 sui
2444 855 2826 908 inﬁrmitatem
2862 851 3164 953 persensit
3193 850 3449 953 ipsemet
3479 845 3795 953 Lambecius.

538 966 694 1018 quam
717 952 876 1005 etiam
908 953 976 1003 ob
1004 965 1220 1005 causam
1253 951 1307 1003 in
1342 951 1568 1018 append.
1594 949 1688 1003 lib.
1720 964 1817 1002 vm
1850 950 2294 1013 additamentum,
2321 949 2636 1003 melioribus
2671 938 2996 1001 rationib'us
3030 938 3488 1007 fultum,liujus
3519 938 3624 991 loci
3655 939 3795 1040 gratia

539 1040 773 1107 scripsit.
804 1038 857 1090 ln
887 1040 1047 1093 hocce
1083 1040 1446 1093 additamento
1476 1039 1685 1094 duabus
1725 1041 1882 1094 novis
1921 1041 2224 1095 rationibus
2269 1041 2587 1094 sententiam
2618 1054 2778 1094 suam
2811 1037 3221 1106 comprobare
3289 1033 3488 1089 studet
3511 1070 3528 1093 ,
3576 1037 3630 1084 et
3657 1033 3795 1099 prima

539 1129 751 1198 quidem
784 1130 858 1182 illi
890 1131 955 1183 ab
982 1131 1207 1199 ipsomet
1234 1131 1464 1184 Eusebio
1491 1133 1710 1200 petitur,
1743 1132 1889 1202 quod
1922 1133 2178 1186 nimirum
2211 1133 2259 1187 is
2307 1134 2472 1187 libros
2500 1131 2831 1202 Eclogarum
2862 1129 3353 1226 prophetictzrunt
3384 1126 3457 1226 de
3485 1125 3698 1179 Christo
3712 1139 3794 1226 .pro

539 1233 696 1286 opere
729 1234 826 1271 suo
863 1219 1220 1289 designaverit
1251 1219 1392 1273 Hist.
1432 1220 1611 1275 eccles.
1643 1238 1682 1284 ι,
1715 1237 1766 1276 c.
1809 1223 1865 1286 2,
1901 1223 1956 1274 in
1987 1237 2146 1290 quem
2191 1223 2365 1275 locum
2397 1223 2526 1276 satis
2555 1222 2790 1276 feliciter
2826 1219 3116 1274 incidisse
3166 1217 3555 1271 Lambecium
3585 1231 3671 1270 res
3711 1217 3794 1282 ipsa

541 1306 753 1370 fatetur,
779 1310 866 1375 qui
899 1316 1074 1362 tamen
1110 1310 1518 1379 haudquaquam
1543 1312 1775 1366 evicerat
1809 1312 2036 1381 Ectogas
2073 1313 2291 1368 Eusebii
2319 1314 2637 1381 propheticus
2674 1313 2740 1366 de
2770 1312 2999 1367 Christo
3049 1313 3114 1364 in
3166 1310 3325 1373 hoc,
3371 1308 3443 1364 de
3477 1323 3587 1378 quo
3618 1308 3792 1378 agitur,

538 1399 841 1454 Caesariano
876 1402 1057 1454 codice
1083 1401 1266 1455 haberi
1299 1421 1312 1456 :
1342 1419 1462 1456 cum
1498 1404 1725 1459 testibus
1751 1420 1898 1458 XLVII
1926 1412 1980 1458 et
2013 1422 2186 1459 XLVIII
2209 1407 2481 1461 codicibus
2514 1423 2619 1460 non
2652 1409 2833 1461 solum
2871 1406 3218 1462 Eusebium
3275 1403 3648 1468 Ἀποδείξεις
3679 1420 3795 1455 emo

537 1488 726 1556 gelicas
750 1489 847 1541 hac
869 1490 1120 1542 methodo
1143 1492 1426 1560 scripsisse
1459 1499 1688 1546 constet.
1711 1492 1796 1546 Ad
1824 1493 2051 1545 alteram
2076 1495 2338 1548 rationein
2369 1497 2512 1564 quod
2543 1497 2770 1560 attinet,
2819 1511 2887 1557 ea
2941 1495 3236 1565 profecto
3271 1494 3465 1564 priori
3495 1495 3654 1550 etiam
3683 1495 3794 1550 inﬁr-

539 1580 674 1631 mior
705 1585 786 1630 est
810 1595 823 1643 ;
855 1593 918 1632 ex
941 1579 1046 1640 illis
1068 1581 1230 1645 enim,
1264 1597 1383 1649 quae
1406 1582 1582 1651 operis
1615 1581 1840 1650 hujusce
1867 1583 2122 1650 producit
2146 1586 2345 1649 verbis,
2377 1586 2506 1639 nihil
2531 1587 2674 1639 aliud
2701 1587 3001 1655 conjicias,
3031 1601 3235 1655 quam
3263 1601 3509 1654 gravem
3531 1588 3794 1656 quampiam

538 1668 772 1721 auctoris
803 1684 914 1722 aevo
935 1672 1218 1726 excitatam
1249 1677 1697 1742 persecutionem,
1726 1688 2069 1744 nequaquam
2098 1691 2228 1731 vero
2259 1676 2400 1730 illam
2433 1693 2549 1746 quae
2583 1695 2674 1733 an.
2709 1677 2816 1732 509.
2848 1678 2962 1732 sub
2999 1680 3211 1748 iuipp.
3257 1679 3688 1734 Diocletianoct
3716 1678 3797 1734 Ma-

546 1758 778 1812 ximiano
811 1758 1059 1814 Herculio
1090 1763 1144 1815 in
1176 1763 1514 1820 Christianos
1571 1767 1844 1831 detonuit,
1895 1766 2134 1821 Eusebio
2166 1782 2396 1820 coaevam
2426 1786 2438 1820 :
2471 1784 2605 1838 quas
2630 1769 2792 1823 etiam
2844 1769 3126 1839 aliasque
3170 1771 3529 1840 persimiles
3553 1773 3622 1826 ob
3645 1787 3795 1828 causas

541 1867 644 1904 non
675 1851 956 1906 defuerunt
987 1857 1084 1909 viri
1114 1857 1280 1921 docti,
1312 1862 1402 1928 qui
1446 1877 1582 1929 opus
1623 1862 1723 1915 hoc
1777 1872 2027 1918 nostrum
2081 1862 2316 1916 Eusebio
2355 1862 2612 1931 Pamphili
2660 1863 2730 1918 ob
2761 1863 3018 1918 nominis
3072 1863 3515 1918 celebritatem
3568 1863 3792 1919 subditum

539 1943 990 2016 substitutumque
1016 1964 1135 2003 esse
1165 1951 1424 2006 dicerent.
1451 1953 1694 2010 Oudinus
1727 1963 1873 2010 certe
1896 1956 2277 2010 Commentarii
2306 1955 2388 2010 sui
2421 1964 2459 2008 t.
2486 1955 2524 2021 I,
2556 1957 2656 2010 col.
2681 1957 2804 2019 514,
2838 1956 3115 2010 scribere
3153 1971 3300 2010 non
3343 1956 3654 2012 dubitavit:
3687 1977 3702 2009 i
3730 1957 3790 2018 At,

538 2035 728 2102 inquit,
758 2038 938 2091 nullus
970 2038 1178 2104 dubito,
1211 2043 1341 2110 quin
1363 2058 1526 2111 opera
1555 2047 1657 2100 ista
1687 2046 1938 2111 Eusebio,
1963 2048 2034 2101 ob
2061 2047 2298 2102 nominis
2347 2048 2540 2100 famam
2587 2048 2978 2110 celeberrimo,
3024 2048 3400 2102 substituta
3439 2050 3552 2105 sint
3581 2069 3593 2105 :
3642 2066 3788 2121 neque,

537 2122 583 2174 si
612 2138 732 2176 vera
781 2124 1029 2192 fuissent,
1060 2126 1379 2184 Lambecius
1407 2133 1475 2186 ab
1503 2133 1813 2203 evulgandis
1840 2136 2214 2199 abstinuisset,
2238 2141 2330 2206 qui
2360 2137 2583 2191 minoris
2620 2136 2775 2206 longe
2810 2138 3105 2191 momenti
3171 2139 3528 2211 fragmenta
3567 2143 3672 2196 suis
3699 2158 3786 2196 cum

537 2217 784 2282 scrupulo
809 2217 1055 2271 inseruit.
1099 2239 1117 2271 ι
1152 2219 1274 2275 lIzec
1301 2224 1422 2277 ille:
1459 2226 1512 2278 in
1543 2228 1698 2295 cujus
1718 2243 1898 2281 errore
1936 2245 2021 2284 me
2051 2245 2267 2300 quoque
2289 2229 2669 2297 complusculis
2698 2228 2862 2282 annis
2895 2228 3164 2285 haesisse
3201 2233 3480 2304 ingenue
3507 2234 3684 2291 fateor.
3714 2233 3788 2289 Sea

533 2304 675 2360 enim
705 2309 979 2364 verissima
1013 2319 1097 2365 est
1129 2312 1217 2364 illa
1242 2312 1588 2384 Xenophanis
1627 2321 1887 2373 sententia
1911 2360 1927 2384 ,

1388 2427 1466 2478 Οὔ
1496 2443 1583 2479 τοι
1611 2427 1708 2478 ἀπ’
1741 2429 1929 2496 ἀρχῆς
1956 2431 2150 2483 πάντα
2182 2431 2296 2484 θεοὶ
2323 2431 2555 2496 θνητοῖς
2591 2429 2940 2494 ἀπέδειξαν,

1408 2496 1591 2548 Ἀλλὰ
1618 2500 1809 2564 χρόνῳ
1841 2498 2149 2565 ζόῖτοῦντες
2171 2501 2631 2567 ἐφευρίσκουσιν
2657 2500 2932 2567 ἄμεινον.

536 2594 662 2650 Nam
689 2612 808 2652 cum
836 2599 922 2654 die
959 2602 1187 2670 quadam
1222 2604 1462 2658 codicem
1495 2605 1638 2660 hunc
1664 2607 1824 2662 volvo
1851 2609 2041 2663 iterum
2071 2612 2416 2679 revolvoque,
2447 2627 2509 2665 ex
2535 2612 2626 2665 vili
2656 2612 2886 2680 palliolo
2913 2630 3222 2687 magnum
3267 2627 3485 2694 agnovi
3518 2625 3781 2684 Eusebium.

534 2691 637 2744 Res
668 2693 742 2745 ita
769 2694 984 2746 accidit.
1016 2696 1194 2759 Codex
1221 2696 1286 2752 de
1325 2714 1431 2768 quo
1463 2715 1607 2753 nunc
1634 2701 1861 2770 agimus,
1885 2702 2038 2756 theca
2082 2704 2207 2756 olim
2239 2720 2450 2766 carens,
2487 2703 2630 2757 foliis
2676 2705 2953 2775 utrinque
2989 2712 3130 2768 suis
3187 2691 3529 2788 tegebatur.
3563 2721 3781 2784 Primum.

533 2780 600 2833 ab
630 2781 778 2834 edaci
808 2790 1045 2851 tempore
1066 2787 1340 2857 multoque
1364 2807 1463 2845 usu
1497 2793 1731 2846 lacerum
1762 2809 1824 2848 ac
1859 2811 1992 2864 pene
2023 2795 2279 2858 deletum,
2309 2811 2407 2864 pro
2429 2796 2582 2849 theca
2613 2797 2825 2852 codicis
2860 2816 2892 2852 a
2929 2780 3295 2866 Lambecig
3319 2813 3433 2868 fuit
3466 2817 3720 2883 habitum,
3745 2780 3782 2874 et

517 2885 648 2923 'eam
677 2872 838 2923 etiam
861 2874 929 2926 ob
956 2889 1172 2930 causam
1210 2877 1266 2930 in
1309 2882 1623 2937 recensione
1653 2884 1912 2938 omissum
1943 2886 2385 2954 neglectumque:
2427 2884 2588 2953 igitur
2627 2900 2753 2938 cum
2821 2888 3168 2961 ἀμηχανῶν
3214 2899 3543 2961 Eusebium
3576 2910 3627 2963 in
3655 2872 3780 2965 Ense-

531 2961 617 3058 bjo
646 2974 847 3067 quaerot
877 2961 1277 3019 similitudinem
1306 2981 1520 3035 manus,
1553 2989 1657 3043 qua
1690 2974 1930 3043 reliquus
1963 2975 2134 3028 codex
2183 2977 2416 3044 scriptus
2458 2983 2573 3037 est,
2609 2975 2664 3027 in
2701 2978 2890 3045 primo
2921 2982 3027 3036 illo
3090 2987 3254 3046 folio
3291 2961 3782 3067 animadvcrloiiu-

530 3047 781 3115 gientium
815 3049 1116 3105 litterarum
1148 3056 1374 3125 vestigia
1409 3059 1546 3129 lego,
1579 3077 1642 3115 ac
1675 3062 1903 3132 denique
1932 3065 2202 3134 comperio
2232 3067 2548 3134 prommium
2601 3064 2936 3136 Eclogarum
2976 3074 3242 3136 Eusebii
3269 3125 3289 3148 ,
3337 3091 3614 3162 principio
3639 3047 3779 3148 ei'ﬁne

533 3137 770 3162 .....Ii‘...“
848 3139 1025 3162 -..)-..A
1064 3141 1181 3162 ΡΑιὲ-
1230 3159 1274 3162 ΑΔ
1327 3147 1361 3162 ,ο
1465 3151 1478 3161 ο
1533 3149 1584 3162 η.
1725 3154 1736 3162 ι
1827 3154 1858 3162 ..
1885 3155 1895 3162 .
1929 3154 1941 3162 .
2308 3157 2317 3162 .
2559 3155 2595 3162 -
2703 3158 2715 3162 -
2742 3159 2752 3162 -

533 3137 804 3201 mutilum,
844 3139 1030 3194 eodem
1061 3141 1189 3196 folio
1219 3147 1502 3204 contineri.
1531 3149 1621 3205 Sic
1653 3154 1795 3207 enim
1825 3154 1896 3208 ibi
1929 3154 2068 3208 inter

533 3229 656 3255 ΙῐῙΖΛ
712 3229 855 3255 hut..-
888 3231 942 3255 -..Ι
1000 3235 1072 3255 --ι
1119 3236 1246 3255 Inn-
1318 3238 1352 3255 ιι
1450 3243 1480 3255 ι-
1526 3241 1566 3255 νγ
1613 3245 1641 3255 ..
1715 3246 1726 3255 .
1847 3246 1860 3255 ι
1898 3245 1938 3255 ..ι
2018 3254 2021 3255 ,

2222 3173 2275 3209 ra
2307 3157 2534 3225 ipsemet
2556 3155 2858 3224 Eusebius,
2897 3163 3116 3222 ’Ῑστέον
3139 3171 3194 3223 δ’

531 3229 675 3332 (νὶάῖ
707 3229 857 3340 hujus
881 3231 960 3340 ed“.
991 3235 1089 3287 col.
1116 3236 1272 3290 1024.
1309 3238 1482 3310 Pergit
1517 3227 1788 3298 Kollarius
1813 3246 1865 3316 :)
1898 3245 2167 3302 Hactenus
2217 3249 2461 3317 procemii
2487 3250 2787 3319 pericope:
2825 3269 2898 3308 ex
2932 3260 3156 3327 quibus
3194 3227 3344 3325 cum
3383 3227 3526 3340 Qui},

531 3321 756 3376 maxime
792 3322 898 3376 duo
931 3321 1183 3380 facillime
1211 3326 1549 3387 deducuntur
1578 3353 1590 3388 :
1627 3337 1914 3404 nimirum,
1945 3345 1996 3391 et
2037 3337 2325 3392 Eusebium
2357 3337 2629 3408 Pamphili
2659 3321 2971 3402 auctorem
3004 3352 3273 3424 hujusce
3307 3321 3778 3437 promn’iiivesse,vt;

539 3409 749 3437 0-1----
785 3411 847 3437 A-
885 3412 1098 3437 [ει-ευ,
1174 3421 1417 3437 __.._-,_.-
1539 3424 1572 3437 ν
1782 3434 1790 3437 Α
1876 3434 1883 3437 _
2125 3427 2135 3437 .
2184 3428 2196 3437 .
2265 3427 2318 3437 ...
2586 3431 2637 3437 .-
2774 3433 2811 3437 _

535 3409 750 3480 Eclogas
783 3411 848 3466 de
885 3412 1134 3482 Christo,
1174 3421 1421 3484 prmsenti
1456 3424 1640 3478 codice
1673 3434 1971 3490 contentas,
2001 3427 2196 3480 nemini
2231 3427 2318 3480 alii
2357 3444 2519 3496 quam
2550 3431 2734 3485 eidem
2770 3433 3058 3508 Eusebio,
3087 3409 3272 3516 posse

529 3503 809 3558 Eusebium
840 3509 1082 3574 prooemii
1117 3518 1386 3566 auctorem
1409 3531 1558 3581 esse,
1600 3519 1743 3571 clare
1771 3519 1946 3573 elucet
1974 3534 2036 3572 ex
2070 3520 2176 3573 illis
2223 3559 2237 3583 ,
2272 3522 2475 3588 quibus
2505 3523 2748 3593 indicat,
2781 3534 2951 3600 prius
2991 3555 3057 3594 se
3083 3503 3109 3605 ,l
3151 3560 3327 3615 quam
3367 3503 3438 3605 aud

527 3609 760 3717 praesensl
789 3610 923 3664 opus
948 3600 1182 3652 animum
1217 3606 1454 3670 appulit,
1491 3609 1813 3674 Χρονικοὺς
1848 3610 2116 3673 Κανόνας
2147 3611 2471 3678 scripsisse,
2531 3623 2588 3668 et
2641 3633 2710 3672 ea
2749 3625 2996 3691 quidem
3033 3600 3228 3692 mente
3251 3677 3264 3704 ,

528 3693 686 3717 ,ηπ-ιη
716 3688 940 3717 oin-......
997 3695 1082 3717 ---:
1113 3705 1232 3717 ---ι
1277 3714 1383 3717 -____
1428 3697 1569 3717 Λημ-
1632 3715 1656 3717 ᾉ
1705 3715 1716 3717 _
1767 3700 1780 3717 1
1817 3708 1914 3717 ,.,,
1991 3715 1999 3717 Α
2083 3708 2116 3717 κ.
2195 3709 2208 3717 .
2253 3711 2265 3717 -
2424 3705 2434 3714 -
2502 3707 2538 3717 ι.
2784 3715 2799 3717 ᾼ

526 3693 686 3755 atque
715 3688 963 3754 aliorum,
993 3695 1084 3762 qui
1113 3705 1235 3764 post
1268 3714 1389 3752 eum
1428 3697 1596 3762 fuere,
1631 3700 2007 3770 prophetarum
2036 3708 2357 3758 vetustatem
2386 3705 2734 3768 vindicaret.
2769 3688 3030 3782 Quinam
3063 3688 3281 3784 verovh'i

526 3791 625 3803 ..--
653 3778 758 3803 ..ἶ-ριι
850 3779 997 3803 9..-”-
1035 3785 1200 3803 2A.,uo
1246 3789 1276 3803 ι,
1466 3790 1480 3800 υ
1543 3789 1554 3800 ο
1713 3790 1783 3803 ..μ
1820 3791 1830 3802 ι
1905 3791 1916 3802 ι
2144 3793 2175 3803 η
2254 3793 2285 3803 η
2426 3795 2436 3803 .
2513 3796 2578 3803 .--

524 3791 626 3842 rae
653 3778 797 3844 sint,
848 3779 1002 3836 facile
1035 3785 1389 3857 intelligitur:
1427 3789 1680 3857 nimirum
1712 3790 1787 3842 illi
1818 3791 1940 3859 ipsi,
1969 3805 2104 3859 quos
2143 3793 2393 3861 Scaliger
2425 3795 2482 3848 in
2512 3778 2818 3860 Thesauro
2842 3778 3779 3901 temporum

535 3867 905 3901 Amclalnrlnm:
945 3886 1007 3901 η..
1069 3875 1203 3901 naso
1237 3895 1248 3901 -
1286 3878 1474 3901 ---2.._..
1508 3878 1559 3901 ε..
1593 3879 1732 3901 nn-.-
1765 3880 1934 3901 --....z-
1979 3880 2234 3901 ___.___:-
2281 3882 2292 3901 ε
2317 3883 2418 3901 ιηη
2465 3884 2478 3901 ι
2619 3888 2664 3901 πη
2783 3896 2795 3901 -
2826 3898 2856 3901 ,Α

528 3867 1030 3984 :tmstelodamian.
1059 3875 1204 3984 '1658
1237 3895 1249 3930 ε
1281 3878 1477 3947 quippe
1508 3878 1563 3930 in
1592 3879 1936 3947 illiusjoperis
1979 3880 2241 3948 prommio
2259 3882 2426 3984 'idem
2465 3884 2577 3940 hoc
2619 3888 2864 3952 Eusebii
2920 3867 3560 3984 p'rOposituvni-vlelg-ii-dt;

530 3959 744 4080 Ieﬂoris
793 3960 964 4027 gratia
1020 3966 1263 4032 pluscula
1315 3969 1421 4022 huc
1462 3969 1824 4030 transcribere
1868 3971 2073 4038 placet,
2134 3971 2227 4023 scd
2259 3971 2459 4028 Latine
2491 3984 2752 4049 tantum,
2791 3959 2938 4059 quia.
2989 3959 3777 4080 Hlieronj’movinternrée-f:

533 4066 550 4080 ι
634 4063 811 4080 niveam
869 4050 1037 4080 ἕνη-..ει
1094 4058 1264 4080 .-..-.a-
1314 4058 1541 4080 "4--....
1615 4060 1696 4080 ---ε
1734 4060 1937 4080 __:...__-
1993 4059 2220 4080 -.μ-ευ..-
2353 4079 2361 4080 ,
2418 4065 2432 4080 ι
2495 4075 2505 4080 -
3015 4061 3021 4067 ε

532 4066 550 4097 ι
582 4047 836 4118 Moysem,
869 4050 1061 4120 inquit,
1093 4058 1268 4124 gentis
1313 4058 1576 4122 Hebraeae,
1609 4060 1698 4128 qui
1734 4060 1941 4128 primus
1986 4059 2224 4113 omnium
2271 4065 2690 4132 prophetarum
2736 4047 2882 4136 ari-te
2915 4047 3775 4156 adventui;

525 4140 731 4251 divi‘npas
762 4141 902 4210 leges
936 4143 1131 4202 litteris
1159 4152 1462 4220 explicavit,
1489 4150 1664 4204 Inachi
1700 4151 1866 4205 fuisse
1897 4151 2225 4218 temporibus
2251 4158 2631 4222 eruditissimi
2660 4173 2772 4227 viri
2802 4140 3284 4248 tradideruntfe;

523 4237 576 4282 et
605 4229 909 4295 Africanus,
939 4240 992 4286 et
1021 4233 1309 4304 Tatianus;
1341 4256 1403 4294 ex
1429 4239 1625 4292 Judaeis
1655 4238 1917 4307 Iosephus
1961 4250 2012 4291 et
2045 4238 2254 4304 Justus,
2292 4251 2502 4307 veteris

525 4319 751 4374 Inachus
780 4323 1084 4392 quingentis
1122 4331 1277 4385 annis
1307 4331 1595 4398 Trojanum
1625 4331 1819 4384 bellum
1868 4330 2148 4384 antecedit.
2191 4333 2270 4388 Ex
2299 4339 2514 4400 ethnici

525 4409 700 4474 operis
723 4412 804 4464 sui
834 4413 987 4477 libro,
1012 4419 1154 4486 quod
1187 4421 1467 4475 adversum
1499 4437 1597 4474 nos
1633 4435 1788 4474 casso
1809 4421 1989 4474 labore
2021 4427 2321 4491 contexuit,
2348 4443 2482 4498 post
2515 4439 2650 4498 Mov

513 4495 662 4562 apud
701 4498 949 4567 Assyrios
979 4517 1041 4556 cr.
1082 4515 1204 4560 ante
1236 4507 1490 4560 Inachum
1520 4509 1758 4577 regnavit
1786 4523 1974 4562 annos.
2006 4508 2193 4579 Itaque
2245 4495 2409 4582 juxta
2467 4541 2499 4578 e

524 4583 728 4655 Moyses
757 4589 936 4643 senior
965 4594 1253 4651 invenitur.
1283 4597 1416 4652 Cum
1444 4598 1553 4651 haec
1579 4599 1652 4650 ita
1679 4614 1735 4654 se
1761 4601 2009 4664 habeant,
2031 4610 2406 4664 necessarium
2434 4615 2472 4668 d

524 4675 574 4728 id
598 4675 650 4728 in
675 4678 836 4745 priori
859 4681 995 4736 libro
1017 4688 1170 4754 quasi
1191 4687 1471 4757 quamdam
1502 4689 1778 4743 materiam
1811 4690 1990 4744 futuro
2020 4694 2169 4760 operi
2201 4700 2458 4759 omnium

521 4767 775 4832 datorum,
805 4769 1167 4842 Assyriorum,
1201 4778 1496 4842 Medorum,
1532 4778 1840 4846 Persarum,
1871 4782 2160 4852 Lydorum,
2211 4787 2488 4852 Hebrazor

523 4867 661 4920 rum,
693 4858 781 4925 qui
807 4869 988 4927 postea
1011 4864 1239 4923 Romani
1265 4869 1557 4939 nuncupati
1595 4879 1753 4938 sunt;
1784 4874 1834 4926 in
1859 4875 2102 4944 prmsenti
2135 4886 2317 4933 autem

526 4956 676 5005 nens,
708 4956 759 4998 et
793 4949 1122 5017 singularum
1157 4961 1394 5028 gentium
1446 4975 1615 5015 annos
1657 4963 2026 5028 dinumerans,
2061 4972 2117 5017 ut
2147 4969 2278 5034 quid

2531 4256 2802 4322 historiae
2851 4286 3208 4331 monumenta
3240 4282 3608 4350 replicantes.
3641 4291 3773 4344 Porro

2480 4623 2577 4730 nixi
2617 4636 2927 4696 veritatem
2953 4645 3268 4718 diligentius
3295 4623 3606 4730 persequi:
3645 4671 3692 4716 et
3717 4663 3770 4714 ob

2495 4726 2737 4818 regum_
2763 4732 2902 4786 mihi
2939 4743 3183 4808 tempora
3236 4726 3555 4812 prmnotavi
3585 4794 3600 4818 ,
3635 4754 3768 4809 Chal-

2496 4819 2621 4872 um,
2665 4814 3087 4909 @gyptiorum,
3110 4831 3484 4898 Macedonum
3506 4885 3521 4909 ,
3578 4814 3767 4901 Latino-

2330 4893 2540 5007 ,Nstjdo
2576 4905 2788 4963 eadem
2823 4923 3068 4988 tempora
3094 4932 3289 4980 contra
3322 4945 3388 4984 se
3437 4893 3662 4992 invicem
3685 4953 3764 5007 p0-

2337 4991 2710 5051 cozetaneum
2763 5007 2968 5077 cuique
3013 5012 3144 5080 fuit,
3204 5016 3283 5071 ita
3321 5026 3554 5082 curioso
3600 4991 3763 5083 ordine

2347 5083 2587 5180 aetatum
2627 5103 2820 5150 annos
2871 5101 3120 5168 inveniri,
3153 5107 3396 5180 plusque
3451 5119 3532 5171 vel
3575 5121 3757 5180 minus.

2352 5163 2388 5268 (ξ
2431 5177 2658 5269 potius,
2702 5194 2857 5257 quod
2889 5201 3346 5269 exemplariorum
3390 5213 3687 5266 multitudo.
3717 5212 3758 5261 in

2343 5269 2453 5370 ἷιθι
2493 5264 2700 5370 Inachi
2757 5291 3115 5358 temporibus,
3143 5307 3312 5360 quem
3353 5302 3590 5366 primum
3623 5302 3756 5370 Argis

2332 5362 2453 5448 ξιυο
2507 5359 2827 5429 duodecim
2873 5359 3176 5436 Judaiorum
3214 5359 3409 5443 tribus
3446 5359 3753 5448 Israelisivo-

2331 5443 2696 5551 E‘imforal_es
2756 5466 2928 5525 fuisse
2978 5471 3329 5530 manifestum
3372 5489 3480 5536 est.
3535 5483 3751 5551 Namque

524 5037 780 5098 coaptavi.
814 5037 994 5108 Neque
1024 5061 1110 5100 me
1139 5050 1273 5119 fugit
1313 5054 1365 5106 in
1394 5051 1626 5108 Hebrreis
1651 5057 1927 5112 codicibus
1970 5058 2315 5118 dissonantes

464 5141 467 5144 ·
526 5130 678 5220 prout
709 5125 1087 5220 interpretibus
1113 5142 1287 5197 visum
1331 5152 1432 5210 est,
1461 5148 1685 5202 lectitari
1713 5168 1727 5205 :
1764 5152 2197 5220 sequendumque
2249 5155 2345 5213 illu

524 5206 676 5319 ff?
711 5219 886 5319 ξτθχξί·
922 5221 1120 5282 verum
1152 5242 1422 5306 utcunque
1451 5240 1573 5308 quis
1603 5243 1744 5296 volet
1792 5252 2080 5313 computet,
2111 5253 2166 5297 et
2203 5263 2336 5319 repe

522 5308 768 5394 Γθξῐιίξεεθ
791 5305 955 5370 aiunt,
984 5321 1344 5380 patriarcham
1374 5327 1714 5385 Hebraeorum
1746 5333 1910 5390 fuisse
1942 5334 2183 5387 lsraelem
2219 5356 2232 5389 :

521 5383 781 5486 sabulum.
807 5397 1004 5486 sortitae
1030 5417 1198 5465 sunt:
1233 5413 1568 5472 Semiramim
1614 5431 1790 5477 autem
1829 5433 1879 5479 et
1921 5425 2182 5478 Abraham
2217 5444 2324 5486 Con

521 5467 745 5607 lMoyses,
765 5474 942 5540 junior
976 5484 1100 5542 licet
1131 5511 1291 5567 supra
1324 5504 1481 5560 dictis
1507 5509 1596 5571 sit,
1637 5467 2696 5600 tamen,vq:;:llg:;:lies
2756 5467 3329 5590 ίῖωδῗθηωθηπθειυω
3372 5489 3491 5581 es".
3535 5483 3749 5551 Namque

539 5557 768 5610 ιθηάιιυι·
795 5579 807 5611 ε
843 5562 1070 5626 Homero
1102 5587 1306 5640 Seilicat
1362 5601 1414 5640 ρι
1445 5595 1677 5640 ιιρςίηιιη
1763 5604 2095 5640 mundum...)
2128 5607 2270 5640 Imlln
2342 5633 2367 5640 -
2388 5637 2404 5640 _
2576 5637 2588 5640 -
2668 5565 3088 5628 anuqu'ss'mos
3115 5570 3337 5631 putam'
3375 5585 3560 5625 ⁵θ¹¹¹⁰τ
3583 5573 3749 5640 dcpm'

523 5557 807 5611 nendum:
843 5562 1070 5626 Homero
1102 5557 1306 5644 seiﬁc“
1362 5601 1414 5647 et
1445 5557 1703 5654 {$53!}:
1738 5557 2394 5674 ὦέ-ῐὲίιὲυυδ
2436 5557 2632 5600 urteci
2668 5561 3088 5628 antiquissimos
3115 5570 3337 5631 putant,
3375 5571 3560 5625 senior
3583 5573 3739 5640 depre.

523 5642 768 5710 Chirone,
789 5647 1014 5720 Orpheo,
1051 5663 1291 5722 casm”,-
1324 5680 1539 5722 pnnnm
1598 5624 1906 5722 reln‘uzi‘
1946 5696 1962 5722 1
1989 5697 2129 5722 "WA
2190 5652 2292 5722 “At
2341 5633 2436 5722 aC_
2465 5637 2660 5697 multo
2716 5655 2978 5721 superius
3010 5654 3259 5720 Hercule,
3301 5657 3504 5717 Musmo
3531 5704 3544 5722 ,
3595 5662 3739 5722 Lino,

1549 5750 1554 5756 ”
1801 5800 1803 5802 .
2489 5762 2506 5790 ν
2550 5749 2554 5752 ’
2593 5748 2670 5801 PO
2724 5741 2848 5811 ine,
2882 5747 3186 5819 ueterisque
3218 5747 3340 5804 diis
3374 5754 3640 5821 gentium,
3666 5764 3743 5808 sa-
