3926 6368
250 425 274 460 τ
289 406 395 460 Οεὶί
1273 403 1560 495 ΕῼΕΟὉίΕ
1594 399 1817 459 PROPR
1827 407 1832 455 l

1864 401 2062 456 ,TlCrE.
2105 430 2168 439 --
2207 399 2328 453 LIB.
2371 391 2444 452 Ι.’
3292 391 3424 451 Ιθῒᾶ

249 520 486 586 erisque
523 520 606 574 vel
631 522 860 587 vatibus,
893 523 1060 592 ipsius
1091 530 1302 590 quoque
1330 517 1474 572 Jovis
1503 517 1687 586 gestis,
1712 530 1868 582 quem
1901 512 2103 566 Graecia
2133 513 2195 565 in.
2212 527 2334 566 arce
2359 509 2672 579 {divinitatis
2697 511 2994 566 collocavit.
3024 509 3151 572 Hos,
3183 507 3424 578 Inquam,

248 622 478 674 omnes,
515 626 654 681 quos
679 616 1128 679 enumeravimus,
1158 613 1313 667 etiam
1344 619 1464 680 post
1489 610 1774 676 Cecropem
1826 605 2104 676 Diphyem,
2133 606 2360 674 primum
2400 604 2588 658 Atticae
2610 617 2805 671 regem,
2834 604 2996 659 fuisse
3019 603 3422 659 convincimus;

247 697 566 768 Cecropem
594 711 769 756 autem
800 718 1032 773 premens
1060 702 1282 758 historia
1317 698 1481 767 Moysi
1521 706 1844 750 comtaneum
1876 696 2152 757 ostendet,
2191 701 2244 748 et
2267 692 2576 747 antecedere
2598 691 2886 760 Trojanum
2914 693 3107 746 bellum
3141 690 3294 745 annis
3316 697 3425 745 tre-

247 788 449 840 centis
481 789 888 858 quinquaginta.
914 790 1064 855 Quod
1092 806 1158 844 ne
1185 789 1270 842 cui
1293 787 1509 840 dubium
1539 785 1797 846 videatur,
1822 783 2066 853 frequens
2103 783 2238 834 ratio
2259 782 2336 835 sic
2365 781 2628 850 probabit,
2666 801 2684 832 ›
2711 789 2814 835 etc.
2843 779 3106 838 Hactenus
3125 783 3419 847 Eusebius;

244 891 317 928 ex
350 878 564 945 quibus
595 880 935 933 manifestum
967 880 1160 942 evadit,
1190 877 1430 932 eumdem
1471 875 1616 927 illum
1647 883 1698 928 et
1729 875 1975 942 prommii
2015 874 2209 936 nostri,
2245 872 2451 940 Eclogis
2474 873 2774 940 propheticis
2809 871 3027 941 przelixi,
3053 880 3106 926 et
3130 871 3421 941 Χρονικῶν

249 968 556 1022 Κανόνων
587 979 856 1024 auctorem
894 986 1011 1024 esse
1035 989 1048 1024 :
1081 970 1217 1039 quod
1242 966 1554 1036 proemium
1583 980 1703 1019 cum
1733 980 1830 1034 pro
1858 965 2062 1034 Eclogis
2089 1006 2103 1029 ,
2153 973 2203 1018 et
2231 979 2336 1017 una
2374 965 2662 1033 eademque
2699 979 2878 1027 manu,
2901 978 3004 1031 qua
3032 965 3132 1018 illze
3161 967 3212 1018 in
3237 964 3420 1019 codice

244 1062 532 1130 scriptum
557 1064 650 1127 sit,
675 1081 781 1119 non
811 1065 1017 1129 dubito,
1049 1064 1176 1133 quin
1213 1064 1438 1116 lectores
1470 1060 1575 1113 mei
1603 1073 1708 1112 una
1733 1073 1941 1114 mecum
1969 1073 2066 1127 pro
2094 1072 2220 1111 vero
2249 1061 2626 1125 compertoque
2673 1055 2899 1108 habituri
2931 1055 3056 1117 sint,
3087 1055 3182 1109 has
3209 1072 3420 1126 quoque

245 1151 492 1221 Eclogas
528 1161 741 1208 nostras
789 1154 1023 1221 ejusdem
1074 1152 1284 1206 Eusebii
1314 1150 1570 1218 Pamphili
1606 1151 1889 1220 genuinum
1939 1164 2073 1217 opus
2104 1164 2242 1203 esse.
2283 1146 2449 1200 Porro
2477 1159 2650 1200 autem
2679 1145 3056 1216 κριτικώτατος
3089 1146 3321 1216 Scaliger
3363 1149 3417 1204 in

243 1241 534 1310 prommio
566 1243 630 1295 ad
663 1241 978 1296 Thesaurum
1007 1257 1159 1295 suum
1186 1239 1322 1294 ridet
1348 1237 1925 1310 Hieronymum,quod,
1952 1238 2143 1306 inquit,
2175 1237 2357 1290 Graeca
2393 1236 2606 1290 Eusebii
2637 1251 2740 1289 non
2770 1245 3045 1290 assecutus
3071 1277 3086 1301 ,
3135 1235 3416 1292 Eusebium

237 1329 648 1384 Chronicorum
679 1346 894 1386 suorum
938 1331 1193 1399 ἐπιτομήν
1225 1330 1612 1397 conscripsisse
1651 1329 1941 1382 arbitratus
1993 1329 2079 1380 sit.
2128 1325 2176 1380 ls
2211 1328 2357 1380 locus
2399 1327 2592 1396 legitur
2631 1327 2684 1379 in
2728 1328 2946 1396 prologo
2985 1326 3232 1392 Historia:
3259 1330 3419 1382 eccle-

236 1425 495 1479 siastica:
530 1424 748 1480 Eusebii
775 1444 788 1477 :
823 1424 957 1492 ’Ἤδη
990 1423 1085 1493 μὲν
1115 1418 1202 1475 οὖν
1225 1423 1422 1475 τούτων
1454 1423 1546 1474 καὶ
1577 1425 1851 1492 πρότερον,
1881 1424 1937 1474 ἐν
1962 1417 2040 1482 οἷς
2065 1419 2463 1489 διετυπώσαμεν
2499 1419 2796 1487 Χρονικοῖς
2823 1421 3110 1485 Κανόσιν,
3163 1423 3420 1494 ἐπιτομὴν

237 1519 726 1590 κατεστησάμηνο
782 1517 1145 1588 πληρεστάτην
1193 1516 1235 1567 δ’
1280 1511 1369 1569 οὖν
1406 1518 1549 1586 ὅμως
1596 1515 1770 1568 αὐτῶν
1821 1516 1910 1566 ἐπὶ
1966 1514 2056 1566 τοῦ
2107 1514 2362 1583 παρόντος
2415 1512 2669 1582 ὡρμήθην
2705 1513 2799 1582 τὴν
2831 1513 3099 1582 ἀφήγησιν
3135 1515 3416 1570 ποιεῖσθαι.

233 1615 377 1673 Qum
418 1608 656 1664 Bullinus
682 1608 866 1663 Latine
894 1609 1153 1662 convertit
1177 1609 1254 1662 sic
1285 1627 1297 1661 :
1335 1609 1576 1673 Quamvis
1600 1607 1712 1674 jam
1735 1606 1796 1660 de
1825 1609 1902 1660 his
1935 1606 2056 1673 ipsis
2089 1603 2335 1657 nonnulla
2357 1604 2511 1656 etiam
2534 1605 2585 1655 in
2611 1603 2888 1656 Chronicis
2915 1603 2988 1670 (id
3015 1611 3088 1656 est
3114 1603 3166 1655 in
3191 1620 3248 1656 eo
3273 1621 3420 1672 opere

233 1699 385 1768 quod
419 1699 490 1754 de
522 1709 803 1768 temporum
854 1701 1049 1751 ratione
1072 1699 1501 1767 conscripsimus)
1532 1699 1746 1751 breviter
1786 1699 2132 1765 succincteque
2177 1695 2590 1761 perstrinxerim,
2637 1692 2833 1760 plenius
2877 1702 3043 1746 tamen
3085 1695 3137 1746 in
3178 1698 3418 1762 prazsenti

234 1804 396 1854 apere
432 1790 762 1858 singulorum
794 1790 1138 1841 narrationem
1170 1790 1367 1857 aperire
1405 1787 1733 1840 tentabimus.
1761 1789 1838 1840 Ad
1867 1803 1983 1856 qua:
2018 1786 2292 1853 Scaliger:
2331 1803 2349 1834 ι
2391 1783 2583 1845 Recte,
2620 1783 2810 1852 inquit,
2846 1781 3070 1837 Ruﬁnus
3102 1804 3113 1836 :
3148 1785 3250 1838 nisi
3274 1787 3415 1853 quod

233 1878 329 1929 ἐπὶ
372 1876 480 1930 τοῦ
525 1879 783 1948 παρόντος
814 1879 1121 1931 vertendum
1147 1886 1259 1931 erat
1285 1878 1770 1947 imprwsentiarum,
1809 1878 1886 1930 vel
1921 1892 2071 1928 nunc.
2112 1895 2128 1926 ι
2165 1874 2284 1926 Haec
2314 1874 2439 1926 ille:
2473 1879 2526 1925 at
2545 1887 2660 1926 mea
2679 1874 2890 1938 quidem
2914 1875 3196 1937 sententia,
3218 1875 3415 1929 rectius

233 1966 436 2020 Graeca
475 1965 693 2021 Eusebii
731 1975 1006 2021 assecutus
1031 1977 1112 2022 est
1146 1967 1529 2039 Hieronymus,
1575 1983 1732 2036 quam
1788 1968 1868 2020 vel
1915 1966 2167 2029 Ruﬁnus,
2212 1966 2292 2017 vel
2331 1967 2358 2016 ὁ
2396 1966 2532 2016 πάνυ
2573 1964 2847 2033 Scaliger:
2899 1981 3020 2018 nam
3055 1965 3106 2018 in
3159 1968 3414 2033 prommio

236 2064 444 2110 nostro
475 2057 624 2110 clare
656 2057 960 2124 diserteque
993 2058 1064 2108 ait
1094 2056 1352 2111 Eusebius
1376 2099 1390 2121 ,
1449 2056 1769 2124 Χρονικοὺς
1815 2073 1832 2106 c

1864 2055 2159 2118 δντὰξαντες
2197 2055 2456 2117 Κανόνας
2481 2093 2494 2114 ,
2536 2055 2793 2123 ἐπιτομήν
2828 2071 2886 2106 τε
2922 2055 3124 2116 τούτοις
3161 2054 3415 2109 παντοδα-

233 2146 346 2215 πῆς
382 2144 632 2213 ἱστορίας
681 2145 936 2215 Ἑλλήνων
969 2163 1027 2197 τε
1065 2147 1155 2198 καὶ
1200 2147 1481 2218 βαρϐάρων
1509 2147 1832 2217 ἀντιπαραθέ

1867 2163 1974 2208 τες,
2019 2164 2072 2200 κ.
2111 2163 2159 2196 τ.
2191 2145 2263 2204 λ.,
2299 2161 2356 2199 se
2394 2143 2671 2198 Claronicos
2699 2145 2932 2199 Canones
2959 2147 3274 2214 scripsisse,
3305 2150 3412 2202 eis-

233 2237 486 2306 demque
516 2237 893 2305 compendium
943 2237 1100 2291 varia:
1157 2238 1392 2292 historia:
1439 2245 1544 2290 tam
1599 2238 1900 2292 Graecorum
1933 2253 2090 2306 quam
2135 2244 2188 2289 et
2217 2236 2441 2288 aliarum
2475 2235 2708 2304 gentium
2742 2251 2806 2289 ex
2840 2235 3060 2288 adverso
3113 2236 3354 2304 posuisse
3393 2255 3409 2290 :

235 2331 411 2380 trium
452 2327 602 2380 enim
638 2329 724 2381 hic
761 2328 1091 2382 diversorum
1129 2343 1349 2396 operum
1378 2343 1593 2382 suorum
1625 2329 1832 2383 memini

1892 2329 2152 2382 Eusebius
2185 2346 2196 2380 :
2236 2325 2415 2396 primi,
2449 2326 2835 2392 Παντοδαπῆς
2865 2327 3124 2394 ἱστορίας
3146 2342 3160 2355 ο
3192 2327 3410 2381 alterius

235 2418 560 2486 Χρονικῶν
586 2422 865 2473 Κανόνων
887 2437 900 2450 ’
940 2422 1101 2483 tertii,
1149 2421 1456 2490 Ἐπιτομῆς
1475 2413 1832 2489 παντοδαπῆς

1880 2425 2156 2490 ἱστορίας.
2188 2423 2420 2479 Primum
2453 2423 2733 2492 separatim
2762 2421 2928 2474 edidit
2967 2421 3224 2477 Eusebius
3244 2463 3257 2485 ,
3305 2423 3411 2476 duo

237 2509 454 2577 reliqua
488 2508 844 2574 conjunctim,
871 2517 928 2560 ut
953 2509 1036 2563 vel
1065 2509 1222 2563 hodie
1254 2511 1426 2564 solent
1458 2512 1662 2579 vulgari
1698 2530 1709 2563 :
1751 2527 1908 2579 quam
1942 2511 2100 2565 etiam
2130 2512 2198 2565 ob
2226 2527 2441 2568 causam
2476 2510 2820 2566 emendandae
2849 2511 2976 2563 mihi
3007 2512 3256 2564 videntur
3298 2511 3411 2580 epi-

232 2599 464 2666 graphaz
493 2610 524 2648 a
563 2594 836 2665 Sealigero
865 2597 1037 2664 editae,
1071 2612 1132 2651 ac
1170 2599 1397 2668 primum
1432 2600 1644 2667 quidem
1683 2599 1897 2654 Eusebii
1927 2616 2062 2670 opus
2087 2601 2320 2668 titulum,
2352 2612 2410 2656 ut
2443 2603 2670 2664 videtur,
2703 2599 2840 2654 ferre
2877 2601 3128 2668 deberet,
3185 2603 3407 2654 Harto-

233 2685 442 2753 δαπῆς
479 2686 752 2752 ἱστορίας
788 2686 994 2756 (cujus,
1055 2695 1146 2740 aut
1192 2689 1478 2756 persimilis
1523 2689 1836 2758 epigraplies
1872 2691 2071 2745 Gellius
2116 2707 2326 2762 quoque
2370 2693 2607 2746 meminit
2654 2693 2705 2744 in
2754 2691 3060 2759 praefatione
3113 2693 3176 2746 ad
3219 2693 3406 2748 Noctes

235 2776 500 2843 Atticas.)
527 2784 644 2838 aut,
680 2784 735 2829 ut
767 2777 820 2829 iu
872 2779 1158 2847 exemplari
1193 2794 1289 2832 suo
1320 2781 1445 2850 legit
1486 2780 1832 2850 I'lierOnymus

1864 2824 1866 2838 ι
1902 2783 2188 2835 Εὐσεϐιόυ
2226 2782 2328 2836 τοῦ
2362 2784 2666 2851 Παμφίλου
2711 2783 3128 2850 Χρονογραςρία.
3169 2784 3406 2837 Altertrn

233 2883 397 2932 vero,
439 2865 716 2933 Χρονικοὶ
739 2869 995 2933 Κανόνες
1031 2869 1149 2922 σὺν
1175 2870 1421 2938 ἐπιτομῇ
1462 2872 1832 2940 παντοδαπῆς

1868 2874 2144 2941 ἱστορίας.
2189 2873 2292 2928 Sed
2331 2875 2442 2929 haec
2471 2874 2546 2927 illi
2573 2873 2905 2929 discutienda
2936 2875 3278 2945 relinquimus
3313 2875 3404 2944 qui

231 2969 299 3008 au
331 2955 551 3011 edenda
585 2955 802 3010 Eusebii
838 2973 996 3026 opera
1030 2961 1264 3012 animum
1299 2961 1579 3029 appulerit.

1014 3320 1179 3432 EC
1200 3319 1598 3433 LOGfE
1675 3317 2642 3431 PROPHETIC/E.

1375 3553 1724 3639 LIBER
1793 3549 2266 3641 PRIMUS.

224 3946 289 4013 (τ,
315 3947 365 4013 1)
384 3944 552 4012 λόγου
579 3959 638 3994 τε
657 3943 750 3994 καὶ
773 3941 883 4010 βίου
906 3941 1280 4006 διεξοδευθεῖσα
1300 3943 1394 4006 τὰς
1413 3946 1534 4014 περὶ
1553 3943 1640 3995 τοῦ
1672 3945 1773 3994 Κυ.

227 4073 238 4105 ι
268 4038 346 4090 ζου
377 4035 473 4089 καὶ
509 4033 762 4102 Σωτῆρος
801 4033 956 4102 ἡμῶν
999 4032 1165 4101 Ἰησοῦ
1198 4033 1424 4102 Χριστοῦ
1458 4033 1768 4104 μαρτυρίας,

222 4125 292 4176 δι’
318 4124 569 4194 ἐναργῶν
594 4123 686 4175 καὶ
709 4121 929 4184 πιστῶν,
948 4121 1037 4172 καὶ
1052 4122 1256 4191 ἀληθῶν
1275 4121 1585 4185 ἀποδείξεών
1603 4139 1657 4174 τε
1682 4124 1772 4174 καὶ

224 4212 610 4283 συλλογισμῶν
644 4211 940 4276 ἐπιστοῦτο,
972 4210 1242 4281 βραχείαις
1285 4213 1472 4281 κομιδῇ
1517 4216 1630 4274 ταῖς
1669 4212 1772 4264 ἀπὸ

221 4305 334 4355 τῶν
358 4303 519 4375 παρά
540 4319 600 4354 τε
616 4301 881 4363 Ἰουδαίοις
908 4301 998 4354 καὶ
1022 4305 1147 4372 ἡμῖν
1168 4302 1598 4372 πεπιστευμένων
1619 4301 1770 4354 θείων

222 4393 462 4463 Γραφῶν
506 4391 604 4444 ἐπὶ
636 4391 775 4443 τέλει
807 4393 1113 4461 χρησαμένη
1164 4393 1510 4462 μαρτυρίαις’
1547 4393 1662 4444 ἐπεὶ
1700 4393 1770 4467 μὴ

219 4483 278 4534 δὲ
314 4483 476 4546 ἄλλος
519 4481 642 4551 ᾔρει
675 4481 827 4549 λόγος
856 4483 965 4544 τοῖς
1007 4481 1083 4532 ἔτι
1108 4484 1278 4550 πάντη
1306 4487 1418 4546 ταῖς
1452 4482 1617 4544 θείαις
1649 4484 1771 4535 ἀπι-

224 4571 450 4623 στοῦσιν
496 4571 738 4639 Γραφαῖς
789 4567 1022 4637 δαψιλεῖς
1068 4569 1124 4635 ἐξ
1169 4571 1338 4624 αὐτῶν
1391 4572 1770 4644 παρατίθεσθαι

219 4662 324 4724 τὰς
380 4660 699 4720 συστάσεις.
745 4659 824 4711 Τά
866 4675 927 4726 γε
967 4659 1069 4729 μὴν
1107 4661 1162 4710 ἐν
1199 4663 1375 4729 χερσὶν
1416 4667 1522 4726 τοῖς
1568 4665 1630 4715 ἐκ
1677 4663 1772 4731 τῆς

220 4751 457 4804 ἐκείνων
499 4748 822 4818 ἀποδείξεως
852 4742 936 4799 οἷα
965 4747 1027 4818 δὴ
1074 4747 1239 4810 θείαις
1267 4749 1363 4820 ἤδη
1398 4753 1487 4802 καὶ
1523 4752 1769 4805 θεοπνεύ-

221 4858 372 4906 στοις
424 4839 706 4894 πιστεύειν
755 4837 1021 4905 ὀφείλουσι
1063 4839 1177 4900 ταῖς
1223 4839 1387 4908 ἱεραῖς
1435 4833 1666 4909 Γραφαῖς
1713 4843 1770 4894 τὸ

217 4927 409 4982 λεῖπον
434 4927 673 4988 ἐκείναις
693 4923 1098 4993 ἀποπληροῦντα
1118 4925 1430 4996 ἐπεπόνητο,
1453 4928 1769 5000 Συναγωγὴν

1871 3941 2127 3995 Sermone
2173 3952 2225 3998 et
2253 3945 2359 3997 vita
2404 3953 2652 4000 accurate
2695 3945 2936 4002 discussa
2971 3945 3036 4000 de
3084 3946 3306 4004 Domino
3341 3959 3396 4007 et

1871 4033 2145 4087 Salvatore
2175 4043 2360 4088 nostro
2398 4032 2522 4088 Jesu
2554 4036 2766 4091 Christo
2799 4038 3128 4104 testimonia,
3169 4055 3261 4110 per
3293 4040 3398 4096 cla-

1872 4139 1977 4184 ras,
2021 4122 2308 4192 ﬁdelesque
2352 4131 2404 4177 et
2441 4139 2593 4178 veras
2625 4125 3109 4180 demonstrationes
3136 4135 3189 4180 et
3232 4130 3395 4182 ratio-

1869 4214 2166 4268 cinationes
2204 4214 2638 4278 conﬁrmabatur,
2659 4215 2906 4269 brevibus
2921 4214 3199 4285 diligenter
3253 4215 3396 4271 Scri-

1870 4316 2142 4376 pturarum
2172 4307 2493 4369 divinarum,
2516 4322 2633 4375 qua:
2657 4307 2793 4377 apud
2823 4305 3033 4362 Judteos
3064 4317 3114 4361 et
3138 4305 3275 4376 apud
3296 4323 3395 4364 nos

1870 4396 2180 4459 creduntur,
2227 4403 2494 4466 postremo
2546 4411 2640 4450 usa
2691 4397 3041 4463 testimoniis;
3104 4411 3222 4450 cum
3277 4400 3395 4468 qui-

1870 4486 1988 4540 dem
2024 4501 2129 4539 non
2160 4487 2260 4540 alia
2315 4496 2457 4540 esset
2498 4487 2655 4548 ratio,
2714 4485 3013 4540 divinarum
3060 4487 3233 4542 adhuc
3281 4504 3395 4542 om-

1871 4577 1999 4628 nino
2031 4573 2425 4644 Scripturarum
2467 4574 2756 4630 incredulis
2791 4576 2990 4644 largam
3036 4591 3097 4631 ex
3133 4578 3199 4632 iis
3229 4583 3395 4631 mate-

1869 4665 2002 4718 riam
2027 4663 2030 4665 Α
2059 4665 2384 4719 conferendi.
2442 4665 2570 4732 Quae
2628 4666 2788 4734 igitur
2833 4666 2886 4718 in
2917 4680 3077 4718 manu
3109 4675 3286 4730 erant,
3327 4665 3392 4719 iis

1869 4754 1957 4824 qui
2016 4762 2232 4822 propter
2297 4755 2484 4808 borum
2550 4755 3052 4808 demonstrationem
3124 4755 3207 4807 vel
3257 4754 3393 4809 divi-

1869 4844 1974 4906 nis,
2029 4844 2112 4896 vel
2158 4844 2413 4898 divinitus
2465 4844 2656 4897 amatis
2699 4843 2915 4897 credere
2957 4843 3147 4898 debent
3191 4846 3391 4901 sanctis

1871 4932 2182 5000 Seripturis,
2213 4947 2330 5001 quae
2361 4933 2466 4986 illis
2509 4932 2703 4987 desunt
2741 4933 3082 5001 complentia,
3121 4935 3392 4992 elaborata

218 5019 558 5086 περιέχοντα
589 5011 889 5090 ’συλλήϐδην
963 5047 977 5062 .
1055 5049 1067 5061 .
1145 5049 1161 5064 .
1236 5049 1253 5066 .
1331 5053 1344 5066 .
1423 5053 1436 5065 .
1510 5016 1768 5086 περὶτοῦ

1869 5028 2038 5084 erant,
2066 5019 2396 5091 Synagogam
2429 5037 2535 5075 uno
2572 5022 2736 5075 verbo
2779 5023 3276 5091 comprehendentia
3317 5069 3330 5082 .
3376 5071 3388 5084 .

218 5106 434 5176 Κυρίου
468 5106 574 5180 καὶ
605 5102 852 5172 Σωτῆρος
898 5101 1046 5169 ἡμῶν
1085 5103 1250 5172 Ἰησοῦ
1292 5104 1519 5179 Χριστοῦ
1565 5123 1769 5176 προφη-

1873 5151 1886 5164 .
1931 5128 1944 5164 ;
1988 5149 2001 5162 .
2046 5151 2060 5164 .
2104 5153 2116 5166 .
2162 5152 2174 5165 .
2221 5149 2234 5162 .
2279 5150 2292 5162 .
2339 5153 2352 5166 .
2397 5149 2410 5163 .
2453 5152 2466 5164 .
2507 5110 2572 5163 de
2596 5109 2821 5164 Domino
2844 5119 2896 5165 et
2921 5112 3392 5171 Salvatorenostro

214 5188 750 5257 τείαν,ἂςάπὸπ.
830 5229 842 5241 .
919 5226 934 5240 .
1012 5230 1024 5240 .
1102 5229 1113 5240 .
1185 5206 1216 5240 τ
1291 5232 1303 5243 .
1380 5209 1410 5243 σ
1483 5231 1498 5245 .
1572 5194 1832 5266 παλαιὰι]

1867 5197 1989 5252 Jesu
2021 5198 2236 5255 Christo
2277 5200 2624 5269 prophetiam,
2668 5214 2803 5267 quas
2844 5215 2874 5253 a
2915 5243 2928 5256 .
2971 5244 2984 5257 .
3029 5242 3041 5255 .
3087 5245 3100 5258 .
3144 5245 3158 5259 .
3202 5248 3215 5260 .
3259 5249 3271 5260 .
3315 5246 3329 5260 .
3373 5249 3387 5261 .

219 5283 505 5352 Διαθήκης
535 5281 624 5346 ὑφ’
653 5279 709 5330 ἒν
743 5283 1058 5346 συναγαγεῖν
1085 5281 1252 5344 ἔδοξεν
1273 5301 1286 5313 ο
1313 5284 1340 5335 δ
1381 5323 1393 5335 .
1473 5326 1484 5338 .
1563 5329 1575 5340 .
1656 5328 1669 5340 .
1749 5329 1763 5341 .

1871 5327 1886 5341 .
1932 5328 1944 5340 .
1991 5330 2002 5341 .
2048 5330 2062 5342 .
2103 5300 2280 5344 vetera
2319 5289 2639 5345 Testamenti
2673 5290 2726 5342 iu
2762 5307 2924 5346 unum
2965 5297 3281 5353 contrahere
3314 5298 3390 5354 vi-

216 5387 410 5439 τερον·
445 5369 527 5436 πῆ
557 5369 614 5419 δὲ
646 5369 736 5420 καὶ
757 5369 821 5420 δι’
855 5369 1106 5421 ὑπονοιῶν
1140 5372 1208 5423 τὰ
1235 5375 1358 5444 περὶ
1389 5376 1545 5428 αὐτοῦ
1576 5395 1763 5450 προειρ

1864 5395 1979 5433 sum
2008 5389 2124 5447 est;
2167 5420 2180 5432 .
2224 5421 2242 5436 .
2284 5421 2296 5433 .
2343 5423 2354 5434 .
2400 5421 2415 5435 .
2461 5425 2473 5436 .
2519 5426 2532 5435 .
2575 5423 2588 5436 .
2631 5387 2914 5458 allegorice
2952 5387 3017 5443 de
3049 5391 3138 5442 illo
3161 5406 3267 5459 pra:
3307 5431 3320 5443 .
3368 5435 3384 5447 .

520 5495 536 5510 .
611 5474 667 5508 ον
691 5457 847 5521 αὑτὸν
877 5459 967 5509 καὶ
995 5459 1086 5521 τὰς
1113 5463 1228 5512 κατ’
1259 5464 1416 5515 αὑτὸν
1443 5468 1758 5536 οἰκονομίας.

1867 5511 1878 5521 .
1923 5510 1934 5521 .
1979 5509 1993 5524 .
2037 5510 2048 5520 .
2096 5513 2108 5524 .
2151 5509 2165 5523 .
2212 5514 2224 5526 .
2257 5514 2269 5526 .
2303 5488 2421 5526 cum
2446 5481 2842 5546 atquepereum
2860 5480 3386 5548 dispositiones.Nen

218 5547 361 5614 Οὐχὶ
399 5546 455 5596 δὲ
482 5545 578 5595 καὶ
620 5546 703 5594 εἰσ
778 5583 790 5594 .
869 5582 880 5593 .
960 5583 972 5595 .
1049 5585 1060 5596 .
1137 5549 1331 5620 μόζομε
1363 5553 1397 5606 ἆ
1424 5553 1591 5622 πέρας
1623 5555 1762 5625 εἱλη-

1864 5570 2037 5614 autem
2059 5563 2187 5615 etin
2230 5605 2242 5617 .
2287 5603 2300 5616 .
2347 5603 2359 5616 .
2399 5607 2412 5618 .
2456 5605 2468 5618 .
2513 5607 2526 5620 .
2567 5582 2684 5635 qua:
2704 5571 2970 5638 accepisse
2991 5582 3187 5625 exitum
3208 5582 3358 5626 esten

215 5635 362 5699 φὸτα
387 5633 682 5684 δείκνυται.
729 5631 836 5691 Τὰς
860 5631 1143 5686 δὲτοιαῦται
1196 5677 1208 5688 .
1289 5680 1300 5691 .
1381 5680 1394 5692 .
1473 5685 1483 5695 .
1563 5684 1574 5695 .
1656 5686 1668 5697 .
1749 5687 1759 5699 .

1864 5653 2076 5707 duntur.
2103 5652 2249 5706 Talia
2281 5671 2404 5708 vero
2444 5693 2457 5706 .
2504 5697 2517 5709 .
2562 5695 2574 5708 .
2622 5698 2634 5716 ,
2673 5695 2688 5710 .
2734 5701 2746 5713 .
2792 5698 2805 5711 .
2851 5701 2862 5713 .
2908 5700 2921 5714 .
2967 5702 2978 5714 .
3019 5701 3030 5711 .
3070 5660 3377 5729 dirigentes.
3423 5671 3426 5677 '

218 5759 236 5788 ε
321 5761 335 5773 .
415 5719 688 5788 ἀρχούσας
711 5735 722 5746 ⁸
768 5720 856 5780 καὶ
887 5723 1146 5794 σποράδην
1184 5730 1243 5780 οὐ
1282 5731 1432 5799 μόνον
1473 5737 1760 5808 πρηφητεία

1863 5751 2018 5823 atque
2050 5743 2151 5798 huc
2195 5750 2245 5799 et
2288 5744 2410 5798 illuc
2453 5762 2556 5800 non
2590 5754 2789 5804 tantum
2821 5750 3094 5818 prophetia
3140 5784 3151 5804 ,
3191 5787 3205 5804 .
3247 5787 3256 5797 .
3305 5784 3319 5796 .
3356 5781 3373 5796 .
