3926 6396
480 413 616 470 1023
1094 411 1356 468 EUSEBll
1394 406 1874 467 CESARIENSIS
1923 405 2056 467 ΝΡ.
2096 402 2269 460 PARS
2303 402 2390 460 ιιι.
2427 433 2497 446 -—
2534 401 2998 461 EXEGETICA.
3709 391 3842 444 401$

479 568 499 589 .
541 571 557 588 .
598 570 615 585 .
657 571 670 585 .
701 529 730 585 ’.
772 570 784 583 .
822 546 940 600 qua:
968 531 1020 584 in
1055 530 1296 586 historiis
1333 530 1699 584 continentur.
1728 525 1845 580 Non
1881 540 2014 596 pau-

2297 563 2315 578 .,
2389 564 2402 576 .
2464 540 2600 578 ουσα
2644 563 2659 578 .
2745 561 2764 578 .
2807 519 3129 591 ἱστορίαις
3172 508 3717 580 ἐναποκειμένας·
3748 510 3841 562 οὐκ

480 621 559 677 cis
595 662 610 676 .
653 661 666 673 .
706 662 718 675 .
761 659 776 674 .
813 662 828 675 .
871 662 884 676 .
925 663 938 676 .
978 631 1094 676 acta
1137 621 1251 676 fore
1299 621 1494 684 utiles;
1522 633 1645 672 cum
1690 632 1798 670 non
1835 615 2016 682 facile,

2290 631 2302 677 ;
2378 653 2391 666 .
2469 654 2482 669 .
2561 654 2578 667 .
2662 613 2914 684 αχθείσα
2950 605 3229 662 ἔσεσθαι
3288 602 3686 673 χρησίμουςο
3725 600 3840 653 ἐπεὶ

477 712 572 768 sed
610 710 763 779 quasi
805 725 871 766 ex
912 747 929 764 .
970 749 986 764 .
1027 748 1043 764 .
1086 752 1100 766 .
1142 752 1156 765 .
1201 751 1215 764 .
1260 750 1274 762 .
1320 750 1334 764 .
1379 707 1780 776 Scripturarum
1833 719 2013 759 coram

2288 706 2391 758 διον
2414 705 2526 757 ἀλλ’
2559 705 2637 767 ὡς
2664 706 2733 756 ἐκ
2765 703 2877 773 τῆς
2966 739 2984 754 .
3079 737 3111 754 .,
3199 693 3412 763 τάδην
3443 690 3573 744 τῶν
3609 689 3838 763 Γραφῶν

476 799 725 855 Omnibus
770 800 1098 854 recitationis
1140 813 1328 853 omnes
1375 798 1656 871 subiacere
1686 797 1743 852 in
1777 810 1839 851 os
1871 805 1925 850 et
1961 797 2014 850 in

475 888 786 942 memoriam
815 887 955 943 ferre
983 889 1304 943 volentibus.

548 975 834 1032 Sciendum
881 988 964 1034 est
1009 995 1128 1042 nos,
1167 980 1478 1048 priusquam
1533 977 1634 1032 hoc
1677 977 2013 1047 propositum

476 1068 910 1137 aggrederemur,
939 1068 1218 1123 Chronicos
1241 1068 1476 1124 Conone:
1498 1069 1806 1139 scripsisse,
1826 1067 2015 1136 eisque

478 1158 852 1226 compendium
887 1159 1048 1214 varia:
1089 1159 1330 1213 historiae
1359 1168 1464 1212 tam
1507 1156 1818 1212 Graecorum
1851 1171 2011 1226 quam

477 1256 529 1302 et
549 1247 775 1300 aliarum
805 1249 1044 1318 gentium
1071 1264 1135 1302 ex
1170 1249 1394 1304 adverso
1419 1248 1684 1317 posuisse,
1714 1247 1780 1299 ad
1813 1246 2013 1316 Moysis

479 1343 636 1405 atque
681 1338 928 1400 aliorum,
976 1338 1067 1407 qui
1098 1347 1216 1407 post
1261 1354 1381 1393 eum
1425 1338 1591 1405 fuere,
1626 1339 2011 1406 pr0phetarum

479 1434 792 1480 vetustatem
836 1428 1230 1482 vindicandam.
1263 1429 1356 1484 His
1386 1430 1539 1498 quasi
1583 1429 2012 1497 supplementum

476 1532 593 1586 quze
621 1518 776 1572 nobis
808 1519 861 1572 in
881 1534 1040 1572 manu
1064 1530 1218 1574 erant
1247 1522 1442 1590 passim
1474 1521 1804 1589 colligentes,
1829 1519 2014 1587 priore

477 1606 722 1660 absoluto
764 1607 829 1659 ad
880 1622 1114 1676 praesens
1162 1623 1295 1678 opus
1339 1624 1516 1662 rerum
1556 1620 1746 1661 natura
1791 1606 2010 1660 adducti

477 1711 682 1751 sumus.
715 1695 866 1760 Quod
909 1698 1031 1767 quis
1078 1699 1182 1754 cite
1223 1699 1478 1767 sapientis
1506 1697 1620 1767 apis
1651 1698 1882 1750 naturali
1921 1698 2008 1750 iu-

475 1785 693 1840 dustriae
732 1789 1138 1855 comparaverit,
1185 1789 1250 1841 ad
1281 1803 1438 1856 quam
1485 1802 1583 1841 uos
1631 1786 1854 1840 remittit
1915 1802 2014 1840 sa-

2113 793 2556 864 συναναγνώσεως
2577 795 2682 858 τὰς
2705 794 2902 856 πάσας
2927 789 3342 845 ὑποπίπτειν
3368 786 3508 845 τοῖς
3533 781 3652 837 ἀνὰ
3674 781 3840 853 στόμα

2113 887 2203 939 καὶ
2233 886 2318 939 διὰ
2346 887 2563 957 μνήμης
2593 886 2794 956 φέρειν
2831 884 3029 947 αὑτὰς
3060 878 3531 953 βουλομένοις-

2193 975 2383 1029 Ἰστέον
2413 975 2459 1027 δ’
2487 974 2564 1038 ὼς
2599 975 2712 1046 πρὸ
2747 975 2854 1045 τῆς
2899 971 3253 1043 παρούσης
3295 965 3667 1026 ὑποθέσεως
3706 965 3837 1030 Χρο-

2112 1065 2312 1132 νικοὺς
2351 1067 2713 1129 συντάξαντες
2757 1065 3096 1129 Κανόνας,
3141 1058 3485 1127 ἐπιτομήν
3519 1071 3591 1107 τε
3636 1052 3835 1117 τούτοις

2113 1154 2444 1225 παντοδαπῆς
2472 1155 2719 1225 ἱστορίας
2768 1153 3070 1223 Ἑλλήνων
3110 1167 3191 1202 τε
3234 1147 3356 1202 καὶ
3401 1144 3732 1216 βαρϐάρων
3756 1143 3835 1198 ἀι-

2112 1242 2516 1314 τιπαραθέντες,
2544 1243 2648 1313 τὴν
2681 1241 2992 1302 Μωῦσέως
3026 1239 3148 1291 καὶ
3182 1236 3326 1288 τῶν
3369 1235 3443 1300 ἐξ
3495 1231 3684 1285 αὑτοῦ
3717 1248 3820 1304 προ

2115 1333 2293 1402 φητῶν
2325 1332 2657 1404 ἀρχαιότητα
2686 1332 2755 1386 δι’
2787 1329 2991 1386 αὐτῶν
3020 1327 3598 1399 παρεστήσαμεν·
3639 1321 3725 1386 οἷς
3749 1325 3831 1394 τὴν

2117 1421 2247 1492 μετά
2289 1425 2471 1494 χεῖρας
2514 1422 2802 1492 σποράδην
2858 1416 3221 1473 ἀκόλουθον
3283 1411 3828 1483 ὑπολαμϐάνοντες,

2112 1512 2330 1574 εἰκότως
2373 1513 2488 1581 μετ’
2515 1510 2736 1582 ἐκείνην
2771 1509 2873 1561 ἐπὶ
2914 1506 3030 1577 τὴν
3060 1503 3430 1574 παροῦσαν
3485 1501 3828 1572 ἐληλύθαμεν

2113 1603 2479 1672 πραγματείαν
2500 1619 2515 1633 ο
2544 1604 2612 1671 ἣν
2633 1602 2730 1655 καὶ
2753 1601 3098 1672 χαριέντως
3137 1601 3226 1653 ἄν
3261 1615 3370 1659 τις
3399 1596 3497 1667 τῷ
3526 1595 3643 1664 τῆς
3673 1594 3826 1664 σοφῆς

2115 1692 2358 1761 μελίττης
2384 1692 2736 1745 ἀπεικάσειεν
2778 1691 3019 1762 φυσικῷ
3060 1690 3570 1759 σπουδάσματι,
3606 1687 3744 1757 πρὸς
3769 1685 3824 1757 ἢν

2112 1782 2439 1852 ἀναπέμπων
2471 1783 2621 1852 ἡμᾶς
2662 1784 2692 1834 ό
2734 1784 2798 1835 ἐν
2827 1783 3237 1852 Παροιμίαις
3297 1780 3480 1857 ἱερὸς
3530 1779 3699 1845 λόγος
3730 1795 3823 1848 qr...

472 1890 564 1929 cer
599 1891 776 1930 sermo
823 1877 878 1929 in
919 1875 1223 1932 Proverbiis
1268 1877 1452 1932 dicens
1480 1896 1492 1930 :
1523 1895 1540 1926 ι
1571 1875 1714 1930 Vade
1735 1877 1800 1930 ad
1822 1892 2002 1945 apem,

2267 1893 2273 1925 l
2317 1875 2385 1926 "H
2409 1872 2702 1944 πορεύθητι
2733 1873 2878 1943 πρὸς
2913 1874 3033 1944 τὴν
3069 1873 3429 1944 μέλιτταν,
3466 1871 3579 1924 καὶ
3610 1869 3694 1922 ίδε
3720 1868 3817 1932 πῶς

472 1972 526 2019 et
549 1963 666 2020 vide
686 1981 844 2036 quam
871 1981 1097 2036 Operosa
1123 1968 1213 2032 sit,
1243 1982 1508 2036 quamque
1536 1968 1804 2036 egregium
1836 1967 2008 2020 conﬁ-

472 2056 578 2109 ciat
601 2071 774 2125 opus;
803 2057 920 2126 ejus
947 2057 1182 2112 laborem
1217 2073 1368 2128 reges
1407 2067 1458 2112 et
1493 2057 1684 2126 privati
1711 2057 1775 2111 ad
1808 2058 2008 2111 sanita-

473 2155 575 2201 tem
608 2147 926 2214 comedunt;
956 2155 1106 2218 grata
1148 2155 1231 2203 est
1279 2149 1549 2214 omnibus,
1581 2157 1743 2218 atque
1776 2148 2006 2218 inclyta,

470 2237 573 2291 etsi
621 2238 828 2292 viribus
877 2238 1102 2302 debilis,
1157 2238 1472 2308 sapientiam
1519 2239 1696 2292 colere
1744 2239 2008 2308 praedica-

471 2335 560 2381 tur
583 2329 621 2382 ί.
653 2348 670 2376 ιι
714 2329 1168 2394 Quemadmodum
1223 2328 1367 2384 enim
1411 2329 1524 2383 hzec
1567 2328 1746 2398 opifex
1781 2330 2005 2399 sapien-

466 2421 597 2476 tiam
647 2421 824 2476 colere
893 2420 1081 2482 fertur,
1133 2419 1431 2476 ﬂorentium
1493 2419 1793 2490 germinum
1857 2421 2006 2474 colli-

469 2525 599 2580 gens
633 2510 802 2574 utilia,
835 2517 888 2564 et
919 2509 1004 2564 his
1033 2510 1283 2564 omnibus
1311 2510 1552 2564 collectis
1575 2519 1733 2578 atque
1761 2509 2010 2563 elabora-

474 2599 566 2660 tis,
595 2599 810 2668 regibus
837 2604 888 2652 et
919 2597 1141 2668 privatis
1183 2597 1468 2660 salutares,
1495 2605 1553 2650 ut
1579 2597 1654 2649 ait
1702 2595 2004 2665 Scriptura,

469 2697 682 2758 praestat
713 2688 918 2742 labores
957 2702 1104 2746 suos,
1135 2685 1273 2740 idem
1308 2687 1466 2740 etiam
1513 2686 1645 2740 istas
1685 2685 1750 2739 de
1785 2684 2007 2740 Christo

468 2777 805 2845 propheticas
829 2777 984 2830 nobis
1012 2775 1256 2842 Eclogas,
1295 2790 1412 2844 quae
1449 2783 1576 2829 sunt
1616 2774 1938 2844 ﬁorilegium
1975 2793 2010 2831 e

469 2867 633 2934 pratis
655 2865 746 2919 Dei
765 2865 1112 2933 spiritalibus,
1146 2865 1627 2932 comprehensuras
1667 2879 1787 2918 esse
1817 2863 2009 2919 existi-

467 2968 574 3017 mo,
636 2955 829 3022 quippe
872 2969 1007 3007 cera:
1054 2951 1346 3020 opiﬁcium,
1396 2953 1618 3021 pulchre
1669 2953 2005 3010 elaboratum

2109 1965 2326 2035 ἐργάτις
2354 1964 2489 2029 ἐστὶ,
2517 1967 2618 2034 τήν
2649 1980 2710 2015 τε
2741 1964 3037 2034 ἐργασίαν
3069 1963 3171 2026 ὠς
3231 1961 3490 2032 σεμνὴν
3523 1956 3814 2031 ἐμπορεύει

2106 2074 2193 2109 ται
2210 2074 2223 2085 ·
2248 2051 2315 2128 ἦς
2337 2055 2460 2118 τοὺς
2480 2056 2677 2118 πόνους
2707 2055 2964 2124 βασιλεῖς
2992 2041 3116 2106 {tot}.
3165 2052 3430 2106 ίδιῶται
3462 2051 3621 2122 πρὸς
3647 2049 3816 2119 ὑγείαν

2107 2146 2499 2216 προσφέρονται
2526 2161 2539 2174 °
2575 2144 2801 2214 ποθεινή
2837 2161 2903 2196 τε
2935 2145 3120 2198 ἐστὶν
3151 2145 3366 2196 πᾶσιν
3409 2143 3523 2196 καὶ
3560 2140 3811 2204 ἐπίδοξος,

2107 2235 2304 2305 καίπερ
2330 2230 2462 2287 οὖσα.
2487 2237 2552 2304 τῇ
2588 2233 2748 2306 ῥώμῃ
2771 2232 3065 2302 ἀσθενὴς,
3108 2233 3238 2303 τὴν
3271 2233 3512 2301 σοφίαν
3545 2232 3809 2302 τιμήσασα

2108 2327 2373 2399 προήχθη.
2413 2345 2430 2376 ι
2470 2328 2565 2378 Ὃν
2597 2325 2707 2394 γὰρ
2757 2327 2791 2396 η
2831 2326 3102 2396 ἐργάτις
3163 2326 3402 2394 ἐκείνη
3457 2327 3684 2395 τρόπον
3727 2325 3808 2392 τὴν

2108 2418 2294 2486 σοφίαν
2323 2417 2549 2487 τιμῆσαι
2578 2415 3059 2487 μαρτυρουμένη,
3087 2415 3230 2468 τῶν
3257 2415 3554 2470 εὑθαλῶν
3576 2415 3804 2487 βλαστῶν

2104 2508 2471 2578 ἁναλεγομένη
2499 2506 2568 2560 τὰ
2605 2507 2926 2578 πρόσφορα,
2968 2507 3048 2559 ἐκ
3077 2507 3209 2575 τῆς
3258 2507 3568 2560 ἁπάντων
3599 2510 3803 2559 ἐπισυν-

2106 2599 2327 2669 αγωγῆς
2384 2615 2443 2650 τε
2496 2597 2590 2650 καὶ
2633 2597 2909 2667 ἐργασίας
2985 2597 3341 2667 βασιλεῦσι
3411 2599 3524 2652 καὶ
3585 2597 3801 2660 ίδιιίιταις

2107 2681 2452 2760 ὑγιεινοὺς,ᾖ
2484 2703 2645 2758 φησιν
2676 2688 2709 2757 ἡ
2735 2686 2971 2757 Γραφὴ,
3007 2688 3394 2760 παρέχεται
3436 2691 3582 2753 τοὺς
3621 2689 3800 2757 ἑαυτῆς

2108 2781 2320 2844 πόνους,
2349 2779 2538 2831 ταυτόν
2561 2795 2613 2830 τι
2639 2778 2733 2829 καὶ
2764 2778 2868 2837 τὰς
2904 2779 3064 2848 περὶ
3097 2779 3217 2832 τοῦ
3257 2780 3547 2852 Χριστοῦ
3573 2783 3798 2850 Προφῆ-

2104 2871 2271 2936 τικὰς
2301 2871 2431 2940 ἡμῖν
2473 2868 2774 2937 Έκλοτὰς,
2824 2869 3213 2942 άπάνθισμα
3249 2871 3387 2924 τῶν
3427 2873 3537 2925 τοῦ
3565 2871 3701 2933 Θεοῦ
3724 2871 3796 2924 λιν-

2104 2961 2275 3026 γικῶν
2319 2955 2595 3028 λειμώνων
2637 2957 3076 3025 τυγχανούσας,
3150 2961 3490 3033 περιέξειν
3545 2959 3791 3033 ἠγοῦμαι.

467 3042 690 3097 sinceris
753 3041 925 3096 verbis
974 3039 1243 3096 tradentes
1301 3041 1595 3096 sententias
1653 3057 1780 3098 vero
1824 3045 1879 3099 in
1934 3047 2012 3102 iis

2240 3050 2334 3121 μὲν
2356 3049 2463 3102 τῶν
2496 3047 2679 3120 κηρῶν
2707 3046 3045 3104 εὔπλαστον
3080 3051 3527 3126 δημιουργίαν
3549 3055 3612 3105 ἐν
3630 3051 3790 3120 ψιλαῖς

466 3132 768 3189 reconditas
797 3133 934 3188 sicut
970 3131 1177 3187 dulcem
1219 3147 1281 3187 ac
1315 3133 1728 3188 saluberrimum
1765 3137 1884 3205 apis
1913 3153 2003 3192 sa-

2247 3139 2451 3203 λέξεσιν
2481 3137 2902 3201 ἁποσωζούσας,
2959 3137 3047 3191 τὰ
3100 3139 3157 3192 δ’
3215 3144 3285 3196 ὲν
3324 3144 3506 3216 αὑτῷ
3539 3144 3790 3205 τεθησαυ-

469 3224 662 3293 pientis
695 3223 922 3276 fructum
963 3223 1016 3276 iu
1055 3229 1261 3278 secreto
1297 3222 1551 3278 interiore
1580 3223 1699 3278 loco
1734 3225 1996 3285 condens.

465 3312 597 3380 Quis
631 3313 770 3368 enim
815 3313 1044 3367 ﬁdelium
1081 3328 1189 3367 non
1215 3313 1469 3368 fateretur
1500 3313 1566 3368 ab
1591 3315 1736 3368 omni
1754 3319 2000 3387 corporis

465 3404 732 3473 voluptate
769 3411 822 3458 et
845 3403 1070 3458 utilitate
1103 3403 1503 3474 incomparabili
1541 3403 1752 3461 diﬁ‘erre
1779 3409 1995 3476 praecel-

467 3494 626 3547 lentia
655 3493 914 3547 salutares
937 3491 1002 3548 de
1030 3491 1207 3548 Verbo
1236 3493 1328 3548 Dei
1351 3494 1684 3560 collationes,
1710 3495 1776 3549 ad
1800 3497 1996 3552 intelli-

465 3584 694 3652 gentiam
719 3583 1043 3637 orthodoxiae
1075 3582 1313 3648 idoneas,
1337 3583 1392 3637 in
1435 3585 1502 3639 iis
1522 3600 1640 3654 quae
1681 3601 1804 3641 vere
1842 3587 1993 3642 utilia

464 3680 517 3724 et
553 3670 788 3723 salubria
832 3672 990 3724 sunt!
1024 3669 1172 3725 Hanc
1219 3672 1464 3742 amplecti
1504 3688 1723 3728 necesse
1761 3683 1844 3729 est
1885 3691 1994 3733 non

465 3767 666 3812 tantum
737 3759 994 3829 dignitate
1062 3762 1466 3830 praecellentes,
1533 3765 1624 3834 qui
1679 3780 1832 3835 reges
1895 3781 1994 3821 vo-

464 3854 672 3910 cantur,
725 3847 820 3900 sed
867 3854 919 3902 et
965 3849 1254 3920 subjectos,
1300 3857 1354 3907 et
1383 3851 1612 3919 primum
1638 3869 1780 3908 nunc
1809 3853 1992 3909 divino

465 3937 797 3990 attendentes
857 3938 1038 3993 verbo.
1090 3940 1294 4004 Quibus
1328 3941 1539 3997 diverse
1585 3943 1835 3999 idoneum
1878 3946 1994 4002 fore

462 4024 710 4079 existimo
753 4025 946 4080 mentis
982 4027 1256 4094 habitum,
1309 4036 1368 4082 ut
1414 4045 1730 4100 pernoscere
1784 4035 1993 4102 possint

462 4113 739 4167 veritatem
787 4127 972 4167 eorum
1027 4115 1311 4170 verborum
1346 4156 1361 4182 ,
1422 4118 1487 4173 de
1551 4120 1745 4189 quibus
1794 4121 1990 4176 eruditi

461 4201 652 4265 sunt”;
703 4207 830 4254 tunc
863 4201 1091 4257 maxime
1131 4204 1358 4273 simplici
1413 4207 1729 4278 sinceraque
1761 4207 1863 4264 ﬁde
1900 4210 1991 4263 ﬁr-

461 4304 602 4342 mam
657 4301 1016 4361 consequente
1065 4295 1353 4362 liduciam,
1396 4313 1518 4352 cum
1581 4300 1990 4356 ratiocinatione

461 4386 514 4432 et
549 4379 1000 4438 demonstratione
1034 4383 1381 4442 fundamenta
1410 4389 1647 4444 stabilita
1690 4391 1818 4454 sint,
1870 4405 1988 4446 cer-

462 4467 720 4522 tissimam
748 4485 926 4525 rerum
955 4475 1279 4530 creditarum
1305 4478 1705 4547 intelligentiam
1728 4485 1781 4532 et
1809 4477 1986 4534 scien-

461 4557 586 4612 tiam
645 4557 711 4612 ad
748 4596 764 4612 .
807 4597 821 4613 .
862 4598 881 4619 .
923 4601 936 4616 .
993 4603 1008 4618 .
1053 4605 1066 4618 .
1109 4602 1124 4619 .
1175 4603 1191 4619 .
1233 4603 1251 4622 .
1293 4607 1306 4620 .
1352 4605 1366 4621 .
1406 4566 1568 4636 igitur
1615 4581 1812 4634 causa,
1863 4567 1986 4624 dico

460 4651 636 4698 autem
675 4683 691 4700 .
729 4684 743 4699 .
786 4685 801 4700 .
847 4688 862 4701 .
902 4688 917 4703 .
964 4691 977 4704 .
1023 4693 1037 4707 .
1082 4693 1096 4708 .
1136 4690 1150 4705 .
1189 4667 1408 4709 necesse
1447 4669 1564 4709 esse
1596 4657 1815 4724 prodest
1851 4699 1864 4713 .

461 4750 477 4765 ·
519 4773 535 4788 .
577 4775 592 4790 .
633 4773 648 4790 .
694 4775 708 4791 .
751 4777 766 4793 .
810 4777 824 4792 .
867 4778 883 4794 .
924 4781 939 4796 .
982 4751 1076 4810 ,ut
1110 4743 1165 4798 in
1199 4746 1444 4814 prooemii
1475 4748 1634 4802 modo
1661 4750 1986 4822 interpreta-

461 4823 656 4878 tionem
683 4823 830 4880 brevi
869 4865 886 4882 .
930 4869 945 4883 .
983 4869 999 4887 .
1043 4871 1061 4888 .
1101 4871 1115 4884 .
1157 4869 1174 4886 .
1219 4873 1238 4888 .
1280 4872 1293 4886 .
1336 4871 1350 4886 .
1391 4873 1408 4889 .
1451 4875 1468 4888 .
1508 4837 1741 4892 maxime
1779 4839 1986 4895 brevis-

460 4912 646 4968 simam
691 4932 987 4988 proponere
1030 4922 1097 4978 de
1137 4960 1148 4976 .
1195 4964 1209 4979 .
1255 4964 1270 4979 .
1313 4965 1325 4978 .
1369 4961 1384 4976 .
1441 4925 1658 4994 quidem
1704 4943 1985 5001 argumen-

460 5009 571 5056 tum
598 5005 704 5060 illis
723 5009 811 5076 qui
837 5008 1053 5066 credere
1082 5013 1237 5083 quasi
1259 5012 1455 5069 divinis
1497 5052 1512 5068 .
1556 5054 1570 5069 .
1615 5057 1628 5071 .
1670 5060 1685 5072 .
1736 5056 1751 5072 .
1794 5059 1809 5073 .
1854 5061 1867 5074 .
1910 5062 1924 5076 .
1967 5058 1982 5074 .

461 5092 748 5157 pradicant
789 5096 1116 5169 Scripturis;
1159 5117 1268 5157 non
1299 5103 1462 5173 igitur
1503 5145 1518 5159 .
1561 5144 1576 5159 .
1622 5149 1635 5161 .
1683 5149 1696 5162 .
1739 5147 1754 5162 .
1794 5149 1808 5163 .
1850 5148 1865 5162 .
1908 5151 1922 5165 .
1967 5148 1981 5162 .

460 5177 638 5232 Jesum
669 5187 823 5251 quasi
852 5188 1024 5256 ipsum
1071 5205 1228 5260 quem
1265 5193 1741 5263 prophetaverunt.
1783 5197 1842 5254 In
1885 5199 1985 5253 du-

461 5267 548 5358 bio
585 5305 600 5321 .
643 5309 655 5322 .
699 5311 713 5324 .
758 5313 771 5326 .
812 5314 828 5330 .
871 5314 886 5328 .
931 5319 944 5331 .
988 5319 1002 5334 .
1046 5321 1060 5334 .
1101 5297 1212 5350 eos,
1257 5286 1460 5340 scilicet
1505 5286 1737 5358 Iudaeos,
1774 5307 1982 5346 necnon

461 5357 657 5454 electos
698 5398 722 5454 .-
753 5397 767 5413 .
809 5400 824 5414 .
863 5401 879 5416 .
920 5405 936 5421 .
980 5407 994 5422 .
1037 5406 1051 5421 .
1095 5409 1109 5434 ,
1148 5380 1201 5425 et
1237 5373 1588 5432 refulationes
1633 5357 1818 5435 eorum
1865 5397 1982 5452 qua:

461 5447 810 5546 magisctiam
847 5455 1074 5520 mythica
1104 5474 1324 5528 possent
1351 5465 1550 5532 dicere,
1578 5473 1854 5528 exsolvere
1881 5447 1979 5526 co-

460 5533 568 5588 ηειῑί
593 5533 798 5589 άίνίηοε
827 5553 1003 5596 voces.
1032 5544 1148 5603 Erit
1175 5567 1389 5625 quoque
1425 5556 1601 5618 brevis
1627 5569 1681 5618 et
1707 5563 1980 5619 moderata

530 5707 547 5740 ί
585 5705 739 5760 Prov.
774 5721 846 5774 vr,
879 5709 930 5763 8.
1006 5715 1024 5744 ²
1063 5715 1192 5776 Luc.
1229 5727 1291 5792 l,
1326 5727 1378 5786 ι.

2104 3228 2336 3300 ρισμένα
2366 3229 2611 3298 νοήματα
2642 3227 2983 3298 καταλλήλιρ
3017 3229 3118 3300 τῷ
3151 3232 3388 3299 γλυκεῖ
3421 3237 3530 3289 καὶ
3575 3237 3786 3304 ὑγιεινο-

2100 3319 2246 3388 τάτῳ
2276 3319 2375 3388 τῆς
2407 3318 2576 3386 σοφῆς
2625 3319 2683 3369 ἐν
2717 3316 2946 3389 ἐκείνης
2983 3324 3352 3393 γεννήματι
3404 3327 3557 3380 εἴσω
3607 3344 3708 3380 που
3733 3328 3783 3379 ἐν

2100 3407 2426 3476 ἀπορρήτοις
2467 3407 2888 3476 ταμιευόμενος.
2940 3405 3053 3470 Τίς
3103 3411 3238 3480 γὰρ
3295 3413 3374 3485 δὴ
3423 3416 3550 3468 τῶν
3593 3414 3779 3469 πιστιίν

2098 3495 2198 3546 οὐκ
2249 3495 2313 3548 ἂν
2343 3495 2674 3566 ὁμολογήσαι
2718 3497 2909 3566 πάσης
2962 3496 3069 3551 διὰ
3124 3504 3450 3572 σωμάτων
3497 3506 3694 3579 ἡδονῆς
3730 3520 3780 3556 τε

2100 3587 2192 3638 καὶ
2213 3584 2476 3654 ὠφελείας
2506 3587 2830 3658 ἁσυγκρίτῳ
2865 3587 3195 3660 διαφέρειν
3233 3595 3519 3668 ὑπεροχῇ
3555 3597 3659 3660 τὰς
3687 3614 3776 3649 σω-

2097 3674 2312 3746 τηρίους
2338 3675 2464 3745 περὶ
2497 3675 2592 3727 τοῦ
2627 3676 2807 3743 Λόγου
2844 3677 2952 3729 τοῦ
2985 3677 3152 3733 Θεοῦ
3206 3685 3609 3754 παραθέσεις.
3648 3685 3776 3753 (L2)

2097 3766 2427 3836 ἐπιτηδείους
2471 3767 2611 3835 πρὸς
2663 3767 2947 3837 ἀνάληψιν
3007 3771 3434 3845 ὑπαρχούσας
3499 3777 3609 3846 τῆς
3653 3775 3775 3830 κατὰ

2097 3856 2349 3926 ἀλήθειαν
2400 3855 2678 3927 ὠφελίμου
2725 3859 2825 3911 καὶ
2883 3860 3173 3933 ὑγιεινῆς
3241 3867 3632 3937 όρθοδοξίας;
3686 3868 3774 3921 Ἢν

2097 3945 2372 4016 περιέπειν
2403 3947 2704 4014 ἀναγκαῖον
2733 3948 2798 4000 οὑ
2838 3949 3060 4018 μόνους
3088 3955 3243 4018 τοὺς
3273 3957 3390 4027 τὴν
3430 3958 3558 4024 ἕξιν
3584 3957 3770 4032 7:906:-

2096 4032 2327 4102 ϐηκότας
2359 4031 2601 4101 βασιλεῖς
2625 4033 3125 4113 ὀνομαζομένους,
3159 4041 3318 4096 ἀλλὰ
3348 4045 3460 4098 καὶ
3489 4048 3627 4109 τοὺς
3657 4047 3771 4098 ὑπο-

2096 4123 2389 4193 ϐεϐηκότας
2413 4123 2508 4176 καὶ
2535 4125 2760 4194 πρῶτον
2779 4125 2913 4196 ἄρτι
2930 4127 3018 4198 τῷ
3044 4129 3198 4201 θείῳ
3219 4135 3594 4203 προσιόντας
3617 4133 3764 4204 λόγῳ-

2093 4211 2172 4278 οἷς
2213 4213 2305 4266 καὶ
2335 4213 2700 4284 διαφερόντως
2734 4216 3083 4288 ἐπιτηδείαν
3118 4221 3370 4277 ἔσεσθαι
3428 4226 3652 4296 νομίζω
3682 4227 3766 4295 τὴν

2095 4303 2364 4390 ὑπόθεσιν,
2407 4303 2482 4365 ὼς
2531 4303 2599 4356 ἂν
2650 4307 2929 4377 ἀκριϐοῦν
2975 4310 3045 4378 ἐξ
3097 4315 3293 4386 αὐτῆς
3353 4318 3632 4374 δύναιντο
3677 4317 3763 4390 τὴν

2093 4394 2219 4464 περὶ
2254 4385 2768 4480 ὧνᾼκατηχήθησαν
2803 4396 2996 4466 λόγων
3035 4385 3381 4473 ἀσφάλειαν
3402 4425 3420 4438 σ
3463 4410 3598 4462 τότε
3634 4385 3760 4480 μᾶλ-

2092 4480 2180 4532 λον
2205 4481 2301 4548 τῆς
2327 4476 2504 4547 ἁπλῆς
2531 4479 2630 4530 καὶ
2660 4480 2942 4553 ἀκεραίου
2971 4488 3244 4556 πίστεως
3275 4499 3517 4566 πεῖσμα
3549 4476 3759 4566 βέϐαιον

2092 4567 2360 4639 ἰσχούσης,
2400 4566 2624 4621 ἐπειδὰν
2665 4570 2750 4641 τῷ
2793 4572 3065 4650 λογισμῷ
3123 4584 3264 4647 τοὺς
3302 4585 3382 4639 δι’
3425 4587 3758 4652 ἀποδείξεως

1910 4699 1925 4714 .
1968 4700 1984 4717 ,
2089 4655 2581 4746 προεγδιαταϐαλών
2605 4677 2694 4724 τις
2715 4661 3022 4734 θεμελίους
3049 4671 3162 4743 τὴν
3187 4675 3417 4746 ἀκριϐῆ
3453 4678 3574 4731 τῶν
3602 4694 3755 4731 πεπι-

2091 4745 2390 4815 στευμένων
2439 4746 2758 4819 κατάληψίν
2803 4771 2870 4808 τε
2926 4759 3032 4812 καὶ
3087 4762 3311 4829 γνῶσιν
3349 4745 3509 4837 πρὸς
3555 4771 3748 4837 ὲπικτη

2091 4873 2106 4888 .
2180 4873 2202 4942 .'
2273 4873 2288 4888 .
2365 4873 2380 4887 .
2451 4875 2465 4889 .
2505 4839 2698 4906 νγοῦν
2731 4842 2934 4901 ἕνεκεν
2965 4852 3122 4921 φημὶ
3152 4852 3213 4906 δὲ
3243 4854 3370 4910 τῶν
3405 4859 3477 4910 ἐτ
3519 4897 3537 4912 .
3583 4897 3601 4913 .
3640 4875 3746 4911 τοι·

2087 4941 2279 5023 χειωσε
2305 5014 2317 5023 .
2353 4967 2368 4980 .
2408 5017 2424 5023 Δ
2449 4967 2464 4982 .
2488 5017 2500 5023 μ
2549 4969 2565 4983 .
2651 4972 2666 4988 ,
2751 4973 2767 4988 .
2853 4975 2871 4992 .
2952 4941 3264 5010 ἀναγκαῖον
3291 4941 3462 5003 εἶναι
3495 4951 3742 5023 παρέστη

2091 5013 2227 5085 μετὰ
2266 5014 2364 5087 τὴν
2405 5017 2653 5094 ἑκάστης
2709 5043 2824 5098 προ
2901 5068 2919 5083 .
3005 5071 3021 5085 .
3103 5073 3120 5085 .
3204 5076 3219 5089 .
3303 5054 3391 5102 ιν,
3425 5038 3512 5102 ὡς
3543 5013 3606 5091 ἐν
3633 5013 3741 5091 sic?

2087 5108 2307 5204 ςιγωγῆς
2337 5111 2530 5184 τρόπῳ
2557 5114 2826 5191 διήγησιν
2860 5123 3045 5197 βραχυ
3089 5167 3104 5182 .
3186 5167 3200 5179 .
3278 5166 3296 5180 .
3396 5171 3414 5184 .
3501 5133 3590 5185 ενὶ
3639 5130 3740 5204 μάν

2085 5195 2239 5249 λιστα
2271 5206 2708 5280 συντομωτάτην
2738 5195 3098 5286 παραθέσθαι
3132 5218 3259 5287 περὶ
3304 5258 3321 5271 .
3414 5260 3433 5273 .
3523 5261 3539 5276 .
3625 5195 3655 5279 ,⁷
3718 5258 3733 5274 ο

2090 5287 2184 5356 μὲν
2210 5287 2431 5362 ἔλεγχον
2455 5295 2571 5351 τῶν
2606 5304 2904 5361 πιστεύειν
2941 5309 3042 5380 μὲν
3075 5309 3151 5371 ὼς
3182 5308 3370 5374 θείαις
3416 5351 3433 5366 .
3519 5353 3536 5367 .
3620 5351 3638 5367 .
3711 5352 3726 5365 ο

2089 5381 2202 5445 ραῖς
2223 5379 2545 5452 αὐχούντων
2568 5393 2609 5446 Γ
2617 5401 2828 5468 ραφαῖς
2843 5417 2857 5431 ·
2891 5379 2970 5474 μὴ
2995 5402 3101 5476 μὴν
3123 5418 3433 5474 προσιεμεν
3459 5443 3474 5457 .
3506 5442 3522 5457 .
3545 5418 3652 5458 trra
3670 5440 3686 5456 .
3704 5439 3721 5455 .

2474 5481 2556 5538 ὦν
2603 5487 2822 5560 Ἰησοῦν
2856 5493 2936 5560 ὡς
2981 5495 3050 5550 ἂν
3094 5497 3254 5550 αὐτον
3277 5493 3410 5546 ὄντα
3459 5494 3559 5549 τὸν
3584 5508 3717 5567 προ-

2085 5564 2490 5637 φητευόμενονο
2530 5579 2901 5659 ἐπαπόρησιν
2935 5605 2977 5641 π
3007 5629 3021 5642 .
3067 5629 3081 5644 .
3125 5629 3138 5642 .
3183 5628 3196 5643 .
3237 5583 3455 5649 αὐτοὺς,
3488 5564 3715 5652 Wa
