3926 6398
247 424 402 480 4025
1306 433 1593 489 ECLOGA!
1629 422 2092 489 morus-rica.
2128 461 2195 473 -
2230 400 2356 486 LIB.
2390 431 2435 487 ι.
3273 439 3406 494 ιοεθ

235 538 386 626 τοὺς
413 537 474 589 ὲκ
501 541 815 611 περιτομῆς,
843 543 1075 626 καὶτοὺς
1096 543 1202 596 ἀπὸ
1225 543 1330 597 τῶν
1347 545 1550 616 αἱρέσε.
1582 582 1598 598 .
1635 584 1650 600 .
1693 546 1776 615 μοῐ

1891 553 2072 599 nostra
2097 544 2418 613 explanatio,
2457 544 2568 598 sive
2611 560 2731 600 cum
2761 550 2983 617 probare
3010 551 3288 608 conabitur
3311 568 3404 626 per

236 619 328 680 δὲ’
357 628 458 680 καὶ
498 628 804 699 ἀνατροπὰς
851 625 923 685 ὧν
963 632 1027 684 ἂν
1052 632 1248 686 εἴποιεν
1276 633 1632 705 μυθικώτερον
1673 637 1776 686 ἑπι-

1894 635 2068 690 solum
2105 633 2430 689 Salvatorem
2480 642 2721 690 nostrum
2749 639 2990 708 impletas
3019 642 3189 699 fuisse
3225 619 3408 700 sacras

238 717 409 771 λύειν
437 717 760 788 πειρώμενοι
788 721 884 784 τὰς
907 722 1049 785 θείας
1073 723 1267 790 φωνάς.
1297 724 1480 776 Ἔσται
1503 724 1557 777 δὲ
1594 724 1686 777 καὶ
1707 725 1776 777 διό

1894 724 1985 780 Dei
2013 723 2401 794 pradictiones,
2437 727 2548 782 sive
2578 742 2700 781 cum
2729 737 2966 785 nostram
2994 733 3059 788 de
3074 734 3142 789 iis
3164 749 3282 805 quae
3309 749 3408 791 ex-

238 807 511 877 βραχέων
541 808 730 878 μετρία
757 826 841 872 τις
866 811 1018 880 ἡμῶν
1043 809 1308 881 ἐξήγησις,
1341 812 1426 863 ότὲ
1455 812 1550 880 μὲν
1579 812 1776 864 ἀπόδειε

1891 830 2150 886 ponemus
2176 818 2490 872 sententiam
2519 817 2916 887 explicabimus.

234 894 330 959 ειν
367 896 694 966 περιέξουσα
716 894 808 948 τοῦ
829 896 967 950 κατὰ
1000 896 1150 965 μόνον
1171 897 1261 949 τὸν
1283 896 1542 966 ἡμέτερον
1569 897 1789 968 Σωτῆρα

233 987 651 1058 πεπληρῶσθαι
681 987 776 1051 τὰς
803 989 948 1059 ἱερὰς
976 988 1068 1041 τοῦ
1093 988 1224 1041 Θεοῦ
1252 989 1593 1059 προρρήσεις,
1620 989 1706 1042 ὁτὲ
1733 990 1787 1043 δὲ
1823 993 1920 1062 τὴν
1943 994 2207 1065 ἡμετέραν
2229 995 2446 1065 γνώμην
2469 995 2533 1066 ἢν
2571 994 2758 1064 ἔχομεν
2791 998 2914 1068 περὶ
2973 999 3076 1053 τῶν
3111 999 3404 1070 οὲκτεθησοο

231 1079 440 1149 μένων
477 1080 826 1150 σημαίνουσα.

327 1169 504 1222 Ἀλλὰ
533 1171 637 1240 γὰρ
679 1169 877 1223 τούτων
919 1169 1245 1238 ἐφάπτεσθαι
1295 1169 1598 1239 μέλλοντας,
1630 1173 1790 1240 ἀναγ-

228 1259 427 1321 καίως
457 1259 948 1331 προδιαστείλασθαι
973 1260 1046 1323 ὡς
1067 1260 1141 1329 πῆ
1176 1261 1270 1330 μὲν
1299 1248 1524 1331 προόντα
1552 1261 1611 1312 οὐ
1636 1260 1790 1331 μόνον

225 1347 342 1415 τῆς
391 1347 850 1419 ὲνανθρωπήσεως
886 1347 1017 1402 ἀλλὰ
1066 1349 1155 1401 καὶ
1187 1350 1362 1419 πάσης
1398 1351 1615 1419 γενετῆς
1662 1351 1789 1402 ὑπο-

227 1437 505 1502 στάσεως
537 1438 630 1490 τοῦ
655 1438 785 1491 Θεοῦ
815 1439 980 1507 Λόγον
1017 1439 1346 1492 διδάσκουσιν
1375 1442 1423 1492 οἱ
1460 1441 1588 1510 ἱεροὶ¹
1619 1439 1783 1506 λόγοι,

217 1526 383 1579 Θεὸν
416 1569 433 1582 .
483 1567 498 1580 .
543 1567 556 1580 .
589 1528 744 1581 αὐτὸν
773 1527 904 1598 μετὰ
931 1529 1017 1581 τὸν
1049 1530 1258 1600 Πατέρα
1285 1530 1376 1582 καὶ
1407 1529 1602 1599 Κύριον
1626 1545 1788 1598 προσ-

220 1618 636 1688 αγορεύοντες,
659 1614 742 1672 οἶα
769 1619 827 1689 δὴ
859 1619 950 1671 καὶ
973 1618 1032 1670 τὸ
1064 1622 1313 1689 κήρυγμα
1342 1619 1399 1672 τὸ
1421 1619 1788 1688 ἐκκλησιαστι-

221 1704 334 1757 κὸν
399 1708 646 1777 περιέχει
697 1707 991 1769 ἀκολούθως
1037 1711 1101 1778 τῇ
1147 1709 1462 1778 εύαγγελικῇ
1521 1708 1776 1779 μαρτυρίᾳ

1889 1711 1991 1765 lico
2034 1711 2342 1765 testimonio
2380 1710 2630 1765 dicente:
2664 1728 2681 1759 ι
2713 1709 2770 1762 1η
2816 1710 3076 1779 principio
3119 1723 3235 1764 erat
3274 1705 3404 1768 Ver-

221 1795 557 1867 (ειπ)ούσῃ,
597 1817 615 1847 ι
655 1798 739 1849 Ἐν
789 1798 923 1866 ἀρχῇ
958 1792 1025 1866 ἦν
1052 1799 1080 1849 6
1106 1797 1304 1864 Λόγος·
1344 1799 1436 1851 καὶ
1462 1801 1489 1850 ό
1531 1799 1696 1865 Λόγος
1719 1794 1776 1867 ἦν

1886 1801 2032 1865 bum,
2068 1807 2120 1854 et
2167 1799 2398 1853 Verbum
2443 1806 2556 1854 erat
2600 1799 2738 1867 apud
2791 1798 2978 1860 Deum,
3012 1807 3066 1853 et
3115 1799 3254 1854 Deus
3292 1811 3405 1856 erat

220 1886 381 1956 πρὸς
409 1887 508 1938 τὸν
527 1887 675 1952 Θεὸν,
707 1887 797 1939 καὶ
817 1887 943 1949 Θεὸς
968 1884 1034 1957 ἦν
1053 1891 1080 1941 6
1105 1888 1270 1956 Λόγος
1286 1906 1299 1919 ’
1333 1889 1502 1940 πάντα
1531 1889 1595 1941 δι’
1624 1887 1776 1940 αὐτοῦ

1889 1890 2139 1945 Verbum.
2173 1889 2360 1943 Omnia
2392 1905 2483 1957 per
2514 1891 2686 1960 ipsum
2717 1888 2854 1942 facta
2881 1898 3024 1954 sunt,
3056 1899 3108 1944 et
3133 1891 3249 1944 sine
3288 1892 3404 1961 ipso

222 1975 498 2042 ἐγένετο⁹
534 1977 630 2028 καὶ
661 1975 822 2046 χωρὶς
850 1976 1006 2028 αὑτοῦ
1041 1978 1246 2045 ἐγένετο
1285 1977 1403 2030 οὐδὲ
1429 1978 1487 2030 ἓν
1509 1994 1522 2008 °
1559 1997 1576 2028 ι
1620 1979 1692 2048 πῆ
1727 1978 1776 2029 δὲ

1881 1979 2076 2032 factum
2129 1987 2210 2034 est
2263 1979 2396 2032 nihil
2419 1979 2457 2044 ³,
2491 1999 2508 2030 ι
2539 1979 2728 2048 partim
2773 1979 3128 2047 praenuntiant
3151 1979 3255 2033 duo
3288 1979 3404 2047 ejus

222 2067 332 2130 τὰς
388 2066 491 2118 δύο
536 2069 830 2136 παρουσίας
876 2069 1036 2122 αὐτοῦ
1085 2067 1545 2139 προαναφωνοῦσι⁹
1598 2070 1692 2138 τήν
1727 2086 1776 2121 τε

1884 2070 2139 2123 adventus
2196 2087 2208 2122 :
2261 2069 2510 2138 priorem,
2556 2070 2608 2122 in
2637 2083 2741 2139 quo
2775 2082 2946 2137 neque
2991 2068 3255 2138 speciem,
3311 2084 3406 2122 ne-

223 2156 549 2229 προτέραν,
582 2159 637 2209 ὲν
726 2160 857 2228 μήτε
885 2153 1019 2221 εἶδος
1055 2158 1212 2210 αὑτὸν
1251 2160 1382 2227 μήτε
1428 2157 1614 2220 κάλλος
1647 2157 1776 2220 ’ἐξειν

1884 2174 1989 2228 que
2046 2159 2288 2213 decorem
2350 2159 2627 2213 habiturus
2679 2157 2978 2212 ostenditur
3001 2167 3041 2222 ',
3096 2157 3398 2220 manifeste,

224 2248 655 2319 προύθέσπιζον
697 2248 986 2320 διαρρήδην
1030 2249 1102 2313 ὼς
1143 2249 1403 2319 πρόϐατον
1447 2250 1535 2300 ἐπὶ
1578 2249 1776 2318 σφαγὴν

1881 2249 2019 2302 sicut
2077 2264 2244 2318 agnus
2294 2249 2358 2302 ad
2407 2248 2731 2303 occisionem
2773 2246 3068 2311 ducendus,
3118 2260 3276 2317 atque
3329 2249 3401 2302 ita

223 2339 607 2411 ἀχθήσεσθαι,
651 2342 740 2392 καὶ
768 2340 946 2408 σαφῶς
975 2341 1140 2402 οὕτως
1169 2339 1274 2392 ἀπὸ
1301 2339 1404 2391 τῶν
1436 2339 1666 2407 ἀνομιῶν
1691 2339 1776 2391 τοῦ

1883 2346 2098 2407 propter
2124 2339 2316 2406 prioris
2347 2339 2525 2408 populi
2557 2337 2864 2406 iniquitates
2892 2338 2960 2391 ad
2995 2345 3219 2393 mortem
3256 2339 3402 2392 dam-

1959 1169 2156 1224 Verum
2186 1177 2465 1238 antequam
2486 1168 2739 1239 quidquid
2761 1170 2826 1225 de
2845 1169 2928 1225 his
2955 1171 3294 1240 attingamus,
3311 1192 3405 1245 pro

1886 1267 2032 1314 certo
2046 1259 2240 1312 habere
2253 1271 2470 1311 necesse
2480 1267 2578 1321 est,
2591 1257 2730 1326 quod
2745 1260 2932 1327 partim
2950 1260 3290 1328 praeexistens
3303 1279 3405 1318 non

1888 1349 2058 1403 solum
2093 1347 2467 1410 incarnationi,
2498 1351 2590 1402 sed
2624 1356 2677 1402 et
2709 1349 2882 1403 omnis
2916 1349 3228 1404 substantia:
3269 1365 3407 1407 crea-

1886 1442 2019 1496 tioni
2042 1439 2385 1494 Dechrbum
2405 1442 2576 1495 sancti
2595 1441 2714 1495 libri
2731 1441 3119 1503 docent,Deum
3161 1484 3175 1498 .
3219 1481 3235 1496 .
3277 1484 3293 1498 .
3335 1486 3350 1500 .
3392 1483 3405 1497 .

1887 1547 2005 1586 eum
2036 1539 2157 1600 post
2196 1530 2406 1586 Patrem
2435 1541 2489 1586 et
2530 1530 2808 1584 Dominum
2847 1532 3209 1601 designantes,
3257 1545 3316 1588 ut
3356 1545 3409 1589 et

1886 1621 2250 1676 ecclesiastica
2292 1620 2394 1675 fert
2423 1621 2728 1690 praedicatio
2757 1636 2990 1689 congrue
3033 1637 3150 1674 cum
3181 1637 3408 1692 evange-

225 2431 516 2502 προτέρου
554 2430 682 2483 λαοῦ
725 2432 822 2502 τὴν
859 2432 950 2482 ἐπὶ
993 2431 1199 2500 θανάτῳ
1239 2429 1783 2499 καταδικασθήσεσθαι

225 2520 525 2589 λέγοντες*
563 2515 650 2572 οἷα
691 2519 754 2589 δὴ
801 2520 893 2572 καὶ
938 2519 1340 2572 ἀποδείκνυνται
1380 2521 1476 2588 τῆς
1521 2518 1783 2589 προτέρας

225 2607 412 2662 αὐτοῦ
444 2607 750 2677 παρουσίας
775 2609 828 2659 αἱ
869 2606 1006 2659 κατὰ
1031 2608 1152 2669 τοὺς
1186 2606 1428 2677 Τιϐερίου
1465 2608 1680 2678 χρόνους
1708 2609 1783 2659 ol-

226 2698 522 2769 κονομίαι·
569 2699 660 2750 καὶ
685 2697 780 2766 τὴν
821 2697 1086 2766 δευτέραν,
1129 2695 1300 2748 οὐκέθ’
1333 2697 1513 2764 ὁμοίαν
1544 2699 1608 2765 τῇ
1651 2714 1780 2765 προ-

227 2788 397 2858 τέρᾳ,
431 2785 709 2853 θειοτέραν
738 2784 793 2835 δὲ
823 2784 915 2836 καὶ
960 2784 1088 2836 πολὺ
1121 2785 1184 2853 τῇ
1225 2781 1346 2854 δόξῃ
1390 2782 1780 2852 παραλλάττου-

232 2894 358 2940 σαν,
410 2875 530 2944 μετ’
563 2872 854 2940 ἀηελικῆς
883 2871 1196 2942 δορυφορίας
1239 2870 1331 2922 καὶ
1366 2869 1462 2938 τῆς
1490 2871 1580 2921 ἀπ’
1619 2872 1780 2943 ούρα-

231 2965 340 3019 νῶν
379 2959 743 3033 παρατάξεως
777 2959 1162 3029 γενησομένην·
1197 2953 1276 3019 οἷς
1319 2958 1662 3027 εὐγνωμόνως
1690 2958 1780 3012 τὸν

231 3051 640 3120 ἐντυγχάνοντα
685 3046 854 3118 χρεὼν
900 3047 1090 3098 κανόνα
1136 3045 1318 3115 ὥσπερ
1359 3046 1450 3097 καὶ
1491 3047 1683 3098 σκοπὸν
1721 3046 1780 3098 τὸ

233 3147 505 3214 κήρυγμα
547 3138 798 3206 κατέχειν
824 3137 882 3188 τὸ
908 3135 1251 3188 ἀποστολικὸν
1278 3135 1452 3186 τέλεια
1481 3136 1572 3188 καὶ
1605 3137 1777 3208 ἀπαρ-

233 3234 538 3304 εγχείρητα
575 3229 643 3282 τὰ
671 3229 768 3298 τῆς
805 3226 1050 3296 ἀληθείας
1087 3225 1321 3293 δόγματα
1349 3225 1776 3293 διαφυλάττοντα,

1880 2429 2129 2494 nandus;
2160 2443 2278 2496 quae
2311 2429 2525 2498 quidem
2574 2429 2629 2482 in
2660 2428 2818 2496 primi
2850 2427 2965 2496 ejus
2992 2429 3272 2492 adventus,
3306 2426 3398 2482 Ti-

1878 2518 2010 2572 berii
2034 2526 2291 2588 tempore,
2309 2519 2558 2588 passione
2586 2518 2791 2586 expleta
2811 2527 2967 2585 sunt;
3003 2519 3224 2573 alterum
3253 2533 3404 2586 vero,

1878 2608 2045 2678 priori
2086 2608 2240 2678 longe
2271 2609 2580 2663 dissimilem
2601 2648 2616 2673 ,
2641 2609 2956 2663 diviniorem
2988 2609 3258 2679 multoque
3290 2610 3402 2663 cla-

1876 2679 2093 2761 riorem,
2110 2697 2362 2766 angelicis
2378 2697 2962 2766 cohortibus,omniquc
2976 2698 3233 2751 cmlorum
3249 2713 3402 2753 exer-

1879 2786 1988 2839 citu
2016 2785 2418 2839 circumdatum.
2453 2784 2657 2850 Quibus
2713 2785 2814 2839 rite
2856 2786 3402 2854 respondeatnecesse

1877 2881 1957 2928 est
1973 2875 2173 2943 regula,
2190 2875 2342 2944 quasi
2360 2874 2686 2944 propositum
2704 2873 2892 2928 habeat
2915 2876 3256 2943 apostolicam
3278 2891 3405 2944 prae-

1877 2963 2217 3028 dicationem,
2238 2979 2354 3033 quae
2374 2964 2608 3034 perfecta
2635 2965 3027 3034 purissimaque
3047 2966 3285 3020 veritatis
3307 2970 3402 3020 do-

1875 3062 2049 3124 gmata
2108 3063 2420 3117 conservet,
2470 3055 2675 3108 scilicet
2723 3055 2789 3109 de
2844 3055 3016 3124 prima
3068 3065 3121 3110 et
3166 3056 3401 3110 increata

1878 3143 2249 3198 universorum
2299 3144 2389 3198 Dei
2435 3151 2644 3209 natura,
2687 3153 2739 3198 et
2781 3143 2948 3196 divini
2994 3143 3150 3198 Verbi
3202 3159 3403 3214 praees-

1882 3233 2094 3286 istentia
2145 3240 2304 3301 atque
2351 3232 2672 3294 substantia,
2720 3246 2879 3300 quam
2937 3233 2993 3286 in
3037 3241 3400 3288 creaturarum

232 3319 516 3374 τουτέστιν
545 3316 615 3370 τὰ
649 3317 773 3385 περὶ
798 3316 894 3384 τῆς
922 3311 1134 3384 πρώτης
1157 3312 1249 3364 καὶ
1276 3314 1528 3381 ἁγενήτου
1554 3313 1643 3364 τοῦ
1675 3314 1776 3366 τῶν

1878 3321 2114 3374 omnium
2151 3320 2438 3383 creatione,
2483 3321 2626 3374 sicut
2657 3321 2874 3374 verbum
2921 3361 2931 3372 .
2974 3361 2987 3374 .
3096 3357 3112 3373 .
3155 3358 3168 3372 .
3211 3359 3226 3373 .
3268 3361 3284 3376 .
3325 3362 3340 3376 .
3383 3359 3398 3374 .

232 3412 371 3464 ὅλων
404 3409 547 3462 Θεοῦ
577 3407 808 3476 φύσεως,
843 3405 934 3457 καὶ
964 3403 1029 3456 τὰ
1053 3402 1148 3471 τῆς
1171 3401 1260 3454 τοῦ
1293 3401 1431 3454 θείου
1456 3402 1624 3469 Λόγου
1651 3419 1778 3471 προ-

235 3500 596 3562 υποστᾶσεώς
619 3515 678 3551 τε
722 3498 814 3549 καὶ
847 3495 1157 3565 ὑπουργίας,
1187 3493 1252 3563 ἢν
1277 3493 1366 3546 ἐπὶ
1401 3496 1464 3564 τῇ
1495 3493 1600 3546 τῶν
1625 3509 1780 3564 γενη-

232 3597 340 3651 τῶν
368 3593 636 3648 ἁπάντων
662 3588 1004 3660 δημιουργίᾳ,
1028 3582 1111 3640 οἷα
1141 3586 1202 3656 δὴ
1235 3585 1403 3654 λόγος.

236 3686 1710 3757 (1⁵.5)..............

1876 3683 2066 3748 praeter
2105 3683 2333 3744 quatuor
2377 3674 2584 3728 litteras
2637 3673 2774 3742 apud
2820 3673 3067 3729 Hebraeos
3119 3674 3396 3741 infandas,

1760 3800 1777 3818 .
1875 3781 2101 3836 quarum
2155 3764 2535 3833 conjunctione
2581 3762 2844 3817 inell'abile
2899 3771 3112 3818 constat
3162 3779 3396 3830 nomen,

235 3960 400 4029 χωρὶς
448 3955 566 4008 τῶν
609 3950 884 4020 τεσσάρων
919 3946 1188 4016 στοιχείων
1223 3947 1328 3998 τῶν
1354 3950 1478 4016 παρ’
1515 3945 1779 4015 Ἑϐραίοις

234 4045 662 4115 ἁνεκφωνήτων,
693 4033 766 4093 ὧν
808 4037 892 4090 διὰ
918 4037 1014 4106 τῆς
1046 4035 1334 4098 συνθέσεως
1365 4037 1423 4088 τὸ
1451 4034 1778 4106 σημαινόμε-

234 4155 319 4190 νον
353 4139 536 4204 δνομα
574 4133 807 4202 ἄρρητον
846 4128 1098 4197 ὑπάρχον,
1135 4124 1690 4196 καταχρηστικώτερον
1722 4123 1778 4175 δὲ

240 4248 257 4279 ι
288 4227 499 4298 Κύριος
532 4242 552 4274 ι
586 4220 1020 4288 ἐπικαλούμενον,
1059 4217 1262 4270 οὐδέπω
1292 4216 1416 4268 ποτὲ
1444 4216 1532 4268 ἐπὶ
1563 4216 1776 4284 ἀγγελι-

235 4319 330 4388 κῆς
351 4314 730 4386 παρείληπται
757 4310 1048 4378 δυνάμεως,
1081 4308 1155 4371 ὡς
1181 4307 1483 4376 ἐπιστήσεις
1510 4305 1624 4358 καθ’
1655 4306 1778 4375 ὅλης

235 4406 330 4474 τῆς
361 4401 730 4458 θεοπνεύστου
761 4397 996 4470 Γραφῆς,
1025 4398 1148 4450 ἔνθα
1184 4401 1212 4452 6
1245 4399 1392 4462 Θεὸς,
1430 4399 1462 4469 ἢ
1500 4400 1528 4449 6
1563 4396 1646 4450 διὰ
1685 4397 1776 4448 τοῦ

234 4499 667 4571 τετραγράμμου
694 4491 1009 4562 δηλούμενος
1037 4490 1233 4561 Κύριος
1271 4492 1666 4562 ἀναγέγραπται
1689 4505 1776 4540 κε-

235 4591 502 4661 χρηκέναι
543 4586 657 4638 τισί
680 4601 693 4614 ο
735 4582 955 4652 πότερον
986 4582 1074 4633 ἐπὶ
1118 4581 1215 4649 τὴν
1242 4581 1494 4652 ἀγένητον
1539 4580 1629 4633 τοῦ
1672 4578 1776 4631 τῶν

235 4680 368 4733 ὅλων
393 4676 537 4731 Θεοῦ
565 4675 724 4744 φύσιν
745 4670 1052 4725 ἀνενεκτέον
1082 4669 1147 4722 τὰ
1169 4670 1481 4738 δηλούμενα,
1507 4670 1540 4740 ἦ
1571 4669 1660 4722 ἐπὶ
1687 4669 1774 4722 τὸν

236 4770 425 4822 τούτου
458 4767 657 4833 Λόγον,
681 4763 739 4816 ὃν
765 4761 1006 4832 δεύτερον
1046 4758 1370 4828 τυγχάνοντα
1399 4760 1503 4812 τῶν
1533 4759 1664 4812 ὅλων
1695 4757 1777 4810 af-

235 4876 346 4912 τιον
373 4860 472 4912 καὶ
503 4854 641 4908 Θεὸν
680 4853 773 4905 καὶ
811 4851 1007 4914 Κύριον
1035 4848 1172 4901 κατὰ
1198 4848 1258 4900 τὸ
1305 4849 1685 4918 σημαινόμενον
1713 4850 1775 4900 ὲκ

235 4949 327 5001 τοῦ
362 4948 496 5018 παρ’
531 4942 797 5013 Ἑϐραίοις
829 4940 1060 5009 ἀρρήτου
1091 4938 1342 5006 ὀνόματος
1364 4937 1774 5008 προσαγορεύειν

238 5037 426 5091 εἴωθεν
459 5038 495 5106 ἡ
545 5033 665 5085 θεία
704 5031 910 5101 Γραφή.
953 5028 1060 5081 Καὶ
1101 5027 1232 5098 δῆτα
1262 5029 1351 5079 ἐπὶ
1383 5027 1474 5079 τοῦ
1518 5028 1774 5097 παρόντος

239 5129 513 5197 φήσαντος
543 5120 640 5176 τοῦ
669 5121 844 5188 λόγου,
872 5121 950 5171 ὅτι
971 5117 1052 5187 δή·
1079 5136 1096 5168 ι
1131 5116 1340 5188 Κατέϐη
1373 5116 1588 5186 Κύριος,
1613 5136 1630 5168 ι
1664 5117 1776 5180 καὶ,

243 5234 264 5266 ι
297 5213 467 5270 Εἶπεν
505 5213 729 5283 Κύριος,
777 5229 794 5258 ι
825 5207 893 5260 τὰ
935 5206 1401 5275 ἀναγεγραμμένα,
1449 5204 1670 5275 ζητήσαι
1710 5205 1774 5258 ἄν

241 5323 320 5369 τις
352 5306 594 5376 εὐλόγως
625 5302 732 5352 εἴτε
766 5299 855 5350 ἐπί
885 5313 1001 5348 τινα
1035 5294 1140 5346 τῶν
1171 5295 1432 5361 ἀγγέλων,
1465 5292 1570 5344 εἴτε
1601 5296 1690 5346 ἐπὶ
1714 5293 1773 5346 τὸ

240 5397 453 5466 πρῶτον
499 5393 672 5445 αἴτιον
719 5389 814 5458 τὴν
858 5383 1126 5455 ἀναφορὰν
1172 5383 1280 5452 ἔχει
1326 5384 1385 5435 τὸ
1439 5382 1768 5452 δηλούμενον.

251 5486 389 5538 Ἀλλ’
424 5486 521 5538 ἐπὶ
567 5483 662 5552 μὲν
686 5476 924 5546 ἀγγέλων
959 5474 1054 5542 οὐχ
1088 5468 1194 5524 οἷόν
1239 5489 1326 5524 τε·
1353 5470 1506 5524 τοῦτο
1549 5473 1664 5540 μὲν,
1695 5473 1772 5523 ὅτι

241 5575 517 5630 κάνταῦθα
546 5573 606 5624 τὸ
644 5591 661 5620 ι
689 5568 883 5637 Κύριος
911 5584 928 5615 ι
957 5564 1042 5617 διὰ
1072 5565 1167 5632 τῆς
1195 5561 1565 5631 ἅνεκφωνήτου
1590 5561 1774 5632 παρεί-

1877 3857 2149 3911 abusivius
2176 3869 2301 3909 vero
2334 3872 2352 3904 ‹
2382 3854 2639 3907 Dominus
2669 3872 2687 3904 ι
2720 3853 3088 3920 nominatum;
3117 3870 3395 3925 nunquam

1877 3947 1942 4002 de
1971 3945 2208 4014 angelica
2243 3950 2503 4012 potestate
2551 3949 2866 4011 usurpatum
2903 3951 3008 4006 est,
3051 3953 3108 3996 ut
3154 3945 3398 3998 attendas

1877 4038 1930 4090 in
1959 4036 2098 4090 omni
2131 4034 2386 4088 divinitus
2416 4031 2674 4100 inspirata
2700 4030 2999 4101 Scriptura,
3033 4033 3121 4086 ubi
3147 4033 3286 4090 Deus
3312 4035 3395 4088 vel

1875 4142 1969 4196 per
2019 4133 2487 4195 tetragrammaton
2538 4122 2847 4192 designatus
2895 4123 3151 4179 Dominus
3203 4124 3399 4178 inscri-

1875 4225 1998 4286 ptus
2043 4224 2145 4278 est,
2195 4230 2315 4268 cum
2355 4211 2672 4282 quibusdam
2726 4214 3041 4268 collocutus.
3092 4212 3282 4267 Utrum
3331 4215 3396 4268 ad

1877 4310 2162 4362 increatam
2185 4305 2420 4358 omnium
2450 4303 2541 4357 Dei
2563 4309 2806 4354 naturam
2831 4301 3104 4356 referenda
3127 4310 3252 4355 sunt
3278 4318 3398 4371 qua:

1876 4395 2252 4457 ostenduntur,
2300 4392 2383 4446 vel
2413 4391 2479 4445 ad
2527 4389 2686 4457 hujus
2717 4387 2972 4453 Verbum,
3017 4387 3158 4459 quod
3207 4404 3398 4443 secun-

1877 4488 1997 4540 dam
2034 4484 2402 4538 universorum
2438 4493 2677 4542 causam,
2717 4485 2770 4532 et
2801 4477 2984 4544 Deum,
3014 4485 3065 4533 et
3094 4477 3396 4540 Dominum,

1879 4575 2171 4631 secundum
2216 4570 2499 4627 ineﬂ‘abilis
2541 4567 2682 4638 apud
2720 4567 2973 4623 Hebrteos
3021 4568 3252 4622 nominis
3279 4584 3400 4622 sen-

1880 4680 1995 4720 sum
2042 4665 2309 4733 appellare
2337 4668 2476 4722 solet
2518 4666 2698 4719 divina
2735 4661 3032 4728 Scriptura.
3069 4658 3127 4710 Et
3162 4657 3399 4725 profecto

1880 4756 1932 4808 in
1971 4754 2074 4806 hoc
2117 4763 2264 4808 textu
2317 4770 2424 4824 quo
2481 4753 2746 4819 scribitur
2782 4770 2794 4804 :
2850 4766 2867 4797 ι
2897 4746 3179 4802 Descendit
3219 4744 3405 4798 Domi-.

1878 4845 2046 4908 nus“;
2080 4861 2098 4894 ι
2143 4852 2196 4896 et
2240 4863 2252 4896 :
2286 4861 2303 4893 ι
2335 4843 2480 4895 Dixit
2536 4839 2869 4903 Dominus“;
2905 4857 2923 4888 ι
2972 4835 3163 4889 merito
3203 4833 3398 4904 aliquis

1877 4941 2058 5006 posset
2096 4934 2367 5002 inquirere
2408 4947 2474 4985 an
2519 4933 2631 4984 hate
2675 4928 2934 4983 vocabula
2978 4926 3043 4980 ad
3087 4925 3394 4994 angelorum

1875 5023 2175 5094 quemdam,
2202 5021 2285 5074 vel
2331 5020 2394 5074 ad
2421 5021 2642 5089 primam
2689 5017 2924 5071 omnium
2957 5029 3174 5069 causam
3207 5013 3394 5068 referri

1880 5113 2122 5166 debeant.
2165 5109 2360 5163 Verum
2400 5108 2465 5162 de
2511 5107 2711 5178 angelis
2741 5106 2870 5160 illud
2904 5106 3120 5159 minime
3157 5103 3261 5158 dici
3301 5120 3396 5174 po-

1877 5209 2012 5260 test;
2041 5198 2271 5268 primum
2333 5196 2546 5266 quidem
2577 5194 2719 5265 quod
2757 5209 2856 5248 vox
2901 5193 2990 5246 illa
3037 5212 3056 5245 ι
3088 5192 3342 5247 Dominus
3371 5211 3390 5244 ι

1877 5287 2124 5343 ineffabili
2155 5287 2504 5357 appellatione
2528 5287 2864 5356 designetur;
2889 5283 3078 5339 deinde
3105 5284 3246 5354 quod
3277 5284 3396 5338 aliis

1878 5381 1976 5436 sibi
2006 5379 2266 5446 subjectis
2290 5378 2450 5431 verba
2483 5376 2658 5430 facere
2692 5377 2948 5430 videatur.
2982 5373 3192 5428 Rursus
3219 5381 3395 5427 autem

1876 5468 1940 5521 de
1959 5467 2114 5520 Patre
2145 5475 2198 5520 et
2217 5465 2453 5519 omnium
2489 5464 2592 5519 Deo
2615 5464 2906 5533 impropria
2934 5470 3074 5518 esset
3097 5462 3394 5523 sententia;

1879 5560 2018 5613 hunc
2058 5558 2197 5613 enim
2239 5571 2344 5612 non
2391 5555 2602 5611 deceret
2640 5555 2855 5610 dicere:
2888 5570 2905 5603 ι
2940 5551 3142 5617 Venite,
3173 5549 3391 5606 desceno

313 5754 331 5781 ε
368 5749 524 5804 ιοαη,
567 5762 619 5812 ι³
663 5746 710 5801 ί,
789 5742 807 5771 δ
847 5739 924 5794 lsa
979 5735 1190 5805 LIIILQ.
1267 5737 1288 5767 ⁸
1325 5734 1454 5789 Gen.
1491 5749 1579 5802 XI,
1613 5735 1663 5790 5.
1740 5739 1759 5766 '
1795 5735 1924 5793 ibid.
1959 5734 2012 5790 6.

3826 5501 3840 6282 Ἤ
