3926 6404
280 419 443 478 1029

1302 429 1595 498 ECLOGA
1627 431 2092 487 PROPHETICE.
2130 462 2195 471 -—
2232 432 2355 488 LIB.
2389 433 2429 487 Ι.

3305 438 3442 493 {C50

272 557 393 607 σας
435 546 683 619 Ἀϐραὰμ
718 546 887 617 εἶπεν,
934 553 1022 624 Μὴ
1068 554 1417 625 συναπολέσῃς
1454 556 1650 610 δίκαιον
1693 573 1789 625 μετ

1886 586 1894 617 ,
1923 554 2042 623 pio?
2063 552 2204 607 Sitve
2217 554 2397 618 justus
2420 553 2721 622 utimpius?
2748 551 2802 607 Si
2831 555 3026 610 fuerint
3053 555 3436 626 quinquaginta

262 632 528 700 ἀσεϐοῦς
547 654 561 667 '
592 639 685 692 xui.
714 638 861 695 ἔσται
887 643 915 695 6
951 642 1149 706 δίκαιος
1178 643 1252 707 ὡς
1290 646 1319 696 6
1360 646 1577 716 ἀσεϐής·
1607 646 1700 698 ἐὰν
1725 641 1789 698 ὣς

1920 643 2049 711 justi
2074 643 2126 695 in
2142 642 2370 707 civitate,
2400 643 2646 711 peribunt
2661 643 2853 697 simul?
2902 644 3086 699 Nonne
3110 660 3295 713 parces
3315 646 3435 699 loco

260 726 633 796 ’πεντήκοντα
674 729 863 784 δίκαιοι
910 734 966 785 ὲν
1002 736 1066 804 τῇ
1101 735 1268 797 πόλει,
1297 734 1573 796 ἀπολέσεις
1599 734 1819 797 αὐτούςς

1924 733 1999 785 illi
2038 742 2249 802 propter
2284 735 2661 804 quinquaginta
2698 735 2894 802 justos,
2938 738 2984 790 si
3027 737 3224 791 fuerint
3250 739 3306 792 in
3335 738 3434 794 eo?

262 812 406 865 υὺκ
438 815 659 887 ἀνήσεις
676 818 847 872 πάντα
874 820 961 873 τὸν
984 821 1141 875 τόπον
1171 824 1347 876 ἕνεκεν
1371 822 1474 874 τῶν
1498 824 1789 891 πεντήκοντη

1925 821 2129 875 Absita
2173 828 2226 876 te
2252 832 2311 875 ut
2337 839 2445 877 rem
2474 824 2613 877 hanc
2640 823 2827 886 facias,
2875 831 2928 878 et
2966 826 3180 881 occidas
3220 827 3428 895 justum

254 899 538 969 δικαίων,
560 907 654 961 ἐὰν
682 902 810 962 ὦσιν
838 912 893 962 ὲν
919 912 1050 980 αὐτῇ
1071 928 1085 976 ;
1112 911 1383 982 Μηδαμῶς
1404 912 1467 963 σὺ
1496 913 1731 980 ποιήσεις
1750 911 1789 962 ὠ

1922 925 2041 964 cum
2072 911 2255 979 impio,
2286 911 2479 981 ﬁatque
2501 913 2678 980 justus
2699 912 2840 966 sicut
2859 913 3073 980 impius;
3091 930 3197 969 non
3223 925 3305 971 est
3326 918 3428 970 hoc

250 992 336 1044 τὸ
373 994 538 1064 ῥῆμα
560 996 713 1050 τοῦτο
731 999 823 1051 τοῦ
854 1001 1159 1053 ἀποκτεῖναι
1182 1000 1380 1053 δίκαιον
1405 1000 1537 1069 μετά
1566 999 1812 1062 ἀσεϐοῦς

252 1085 379 1137 καὶ
414 1085 571 1142 ἔσται
602 1090 630 1141 6
660 1089 856 1152 δίκαιος
886 1090 958 1152 ὡς
992 1092 1020 1143 ὀ
1054 1090 1277 1160 ἀσεϐήςο
1312 1088 1598 1159 μηδαμῶς·
1632 1091 1659 1141 6
1701 1089 1815 1159 κρί-

250 1188 390 1227 νων
416 1179 598 1229 πᾶσαν
628 1178 723 1247 τὴν
749 1178 849 1247 γῆν
878 1179 936 1229 οὐ
982 1179 1220 1247 ποιήσεις
1257 1178 1463 1247 κρίσιν;
1504 1197 1522 1228 ι
1564 1177 1668 1229 Καὶ
1699 1176 1812 1245 μεθ’

242 1260 454 1334 ἕτερά
486 1282 648 1335 φησιν
694 1268 726 1336 ἡ
775 1267 992 1336 Γραφή·
1056 1287 1074 1318 ι
1114 1265 1366 1335 Ἀπῆλθεν
1406 1265 1459 1317 δὲ
1501 1267 1696 1336 Κύριος
1739 1267 1813 1328 ὼς

242 1350 567 1406 ἐπαύσατο
593 1353 762 1406 λαλῶν
784 1354 859 1425 τῷ
892 1354 1145 1425 Ἀϐραάμ.
1178 1355 1429 1424 Είσῆλθον
1455 1356 1509 1407 δὲ
1538 1356 1628 1407 καὶ
1655 1358 1700 1407 οί
1722 1353 1813 1406 δύο

1920 1007 2089 1061 tuum,
2120 1002 2211 1069 qui
2228 1001 2439 1069 judicas
2465 1017 2673 1056 omnem
2712 1010 2908 1057 terram
2942 1019 2957 1067 ;
2988 1018 3316 1074 nequaquam
3346 1007 3426 1061 fa-

1917 1091 2025 1144 cics
2047 1090 2303 1157 judicium
2361 1092 2462 1145 hoc
2497 1094 2564 1145 ³⁷.
2594 1110 2612 1143 ›
2646 1091 2711 1144 Ει
2754 1099 2873 1161 post
2903 1106 3072 1161 pauca
3116 1094 3245 1147 dicit
3281 1095 3426 1152 Scri—

1915 1184 2066 1244 ptura
2083 1196 2094 1229 :
2109 1196 2125 1227 ‹
2136 1178 2275 1230 Abiit
2290 1185 2462 1232 autem
2480 1178 3036 1249 Dominus,postquam
3049 1184 3423 1254 cessavitloqui

1914 1265 1977 1319 ad
1993 1265 2257 1318 Abraham
2275 1267 2345 1331 ³⁸;
2372 1275 2733 1336 veneruntque
2759 1269 2864 1322 duo
2885 1270 3056 1338 angeli
3072 1271 3126 1323 in
3144 1268 3423 1327 Sodomam

1914 1369 2149 1422 vespere,
2181 1362 2235 1409 et
2262 1356 2478 1411 sedente
2506 1356 2604 1412 Lot
2631 1359 2688 1411 in
2716 1357 2918 1414 foribus
2937 1359 3168 1414 civitatis
3193 1362 3254 1415 ".
3291 1380 3310 1412 ι

236 1440 508 1510 ἄγγελοι
529 1447 606 1507 είς
635 1445 836 1515 Σόδομα
865 1447 1121 1516 ἑσπέρας·
1157 1446 1273 1499 Λὼτ
1306 1448 1359 1500 δὲ
1396 1447 1625 1515 ἐκάθητο
1664 1447 1809 1516 παρά
1841 1446 1937 1516 τὴν
1968 1446 2135 1518 πύλην
2160 1449 2417 1519 Σοδόμων.
2448 1469 2465 1502 ι

347 1536 687 1607 Ἐπιστῆσαι
720 1538 862 1610 άξιρν
906 1540 1125 1610 πότερον
1166 1541 1383 1608 ἄγγελος
1417 1543 1445 1593 ὀ
1470 1539 1640 1609 τυχὼν
1677 1541 1812 1593 κατά

230 1626 405 1689 τοὺς
430 1598 633 1692 τόπους
663 1598 907 1698 δηλόῦκται
938 1634 965 1683 ὀ
990 1598 1110 1693 τόὺς
1142 1598 1695 1702 χρηματίσμοὺςῃπρὸς
1721 1632 1808 1685 τὸν

241 1713 950 1789 Ἀδραάμλπεποιημένοᾳ
989 1721 1020 1790 ἢ
1048 1721 1202 1783 αὐτὸς
1237 1723 1265 1771 ὀ
1307 1721 1413 1773 τῶν
1440 1721 1570 1773 ὅλων
1594 1722 1741 1784 Θεὸς.
1772 1722 1802 1792 ἢ

225 1805 463 1874 τρίτος
499 1825 581 1869 τις
612 1808 756 1878 παρά
790 1809 1001 1871 τούτους
1035 1812 1063 1862 6
1092 1810 1181 1862 τοῦ
1223 1810 1353 1862 Θεοῦ
1380 1811 1560 1878 Λόγος,
1585 1810 1641 1863 ὃν
1672 1810 1803 1880 μετά

227 1894 353 1948 τὸν
392 1895 659 1948 ἀνωτάτω
690 1897 900 1967 Πατέρα
926 1897 1016 1950 καὶ
1038 1897 1165 1950 Θεὸν
1200 1898 1303 1951 τῶν
1333 1899 1463 1951 ὅλων
1489 1898 1684 1969 Κύριον
1712 1900 1802 1952 καὶ

224 1983 404 2036 Θεὸν
437 1984 731 2047 ἀποκαλεῖν
755 1984 870 2048 ἔθος
892 1990 955 2056 τῇ
986 1989 1099 2057 ἱερᾷ
1123 1988 1335 2060 Γραφῇ·
1365 1987 1441 2039 ἔτι
1470 2005 1527 2040 τε
1557 1988 1798 2057 ζητῆσαι,

226 2074 343 2134 τίς
380 2067 459 2142 ἦν
500 2074 530 2125 6
559 2072 665 2126 τῶν
692 2075 852 2143 τριῶν
887 2075 992 2127 τῶν
1036 2077 1295 2143 ὀφθέντων
1326 2076 1402 2145 τῷ
1443 2076 1681 2147 Ἀϐραὰμ
1714 2079 1803 2131 ἀν-

228 2161 436 2232 δρῶν,
477 2162 613 2232 πρὸς
639 2162 695 2215 ὃν
722 2164 878 2226 αὐτός
905 2181 961 2216 τε
984 2162 1149 2227 εἶπεν,
1184 2184 1202 2214 ι
1234 2167 1419 2238 Κύριε,
1443 2171 1489 2220 εί
1514 2163 1664 2234 εὗρον
1707 2169 1801 2239 χά-

236 2266 345 2318 ριν
386 2251 635 2302 ἐναντίον
664 2267 755 2302 σου
780 2268 793 2280 ·
836 2270 853 2302 ι
888 2254 977 2305 καὶ
1003 2254 1179 2320 πάλιν,
1223 2273 1242 2305 ι
1281 2256 1549 2327 Μηδαμῶς
1572 2276 1585 2287 ·
1620 2260 1648 2311 6
1686 2258 1801 2328 κρί-

228 2356 364 2392 νων
417 2342 601 2393 πᾶσαν
638 2340 735 2411 τὴν
774 2341 874 2410 γῆν
905 2343 964 2394 ού
999 2345 1235 2413 ποιήσεις
1279 2347 1481 2416 κρίσιν’
1518 2367 1537 2399 ι
1572 2349 1696 2419 περὶ
1738 2342 1798 2401 οὗ

228 2430 350 2482 καὶ
374 2430 414 2497 ἠ
446 2427 569 2480 θεία
599 2428 784 2499 Γραφὴ
822 2431 882 2482 οὐ
915 2430 1067 2501 μόνον
1097 2433 1323 2503 πρῶτον,
1348 2435 1475 2488 ἀλλά
1501 2437 1590 2490 καὶ
1625 2437 1799 2490 δεύτε-

234 2532 350 2587 ρον
398 2516 502 2569 καὶ
546 2516 723 2582 τρίτον
773 2518 1045 2587 ίστορικῶς
1086 2537 1262 2590 φησιν,
1297 2540 1314 2572 ι
1352 2523 1519 2594 Ὠφθη
1560 2524 1615 2575 δὲ
1656 2524 1798 2595 αὐτῷ

230 2604 495 2675 Κύριος,
529 2624 550 2658 ι
596 2606 688 2658 ἐπὶ
715 2609 779 2676 τῇ
809 2606 869 2674 (f.
908 2607 962 2675 5)
997 2626 1016 2659 ι
1048 2609 1244 2680 Κύριος
1275 2629 1294 2662 ι
1336 2614 1665 2683 προσηγορίᾳ
1704 2613 1793 2665 τοῦ

229 2696 649 2766 ἁνεκφωνήτου
682 2698 738 2749 ὲν
768 2697 844 2766 τῷ
881 2697 1144 2767 Ἐὁραῖκῷ
1170 2702 1489 2769 τεταγμένου
1523 2703 1791 2771 ὀνόματος,

228 2785 395 2855 ὅπερ
422 2784 768 2839 οὐδεπώποτε
807 2787 897 2839 ἐπὶ
928 2787 1210 2857 ἀγγελικῆς
1237 2788 1506 2858 δυνάμεως
1543 2791 1795 2861 παρείλη-

228 2892 414 2928 πται.
452 2874 591 2928 Ὅτε
618 2874 748 2942 γοῦν
774 2876 802 2927 ὁ
837 2874 956 2929 Λὼτ
978 2881 1085 2940 τοῖς
1125 2878 1202 2940 είς
1226 2877 1423 2948 Σόδομα
1450 2879 1684 2935 ἐλθοῦσιν
1706 2883 1794 2948 ἀγ-

227 2966 438 3034 γέλοις
472 2965 880 3036 ἀναγέγραπται
899 2965 1086 3032 λέγων,
1119 2984 1137 3016 ι
1165 2966 1379 3035 Δέομαί,
1400 2967 1584 3038 Κύριε,
1611 2969 1790 3039 ἐπειδὴ

232 3052 416 3125 εὗρεν
448 3056 481 3106 6
509 3058 640 3118 παῖς
683 3072 772 3107 σου
795 3054 937 3118 ἕλεος
967 3054 1186 3109 ἐνώπιόν
1220 3074 1329 3119 σου,
1362 3076 1380 3108 ι
1413 3060 1580 3110 κεῖται
1608 3059 1703 3128 μὲν
1736 3061 1792 3111 ἐν

1981 1538 2131 1594 Scire
2159 1549 2240 1594 est
2261 1556 2434 1610 opera;
2476 1542 2727 1611 pretium,
2775 1551 2956 1597 utrum
2992 1545 3062 1598 sit
3091 1546 3309 1615 angelus
3329 1547 3419 1616 qui

1908 1627 1991 1681 bis
2039 1630 2093 1681 in
2150 1626 2437 1698 Scriptura:
2481 1630 2614 1684 locis
2656 1632 2962 1687 Abrahamo
2997 1635 3309 1701 apparuisse
3339 1650 3422 1692 os-

1903 1717 2154 1781 tenditur,
2186 1733 2252 1771 an
2280 1719 2393 1787 ipse
2419 1720 2656 1772 omnium
2683 1720 2843 1787 Deus,
2876 1722 2959 1774 vel
2986 1721 3174 1775 tertius
3203 1723 3417 1791 aliquis,

1901 1802 1991 1857 Dei
2018 1804 2220 1858 scilicet
2236 1804 2483 1868 Verbum,
2509 1821 2663 1874 quem
2689 1814 2807 1876 post
2836 1807 3154 1861 altissimum
3172 1807 3407 1873 Patrem,

1900 1898 1951 1945 et
1977 1891 2137 1961 Deum
2161 1893 2393 1946 omnium
2411 1893 2708 1959 Dominum,
2732 1902 2784 1949 et
2804 1895 2967 1949 Deum
2985 1910 3175 1949 vocare
3190 1898 3242 1950 in
3263 1912 3414 1952 sacra

1904 1978 2178 2049 Scriptura
2252 1982 2453 2047 solent;
2502 1998 2708 2037 necnon
2766 1984 3038 2052 inquirere
3081 1985 3202 2054 quis
3273 1992 3416 2040 esset

1897 2070 2058 2121 trium
2086 2071 2341 2137 virorum,
2371 2073 2461 2140 qui
2494 2071 2795 2126 Abrahamo
2836 2073 2937 2126 visi
2982 2082 3127 2135 sunt,
3159 2071 3227 2124 ad
3254 2087 3409 2140 quem

1896 2157 1986 2211 ille
2014 2158 2206 2213 dixerit
2235 2178 2247 2211 :
2284 2179 2303 2210 ι
2339 2159 2577 2226 Domine,
2613 2162 2658 2215 si
2702 2163 2879 2216 inveni
2912 2162 3135 2231 gratiam
3160 2162 3213 2215 in
3241 2161 3415 2216 oculis

1895 2247 2001 2300 tuis
2027 2247 2109 2312 ’°;
2147 2266 2166 2298 ›
2200 2257 2252 2301 et
2271 2263 2458 2304 rursus
2497 2269 2509 2303 :
2539 2268 2556 2300 ι
2592 2249 2709 2304 Non
2746 2259 2826 2304 est
2850 2251 2952 2305 hoc
2981 2260 3130 2305 tuum
3163 2269 3176 2304 :
3208 2251 3301 2319 qui
3319 2250 3410 2319 ju-

1896 2334 2042 2390 dicas
2078 2351 2288 2390 omnem
2318 2345 2532 2399 terram,
2560 2353 2893 2408 nequaquam
2945 2339 3109 2394 facies
3148 2340 3408 2408 judicium

1894 2421 1994 2475 boc
2022 2424 2087 2476 “.
2123 2441 2143 2473 ι
2186 2421 2260 2476 De
2287 2439 2394 2492 quo
2422 2434 2473 2479 et
2519 2424 2698 2479 divina
2754 2424 3022 2495 Scriptura
3064 2441 3171 2480 non
3200 2416 3406 2480 tantum

1895 2511 2077 2576 semel,
2106 2512 2197 2566 sed
2228 2528 2416 2568 rursus
2448 2522 2501 2568 et
2548 2517 2704 2569 tertio
2756 2531 2945 2584 reapse
2987 2516 3160 2569 dixit:
3194 2533 3214 2565 ‹
3247 2514 3406 2569 Visus

1893 2611 2066 2658 autem
2107 2606 2155 2659 ei
2198 2604 2454 2661 Dominus
2475 2611 2538 2671 ²²,
2582 2627 2600 2659 ι
2632 2609 2718 2662 ubi
2753 2626 2771 2659 ι
2808 2608 3062 2664 Dominus
3100 2628 3119 2660 ι
3157 2588 3405 2664 ineffabili

1892 2694 2241 2761 appellatione
2293 2697 2348 2748 in
2396 2694 2679 2750 Hebraico’
2712 2704 2860 2751 textu
2904 2697 3235 2767 designatur,
3289 2713 3408 2767 qua:

1891 2782 2092 2835 scilicet
2132 2798 2393 2852 nusquam
2426 2786 2491 2839 de
2526 2786 2762 2854 angelica
2805 2795 3064 2855 potestate
3093 2796 3402 2857 usurpatur.

1888 2870 2020 2924 Cum
2052 2872 2211 2941 igitur
2251 2874 2347 2928 Lot
2390 2876 2722 2932 venientibus
2773 2878 2826 2930 in
2878 2876 3160 2931 Sodomam
3197 2877 3401 2946 angeiis

1888 2960 2084 3015 dixisse
2112 2961 2311 3017 fertur:
2343 2983 2362 3015 ι
2395 2963 2604 3032 Quaeso,
2649 2966 2866 3021 Domine
2903 2968 2997 3029 mi,
3028 2968 3154 3036 quia
3192 2968 3394 3022 invenit

1889 3061 2075 3103 servus
2100 3059 2224 3106 tuus
2249 3053 2468 3120 gratiam
2500 3069 2679 3108 coram
2723 3063 2777 3109 te
2822 3057 2888 3119 ⁸⁸,
2953 3076 2971 3107 ι
3030 3056 3299 3111 invenitur
3345 3057 3401 3111 in

228 3144 320 3216 τῷ
351 3141 640 3212 Ἐϐραῖκῷ
671 3141 751 3204 τὸ,
778 3161 795 3192 ι
821 3142 1006 3212 Κύριε,
1032 3163 1048 3193 ι
1072 3143 1182 3195 ἀλλ’
1210 3145 1267 3195 ού
1287 3144 1370 3196 διὰ
1391 3144 1493 3196 τῶν
1523 3147 1789 3216 τεσσάρων

1890 3135 2148 3192 Hebraico
2174 3148 2340 3204 textu,
2369 3160 2388 3192 ι
2423 3142 2662 3206 Domine,
2695 3163 2712 3194 ι
2747 3145 2838 3197 sed
2872 3161 2978 3199 non
3008 3156 3235 3214 quatuor
3266 3147 3402 3201 litte-

233 3233 540 3305 στοιχείων
579 3230 686 3284 τῶν
717 3232 842 3301 παρ’
880 3231 1141 3301 Ἑϐραίοις
1168 3232 1257 3284 ἐπὶ
1295 3232 1385 3285 τοῦ
1416 3233 1645 3303 ἀρρήτου
1673 3235 1788 3286 ὀνό-

233 3340 426 3394 ματος
459 3320 559 3375 τοῦ
604 3320 739 3373 Θεοῦ
780 3319 1353 3391 παραλαμϐανομένων,
1391 3321 1456 3373 δι’
1495 3322 1690 3392 ἐτέρων
1732 3323 1786 3375 δὲ

232 3407 537 3467 συλλαϐῶν
566 3411 634 3463 δι’
663 3404 735 3462 ὧν
763 3410 853 3462 καὶ
876 3411 904 3462 6
927 3409 1053 3478 παρ’
1084 3409 1375 3479 ἀνθρώποις
1405 3410 1786 3480 ὀνομαζόμενος

228 3503 440 3574 κύριος
497 3499 609 3552 τῶν
640 3498 774 3569 πρός
794 3514 845 3550 τι
886 3498 1176 3566 τυγχάνων,
1203 3494 1308 3549 οἷον
1346 3499 1547 3551 οἰκέτου
1583 3499 1783 3570 κύριος,

228 3592 380 3663 παρ’
423 3589 701 3661 Ἑϐραίοις
733 3587 1116 3656 ἐγγέγραπταισ
1150 3585 1260 3638 ἀλλ’
1303 3588 1450 3640 οὐδέν
1497 3605 1557 3656 γε
1584 3588 1784 3650 τούτοις

230 3680 366 3751 ιχον
400 3678 781 3749 παραπλήσιον
818 3677 878 3729 τὸ
922 3679 1010 3729 ἐπὶ
1053 3680 1148 3748 τῆς
1184 3676 1274 3729 τοῦ
1315 3676 1442 3728 Θεοῦ
1483 3676 1785 3737 αύθεντείας

227 3771 326 3824 διὰ
360 3770 477 3822 τῶν
519 3769 797 3838 τεσσάρων
839 3767 1103 3835 στοιχείων
1148 3767 1685 3838 παραλαμϐανόμενον
1728 3766 1782 3819 ἔν

227 3876 293 3912 τε
325 3860 456 3921 ταῖς
479 3854 986 3925 ἀναγεγραμμέναις
1013 3854 1102 3906 τοῦ
1123 3854 1252 3907 Θεοῦ
1275 3855 1404 3925 πρὸς
1434 3855 1520 3907 τὸν
1546 3855 1782 3926 Ἀϐραὰμ

229 3949 538 4010 ὀπτασίαις
594 3946 952 4016 ἐμφερόμενον
1006 3945 1183 4011 σαφῶς
1231 3946 1543 4015 παρίστησιν
1574 3985 1589 4008 ,
1652 3946 1780 4014 μηδὲ

230 4040 500 4108 ἄγγελον,
577 4036 711 4107 μηδὲ
753 4035 911 4104 ὀλίγῳ
951 4034 1131 4087 τοῦτον
1175 4035 1627 4105 ὲπαναόεόηκυῖάν
1666 4052 1781 4087 τινα

229 4129 395 4183 θείαν
439 4127 674 4195 δύναμιν
701 4123 845 4193 αὐτῷ
874 4124 1340 4194 κεχρηματικέναι,
1372 4124 1481 4175 ἀλλ’
1506 4124 1662 4175 αὐτὸν
1689 4123 1778 4175 τὸν

229 4218 398 4283 Θεὸν,
429 4211 497 4271 οῦ
524 4216 625 4285 τὴν
673 4215 900 4283 ἄρρητον
932 4213 1245 4282 ὲκφώνησιν,
1290 4213 1451 4280 αὐτὴν
1496 4213 1557 4282 δὴ
1582 4211 1777 4281 ταύτην

229 4309 383 4362 κατά
402 4308 538 4369 τοὺς
564 4305 760 4366 τόπους
788 4303 871 4354 διὰ
897 4302 999 4355 τῶν
1030 4304 1295 4372 τεσσάρων
1330 4301 1595 4371 στοιχείων
1617 4304 1778 4372 ἐμφε-

234 4398 506 4470 ρομένην,
533 4394 696 4464 μόνος
727 4392 754 4444 ὀ
780 4391 1062 4460 ἀρχιερεὺς
1095 4392 1184 4443 ἐπὶ
1217 4390 1307 4443 τοῦ
1355 4390 1595 4459 μετώπου
1630 4407 1777 4460 περι-

1888 3227 1963 3280 ris
1994 3227 2304 3298 designatus
2354 3245 2470 3297 quae
2519 3233 2657 3299 apud
2698 3232 2949 3287 Hebraeos
2998 3234 3259 3289 ineﬂ‘abile
3305 3236 3396 3290 Dei

1885 3331 2077 3370 nomen
2105 3321 2428 3386 exprimunt,
2485 3321 2577 3375 sed
2632 3323 2732 3374 alia
2789 3323 3237 3387 denominatione,
3281 3341 3399 3395 qua:

1882 3404 2039 3472 vuigo
2059 3407 2198 3474 apud
2229 3407 2473 3461 Hebraeos
2504 3409 2569 3463 de
2593 3410 2819 3477 alicujus
2853 3411 2991 3465 inter
3024 3413 3263 3468 homines
3297 3414 3396 3468 do-

1882 3495 2048 3560 mino,
2077 3497 2239 3550 veluti
2264 3497 2330 3550 de
2359 3500 2496 3552 servi
2519 3498 2752 3560 domino,
2778 3510 3081 3567 usurpatur.
3104 3500 3245 3553 Nihil
3274 3516 3398 3554 vero

1882 3584 1987 3638 tale
2014 3586 2251 3638 invenias
2275 3586 2328 3638 in
2356 3584 2786 3640 denominatione
2813 3602 2929 3655 quas
2953 3586 3017 3639 ad
3045 3586 3138 3640 Dei
3161 3591 3393 3641 auctori-

1880 3684 2038 3729 tatem
2069 3683 2292 3744 spectat,
2328 3676 2382 3728 in
2409 3684 2844 3743 tetragrammalo
2894 3675 3114 3738 scilicet,
3159 3677 3298 3745 quod
3338 3677 3392 3730 in

1879 3763 2059 3817 relatis
2103 3762 2195 3817 Dei
2223 3764 2289 3816 ad
2314 3763 2670 3816 Abraltamtim
2715 3763 3136 3832 apparitionibus
3168 3779 3395 3833 usurpa-

1878 3861 1984 3907 tur.
2012 3852 2121 3905 Hoc
2157 3854 2334 3922 itaque
2358 3869 2455 3907 nec
2485 3854 2724 3925 angelus,
2770 3867 2869 3906 nec
2898 3853 3085 3921 angelo
3115 3856 3276 3922 paulo
3302 3870 3393 3908 su-

1879 3945 2054 4012 perior
2075 3945 2253 4012 aliqua
2280 3944 2457 3997 divina
2483 3952 2720 4013 potestas
2753 3943 3087 4012 designatur,
3118 3945 3208 3997 sed
3254 3943 3393 4000 Deus

1876 4031 2007 4099 ipse,
2036 4034 2188 4099 cujus
2216 4031 2476 4085 inelfabile
2508 4047 2722 4092 nomen,
2776 4040 2958 4099 utpote
2983 4032 3234 4088 distincte
3261 4049 3395 4102 qua-

1874 4129 1995 4175 tuor
2040 4121 2233 4175 litteris
2271 4131 2564 4183 exaratum,
2617 4121 2763 4175 solus
2826 4136 3064 4176 summus
3130 4123 3389 4191 pontifex,

1873 4210 2046 4263 fronte
2102 4191 2341 4279 gestabat
2378 4211 2434 4262 in
2465 4211 2659 4263 lamina
2703 4225 2863 4265 aurea
2915 4225 3032 4278 quae
3087 4212 3390 4279 appellabao

1872 4308 1958 4351 tur
1996 4317 2009 4352 :
2048 4318 2066 4349 ι
2123 4300 2373 4353 Caelatum
2419 4300 2673 4367 sigillum,
2713 4308 2953 4355 sanctum
3002 4298 3227 4354 Domino
3262 4301 3326 4355 “.
3366 4319 3388 4354 ι

1872 4389 2208 4443 Manifestum
2238 4397 2318 4443 est
2351 4396 2526 4442 autem
2553 4389 2787 4442 divinam
2807 4387 3139 4456 Scripturam
3168 4404 3274 4443 non
3308 4390 3390 4444 in-

231 4489 419 4542 έκειτο
470 4485 655 4554 φέρων
696 4481 786 4533 ἐπὶ
813 4478 903 4530 τοῦ
930 4479 1123 4549 χρυσοῦ
1157 4481 1378 4533 πετάλου
1421 4480 1477 4532 τὸ
1501 4480 1777 4549 λεγόμενον

1886 4480 2281 4533 discriminatim
2321 4479 2458 4532 hanc
2496 4480 2696 4549 angelis
2736 4479 3045 4531 attribuisse
3073 4478 3391 4533 denomina-

237 4593 257 4625 ο
279 4574 630 4640 Ἐκτύπωμα
661 4568 961 4640 σφραγίδος,
989 4567 1358 4638 άγιάσμα[τος]
1385 4570 1599 4638 Κυρίου.
1632 4588 1649 4618 ι
1674 4569 1780 4621 Καὶ

231 4664 317 4717 ὃτι
350 4680 419 4732 γε
447 4662 555 4713 οὐκ
592 4657 873 4727 ἀδιάφορόν
910 4660 1021 4709 ἐστι
1052 4661 1114 4727 τῇ
1139 4657 1253 4727 θεία
1286 4657 1469 4728 Γραφῇ
1505 4660 1589 4711 ἐπ’
1623 4659 1780 4725 ἀγγέ-

231 4752 344 4806 λων
390 4748 634 4823 χρῆσθαι
676 4750 740 4817 τῇ
781 4745 998 4816 τοιαύτῃ
1042 4746 1387 4816 προσηγορία,
1418 4746 1670 4816 πρόδηλον
1716 4748 1777 4798 ὲκ

232 4843 333 4896 τοῦ
364 4840 579 4909 σφόδρα
621 4835 1139 4905 παρατετηρημένως
1184 4833 1307 4884 ποτὲ
1350 4836 1443 4903 μὲν
1486 4835 1641 4886 αὑτὸν
1689 4833 1776 4885 τὸν

235 4931 371 4986 θεδν
392 4930 432 5002 ἢ
459 4928 556 4981 τὸν
577 4925 663 4978 διὰ
687 4923 779 4976 τοῦ
806 4923 1213 4992 τετραγράμμου
1240 4921 1550 4991 δηλούμενον
1579 4923 1774 4992 Κύριον

235 5015 422 5091 ὦφθαι
447 5036 511 5073 τε
534 5018 628 5071 καὶ
649 5013 964 5086 κεχρηκέναι
993 5015 1100 5074 τοῖς
1123 5012 1342 5073 δικαίοις
1379 5013 1620 5080 ἱστορεῖν,
1649 5011 1773 5063 ποτὲ

235 5107 296 5160 δὲ
345 5105 617 5175 ἀγγέλους
661 5100 984 5170 ἀναγράφειν
1024 5099 1145 5158 τοὺς
1190 5098 1538 5169 ἑωραμένους.
1590 5099 1773 5166 Σαφῶς

236 5191 330 5252 οὖν
359 5198 392 5251 6
417 5197 490 5265 τῇ
518 5193 696 5261 Ἅγαρ
721 5188 970 5259 ἀλωμένη
1000 5187 1275 5256 ἐπιφανεὶς
1305 5186 1524 5254 ἄγγελος
1554 5182 1617 5256 ἦν
1638 5202 1650 5214 -
1684 5189 1773 5238 καὶ

234 5285 348 5356 γάρ
378 5284 552 5355 ἐχρῆν
580 5281 760 5349 ἐκείνῃ
793 5278 908 5347 μὲν,
939 5277 1031 5329 ἅτε
1062 5277 1300 5329 πλεῖστον
1327 5278 1445 5329 ὅσον
1490 5274 1768 5327 ἀπολειπο-

238 5375 378 5448 μένῃ
408 5371 507 5425 τοῦ
558 5364 824 5438 Ἀϐραὰμ,
871 5366 960 5417 καὶ
1003 5366 1147 5418 οὐδέν
1182 5383 1232 5417 τι
1280 5364 1434 5417 πλέον
1485 5362 1766 5432 ἀγγελικῆς

235 5464 505 5525 ὀπτασίας
538 5458 761 5527 θεωρεῖν
801 5454 1078 5524 δυναμένῃ,
1112 5455 1428 5525 κατάλληλον
1465 5451 1558 5522 τὴν
1603 5454 1767 5505 ὀπτα-

1873 4568 2089 4629 tionem,
2114 4562 2407 4636 praesertim
2436 4581 2556 4620 cum
2592 4568 2991 4620 accuratissime
3020 4581 3166 4620 nunc
3215 4569 3389 4636 ipsum

1872 4656 2062 4717 Deum,
2095 4657 2174 4709 vel
2220 4664 2651 4725 tetragrammalo
2679 4656 3075 4710 denominatum
3108 4654 3390 4708 Dominum

1873 4743 2182 4813 apparuisse
2204 4755 2398 4798 etcum
2416 4746 2579 4813 justis
2600 4750 2974 4798 conversatum
3002 4740 3173 4793 fuisse
3204 4742 3384 4793 memi-

1870 4834 2029 4895 nerit,
2061 4848 2203 4885 nunc
2226 4849 2353 4886 vero
2395 4837 2611 4902 angelos
2662 4834 2806 4886 visos
2858 4829 3047 4881 fuisse.
3109 4825 3395 4881 Manifeste

1870 4922 2032 4990 igitur
2059 4921 2277 4988 angelus
2308 4929 2440 4981 erat,
2480 4922 2571 4988 qui
2604 4914 2977 4988 Agarierranti
3025 4913 3202 4966 visus.
3238 4913 3399 4967 Decev

1868 5012 1959 5062 bat
1985 5010 2126 5062 cnim
2157 5009 2280 5061 huic
2302 5008 2535 5076 quidem,
2565 5015 2723 5075 prout
2753 5007 2821 5059 ab
2838 5001 3159 5056 Abrahamo
3187 5003 3405 5068 penitus

1866 5096 2146 5156 derelictae,
2180 5108 2279 5146 nec
2305 5093 2573 5162 quidpiam
2611 5093 2852 5161 angelica
2878 5087 3093 5141 visione
3108 5088 3300 5153 majus
3328 5089 3410 5142 in-

1865 5186 1999 5239 tueri
2026 5184 2242 5245 valenti,
2280 5184 2487 5237 obviam
2519 5183 2630 5237 ﬁeri
2659 5198 2756 5253 per
2793 5184 3122 5250 presented;
3161 5175 3416 5242 angelum

1864 5274 2142 5335 visionem,
2174 5272 2297 5326 dum
2337 5272 2638 5325 Abrahamo
2667 5270 2899 5329 clarior,
2934 5263 3032 5316 Dei
3073 5260 3302 5314 scilicet
3343 5261 3422 5327 ip-

1867 5364 1998 5423 sius,
2046 5362 2405 5417 manifestatio
2456 5362 2626 5415 ﬁeret.
2674 5359 2897 5428 Quippe
2950 5359 3149 5404 caetera
3198 5347 3330 5413 ipsa
3361 5344 3427 5397 ad

1858 5458 1988 5506 eum
2009 5450 2101 5505 Dei
2129 5453 2287 5507 verba
2314 5465 2499 5522 parum
2528 5464 2763 5521 congrua
2782 5449 3013 5504 essent,
3041 5438 3089 5491 si
3118 5436 3263 5504 quis
3283 5448 3350 5487 ea
3370 5435 3436 5485 ad

248 5623 283 5635 ..
310 5578 352 5608 ⁸⁷
368 5575 505 5633 Gen.
534 5566 901 5639 πῃπῇ-25.
977 5570 1035 5639 ff
1055 5571 1183 5625 ibid.
1201 5572 1284 5626 53.
1375 5568 1761 5635 "Gen.xtx,l.
1837 5570 2260 5639 ’°Gen.xvnt,5.
2294 5586 2299 5589 ·
2336 5566 2627 5624 "ibid.25.
2701 5566 2744 5598 “
2764 5558 2920 5621 ibid.
2944 5558 2998 5608 1.
3070 5550 3117 5583 ³³
3147 5546 3301 5601 Gen.
3331 5557 3443 5596 nx.

238 5643 328 5710 is.
346 5644 436 5701 19,
528 5645 572 5675 ιδ
587 5636 759 5693 Exod.
779 5649 960 5696 xxvnt,
975 5635 1062 5692 36.
