3926 6364
257 371 276 422 l
289 369 390 422 035

1242 369 1527 424 ECLOGA)
1561 367 2022 423 PliOPllETlC/E.
2058 395 2121 405 —~
2160 367 2280 420 LIB.
2320 369 2362 420 l.

3235 373 3387 440 ,ιοδι

257 480 510 556 ρημένους
541 481 671 550 ὁμοῦ
699 484 788 537 καὶ
818 486 935 547 τοὺς
960 485 1022 536 ὲκ
1050 487 1361 556 περιτομῆς,
1382 486 1456 538 ἔτι
1483 503 1539 538 τε
1564 487 1686 548 τοὺς
1705 485 1770 554 μὴ

1878 482 1973 550 qui
2015 481 2303 535 secundum
2344 481 2462 534 illas
2505 483 2810 550 prophetias
2852 484 3197 540 immutabilis
3213 494 3268 540 et
3307 489 3390 540 in-

255 571 628 640 προσιεμένους
639 573 887 645 δευτέραν
905 574 1035 645 μετά
1045 575 1138 644 τὴν
1151 577 1401 644 ἀγένητον
1413 577 1566 644 φύσιν
1582 581 1776 648 προῦπ-

254 658 430 735 ἁρχειν
457 659 681 733 θεότητα
704 665 795 716 τοῦ
831 665 976 724 Υίοῦ,
1006 665 1170 718 ταῦτα
1205 668 1630 737 ἐπαπορήσομεν,
1663 669 1776 729 πῶς

249 751 276 800 ὸ
319 756 410 801 και
450 749 656 819 (κατὰ)
702 753 898 815 ταύτας
928 753 1022 815 τάς
1050 755 1374 824 προφητείας
1412 755 1771 816 ἀναλλοίωτος,

249 849 339 888 και
370 839 651 906 ἄτρεπτος,
676 843 767 894 καὶ
797 842 953 895 πάλιν
983 843 1070 895 τὸν
1089 844 1307 912 οὐρανὸν
1330 845 1418 896 καὶ
1445 845 1540 912 τὴν
1566 848 1665 914 γῆν
1693 845 1774 896 λέ-

247 945 351 998 γῳν
368 927 470 996 πλη
479 929 602 998 ροῦν
636 932 792 999 μόνος
819 932 964 996 Θεὸς,
979 932 1157 1000 σαφῶς
1178 949 1235 985 τε
1257 933 1347 985 καὶ
1373 937 1489 986 κατ’
1518 935 1670 987 αὑτὸν
1686 936 1774 987 τὸν

247 1017 402 1085 νόμον
427 1019 612 1086 σχεδὸν
627 1020 847 1090 ἀόρατος
868 1017 1002 1074 εἶναι
1025 1023 1360 1093 δηλούμενος,
1383 1023 1517 1076 κατά
1537 1025 1616 1078 τό’
1636 1046 1652 1075 ι
1675 1028 1774 1079 0:)-

244 1105 351 1166 δεὶς
369 1105 558 1174 ὄψεταί
582 1126 680 1178 μου
717 1109 776 1160 τὸ
807 1110 1087 1178 πρόσωπον
1123 1112 1213 1162 καὶ
1240 1111 1510 1182 {ﬁcetum
1543 1114 1775 1167 ἀλλοιού-

249 1211 402 1262 μενος
447 1198 628 1261 πάλιν,
673 1201 762 1252 καὶ
800 1201 874 1262 ὡς
903 1200 1238 1270 περιτρέπων
1263 1201 1358 1271 τὴν
1391 1203 1545 1266 αὐτὸς
1585 1205 1771 1257 ἑαυτοῦ

243 1283 423 1335 οὐσίαν
462 1287 541 1348 είς
571 1287 671 1356 (ὲν)
702 1291 910 1358 μικροῖς
937 1306 1040 1341 τισι
1071 1289 1272 1359 μορίοις
1295 1293 1392 1360 τῆς
1415 1291 1516 1360 γῆς
1535 1293 1772 1362 χωρητὸς

243 1372 502 1440 ἐγίγνετο,
542 1377 636 1428 καὶ
669 1379 869 1448 ἑωρᾶτο
897 1379 1012 1430 τοτὲ
1042 1378 1138 1447 μὲν
1167 1379 1243 1448 τῷ
1282 1381 1541 1451 Ἀϐραὰμ,
1570 1384 1687 1434 τοτὲ
1716 1383 1771 1436 δὲ

241 1465 350 1526 τοῖς
382 1464 562 1528 ἀλλοις
608 1468 901 1537 προφήταις
927 1485 952 1532 ;,
988 1468 1150 1520 Ταυτὶ
1195 1469 1299 1539 γὰρ
1337 1472 1383 1522 εί
1421 1472 1511 1522 ἐπὶ
1549 1472 1634 1524 τὸν
1669 1473 1772 1525 τῶν

241 1553 373 1606 ὅλων
403 1556 724 1626 ἀναφέροιτο
743 1558 889 1619 Θεὸν,
925 1560 982 1610 οὐ
1009 1559 1161 1628 μόνον
1190 1562 1253 1629 τῇ
1283 1560 1598 1630 εὐαγγελικῇ
1624 1566 1770 1631 φωνῇ

239 1643 384 1710 δόξαι
408 1645 474 1696 ἂν
502 1646 801 1713 διαφωνεῖν,
828 1647 958 1700 ἀλλά
981 1651 1071 1700 καὶ
1095 1651 1210 1712 ταῖς
1241 1654 1606 1720 προφητικαῖς,
1632 1652 1771 1720 ἀχώ-

242 1752 402 1806 ρητον
436 1737 528 1789 καὶ
558 1738 900 1792 ἀναλλοίωτον
925 1739 1079 1792 αὐτὸν
1109 1740 1200 1792 καὶ
1221 1741 1440 1810 ἀόρατον
1474 1741 1770 1811 ἀνθρώποις

1883 570 2149 634 ﬂexibilis,
2177 572 2376 640 quique
2407 585 2594 625 rursus
2623 573 2812 624 ccelum
2847 581 2898 627 et
2943 583 3140 630 terram
3194 576 3393 632 dicitur

1881 661 2098 730 implere
2127 661 2272 714 solus
2297 659 2456 723 Deus,
2483 659 2758 714 manifeste
2799 663 3008 731 quidem
3027 674 3079 720 et
3101 667 3395 723 secundum

1880 752 2043 819 legem
2063 752 2307 804 cominus
2333 750 2612 804 invisibilis
2625 749 3039 816 demonstratur,
3061 755 3144 810 his
3171 757 3348 812 verbis
3375 773 3388 806 :

1877 839 2042 893 Nemo
2074 839 2262 894 faciem
2315 855 2485 893 meam
2527 839 2722 893 videbit
2775 846 2827 893 et
2859 841 3046 908 vivet,»
3093 860 3235 898 nunc
3261 862 3390 900 vero

1876 935 2112 980 mutatus
2171 934 2223 981 et
2286 928 2438 996 quasi
2505 927 2617 996 ipse
2657 941 2807 981 suam
2850 929 3114 984 invertens
3143 934 3393 988 substan-

1881 1017 2029 1080 tiam,
2081 1017 2135 1070 in
2181 1017 2496 1086 quibusdam
2530 1017 2707 1086 parvis
2755 1025 2908 1072 terra:
2938 1021 3208 1088 particulis
3259 1040 3381 1078 con-

1878 1107 2033 1160 tineri
2085 1115 2310 1175 poterat,
2366 1106 2641 1175 fueratque
2683 1109 2832 1163 visus
2877 1124 3019 1162 nunc
3072 1109 3388 1177 Abrahamo,

1876 1212 2018 1250 nunc
2058 1198 2174 1250 aliis
2202 1197 2510 1265 prophetis?
2552 1196 2678 1262 Quae
2705 1198 2916 1268 quidem
2950 1199 2994 1253 si
3032 1201 3152 1268 quis
3178 1201 3242 1254 ad
3275 1205 3393 1258 uni-

1875 1303 2147 1340 versorum
2179 1285 2342 1340 Deum
2360 1286 2573 1349 referat,
2603 1303 2709 1341 non
2738 1295 2942 1342 tantum
2975 1288 3240 1358 Evangelii
3276 1307 3395 1346 ver-

1875 1377 1954 1430 bis
2000 1376 2239 1430 videatur
2293 1375 2587 1439 dissonare,
2645 1376 2737 1430 sed
2782 1385 2833 1430 et
2866 1377 3264 1444 prophetarum,
3298 1379 3396 1434 im-

1883 1480 2122 1520 mensum
2176 1465 2340 1529 hunc,
2389 1475 2438 1518 et
2489 1465 2892 1530 immutabilem,
2929 1480 3025 1519 nec
3088 1466 3393 1522 hominibus

1874 1554 2219 1623 conspicuum
2285 1553 2703 1622 pra‘dicantium.
2763 1554 2817 1607 Si
2865 1569 2989 1608 vero
3037 1571 3142 1608 non
3221 1557 3392 1611 visum

1877 1643 2041 1697 fuisse
2072 1643 2193 1712 quis
2217 1643 2357 1696 dicat
2402 1643 2573 1712 ipsum
2615 1643 2776 1695 Deum
2819 1644 2884 1697 iis
2935 1645 3025 1712 qui
3064 1646 3389 1712 referuntur,

1872 1747 2069 1800 eosque
2130 1731 2494 1785 tantummodo
2560 1732 2893 1787 existimasse
2970 1749 3027 1788 se
3084 1735 3262 1790 videre
3342 1747 3396 1791 et

240 1823 700 1892 ἀποφηναμέναις·
735 1826 782 1877 εί
803 1827 873 1895 μὴ
905 1827 1007 1896 ἄρα
1041 1827 1170 1897 μηδὲ
1213 1827 1384 1896 ωφΘαί
1413 1846 1493 1891 τις
1519 1831 1654 1882 εἴποι
1675 1831 1768 1882 αύ-

1870 1821 2067 1881 audire.
2117 1820 2240 1873 dum
2289 1821 2462 1890 reipsa
2512 1821 2644 1874 nihil
2702 1837 2885 1875 eorum
2921 1838 3037 1892 qua:
3063 1825 3241 1880 videre
3289 1841 3392 1894 pud

242 1912 328 1963 τὸν
356 1911 444 1963 τὸν
475 1901 608 1964 Θεὸν
633 1916 740 1976 τοῖς
775 1915 1283 1985 ἀναγεγραμμένοις,
1325 1918 1684 1985 φαντασιῶσαι
1716 1919 1769 1970 δὲ

244 2001 429 2061 αὐτοὺς
464 2001 598 2053 αὐτὸ
631 2003 806 2070 μόνον,
838 2003 911 2064 ὡς
936 2005 1106 2057 δοκεῖν
1134 2005 1229 2075 μὲν
1249 2008 1377 2077 όρᾷν
1413 2008 1503 2060 καὶ
1534 2008 1766 2070 ἀκούειν,

245 2085 300 2136 οὺ
325 2084 426 2154 μὴν
442 2086 535 2137 καὶ
561 2087 773 2157 ἀληθῶς
786 2105 836 2140 τι
851 2089 954 2142 τῶν
981 2091 1340 2160 νομιζομένων
1359 2093 1632 2160 φαίνεσθαι
1649 2095 1772 2148 θεω-

249 2175 369 2242 ρεῖν,
397 2174 516 2226 οὐδὲ
545 2174 652 2244 μὴν
695 2177 905 2229 ἀκούειν
934 2180 1050 2230 κατ’
1089 2180 1356 2250 ἀλήθειαν,
1391 2183 1770 2252 ἀπατωμένους

247 2263 298 2314 δὲ
330 2265 417 2316 καὶ
443 2266 500 2315 ὲν
528 2265 738 2328 τούτοις
760 2267 991 2336 νομίζειν
1013 2308 1027 2333 ,
1054 2269 1143 2321 καὶ
1169 2270 1338 2322 δοκεῖν
1361 2271 1571 2324 ἀκούειν
1589 2313 1602 2334 ,
1637 2275 1771 2343 ὅπερ

247 2352 492 2404 ἀνοίκειόν
507 2370 563 2405 τε
587 2355 683 2406 καὶ
709 2354 976 2425 ἀλλότριον
997 2359 1220 2428 ὑπάρχει
1243 2362 1338 2428 τῆς
1360 2359 1418 2428 (f.
1445 2361 1496 2427 7)
1517 2362 1771 2428 ἀψευδοῦς

249 2437 332 2490 καὶ
359 2439 624 2502 ἀπλανοῦς
657 2441 752 2493 τοῦ
775 2442 879 2494 τῶν
903 2444 1035 2496 ὂλων
1062 2445 1192 2497 Θεοῦ
1227 2447 1434 2514 φύσεως
1455 2466 1466 2478 ·
1497 2449 1576 2502 ἔτι
1601 2451 1656 2502 δὲ
1679 2453 1770 2503 καὶ

247 2527 528 2582 ἀσύστατον
552 2530 611 2582 ὃν
637 2531 906 2584 δείκνυται
937 2535 998 2586 ἐκ
1027 2535 1117 2587 τοῦ
1143 2535 1314 2604 λέγειν
1333 2539 1647 2609 ἱστορεῖσθαι
1673 2544 1768 2594 αύ-

247 2617 329 2672 τὸν
352 2619 438 2673 τὸν
465 2622 594 2675 Θεὸν
635 2625 766 2693 περὶ
805 2623 896 2676 τοῦ
929 2625 1168 2696 Ἀϐραὰμ
1198 2627 1275 2680 τόο
1298 2646 1317 2679 σ
1352 2628 1528 2699 ᾜδειν
1561 2630 1666 2700 γὰρ
1692 2634 1770 2684 ὅτι

251 2711 481 2774 συντάξει
495 2715 606 2774 τοῖς
629 2715 769 2774 υἱοῖς
787 2713 946 2765 αύτοῦ
961 2715 1048 2766 καὶ
1073 2715 1146 2783 τῷ
1166 2714 1295 2785 οῖκῳ
1314 2718 1472 2770 αὑτοῦ
1488 2721 1600 2788 μετ’
1614 2720 1770 2772 αὐτὸν

249 2796 332 2850 καὶ
346 2798 658 2866 φυλάξουσιν
672 2798 924 2861 τάςὸδοὺς
938 2801 1134 2870 Κυρίου
1149 2804 1314 2852 ποιεῖν
1326 2802 1656 2872 δικαιοσύνην
1681 2807 1770 2857 καὶ

250 2887 431 2954 κρίσιν,
449 2889 594 2951 ὅπως
615 2889 685 2940 ἂν
714 2888 960 2958 ἐπαγάγῃ
988 2890 1182 2959 Κύριος
1209 2891 1296 2943 ἐπὶ⁵
1330 2891 1619 2963 Ἀδραάμᾶ
1648 2895 1768 2948 ἐλά-

249 2975 362 3046 λησε
416 2978 548 3048 πρὸς
580 2979 765 3031 αὐτόν.
807 2998 826 3029 ι
875 2980 1298 3048 Ἀναμφιλέκτως
1332 2981 1458 3048 γοῦν
1499 2984 1666 3038 ταῦτα
1696 2986 1769 3048 ὼς

251 3066 362 3135 περὶ
383 3067 561 3137 ἑτέρου
598 3067 806 3136 Κυρίου
839 3069 993 3132 αὐτὸς
1023 3073 1050 3122 ὁ
1083 3072 1275 3142 Κύριος
1307 3073 1626 3141 διαλέγεται’
1656 3075 1767 3137 πῶς

249 3154 330 3210 οὖν
363 3160 470 3211 ἑστι
508 3155 619 3212 οἷόν
655 3177 719 3212 τε
748 3161 836 3212 τὸν
865 3161 969 3213 τῶν
1004 3163 1136 3216 ὅλων
1167 3166 1404 3218 ὑπονοεῖν
1438 3165 1565 3219 Θεὸν
1601 3167 1763 3220 ταῦτα

248 3247 525 3315 εἰρηκέναις
558 3247 700 3321 Περὶ
733 3249 880 3301 ποίου
902 3249 1005 3321 γὰρ
1037 3253 1216 3323 ἑτέρου
1249 3255 1374 3323 παρ’
1396 3254 1552 3307 αὑτὸν
1569 3256 1766 3326 Κυρίου

248 3336 445 3390 δύναται
475 3338 729 3406 λέγεσθαι
769 3338 835 3391 τὰ
865 3339 1179 3410 ὲγκείμενα;
1227 3344 1380 3396 Ἀλλά
1403 3346 1508 3416 γὰρ
1533 3347 1674 3415 σαφῆ
1707 3349 1768 3399 ἐκ

249 3429 430 3482 τούτων
460 3431 538 3482 δτι
573 3430 715 3500 μηδὲ
745 3429 822 3498 τῷ
854 3431 958 3482 τῶν
997 3431 1128 3482 ὅλων
1156 3432 1271 3501 Θεῷ
1315 3436 1600 3504 προσήκειν
1630 3435 1768 3488 ἔοικε

248 3515 308 3567 τά
334 3515 644 3586 δηλούμεναο
681 3517 1008 3570 δέδεικταιδὲ
1042 3519 1120 3570 ὅτι
1145 3519 1273 3588 μηδὲ
1305 3523 1367 3591 τῇ
1395 3520 1501 3572 τῶν
1531 3522 1769 3590 ἀγγέλων

246 3603 404 3669 φύσειο
439 3602 545 3659 οἶδε
591 3607 748 3674 γοῦν,
783 3606 856 3669 ὡς
887 3607 1038 3675 ἔφην,
1073 3610 1100 3660 ό
1131 3608 1281 3676 λόγος
1303 3611 1650 3679 ἐπαληθεύειν
1679 3615 1768 3666 ἐπὶ

244 3701 300 3766 τῇ
333 3699 435 3752 τῶν
471 3699 723 3767 ἀγγέλων
752 3698 1051 3769 ἐπιφανείᾳ,
1089 3701 1268 3766 σαφῶς
1295 3703 1770 3772 ὲπισημαινόμενος

238 3787 324 3848 τὰς
346 3789 408 3841 δι’
441 3788 618 3842 αὐτῶν
645 3788 927 3850 ὀπτασίας.
959 3789 1018 3840 El
1044 3787 1105 3858 δὴ
1130 3786 1220 3841 οὖν
1243 3793 1362 3860 μήτ’
1391 3793 1645 3863 ἀγγελικῇ
1674 3797 1770 3862 φύ-

240 3888 314 3924 σει
346 3877 476 3945 μήτε
497 3879 563 3946 τῇ
595 3874 858 3928 ἀνωτάτω
878 3875 967 3926 καὶ
995 3875 1234 3946 ἀγενήτῳ
1257 3877 1348 3930 τοῦ
1369 3879 1472 3931 τῶν
1491 3879 1622 3932 ὅλων
1637 3881 1768 3933 Θεοῦ

232 3960 390 4014 ταῦτα
423 3963 601 4016 ἔοικεν
632 3962 942 4032 ἁρμόττειν,
965 3961 1181 4015 λείποιτ’
1204 3964 1268 4016 ἂν
1297 3965 1494 4019 τούτων
1517 3968 1614 4037 μία
1637 3970 1765 4038 μόνη

234 4049 392 4115 λύσις,
420 4055 468 4104 εί
503 4053 566 4104 τὸ
600 4051 706 4122 μὲν
736 4049 1079 4103 ἀναλλοίωτον
1099 4053 1188 4105 καὶ
1208 4054 1465 4123 ἄτρεπτον
1497 4056 1586 4108 καὶ
1611 4057 1769 4125 ἀόρα-

229 4155 314 4194 τον
339 4142 430 4194 ἐπὶ
455 4141 555 4213 τὴν
588 4141 852 4209 ἀγένητον
875 4140 1310 4213 διαφυλάττοιμεν
1347 4146 1549 4206 οὐσίαν,
1578 4149 1696 4211 τοὺς
1725 4149 1767 4200 δ’

231 4223 750 4302 ἀναγεγραμμένους
780 4231 853 4291 ὡς
875 4231 936 4282 ἐκ
962 4230 1093 4284 Θεοῦ
1125 4236 1528 4304 χρηματισμοὺς
1563 4237 1653 4288 ἐπὶ
1681 4238 1768 4289 τὸν

231 4321 313 4373 τοῦ
353 4321 487 4376 Θεοῦ
519 4323 700 4388 Λόγον
733 4321 1248 4391 μεταλαμσάνοιμεν,
1279 4325 1337 4376 ὃν
1379 4325 1641 4396 διαφόρως
1679 4330 1767 4381 καὶ

1871 1909 2074 1970 tabant,
2118 1923 2242 1962 vere
2288 1909 2610 1978 aspicerent,
2641 1911 2772 1963 nihil
2815 1926 2940 1965 vere
2980 1913 3246 1976 audirent,
3295 1916 3392 1966 fal-

1871 2011 1927 2049 sa
1985 1997 2234 2065 opinione
2300 1998 2572 2067 deceptos,
2631 1998 2756 2052 dum
2813 2002 2998 2056 audire
3059 2003 3388 2067 viderentur,

1873 2086 2002 2154 quid
2045 2086 2419 2143 abhorrentius
2461 2089 2738 2158 magisque
2777 2091 3006 2144 alienum
3038 2093 3104 2146 ab
3152 2094 3387 2148 omnium

1869 2173 1961 2229 Dei
1983 2185 2192 2240 natura,
2215 2177 2475 2232 mendacii
2498 2192 2560 2232 ac
2588 2180 2788 2232 erroris
2810 2180 3092 2234 admodum
3125 2181 3345 2236 immuni
3369 2185 3390 2236 2

1868 2261 1980 2315 Hoc
2008 2264 2167 2316 etiam
2197 2280 2260 2320 eo
2291 2266 2580 2321 absurdum
2629 2270 3046 2332 demonstratur,
3077 2272 3219 2339 quod
3253 2273 3388 2342 legi-

1868 2368 1988 2406 mus
2025 2353 2090 2407 de
2110 2355 2410 2410 Abrahamo
2451 2356 2614 2411 Deum
2661 2361 2830 2427 ipsum
2869 2359 3119 2415 dicere“
3147 2361 3386 2417 Sciebam

1867 2443 2006 2495 enim
2037 2443 2177 2511 quod
2202 2455 2563 2514 praecepturus
2588 2448 2659 2502 sit
2685 2448 2809 2502 filiis
2840 2451 2952 2503 suis
2981 2458 3034 2504 et
3073 2451 3256 2505 domui
3279 2468 3388 2507 sua:

1869 2537 1988 2596 post
2013 2546 2071 2585 se
2101 2540 2158 2584 ut
2185 2533 2490 2586 custodiant
2533 2538 2670 2587 viam
2723 2535 2929 2590 Domini
2983 2545 3036 2591 et
3067 2537 3264 2592 faciant
3296 2540 3384 2608 ju-

1869 2619 2065 2672 dicium
2096 2627 2148 2674 et
2173 2619 2438 2688 justitiam
2467 2640 2481 2686 ;
2535 2630 2592 2674 ut
2631 2623 2862 2678 adducat
2887 2623 3143 2682 Dominus
3171 2635 3390 2696 prepter

1868 2707 2134 2760 Abraham
2172 2710 2350 2763 omnia
2373 2726 2490 2779 quze
2521 2712 2730 2766 locutus
2759 2722 2841 2767 est
2868 2715 2933 2768 ad
2971 2730 3091 2770 eum
3115 2717 3213 2769 π.»
3255 2717 3389 2771 Pro-

1869 2798 1954 2850 cul
1983 2797 2146 2852 dubio
2193 2799 2303 2854 haec
2346 2803 2500 2868 quasi
2541 2802 2606 2855 de
2660 2803 2766 2855 alio
2815 2803 3038 2858 Domino
3066 2807 3179 2876 ipse
3211 2806 3394 2861 Domi-

1868 2903 1980 2942 nus
2013 2889 2300 2958 eloquitur.
2343 2889 2620 2955 Quomodo
2677 2893 2839 2961 igitur
2865 2894 3162 2950 existimari
3208 2905 3391 2966 potest

1870 2979 2107 3032 omnium
2159 2979 2320 3033 Deum
2375 2981 2485 3034 haec
2535 2981 2771 3036 dixisse?
2819 2982 2890 3036 De
2942 2999 3048 3054 quo
3096 2985 3236 3038 enim
3285 2987 3390 3040 alio

1872 3076 2064 3138 prater
2105 3085 2225 3123 eum
2263 3069 2484 3124 Domino
2525 3074 2798 3140 praceitata
2830 3074 2992 3128 verba
3024 3075 3167 3129 dicta
3217 3077 3383 3132 fuisse

1869 3157 2129 3224 possunt?
2168 3155 2357 3210 Verum
2389 3158 2669 3213 manifeste
2707 3169 2851 3228 patet
2882 3178 2945 3216 ex
2986 3164 3052 3218 iis
3089 3165 3244 3219 verba
3278 3166 3390 3220 hac

1867 3245 2104 3297 omnium
2164 3244 2329 3299 Deum
2381 3261 2487 3300 non
2546 3247 2755 3302 decere.
2832 3249 3260 3308 Demonstratum
3307 3263 3391 3309 est

1876 3343 2052 3387 autem
2082 3348 2190 3387 non
2240 3337 2546 3406 angelorum
2598 3348 2800 3392 natura:
2843 3343 3149 3396 convenire.
3194 3343 3390 3412 Aperte

1872 3420 2036 3481 enim,
2065 3428 2122 3472 ut
2151 3420 2278 3484 dixi,
2311 3423 2376 3475 de
2401 3424 2708 3490 angelorum
2739 3425 3166 3482 manifestatione
3195 3444 3389 3484 narra-

1867 3511 1943 3564 t'io
1975 3511 2265 3580 eloquitur,
2315 3528 2497 3566 eorum
2548 3517 2964 3584 apparitionibus
3019 3517 3248 3574 dilucide
3296 3522 3389 3573 de-

1867 3602 2101 3670 scriptis.
2153 3600 2208 3654 Si
2240 3604 2400 3672 igitur
2427 3619 2596 3672 neque
2627 3607 2956 3674 angelorum.
3012 3624 3183 3677 neque
3235 3611 3385 3664 altis-

1867 3693 1986 3746 simi
2016 3703 2067 3747 et
2095 3693 2315 3746 increati
2351 3694 2586 3747 omnium
2624 3693 2717 3750 Dei
2761 3704 2965 3750 natura:
2993 3697 3106 3751 hac
3138 3699 3388 3754 videntur

1867 3792 2246 3847 consentanea,
2283 3800 2387 3838 una
2417 3802 2600 3841 eorum
2641 3795 2882 3856 superest
2926 3788 3142 3849 solutio.
3177 3791 3222 3843 si
3266 3793 3387 3860 qui-

1868 3874 1986 3928 dem
2040 3875 2548 3938 immutabilitatem,
2601 3883 2654 3931 et
2700 3875 3162 3941 inﬂexibilitatem,
3203 3889 3257 3934 et
3304 3882 3388 3934 in-

1866 3963 2228 4018 visibilitatem
2304 3965 2550 4019 increata:
2640 3980 2973 4021 reservemus
3054 3968 3387 4031 substantiae,

1865 4057 2062 4107 relatas
2092 4069 2217 4108 vero
2248 4053 2336 4108 Dei
2369 4055 2824 4130 manifestaliones
2855 4056 2946 4110 Dei
2982 4057 3156 4113 Verbo
3186 4059 3390 4114 tribua-

1869 4161 2008 4206 mus,
2054 4149 2191 4214 quod
2254 4146 2516 4200 interdum
2559 4155 2609 4200 et
2652 4156 2773 4202 ante
2821 4149 3240 4204 incarnationem
3293 4167 3388 4220 pro

1867 4232 2138 4287 hominum
2173 4235 2345 4288 salute
2389 4235 2560 4288 visum
2587 4250 2727 4295 esse.
2765 4234 3140 4306 descriptaque
3191 4239 3244 4293 in
3301 4255 3389 4293 sa-

1867 4323 1975 4376 cris
2019 4320 2307 4392 Scripturis
2361 4323 2542 4387 munia
2584 4334 2892 4378 exsecutum
2926 4325 3274 4382 credidimus.
3315 4326 3389 4381 De

233 4412 328 4480 πρὸ
373 4415 473 4482 τῆς
523 4411 988 4480 ὲνανθρωπήσεως
1021 4414 1156 4483 ὑπὲρ
1193 4417 1289 4483 τῆς
1328 4415 1430 4467 τῶν
1475 4416 1768 4487 ἀνθρώπων

1871 4414 1972 4467 hoc
2019 4414 2157 4468 enim
2206 4415 2320 4467 solo
2363 4423 2480 4483 post
2508 4414 2743 4468 omnium
2778 4414 2942 4470 Deum
2985 4423 3388 4487 tetragramma-

231 4501 493 4572 σωτηρίας
512 4499 752 4569 ὀφθῆναί
775 4516 830 4551 τε
865 4501 956 4551 καὶ
992 4500 1086 4562 τάς
1113 4503 1168 4551 ὲν
1197 4506 1311 4563 ταῖς
1335 4502 1500 4565 θείαις
1535 4504 1768 4574 Γραφαῖς
1803 4533 1826 4553 ο

228 4589 602 4660 ἐμφερομένας
645 4586 948 4656 οἰκονομίας
990 4589 1256 4641 ἐκτελέσαι
1309 4592 1763 4662 πεπιστεύκαμεν

227 4679 314 4731 ἐπὶ
341 4680 504 4749 μόνου
529 4679 590 4731 δὲ
626 4677 816 4730 τούτου
847 4677 982 4747 μετὰ
1011 4678 1097 4728 τὸν
1124 4679 1226 4731 τῶν
1259 4681 1389 4733 ὅλων
1408 4682 1534 4735 Θεὸν
1557 4685 1646 4737 καὶ
1673 4684 1766 4752 τὴν

226 4772 654 4843 τετράγραμμον
684 4769 1040 4840 προσηγορίαν
1081 4771 1328 4840 κειμένην
1371 4772 1626 4842 εὕρομεν,
1673 4775 1764 4827 ἆτε

227 4860 517 4930 Μονογενεῖ
540 4863 638 4914 καὶ
675 4860 985 4930 κληρονόμῳ
1026 4859 1116 4912 τοῦ
1150 4862 1357 4930 Πατρὸς
1403 4864 1767 4934 ἁρμοττούσης

229 4951 316 5004 καὶ
349 4953 555 5021 ταύτης
597 4954 706 5020 τῆς
747 4951 926 5020 Θεῖκῆς
968 4951 1217 5014 ἐπινοίας.
1258 4949 1329 5005 Εῦ
1377 4953 1504 5020 γοῦν
1545 4955 1694 5018 εἰδὼς
1742 4958 1768 5024 ῤ

240 5039 506 5110 Ἀϐραὰμ,
522 5041 623 5095 ἅτε
649 5039 812 5106 σοφὸς
831 5038 905 5090 ὢν
927 5039 1170 5108 καὶπρὸς
1193 5040 1354 5093 αὐτοῦ
1378 5041 1469 5093 τοῦ
1486 5042 1617 5094 Θεοῦ
1642 5061 1770 5112 προ-

233 5133 400 5198 φήτης
433 5128 578 5182 εἶναι
617 5127 1073 5199 μαρτυρούμενος,
1094 5127 1167 5190 ὡς
1214 5131 1292 5182 ὅτι
1320 5133 1493 5184 πᾶσαν
1518 5132 1613 5202 τὴν
1653 5134 1768 5203 κρί-

236 5233 312 5269 σιν
339 5218 539 5272 ξδωκεν
573 5218 656 5286 τῷ
690 5216 828 5285 Υίῷ,
863 5219 1148 5285 προσκυνεῖ
1181 5235 1238 5270 τε
1261 5221 1448 5282 αὐτὸν,
1491 5221 1582 5273 καὶ
1626 5224 1766 5293 μόνῳ

241 5308 377 5356 παοὰ
402 5309 530 5369 τοὺς
552 5306 749 5366 ἀλλους
779 5304 938 5374 φησὶν
962 5303 1041 5355 τό·
1069 5306 1372 5377 «Μηδαμῶς
1398 5309 1426 5360 ὁ
1451 5310 1642 5378 κρίνων
1667 5315 1766 5366 πᾶ-

241 5408 332 5446 σαν
351 5399 448 5466 τὴν
473 5396 579 5464 γῆν
607 5393 672 5444 οὐ
704 5393 940 5459 ποιήσεις
974 5391 1163 5459 κρίσιν.
1197 5412 1216 5443 ι
1249 5397 1421 5464 Ὅπερ
1451 5396 1658 5464 ἀγγέλῳ
1680 5399 1768 5448 τὸν

252 5481 378 5537 θεῖον
404 5487 572 5554 Λόγον
604 5480 958 5547 ὐποῦεὸηκότι
986 5479 1224 5545 λέγεσθαι
1247 5486 1480 5554 νομίζειν
1515 5485 1767 5538 ἀνοίκειόν

1872 4512 1951 4558 tor
2020 4504 2500 4559 denominatinnem
2555 4506 2876 4568 invenimus,
2927 4512 2985 4558 ut
3014 4505 3300 4576 Unigenito
3329 4517 3383 4560 et

1873 4591 2065 4648 haeredi
2095 4591 2269 4648 Patris
2297 4593 2525 4646 maxime
2567 4601 2999 4648 consentaneam.
3054 4592 3259 4662 Optime
3289 4595 3387 4663 igi-

1870 4688 1958 4736 tur
1991 4689 2210 4732 noverat
2235 4680 2570 4734 Abrahamus
2603 4697 2722 4748 qua
2762 4683 2992 4750 sapiens,
3032 4690 3085 4734 et
3130 4681 3384 4750 propheta

1870 4769 1934 4823 de
1979 4767 2163 4822 eodem
2214 4769 2320 4824 Deo
2376 4779 2600 4824 testatus
2646 4780 2752 4834 est,
2803 4786 2959 4823 omne
3011 4771 3215 4823 scilicet
3241 4771 3383 4838 quod

1864 4860 2126 4930 judicium
2168 4861 2312 4915 dedit
2360 4861 2495 4914 Filio
2554 4861 2730 4922 suo",
2766 4861 2954 4914 adorat
3004 4877 3125 4914 eum
3176 4869 3230 4913 et
3284 4861 3382 4913 soli

1869 4958 2059 5021 preter
2097 4950 2232 5004 alios
2275 4951 2447 5005 dicit:
2483 4969 2500 5002 ι
2527 4951 2627 5016 Qui
2662 4951 2872 5019 judieas
2923 4966 3131 5005 omnem
3163 4959 3382 5011 terram,

1867 5055 2199 5109 nequaquam
2238 5040 2403 5096 facies
2440 5041 2700 5108 judicium
2733 5042 2889 5095 hoc”
2915 5060 2962 5106 ;›
2999 5041 3141 5110 quod
3169 5041 3382 5109 quidem

1866 5131 1929 5185 ad
1953 5130 2195 5198 angelum
2227 5130 2409 5185 divino
2441 5129 2618 5184 Verbo
2661 5130 2960 5199 subjectum
3014 5131 3217 5186 dictum
3264 5146 3384 5186 esse

1865 5220 2069 5288 opinari
2097 5218 2314 5275 minime
2339 5221 2543 5288 justum
2570 5229 2663 5274 aut
2692 5221 3011 5283 verisimile;
3035 5221 3196 5276 unius
3242 5223 3382 5275 enim

1864 5309 2026 5362 divini
2082 5307 2243 5363 Verbi
2297 5309 2524 5362 maxime
2579 5308 2851 5378 proprium
2884 5317 3018 5370 erat,
3065 5310 3202 5364 inter
3258 5309 3383 5374 alia,

1866 5397 1976 5449 haec
2005 5395 2221 5452 dicere:
2273 5396 2447 5450 «Num
2480 5397 2654 5451 celare
2703 5405 2885 5465 potero
2914 5395 3182 5450 Abraham
3217 5397 3382 5451 lilium

1867 5501 2039 5540 meum
2082 5503 2201 5556 qure
2243 5496 2491 5558 gesturus
2520 5485 2734 5541 sum“?
2759 5505 2778 5538 ι
2833 5494 2990 5554 atque
3017 5486 3180 5556 illud:
3223 5487 3386 5541 «Scio

289 5655 326 5688 ³⁷
363 5657 488 5714 Gen.
521 5672 687 5716 xvm,
725 5652 807 5705 l9.
881 5649 925 5681 ³⁸
955 5649 1091 5703 Joan.
1125 5669 1178 5717 v,
1222 5657 1316 5711 se.
1394 5658 1435 5688 ”
1475 5656 1603 5710 Gen.
1637 5673 1764 5711 xvm

1870 5658 1917 5714 5.
1989 5659 2034 5693 ⁸⁸
2071 5660 2196 5716 ibid.
2234 5662 2316 5717 l7.

505 5752 771 5809 PAﬂlOL.
803 5744 914 5802 Gn.
944 5742 1111 5800 XXII.

3069 5755 3150 5807 33
