3926 6382
291 368 316 421 Ι
327 367 432 422 031

1292 360 1581 417 ECLOGA:
1622 357 2088 414 PROPHETICIE.
2131 389 2195 397 -ρ
2235 355 2359 408 LIB.
2401 355 2439 408 l.

3320 363 3447 417 $038

288 480 763 552 Ἐϐραιοίςθὸνσμα
813 480 1190 551 περιεχούσης;
1230 479 1262 549 ἢ
1294 479 1446 550 δῆλον
1483 481 1543 530 ὲκ
1566 477 1671 530 τῶν
1702 494 1828 548 προ-

1929 476 2122 530 festum
2145 483 2225 530 est
2255 475 2396 528 hunc
2430 488 2546 528 esse
2599 472 2850 541 Verbum,
2903 477 2955 530 in
3008 477 3270 546 principio
3307 480 3444 548 apud

269 571 708 640 αποδεδομένων,
736 573 814 623 ὅτι
837 571 898 640 δὴ
922 570 1010 622 τοῦ
1042 571 1097 622 ὲν
1126 571 1262 639 ἀρχῇ
1291 569 1424 638 πρὸς
1442 569 1531 620 τὸν
1566 566 1692 619 Θεὸν
1721 566 1820 618 Λό-

273 675 402 724 γου,
437 659 496 720 ὃς
529 658 931 730 ἐπιπαρὼν,κα“ι
959 659 1024 710 τὰ
1056 658 1172 709 κατ’
1218 655 1528 726 ἀνθρώπους
1555 655 1612 718 ἐξ
1653 654 1822 724 ἀρχῆς

269 751 497 820 ἐφορῶν
517 769 577 802 τε
599 752 690 802 καὶ
707 749 1014 819 οίκονομῶν,
1032 751 1138 810 τοῖς
1166 748 1262 817 μὲν
1286 743 1709 813 ὲπαναὸεϐηκόσι
1731 743 1822 794 καὶ

267 838 509 901 τελείοις
537 840 807 909 ἀνδράσιν,
841 837 947 901 οἷος
981 834 1048 907 ἦν
1083 838 1110 888 ὃ
1141 854 1198 887 τε
1242 833 1483 905 Ἀϐραὰμ
1509 833 1600 884 καὶ⁸
1643 831 1822 883 Ἰσαὰκ

265 927 376 977 καὶ
409 926 624 990 Ἰακὼϐ,
656 926 813 988 αὐτὸς
833 927 897 978 δι’
923 924 1111 978 ἑαυτοῦ
1129 924 1408 994 παρείχετο
1431 922 1525 983 τὰς
1547 921 1818 984 ὀπτασίας·

263 1019 390 1078 τοῖς
415 1016 468 1068 δὲ
497 1017 596 1085 τῆς
624 1017 822 1069 τούτων
851 1016 1046 1085 ἀρετῆς
1068 1015 1395 1074 ἀποδέουσιν,
1417 1007 1616 1082 οἷοςῇν
1638 1015 1664 1064 ὁ
1680 1011 1819 1074 Λὼτ,

265 1103 372 1154 καὶ
402 1104 454 1154 οἱ
485 1105 542 1155 ὲν
566 1106 676 1166 τοῖς
695 1105 918 1171 Κριταῖς
939 1101 1137 1155 Γεδεών
1159 1118 1218 1153 τε
1245 1101 1334 1152 καὶ
1353 1099 1565 1161 Μανωὲ,
1598 1099 1690 1151 καὶ
1711 1099 1822 1150 ὅσοι

262 1191 494 1254 τούτοις
516 1193 832 1263 ὲμφέρονται
864 1191 1243 1262 παραπλήσιοι,
1273 1189 1588 1258 λειτουργοῖς
1603 1190 1693 1240 καὶ
1713 1187 1824 1241 δια-

257 1278 464 1341 κόνοις
495 1283 604 1341 τοῖς
632 1279 718 1330 ὑπ’
743 1279 899 1331 αὐτὸν
927 1278 1084 1339 θείοις
1106 1276 1348 1344 ἀγγέλοις
1365 1273 1635 1344 χρώμενος
1664 1274 1822 1325 πολυ-

259 1369 472 1437 μερῶς
507 1369 601 1421 καὶ
649 1368 988 1438 πολυτρόπως
1046 1367 1328 1436 παρείχετο
1390 1366 1454 1417 δι’
1503 1365 1675 1418 αὐτῶν
1729 1365 1825 1427 τάς

251 1456 637 1525 ἐπαγγελίας.
669 1458 846 1526 Ταύτῃ
878 1455 1003 1524 γοῦν
1039 1458 1130 1508 καὶ
1156 1459 1219 1525 τῇ
1260 1456 1436 1523 Ἀγαρ
1456 1496 1469 1518 ,
1499 1454 1590 1506 ἅτε
1637 1453 1708 1522 μὴ
1739 1453 1824 1522 οἶα

255 1561 332 1596 τε
363 1544 511 1616 οὔσῃ
547 1563 630 1597 πω
655 1544 750 1614 τὴν
776 1543 933 1596 αὐτοῦ
961 1543 1053 1595 τοῦ
1085 1543 1225 1594 θείου
1256 1542 1423 1609 Λόγου
1452 1545 1644 1611 χωρεῖν
1663 1543 1825 1594 ὀπτα-

251 1634 432 1698 σίαν,
471 1635 557 1687 διὰ
585 1634 676 1687 τοῦ
720 1634 941 1701 ἀγγέλου
978 1632 1042 1684 τὰ
1080 1633 1527 1702 ἀναγεγραμμένα
1557 1630 1820 1694 θεσπίζει·

247 1725 319 1774 εἰ
363 1723 498 1792 (ἔτι)
527 1723 582 1775 δὲ
626 1723 717 1774 καὶ
755 1721 832 1786 τῷ
865 1720 1050 1774 Ἰακὼὸ
1079 1721 1144 1772 δι’
1188 1720 1424 1788 ἀγγέλων
1461 1720 1820 1787 ἐπιφαίνεται·

248 1811 398 1865 ἀλλ’
426 1790 531 1883 ὅρα
560 1814 638 1864 ὅτι
665 1813 753 1864 καὶ
777 1811 927 1863 τοῦτο
950 1814 1064 1862 κατ’
1085 1811 1254 1881 ἀρχὰς
1284 1812 1379 1880 μὲν
1416 1810 1489 1872 ὡς
1521 1810 1584 1862 ἂν
1617 1810 1694 1861 ἔτι
1722 1812 1826 1861 εξσ-
1857 1790 1897 1842 Β

249 1901 542 1970 αγομένῳ
569 1900 748 1953 τοῦτον
761 1899 1076 1969 χρηματίζει
1095 1901 1182 1952 τὸν
1208 1900 1420 1969 τρόπον,
1440 1897 1760 1968 προκόψαντι
1775 1898 1828 1949 δὲ

259 1993 378 2046 καὶ
415 1993 498 2053 εἰς
541 1991 846 2059 τελειότητα
879 1989 1106 2042 ἐπιδόντι
1138 1990 1344 2059 γυμνῆς
1375 1989 1464 2040 καὶ
1514 1987 1830 2040 ἀνεπικαλύ-

259 2098 419 2134 mou
443 2079 544 2147 τῆς
571 2079 704 2140 ιδίας
731 2078 1068 2147 μεταδίδωσιν
1092 2077 1318 2146 ὁμιλίας,
1336 2075 1511 2128 οὐκέτι
1534 2074 1627 2144 μὲν
1647 2075 1710 2126 δι’
1737 2076 1829 2141 ἀγ-

259 2171 462 2239 γέλων
484 2171 577 2222 καὶ
603 2170 668 2221 δι’
701 2169 994 2239 ἑρμηνέων,
1025 2168 1179 2229 αὐτὸς
1197 2168 1252 2220 δὲ
1279 2167 1340 2219 δι’
1367 2164 1554 2218 ἑαυτοῦ
1578 2167 1606 2217 ὁ
1633 2165 1830 2235 Κύριος

259 2261 380 2316 καὶ
398 2259 538 2321 Θεὸς
569 2259 759 2325 Λόγος,
787 2260 816 2309 ό
839 2257 906 2310 τὰ
935 2258 1204 2327 δευτερεῖα
1219 2256 1314 2325 τῆς
1343 2256 1606 2326 πατρικῆς
1627 2253 1832 2322 ἐπέχων

263 2347 562 2417 θεότητος,
598 2345 696 2412 τῆς
733 2345 864 2408 ιδίας
890 2345 1048 2396 αὐτὸν
1079 2342 1342 2406 καταξιῶν
1373 2341 1649 2403 ὀπτασίας.

728 2456 1113 2510 ΚΕΦΔΛΑΙΟΝ
1152 2454 1206 2507 E'
1237 2454 1301 2522 (ι.
1332 2454 1406 2522 9).

349 2570 377 2602 α
399 2551 460 2604 '0
475 2549 625 2618 ἥλιος
648 2547 862 2617 ἐξῆλθεν
889 2548 978 2599 ἐπὶ
1004 2546 1098 2614 τὴν
1109 2549 1228 2614 γῆν,
1244 2547 1335 2597 καὶ
1356 2543 1472 2596 Λὼτ
1499 2542 1734 2611 εἰσῆλθεν
1756 2545 1832 2603 εἰς

259 2639 501 2710 Σηγώρ.
530 2639 642 2691 Καὶ
667 2637 865 2707 Κύριος
889 2635 1100 2703 ἔϐρεξεν
1125 2635 1214 2686 ἐπὶ
1239 2634 1437 2702 Σόδομα
1475 2633 1564 2684 καὶ
1590 2631 1832 2700 Γόμορρα

259 2732 422 2782 θεῖον
467 2729 560 2780 καὶ
593 2726 703 2795 πῦρ
731 2725 876 2794 παρά
915 2724 1113 2792 Κυρίου
1163 2724 1224 2774 ἐκ
1257 2721 1346 2773 τοῦ
1391 2719 1636 2790 οὐρανοῦ.
1676 2739 1693 2770 ι
1722 2720 1831 2770 Οὐκ

260 2817 435 2889 οἶμαί
469 2834 592 2868 τινα
624 2815 730 2866 τῶν
764 2812 906 2875 ἅπαξ
935 2811 1364 2865 πεπιστευκότων
1394 2810 1544 2881 ἱερὰς
1588 2809 1680 2861 καὶ
1720 2808 1832 2859 θεο-

264 2905 586 2966 πνεύστους
627 2904 886 2972 ὑπάρχειν
913 2901 1010 2963 τὰς
1041 2901 1197 2968 ἁγίας
1234 2899 1446 2970 Γραφάς
1476 2900 1830 2970 εὐρεσιλογεῖν

263 3015 322 3050 τι
367 2999 451 3060 είς
473 2997 604 3056 τοῦς
638 2994 850 3054 τόπους,
884 2990 1174 3058 ἀντιλέγειν
1211 2989 1536 3058 πειρώμενον
1572 2992 1679 3050 τοῖς
1707 2988 1831 3058 περὶ

263 3088 374 3141 τοῦ
399 3086 578 3154 Λόγου
600 3083 692 3136 τοῦ
715 3081 846 3135 Θεοῦ
865 3081 1326 3153 παραδεδομένοις,
1343 3081 1422 3131 ὅτι
1448 3096 1505 3130 τε
1525 3080 1690 3149 προῆν
1711 3079 1832 3130 ὑπό-
1855 3101 1897 3156 C

266 3192 476 3231 στασιν
525 3174 658 3225 ἰδίαν
699 3172 963 3240 ἔχων,καὶ
1000 3171 1079 3222 ὅτι
1108 3171 1212 3239 πρὸ
1246 3169 1342 3236 τῆς
1379 3167 1826 3237 ὲνανθρωπήσεως

261 3265 378 3327 τὰς
419 3264 505 3325 εἰς
539 3259 853 3330 ἀνθρώπους
887 3257 1186 3327 οἰκονομίας
1217 3255 1408 3306 ἐτέλει·
1450 3253 1540 3305 δύο
1571 3253 1677 3324 γὰρ
1716 3255 1827 3305 Κυ-

266 3353 430 3424 ρίθυς
460 3347 695 3401 ἐνταῦθα
718 3345 895 3413 σαφῶς
919 3347 951 3414 η
976 3345 1012 3395 Γ
1019 3343 1157 3413 ραφὴ
1176 3342 1510 3412 παρίστησιν,
1539 3340 1592 3392 εί
1609 3357 1671 3407 γε
1693 3341 1829 3392 «Κύ-

269 3457 396 3512 ριος
423 3437 650 3507 ἔϐρεξεν
671 3435 816 3505 παρά
845 3433 1062 3504 Κυρίου.
1101 3452 1118 3482 ι
1145 3433 1214 3482 Τὸ
1240 3431 1280 3482 δ’
1306 3432 1482 3500 ὅμοιον
1496 3428 1634 3482 ἔστιν
1656 3431 1829 3498 εὑρεῖν

271 3527 439 3598 παρά
472 3526 550 3596 τῷ
595 3523 724 3594 ἱερῷ
756 3521 1051 3590 Ἀποστόλῳ
1091 3522 1314 3590 φήσαντι
1334 3538 1346 3550 ·
1379 3539 1396 3569 ι
1429 3519 1546 3587 Δῴη
1581 3521 1608 3571 ὁ
1634 3518 1831 3588 Κύριος

267 3622 428 3683 ἔλεος
457 3618 538 3687 τῷ
579 3611 922 3683 Ὀνησιφόρου
945 3612 1092 3679 οἴκῳ·
1122 3628 1139 3659 ι
1173 3609 1283 3661 καί·
1317 3607 1460 3676 (Δῴη
1493 3607 1634 3676 αὐτῷ
1658 3609 1829 3677 εὑρεῖν

267 3713 429 3772 ἔλεος
455 3706 608 3776 παρὰ
628 3703 828 3772 Κυρίου
852 3704 905 3754 ὲν
939 3699 1114 3768 ἐκείνῃ
1144 3701 1208 3768 τῇ
1250 3697 1445 3768 ἡμέρᾳ.
1478 3715 1496 3747 ι
1542 3695 1692 3748 Ἀλλὰ
1724 3695 1829 3765 γὰρ

265 3805 330 3857 ιν
356 3799 582 3859 τούτοις
614 3794 741 3864 περὶ
782 3793 985 3859 [ἰατρὸς
1016 3791 1102 3842 καὶ
1145 3789 1271 3841 Υίοῦ
1309 3786 1586 3857 διαρθροῦν
1623 3785 1827 3852 λόγους,

268 3891 352 3960 τῷ
387 3890 494 3960 μὲν
523 3886 770 3954 ἀγενήτῳ
797 3882 888 3934 καὶ
916 3881 1083 3949 ῐῐατρι
1109 3879 1212 3932 τῶν
1245 3879 1376 3931 ὅλων
1403 3879 1498 3947 τὴν
1526 3875 1663 3929 κατὰ
1697 3875 1829 3926 πάν-

268 3991 386 4030 των
411 3975 514 4027 καὶ
534 3974 654 4024 κατ’
671 3970 830 4022 αὑτοῦ
858 3968 947 4020 τοῦ
975 3966 1100 4018 Υίοῦ
1129 3967 1313 4036 κυρίαν
1329 3983 1384 4017 τε
1411 3965 1502 4017 καὶ
1528 3964 1830 4016 αὐθεντείαν

268 4063 643 4122 ἀνατιθέντας
662 4103 676 4125 ,
706 4059 782 4128 τῷ
816 4059 872 4110 δὲ
898 4057 974 4125 τῷ
1008 4057 1161 4125 Λόγῳ
1192 4055 1258 4107 τὰ
1284 4055 1552 4124 δευτερεῖα
1586 4053 1718 4121 μετὰ
1745 4053 1830 4104 τὸν

271 4154 510 4223 Πατέρα
536 4153 634 4219 τῆς
668 4149 804 4202 κατά
835 4147 1042 4199 πάντων
1064 4144 1169 4196 τῶν
1194 4143 1556 4212 γεγενημένων
1579 4144 1745 4213 ἀρχῆς
1774 4160 1830 4194 τε

272 4245 373 4296 καὶ
398 4237 724 4299 δεσποτείας
743 4237 1118 4305 ἀπονέμοντας.
1145 4235 1232 4295 Δὶς
1254 4231 1308 4286 δὲ
1331 4233 1558 4286 ἐνταῦθα
1587 4231 1834 4302 ὀνομαζο-

274 4331 449 4404 μένου
483 4328 582 4381 τοῦ
613 4326 834 4394 Κυρίου,
860 4324 996 4376 κατά
1020 4325 1108 4376 τό·
1147 4322 1414 4389 Ἔϐρεξεν
1434 4322 1641 4388 Κύριος
1678 4323 1834 4387 παρὰ

1922 565 2107 627 Deum,
2142 566 2282 634 quod
2341 564 2645 628 adveniens,
2683 580 2872 635 resque
2926 568 3198 620 hominum
3237 583 3266 620 a
3309 570 3450 638 prin-

1921 657 2061 725 cipio
2095 656 2381 724 inspiciens
2441 663 2598 723 atque
2650 655 2971 724 gubernans,
3027 659 3448 728 praecellentibus

1921 745 2433 816 perfectioribusque
2471 746 2625 807 viris,
2667 745 2855 813 quales
2891 758 3042 801 erant
3093 747 3446 814 Abrahamus,

1921 835 2134 890 lsaacus
2163 843 2320 904 atque
2339 833 2591 898 Iacobus,
2641 849 2734 902 per
2773 834 3004 902 seipsum
3052 837 3448 893 manifestatum

1921 929 2024 977 est.
2054 922 2126 976 lis
2153 936 2280 976 vero
2296 921 2386 989 qui
2435 929 2591 974 tanta:
2624 921 2804 974 virtuti
2860 922 3089 988 impares
3109 933 3280 986 erant,
3312 926 3450 978 sicut

1921 1019 2035 1066 erat
2058 1011 2177 1075 Lot,
2225 1019 2279 1065 et
2305 1012 2360 1064 in
2405 1009 2684 1065 Judicibus
2717 1009 2931 1065 Gedeon
2960 1018 3013 1064 et
3041 1009 3247 1076 Manoe,
3299 1021 3452 1066 caue-

1921 1101 2102 1169 risque
2121 1115 2302 1154 eorum
2341 1099 2623 1162 similibus,
2675 1098 2941 1152 ministris
2964 1099 3265 1168 legatisque
3295 1116 3449 1170 ange-

1922 1193 1988 1246 lis
2015 1191 2108 1259 qui
2139 1190 2240 1243 sibi
2272 1190 2497 1256 subjecti
2525 1196 2678 1242 erant
2736 1203 2887 1251 usus,
2916 1187 3144 1242 diversis
3176 1190 3450 1260 variisque

1922 1281 2093 1334 modis
2115 1295 2208 1348 per
2233 1293 2325 1333 eos
2353 1277 2602 1331 mandata
2633 1292 2729 1331 sua
2760 1276 3130 1331 denuntiabat.
3163 1277 3298 1332 Huic
3353 1280 3450 1349 igi-

1923 1379 2010 1424 tur
2039 1370 2199 1440 Agar,
2229 1385 2349 1422 cum
2395 1369 2564 1438 ipsius
2607 1368 2773 1422 divini
2830 1367 2987 1423 Verbi
3033 1365 3291 1423 visionem
3317 1370 3454 1424 ferre

1923 1459 2187 1527 nequiret,
2215 1474 2307 1524 per
2355 1459 2599 1528 angelum
2655 1472 2774 1526 qua;
2792 1458 2958 1510 relata
3002 1467 3130 1510 sunt
3161 1458 3446 1527 significat.

1921 1548 2118 1603 Jacobo
2171 1548 2331 1602 etiam
2378 1563 2476 1617 per
2527 1549 2744 1616 angelos
2801 1547 3205 1611 manifestatur;
3265 1522 3485 1601 veruml

1923 1639 2284 1692 animadverte
2310 1639 2451 1706 quod
2479 1639 2572 1691 tali
2624 1638 2779 1692 modo
2811 1638 2933 1690 huic
2977 1637 3124 1691 visus
3153 1646 3253 1702 est,
3281 1639 3455 1693 adhuc

1926 1728 2235 1782 inﬁrmioris
2266 1728 2522 1792 virtutis;
2575 1742 2697 1780 cum
2741 1733 2915 1781 autem
2956 1727 3240 1796 profecerit
3283 1737 3338 1783 et
3385 1731 3453 1783 ad

1928 1819 2302 1887 perfectionem
2358 1818 2689 1885 pervenerit,
2744 1817 2884 1870 nuda
2935 1826 2987 1871 et
3040 1825 3220 1886 aperta
3261 1819 3458 1876 suimet

1929 1905 2333 1959 conversatione
2363 1904 2610 1974 dignatur
2639 1919 2782 1968 cum,
2839 1919 2938 1958 nec
2977 1905 3085 1972 jam
3118 1921 3213 1973 per
3237 1907 3454 1976 angelos

1931 2004 2088 2064 atque
2111 1997 2448 2063 interpretes,
2485 1995 2579 2049 sed
2618 1995 2731 2063 ipse
2782 2010 2876 2063 per
2914 1995 3150 2064 seipsum
3196 1995 3455 2050 Dominus

1930 2093 1982 2139 et
2013 2084 2150 2140 Deus
2201 2083 2455 2149 Verbum,
2511 2085 2775 2140 secundas
2827 2087 2880 2138 in
2922 2094 3143 2155 paterna
3180 2087 3456 2143 divinitate

1930 2178 2109 2239 partes
2162 2171 2384 2236 habens,
2418 2173 2689 2241 propriam
2730 2173 2796 2226 ad
2847 2189 2966 2228 eum
2999 2175 3256 2230 visionem
3284 2179 3455 2231 mani-

1930 2255 2105 2311 festat.

2522 2448 2744 2503 CAPUT
2774 2449 2836 2503 ιτ.

2011 2559 2028 2591 ι
2066 2539 2160 2594 Sol
2188 2556 2434 2610 egressus
2464 2551 2547 2597 est
2579 2558 2738 2612 super
2755 2552 2952 2598 terram
2984 2553 3036 2599 et
3066 2537 3163 2599 Lot
3183 2549 3458 2617 ingressus

1929 2639 2012 2685 est
2034 2630 2215 2701 Segor.
2243 2631 2408 2701 Igitur
2437 2631 2690 2688 Dominus
2723 2634 2857 2702 pluit
2909 2650 3068 2704 super
3093 2635 3375 2692 Sodomam
3396 2648 3458 2694 et

1930 2719 2280 2773 Gomorrham
2355 2721 2579 2790 sulphur
2641 2731 2719 2775 et.
2760 2724 2935 2792 ignem
3001 2740 3031 2778 a
3095 2725 3324 2782 Domino
3387 2729 3454 2784 de

1929 2809 2066 2862 caelo
2099 2809 2162 2861 ".
2197 2829 2215 2860 ›
2247 2807 2364 2862 Non
2409 2812 2601 2879 opinor
2631 2813 2860 2880 aliquem
2891 2828 3071 2867 eorum
3093 2856 3108 2880 ,
3172 2817 3264 2884 qui
3294 2819 3458 2872 semel

1930 2895 2270 2950 crediderunt
2295 2912 2476 2954 sacras
2505 2908 2557 2953 et
2588 2899 2844 2957 divinitus
2876 2904 3165 2971 inspiratas
3187 2921 3306 2962 esse
3330 2922 3460 2962 san-

1929 2993 2046 3040 ctas
2072 2983 2398 3055 Scripturas,
2422 2989 2599 3044 verbis
2620 2991 2868 3046 haesitare
2886 2992 2971 3047 his
2988 2994 3040 3046 in
3065 2995 3217 3061 locis,
3239 3012 3462 3066 respon.

1929 3073 2055 3128 dere
2090 3085 2411 3144 quaerentem
2442 3079 2507 3132 iis
2537 3095 2654 3147 quae
2700 3081 2764 3134 de
2791 3081 2962 3136 Verbo
2993 3082 3098 3138 Deo
3124 3095 3458 3152 asseruntur,

1929 3165 2070 3231 quod
2095 3168 2496 3234 praeexsistebat
2528 3171 2880 3224 substantiam
2910 3175 3177 3242 propriam
3234 3176 3456 3243 habens,

1928 3263 1980 3307 et
2011 3263 2133 3309 ante
2166 3254 2584 3310 incarnationem
2618 3260 2776 3313 rebus
2812 3263 3086 3314 hominum
3116 3264 3458 3322 moderandis

1929 3353 2170 3412 praeerat.
2197 3342 2298 3397 Hic
2316 3345 2458 3397 enim
2497 3345 2632 3400 duos
2667 3355 2848 3414 aperte
2898 3347 3149 3403 Dominos
3184 3349 3459 3421 Scriptura

1927 3432 2208 3501 designat:
2247 3451 2266 3483 ι
2302 3433 2444 3487 Pluit
2470 3434 2789 3492 Dominus...
2821 3451 2850 3488 a
2897 3437 3138 3495 Domino.
3174 3465 3191 3494 ι
3254 3445 3460 3499 Similia

1928 3523 2159 3589 reperire
2207 3532 2290 3576 est
2323 3523 2462 3593 apud
2515 3533 2756 3578 sanctum
2807 3527 3123 3595 Apostolum
3153 3533 3452 3587 dicentem:

1934 3629 1951 3660 ι
1977 3610 2071 3665 Det
2098 3611 2355 3668 Dominus
2373 3614 2789 3668 misericordiam
2813 3615 3132 3687 Onesiphori
3154 3619 3331 3674 domui
3355 3623 3454 3688 ης»

1927 3708 1976 3753 et
2006 3717 2017 3752 :
2054 3717 2071 3748 ‹
2105 3698 2202 3754 Det
2230 3700 2303 3753 illi
2323 3700 2576 3755 Dominus
2602 3701 2836 3756 invenire
2852 3703 3269 3760 misericordiam
3293 3721 3324 3760 a
3349 3705 3458 3765 Do-

1931 3789 2075 3841 mino
2097 3789 2150 3841 in
2177 3789 2267 3841 illa
2297 3789 2382 3843 die
2409 3787 2474 3841 ⁸³.
2505 3809 2523 3839 ι
2552 3789 2833 3844 Enimvero
2857 3790 3010 3846 facile
3036 3802 3116 3848 est
3136 3795 3190 3848 in
3220 3795 3460 3866 illisque

1929 3879 1994 3932 ad
2015 3877 2245 3941 Patrem,
2271 3895 2390 3948 qua:
2420 3879 2485 3932 ad
2501 3880 2690 3937 Filium
2712 3889 2972 3949 spectant,
2994 3885 3273 3954 perspicue
3290 3901 3462 3943 secer-

1929 3983 2054 4021 nere
2078 3968 2252 4033 verba,
2275 3985 2394 4038 qua:
2413 3971 2648 4024 increato
2663 3970 2910 4041 Patrique
2936 3975 3168 4028 omnium
3195 3977 3249 4030 in
3275 3991 3461 4032 omnes

1930 4066 2088 4127 atque
2109 4060 2159 4112 in
2187 4060 2359 4128 ipsum
2409 4060 2600 4114 Filium
2652 4061 3068 4119 dominationem
3093 4075 3146 4120 et
3175 4068 3460 4122 auctorita-

1932 4155 2034 4201 tem
2089 4149 2350 4212 tribuunt,
2412 4149 2581 4204 Verbo
2633 4159 2806 4207 autem
2865 4155 3126 4210 secundas
3180 4164 3298 4226 post
3359 4156 3461 4212 Pa-

1931 4247 2065 4291 trem
2131 4248 2309 4308 partes
2367 4241 2641 4310 assignant
2695 4243 2748 4296 in
2801 4245 3036 4298 omnium
3092 4253 3458 4301 creaturarum

1935 4327 2234 4397 principatu
2270 4335 2427 4398 atque
2470 4329 2716 4398 imperio.
2745 4330 2842 4385 Hic
2864 4340 3041 4387 autem
3069 4334 3154 4389 bis
3189 4336 3461 4389 nominato

273 4423 537 4492 Κυρίου,
551 4437 570 4469 ι
592 4417 673 4480 δὶς
689 4415 825 4468 κατά
847 4415 904 4466 τὸ
931 4414 1206 4483 Ἐὕραῖκὸν
1223 4415 1312 4464 καὶ
1338 4411 1396 4464 τὸ
1425 4411 1828 4480 τετράγραμμον

1939 4418 2182 4482 Domino,
2210 4420 2502 4476 secundum
2530 4422 2658 4477 illud
2689 4442 2699 4475 :
2733 4442 2750 4472 ι
2779 4423 2918 4477 Pluit
2966 4424 3290 4480 Dominus...
3317 4441 3347 4478 a
3368 4425 3463 4479 Do~

270 4511 613 4582 ἐμφέρεται,
646 4506 720 4566 ὼς
744 4505 1048 4572 σαφέστατα
1079 4499 1508 4570 ἀνομολογεῖσθαι
1533 4499 1592 4550 τὸ
1619 4499 1708 4549 ἐπὶ
1745 4497 1834 4549 δύο

271 4598 620 4674 προσώπων,
659 4594 814 4664 δῆλον
854 4593 897 4644 δ’
932 4593 1010 4644 ὅτι
1048 4590 1137 4643 τοῦ
1184 4591 1312 4643 Θεοῦ
1353 4592 1444 4642 καὶ
1481 4589 1686 4660 Πατρὸς
1729 4587 1835 4642 τῶν

272 4693 422 4744 ὅλων
446 4687 548 4740 καὶ
577 4684 670 4738 τοῦ
703 4684 872 4749 Λόγου
907 4680 1091 4742 αὑτοῦ,
1117 4681 1214 4750 τὴν
1247 4680 1475 4750 ἄρρητον
1502 4679 1700 4748 ταύτην
1733 4695 1834 4732 πα-

279 4775 738 4852 ραλαμϐάνεσθαι
783 4772 1101 4841 σημείωσιν·
1162 4770 1235 4830 ὡς
1285 4769 1466 4838 μηκέτ’
1529 4769 1833 4839 ἀμφιϐόλως

274 4872 454 4942 ἔχειν,
487 4867 544 4919 εἴ
564 4882 666 4917 που
694 4863 759 4916 ἂν
779 4863 987 4931 φέροιτο
1003 4863 1035 4928 ἡ
1056 4859 1268 4928 τοιαύτη
1294 4860 1382 4910 ἐπὶ
1397 4859 1489 4913 τοῦ
1517 4858 1648 4912 Θεοῦ
1668 4876 1829 4932 προσ-

274 4956 511 5031 ηγορία,
559 4953 634 5024 μὴ
675 4951 830 5019 μόνον
874 4950 964 5002 ἐπὶ
1000 4949 1094 5018 τῆς
1125 4947 1378 5014 ἁγενήτου
1428 4944 1633 5010 φύσεως
1666 4946 1829 5014 αὐτὴν

276 5037 839 5117 παραλαμϐάνεσθαι,
881 5035 1010 5088 ἀλλά
1048 5035 1138 5088 καὶ¹
1179 5035 1268 5088 ἐπὶ
1307 5031 1396 5087 τοῦ
1433 5035 1488 5086 ὲν
1525 5034 1658 5104 ἀρχῇ
1703 5033 1831 5107 πρὸς

278 5137 373 5188 τὸν
405 5133 549 5187 Θεὸν
581 5129 730 5191 ὄντος
750 5127 936 5194 Λόγου.

824 5322 1207 5374 ΚΕΦΑΛΑΙΟΝ
1247 5323 1334 5386 ς’.

367 5421 462 5474 ἐν
524 5418 590 5485 τῇ
637 5413 770 5483 πρὸς
813 5411 901 5462 τὸν
944 5410 1129 5464 Ἰακὼὸ
1173 5410 1384 5478 εὐλογίᾳ
1413 5409 1440 5458 ὁ
1484 5407 1661 5459 Ἰσαάκ
1707 5425 1835 5476 φησι

283 5508 431 5580 μετά
459 5520 584 5557 τινα
609 5501 703 5554 καὶ
729 5497 894 5552 ταῦτα
912 5515 924 5528 ·
958 5518 975 5548 ι
1003 5498 1110 5551 Καὶ
1131 5495 1554 5550 δουλευσάτωσάν
1579 5511 1656 5547 σοι
1681 5495 1832 5566 ἔθνη·

353 5663 403 5696 ³⁸
447 5660 589 5715 Gen.
627 5669 740 5719 nx,
772 5652 858 5705 25.
930 5651 972 5684 "
1013 5649 1056 5704 ll
1091 5649 1225 5705 Tim.
1261 5667 1308 5716 ι,
1343 5649 1424 5702 16.
1501 5647 1545 5679 ⁸³
1586 5644 1707 5699 ibid.
1749 5646 1835 5701 18.

1936 4508 2099 4571 mino,
2138 4528 2155 4559 ι
2189 4509 2271 4562 bis
2312 4509 2604 4564 secundum
2648 4511 2968 4565 Hebraicum
2992 4523 3044 4566 et
3065 4520 3464 4582 tetragramma-

1934 4603 2024 4651 ton
2047 4596 2298 4664 refertur,
2329 4600 2393 4652 ad
2444 4615 2791 4668 personarum
2835 4602 3145 4658 dualitatem
3175 4604 3463 4658 evidentis-

1935 4686 2068 4741 sime
2090 4686 2551 4756 distinguendam;
2595 4689 2931 4742 manifestum
2975 4697 3056 4744 est
3089 4697 3264 4743 autem
3293 4688 3385 4742 Dei
3411 4699 3463 4744 et

1932 4773 2168 4826 omnium
2199 4774 2396 4837 Patris,
2435 4784 2594 4843 atque
2649 4777 2764 4843 ejus
2819 4777 2980 4831 Verbi
3018 4779 3306 4833 discrimen
3363 4780 3463 4834 hac

1901 4893 1906 4900 -
1935 4863 2185 4918 ineffabili
2213 4865 2643 4918 denominatione
2657 4867 2944 4936 designari,
2976 4875 3035 4922 ut
3053 4883 3120 4922 ne
3143 4868 3227 4922 cui
3258 4868 3328 4921 sit
3356 4885 3464 4922 ani-

1934 4955 2173 5022 biguum,
2208 4953 2253 5007 si
2288 4952 2422 5006 forte
2453 4953 2564 5006 hmc
2595 4955 2802 5022 uspiam
2831 4956 2896 5010 de
2920 4955 3025 5010 Deo
3055 4955 3338 5025 appellatio
3369 4957 3465 5008 ad-

1935 5044 2195 5105 hibeatur,
2254 5058 2358 5096 non
2401 5049 2602 5094 tantum
2653 5042 2719 5097 de
2763 5044 2997 5099 increata
3049 5054 3238 5098 natura
3273 5044 3466 5099 intelli-

1937 5134 2158 5202 gendam
2180 5147 2318 5193 esse,
2347 5130 2440 5186 sed
2472 5130 2629 5183 etiam
2654 5130 2720 5186 de
2769 5132 2943 5189 Verbo
2965 5135 3105 5206 quod
3134 5142 3217 5188 est
3237 5134 3290 5186 in
3322 5134 3466 5202 prin-

1937 5223 2074 5293 cipio
2097 5223 2235 5291 apud
2270 5221 2454 5277 Deum.

2525 5314 2747 5371 CAPUT
2785 5314 2870 5369 Vl.

2007 5401 2065 5455 ln
2089 5401 2273 5458 Jacobi
2300 5403 2668 5458 benedictione
2689 5404 2803 5458 haec
2833 5404 2970 5458 inter
2999 5401 3104 5454 alia
3130 5398 3354 5456 lsaacus
3383 5393 3474 5448 di-
3575 5427 3578 5430 ~

1942 5497 2011 5552 cit
2049 5517 2059 5551 :
2101 5516 2119 5550 ι
2159 5496 2222 5551 Ει
2254 5498 2489 5555 serviant
2510 5499 2603 5554 tibi
2636 5500 2817 5570 populi
2839 5507 2892 5555 et
2925 5498 3155 5556 adorent
3185 5501 3237 5548 te
3260 5489 3480 5547 tribus:
