3926 6376
205 430 348 484 1041
1228 432 1517 489 ΕϐιοϐᾹί
1558 430 2022 487 ΡΒΟΡΗΕΤΙΟᾹΞ.
2062 463 2126 471 -
2163 430 2287 485 LlB.
2319 429 2358 484 1.
3249 427 3391 482 l0£2

196 545 465 602 διδάσκει
499 552 597 604 ἄνα
627 552 779 622 (ἅμα)
813 551 937 619 γοῦν
963 556 1026 622 τῇ
1053 553 1169 622 θείᾳ
1195 555 1340 622 φωνῇ
1369 551 1463 622 τὴν
1495 553 1652 604 Λείαν
1681 569 1746 604 κα

1831 588 1842 613 ,
1872 553 1991 614 bus,
2025 549 2225 602 vocatis
2252 547 2354 601 Deo
2378 545 2598 614 jubente
2622 543 2817 598 Rachel
2844 552 2896 598 et
2947 543 3062 604 Lia,
3084 541 3267 611 eisque
3299 542 3381 594 in-

193 634 301 703 τὴν
351 637 566 710 Ῥαχὴλ
609 642 964 706 ἀνακαλέσας,
1012 642 1127 712 μεθ’
1156 642 1315 712 ἓτερα
1352 643 1440 694 τὸν
1485 643 1743 711 γενόμενον

1871 649 1947 694 ιει·
2015 639 2116 690 alia
2177 636 2507 704 apparitione
2557 648 2674 702 quae
2729 634 2829 686 sibi
2883 641 3132 695 evenerat
3196 631 3381 686 relata.

192 724 359 796 αὐτῷ
397 732 782 801 χρηματισμὸν
827 732 1124 784 ἀνατίθεται
1171 733 1352 794 αὐταῖς
1386 731 1574 798 λέγων,
1604 751 1621 781 ι
1663 733 1742 784 Κα

1930 727 2175 795 Dixitque
2206 726 2424 794 angelus
2455 723 2686 783 Domini,
2739 723 2927 789 inquit,
2951 723 3014 775 ad
3040 735 3124 774 me
3163 720 3215 772 in
3242 733 3389 773 som-
3441 715 3447 728 '

187 808 324 868 ιῐπέ
359 833 466 886 μοι
510 823 540 872 6
574 821 796 889 ἄγγελος
824 821 915 874 τοῦ
944 820 1073 872 Θεοῦ
1120 822 1235 874 καθ’
1275 820 1454 882 ὕπνον,
1498 820 1704 878 Ἰακὼϐ,

1865 821 1967 882 nis,
1995 818 2181 872 dicens
2212 815 2410 871 :Jacob
2439 817 2506 881 ⁶²;
2543 832 2561 866 ι
2594 821 2646 867 ει
2693 819 2902 873 caetera,
2947 810 2998 863 in
3042 810 3236 878 quibus
3267 810 3340 860 ait
3370 825 3382 860 :

189 907 291 960 καὶ
347 910 428 964 τὰ
481 913 626 982 ἑξῆς,
679 915 736 966 ἐν
782 909 860 976 οἷς
911 930 1089 983 φησιν·
1130 933 1148 963 ι
1192 913 1328 980 Ἐγώ
1357 915 1469 982 είμι
1513 913 1540 964 6
1584 913 1712 975 Θεὸς

1871 928 1888 959 ι
1926 907 2034 976 Ego
2064 923 2181 962 sum
2208 906 2346 959 Deus
2375 906 2522 958 visus
2549 903 2640 957 tibi
2682 902 2736 955 in
2767 903 2881 954 loco
2933 899 3044 962 Dei,
3070 899 3158 952 ubi
3185 897 3381 951 unxisti

185 995 395 1063 ὀφθείς
425 1015 518 1052 σοι
539 1003 594 1054 ὲν
620 1001 765 1070 τόπῳ
783 1002 911 1053 Θεοῦ
929 1019 942 1032 ο
969 994 1027 1052 οὗ
1053 1000 1270 1070 ηλειψάς
1297 1017 1383 1069 μοι
1409 1001 1523 1067 ὲκεζ
1549 1001 1735 1071 στήλην

1865 998 2113 1067 lapidem,
2145 1005 2196 1050 et
2221 1007 2398 1049 votum
2424 995 2612 1048 vovisti
2642 993 2790 1046 mihi.
2820 991 2970 1044 Nunc
2993 1007 3117 1060 ergo
3146 1007 3301 1060 surge
3329 1000 3382 1045 et

185 1086 288 1137 καὶ
319 1086 492 1156 ηὔξω
522 1107 608 1159 μοι
634 1092 748 1143 ἐκεῖ
785 1092 944 1160 εὐχήν
963 1108 978 1122 ·
1005 1091 1097 1145 νῦν
1137 1086 1226 1143 οὖν
1256 1089 1530 1160 ἀνάστηθι,
1565 1092 1656 1143 καὶ
1685 1091 1735 1156 ἐξ

1863 1086 2113 1155 egredere
2136 1085 2200 1140 de
2225 1092 2365 1139 terra
2398 1085 2526 1146 hac,
2560 1091 2820 1138 revertere
2855 1082 2907 1133 in
2943 1092 3134 1135 terram
3192 1083 3384 1134 nativi-

179 1172 315 1227 ελθε
352 1178 427 1229 ὲκ
457 1179 564 1250 τῆς
593 1181 694 1250 γῆς
725 1181 942 1250 ταύτης,
975 1182 1065 1234 καί
1095 1180 1287 1234 ἄπελθε
1314 1184 1391 1243 είς
1418 1182 1512 1251 τὴν
1545 1182 1644 1250 γῆν
1669 1182 1729 1251 τῆ

1863 1177 1991 1231 tatis
2022 1185 2124 1230 tua:
2151 1176 2212 1228 ⁸³.
2253 1195 2270 1227 ι
2308 1175 2436 1230 Post
2464 1175 2576 1228 bare
2603 1189 2730 1228 vero
2763 1171 3047 1226 revertenti
3079 1188 3108 1224 e
3142 1171 3383 1240 Mesopo-

178 1265 482 1330 γενέσεώς
525 1286 634 1321 σου.
674 1288 693 1322 ι
723 1270 871 1324 Μετά
900 1271 955 1322 δὲ
1002 1271 1166 1323 ταῦτα
1201 1271 1584 1339 ὑποστρέψαντι
1623 1272 1728 1323 αὐτη

1863 1267 2023 1319 tamia
2051 1265 2222 1334 primo
2244 1279 2398 1318 mane
2417 1264 2626 1317 obviam
2654 1262 2867 1316 fuerunt
2896 1261 3064 1328 angeli
3091 1258 3296 1312 Domini
3322 1259 3385 1313 de

175 1355 297 1408 ἀπὸ
337 1359 455 1428 τῆς
489 1361 902 1430 Μεσοποταμίας
941 1362 1147 1432 πρῶτον
1178 1361 1272 1430 μὲν
1303 1361 1402 1430 ήδη
1436 1362 1640 1431 πρωῖας
1677 1359 1725 1412 οῑ

1863 1354 2056 1423 quibus
2080 1362 2133 1407 et
2161 1353 2295 1406 dixit
2329 1369 2342 1403 :
2379 1371 2398 1402 ι
2429 1351 2616 1406 Castra
2645 1350 2737 1405 Dei
2780 1359 2905 1405 sunt
2934 1351 3044 1402 haec
3075 1348 3139 1401 “.
3178 1367 3196 1398 ›
3237 1347 3386 1401 Veri-

177 1459 287 1513 σης
327 1450 687 1519 συνήντησαν
727 1451 774 1501 οἱ
822 1449 1032 1516 ἄγγελοι
1081 1449 1171 1502 τοῦ
1197 1451 1350 1513 Θεοῦ,
1384 1451 1508 1521 περὶ
1557 1444 1629 1503 ὧν
1672 1467 1727 1502 κο

1863 1443 2036 1498 simile
2060 1450 2142 1497 est
2169 1442 2267 1497 hos
2289 1457 2429 1506 esse,
2460 1456 2596 1510 quos
2623 1442 2773 1510 prius
2824 1453 2984 1506 super
3016 1438 3212 1493 scalam
3242 1437 3385 1490 vide-

171 1528 330 1586 εἴπ’
366 1556 388 1586 ι
424 1537 761 1608 Παρεμϐολὴ
781 1538 911 1591 Θεοῦ
936 1539 1096 1608 αὕτη*
1129 1559 1146 1589 ι
1173 1541 1263 1591 καὶ
1291 1541 1432 1602 εἰκός
1457 1557 1516 1606 γε
1551 1540 1721 1592 τούτοι

1862 1543 1962 1590 rat.
1990 1535 2186 1589 Deinde
2215 1535 2384 1588 oritur
2406 1533 2479 1586 illi
2505 1534 2584 1587 sol
2615 1548 2677 1585 ex
2717 1532 2824 1584 alto
2873 1537 2993 1599 post
3021 1529 3386 1597 supradictum

169 1624 452 1688 ἐκείνους
486 1623 649 1691 εἶναι,
676 1627 766 1690 οὒς
795 1628 1047 1698 πρότερον
1079 1630 1166 1680 ἐπὶ
1194 1630 1288 1697 τῆς
1313 1628 1568 1698 κλίμακος
1593 1631 1719 1699 ἑωρό

1863 1626 2057 1688 locum,
2085 1626 2140 1678 in
2172 1638 2278 1693 quo
2301 1623 2511 1677 videtur
2536 1637 2658 1677 cum
2679 1636 2743 1674 eo
2765 1621 3001 1674 luctatus
3029 1635 3122 1688 per
3140 1633 3384 1673 somnum

170 1725 260 1760 κει
284 1727 302 1740 ο
354 1705 496 1764 εἶτα
536 1713 591 1765 δὲ
635 1716 728 1766 καὶ
771 1715 1038 1767 ἀνατέλλει
1079 1716 1220 1785 αύτῴ
1260 1719 1286 1768 6
1327 1717 1576 1786 ἀνωτέρω
1606 1717 1720 1770 δύνο

1861 1715 1949 1784 qui
1979 1715 2042 1768 ad
2073 1730 2193 1768 eum
2216 1712 2350 1766 dixit
2379 1729 2391 1762 :
2434 1729 2451 1761 ι
2487 1710 2830 1780 Nequaquam
2876 1707 3041 1762 Jaeob
3091 1707 3385 1777 appellabi-

168 1797 338 1866 ἥλιος
375 1801 538 1869 μετὰ
565 1802 658 1872 τὴν
700 1803 1103 1873 προεκτεθεῖσαν
1146 1807 1458 1877 περικοπὴν,
1490 1809 1544 1858 ὲν
1640 1823 1711 1874 φα

1863 1814 1948 1856 tur
1987 1817 2180 1856 nomen
2215 1809 2386 1862 tuum,
2439 1800 2532 1854 sed
2579 1799 2764 1862 lsrael,
2817 1797 3069 1868 quoniam
3117 1798 3163 1850 si
3195 1805 3382 1850 contra

169 1903 332 1940 νεται
360 1888 627 1942 παλαίων
651 1891 796 1961 αύτῴ
821 1892 936 1943 καθ’
963 1893 1156 1957 ὕπνους
1178 1897 1206 1947 6
1232 1897 1400 1966 φήσας
1428 1897 1559 1965 πρὸς
1583 1897 1719 1948 αὐτόε

1861 1893 2023 1948 Deum
2050 1893 2204 1946 fortis
2240 1891 2412 1953 fuisti,
2437 1895 2638 1959 quanto
2690 1888 2861 1957 magis
2913 1894 3096 1940 contra
3139 1885 3383 1939 homines

175 1994 193 2025 ι
229 1976 453 2030 Ούκέτι
499 1977 822 2050 κληθήσεται
861 1982 919 2034 τὸ
953 1982 1119 2052 ὄνομά
1155 2001 1244 2035 σου
1279 1985 1484 2049 Ἰακὼϐ,
1507 1987 1619 2038 ἀλλ’
1654 1987 1725 2040 Ἰσ

1860 1983 2272 2052 praevalebis”!
2319 2000 2336 2031 ι
2389 1979 2517 2035 Post
2564 1979 2726 2049 igitur
2763 1978 3040 2035 visionem,
3089 1975 3269 2029 statim
3305 1975 3385 2028 sol

171 2063 318 2134 ραὴλ
354 2065 530 2118 ἔσται
573 2069 634 2120 τὸ
673 2069 842 2140 ὄνομά
879 2089 990 2135 σου,
1031 2073 1111 2125 ὅτι
1142 2074 1418 2144 ἐνίσχυσας
1454 2075 1588 2144 μετὰ
1625 2077 1721 2130 Θεο

1860 2082 2010 2127 ortus
2046 2080 2130 2126 est
2175 2073 2244 2126 ei.
2306 2070 2595 2140 Postquam
2634 2076 2809 2123 autem
2863 2065 3166 2136 profecerit,
3207 2064 3382 2134 perfe-

171 2153 268 2205 καὶ
302 2153 462 2224 μετά
494 2154 794 2226 ἀνθρώπων
822 2158 1054 2221 δυνατός.
1090 2178 1108 2210 ι
1137 2159 1283 2212 Μετά
1307 2161 1434 2228 γοῦν
1464 2161 1559 2230 τὴν
1595 2163 1721 2215 ὀπτα

1858 2169 2084 2230 ctusque
2107 2161 2289 2223 fuerit,
2319 2161 2428 2228 jam
2450 2174 2556 2213 non
2606 2159 2658 2212 in
2694 2157 2920 2219 somnis,
2982 2170 3154 2224 neque
3200 2161 3382 2216 noctu,

172 2243 297 2296 σίαν
323 2243 622 2297 ἀνέτειλεν
657 2246 804 2315 αὐτῷ
834 2249 862 2300 6
887 2248 1060 2316 ἥλιος·
1097 2250 1196 2320 ἤδη
1222 2250 1278 2302 δὲ
1311 2250 1630 2320 προκόψαντι
1669 2268 1722 2302 κε

1858 2266 2031 2322 neque
2059 2265 2154 2320 per
2182 2251 2448 2320 angelum,
2479 2263 2651 2318 neque
2684 2247 2784 2302 sub
2800 2246 2978 2316 specie
3005 2246 3258 2308 humana,
3289 2243 3385 2300 sed

171 2334 540 2388 τελειωθέντι
571 2336 750 2389 οὐκέτι
793 2337 910 2390 καθ’
943 2337 1156 2402 ὕπνους,
1188 2337 1282 2392 ἀλλ
1298 2327 1450 2391 ’⁸ούδὲ
1488 2341 1543 2390 ὲν
1581 2340 1721 2391 νυκτῖ

1858 2341 1924 2402 in
1943 2340 2118 2397 medio
2140 2341 2246 2406 die,
2277 2341 2394 2394 luce
2427 2340 2480 2392 in
2505 2338 2712 2401 media,
2739 2335 2881 2390 Deus
2926 2335 3041 2404 ipse
3063 2332 3379 2388 manifesta-

171 2425 293 2478 οὐδὲ
324 2427 398 2480 δι’
429 2426 698 2494 ἀγγέλου,
720 2428 836 2480 οὐδὲ
874 2427 977 2500 μὴν
1015 2429 1081 2481 δι’
1113 2429 1443 2499 ἀνθρωπίνου
1483 2429 1670 2494 εἴδους,
1697 2429 1721 2480 ὲ

1858 2439 1946 2485 tu
1975 2431 2043 2495 ei,
2074 2431 2258 2486 dicens
2282 2447 2294 2481 :
2334 2449 2353 2481 ι
2389 2429 2578 2500 Surge,
2609 2435 2663 2483 et
2691 2425 2916 2482 ascende
2937 2423 3137 2487 Betbel,
3161 2429 3214 2477 et
3237 2422 3386 2476 habi-

175 2511 318 2583 μέσῃ
349 2513 411 2566 δὲ
449 2506 646 2585 ἡμέρᾳ
690 2516 781 2566 καὶ
825 2517 960 2582 φωτὶ
1005 2517 1346 2587 χρηματίζων
1392 2517 1536 2587 αὐτῷ
1569 2520 1596 2570 6
1625 2517 1723 2570 Θεό

1859 2533 1912 2577 ta
1946 2523 2019 2578 ibi
2048 2523 2112 2577 “.
2150 2541 2170 2576 ι
2206 2523 2380 2593 Atque
2407 2529 2530 2591 post
2581 2521 2694 2574 haec
2723 2519 2923 2581 omnia,
2972 2524 3100 2571 tunc
3153 2515 3382 2585 primum

171 2613 365 2673 φησιν’
417 2619 437 2652 ι
497 2603 782 2667 Ἀναστάς,
817 2603 1041 2675 ἀνάϐηθι
1088 2608 1164 2668 είς
1207 2607 1297 2659 τὸν
1333 2607 1494 2659 τόπον
1536 2607 1721 2677 Βαιθὴλ

1856 2612 2035 2665 divina
2057 2610 2332 2680 Scriptura
2361 2618 2590 2664 testatur
2615 2607 2718 2677 ipsi
2749 2606 2914 2660 Deum
2941 2604 3114 2659 visum
3143 2601 3309 2657 fuisse
3330 2601 3382 2655 in

173 2693 266 2744 καὶ
297 2691 452 2745 οἴκει
485 2693 636 2744 ἐκεῖ·
676 2711 696 2744 ι
732 2694 820 2746 καὶ
854 2695 944 2748 ἐπὶ
974 2694 1179 2757 τούτοις
1221 2698 1352 2749 πᾶσι
1388 2697 1505 2750 τότε
1546 2697 1722 2766 πρῶτο

1857 2702 2020 2767 Luna,
2049 2701 2140 2772 qui
2167 2708 2220 2756 et
2250 2699 2519 2756 benedixit
2546 2699 2644 2761 illi,
2661 2697 2899 2766 dixitque
2917 2710 2978 2750 ea
3000 2708 3119 2764 qua:
3139 2693 3383 2748 referun-

171 2785 203 2852 ἡ
237 2782 363 2835 θεία
394 2781 605 2854 Γραφὴ
651 2789 914 2855 μαρτυρεί
956 2787 1034 2838 ὅτι
1075 2785 1225 2856 ὤφθη
1270 2786 1414 2856 αύτῷ
1457 2787 1484 2838 6
1528 2787 1655 2849 Θεὸς
1695 2788 1720 2839 ὲ

1857 2802 1962 2847 tur.
2019 2791 2330 2858 Quaeremus
2363 2798 2538 2845 autem
2594 2789 2764 2843 otiose
2816 2786 3084 2857 quomodo
3132 2785 3383 2852 deinceps

174 2875 376 2938 Λουζᾶ,
408 2877 520 2926 καὶ
569 2871 853 2943 εὐλόγησεν
895 2875 1050 2928 αὑτὸν
1092 2875 1260 2942 λέγων
1301 2875 1369 2928 τὰ
1409 2877 1723 2946 ἀναγεγραμ

1855 2885 1924 2945 ei,
1961 2897 2083 2936 cum
2115 2881 2170 2935 in
2191 2881 2478 2951 Egyptum
2527 2879 2847 2934 descendere
2903 2882 3136 2948 pararet,
3192 2887 3383 2927 rursus

178 2963 338 3031 μένα.
379 2961 446 3033 (f.
467 2962 497 3014 1
513 2961 566 3033 1.)
584 2963 892 3032 Ζητήσομεν
910 2962 951 3014 δ’
971 2964 1060 3016 ἐπὶ
1081 2964 1265 3033 σχολῆς
1289 2965 1402 3027 πῶς
1429 2965 1560 3035 μετά
1585 2955 1728 3020 ταῧτι

1856 2973 1911 3026 in
1938 2973 2143 3027 visione
2163 2981 2426 3026 nocturna
2454 2969 2594 3025 Deus
2607 2969 2800 3024 dixerit
2829 2985 2881 3020 ε(
2915 2967 3033 3021 Noli
3053 2966 3263 3029 timere,
3287 2965 3380 3018 de-

178 3053 430 3122 μέλλοντι
463 3051 622 3120 αὐτῷ
653 3051 891 3104 κατιέναι
934 3055 1010 3114 εἰς
1050 3054 1312 3120 Αἴγυπτον
1345 3054 1500 3106 πάλιν
1540 3057 1596 3107 ὲν
1622 3056 1728 3126 ὸρά·

1857 3064 2052 3118 seende
2089 3063 2144 3117 in
2191 3061 2475 3131 Egyptum
2519 3061 2579 3113 ⁸⁷.
2637 3079 2654 3112 ι
2698 3059 2819 3113 Haec
2875 3058 3034 3112 nobis
3074 3055 3381 3112 necessario

181 3161 308 3212 ματι
340 3145 443 3196 καὶ
475 3141 570 3194 διὰ
599 3141 786 3203 νυκτὸς
821 3143 848 3194 6
884 3141 1012 3204 Θεὸς
1041 3137 1208 3193 εἶπεψ
1237 3162 1254 3193 ι
1284 3144 1373 3211 Μὴ
1406 3143 1565 3212 φοϐοῦ
1591 3161 1731 3197 κατα

1855 3151 2248 3221 perpendenda.
2278 3150 2576 3205 Ostendunt
2607 3149 2746 3202 enim
2770 3149 2910 3218 quod
2952 3163 3057 3201 non
3081 3147 3255 3210 facile,
3286 3161 3382 3199 nec

177 3233 338 3304 ϐῆναι
369 3236 458 3296 εἰς
490 3231 788 3299 Αἴγυπτον.
832 3251 850 3283 ι
877 3231 1058 3285 Ταῦτα
1087 3233 1140 3284 δὲ
1169 3236 1294 3303 ἡμῖν
1324 3235 1624 3301 ἀναγκαίως
1657 3253 1727 3288 πα

1854 3238 2024 3292 cuivis
2055 3238 2328 3292 hominum
2357 3236 2522 3292 Deum
2563 3239 2736 3290 visum
2773 3235 2940 3290 fuisse
2987 3235 3166 3288 divina
3199 3240 3379 3287 narrat

180 3323 500 3392 ρατέθειται
522 3339 536 3352 ·
574 3322 838 3375 δείκνυσιν
863 3323 966 3391 γὰρ
995 3324 1072 3374 ὅτι
1125 3324 1197 3393 μὴ
1225 3323 1456 3394 εὐχερῶς
1513 3325 1630 3393 μηδ’
1665 3327 1730 3378 ἐπ

1856 3325 2152 3395 Scriptura.
2213 3324 2394 3393 Neque
2423 3326 2564 3379 enim
2593 3325 2815 3389 Adamo,
2855 3339 3027 3392 neque
3068 3323 3248 3377 Enocb
3280 3323 3375 3385 illi,

174 3413 282 3468 τῶν
310 3413 604 3484 τυχόντων
631 3411 837 3481 ἀνδρῶν
867 3414 898 3481 ή
937 3412 1051 3464 θεία
1082 3412 1266 3482 Γραφὴ
1301 3411 1388 3464 τὸν
1417 3413 1545 3465 Θεὸν
1578 3409 1724 3480 ὧφθα

1851 3417 1944 3486 qui
1991 3416 2282 3471 translatus
2323 3424 2424 3479 est,
2481 3430 2651 3484 neque
2679 3415 2809 3476 Noe,
2850 3429 3022 3482 neque
3053 3414 3156 3482 ipsi
3209 3412 3376 3482 Moysi

180 3503 422 3574 ἱστορεῖ·
465 3500 584 3555 οὖτ’
617 3497 709 3553 οὖν
742 3487 836 3552 ὲπῖ
871 3499 961 3552 τοῦ
1001 3501 1184 3570 Ἀδὰμ,
1216 3501 1320 3554 οὔτ’
1349 3503 1438 3554 ἐπὶ
1476 3502 1568 3554 τοῦ
1597 3521 1727 3573 μετα

1853 3507 2022 3562 fertur
2037 3507 2348 3576 apparuisse
2369 3505 2529 3570 Deus,
2557 3505 2657 3559 etsi
2677 3504 2870 3572 smpius
2891 3504 2969 3558 eis
2998 3503 3249 3556 locutum
3259 3517 3379 3556 esse

176 3592 435 3655 τεθέντος
477 3590 670 3660 Ἑνὼχ,
710 3591 822 3644 ἀλλ’
849 3591 953 3642 οὐδ’
989 3591 1078 3642 ἐπὶ
1115 3591 1207 3643 τοῦ
1247 3591 1388 3655 Νῶε,
1417 3592 1520 3644 οὐδ’
1550 3594 1633 3644 ἐπ’
1662 3593 1726 3644 αύ

1853 3604 2094 3650 narrant.
2127 3596 2201 3651 De
2239 3596 2385 3651 nullo
2417 3595 2557 3650 enim
2588 3595 2799 3648 divinus
2830 3607 3006 3647 sermo
3052 3592 3226 3646 visum
3259 3607 3381 3646 esse

175 3682 271 3735 τοῦ
297 3681 598 3742 Μωῦσέως
622 3681 910 3750 τετήρηται
935 3680 1014 3731 ὅτι
1037 3677 1188 3750 ὤφθη
1201 3682 1304 3733 τινὶ
1319 3681 1518 3734 τούτων
1545 3684 1574 3734 6
1603 3683 1725 3746 Θεὸς

1851 3684 2018 3740 Deum
2048 3685 2231 3749 refert,
2267 3685 2374 3739 nisi
2400 3684 2466 3738 de
2516 3682 2631 3740 Solo
2651 3683 2974 3745 Abrahamo,
3005 3691 3060 3737 et
3089 3680 3294 3741 Isaaco,
3325 3689 3378 3735 et

177 3772 428 3840 καίτοιγε
482 3769 745 3831 πολλάκις
799 3770 976 3831 αὐτοῖς
1015 3769 1293 3838 διειλέχθαι
1340 3773 1724 3842 ἀναγεγραμμέ

1851 3772 2068 3828 Jacobo.
2097 3774 2400 3828 Abrahamo
2433 3773 2643 3842 quidem
2677 3789 2783 3826 non
2842 3773 2896 3825 in
2943 3775 3112 3840 prima
3154 3769 3379 3824 manife-

177 3878 263 3925 νος
283 3879 296 3892 ·
331 3861 456 3915 ἀλλ’
487 3859 600 3912 οὐδ’
652 3859 744 3912 ἐπὶ
784 3859 899 3920 ἑνός
942 3875 1004 3925 γε
1043 3859 1196 3913 ἄλλου
1228 3863 1255 3913 6
1288 3861 1426 3924 θεῖος
1468 3864 1634 3930 Λόγος
1665 3864 1727 3916 τὸ

1854 3864 2087 3918 statione
2107 3865 2255 3918 visus
2282 3871 2385 3926 est,
2414 3862 2507 3918 sed
2539 3861 2789 3925 secunda,
2819 3862 3003 3931 quinta
3021 3869 3071 3915 et
3086 3867 3233 3916 sexta
3254 3877 3267 3924 ;
3289 3857 3380 3913 Ja-

176 3952 310 4006 Θεὸν
353 3946 551 4020 ὦφθαι
603 3949 830 4016 εἰσάγει,
862 3949 895 4018 ἦ
923 3950 1012 4001 ἐπὶ
1059 3951 1214 4019 μόνου
1256 3951 1348 4003 τοῦ
1389 3952 1631 4022 Ἀϐραὰμ
1661 3970 1726 4005 κα

1851 3954 1983 4008 cobo
2017 3963 2193 4007 autem
2223 3954 2275 4006 in
2322 3953 2569 4008 omnibus
2598 3968 2715 4022 quae
2767 3959 3160 4018 memorantur;
3194 3949 3376 4006 lsaaco

175 4041 268 4094 τοῦ
299 4041 504 4095 Ἰσαὰκ
532 4040 628 4092 καὶ
655 4039 747 4091 τοῦ
780 4037 965 4090 Ἰακώϐ
985 4053 998 4068 °
1031 4040 1121 4092 καὶ⁵
1146 4039 1236 4092 ἐπὶ
1263 4041 1359 4110 μὲν
1387 4040 1479 4093 τόῦ
1511 4042 1725 4114 ’Δϐραάι

1851 4044 1934 4099 bis
1963 4053 2167 4098 tantum
2224 4043 2479 4099 Dominus
2529 4041 2927 4106 manifestatus,
2975 4042 3059 4096 bis
3101 4042 3249 4096 visus
3295 4041 3375 4096 di-

176 4134 235 4185 οὐ
266 4131 420 4185 κατὰ
465 4130 563 4183 τὸν
605 4129 816 4201 πρῶτον
847 4129 992 4200 αύτῷ
1016 4133 1382 4202 χρηματισμὸν
1415 4132 1586 4205 ὤφθη,
1620 4135 1726 4190 ἁλλ‹

1851 4134 2009 4198 citur,
2060 4143 2112 4189 et
2143 4135 2434 4190 secundum
2467 4135 2679 4204 quidem
2708 4141 2889 4188 noctu.
2928 4131 3264 4186 Manifestum
3293 4139 3377 4183 est

174 4223 318 4276 κατά
347 4221 450 4274 τὸν
480 4219 730 4291 δεύτερον
775 4222 866 4272 καὶ
895 4219 1032 4272 κατὰ
1063 4220 1151 4273 τὸν
1180 4222 1418 4292 πέμπτον
1449 4223 1540 4275 κα)⁸
1567 4224 1718 4278 ἕκτον

1852 4225 1918 4278 iis
1940 4240 2058 4294 qua:
2085 4225 2194 4294 jam
2223 4225 2289 4280 de
2317 4225 2618 4279 Abrahamo
2668 4223 2922 4286 diximus,
2971 4221 3112 4291 quod
3146 4235 3250 4274 non
3308 4219 3377 4273 ad

177 4313 269 4364 ἐπὶ
307 4311 370 4365 δὲ
413 4310 516 4364 τοῦ
569 4307 758 4362 Ἰακὼϐ
789 4309 923 4378 μετά
957 4310 1022 4362 τὰ
1058 4311 1508 4384 ἀναγεγραμμένα
1547 4319 1716 4371 πάντα

1849 4318 2074 4386 primam
2125 4332 2342 4372 causam
2388 4317 2622 4372 visiones
2651 4323 2778 4370 sunt
2822 4313 3133 4376 referendae,
3187 4311 3281 4366 sed
3309 4309 3377 4364 ad

174 4402 251 4470 τῷ
288 4401 410 4470 γὰρ
450 4400 643 4452 Ἰσαὰκ
682 4399 760 4462 δὶς
811 4399 965 4468 μόνος
1007 4403 1339 4472 χρηματίσας
1381 4407 1408 4456 6
1447 4405 1644 4476 Κύριος
1690 4412 1724 4460 τέ

1849 4409 2088 4464 divinum
2111 4408 2366 4475 Verbum,
2403 4409 2542 4477 quod
2565 4410 2807 4477 accipere
2850 4405 3084 4460 nondum
3127 4403 3379 4458 valebant

173 4491 254 4554 δὶς
287 4485 485 4560 ὦφθαι
517 4487 669 4557 αὐτῷ
695 4489 1112 4560 ἀναγέγραπται,
1147 4493 1194 4543 εί
1225 4494 1397 4546 καὶτὸ
1421 4494 1661 4566 δεύτερον
1691 4497 1723 4548 ἐι

1849 4497 1990 4551 beati
2017 4496 2290 4565 divinique
2311 4497 2574 4551 homines.
2613 4494 2709 4549 His
2732 4493 2895 4564 igitur
2924 4494 3078 4563 ipsis,
3104 4492 3302 4561 quibus
3326 4499 3379 4544 et

173 4553 365 4633 want:
388 4553 670 4650 Πρόδηλον
692 4577 746 4630 δὲ
897 4553 1016 4630 ’τῶν
1052 4580 1187 4634 κατά
1216 4583 1303 4635 τὸν
1338 4553 1586 4655 Ἀϐραὰμ.
1613 4604 1723 4658 προ

1848 4584 1998 4640 visus
2053 4585 2220 4640 fuisse
2251 4587 2428 4642 dictus
2469 4593 2570 4651 est,
2617 4600 2726 4638 non
2757 4587 2874 4639 sine
2903 4584 3069 4636 multa
3108 4582 3371 4635 exercita-

174 4668 501 4740 ειρημένων
534 4668 682 4738 ἡμῖν,
705 4667 785 4719 ὅτι
815 4667 886 4737 μὴ
919 4669 1008 4721 ἐπὶ
1035 4670 1095 4722 τὸ
1128 4671 1335 4740 πρῶτον
1361 4676 1524 4728 αἴτιον
1551 4677 1724 4746 ἀναφέι

1849 4677 1994 4730 tione
2041 4678 2420 4744 preparatoria
2469 4675 2840 4729 manifestatus
2893 4681 2993 4728 est.
3027 4670 3158 4736 Quis
3215 4673 3377 4738 igitur

177 4777 294 4828 ρειν
331 4758 450 4829 χρὴ
475 4756 575 4818 τὰς
599 4756 876 4819 ὀπτασίας,
919 4757 1032 4810 ἀλλ’
1061 4759 1151 4811 ὲπὶ
1191 4760 1278 4812 τὸν
1306 4761 1443 4815 θεῖον
1479 4765 1664 4833 Λόγον,
1687 4767 1727 4818 δι

1850 4766 1986 4818 alius
2017 4779 2136 4819 esse
2165 4775 2365 4833 posset,
2396 4767 2486 4836 qui
2509 4766 2610 4818 hoc
2656 4765 2709 4817 in
2735 4765 2852 4818 loco
2880 4763 3200 4816 colluctatur
3248 4775 3372 4813 cum

173 4848 299 4899 οὐδὲ
335 4845 513 4900 αὐτόν
543 4845 736 4914 (αὐτοί)
772 4863 857 4898 πω
889 4851 1079 4917 χωρεῖν
1110 4842 1208 4900 οἷοί
1232 4867 1288 4901 τε
1323 4847 1458 4920 ἦσαν
1492 4855 1538 4905 οί
1574 4857 1723 4924 μακά·

1847 4853 2046 4907 Jacobo
2073 4857 2227 4922 quasi
2261 4857 2457 4909 athleta
2483 4864 2537 4908 et
2586 4862 2867 4923 pugnator,
2896 4854 2999 4907 nisi
3031 4852 3121 4907 hic
3139 4853 3254 4923 ipse
3282 4855 3374 4923 qui

177 4953 285 5008 ριοι
324 4937 432 4988 καὶ
473 4935 607 4987 θεῖοι
642 4935 854 5005 ἄνδρεςο
890 4936 1094 5000 τούτοις
1143 4937 1268 5005 γοῦν
1313 4941 1510 5005 αὐτοῖς,
1544 4938 1622 5006 οἷς
1653 4949 1727 4997 κα“

1850 4945 2119 4998 multoties
2142 4945 2418 5009 etjdiversa
2447 4946 2652 4998 ratione
2680 4946 2918 5011 patribus
2934 4944 3136 4998 nostris
3159 4945 3375 4998 locutus

173 5019 362 5092 ὦφθαι
432 5025 792 5094 προείρηται,
845 5025 976 5093 μετά
1034 5027 1282 5092 πλείστας
1344 5035 1723 5102 προγυμνασίαι

1850 5043 1932 5090 εει
1965 5035 2032 5098 ⁸⁸,
2094 5043 2339 5090 sanctum
2384 5034 2476 5088 Dei
2524 5033 2776 5099 Verbum,
2822 5037 2968 5090 solus
3001 5042 3124 5103 post
3167 5034 3377 5089 Patrem

179 5116 418 5184 ἑωρᾶτο.
459 5113 555 5175 Τίς
590 5113 652 5184 δὴ
685 5114 792 5184 (ἂν)
836 5109 924 5165 οὖν
970 5115 1122 5178 ἄλλος
1151 5120 1232 5187 εἴη
1280 5120 1370 5172 καὶ
1411 5123 1438 5173 6
1479 5121 1617 5173 κατά
1652 5123 1729 5193 τὴπ

1851 5126 2112 5180 Dominus
2138 5133 2190 5180 et
2230 5125 2390 5188 Deus,
2424 5127 2515 5194 qui
2538 5126 2688 5180 visus
2734 5134 2786 5179 et
2814 5123 3139 5179 benedicens
3180 5121 3379 5176 Jacobo

177 5203 568 5273 προκειμένην
604 5201 903 5273 περικοπὴν
952 5205 1296 5273 συμπαλαίων
1340 5222 1430 5260 και
1465 5227 1727 5278 συναγωνι·

1850 5215 2011 5269 Israel
2029 5229 2148 5266 eum
2173 5215 2484 5276 nominavit,
2507 5215 2709 5269 addens
2735 5230 2747 5264 :
2784 5233 2802 5264 ι
2824 5213 3024 5268 Contra
3058 5210 3224 5265 Deum
3275 5213 3383 5265 for-

181 5293 416 5362 ζόμενος
466 5291 561 5343 καὶ
599 5291 833 5359 ὡσπερεὶ
875 5294 1167 5362 συμμαχῶν
1198 5297 1272 5364 τῷ
1309 5297 1514 5360 Ἰακὼϐ,
1544 5299 1626 5367 ἢὸ
1656 5320 1723 5352 πο

1851 5303 1919 5356 tis
1944 5303 2127 5355 fuisti?
2153 5321 2170 5354 ι
2204 5303 2279 5356 Eo
2308 5311 2483 5358 autem
2514 5303 2672 5358 modo
2703 5301 2955 5356 videbant
3003 5298 3174 5352 divini
3207 5301 3381 5353 nomi-

181 5379 448 5451 λυμερῶς
498 5380 589 5431 καὶ
635 5379 979 5446 πολυτρόπως
1023 5386 1133 5445 τοῖς
1179 5389 1406 5456 πατράσι
1454 5389 1680 5460 λαλήσας
1720 5396 1731 5442 ε

1849 5409 1944 5446 nes
1970 5391 2061 5445 Dei
2090 5391 2344 5456 Verbum,
2367 5409 2472 5462 quo
2523 5402 2575 5448 et
2603 5392 2896 5446 Salvatoris
2926 5389 3101 5444 nostri
3131 5390 3381 5458 apostoli.

183 5469 329 5540 ἱερὸς
362 5469 464 5521 τοῦ
498 5468 633 5520 Θεοῦ
671 5469 860 5534 Λόγος,
893 5471 1046 5536 μόνος
1085 5475 1218 5537 μετά
1257 5479 1344 5528 τὸν
1383 5479 1594 5548 Πατέρα
1634 5481 1733 5533 Κύ-

1849 5482 2122 5535 dicentes:
2167 5502 2184 5532 ι
2222 5483 2376 5548 Quod
2411 5483 2509 5537 fuit
2535 5483 2601 5537 ab
2635 5483 2808 5546 initio,
2857 5477 3007 5550 quod
3053 5477 3384 5539 audivimus,

253 5649 298 5678 η
341 5644 485 5697 Gen.
513 5655 664 5700 xxxi,
700 5640 756 5692 ll
861 5640 903 5671 ‘-'
942 5643 1072 5697 ibid.
1148 5648 1224 5702 l3.
1303 5653 1347 5683 ”
1384 5652 1513 5707 Gen.
1579 5669 1743 5708 xxxu

193 5715 234 5745 ⁸³
271 5713 444 5768 Hebr.
483 5725 499 5762 ι
521 5746 537 5772 ,
580 5707 630 5759 1.
1068 5702 1085 5720 ⁶

1845 5696 1848 5708 .
1925 5657 1968 5687 ⁵⁸
2005 5655 2132 5712 ibid.
2164 5657 2252 5713 28.
2329 5658 2372 5689 ⁶⁶
2409 5657 2540 5714 Gen.
2570 5674 2730 5722 xxxv,
2770 5659 2818 5714 1.
2897 5657 2943 5688 ⁸⁷
2986 5654 3123 5709 Gell.
3152 5662 3306 5710 XLVI.
3339 5647 3395 5698 δ·
