3926 6400
191 384 399 441 1045

1259 387 1546 444 ECLOGA!)
1587 390 2050 444 PROPHETICE.
2086 422 2150 430 —
2192 388 2317 445 LIB;
2362 392 2401 444 Ι.

3288 386 3421 440 10ιῦ

186 495 294 549 δὲ
338 499 450 552 καὶ
478 499 554 562 ὼς
587 520 604 550 ι
643 503 870 571 σκύμνος
905 503 1108 566 λέοντος
1140 503 1414 573 ι-είρηται,
1443 504 1546 555 εἴτε
1587 503 1672 555 διά
1707 504 1786 572 τὴι

1901 502 2214 566 ascendisti,
2254 523 2272 554 ι
2324 501 2392 555 ab
2436 498 2636 554 Jacobo
2676 500 2884 554 dicitur.
2953 496 3424 552 Verumenimvero

193 586 413 647 κατὰ,
431 588 612 658 σάρκα
635 591 840 657 γένεσιν
869 593 930 646 ἐκ
957 593 1230 662 βασιλικῆς
1255 593 1438 661 φυλῆς,
1481 593 1572 644 καὶ
1596 593 1689 661 τῆς
1711 591 1804 643 τοῦ

190 675 414 728 Δαυτδ
467 678 641 747 ῥίζης,
678 699 697 730 ι
731 682 821 733 καὶ
861 684 916 734 ἐν
975 680 1268 752 ὁμοιώματι
1311 681 1502 751 σαρκὸς
1541 681 1803 750 ἁμαρτίας

192 766 662 837 γεγενημένην’
697 786 714 818 ι
751 770 855 821 εἴτε
889 769 974 822 διὰ
1004 771 1102 840 τὴν
1138 770 1378 837 θεότητα,
1404 764 1469 838 ἦς
1503 769 1688 820 ἑαυτὸν
1715 786 1803 820 κε-

189 851 430 935 γεδσας
469 855 878 926 ἐνηνθρώπισεν,
903 859 966 910 δι’
1008 858 1072 928 ῆν
1103 856 1362 926 εὐκαίρως
1397 857 1488 908 καὶ
1524 857 1603 918 τὸ,
1649 874 1666 906 ι
1711 855 1806 908 Ἐκ

194 939 511 1006 βλαστοῦ,
557 944 638 995 υἱέ
686 962 804 1013 μου,
843 945 1054 1015 άνέϐης,
1091 965 1109 996 ι
1136 945 1237 997 ὑπὸ
1258 944 1348 996 τοῦ
1387 943 1573 996 Ἰακὼϐ
1609 945 1807 998 ἀναπε-

189 1026 522 1098 φάηηται.
544 1031 669 1084 Ὅτε
710 1033 806 1100 μὲν
845 1031 934 1085 οῦν
957 1035 1053 1103 τὴν
1091 1037 1155 1087 ὲκ
1180 1033 1400 1102 βλαστοῦ
1435 1035 1528 1086 καὶ
1551 1036 1613 1086 ἐκ
1653 1034 1802 1105 ῥίζης

188 1117 417 1170 αὐτοῦ
450 1120 660 1187 γένεσιν
687 1121 868 1190 ἐδήλου
909 1121 1003 1174 τοῦ
1039 1114 1300 1193 Σωτῆρος,
1334 1142 1352 1173 ι
1394 1123 1624 1192 σκύμνον
1655 1123 1799 1176 λέον-

185 1220 322 1265 τος
384 1223 407 1256 ι
447 1206 610 1260 αὐτὸν
663 1208 966 1277 ὠνόμασεν,
1005 1208 1168 1262 εἰπὼν
1193 1248 1207 1272 ,
1239 1228 1257 1260 ι
1305 1210 1540 1279 Σκύμνος
1595 1210 1801 1273 λέοντος

205 1292 463 1346 Ἰούδα·
508 1295 573 1346 ἐκ
625 1295 868 1364 βλαστοῦ,
905 1297 985 1348 υἱέ
1035 1314 1152 1366 μου,
1177 1297 1399 1366 άνέϐης’
1435 1317 1452 1349 ι
1480 1301 1565 1351 ὅτε
1604 1298 1658 1351 δὲ
1705 1298 1801 1368 τὴν

187 1380 552 1452 ἀνάϐλησιν
596 1384 687 1436 καὶ
727 1386 822 1454 τὴν
868 1385 1006 1438 κατὰ
1052 1386 1111 1438 τὸ
1148 1385 1313 1449 πάθος
1356 1387 1512 1439 αὑτοῦ
1553 1387 1799 1458 κοίμησιν

187 1471 606 1540 προφητεύει,
633 1474 907 1544 ἀμφότερα
934 1474 1091 1527 αὐτόν
1111 1491 1240 1544 φησι
1270 1475 1360 1528 καὶ
1383 1475 1455 1538 ώς
1478 1476 1668 1529 λέοντα
1703 1479 1797 1530 καὶ

182 1556 290 1619 ὡς
336 1560 594 1629 ὡιύμνον
633 1563 692 1614 ἐν
724 1562 818 1632 τῷ,
850 1582 867 1613 ι
911 1563 1208 1616 Ἀναπεσὼν
1251 1565 1505 1634 ἐκοιμήθη
1544 1566 1616 1628 ώς
1652 1565 1784 1619 λέων

183 1647 324 1698 καὶ
356 1648 446 1710 ὡς
475 1650 739 1719 σκύμνοςο
773 1670 790 1702 ι
819 1651 934 1704 τότε
967 1652 1068 1722 γὰρ
1096 1653 1152 1704 οὐ
1181 1651 1333 1720 μόνον
1374 1653 1447 1714 ώς
1489 1655 1552 1704 ἐκ
1591 1653 1789 1722 βασιλι-

183 1734 322 1786 κοῦ
370 1739 660 1805 τυγχάνων
689 1739 886 1804 γένους,
929 1740 1058 1792 άλλά
1094 1741 1184 1792 καὶ
1226 1740 1300 1802 ὡς
1342 1741 1496 1803 αὐτὸς
1545 1740 1789 1809 βασιλεὺς

1907 607 2027 646 cum
2058 591 2268 660 quidem
2302 605 2332 644 e
2362 605 2566 659 gemma
2596 596 2648 644 et
2675 604 2705 642 e
2745 589 2923 643 radice
2943 586 3062 656 ejus
3095 586 3420 640 nativitatem

1906 676 2209 732 ostenderet
2239 675 2550 738 Salvatoris,
2592 695 2609 726 ι
2646 676 2877 728 catulum
2921 675 3092 730 leonis
3126 694 3144 726 ι
3175 690 3296 729 eum
3329 691 3423 726 no-

1906 767 2144 830 minavit,
2175 766 2358 820 dicens
2384 786 2396 820 :
2441 784 2460 816 ι
2493 763 2712 819 Catulus
2739 765 2908 819 leonis
2931 764 3064 820 Juda
3096 784 3108 819 :
3139 781 3170 819 e
3195 779 3422 835 gemma,

1905 855 1979 908 fili
2021 855 2112 918 mi,
2162 855 2478 919 ascendisti;
2512 873 2530 905 ι
2560 867 2682 907 cum
2724 867 2850 906 vero
2877 859 2930 905 et
2967 852 3340 906 exaltationem
3372 861 3427 904 et

1903 943 2170 1010 passionis
2201 958 2311 997 suae
2337 943 2710 996 dormitionem
2731 939 3059 1009 prophetizat
3079 980 3092 1004 ,
3121 940 3278 994 simul
3302 954 3424 993 eum

1904 1030 2032 1084 dicit
2054 1038 2106 1084 et
2137 1030 2290 1099 quasi
2323 1031 2526 1084 leonem
2555 1036 2607 1081 et
2645 1026 2797 1097 quasi
2843 1026 3072 1079 catulum
3109 1044 3164 1078 ιι
3199 1026 3425 1094 Requie-

1904 1132 2063 1172 scens
2092 1118 2385 1172 accubuisti
2412 1124 2466 1170 ut
2487 1116 2568 1170 leo
2588 1123 2640 1170 et
2669 1123 2726 1168 ut
2757 1115 2925 1169 leonis
2953 1115 3160 1169 catulus
3195 1134 3206 1166 :
3245 1135 3263 1166 ι
3297 1123 3424 1168 tunc

1902 1207 2043 1262 enim
2064 1245 2080 1271 ,
2127 1221 2236 1259 non
2269 1212 2471 1258 tantum
2514 1214 2572 1258 ut
2617 1204 2761 1274 regio
2801 1212 2951 1258 ortus
2984 1217 3208 1272 genere,
3242 1203 3332 1256 sed
3366 1209 3423 1255 ut

1902 1296 2016 1364 ipse
2047 1311 2145 1349 rex
2183 1295 2354 1348 elatus
2385 1301 2495 1358 est;
2547 1293 2957 1362 agnoscentibus
2987 1307 3107 1345 eum
3157 1291 3419 1359 gentibus,

1901 1386 2004 1440 etsi
2031 1385 2315 1438 noluerunt
2341 1381 2530 1446 Judaei,
2561 1383 2714 1451 quasi
2744 1382 2855 1450 ipse
2897 1398 2989 1436 rex
3020 1381 3207 1436 fuisset
3239 1381 3415 1435 Israel.

1900 1475 2157 1528 Caeterum
2185 1479 2236 1526 et
2256 1472 2432 1526 dicere
2453 1487 2728 1541 possemus
2750 1474 2820 1535 ei,
2843 1471 3268 1540 quandoquidem
3292 1485 3421 1523 con-

1900 1567 1981 1612 tra
2023 1565 2312 1627 potestates
2343 1559 2591 1613 adversas
2636 1558 2828 1613 bellum
2879 1558 3119 1621 tulisset,
3171 1567 3225 1612 et
3273 1573 3421 1611 evor-

1900 1654 2012 1700 tere
2038 1655 2250 1716 pararet
2277 1649 2462 1702 mortis
2491 1648 2780 1717 potentiam
2812 1647 3091 1701 habentem
3112 1647 3179 1711 "",
3215 1648 3421 1702 scilicet

1899 1736 2190 1798 diabolum,
2223 1752 2442 1792 necesse
2492 1745 2606 1791 erat
2653 1737 2840 1792 adesse
2868 1752 2897 1791 e
2926 1737 3102 1791 radice
3120 1735 3303 1790 Jacobi
3337 1753 3421 1792 se-

184 1821 286 1874 ὢν
349 1824 616 1892 ἀνύψωτο
635 1843 648 1856 ν
683 1827 1069 1896 ὁμολογούντων
1101 1830 1258 1882 αὑτὸν
1282 1830 1386 1883 τῶν
1410 1829 1591 1895 ἐθνῶν,
1624 1832 1671 1882 εἰ
1700 1833 1786 1884 καὶ

1893 1827 2124 1881 cundum
2173 1841 2389 1881 carnem
2429 1836 2555 1881 nato
2589 1827 2748 1881 Verbi
2792 1825 3061 1880 deitatem.
3115 1825 3277 1880 Leoni
3307 1827 3420 1895 qui-

192 1910 292 1981 μὴ
323 1912 390 1964 οἱ
416 1915 487 1965 ἐκ
512 1915 802 1985 περιτομῆς
829 1917 1034 1986 ἤθελον,
1059 1919 1132 1981 ὡς
1156 1920 1262 1989 ἄρα
1289 1919 1446 1981 αὐτὸς
1470 1919 1552 1988 εἴη
1583 1923 1611 1972 6
1639 1919 1789 1988 βασι-

189 1998 353 2062 λεὺς
387 2001 489 2053 τοῦ
529 2003 766 2073 Ἰσραήλ⁹
803 2007 893 2058 καὶ
941 2007 1109 2070 ἄλλως
1157 2007 1212 2059 δὲ
1257 2008 1439 2078 ῥηθείη
1480 2008 1563 2072 ἂν,
1610 2008 1787 2078 ἐπειδὴ

195 2079 373 2157 πῶς
407 2090 786 2160 ἀντικειμένας
825 2094 1076 2164 δυνάμεις
1124 2097 1386 2165 αίρομένῳ
1431 2096 1656 2165 πόλεμον
1693 2100 1784 2150 καὶ

195 2177 532 2232 καταλύειν
563 2181 802 2248 μέλλοντι
841 2183 930 2235 τὸν
963 2183 1021 2236 τὸ
1057 2185 1249 2254 κράτος
1279 2185 1462 2255 ἔχοντα
1508 2185 1597 2237 τοῦ
1638 2185 1791 2238 θανά-

196 2285 336 2329 του,
376 2269 625 2323 τουτέστι
658 2271 744 2324 τὸν
767 2272 1022 2337 διάϐολον,
1063 2275 1168 2326 ἔδει
1203 2277 1446 2344 παρεῖναι
1474 2274 1550 2343 τῷ
1576 2276 1638 2325 ἐκ
1663 2273 1788 2342 βλα-

201 2355 358 2408 στοῦ
401 2357 599 2409 Ἰακὼϐ
646 2360 784 2412 κατά
825 2363 997 2430 σάρκα
1040 2362 1378 2432 γεγενημένῳ
1421 2364 1516 2433 τὴν
1565 2363 1790 2430 θεότητα

196 2443 309 2496 τοῦ
341 2446 530 2512 Λόγου
552 2464 566 2477 ο
605 2449 824 2510 εἰκότως
850 2449 1016 2504 λέοντι
1049 2453 1142 2520 μὲν
1169 2453 1202 2520 ἡ
1242 2452 1427 2521 θεότης
1451 2451 1786 2521 παραϐέϐλη-

197 2550 300 2585 ται
344 2532 445 2586 διὰ
481 2535 545 2595 τὸ
585 2537 932 2606 κεχειρῶσθαι
970 2541 1060 2592 καὶ
1102 2540 1431 2610 νενικηκέναι
1476 2540 1649 2601 πάσας
1689 2539 1786 2603 τὰς

199 2623 433 2691 ἀγρίας
464 2623 561 2675 καὶ
585 2624 868 2689 άτιθάσους
908 2627 1189 2697 δυνάμειςο
1230 2629 1445 2696 σκύμνῳ
1467 2628 1522 2680 δὲ
1561 2627 1784 2693 λέοντος,

200 2710 232 2760 ὃ
264 2711 568 2782 ἀνειλήφει
599 2715 813 2784 σαρκίον
838 2718 901 2767 ἐκ
924 2716 1020 2785 τῆς
1042 2715 1131 2768 τοῦ
1168 2716 1331 2768 Ἰούδα
1360 2716 1632 2786 βασιλικῆς
1656 2733 1785 2783 τυγ-

199 2798 407 2865 χάνων
435 2797 612 2871 φυλῆς
629 2820 642 2832 ο
677 2803 809 2856 ἀλλὰ
834 2805 925 2856 καὶ
953 2806 1106 2876 εἴπερ
1149 2808 1176 2858 6
1218 2806 1476 2867 ἀντίδικος
1500 2806 1652 2875 ἡμῶν
1676 2805 1788 2858 διά-

205 2887 380 2951 ϐολος
419 2880 503 2952 ὡς’
535 2889 670 2943 λέων
698 2893 838 2944 ἐστὶν
867 2893 934 2960 (ι.
966 2894 1051 2962 15)
1083 2895 1402 2964 ώρυόμενος,
1429 2895 1526 2964 ὅρα
1563 2894 1636 2964 μὴ
1663 2894 1783 2946 τού--

205 2993 306 3029 του
342 2977 595 3048 σκύμνος
631 2984 734 3045 πᾶς
779 2983 841 3034 ἂν
867 2982 1072 3052 λεχθείη
1103 2983 1433 3053 ἁμαρτωλὸς,
1481 2984 1599 3036 ἐπεὶ
1630 3002 1647 3033 ι
1679 2984 1785 3046 πᾶς

205 3067 239 3120 6
273 3068 461 3121 ποιῶν
487 3067 587 3138 τὴν
611 3071 881 3141 ἁμαρτίαν
913 3075 975 3124 ὲκ
1004 3072 1094 3124 τοῦ
1127 3073 1363 3124 διαϐόλου
1394 3073 1725 3142 γεγέννηται.
1759 3091 1777 3123 ι

220 3155 385 3209 Ἐπεὶ
412 3155 513 3210 οὖν
542 3159 634 3210 καὶ
656 3161 684 3210 6
708 3159 893 3231 Σωτὴρ
924 3180 941 3210 ι
973 3163 1026 3213 ὲν
1055 3162 1351 3232 ὁμοιώματι
1392 3161 1586 3230 σαρκὸς
1612 3163 1783 3231 ἁμαρ-

207 3242 337 3307 τίας
386 3245 640 3316 ἐλήλυθε,
672 3267 690 3296 ι
724 3247 830 3299 καί·
862 3267 879 3298 ι
912 3249 1128 3316 Γέγονεν
1165 3249 1302 3319 ὑπὲρ
1323 3249 1472 3319 ήμῶν
1505 3249 1734 3319 κατάρα·
1759 3269 1778 3299 ι

209 3331 328 3385 καίο
360 3353 380 3386 ι
405 3336 506 3405 Μὴ
531 3336 724 3403 γνόντα
745 3338 900 3389 αὑτὸν
925 3338 1186 3408 ἁμαρτίαν
1201 3339 1334 3409 ὑπὲρ
1354 3339 1504 3407 ήμῶν
1519 3337 1785 3407 ἁμαρτίαν

209 3423 513 3493 ἐποίησεν·
561 3444 578 3474 ι
604 3425 704 3494 ὅρα
748 3425 818 3496 μὴ
845 3427 1042 3479 τούτων
1074 3427 1252 3480 ἕνεκεν
1302 3425 1439 3479 κατά
1471 3444 1590 3479 τινα
1621 3425 1782 3495 βαθύ-

209 3525 375 3581 τερον
424 3513 588 3580 λὸγον
637 3513 756 3566 οὔτε
817 3515 1000 3567 λέοντα
1049 3513 1168 3568 οὔτε
1228 3514 1458 3585 σκύμνον
1480 3553 1497 3578 ,
1546 3514 1656 3567 ἀλλ’
1705 3515 1777 3575 ὡς

209 3597 411 3654 λέοντα
459 3602 558 3654 καὶ
605 3603 840 3672 σκύμνον
877 3604 1146 3671 γεγονέναι
1186 3605 1338 3657 αὐτὸν
1385 3603 1529 3674 παρὰ
1562 3604 1650 3656 τὸν
1688 3603 1779 3655 τοῦ

209 3689 426 3752 πάθους
458 3692 650 3761 καιρὸν
680 3694 711 3762 ἡ
741 3693 1035 3763 προφητεία
1059 3693 1328 3756 θεσπίζει·
1361 3695 1479 3746 ἐπεὶ
1504 3694 1592 3745 καὶ
1625 3693 1779 3754 αὐτὸς

1895 1914 2016 1967 dem
2044 1913 2233 1968 merito
2261 1914 2434 1969 deitas
2461 1914 2820 1978 assimilatur,
2863 1923 2920 1968 ut
2944 1916 3034 1985 qui
3066 1915 3206 1969 feras
3233 1931 3416 1969 omnes

1889 2001 2281 2072 indomitasque
2330 2011 2619 2072 potestates
2664 2005 2934 2072 superavit
2979 2013 3137 2073 atque
3182 2005 3412 2066 devicit;

1889 2088 2060 2144 leonis
2093 2097 2268 2144 autem
2293 2091 2468 2145 catulo
2487 2129 2501 2155 ,
2532 2099 2590 2145 ut
2616 2093 2707 2160 qui
2746 2107 2958 2146 carnem
2991 2094 3193 2160 accepit
3219 2109 3247 2147 e
3271 2095 3425 2161 regia

1888 2179 2036 2234 Judaa
2061 2180 2207 2234 tribu
2242 2188 2418 2235 natus.
2476 2181 2545 2233 At
2569 2181 2614 2235 si
2639 2182 2849 2250 quidem
2883 2181 3217 2236 adversarius
3238 2193 3416 2235 noster

1887 2264 2132 2321 diabolus
2156 2274 2239 2321 est
2266 2269 2422 2336 quasi
2452 2269 2534 2323 leo
2559 2270 2829 2338 rugiens"
2846 2311 2861 2335 ,
2897 2270 3254 2324 animadverte
3274 2273 3412 2340 quod

1886 2356 2003 2424 ejus
2053 2357 2262 2411 catulus
2313 2358 2490 2412 omnis
2547 2359 2754 2412 dicatur
2823 2367 3107 2427 peccator,
3163 2363 3412 2428 quoniam

1893 2463 1911 2495 ι
1942 2445 2116 2498 omnis
2163 2445 2254 2514 qui
2303 2445 2434 2500 facit
2476 2454 2752 2515 peccatum
2799 2462 2860 2501 ex
2905 2447 3114 2502 diabolo
3164 2455 3246 2503 est
3287 2451 3352 2500 ".
3391 2469 3408 2498 ι

1885 2530 2019 2585 Cum
2064 2532 2226 2602 igitur
2267 2541 2320 2587 ct
2361 2533 2604 2588 Salvator
2663 2553 2680 2585 ι
2712 2535 2766 2587 in
2808 2534 3205 2590 similitudinem
3234 2535 3413 2590 carnis

1885 2622 2088 2690 peccati
2117 2623 2261 2676 venit
2287 2632 2340 2677 et
2364 2622 2536 2678 factus
2565 2631 2647 2678 est
2679 2639 2774 2692 pro
2801 2625 2954 2679 nobis
2981 2625 3246 2693 piaculum
3275 2627 3356 2691 ";
3388 2645 3407 2677 ι

1884 2715 1938 2761 et
1974 2727 1992 2760 ι
2028 2725 2147 2764 eum
2195 2711 2286 2780 qui
2333 2727 2441 2765 non
2487 2720 2706 2767 noverat
2756 2722 3056 2782 peccatum,
3111 2730 3208 2784 pro
3257 2715 3413 2770 nobis

1883 2807 2159 2865 peccatum
2205 2799 2328 2854 fecit
2347 2802 2414 2866 ⁷⁸,
2450 2821 2468 2853 ι
2528 2803 2734 2857 attende
2795 2803 2937 2872 quod
2991 2819 3110 2858 eam
3150 2805 3218 2858 ob
3280 2820 3406 2858 cau-

1883 2901 1996 2941 sam
2057 2889 2347 2943 secundum
2395 2891 2659 2959 quoddam
2732 2893 3114 2961 significantius
3185 2896 3405 2948 verbum

1883 2991 1988 3030 non
2021 2978 2227 3032 leonem
2267 2994 2439 3049 neque
2472 2981 2731 3045 catulum,
2785 2982 2876 3036 sed
2918 2982 3071 3051 quasi
3109 2983 3313 3038 leonem
3358 2995 3410 3038 et

1883 3068 2117 3120 catulum
2169 3083 2291 3121 eum
2339 3069 2535 3122 factum
2590 3085 2708 3123 esse
2755 3071 2807 3122 in
2859 3072 3122 3141 passionis
3174 3080 3410 3141 tempore

1885 3155 2161 3224 prophetia
2209 3157 2473 3223 declarat;
2523 3173 2643 3211 cum
2687 3166 2740 3212 et
2783 3159 2894 3226 ipse
2925 3162 3223 3228 passionem
3257 3177 3411 3216 suam

1884 3245 2145 3313 serpentis
2171 3245 2430 3300 assimilat
2459 3247 2694 3314 passioni
2724 3247 2907 3302 dicens
2933 3267 2944 3301 :
2979 3266 2997 3298 ι
3021 3248 3084 3303 Ει
3109 3251 3246 3303 sicut
3262 3249 3414 3320 Μογ-Δ

1883 3348 1969 3388 ses
2008 3334 2261 3388 exaltavit
2317 3342 2616 3404 serpentem
2669 3335 2724 3387 in
2773 3337 3004 3399 deserto,
3060 3338 3134 3391 ita
3184 3340 3407 3394 exaltari

1884 3429 2098 3490 oportet
2139 3421 2329 3476 Filium
2387 3423 2615 3477 hominis
2649 3423 2713 3477 ".
2751 3444 2769 3474 ι
2824 3423 2951 3480 Dein
2986 3427 3143 3480 tacite
3168 3441 3408 3481 resurre-

1887 3509 2078 3562 ctionis
2109 3509 2224 3577 ejus
2251 3511 2562 3580 mysterium
2604 3513 2795 3580 innuit,
2845 3514 2926 3570 his
2959 3515 3134 3570 verbis
3167 3534 3240 3573 ;,‹
3276 3515 3406 3580 Quis

1883 3600 2334 3654 suscitabiteum?
2370 3619 2388 3652 ι
2423 3601 2671 3670 Apertum
2703 3613 2784 3658 est
2815 3606 2967 3660 nobis
3007 3620 3036 3658 e
3060 3607 3404 3662 conclusione

1883 3691 2004 3760 quis
2037 3692 2260 3746 suscitet
2290 3690 2471 3747 Jesum
2502 3692 2784 3749 Dominum
2813 3704 3055 3752 nostrum
3084 3712 3112 3749 a
3139 3697 3362 3752 mortuis
3386 3737 3400 3762 ,

207 3779 271 3832 τὸ
313 3780 520 3833 ἑαυτοῦ
559 3780 726 3843 πάθος
762 3781 838 3851 τῷ
878 3781 970 3833 τοῦ
1014 3782 1183 3850 διρεως
1227 3781 1551 3853 παραϐάλλει
1584 3781 1772 3849 λέγων⁸

1889 3780 2021 3834 Deus
2049 3781 2248 3836 scilicet
2281 3790 2332 3836 et
2366 3782 2522 3838 Pater
2551 3784 2684 3852 ejus.

213 3887 234 3919 ι
266 3870 487 3939 Ὥσπερ
513 3870 748 3940 Μωῢσῆς
796 3870 970 3937 ῦψωσε
1000 3871 1086 3925 τὸν
1117 3870 1235 3939 δςριν
1259 3871 1316 3922 ἐν
1362 3873 1425 3941 τῇ
1453 3872 1658 3942 ἐρήμῳ,
1682 3870 1846 3934 οὕτως
1883 3869 2152 3940 ὑψωθῆναι
2178 3871 2254 3924 δεῖ
2283 3873 2370 3926 τὸν
2393 3873 2517 3927 Υίὺν
2540 3876 2630 3928 τοῦ
2661 3875 2956 3947 ἀνθρώπου.
2979 3897 3010 3933 Δι
3051 3879 3167 3933 Ἐπὶ
3199 3881 3402 3936 τούτοις

210 3962 650 4032 σεσιωπημένως
686 3962 746 4014 τὺ
776 3962 912 4015 κατὰ
968 3962 1064 4034 τὴν
1100 3964 1383 4016 ἀνάστασιν
1421 3965 1578 4017 αὐτοῦ
1625 3965 1909 4035 μυστήριον
1943 3965 2297 4018 ὑπαινίττεται
2328 3963 2414 4018 διὰ
2447 3965 2559 4030 τοῦ,
2591 3985 2609 4016 ι
2639 3967 2731 4029 Τίς
2762 3967 2936 4039 ἐγερεῖ
2958 3968 3146 4035 αὐτόν;
3179 3989 3197 4021 ι
3230 3971 3399 4038 Σαφὲς

208 4053 251 4104 δ’
274 4057 410 4126 ημῖν
440 4056 510 4107 ἐκ
535 4053 628 4108 τοῦ
689 4055 1139 4126 συμπεράσματος
1186 4057 1369 4133 γέγονε
1427 4057 1508 4120 τίς
1563 4058 1772 4128 ἤγειρεν
1821 4056 2019 4128 Ἰησοῦν
2065 4057 2152 4112 τὸν
2193 4058 2390 4129 Κύριον
2419 4060 2569 4130 ἡμῶν
2598 4063 2660 4118 ἐκ
2692 4061 2920 4131 νεκρῶν,·
2947 4061 3098 4132 δῆλον
3127 4063 3228 4133 γὰρ
3265 4061 3396 4116 ὅτιὸ

206 4147 342 4210 Θεὸς
364 4147 465 4201 καὶ
499 4145 688 4216 Πατὴρ
711 4146 899 4200 αὐτοῦ.

293 4237 458 4308 Ἑξῆς
512 4235 570 4290 δὲ
618 4236 828 4308 λέγεται
891 4237 958 4290 τά
1005 4239 1109 4291 ἀπὸ
1157 4240 1247 4293 τοῦ
1273 4257 1286 4271 ο
1328 4259 1347 4292 ι
1384 4241 1494 4294 Οὐκ
1539 4241 1770 4310 ἐκλείψει

1944 4234 2139 4290 Deinde
2187 4235 2384 4289 dicitur
2432 4255 2446 4290 :
2501 4256 2519 4287 ‹
2547 4235 2663 4292 Non
2709 4237 2980 4295 auferetur
3024 4251 3292 4312 sceptrum
3331 4248 3398 4304 de

209 4328 396 4398 ἄρχων
446 4327 514 4391 ἐξ
568 4326 756 4395 Ἰούδα,
804 4328 922 4381 οὐδὲ
973 4329 1261 4398 ἡγούμενος
1309 4332 1373 4384 ἐκ
1424 4331 1527 4384 τῶν
1581 4333 1763 4402 μηρῶν

1889 4325 2022 4387 luda,
2057 4331 2109 4378 et
2139 4323 2246 4377 dux
2275 4323 2342 4378 de
2373 4323 2574 4380 femore
2604 4327 2743 4395 ejus.
2773 4347 2792 4380 ι
2831 4329 2958 4395 Quae
3007 4332 3218 4400 quidem
3257 4337 3303 4390 si
3331 4336 3398 4396 de

209 4417 414 4469 αὑτοῦ·
466 4435 488 4467 ι
541 4415 685 4487 άπερ
733 4418 782 4468 εί
832 4417 927 4486 μὲν
972 4417 1028 4482 ἐξ
1081 4419 1268 4490 ἑτέρας
1314 4420 1764 4490 άναγινώσκοιμεν

1889 4415 1972 4466 ilio
2022 4414 2442 4484 interpretemur.
2483 4424 2732 4486 sceptro,
2780 4417 3083 4475 dicerentur
3126 4425 3280 4493 quasi
3329 4427 3397 4484 de

211 4505 421 4575 ἀρχῆς,
466 4503 679 4572 λέγοιτο
729 4504 794 4557 ἂν
835 4504 908 4566 ὡς
958 4506 1083 4574 περὶ
1127 4507 1371 4561 ἁπάντων
1412 4509 1516 4562 τῶν
1559 4512 1623 4563 ἐκ
1671 4509 1762 4564 τοῦ

1889 4504 2116 4559 ιιιιιιὶιιιιε
2146 4505 2238 4574 qui
2277 4521 2340 4560 ex
2379 4505 2681 4561 Judaeorum
2709 4525 2898 4579 genere
2923 4512 3172 4580 populum
3197 4515 3392 4582 guber-

226 4599 502 4652 Ἰουδαίων
534 4597 720 4664 γένους
763 4595 1218 4674 καθηγησαμένων
1243 4600 1334 4652 τοῦ
1363 4599 1512 4663 λαοῦ,
1559 4602 1648 4656 καὶ
1677 4601 1758 4672 εἴη

1889 4594 2340 4664 ιιιιιιιιι,,ιειὶίε(]ιιε
2391 4603 2536 4650 esset
2583 4599 2873 4653 secundum
2914 4600 3052 4654 hanc
3080 4601 3391 4670 interpreta-

212 4686 278 4739 ἂν
304 4687 427 4741 κατ’
451 4686 625 4754 αὐτὴν
654 4686 750 4756 τὴν
775 4685 1005 4737 διάνοιαν
1028 4687 1055 4737 6
1081 4686 1186 4739 τῶν
1204 4690 1566 4758 προκειμένων
1588 4689 1761 4760 ῥητῶν

1889 4679 2058 4732 ionem
2081 4680 2306 4748 hujusce
2333 4684 2432 4737 loci
2464 4700 2654 4740 sensus
2682 4704 2696 4738 :
2728 4686 2843 4739 Non
2873 4689 3021 4756 prius
3049 4691 3334 4744 cessabunt
3361 4708 3390 4745 e

218 4775 340 4840 νοῦς
369 4773 586 4828 τοιόσδε
614 4790 693 4836 τις
714 4790 727 4803 ’
757 4773 816 4825 οὐ
851 4773 1105 4843 πρότερον
1136 4774 1426 4830 παύσονται
1465 4781 1512 4831 οἱ
1539 4778 1598 4844 ἐξ
1635 4781 1772 4832 Ἰου-

218 4865 379 4918 δαίων
399 4866 665 4936 άρχοντες
697 4864 788 4915 καὶ
814 4861 1097 4932 ἡγούμενοι
1119 4864 1209 4916 ἐπὶ
1232 4865 1319 4918 τὸν
1360 4868 1614 4922 Ἰουδαίων
1640 4869 1766 4924 λαὸν

221 4955 630 5024 καθιστάμενοι,
649 4952 752 5012 ἓως
769 4951 833 5003 ἂν
851 4951 972 5020 ἔλθῃ
997 4953 1025 5003 ὁ
1042 4951 1137 5020 τῆς
1155 4954 1260 5005 τῶν
1274 4953 1440 5009 ἐθνῶν
1453 4959 1764 5026 προσδοκίας

220 5043 407 5106 αἴτιος,
424 5039 577 5094 τοῦτ’
603 5039 744 5091 ἐστιν
764 5041 792 5090 6
807 5039 1050 5108 Χριστὸς,
1068 5034 1127 5092 οὗ
1147 5042 1573 5111 παραγενομένου
1595 5045 1764 5097 ἐκλει-

1866 4767 2062 4822 Judzeis
2089 4769 2272 4835 duces,
2321 4773 2692 4842 principesque
2717 4789 2876 4842 super
2892 4773 3191 4831 Iudaeorum
3218 4793 3388 4846 popu-

1869 4863 1975 4915 lum
2001 4863 2314 4930 constituti,
2341 4881 2500 4933 quam
2526 4867 2699 4921 veniat
2721 4869 2952 4937 gentium
2979 4873 3388 4940 exspectationis

1865 4968 2045 5016 causa,
2080 4953 2132 5006 id
2167 4963 2282 5018 est,
2313 4955 2588 5018 Christus,
2627 4957 2780 5025 cujus
2807 4967 2929 5026 post
2966 4959 3248 5013 adventum
3295 4977 3387 5017 ne-

1867 5057 2014 5097 cesse
2041 5052 2123 5097 est
2155 5045 2530 5098 auctoritatem
2559 5045 2880 5113 relinquant.
2932 5047 3057 5114 Quae
3083 5063 3201 5102 cum
3227 5050 3297 5102 ita
3327 5067 3385 5105 se

222 5125 336 5191 ψειν
387 5126 608 5194 ἀνάγκη
639 5125 764 5184 τοὺς
807 5123 1243 5192 προειρημένους.
1283 5127 1491 5183 Τούτων
1531 5129 1573 5181 δ’
1597 5132 1762 5195 οὓτως

221 5216 467 5284 ἐχόντων,
492 5211 912 5280 ἐπισκεψώμεθα
942 5212 1063 5275 τοὺς
1096 5214 1209 5269 καθ’
1232 5218 1374 5286 ἡμᾶς
1387 5220 1628 5290 χρόνους,
1651 5223 1761 5292 εἴγε

1889 5219 2027 5274 luces
2047 5235 2304 5290 regesque
2329 5236 2469 5274 nunc
2507 5223 2737 5292 reperire
2773 5225 2864 5279 sit.
2917 5227 3110 5282 Verum
3136 5231 3384 5288 omnibus

225 5304 310 5357 νῦν
338 5305 581 5374 βασιλεῖς
611 5302 702 5353 καὶ
733 5300 1052 5370 ἡγουμένους
1073 5301 1213 5355 ἐστιν
1245 5307 1439 5376 εὑρεῖν.
1474 5308 1625 5363 Ἀλλά
1654 5312 1759 5384 γάρ

1892 5315 2089 5374 onstat,
2133 5309 2271 5364 sicut
2313 5318 2534 5366 caeteras
2581 5319 2785 5380 gentes,
2832 5313 3130 5372 Iudaeorum
3173 5336 3385 5390 quoque
3473 5317 3486 5332 ‘

225 5396 348 5446 πᾶσι
373 5390 644 5462 πρόδηλον
668 5388 742 5448 ώς
771 5387 1026 5481 μεταιτῶν
1056 5388 1251 5444 λοιπῶν
1280 5396 1370 5446 καὶ
1397 5396 1458 5448 τὸ
1494 5398 1752 5452 Ἰουδαίων

1889 5399 2108 5467 opulum
2147 5399 2399 5454 Romanae
2435 5402 2623 5456 ditioni
2668 5417 2786 5458 esse
2833 5408 3165 5477 subjectum,
3191 5387 3383 5481 ﬁneque

226 5475 362 5540 ἱθνος
411 5478 528 5536 τοῖς
577 5473 950 5543 κατεπαρχιῶν
980 5473 1120 5541 (κατ’
1148 5478 1436 5550 ἐπαρχίας)
1480 5484 1752 5555 Ῥωμαίων

1891 5503 2166 5558 uemquam
2179 5505 2360 5544 eorum
2371 5507 2587 5546 summa:
2598 5473 3382 5568 auctoritatisessecompotem.

1868 5131 2125 5193 habeant,
2157 5142 2396 5201 tempora
2433 5141 2617 5187 nostra
2646 5140 2844 5190 attente
2872 5140 3286 5208 perspiciamus,
3316 5157 3386 5196 an

297 5645 333 5672 ν»
373 5631 537 5684 Hebr.
583 5643 650 5681 ιιι.
703 5631 779 5683 l4.
851 5634 895 5663 "
931 5631 949 5684 1
980 5631 1116 5687 Petr.
1153 5651 1202 5692 ν.
1240 5605 1310 5693 8..
1362 5642 1405 5671 ⁷⁸
1444 5643 1462 5693 l
1494 5641 1644 5698 Joan.
1681 5653 1786 5707 "1,1

1908 5649 2116 5704 "Rom.
2137 5661 2250 5715 vni,
2283 5647 2335 5702 15.
2418 5651 2460 5681 ⁷⁸
2488 5649 2530 5705 ιι
2558 5650 2678 5703 Cor.
2707 5665 2755 5714 v,
2783 5649 2874 5706 21.
2950 5653 3159 5710 "'Joa-n.
3187 5671 3266 5721 ιιι,
3299 5658 3385 5714 14.
