3926 6386
77 401 298 458 1049

1185 407 1467 461 ECLOGA;
1508 402 1970 462 ΡΒΟΡΗΕΤΙΕᾸΞ.
2004 427 2076 464 -ς
2106 405 2229 458 LIB.
2270 405 2308 459 Ι.

3188 413 3320 468 ιυεο

77 519 283 586 ἡμῖν
325 521 707 590 διαφυλάττων
739 527 862 586 τοὺς
902 525 1032 594 πρὸς
1078 521 1238 574 αὑτοῦ
1278 521 1711 592 φρουρουμένους,

1824 521 1979 574 nobis
2012 536 2212 583 semen,
2249 521 2386 574 sicut
2418 519 2644 574 Sodoma
2672 523 2790 576 facti
2824 540 3078 585 essemus,
3114 534 3165 576 et
3187 527 3324 578 sicut

77 609 216 660 καὶ
265 612 438 680 πρὸς
458 613 621 666 αὑτοῦ
660 616 816 682 μόνου
849 614 1263 684 θεωρουμένους,
1298 613 1422 682 περὶ
1449 604 1521 662 ὧν
1550 611 1716 662 εἴποι-

77 716 228 766 μεν
273 701 364 752 ἂν
408 705 506 754 καὶ
534 705 684 755 αὐτοὶ
709 705 784 767 τὸ,
815 706 902 756 «Εἰ
941 703 1012 772 μὴ
1046 703 1241 771 Κύριος
1268 700 1484 752 Σαϐαὼθ
1525 703 1714 766 ἐγκατ-

77 787 347 840 ἔλιπεν
375 792 517 859 ἡμῖν
546 791 780 860 σπέρμα,
809 792 882 852 ὡς
911 791 1112 858 Σόδομα
1154 789 1218 840 ἂν
1253 788 1598 856 ἐγενήθημεν,
1624 786 1715 837 καὶ

77 875 175 935 ὣς
253 877 553 949 Γόμορρα
621 880 684 932 ἂν
726 878 1093 949 ὡμοιώθημεν.
1133 897 1150 927 ι
1200 878 1270 927 Τὸ
1306 876 1490 943 γάρτοι
1537 877 1614 936 είς
1654 876 1714 926 τὸ

77 967 444 1031 παντελὲς
473 969 833 1021 ἐκλελοιπέναι
871 967 1102 1036 νομίζειν
1139 966 1259 1026 τοὺς
1284 964 1374 1016 τοῦ
1408 964 1558 1030 λόγου
1586 979 1715 1032 προ-

77 1053 444 1118 εστῶτας,
485 1059 744 1126 ἄρχοντας
777 1058 866 1109 καὶ
903 1055 1222 1125 ἡγουμένους
1247 1053 1349 1104 ὑπὸ
1377 1053 1474 1120 τῆς
1506 1069 1712 1122 προφη-

77 1143 294 1206 τείας
329 1145 792 1214 ὠνομασμένους,
821 1146 876 1196 ἐν
897 1162 947 1196 τι
981 1144 1082 1195 τῶν
1120 1143 1404 1210 ἀμηχάνων
1440 1142 1710 1210 τυγχάνει,

77 1231 197 1283 διὰ
237 1232 328 1284 τὸ
377 1235 486 1288 καὶ
523 1235 644 1304 ὅρον
669 1234 932 1287 τεθεῖσθαι
956 1232 1046 1284 τοῦ
1075 1251 1092 1282 ι
1121 1232 1191 1300 μὴ
1230 1231 1490 1299 ἐκλείψειν
1520 1231 1620 1294 ἕως
1647 1231 1710 1284 ἂν

77 1319 258 1390 ἔλθῃ
297 1321 392 1374 τὰ
422 1323 758 1392 ἀποκείμενα
799 1322 969 1390 αὐτῷ·
1001 1341 1019 1372 ›
1057 1320 1195 1372 τοῦτ’
1224 1321 1336 1371 ἔστι
1381 1319 1448 1372 τὰ
1474 1320 1575 1372 ὑπὸ
1618 1319 1709 1371 τοῦ

77 1411 375 1480 Πατρὸς
419 1413 798 1482 ἐπηγγελμένα
823 1412 898 1481 τῷ
927 1411 1158 1482 Χριστῷ,
1181 1412 1408 1479 φήσαντι
1429 1409 1554 1480 (τος)
1581 1410 1711 1479 πρὸς

77 1499 304 1552 αὐτὸν
335 1539 355 1563 ,
426 1521 448 1553 ‹
477 1503 656 1556 Κάθου
701 1504 762 1555 ἐκ
803 1502 985 1567 δεξιῶν
1019 1517 1154 1570 μου,
1203 1500 1303 1561 ἕως
1353 1499 1417 1552 ἂν
1465 1500 1539 1552 θῶ
1589 1503 1712 1562 τοὺς

77 1583 392 1652 ἐχθρούς
437 1603 534 1640 σου
577 1588 854 1639 ὑποπόδιον
893 1587 997 1639 τῶν
1039 1587 1207 1639 ποδῶν
1249 1603 1369 1638 σου·
1405 1605 1424 1637 ι
1454 1588 1540 1640 ὅτε
1585 1588 1704 1639 καί·

80 1693 102 1724 ι
141 1676 309 1726 Πᾶν
374 1677 523 1743 γόνυ
572 1677 768 1746 κάμψει
817 1677 1138 1746 ἐπουρανίων
1183 1677 1273 1727 καὶ
1321 1678 1572 1743 ἐπιγείων
1619 1678 1710 1730 καὶ

81 1765 578 1832 καταχθονίων,
605 1768 695 1820 καὶ
731 1769 874 1819 πᾶσα
907 1765 1117 1832 γλῶσσα
1161 1765 1595 1833 ἐξομολογήσεται
1630 1768 1708 1818 ὅτι

82 1854 350 1924 Κύριος
403 1856 619 1924 Ἰησοῦς
644 1856 898 1924 Χριστός⁸
934 1875 951 1904 ι
997 1855 1286 1922 τηνικαῦτα
1335 1855 1437 1925 γὰρ
1466 1855 1556 1906 καὶ
1604 1857 1708 1908 τῶν

86 1945 302 1998 ἐθνῶν
371 1946 684 2012 προσδοκία
729 1945 835 1996 τῶν
884 1945 973 1996 ἐπὶ
999 1943 1090 1996 τοῦ
1135 1945 1389 2014 παρόντος
1432 1947 1509 2006 εἰς
1551 1946 1708 1997 αὑτὸν

84 2035 613 2088 πεπιστευκότων
683 2033 865 2102 καιρὸν
935 2032 1043 2097 ἕξει
1105 2031 1200 2093 τὰς
1264 2033 1708 2103 προσδοκηθείσας

89 2122 499 2191 ἐπαγγελίας
553 2121 871 2190 κομίσασθαι
917 2123 972 2173 ἐν
1014 2123 1078 2189 τῇ
1143 2121 1548 2192 προσδοκωμένη
1604 2121 1707 2174 τῶν

86 2189 394 2285 οὐρανῶν
439 2189 705 2280 βασιλεία.
736 2211 842 2262 Καὶ
867 2210 1034 2263 ταῦτα
1067 2212 1162 2280 μὲν
1182 2189 1348 2283 ταύτῂ
1369 2228 1382 2240 ·
1417 2189 1483 2262 τὰ
1509 2189 1551 2262 6‘
1585 2212 1708 2281 ἑξῆς

1740 1825 1778 1876 Β

1813 609 2105 663 Gomorrha
2151 611 2351 665 similes
2394 611 2675 664 fuissmms
2706 613 2769 664 “.
2804 632 2821 663 ι
2872 613 3072 666 Idcirco
3109 614 3326 670 minimc

1813 699 2222 752 existimandum
2247 708 2327 753 est
2348 700 2495 752 verbi
2526 701 2827 768 magistros,
2854 703 3013 755 duces
3034 703 3326 771 principes-

1812 805 1914 858 que
1947 806 1974 842 a
2003 791 2270 858 prophetis
2303 799 2536 849 vocatos,
2565 790 2773 858 penitus
2803 789 3076 851 defecisse,
3111 806 3327 858 praeser-

1812 880 1904 931 tim
1933 895 2052 932 ctun
2089 880 2283 948 praeﬁxi
2310 880 2415 931 sint
2459 879 2686 939 termini,
2723 895 2741 927 ι
2773 893 2878 930 non
2906 878 3210 932 auferentur
3233 880 3327 932 doc

1811 983 1908 1020 nec
1939 969 2153 1020 veniant
2185 983 2301 1036 qua:
2331 967 2429 1035 ipsi
2461 967 2667 1020 decreta
2681 974 2835 1030 sunt;
2867 985 2884 1015 ι
2925 967 3122 1018 scilicet
3155 983 3269 1035 qua:
3297 984 3324 1019 a

1811 1055 1966 1110 Patre
1984 1057 2199 1110 Christo
2223 1059 2462 1108 nuntiata
2489 1065 2631 1116 sunt,
2655 1056 2718 1109 ad
2741 1071 2858 1108 eum
2877 1054 3082 1106 dicente
3106 1074 3117 1106 :
3146 1074 3162 1104 ι
3193 1055 3326 1108 Sede

1811 1161 1839 1197 a
1873 1147 2074 1199 dextris
2103 1147 2255 1207 meis,
2285 1145 2452 1198 donec
2486 1161 2675 1214 ponam
2712 1144 2958 1198 inimicos
2984 1151 3104 1196 tuos
3128 1145 3329 1198 scabel-

1811 1235 1916 1286 lum
1945 1235 2133 1302 pedum
2163 1243 2375 1288 tuorum
2399 1235 2473 1300 “5;
2501 1254 2518 1284 ι
2548 1249 2643 1288 uec
2663 1249 2766 1286 non
2789 1233 2876 1286 illa
2908 1251 2920 1286 :
2950 1249 2968 1283 ι
3003 1231 3170 1286 Omne
3193 1249 3324 1301 genu

1810 1323 2050 1376 ﬂectatur
2077 1325 2396 1386 ccelestium,
2428 1324 2754 1378 terrestrium
2795 1332 2848 1378 et
2877 1323 3205 1379 infernarum
3230 1342 3244 1388 ;
3273 1335 3324 1377 et

1809 1415 1982 1468 omnis
2019 1415 2195 1482 liugua
2229 1413 2542 1466 conﬁteatur
2569 1414 2692 1482 quia
2720 1411 2974 1466 Dominus
2996 1411 3151 1466 .Icsus
3175 1412 3328 1466 Chri-

1807 1510 1921 1558 stus
1943 1503 2008 1556 ".
2042 1522 2061 1553 ι
2092 1501 2240 1555 Tunc
2267 1503 2406 1554 enim
2429 1510 2480 1555 et
2505 1502 2740 1570 gentium
2768 1501 3092 1569 exspectatio
3117 1516 3232 1567 qua:
3262 1501 3327 1552 ab

1807 1606 1870 1644 eo
1901 1599 2136 1660 tempore
2186 1607 2353 1658 usque
2416 1592 2482 1644 ad
2538 1591 2666 1644 illud
2718 1590 2770 1642 iu
2815 1605 2934 1643 eum
2967 1590 3322 1648 crediderunt.

1810 1681 2218 1749 promissionum
2241 1682 2750 1739 consummationem
2770 1679 2990 1740 videbit,
3011 1689 3327 1748 speratoque

1807 1771 2058 1823 caelorum
2082 1786 2246 1838 regno
2274 1772 2522 1838 potietur.
2552 1769 2672 1822 Hzec
2693 1769 2902 1838 quidem
2932 1769 3034 1831 ita;
3061 1783 3179 1836 qua:
3202 1784 3326 1822 vero

1807 1868 2104 1928 sequuntur
2135 1877 2150 1913 :
2190 1877 2208 1909 ι
2261 1858 2454 1929 Ligans
2500 1859 2564 1915 ad
2607 1858 2810 1909 vineam
2843 1857 3043 1924 pullum
3075 1871 3228 1909 suum
3253 1895 3268 1917 ,
3303 1877 3320 1906 ι

1807 1948 2090 2016 allegorice
2114 1949 2508 2016 interpretanda
2531 1947 2783 2002 studiosis
2801 1947 2930 1998 viris
2951 1945 3324 2013 relinquemus,

1808 2039 2053 2106 pluribus
2089 2039 2197 2106 jam
2235 2039 2412 2102 dictis,
2455 2051 2561 2091 non
2595 2036 2737 2104 quod
2775 2035 2840 2088 ad
2875 2034 3201 2103 propositum
3232 2049 3328 2086 no-

1806 2135 2006 2193 strum;
2038 2130 2232 2197 quippe
2259 2143 2377 2196 qua
2419 2127 2484 2180 ad
2521 2127 2660 2179 hunc
2698 2126 2866 2178 locum
2901 2122 3175 2193 perspicue
3204 2123 3327 2176 illii-

1806 2217 2080 2268 strandum
2122 2219 2534 2284 requirerentur.

93 2301 388 2363 ἀπὸτοῦ,
432 2320 453 2350 ε
479 2299 764 2368 Δεσμεύων
801 2299 931 2370 πρὸς
966 2299 1200 2368 ἄμπελον
1237 2301 1324 2352 τὸν
1349 2299 1518 2352 πῶλον
1543 2301 1721 2362 αὑτοῦ,
1765 2321 1784 2354 ι
1824 2308 1918 2374 τῆς
1947 2306 2010 2356 δι’
2039 2306 2354 2375 ἀλληγορίας
2385 2307 2629 2366 ὑπονοίας
2665 2303 2934 2373 ἠρτημένα
2971 2303 3076 2364 τοῖς
3107 2301 3326 2378 φιλομα-

97 2395 233 2447 θέσι
306 2391 529 2463 ζητεῖν
564 2389 984 2458 καταλείψομεν,
1045 2388 1419 2452 πλεονάσαντες
1451 2391 1541 2442 καὶ
1578 2392 1635 2442 ὲν
1671 2395 1778 2454 τοῖς

1813 2395 2142 2464 εἰρημένοις,
2193 2397 2251 2448 ού
2291 2396 2426 2448 κατὰ
2471 2397 2559 2447 τὸν
2601 2393 2919 2464 προτεθέντα
2973 2393 3066 2463 μέν
3111 2391 3324 2449 σκοπὸν,

99 2493 271 2557 δμινς
294 2484 348 2536 δ’
375 2481 454 2545 ἐξ
475 2481 720 2549 ἀνάγκης
746 2480 884 2549 ὑπὲρ
905 2480 1100 2547 σαφοῦς
1119 2481 1409 2551 διηγήσεως
1431 2481 1535 2533 τῶν
1561 2483 1696 2534 κατὰ
1731 2484 1818 2535 τὸν
1845 2486 2021 2539 τόπον.

697 2570 1078 2622 ΚΕΦΑΔΑῙΟΝ
1115 2569 1190 2622 Θ⁹.

671 2660 798 2711 Ἀπὸ
832 2657 940 2725 τῆς
977 2658 1230 2721 Ἐξόδου.

191 2775 212 2806 ι
248 2753 381 2813 Καὶ
420 2749 669 2817 Μωῦσῆς
685 2744 751 2818 ἦν
768 2748 1059 2816 ποιμαίνων
1082 2748 1146 2798 τὰ
1169 2748 1408 2817 πρόϐατα
1433 2748 1591 2819 Ἰοθόρ
1612 2748 1706 2800 τοῦ

113 2849 179 2916 (f.
207 2846 270 2914 8)
300 2861 391 2913 γα
403 2840 591 2912 μόροῦ
620 2837 800 2892 αὑτοῦ.
829 2857 846 2886 ι
875 2837 980 2890 Καὶ
1014 2837 1128 2905 μετ’
1152 2837 1302 2904 ὀλίγα
1323 2856 1335 2868 ’
1369 2858 1386 2888 ι
1412 2839 1517 2891 Καὶ
1552 2835 1709 2908 ἦλθον

113 2943 196 3001 εἰς
218 2937 286 2989 τὸ
314 2936 470 3004 ὅρος
496 2929 592 2982 τοῦ
615 2928 746 2981 Θεοῦ
768 2929 964 2998 Χωρήϐ
984 2945 996 2957 ·
1023 2927 1172 2997 ὤφθη
1197 2929 1248 2980 δὲ
1272 2929 1492 2995 ἄγγελος
1509 2929 1708 2998 Κυρίου

118 3025 275 3096 αὑτῷ
320 3029 393 3077 ὲν
454 3020 618 3089 φλογὶ
657 3019 842 3087 πυρός.
875 3038 892 3067 ι
939 3017 1045 3069 Καὶ
1096 3018 1212 3087 μέθ’
1240 3019 1428 3085 ἕτερα·
1466 3036 1483 3066 ι
1531 3018 1618 3079 Ὠς
1653 3017 1708 3069 δέ
1735 3048 1775 3103 C

121 3114 265 3169 εἶδεν
314 3113 552 3182 Κύριος
579 3110 660 3160 ὅτι
697 3107 956 3177 προσάγει
993 3107 1135 3166 ἰδεῖν,
1163 3106 1409 3158 ἐκάλεσεν
1441 3105 1597 3158 αὑτὸν
1646 3108 1708 3158 ὲκ

125 3207 302 3276 μέσου
365 3199 481 3254 τοῦ
536 3199 693 3267 βάτου
743 3196 929 3264 λέγων.
963 3217 980 3245 ι
1021 3197 1130 3248 Kal.
1171 3193 1352 3258 αὖθις·
1394 3215 1411 3246 ι
1452 3193 1610 3248 Εἶπεν
1651 3197 1706 3248 δὲ

124 3295 340 3364 Κύριος
407 3288 564 3358 πρὸς
613 3284 788 3338 αὐτόν·
831 3281 962 3350 Ἑγά
1012 3285 1120 3352 εἰμι
1168 3286 1195 3334 6
1235 3282 1326 3333 ὤν.
1365 3301 1381 3332 i
1422 3284 1528 3335 Kal.
1576 3282 1710 3352 μετὰ

125 3386 410 3438 πλεῖστα·
457 3401 476 3431 ι
519 3377 802 3445 Ἐλάλησεν
839 3374 894 3426 δὲ
921 3377 948 3425 6
981 3373 1106 3434 Θεὸς
1153 3373 1285 3442 πρὸς
1313 3373 1575 3440 Μωῦσῆν⁸
1614 3373 1706 3424 xal.

129 3474 287 3528 εἶπεν
330 3471 490 3542 πρὸς
538 3465 730 3520 αὐτόν’
773 3463 909 3529 Ἐγὼ
937 3461 1150 3530 Κύριος,
1199 3462 1289 3513 καὶ
1345 3461 1524 3531 ὤφθην
1574 3462 1705 3530 πρὸς

142 3562 412 3633 Ἀϐραὰμ
441 3557 547 3610 καὶ
589 3553 767 3606 Ἰσαάκ
789 3555 877 3606 καὶ
908 3550 1112 3612 Ἰακὼϐ,
1143 3552 1269 3612 Θεὸς
1296 3551 1367 3603 ὢν
1393 3552 1586 3615 αὐτῶν,
1614 3554 1706 3604 καὶ

131 3657 191 3708 τὸ
238 3651 433 3721 δνομά
491 3663 598 3717 μου
654 3646 852 3714 Κύριος
907 3643 1004 3694 οὐκ
1063 3642 1299 3710 ἐδήλωσα
1357 3644 1564 3704 αὐτοῖς’
1613 3643 1702 3694 καὶ

134 3748 345 3815 ἐστησα
371 3742 482 3810 τὴν
513 3735 787 3804 Διαθήκην
814 3750 909 3802 μου
939 3733 1070 3802 πρὸς
1090 3733 1298 3794 αὐτοὺς,
1326 3751 1342 3782 ›
1369 3733 1458 3784 καὶ
1477 3732 1544 3784 τὰ
1566 3731 1709 3800 ἑξῆς.

140 3835 361 3905 Σφόδρα
397 3823 945 3898 παρατετηρημένως
989 3824 1044 3873 ἐν
1075 3820 1275 3882 τούτοις
1315 3822 1412 3889 οὐχ
1451 3823 1479 3872 6
1516 3821 1714 3905 Κύριος

139 3902 253 3975 ἀλλ’
339 3915 593 3987 ἄγγελος
613 3907 786 3978 ὦφθαι
801 3907 876 3977 τῷ
903 3909 1117 3960 Μωῦσεῖ
1131 3907 1550 3978 ἀναγέγραπται,
1565 3907 1630 3959 δι’
1652 3902 1712 3961 οὗ

143 4016 234 4066 καὶ
271 4013 302 4064 6
338 4008 568 4077 Κύριος
620 4002 806 4068 ὥσπερ
836 3999 899 4050 δι’
933 3998 1204 4067 ἑρμηνέως
1251 3999 1586 4068 χρηματίζων
1635 3997 1710 4049 δι..

141 4106 356 4163 δάσκει,
386 4102 480 4152 ὅτι
531 4093 606 4163 μὴ
637 4091 719 4160 εἴη
760 4087 1121 4154 ὑποϐεόηκυίά
1155 4104 1234 4150 τις
1269 4086 1490 4156 δύναμις
1518 4088 1550 4156 ἡ
1581 4103 1711 4155 χρη-

149 4193 486 4262 ματίζουσα,
513 4183 626 4236 ἀλλ’
644 4181 798 4241 αὐτὸς
821 4181 849 4230 6
867 4177 957 4229 ὤν.
983 4177 1311 4247 Σαφέστερον
1337 4175 1392 4228 δὲ
1410 4176 1492 4236 τίς
1513 4178 1656 4227 ἐστιν
1685 4178 1713 4227 6

2387 2575 2606 2630 CAPUT
2658 2576 2746 2632 IX.

2401 2668 2478 2719 Ab
2515 2667 2714 2721 Exodo.

1884 2773 1902 2805 ι
1951 2755 2160 2826 Moyses
2226 2764 2402 2811 autem
2455 2760 2707 2826 paseebat
2750 2773 2874 2812 oves
2932 2755 3113 2812 Jethro
3158 2759 3326 2811 soceri

1811 2847 1894 2900 sui
1924 2847 1990 2900 ⁸⁷.
2024 2865 2041 2896 ι
2069 2847 2133 2898 Et
2164 2855 2283 2916 post
2314 2862 2480 2916 pauca
2507 2866 2520 2901 :
2549 2866 2567 2898 ι
2600 2845 2859 2916 Venitque
2895 2847 2956 2900 ad
2983 2857 3209 2900 montem
3237 2846 3328 2899 Dei

1815 2934 2018 3000 Horeli;
2056 2937 2403 3004 apparuitque
2432 2936 2480 2989 ei
2526 2935 2730 2989 Domini
2765 2935 2980 3003 angelos
3026 2935 3078 2987 in
3119 2935 3326 2987 ﬂamma

1814 3023 1950 3092 ignis
1981 3025 2058 3088 ⁸⁸;
2097 3044 2114 3073 ι
2148 3040 2210 3077 ac
2257 3025 2448 3078 deinde
2483 3042 2494 3076 :
2530 3042 2546 3074 ι
2579 3023 2815 3078 Cernens
2851 3030 3024 3076 autem
3075 3021 3329 3074 Dominus

1810 3115 1951 3182 quod
1983 3122 2224 3182 pergeret
2250 3113 2313 3165 ad
2351 3112 2652 3175 videndum,
2683 3113 2888 3165 vocavit
2921 3129 3038 3166 eum
3062 3113 3125 3165 de
3157 3112 3330 3171 medio

1807 3199 1926 3252 rubi
1953 3207 2006 3251 et
2037 3199 2108 3249 ait
2143 3198 2220 3260 '9;
2252 3216 2269 3246 ι
2296 3205 2348 3250 et
2380 3213 2604 3251 rursus:
2639 3217 2655 3247 ι
2692 3196 2834 3248 Dixit
2864 3206 3036 3250 autem
3076 3196 3330 3251 Dominus

1809 3287 1874 3340 ad
1901 3303 2020 3340 eum
2048 3307 2060 3340 :
2088 3285 2196 3354 Ego
2226 3301 2342 3339 sum
2371 3286 2462 3353 qui
2490 3301 2607 3339 sum
2640 3287 2705 3337 ’°.
2745 3305 2762 3336 ι
2795 3285 2855 3336 Et
2891 3287 3024 3338 infra
3059 3305 3072 3338 :
3108 3305 3126 3335 ι
3159 3286 3332 3337 Locu-

1809 3381 1895 3426 tus
1923 3383 2005 3427 est
2049 3373 2187 3426 Deus
2229 3372 2295 3426 ad
2335 3371 2589 3442 Moysem,
2637 3373 2872 3440 dixitque
2902 3374 2967 3425 ad
3008 3389 3127 3426 eum
3178 3393 3189 3425 :
3223 3373 3331 3441 Ego

1809 3459 2086 3522 Dominus,
2139 3461 2230 3528 qui
2279 3460 2496 3528 apparui
2530 3459 2816 3519 Abraham,
2862 3461 3004 3513 Isaac
3051 3467 3102 3511 et
3143 3458 3327 3522 Jacob,

1810 3564 1929 3601 cum
1955 3563 2128 3602 essent
2161 3547 2298 3602 Deus
2319 3563 2523 3608 eorum,
2549 3560 2844 3613 nomenque
2875 3561 3046 3599 meum
3078 3544 3332 3598 Dominus

1809 3652 1914 3690 non
1963 3636 2195 3690 iudicavi
2241 3636 2361 3700 eis;
2411 3634 2690 3704 pepigique
2738 3635 2910 3687 foedus
2979 3649 3151 3686 meum
3209 3649 3328 3685 cum

1808 3726 1968 3788 eis",
2008 3744 2026 3777 ι
2059 3733 2112 3779 et
2142 3726 2368 3794 reliqua.
2391 3724 2806 3778 Accuratissime
2845 3725 2898 3777 in
2939 3723 3058 3778 istis
3085 3737 3192 3775 nou
3230 3722 3330 3776 Dec

1810 3812 2009 3878 minus,
2045 3814 2136 3866 sed
2163 3814 2384 3881 angelus
2411 3812 2556 3866 visus
2587 3811 2751 3866 fuisse
2780 3810 3025 3872 refertur,
3056 3826 3146 3879 per
3172 3826 3328 3878 quem

1814 3901 2086 3966 Dominus,
2115 3908 2268 3970 quasi
2291 3917 2386 3970 per
2414 3901 2754 3969 interpretem
2789 3900 3177 3963 manifestatus,
3205 3900 3333 3954 edo-

1811 3997 1895 4044 cet
1929 3989 2163 4058 seipsum
2202 4005 2307 4044 non
2338 3991 2569 4058 aliquam
2603 4004 2722 4044 esse
2766 3990 3066 4044 inferiorem
3096 3998 3332 4057 potesta-

1811 4087 1937 4143 tem,
1978 4079 2071 4134 sed
2112 4080 2250 4132 hunc
2294 4081 2464 4148 ipsum
2497 4081 2586 4148 qui
2630 4088 2729 4134 est.
2773 4078 2903 4144 Quis
2929 4081 3014 4135 ille
3045 4081 3206 4148 igitur
3237 4080 3331 4149 qui

1811 4178 1912 4234 est,
1950 4171 2060 4236 haec
2089 4170 2242 4224 nobis
2275 4170 2482 4238 plenius
2515 4171 2922 4224 demonstrant:
2964 4188 2982 4220 ι
3018 4168 3126 4235 Ego
3162 4161 3335 4222 Domi-

147 4257 218 4335 ὤν
234 4280 493 4353 παριστᾷ
517 4279 575 4328 ἐν
595 4273 668 4342 τῷ
687 4272 955 4338 (1)φησινο
987 4287 1003 4318 ι
1027 4266 1162 4333 Ἐγὼ
1186 4267 1399 4336 Κύριος
1423 4268 1513 4318 καὶ
1536 4265 1711 4336 ὤφθην

1813 4277 1935 4324 nus,
1966 4261 2058 4330 q.ui
2103 4260 2322 4328 apparui
2360 4259 2646 4322 Abraham,
2695 4258 2838 4312 Isaac
2884 4267 2937 4312 et
2976 4257 3174 4322 Jacob;
3211 4271 3334 4310 cum

150 4375 284 4442 πρὸς
319 4347 617 4441 “Asparagi.
668 4362 758 4414 καὶ
815 4358 995 4410 Ἰσαὰκ
1041 4359 1133 4409 καὶ
1195 4355 1418 4417 Ἰακὼϐ,
1469 4355 1594 4418 Θεὸς
1638 4355 1711 4407 ῶν

1812 4365 1980 4404 essem
2007 4348 2143 4402 Deus
2169 4363 2376 4412 eorum,
2403 4364 2701 4416 nomenque
2733 4365 2908 4402 meum
2940 4347 3196 4400 Dominus
3225 4362 3336 4400 non

154 4463 366 4515 αὐτῶν·
397 4457 504 4510 καὶ
544 4453 603 4505 τὺ
642 4448 809 4517 ὄνομά
839 4463 934 4516 μου
963 4445 1158 4513 Κύριος
1201 4447 1299 4498 οῦκ
1341 4444 1576 4513 ἐδήλωσα
1615 4444 1710 4494 αὑ·-

154 4557 292 4616 τοῖς·
330 4571 350 4602 ι
390 4550 424 4602 6
458 4545 562 4601 καὶ
586 4540 817 4595 τοιοῦτον
852 4537 994 4589 δοκεῖ
1023 4551 1109 4604 μοι
1141 4536 1260 4588 νοῦν
1294 4537 1590 4605 περιέχειν·
1627 4536 1715 4587 Σοὶ

161 4645 254 4712 μὲν
278 4642 342 4694 τὸ
365 4635 555 4706 ὄνομά
586 4649 684 4702 μου
705 4629 839 4690 τέως
861 4626 988 4678 αὐτὸ
1013 4625 1165 4693 μόνον
1186 4624 1354 4694 δηλῶν
1383 4642 1517 4694 φημι
1541 4643 1552 4656 ο
1581 4624 1716 4692 Ἐγὼ

159 4733 396 4802 Κύριος·
437 4727 560 4785 τοῖς
591 4721 646 4774 δὲ
674 4721 782 4780 σοῖς
814 4715 1044 4784 πατράσι
1090 4714 1148 4766 τὸ
1177 4713 1274 4782 μὲν
1309 4714 1472 4782 ὄνομά
1501 4731 1597 4783 μου
1622 4715 1718 4766 οὐκ

161 4825 440 4892 ἐδήλωσα.
473 4817 572 4872 καὶ
607 4811 844 4883 μείζονος
868 4806 976 4876 γὰρ
1007 4805 1140 4870 ἄξιοι
1172 4805 1266 4873 τῆς
1297 4803 1546 4892 τοιαύτης
1581 4804 1713 4871 γνὼ-

166 4891 300 4977 οεως
348 4911 657 4978 ἐτύγχανον
699 4902 873 4960 ὄντεςο
917 4895 1074 4957 αὐτὸς
1109 4894 1164 4946 δὲ
1207 4891 1387 4960 ὤφθην
1408 4893 1583 4954 αὐτοῖς
1623 4893 1713 4944 καὶ

164 5005 231 5055 δι’
260 5001 464 5056 ἑαυτοῦ
493 4991 772 5067 (ἐμαυτοῦ)
801 4989 896 5058 τὴν
921 4985 1185 5054 Διαθήκην
1237 5001 1333 5052 μου
1365 4985 1496 5052 πρὸς
1522 4983 1712 5044 αὐτοὺς

169 5093 395 5161 ἔστησα.
423 5084 699 5157 Πρόδηλον
727 5079 781 5131 δὲ
809 5080 870 5129 ἐκ
900 5075 1004 5126 τῶν
1029 5071 1520 5161 προαποδεδομένων
1547 5071 1627 5133 τίς
1648 5068 1714 5140 ἦν

171 5183 198 5231 6
246 5159 361 5239 τοῖς
403 5175 682 5244 πατράσιν
726 5166 935 5235 ὀφθείςο
967 5163 1149 5215 τοῦτον
1195 5161 1301 5228 γάρ
1346 5159 1716 5228 ἐξεταζόμενος

174 5267 259 5318 τὸν
291 5267 502 5335 τρόπον
526 5263 555 5313 6
573 5258 726 5324 λόγος
754 5253 885 5324 πρὸς
913 5251 1000 5303 τὸν
1027 5270 1044 5299 ι
1069 5251 1125 5300 ἐν
1144 5250 1280 5318 ἀρχῇ
1301 5247 1431 5316 πρὸς
1451 5247 1540 5297 τὸν
1566 5247 1711 5310 θεὸν,

177 5355 303 5407 θεὸν
325 5355 504 5419 Λόγον
537 5370 554 5400 ι
600 5347 857 5413 ὑπάρχειν
888 5339 1238 5393 ἀπεδείκνυεν.
1273 5336 1472 5390 Οὐκοῦν
1497 5339 1526 5387 6
1561 5337 1714 5399 αὐτὸς

181 5446 272 5496 καὶ
312 5445 412 5496 νῦν
455 5437 795 5507 ἐπιφαίνεται
822 5470 834 5493 ,
855 5431 965 5484 ἀλλ’
986 5429 1082 5496 οὐχ
1097 5427 1289 5496 ὁμοίως
1301 5443 1364 5494 γε
1374 5429 1482 5487 τοῖς
1498 5429 1703 5492 προπά-

251 5557 296 5586 at
337 5554 504 5607 Βοηι,
539 5567 589 5604 ιχ
614 5589 627 5607 ,
656 5547 745 5600 99.
819 5546 861 5575 "
898 5542 1038 5595 Psal.
1070 5540 1287 5603 ctx,.l;
1326 5543 1440 5593 Act.
1478 5552 1518 5601 ι,
1564 5537 1654 5607 54,
1687 5539 1772 5594 55.

188 5622 230 5652 "
268 5623 400 5676 ibid.
447 5622 504 5672 .5.

261 5734 335 5802 (l)
385 5733 490 5798 T63.
522 5732 688 5789 Forte
718 5720 780 5792 ᾧ,
817 5723 899 5780 vel
924 5717 1018 5784 οἷς.
1059 5719 1212 5776 Εοιῐ.

576 5605 625 5650 οδ
661 5613 788 5669 ibid.
828 5613 907 5664 Η.
980 5609 1020 5639 ’ί
1061 5607 1222 5661 Exod.
1258 5623 1310 5662 vr
1333 5647 1346 5672 ,
1373 5608 1460 5660 2-4
1553 5607 1594 5636 "
1630 5605 1785 5662 Joan.

1806 4441 2032 4495 iudicavi
2065 4440 2162 4494 eis.
2187 4460 2203 4490 ι
2222 4440 2348 4505 Qtue
2369 4441 2496 4492 mihi
2522 4441 2766 4494 videntur
2790 4441 2868 4494 sic
2891 4439 3288 4506 interpretanda
3318 4476 3334 4490 .

1807 4531 1923 4584 Tibi
1953 4545 2143 4582 nomen
2174 4546 2345 4583 meum
2377 4545 2545 4598 usque
2574 4546 2715 4583 nunc
2737 4530 2836 4584 soli
2871 4528 3135 4591 revelaus,
3175 4526 3297 4579 dico
3319 4544 3335 4576 τ

1808 4620 1916 4690 Ego
1946 4619 2234 4684 Dominus;
2261 4620 2502 4687 patribus
2530 4636 2656 4673 vero
2680 4620 2786 4673 tuis
2815 4631 3004 4670 nomen
3031 4631 3207 4667 meum
3233 4627 3342 4665 nou

1811 4708 2060 4770 iudicavi,
2091 4709 2286 4777 quippe
2315 4709 2501 4777 majori
2532 4709 2753 4762 scientia
2788 4706 2984 4774 dignis.
3018 4702 3140 4769 Ipse
3167 4710 3340 4754 autem

1815 4797 2030 4866 apparui
2061 4797 2160 4858 eis,
2213 4804 2265 4850 et
2299 4813 2393 4865 per
2423 4797 2683 4864 meipsum
2714 4795 3120 4848 Testamentum
3168 4802 3344 4842 meum

1815 4903 1932 4942 cum
1969 4888 2048 4939 eis
2086 4887 2278 4954 pepigi.
2312 4888 2533 4940 Constat
2577 4884 2898 4954 supradictis
2950 4880 3075 4947 quis
3106 4878 3349 4945 patribus

1817 4978 2134 5047 apparuerit.
2162 4976 2330 5045 Hujus
2361 4980 2499 5030 enim
2543 4977 2643 5029 loci
2675 4971 2982 5043 explanatio
3010 4984 3140 5020 eum
3174 4975 3353 5020 osten-

1817 5069 1894 5122 dit
1936 5083 2054 5121 esse
2107 5086 2126 5119 ι
2176 5067 2230 5119 in
2274 5067 2538 5135 principio
2582 5066 2719 5133 apud
2768 5064 2962 5119 Deum,
3012 5057 3192 5110 Deum
3232 5054 3361 5106 Ver-

1818 5159 1942 5211 bum
1967 5159 2032 5210 ”.
2072 5175 2090 5206 ι
2128 5155 2270 5210 Idem
2308 5156 2469 5225 igitur
2519 5171 2660 5208 nunc
2696 5166 2916 5223 quoque
2957 5145 3369 5200 manifestatur.

1818 5246 1908 5302 sed
1954 5261 2059 5299 non
2088 5245 2272 5300 eodem
2323 5244 2480 5298 modo
2507 5260 2613 5311 quo
2663 5241 2936 5312 patribus.
2991 5233 3088 5286 llis
3139 5231 3290 5284 enim
3325 5237 3378 5278 ut

1817 5337 2106 5404 majoribus
2136 5343 2188 5389 et
2214 5334 2622 5404 perfectioribus
2650 5333 2764 5401 ipse
2792 5327 2961 5380 visus
2983 5328 3065 5376 est
3094 5327 3155 5411 et
3191 5333 3285 5411 per
3308 5331 3391 5411 se:

1816 5403 1988 5495 ipsimi
2025 5403 2420 5480 Testamentum
2449 5439 2603 5480 suum
2640 5437 2760 5476 cum
2809 5419 2888 5471 iis
2937 5410 3177 5482 pepigit.
3226 5403 3397 5470 “avsi

1872 5539 1916 5660 οἱ
1951 5537 2140 5608 Philip.
2172 5554 2244 5606 ιι,
2287 5541 2371 5594 ιο.
2469 5539 2510 5570 ιτ
2553 5536 2718 5591 Exod.
2761 5547 2870 5586 ιιι.
2918 5530 2974 5581 ι.
3073 5523 3127 5555 ⁸³
3176 5513 3406 5572 ﬂama.
