3926 6372
185 395 340 448 10525
1214 387 1497 446 ΕΟιΟϐΕ
1535 385 2002 442 ΡΒΟΡΗΕΤΙΟΑΣ.
2041 416 2108 426 —
2143 387 2270 444 LIB.
2305 388 2350 444 Ι.
3224 395 3360 450 ιοει

182 519 313 581 ταῖς
354 519 636 587 εὐλογίαις
673 515 955 586 παρίστησι
992 493 1188 580 λέγων’
1234 523 1253 559 ι
1284 507 1481 578 Κύριος
1515 507 1578 558 ἐκ
1617 503 1737 557 Σινὰ

1840 503 1939 558 stis
1979 504 2147 574 legem
2181 503 2239 558 in
2262 503 2614 575 dispositione
2631 507 2934 577 angelorum
2957 517 3009 563 et
3039 522 3144 563 non
3175 520 3327 566 custo
3351 538 3360 552 ι

182 610 340 676 ἣκει,
382 613 486 663 καὶ
524 610 786 677 ὲπέφανεν
813 611 874 660 ὲκ
905 605 1028 673 Σεὶρ
1062 605 1222 674 ἡμῖν,
1252 600 1342 653 καὶ
1382 597 1738 652 κατέσπευσεν
1841 594 1997 648 distis
2021 595 2089 648 ”.
2127 613 2146 646 ι

184 697 246 763 ἐξ
269 699 452 769 ὅρους
476 699 656 770 Φαρὰν
680 699 771 750 σὺν
805 695 1052 766 μυριάσιν
1079 691 1276 759 Κάδης,
1299 691 1360 740 ὲκ
1415 685 1597 749 δεξιῶν
1621 682 1782 736 αὐτοῦ
1817 683 2032 750 ἄγγελοι
2073 685 2186 753 μετ’
2221 683 2402 747 αὐτοῦ,
2451 701 2471 737 ι
2503 684 2685 737 καὶτὰ
2712 683 2863 755 ἑξῆς·
2896 687 2959 738 δι’
2991 687 3020 740 ὃ
3045 688 3134 740 καὶ
3173 690 3200 740 ό
3233 688 3358 740 Στέ-

183 805 366 854 φανος
404 793 468 844 έν
499 794 617 853 ταῖς
644 789 902 859 “pagano
923 786 996 848 ὼς
1035 784 1166 853 πρὸς
1202 782 1289 835 τὸν
1326 781 1448 834 λαὸν
1478 777 1880 856 ἀποτεινόμενός
1899 790 2078 847 φησιν’
2105 796 2124 828 ι
2151 778 2354 840 Οίτινες
2389 777 2603 831 ἐλάϐετε
2655 779 2746 832 τὸν
2802 779 2958 849 νόμον
2992 783 3070 844 εἰς
3107 781 3358 849 διαταγὰς

180 876 476 943 ἀγγέλων,
507 879 601 931 καὶ
630 877 727 929 οὐκ
757 873 1064 942 ἐφυλάξατε.
1101 887 1119 921 ι

746 978 1124 1034 ΚΕΦΑΛΑΙΟΝ
1161 979 1217 1029 I'.

2443 967 2664 1022 CAPUT
2691 967 2759 1023 Χ.

2443 1058 2518 1110 Ab
2559 1057 2757 1111 Exodo.

1913 1167 1932 1199 ι
1967 1147 2181 1203 Tollens
2209 1163 2267 1204 se
2297 1149 2519 1217 angelus
2544 1149 2775 1216 Domini,
2805 1153 2894 1219 qui
2919 1156 3248 1221 prmcedebat
3269 1175 3360 1215 ca-

1840 1248 1950 1294 stra
1994 1237 2178 1303 lsrael,
2209 1239 2337 1292 abiit
2387 1248 2506 1307 post
2541 1254 2633 1293 eos
2662 1260 2674 1293 :
2720 1248 2774 1294 et
2801 1256 2920 1294 cum
2955 1259 3018 1297 eo
3045 1248 3244 1314 pariter
3269 1265 3360 1306 co-

1841 1331 2020 1384 lumna
2050 1329 2228 1395 nubis,
2259 1330 2436 1397 priora
2461 1330 2756 1395 dimittens,
2790 1341 2910 1400 post
2958 1343 3164 1406 tergum
3189 1342 3357 1402 stetit.

1840 1420 1978 1472 inter
2034 1425 2210 1472 castra
2265 1416 2635 1487 Egyptiorum
2695 1427 2748 1474 ct
2799 1432 2974 1476 castra
3030 1424 3283 1481 Israel”.
3336 1447 3357 1479 ι

1840 1505 2038 1561 Deinde
2063 1505 2116 1557 in
2137 1506 2203 1560 iis
2227 1521 2344 1574 quae
2372 1516 2668 1574 sequuntur
2695 1509 2873 1563 divina
2903 1512 3058 1566 docet
3085 1512 3362 1584 Scriptura

710 1072 840 1126 Ἀπὸ
868 1070 973 1137 τῆς
1009 1067 1261 1130 Ἐξόδου.

261 1182 280 1214 ι
323 1163 570 1234 Ἐξῆρεν
597 1163 650 1215 δὲ
677 1164 704 1213 6
727 1160 947 1228 ἄγγελος
972 1157 1062 1210 τοῦ
1087 1155 1214 1208 Θεοῦ
1236 1155 1263 1206 6
1285 1151 1740 1225 προπορευόμενος

180 1252 297 1304 τῶν
335 1252 485 1304 υἱῶν
531 1249 776 1321 Ἰσραὴλ,
812 1249 902 1301 καὶ
955 1245 1212 1316 ὲπορεύθη
1261 1245 1324 1296 ὲκ
1375 1242 1481 1296 τῶν
1522 1240 1738 1293 δπισθεν

180 1339 413 1390 αὐτῶνθ
465 1339 655 1408 ἐξῆρεν
699 1337 752 1388 δὲ
801 1336 890 1388 καὶ
934 1337 961 1387 6
994 1333 1175 1394 στῦλος
1225 1331 1320 1400 τῆς
1372 1331 1592 1399 νεφέλης
1635 1328 1738 1396 πρὸ

178 1427 506 1495 προσώπου
557 1427 758 1479 αὐτῶν⁸
805 1425 893 1478 καὶ
937 1422 1192 1493 ἐπορεύθη
1237 1421 1328 1474 καὶ
1374 1421 1495 1490 ἔστη
1531 1422 1593 1471 ὲκ
1634 1419 1738 1470 τῶν

179 1516 370 1568 ὀπίσω
415 1517 622 1573 αὐτῶν,
665 1516 753 1567 καὶ
782 1513 1015 1584 εἰσῆλθεν
1063 1512 1161 1565 ἀνὰ
1191 1512 1346 1580 μέσον
1393 1510 1487 1577 τῆς
1536 1525 1740 1578 παρεμ-

179 1606 359 1673 ϐολῆς
398 1607 516 1659 τῶν
563 1607 862 1673 Αἰγυπτίων
910 1605 1000 1657 καὶ
1051 1602 1150 1655 ἀνὰ
1183 1602 1339 1670 μέσον
1386 1601 1481 1667 τῆς
1535 1615 1737 1666 παρεμ-

1841 1612 1958 1666 qua:
1982 1606 2124 1652 esset
2157 1597 2268 1650 haec
2301 1598 2490 1660 nubes,
2525 1599 2746 1653 dicens:
2788 1619 2806 1650 ι
2842 1601 2929 1654 Ait
2962 1611 3136 1656 autem
3179 1605 3364 1660 Domi-

181 1693 362 1762 ϐολῆς
397 1696 514 1746 τῶν
547 1694 674 1745 υἱῶν
721 1693 941 1762 Ἰσραήλ.
971 1711 988 1740 ι
1022 1687 1129 1742 Εἶτ’
1159 1691 1215 1741 ἐν
1255 1691 1362 1750 τοῖς
1395 1687 1517 1756 ἑξῆς
1547 1689 1579 1755 ἠ
1625 1686 1737 1738 θεία

1841 1703 1942 1742 nus
1971 1689 2036 1741 ad
2068 1688 2300 1757 Moysem
2338 1708 2350 1741 :
2377 1687 2492 1740 Jam
2520 1705 2664 1744 nunc
2689 1693 2899 1745 veniam
2941 1694 3006 1746 ad
3039 1704 3088 1747 te
3135 1696 3188 1748 in
3231 1697 3364 1749 cali-

178 1781 444 1833 διδάσκει
497 1782 680 1851 Γραφὴ
707 1821 720 1843 ,
750 1781 798 1832 τί
849 1796 972 1830 ποτε
1014 1773 1141 1846 ἦνή
1189 1775 1380 1843 νεφέλη
1430 1773 1736 1840 φάσκουσα⁶

1837 1777 1956 1845 gine
1976 1777 2156 1838 nubis.
2197 1786 2255 1830 ut
2285 1778 2467 1832 audiat
2499 1795 2582 1832 me
2606 1781 2835 1848 populus
2887 1782 3188 1850 loquentem
3217 1785 3280 1839 ad
3311 1794 3365 1838 tc

187 1891 204 1919 ι
229 1867 412 1922 Εἶπεν
459 1871 520 1922 δὲ
568 1870 760 1939 Κύριος
783 1869 912 1938 πρὸς
956 1866 1215 1935 Μωῡσῆν⁸
1259 1865 1384 1916 Ἰδοὺ
1427 1861 1535 1930 ἐγὼ
1570 1879 1740 1930 παρα-

180 1961 419 2028 γίνομαι
476 1959 613 2028 πρὸς
663 1960 718 2010 σε
752 1960 805 2008 ὲν
854 1959 914 2008 ὲκ
946 1955 1176 2024 (στύλῳ)
1209 1954 1304 2022 τῆς
1353 1953 1604 2020 νεφέλης,
1657 1952 1740 2002 ἵνα

184 2049 408 2120 ἀκούσῃ
439 2051 469 2099 6
514 2049 638 2110 λαὸς
670 2047 945 2108 λαλοῦντός
977 2064 1073 2116 μου
1113 2047 1244 2115 πρὸς
1299 2045 1375 2108 σὲ,
1417 2044 1504 2095 καί
1537 2059 1614 2094 σοι
1655 2059 1743 2093 πι-

189 2139 542 2191 στεύσωσιν·
572 2159 588 2189 ι
620 2139 711 2190 καὶ
738 2137 924 2190 πάλιν
957 2155 973 2184 ι
1012 2138 1068 2189 '0
1096 2137 1149 2188 δὲ
1181 2137 1308 2198 Θεὸς
1341 2137 1519 2204 ἠγεῖτο
1565 2132 1738 2186 αὐτῶν

186 2230 406 2300 ἡμέρας
456 2231 521 2280 ὲν
553 2227 722 2296 στύλῳ
757 2227 1008 2294 νεφέλης,
1040 2225 1200 2290 δεῖξαι
1243 2227 1419 2286 αὐτοῖς
1463 2223 1558 2293 τὴν
1588 2223 1702 2274 ὁδόν
1723 2241 1737 2253 ο

185 2321 285 2388 τὴν
313 2319 373 2370 δὲ
407 2317 608 2380 νύκτα,
651 2318 706 2366 ὲν
736 2315 906 2384 στύλῳ
933 2315 1095 2386 πυρὸς
1119 2313 1210 2366 τοῦ
1242 2313 1444 2381 φαίνειν
1475 2314 1650 2374 αὐτοῖς
1672 2329 1684 2341 ·
1716 2331 1734 2362 ι

188 2409 282 2460 καὶ
315 2404 505 2468 αὖθις·
537 2426 554 2454 ι
576 2407 682 2458 Καὶ
710 2405 907 2474 κατέϐη
934 2405 1129 2473 Κύριος
1164 2407 1218 2455 ὲν
1245 2403 1415 2472 στύλῳ
1446 2403 1683 2470 νεφέλης.
1716 2421 1734 2452 ι

191 2497 407 2550 Οὐκοῦν
447 2497 543 2548 διὰ
578 2495 778 2548 τούτων
807 2495 987 2564 ἔτερος
1016 2490 1080 2564 ἦν
1110 2493 1291 2560 σαφῶς
1324 2492 1422 2561 τῆς
1461 2491 1681 2559 νεφέλης
1712 2492 1739 2541 6

192 2584 681 2656 προπορευόμενος
718 2583 822 2636 τῶν
861 2583 988 2635 υἱῶν
1040 2583 1245 2653 Ἰσραὴλ
1282 2581 1533 2648 ἄγγελος,
1575 2582 1666 2633 καὶ
1706 2581 1738 2649 ἡ

190 2676 386 2745 νεφέλη
421 2676 485 2727 δὲ
517 2674 649 2743 ἄλλη
685 2675 778 2743 μέν
810 2691 890 2736 τις
921 2674 1203 2740 ἐτύγχανεν
1247 2673 1372 2741 παρ’
1401 2672 1556 2723 αὐτὸν
1581 2671 1740 2738 ἄγγε-

191 2763 299 2825 λον,
326 2761 426 2812 τοῦ
457 2761 521 2812 δὲ
558 2761 759 2828 Κυρίου
787 2759 944 2812 αὐτοῦ
976 2759 1273 2828 σωματικὸν
1309 2759 1489 2826 ὥσπερ
1516 2758 1739 2827 ὄργανον

190 2847 254 2919 ἦν
275 2867 287 2878 ·
321 2850 390 2902 δι’
425 2841 494 2900 οὗ
530 2848 590 2918 (l'.
618 2848 692 2912 9),
724 2848 819 2916 τὴν
846 2847 1000 2914 φύσιν
1026 2847 1098 2899 ὢν
1127 2847 1284 2910 αὐτὸς
1319 2847 1616 2916 ἀσώματος,
1649 2848 1740 2899 καὶ

193 2940 372 3007 πάσης
429 2937 693 2990 ἐπέκεινα
742 2936 996 3006 αἰσθητῆς
1042 2938 1132 2988 καὶ
1165 2937 1349 3004 ὑλικῆς
1396 2937 1608 2999 οὐσίας,
1673 2936 1737 2987 δι’

193 3028 464 3098 αἰσθητῆς
523 3026 700 3094 φωνῆς
736 3023 830 3092 τῆς
871 3024 1000 3085 ἰδίας
1022 3023 1168 3092 ἠξίου
1203 3023 1412 3092 ὁμιλίας
1452 3025 1544 3076 τὸν
1582 3023 1738 3092 θερά-

1838 1875 1890 1922 et
1927 1868 2106 1921 credat
2140 1868 2234 1921 tibi
2267 1869 2318 1920 in
2349 1876 2664 1937 perpetuum
2700 1871 2739 1923 ¹.
2770 1889 2787 1919 ι
2824 1869 3129 1926 Etrursus:
3168 1896 3183 1924 ι
3220 1874 3371 1929 Deus‘

1839 1964 2014 2012 autem
2061 1957 2393 2026 prmcedebat
2441 1973 2536 2012 eos
2575 1957 2640 2011 ad
2671 1961 3054 2015 ostendendam
3096 1964 3235 2016 viam
3267 1981 3364 2034 per

1837 2047 1976 2100 diem
2008 2048 2062 2100 in
2089 2047 2336 2101 columna
2360 2048 2540 2109 nubis,
2564 2055 2617 2100 et
2648 2061 2742 2115 per
2766 2058 2976 2104 noctem
3021 2052 3074 2104 in
3116 2054 3362 2106 columna

1838 2137 1977 2207 ignis
2005 2139 2046 2189 ’.
2088 2157 2106 2187 ι
2154 2137 2328 2205 Atque
2371 2137 2504 2190 alias
2557 2157 2569 2190 :
2617 2156 2636 2187 ι
2689 2139 2975 2194 Descendit
3015 2139 3274 2195 Dominus
3307 2145 3363 2195 in

1836 2227 2083 2280 columna
2105 2226 2265 2280 nubis
2295 2226 2335 2279 ³.
2376 2247 2394 2278 ι
2434 2225 2597 2294 lgitur
2633 2242 2696 2281 ex
2719 2228 2785 2282 iis
2811 2230 2950 2284 alius
2983 2238 3099 2284 erat
3135 2230 3362 2286 manife-

1837 2328 1916 2372 ste
1935 2317 2094 2370 nubis
2117 2317 2339 2384 angelus
2368 2318 2458 2384 qui
2506 2318 2836 2384 praecedebat
2877 2319 3014 2373 ﬁlios
3046 2320 3230 2378 Israel.
3259 2321 3362 2373 alia

1835 2419 1888 2464 et
1915 2409 2082 2462 nubes
2105 2408 2248 2460 circa
2270 2421 2392 2461 eum
2427 2408 2693 2475 angelum,
2723 2423 2840 2475 qua:
2871 2409 3026 2476 quasi
3075 2409 3244 2478 ipsius
3268 2408 3364 2461 Do-

1835 2499 1964 2552 mini
2006 2512 2321 2567 corporeum
2358 2506 2473 2551 erat
2509 2497 2903 2552 indumentum.
2947 2497 3063 2563 Qua
3120 2500 3358 2568 quidem,

1836 2603 1957 2642 cum
1984 2597 2175 2640 natura
2200 2588 2549 2656 incorporeus
2568 2595 2730 2651 esset,
2758 2588 3042 2656 omnisque
3067 2604 3257 2644 sensus
3279 2591 3363 2643 vel

1837 2675 2132 2728 materialis
2159 2675 2474 2728 substantiae
2501 2676 2774 2738 immunis,
2808 2690 2902 2743 per
2922 2677 3071 2730 vocis
3117 2677 3358 2730 auditum

1835 2764 2050 2832 propria
2101 2765 2506 2818 conversatione
2559 2779 2770 2818 servum
2830 2780 2984 2818 suum
3017 2766 3358 2834 dignabatur.

1836 2850 2006 2920 Hujus
2032 2851 2399 2920 dispositionis
2429 2853 2542 2920 ipse
2571 2851 2829 2906 Dominus
2853 2853 3114 2906 rationem
3132 2853 3362 2908 reddens

1837 2940 2002 3010 Moysi
2024 2941 2152 2995 dicit
2175 2961 2187 2995 :
2213 2960 2231 2991 ι
2268 2940 2338 2994 Ut
2357 2941 2541 2994 audiat
2565 2957 2647 2995 me
2670 2941 2899 3010 populus
2949 2942 3256 3009 loquentem
3293 2943 3360 2994 ad

1841 3036 1918 3091 te,
1945 3036 1997 3082 et
2011 3029 2194 3082 credat
2223 3029 2316 3082 tibi
2335 3029 2388 3081 in
2423 3038 2736 3096 perpetuum
2757 3031 2798 3086 ⁸.
2830 3049 2848 3080 ι
2885 3028 2986 3082 Sed
3004 3043 3122 3082 cum
3149 3030 3358 3098 populo,

193 3134 397 3170 ποντα·
461 3116 562 3168 καὶ
622 3114 718 3182 τῆς
762 3113 1008 3180 τοιαύτης
1060 3128 1116 3163 τε
1163 3112 1464 3180 οἰκονομίας
1510 3111 1668 3173 αὐτὸς
1709 3113 1736 3164 ὁ

1836 3125 1893 3170 ut
1913 3119 2082 3187 magis
2111 3119 2395 3186 corporali,
2429 3120 2576 3173 vocis
2615 3118 2798 3172 auditu
2827 3125 3214 3182 conversatur;
3239 3134 3360 3171 cum

194 3209 395 3278 Κύριος
430 3206 530 3258 τὸν
561 3205 711 3271 λόγον
752 3202 1023 3263 ἀποδιδοὺς
1046 3201 1120 3270 τῷ
1149 3203 1363 3254 Μωῦσεῖ
1381 3217 1554 3271 φησιν·
1579 3220 1597 3251 ι
1626 3202 1738 3254 Ἵνα

194 3299 404 3372 ἀκούσῃ
451 3297 483 3348 6
515 3296 639 3357 λαὸς
682 3293 957 3355 λαλοῦντός
994 3309 1091 3361 μου
1123 3291 1255 3361 πρὸς
1298 3293 1374 3354 σὲ,
1401 3291 1492 3344 καί
1535 3309 1615 3343 σοι
1649 3309 1738 3342 πι-

196 3385 538 3438 στεύσωσιν·
571 3404 590 3435 ι
634 3383 745 3436 ἀλλ’
779 3383 866 3435 ἐπὶ
896 3382 991 3450 μὲν
1037 3382 1126 3434 τοῦ
1167 3381 1326 3444 λαοῦ,
1371 3376 1456 3433 οἷα
1504 3399 1736 3450 σωματι-

194 3475 437 3544 κωτέρου
491 3472 860 3540 τυγχάνοντος,
903 3471 968 3522 δι’
1019 3469 1271 3539 αἰσθητῆς
1327 3470 1501 3536 φωνῆς
1545 3469 1735 3538 ὁμιλεῖ,

193 3567 284 3618 ἐπὶ
316 3566 376 3618 δὲ
407 3566 526 3626 τῶν
558 3562 922 3632 πατριαρχῶν,
956 3561 1075 3614 οὔτε
1120 3561 1341 3630 νεφέλης
1385 3559 1503 3612 οὔτε
1550 3561 1736 3613 στύλου

193 3655 364 3725 πυρὸς
398 3653 698 3722 δεομένων,
734 3652 915 3721 ἔτερος
962 3651 1199 3716 ἐγίγνετο
1242 3651 1336 3719 τῆς
1381 3665 1439 3701 τε
1481 3649 1737 3711 ὀπτασίας

192 3746 282 3797 καὶ
315 3745 416 3813 τῆς
461 3741 600 3812 πρὸς
635 3741 826 3801 αὐτοὺς
870 3739 1126 3807 ὁμιλίαςό
1165 3738 1374 3808 τρόπος.
1404 3738 1508 3789 Καὶ
1548 3739 1629 3790 ὅτι
1675 3754 1736 3804 γε

190 3835 289 3886 οὐκ
335 3830 407 3902 ἦν
450 3829 713 3898 ἁγγελική
756 3845 836 3889 τις
888 3827 1105 3895 δύναμις
1155 3829 1188 3896 ὴ
1245 3825 1329 3878 διὰ
1378 3829 1473 3895 τῆς
1518 3827 1738 3896 νεφέλης

190 3920 633 3994 χρηματίζουσα,
663 3917 774 3970 ἀλλ’
802 3916 959 3976 αὐτὸς
989 3917 1015 3967 6
1041 3915 1187 3978 Θεὸς,
1215 3916 1347 3986 πρὸς
1375 3919 1481 3979 τοῖς
1506 3934 1738 3984 προαπο-

187 4012 562 4082 δεδειγμένοις
615 4006 861 4078 δηλοῦται
904 4007 994 4058 καὶ
1041 4005 1126 4058 διὰ
1167 4007 1260 4075 τῆς
1309 4005 1476 4068 οὕτως
1514 4007 1737 4077 ἐχούσης

188 4104 444 4174 Γραφῆςο
479 4119 498 4149 ι
522 4097 683 4158 Εἶπεν
713 4096 766 4147 δὲ
783 4094 977 4164 Κύριος
1007 4094 1137 4165 πρὸς
1155 4095 1403 4164 Μωῦσῆν·
1435 4095 1618 4158 Βάδιζε
1646 4097 1738 4147 καὶ

187 4195 464 4263 ῥδήγησον
496 4189 586 4240 τὸν
616 4186 740 4237 λαὸν
781 4186 856 4246 εἰς
883 4183 972 4235 τὸν
1002 4183 1160 4234 τόπον
1181 4183 1236 4233 ὃν
1265 4182 1455 4252 είρηκά
1485 4199 1592 4234 σοι⁹
1632 4182 1736 4234 ἰδοὺ

187 4286 215 4334 6
243 4281 485 4349 ἄγγελός
518 4294 616 4346 μου
667 4271 1086 4344 προπορεύσεται
1121 4271 1223 4340 πρὸ
1252 4270 1533 4340 προσώπου
1568 4288 1678 4324 σου.
1712 4289 1731 4322 ι

188 4374 298 4425 Καὶ
325 4371 530 4424 πάλιν·
570 4385 586 4415 ι
623 4365 729 4418 Καὶ
755 4359 872 4416 εἷπε
907 4362 1102 4432 Κύριος
1145 4362 1278 4430 πρὸς
1314 4361 1580 4430 Μωῦσῆνο
1633 4363 1735 4413 Πο-

190 4460 351 4529 ρεύου
381 4456 484 4510 καὶ
531 4452 754 4522 ἀνάϐηθι
786 4429 1046 4512 ἐντεῦθεν,
1075 4450 1136 4502 σὺ
1165 4429 1255 4502 καὶ
1280 4452 1307 4502 6
1333 4451 1472 4513 λαὸς,
1549 4451 1640 4502 καὶ
1667 4450 1733 4502 τὰ
1765 4429 1806 4482 Ῑ)

189 4549 343 4618 ἑξῆς
383 4547 485 4600 καὶ
521 4539 888 4594 συναποστελῶ
912 4538 1016 4616 πρὸ
1045 4538 1323 4606 προσώπου
1352 4556 1442 4590 σου
1465 4540 1552 4590 τὸν
1575 4540 1734 4606 ἄγγε-

188 4639 278 4690 λόν
321 4653 452 4706 μου,
505 4632 686 4685 Ταῦτα
729 4628 834 4698 γὰρ
879 4627 1087 4695 ἀγγέλῳ
1125 4627 1222 4695 μὲν
1267 4627 1508 4697 οὐδαμῶς
1561 4628 1733 4696 λέγειν

189 4727 481 4795 ἁρμόττει,
505 4720 623 4789 Θεῷ
647 4720 700 4771 δὲ
734 4718 892 4788 μόνῳ,
926 4717 1018 4768 καὶ
1054 4716 1128 4784 τῷ
1160 4716 1274 4768 καθ’
1300 4716 1422 4786 ὃλην
1454 4717 1548 4787 τὴν
1599 4720 1735 4770 ἱστο-

192 4816 313 4884 ρίαν
354 4813 448 4865 διὰ
476 4810 570 4862 τοῦ
601 4807 1014 4875 τετραγράμμου
1048 4805 1346 4874 δηλουμένῳ
1375 4807 1578 4874 Κυρίῳ.
1605 4806 1728 4877 ’Ἆρ’

191 4901 283 4958 οὖν
306 4908 335 4957 6
368 4903 482 4954 τῶν
511 4900 646 4952 ὅλων
695 4895 916 4965 ποιητὴς
956 4895 1046 4946 καὶ
1075 4894 1200 4953 Θεὸς
1230 4894 1335 4946 τῶν
1381 4895 1626 4948 ἁπάντων
1654 4899 1731 4958 εἰς

189 4993 449 5045 τοσοῦτον
484 4988 692 5058 κατῄει,
721 4985 794 5045 ώς
835 4983 924 5033 ἐπὶ
961 4982 1262 5050 σωματικοῦ
1286 4982 1439 5051 ὄρους
1477 4983 1728 5051 ὀχεῖσθαι,

192 5085 287 5140 καὶ
320 5075 676 5144 παιδαγωγού
718 5073 867 5140 δίκην
902 5071 1236 5138 συμϐαδίζειν
1274 5072 1569 5142 ἀνθρώποις
1594 5077 1621 5125 6
1642 5075 1730 5127 τὸν

188 5173 422 5242 οὐρανδν
478 5167 574 5219 καὶ
617 5163 713 5232 τὴν
743 5161 846 5228 γῆν
901 5159 1147 5228 πληρῶν;
1192 5161 1224 5229 ἢ
1272 5161 1422 5214 τοῦτο
1474 5163 1568 5231 μὲν
1613 5163 1729 5216 οὕτε

191 5260 434 5321 δυνατὸν,
468 5255 582 5308 οὐθ’
619 5253 760 5304 ὅσιον
786 5252 997 5309 ἐννοεῖν,
1025 5251 1392 5322 εὐσεϐέστερον
1414 5253 1468 5303 δὲ
1494 5253 1604 5320 ἅμα
1640 5255 1730 5305 καὶ

187 5351 414 5402 δυνατὸν
442 5347 536 5399 τὸν
559 5345 700 5394 θεῖον
727 5339 890 5390 ὐπολα
899 5339 1060 5408 μϐανε
1070 5358 1114 5390 ιν
1141 5342 1324 5407 Λόγον,
1349 5343 1584 5394 διάκονον
1607 5343 1730 5396 ὄντα

190 5441 281 5494 τοῦ
298 5433 578 5506 πατρικοῦ
594 5433 944 5501 βουλήματος,
959 5430 1178 5483 ἐπείπερ
1195 5431 1354 5482 αὐτοῦ
1371 5432 1568 5500 Κυρίου
1583 5433 1729 5497 ὄντος

252 5613 300 5642 ’θ
338 5611 458 5664 Act.
499 5624 612 5663 vn,
650 5606 736 5656 5").

196 5681 216 5710 ‘
253 5680 423 5734 Exod.
464 5689 628 5729 χχχιι
653 5711 667 5734 ,
703 5672 787 5723 3-3.
861 5673 879 5700 ⁶
917 5669 1076 5724 Exod.
1117 5669 1318 5736 xxxiii,
1355 5675 1402 5726 1.

810 5605 852 5634 θ’
893 5602 1051 5654 Exod.
1084 5621 1189 5660 τιν.
1231 5605 1314 5670 19.
1359 5606 1446 5660 ‘20.
1526 5608 1540 5636 ¹
1582 5607 1742 5662 Exod.
1783 5625 1901 5670 XIX,
1941 5609 1992 5662 9.

861 5673 879 5700 ⁶
917 5669 1076 5724 Exod.
1117 5689 1318 5733 xxxiii,
1355 5675 1402 5726 1.
1477 5675 1496 5706 '
1539 5675 1686 5732 Deut.
1725 5693 1899 5732 x-xxu.
1933 5680 1964 5733 9

1836 3207 2177 3278 patriarcbis,
2204 3208 2400 3276 quibus
2418 3223 2592 3274 neque
2611 3207 2751 3260 nube
2779 3222 2952 3275 neque
2981 3208 3120 3275 ignis
3151 3208 3362 3260 colum-

1836 3309 1905 3348 na
1933 3308 2068 3363 opus
2093 3303 2228 3358 erat,
2250 3295 2388 3348 alius
2424 3294 2578 3348 ﬁebat
2607 3294 2829 3348 visionis
2855 3303 2905 3348 et
2930 3295 3361 3348 conversationis

1835 3381 2044 3435 modus.
2083 3380 2235 3445 Quod
2274 3396 2400 3434 vero
2427 3395 2533 3433 non
2572 3381 2805 3448 angelica
2850 3380 3093 3448 quaedam
3124 3388 3361 3449 potestas

1836 3487 1951 3541 quae
1973 3487 2066 3540 per
2086 3473 2278 3526 nubem
2306 3471 2761 3534 manifestabatur,
2785 3471 2877 3525 sed
2903 3471 3013 3539 ipse
3037 3471 3197 3533 Deus,
3223 3487 3360 3539 pra:-

1835 3569 1918 3614 ter
1941 3575 2003 3615 ea
2035 3575 2153 3629 quae
2175 3561 2285 3630 jam
2318 3561 2677 3616 demonstrata
2709 3567 2834 3614 sunt
2859 3561 2958 3613 hoc
2990 3562 3149 3613 etiam
3180 3571 3361 3614 osten-

1836 3652 1980 3706 ditur
2009 3651 2300 3721 Scripturze
2338 3651 2454 3705 loco
2485 3670 2496 3704 :
2533 3667 2549 3700 ι
2594 3650 2736 3703 Dixit
2769 3660 2945 3704 autem
2995 3649 3252 3703 Dominus
3291 3651 3357 3703 ad

1837 3737 2064 3808 Moysem
2101 3759 2113 3793 ε
2146 3737 2291 3792 Vade
2314 3745 2366 3793 et
2397 3737 2501 3790 duc
2531 3737 2784 3806 pepulum
2808 3737 2970 3792 istum
3001 3750 3109 3805 quo
3137 3737 3351 3790 locutus

1836 3843 1952 3883 sum
1983 3828 2079 3881 tibi
2105 3829 2147 3882 '.
2187 3827 2323 3881 Ecce
2352 3827 2569 3896 angelus
2600 3841 2750 3880 meus
2801 3824 3061 3893 praecedet
3117 3833 3186 3879 te.
3229 3843 3248 3875 ι
3292 3823 3360 3876 Ει

1837 3933 2066 3973 rursus:
2098 3935 2116 3967 ι
2173 3916 2238 3970 Et
2287 3917 2420 3970 dixit
2473 3915 2727 3970 Dominus
2779 3915 2844 3969 ad
2891 3911 3360 3984 Moysem:Vade.

1836 4006 2060 4062 ascende
2107 4006 2172 4060 de
2213 4007 2332 4060 loco
2376 4007 2481 4060 isto
2531 4012 2610 4068 tu,
2654 4017 2706 4058 et
2742 4004 2969 4073 populus
3002 4012 3126 4057 tuus
3155 4003 3196 4066 ‘,
3251 4021 3270 4054 ι
3309 4012 3364 4055 et

1836 4106 2053 4162 caetera;
2074 4116 2092 4147 ‹
2120 4105 2173 4151 et
2186 4098 2388 4150 mittam
2409 4110 2789 4165 praecursorem
2813 4095 2888 4148 tui
2911 4093 3176 4163 angelum.
3197 4112 3217 4144 ι
3238 4091 3362 4146 Haec

1836 4187 1977 4241 enim
2001 4186 2244 4254 angelum
2277 4199 2610 4258 nequaquam
2639 4185 2817 4239 dicere
2837 4183 3006 4246 decet,
3036 4181 3201 4237 Deum
3223 4197 3352 4237 vero

1835 4276 2028 4337 solum,
2059 4274 2446 4344 Dominumque
2472 4275 2563 4343 qui
2607 4275 2660 4327 in
2693 4282 2805 4328 tota
2853 4273 3163 4326 narratione
3193 4279 3361 4326 tetra-

1836 4371 2134 4434 grammato
2161 4364 2491 4432 designatur.
2519 4362 2787 4432 Numquid
2811 4363 2973 4432 igitur
2986 4361 3360 4416 universarum

1833 4469 2010 4509 rerum
2041 4461 2248 4517 auctor,
2271 4451 2518 4522 Deusque
2548 4452 2784 4506 omnium
2817 4451 2882 4506 ad
2912 4450 2964 4503 id
2995 4450 3270 4506 descendit
3303 4455 3363 4501 ut

1836 4559 1997 4612 super
2049 4543 2376 4598 materialem
2425 4542 2634 4597 veniret
2679 4548 2944 4604 montem,
2992 4550 3044 4595 et
3089 4540 3359 4609 paedagogi

1835 4636 2008 4688 instar
2061 4650 2181 4688 cum
2233 4634 2542 4689 hominibus
2576 4633 2896 4697 ambularet,
2925 4631 3018 4698 qui
3068 4631 3259 4684 caelum
3305 4637 3360 4682 et
3427 4652 3432 4658 -

1833 4734 2028 4780 terram
2061 4724 2278 4792 implet?
2304 4723 2491 4778 Nonne
2519 4723 2649 4776 illud
2701 4735 2874 4790 neque
2920 4719 3228 4780 verisimile,
3258 4733 3355 4772 ne-

1833 4831 1934 4883 que
1963 4821 2207 4868 sanctum
2239 4813 2565 4876 existimare,
2597 4811 2896 4880 religiosius
2933 4823 3062 4862 vero
3089 4816 3142 4861 et
3173 4810 3358 4876 proba-

1831 4901 1993 4954 bilius
2046 4901 2284 4967 cogitare
2333 4899 2597 4967 expletum
2630 4899 2728 4950 hoc
2757 4912 2954 4950 munus
2989 4911 3018 4947 a
3068 4895 3244 4950 Verbo
3275 4897 3357 4950 di-

1833 4989 1998 5052 vino,
2054 4994 2286 5054 paterna
2341 4986 2629 5038 voluntatis
2689 4986 2974 5045 ministro,
3027 4983 3357 5054 Dominoque

1833 5079 1968 5147 ipso,
2001 5076 2090 5141 qui
2122 5083 2175 5130 et
2207 5094 2225 5125 ι
2265 5074 2439 5129 factus
2465 5083 2548 5129 est
2574 5089 2698 5143 pars
2729 5073 2913 5132 Jacob.
2943 5072 3216 5130 funiculus
3240 5075 3347 5130 hae-

1834 5166 2073 5221 reditatis
2117 5166 2234 5234 ejus
2267 5165 2430 5219 lsracl
2461 5165 2510 5228 7;
2569 5183 2588 5215 ι
2641 5165 2804 5227 hunc,
2849 5148 3092 5230 inquam,
3139 5178 3199 5218 ea
3255 5180 3354 5234 pro

1832 5265 1980 5326 parte
2012 5264 2168 5323 atque
2193 5255 2495 5310 hereditate
2521 5253 2841 5320 suscepisse,
2874 5259 2924 5305 et
2957 5268 3015 5306 se
3050 5254 3224 5321 ipsum
3255 5271 3352 5308 ex-

1832 5345 2172 5406 inanieutem,
2191 5341 2737 5408 consubstantialique
2766 5339 3131 5408 magnitudine
3164 5350 3347 5404 exuta,

1831 5433 2102 5488 hominum
2149 5435 2324 5500 saluti,
2373 5434 2532 5487 etiam
2562 5441 2686 5486 ante
2714 5429 3132 5484 incarnationem
3167 5439 3361 5487 contu-

2067 5613 2086 5641 ί
2125 5610 2287 5666 Exod.
2330 5627 2444 5676 xm,
2477 5612 2564 5666 21.
2640 5609 2659 5641 ³
2698 5606 2868 5664 Exod.
2903 5606 3086 5675 xlx,9.
3164 5605 3187 5638 ⁸
3223 5603 3356 5658 ibid.
