3926 6366
177 400 310 454 1057

1192 396 1476 454 ECLOGA:
1515 363 1981 482 pnoenerteaa.
2021 424 2084 432 —
2124 392 2246 446 ιλιι.
2282 391 2318 444 l.

3179 396 3314 450 1058

175 536 276 570 των
306 521 404 572 οὐκ
431 521 584 575 ἄλλον
606 523 720 576 ἀλλ’
745 523 902 576 αὐτὸν
936 521 1125 593 δηλοῦν
1163 521 1251 572 τὸν
1279 519 1478 590 Ἰησοῦν
1496 534 1509 548 ο
1545 517 1691 579 αὐτὸς

1801 517 2074 572 missionis
2122 526 2353 581 terram,
2409 517 2545 570 sicut
2595 520 2880 573 ostendunt
2935 519 2999 575 ad
3051 534 3172 574 eum
3221 518 3314 573 Dei

171 609 272 679 γὰρ
303 611 593 680 εἰσήγαγεν
617 619 704 666 τον
729 614 852 666 λαὸν
881 616 956 675 εἰς
987 613 1082 682 τὴν
1105 613 1206 680 γῆν
1228 612 1324 680 τῆς
1352 609 1692 676 ἐπαγγελίας,

170 696 240 758 ὡς
269 699 361 750 καί
392 701 448 751 αί
477 702 614 774 πρὸς
649 701 805 755 αὐτὸν
830 700 1073 770 δηλοῦσιν
1115 699 1208 752 τοῦ
1243 698 1374 752 Θεοῦ
1403 699 1572 766 φωναὶ
1608 696 1693 747 λέ-

167 803 364 854 γοντος·
404 808 424 840 ι
456 793 634 860 Ἰσχυε
658 793 750 845 καὶ
777 791 1046 860 ἀνδρίζου·
1079 791 1140 842 σὺ
1171 789 1276 859 γὰρ
1305 786 1695 847 ἀποδιαστελείς

168 879 240 947 τῷ
273 880 386 949 λαῷ
433 883 606 952 τούτῳ
649 885 745 953 τὴν
789 884 907 951 γῆν,
949 882 1014 951 ἣν
1057 880 1240 950 ὤμοσα
1283 881 1393 940 τοῖς
1430 875 1694 946 πατράσιν

167 968 312 1036 ὑμῶν
341 972 470 1039 περὶ
494 971 676 1024 αὑτοῦ.
710 990 726 1017 ι
757 973 896 1041 Ἀρα
917 970 1353 1040 προδιατάσσεται
1373 967 1446 1036 τῷ
1470 967 1580 1036 λαῷ
1606 967 1692 1018 λέ-

165 1072 287 1122 γων·
331 1075 349 1106 ι
379 1059 620 1130 Πρόσεχε
660 1059 839 1129 αύτῷ,
887 1061 979 1112 καί⁸
1024 1058 1327 1110 εἰσάκουσον
1379 1056 1569 1109 αὐτοῦ’
1621 1056 1692 1126 μὴ

162 1145 371 1198 ἀπείθει
407 1148 468 1199 ἐν
497 1149 658 1218 αὐτῷ.
695 1168 713 1199 ι
767 1150 839 1200 Οὐ
880 1148 959 1200 δεῖ
997 1148 1052 1199 δὲ
1081 1146 1370 1216 θαυμάζειν
1396 1149 1442 1198 εἰ
1472 1145 1694 1212 ἄγγελον

161 1233 314 1285 αὐτὸν
338 1236 708 1306 ἐπωνόμασεν,
737 1237 853 1288 ἐπεὶ
875 1236 967 1288 καὶ
995 1235 1236 1303 Ἰωάννην
1253 1232 1424 1301 τούτῳ
1447 1232 1598 1284 καλεῖ
1617 1231 1694 1299 τῷ

162 1323 510 1392 προσρήματι
537 1327 569 1393 ἡ
601 1325 875 1392 φάσκουσα
904 1323 1214 1395 προφητεία·
1250 1340 1268 1372 ι
1291 1322 1414 1374 Ἰδοὺ
1436 1321 1542 1388 ἐγὼ
1564 1323 1692 1374 ἀπο-

167 1410 367 1463 στέλλω
408 1412 506 1464 τὸν
543 1413 764 1480 ἄγγελόν
803 1430 901 1482 μου
925 1413 1027 1482 πρὸ
1054 1410 1338 1483 προσώπου
1366 1429 1475 1476 σου,
1501 1412 1557 1473 ὃς
1595 1430 1691 1464 κα-

159 1503 486 1555 τασκευάσει
516 1503 613 1572 τὴν
639 1504 753 1556 ὁδόν
783 1519 882 1572 μου
903 1502 1200 1572 ἔμπροσθέν
1223 1518 1335 1555 σου.
1365 1520 1383 1552 ι
1419 1502 1480 1554 Εἰ
1499 1501 1540 1552 δ’
1561 1501 1692 1564 ὅλως

159 1592 231 1651 εἰς
260 1591 469 1660 Ἰησοῦν
506 1591 818 1662 ἀναφέροιτο
862 1591 954 1644 τὸν
993 1589 1082 1644 τοῦ
1129 1591 1280 1659 Ναυῆ
1331 1589 1399 1642 τὰ
1437 1606 1690 1660 προεκτε-

160 1679 340 1745 θέντα,
373 1681 478 1750 ὅρα
503 1682 618 1743 πῶς
641 1682 762 1751 περὶ
791 1680 948 1733 αὑτοῦ
974 1696 1130 1749 φησιν
1149 1682 1177 1733 ὁ
1203 1679 1417 1749 Κύριος·
1453 1698 1471 1728 ι
1496 1679 1567 1730 Τὸ
1588 1677 1693 1746 γὰρ

159 1769 323 1837 δνομά
372 1786 479 1838 μου
527 1770 868 1838 ἐπικέκληται
914 1770 997 1820 ἐπ’
1037 1767 1198 1837 αὐτῷ.
1232 1786 1249 1818 ι
1302 1769 1456 1821 Ποῖον
1495 1768 1549 1819 δὲ
1587 1768 1691 1838 ἄρα

1798 609 1958 661 verba
1988 607 2211 663 dicentis
2243 628 2254 662 :
2285 628 2302 659 ι
2355 607 2669 662 Confortare
2701 618 2750 662 et
2781 620 2893 664 esto
2919 614 3172 666 robustus
3210 630 3222 664 :
3257 618 3315 663 tu

1796 698 1939 750 enim
1994 705 2136 752 sorte
2167 697 2372 752 divides
2417 699 2614 768 populo
2664 698 2787 752 huic
2831 711 3046 764 terram,
3081 717 3179 770 pro
3208 715 3314 770 qua

1793 784 1967 853 juravi
2001 784 2240 853 patribus
2280 785 2407 850 tuis,
2440 793 2498 838 ut
2538 786 2800 840 traderem
2833 802 2949 840 eam
2992 789 3117 844 illis.
3157 807 3176 840 ι
3211 788 3315 842 Ρο-

1797 874 1922 942 pulo
1953 873 2112 942 igitur
2132 875 2367 942 praecipit
2395 875 2579 929 dicens
2603 894 2616 928 :
2654 894 2672 924 ‹
2704 874 2936 930 Observa
2964 893 3083 930 eum
3111 887 3164 932 et
3185 879 3314 932 audi

1797 978 1979 1017 vocem
2031 963 2167 1031 ejus,
2221 978 2319 1017 nec
2359 965 2801 1018 contemnendum
2849 975 2999 1033 putes
3029 968 3091 1019 ’⁷.
3126 986 3143 1018 ι
3193 967 3312 1020 Non

1797 1060 1970 1106 autem
2000 1052 2298 1105 mirandum
2322 1061 2404 1107 est
2423 1053 2468 1107 si
2505 1056 2748 1122 angelum
2779 1071 2898 1108 eum
2935 1056 3310 1121 nominaverit,

1796 1157 1917 1195 cum
1949 1141 2204 1197 Joannem
2257 1143 2358 1197 hac
2402 1145 2829 1199 denominatione
2855 1154 3006 1200 vocet
3036 1148 3314 1214 prophetia

1797 1230 1881 1285 his
1909 1232 2085 1286 verbis
2118 1251 2130 1285 :
2169 1249 2188 1282 ι
2221 1232 2357 1287 Ecce
2385 1249 2482 1303 ego
2510 1235 2663 1287 mitto
2697 1237 2941 1303 angelum
2991 1252 3164 1290 meum
3190 1246 3315 1291 ante

1795 1319 1987 1374 faciem
2038 1330 2203 1386 tuam,
2256 1324 2347 1392 qui
2396 1325 2714 1392 praeparabit
2775 1326 2915 1377 viam
2963 1341 3136 1380 meam
3191 1337 3316 1382 ante

1795 1417 1848 1462 te
1881 1409 1942 1462 ¹⁸.
1984 1428 2001 1460 ι
2034 1409 2186 1474 Quod
2219 1411 2262 1463 si
2313 1411 2469 1479 plane
2497 1410 2561 1463 ad
2588 1410 2749 1465 Josue
2779 1411 2940 1463 tilium
2972 1411 3090 1465 Nun
3125 1415 3316 1483 prazci-

1795 1507 1903 1551 tata
1952 1505 2216 1565 spectant,
2273 1500 2612 1567 perspicuum
2665 1507 2748 1552 est
2793 1514 2891 1551 cur
2933 1499 2997 1552 de
3028 1515 3092 1554 eo
3121 1500 3319 1555 dixerit

1796 1586 2049 1642 Dominus
2081 1605 2095 1641 :
2134 1606 2152 1637 ‹
2189 1586 2254 1639 Ει
2281 1597 2363 1642 est
2393 1603 2584 1642 nomen
2611 1603 2784 1641 meum
2811 1587 2862 1640 in
2895 1588 3060 1640 illo".
3100 1607 3119 1640 ι
3150 1588 3345 1665 Quale.

1797 1677 1958 1747 igitur
1988 1677 2117 1731 illud
2143 1693 2336 1732 nomen
2369 1687 2450 1732 est
2472 1678 2575 1732 nisi
2598 1676 2782 1740 Josue,
2807 1677 2950 1745 quod
2977 1678 3114 1732 idem
3142 1686 3225 1732 est
3256 1694 3318 1733 ac
3360 1709 3372 1737 ν,

1794 1764 1955 1820 Jesu?
1980 1763 2113 1820 Huic
2135 1766 2276 1819 enim
2312 1765 2474 1820 Josue
2512 1781 2616 1818 non
2651 1766 2923 1833 proprium
2957 1780 3148 1818 nomen
3180 1775 3315 1831 erat,

160 1859 321 1926 ὄνομα
354 1859 388 1928 ἢ
425 1859 561 1911 αὐτὸ
601 1860 658 1910 τὸ
684 1858 906 1927 Ἰησοῦς;
947 1858 1048 1910 Τοῦ
1085 1859 1178 1927 μὲν
1221 1857 1327 1928 γὰρ
1375 1857 1688 1926 φαινομένου

1793 1855 1941 1924 prius
1965 1855 2099 1910 Osee
2121 1863 2328 1910 vocato.
2345 1855 2556 1911 Primus
2583 1871 2703 1908 eum
2731 1854 2937 1924 Moyses
2959 1869 2986 1906 a
3018 1856 3124 1908 Deo
3152 1857 3318 1925 inspi-

163 1946 272 1996 τότε
295 1944 494 2014 ἀνδρὸς
516 1947 615 1997 οὐκ
632 1941 696 2013 ἦν
720 1945 842 1997 ἴδιον
860 1945 919 1998 τὸ
947 1946 1144 2015 Ἰησοῦς
1173 1947 1336 2016 ὄνομα
1355 1964 1367 1976 ο
1391 1947 1567 2015 Δὺσὴς
1587 1947 1691 2016 γὰρ

162 2032 397 2085 ἐκαλεῖτο
416 2033 481 2085 τὺ
517 2034 771 2106 πρότερον
787 2051 799 2063 ο
829 2034 1033 2104 πρῶτος
1057 2034 1110 2085 δὲ
1142 2034 1300 2086 αὐτὸν
1323 2035 1555 2103 Μωῦσῆς
1578 2035 1692 2088 θεο-

165 2121 487 2190 φορούμενος
515 2121 718 2190 Ἰησοῦν
758 2121 1104 2190 ἀναγορεύει,
1145 2122 1406 2192 πνεύματι
1437 2113 1590 2192 δῆλον
1614 2124 1692 2174 ὅτι

165 2210 407 2279 θειοτέρῳ
434 2211 767 2279 κινούμενος·
799 2213 870 2274 ὼς
895 2213 959 2264 ἂν
989 2213 1016 2262 ό
1042 2213 1278 2282 χρησμὸς
1303 2215 1331 2264 ό
1360 2214 1550 2281 φήσας·
1580 2231 1597 2262 ι
1623 2213 1694 2264 Τὸ

164 2302 262 2372 γὰρ
306 2302 479 2371 ὄνομά
529 2319 631 2371 μου
679 2303 821 2354 ἐστὶν
867 2303 948 2353 ἐπ’
989 2302 1152 2370 αὐτῷ,
1183 2321 1201 2352 ›
1254 2302 1554 2373 πληρωθείη
1599 2301 1692 2353 τοῦ

165 2392 584 2461 χρηματίζοντος
612 2392 811 2459 Κυρίου
833 2430 846 2452 ,
877 2391 932 2442 ὃν
965 2390 1214 2454 πολλάκις
1247 2391 1593 2460 ἀπεδείξαμεν
1622 2388 1695 2443 εἷ-

1795 1953 1944 2000 ratus
1968 1947 2252 2015 appellavit
2273 1945 2470 2012 Josue;
2509 1944 2694 2014 procul
2729 1945 2890 1997 dubio
2920 1955 3002 1998 est
3032 1945 3206 2014 ipsum
3232 1947 3317 1998 di-

1796 2037 1921 2090 vino
1975 2044 2104 2090 tunc
2157 2034 2356 2104 Spiritu
2404 2035 2615 2104 agitari,
2657 2042 2715 2087 ut
2762 2035 3107 2103 implerentur
3159 2035 3318 2088 verba

1796 2125 1939 2179 haec:
1972 2142 1990 2175 ι
2018 2125 2082 2177 Ει
2103 2133 2185 2179 est
2208 2140 2400 2178 nomen
2432 2139 2606 2178 meum
2641 2125 2694 2177 in
2722 2124 2832 2189 illo,
2873 2143 2892 2176 ι
2921 2123 3318 2178 manilestantis

1797 2232 1854 2271 se
1907 2216 2138 2280 Domini,
2197 2231 2353 2285 quem
2413 2216 2607 2284 sapius
2660 2216 3148 2270 demonstravimus
3198 2229 3318 2269 esse

1797 2306 2169 2376 praeexsistens
2193 2305 2282 2360 Dei
2302 2304 2554 2369 Verbum,
2575 2303 2731 2360 Jesus
2758 2304 2959 2374 (Josue)
2983 2314 3099 2358 erat
3125 2320 3318 2358 nomen

1796 2395 1936 2462 quod
1962 2393 2097 2448 Osee
2121 2393 2328 2464 Moyses
2352 2395 2625 2463 imposuit,
2649 2402 2706 2447 ut
2727 2394 2904 2448 divina
2931 2402 3159 2449 testatur
3181 2381 3339 2447 δαί-⁸

167 2499 242 2533 ναι
277 2482 364 2534 τὸν
409 2481 652 2550 προόντα
692 2480 782 2532 τοῦ
816 2481 945 2532 Θεοῦ
978 2482 1144 2547 Λόγον
1164 2521 1178 2544 ,
1211 2482 1410 2551 Ἰησοῦς
1436 2479 1500 2552 ἦν
1529 2481 1691 2551 ὄνομα

1795 2490 1951 2550 ptura
1991 2483 2056 2546 '°,
2107 2483 2488 2537 sollicitissime
2541 2481 2968 2536 an‘imadvertens
3019 2483 3160 2551 quod
3212 2499 3318 2535 non

166 2571 287 2640 ὅπερ
313 2571 389 2639 τῷ
416 2571 576 2639 Αὑσῆ
603 2571 834 2639 Μωῦσῆς
865 2569 1292 2633 ἐπιτέθεικεν,ὼς
1315 2573 1347 2640 ἡ
1373 2570 1485 2622 θεία
1512 2572 1693 2640 Γραφὴ

171 2661 437 2729 μαρτυρεῖ,
469 2657 682 2727 σφόδρα
711 2657 1170 2726 ἀπηκριϐωμένως
1197 2659 1492 2727 τηρήσασα,
1517 2659 1595 2710 ὅτι
1619 2657 1694 2728 μὴ

115 2805 124 2816 _
169 2746 336 2798 ἀλλοτε
362 2747 394 2815 ἦ
423 2745 656 2814 ἄγγελον
703 2746 862 2798 αὐτὸν
894 2745 1191 2808 ἀκολούθως
1226 2746 1302 2815 τῷ
1339 2746 1568 2817 χρησμῷ
1597 2749 1693 2816 τὴν

170 2835 257 2904 γῆν
281 2835 374 2903 τῆς
405 2833 741 2902 ἐπαγγελίας
764 2834 865 2904 πρὸ
887 2832 1168 2904 προσώπου
1197 2833 1287 2886 τοῦ
1316 2835 1441 2887 λαοῦ
1464 2853 1691 2906 προσκε-

169 2922 378 2991 ψάμενον
413 2924 744 2993 ἐξέπεμπεν,
788 2923 954 2993 τούτῳ
994 2923 1252 2994 κέκληκεν
1283 2925 1441 2979 αὑτὸν
1469 2925 1543 2995 τῷ
1577 2926 1691 2978 ὀνό-

173 3030 305 3082 ματι.
336 3014 546 3066 Οὐκοῦν
579 3013 668 3066 διά
693 3013 892 3066 τούτων
915 3015 1005 3066 καὶ
1032 3013 1126 3084 τὴν
1149 3014 1239 3066 τοῦ
1272 3015 1514 3084 Σωτῆρος
1541 3015 1693 3085 ήμῶν

179 3106 332 3175 Ἰησοῦ
351 3106 720 3176 προσηγορίαν
734 3106 964 3176 Μωῦσῆς
975 3105 1212 3173 φαίνεται
1230 3106 1407 3173 σαφῶς
1427 3105 1690 3174 ἐγνωκώς·

171 3195 339 3269 ὥσπερ
361 3198 417 3249 δὲ
440 3198 504 3249 τὸ
535 3195 710 3265 Ἰησοῦ
731 3196 895 3265 ὄνομα
919 3195 1062 3266 παρὰ
1096 3193 1288 3265 πρώτῳ
1313 3195 1455 3264 αύτῷ
1475 3195 1694 3265 εὓρηται

169 3287 293 3339 κατὰ
317 3290 438 3350 τοὺς
470 3285 891 3356 ἐξεταζομένους
923 3285 1115 3348 τόπους
1135 3323 1150 3348 ,
1179 3284 1319 3338 οὕτω
1349 3286 1441 3337 καὶ
1467 3284 1694 3354 Χριστὸν

169 3378 360 3446 πρῶτος
382 3380 546 3442 αὐτὸς
578 3379 941 3448 ἀναγορεύσας
971 3377 1211 3445 φαίνεται
1230 3417 1245 3442 ,
1280 3376 1384 3446 πρὸ
1407 3375 1513 3428 τῶν
1535 3375 1694 3428 αὑτοῦ

165 3471 351 3538 χρόνων
374 3471 436 3534 ἐξ
461 3469 658 3530 αἰῶνος
686 3468 906 3538 μηδενὸς
941 3467 1158 3536 μηδέπω
1191 3467 1316 3519 ποτὲ
1360 3468 1492 3537 μήτε
1524 3465 1693 3538 Ἰησοῦ

170 3562 290 3628 μήτε
331 3558 574 3631 Χριστοῦ
620 3558 771 3628 παρά
816 3574 951 3610 τισιν
1007 3557 1538 3627 προσαγορευθέντος.
1590 3559 1695 3610 Καὶ⁴

161 3649 394 3714 φαίνεταί
441 3667 508 3718 γε
555 3648 721 3718 ἐνθέῳ
753 3647 989 3717 λογισμῷ
1037 3647 1132 3709 τάς
1167 3647 1490 3717 δηλουμένας
1533 3665 1695 3718 προσ-

162 3740 372 3807 ηγορίας
421 3740 698 3807 τιμήσαςο
744 3737 859 3788 δυσί¹
910 3736 1034 3803 γοῦν
1077 3739 1186 3799 τοῖς
1221 3737 1369 3806 παρὰ
1409 3738 1581 3790 πάντα
1605 3737 1694 3789 τὸν

156 3827 270 3880 λαὸν
306 3829 670 3898 ἐξοχωτάτοις
707 3827 927 3898 ἀνδράσι
955 3828 1045 3879 καὶ
1077 3829 1221 3898 παρὰ
1243 3827 1358 3898 Θεῷ
1376 3829 1694 3899 διαπρέπου-

160 3934 233 3970 σιν
277 3920 488 3990 ἑτέροις
533 3935 594 3971 τε
644 3917 788 3980 ἰδίοις
828 3918 1046 3988 ὀνόμασι
1087 3919 1435 3989 κεχρημένοις
1468 3917 1566 3981 τὰς
1603 3917 1694 3971 δύο

151 4006 342 4070 ταύτας
374 4007 705 4077 ἐπιφημίζει
735 4006 1090 4076 προσηγορίας
1109 4045 1123 4067 ,
1151 4006 1228 4075 τῷ
1252 4023 1309 4058 τε
1328 4006 1460 4075 ’ἰδίῳ
1485 4004 1693 4074 ἀδελφῷ

151 4095 222 4163 τῷ
246 4098 478 4166 Ἀαρὼν,
509 4097 603 4148 καὶ
632 4095 710 4164 τῷ
733 4096 824 4148 τοῦ
852 4096 1003 4166 Ναυῆ
1027 4096 1123 4165 υίῷ
1140 4137 1157 4162 ,
1190 4095 1479 4166 Αὐση[οὺ]ς
1506 4096 1694 4167 πρότε-

152 4201 235 4252 ρον
257 4182 768 4254 όνομαξομένου[ς],
799 4183 944 4254 παρά
970 4184 1141 4236 πάντα
1167 4185 1256 4238 τὸν
1278 4185 1400 4238 λαὸν
1425 4185 1557 4238 Θεοῦ
1577 4185 1694 4238 νεύ-

152 4288 271 4337 ματι
311 4275 590 4342 ἄρχοντας
638 4270 729 4323 τοῦ
776 4272 972 4334 παντὸς
1004 4272 1183 4336 ἔθνους
1224 4276 1693 4346 προχειρισάμενος

148 4362 259 4422 ταῖς
307 4361 403 4414 τοῦ
455 4361 710 4430 Σωτῆρος
758 4359 910 4429 ἡμῶν
959 4360 1125 4428 Ἰησοῦ
1173 4361 1401 4432 Χριστοῦ
1453 4362 1692 4428 ἐδόξασεν

1797 2572 1928 2626 alias
1971 2571 2076 2627 nisi
2119 2587 2239 2626 cum
2293 2573 2537 2641 angelum
2576 2588 2718 2636 eum,
2767 2574 3064 2627 secundum
3111 2575 3318 2638 oraculi

1796 2662 1980 2724 verba,
2031 2661 2407 2730 promissionis
2465 2669 2664 2716 terram
2717 2671 2839 2716 ante
2887 2663 3075 2717 faciem
3134 2663 3318 2733 populi

1795 2759 2198 2818 prospecturum
2227 2750 2486 2814 emiserit,
2540 2751 2641 2804 hoc
2684 2752 2892 2804 vocavit
2922 2767 3043 2806 eum
3078 2753 3316 2808 nomine.

1794 2839 1864 2893 lis
1892 2839 2053 2908 igitur
2079 2846 2290 2893 constat
2316 2845 2369 2894 et
2394 2837 2688 2894 Salvatoris
2710 2842 2880 2894 nostri
2915 2839 3041 2895 Jesu
3071 2841 3340 2896 denomi-'

1795 2930 2064 2983 nationem
2093 2929 2258 2999 Moysi
2288 2939 2469 2998 aperte
2509 2930 2774 2999 cognitam
2812 2929 2999 2986 fuisse.
3053 2931 3322 2997 Quemad-

1795 3019 2010 3074 modum
2050 3019 2178 3075 Jesu
2209 3033 2402 3072 nomen
2440 3018 2670 3088 primum
2705 3018 2844 3088 apud
2867 3035 2988 3073 eum
3021 3020 3076 3074 in
3099 3021 3166 3076 iis
3202 3038 3324 3091 qua!

1795 3111 2178 3179 investigamus
2210 3109 2342 3163 locis
2384 3111 2666 3178 reperitur,
2718 3109 2791 3162 ita
2825 3118 2876 3163 et
2907 3108 3180 3165 Christum
3209 3115 3321 3181 pri-

1791 3213 1912 3253 mus
1953 3199 2093 3254 idem
2144 3197 2518 3266 praedicavisse
2562 3197 2791 3259 videtur,
2823 3198 2878 3251 in
2904 3199 3190 3254 anterioris
3221 3201 3318 3254 a‘vi

1792 3287 2121 3357 temporibus
2148 3287 2259 3341 sive
2283 3285 2409 3339 Jesu
2444 3286 2555 3340 sive
2599 3285 2796 3340 Christi
2841 3288 3150 3342 nominibus
3183 3290 3317 3342 nulli

1792 3391 2028 3444 unquam
2061 3375 2369 3443 compertis.
2395 3373 2460 3426 Et
2489 3373 2699 3427 videtur
2730 3373 2944 3442 quidem
2973 3375 3154 3429 divina
3180 3392 3316 3445 quas

1792 3466 1912 3520 (lam
1951 3464 2301 3532 inspiratione
2334 3463 2596 3517 revelatas
2620 3463 3086 3519 denominationes
3126 3466 3317 3520 honori

1792 3554 2060 3608 habuisse.
2083 3552 2295 3606 Duobus
2316 3553 2471 3622 igitur
2486 3551 2713 3605 maxime
2725 3566 2788 3605 ex
2816 3553 2957 3606 omni
2975 3555 3165 3622 populo
3182 3570 3319 3624 prae-

1792 3644 2102 3700 cellentibus
2123 3642 2276 3704 viris,
2294 3641 2506 3710 Deoque
2529 3641 2940 3709 acceptissimis,
2960 3659 3080 3696 cum
3100 3646 3313 3714 utrique

1791 3734 1933 3788 aliud
1957 3741 2095 3788 esset
2118 3733 2386 3802 proprium
2404 3746 2617 3796 nomen,
2636 3731 2898 3801 duplicem
2917 3732 3058 3786 illam
3090 3733 3314 3803 imponit

1790 3822 2293 3884 denominationem,
2337 3823 2554 3891 proprio
2583 3822 2796 3891 quidem
2840 3822 2992 3876 fratri
3021 3825 3219 3893 Aaron,
3261 3835 3314 3882 et

1789 3912 1930 3966 Nave
1950 3912 2056 3966 ﬁlio
2080 3910 2214 3966 Osee
2238 3913 2388 3981 prius
2401 3911 2678 3982 appellatis
2695 3929 2709 3978 ;
2728 3927 2956 3982 namque
2972 3928 3150 3968 coram
3169 3918 3311 3970 omni

1789 4004 1983 4073 popqu
1995 4001 2084 4056 Dei
2111 4001 2264 4070 jussu
2283 4002 2446 4056 totius
2465 4003 2637 4072 gentis
2659 4003 2822 4058 duces
2841 4019 2935 4058 eos
2952 4005 3172 4075 eligens,
3197 4005 3316 4060 Sal-

1788 4094 1988 4148 vatoris
2034 4092 2204 4147 nostri
2254 4091 2380 4146 Jesu
2414 4092 2611 4147 Christi
2644 4094 2952 4149 nominibus
2987 4095 3310 4163 illustravit;

1791 4186 2011 4238 alterum
2042 4181 2255 4251 quidem
2281 4179 2551 4235 Christum
2573 4182 2978 4251 cognominans,
3007 4183 3098 4251 qui
3117 4185 3313 4238 summi

1789 4276 2006 4342 verique
2055 4273 2257 4327 ferebat
2304 4272 2586 4341 imaginem
2635 4272 2924 4341 pontiﬁcis,
2967 4274 3314 4344 omniumque

1791 4367 2045 4427 auctoris,
2073 4364 2242 4434 ipsius
2281 4381 2298 4413 ι
2341 4363 2497 4418 Verbi
2535 4363 2650 4428 Dei,
2681 4365 2770 4434 qui
2803 4372 2916 4420 erat
2960 4366 3013 4419 in
3048 4366 3312 4435 principio

149 4453 545 4521 προσηγορίαις
565 4468 578 4480 ·
612 4450 701 4502 τὸν
736 4451 829 4520 μὲν
855 4451 1101 4519 Χριστὸν,
1131 4451 1194 4502 δι’
1217 4453 1282 4519 ἢν
1307 4452 1494 4522 ἔφερεν
1513 4453 1691 4506 εἰκόνα

1793 4455 1928 4524 apud
1963 4454 2125 4508 Deum
2163 4455 2242 4520 ";
2304 4471 2322 4504 ι
2363 4469 2728 4510 successorem
2770 4469 2896 4509 vero
2944 4469 3098 4510 suum
3129 4455 3313 4510 Jesum

147 4538 230 4589 τοῦ
259 4542 378 4592 κατ’
408 4540 675 4609 ἀλήθειαν
705 4539 996 4610 ἀρχιερέως
1034 4539 1138 4591 τῶν
1182 4541 1314 4592 ὅλων
1345 4542 1504 4595 αὑτοῦ
1550 4561 1568 4593 ι
1595 4541 1687 4594 τοῦ

146 4629 196 4676 ἐν
215 4631 356 4700 ἀρχῇ
391 4631 541 4700 πρὸς
561 4631 647 4682 τὸν
666 4630 794 4682 Θεὸν
818 4628 948 4680 Θεοῦ
979 4629 1148 4696 Λόγου
1179 4649 1196 4678 ι
1245 4631 1573 4700 προσειπώνο
1601 4632 1688 4684 τὸν

144 4719 194 4770 δὲ
220 4721 414 4773 ἐαυτοῦ
450 4721 696 4790 διάδοχον
724 4717 926 4788 Ἰησοῦν
945 4719 1321 4789 ἀναγορεύσας,
1355 4722 1419 4774 δι’
1446 4723 1504 4775 ὃν
1524 4723 1687 4787 ἔσωζε

146 4810 229 4860 καί
252 4811 419 4872 αὐτὸς
447 4811 623 4861 τύπον
654 4808 746 4859 τοῦ
782 4806 1025 4875 Σωτῆρος
1054 4807 1204 4876 ήμῶν
1235 4809 1401 4878 Ἰησοῦ
1420 4849 1434 4873 ,
1465 4811 1522 4873 ὃς
1553 4827 1689 4863 παυ-

147 4900 380 4969 σαμένης
412 4900 524 4967 τῆς
555 4899 641 4951 διὰ
664 4898 932 4958 Μωῦσέως
951 4897 1336 4966 παραδοθείσης
1359 4901 1689 4968 συμϐολικῶς

147 4986 414 5056 λατρείας,
436 4989 539 5040 καὶ
569 4988 751 5041 τοῦτόν
776 5004 890 5047 πως
907 4987 992 5038 τὸν
1019 4988 1208 5056 τρόπον
1227 4989 1495 5053 Μωῦσέως
1513 4992 1685 5044 τελευ-

149 5074 438 5141 τήσαντος,
484 5076 584 5145 τὴν
623 5078 701 5136 εἰς
740 5074 800 5125 τὸ
841 5073 975 5125 θεῖον
1002 5074 1268 5125 εὐσέϐειαν
1297 5076 1684 5148 διαδεξάμενος,

154 5163 320 5225 πάσας
348 5167 451 5234 μὲν
477 5165 578 5226 τάς
605 5163 864 5232 ἀοράτους
896 5163 1140 5231 δυνάμεις
1176 5162 1563 5236 ἁνθισταμένας
1595 5172 1658 5222 αὐ
1676 5201 1688 5210 -

152 5253 235 5302 τοῦ
260 5255 338 5323 τῷ
362 5256 514 5322 λόγῳ
542 5254 757 5322 πολέμῳ
789 5255 1009 5322 νικήσας
1033 5255 1367 5323 κεχείρωται,
1406 5261 1509 5328 τὴν
1521 5262 1564 5312 δ’
1586 5262 1686 5314 ὑπὸ

1791 4545 2085 4613 appellans,
2112 4559 2206 4613 per
2227 4559 2385 4613 quem
2411 4545 2656 4600 servabat
2679 4551 2731 4599 et
2758 4546 2872 4614 ipse
2896 4552 3078 4614 typum
3127 4544 3311 4598 Salva-

1789 4637 1921 4689 toris
1949 4635 2114 4686 nostri
2134 4633 2281 4699 Jesu,
2312 4635 2426 4703 qui,
2458 4635 2703 4688 absoluto
2737 4648 2892 4702 quem
2917 4633 3122 4702 Moyses
3138 4634 3310 4686 tradi-

1789 4726 1939 4780 derat
1983 4724 2274 4792 symbolico
2333 4726 2475 4777 cultu
2507 4763 2522 4786 ,
2577 4723 2859 4792 Moyseque
2913 4721 3310 4787 quodammodo

1791 4824 2019 4876 mortuo,
2043 4829 2163 4866 cum
2195 4816 2444 4882 pietatem
2476 4815 2530 4866 in
2556 4813 2718 4867 Deum
2755 4814 3067 4880 accepisset,
3118 4825 3311 4865 omnes

1792 4903 2084 4962 invisibiles
2115 4903 2382 4970 potentias
2425 4901 2528 4954 sibi
2576 4900 2940 4961 adversantes,
2971 4899 3140 4951 victas
3171 4913 3309 4966 prae-

1789 4999 1878 5059 lio,
1911 4993 2069 5048 verbo
2109 4991 2400 5060 superavit,
2431 4990 2840 5055 universamqne
2875 4995 3066 5040 terram
3128 4987 3196 5039 ab
3242 4988 3312 5043 iis

1791 5083 2062 5157 tyrannice
2091 5081 2325 5134 habitam
2354 5079 2618 5149 prepriam
2649 5078 2770 5131 fecit
2791 5077 2842 5128 in
2865 5075 3115 5128 omnibus
3139 5079 3310 5142 genti-

1789 5180 1888 5233 bus
1909 5171 2323 5243 possessionem,
2358 5184 2560 5239 suoque
2588 5170 2765 5224 divisit
2795 5167 3012 5238 populo,
3049 5163 3317 5220 Ecclesiis

1789 5269 1842 5319 in
1873 5262 2116 5317 universa
2137 5268 2278 5314 terra
2300 5259 2624 5313 constitutis.

159 5348 365 5410 ταύταις
392 5350 611 5402 ἅπασαν
641 5347 1063 5415 τυραννουμένην
1086 5346 1198 5414 γῆν,
1224 5347 1321 5418 τὴν
1353 5353 1414 5405 ἐν
1441 5356 1568 5406 πᾶσι
1599 5360 1704 5420 τοῖς
1741 5360 1937 5412 ἔθνεσιν
1970 5354 2095 5406 ἴδιον
2126 5353 2307 5422 κτῆμα
2340 5353 2714 5423 ποιησάμενος,
2746 5349 2823 5419 τῷ
2849 5345 3042 5402 ἑαυτοῦ
3076 5345 3200 5415 λαῷ
3237 5345 3321 5397 διο

156 5438 250 5490 τῶν
270 5441 373 5492 ἀνά
401 5443 584 5493 πᾶσαν
607 5439 706 5506 τὴν
728 5439 1036 5508 οἰκουμένην
1064 5439 1383 5509 Ἐκκλησιῶν
1423 5448 1946 5519 κατεκληροδὸτησεν.

223 5707 257 5735 υ
297 5705 455 5760 Exod.
489 5716 642 5762 nm,
684 5699 773 5750 21.
856 5703 894 5734 ¹⁸
928 5700 1099 5755 Matth.
1130 5717 1209 5768 ιι,
1243 5706 1340 5761 10.

1428 5711 1468 5741 ³⁸
1508 5709 1665 5764 Exod.
1699 5729 1863 5776 XXIII,
1897 5712 1983 5767 21.

2056 5714 2100 5744 ¹⁰
2135 5711 2288 5766 Num.
2325 5726 2441 5775 xm,
2478 5713 2558 5769 l7.
2631 5714 2671 5743 ἰ
2710 5709 2868 5764 Joan.
2907 5720 2962 5759 ι.
3003 5705 3054 5757 1.
