3926 6364
571 310 598 342 6

222 378 358 437 1063

1246 380 1530 439 ECLOGA:
1565 378 2034 438 PBOPHETICE.
2073 413 2138 425 -—
2175 380 2300 440 LIB.
2332 383 2372 442 Ι.

3225 388 3362 447 i060

218 518 362 556 σκων
386 502 469 557 δτι
491 504 555 575 δὴ
589 503 761 575 πάσης
790 502 985 576 μείζων
1029 505 1128 573 τῆς
1163 504 1418 575 πρότερον
1453 503 1596 573 αὐτῷ
1619 503 1748 555 θεω-

1848 504 1966 562 dam
1999 519 2047 561 te
2064 507 2228 575 gloria
2250 522 2383 569 mea,
2411 525 2428 559 ι
2460 512 2513 561 et
2543 508 2608 562 de
2639 505 2808 563 Patris
2836 508 2920 563 sui
2949 507 3211 571 doctrina,
3241 527 3260 560 ι
3298 508 3363 562 Ει

218 592 485 664 ρουμένης
516 595 771 658 ὀπτασίας
798 598 829 665 ἡ
864 595 954 648 τοῦ
979 595 1182 665 Πατρδς
1205 597 1296 647 καὶ
1327 594 1455 647 Θεοῦ
1482 594 1587 646 τῶν
1614 594 1746 646 δλων

215 688 470 755 τυγχάνει
497 690 711 756 γνῶσις,
738 692 800 760 ἢν
822 691 913 742 καὶ
938 688 1271 758 παραδώσειν
1304 687 1449 758 αὑτῷ
1478 685 1745 755 ὑπισχνεῖ-

218 790 325 837 ται,
359 777 488 847 περὶ
524 779 617 848 μὲν
645 779 829 832 ἑαυτοῦ
854 778 1039 845 λέγων,
1080 795 1099 829 ‹
1126 776 1523 849 Παρελεύσομαι
1555 777 1746 847 πρότε-

222 865 309 937 ρός
342 884 434 919 σου
469 870 536 939 τῇ
572 870 695 942 δόξῃ
730 887 846 940 μου.
878 888 896 920 ι
930 868 1059 940 Περὶ
1083 868 1136 921 δὲ
1165 869 1261 937 τῆς
1285 868 1377 920 τοῦ
1407 865 1610 937 Πατρδς
1653 884 1747 935 μυ⁸

220 958 527 1024 σταγωγίας
544 960 623 1021 τὸ,
646 980 663 1011 ι
685 961 776 1012 καὶ
797 960 1001 1011 καλέσω
1016 961 1071 1011 ὲν
1095 955 1308 1027 ὀνόματι
1325 956 1541 1027 Κυρίου·
1557 976 1573 1008 ι
1595 956 1745 1008 ποίου

216 1045 321 1115 γὰρ
338 1048 567 1116 Κυρίου,
598 1047 754 1111 αὐτὸς
777 1048 848 1101 ὢν
864 1051 891 1101 0
907 1048 990 1101 διά
1016 1046 1107 1100 τοῦ
1138 1047 1544 1118 τετραγράμμου
1565 1045 1747 1116 δηλού-

216 1150 371 1202 μενος
402 1135 625 1209 Κύριος,
659 1139 705 1191 εί
738 1138 809 1209 μὴ
838 1138 941 1209 ἄρα
964 1138 1053 1190 τοῦ
1072 1135 1276 1204 Πατρδς
1305 1137 1544 1192 καλέσειν
1575 1137 1744 1204 ἐπαγ⁴

212 1222 457 1288 γέλλεται
478 1240 494 1288 ;
531 1226 638 1279 Καὶ
667 1225 875 1295 ἀληθῶς
896 1241 956 1292 γε
977 1227 1022 1277 εί
1048 1224 1118 1295 μὴ
1140 1224 1327 1277 διέλθοι
1351 1226 1468 1278 τινὰ
1492 1226 1746 1296 πρότερον

210 1311 240 1363 0
261 1312 353 1366 τοῦ
380 1314 516 1367 Θεοῦ
545 1315 729 1383 Λόγος,
755 1318 844 1368 καὶ
884 1317 929 1367 εί
971 1316 1041 1385 μὴ
1072 1314 1226 1375 αὐτὸς
1256 1314 1631 1369 ἀνακαλέσοιτο
1657 1315 1746 1370 τὸν

212 1404 447 1477 Πατέρα,
482 1407 591 1459 οὐδ’
629 1407 796 1470 ἄλλως
843 1406 1056 1460 δυνατὸν
1100 1405 1196 1475 τὴν
1254 1402 1346 1457 τοῦ⁹
1398 1403 1600 1478 Πατρὸς
1642 1402 1745 1458 τῶν

210 1492 349 1546 δλων
374 1495 662 1547 ἀναλαϐεῖν
709 1495 902 1563 γνῶσιν
920 1512 933 1525 ·
972 1514 990 1546 ι
1036 1494 1153 1547 ἐπεὶ
1195 1493 1311 1563 μηδ’
1359 1490 1437 1557 εἷς
1478 1494 1614 1561 ἔγνω
1654 1494 1744 1548 τὸν

210 1581 431 1651 Πατέρα
464 1585 514 1634 εί
548 1583 619 1652 μὴ
646 1586 674 1635 0
702 1583 843 1646 Υἱὸς,
876 1584 966 1636 καὶ
990 1576 1032 1649 ᾧ
1057 1581 1119 1635 ἂν
1149 1584 1177 1635 0
1210 1582 1331 1643 Υἱὸς
1355 1581 1690 1653 ἀποκαλύψῃ.
1720 1600 1739 1631 ι

210 1669 381 1731 Αὐτὸς
406 1669 539 1736 γοῦν
572 1673 711 1722 ἐστιν
742 1672 773 1739 ή
802 1668 935 1740 θύρα
954 1669 1044 1721 καὶ
1066 1671 1096 1737 ἡ
1123 1667 1235 1731 ὁδὸς
1263 1666 1327 1719 δι’
1346 1660 1404 1719 οὗ
1429 1668 1583 1737 μόνου
1604 1666 1745 1718 ἔστιν

215 1758 340 1810 ἰδεῖν
371 1758 463 1810 τὸν
490 1758 739 1811 ἐπέκεινα
766 1760 855 1810 καὶ
884 1758 1133 1810 ἀνωτάτω
1160 1756 1263 1809 τῶν
1292 1756 1424 1809 ὅλων
1446 1758 1631 1820 αἴτιον,
1651 1758 1745 1810 αὐ·-

213 1848 298 1900 τδν
325 1848 414 1900 τὸν
445 1848 660 1917 Πατέρα
678 1861 692 1877 ·
718 1848 765 1898 εί
785 1847 889 1916 γάρ
919 1847 1010 1899 καὶ
1035 1846 1104 1898 τὰ
1126 1847 1349 1916 μάλιστα
1373 1840 1458 1900 οἶά
1483 1864 1562 1909 τις
1586 1845 1744 1899 αὐτοῦ

217 1939 516 2009 πρόδρομος
540 1936 891 2008 προεπιδημεϊ
919 1940 1035 1999 ταῖς
1063 1937 1169 1988 τῶν
1194 1938 1466 2008 μακαρίων
1496 1936 1687 2006 ψυχαῖς
1718 1936 1745 1987 0

218 2028 353 2090 θεῐος
385 2026 575 2093 Λόγος,
598 2027 693 2096 τῆς
724 2026 851 2088 ἰδίας
876 2025 1029 2095 δόξης
1056 2025 1357 2095 μεταδιδοὺς
1402 2026 1606 2088 αὐταῖς,
1635 2022 1743 2078 ἀλλ’

218 2117 307 2186 οὐχ
335 2115 546 2168 ἵσταταί
571 2129 633 2183 γε
667 2116 743 2176 είς
768 2114 914 2177 τέλος
938 2113 1006 2166 τὰ
1027 2115 1123 2184 τῆς
1157 2114 1434 2179 αὑθεντίας
1460 2116 1536 2179 είς
1564 2114 1748 2169 ἑαυτὸν

220 2203 624 2274 ἀναλαμϐάνων,
661 2205 1174 2275 προπαρασκευάσας
1200 2206 1255 2258 δὲ
1280 2206 1372 2258 καὶ¹
1401 2206 1748 2275 προευτρεπίο

224 2308 313 2353 σας
352 2292 446 2360 τὴν
484 2291 670 2360 μονὴν,
704 2292 971 2361 ὑποχωρεῖ
1008 2291 1097 2343 καὶ
1147 2291 1604 2363 μεταπαραδίδωσι
1651 2292 1748 2361 τὴν

223 2379 483 2449 βασιλείαν
511 2378 589 2448 τῷ
617 2378 732 2448 Θεῷ
752 2380 843 2432 καὶ⁸
865 2379 1051 2451 Πατρί.
1069 2379 1234 2433 Τοῦτο
1253 2379 1306 2433 δὲ
1329 2381 1419 2432 καὶ
1445 2380 1601 2443 αὐτὸς
1619 2384 1747 2450 ὁμο⁴

221 2467 360 2538 λογεϊ
391 2470 635 2537 φάσκων,
676 2488 693 2519 ι
716 2469 852 2536 Ἐγὼ
874 2470 1264 2539 παρελεύσομαι
1290 2468 1543 2540 πρότερός
1570 2486 1659 2522 σου
1681 2473 1745 2540 τῇ

222 2556 334 2627 δόξῃ
372 2573 490 2625 μου,
524 2557 621 2607 καὶ
650 2555 857 2609 καλέσω
892 2560 949 2610 ὲν
983 2557 1199 2626 ὀνόματι
1226 2557 1443 2626 Κυρίου.
1474 2576 1490 2608 ι
1518 2557 1625 2610 Νῦν
1655 2557 1749 2629 μὲν

222 2640 306 2698 οὖν
323 2644 458 2713 λόγῳ
478 2643 639 2697 τοῦτο
660 2644 881 2715 πράξειν
910 2645 1291 2713 ἐπαγγέλλεται
1309 2661 1321 2674 ο
1353 2644 1475 2715 ἑξῆς
1500 2645 1556 2698 δὲ
1577 2645 1749 2699 καὶτὸ

226 2734 371 2805 ἔργον
404 2737 594 2804 ἐπάγει
630 2735 752 2788 ἔνθα
780 2736 1005 2807 εἴρηται,
1039 2755 1058 2787 ι
1082 2736 1188 2789 Καὶ
1228 2736 1423 2806 κατέϐη
1456 2736 1649 2807 Κύριος
1693 2740 1749 2790 ἐν

226 2826 425 2897 νεφέλῃ,
455 2824 546 2878 καὶ
570 2825 815 2895 παρέστη
837 2824 982 2893 αύτῷ
1009 2825 1121 2877 ἐκεῖ
1137 2838 1150 2853 ο
1177 2823 1270 2875 καὶ
1293 2823 1542 2876 ἐκάλεσεν
1570 2825 1626 2875 ὲν
1646 2822 1753 2876 0V0-

230 2933 344 2984 ματι
378 2915 595 2986 Κυρίου.
636 2915 744 2967 Καὶ
788 2912 1053 2984 παρῆλθεν
1085 2912 1280 3004 Κύριος
1316 2912 1420 2981 πρὸ
1464 2910 1748 2981 προσώπου

228 3004 376 3059 αὐτοῦ
404 3006 495 3059 καὶ
522 3004 769 3065 ἐκάλεσε,
790 3002 1004 3074 Κύριος,
1019 2999 1217 3072 Κύριος
1243 3002 1271 3053 0
1291 2999 1417 3062 Θεὸς
1437 3000 1747 3069 οἰκτίρμων,

1844 597 2044 651 vocabo
2074 598 2127 650 in
2154 598 2366 650 nomine
2394 596 2601 650 Domini
2626 611 2802 650 coram
2843 607 2914 652 te.
2943 620 2960 649 ι
2987 597 3153 664 Quem
3182 604 3360 654 autem

1844 670 2146 749 Dominum,
2181 701 2300 739 cum
2355 687 2426 741 sit
2479 687 2591 757 ipse
2639 685 2890 741 Dominus
2928 694 3361 757 tetragrammato

1844 776 2173 845 designatus,
2204 776 2305 829 nisi
2337 774 2543 830 Patrem
2574 790 2730 829 suum
2772 786 3081 830 vocaturum
3107 792 3226 832 esse
3265 776 3360 832 de-

1844 863 2359 920 nuntiat?Profect0
2410 866 2511 920 nisi
2554 866 2805 934 pnevium
2848 875 2932 918 eat
2963 865 3053 921 Dei
3100 865 3356 927 Verbum.

1845 956 1949 1009 nisi
1980 956 2092 1024 ipse
2130 954 2341 1010 Patrem
2373 957 2612 1021 advocet,
2646 956 2971 1026 impossibile
3002 965 3081 1010 cst
3118 958 3360 1025 quemvis

1844 1042 2079 1094 omnium
2109 1041 2281 1096 Patris
2311 1044 2583 1096 scientiam
2601 1042 2862 1111 excipere.
2896 1060 2915 1090 ι
2950 1041 3128 1111 Neque
3148 1042 3360 1101 Patrem

1842 1130 1963 1199 quis
1999 1131 2163 1186 novit.
2195 1133 2297 1187 nisi
2327 1129 2514 1196 Filius,
2536 1140 2589 1187 et
2618 1134 2701 1185 cui
2734 1131 2905 1187 Filius
2933 1134 3164 1187 voluerit
3211 1149 3360 1189 reve-

1843 1222 1953 1275 lare
1982 1223 2044 1275 ³⁸.
2080 1241 2098 1274 ι
2135 1224 2252 1291 ipse
2284 1223 2445 1292 igitur
2473 1231 2555 1278 est
2590 1226 2752 1293 janua
2782 1226 2970 1292 viaque
2999 1238 3102 1292 qua
3133 1224 3244 1278 sola
3270 1238 3363 1279 ex.

1842 1311 2194 1366 celsissimam
2252 1312 2821 1382 immensissimamque
2874 1326 3051 1366 rerum
3125 1313 3362 1366 omnium

1842 1416 2076 1463 causam,
2105 1400 2314 1455 Patrem
2373 1402 2568 1470 ipsum,
2596 1403 2905 1471 conspicere
2948 1415 3252 1470 possumus.
3305 1400 3363 1454 8i

1842 1491 1979 1544 enim
2016 1506 2175 1558 quam
2202 1490 2452 1556 maxime,
2491 1492 2633 1545 velut
2671 1491 2863 1559 aliquis
2893 1490 3010 1557 ejus
3042 1504 3362 1559 praecursor.

1843 1578 2116 1633 beatorum
2168 1580 2374 1635 animas
2420 1580 2654 1634 divinum
2687 1581 2834 1647 praeit
2855 1577 3109 1643 Verbum,
3143 1578 3364 1647 partici-

1844 1683 1936 1737 pes
1955 1684 2049 1723 eos
2075 1671 2300 1739 propria:
2338 1671 2517 1739 gloriae
2542 1668 2792 1731 efﬁciens,
2819 1670 2909 1724 sed
2944 1685 3049 1723 non
3076 1669 3271 1724 desinit
3298 1667 3367 1722 ad

1844 1760 1997 1814 tinem
2030 1762 2361 1815 auctoritatis
2384 1769 2559 1830 partes
2583 1762 2637 1814 in
2660 1777 2717 1816 se
2748 1762 3038 1830 suscipere,
3072 1768 3366 1830 pneparato

1845 1856 2018 1901 autem
2065 1863 2128 1901 ac
2149 1847 2408 1917 disposito
2432 1848 2755 1912 habitacula,
2792 1848 3018 1903 discedit
3063 1858 3114 1902 et
3144 1862 3366 1917 regnum

1846 1935 1952 1991 Deo
1985 1945 2038 1990 et
2074 1935 2218 1991 Patri
2240 1936 2513 1991 transfert.
2547 1935 2699 2001 Quod
2736 1949 2787 1991 et
2820 1938 2932 2007 ipse
2961 1938 3244 1993 conﬁtetur
3285 1938 3366 1993 di-

1844 2042 2021 2082 cens:
2074 2046 2093 2079 ι
2135 2025 2244 2097 Ego
2271 2028 2561 2097 praecedam
2591 2036 2643 2083 te
2679 2027 2844 2096 gloria
2890 2042 3028 2088 mea,
3073 2035 3126 2080 et
3169 2028 3368 2083 vocabo

1847 2116 1900 2169 in
1930 2117 2145 2170 nomine
2173 2114 2401 2169 Domini.
2446 2136 2465 2169 ι
2498 2114 2648 2169 Nunc
2683 2117 2894 2185 quidem
2936 2115 3099 2170 verbo
3127 2116 3257 2170 illud
3289 2116 3368 2169 fa-

1846 2214 2057 2259 cturum
2112 2220 2230 2260 esse
2257 2207 2545 2275 promittit;
2570 2207 2708 2275 quod
2756 2219 2813 2259 re
2855 2206 3079 2275 peragit,
3103 2211 3161 2259 ut
3187 2211 3368 2259 osten-

1848 2295 1983 2349 dunt
2018 2310 2136 2365 qua:
2158 2305 2454 2365 sequuntur
2485 2315 2497 2349 :
2535 2314 2553 2346 ι
2590 2296 2831 2365 Cumque
2869 2297 3235 2353 descendisset
3265 2297 3367 2349 Do-

1848 2385 2025 2437 minus
2062 2399 2159 2451 per
2187 2384 2402 2446 nubem,
2428 2385 2575 2438 stetit
2605 2382 2812 2455 Moyses
2840 2398 2962 2437 cum
2997 2398 3082 2451 eo,
3112 2384 3368 2441 invocans

1847 2486 2039 2526 nomen
2070 2470 2297 2525 Domini.
2340 2470 2401 2524 Et
2446 2472 2656 2527 transiit
2705 2471 2960 2525 Dominus
3010 2478 3132 2525 ante
3180 2471 3368 2526 faciem

1847 2558 1983 2625 ejus,
2016 2560 2325 2629 vocavitque
2354 2577 2367 2613 :
2412 2558 2720 2613 Dominator
2751 2557 2975 2613 Domine
3014 2557 3173 2621 Deus,
3208 2559 3369 2613 mises

1849 2648 2018 2701 ricors
2066 2657 2120 2703 et
2148 2649 2402 2713 clemens,
2436 2657 2489 2703 et
2521 2644 2747 2719 patiens,
2775 2655 2829 2703 et
2861 2649 3041 2703 multa;
3073 2649 3370 2704 miseratio-

1847 2737 1949 2799 nis,
1980 2751 2043 2790 ac
2074 2752 2253 2800 verax,
2283 2738 2373 2806 qui
2407 2738 2647 2793 custodis
2690 2737 3111 2793 misericordiam
3149 2738 3203 2791 in
3248 2737 3369 2789 mil-

1847 2828 1937 2893 lia,
1962 2827 2051 2896 qui
2086 2828 2265 2882 aufers
2297 2828 2629 2895 iniquitatem
2666 2835 2720 2883 et
2749 2828 2971 2890 scelera,
3002 2835 3161 2896 atque
3184 2839 3372 2895 pcccuo

1847 2926 1921 2980 ta,
1961 2917 2245 2988 nullusque
2274 2917 2411 2987 apud
2446 2924 2497 2971 te
2528 2932 2623 2988 per
2650 2932 2707 2972 se
2730 2918 2987 2971 innocens
3006 2925 3107 2971 est.
3127 2914 3226 2981 Qui
3253 2915 3373 2970 red~

1847 3009 1930 3063 dis
1952 3009 2282 3079 iniquitatem
2324 3017 2533 3077 patrum
2578 3008 2720 3072 filiis,
2748 3023 2809 3062 ac
2867 3007 3147 3077 nepotibus
3179 3008 3230 3060 in
3264 3012 3371 3061 ter-

228 3097 310 3148 καὶ
334 3096 588 3165 ἐλεήμων,
627 3093 685 3162 (ί.
718 3092 803 3159 l2)
837 3090 1194 3162 μακρόθυμος,
1228 3089 1320 3141 καὶ
1344 3087 1638 3150 πολυέλεος,
1659 3088 1748 3140 καὶ

1849 3102 1976 3153 tiam
1996 3107 2049 3153 et
2077 3106 2319 3168 quartam
2350 3099 2651 3168 progeniem
2680 3099 2766 3150 ³⁵⁸.
2800 3117 2819 3149 ο
2853 3098 2974 3151 Haec
3000 3098 3141 3150 etaim
3166 3098 3283 3167 ipse
3296 3092 3374 3151 di-

227 3184 473 3256 ἀληθινὸς,
503 3184 595 3237 καὶ
629 3180 964 3251 δικαιοσύνην
992 3179 1274 3249 διατηρῶν,
1305 3177 1467 3232 ποιῶν
1501 3178 1642 3239 ἔλεος
1672 3176 1749 3238 είς

228 3274 469 3343 χιλιάδας,
494 3272 745 3343 ἀφαιρῶν
785 3270 1027 3339 ἀνομίας,
1062 3270 1153 3320 καὶ
1189 3266 1414 3330 ἀδικίας,
1448 3264 1539 3320 καί⁵
1572 3266 1748 3334 ἀμαρ-

226 3364 352 3426 τιας,
380 3364 472 3417 καὶ
512 3363 604 3417 τδν
644 3362 820 3431 ινοχον
862 3360 922 3411 οὐ
966 3357 1238 3428 καθαριεῖ*
1270 3357 1483 3423 ἐπάγων
1527 3356 1749 3424 ἀνομίας

231 3454 433 3524 πατρῶν
459 3456 548 3508 ἐπὶ
572 3453 761 3512 τέκνα,
787 3449 882 3502 καὶ
915 3449 1006 3500 ἐπὶ
1036 3447 1196 3499 τέκνα
1224 3446 1422 3498 τέκνων
1451 3444 1540 3497 ἐπὶ
1566 3443 1749 3515 τρίτην

229 3544 312 3595 καὶ
343 3544 598 3615 τετάρτην
627 3540 837 3610 γενεάν.
867 3557 886 3588 ι
914 3537 1094 3590 Ταῦτα
1119 3537 1223 3606 γὰρ
1243 3535 1401 3597 αὐτός
1430 3552 1559 3604 φησι
1586 3549 1751 3587 κατα-

234 3632 324 3696 ϐὰς
345 3636 399 3686 ἐν
426 3633 619 3703 νεφέλῃ
643 3632 736 3683 καὶ
752 3627 1026 3698 παραστάς
1053 3627 1129 3696 τῷ
1142 3627 1361 3679 Μωῦσεῖ
1378 3625 1406 3675 0
1431 3624 1517 3676 διὰ
1542 3622 1632 3677 τοῦ
1662 3638 1749 3675 τε-

235 3723 575 3792 τραγράμμου
620 3719 940 3790 δηλούμενος
978 3717 1208 3786 Κύριος⁹
1235 3716 1293 3777 ὃς
1325 3714 1442 3766 καθ’
1468 3714 1534 3783 ἢν
1567 3713 1751 3765 πεποί-

234 3827 344 3880 ηται
376 3813 662 3883 ὑπόσχεσιν
702 3804 977 3877 παρελθὼν
1009 3808 1111 3877 πρὸ
1141 3803 1418 3877 προσώπου
1452 3802 1632 3867 αὑτοῦ,
1660 3803 1751 3855 τὸν

230 3901 313 3953 καὶ
342 3903 524 3955 ἑαυτοῦ
558 3900 761 3972 Κύριον
784 3898 875 3952 καὶ
898 3897 1128 3965 Πατέρα,
1156 3893 1244 3948 τὸν
1272 3893 1479 3963 ἀληθῶς
1505 3892 1628 3946 ὄντα
1648 3891 1751 3943 K0-

234 4006 333 4061 ριον
361 3993 576 4064 Κύριον,
596 3991 679 4053 δὶς
702 3990 787 4043 διά
824 3988 913 4040 τοῦ
945 3986 1356 4056 τετραγράμμου
1392 3980 1750 4053 ἐμφερόμενον

236 4079 555 4134 ἀνακαλεῖται
579 4079 754 4146 λέγων
773 4076 850 4139 τὸ,
879 4096 897 4125 ι
920 4075 1133 4146 Κύριος.
1153 4070 1348 4143 Κύριος
1366 4076 1393 4124 0
1408 4071 1535 4133 Θεὸς
1554 4071 1750 4141 οίκτίρο

237 4185 339 4237 μων
370 4173 457 4223 καὶ
486 4172 747 4241 ἐλεήμων,
781 4187 799 4218 ι
831 4167 921 4219 καὶ
966 4166 1031 4218 τά
1080 4164 1221 4233 ἑξῆς.
1254 4165 1315 4216 Ei
1358 4163 1412 4215 δὲ
1442 4161 1750 4230 βιαζόμενός

234 4274 307 4321 τις
327 4260 513 4325 φάσκοι
546 4260 619 4329 μὴ
646 4256 734 4309 τὸν
762 4254 981 4326 Κύριον,
1010 4254 1140 4306 ἀλλά
1168 4253 1398 4319 Μωΰσῆν
1422 4250 1591 4303 ταῦτα
1606 4252 1751 4319 εἰρη-

235 4348 390 4412 κέναι,
424 4352 628 4419 πεῖσμα
660 4347 869 4415 βέϐαιον
902 4344 1214 4415 λαμϐανέτω
1237 4344 1293 4409 ἐξ
1322 4342 1495 4395 αὐτῶν
1524 4341 1627 4394 τῶν
1657 4338 1748 4392 τοῦ

1852 3186 1945 3249 cit,
1985 3201 2106 3239 cum
2132 3186 2407 3241 descendit
2437 3186 2491 3239 in
2525 3184 2668 3239 nube
2694 3192 2745 3238 et
2773 3199 2936 3254 prope
2955 3183 3186 3254 Moysem
3227 3183 3378 3240 stetit

1850 3280 2285 3342 tetragrammato
2323 3274 2631 3341 designatus
2671 3271 2946 3327 Dominus.
2977 3271 3126 3334 Dein,
3153 3274 3222 3327 ob
3250 3286 3373 3342 pro—

1851 3362 2159 3416 missionem
2205 3376 2365 3431 quam
2417 3363 2532 3431 ipse
2586 3360 2803 3424 fecerat,
2833 3361 3102 3414 transiens
3148 3367 3271 3415 ante
3298 3358 3375 3413 fa‘

1851 3450 1987 3505 ciem
2014 3448 2151 3517 ejus,
2182 3452 2375 3505 suimet
2403 3448 2684 3503 Dominum
2704 3458 2758 3503 et
2784 3448 3013 3511 Patrem,
3041 3462 3166 3503 vere
3198 3445 3375 3501 Domi.

1851 3552 2001 3602 num,
2028 3536 2444 3599 Dominatorem,
2468 3539 2550 3593 bis
2584 3546 3011 3606 letragrammato
3039 3536 3374 3605 designatum

1852 3628 2063 3683 invocat
2086 3628 2270 3683 dicens
2300 3646 2314 3680 :
2340 3646 2359 3679 ι
2396 3627 2705 3681 Dominator
2736 3625 2953 3680 Domine
2975 3624 3134 3686 Deus,
3169 3623 3376 3679 miseri.

1852 3735 1974 3773 cors
1985 3728 2038 3773 et
2063 3720 2318 3784 clemens,
2344 3738 2363 3771 ι
2382 3728 2434 3773 et
2458 3719 2679 3788 reliqua.
2703 3715 2760 3771 Si
2790 3718 2912 3788 quis
2942 3724 3119 3771 autem
3139 3714 3240 3768 loci
3258 3728 3376 3770 sen-

1852 3821 1970 3861 sum
2000 3805 2320 3875 detorquens
2349 3806 2567 3862 minime
2593 3821 2623 3858 a
2652 3804 2878 3861 Domino
2898 3804 3205 3866 contendat,
3225 3802 3320 3858 sed
3342 3817 3374 3856 a

1854 3896 2031 3966 Moyse
2059 3896 2171 3951 haec
2198 3910 2319 3951 esse
2348 3895 2521 3959 dicta,
2552 3895 2680 3950 illud
2724 3896 2879 3964 plane
2909 3902 3241 3963 compertum
3277 3891 3375 3946 hao

1852 3985 1997 4039 bebit
2027 3985 2157 4052 ipsis
2178 3983 2373 4054 Moysis
2395 3984 2639 4050 vocibus,
2673 3983 2786 4039 haec
2820 3998 2942 4038 esse
2969 3982 3131 4037 verba
3163 3980 3371 4037 Domini

1851 4072 2193 4135 conﬁtentis,
2237 4089 2358 4129 cum
2410 4074 2466 4130 in
2516 4074 2620 4127 alio
2669 4072 2786 4126 loco
2831 4079 3079 4140 precatur
3138 4070 3371 4124 dicens:

1856 4180 1875 4213 ι
1913 4161 2277 4232 Magnificetur
2297 4178 2425 4233 ergo
2463 4162 2717 4218 fortitudo
2749 4161 2957 4216 Domini
2987 4161 3125 4216 sicut
3156 4156 3374 4228 jurasti.

1851 4252 2034 4307 dicens
2066 4272 2080 4307 :
2108 4252 2363 4309 Dominus
2399 4254 2608 4322 patiens
2649 4263 2702 4307 et
2751 4254 2929 4306 multm
2974 4248 3374 4313 misericordis,

1855 4343 2102 4399 auferens
2154 4345 2487 4414 iniquitatem
2539 4356 2592 4400 et
2640 4345 2885 4407 scelera,
2931 4344 3243 4412 nullumque
3297 4342 3377 4395 in—

236 4435 488 4501 Μωῦσέως
517 4437 710 4507 φωνῶν
737 4433 1109 4505 ὁμολογοῦντος
1144 4434 1237 4486 τοῦ
1274 4431 1472 4502 Κυρίου
1499 4427 1631 4482 εἶναι
1660 4427 1748 4490 τάς

1858 4437 2072 4489 noxium
2117 4436 2514 4504 derelinquens,
2563 4437 2653 4505 qui
2702 4437 2887 4490 visitas
2917 4443 3134 4503 peccata
3165 4440 3376 4502 patrum

239 4526 631 4591 προεκτεθείσας
668 4524 856 4587 λέξεις,
885 4523 950 4575 δι’
980 4516 1052 4574 ὧν
1080 4523 1360 4592 εὐχόμενος
1387 4524 1442 4573 ὲν
1468 4520 1633 4591 ἑτέρῳ
1662 4517 1750 4570 τό-

240 4625 316 4678 περ
341 4615 487 4683 φησὶ,
520 4634 540 4665 ‹
559 4613 667 4667 Καὶ
692 4613 785 4665 νῦν
817 4610 1078 4680 ὑψωθήτω
1110 4612 1144 4680 ἡ
1186 4610 1303 4680 χείρ
1330 4626 1441 4672 σου,
1466 4609 1632 4678 Κύριε
1655 4623 1668 4638 ³
1694 4607 1751 4659 ὃν

238 4699 416 4767 τρόπον
445 4699 604 4765 εἴπας
632 4703 820 4768 λέγων,
847 4699 1046 4769 Κύριος
1078 4701 1434 4771 μακρόθυμος,
1470 4702 1560 4752 καὶ
1597 4700 1754 4751 πολυ-

241 4786 390 4853 έλεος,
425 4792 517 4844 καὶ
561 4791 826 4861 ἀληθινόςο
862 4790 1102 4859 ἀφαιρῶν
1154 4790 1376 4857 ἀνομίας
1404 4789 1495 4842 καὶ¹
1524 4790 1750 4849 ἀδικίας,

240 4877 323 4928 καὶ
336 4880 600 4949 ἁμαρτίας
615 4895 629 4910 ”
655 4881 744 4934 καὶ
764 4880 1079 4949 καθαρισμῷ
1101 4881 1158 4931 οὐ
1182 4880 1425 4949 καθαριεῖ
1449 4880 1536 4932 τὸν
1556 4881 1749 4949 1ἔνοχον,

238 4964 499 5031 ἀποδιδοὺς
547 4969 813 5039 ἁμαρτίας
857 4967 1072 5037 πατρῶν
1122 4968 1210 5020 ἐπὶ
1249 4968 1412 5019 τέκνα
1442 4968 1541 5029 ἓως
1570 4967 1753 5038 τρίτης

242 5056 324 5107 καὶ
344 5059 598 5129 τετάρτης
622 5060 828 5125 γενεᾶς.
861 5078 878 5108 ι
899 5054 1288 5127 Ἐναργέστατα
1317 5057 1378 5126 δὴ
1410 5053 1499 5109 οὖν
1531 5058 1621 5108 καὶ
1656 5074 1751 5110 σα-

241 5143 462 5207 φέστατα
495 5147 582 5199 διά
605 5146 802 5199 τούτοιν
829 5146 986 5208 αὐτὸς
1009 5149 1037 5198 0
1076 5145 1273 5216 Κύριος
1298 5145 1393 5205 τὰς
1423 5144 1754 5213 προεκτεθείο

243 5244 330 5293 σας
371 5234 601 5304 εἰρηκὼς
639 5238 870 5306 παριστᾷ
900 5251 957 5285 τε
983 5234 1370 5305 (παρίσταται)
1406 5234 1603 5299 φωνάς,
1637 5234 1751 5303 μεί·

244 5316 358 5378 ξυνα
369 5324 563 5393 Κύριον
591 5326 678 5377 τὸν
705 5326 913 5394 ἀληθῶς
940 5324 1153 5395 Κύριον,
1173 5326 1327 5393 δῆλον
1354 5323 1396 5374 δ’
1423 5324 1502 5374 ὅτι
1533 5323 1619 5374 τὸν
1644 5324 1754 5376 Ila-

239 5408 361 5478 τέρα
405 5413 613 5475 ἑαυτοῦ,
654 5414 1109 5482 ἀνακαλούμενοςο
1152 5412 1184 5484 ἢ
1227 5417 1271 5466 εί
1311 5411 1604 5475 δυσπειθῶς
1646 5413 1756 5481 ἔχοι

246 5496 366 5565 πρὸς
384 5501 567 5563 ταῦτα,
602 5501 797 5568 λεγέτω
823 5502 876 5553 εἴ
898 5519 1014 5554 τινα
1039 5502 1198 5570 ἀλλην
1233 5497 1339 5562 οἷός
1365 5501 1421 5552 τέ
1452 5502 1593 5553 ἐστιν
1616 5502 1757 5554 κατά

1851 4521 1904 4575 in
1948 4522 2083 4576 ﬁlios
2117 4524 2170 4577 in
2202 4526 2411 4577 tertiam
2445 4531 2498 4577 et
2537 4533 2779 4591 quartam
2829 4520 3227 4591 generationem
3257 4518 3320 4571 ³⁷.
3351 4535 3377 4569 ι

1851 4611 2161 4666 Ciarissime
2185 4612 2347 4680 igitur
2363 4620 2414 4666 et
2435 4610 2871 4667 manifestissime
2901 4616 3043 4676 patet
3061 4623 3124 4661 ex
3173 4607 3238 4660 iis
3263 4605 3376 4663 haec

1851 4716 1970 4771 qua:
1999 4702 2277 4755 retulimus
2316 4700 2596 4755 Dominum
2627 4701 2846 4759 dixisse,
2889 4696 3144 4763 majorem
3197 4692 3377 4759 Domi-

1853 4805 1981 4844 num
2011 4798 2065 4844 et
2097 4806 2217 4845 vere
2241 4791 2541 4852 Dominum,
2576 4789 2779 4843 scilicet
2807 4785 3018 4839 Patrem
3050 4784 3190 4852 ejus,
3224 4786 3377 4837 invo-

1851 4887 2083 4933 cantem.
2117 4879 2217 4932 Cui
2250 4880 2296 4933 si
2326 4878 2453 4933 fides
2485 4878 2698 4932 diﬂicile
2726 4874 3062 4931 adhibeatur.
3092 4872 3272 4929 videre
3294 4881 3376 4929 est

1851 4985 1918 5023 an
1939 4968 2041 5021 alia
2071 4982 2190 5021 esse
2217 4968 2386 5036 possit
2415 4958 3247 5034 hujuslociexplanatio.Quippe
3261 4961 3380 5014 ani-

1852 5054 2283 5112 madvertendum
2297 5063 2378 5108 est
2390 5068 2495 5106 non
2514 5055 2757 5122 angelum
2772 5047 3172 5103 manifestatum
3192 5048 3377 5110 fuisse,

1852 5148 1943 5202 sed
1958 5148 2129 5215 ipsum
2154 5151 2584 5213 tetragrammato
2605 5143 2941 5209 designatum
2962 5136 3269 5201 Dominum,
3286 5135 3380 5205 qui

1851 5246 1905 5291 et
1938 5235 2070 5288 facie
2099 5234 2163 5287 ad
2199 5233 2387 5287 faciem
2414 5249 2533 5287 cum
2550 5231 2728 5301 Moyse
2752 5225 3061 5296 perhibetur
3092 5223 3259 5279 fuisse
3271 5225 3384 5279 col.

1851 5328 2083 5387 locutus,
2117 5339 2275 5393 quem
2304 5334 2356 5379 et
2384 5320 2587 5394 Moyses
2621 5324 2861 5382 invocat,
2897 5314 3384 5369 manifestationem

1854 5429 1946 5483 per
1971 5415 2186 5482 angelos
2213 5413 2530 5482 deprecatus
2551 5411 2636 5466 bis
2663 5407 2884 5463 verbis:
2913 5420 2932 5453 ι
2972 5400 3029 5454 Si
3057 5417 3166 5454 non
3191 5412 3247 5454 tu
3274 5400 3388 5467 ipse

1857 5500 2215 5570 pmwdas,ne
2231 5499 2426 5553 educas
2439 5513 2536 5551 nos
2548 5498 2613 5551 de
2627 5490 2945 5549 locoisto"'
2958 5529 2973 5542 .
2987 5508 3005 5539 ι
3024 5486 3376 5543 Verumenim-

314 5648 352 5679 ³⁸
392 5652 571 5707 Matth.
611 5666 691 5714 τι,
722 5655 807 5706 27.
883 5653 949 5685 ⁸⁸⁵
985 5651 1149 5706 Exod.
1183 5667 1356 5716 xxxtv,
1391 5646 1508 5704 5-7-
1581 5651 1620 5683 ³³
1663 5650 1745 5707 Nu

1856 5661 1964 5716 tm,
2003 5650 2097 5714 t7,
2135 5646 2219 5704 18.
2296 5650 2361 5681 ³⁷⁹
2401 5644 2567 5704 Exod.
2602 5657 2781 5700 sum
2807 5680 2823 5706 ,
2863 5636 2949 5694 l5.

472 5750 732 5805 ΡΑι-ιιοι.
781 5747 893 5803 Gn.
941 5747 1140 5807 XXII.

2983 5730 3055 5787 3's
