3926 6372
308 436 334 488 1
349 435 468 490 069

1355 433 1641 498 ECLOGE
1673 433 2130 497 ΡΒΟΡΗΕΤΙΟᾸΞ.
2167 471 2232 480 -
2269 430 2389 493 LlB.
2433 433 2471 493 l.

3341 436 3474 498 1070

299 553 412 604 τοῦ
453 548 703 627 οὑρανού.
753 575 770 606 ι
817 554 968 610 Ἀλλά
1001 558 1091 611 καὶ
1117 553 1166 610 τί
1211 558 1269 610 τὸ
1301 559 1579 630 πρόσωπον
1609 561 1697 612 τοῦ
1725 560 1847 613 Θεοῦ

1964 566 2018 610 ιιι
2045 558 2272 609 humana
2331 556 2490 609 nimis
2539 557 2949 626 corporalisque,
2982 557 3472 626 intueri;quaenam

296 635 571 709 Λόγου,δ
598 647 669 715 μὴ
685 646 896 698 δύναται
913 648 1142 717 Μωῦσῆς
1164 649 1192 699 6
1216 649 1390 716 νόμος,
1422 650 1512 700 ᾰτε
1537 649 1860 718 ἀνθρώπινος

295 731 414 781 καὶ
451 733 896 804 σωματικώτερος
913 735 1004 798 ὢν,
1035 735 1251 805 θεωρεῖν
1270 753 1282 766 °
1315 739 1434 788 τίνα
1461 754 1515 788 τε
1548 738 1612 790 τὰ
1643 739 1857 791 ὀπίσθια

293 813 516 882 αὑτοῦ,
548 821 583 873 ἀ
618 823 772 891 μόνον
803 827 992 893 χωρεῖν
1019 821 1123 887 οἷός
1150 841 1207 876 τε
1243 821 1308 894 ἦν
1337 827 1364 876 6
1391 828 1609 889 τυπικδς
1638 829 1727 879 καὶ
1755 828 1858 881 τῶν

291 909 535 977 νοητῶν
567 911 896 981 συμϐολικῶς
923 913 1052 980 (κὸς)
1080 915 1264 983 νόμος·
1306 914 1418 976 πῶς
1454 933 1508 967 τε
1545 917 1749 986 εἴρηται
1777 916 1854 981 τὸ,

1956 651 2007 697 et
2034 653 2177 713 terga
2219 644 2359 712 ejus,
2405 659 2523 713 quze
2560 652 2764 698 tantum
2795 647 3100 715 conspicere
3144 647 3350 700 valebat
3387 655 3472 717 ty-

1955 737 2074 806 pica
2104 744 2156 790 et
2183 735 2510 804 spiritalium
2540 736 2826 804 symliolica
2863 736 2978 800 lex;
3008 738 3274 805 quomodo
3323 737 3472 790 dicac

1954 833 2079 878 tur:
2110 843 2126 874 ι
2157 823 2434 893 Protegam
2481 831 2532 878 te
2577 825 2790 878 dextera
2827 838 2962 885 mea,
2995 843 3012 876 ι
3045 827 3196 894 quasi
3254 827 3372 880 velu
3419 836 3472 880 et

1957 914 2189 982 tegmine
2218 915 2313 982 legi
2345 913 2595 976 obducto,
2625 922 2682 967 ut
2704 929 2796 982 per
2819 914 2945 967 illud
2971 917 3140 968 velum
3170 917 3470 984 posteriora

1953 1003 2124 1070 possit
2159 1004 2419 1071 aspicere,
2470 1019 2576 1058 non
2623 1012 2796 1057 autem
2842 1006 3104 1058 anteriora
3153 1016 3206 1060 et
3239 1008 3466 1075 potiora,

1957 1093 2264 1162 singulatim
2300 1095 2352 1147 in
2384 1103 2619 1162 tempore
2651 1106 2952 1162 opportuno
2993 1095 3153 1163 hujus
3183 1097 3469 1169 investigat

1952 1180 2113 1234 tionis
2145 1181 2400 1236 studiosis
2439 1183 2822 1250 explanabitur.

301 1013 323 1042 ε
370 995 657 1050 Σκεπάσω
699 1004 762 1069 τῇ
798 1003 933 1070 χειρί
969 1019 1068 1070 μου
1109 1003 1196 1054 ἐπὶ
1228 1004 1303 1064 σὲ,
1346 1023 1362 1052 ι
1397 1000 1736 1073 καλύμματος
1765 1009 1856 1059 καὶ

290 1086 538 1157 σκέπης
590 1088 949 1159 ἐπιτιθεμένου
994 1091 1068 1159 τῷ
1108 1092 1278 1159 νόμῳ,
1339 1090 1412 1154 ώς
1465 1093 1548 1145 διὰ
1605 1093 1756 1147 τοῦτο
1800 1096 1856 1147 τὸ

286 1167 591 1246 κάλυμμα
620 1178 686 1229 τὰ
719 1181 811 1246 μὲν
837 1180 1003 1232 ὀπίσω
1030 1180 1276 1232 δύνασθαι
1303 1183 1451 1251 όρᾷν,
1486 1181 1658 1236 οὑκέτι
1701 1186 1755 1238 δὲ
1792 1187 1856 1239 τὰ

284 1265 711 1337 προηγούμενα
751 1270 838 1321 καὶ
887 1271 1232 1340 διαφέρονταο
1267 1271 1370 1341 ἰδίᾳ
1413 1273 1549 1326 κατά
1581 1276 1783 1346 καιρὸν,
1813 1269 1856 1344 ᾧ

285 1354 482 1421 μέλει
508 1357 603 1426 τῆς
618 1357 813 1410 τούτων
845 1359 1082 1428 ἐρεύνης,
1116 1361 1404 1430 ἐπιστήσας
1430 1362 1648 1419 εἴσεταί.

846 1468 1222 1520 ΚΕΦᾹΛΛΙΟΝ
1256 1470 1349 1522 ll".

293 1545 428 1602 Ἐκ
453 1551 574 1604 τῶν
613 1554 874 1622 Ἀριθμῶν
903 1555 1007 1623 τῆς
1027 1558 1187 1624 γτοῦ
1217 1560 1455 1627 Βαλαὰμ
1481 1558 1847 1630 προφητείας.

384 1660 410 1689 ‹
474 1641 828 1704 Ἐξελεύσεται
848 1645 1119 1716 ἄνθρωπος
1140 1649 1200 1698 ὲκ
1228 1647 1317 1700 τοῦ
1341 1651 1640 1719 σπέρματος
1671 1652 1850 1714 αὑτοῦ,

275 1729 407 1778 καὶ
451 1733 723 1800 κυριεύσει
760 1734 919 1785 ἐθνῶν
945 1735 1173 1788 πολλῶνο
1203 1738 1290 1789 καὶ
1324 1738 1653 1810 ὑψωθήσεται
1737 1742 1847 1809 Γὼγ

1949 1740 2034 1786 tur
2067 1735 2117 1786 in
2157 1735 2401 1802 gentibus
2437 1735 2640 1788 multis.
2672 1734 2908 1788 Tolletur
2956 1736 3098 1804 Agag
3125 1752 3215 1790 rex
3247 1739 3384 1805 ejus.
3415 1737 3469 1792 et

274 1814 595 1882 βασιλεία,
643 1823 732 1872 καὶ
771 1821 1117 1890 αὐξηθήσεται
1159 1825 1190 1893 ἠ
1242 1825 1476 1894 βασιλεία
1503 1826 1689 1882 αὑτοῦο
1725 1831 1847 1894 Θεὸς

1951 1822 2222 1876 auferetur
2249 1838 2466 1892 regnum
2498 1825 2656 1876 illius.
2704 1819 2841 1877 Deus
2880 1823 3060 1876 eduxit
3093 1824 3238 1876 illum
3279 1825 3342 1878 de
3371 1823 3468 1878 λΕά

269 1902 608 1974 ὡδήγησεν
642 1909 798 1960 αὑτὸν
822 1910 878 1973 ἐξ
901 1911 1182 1978 Αἰγύπτου,
1216 1908 1288 1977 ώς
1318 1917 1470 1980 δόξαν
1495 1920 1847 1990 μονοκέρωτος

1951 1917 2130 1980 gypto,
2163 1911 2319 1978 cujus
2350 1909 2606 1963 fortitudo
2633 1910 2820 1964 similis
2851 1915 2932 1962 est
2965 1909 3332 1964 rhinocerdtis.
3366 1909 3467 1964 Del»

271 1993 472 2062 αὐτῷ
491 2011 505 2022 θ
537 1995 706 2049 ἔδεται
729 1997 849 2068 ἔθνη
877 1999 1077 2070 ἐχθρῶν
1103 2002 1280 2066 αὑτοῦ,
1307 2006 1396 2056 καὶ
1411 2005 1478 2056 τά
1504 2007 1646 2077 πάχη
1680 2008 1847 2060 αὑτῶν

1951 1999 2212 2052 Vorabunt
2243 2008 2421 2067 gentes
2446 1998 2626 2052 hostes
2656 1999 2818 2061 illius,
2853 2009 3080 2067 ossaque
3102 2011 3284 2052 eorum
3333 2010 3466 2052 con-

277 2085 623 2153 ὲκμυελιεῖ,
645 2089 734 2138 καὶ
750 2087 862 2151 ταῖς
880 2082 1075 2157 βολίσιν
1090 2093 1246 2146 αὑτοῦ
1275 2095 1612 2159 κατατοξεὺει
1643 2097 1846 2168 ἐχθρόν.

1951 2084 2182 2155 fringent
2206 2093 2258 2139 et
2287 2087 2629 2155 perforabunt
2659 2087 2886 2156 sagittis.
2918 2087 3198 2140 Accubans
3216 2087 3465 2140 dormivit

273 2172 686 2236 Κατακλιθεὶς
723 2176 1053 2229 ἀνεπαύσατο
1085 2179 1157 2241 ὡς
1185 2179 1335 2244 λέων,
1366 2183 1456 2234 καὶ
1487 2179 1559 2245 ὡς
1584 2184 1846 2252 σκύμνος⁸

1949 2185 2008 2230 ut
2039 2177 2118 2230 leo
2146 2185 2197 2230 et
2238 2177 2388 2244 quasi
2416 2177 2582 2230 leonis
2615 2178 2841 2231 catulus.
2875 2176 3003 2240 Quis
3043 2189 3162 2230 eum
3205 2177 3467 2232 suscitare

1949 2267 2203 2321 audebit?
2227 2266 2326 2332 Qui
2360 2265 2721 2320 benedlxerint
2748 2267 2865 2328 tibi,
2893 2273 3047 2320 erunt
3073 2273 3126 2319 et
3176 2266 3274 2334 ipsi
3307 2266 3465 2319 bene-

1948 2355 2097 2418 dicti;
2131 2356 2218 2424 qui
2243 2355 2628 2418 maledixeriut,
2661 2356 2712 2408 in
2741 2357 3108 2409 maledictione
3137 2357 3464 2424 reputabum

1947 2448 2034 2493 tur
2051 2439 2134 2494 ιν.
2160 2460 2177 2492 ι
2197 2441 2444 2496 Christus
2464 2452 2544 2495 est
2560 2444 2646 2509 qui
2675 2451 2736 2497 ex
2762 2444 2921 2496 Israel
2949 2444 3150 2497 semine
3172 2443 3462 2498 secundum

1947 2545 2160 2584 carnem
2213 2539 2371 2584 natus
2394 2569 2407 2592 ,
2445 2532 2729 2600 multisque
2757 2533 3000 2600 gentibus
3025 2534 3328 2588 dominatus
3359 2544 3460 2590 est.

1947 2619 2196 2683 Quaanam
2243 2621 2381 2672 enim
2418 2636 2546 2690 gens
2595 2636 2699 2673 non
2745 2621 2996 2674 ditionem
3023 2623 3138 2690 ejus
3167 2623 3458 2693 agnoverit.

1949 2708 2001 2760 in
2031 2723 2240 2761 omnem
2269 2716 2464 2762 terram
2492 2708 2684 2763 ditl‘uso
2716 2709 3095 2779 discipulorum
3122 2711 3239 2780 ejus
3275 2712 3459 2775 Verbo,

1947 2795 2516 2864 praedicationibuqu
2567 2811 2748 2850 eorum
2776 2798 2926 2866 quasi
2951 2799 3240 2854 seminibus
3269 2800 3320 2852 in
3345 2803 3463 2854 uni-

1945 2900 2100 2939 versa
2148 2893 2287 2939 terra
2329 2885 2753 2956 sparsis?lgitur
2779 2887 2918 2956 apud
2971 2889 3254 2959 plerosque
3299 2893 3460 2945 etiam

1945 2973 2290 3028 barbarorum
2325 2974 2519 3028 multos
2549 2973 2728 3028 videre
2759 2985 2841 3028 est
2889 2977 2980 3044 qui
3013 2991 3108 3030 sua
3138 2977 3192 3030 in
3215 2993 3335 3032 eum
3361 2978 3461 3033 ﬁde

2514 1453 2734 1515 CAPUT
2767 1451 2900 1514 xm.

2103 1545 2181 1605 Ex
2213 1543 2559 1607 Numerorum
2588 1556 2984 1608 tertia'Balaam
3016 1551 3293 1623 prophetia.

2026 1661 2043 1694 ι
2080 1641 2391 1712 Egredietur
2421 1645 2577 1698 homo
2601 1645 2665 1697 de
2689 1647 2889 1700 semine
2921 1647 3054 1714 ejus,
3097 1655 3148 1700 et
3172 1641 3468 1703 dominabid

273 2266 376 2329 τίς
409 2269 714 2338 ἀναστήσει
746 2267 938 2334 αὑτόν;
971 2273 1018 2323 οἰ
1043 2268 1375 2339 εὑλογοῦντές
1408 2291 1485 2339 σε,
1515 2272 1846 2346 ηὑλόγηνται·

273 2357 394 2408 καὶ
464 2358 518 2408 οἱ
573 2358 938 2428 καταρώμενοί
994 2379 1070 2424 σε,
1114 2364 1518 2433 κεκατήρανται.
1564 2385 1583 2418 ι
1626 2363 1851 2436 Χριστός

272 2447 463 2496 ἐστιν
497 2447 527 2496 6
561 2448 624 2498 ὲκ
650 2447 949 2518 σπέρματος
991 2450 1197 2519 Ἰσραὴλ
1220 2451 1277 2502 τὸ
1298 2455 1431 2505 κατὰ
1466 2455 1637 2526 σάρκα
1665 2475 1850 2528 γεννη-

272 2535 444 2597 θεὶς,
484 2535 580 2587 καὶ
614 2535 895 2605 κυριεύσας
933 2533 1094 2592 ἐθνῶν
1114 2541 1314 2594 πολλῶν
1335 2560 1347 2573 ο
1381 2543 1523 2596 ποῖον
1553 2547 1656 2617 γάρ
1685 2549 1852 2621 ὑπῆρ-

273 2623 385 2688 ξεν
427 2624 586 2685 ἔθνος
614 2625 880 2693 ἀγνοῆσαν
917 2629 1012 2696 τὴν
1046 2627 1131 2681 ὑπ’
1167 2633 1322 2683 αὑτὸν
1350 2633 1602 2698 δουλείαν,
1639 2640 1714 2700 εἰς
1750 2642 1850 2692 πᾶ-

276 2727 401 2762 σαν
433 2711 541 2780 τὴν
557 2712 658 2781 γῆν
675 2711 967 2777 ἐξελθόντος
987 2716 1075 2768 τοῦ
1095 2717 1246 2784 λόγου
1273 2720 1377 2771 τῶν
1399 2723 1644 2792 μαθητῶν
1666 2728 1844 2791 αὑτοῦ,

272 2802 391 2854 καὶ
423 2802 515 2864 εἰς
549 2801 616 2853 τὰ
645 2801 924 2874 σπέρματα
969 2808 1061 2876 τῆς
1085 2810 1398 2880 οἰκουμένης
1446 2814 1551 2866 τῶν
1599 2819 1848 2886 ῥημάτων

269 2889 491 2978 αὑτῶν
516 2908 532 2954 ς
569 2892 724 2978 Παρά
751 2896 798 2961 γ’
847 2891 936 2948 οὖν
977 2896 1236 2962 πλείστοις
1267 2902 1356 2953 καὶ
1385 2903 1556 2956 αὑτῶν
1584 2906 1690 2958 τῶν
1719 2908 1849 2978 βαρ-

269 2973 498 3050 ϐἃρων
528 2977 750 3044 πολλοὺς
774 2983 914 3036 ἔστιν
954 2986 1076 3038 ἰδεῖν
1100 2987 1184 3040 διὰ
1213 2990 1307 3058 τῆς
1345 2993 1420 3054 εἰς
1442 2995 1598 3047 αὑτὸν
1623 2973 1846 3062 πίστεώς

268 3070 389 3122 ἐπὶ
435 3071 544 3140 τὴν
569 3069 662 3121 τοῦ
687 3073 799 3134 ἐνὸς
822 3073 949 3125 Θεοῦ
979 3074 1038 3143 (ί.
1062 3077 1146 3144 15)
1175 3078 1367 3144 γνῶσιν
1401 3081 1730 3151 ἐληλυθότας,
1755 3089 1846 3140 καὶ

1945 3064 2010 3117 ad
2053 3062 2144 3117 Dei
2193 3065 2352 3118 unius
2397 3064 2672 3118 scientiam
2729 3075 3114 3133 pervenerunt,
3164 3082 3366 3138 suaque
3406 3069 3460 3122 in

271 3161 448 3229 ὑπερ
497 3159 600 3229 τῆς
657 3162 734 3222 εἰς
772 3161 925 3212 αὑτὸν
967 3162 1238 3226 εὐσεϐείας
1271 3170 1521 3230 παντοίας
1558 3170 1712 3242 μέχρι
1755 3175 1846 3226 καὶ

1942 3154 2184 3208 eumdem
2208 3157 2400 3222 pietate
2429 3169 2587 3208 omne
2603 3162 2983 3210 tormentorum
3005 3173 3170 3226 genus
3219 3165 3463 3213 mortem-

269 3250 546 3303 θανάτου
590 3249 833 3313 κολάσεις
873 3253 1275 3320 ὑπομείναντας.
1310 3255 1485 3326 Πέρας
1522 3259 1710 3329 ἔχουσα
1742 3264 1847 3315 τοί-

1944 3256 2047 3309 que
2104 3243 2272 3310 ipsam
2327 3243 2716 3297 sustinuerunt.
2783 3245 3132 3312 Apertissime
3187 3247 3349 3316 igitur
3393 3246 3460 3299 ad

266 3357 384 3391 νυν
435 3337 541 3389 καὶ
573 3336 708 3405 αὕτη
739 3338 915 3404 σαφῶς
945 3340 978 3408 η
1007 3343 1300 3410 προφητεία
1332 3344 1421 3397 ἐπὶ
1457 3345 1547 3398 τοῦ
1588 3350 1844 3420 ἡμετέρου

1945 3331 2270 3385 Salvatorem
2310 3341 2550 3385 nostrum
2583 3333 2695 3385 hac
2724 3341 2928 3400 spectat
2959 3335 3254 3402 prophetia.
3287 3335 3342 3388 Si
3371 3335 3458 3390 cui

267 3427 569 3495 Σωτῆρος
600 3426 970 3478 ἀποδείκνυται
987 3444 1000 3457 ο
1029 3424 1059 3497 ἢ
1103 3433 1420 3502 παραστήτω
1443 3449 1524 3498 τις
1549 3437 1700 3499 ἄλλος
1727 3441 1846 3492 ὲπι..

1942 3421 2158 3475 dubium
2200 3422 2458 3484 videatur,
2493 3421 2613 3482 alia,
2648 3422 2802 3485 libet,
2837 3433 3164 3492 proponatur
3199 3426 3460 3493 interpre-

267 3518 528 3577 δεικνὺς
557 3515 648 3566 ἐπὶ
678 3516 794 3566 τίνα
844 3515 907 3567 ἀν
931 3515 1094 3568 ταῦτα
1120 3519 1459 3590 ἀναφέροιτο·
1493 3525 1610 3576 καθ’
1633 3527 1773 3596 ἡμᾶς
1793 3529 1846 3580 δὲ

1942 3509 2091 3561 talio.
2123 3507 2283 3564 Nobis
2312 3517 2485 3562 autem
2501 3509 2835 3578 perspicuum
2866 3519 2948 3564 est
2977 3525 3217 3566 crescere
3243 3513 3294 3565 in
3318 3513 3455 3567 diem

266 3603 599 3676 πρόδηλον,
648 3603 721 3663 ώς
773 3603 864 3654 καὶ
906 3600 1118 3665 αὔξεται
1160 3603 1421 3677 ὁσημέραι
1461 3609 1550 3661 τοῦ
1603 3612 1844 3681 Σωτῆρος

1943 3599 2178 3667 spiritale
2210 3597 2504 3653 Salvatoris
2535 3599 2704 3652 nostri
2741 3613 2957 3667 regnum
3009 3600 3061 3653 in
3113 3600 3302 3653 animis
3333 3617 3454 3670 qua

262 3691 459 3763 ἡμῶν
500 3692 536 3759 ἡ
580 3691 740 3761 νοητὴ
771 3691 1004 3760 βασιλεία
1034 3710 1091 3744 τε
1118 3695 1208 3745 καὶ
1247 3696 1521 3751 δεσποτεία
1552 3700 1696 3769 παρά
1726 3705 1843 3764 ταῖς

1942 3689 2157 3742 verbum
2191 3689 2307 3756 ejus
2336 3695 2675 3757 acceperunt.
2699 3687 2902 3741 Elatum
2932 3696 3014 3742 est
3033 3689 3149 3757 ejus
3175 3691 3454 3758 praesentia

265 3780 734 3847 ὐποδεξαμέναις
779 3777 866 3832 τὸν
911 3782 1058 3850 λόγον
1105 3785 1260 3838 αὑτοῦ
1303 3786 1525 3856 ψυχαῖς·
1558 3786 1738 3858 ὑψώθη
1788 3791 1842 3843 δὲ

1942 3780 2084 3848 Agag
2129 3792 2366 3846 regnum,
2394 3778 2532 3846 quod
2577 3778 2790 3847 quidam
2829 3778 3120 3831 Romanum
3174 3779 3452 3849 imperium

260 3871 441 3925 κατὰ
490 3869 595 3938 τὴν
635 3871 926 3938 παρουσίαν
969 3873 1126 3926 αὑτοῦ
1159 3877 1249 3928 καὶ
1282 3877 1313 3944 ἡ
1343 3875 1460 3944 Γὼγ
1492 3877 1745 3944 βασιλεία,
1776 3879 1842 3949 ἢν

1942 3869 2268 3938 interpretati
2293 3879 2434 3931 sunt,
2458 3868 2544 3922 alii
2564 3883 2687 3922 vero
2704 3867 2980 3938 allegorice
3000 3869 3267 3923 caelestem
3283 3869 3456 3924 Evans

173 3963 180 3967 ’
262 3959 642 4027 ὑπειλήφασί
684 3975 824 4021 τινες
875 3956 1008 4012 εἶναι
1059 3963 1154 4032 τὴν
1207 3965 1481 4032 Ῥωμαίων
1520 3968 1837 4036 ἡγεμονίαν,

258 4051 442 4104 ἄλ)οι
473 4048 538 4101 δὲ
563 4048 832 4117 τροπικῶς
883 4049 976 4119 τὴν
1015 4051 1150 4103 κατά
1175 4049 1234 4105 τδ
1263 4055 1581 4122 Εὑαγγέλιον
1612 4057 1841 4126 ἐπουρά-

257 4158 398 4194 νιον
449 4137 751 4196 πολιτείαν.
792 4139 883 4191 καὶ
927 4139 1018 4209 τὴν
1057 4141 1161 4193 τῶν
1189 4141 1386 4212 νοητῶν
1408 4144 1682 4213 δογμάτων
1713 4145 1842 4199 θεω-

258 4228 436 4299 ρίαν,
498 4224 590 4276 διά
643 4224 797 4276 τούτο
838 4225 977 4292 Γὼγ,
996 4228 1126 4298 ὅπερ
1173 4227 1520 4300 ἑρμηνεύεται
1563 4231 1836 4302 δόγματα,

257 4312 662 4386 σημαίνεσθαι
693 4313 1026 4383 ὲξειλήφασιν
1047 4333 1060 4346 ⁸
1085 4317 1213 4370 ἀλλά
1241 4321 1332 4371 καὶ
1357 4323 1385 4372 6
1408 4320 1535 4383 Θεὸς
1569 4321 1839 4392 ὡδήγησεν

251 4406 456 4459 αὐτὸν
513 4402 574 4466 ἐξ
631 4403 919 4469 Αἰγύπτου,
960 4405 1133 4474 ῥητῶς
1173 4408 1267 4475 μὲν
1294 4409 1379 4461 ὅτε
1406 4410 1783 4480 χρηματισθεὶς
1809 4414 1836 4464 6

267 4500 509 4567 Ἰωσὴφ
567 4495 628 4559 ἐξ
670 4497 936 4564 Αἰγύπτου
971 4498 1284 4566 παραλαϐὼν
1323 4501 1419 4571 τὴν
1450 4503 1676 4573 Μαριὰμ
1719 4504 1831 4572 ἅμα

247 4589 349 4658 τῷ
383 4585 556 4639 παιδὶ
599 4585 768 4654 Ἰησοῦ
802 4586 1125 4654 ὑπέστρεψεν
1146 4589 1221 4648 εἰς
1239 4590 1336 4658 γῆν
1372 4591 1578 4662 Ἰσραὴλ
1602 4593 1831 4663 πληρου..

253 4678 465 4746 μένης
503 4675 604 4741 τῆς
635 4688 693 4723 τε
721 4671 812 4724 νῦν
837 4674 928 4725 καὶ
959 4673 1056 4742 τῆς
1089 4677 1146 4726 ὲν
1187 4677 1338 4748 Ὠσηὲ
1357 4679 1491 4730 κατὰ
1523 4679 1582 4732 τὸ
1623 4680 1831 4751 Ἐϐραῖ-

1942 4681 2133 4735 nostra,
2160 4688 2280 4726 cum
2313 4674 2381 4726 ab
2411 4671 2639 4742 Egypto
2668 4671 2894 4739 spiritali
2925 4678 2978 4724 et
3005 4670 3137 4722 locis
3179 4669 3452 4724 terrestri-

249 4767 377 4818 κδν
415 4761 522 4815 καὶ
553 4762 652 4830 τὴν
694 4761 908 4813 Ἀκύλου
935 4763 1218 4832 ἑρμηνείαν
1249 4769 1572 4836 προφητείας
1597 4771 1828 4838 φασκού-

1942 4763 2039 4816 bus
2070 4763 2136 4816 ad
2164 4764 2328 4816 caelos
2343 4762 2498 4815 Pater
2512 4776 2631 4815 eum
2645 4760 2844 4814 eduxit.
2877 4777 2895 4809 α
2914 4757 3188 4812 Fortitudo
3213 4777 3233 4809 ι
3273 4769 3450 4814 autem

249 4872 406 4923 σης,
459 4873 479 4903 σ
533 4852 622 4916 Ἐξ
669 4850 934 4916 Αἰγύπτου
969 4851 1317 4911 ὲκάλεσατὸν
1363 4856 1473 4906 υιόν
1515 4873 1643 4925 μου·
1685 4878 1702 4908 ι
1739 4860 1831 4910 καὶ

1942 4872 1956 4904 ι
1979 4853 2331 4906 rhinocerotis
2351 4872 2368 4903 ι
2391 4853 2442 4904 in
2472 4850 2748 4904 Salvatore
2772 4849 2945 4902 innuit
2962 4847 3210 4901 deitatem
3241 4849 3452 4918 paterni

245 4941 434 4998 κατὰ
470 4939 710 4991 διάνοιαν
741 4938 816 5000 δὲ,
866 4937 1092 5007 ὁπηνίκα
1131 4941 1192 4992 ὲκ
1227 4941 1322 5008 τῆς
1351 4944 1540 5012 νοητῆς
1565 4946 1829 5012 Αἰγύπτου

1942 4943 2080 5013 regni
2105 4956 2222 5010 quae
2242 4951 2322 4994 est
2355 4941 2406 4992 in
2429 4955 2511 4994 eo.

249 5036 368 5086 καὶ
393 5031 518 5083 τῶν
556 5028 678 5098 τῇδε
730 5027 905 5080 τόπων
937 5029 1025 5080 ἐπὶ
1046 5031 1168 5090 τοὺς
1200 5031 1452 5100 οὐρανοὺς
1480 5034 1590 5102 ἅμα
1619 5036 1899 5105 λαμϐάνων
1929 5035 2081 5089 αὑτὸν
2101 5037 2129 5086 6
2185 5031 2368 5103 Πατὴρ
2403 5030 2672 5100 ὡδήγησεν
2693 5047 2705 5062 ι
2741 5033 2775 5101 ή
2835 5030 2891 5083 δὴ
2922 5026 3178 5099 λεγομένη
3243 5045 3267 5079 ι
3337 5028 3458 5093 δόξα

251 5120 684 5198 μονοκερώτων
722 5139 740 5170 ι
777 5122 832 5171 ὲν
855 5119 932 5188 τῷ
953 5121 1153 5191 Σωτῆρι
1195 5123 1288 5193 τὴν
1325 5126 1380 5176 ἐν
1427 5127 1569 5196 αὑτῷ
1602 5127 1821 5198 θεότητα
1855 5133 1950 5201 τῆς
1971 5127 2232 5197 πατρικῆς
2257 5125 2538 5178 αἰνίττεται
2567 5123 2872 5194 μοναρχίας.
3434 5200 3436 5202 τ

337 5212 523 5268 Μετὰ
548 5209 716 5262 ταῦτα
744 5208 971 5276 εἴρηται,
991 5230 1008 5258 ο
1039 5209 1205 5263 ἔδεται
1231 5211 1350 5284 ἔθνη
1380 5216 1581 5285 ἐχθρῶν
1605 5219 1760 5270 αὑτοῦ
1780 5237 1825 5272 ο»

1991 5217 2120 5270 Post
2151 5217 2261 5270 haec
2283 5216 2498 5278 dicitur,
2532 5233 2550 5265 Ι
2582 5213 2921 5268 Devorabunt
2942 5217 3130 5280 gentes
3169 5208 3374 5263 hostes
3403 5209 3468 5259 il-

289 5323 371 5358 ,πα
411 5303 534 5370 γὰρ
560 5299 664 5350 ὑπὸ
693 5298 788 5367 τὴν
819 5293 1030 5366 διδαχὴν
1063 5301 1219 5352 αὑτοῦ
1247 5302 1460 5368 γέγονεν
1493 5305 1636 5374 ἔθνη,
1665 5309 1830 5362 ταῦτα

1945 5307 2045 5360 ius.
2086 5327 2102 5358 ι
2138 5305 2476 5374 Quaecunque
2501 5305 2601 5359 sub
2629 5305 2744 5372 ejus
2772 5302 3058 5370 disciplina
3086 5298 3322 5352 fuerunt
3351 5312 3473 5364 gen-

245 5395 558 5463 πρότερον
591 5389 744 5455 μερὶς
772 5387 1096 5452 τυγχάνοντα
1127 5388 1230 5439 τῶν
1251 5390 1454 5460 ἐχθρῶν
1489 5394 1666 5454 αὑτοῦ,
1698 5399 1830 5465 μετὰ

1945 5411 2022 5456 es,
2055 5411 2175 5448 cum
2207 5397 2356 5465 prius
2389 5394 2564 5464 praeda
2585 5395 2828 5448 hostibus
2861 5393 3057 5446 devota
3078 5395 3299 5445 essent.
3328 5398 3476 5438 nmo

243 5486 365 5552 ’τὴν
428 5483 515 5540 εἰς
567 5475 731 5527 αὑτὸν
783 5474 956 5525 πίστιν
1009 5476 1272 5544 ἐπιτήδεια
1311 5479 1494 5551 ῶσπερ
1531 5485 1606 5546 εῑς
1633 5485 1827 5554 βρῶσιν

1942 5486 2022 5539 lde
2045 5485 2097 5537 in
2126 5501 2245 5539 eum
2278 5492 2512 5554 accepta.
2544 5484 2646 5552 ipsi
2678 5483 2830 5538 facta:
2857 5489 2988 5537 sunt
3031 5477 3186 5548 quasi
3215 5488 3358 5529 esca
3384 5487 3478 5540 pa-

241 5568 461 5636 ιαυτῷ
507 5561 905 5617 κατεσκεύασεν
946 5563 1010 5614 τὰ
1055 5565 1147 5633 μὲν
1173 5566 1340 5635 πάχη,
1381 5571 1520 5622 τοῦτ’
1562 5573 1674 5626 ἔστι
1723 5577 1828 5629 πᾶν

1942 5584 2054 5630 'ata.
2088 5574 2221 5632 Ossa
2242 5591 2389 5642 vero,
2419 5575 2472 5630 id
2517 5584 2598 5629 est
2652 5575 3039 5645 quodcumque
3069 5568 3126 5621 in
3157 5566 3239 5620 eis
3277 5573 3474 5616 carna-

1939 3959 2059 4028 gelii
2088 3958 2467 4027 rempublicam
2504 3966 2555 4012 et
2588 3957 2905 4026 spiritalium
2927 3959 3230 4028 dogmatum
3265 3975 3454 4028 specu-

1938 4046 2222 4109 lationem,
2263 4044 2374 4116 Gog
2405 4047 2551 4116 (sire
2578 4045 2753 4115 Agag)
2797 4046 3035 4115 dogmata
3097 4047 3448 4116 signiﬁcante.

1939 4134 2041 4188 Sed
2067 4143 2119 4188 et
2143 4134 2280 4188 Deus
2314 4135 2496 4189 eduxit
2523 4151 2642 4189 eum
2678 4135 2744 4189 de
2774 4121 3022 4206 Egypto,
3057 4137 3299 4191 videlicet
3326 4151 3449 4192 cum

1935 4223 2169 4293 Joseph,
2231 4223 2411 4278 divina
2469 4226 2798 4294 apparitione
2850 4226 3188 4290 admonitus,
3230 4225 3448 4281 Mariam

1935 4330 2054 4368 cum
2084 4330 2248 4383 puero
2277 4315 2485 4370 reduxit
2516 4316 2568 4369 in
2604 4324 2801 4371 terram
2829 4317 3012 4380 Israel,
3043 4323 3102 4369 ut
3142 4315 3254 4370 hinc
3304 4331 3451 4374 com-

1936 4405 2169 4472 pleretur
2209 4419 2416 4459 necnon
2473 4405 2628 4468 Osee,
2686 4405 2975 4460 secundum
3025 4396 3340 4458 Hebraicum
3399 4413 3449 4461 et

1861 4482 1905 4536 Ῑ)
1933 4495 2132 4563 Aquilae
2175 4495 2696 4564 interpretationem,
2738 4493 3014 4564 prophetia
3046 4494 3230 4547 dicens
3264 4509 3278 4544 :
3317 4511 3336 4545 ι
3370 4495 3452 4548 Ah

1933 4583 2161 4652 ASgypto
2214 4583 2396 4638 vocavi
2448 4583 2611 4636 lilium
2660 4597 2834 4636 meum
2853 4583 2920 4648 “;
2955 4601 2972 4631 ι
3005 4589 3058 4634 at
3107 4596 3135 4634 e
3188 4584 3448 4637 sententia

460 5717 634 5772 Num.
673 5727 812 5776 xxiv,
849 5713 959 5764 7-9.
1036 5715 1078 5746 “
1113 5714 1226 5770 Ose.
1266 5735 1349 5784 ιι,
1385 5719 1434 5775 ι.
