3926 6386
421 405 551 459 1071

416 521 466 574 le
492 525 547 573 et
577 521 851 578 terrestre,
906 511 1228 565 imminuens
1254 517 1307 564 et
1357 509 1614 563 attentius
1641 507 1950 574 explorans,
1980 536 2021 593 Α

413 611 718 669 esculentos
751 604 963 675 propria
993 605 1201 657 cultura
1250 604 1458 656 fructus
1489 602 1570 654 eis
1598 598 1797 654 eﬂ‘ecit.
1828 596 1953 652 Haec

417 711 590 756 autem
645 697 978 767 Spiritalibus
1024 704 1077 748 et
1120 693 1530 747 rationabilibus
1556 696 1844 744 exsecutus
1874 695 1955 741 est

417 790 643 861 sagittis,
678 800 905 843 veterem
936 786 1172 856 gentium
1205 786 1418 845 ducem.
1450 783 1646 851 suique
1675 779 1955 833 inimicum

416 881 739 951 perfodiens,
770 877 973 933 scilicet
1004 877 1297 931 diabolum.
1324 873 1474 939 Quod
1502 872 1590 933 ad,
1626 890 1644 922 ι
1673 869 1956 923 Accubans

419 971 670 1025 dormivit
700 976 756 1022 ut
784 969 886 1029 leo,
919 986 936 1018 ι
973 966 1074 1020 hoc
1106 965 1214 1019 fere
1268 962 1459 1016 iisdem
1492 962 1671 1015 verbis
1702 975 1731 1011 a
1754 957 1957 1011 Jacobo

420 1062 474 1115 in
498 1062 612 1116 suis
640 1060 706 1113 de
737 1058 872 1113 Juda
900 1055 1190 1126 prophe‘t’iis
1236 1055 1437 1107 dictum
1486 1061 1605 1118 est;
1650 1051 1809 1119 cujus
1835 1064 1961 1103 sen-

421 1165 538 1204 sum
569 1148 679 1216 jam
711 1149 763 1199 in
815 1162 913 1200 suo
945 1146 1062 1199 loco
1115 1144 1417 1213 expositum
1451 1156 1558 1195 non
1618 1139 1955 1194 iterabimus.

422 1234 759 1290 Manifestum
788 1243 866 1287 est
891 1240 1067 1285 autem
1102 1231 1243 1300 quod
1277 1230 1492 1284 Christo
1517 1226 1959 1282 benedicentibus

423 1324 564 1379 Deus
586 1322 878 1377 benedicet.
900 1322 975 1373 Ac
1005 1320 1050 1373 si
1080 1335 1177 1373 nos
1212 1326 1625 1373 exsecrarentur
1659 1326 1716 1369 ut
1741 1324 1793 1370 et
1816 1322 1961 1369 vete-

424 1429 534 1468 rem
570 1413 659 1465 Dei
690 1412 941 1480 populum
974 1410 1232 1487 Egyptii,
1270 1409 1324 1462 in
1368 1408 1522 1462 nobis
1552 1416 1731 1460 tamen
1765 1406 1958 1473 imple-

423 1511 610 1558 rentur
663 1510 715 1557 et
771 1502 861 1554 illa
910 1520 922 1556 :
974 1518 991 1552 ι
1029 1500 1348 1568 Quantoque
1395 1497 1769 1567 opprimebant
1817 1510 1914 1549 eos
1942 1533 1957 1556 ,

423 1601 571 1648 tanto
594 1594 762 1658 magis
791 1590 1283 1660 multiplicabantur
1311 1596 1364 1642 et
1392 1586 1706 1641 crescebant
1729 1584 1815 1638 δι’.
1840 1601 1858 1634 ι
1899 1583 1963 1635 Et

426 1699 555 1738 sane
585 1682 813 1752 quodam
846 1681 1005 1734 modo
1046 1678 1478 1733 maledictionem
1515 1682 1839 1746 acceperunt
1869 1674 1962 1743 qui

425 1776 551 1829 olim
588 1774 636 1828 ei
686 1772 1099 1834 maledixerunt,
1158 1773 1523 1825 exclamantes
1557 1785 1570 1820 :
1611 1786 1630 1820 ι
1664 1766 1960 1837 Cruciﬁge,

1107 395 1196 451 ΕΠ
1206 394 1373 449 SE81!
1409 389 1882 450 CESARIENSES
1915 387 1969 444 01

2101 384 2282 442 PARS
2302 372 2908 441 ιιι-έιῑχιεςετιολ.

3660 354 3804 409 10Ἰί

2054 498 2405 570 σνμπεφυκδς
2429 497 2612 557 αὐτοῖς
2641 490 2842 545 ὑλικὸν
2895 484 3005 540 καὶ
3041 466 3681 570 γήϊνον,
3709 465 3806 567 καὶ

2054 555 2663 658 ἐξίχνεῦωνίκαρποῗὺς
2710 581 2772 632 δὲ
2824 574 3189 648 τροφίμους
3239 565 3357 617 διὰ
3418 563 3540 658 τῆς
3601 555 3809 658 Emito-'5

2053 652 2320 749 γειξίργίας
2354 652 2539 737 cocci;
2591 669 2878 743 ἐμποιῶν.
2922 664 3150 718 Ταῦτα
3196 659 3273 712 δὲ
3308 654 3665 749 εἰργάσατο
3697 652 3811 749 τρῖς

2054 742 2257 839 νοητοίς
2278 768 2371 819 καὶ
2395 742 2636 832 λογικοῖς
2665 762 2884 832 βέλεσι,
2924 757 3035 809 τὸν
3064 751 3288 806 πάλαι
3315 747 3454 800 τῶν
3486 743 3681 839 ἐθνῶν
3715 742 3813 839 ἆρ-

2053 875 2210 929 χοντα
2234 857 2422 927 ἐχθρὸν
2447 856 2577 907 ὄντα
2611 851 2820 904 ἑαυτοῦ
2841 841 3372 910 κατατοξεύσας,
3408 834 3698 889 τουτέστι
3725 833 3814 884 τὸν

2055 924 2449 1003 διάϐολονίτὰ
2492 945 2537 996 δ’
2582 939 2829 1013 ἀπὸτοῦ
2876 958 2897 988 ι
2936 928 3407 991 Κατακλιθεὶς
3436 924 3815 980 ἀνεπαύσατο

2054 1040 2127 1102 ὡς
2155 1039 2306 1101 λέων,
2337 1056 2354 1088 ι
2391 1036 2576 1105 σχεδὸν
2610 1034 2808 1095 αὐτοῖς
2833 1031 3082 1102 ῥήμασι
3123 1024 3251 1077 καὶ
3284 1021 3419 1074 ὑπὸ
3444 1017 3559 1071 τοῦ
3614 1015 3816 1069 Ἰακὼϐ

2058 1133 2115 1184 ἐν
2138 1131 2255 1191 ταῖς
2284 1127 2408 1197 περὶ
2439 1125 2536 1177 τοῦ
2580 1123 2764 1177 Ἰούδα
2817 1116 3273 1190 προφητείαις
3322 1110 3587 1182 εἴρηται
3610 1124 3628 1137 ο
3658 1106 3818 1160 ἅτινα

2058 1222 2235 1274 ὁποῖον
2260 1196 2368 1286 ἔχει
2398 1216 2520 1268 νοῦν
2548 1214 2695 1267 κατὰ
2734 1211 2812 1265 τὰ
2846 1206 3278 1263 ὑποπεσόντα
3316 1203 3482 1271 ¹ἡμῖν
3512 1196 3816 1267 ἐκθέμενοι

2058 1311 2118 1363 οὑ
2140 1309 2565 1378 παλιλογήσομεν
2585 1322 2598 1335 ·
2630 1304 2802 1375 δῆλον
2833 1302 2899 1354 δὲ
2949 1297 3284 1367 τυγχάνει
3335 1295 3520 1354 ὅπως
3573 1291 3750 1360 ἡμεῖς
3771 1291 3815 1341 οἱ

2058 1401 2149 1453 τὸν
2192 1398 2422 1469 Χριστὸν
2450 1394 2816 1464 εὐλογοῦντες
2858 1390 2972 1444 τοῦ
3012 1388 3189 1442 Θεοῦ
3212 1383 3681 1456 ηὐὶογήμεθασ

2061 1489 2166 1558 γὰρ
2210 1468 2576 1557 βδελύσσοιντο
2616 1485 2772 1554 ἡμᾶς
2821 1480 2907 1543 ὡς
2943 1479 3065 1532 καὶ
3129 1480 3251 1529 τὸν
3303 1473 3513 1528 πάλαι
3552 1471 3660 1525 τοῦ
3685 1468 3813 1525 Θεοῦ

2061 1579 2184 1631 λαὸν
2211 1581 2257 1630 oi
2286 1577 2592 1644 Αἰγύπτιοι,
2644 1574 2807 1642 ὅμως
2839 1567 3224 1640 πληροῦταί
3263 1584 3348 1635 γε
3386 1566 3507 1619 καὶ
3550 1566 3650 1632 ἐφ’
3692 1564 3815 1633 ἡμῖν

2060 1668 2141 1730 τὸ,
2165 1687 2181 1717 ι
2202 1666 2321 1720 καθ’
2351 1668 2470 1719 ὅσον
2494 1665 2550 1717 δὲ
2573 1662 2923 1717 ἐταπείνουν
2950 1661 3239 1721 αὐτοὺς,
3281 1656 3581 1726 τοσούτῳ
3601 1653 3816 1719 πλείους

2064 1757 2313 1825 ἐγίνοντο,
2333 1755 2425 1808 καὶ
2458 1755 2642 1823 ἴσχυον
2674 1752 2902 1822 σφόδρα
2932 1750 3195 1821 σφόδρα
3221 1765 3239 1777 ·
3281 1768 3301 1798 ι
3345 1748 3465 1800 καὶ
3496 1745 3687 1813 σαφὲς
3707 1745 3814 1796 τίνα

426 1862 676 1933 crucillge
704 1878 824 1916 eum
860 1861 927 1912 ⁸⁵.
965 1880 981 1912 ι
1017 1858 1319 1913 Maledictiu
1349 1860 1490 1913 enim
1526 1873 1658 1912 crux
1680 1864 1817 1920 erat,
1850 1856 1961 1911 sic-

2083 1849 2261 1920 ;ρόπον
2308 1846 2405 1916 τὴν
2456 1842 2708 1912 κατάραν
2757 1842 3105 1911 εἰλήφασιν
3176 1840 3242 1892 οἱ
3308 1835 3603 1908 ἐξαρχῆς
3658 1834 3812 1888 αὐτὸν

427 1959 485 2005 ut
513 1952 712 2005 dictum
750 1957 833 2004 est
865 1968 878 2003 :
911 1967 929 1999 ι
968 1947 1283 2002 Malcdictus
1314 1947 1490 2000 omnis
1534 1947 1626 2016 qui
1676 1946 1873 2015 pendet
1904 1945 1959 1997 in

429 2042 574 2113 ligno
602 2041 690 2096 δ”.
732 2060 750 2092 ι
784 2040 884 2106 Qui
907 2051 1083 2094 autem
1114 2039 1325 2090 illorum
1355 2036 1601 2105 injuriain
1634 2049 1826 2105 passus
1856 2039 1960 2099 est,

429 2146 460 2186 α
486 2131 639 2186 Patre
668 2131 972 2194 extollitur;
995 2129 1048 2182 hi
1067 2143 1212 2190 vero,
1235 2129 1373 2196 quia
1400 2126 1507 2179 Deo
1528 2124 1791 2179 maledicti
1814 2134 1959 2187 sunt,

433 2230 744 2291 perpetuum
778 2225 832 2274 in
859 2220 1052 2275 saecula
1087 2225 1409 2287 acceperunt
1456 2216 1795 2285 supplicium.
1830 2214 1962 2268 Illud

431 2313 573 2368 enim
603 2313 856 2367 attentius
876 2311 1263 2373 consideranti,
1307 2309 1395 2363 Dei
1423 2308 1705 2377 potestatis
1733 2321 1964 2375 appare-

434 2405 511 2460 bit
536 2403 866 2474 magnitudo,
893 2418 986 2458 eos
1014 2403 1211 2471 quibus
1235 2401 1399 2455 semel
1434 2399 1728 2461 maledixit,
1761 2398 1816 2450 in
1844 2411 1966 2465 per-

434 2504 649 2565 petuum
703 2494 1092 2564 persequentis.
1154 2491 1264 2544 Hoc
1296 2488 1601 2559 signiﬁcant
1648 2501 1709 2542 ea
1761 2487 1962 2540 verba:

441 2604 458 2635 ι
493 2584 596 2650 Qui
628 2583 999 2639 benedixerint
1032 2582 1152 2645 tibi,
1176 2589 1331 2633 erunt
1359 2587 1411 2633 et
1432 2579 1533 2647 ipsi
1550 2576 1814 2631 benedicti
1837 2593 1852 2640 ;
1875 2576 1967 2644 qui

436 2673 823 2738 maledixcriut,
852 2674 904 2726 in
933 2671 1302 2725 maledictione
1330 2668 1735 2737 reputabuntur.
1773 2685 1791 2718 ι

1005 2859 1227 2916 CAPUT
1255 2858 1392 2912 XIV.

779 2953 861 3007 Ex
883 2962 1069 3022 quarta
1091 2950 1312 3003 Balaam
1341 2947 1632 3016 prophetia..

514 3063 532 3097 ι
566 3044 778 3099 Orietur
807 3044 959 3097 stella
1006 3057 1070 3095 ex
1104 3038 1290 3105 Jacob,
1337 3046 1391 3094 et
1429 3044 1717 3107 consurget
1767 3035 1849 3090 vir
1903 3034 1970 3090 de

441 3134 624 3193 Israel,
660 3140 714 3186 et
742 3131 1004 3203 percutiet
1022 3129 1186 3185 duces
1220 3127 1395 3191 Moab,
1423 3126 1760 3195 vastabitque
1785 3140 1973 3181 omnes

2060 1939 2488 2011 καταρασάμενοι
2513 1936 2599 1989 διὰ
2638 1934 2766 1996 τοῦ,
2794 1953 2813 1984 ι
2838 1932 3177 2004 Σταύρου,
3229 1930 3529 2000 σταύρου
3562 1928 3761 1981 αὐτόν’
3793 1946 3809 1975 ι

2060 2031 2299 2101 κατάρας
2324 2029 2432 2099 γὰρ
2460 2023 2527 2097 ἦν
2549 2029 2578 2079 ὁ
2610 2024 2881 2095 σταυρὸς,
2898 2024 3081 2077 κατὰ
3118 2022 3229 2086 τὸ,
3258 2040 3283 2071 ε
3343 2019 3812 2090 Ἐπικατάρατος

2060 2123 2168 2182 πᾶς
2192 2122 2220 2171 ὁ
2248 2119 2593 2190 κρεμάμενος
2620 2115 2714 2168 ἐπὶ
2738 2114 2943 2178 ξύλου.
2992 2131 3017 2164 ι
3075 2113 3263 2167 Ἀλλ’
3296 2114 3334 2165 ὁ
3363 2113 3486 2182 μὲν
3509 2111 3624 2179 τὴν
3646 2108 3810 2161 αὐτῶν

2061 2208 2355 2278 ὑπομείνας
2391 2204 2634 2274 κατάραν
2672 2204 2783 2255 ὑπὸ
2810 2204 2919 2254 τοῦ
2968 2202 3259 2273 Πατρὸς
3290 2199 3739 2273 ὑπερύψωταν
3768 2196 3808 2249 οἱ

2062 2298 2117 2350 δὲ
2152 2298 2287 2366 πρὸς
2321 2294 2488 2349 αὑτοῦ
2541 2292 2636 2346 τοῦ
2670 2291 2816 2345 Θεοῦ
2848 2292 3370 2364 καταραθέντες
3409 2292 3701 2362 ἐπίμονον
3743 2290 3808 2350 εἰς

2064 2386 2235 2439 αἰῶνα
2273 2386 2554 2456 εἰλήφασιν
2594 2384 2824 2457 ὄλεθρον
2851 2402 2866 2414 ·
2900 2385 2975 2438 ὃν
3013 2387 3081 2438 εί
3136 2385 3252 2439 ἐπ’
3294 2384 3574 2456 ἀκριϐές
3608 2400 3694 2447 τις
3728 2383 3808 2434 ἐπ-

2064 2475 2220 2542 εξίοι,
2258 2477 2538 2547 δυνάμεως
2563 2475 2701 2528 Θεοῦ
2746 2476 3105 2545 κατόψεται
3154 2478 3474 2549 μέγεθος,
3509 2479 3600 2541 εἰς
3630 2477 3711 2529 ἔτι
3731 2475 3806 2528 νῦν

2069 2566 2358 2637 μετιούσης
2416 2568 2543 2629 τοὺς
2609 2564 2762 2631 ἅπαξ
2826 2566 2989 2638 πρὸς
3054 2568 3283 2622 αὐτοῦ
3345 2568 3805 2640 κατηραμένους.

2065 2656 2250 2708 Ταῦτα
2284 2655 2438 2724 0215
2466 2660 2541 2723 γ’ν)
2574 2656 2652 2717 είς
2680 2654 2745 2706 τὸ
2784 2672 2807 2705 ι
2846 2655 2977 2707 Καὶ
3005 2657 3073 2708 οἱ
3105 2655 3553 2724 εὐλογοῦντες
3582 2673 3648 2709 σε
3672 2653 3805 2708 εὐλό-

2070 2763 2291 2815 γηνται,
2321 2746 2417 2799 καὶ
2437 2748 2489 2799 οἱ
2520 2743 2916 2816 καταρώμενοι
2957 2762 3033 2798 σε
3064 2748 3197 2800 xui.
3223 2750 3650 2819 κατάραν-ται.
3693 2764 3713 2798 ι

2602 2856 3047 2909 ΚΕΦΑΛΑΙΟΝ
3082 2860 3189 2911 ΙΔ⁰
3200 2900 3217 2912 .

2278 2952 2376 3003 Ἐκ
2394 2948 2579 3017 τῆςδ⁴
2611 2946 2721 3002 τοῦ
2767 2947 3070 3016 Βαλαὰμ
3142 2953 3624 3020 προφητείας.

2148 3060 2167 3092 ι
2215 3042 2493 3095 Ἀνατελεῖ
2527 3041 2725 3110 ἄστρον
2789 3038 2855 3103 ἐξ
2901 3039 3195 3108 Ἰακὼϐ,
3249 3044 3374 3097 καὶ
3431 3044 3803 3115 ἀναστήσεται

2073 3129 2359 3200 ἄνθρωπος
2386 3128 2448 3193 ἐξ
2480 3127 2718 3199 Ἰσραὴλ,
2750 3128 2853 3181 καὶ
2888 3126 3190 3199 θραύσει
3252 3134 3586 3203 ἡγεμόνας
3627 3128 3801 3191 MM,

444 3225 579 3277 ﬁlios
622 3220 749 3276 Setb
781 3221 846 3276 “.
887 3240 905 3271 ι
965 3219 1055 3275 Dei
1074 3217 1329 3279 Verbum,
1367 3235 1386 3268 ι
1415 3232 1535 3271 cum
1569 3215 1862 3269 exinanivit
1892 3231 1969 3271 se-

2083 3222 2170 3275 καὶ
2195 3221 2559 3293 προνομεύσει
2620 3220 2838 3283 πάντας
2897 3220 3094 3286 υἱοὺς
3164 3224 3335 3296 Σήθ.
3380 3246 3404 3277 s
3454 3227 3524 3279 Ὀ
3561 3226 3661 3279 τοῦ
3687 3223 3802 3278 Θεοῦ

442 3312 747 3380 metipsum,
782 3307 1007 3364 formam
1056 3306 1195 3362 servi
1246 3306 1536 3374 accipiens,
1568 3311 1620 3358 et
1671 3304 1852 3357 habitu
1886 3303 1969 3357 in-

441 3411 632 3459 ventus
655 3411 737 3456 est
770 3409 828 3454 ut
857 3401 1014 3454 homo
1045 3399 1111 3462 ⁵⁷,
1149 3415 1168 3449 ι
1208 3396 1361 3451 stella
1390 3411 1495 3449 non
1518 3410 1682 3464 parva
1712 3394 1966 3459 surrexit,

443 3507 551 3546 non
575 3506 702 3546 vero
729 3489 915 3550 Iacob,
945 3490 1037 3543 sed
1070 3502 1136 3542 ex
1189 3484 1374 3539 Jacob.
1431 3485 1709 3554 Corporali
1742 3486 1968 3554 primum

446 3583 639 3652 populo
655 3578 1105 3640 cireu-mcisionis,
1129 3576 1323 3632 deinde
1339 3576 1548 3630 cunctis
1571 3575 1820 3644 gentibus
1850 3576 1971 3631 illu-

442 3674 541 3727 xit.
572 3671 854 3741 Digressus
886 3669 954 3723 ab
984 3668 1073 3731 iis,
1122 3682 1229 3722 non
1285 3681 1448 3736 parva
1501 3666 1758 3721 sustinuit
1810 3665 1969 3728 bella,

444 3763 733 3832 purificans
769 3778 787 3811 ι
825 3759 1084 3814 adversus
1117 3764 1411 3827 potestates
1436 3763 1488 3811 et
1543 3754 1841 3825 spiritualia
1873 3769 1971 3808 ne-

445 3850 630 3918 quitiae
640 3848 687 3880 ⁵⁸
702 3865 717 3913 ;
731 3866 749 3899 ι
767 3848 962 3916 quibus
981 3846 1224 3908 devictis,
1241 3844 1489 3914 pabulum
1512 3843 1714 3912 paravit
1733 3842 1788 3897 in
1807 3842 1977 3896 haere—

444 3940 663 3993 ditatem
690 3951 864 4000 suam,
908 3944 1091 4006 gentes
1113 3935 1437 4004 suscipiens.
1469 3948 1798 4003 quaecunque
1824 3932 1975 4002 prius

446 4029 547 4084 sub
578 4042 763 4082 eorum
792 4026 994 4081 ditlone
1019 4034 1194 4082 erant.
1242 4025 1317 4080 Dc
1349 4024 1543 4093 quibus
1589 4022 1747 4077 Pater
1774 4023 1822 4077 ei
1878 4038 1975 4078 ex-

448 4132 633 4187 presse
686 4117 955 4187 pollicitus
998 4124 1082 4170 est
1126 4116 1356 4171 dicens:
1388 4134 1406 4166 ι
1448 4115 1665 4171 Pustula
1706 4129 1737 4168 a
1778 4130 1885 4178 me,
1923 4122 1977 4169 et

449 4206 588 4261 dabo
616 4206 713 4260 tibi
770 4213 954 4275 gentes
982 4205 1345 4259 hereditatem
1375 4212 1543 4267 tuam,
1570 4214 1623 4265 et
1673 4205 1976 4273 possessio-

451 4309 572 4350 nem
595 4301 738 4350 tuam
769 4294 1028 4349 terminos
1057 4302 1211 4349 terra:
1235 4296 1298 4349 δ’.
1338 4313 1356 4346 ι

1033 4486 1258 4541 CAPUT
1293 4486 1405 4540 XV.

686 4576 763 4629 Ea:
792 4578 1208 4633 Deuteronomio.
1245 4577 1444 4646 Moyses
1470 4585 1547 4630 est
1565 4574 1775 4628 dicens:

527 4682 547 4717 ι
581 4665 899 4735 Prophetam
931 4669 997 4724 de
1020 4668 1276 4722 fratribus
1317 4666 1447 4729 tuis,
1480 4666 1623 4721 sicut
1676 4679 1780 4731 me,
1809 4662 1983 4719 susci-

453 4758 588 4813 tabit
608 4756 861 4813 Dominus
888 4758 1029 4814 Deus
1075 4767 1198 4813 tuus
1227 4774 1242 4810 :
1275 4759 1448 4829 ipsum
1479 4756 1686 4821 audies,
1718 4763 1778 4810 ut
1805 4754 1983 4825 petisti

456 4864 488 4903 ι
507 4848 730 4903 Domino
761 4846 868 4903 Deo
900 4856 992 4902 tuo
1022 4849 1075 4902 in
1105 4848 1301 4913 Horeb,
1326 4847 1542 4917 quando
1564 4848 1753 4901 concio
1767 4857 1984 4913 congre—

458 4944 577 5005 gata
606 4947 705 4999 est,
735 4945 891 5005 atque
919 4937 1101 4990 dixisti
1138 4953 1152 4989 :
1188 4937 1337 4992 Ultra
1391 4951 1502 4991 non
1550 4936 1764 4990 audiam
1797 4944 1980 4988 vocem

459 5024 667 5079 Domini
688 5026 779 5081 Dei
806 5027 931 5090 mei,
961 5035 1014 5080 et
1041 5027 1216 5096 ignem
1240 5030 1384 5084 hunc
1430 5026 1723 5080 maximqu
1750 5022 1981 5090 amplius

462 5128 571 5167 non
599 5115 807 5181 videbo,
837 5131 903 5171 ne
935 5118 1158 5173 moriar.
1179 5119 1244 5174 Et
1259 5122 1333 5174 ait
1355 5115 1614 5171 Dominus
1639 5114 1769 5168 mihi
1801 5132 1813 5166 :
1844 5112 1981 5166 Bene

463 5202 641 5259 omnia
668 5212 792 5256 sunt
821 5205 1002 5262 locuti.
1031 5208 1351 5280 Propltetam
1369 5207 1648 5263 suscitabo
1675 5205 1754 5259 eis
1783 5205 1848 5259 de
1873 5217 1984 5255 me-

464 5288 555 5341 dio
583 5287 803 5344 fratrum
834 5310 1050 5350 suorum
1082 5300 1309 5358 similem
1338 5298 1414 5353 tui
1444 5315 1458 5350 :
1484 5302 1537 5350 et
1585 5308 1778 5366 ponam
1827 5290 1987 5346 verba

466 5384 585 5430 tuea
615 5377 669 5430 in
690 5393 782 5433 ore
808 5383 947 5449 ejus,
988 5388 1359 5464 loqueturque
1405 5386 1473 5442 ad
1524 5400 1617 5442 eos
1647 5383 1825 5439 omnia
1873 5394 1987 5449 qua

468 5476 764 5532 pmcepero
790 5470 858 5523 ei.
881 5463 1189 5539 Qui'auiem
1208 5463 1368 5541 verba
1421 5477 1560 5546 ejus,
1595 5490 1714 5543 quae
1744 5474 1988 5540 loquetur

469 5687 514 5718 ..
538 5611 789 5746 ἓξὲξ(ξῇ
813 5621 954 5739 ¹έ.¹²·
1027 5634 1070 5667 ⁸⁸
1266 5656 1375 5701 κείν

2073 3312 2245 3380 Λόγος
2272 3331 2290 3362 ι
2321 3310 2567 3374 κενώσας
2618 3309 2817 3364 ἑαυτὸν
2878 3311 2988 3365 καὶ⁸
3029 3315 3327 3387 μορφὴν
3375 3316 3594 3369 δούλου
3624 3315 3801 3377 λαϐὼν,

2075 3405 2169 3457 καὶ
2197 3404 2438 3473 σχήματι
2460 3400 2710 3472 εὑρεθεὶς
2752 3401 2833 3463 ὡς
2866 3401 3269 3473 ἄνθρωπος,
3321 3427 3344 3459 ι
3381 3409 3610 3481 ἄστρον
3640 3408 3700 3461 σὺ
3728 3423 3801 3475 μι.

2075 3493 2205 3564 κρὸν
2233 3492 2358 3561 οὐχὶ
2390 3490 2468 3560 τῷ
2514 3489 2715 3544 Ἰακὼὸ
2748 3491 3094 3557 ἀνέτειλεν,
3140 3496 3292 3551 ἀλλ’
3330 3500 3413 3552 ἐκ
3434 3499 3545 3552 τοῦ
3591 3493 3799 3551 Ἰακώϐ·

2076 3581 2183 3636 ἀπὸ
2208 3581 2318 3651 γὰρ
2336 3579 2432 3633 τοῦ
2480 3580 2808 3650 σωματικοῦ
2844 3580 2995 3634 λαοῦ
3032 3586 3193 3639 τῶν
3244 3590 3327 3641 ἐκ
3365 3593 3696 3662 περιτομῆς
3716 3590 3798 3658 ἀρ-

2076 3671 2323 3742 ξάμενος,
2382 3670 2551 3722 πᾶσιν
2597 3669 2900 3738 ἐπέλαμψε
2937 3675 3082 3735 τοῖς
3151 3676 3421 3731 ἔθνεσι·
3466 3676 3799 3749 μεταναστὰς

2075 3778 2135 3814 τε
2192 3760 2286 3812 ἀπ’
2323 3759 2571 3819 ἐκείνων,
2621 3759 2685 3811 οὐ
2725 3760 2987 3829 μικροὺς
3034 3765 3391 3837 πολέμους
3415 3768 3797 3840 διεχειρίσατο,

2078 3850 2353 3920 καθαίρων
2382 3867 2402 3900 ι
2433 3849 2535 3912 τὰς
2556 3850 2971 3920 ἀντικειμένας
3006 3853 3371 3927 δυνάμεις,
3401 3862 3512 3913 καὶ
3555 3861 3629 3913 τὰ
3659 3874 3800 3911 πνευ-

2082 3941 2282 4012 ματικὰ
2313 3938 2745 4009 τῆςηπονηρίας,
2787 3958 2806 3990 ι
2838 3940 2951 4005 οὒς
3004 3950 3639 4022 καταγωνισάμενος
3687 3965 3799 4018 προ-

2080 4031 2245 4101 νομὴν
2292 4029 2588 4099 ἐποιήσατο
2633 4029 2718 4091 είς
2766 4028 2871 4082 τὸν
2936 4032 3149 4088 αὑτοῦ
3209 4038 3482 4111 κλῆρον,
3516 4038 3798 4094 ἀπολαϐὼν

2080 4122 2179 4174 ὅσα
2205 4119 2465 4189 πρότερον
2496 4118 2594 4169 ὑπ’
2622 4119 2888 4184 ἐκείνους
2939 4122 3319 4198 ἐτύγχανεν
3363 4131 3513 4203 ἔθνη
3537 4149 3551 4162 ·
3576 4130 3709 4201 περὶ
3735 4122 3798 4181 ὧν

2080 4210 2108 4260 ὁ
2153 4208 2339 4276 Πατὴρ
2398 4206 2550 4277 αὐτῷ
2606 4212 3160 4282 κατεπηγγείλατο
3217 4221 3466 4274 εἰπών’
3518 4242 3538 4273 ι
3584 4223 3795 4289 Αἴτησαι

2083 4298 2209 4368 παρ’
2237 4295 2390 4366 ἐμοῦ,
2422 4297 2518 4348 καὶ
2541 4295 2709 4350 δώσω
2741 4315 2831 4352 σοι
2873 4300 3019 4373 ἔθνη
3057 4305 3193 4377 τὴν
3231 4309 3655 4382 κληρονομίαν
3696 4324 3794 4367 σου.

2083 4384 2177 4437 xa't
2201 4382 2296 4452 τὴν
2325 4381 2660 4450 κατάσχεσίν
2686 4401 2790 4438 σου
2822 4387 2902 4442 τὰ
2940 4390 3214 4462 πέρατα
3249 4400 3372 4469 τῆς
3405 4381 3547 4469 γῆς.
3592 4420 3613 4451 ι

2604 4494 3051 4554 ΚΕΦΑΛΑΙΟΝ
3089 4505 3225 4561 IE'.

2097 4584 2188 4634 Ἐκ
2214 4580 2316 4634 τοῦ
2353 4584 2867 4653 Δευτερονομίου.
2913 4593 3240 4665 Μωῦσῆς
3285 4600 3490 4653 ἐστιν
3514 4605 3552 4655 ὁ
3593 4601 3794 4669 λέγων

2159 4688 2176 4718 ι
2211 4670 2501 4760 Προφήτην
2523 4672 2593 4723 ἐκ
2622 4673 2740 4726 τῶν
2778 4676 3050 4747 ἀδελφῶν
3084 4700 3239 4749 σου,
3270 4687 3363 4751 ὡς
3406 4690 3544 4760 ἐμὲ,
3572 4688 3795 4755 ἀναστή-

2087 4777 2167 4812 σει
2216 4775 2296 4810 σοι
2338 4757 2546 4831 Κύριος
2587 4763 2619 4814 ὁ
2668 4763 2813 4831 Θεός
2846 4786 2949 4823 σου
2974 4786 2989 4799 ’
3022 4774 3234 4829 αὐτοῦ
3274 4757 3616 4833 ἀκούσεσθε
3665 4777 3792 4832 κατά

2087 4851 2278 4911 πάντα,
2330 4849 2435 4903 ὅσα
2480 4852 2680 4923 ᾐτήσω
2728 4859 2894 4930 παρὰ
2942 4863 3197 4933 Κυρίου
3224 4869 3340 4921 τοῦ
3389 4870 3544 4924 Θεοῦ
3605 4888 3699 4924 σου
3743 4871 3793 4921 ἐν

2083 4936 2280 5010 Χωρὴδ
2327 4941 2396 5030 τῇ
2428 4941 2619 5030 ἡμέρᾳ
2644 4945 2750 5015 τῆς
2764 4948 3121 5021 ἐκκλησίας,
3168 4957 3490 5029 λέγοντες,
3527 4963 3607 5014 Οὐ
3637 4974 3793 5030 atpos-

2085 5030 2317 5127 Ohfrotfev
2342 5029 2604 5127 _&xo§ca}
2638 5033 2746 5104 τῆς
2780 5039 2988 5127 φωνῆς
3020 5028 3276 5116 Κυρίου
3302 5049 3415 5102 τοῦ
3448 5049 3599 5103 Θεοῦ
3619 5028 3790 5120 ἡμῶν,

2084 5116 2269 5207 καὶ-τὸ
2298 5116 2410 5189 πῦρ
2436 5119 2497 5172 τὸ
2528 5120 2679 5189 μέγα
2720 5125 2898 5180 τοῦτο
2942 5130 3055 5184 οὐκ
3084 5133 3384 5206 ὀψόμεθα
3421 5138 3537 5202 ἔτι,
3572 5116 3697 5192 οὐδὲ
3726 5136 3789 5207 μὴ

2084 5204 2613 5297 ἁμάρτωμμενχιξαὶ
2667 5208 2836 5266 εἶπεν
2893 5218 3122 5290 Κύριος
3190 5204 3357 5295 πρὸς
3410 5229 3526 5296 μέ·
3590 5204 3787 5297 Ὀρθῶς

2090 5287 2287 5385 παντα,
2307 5291 2408 5385 ὅσα
2440 5293 2719 5366 ἐλάλησαν
2737 5316 2752 5330 ο
2793 5287 3107 5378 προφήτην
3147 5287 3492 5385 ἀναστήσω
3516 5287 3707 5375 αὐτοῦς
3730 5315 3786 5364 ἑκ

2090 5379 2256 5481 μέσον
2285 5382 2395 5436 τῶν
2437 5385 2692 5456 ἀδελφῶν
2742 5394 2971 5461 αὐτῶν,
3007 5397 3227 5473 ὥσπερ
3255 5405 3328 5457 σέ
3349 5379 3503 5459 ’.καὶ
3548 5404 3710 5458 δώσω
3734 5401 3784 5456 τδ

2089 5470 2240 5540 ῥῆμά
2265 5488 2366 5539 μου
2397 5474 2458 5527 ὲν
2494 5476 2576 5547 τῷ
2618 5480 2873 5552 στόματι
2908 5489 3112 5554 αὐτοῦ,
3145 5470 3263 5545 καὶ
3311 5494 3566 5568 λαλήσει
3604 5497 3782 5556 αὐτοῖς

1558 5629 1623 5660 ⁸⁸⁸
1641 5622 1759 5681 Gal.
1778 5638 1862 5688 ιιι,
1887 5622 1969 5676 15.

2083 5608 2268 5678 ‘Num.
2303 5629 2567 5695 xnv,l7.
2646 5634 2694 5666 δ’
2714 5634 2943 5711 Philip.
2989 5658 3060 5712 ιι,
3098 5645 3148 5700 7.
3239 5646 3292 5680 ⁸³
3338 5645 3560 5721 Ephes.
3592 5644 3777 5714 vr,li.
