3926 6370
229 421 375 479 1073
1236 416 1515 474 ECLOGA?
1556 412 1777 469 PROPII

1827 410 2024 466 TICA‘J.
2065 439 2133 455 «-
2175 411 2299 468 LIB.
2334 411 2353 464 I
3232 398 3372 454 ιοτι

228 534 352 586 καθ’
384 536 470 588 ὅτι
497 537 559 589 ἀν
595 536 907 606 ὲντείλωμαι
935 534 1093 605 αύτῷ.
1124 535 1233 587 Καὶ
1257 536 1284 587 6
1318 534 1591 604 ἄνθρωπος
1615 532 1673 593 ὃς
1696 529 1760 583 ἂν

1819 530 1911 589 lin
1934 528 2145 582 nomine
2180 542 2319 589 meo,
2352 525 2538 579 audire
2590 526 2838 588 noluerit,
2892 537 2991 592 ego
3045 521 3188 573 ultor
3227 516 3369 569 exsi-

230 624 306 694 μὴ
333 624 548 697 ἀκούσῃ
572 626 744 679 πάντα
766 604 861 678 ὅσα
895 625 959 677 ἂν
997 604 1194 694 λαλήσῃ
1223 624 1251 675 6
1289 624 1562 691 προφήτης
1581 622 1669 673 ἐπὶ
1688 619 1763 689 τῷ

1860 622 1996 666 stam
2023 614 2090 667 ”.
2120 632 2138 664 ›
2164 611 2330 678 Quem
2348 627 2472 665 vero
2502 610 2753 678 majorem
2775 626 2840 663 ex
2868 608 3052 666 ls'rael,
3083 612 3200 674 post
3229 604 3371 672 Moy-

224 711 453 782 ὀνόματί
481 696 720 784 μου,ὲγὼ
738 714 997 783 ἐκδικήσω
1019 713 1076 777 ἐξ
1101 712 1291 765 αὐτῶν.
1326 732 1343 762 ι
1368 712 1473 763 Καὶ
1491 711 1541 760 τί
1569 709 1761 777 μᾶλλον

1860 718 1967 757 sem
1986 702 2314 771 prophetam,
2341 700 2392 754 id
2408 707 2490 755 est
2512 699 2887 767 legislaturem,
2913 696 3371 784 hominum-gene-

222 796 338 867 ἔχοι
361 816 451 862 τις
467 782 532 854 ἐκ
547 801 638 855 τοῦ
663 800 871 872 Ἰσραὴλ
886 782 1022 853 κατά
1040 800 1270 853 Μωῦσέα
1300 797 1594 869 προφήτην,
1619 794 1758 847 τοῦτ’

1857 807 1917 845 re
1944 798 2138 853 ortum,
2169 790 2378 845 ostendi
2404 799 2600 859 potest,
2630 788 2735 842 nisi
2756 788 2929 840 solum
2973 785 3151 839 Jesum
3186 782 3376 849 Salva-

223 885 341 939 εστι
394 890 713 960 νομοθέτην,
769 889 860 942 τοῦ
899 888 1003 942 τῶν
1046 886 1335 958 ἀνθρώπων
1368 886 1549 953 γένους
1570 883 1753 936 ἀναδε-

1857 894 2022 937 torem
2055 882 2436 952 Dominumque
2464 890 2725 945 nostrum,
2757 880 2848 949 qui
2872 878 3000 932 Novi
3027 877 3370 937 Testamenti,

221 975 514 1045 δειγμένον
539 979 814 1045 ἐπιδεῖξαι,
838 979 872 1049 ἢ
905 980 1058 1049 μόνον
1101 976 1301 1046 Ἰησοῦν
1323 974 1409 1027 τὸν
1440 976 1656 1043 Σωτῆρα
1671 973 1761 1025 καὶ

1857 974 1977 1026 vitae
2023 973 2316 1028 secundum
2372 970 2753 1040 Evangelium,
2809 967 3079 1036 legislator
3126 966 3372 1020 omnibus

223 1063 433 1135 Κύριον
466 1066 639 1137 ἡμῶν,
673 1067 731 1130 6;
765 1070 860 1137 τῆς
899 1067 1099 1135 Καινῆς
1134 1064 1398 1133 Διαθήκης
1418 1063 1509 1115 τοῦ
1541 1063 1677 1114 κατά
1704 1061 1762 1113 τὸ

1857 1062 2225 1116 manifestatus
2250 1069 2334 1115 est
2356 1061 2624 1131 gentibus,
2660 1058 2947 1114 secundum
2998 1057 3141 1110 illam
3182 1056 3373 1125 psalmi

220 1153 564 1224 Εὐαγγέλιον
598 1158 711 1227 βίου
736 1157 1020 1228 νομοθέτης
1044 1157 1238 1209 ἅπασιν
1268 1155 1631 1221 ἀναπέφανται
1652 1156 1761 1216 τοῖς

1856 1153 2147 1206 orationem
2178 1168 2191 1202 :
2226 1169 2245 1201 ι
2275 1151 2574 1212 Constitue,
2624 1149 2866 1212 Domine,
2897 1146 3248 1215 legislaturem
3277 1159 3374 1198 su-

221 1243 447 1311 εθνεσι,
506 1249 643 1301 κατά
680 1248 776 1317 τήν
816 1248 873 1300 ἐν
917 1245 1108 1316 ψαλμῷ
1151 1247 1390 1315 φήσασαν
1431 1242 1760 1313 προφητικὴν

1857 1256 1949 1308 per
1963 1255 2055 1295 eos
2074 1256 2087 1290 :
2105 1249 2163 1294 ut
2189 1240 2360 1295 sciant
2382 1248 2566 1309 gentes
2593 1238 2845 1307 quoniam
2865 1236 3110 1290 homines
3133 1240 3257 1288 sunt
3271 1234 3370 1285 ⁸³.»

220 1333 427 1404 εὐχήνο
477 1355 498 1387 ι
541 1337 908 1406 Κατάστησον,
966 1336 1152 1405 Κύριε,
1208 1334 1497 1404 νομοθέτην
1549 1334 1756 1394 αὐτοῖς·

1857 1329 1951 1381 Hic
1981 1339 2154 1384 autem
2202 1330 2443 1384 liberavit
2500 1328 2726 1399 spiritali
2769 1325 3015 1395 Egypto,
3045 1325 3268 1392 ejusque
3293 1322 3376 1376 ιε.

217 1421 523 1487 γνώτωσαν
575 1425 698 1494 ἔθνη
724 1425 803 1477 ὅτι
840 1423 1104 1495 ἄνθρωποί
1140 1424 1307 1487 είσινς
1346 1440 1364 1473 ι
1397 1416 1557 1483 Οὗτος
1581 1421 1636 1473 δὲ
1671 1421 1762 1472 καὶ

1856 1420 2084 1483 terariis,
2108 1429 2161 1473 et
2188 1419 2378 1473 acerba
2406 1418 2510 1473 sub
2541 1417 2765 1487 spiritali
2820 1415 3096 1468 Pharaone
3118 1412 3377 1468 servitute

217 1508 574 1583 ἐλυτρὼσατο
618 1515 715 1581 τῆς
745 1514 934 1581 νοητῆς
979 1509 1263 1577 Αἰγύπτου,
1305 1510 1396 1562 καὶ
1422 1510 1518 1579 τῆς
1547 1511 1602 1561 ἐν
1626 1510 1757 1579 αὐτῇ

1854 1516 2113 1577 quotquot
2133 1508 2249 1577 ipso
2276 1508 2412 1563 duce
2441 1506 2509 1561 ad
2537 1508 2775 1561 omnium
2805 1505 2969 1559 Deum
2997 1509 3372 1573 pervenerunt.

217 1596 620 1663 πλινθοποιίας,
649 1602 745 1671 τῆς
790 1617 848 1652 τε
888 1600 1082 1669 πικρᾶς
1109 1598 1210 1650 ὑπὸ
1235 1598 1323 1650 τὸν
1353 1598 1533 1667 νοητὸν
1569 1596 1760 1666 Φαραῶ

1855 1596 1918 1650 Et
1934 1598 2110 1651 omnia
2141 1614 2259 1667 quae
2278 1598 2620 1666 corporaliter
2640 1611 2667 1648 a
2696 1596 2875 1666 Moyse
2906 1594 3041 1648 facta
3068 1601 3371 1655 n.-.rrantur.

213 1683 471 1751 δουλείας
525 1690 648 1751 τοὺς
690 1690 754 1741 δι’
809 1687 967 1741 αὐτοῦ
1008 1686 1504 1758 προ(σ)εληλυθότας
1548 1686 1625 1755 τῷ
1654 1684 1759 1737 τῶν

1855 1687 2081 1755 spiritali
2142 1688 2255 1757 lege
2289 1686 2534 1740 Salvator
2572 1686 2932 1755 Dominusque
2984 1690 3167 1736 noster
3204 1682 3375 1752 perfe-

212 1772 359 1827 ὄλων
392 1778 515 1847 Θεῷ
535 1795 547 1807 ·
579 1778 668 1830 καὶ
710 1778 880 1830 πάντα
916 1776 971 1828 δὲ
1004 1776 1185 1839 ἁπλῶς
1212 1776 1280 1829 τά
1311 1760 1625 1846 σωματικῶς
1655 1774 1757 1826 ὑπὸ

1823 1840 1825 1847 ι
1854 1781 1945 1828 cit.
1981 1775 2136 1830 Venit
2164 1792 2291 1846 ergo
2316 1784 2369 1829 et
2398 1790 2543 1830 nunc
2570 1776 2744 1829 adhuc
2769 1774 3109 1843 pervulgatus
3130 1780 3211 1825 est
3237 1770 3373 1838 apud

211 1831 506 1927 Μωῦσέως
530 1867 798 1934 γεγονέναι
829 1866 1030 1937 ίστορού
1040 1831 1322 1935 μενακατά
1349 1831 1438 1918 τδν
1464 1831 1752 1945 πνευματιτ

1824 1842 1825 1877 λ
1855 1864 2213 1920 Samaritanos
2225 1831 2293 1919 “et
2315 1862 2544 1929 Judaeos,
2564 1879 2720 1933 quem
2748 1831 2800 1920 et
2818 1831 3024 1933 Moyses
3051 1862 3374 1931 praenuntia-

215 1951 311 2005 κδν
352 1954 525 2023 νόμον
571 1957 599 2009 6
650 1955 832 2027 Σωτὴρ
863 1957 955 2009 καὶ
1003 1956 1200 2027 Κύριος
1236 1954 1390 2025 ἡμῶν
1421 1954 1755 2025 διεπράξατο.

1852 1958 1929 2009 vit
1962 1958 2235 2025 prepbeta,
2259 1957 2325 2012 de
2354 1972 2460 2025 quo
2514 1954 2654 2011 Deus
2707 1954 3071 2010 testimonium
3122 1951 3372 2015 reddidit,

225 2041 522 2112 Ἐλήλυθεν
550 2044 653 2115 ἀρα
688 2046 781 2098 καὶ
810 2048 838 2099 6
875 2046 1145 2112 διαϐόητος
1168 2045 1246 2097 ετι
1287 2044 1378 2097 καὶ⁵
1408 2043 1501 2096 νῦν
1532 2043 1679 2113 παρά
1699 2059 1758 2095 τε

1853 2044 2037 2100 dicens
2069 2060 2082 2096 :
2119 2062 2137 2095 ι
2177 2044 2279 2109 Qui
2321 2052 2496 2099 autem
2530 2044 2687 2099 verba
2738 2042 2876 2111 ejus,
2908 2055 3025 2111 quae
3048 2043 3289 2110 loquetur
3317 2040 3372 2092 in

216 2130 532 2201 Σαμαρεῦσι
555 2135 644 2185 καὶ
657 2134 939 2198 Ἰουδαίοις,
954 2135 1012 2187 6v
1036 2136 1127 2187 καὶ
1149 2135 1383 2203 Μωῦσῆς
1405 2132 1758 2203 προεθέσπισε

1854 2136 2068 2189 nomine
2093 2150 2229 2197 meo,
2262 2134 2449 2189 audire
2474 2134 2726 2195 noluerit,
2754 2148 2851 2201 ego
2878 2133 3017 2185 ultor
3038 2131 3306 2185 exsistam.
3348 2147 3368 2178 ι

216 2222 526 2290 προφήτης,
557 2224 682 2292 περὶ
731 2218 792 2276 οῦ
841 2222 1329 2295 προδιεμαρτύρατο
1348 2226 1376 2276 6
1404 2222 1533 2287 Θεὸς
1561 2223 1751 2291 λέγων·

1855 2223 2007 2279 Ultus
2038 2233 2123 2280 est
2142 2240 2270 2295 ergo
2292 2225 2605 2294 sanguinem
2662 2222 2898 2277 onminm
2932 2221 3000 2274 ab
3025 2220 3187 2274 Abele
3207 2233 3374 2287 usque

221 2324 240 2356 ι
269 2308 378 2360 Καὶ
413 2310 444 2361 6
471 2309 754 2379 ἄνθρωπος
777 2311 835 2373 δς
860 2311 953 2363 ὲάν
983 2312 1053 2381 μὴ
1091 2310 1293 2383 ἀκούσῃ
1315 2310 1486 2363 πάντα
1540 2311 1636 2363 ὅσα
1667 2310 1759 2363 ὲάν

1854 2314 1919 2366 ad
1937 2313 2247 2369 Zachariam
2262 2315 2401 2368 inter
2416 2314 2666 2382 templum
2688 2322 2739 2367 et
2758 2312 2924 2365 altare
2945 2308 3281 2364 interfectum
3295 2309 3371 2375 ⁸¹;

215 2395 419 2467 λαλήσῃ
456 2397 488 2448 6
516 2403 797 2469 προφήτης
823 2402 879 2452 ὲν
904 2399 980 2469 τῷ
1014 2400 1232 2469 ὀνόματί
1262 2417 1380 2469 μου,
1411 2401 1673 2471 ἐκδικήσω
1700 2402 1759 2467 ἐξ

1855 2404 1998 2458 ultus
2020 2411 2104 2458 est
2126 2402 2420 2458 Salvaturis
2480 2403 2781 2473 passionem
2824 2401 3116 2471 praesertim
3168 2399 3220 2452 in
3254 2398 3375 2452 illos

216 2487 394 2540 αὐτοῦ.
428 2506 449 2538 ι
491 2487 857 2557 Ἔκδεδίκηταί
887 2490 938 2557 γ’
988 2485 1079 2542 οὖν
1123 2488 1183 2541 τὸ
1220 2485 1358 2560 αἷμα
1398 2491 1605 2543 πάντων
1652 2491 1758 2543 τῶν

1853 2491 1945 2559 qui
1996 2491 2252 2546 adversus
2304 2506 2426 2546 eum
2459 2491 2757 2544 exclamare
2786 2488 3051 2545 audebant
3081 2502 3095 2537 :
3130 2505 3149 2539 ι
3188 2485 3375 2539 Cruci—

216 2576 320 2629 ἀπὸ
350 2575 520 2629 Ἀὁελ
545 2576 704 2647 μέχρι
742 2579 1003 2647 Ζαχαρίου
1052 2577 1143 2630 τοῦ
1190 2579 1528 2646 φονευθέντος
1561 2580 1755 2648 μεταξὺ

1854 2581 1973 2650 ﬁge,
2008 2581 2260 2651 eruciﬁge
2303 2596 2465 2646 eum;
2515 2580 2640 2635 tolle
2690 2594 2809 2634 eum
2864 2593 2895 2631 a
2945 2583 3087 2632 terra
3118 2575 3163 2608 ³³
3195 2595 3207 2628 ;
3244 2589 3373 2629 san-

216 2665 305 2721 τοῦ
328 2667 457 2721 ναοῦ
497 2670 598 2722 κα)⁸
643 2668 735 2722 τοῦ
761 2668 823 2739 (f.
852 2669 936 2734 14)
964 2668 1335 2740 θυσιαστηρίου
1359 2709 1374 2734 ,
1407 2670 1514 2723 ἀπὸ
1549 2672 1647 2739 τῆς
1669 2687 1758 2737 γε·

1851 2673 1971 2742 guis
2011 2680 2129 2742 ejus
2172 2687 2334 2742 super
2391 2687 2490 2727 nos
2523 2678 2577 2725 et
2628 2684 2789 2739 super
2821 2670 2956 2724 ﬁlios
2988 2674 3201 2723 nostros
3250 2665 3316 2718 “.
3349 2684 3367 2716 ι

217 2757 336 2819 vei;
366 2757 468 2827 τῆς
514 2759 657 2812 κατὰ
699 2757 943 2827 Σιωῆρος
986 2758 1360 2827 ὲπισνστάσης,
1408 2761 1500 2811 καὶ
1533 2760 1757 2828 μάλιστα

1852 2760 2003 2826 Quod
2027 2770 2080 2814 et
2107 2762 2353 2830 protinus
2377 2762 2572 2823 evenit,
2595 2759 2915 2822 vindicante,
2956 2767 3016 2813 ut
3040 2757 3374 2826 praedixerat,

218 2844 319 2898 τῶν
345 2846 733 2918 τολμησάντων
765 2848 975 2913 ἀφεῖναι
1006 2848 1122 2899 κατ’
1154 2847 1314 2900 αὐτοῦ
1336 2848 1430 2918 τὴν
1449 2866 1469 2899 ι
1497 2848 1753 2920 Σταύρου,

1855 2849 1964 2905 Deo
1994 2851 2308 2921 sanguinem
2335 2850 2534 2906 Christi
2569 2850 2622 2905 in
2660 2850 2779 2904 illos
2807 2849 3122 2916 illorumque
3156 2858 3370 2915 pueros.

220 2932 445 3004 σταύρου
473 2932 670 2987 αὐτὸν»
698 2935 894 3005 φωνὴν,
913 2951 932 2984 ι
954 2929 1082 3003 Αἶρε
1104 2934 1209 2987 ἀπὸ
1230 2936 1327 3004 τῆς
1346 2934 1447 3003 γῆς
1470 2936 1561 2988 τδν
1581 2936 1754 2989 τοιοῦ-

1853 2938 1943 2993 Sic
1967 2940 2107 2993 enim
2131 2954 2225 2994 eos
2251 2938 2550 3007 insequitur
2570 2951 2748 3008 paena,
2778 2944 2836 2990 ut
2882 2936 3077 2990 abhinc
3103 2947 3270 3003 usque
3307 2930 3374 2987 ad

220 3038 320 3075 τον·
344 3023 404 3076 τὸ
426 3018 574 3092 αἷμα
596 3023 756 3076 αὐτοῦ
772 3024 853 3091 ἐφ’
874 3024 1016 3093 ἡμᾶς
1043 3025 1133 3078 καὶ
1148 3025 1237 3077 ἐπὶ
1260 3026 1325 3078 τά
1350 3026 1508 3079 τέκνα
1532 3027 1685 3098 ήμῶν
1701 3045 1714 3058 ·
1729 3047 1746 3079 ι

1851 3044 2087 3099 praesens
2101 3037 2312 3098 tempus
2340 3044 2470 3099 gens
2499 3029 2675 3084 omnis
2700 3034 2860 3097 caput
2878 3026 3129 3082 extollere
3154 3023 3374 3079 minime

220 3110 347 3183 ὅπερ
369 3113 463 3165 καὶ
490 3113 805 3183 παραυτίκα
843 3112 1047 3179 γέγονε,
1082 3110 1174 3165 τοῦ
1199 3112 1350 3176 Θεοῦ,
1376 3113 1552 3178 καθὼς
1579 3118 1755 3186 προεῖ-

1818 3168 1823 3186 ,
1855 3118 2109 3187 potuerit,
2146 3117 2361 3186 impleta
2392 3124 2447 3170 et
2478 3118 2583 3170 alia
2626 3118 2789 3172 Amos
2820 3114 3095 3185 prophetia
3122 3112 3368 3168 dicente:

223 3166 337 3264 trav,
367 3166 754 3270 ἱκδικήσαντος
779 3166 1002 3270 τὸάίμα
1032 3166 1121 3255 τοῦ
1149 3166 1380 3271 Χριστοῦ
1404 3203 1466 3255 ἐκ
1494 3166 1553 3255 τέ
1580 3166 1753 3257 αθτῶν

1856 3166 2105 3259 :Domus
2154 3166 2316 3261 lsrrael
2363 3206 2577 3268 cecidit,
2612 3214 2664 3260 et
2709 3166 3054 3270 nonradj'iciet
3082 3209 3139 3256 ut
3192 3215 3373 3255 resur-

222 3290 431 3344 ἐκείνων
462 3292 562 3344 καὶ
586 3289 692 3343 τῶν
712 3290 911 3343 τέκνων
943 3290 1137 3355 αὐτῶν,
1168 3291 1279 3359 ἅμα
1308 3309 1369 3344 τε
1403 3293 1756 3364 μετελθούσης

1853 3303 1942 3364 gat
1967 3295 2032 3347 ".
2069 3313 2087 3345 ι
2112 3294 2240 3359 Quae
2267 3303 2320 3349 et
2348 3295 2634 3362 Apostolus
2672 3294 2864 3362 spiritu
2893 3291 3209 3360 pmvidens,
3240 3302 3374 3358 pm-

221 3379 407 3442 αύτοὺς
423 3381 531 3450 τῆς
561 3379 733 3450 δίκης,
765 3379 838 3442 ὡς
866 3379 922 3443 ἐξ
950 3380 1153 3433 ἐκείνου
1179 3383 1257 3444 είς
1279 3381 1434 3452 δεῦρο
1477 3383 1597 3452 μηδ’
1625 3383 1759 3447 ὅλως

1857 3384 2056 3438 dicavit
2082 3385 2167 3438 his
2208 3384 2425 3438 verbis:
2455 3401 2472 3432 ι
2509 3382 2755 3438 Pervenit
2792 3382 2935 3437 enim
2967 3382 3044 3434 ira
3074 3380 3165 3434 Dei
3216 3391 3372 3446 super

223 3461 342 3535 ἆραι
369 3467 615 3537 κεφαλὴν
648 3466 709 3518 τὸ
734 3468 839 3519 πᾶν
880 3465 1026 3529 ἔθνος
1053 3465 1357 3537 δυνηθῆναι,
1388 3465 1759 3537 πληρωθείσης

1053 3465 1357 3537 δυνηθῆναι,
1388 3465 1759 3537 πληρωθείσης
1858 3471 1980 3526 illos
2012 3486 2181 3540 usque
2211 3472 2266 3525 in
2295 3473 2451 3525 ﬁnem
2481 3472 2546 3525 ".
2586 3489 2603 3521 ι

222 3554 309 3608 καὶ
355 3557 552 3627 ἑτέρας
593 3555 920 3627 προφητείας
958 3555 1137 3625 Ἀμῶς
1176 3556 1501 3626 φασκούσης,
1537 3575 1556 3607 ι
1590 3552 1747 3619 Οἶκος
1795 3560 2003 3630 Ἰσραὴλ
2023 3561 2318 3621 πέπτωκεν,
2342 3560 2519 3614 οὐκέτι
2568 3560 2854 3630 προσθήσει
2879 3558 2968 3612 ¹ιοῦ
2997 3557 3303 3627 ἀναστῆναι⁶
3349 3575 3370 3610 ι

223 3645 354 3717 άπερ
381 3650 476 3702 καὶ
509 3649 543 3701 6
578 3646 889 3710 Ἀπόστολος
928 3647 1004 3717 τῷ
1026 3647 1287 3719 πνεύματι
1329 3648 1595 3719 προῖδὼν,,
1630 3650 1964 3723 ἀνεφώνησεν
2011 3655 2197 3718 είπὼν,
2244 3673 2261 3704 ι
2293 3654 2525 3723 Ἐφθασε
2577 3655 2630 3707 δὲ
2665 3656 2749 3706 ἐπ’
2813 3655 3004 3715 αὐτοὺς
3040 3655 3073 3723 ή
3296 3654 3376 3716 είς

222 3735 441 3800 τέλος.»

726 3848 1111 3901 ΚΕΦΑΛΑΙΟΝ
1147 3851 1259 3915 ις’.

1255 3892 1259 3903 .
2419 3850 2640 3905 CAPUT
2668 3850 2805 3905 XVI.

816 3954 925 4023 Τῆς
970 3955 1158 4025 ᾮδῆςο

2458 3960 2505 4014 E
2532 3961 2766 4016 Cantica.

291 4086 312 4121 ι
332 4066 709 4139 Εὐφράνθητε,
736 4067 968 4137 οὐρανοὶ,
994 4069 1105 4136 ἅμα
1132 4067 1278 4138 αύτῷ
1308 4071 1754 4141 προσκυνησάτω-

1926 4089 1943 4119 ι
1979 4068 2275 4133 Laetamini,
2307 4071 2451 4136 cmli,
2486 4073 2643 4125 simul
2675 4079 2798 4126 ante
2824 4088 2943 4126 eum
2967 4048 3372 4141 prosternantur

222 4173 315 4212 σαν
351 4158 501 4227 αύτῷ
556 4156 751 4218 πάντες
796 4154 1007 4222 ἄγγελοι
1028 4154 1158 4208 Θεοῦ
1181 4173 1195 4187 ο
1227 4157 1573 4227 εὐφράνθητε,
1605 4158 1751 4227 ἔθνη,

1851 4158 2132 4214 adorantes
2152 4173 2337 4216 omnes
2368 4161 2540 4230 angeli
2570 4160 2987 4226 Dei;la:tamini,
3018 4173 3221 4232 gentes,
3247 4158 3369 4218 cum

226 4249 354 4316 μετά
383 4247 478 4301 τοῦ
518 4246 647 4299 λαοῦ
676 4244 858 4306 αὑτοῦ,
882 4246 971 4298 καὶ
999 4246 1424 4316 ὲνισχυσάτωσαν
1452 4246 1599 4316 αὐτῷ
1617 4248 1751 4301 πάν-

1857 4252 2052 4320 populo
2100 4250 2240 4319 ejus,
2299 4260 2352 4307 et
2408 4253 2793 4308 conﬁrmentur
2846 4254 2899 4308 in
2947 4271 3011 4310 eo
3054 4268 3240 4311 omnes
3284 4257 3376 4312 ﬁlii

223 4352 307 4401 τες
335 4338 441 4391 υίοὶ
488 4334 645 4388 Θεοῦ.
687 4354 705 4384 ι
737 4335 843 4386 Καὶ
886 4333 988 4388 τίνι
1031 4335 1170 4405 ἄλλῳ
1210 4337 1595 4405 προσκυνήσειν
1642 4339 1753 4399 τοῖς

1856 4338 1962 4393 Dei.
1979 4341 2045 4393 ".
2077 4359 2095 4390 ι
2135 4340 2299 4406 Quem
2329 4342 2490 4396 alium
2539 4342 2762 4398 adorare
2788 4345 2991 4413 angelis
3022 4345 3139 4415 ejus
3192 4347 3378 4415 praeci-

225 4427 465 4494 ἀγγέλοις
489 4423 652 4479 αὐτοῦ
687 4423 1002 4493 προστάττοι
1028 4423 1091 4476 ἂν
1120 4425 1178 4476 τὸ
1206 4425 1345 4478 θεῖον
1374 4425 1592 4495 Πνεῦμα
1620 4426 1652 4497 ἦ
1677 4425 1753 4495 τῷ

1856 4439 2001 4500 peret
2030 4431 2261 4501 Spiritus
2284 4433 2517 4497 divinus,
2554 4434 2659 4488 nisi
2690 4433 2983 4502 Christum,
3041 4435 3196 4505 cujus
3251 4451 3379 4491 sane

225 4513 455 4586 Χριστῷ,
484 4507 545 4565 οὗ
574 4510 755 4578 σαφῶς
789 4511 880 4561 ἐπὶ
910 4512 973 4580 τῇ
1009 4512 1273 4583 παρουσίᾳ⁵
1309 4513 1589 4583 ηὐφράνθη
1625 4514 1759 4582 μετὰ

1855 4522 2137 4590 praesentia
2170 4522 2357 4577 laetata:
2380 4532 2505 4577 sunt
2535 4537 2655 4577 cum
2700 4524 2897 4593 populo
2923 4524 3040 4593 ejus
3060 4533 3265 4594 gentes,
3292 4523 3377 4593 ju-

222 4602 311 4655 τοῦ
344 4602 473 4655 λαοῦ
499 4598 659 4652 αὐτοῦ
684 4598 749 4651 τά
773 4598 896 4666 ἔθνη
924 4597 1015 4650 τοῦ
1047 4598 1149 4649 τῶν
1173 4599 1386 4654 δικαίων
1416 4604 1758 4674 πατριαρχῶν

1853 4619 2057 4665 storum
2114 4614 2360 4668 videlicet
2409 4614 2834 4682 patriarcharum
2892 4615 3378 4683 prophetarumque

225 4694 314 4745 καὶ
342 4691 634 4766 προφητῶν
664 4688 853 4761 χοροῦο
900 4690 1024 4760 περὶ¹
1064 4685 1137 4742 ὧν
1167 4690 1330 4745 ὲθνῶν
1374 4689 1522 4756 αὖθις
1554 4695 1643 4747 ἐπὶ
1661 4698 1758 4764 τῆς

1852 4701 2068 4756 chorus.
2099 4701 2173 4756 De
2192 4703 2389 4773 quibus
2410 4703 2656 4774 gentibus
2687 4718 2898 4772 quoque
2956 4704 3009 4755 in
3040 4702 3225 4756 eodem
3251 4718 3376 4755 can-

225 4784 388 4855 αὐτῆς
442 4785 586 4856 ᾠδῆς
637 4784 709 4846 ὡς
758 4783 889 4852 πρὸς
933 4782 1111 4851 ἕτερον
1148 4782 1269 4835 λαὸν
1303 4785 1703 4856 ἀποτεινόμενος
1729 4788 1757 4839 6

1853 4794 1960 4847 tico
1996 4795 2152 4862 quasi
2195 4796 2356 4848 alium
2380 4796 2630 4864 populum
2680 4795 2982 4863 increpans,
3015 4791 3156 4848 Deus
3195 4794 3325 4847 dicit
3360 4809 3375 4844 :

228 4872 351 4937 Θεός
403 4890 589 4944 φησιν,
624 4890 643 4923 ι
680 4872 838 4925 Αὐτοὶ
891 4870 1266 4942 παρεξήλωσάν
1323 4868 1387 4942 με
1419 4875 1503 4926 ἐπ’
1531 4876 1590 4927 οὐ
1624 4875 1746 4945 θεῷ,

1910 4883 2013 4953 Ipsi
2042 4898 2128 4937 me
2150 4891 2576 4952 provocaverunt
2621 4883 2673 4935 in
2702 4897 2765 4937 eo
2793 4884 2885 4954 qui
2934 4898 3037 4937 non
3068 4891 3183 4937 erat
3223 4884 3381 4957 deus,
3433 4937 3438 4947 ,

229 4964 577 5036 ¹ωριιῖιργισάν
621 4980 685 5035 με
714 4966 770 5016 ὲν
795 4966 901 5025 τοῖς
919 4963 1147 5027 εἰδώλοις
1166 4965 1338 5017 αὐτῶν
1360 4983 1375 4997 ο
1404 4966 1554 5033 κάγὼ
1581 4984 1750 5038 παρα-

1854 4981 1907 5028 et
1938 4974 2287 5027 irritaverunt
2319 4975 2371 5026 in
2405 4973 2732 5027 vanitatibus
2782 4974 2894 5027 suis
2937 4991 2949 5024 :
2987 4980 3041 5028 et
3058 4988 3157 5042 ego
3187 4989 3379 5042 provo-

231 5050 451 5123 ζηλώσω
507 5054 696 5116 αὐτοὺς
725 5054 821 5105 οὐκ
869 5055 951 5105 ἐπ’
995 5052 1167 5115 ἔθνει,
1217 5057 1300 5107 ἐπ’
1338 5055 1476 5108 ἔθνει
1516 5057 1753 5127 ἀσυνέτῳ

1854 5062 1987 5116 cabo
2012 5077 2105 5115 eos
2160 5062 2213 5115 in
2243 5077 2306 5116 eo
2348 5063 2439 5131 qui
2474 5078 2580 5116 non
2608 5071 2690 5115 est
2744 5061 2993 5131 populus,
3035 5068 3087 5115 et
3138 5062 3190 5115 in
3223 5070 3380 5132 gente

233 5142 509 5214 παροργιῶ
552 5141 763 5204 αύτούς.
807 5159 825 5191 ι
855 5141 961 5193 Καὶ
993 5142 1249 5213 πρόδηλόν
1286 5160 1346 5211 γε
1381 5145 1460 5196 ὅτι
1502 5145 1633 5214 μετά
1660 5148 1756 5218 τήν

1854 5151 2011 5205 stulta
2058 5150 2281 5204 irritabo
2323 5166 2416 5206 eos
2458 5152 2523 5204 ⁸⁸.
2575 5172 2593 5203 ι
2660 5149 2721 5205 Et
2764 5150 3106 5206 manifestum
3167 5151 3378 5221 quidem

232 5230 446 5283 ἐκείνων
478 5229 741 5300 ἀποϐολὴν
774 5247 792 5280 ι
832 5227 899 5281 τά
922 5230 1075 5300 μωρά
1103 5231 1193 5283 τοῦ
1216 5234 1413 5301 κόσμου
1439 5232 1711 5297 ἐξελέξατο
1728 5238 1756 5288 6

1859 5237 1999 5306 quod
2030 5246 2150 5305 post
2199 5238 2410 5291 illorum
2455 5237 2819 5305 rejectionem,
2857 5257 2876 5289 ι
2913 5255 3030 5309 quae
3059 5240 3220 5292 stulta
3258 5250 3384 5293 sunt

234 5316 375 5380 Θεὸς,
403 5318 490 5370 ἵνα
512 5315 836 5387 καταισχύνῃ
862 5317 983 5376 τοὺς
1009 5320 1133 5389 παρ’
1164 5321 1383 5386 ἐκείνοις
1418 5321 1606 5389 σοφούς
1626 5339 1639 5352 ·
1663 5324 1755 5376 καὶ

1858 5324 2040 5376 mundi
2062 5324 2221 5393 elegit
2248 5322 2410 5388 Deus,
2457 5333 2517 5378 ιιι
2544 5325 2835 5379 confundat
2880 5326 3184 5395 sapientes;
3216 5334 3271 5379 et
3304 5325 3382 5376 in-

233 5404 294 5456 τὰ
322 5406 519 5475 ἀσθενῆ
557 5405 649 5457 τοῦ
696 5404 892 5472 κόσμου
919 5404 1211 5472 ἐξελέξατο,
1243 5410 1335 5461 καὶ
1354 5410 1420 5462 τὰ.
1446 5411 1629 5481 ἀγενῆ,
1662 5413 1755 5466 καὶ

1859 5412 2008 5466 ﬁrma
2044 5412 2227 5465 mundi
2278 5414 2437 5482 elegit
2474 5412 2633 5478 Deus,
2669 5424 2725 5467 ut
2767 5414 3061 5469 confundat
3091 5415 3245 5469 fortia
3280 5432 3293 5477 ;
3328 5427 3380 5468 et

236 5490 297 5542 τά
323 5492 728 5562 ἐξουθενημένα,
776 5494 866 5543 καὶ
912 5493 977 5544 τά
1005 5494 1076 5564 μὴ
1107 5496 1251 5560 ὄντα,
1291 5499 1378 5552 ἵνα
1403 5499 1471 5551 τὰ
1502 5500 1755 5573 πρότερον

1858 5501 2114 5571 ignobilia
2146 5502 2331 5556 mundi
2350 5511 2403 5556 et
2430 5504 2849 5572 contemptibilia
2872 5506 3027 5575 elegit
3057 5505 3215 5569 Deus,
3244 5511 3298 5560 et
3318 5520 3379 5558 ea

299 5641 344 5722 ’ξ
384 5644 538 5697 Deut.
572 5643 946 5722 ξνιιιΣΔΙξὶ-ὶξ).
1023 5648 1061 5676 ⁸¹
1103 5646 1243 5722 Ρεειιζ
1279 5649 1485 5722 ιιι-21.
1560 5650 1603 5681 ⁸⁸
1644 5650 1840 5722 Matth.
1866 5667 2029 5711 χχιιι,
2063 5652 2163 5722 55.
2222 5652 2271 5684 "
2306 5651 2460 5708 Joan.
2495 5669 2617 5720 nx,
2655 5651 2706 5709 6.
2780 5658 2827 5689 “
2864 5658 3047 5713 Matth.
3091 5672 3253 5722 xxvii,
3285 5629 3374 5709 ἀΰ.

237 5706 281 5741 ⁸³
308 5710 467 5766 Amos
498 5727 554 5776 ν,
594 5711 645 5765 1.
720 5712 764 5741 ⁸⁸
803 5708 821 5761 ι
853 5708 1039 5768 Thess.
1077 5730 1146 5781 ιι,
1182 5715 1269 5773 16.
1340 5718 1384 5751 ⁸⁷
1425 5716 1579 5774 Deut.
1611 5734 1787 5785 xxxii,

757 5712 764 5737 '
803 5708 821 5761 ι
853 5708 1039 5768 Thess.
1077 5730 1146 5781 ιι,
1182 5715 1269 5773 16.
1340 5718 1384 5751 ⁸⁷
1425 5716 1579 5774 Deut.
1611 5734 1789 5785 xxxii,
1816 5719 1903 5774 45.
1978 5706 2027 5752 ⁵⁸⁷
2058 5720 2189 5776 ibid.
2219 5722 2307 5778 21.
