3926 6356
198 413 329 472 1077

1176 391 1459 449 ECLOGA)
1501 381 1971 442 PROPHETICE.
2010 405 2054 424 φ
2112 376 2219 432 LIB
2279 375 2322 429 1.

3195 352 3324 408 1οἻ8

198 521 338 590 παρά
365 514 455 568 τοῦ
493 508 728 578 Πατρόςο
753 507 883 559 ἀλλὰ
925 506 1014 558 καὶ
1041 504 1231 556 ἔδωκεν
1265 505 1410 572 ίσχὺν
1449 504 1555 563 τοῖς
1589 503 1708 552 ἑαυ-

1818 491 2079 560 liscipulis
2098 487 2232 547 suis,
2261 477 2517 552 apostolis
2548 484 2600 529 et
2645 470 2936 542 prophetis,
2965 465 3059 536 qui
3090 481 3187 518 nos
3239 479 3324 514 re-

2046 586 2054 590 -
2168 575 2235 590 ---
2303 572 2400 590 -re-
2448 581 2611 590 -........
2647 561 2837 590 βιηιοιι
2885 559 2964 590 an:
3024 571 3115 590 ιω..
3149 551 3324 590 mum];

196 610 282 666 τοῦ
330 607 425 676 μὲν
481 599 761 670 μαθηταῖς,
796 595 1100 656 ἀποστόλοις
1155 610 1212 646 τε
1262 593 1354 645 καὶ
1399 591 1712 661 προφήταις,

198 699 346 770 ἡμῶν
374 684 751 760 δὲ’βᾶσιλεῦσι,
783 687 874 738 καὶ
901 685 1077 754 ὕψωσε
1107 685 1167 736 τὸ
1185 685 1348 753 κέρας
1367 681 1458 733 τοῦ
1488 677 1712 750 Χριστοῦ

197 784 372 842 αὑτοῦ,
405 781 522 849 ἢτοι
569 775 662 828 τοῦ
692 773 844 836 λαοῦ,
899 772 1093 843 μετοχῇ
1133 771 1226 822 τοῦ
1279 766 1507 841 Χριστοῦ
1549 765 1714 828 οὕτως

197 868 605 944 ὀνομαζομένου,
652 866 684 934 ἢ
707 859 766 918 οὗ
798 862 1074 931 ἀνείληφεν
1097 858 1442 929 ἀνθρωπίνου,
1469 849 1528 908 οῦ
1553 856 1714 924 κέρας

197 962 259 1034 ἦν
287 963 319 1031 ή
345 959 531 1026 θεότης
549 954 814 1023 ὑψωθείσα
840 952 977 1005 κατὰ
1001 951 1089 1002 τὸν
1116 949 1253 1018 ἱερὸν
1268 945 1595 999 Ἀπόστολονο
1623 943 1714 996 καὶ

198 1058 251 1107 ιν
276 1045 610 1118 ὀγδοηκοπῷ
638 1044 693 1095 δὲ
722 1043 886 1111 ὀγδόῳ
916 1039 1108 1109 ψαλμῷ
1135 1037 1313 1105 σαφῶς
1336 1037 1396 1088 τὸ
1435 1034 1712 1104 παραπλή-

199 1157 302 1194 σιον
326 1138 402 1208 τῷ
433 1135 616 1190 ἐνθάδε
642 1133 766 1203 περὶ
786 1131 875 1184 τοῦ
901 1128 1128 1200 Χριστοῦ
1155 1130 1183 1180 ό
1200 1127 1326 1185 Θεός
1355 1141 1530 1195 φησιν,
1562 1141 1579 1173 ι
1607 1125 1712 1174 Καὶ

193 1234 250 1283 έν
276 1228 350 1299 τῷ
375 1223 596 1295 ὀνόματί
631 1239 726 1292 μου
751 1220 1082 1289 ὑψωθήσεται
1109 1217 1168 1268 τὸ
1192 1217 1355 1286 κέρας
1380 1215 1561 1270 αὑτοῦ.
1605 1235 1624 1267 ι

698 1306 1079 1359 ΚΕΦΔΛΔΙΟΝ
1115 1302 1210 1355 18'.

263 1421 281 1452 ι
318 1399 427 1454 Καὶ
455 1394 614 1468 ἦλθεν
644 1396 916 1464 ἄνθρωπος
943 1392 1073 1444 Θεοῦ
1102 1391 1231 1460 πρὸς
1257 1390 1418 1451 Ἠλεὶ,
1437 1389 1526 1441 καὶ
1542 1384 1711 1450 εἶπεν,

195 1493 326 1545 Τάδε
359 1490 506 1557 λέγει
534 1486 732 1556 Κύριος
752 1484 976 1551 Κύριος·
1009 1501 1026 1532 ι
1053 1482 1142 1533 καὶ
1163 1480 1218 1531 ἐν
1243 1481 1351 1540 τοῖς
1372 1479 1492 1547 ἑξῆς
1516 1496 1528 1507 ·
1566 1497 1582 1527 ι
1610 1477 1714 1529 Καὶ

193 1581 476 1650 ἀναστήσω
517 1574 734 1646 ἐμαυτῷ
770 1573 916 1643 ἱερέα
951 1572 1150 1632 πιστὸν,
1184 1569 1241 1631 ὃς
1271 1568 1441 1620 πάντα
1473 1567 1537 1618 τὰ
1565 1569 1620 1619 ὲν
1647 1569 1710 1635 τῇ

193 1672 387 1742 καρδίᾳ
427 1687 526 1738 μου
546 1668 636 1720 καὶ
661 1667 726 1718 τά
759 1667 814 1716 ὲν
833 1666 894 1732 τῇ
927 1661 1067 1730 ψυχῆ
1100 1676 1198 1729 μου
1234 1659 1476 1728 ποιήσει’
1512 1658 1602 1709 καὶ
1633 1658 1711 1708 ol-

195 1760 472 1829 κοδομήσω
498 1756 644 1824 αὑτῷ
681 1751 821 1806 οἷκον
855 1750 1056 1811 πιστὸν,
1101 1749 1191 1801 καὶ
1217 1747 1532 1800 διελεύσεται
1583 1746 1712 1798 ἐνώ-

1812 551 1962 651 gunt,
2011 586 2063 632 et
2099 551 2406 632 sublimavit
2444 581 2612 620 cornu
2647 561 2840 616 Christi
2885 559 2988 620 sui,
3024 571 3116 610 seu
3149 551 3324 622 p0pu|i

1813 640 1918 736 sui,
1953 665 2151 722 Christi
2188 664 2257 718 ob
2295 654 2718 714 communionem
2777 649 2854 700 sic
2882 642 3160 702 nominati,
3216 640 3326 694 sive

1812 729 1970 827 quam
1999 753 2205 822 accepit
2232 743 2600 803 humanitatis,
2637 737 2790 802 cujus
2820 750 2983 788 cornu
3008 737 3122 786 erat
3155 729 3325 782 dellas

1813 821 2093 905 sublimata
2110 821 2400 898 secundum
2419 839 2660 888 sanctum
2683 824 3007 894 Apostolum.
3028 821 3092 872 Et
3112 823 3163 872 in
3180 823 3327 870 octa-

1811 953 1878 991 vo
1902 944 1954 990 et
1979 931 2303 1002 octogesimo
2326 924 2527 995 psalmo
2557 913 2837 970 manifeste
2865 910 2975 963 haec
3000 907 3184 962 eadem
3215 903 3324 957 fere

1811 1025 1876 1078 de
1900 991 2273 1077 ChristovDeus
2298 991 2428 1066 dicit
2464 1029 2475 1061 :
2515 1024 2532 1057 ι
2570 1003 2634 1055 Et
2655 1002 2710 1054 in
2751 999 2965 1053 nomine
2989 1009 3106 1049 meo
3126 991 3325 1047 exalta-

1813 1114 1955 1170 bitur
1978 1125 2149 1164 cornu
2176 1107 2292 1174 ejus
2316 1103 2378 1154 ⁸⁸.
2413 1119 2430 1152 ι

2371 1285 2590 1343 CAPUT
2621 1280 2759 1336 XIX.

1882 1425 1898 1456 ι
1923 1403 2078 1458 Venit
2101 1408 2273 1454 autem
2303 1399 2385 1450 vir
2411 1395 2505 1449 Dei
2532 1393 2597 1446 ad
2625 1389 2738 1443 Heli
2770 1393 2822 1441 et
2852 1385 2924 1438 ait
2944 1380 3176 1435 adeum:
3206 1375 3328 1431 Haec

1810 1497 1936 1550 dicit
1992 1492 2246 1546 Dominus
2288 1482 2686 1553 :Numquid":
2724 1518 2738 1531 .
2783 1517 2797 1530 .
2841 1514 2854 1527 .
2902 1481 2954 1528 et
3005 1473 3058 1524 in
3104 1470 3170 1525 iis
3209 1482 3329 1537 qua:

1812 1587 2130 1650 sequuntur:
2181 1594 2198 1626 ι
2228 1575 2292 1628 Et
2333 1572 2607 1627 suscitabo
2650 1565 2780 1619 mihi
2820 1561 3152 1616 sacerdotem
3196 1557 3327 1610 fide-

1812 1673 1932 1734 lem,
1972 1669 2061 1739 qui
2102 1667 2252 1735 juxta
2278 1679 2372 1717 cor
2399 1675 2570 1716 meum
2604 1666 2652 1712 et
2682 1655 2912 1708 animam
2944 1665 3114 1704 meam
3136 1647 3326 1700 faciet:

1811 1771 1861 1815 et
1880 1757 2150 1814 aediﬁcabo
2179 1755 2227 1809 ei
2256 1753 2470 1807 domum
2502 1748 2724 1810 fidelem,
2746 1751 2798 1798 et
2835 1739 3126 1794 ambulabit
3149 1749 3328 1791 coram

197 1827 567 1918 πων-Χριστοῦ
593 1862 687 1915 μου
720 1843 892 1904 πάσας
919 1841 1013 1904 τὰς
1037 1840 1246 1909 ἡμέρας
1271 1855 1284 1867 ο
1317 1838 1410 1890 καὶ¹
1437 1837 1584 1889 ἔσται
1612 1838 1716 1897 πᾶς

1818 1849 2024 1904 Christo
2070 1859 2188 1900 meo
2229 1841 2438 1897 eunetis
2487 1837 2708 1891 diebus:
2746 1834 2980 1886 futurum
3019 1835 3100 1882 est
3131 1835 3328 1884 autem.

197 1940 222 1989 ὁ
247 1934 576 2006 περισσεύων
606 1935 662 1985 ὲν
691 1933 819 2000 οἴκῳ
849 1931 964 2000 ἥξει
1007 1927 1316 1999 προσκυνῶν
1360 1925 1502 1994 αὑτῷ
1535 1925 1715 1978 ὀϐολοῦ

199 2025 472 2098 ἀργυρίου,
505 2023 596 2075 καί
632 2024 686 2074 ὲν
711 2021 857 2091 ἄρτῳ
879 2019 975 2079 ἑνὶ,
1003 2018 1190 2084 λέγων,
1211 2015 1516 2086 Παράριψόν
1543 2031 1606 2082 με
1630 2015 1717 2064 ἐπὶ

203 2115 322 2183 μίαν
347 2112 455 2165 τῶν
480 2110 754 2180 ίερατείων
780 2124 870 2158 σου
895 2108 1082 2174 φαγεῖν
1104 2105 1282 2174 ἄρτον.
1319 2123 1336 2154 ι
1361 2102 1542 2163 οὐδεὶς
1567 2102 1719 2163 ἄλλος

201 2203 410 2272 ἢμόνος
455 2203 483 2251 ό
545 2198 684 2251 κατὰ
712 2198 806 2267 τὴν
835 2195 983 2258 τάξιν
1032 2194 1350 2262 Μελχισεδὲκ
1403 2193 1574 2261 ἱερεὺς
1626 2190 1717 2242 τοῦ

202 2291 324 2344 Θεοῦ
354 2289 444 2342 τοῦ
470 2288 693 2356 ὑψίστου
739 2285 939 2355 Ἰησοῦς
969 2284 1191 2354 Χριστὸς
1233 2285 1261 2336 ὁ
1306 2281 1488 2351 Σωτὴρ
1533 2279 1715 2349 ήμῶν,

201 2382 253 2433 ὃν
281 2399 299 2430 ι
318 2379 508 2448 ἔχομεν
532 2377 788 2446 ἀρχιερέα
819 2377 1004 2447 μέγαν,
1043 2396 1061 2426 ι
1092 2373 1228 2427 κατά
1263 2373 1352 2424 τὸν
1385 2371 1716 2432 Ἀπόστολον,

208 2489 224 2519 ι
258 2468 589 2538 διεληλυθότα
612 2467 735 2529 τοὺς
759 2467 1034 2535 οὐρανοὺς,
1074 2483 1090 2515 ι
1128 2464 1298 2516 πάντα
1319 2463 1386 2514 τά
1415 2464 1469 2513 ὲν
1490 2463 1551 2530 τῇ
1590 2477 1719 2527 καρ-

203 2557 281 2624 δίᾳ
304 2555 392 2608 τοῦ
419 2554 628 2624 Πατρὺς
656 2553 948 2621 πεποίηκεν
981 2569 998 2600 ι
1031 2551 1262 2620 ὑπήκοος
1294 2547 1438 2617 αὐτῷ
1474 2545 1718 2614 γενέσθαι

206 2644 355 2714 μέχρι
396 2643 488 2695 καὶ
522 2641 786 2694 θανάτου⁹
819 2658 837 2691 ι
875 2639 993 2692 ὅθεν
1029 2638 1120 2690 καὶ
1148 2637 1449 2705 ἀναστήσας
1483 2636 1638 2688 αὑτὸν
1690 2637 1719 2688 ὁ

207 2732 395 2802 Πατὴρ,
429 2731 777 2799 οἰκοδόμησεν
813 2727 954 2797 αὑτῷ
984 2724 1126 2779 οἷκον
1153 2726 1356 2788 πιστὸν,
1379 2726 1476 2794 τὴν
1495 2727 1557 2777 ὲκ
1581 2725 1720 2791 λογι-

206 2820 303 2874 κῶν
325 2822 415 2876 καὶ⁵
451 2821 670 2885 ζώντων
705 2820 795 2873 καὶ
820 2818 1018 2871 πιστῶν
1047 2819 1119 2881 ὼς
1157 2817 1362 2885 ἀληθῶς
1405 2813 1562 2866 λίθων
1597 2832 1719 2867 συν-

205 2914 426 2966 εστῶσαν
458 2911 776 2981 Ἐκκλησίαν
796 2928 809 2942 ’
837 2910 1004 2979 τούτῳ
1030 2910 1084 2962 δὲ
1115 2911 1206 2961 καὶ
1229 2908 1467 2977 ἔρχονται
1490 2921 1720 2977 προσκυ-

205 3002 300 3051 νεῖν
329 3003 376 3052 oi
415 3001 794 3061 πιστεύσαντες
832 3001 909 3061 εἰς
943 2999 1117 3060 αὑτὸν,
1150 2996 1328 3048 ὀϐολοῦ
1362 2994 1614 3065 ἀργυρίου
1649 2993 1720 3062 μὴ

208 3087 274 3155 (f.
299 3090 392 3158 15)
424 3089 896 3161 ἀποστρεφομένου
925 3087 1162 3157 (όμενοι)
1187 3125 1201 3148 ,
1237 3087 1370 3154 μήτε
1408 3083 1720 3153 σωματικῶς

207 3176 290 3245 τὴν
317 3178 402 3230 τὸν
432 3179 729 3248 κοδράντην
760 3178 836 3238 εἰς
863 3177 958 3246 τὴν
984 3175 1087 3227 τῶν
1115 3175 1373 3242 δεομένων
1414 3171 1722 3243 ἐπικουρίαν

211 3265 638 3334 συνεισφέρουσαν
664 3266 857 3338 χήραν,
889 3264 1021 3333 μήτε
1052 3262 1152 3332 μὴν
1191 3262 1326 3314 κατά
1372 3261 1600 3312 διάνοιαν
1628 3259 1724 3328 τὴν

210 3352 290 3404 ἐπὶ
313 3354 470 3422 μόνην
493 3356 590 3425 (ῃ)
623 3357 692 3424 τῇ
728 3354 901 3415 πίστει
926 3351 1307 3422 ἐρηρεισμένην
1333 3349 1504 3418 ψυχὴν
1522 3387 1536 3410 ,
1560 3348 1591 3417 ἢ
1628 3347 1724 3417 τὴν

211 3441 334 3494 κατά
362 3441 580 3513 δύναμιν
604 3444 715 3496 τῶν
752 3441 948 3511 νοητῶν
979 3440 1143 3508 αὐτῆς
1164 3439 1503 3509 ὑπαρχόντων
1522 3453 1724 3490 συνεισ-

212 3529 452 3595 φέρουσαν
483 3531 549 3584 τὰ
575 3534 656 3596 εἰς
711 3531 806 3598 τὴν
831 3530 937 3582 τῶν
963 3530 1158 3582 λοιπῶν
1203 3529 1479 3597 οἰκοδομήν
1521 3543 1580 3578 τε
1634 3527 1724 3578 καὶ¹

211 3616 451 3684 ὠφέλειαν
483 3620 892 3690 συμϐαλλόμενα
915 3635 928 3648 ·
967 3619 1035 3672 τά
1073 3619 1121 3685 γ’
1156 3615 1245 3670 οὖν
1280 3636 1297 3667 ι
1340 3616 1491 3686 μωρά
1505 3615 1596 3668 τοῦ
1637 3615 1726 3667 κό-

215 3720 334 3772 σμου
365 3707 637 3773 ἐξελέξατο
677 3727 696 3759 ι
728 3708 818 3760 καὶ
849 3708 913 3760 τὰ
943 3706 1136 3775 ἀσθενῆ
1162 3707 1253 3757 καὶ
1271 3704 1472 3773 πτωχὰ,
1497 3703 1587 3755 καὶ
1613 3721 1630 3752 ι
1659 3701 1726 3753 τὰ

213 3796 593 3869 ἐξουθενημένα,
623 3800 716 3852 καὶ
736 3798 803 3850 τά
831 3798 902 3868 μὴ
923 3799 1045 3850 ὄντα
1079 3816 1097 3848 ι
1137 3796 1208 3866 μὴ
1229 3795 1589 3864 ὑπερφρονῶν,
1626 3811 1727 3862 μη-

213 3881 260 3933 δὲ
301 3885 392 3948 τὰς
423 3888 628 3940 τοιάσδε
660 3886 832 3954 ψυχάς
855 3903 867 3915 ⁸
900 3885 1011 3937 ἀλλ’
1054 3879 1138 3936 οἷα
1180 3883 1542 3952 φιλάνθρωπος
1595 3881 1726 3933 Θεοῦ

215 3972 365 4039 Λόγος
384 3977 474 4028 καὶ
496 3978 698 4038 ταύτας
741 3974 1121 4044 ἀποδεχόμενος
1174 3974 1270 4043 τῆς
1311 3971 1625 4043 προθυμίας,
1663 3970 1727 4033 ἃς

217 4061 297 4113 καὶ
325 4066 494 4134 κρίσει
520 4067 640 4136 θείᾳ.
671 4066 806 4118 κατά
845 4065 941 4132 τὴν
971 4063 1122 4126 ἀξίαν
1171 4065 1228 4117 ὲν
1254 4064 1517 4132 διαφόροις
1548 4064 1728 4130 μοναῐς

218 4150 308 4201 τῶν
339 4154 608 4223 ἱερατείων
639 4154 802 4208 αὑτοῦ
847 4153 1200 4216 κατατὰσσει,
1237 4153 1326 4205 τοῦ
1369 4153 1490 4221 παρ’
1538 4149 1726 4202 ἑαυτοῦ

217 4238 361 4308 ἄρτου
392 4245 486 4312 τῆς
515 4247 683 4298 ἀϊδίου
711 4245 850 4313 ζωῆς
881 4243 1142 4307 καταξιῶν
1167 4244 1349 4306 αὑτάς.
1382 4244 1453 4295 Τὸ
1478 4243 1533 4294 δὲ
1571 4261 1588 4292 ι
1622 4242 1728 4293 Καὶ

1815 1938 2201 2006 utquicunque
2247 1928 2565 1985 remanserit
2611 1926 2664 1977 in
2713 1923 2871 1976 domo
2918 1933 3034 1981 sua,
3076 1917 3249 1969 veniat
3276 1923 3332 1966 ut

1813 2035 1995 2081 oretur
2032 2037 2129 2093 pro
2173 2037 2258 2081 eo,
2288 2025 2340 2072 et
2389 2015 2578 2068 offerat
2619 2024 2892 2065 nummum
2927 2013 3252 2075 argenteum,
3280 2008 3334 2054 et

1813 2122 2008 2168 tortam
2033 2089 2228 2180 —panis,
2254 2105 2536 2172 dicatque:
2588 2098 2802 2152 Dimitte
2841 2109 2944 2157 me,
2977 2093 3218 2152 obsecro,
3267 2089 3332 2141 ad

1814 2217 1973 2257 unam
2002 2178 2206 2270 partem
2234 2191 2634 2251 sacerdotalem,
2667 2194 2724 2240 ut
2738 2183 3008 2240 comedam
3040 2178 3332 2233 buccellam

1815 2267 2080 2362 pariisé.»
2112 2287 2278 2342 Nemo
2312 2284 2447 2336 alius
2477 2280 2580 2333 nisi
2616 2278 2761 2331 solus
2785 2271 3073 2329 secundum
3093 2267 3332 2322 ordinem

1819 2355 2207 2434 ilelchisedech
2237 2370 2490 2428 sacerdos
2519 2367 2606 2420 Dei
2638 2361 2886 2417 altissimi
2916 2359 3070 2413 Jesus
3090 2355 3335 2410 Christus

1818 2469 2060 2523 Salvator
2086 2471 2290 2524 noster,
2330 2475 2485 2530 quem
2543 2474 2559 2503 ι
2584 2455 2839 2508 habemus
2879 2447 3186 2502 Pontificem
3229 2459 3336 2496 ma-

1816 2573 2031 2628 gnum,»
2073 2552 2363 2610 secundum
2386 2546 2718 2617 Apostolum,
2755 2559 2775 2592 ι
2799 2540 2892 2610 qui
2915 2536 3206 2607 penetravit
3226 2548 3338 2586 cce-

1817 2621 1898 2700 los
1920 2646 2017 2708 ",i
2053 2641 2282 2710 fecitque
2309 2635 2486 2692 omnia
2517 2647 2634 2702 quae
2672 2629 2817 2683 Patri
2852 2625 3000 2681 cordi
3023 2631 3196 2686 erant,
3225 2640 3241 2671 ι
3265 2621 3339 2674 fa-

1818 2743 1938 2788 ctus
1987 2731 2241 2786 obediens
2271 2742 2440 2795 usque
2481 2723 2546 2776 ad
2597 2718 2951 2780 mortem";i
2985 2715 3126 2768 unde
3156 2712 3337 2771 Pater.

1817 2837 1938 2878 eum
1981 2835 2102 2874 cum
2136 2817 2412 2876 erexisset,
2443 2811 2723 2865 aedificavit
2771 2807 2819 2861 ei
2866 2805 3079 2858 domum
3110 2800 3337 2866 ﬁdelem,

1819 2907 2161 2964 constitutam
2213 2901 2455 2956 videlicet
2520 2895 2874 2951 rationalibus
2927 2889 3338 2956 viventibusquc

1819 3015 1881 3055 ac
1937 3014 2059 3054 vere
2107 2997 2350 3051 fidelibus
2409 2992 2675 3061 lapidibus
2745 2986 3038 3042 Ecclesiam
3069 2985 3135 3036 "'.
3189 2983 3340 3034 Hunc

1822 3091 2097 3144 adoratum
2127 3087 2339 3141 venient
2366 3083 2457 3152 qui
2486 3083 2539 3134 in
2573 3096 2694 3136 eum
2727 3077 3086 3138 crediderunt,
3124 3071 3326 3126 nummi

1823 3179 2060 3248 argentei
2105 3192 2209 3229 non
2265 3175 2634 3236 immemores;
2690 3185 2860 3236 neque
2897 3166 3043 3221 enim
3081 3177 3340 3232 corpora-

1820 3271 1941 3323 liter
1973 3267 2321 3336 quadrantem
2370 3264 2422 3316 in
2477 3259 2900 3314 necessariorum
2925 3254 3182 3308 auxilium
3214 3269 3342 3304 con-

1825 3356 2081 3411 ferentem
2131 3351 2456 3414 viduam,",
2503 3362 2674 3415 neque
2718 3344 3030 3413 spiritaliter
3076 3340 3175 3394 soli
3222 3339 3342 3392 ﬁdei

1822 3445 2061 3497 innixam
2092 3443 2344 3503 animam,
2371 3437 2456 3490 vel
2487 3434 2780 3488 secundum
2812 3430 3128 3500 spiritalium
3171 3427 3342 3480 bono-

1822 3550 1939 3588 rum
1974 3533 2277 3586 facultatem
2306 3536 2623 3581 caaterorum
2657 3521 2994 3576 azdilicationi
3034 3527 3086 3571 et
3127 3517 3341 3570 utili'ati

1821 3624 2215 3685 consulentem;
2267 3621 2468 3673 «stulta
2514 3634 2532 3664 ι
2579 3615 2758 3683 igitur,
2805 3628 2823 3659 ι
2878 3606 3062 3662 mundi
3100 3607 3258 3676 elegit
3289 3615 3344 3660 et

1823 3711 2032 3764 infirma
2058 3729 2076 3759 ι
2104 3715 2158 3760 et
2186 3705 2382 3774 inopia,
2410 3710 2463 3757 et
2488 3701 2611 3754 vilia
2641 3717 2658 3748 ι
2684 3707 2738 3752 et
2766 3711 2883 3766 qua:
2928 3708 3033 3747 non
3061 3691 3292 3755 erant",
3319 3711 3336 3740 ι

1824 3811 2158 3868 nequaquam
2187 3802 2558 3853 contemnens,
2592 3803 2765 3857 neque
2795 3786 2929 3840 tales
2966 3782 3203 3846 animas;
3251 3779 3343 3836 sed

1824 3895 1882 3943 ut
1917 3884 2362 3940 humanissimum
2409 3881 2498 3934 Dei
2543 3877 2776 3931 Verbum
2800 3877 2878 3928 eis
2912 3873 3206 3928 studiosam
3251 3885 3343 3921 vo-

1826 3978 2082 4030 luntatem
2109 3973 2422 4043 gratulans;
2450 3983 2584 4038 quas
2613 3979 2663 4022 et
2707 3965 2888 4018 divino
2928 3961 3133 4032 judicio
3182 3959 3343 4028 digne

1825 4069 1884 4123 in
1931 4066 2160 4121 diversis
2179 4062 2465 4118 sacerdotii
2520 4060 2602 4114 sui
2656 4057 2873 4112 sedibus
2911 4054 3157 4114 collocat,
3214 4065 3343 4103 suos

1824 4167 2035 4216 aeterna:
2077 4157 2200 4210 vitae
2232 4168 2394 4223 panes
2444 4151 2524 4205 eis
2577 4147 2906 4216 impertiens.
2975 4160 2995 4192 ι
3044 4137 3349 4194 Ambulabit

1827 4262 2008 4302 coram
2037 4243 2250 4297 Christo
2282 4256 2400 4294 meo
2426 4237 2635 4291 cunctis
2676 4233 2864 4288 diebus
2879 4233 2925 4262 ’⁷⁵
2946 4249 2961 4294 ;
2986 4249 3003 4281 ι
3045 4231 3112 4283 de
3144 4228 3346 4283 sanctis

218 4325 518 4431 διελεύσεται
539 4333 762 4387 ἐνώπιον
783 4333 1010 4405 Χριστοῦ
1040 4351 1135 4402 μου
1157 4333 1328 4395 πάσας
1350 4332 1444 4396 τὰς
1467 4331 1719 4402 ὴμέρας,ι

1827 4336 1917 4404 qui
1946 4335 1999 4387 in
2034 4331 2272 4386 Ecclesia
2309 4335 2454 4388 sunt,
2489 4325 2704 4386 dicitur,
2731 4321 2950 4376 christis
2985 4329 3037 4372 et
3082 4318 3213 4385 ipsis
3257 4332 3348 4369 eo-

1993 4423 2004 4431 .
2088 4421 2115 4431 Α.
2382 4418 2391 4431 ι
2518 4414 2570 4431 -ιι
2601 4430 2604 4431 ,
2633 4415 2643 4431 ι
2754 4410 2920 4431 ιι-1ε.-
2953 4416 3171 4431 .--ηρηηυι
3219 4405 3328 4431 ..ι...;

221 4417 330 4515 περὶ
355 4420 456 4515 τῶν
486 4422 655 4488 ἀγίων
679 4421 784 4473 τῶν
812 4423 868 4472 ὲν
889 4424 954 4490 τῇ
999 4421 1283 4491 Ἐκκλησία
1319 4421 1526 4491 εἴρηται
1545 4459 1559 4483 ,
1611 4437 1719 4493 χρι-

1829 4421 2171 4494 gnominatis,
2197 4418 2488 4472 secundum
2517 4414 2674 4467 illud:
2712 4431 2730 4462 ι
2753 4410 2926 4464 Nolite
2953 4416 3174 4477 tangere
3217 4405 3353 4459 chri-

223 4504 453 4604 frﬁwatal
478 4509 653 4562 αὐτῶν
682 4511 1217 4580 προσαγορευομένων
1241 4549 1256 4572 ,
1290 4509 1426 4562 κατά
1467 4509 1557 4570 τὸ,
1588 4527 1604 4558 ι
1637 4508 1719 4578 Μὴ

1831 4520 1942 4567 stos
1995 4526 2140 4563 meos
2170 4511 2265 4561 ⁷⁸.»
2328 4505 2422 4558 llis
2458 4505 2598 4557 enim
2642 4517 2670 4554 a
2712 4499 2986 4555 Salvatore
3029 4497 3228 4550 dictum
3262 4505 3344 4548 est

223 4589 408 4694 ξψησθε
440 4598 542 4650 τῶν
589 4599 820 4670 χριστῶν
856 4599 952 4668 μοῦ
977 4616 988 4627 ο
1029 4618 1046 4648 ι
1086 4598 1288 4661 τούτοις
1322 4599 1425 4669 γὰρ
1458 4598 1590 4668 πρὸς
1635 4597 1719 4649 τοῦ

1830 4601 1883 4652 in
1939 4595 2255 4665 Evangelio:
2294 4591 2470 4647 «Ecce
2517 4606 2613 4660 ego
2658 4588 2933 4642 vobiscum
2982 4600 3101 4639 sum
3141 4582 3350 4635 cunctis

1847 4689 1881 4694 _-
1922 4688 1935 4694 -
2273 4686 2284 4694 .
2674 4679 2731 4694 .-,
2797 4693 2806 4694 κ
2852 4675 3073 4694 -·γην-,μιε
3095 4673 3139 4694 ⁸11
3190 4691 3202 4694 -
3259 4670 3347 4694 ιιι..

222 4679 446 4753 Σωτῆρος
476 4687 686 4756 ὲλέγετο
711 4689 802 4741 καὶ
830 4689 885 4739 ὲν
913 4688 988 4758 τῷ
1022 4689 1346 4758 Εὑαγγελίῳ,
1377 4707 1394 4738 ι
1440 4689 1586 4751 Ἰδοὺ,
1619 4686 1719 4754 ἐγὼ

1831 4688 2024 4741 diebus
2071 4701 2240 4754 usque
2273 4686 2327 4737 in
2354 4673 3159 4736 consummationem'saiculi".
3190 4691 3206 4721 ι
3259 4670 3351 4723 His

224 4769 325 4834 μεθ’
345 4773 490 4843 ὑμῶν
522 4778 635 4847 εἰμι
663 4779 838 4840 πάσας
859 4777 950 4839 τὰς
997 4777 1224 4846 ἡμέρας,
1253 4779 1354 4840 ἕως
1403 4777 1500 4846 τῆς
1546 4793 1725 4828 συντεο

219 4852 346 4920 λείας
364 4862 450 4915 τοῦ
470 4865 683 4927 αἰῶνος.
719 4886 736 4916 ι
771 4865 1010 4928 Πλείονος
1038 4866 1094 4917 δὲ
1144 4867 1431 4932 σαφηνείας
1469 4866 1728 4932 δεομένων

1832 4790 1955 4829 vero
1987 4774 2118 4827 locis
2161 4790 2282 4827 cum
2314 4771 2572 4839 ampliore
2612 4781 2746 4835 opus
2775 4773 2916 4819 esset
2960 4761 3350 4831 explanatione,

1833 4865 1947 4917 hanc
1976 4873 2150 4915 tamen
2186 4876 2344 4928 quam
2369 4856 2684 4912 brevissime
2724 4853 2866 4906 dicta
2899 4851 3178 4906 sufﬁcient.

221 4944 312 4998 τῶν
333 4949 520 5016 τόιτων,
550 4954 756 5017 τούτοις
784 4953 857 5016 ὼς
887 4947 994 5004 οἷόν
1029 4970 1088 5004 τε
1137 4949 1202 5021 ἦν
1229 4953 1316 5005 διά
1367 4953 1604 5022 βραχέων
1654 4953 1950 5026 εἰρημένοις
1981 4946 2434 5022 ἀρκεσθησόμεθα.

728 5066 1108 5120 ΚΕΦΑΛΛΙΟΝ
1139 5068 1218 5119 K'.

221 5147 604 5242 Βαονιλ‹[ςιιῖ›ν·,β“⁹ἐ
620 5154 934 5242 γ’ρηιςύριρς
951 5156 1044 5236 διᾲ
1063 5155 1258 5236 Ιγὰθαν
1284 5157 1359 5221 τῷ
1386 5156 1558 5211 Δαυὶδ
1581 5158 1725 5224 μετὰ

561 5225 770 5278 πολλὰ
795 5224 890 5276 καὶ
927 5224 1105 5277 ταῦτά
1134 5241 1316 5293 φησιν
1335 5244 1346 5256 ·

276 5403 294 5435 ι
325 5388 424 5441 Καὶ
459 5391 606 5446 ἔσται
661 5397 770 5450 ἐὰν
808 5397 1154 5469 πληρωθῶσιν
1187 5403 1240 5451 αι
1270 5401 1466 5470 ἡμέραι
1497 5416 1606 5459 σου,
1643 5401 1729 5450 καὶ

271 5540 314 5570 ⁸⁸
348 5541 483 5601 Psal.
519 5564 808 5615 Lxxxwm,
842 5551 931 5604 25.
1006 5551 1046 5581 ⁸⁷
1084 5548 1103 5600 l
1142 5548 1270 5618 Reg.
1344 5569 1414 5612 ιι,
1471 5549 1558 5602 ‘27.
1632 5549 1675 5579 ⁸⁸
1715 5549 1719 5600 i

289 5608 304 5660 |
338 5609 472 5668 Petr.
508 5631 571 5670 ιι.
613 5620 664 5670 5.
796 5622 840 5651 ⁷³
878 5617 1035 5670 Marc.
1081 5633 1184 5670 xu.
1219 5621 1308 5670 4:2.
1383 5623 1428 5650 ”
1468 5619 1486 5668 ι
1521 5617 1640 5670 Cor.
1675 5633 1719 5670 ι.

1818 5587 1840 5599 η.
1881 5548 1976 5603 55,
2034 5545 2120 5600 36.

1818 5617 1845 5669 ί.
1945 5616 1989 5646 ⁷³
2031 5614 2046 5664 l
2081 5613 2120 5662 li

214 5603 249 5634 "
289 5608 304 5660 1
338 5609 472 5668 Petr.
508 5631 571 5679 ιι,

796 5622 840 5651 ⁷³
878 5617 1035 5671 Marc.
1081 5633 1184 5681 ut,
1219 5617 1308 5674 23:2.

227 5687 381 5731 nvm
403 5719 417 5736 .
447 5683 535 5738 ﬁt).

2391 5053 2614 5111 CAPUT
2660 5050 2773 5105 XX.

1829 5152 1875 5207 E
1899 5150 2118 5206 secundo
2150 5150 2336 5220 Regum
2365 5145 2516 5210 libro.
2568 5141 2817 5194 Dommus
2862 5156 2950 5206 per
2993 5138 3205 5194 Nathan
3246 5140 3354 5192 Da-

2098 5240 2202 5294 ridi
2240 5248 2349 5303 post
2381 5236 2542 5288 multa
2571 5234 2676 5286 haec
2710 5246 2904 5299 quoque
2931 5229 3087 5284 dicit:

1905 5415 1922 5446 ι
1954 5396 2194 5464 Cumque
2237 5389 2481 5460 completi
2517 5385 2712 5441 fuerint
2743 5383 2856 5436 dies
2906 5385 3002 5447 tui,
3033 5395 3086 5438 et
3119 5386 3352 5439 dorntieo‘

2227 5544 2268 5574 "
2308 5540 2458 5597 llebr.
2523 5558 2594 5600 tv,
2654 5543 2735 5594 ιιι.

2842 5544 2886 5573 ⁷ο
2926 5539 3116 5608 Philip.
3170 5553 3244 5608 ιι,

1945 5616 1989 5646 ⁷³
2031 5614 2046 5664 l
2081 5613 2206 5680 Reg.
2246 5627 2310 5672 ιι,
2345 5611 2429 5663 55.
2529 5610 2576 5643 ⁷⁸
2615 5608 2755 5665 Psal.
2793 5627 2894 5676 ειν,
2931 5610 3011 5662 l5.

3089 5610 3128 5640 τε
3166 5596 3350 5659 manu".
