3926 6362
211 399 331 458 i081

207 519 239 588 ἢ
265 513 351 575 ut
383 507 457 577 τῷ
494 502 754 571 Σολομῶνι
790 496 856 551 τὰ
881 490 1194 561 λελεγμένα,
1222 489 1292 551 ὡς
1311 488 1336 539 ἐ

210 564 472 677 hiemi;
509 564 674 662 ψευδῆ
710 582 1067 655 διελέγχεσθαι
1109 576 1414 648 συμϐαίνειν
1458 564 1709 638 τὴν”μεθ’

206 658 481 764 ξρκωντοῢ
516 658 994 750 Θεθῦῖπρόρῥησινν
1030 671 1083 723 sf
1115 685 1176 736 γε
1220 666 1323 735 μὴν
1362 658 1714 753 ἀναφέρωμεν

206 742 578 845 τιδῗλεγόμενον
616 742 901 822 τοῦΔαυιδ
934 762 1145 831 σπέρμα
1178 756 1267 808 ἐπ)⁸
1312 752 1401 805 τὸν
1458 748 1515 814 ἐξ
1555 742 1712 797 αὐτοῦ

209 834 335 926 κατὰ
363 834 533 935 σάρκα
559 860 841 930 γενόμενον
876 850 1120 923 Χριστὸν,
1168 844 1328 913 σαφὲς
1356 841 1468 903 πῶς
1493 841 1570 901 είς
1607 834 1719 935 .162

206 959 362 1013 αἰῶνα
384 952 537 1006 τοῦτο
565 950 623 1003 τδ
656 947 889 1017 σπέρμα,
912 940 1049 994 τοῦτ’
1090 937 1228 989 ἐστιν
1253 934 1281 984 6
1312 927 1535 1001 Χριστὸς
1553 968 1567 991 ,
1604 924 1717 976 δια-

209 1051 367 1121 μενεῖ,
403 1040 627 1103 καὶπῶς
662 1041 690 1092 6
709 1014 890 1108 θρόνος
912 1028 1070 1086 αὑτοῦ
1092 1027 1180 1080 καὶ
1208 1028 1240 1094 ἡ
1267 1017 1599 1091 πνευματικὴ
1627 1014 1719 1084 βα-

207 1106 365 1193 σιλεία
389 1136 490 1195 ἓως
509 1130 695 1190 αἰῶνος
714 1106 934 1179 ἐνώπιον
956 1119 1180 1188 ὑπάρχει
1202 1112 1293 1165 τοῦ
1322 1107 1548 1178 Πατρδς,
1562 1106 1719 1195 ,ἀνορ-

205 1228 446 1297 θσύμενος
476 1194 563 1275 611‘
584 1215 740 1272 αὑτοῦ
772 1215 863 1267 καὶ
907 1202 1401 1273 άνοικοδομούμενος
1449 1194 1584 1249 κατὰ
1626 1209 1717 1260 γε-

204 1316 320 1369 νεάν
342 1315 432 1366 καὶ
453 1307 640 1378 γενεὰν
676 1309 731 1358 ἐν
756 1306 872 1364 ταῖς
915 1298 1020 1352 τῶν
1068 1290 1417 1347 πιστευόντων
1452 1285 1533 1337 ἐπ’
1562 1281 1718 1336 αὐτὸν

205 1411 411 1480 ψυχαῖς.
434 1376 631 1456 Τούτου
661 1396 715 1448 δὲ
736 1394 824 1447 τοῦ
853 1385 1230 1454 άποδεδομένου
1256 1382 1382 1451 ἡμῖν
1417 1376 1720 1445 σπέρματος

204 1462 359 1555 λαῦὶδ
374 1462 614 1563 διαμενεῖ
650 1490 677 1540 6
705 1485 902 1555 θρόνος,
937 1479 1009 1540 ὡς
1039 1479 1065 1528 6
1088 1475 1183 1543 τῆς
1219 1465 1553 1534 δικαιοσύνης
1577 1462 1721 1561 ἦλιρς

204 1550 434 1643 ἐναντίον
455 1550 548 1636 τοῦ
579 1550 803 1647 Πατρός,
834 1572 923 1625 καὶ
941 1568 1014 1629 ὡς
1034 1567 1087 1618 αί
1112 1566 1311 1633 ἡμέραι
1342 1557 1431 1610 τοῦ
1462 1550 1684 1625 ούρανοῦ
1707 1566 1721 1580 ⁸

202 1678 278 1731 διδ
300 1676 432 1745 πρὸς
468 1671 624 1726 αὑτὸν
649 1643 750 1719 sie
775 1663 865 1716 106
909 1659 1060 1725 ἁγίου
1092 1651 1400 1719 Πνεύματος
1449 1649 1504 1699 ἐν
1553 1643 1720 1713 ἑτέρῳ

202 1734 393 1836 ψαλμῷ
411 1734 650 1816 λέλεκται
664 1772 677 1787 ·
707 1775 724 1806 ι
748 1757 802 1806 '0
822 1751 1002 1823 θρόνος
1019 1764 1127 1809 σου,
1146 1747 1173 1797 6
1195 1742 1343 1803 Θεὸς,
1360 1742 1436 1801 είς
1453 1737 1540 1789 τὸν
1556 1734 1721 1787 αίῶνα

206 1822 291 1907 106
309 1822 526 1911 ¹άίῶνος
549 1887 564 1910 ,
593 1844 777 1915 ῥάϐδος
807 1822 1086 1906 εὐθύτητος
1140 1836 1174 1903 ἡ
1231 1829 1416 1902 ῥάϐδος
1444 1826 1539 1894 τῆς
1579 1822 1725 1891 βασι-

206 1944 344 2003 λείας
396 1956 509 1992 σου.
573 1934 885 2001 Ἠγάπησας
942 1922 1273 1991 δικαιοσύνην
1319 1918 1410 1971 καὶ
1464 1916 1723 1985 ἐμίσησας

209 2030 444 2100 ἀνομίαν,
460 2026 545 2078 διὰ
565 2023 718 2077 τοῦτο
739 2017 918 2092 ἑχρισέ
951 2033 1007 2068 σε
1027 2018 1056 2067 6
1075 2013 1201 2074 Θεὸς
1220 2014 1247 2064 6
1277 2008 1405 2069 Θεὸς
1428 2022 1516 2058 σου
1556 2003 1724 2055 ἔλαιον

211 2094 563 2190 ἀγαλλιάσεως
607 2111 754 2181 παρὰ
811 2111 933 2170 τοὺς
986 2104 1234 2175 μετόχους
1274 2117 1383 2153 σου.
1445 2116 1464 2148 ι
1507 2096 1562 2148 '0
1597 2094 1727 2162 Χριο

213 2182 323 2268 στὸς
347 2206 402 2258 δὲ
422 2204 513 2257 καί⁵
545 2201 689 2254 οἷκον
714 2201 809 2268 τὴν
849 2193 1160 2262 Ἐκκλησίαν
1188 2188 1498 2255 οἰκοδόμησε
1516 2182 1592 2252 τῷ
1616 2183 1726 2233 Πα-

211 2294 291 2364 τρὶ
312 2295 372 2344 ἐκ
396 2290 551 2342 λίθων
574 2287 785 2351 ζώντων
816 2284 906 2337 καὶ
925 2297 1006 2335 νοε
1016 2282 1139 2351 ρῶν,
1166 2277 1330 2345 ἁγίων
1352 2275 1444 2327 καὶ
1464 2270 1727 2341 ἐναρέτων

212 2362 403 2452 ψυχῶν,
433 2380 556 2432 ναὸν
589 2380 803 2448 ἐγείρας
830 2375 960 2429 πολὺ
991 2373 1267 2443 κρείττονα
1299 2368 1391 2421 καὶ
1415 2362 1729 2431 διαφέροντα

214 2446 418 2542 ὑπὸ
443 2446 746 2539 Σολομῶνος
774 2465 1098 2537 προσκαίρου
1122 2462 1213 2514 καὶ
1243 2456 1428 2528 μηκέθ’
1463 2446 1729 2520 ὑπαρχού-

218 2538 611 2632 ήςοίκοδομῆς.
637 2558 818 2627 Τούτῳ
852 2557 907 2610 δὲ
945 2556 1034 2608 καὶ
1057 2554 1085 2604 ὁ
1124 2546 1433 2608 Ἀπόστολος
1474 2538 1731 2612 μαρτυρεῖ

217 2654 489 2723 προσήκειν
520 2651 637 2720 τὴν,
671 2668 690 2699 ι
732 2649 868 2716 Ἐγὼ
899 2646 1085 2715 ἔσομαι
1118 2640 1260 2709 αὐτῷ
1288 2642 1364 2701 εἰς
1399 2634 1602 2703 πατέρα
1639 2633 1731 2684 καί¹

218 2743 359 2805 αὐτὸς
387 2742 532 2794 ἔσται
561 2756 649 2810 μοι
671 2740 748 2800 είς
773 2737 902 2800 υίδν,
928 2755 948 2787 ›
975 2734 1172 2803 φωνὴν,
1197 2727 1436 2782 ἐντεῦθεν
1461 2723 1623 2792 αὐτὴν
1653 2723 1730 2773 εί-

216 2830 380 2901 ληςρὼς
405 2831 460 2882 ἐν
482 2832 545 2899 τῇ
587 2828 724 2898 πρὸς
761 2825 1030 2893 Ἐϐραίους
1065 2819 1325 2884 συντάξει,
1368 2817 1492 2870 ἔνθα
1534 2812 1690 2882 φησίν
1712 2825 1727 2841 ⁸

223 2940 240 2972 ι
263 2899 381 2973 -Τίνι
414 2921 518 2991 γὰρ
551 2916 702 2971 εἶπέν
748 2932 874 2968 ποτε
912 2914 1018 2967 τῶν
1060 2911 1332 2979 ἀγγέλων,
1366 2908 1492 2969 Υἱός
1537 2923 1635 2977 μου
1683 2899 1735 2956 εἴ

219 3012 295 3073 σὺ,
326 3010 430 3078 ἐγὼ
457 3014 693 3085 σήμερον
720 3004 1014 3074 γεγέννηκά
1040 3019 1095 3054 σε
1120 3019 1133 3031 ·
1176 3020 1194 3051 ι
1225 3000 1315 3052 καὶ
1336 2997 1511 3059 πάλιν,
1542 3014 1560 3046 ι
1595 2992 1732 3061 Ἐγὼ

220 3067 390 3172 ἔσομαι
430 3067 573 3168 αὑτῶ
599 3067 688 3161 εἰς
731 3067 963 3165 πατέρα,
1004 3094 1095 3146 κα)⁵
1129 3092 1282 3152 αὐτὸς
1330 3089 1478 3140 ἔσται
1535 3102 1622 3155 μοι
1655 3087 1732 3146 είς
1758 3088 1802 3146 c,
1835 3074 1901 3127 de
1950 3069 2144 3139 quibus
2196 3067 2348 3118 ἱιινθε

219 3171 334 3244 υἱόν.
375 3210 391 3240 ι
429 3189 509 3241 Τὰ
536 3189 579 3241 ε
619 3186 729 3239 ἀπὸ
760 3184 872 3247 τοῦ,
911 3201 929 3233 ι
966 3183 1054 3235 καὶ
1086 3181 1149 3234 ἂν
1180 3178 1304 3250 non
1335 3176 1510 3230 ἀδικία
1549 3171 1730 3235 αὑτοῦ,

222 3283 302 3334 καὶ
331 3278 524 3348 ἐλέγξω
552 3278 718 3333 αὑτὸν
755 3279 811 3329 ἐν
834 3274 1008 3345 ῥάϐδῳ
1060 3269 1282 3340 ἀνδρῶν,
1317 3287 1336 3319 ι
1369 3265 1494 3335 περὶ⁹
1537 3263 1628 3317 τοῦ
1661 3263 1740 3324 είς

222 3370 431 3442 Χριστὸν
461 3368 843 3428 πιστεύσαντος
866 3364 992 3417 λαοῦ
1025 3363 1261 3431 εἴρηταιο
1295 3358 1413 3410 ἐπεὶ
1452 3355 1544 3410 καὶ
1587 3353 1741 3422 σῶμα

222 3460 435 3530 Χριστοῦ
492 3462 525 3530 ἡ
557 3454 853 3525 Ἐκκλησία
904 3451 1062 3505 αὑτοῦ
1104 3445 1440 3519 χρηματίζει,
1475 3444 1609 3497 κατὰ
1653 3442 1742 3494 τὸν

221 3548 535 3602 ’Δπόστολον.
569 3548 699 3600 Ὅτι
726 3543 783 3596 δὲ
812 3539 1061 3612 περὶτῶν
1091 3534 1519 3590 πεπιστευκότων
1540 3534 1618 3595 είς
1646 3531 1741 3584 αὑ-

220 3639 300 3691 τὸν
333 3638 398 3691 τά
420 3640 518 3709 τῆς
558 3633 861 3701 ἐπισκοπῆς
904 3632 1130 3700 εἴρηται,
1163 3627 1444 3695 ἐπίστησον
1477 3620 1742 3691 ἐπιμελῶς

222 3724 507 3798 λελεγμένῳ
546 3720 924 3793 πληθυντικῶς
952 3717 1046 3786 τῷ,
1082 3736 1100 3767 ι
1124 3716 1195 3768 T6
1222 3715 1277 3768 δὲ
1327 3713 1470 3774 ἐλεός
1500 3728 1599 3781 μου
1643 3710 1743 3762 οὐκ

222 3816 490 3886 ἀποστήσω
519 3816 614 3869 ἀπ’
643 3811 850 3866 αὐτῶν·
882 3829 900 3860 ι
939 3806 1117 3874 σαφῶς
1148 3805 1238 3857 καὶ
1267 3807 1322 3856 ἐν
1354 3802 1428 3871 τῷ
1455 3800 1648 3869 ψαλμῷ
1679 3797 1747 3850 τὰ

224 3906 555 3975 παραπλήσια
578 3907 696 3964 τοῖς
712 3900 773 3970 (f.
794 3898 879 3967 16)
897 3897 1074 3951 ἐνθάδε
1100 3896 1225 3966 περὶ⁵
1248 3894 1353 3946 τῶν
1375 3891 1499 3944 υἱῶν
1537 3889 1745 3960 εἴρηται

222 3993 304 4046 τοῦ
332 3989 822 4063 προφητεύομένου,
840 3988 895 4038 ἐν
910 3983 985 4054 τῷ
1010 4002 1027 4034 ι
1051 3985 1157 4036 Καὶ
1182 3981 1273 4033 ἐὰν
1298 3976 1746 4047 ἐγκαταλείπωσιν

223 4085 265 4137 οἱ
287 4085 386 4137 υἱοὶ
409 4083 569 4136 αὑτοῦ
602 4082 696 4136 τὸν
721 4080 878 4147 νόμον
901 4094 1019 4146 μου,
1048 4076 1139 4127 καὶ
1164 4075 1271 4135 τοῖς
1293 4069 1515 4141 κρίμασι
1543 4084 1640 4137 μου
1675 4065 1747 4136 μὴ

224 4174 559 4245 πορευθῶσιν,
587 4174 681 4225 ἐὰν
707 4171 773 4224 τὰ
792 4166 1126 4237 δικαιώματά
1161 4181 1256 4234 μου
1282 4160 1639 4232 βεϐηλώσωσι,
1658 4158 1749 4209 καὶ

225 4264 312 4328 τὰς
328 4265 538 4327 ἐντολάς
561 4280 663 4333 μου
693 4262 765 4332 μὴ
785 4258 1101 4328 φυλάξωσιν,
1121 4254 1474 4322 ἐπισκέψομαι
1495 4253 1551 4303 ἐν
1577 4248 1750 4320 ῥάϐδῳ

225 4351 312 4415 τὰς
352 4353 575 4422 ἀνομίας
608 4348 803 4410 αὐτῶν,
835 4348 928 4399 καὶ⁹
964 4348 1020 4398 ἐν
1061 4342 1273 4413 μάστιξι
1304 4340 1397 4402 τὰς
1422 4338 1627 4399 ἀδικίας
1654 4337 1748 4390 αὐ-

226 4439 321 4494 τῶν
338 4458 350 4471 ·
379 4443 439 4493 τὸ
468 4441 524 4493 δὲ
549 4439 698 4500 ἔλεός
734 4454 830 4507 μου
851 4435 908 4487 06
953 4433 1025 4503 μὴ
1052 4430 1377 4484 διασκεδάσω
1401 4429 1494 4481 ἀπ’
1519 4425 1741 4479 αὐτῶν.»

228 4527 355 4599 Ὀρα
390 4528 444 4582 δὲ
471 4529 588 4592 πῶς
619 4526 841 4598 ῥάϐδους
877 4522 1076 4592 ἀνδρῶν
1105 4521 1195 4573 καὶ
1229 4518 1366 4587 ἁφὰς
1393 4517 1518 4569 υἱῶν
1544 4513 1750 4585 ἀνθρώ-

229 4633 333 4669 mw
364 4618 485 4680 τοὺς
528 4614 672 4670 κατὰ.
720 4609 901 4681 καιρὸν
922 4610 1190 4677 ὠνόμασεν
1217 4610 1244 4659 6
1277 4606 1428 4673 λόγος
1458 4603 1747 4673 διωγμούς*

229 4704 352 4776 πλὴν
378 4706 566 4760 πολλαὶ
591 4704 688 4757 106
714 4701 844 4755 Θεοῦ
868 4700 923 4752 αἱ
944 4697 1322 4768 παρακλήσεις,
1348 4698 1438 4749 καὶ
1467 4698 1520 4748 at
1544 4693 1631 4747 διὰ
1649 4692 1752 4745 τῶν

231 4792 443 4861 Γραφῶν
472 4791 838 4862 παραμυθίαι,
867 4789 938 4857 μὴ
960 4785 1195 4854 ἁπαυδᾷν
1220 4788 1347 4855 ἡμῖν
1374 4783 1752 4853 ἐπιτρέπουσαι

231 4884 314 4935 ἐπὶ
328 4887 435 4948 τοῖς
468 4884 590 4937 καθ’
618 4881 771 4952 ἡμῶν
801 4875 1198 4949 ἐνεργουμένοις
1222 4876 1358 4928 κατὰ
1396 4876 1611 4945 καιροὺς
1633 4874 1754 4925 διω-

229 4977 373 5041 γμοίς
390 4991 403 5004 ·
431 4976 506 5037 ῶς
533 4972 644 5041 γὰρ
673 4968 1051 5037 ἐπισκέψεσθαι
1074 4966 1158 5019 διὰ
1190 4965 1376 5035 ῥάϐδου
1404 4965 1492 5018 τὸν
1519 4964 1608 5017 106
1632 4965 1755 5033 Χριο

233 5062 347 5117 στοῦ
390 5067 619 5135 προεῖπε
645 5061 770 5113 λαὸν
797 5058 1120 5130 ἁμαρτόντα,
1148 5056 1285 5109 οὕτω
1313 5056 1405 5107 καὶ
1431 5054 1490 5107 τὸ
1521 5054 1591 5122 μὴ
1619 5055 1753 5105 άπο-

1181 367 1467 430 εοιοοιιῑ
1502 358 1965 421 ΡΒΟΡΗΕἸΊΟᾹΞ.
2002 385 2072 397 -
2105 352 2229 407 LIB.
2269 348 2311 403 ι.

1341 486 1368 551 ξ
1405 483 1638 549 ἀνάγκης
1681 476 1716 529 ἀ

1830 486 1921 541 luo
1951 470 2037 523 hic
2075 465 2274 520 mentio
2309 459 2555 518 habetur,
2607 454 2671 507 ad
2731 452 3001 507 Christum
3042 444 3335 501 secundum

3284 204 3308 237 Ι

3205 328 3339 382 1082

1814 540 2027 616 carnem
2081 572 2147 612 ex
2193 569 2257 609 eo
2304 560 2488 605 natum
2557 541 2918 602 attribuimus.
2958 543 3140 608 aperte
3194 540 3337 603 patet

1817 651 2082 724 quomodo
2115 630 2186 703 ἱιῖ
2221 645 2416 704 saecula
2446 654 2627 696 semen
2668 634 2822 699 illud,
2856 635 2909 687 id
2941 640 3022 687 est
3065 629 3335 689 Christus,

1818 716 2145 813 permaneat,
2200 746 2253 791 et
2305 732 2569 805 quomodo
2602 730 2830 782 thronus
2867 725 2981 792 ejus
3008 736 3069 775 ac
3100 716 3339 788 spiritale

1818 846 2037 902 regnum
2072 841 2172 884 stet
2203 841 2374 895 usque
2402 824 2454 877 in
2484 828 2744 874 aeternum
2778 821 2900 867 ante
2932 812 3119 865 faciem
3141 805 3337 870 Patris,

1815 924 1882 976 ab
1927 936 1991 976 eo
2040 919 2302 971 firmatum
2360 912 2785 975 :editicatumqne
2832 905 2886 956 in
2947 899 3339 970 generationem

1816 1020 1869 1065 et
1894 1009 2290 1081 generationem
2327 1005 2379 1058 in
2425 1017 2606 1056 eorum
2658 998 2851 1050 animis
2889 994 2979 1061 qui
3028 991 3249 1043 credunt
3284 988 3337 1039 in

1815 1117 1958 1156 eum.
2002 1098 2135 1151 Dato
2189 1096 2330 1151 enim
2366 1090 2655 1146 nobishoc
2690 1085 2906 1139 Davidis
2953 1081 3173 1139 semine,
3220 1093 3342 1148 per-

1817 1196 1995 1243 manet
2029 1188 2275 1245 thronus,
2310 1189 2368 1233 ut
2391 1179 2619 1249 justitia:
2664 1177 2746 1232 sol
2783 1182 2904 1227 ante
2938 1171 3123 1224 faciem
3144 1168 3339 1231 Patris,

1818 1286 1870 1332 et
1904 1285 1961 1331 ut
2006 1275 2123 1330 cmli
2174 1273 2308 1327 dies.
2359 1270 2481 1323 ideo
2539 1265 2606 1320 ad
2643 1279 2765 1319 eum
2814 1278 2842 1315 a
2902 1267 3091 1314 sancto
3142 1251 3354 1325 Spiritu

1817 1371 1869 1421 in
1899 1367 2002 1419 alio
2041 1364 2246 1433 psalmo
2279 1361 2479 1413 dictum
2522 1363 2639 1411 est:
2696 1351 2901 1407 «Sedes
2943 1358 3056 1410 tua,
3100 1347 3259 1408 Deus,
3289 1346 3346 1399 in

1826 1457 2075 1511 sarculum
2104 1451 2282 1507 saeculi
2307 1468 2320 1504 :
2348 1450 2497 1515 virga
2528 1443 2864 1504 directiouis,
2897 1441 3043 1508 virga
3071 1438 3215 1507 regni
3248 1436 3344 1492 tui.

1821 1543 2061 1599 Dilexisti
2079 1540 2365 1610 justitiam,
2394 1545 2446 1590 et
2479 1534 2637 1587 odisti
2666 1530 3028 1599 iniquitatem:
3070 1534 3348 1596 propterea

1821 1637 1973 1691 unxit
2015 1642 2067 1687 te
2106 1632 2269 1695 Deus,
2319 1628 2458 1680 Deus
2499 1632 2646 1687 tuus,
2691 1623 2809 1675 oleo
2847 1620 3043 1672 laetitia:
3081 1632 3190 1687 prae
3219 1630 3348 1669 con-

1827 1726 2062 1782 sortibus
2093 1723 2199 1777 tuis
2217 1720 2314 1771 ”.i
2365 1715 2615 1771 Christus
2658 1726 2783 1766 vero
2811 1710 3025 1763 domum
3052 1706 3345 1761 Ecclesiam

1752 1789 1795 1842 Β
1824 1813 2103 1870 aedificavit
2126 1809 2273 1864 Patri
2319 1806 2586 1875 lapidibus
2639 1800 2944 1855 viventibus
3000 1795 3351 1867 spiritalibus-

1823 1921 1947 1975 que,
1980 1903 2182 1958 sanctis
2212 1898 2527 1966 eximiisque
2557 1892 2773 1955 animis,
2819 1898 2999 1944 erecto
3046 1887 3214 1939 multo
3255 1899 3351 1952 po-

1825 1997 1978 2060 tiore,
1997 1993 2327 2058 multumque
2357 2002 2387 2039 a
2419 1987 2622 2039 caduco
2644 1995 2893 2050 nuncque
2927 1976 3140 2047 penitus
3165 1987 3352 2028 everso

1827 2084 2125 2139 Salomonis
2167 2080 2415 2136 dissimili
2444 2075 2660 2144 templo.
2700 2073 2778 2127 Ad
2811 2084 2967 2140 quem
2999 2084 3059 2123 ea
3110 2072 3353 2134 spectare

1823 2177 2020 2228 verba:
2078 2189 2096 2221 ι
2122 2170 2229 2240 Ego
2270 2183 2361 2222 ero
2391 2166 2465 2219 illi
2506 2165 2559 2218 in
2600 2173 2826 2230 patrem,
2858 2168 2910 2211 et
2948 2159 3062 2225 ipse
3087 2155 3189 2209 erit
3218 2151 3348 2204 mihi

1827 2267 1879 2320 in
1916 2265 2100 2325 lilium,
2130 2281 2147 2314 ι
2194 2266 2420 2313 testatur
2467 2264 2519 2311 et
2572 2252 2863 2323 Apostolus
2903 2252 2957 2303 in
3003 2263 3099 2302 sua
3142 2244 3208 2299 ad
3252 2243 3355 2297 He-

1827 2358 2000 2411 bra'os
2032 2350 2435 2407 admonitione:
2486 2364 2503 2396 ι
2534 2346 2634 2400 Cui
2682 2345 2824 2398 enim
2874 2342 3009 2396 dixit
3060 2334 3346 2406 aliquando

1827 2448 2165 2514 angelorum:
2191 2441 2358 2495 Filius
2385 2454 2536 2493 meus
2556 2454 2613 2490 es
2634 2447 2710 2499 tu,
2737 2449 2835 2504 ego
2862 2431 3020 2484 hodie
3045 2428 3200 2497 genui
3221 2433 3295 2482 te.
3328 2443 3350 2477 ι

1831 2536 1892 2588 Et
1924 2546 2175 2585 rursum:
2243 2548 2261 2579 ι
2296 2528 2406 2596 Ego
2435 2541 2528 2580 ero
2554 2525 2627 2578 illi
2677 2525 2731 2576 in
2777 2528 3005 2591 patrem,
3034 2518 3227 2585 et‘ipse
3255 2514 3358 2568 erit

1828 2622 1957 2675 mihi
1991 2622 2043 2674 in
2094 2617 2385 2672 filium”?p
2441 2614 2570 2680 Quae
2623 2619 2800 2664 autem
2832 2608 3064 2661 abillis:
3116 2604 3263 2668 «Qui
3310 2602 3358 2657 si

1832 2710 2013 2778 inique
2064 2704 2264 2774 aliquid
2312 2701 2558 2773 gesserit,
2591 2713 2812 2768 arguam
2851 2710 2972 2748 eum
3007 2695 3061 2745 in
3098 2692 3246 2759 virga
3279 2689 3360 2742 vi-

1829 2813 2011 2852 rorum
2041 2816 2060 2847 ι
2093 2794 2157 2849 de
2179 2793 2374 2863 populo
2399 2792 2452 2844 in
2472 2790 2742 2843 Christum
2767 2785 3017 2839 credente
3038 2782 3181 2835 dicta
3202 2789 3359 2846 sunt;

1830 2904 2025 2959 corpus
2057 2887 2195 2941 enim
2220 2882 2419 2938 Christi
2440 2880 2681 2933 Ecclesia
2721 2886 2802 2931 est
2821 2876 2889 2938 ⁸⁸,
2912 2872 3203 2929 secundum
3228 2872 3363 2937 Apo-

1831 2980 2045 3036 stolum.
2085 2974 2237 3042 Quod
2261 2982 2435 3026 autem
2458 2970 2525 3025 ad
2552 2967 2830 3022 credentes
2859 2965 2911 3017 in
2936 2978 3056 3017 eum
3087 2975 3148 3014 ea
3178 2958 3360 3021 verba,

2354 3065 2607 3131 tigamus,
2666 3063 2936 3126 spectant,
2999 3050 3365 3104 animadverte

1836 3161 2023 3217 sedulo
2070 3159 2272 3213 dictum
2329 3168 2449 3208 esse
2494 3150 2812 3220 pluraliter:
2897 3164 2915 3195 ι
2946 3140 3363 3196 Misericordiam

1840 3259 2016 3304 autem
2046 3260 2220 3300 meam
2266 3257 2374 3295 non
2428 3238 2669 3292 auferam
2702 3236 2768 3287 ab
2797 3235 2917 3288 iis.»
2972 3229 3252 3283 Manifeste
3308 3232 3362 3280 et

1838 3341 1893 3393 in
1934 3337 2144 3407 psalmo
2187 3347 2293 3386 nou
2350 3327 2618 3383 absimilis
2672 3324 2739 3377 iis
2788 3323 2854 3375 de
2911 3321 3036 3374 ﬁliis
3076 3318 3221 3393 illius
3274 3315 3366 3383 qui

1841 3406 2186 3499 prophetatus
2222 3428 2326 3484 est,
2360 3420 2646 3473 dicuntur:
2706 3431 2725 3463 ι
2756 3412 2811 3466 Si
2858 3421 3037 3465 autem
3066 3406 3369 3474 derelique-

1839 3492 2079 3572 rint—ﬁlii
2116 3513 2233 3581 ejus
2290 3511 2455 3578 legem
2517 3519 2711 3564 meam,
2764 3510 2818 3555 et
2869 3501 2921 3552 in
2972 3496 3192 3566 judieiis
3236 3492 3367 3546 meis

1840 3622 1946 3661 non
1969 3599 2387 3661 ambulaverint;
2420 3597 2465 3649 si
2495 3592 2734 3663 justitias
2784 3603 2929 3642 meas
2970 3579 3370 3654 profanaverint

1840 3705 1894 3751 et
1922 3691 2169 3747 mandata
2195 3702 2311 3742 mea
2338 3701 2446 3740 non
2469 3680 2850 3737 custodierint:
2900 3674 3132 3728 visitabo
3170 3671 3225 3723 in
3255 3668 3366 3721 vir-

1842 3799 1905 3854 ga
1936 3781 2240 3850 iniquitates
2264 3789 2471 3838 eorum,
2515 3780 2567 3825 et
2602 3771 2655 3823 in
2686 3764 3003 3821 verberibus
3036 3770 3253 3830 peccata
3279 3772 3361 3813 eo-

1843 3888 1983 3927 rum.
2039 3865 2462 3923 Misericordiam
2489 3871 2667 3915 autem
2706 3870 2878 3912 meum
2916 3869 3022 3907 non
3063 3851 3370 3920 dispergam

1844 3964 1912 4019 ab
1963 3962 2041 4016 eis
2064 3960 2163 4013 ⁸⁷.»
2225 3954 2454 4010 Attende
2504 3949 2772 4021 quomodo
2823 3967 2841 3997 ι
2870 3946 3049 4014 virgas
3094 3940 3370 3996 hominum

1844 4063 1897 4110 et
1926 4054 2107 4122 plagas
2136 4050 2366 4103 filiorum
2412 4045 2709 4102 hominum,
2737 4058 2755 4089 ι
2796 4035 3152 4107 temporarias
3192 4044 3374 4100 perse-

1849 4120 2089 4199 cutiones
2122 4152 2276 4193 sacra
2322 4141 2478 4188 vocat
2501 4129 2745 4184 historia.
2787 4125 3163 4179 Verumtamen
3195 4120 3376 4172 multa

1848 4240 1971 4289 sunt
2009 4230 2100 4284 Dei
2131 4225 2529 4284 advocationes,
2562 4228 2615 4274 et
2663 4233 2757 4287 per
2787 4216 3094 4283 Scripturas
3119 4209 3372 4265 exhorta-

1850 4325 2043 4386 tiones,
2078 4333 2197 4389 qua:
2227 4330 2326 4370 nos
2358 4313 2648 4367 admonent
2676 4323 2742 4361 ne
2795 4302 3073 4359 suscitatis
3116 4299 3373 4353 adversus

1778 4398 1822 4453 D
1852 4428 1947 4467 nos
1998 4404 2461 4479 persecutionibus
2511 4395 2861 4466 temporariis
2922 4392 3252 4446 cederemus.
3311 4386 3378 4441 Ut

1852 4478 2169 4569 enimivirga
2198 4513 2256 4552 se
2287 4495 2674 4563 castigaturum
2709 4501 2830 4541 esse
2854 4483 3097 4554 praedixit
3121 4478 3376 4550 populum

1857 4593 1947 4646 Dei
1979 4595 2314 4658 peccantem,
2346 4584 2426 4638 sic
2465 4588 2519 4636 et
2546 4596 2653 4633 non
2686 4579 2753 4632 ab
2793 4593 2856 4630 eo
2890 4573 3213 4627 defecturam
3257 4581 3377 4621 esse

1852 4680 2121 4753 pollicitus
2146 4688 2229 4731 est
2274 4671 2727 4730 misericordiam,
2775 4666 2990 4719 dicens:
3043 4655 3379 4713 «Misericor-

1853 4771 1995 4824 diam
2021 4774 2196 4820 autem
2228 4778 2395 4818 meam
2423 4775 2531 4814 non
2577 4754 2818 4809 auferam
2848 4750 2915 4801 ab
2945 4748 3029 4808 iis,
3075 4745 3213 4798 sicut
3256 4736 3381 4793 abs-

1852 4860 1947 4914 tuli
1975 4859 2042 4911 ab
2099 4857 2183 4920 iis,
2215 4869 2352 4922 quos
2390 4848 2565 4903 amovi
2599 4861 2630 4898 a
2658 4843 2799 4896 facie
2831 4854 3000 4893 mea.»
3043 4835 3252 4899 Queret
3285 4845 3379 4883 aur

1855 4966 1962 5011 tem
1998 4950 2134 5021 apud
2178 4963 2312 5018 quos
2361 4950 2505 4999 esset
2551 4946 2675 4994 ante
2734 4935 2968 5005 gentium
3004 4929 3257 5000 pepulum
3290 4923 3380 4976 Dei

1858 5040 2246 5102 misericordia,
2277 5049 2436 5106 quam
2464 5029 2684 5086 omnino
2714 5026 2782 5079 ab
2833 5024 2912 5078 eis
2945 5018 3271 5074 abstulerat:
3308 5013 3382 5067 si-

235 5102 347 5117 n"
395 5102 619 5135 ..κινεηηυ
647 5102 767 5113 ......
797 5102 1120 5130 ..τωρ-.-η
1152 5102 1281 5109 π-..
1316 5102 1404 5107 --η
1443 5102 1485 5107 η
1521 5102 1591 5122 ,η
1623 5102 1653 5105 --
1683 5102 1717 5105 ἡ

234 5158 435 5225 στήσειν
454 5155 622 5210 αὐτοῦ
644 5154 706 5207 16
733 5153 876 5215 ἔλεος
908 5150 1307 5221 προῦπέσχηται
1337 5146 1522 5209 εἰπὼν,
1554 5164 1571 5195 ι
1608 5147 1679 5197 T6
1700 5146 1733 5198 ἃ

1858 5136 2050 5192 militer
2078 5131 2221 5186 enim
2258 5102 2316 5184 se
2347 5126 2610 5180 facturum
2637 5132 2759 5174 esse
2802 5110 3075 5185 promittit
3100 5108 3155 5161 in
3180 5102 3383 5159 Christi

234 5246 365 5312 ἔλεός
411 5264 509 5319 μου
546 5246 609 5300 o6
652 5244 729 5315 μὴ
755 5242 1038 5310 άποστήσω
1073 5241 1163 5291 ἀπ’
1208 5238 1402 5299 αὐτῶν,
1440 5235 1615 5297 καθὼς
1656 5237 1757 5288 άπ-

1862 5227 2133 5301 populum.

235 5298 433 5408 60-1qu
452 5338 543 5406 ἀφ’
577 5298 667 5390 ὧν.
697 5298 997 5403 άπέστησα’
1038 5353 1054 5385 ι
1091 5332 1307 5401 ζητήσει
1345 5330 1389 5381 δ’
1416 5329 1506 5380 ἐπὶ
1541 5329 1691 5392 τίνας
1717 5327 1784 5398 ἦν
1820 5298 1949 5398 πρδγ
1976 5323 2066 5376 τοῦ
2098 5319 2156 5383 ἐξ
2194 5315 2359 5372 ἐθνῶν
2381 5311 2507 5365 λαοῦ
2532 5307 2591 5361 16
2624 5305 2716 5358 106
2742 5301 2874 5356 Θεοῦ
2902 5300 3064 5363 ἕλεος,
3095 5298 3227 5367 ὅπερ
3253 5308 3385 5348 παν-

235 5432 390 5495 τελῶς
422 5432 512 5485 ἀπ’
539 5426 720 5483 αὐτῶν
753 5396 1087 5497 ἀπέστησας
1122 5396 1182 5478 o6
1208 5396 1267 5476 τὸ
1292 5424 1483 5492 εὸμοιον
1512 5396 1751 5491 ποιήσειν
1783 5396 2108 5489 ὑπισχνεῖται
2136 5412 2271 5467 κατὰ
2300 5410 2387 5463 τὸν
2410 5403 2500 5458 τοῦ
2526 5398 2755 5471 Χριστοῦ
2794 5396 2934 5449 λαόν.

302 5674 344 5704 ⁸⁸
379 5672 519 5728 Psal.
555 5685 714 5732 xuv,
747 5666 806 5730 7,
840 5663 891 5719 8.
968 5664 1011 5695 "
1049 5662 1208 5718 Hebr.
1246 5676 1300 5728 ι,
1334 5660 1385 5715 5.
1460 5657 1505 5691 ⁸⁸
1540 5657 1733 5714 Coloss.

1862 5656 1950 5710 24.
2021 5655 2063 5686 ⁸⁷
2104 5651 2244 5707 Psal.
2274 5660 2539 5710 uxxvm,
2575 5642 2663 5697 5i.
