3926 6404
148 377 170 431 1
183 377 300 432 085

1175 390 1460 446 ECLOGJE
1498 392 1961 448 PROPHETICIE.
2002 421 2063 432 —
2091 393 2212 449 LIB.
2256 399 2296 449 Ι.

3200 403 3220 454 ί
3230 401 3329 455 086

146 497 208 586 έν
243 497 396 568 οἴκῳ
431 518 538 570 μου
567 506 658 557 καὶ
677 505 734 556 ἐν
764 505 1002 578 βασιλείᾳ
1032 507 1190 560 αὑτοῦ
1216 510 1316 572 ἕως
1336 509 1544 572 αἰῶνος,
1574 511 1708 562 καὶὸ

1819 512 2080 580 piternum
2106 530 2118 564 :
2149 519 2201 564 et
2227 512 2454 567 thronus
2484 513 2602 582 ejus
2629 515 2729 567 erit
2761 515 3100 570 ﬁrmissimus
3128 517 3179 570 in
3213 534 3329 586 per-

148 585 350 656 θρόνος
383 593 557 645 αὑτοῦ
589 596 966 666 ἀνωρθωμένος
991 599 1091 662 ἕως
1116 599 1320 662 αἰῶνος.
1354 619 1372 650 ι
1403 601 1506 652 Kal.
1525 600 1708 664 ταῦτα,

148 678 320 744 ὅμοια
357 677 502 734 ὄντα
527 686 636 745 τοῖς
657 685 718 736 ὲκ
745 687 840 754 τῆς
869 684 1116 755 δευτέρας
1145 687 1247 740 τῶν
1281 686 1562 739 Βασιλειῶν
1591 704 1712 758 προ-

1815 611 2030 668 petuum
2059 601 2124 654 ³⁸.
2153 622 2170 652 ι
2187 599 2308 655 Haec
2334 601 2528 654 similia
2559 602 2625 656 iis
2650 619 2764 671 qua:
2789 605 2843 656 in
2868 607 3102 659 secundo
3126 604 3325 676 Regum

1813 691 1949 744 libro
1973 692 2272 745 notavimus
2303 691 2804 760 explanavimusque
2825 731 2841 754 ,
2868 709 2974 747 non
3004 695 3226 748 multum
3261 695 3327 748 ab

149 765 514 838 εκτεθείσης,
551 775 995 843 σημειωσάμενοι,
1022 775 1107 828 διὰ
1145 777 1204 827 τὸ
1235 777 1307 846 μὴ
1349 777 1539 848 πολλὴν
1576 774 1708 830 εἶναι

1810 779 2011 834 eisdem
2052 779 2338 835 differunt:
2382 796 2548 850 quare
2592 779 2654 832 ad
2699 781 2944 850 praedicta
2983 784 3082 838 hoc
3121 784 3174 838 in
3211 785 3327 838 loco

149 856 250 926 τὴν
281 858 508 913 τούτων
548 863 679 932 πρὸς
703 866 880 918 ἐκεῖνα
909 865 1248 936 παραλλαγὴν
1277 867 1708 939 ἀρκεσθησόμεθα

1816 870 2157 926 remittimus.

150 951 267 1010 τοῖς
303 951 392 1013 εἰς
429 953 613 1006 ἐκεῖνα
647 957 966 1026 εἰρημένοις.

679 1090 1059 1142 ΚΕΦΑΛΑΙΟΝ
1102 1091 1222 1142 KA'.

458 1197 561 1251 Ἕκ
589 1197 696 1266 τῆς
727 1200 772 1251 6'
803 1198 916 1254 τῶν
952 1197 1482 1268 Παραλειπομένων.

230 1320 250 1352 ί
302 1303 428 1356 Καὶ
467 1305 584 1369 νῦν,
632 1307 797 1376 Κύριε
832 1309 860 1360 6
887 1307 1014 1368 Θεὸς
1058 1307 1282 1378 Ἰσραὴλ,
1305 1310 1617 1378 πιστωθήτω
1646 1308 1708 1379 δὴ

152 1391 214 1442 τὸ
243 1395 410 1462 ῥῆμά
439 1411 557 1458 σου,
586 1395 614 1447 ὃ
645 1396 902 1466 ὲλάλησας
927 1395 1003 1466 τῷ
1035 1395 1176 1448 παιδί
1203 1412 1294 1448 σου
1325 1396 1400 1466 τῷ
1428 1397 1603 1459 Δαυὶδ,
1629 1398 1708 1449 ὅτι

152 1476 383 1546 ἀληθῶς
399 1482 717 1550 κατοικήσει
736 1483 762 1532 6
774 1481 900 1544 Θεὸς
923 1482 1056 1550 μετὰ
1070 1481 1162 1533 ἀνθ
1170 1481 1358 1552 ρώπων
1377 1483 1464 1534 ἐπὶ
1480 1483 1573 1551 τῆς
1587 1483 1708 1551 γῆς,

154 1571 201 1620 εἰ
235 1569 267 1620 6
289 1571 535 1639 οὐρανὸς
560 1572 691 1623 καὶὸ
713 1571 928 1642 οὐρανὸς
956 1571 1043 1624 τοῦ
1059 1570 1275 1640 ούρανοῦ
1300 1571 1395 1622 οὐκ
1430 1572 1709 1640 ἀρκέσουσι

154 1675 263 1711 σοι.
306 1679 324 1709 ι
369 1663 492 1713 Καὶ
523 1663 599 1724 εἰς
634 1661 798 1713 ταῦτα
835 1661 1102 1731 εἰρηκότες
1132 1661 1274 1725 ἅπαξ
1313 1663 1398 1713 ὅτε
1427 1661 1494 1712 τά
1523 1663 1584 1714 ὲκ
1613 1661 1711 1731 τῆς

154 1755 202 1815 γ’
240 1749 360 1800 τῶν
396 1750 693 1803 Βασιλειῶν
729 1750 1029 1819 ἐξεθέμεθα,
1063 1748 1154 1802 νῦν
1202 1751 1259 1802 ού
1296 1750 1702 1820 δευτερώσομεν.

672 1881 1052 1932 ΚΕΦΛΛΑΙΟΝ
1096 1880 1221 1934 ΚΕ’.

2345 1045 2568 1101 CAPUT
2605 1045 2783 1100 XXIV.

2087 1152 2133 1206 Ε
2162 1153 2383 1207 secundo
2422 1153 2858 1221 Paralipomenon
2896 1155 3051 1210 libro.

1881 1323 1900 1356 ι
1931 1304 1995 1358 Ει
2026 1319 2200 1369 nunc,
2246 1303 2465 1360 Domine
2495 1306 2632 1361 Deus
2661 1305 2818 1361 Israel
2837 1345 2853 1370 ,
2884 1307 3123 1361 ﬁrmetur
3154 1322 3328 1362 sermo

1811 1403 1968 1456 tuus,
2013 1409 2171 1462 quem
2227 1395 2434 1450 locutus
2472 1412 2529 1450 es
2574 1412 2728 1450 servo
2769 1405 2861 1450 tuo
2891 1396 3076 1450 David.
3125 1397 3330 1466 Ergone

1811 1485 2062 1539 credibile
2089 1492 2174 1539 est
2205 1494 2263 1537 ut
2289 1485 2494 1540 habitet
2523 1485 2661 1540 Deus
2691 1502 2810 1538 cum
2842 1487 3142 1540 hominibus
3172 1503 3332 1556 super

1811 1582 2039 1638 terram,
2085 1577 2130 1629 si
2177 1576 2372 1628 coelum
2417 1583 2468 1628 et
2512 1576 2634 1628 coeli
2683 1577 2938 1628 caelorum
2989 1591 3092 1628 non
3148 1587 3195 1629 te
3240 1593 3330 1629 ca-

1810 1664 1960 1733 piunt
1989 1665 2076 1718 ”?
2103 1685 2120 1716 ο
2156 1664 2270 1717 Jam
2301 1680 2472 1733 nuper
2501 1680 2561 1718 ea
2596 1667 2646 1716 in
2680 1664 2880 1734 Regum
2913 1666 3049 1718 libro
3078 1667 3329 1734 explana-

1809 1755 2013 1816 vimus,
2046 1767 2143 1806 nec
2171 1768 2289 1822 qua:
2322 1753 2559 1806 diximus
2591 1754 2827 1805 iteranda
2857 1768 3154 1806 censemus.

2339 1884 2563 1939 CAPUT
2623 1884 2784 1939 XXV.

173 1987 276 2040 Ἐκ
320 1986 438 2040 τοῦ
479 1987 662 2056 Ἕζρα.
711 1989 770 2040 '0
811 1988 1130 2062 ζοροόάϐελ
1175 1991 1243 2042 ἐν
1291 1987 1361 2057 τῇ
1396 1989 1708 2058 δημηγορίᾳ

1810 1994 1890 2048 Ea:
1922 1994 2104 2049 Esdraz
2132 1995 2281 2049 libro.
2324 1994 2449 2048 Ilwc
2483 1994 2768 2046 Zorobabel
2793 2010 2966 2046 coram
2992 1995 3177 2062 populo
3216 2011 3331 2048 con-

745 2056 925 2110 ταῦτά
957 2071 1158 2125 φησιν.

239 2187 257 2218 ί
285 2167 674 2237 Ἀνδρες,ούχ“ι
709 2169 917 2237 ἰσχυραὶ
946 2170 998 2220 αἱ
1030 2171 1308 2234 γυναῖκες;
1336 2170 1536 2238 μεγάλη
1569 2170 1601 2238 ἡ
1641 2170 1707 2239 γῆ

168 2255 260 2307 καὶ
291 2255 504 2324 ὑψηλὸς
536 2259 564 2309 6
591 2257 834 2326 οὐρανός·
863 2257 954 2308 καὶ
991 2259 1154 2325 ταχὺς
1175 2257 1248 2326 τῷ
1280 2257 1459 2329 δρόμῳ
1481 2260 1508 2310 6
1535 2257 1706 2325 ἤλιος’

170 2345 246 2397 ὅτι
294 2345 594 2415 στρέφεται
637 2346 692 2395 ὲν
719 2343 793 2412 τῷ
832 2344 1009 2414 κύκλῳ
1035 2343 1127 2396 τοῦ
1161 2345 1404 2414 ούρανοῦ,
1435 2345 1524 2396 καὶ
1554 2346 1709 2398 πάλιν

172 2436 463 2506 ἀποτρέχει
509 2436 592 2496 εἰς
630 2437 717 2486 τὸν
749 2434 933 2486 ἑαυτοῦ
955 2433 1115 2486 τόπον
1140 2436 1195 2485 ὲν
1223 2435 1398 2505 ἡμέρᾳ
1434 2435 1560 2504 μιᾷ·
1593 2435 1710 2502 οὐχὶ

177 2529 342 2597 μέγας
380 2527 443 2589 ὃς
486 2525 660 2579 ταῦτα
716 2529 884 2588 ποιεῖ,
916 2527 1005 2579 καὶ
1034 2528 1066 2595 ἡ
1099 2526 1318 2595 ἀλήθεια
1366 2527 1589 2596 μεγάλη,
1619 2528 1709 2578 καὶ

175 2619 365 2690 ἰσχυρά
393 2617 551 2690 παρά
577 2617 778 2682 πάντας
811 2620 954 2670 πᾶσα
982 2619 1014 2687 ἡ
1045 2617 1115 2685 γῆ
1157 2617 1250 2687 τὴν
1282 2617 1530 2686 ἀλήθειαν
1560 2618 1710 2669 καλεῖ

178 2706 268 2757 καὶ
314 2708 343 2758 6
385 2705 618 2775 οὐρανὸς
657 2704 820 2774 αὐτὴν
872 2705 1101 2770 εὐλογεί’
1134 2706 1226 2757 καὶ
1250 2705 1424 2757 πάντα
1464 2705 1530 2757 τά
1576 2704 1710 2773 ἔργα

181 2795 371 2848 σείεται
402 2797 501 2850 καὶ
535 2796 722 2866 τρέμει
741 2813 753 2825 ο
785 2796 875 2847 κα)⁸
898 2795 993 2846 οὐκ
1024 2795 1134 2846 ἐστι
1171 2796 1281 2864 μετ’
1318 2795 1476 2847 αὐτοῦ
1520 2795 1624 2846 οὐδ’
1652 2795 1708 2847 ἓν

181 2885 379 2938 ἄδικον·
426 2884 615 2946 ἄδικος
633 2885 660 2938 6
687 2880 822 2946 οἶνος
841 2899 854 2913 °
883 2883 1058 2944 ἄδικος
1093 2882 1120 2932 6
1155 2881 1429 2951 βασιλεύς⁹
1460 2883 1624 2936 ἄδικοι
1653 2883 1707 2936 αἰ

2357 2064 2593 2116 cionatus
2622 2062 2766 2116 dicit.

1880 2193 1897 2224 ι
1928 2173 1970 2228 0
2003 2174 2122 2238 viri,
2153 2187 2329 2228 nonne
2379 2175 2542 2228 fortes
2572 2182 2696 2227 sunt
2716 2174 3010 2227 mulieres?
3039 2172 3223 2242 Magna
3247 2179 3329 2226 est

1806 2273 1980 2325 terra,
2028 2273 2081 2319 et
2127 2265 2394 2319 excelsum
2439 2272 2522 2318 est
2562 2264 2794 2316 caelum:
2841 2272 2894 2316 et
2937 2263 3086 2316 velox
3135 2277 3328 2318 cursus

1810 2353 1940 2407 solis
1980 2355 2244 2408 convertit
2280 2357 2332 2406 in
2378 2367 2508 2422 gyro
2550 2352 2744 2404 coelum
2788 2352 2839 2404 in
2877 2352 3049 2404 locum
3093 2368 3247 2406 suum
3274 2353 3329 2403 i:

1810 2457 1915 2494 una
1959 2441 2066 2496 die.
2119 2442 2308 2496 Nonne
2348 2442 2662 2511 magniﬁcus
2703 2449 2785 2495 est
2826 2442 2915 2509 qui
2947 2443 3056 2494 haec
3085 2440 3246 2503 facit,
3276 2448 3332 2494 et

1809 2531 2008 2584 veritas
2052 2545 2278 2600 magna,
2323 2537 2375 2585 et
2424 2530 2612 2585 fortior
2656 2545 2764 2600 pra:
2809 2527 3100 2583 omnibus?
3141 2526 3330 2581 Omnis

1809 2625 1952 2670 terra
1982 2619 2257 2670 veritatem
2291 2617 2534 2679 invocat,
2565 2620 2758 2670 caelum
2787 2617 2945 2670 etiam
2977 2616 3146 2684 ipsam
3173 2615 3331 2668 bene-

1806 2705 1969 2766 dicit,
1999 2713 2052 2758 et
2081 2705 2259 2757 omnia
2290 2719 2448 2773 opera
2479 2713 2780 2764 moventur,
2810 2711 2863 2757 et
2903 2711 3135 2755 tremunt
3175 2716 3290 2754 eam
3313 2738 3329 2763 ,

1811 2803 1863 2848 et
1891 2810 1996 2848 non
2027 2802 2110 2849 est
2137 2810 2255 2848 cum
2286 2811 2347 2848 ea
2377 2795 2664 2864 quidquam
2697 2794 2957 2862 iniquum.
2999 2791 3194 2844 Vinum
3230 2791 3332 2843 ini-

1809 2901 1972 2954 quum
1995 2925 2009 2948 ,
2041 2885 2258 2954 iniquus
2283 2901 2374 2939 rex
2395 2925 2409 2948 ,
2439 2885 2632 2954 iniqua:
2657 2886 2933 2947 mulieres,
2962 2884 3126 2951 iniqui
3148 2897 3332 2935 omnes

182 2977 421 3041 γυναῖκες
438 2991 452 3004 ⁸
480 2974 654 3030 ἄδικοι
678 2974 725 3026 οἰ
756 2973 856 3024 υἱοὶ
881 2971 985 3024 τῶν
1013 2971 1330 3042 ἀνθρώπων⁸
1355 2972 1446 3025 καὶ
1467 2972 1618 3024 ἀδικα
1641 2973 1708 3024 τά

1812 2973 1902 3026 ﬁlii
1934 2975 2208 3028 hominum
2229 3015 2243 3040 ,
2273 2983 2326 3030 et
2370 2975 2548 3044 iniqua
2582 2975 2791 3028 illorum
2836 2975 3013 3029 omnia
3051 2987 3248 3041 opera,
3277 2978 3332 3025 et

184 3065 309 3133 ἔργα
361 3063 546 3116 αὐτῶν
608 3063 778 3115 πάντα
820 3061 886 3114 τά
924 3060 1170 3113 τοιαῦτα’
1204 3062 1296 3112 καί⁵
1331 3061 1426 3112 οὐκ
1471 3060 1612 3112 ἔστιν
1653 3063 1708 3113 ὲν

1813 3076 1918 3114 non
1950 3070 2032 3115 est
2059 3062 2110 3114 in
2140 3064 2272 3130 ipsis
2305 3063 2506 3116 veritas
2529 3103 2543 3127 ,
2579 3070 2630 3116 et
2664 3063 2716 3114 in
2763 3078 2858 3114 sua
2894 3062 3174 3128 iniquitate
3212 3075 3333 3128 per-

184 3119 352 3214 αῦτοῖς
380 3150 610 3220 ἀλήθεια
628 3167 640 3179 ⁸
672 3150 763 3201 καί⁹
793 3150 848 3200 ὲν
878 3150 941 3216 τῇ
969 3147 1144 3215 ἀδικίᾳ
1163 3147 1334 3199 αὐτῶν
1365 3147 1705 3200 ἀπολοῦνται⁸

1812 3152 1965 3204 ibunt
1989 3171 2002 3201 :
2029 3160 2082 3204 et
2110 3153 2308 3205 veritas
2336 3160 2514 3204 manet
2535 3190 2549 3214 ,
2575 3159 2626 3204 et
2657 3150 2929 3204 invalescit
2959 3153 3010 3203 in
3036 3159 3290 3203 aeternum
3314 3187 3330 3211 ,

187 3239 270 3291 καὶ
304 3242 338 3310 ἡ
384 3237 617 3308 ἀλήθεια
670 3237 814 3306 μένει
858 3237 935 3296 εἰς
974 3234 1064 3286 τὸν
1100 3233 1285 3295 αἰῶνα,
1315 3234 1409 3286 καὶ
1442 3234 1607 3302 ἰσχύει
1633 3236 1710 3296 εἰς

185 3329 266 3382 τὸν
313 3329 508 3390 αἰῶνα,
555 3327 647 3378 καὶ
699 3324 762 3394 ζῇ
813 3325 903 3377 καὶ
941 3325 1125 3393 κρατεῖ
1156 3325 1232 3386 εἰς
1289 3323 1375 3374 τὸν
1419 3323 1584 3374 αἰῶνα
1617 3322 1708 3374 τοῦ

189 3418 392 3480 αἰῶνος·
451 3417 552 3469 καὶ
603 3416 699 3466 οὐκ
745 3414 857 3465 ἐστι
909 3415 1034 3482 παρ’
1060 3413 1192 3481 αὐτῇ
1235 3412 1412 3463 λαϐεῖν
1453 3412 1710 3480 πρόσωπα

189 3507 295 3558 οὐδὲ
323 3507 582 3576 διαφορέει⁸
617 3504 748 3557 ἀλλὰ
781 3503 847 3558 τά
873 3503 1049 3554 δίκαια
1075 3504 1210 3554 ποιεί
1239 3501 1342 3554 ἀπὸ
1375 3501 1585 3553 πάντων
1605 3500 1709 3552 τῶν

191 3595 369 3648 ἀδίκων
423 3596 520 3647 καὶ
571 3591 839 3662 πονηρῶν·
882 3591 1133 3658 ἀπέχεται
1183 3589 1412 3650 καὶτοῖς
1442 3588 1712 3640 εύδοκοῦσι

190 3687 286 3746 τοῖς
310 3684 488 3754 ἔργοις
525 3681 690 3749 αὐτῆς
710 3696 725 3711 ⁸
753 3679 843 3733 καὶ
867 3680 961 3731 οὐκ
991 3678 1129 3729 ἐστιν
1158 3679 1212 3729 ὲν
1245 3679 1309 3746 τῇ
1343 3677 1516 3747 κρίσει
1545 3676 1710 3745 αὐτῆς

191 3772 327 3825 οὐθὲν
377 3772 563 3826 ἄδικον
583 3787 596 3801 ·
633 3769 724 3822 καὶ
770 3769 932 3836 αὐτῆς
964 3769 995 3836 ἠ
1028 3768 1173 3837 ἰσχὺς
1208 3765 1381 3820 καὶτὸ
1412 3764 1669 3834 βασίλειον
1695 3779 1708 3792 ·

193 3863 274 3912 καὶ
303 3865 334 3931 ἡ
375 3861 594 3927 ἐξουσία
623 3859 714 3910 καί⁵
738 3859 770 3927 ἠ
799 3857 1139 3926 μεγαλειότης
1169 3855 1378 3907 πάντων
1405 3855 1511 3908 τῶν
1537 3853 1597 3917 (f.
1625 3853 1708 3922 17)

194 3950 383 4004 αἰώνων
401 3969 415 3981 ·
445 3948 735 4016 εὐλογητὸς
761 3949 788 3999 6
813 3945 939 4008 Θεὸς
986 3947 1080 4014 τῆς
1133 3944 1401 4014 ἀληθείας.
1441 3963 1459 3994 ι
1517 3945 1662 3996 Ἐπεὶ
1683 3943 1711 3994 6

195 4041 364 4112 Σωτὴρ
394 4043 488 4095 καὶ
535 4039 735 4108 Κύριος
758 4036 927 4107 ἡμῶν,
955 4035 1120 4102 Λόγος
1149 4034 1222 4086 ὣν
1253 4034 1343 4086 τοῦ
1374 4034 1524 4094 Θεοῦ,
1558 4033 1707 4102 φησὶ,

196 4129 398 4198 φέρεται
428 4126 683 4199 εἰρηκὼς,
727 4143 745 4175 ι
801 4123 936 4192 Ἐγὼ
967 4125 1078 4192 εἰμι
1108 4125 1140 4192 ή
1167 4122 1405 4192 ἀλήθεια,
1442 4141 1460 4172 ι
1494 4121 1711 4182 εἰκότως

196 4218 252 4268 τὰ
297 4219 626 4289 προκείμενα
684 4211 1107 4285 παρατεθείμεθα
1166 4212 1288 4280 περὶ
1331 4209 1428 4278 τῆς
1463 4207 1711 4278 ἀληθείας

195 4307 452 4376 δηλοῦντα,
484 4309 560 4370 ὡς
605 4306 711 4376 ἄρα
755 4304 1038 4356 ὑπόστασιν
1067 4319 1185 4354 τινα
1209 4301 1354 4370 παρά
1378 4300 1465 4352 τὸν
1499 4298 1710 4368 Πατέρα

199 4397 304 4449 καθ’
336 4400 530 4467 ἑαυτὴν
576 4396 718 4464 ἔχει’
757 4413 774 4442 ‹
821 4393 979 4446 Μένει
1010 4390 1135 4460 γάρ,
1182 4391 1362 4460 φησιν,
1393 4391 1425 4457 ἡ
1467 4387 1706 4457 ἀλήθεια,

198 4486 278 4537 καὶ
301 4485 465 4554 ἰσχύει
493 4487 574 4547 εἰς
599 4483 687 4533 τὸν
717 4478 903 4542 αἰῶνα,
934 4479 1024 4531 καὶ
1043 4479 1106 4547 ζῇ
1136 4479 1228 4531 καὶ
1253 4478 1464 4545 κρατεῖν
1495 4475 1584 4526 καί¹
1613 4474 1708 4526 οὐκ

201 4574 300 4625 ἐστι
335 4577 457 4645 παρ’
495 4573 630 4640 αὐτῇ
669 4567 847 4622 λαϐεῖν
886 4566 1161 4634 πρόσωπα,
1196 4584 1213 4614 ι
1247 4565 1339 4616 καὶ
1369 4564 1436 4616 τά
1460 4561 1602 4632 ἑξῆς,
1629 4560 1708 4624 οἷς

200 4663 423 4733 ἐπιφέρει
471 4662 597 4732 περί¹
644 4658 738 4711 τοῦ
786 4655 987 4725 [ἰατρὸς
1035 4653 1166 4706 Θεοῦ
1223 4653 1565 4722 τυγχάνοντος
1615 4652 1706 4705 καὶ

1808 3248 1859 3292 et
1887 3240 2051 3300 vivit,
2081 3248 2134 3292 et
2163 3241 2372 3292 obtinet
2403 3240 2454 3290 in
2487 3239 2681 3294 sacula
2722 3241 3059 3292 saeculorum.
3101 3237 3207 3290 Nec
3249 3244 3333 3290 est

1808 3325 1946 3396 apud
1979 3339 2094 3378 eam
2131 3327 2374 3394 accipere
2413 3341 2700 3394 personas,
2744 3340 2917 3393 neque
2963 3325 3326 3380 differentias:

1808 3415 1897 3469 sed
1929 3429 2047 3482 quae
2071 3414 2216 3481 justa
2272 3421 2396 3466 sunt
2426 3413 2554 3465 facit
2585 3413 2862 3473 omnibus,
2897 3413 3110 3479 injustis
3133 3427 3194 3464 ac
3221 3427 3331 3464 ma-

1806 3502 1996 3570 lignis,
2026 3509 2078 3555 et
2108 3517 2294 3555 omnes
2320 3502 2674 3570 benignantur
2706 3501 2760 3554 in
2809 3502 3058 3568 operibus
3095 3499 3231 3566 ejus.
3269 3499 3332 3550 Et

1808 3604 1915 3642 non
1941 3597 2023 3643 est
2052 3590 2104 3641 in
2134 3589 2338 3657 judicio
2363 3587 2481 3655 ejus
2514 3587 2785 3655 iniquum,
2827 3587 2916 3639 sed
2960 3584 3246 3643 fortitudo,
3280 3589 3332 3634 et

1808 3691 2050 3745 regnum,
2075 3687 2124 3729 et
2141 3683 2398 3744 potestas,
2423 3682 2476 3726 et
2507 3674 2758 3740 maiestas
2798 3671 3032 3724 omnium
3072 3683 3326 3722 aevorum.

1812 3765 2127 3820 Benedictus
2165 3763 2303 3822 Deus
2344 3764 2582 3817 veritatis
2606 3762 2669 3814 ".
2701 3781 2719 3812 ι
2766 3759 3053 3828 Postquam
3089 3757 3330 3810 Salvator

1811 3863 1863 3909 et
1891 3853 2144 3906 Dominus
2189 3863 2393 3916 noster,
2447 3852 2535 3922 qui
2585 3851 2676 3905 Dei
2705 3849 2936 3903 Verbum
2975 3857 3089 3910 est,
3129 3847 3332 3900 dixisse

1809 3945 2017 3998 fertur:
2062 3961 2080 3993 ι
2114 3942 2224 4012 Ego
2273 3958 2389 3996 sum
2442 3943 2639 3996 veritas
2665 3941 2739 4003 ³⁷,
2778 3959 2795 3989 ›
2826 3943 3016 3992 merito
3062 3937 3330 4005 przecitata

1808 4034 2164 4103 intelligemus
2191 4033 2344 4103 quasi
2369 4032 2436 4086 de
2463 4034 2685 4086 veritate
2710 4027 3130 4082 demonstrantia
3151 4065 3164 4088 ,
3187 4023 3331 4093 quod

1808 4123 2161 4177 substantiam
2194 4123 2332 4189 apud
2355 4122 2566 4176 Patrem
2596 4137 2689 4188 per
2719 4122 2945 4187 seipsam
2968 4117 3146 4169 habet.
3175 4134 3192 4163 ι
3222 4112 3332 4166 Ma-

1809 4220 1898 4265 net
1925 4213 2101 4275 enim,
2129 4213 2235 4274 ait,
2261 4213 2477 4275 veritas,
2504 4219 2556 4264 et
2586 4209 2864 4263 invalescit
2885 4209 2937 4260 in
2964 4215 3217 4259 aeternum
3240 4241 3256 4265 ,
3278 4207 3331 4254 et

1807 4301 1975 4363 vivit,
2017 4307 2070 4352 et
2098 4299 2304 4352 obtinet
2336 4338 2348 4350 .
2386 4337 2400 4351 .
2434 4339 2448 4352 .
2480 4313 2578 4351 nec
2618 4304 2699 4350 est
2747 4295 2884 4363 apud
2931 4309 3045 4347 eam
3093 4290 3332 4357 accipere

1813 4399 2067 4456 personas
2087 4424 2102 4446 ,
2125 4404 2143 4436 ι
2175 4392 2229 4437 et
2259 4395 2446 4438 caetera
2466 4425 2481 4450 ,
2513 4385 2706 4452 quibus
2739 4384 2884 4436 addit
2911 4380 2976 4434 de
3006 4379 3162 4433 Patre
3192 4377 3297 4430 Deo
3317 4415 3332 4440 ,

1812 4477 2030 4544 ipsoque
2061 4476 2166 4530 Deo
2193 4475 2366 4530 Verbo
2388 4516 2402 4537 ,
2432 4485 2484 4530 et
2514 4476 2770 4530 veritate;
2801 4495 2818 4524 ι
2851 4473 3167 4527 Benedictus
3195 4467 3333 4522 Deus

1809 4567 2077 4629 veritatis,
2113 4585 2130 4618 ι
2158 4567 2351 4636 quibus
2381 4575 2435 4620 et
2463 4566 2564 4636 ipsi
2597 4566 2890 4620 addemus:
2924 4562 3114 4617 Amen.

202 4756 346 4815 αὐτοῦ
378 4756 468 4810 τοῦ
499 4753 632 4808 Θεοῦ
654 4753 820 4818 Λόγου
846 4750 934 4801 καὶ
962 4748 1056 4818 τῆς
1079 4745 1343 4816 ἀληθείας,
1375 4766 1392 4796 ε
1436 4745 1716 4816 εὐλογητὸς
1749 4746 1778 4797 6
1831 4745 1958 4805 Θεὸς
1987 4744 2082 4815 τῆς
2111 4744 2380 4814 ἀληθείας,
2416 4765 2434 4796 ι
2470 4738 2514 4810 ᾧ
2547 4744 2640 4796 καὶ
2669 4743 2819 4795 αὐτοὶ⁹
2856 4739 3222 4810 προσθήσομεν
3253 4737 3330 4802 τὸ,

218 4846 266 4896 ’Δ
274 4849 368 4915 μήν
375 4886 388 4899 .

275 4941 421 4994 Ἀλλά
449 4941 554 5011 γὰρ
581 4937 750 4991 ταῦτα
783 4934 873 4987 καὶ
900 4931 1005 4985 ἀπὸ
1034 4932 1129 5000 τῆς
1158 4930 1248 4982 τοῦ
1279 4929 1448 4999 Ἔζρα
1478 4929 1712 5000 Γραφῆς

206 5034 297 5080 αλό
339 5045 398 5096 γε
442 5031 544 5100 μὴν
585 5030 683 5097 τῆς
723 5023 915 5092 Ἐσθὴρ
961 5020 1066 5073 οὐδ’
1105 5018 1162 5072 ἓν
1205 5019 1429 5089 εὕρομεν
1465 5017 1709 5086 περὶτοῦ

212 5118 552 5187 προκειμένου-
592 5115 728 5186 μετὰ
767 5115 830 5181 δή
874 5129 952 5164 τοι
984 5110 1078 5170 τάς
1127 5109 1234 5161 ἀπὸ
1278 5108 1381 5160 τῶν
1437 5107 1713 5176 ἱστορικῶν

207 5203 408 5274 Γραφῶν
458 5206 682 5273 ἐκλογὰς
738 5203 1002 5272 μετίωμεν
1043 5199 1130 5250 ἐπὶ
1164 5197 1228 5250 τά
1262 5197 1504 5266 στιχήρη,
1537 5197 1617 5247 ὅτι
1644 5197 1708 5265 δὴ

207 5289 352 5342 ταῦτα
379 5297 480 5354 τοῖς
517 5293 726 5363 χρόνοις
755 5290 856 5341 τῶν
885 5285 1078 5340 λοιπῶν
1109 5285 1442 5354 προφητειῶν
1471 5286 1708 5352 ἡγεῖταιο

208 5379 381 5432 τούτων
410 5382 461 5434 δὲ
493 5382 686 5453 πρῶτα
714 5378 906 5448 ἴδωμεν
930 5375 997 5429 τὰ
1019 5374 1120 5426 ἀπὸ
1142 5375 1247 5428 τῶν
1275 5372 1534 5443 Ψαλμῶν.

1884 4927 2006 4982 Haec
2045 4933 2170 4980 sunt
2213 4926 2280 4979 de
2320 4925 2499 4978 Esdrae
2543 4923 2714 4986 libro;
2743 4921 2797 4974 in
2820 4921 2957 4974 libro
2988 4918 3177 4973 Esther
3202 4918 3331 4972 nihil

1820 5017 1960 5086 quod
1993 5015 2057 5068 ad
2092 5015 2420 5084 pr0positum
2453 5017 2672 5080 spectet,
2705 5009 3024 5063 invenimus.
3061 5007 3330 5062 Absolutis

1820 5105 1981 5172 igitur
2026 5101 2402 5154 historical-um
2449 5098 2842 5165 Scripturarum
2884 5096 3102 5162 eclogis,
3145 5093 3212 5144 ad
3272 5110 3332 5146 ea

1816 5207 1932 5262 qua:
1987 5190 2232 5244 versibus
2283 5189 2479 5256 scripta
2523 5195 2648 5240 sunt
2702 5193 3061 5247 transeamus,
3107 5198 3244 5250 quae,
3289 5184 3331 5236 si

1816 5292 2109 5351 temporum
2153 5287 2391 5334 servetur
2436 5279 2566 5332 ordo
2585 5317 2600 5341 ,
2632 5277 2836 5330 caeteris
2866 5276 3159 5346 prophetiis
3188 5283 3331 5329 ante-

1813 5380 1957 5428 eunt.
1991 5370 2034 5423 Α
2053 5369 2281 5424 Psalmis
2304 5369 2462 5438 igitur
2491 5366 2848 5422 exordiantur.

170 5591 176 5610 ἶ
267 5536 304 5566 et
337 5537 351 5588 Ι
382 5536 546 5594 para],
587 5549 734 5594 xvll,
775 5533 941 5586 H-M.
1017 5533 1058 5562 ⁹⁵
1096 5529 1145 5582 η
1171 5531 1340 5584 Paral.
1377 5548 1424 5583 VI
1449 5569 1462 5594 ,
1499 5533 1582 5590 17.
1661 5534 1704 5564 ’⁸

1844 5531 1994 5586 Esdr.
2025 5545 2094 5589 tv.
2132 5529 2314 5584 56-60.
2391 5530 2433 5560 ⁸⁷
2473 5526 2623 5582 Joan.
2657 5539 2766 5586 xw,
2800 5522 2853 5578 6.
