3926 6366
144 391 186 444 1
210 394 346 447 093

1208 384 1493 441 ECLOGA)
1523 381 1998 438 PROPHETICE.
2025 413 2087 422 -—-
2115 381 2240 436 LIB.
2285 380 2345 434 ll.

3246 378 3264 430 1
3275 376 3378 430 096

141 509 440 577 βασιλεῖς
471 512 561 564 καὶ
590 513 859 580 άρχοντες,
898 509 994 560 ὅλα
1015 522 1070 558 τε
1103 506 1226 576 ἔθνη
1259 508 1352 558 καὶ
1381 505 1515 569 λαοὶ,
1541 502 1628 555 διά
1652 501 1738 554 τοῦ

1845 501 2098 553 doctrinae
2144 497 2380 552 insidiati
2427 503 2571 552 sunt.
2626 495 2938 549 Persuasum
2973 501 3148 547 autem
3181 493 3378 546 habere

141 598 545 672 βλασφημεῖν
595 601 752 653 αὑτὸν
796 599 887 653 καὶ
935 597 1295 651 ἐπιϐουλεύειν
1343 594 1504 648 αὐτοῦ
1548 597 1611 663 τῇ
1661 593 1739 646 δι-

133 687 488 761 δασκαλίᾳ.
524 691 815 743 Πεπεῖσθαι
859 689 915 742 δὲ
954 688 1057 759 χρὴ
1093 689 1164 756 μὴ
1201 687 1354 756 μόνον
1396 686 1517 747 τοὺς
1556 686 1611 734 ἐν
1648 685 1739 735 ἀν-

140 781 444 850 θρώποις
499 783 722 850 ὁρατοὺς
764 779 992 848 βασιλεῖς
1034 779 1124 830 καὶ
1157 777 1416 847 ἄρχοντας
1462 773 1740 826 ἐπιϐεϐου-

137 869 456 924 λευκέναι
498 872 670 940 αὐτῷ,
711 870 839 922 πολὺ
881 869 934 922 δὲ
983 867 1176 937 μᾶλλον
1222 867 1343 927 τοὺς
1387 865 1604 933 νοητοὺς
1649 864 1741 915 καὶ

141 961 242 1010 ἀο
254 962 472 1029 ράτους
508 963 765 1030 ἄρχοντας
806 958 897 1011 τοῦ
929 957 1117 1018 αἰῶνος
1145 955 1362 1017 τούτου,
1405 954 1451 1006 οἳ
1494 954 1584 1005 καὶ
1619 953 1737 1005 τότε

138 1049 515 1119 ὲνήργησαν
555 1050 644 1101 καὶ
695 1051 774 1110 εἰς
820 1048 896 1100 ἐτι
938 1045 1028 1098 νῦν
1073 1042 1377 1114 ἐνεργοῦσι,
1419 1042 1487 1094 τά
1525 1059 1582 1093 τε
1615 1041 1739 1110 ἔθνη

141 1142 280 1193 καὶ
326 1144 465 1204 τοὺς
510 1141 640 1193 κενά
683 1141 774 1192 καὶ
823 1141 900 1201 είς
939 1138 1107 1208 μάτην
1149 1135 1237 1186 τὸν
1279 1133 1370 1186 τοῦ
1406 1131 1538 1184 Θεοῦ
1581 1131 1742 1200 νόμον

143 1227 606 1296 μελετήσαντας
650 1228 808 1289 λαοὺς
860 1226 982 1286 τοὺς
1021 1226 1083 1275 ἐκ
1128 1223 1435 1293 περιτομῆς,
1479 1221 1538 1272 οὐ
1589 1220 1740 1289 μόνον

139 1317 334 1369 κατὰ
379 1318 475 1370 τοῦ
501 1317 730 1387 Χριστοῦ
771 1316 862 1367 τοῦ
905 1313 1035 1366 Θεοῦ
1087 1311 1563 1381 βουλευσαμένους,
1610 1309 1740 1362 ἀλλὰ

133 1405 236 1455 δι’
281 1406 470 1458 αὐτοῦ
520 1406 610 1458 καὶ
653 1405 790 1457 κατά
836 1403 928 1456 τοῦ
962 1402 1264 1472 πέμψαντος
1311 1400 1468 1453 αὑτὸν
1511 1399 1737 1469 Πατρός·

137 1510 238 1546 πε
253 1496 319 1565 pi.
378 1491 456 1548 ὧν
499 1496 746 1548 ἁπάντων
776 1496 832 1546 ἐν
854 1493 931 1562 τῷ
957 1491 1147 1560 ψαλμῷ
1179 1489 1485 1560 ἐπιφέρεται
1526 1489 1604 1549 τὸ,
1645 1507 1661 1537 ι
1683 1488 1742 1538 '0

134 1585 480 1636 κατοικῶν
507 1587 562 1636 ἐν
587 1585 823 1654 οὐρανοῖς
855 1581 1196 1648 ἐκγελάσεται
1229 1579 1440 1640 αὐτοὺς,
1465 1578 1557 1628 καὶ
1582 1577 1610 1627 6
1632 1575 1742 1627 Κύ-

139 1689 301 1742 ριος
338 1674 705 1742 ἐκμυκτηριεῖ
741 1670 946 1732 αὐτούς.
986 1669 1111 1721 Τότε
1141 1667 1355 1736 λαλήσει
1388 1666 1520 1735 πρὸς
1551 1664 1741 1726 αὐτοὺς

136 1762 220 1812 ἐν
265 1762 435 1830 ὀργῇ
467 1760 647 1821 αὐτοῦ,
684 1759 774 1810 καὶ
805 1759 862 1809 ἐν
887 1757 963 1826 τῷ
996 1754 1147 1824 θυμῷ
1185 1753 1346 1806 αὑτοῦ
1393 1751 1612 1822 ταράξει
1643 1752 1739 1804 αὑ-

1839 595 2046 657 oportet
2095 601 2198 639 non
2245 593 2448 639 tantum
2494 583 2732 636 visibiles
2780 583 2831 635 in
2865 582 3175 636 hominibus
3225 594 3377 648 reges

1837 677 2210 747 principesque
2255 675 2302 727 ei
2347 673 2516 727 l'uisse
2544 671 2821 725 insidiatos
2842 710 2858 733 .
2884 672 2976 725 sed
3005 671 3174 723 multo
3205 669 3377 738 magis

1843 766 2114 835 spiritales
2145 763 2546 831 invisibilesque
2578 760 2735 828 hujus
2770 761 2947 813 saeculi
2974 760 3261 828 principes,
3285 759 3377 826 qui

1843 864 1970 908 tunc
1999 853 2421 922 exagitaverunt,
2441 852 2580 905 sicut
2611 859 2663 903 et
2687 863 2830 902 nunc
2853 851 3142 918 exagitant,
3166 857 3379 918 gentes-

1838 959 1942 1012 que
1992 952 2045 996 et
2092 942 2518 996 eircumcisionis
2563 939 2786 1009 p0pnlos
2837 937 3035 992 frustra
3065 947 3115 991 et
3147 937 3376 1006 nequid-

1837 1049 1995 1102 quam
2026 1033 2218 1086 divinaa
2251 1032 2350 1100 legi
2385 1031 2684 1093 studentes,
2730 1043 2837 1082 non
2869 1035 3072 1079 tantum
3119 1027 3378 1082 adversus

1837 1122 2108 1177 Christum
2144 1120 2362 1184 Dei,sed
2392 1135 2485 1188 per
2514 1133 2658 1181 eum,
2691 1125 2743 1171 et
2774 1116 3030 1169 adversus
3056 1114 3262 1167 Patrem
3284 1115 3378 1185 qui

1838 1212 1986 1264 misit
2033 1211 2203 1272 illum,
2253 1209 2554 1263 insidiatos.
2632 1206 2706 1260 De
2758 1206 2842 1260 bis
2873 1203 3126 1258 omnibus
3179 1204 3279 1257 hoc
3325 1205 3380 1258 in

1837 1300 2044 1368 psalmo
2088 1298 2302 1351 additur
2339 1317 2352 1351 :
2392 1315 2410 1348 ι
2447 1297 2546 1360 Qui
2595 1295 2797 1348 habitat
2842 1294 2895 1346 in
2938 1293 3091 1348 ccelis
3140 1291 3381 1345 irridebit

1838 1403 1952 1452 eos,
1977 1395 2030 1441 et
2055 1388 2312 1441 Dominus
2335 1385 2685 1441 subsannabit
2713 1399 2826 1438 eos.
2855 1383 3005 1436 Tunc
3035 1382 3281 1450 loquetur
3313 1380 3380 1434 ad

1845 1494 1938 1532 eos
1967 1479 2020 1531 in
2048 1479 2124 1530 ira
2157 1493 2273 1539 sua,
2304 1487 2354 1530 et
2385 1477 2435 1528 in
2469 1474 2648 1529 furore
2680 1489 2780 1528 suo
2811 1472 3150 1526 conturbabit
3176 1486 3268 1524 eos
3302 1471 3374 1522 ⁵.»

1837 1565 2041 1630 Quibus
2072 1565 2262 1618 deinde
2307 1563 2554 1617 Christus
2588 1562 2701 1629 ipse
2744 1561 2908 1622 dicit,
2961 1558 3379 1611 dominationem
3487 1569 3505 1589 ·

1841 1670 1991 1710 suam
2041 1665 2161 1724 post
2209 1654 2512 1723 passionem
2555 1652 2900 1706 constitutam
2947 1664 3046 1704 nos
3095 1649 3377 1702 edocens:

1847 1762 1864 1794 ι
1895 1742 2004 1812 Ego
2029 1751 2206 1796 autem
2239 1743 2566 1796 constitutus
2609 1755 2726 1794 sum
2758 1755 2848 1792 rex
2876 1738 2942 1791 ab
2973 1752 3036 1791 eo
3066 1753 3225 1805 super
3249 1735 3380 1790 Sion

134 1823 340 1912 τούς..
374 1823 435 1900 vi"
468 1844 559 1911 Οἷς
610 1848 732 1915 ἐξῆς
788 1823 946 1908 αὐτὸς
997 1847 1024 1898 6
1068 1823 1296 1915 Χριστὸς
1348 1842 1444 1912 τὴν
1502 1839 1634 1910 μετὰ
1682 1841 1738 1891 τὸ

1837 1834 2067 1880 montem
2102 1836 2344 1880 sanctum
2378 1826 2517 1894 ejus,
2568 1824 2865 1894 praedicans
2925 1833 3243 1892 praeceptum
3272 1823 3378 1877 Do-

141 1939 378 2001 πάΘος
416 1937 776 2006 γεγενημένην
803 1936 925 2006 περὶ
961 1935 1116 1987 αὐτὸν
1149 1932 1448 2002 οἰκονομίαν
1482 1929 1742 1984 παιδεύων

143 2030 345 2097 ἡμᾶς
402 2043 601 2095 φησιν,
655 2043 672 2074 ι
705 2022 842 2090 Ἐγὼ
888 2023 943 2075 δὲ
994 2020 1323 2089 κατεστάθην
1365 2018 1608 2088 βασιλεὺς
1654 2018 1740 2070 ὑπ’

143 2118 363 2171 αὐτοῦ
421 2116 515 2170 ἐπὶ
550 2113 682 2166 Σιὼν
719 2114 838 2182 ὅρος
882 2113 942 2165 τὸ
991 2113 1138 2179 ἅγιον
1180 2109 1338 2164 αὐτοῦ
1362 2148 1376 2171 ,
1425 2107 1742 2175 διαγγέλλων

146 2210 226 2262 τδ
265 2208 617 2279 πρόσταγμα
648 2204 865 2274 Κυρίου.
909 2223 926 2254 ι
953 2203 1022 2256 Οὐ
1054 2202 1155 2272 χρὴ
1203 2201 1440 2270 μέντοιγε
1479 2198 1614 2251 κατά
1644 2197 1740 2260 τὰς

163 2299 490 2353 Ἰουδαίων
535 2297 882 2366 χαμαιπετεῖς
932 2293 1215 2362 ὑπολήψεις
1255 2291 1349 2360 τὴν
1393 2283 1485 2342 τοῦ
1510 2286 1740 2358 Χριστοῦ

152 2390 482 2460 βασιλείαν
510 2387 694 2457 ὁμοίαν
718 2388 833 2448 ταῖς
859 2384 964 2437 τῶν
995 2382 1286 2453 ἀνθρώπων
1312 2379 1554 2451 ήγεῖσθαι
1575 2379 1664 2431 ἐπὶ
1683 2377 1742 2429 τὸ

152 2481 326 2534 Σιὼν
353 2480 488 2548 ὅρος
513 2475 816 2546 σωματικὸν
845 2472 1263 2542 συστησομένηνο
1297 2469 1429 2539 πρός
1461 2470 1509 2536 γ’
1535 2465 1626 2520 οῦν
1651 2467 1740 2518 τὸν

150 2565 739 2640 ἐρωτήσαντα.αῦτὸν
769 2565 817 2616 εἰ
847 2563 1088 2632 βασιλεὺς
1123 2561 1390 2628 τυγχάνει,
1420 2558 1741 2626 ἀπεκρίνατο

150 2663 393 2729 λέγων,
435 2679 454 2711 ι
477 2660 539 2710 Ἦ
572 2655 808 2726 βασιλεία
840 2657 871 2725 ἡ
906 2653 1010 2722 ἐμὴ
1037 2653 1134 2703 οὐκ
1161 2650 1300 2701 ἐστιν
1331 2651 1393 2700 ἐκ
1419 2647 1510 2699 τοῦ
1540 2646 1737 2714 κόσμου

152 2753 388 2806 τούτου
409 2767 424 2780 ο
469 2771 484 2800 ι
528 2749 644 2801 ὅθεν
675 2749 736 2816 δὴ
766 2746 856 2798 καὶ
887 2742 1152 2813 βασιλείαν
1177 2740 1414 2809 οὐρανῶν
1446 2737 1740 2807 ἐπήγγελτο

152 2847 286 2907 τοῖς
342 2838 768 2893 πεπιστευκόσιν
809 2837 884 2897 εἰς
921 2833 1098 2895 αὐτὸν,
1142 2831 1234 2882 καὶ
1275 2830 1335 2881 τὸ
1366 2828 1498 2880 Σιὼν
1527 2827 1582 2878 δὲ
1619 2827 1739 2896 ὅρος

152 2934 524 3003 ἐπουράνιον
552 2928 804 2997 ὑπάρχειν
825 2922 1054 2986 ἐδίδαξεν
1086 2923 1144 2974 οὐ
1175 2920 1329 2990 μόνος
1353 2921 1380 2972 6
1405 2917 1736 3003 ’Λπόστολος,

154 3001 338 3078 ἁλλᾶ
363 3021 469 3072 καὶ
511 3018 752 3070 πλεῖσται
789 3011 939 3066 ἄλλαι
976 3011 1310 3080 προφητεῖαι.
1359 3007 1414 3058 Ὀ
1444 3007 1494 3073 γ’
1525 3001 1613 3057 οὖν
1639 3006 1740 3057 Μι-

157 3115 345 3184 χαίας
395 3104 678 3179 προειπὼν
715 3104 788 3165 ὼς
816 3103 922 3170 ἄρα
956 3099 1040 3152 διὰ
1067 3099 1163 3160 τὰς
1207 3096 1450 3157 ἀσεϐείας
1478 3093 1571 3146 τοῦ
1608 3110 1738 3162 προ-

156 3181 341 3273 τέρου
386 3193 550 3257 λαοῦ,
587 3211 605 3242 ι
639 3190 772 3242 Σιὼν
818 3191 890 3252 ὡς
937 3187 1098 3256 ἀγρὸς
1148 3182 1619 3254 ὰροτριαθήσεται,
1649 3181 1740 3235 καὶ

165 3266 368 3364 Ἱέρου
378 3283 570 3352 σαλὴμ
589 3281 662 3343 ὡς
684 3276 1109 3348 ὀπωροφυλάκιον
1126 3273 1293 3336 ἔσται,
1314 3271 1405 3324 καὶ
1432 3269 1491 3364 τὸ
1509 3266 1738 3364 ὅροςτρῦ

156 3351 326 3434 οἴκου
389 3376 480 3435 εἰς
516 3351 682 3429 Ῠάλσος
723 3362 957 3435 δρυμοῦ,
993 3380 1009 3412 ι
1051 3359 1173 3427 ἑξῆς
1210 3359 1334 3427 περὶ
1370 3355 1554 3424 ἐτέρας
1606 3351 1739 3404 Σιὼν

158 3474 261 3527 καὶ
335 3459 708 3535 Ἰερουσαλὴμ
757 3455 949 3525 ὁμοίως
997 3450 1275 3518 ἐπιφέρει,
1327 3447 1525 3514 λέγων·
1589 3462 1607 3494 ι
1636 3443 1741 3496 Καὶ

158 3564 330 3615 ἔσται
366 3559 434 3608 ἐν
462 3555 582 3611 ταῖς
603 3548 848 3616 ἐσχάταις
875 3544 1099 3614 ἡμέραις
1123 3539 1354 3608 ἐμφανὲς
1391 3537 1450 3588 τὸ
1477 3537 1595 3603 ὅρος
1630 3535 1739 3586 Κυ-

164 3652 292 3721 ρίου
315 3683 333 3710 ,
389 3643 491 3696 καὶ
531 3640 745 3708 ἥξουσιν
789 3636 869 3684 ἐπ’
900 3630 1042 3700 αὑτῷ
1071 3629 1218 3689 λαοὶ,
1268 3627 1358 3678 καὶ
1397 3622 1740 3695 πορεύσονται

161 3710 304 3806 ἐθνη
347 3729 555 3788 πολλὰ,
577 3728 656 3778 ὅτι
689 3728 750 3776 ἐκ
776 3723 906 3774 Σιὼν
932 3717 1258 3782 ἐξελεύσεται
1284 3714 1440 3783 νόμος
1471 3711 1561 3764 καὶ
1589 3710 1740 3775 λόγος

163 3801 406 3900 Κυρίου
442 3820 504 3883 ἐξ
543 3813 906 3885 Ἰερουσαλήμ.
938 3829 955 3860 ι
1000 3809 1129 3878 Περὶ
1173 3805 1354 3900 τοῦτου
1387 3803 1502 3900 ἄρα
1531 3801 1739 3900 εἴρηται

166 3888 274 3973 καὶ.
301 3911 511 3970 ἐνθάδε
542 3908 644 3959 ὑπὸ
671 3904 730 3972 (f.
760 3901 842 3968 19)
870 3896 959 3952 τοῦ
988 3899 1142 3968 ὅρους
1163 3892 1253 3947 τοῦ
1277 3890 1526 3962 Χριστοῦ,
1562 3908 1579 3938 ι
1602 3888 1740 3954 Ἐγὼ

162 4010 222 4063 δέ
265 3997 634 4064 κατεστάθην
687 3991 928 4062 βασιλεὺς
982 3987 1070 4040 ὑπ’
1112 3983 1270 4038 αὐτοῦ
1317 3982 1406 4034 ἐπὶ
1446 3979 1579 4031 Σιὼν
1619 3980 1740 4048 ὅρος

165 4103 228 4153 τὸ
267 4099 447 4163 ἅγιον
489 4083 681 4140 αὑτοῦ·
718 4102 734 4132 ι
792 4079 895 4131 ὑπὸ
935 4078 1076 4138 τίνος
1117 4075 1172 4128 δὲ
1205 4070 1541 4138 κατεστάθης
1586 4070 1737 4139 δῆλον

166 4193 252 4244 ὃτι
282 4161 411 4240 ὑπῦ
435 4178 534 4232 τοῦ
574 4177 836 4243 φήσαντος
874 4169 1004 4240 πρὸς
1035 4167 1186 4220 αὐτὸν
1218 4163 1423 4232 Πατρὸς
1461 4162 1548 4213 τό·
1586 4161 1738 4224 «Υἱός

171 4298 278 4350 μου
334 4271 395 4327 εἴ
444 4271 534 4331 σὺ,
564 4264 671 4333 ἐγὼ
698 4264 926 4331 σήμερον
974 4255 1266 4326 γεγέννηκά
1295 4269 1398 4350 Δσε·
1433 4271 1471 4350 »ι
1503 4251 1598 4350 κει)Ξ
1641 4249 1730 4302 τό.

175 4341 466 4434 ιΑῖτησαι
507 4357 636 4426 παρ’
674 4351 825 4422 ἐμοῦ,
863 4350 952 4401 καὶ
974 4347 1123 4400 δώσω
1154 4363 1230 4398 σοι
1263 4343 1388 4412 ἔθνη
1423 4341 1517 4411 τὴν
1549 4341 1738 4410 κληρο-

168 4461 387 4530 νομίαν

169 4519 299 4618 γῆς.
346 4565 366 4594 ι
407 4541 522 4594 Καὶ
554 4537 634 4587 ὃτι
670 4549 732 4599 γε
766 4527 963 4597 ἀληθὴς
1005 4527 1038 4594 ἡ
1066 4523 1359 4594 προφητεία
1386 4522 1477 4574 καὶ
1509 4519 1735 4618 ἀψευδὴς

172 4609 593 4710 ήξπόσχεσις,
639 4625 862 4690 πάρεστι
911 4614 1193 4684 διαγνῶναι
1237 4613 1342 4665 ἀπὸ
1373 4611 1566 4710 τῶνλέν
1598 4609 1736 4662 οὕτω

174 4697 386 4796 βραχεῖ
409 4697 601 4787 ⁷χρόνῳ
645 4702 1116 4796 προσεληλυθότων
1136 4704 1198 4752 ἐκ
1457 4697 1635 4796 sevo»;
1667 4699 1734 4766 τῇ

172 4787 266 4868 8ίά
289 4787 419 4865 ’τοῦ
453 4802 702 4871 Σωτῆρος
737 4795 894 4867 ἡμῶν
934 4790 1234 4859 θεοσεϐείᾳ·
1282 4789 1313 4858 ἢ
1351 4787 1647 4855 λεγέτωσαν
1688 4787 1734 4837 οι

175 4905 320 4974 πρὸς
355 4900 466 4966 τὴν
497 4892 771 4961 ἐνέργειαν
799 4881 1125 4938 ἀντιϐλέπειν
1155 4876 1377 4974 ἀναιδῶς
1415 4876 1733 4974 τολμῶντῗῗ,

175 4963 312 5046 στί-νιν
335 4963 431 5045 ἆν-
458 4985 631 5053 ἔχοιεν
664 4972 986 5046 ἐφαρμόζειν
1033 4970 1104 5039 μὴ
1143 4967 1554 5038 παραδεχόμενοι
1586 4963 1732 5053 ταῦθ’

175 5084 364 5142 οὕτως
418 5052 567 5144 ἔχειν
609 5068 704 5136 τὴν
746 5059 1108 5133 προφητείαν;
1164 5056 1321 5108 Δαυὶδ
1348 5055 1468 5144 Δμὲν
1504 5053 1608 5144 γὰρ
1649 5052 1735 5144 τον

181 5137 603 5239 βασιλέαίπερὶ
636 5145 695 5204 οῦ
722 5149 888 5202 ταῦτά
913 5161 1053 5205 τινες
1073 5142 1322 5239 ᾠήθησαν
1348 5137 1611 5239 λέγεσθαιέ
1629 5137 1736 5239 ὀὐχ

177 5225 282 5310 οἷοί
318 5270 386 5306 τε
420 5249 490 5302 ἂν
523 5241 632 5296 εἷεν
673 5234 1010 5308 παραστῆσαι
1049 5229 1219 5282 τοιάδε
1261 5227 1378 5279 τινὰ
1414 5225 1735 5283 πεπονθότα,

179 5351 256 5409 ὡς
293 5340 589 5413 ἀρχόντων
617 5331 710 5384 καὶ
742 5326 1017 5396 βασιλέων,
1044 5322 1210 5373 ἐθνῶν
1238 5335 1296 5370 τε
1323 5317 1413 5369 καὶ
1449 5315 1590 5367 λαῶν
1618 5317 1737 5366 ἐπι-

181 5403 635 5487 ὖε-ὖοολευκότων
683 5417 856 5485 αὐτῷ·
892 5415 1015 5466 πότε
1061 5412 1114 5462 δὲ
1147 5409 1179 5477 ἢ
1221 5408 1312 5459 καὶ
1364 5405 1452 5456 ἐπὶ
1493 5403 1737 5472 πηλίκοις

183 5517 653 5596 ἀνδραγαθήμασι
685 5503 833 5559 εἶπεν
869 5505 897 5556 6
921 5503 1118 5570 Κύριος
1146 5495 1222 5565 τῷ
1245 5493 1420 5554 Δαυ¹ιδ,
1451 5491 1603 5552 «Υἱός
1639 5507 1735 5559 μου

875 5623 895 5652 ⁵
934 5619 1060 5675 ibid.
1095 5618 1144 5670 6.
1254 5615 1274 5644 ⁸
1307 5611 1457 5665 Joan.
1489 5625 1652 5673 xvm,
1687 5609 1775 5662 '56.

253 5647 274 5676 ⁸
319 5636 476 5692 Psal.
513 5648 590 5693 ιι,
623 5629 687 5686 4,
719 5626 768 5677 5.

190 5717 242 5781 7,
308 5713 370 5764 s.

434 4467 557 4507 σου,
588 4445 679 4497 καὶ
719 4442 816 4510 τὴν
844 4437 1160 4505 κατάσχεσίν
1198 4453 1288 4487 σου
1316 4434 1382 4486 τὰ
1412 4432 1618 4501 πέρατα
1644 4431 1738 4499 τῆς
1770 4453 1810 4504 D

1841 1915 1992 1968 mini.
2023 1916 2064 1968 ⁸.
2097 1934 2115 1966 ι
2140 1915 2289 1968 llaud
2343 1931 2469 1969 vero
2497 1914 2786 1968 secundum
2829 1921 3130 1968 terrestrem
3166 1911 3378 1967 Iudaeo-

1842 2019 1958 2058 rum
1992 2006 2480 2074 interpretationem
2527 2003 2925 2073 intelligendum
2959 2010 3040 2056 est
3064 2001 3264 2057 Christi
3297 2019 3380 2057 re-

1837 2108 1998 2163 gnum
2020 2133 2034 2156 ,
2077 2095 2220 2147 velut
2253 2093 2522 2146 hominum
2558 2107 2755 2161 regna,
2793 2107 2954 2162 super
2983 2098 3216 2145 montem
3248 2091 3377 2145 Sion

1839 2183 2190 2251 corporaliter
2222 2183 2612 2245 constitutum;
2648 2182 2994 2251 interroganti
3025 2181 3167 2234 enim
3216 2196 3380 2234 rexne.

1837 2280 2014 2334 esset,
2061 2273 2334 2340 respondit
2361 2272 2546 2326 dicens
2580 2290 2592 2324 :
2629 2290 2648 2321 ι
2681 2270 2917 2340 Regnum
2952 2285 3126 2324 meum
3159 2287 3264 2324 non
3296 2278 3380 2325 est

1837 2360 1904 2415 de
1939 2361 2041 2414 hoc
2069 2362 2332 2415 mundo‘.
2366 2380 2383 2412 ι
2437 2360 2640 2414 Exinde
2690 2375 2908 2428 regnum
2952 2361 3207 2414 caelorum
3255 2375 3381 2428 pro-

1839 2451 1983 2505 misit
2011 2451 2090 2505 eis
2120 2451 2208 2518 qui
2241 2451 2582 2504 crediderunt
2607 2451 2660 2502 in
2689 2465 2832 2512 eum,
2870 2457 3212 2515 montemque
3246 2447 3378 2503 Sion

1836 2552 1955 2592 esse
1987 2538 2256 2592 cmlestem
2282 2537 2464 2593 docuit
2498 2552 2601 2589 non
2637 2546 2841 2589 tantum
2872 2535 3180 2604 Apostolus,
3201 2535 3292 2589 sed
3327 2542 3380 2588 et

1838 2626 2102 2695 pleraeque
2151 2627 2267 2680 aliae
2310 2626 2618 2695 preplietiae.
2663 2625 2914 2679 Michaaas
2942 2625 3102 2694 igitur
3127 2623 3379 2694 przef‘atns

1837 2715 1979 2784 quod
2003 2724 2219 2783 pr0pter
2247 2716 2454 2784 priores
2478 2715 2654 2783 populi
2681 2715 3013 2783 iniquitates,
3040 2711 3198 2766 «Sion
3221 2713 3378 2782 quasi

1838 2818 1963 2874 ager
1995 2804 2255 2868 arabitur,
2285 2811 2338 2857 et
2367 2802 2662 2856 Jerusalem
2691 2803 2844 2871 quasi
2878 2817 3100 2854 acervus
3143 2799 3377 2869 lapidum

1836 2895 1969 2956 erit,
1999 2900 2053 2946 et
2082 2907 2236 2947 mons
2271 2893 2452 2960 templi
2482 2893 2536 2944 in
2569 2893 2784 2945 excelsa
2820 2891 3076 2946 silvarum
3103 2891 3121 2920 ⁷
3144 2928 3159 2952 ,
3199 2908 3216 2940 ι
3254 2889 3379 2943 dein

1837 2981 1902 3036 de
1930 2981 2033 3035 alia
2059 2978 2188 3034 Sion
2213 2989 2266 3034 et
2289 2979 2583 3035 Jerusalem
2630 2980 2873 3033 similiter
2896 2987 3115 3044 narrat,
3143 2978 3330 3033 dicens
3359 2995 3375 3032 :

1844 3090 1862 3120 ι
1900 3069 1962 3122 Ει
1991 3071 2094 3124 erit
2127 3071 2178 3122 in
2210 3070 2504 3125 novissimo
2528 3070 2736 3123 dierum
2771 3085 2925 3125 mons
2955 3071 3146 3124 domus
3166 3067 3377 3122 Domini

1766 3150 1807 3208 C
1840 3168 2168 3228 praeparatus
2192 3159 2244 3211 in
2269 3159 2472 3212 vertice
2494 3161 2711 3220 montis,
2737 3197 2751 3210 .
2779 3197 2791 3208 .
2821 3199 2833 3210 .
2854 3196 2868 3210 .
2897 3165 2950 3212 et
2973 3157 3136 3211 ﬂuent
3165 3156 3230 3210 ad
3254 3172 3377 3211 eum

1839 3249 2038 3316 populi,
2072 3254 2124 3302 et
2154 3248 2512 3316 properahunt
2535 3255 2718 3316 gentes
2749 3247 2926 3299 multae
2951 3285 2964 3297 .
2993 3286 3008 3300 .
3035 3284 3050 3299 .
3076 3284 3092 3299 .
3117 3287 3132 3311 ,
3155 3246 3280 3315 quia
3310 3245 3379 3300 de

1842 3335 1968 3388 Sion
2014 3334 2317 3403 egredietur
2347 3335 2452 3394 lex,
2482 3342 2535 3386 et
2568 3335 2788 3386 verbum
2819 3332 3028 3385 Domini
3068 3333 3133 3386 de
3159 3332 3378 3387 Jerusa-

1839 3433 1941 3485 lem
1970 3432 2012 3484 ⁸.
2051 3450 2069 3481 ι
2119 3430 2217 3483 Hic
2248 3445 2403 3483 mons
2432 3427 2631 3481 Christi
2676 3441 2889 3494 quoque
2920 3425 3020 3478 hoc
3053 3425 3107 3477 in
3141 3425 3259 3477 loco
3292 3424 3378 3476 in-

1839 3521 2022 3574 nuitur
2050 3539 2062 3573 :
2106 3539 2123 3568 ι
2159 3519 2266 3590 Ego
2291 3527 2464 3573 autem
2500 3533 2589 3571 rex
2616 3515 2940 3569 constitutus
2965 3528 3082 3567 sum
3110 3513 3178 3566 ab
3197 3527 3262 3566 eo
3283 3527 3376 3565 suo

1837 3623 1930 3676 per
1978 3606 2105 3659 Sion
2151 3615 2384 3660 montem
2438 3611 2680 3658 sanctum
2733 3601 2869 3668 ejus.
2911 3619 2928 3650 ›
2993 3599 3168 3667 Aquo
3197 3606 3376 3651 autem

1837 3697 2162 3751 constitutus
2207 3702 2310 3758 est,
2355 3693 2459 3748 nisi
2499 3692 2779 3746 manifeste
2823 3690 2892 3744 ab
2945 3689 3037 3742 illo
3093 3685 3248 3740 Patre
3281 3687 3374 3756 qui

1838 3790 1901 3842 ad
1935 3803 2056 3842 eum
2091 3786 2220 3840 dicit
2254 3801 2268 3837 :
2307 3780 2504 3836 «Filius
2533 3796 2684 3835 meus
2705 3795 2764 3834 es
2797 3789 2877 3844 tu,
2903 3785 2955 3832 et
2977 3793 3074 3847 ego
3104 3775 3262 3829 hodie
3293 3789 3377 3844 ge-

1836 3877 1928 3930 nui
1967 3885 2051 3941 te;
2087 3874 2296 3944 postula
2333 3888 2362 3925 a
2385 3887 2492 3935 me,
2527 3879 2579 3926 et
2603 3870 2740 3924 dabo
2775 3869 2870 3921 tibi
2892 3875 3073 3935 gentes
3095 3863 3376 3918 haeredita-

1835 3976 1939 4021 tem
1964 3974 2130 4028 tuam,
2162 3974 2214 4018 et
2242 3961 2635 4032 possessionem
2666 3967 2810 4013 tuam
2837 3959 3089 4011 terminos
3122 3963 3278 4009 terrae
3294 3953 3369 4008 ’.ι

1836 4055 1984 4121 Quod
2017 4054 2230 4123 quidem
2257 4067 2382 4106 vera
2408 4051 2478 4106 sit
2516 4049 2815 4120 prophetia,
2835 4063 2934 4102 nec
2963 4047 3118 4099 fallax
3148 4046 3374 4115 promis-

1836 4146 1937 4207 sio,
1986 4145 2293 4198 noverimus
2340 4142 2406 4195 iis
2458 4141 2547 4208 qui
2594 4142 2647 4193 in
2681 4148 2789 4192 tam
2841 4138 2987 4192 brevi
3029 4145 3264 4204 tempore
3307 4147 3372 4188 ex

1834 4233 1979 4286 omni
2024 4239 2180 4301 gente
2221 4229 2287 4281 ad
2325 4243 2501 4282 veram
2536 4225 2627 4280 Dei
2659 4226 2966 4294 religionem
3010 4237 3104 4292 per
3132 4219 3374 4273 Salvato-

1833 4337 1948 4375 rem
1997 4329 2241 4374 nostrum
2289 4325 2664 4387 pervenerunt.
2714 4311 2904 4367 Dicant
2934 4312 3213 4367 evidentia:
3239 4311 3374 4363 ι·εεί-

1838 4422 1978 4467 stere
2007 4411 2339 4480 impudenter
2367 4407 2646 4468 audentes,
2671 4409 2758 4458 cui
2787 4401 3179 4457 accommodari
3205 4399 3374 4468 possit

1840 4504 1951 4557 haec
1982 4502 2257 4570 prophetia
2280 4539 2294 4562 ,
2329 4505 2567 4552 nostram
2602 4496 2647 4549 si
2678 4493 3168 4562 interpretationem
3199 4489 3370 4542 detre-

1842 4599 2006 4646 ctant.
2072 4589 2322 4642 Davidern
2351 4587 2492 4641 enim
2528 4599 2724 4652 regem,
2754 4582 2820 4636 de
2849 4594 2955 4648 quo
2980 4580 3092 4632 haec
3123 4577 3226 4630 dici
3254 4575 3372 4643 epi—

1839 4688 2056 4740 nantur,
2110 4678 2378 4746 quomodo
2425 4675 2551 4728 talia
2599 4687 2813 4742 passum
2860 4668 3025 4720 fuisse
3067 4664 3369 4724 ostendent,

1837 4767 1923 4820 cui
1953 4765 2081 4818 nulli
2114 4765 2382 4832 principes
2433 4775 2648 4828 regcsve
2676 4769 2906 4822 unquam
2941 4750 3174 4805 insidiati
3205 4749 3372 4800 sunt?

1837 4855 2057 4922 Quando
2086 4860 2260 4905 autem
2293 4859 2346 4903 et
2374 4863 2490 4917 quae
2515 4849 2584 4900 ob
2613 4845 2836 4899 viriliter
2867 4848 3013 4909 gesta
3039 4838 3172 4891 dixit
3201 4834 3372 4888 Domi-

1838 4963 1938 5002 nus
1972 4943 2151 4999 Davidi
2187 4961 2200 4995 :
2236 4960 2253 4991 ι
2275 4939 2439 4993 Filius
2484 4951 2631 4990 meus
2677 4951 2736 4987 es
2783 4943 2857 4997 tu,
2898 4944 2996 4999 ego
3027 4927 3181 4980 hodie
3211 4927 3367 4994 genui

1839 5035 1932 5088 te?
1959 5051 1977 5082 ι
2011 5029 2286 5095 Quomodo
2315 5034 2367 5078 et
2401 5025 2510 5086 illa,
2550 5042 2567 5074 ι
2594 5020 2807 5075 Postula
2833 5034 2861 5070 a
2891 5033 2996 5078 me,
3029 5021 3080 5068 et
3108 5014 3244 5067 dabo
3273 5012 3368 5064 tibi

1835 5132 2016 5194 gentes
2064 5119 2421 5172 haereditatem
2465 5122 2632 5174 tuam,
2685 5117 2738 5162 et
2783 5105 3170 5177 possessionem
3221 5114 3366 5154 tuam

1835 5190 2090 5268 terminos
2125 5217 2296 5270 terrae,
2336 5226 2353 5256 ι
2381 5206 2431 5259 ei
2461 5205 2782 5262 dicerentur,
2815 5197 2901 5251 cui
2931 5193 3208 5248 manifeste
3236 5190 3367 5245 solis

1835 5306 1996 5360 Israel
2043 5311 2096 5356 et
2137 5300 2286 5354 Judm
2332 5295 2574 5350 terminis
2626 5305 2847 5360 regnum
2901 5282 3365 5348 circumscriptum

1835 5395 1980 5450 erat?
2037 5392 2223 5445 Dicant
2249 5402 2459 5458 quoque
2485 5399 2580 5438 cur
2609 5397 2717 5435 non
2741 5379 2951 5433 venisse
2971 5373 3240 5429 Christum
3269 5366 3366 5420 ad-

1837 5486 2068 5539 mittant.
2120 5480 2334 5542 Annon,
2383 5491 2506 5530 cum
2535 5486 2725 5542 passus
2769 5476 2875 5530 est,
2900 5467 3059 5519 alium
3090 5462 3248 5530 igitur
3271 5471 3368 5511 ex-

1889 5607 1906 5636 ⁷
1951 5603 2110 5658 Mich.
2177 5617 2273 5664 ιιι,
2308 5599 2392 5653 12.
2467 5599 2488 5628 ⁸
2534 5593 2689 5647 Mich.
2723 5606 2796 5654 tv,
2834 5587 2944 5641 l-2.
3051 5585 3071 5615 ⁹
3109 5577 3250 5633 Psal.
3285 5588 3367 5639 ιι,
