3926 6342
192 376 328 431 109⁷

1176 363 1464 422 ECLOGA}
1499 357 1963 419 PROPHETlCE.
2001 384 2073 397 —
2109 351 2236 409 LIB.
2272 350 2340 408 ll.

3204 347 3339 403 1098

195 502 339 543 σιων.
374 484 430 535 ἐν
457 475 543 541 αἷς
574 478 672 547 τῆς
707 476 956 547 ἀληθινῆς
980 475 1218 546 ἀμπέλου
1237 475 1330 530 τοῦ
1354 474 1606 547 Χριστοῦ,
1628 476 1720 527 καὶ

1824 482 1975 538 super
2005 475 2221 528 terram,
2254 465 2310 518 in
2339 462 2536 532 quibus
2556 476 2692 517 verae
2715 462 2835 518 vitis
2856 459 3080 523 Christi,
3106 466 3160 514 et
3182 454 3337 528 quasi

190 571 291 624 τῶν
323 567 559 636 ὡσπερεὶ
589 564 873 635 κλημάτων
897 563 1057 616 αὐτοῦ
1083 563 1188 617 τῶν
1219 563 1375 635 ίερῶν
1398 564 1718 625 ἀποστόλων,

191 661 237 715 oi
260 657 459 727 λογικοὶ
487 655 707 725 βότρυες
737 653 1036 722 πιεζόμενοι
1062 652 1151 706 τὸν
1182 653 1288 706 ἀπὸ
1331 653 1437 705 τῶν
1468 652 1719 723 μαθημάα

190 763 290 799 των
316 742 492 796 αὐτῶν
522 741 704 812 νοερὸν
734 743 825 793 καὶ
848 740 1023 809 πάσης
1070 739 1396 809 εὐφροσύνης
1450 739 1720 808 ποιητικὸν

189 838 322 890 οἶνον
345 833 689 903 παρέχουσιν*
724 830 894 893 ἄλλως
923 831 1029 899 γὰρ
1066 832 1126 882 ού
1145 831 1362 883 δυνατὸν
1394 831 1719 898 σωματικαῖς

188 925 358 993 ληνοῖς
392 919 793 991 ἐφαρμόσαιτά
821 921 878 971 ἐν
936 920 1012 990 τῷ
1039 919 1230 989 ψαλμῷ
1271 920 1548 989 λεγόμενα·
1601 919 1720 971 ἐπεὶ

189 1015 306 1084 μηδ’
328 1013 463 1075 ὅλως
483 1012 559 1071 ὡς
599 1013 656 1063 ἐν
676 1011 876 1081 ἑτέροις
912 1012 1025 1081 ήτοι
1079 1012 1203 1081 περὶ
1243 1011 1483 1081 ἀμπέλου
1521 1028 1718 1081 μεταρα

186 1103 361 1170 θείσης
385 1101 445 1164 ἐξ
474 1098 767 1167 Αἰγύπτου,
801 1100 833 1169 ἢ
864 1100 987 1169 περὶ
1021 1098 1333 1169 ἀμπελῶνος
1390 1100 1588 1169 Κυρίου
1620 1099 1720 1151 Σα-

185 1189 351 1253 ϐαὼθ,
382 1190 417 1259 ἦ
444 1206 606 1241 τινων
629 1188 895 1252 τοιούτων,
914 1187 1142 1244 διάνοιάν
1169 1205 1287 1240 τινα
1314 1188 1385 1241 τά
1415 1189 1509 1258 τῆς
1529 1186 1721 1253 λέξεως

186 1276 443 1347 περιέχει.
474 1275 556 1327 Τά
588 1275 634 1329 δ’
662 1275 766 1327 ἀπὸ
799 1275 912 1337 τοῦ,
969 1294 985 1326 ι
1016 1276 1079 1328 Τί
1109 1277 1251 1328 ἐστιν
1299 1274 1593 1346 ἄνθρωπος,
1641 1274 1719 1325 ὅτι

184 1366 461 1434 μιμνήσκῃ
490 1363 677 1426 αὐτοῦ,
731 1363 907 1434 ῇυίὸς
958 1364 1255 1435 ἀνθρώπου,
1310 1366 1388 1417 ὅτι
1426 1363 1719 1432 ἐπισκέπτῃ

180 1452 376 1514 αύτόν;
422 1451 765 1514 Ἦλάττωσας
792 1452 948 1505 αὐτὸν
979 1452 1145 1522 βραχύ
1176 1470 1226 1504 τι
1283 1454 1407 1523 παρ’
1442 1452 1719 1520 ἀγγέλους,

177 1540 301 1610 δόξῃ
329 1539 425 1592 καὶ⁸
449 1543 583 1610 τιμῇ
613 1542 986 1609 ἐστεφάνωσας
1006 1542 1215 1604 αύτδν,›
1249 1541 1342 1594 καὶ
1369 1541 1435 1595 τὰ
1463 1541 1607 1611 ἑξῆς,
1632 1540 1722 1592 ἐπὶ

179 1629 266 1679 τὸν
300 1630 533 1699 Σωτῆρα
561 1631 656 1682 καὶ
703 1630 900 1701 Κύριον
951 1630 1105 1701 ἡμῶν
1154 1630 1354 1700 Ἰησοῦν
1387 1631 1443 1681 ἐν
1489 1633 1552 1701 τῇ
1590 1629 1721 1700 πρὸς

189 1717 474 1788 Ἐϐραίους
516 1721 766 1790 ἐπιστολῇ
800 1721 1159 1790 μετείληπται,
1194 1719 1319 1773 ἔνθα
1344 1717 1437 1789 τῷ*
1479 1737 1496 1772 ι
1544 1719 1722 1772 Πάντα

180 1804 452 1869 ὑπέταξας
482 1807 737 1860 ὑποκάτω
783 1806 885 1859 τῶν
927 1806 1096 1859 ποδῶν
1121 1807 1304 1871 αὑτοῦ,
1346 1826 1364 1858 ι
1415 1806 1722 1876 ἐπιφέρεται

180 1894 255 1947 τό·
288 1913 307 1946 ι
338 1895 454 1947 Νῦν
486 1896 544 1948 δὲ
590 1895 795 1948 οὐδέπω
830 1894 1037 1965 ὁρῶμεν
1064 1895 1207 1965 αὐτῷ
1231 1895 1298 1949 τὰ
1343 1896 1514 1949 πάντα
1540 1898 1726 1949 ὑποτε-

181 1986 440 2055 ταγμένα.
469 1986 576 2039 Τὸν
603 1986 659 2039 δὲ
692 1986 858 2057 βραχύ
904 2003 955 2039 τι
1009 1988 1136 2056 παρ’
1176 1986 1433 2054 ἀγγέλους
1486 1986 1724 2055 ἠλαττω-

187 2075 337 2144 μένον
359 2075 631 2146 βλέπομεν
663 2077 884 2147 Ἰησοῦν,
909 2076 993 2130 διὰ
1018 2076 1076 2129 τὸ
1105 2076 1329 2147 πάθημα
1359 2075 1450 2129 τοῦ
1477 2074 1722 2138 θανάτου,

183 2163 302 2237 δόξῃ
335 2165 430 2216 καὶ
459 2168 595 2235 τιμῇ
626 2166 1109 2235 ἐστεφανωμένον.»
1145 2163 1300 2216 Εἴποι
1340 2164 1383 2216 δ’
1426 2165 1489 2217 ἀν
1529 2181 1610 2226 τις
1651 2163 1722 2232 μὴ

189 2251 339 2320 μόνον
361 2250 450 2303 διά
480 2252 541 2303 τὸ
572 2252 797 2322 πάθημα
818 2251 906 2304 τοῦ
931 2252 1177 2309 θανάτου.
1205 2251 1334 2304 ἀλλά
1360 2252 1451 2304 καὶ
1481 2252 1545 2304 δι’
1562 2251 1723 2320 αὐτὴν

186 2338 278 2408 τήν
304 2340 717 2412 ἐνανθρώπησιν
744 2341 905 2395 αὐτοῦ
941 2340 1273 2410 ήλαττῶσθαι
1295 2341 1453 2394 αὑτὸν
1479 2340 1645 2410 βραχύ
1673 2357 1724 2393 τι

188 2430 308 2499 παρ’
335 2431 620 2498 ἀγγέλους·
680 2450 698 2482 ι
726 2432 869 2495 Ὅτε,
905 2432 961 2484 ἐν
1021 2435 1194 2502 μορφῇ
1243 2430 1372 2484 Θεοῦ
1441 2431 1721 2501 ὑπάρχων,

187 2517 277 2585 οὐχ
303 2518 595 2588 ἁρπαγμὸν
628 2520 964 2589 ἡγησάμενος
984 2520 1041 2572 τὸ
1080 2521 1167 2573 ῐσα
1191 2519 1307 2589 Θεῷ
1354 2516 1505 2580 εἶναι,
1536 2519 1725 2572 ἐκένω-

190 2621 273 2657 σεν
299 2607 490 2660 ἐαυτὸν
516 2609 732 2682 μορφὴν
760 2608 939 2660 δούλου
975 2607 1168 2672 λαϐὼν,
1209 2627 1227 2658 ι
1280 2609 1371 2661 καὶ
1421 2609 1511 2661 ἐπὶ
1539 2607 1722 2660 τοσοῦ-

188 2711 271 2748 τον
290 2696 622 2764 ἠλάττωσεν,
648 2698 722 2760 ὼς
767 2699 884 2751 ἀντὶ
936 2698 1028 2768 τῆς
1079 2700 1134 2749 ἐν
1187 2701 1360 2768 μορφῇ
1393 2696 1523 2749 Θεοῦ
1573 2697 1726 2767 δόξης

190 2781 433 2854 λεχθῆναι
463 2788 596 2857 περὶ
627 2786 786 2840 αὑτοῦ
836 2788 913 2840 τό·
956 2806 972 2836 ι
1016 2786 1234 2857 Εἵδομεν
1272 2787 1450 2849 αὐτὸν,
1501 2788 1591 2839 καὶ
1629 2788 1726 2841 οὐκ

190 2868 322 2943 εἶχεν
342 2871 479 2939 εἶδος
512 2877 636 2929 οὐδὲ
665 2876 871 2940 κάλλος.
913 2877 1023 2929 ἀλλ’
1043 2873 1109 2947 ἦν
1159 2877 1217 2929 τὸ
1254 2872 1388 2940 εἶδος
1426 2877 1583 2930 αὑτοῦ
1614 2877 1726 2930 άτι-

193 2980 304 3032 μον,
336 2966 430 3019 καὶ
452 2966 701 3020 ἐκλεῖπον
730 2968 874 3037 παρά
918 2968 1040 3029 τοὺς
1069 2969 1213 3030 υἱοὺς
1245 2967 1349 3020 τῶν
1378 2966 1720 3038 ἀνθρώπωνοι

191 3048 295 3101 ἀνθ’
326 3044 400 3104 ὧν
422 3054 782 3123 ἀμειϐόμενος
807 3056 835 3104 ό
867 3053 1071 3124 Πατὴρ,
1110 3073 1126 3104 ι
1155 3054 1276 3123 δόξῃ
1307 3055 1399 3107 καὶ
1423 3059 1550 3126 τιμῇ
1583 3058 1728 3108 ἐστε-

1816 571 2139 630 gemmarum
2172 556 2290 624 ejus
2317 561 2624 608 sanctorum
2661 552 3045 621 apostolorum,
3070 550 3339 620 spiritales

1816 648 2011 703 racemi
2057 647 2229 716 pressi
2268 642 2529 698 doctrinis
2586 642 2698 697 suis
2740 643 2976 711 spiritale
3023 656 3341 710 omnemque

1817 737 2132 794 suavitatem
2180 734 2413 790 elIlciens
2450 733 2630 786 vinum
2677 731 2932 801 praebent.
2976 731 3146 787 Aliter
3197 732 3338 785 enim

1816 825 2148 896 impossibile
2181 830 2325 879 esset
2347 821 2714 891 corporalibus
2746 820 3103 875 torcularibus
3137 835 3343 875 accom-

1816 915 2032 970 modare
2057 928 2175 983 qua:
2204 913 2257 966 in
2284 913 2385 966 hoc
2408 912 2612 981 psalmo
2632 909 2920 974 dicuntur;
2951 926 3072 964 cum
3101 911 3337 971 minime.

1802 1013 1876 1067 _ut
1915 1005 1969 1058 in
2013 1003 2242 1066 caeteris,
2290 1002 2401 1057 sive
2442 1001 2509 1055 de
2538 1001 2645 1054 vite
2684 1013 2802 1070 quae
2846 1014 2911 1053 ex
2953 998 3179 1069 Egypto
3220 1014 3340 1055 sur-

1815 1095 1973 1158 rexit,
2012 1095 2125 1150 sive
2162 1093 2228 1148 de
2260 1091 2467 1147 Domini
2512 1089 2742 1144 Sabaoth
2770 1089 2898 1153 vite,
2941 1088 3053 1143 sive
3093 1089 3159 1143 de
3200 1090 3345 1158 ejus-

1817 1186 1960 1240 modi
1994 1185 2114 1239 aliis
2149 1184 2308 1238 verba
2345 1183 2507 1252 hujus
2550 1182 2653 1236 loci
2701 1195 2864 1236 sensu
2905 1180 3094 1249 quovis
3123 1181 3345 1250 intelligi

1819 1276 2049 1346 possint.
2085 1273 2215 1340 Quae
2244 1289 2367 1328 vero
2406 1272 2474 1326 ab
2506 1272 2572 1326 iis
2598 1290 2609 1325 :
2643 1290 2661 1322 ι
2690 1270 2828 1336 Quid
2875 1278 2958 1325 est
2984 1255 3173 1334 homo,
3205 1272 3345 1339 quod

1817 1380 2019 1421 memor
2043 1379 2101 1418 es
2139 1362 2293 1431 ejus?
2320 1370 2412 1416 aut
2434 1360 2575 1415 ﬁlius
2604 1359 2859 1421 hominis,
2878 1359 3129 1428 quoniam
3160 1358 3347 1412 visitas

1816 1455 1971 1509 eum?
2002 1453 2243 1508 Minuisti
2276 1467 2397 1507 eum
2431 1451 2592 1520 paulo
2625 1450 2803 1504 minus
2832 1450 2899 1502 ab
2923 1448 3146 1518 angelis,
3179 1448 3348 1517 gloria

1817 1552 1870 1599 et
1894 1544 2099 1597 honore
2135 1541 2406 1596 coronasti
2423 1555 2544 1594 eum
2573 1538 2638 1604 ",
2672 1558 2690 1589 ι
2727 1547 2779 1592 et
2808 1537 3030 1606 reliqua,
3060 1537 3125 1590 ad
3166 1536 3350 1592 Salva-

1818 1641 1986 1688 torem
2012 1640 2066 1686 et
2106 1631 2386 1685 Dominum
2430 1636 2671 1684 nostrum
2696 1625 2876 1682 Jesum
2920 1628 2974 1680 in
3008 1625 3242 1695 Epistula
3281 1626 3349 1680 ad

1819 1722 2068 1778 Hebraeos
2104 1720 2430 1782 referuntur,
2474 1718 2563 1773 ubi
2589 1728 2712 1788 post
2739 1719 2852 1783 illa,
2881 1736 2899 1767 ι
2932 1718 3122 1771 Omnia
3168 1718 3351 1787 subje-a
3417 1698 3431 1721 ’

1820 1813 1941 1868 cisti
1972 1811 2074 1865 sub
2108 1810 2332 1880 pedibus
2359 1808 2478 1876 ejus
2506 1807 2570 1871 “,
2603 1825 2622 1859 ι
2658 1807 2982 1876 adjiciuntur
3010 1822 3071 1860 ea
3101 1825 3114 1860 :
3150 1826 3167 1858 ι
3195 1806 3347 1861 Nunc

1821 1909 1995 1957 autem
2040 1901 2265 1955 necdum
2306 1900 2548 1953 videmus
2598 1899 2777 1953 omnia
2819 1898 3058 1966 subjecta
3104 1898 3172 1952 ei.
3209 1897 3347 1952 Eum
3450 1888 3451 1891 “

1820 1999 2018 2056 autem,
2043 1990 2135 2059 qui
2163 1988 2373 2044 modico
2398 2002 2558 2057 quam
2597 1987 2770 2056 angeli
2806 1988 3103 2041 minoratus
3136 1995 3239 2050 est,
3268 1988 3349 2043 vi-

1820 2079 2007 2135 demus
2029 2077 2232 2138 Jesum,
2269 2084 2486 2146 propter
2518 2075 2822 2146 passionem
2855 2075 3065 2137 mortis,
3097 2075 3265 2142 gloria
3296 2082 3350 2129 et

1821 2168 2024 2222 honore
2052 2178 2364 2233 coronatum
2389 2169 2452 2221 ¹⁵.
2487 2185 2506 2217 ι
2542 2165 2655 2219 Dici
2680 2165 2874 2233 poterit
2906 2178 3011 2218 non
3044 2172 3248 2218 tantum
3280 2166 3350 2219 ob

1821 2257 2011 2311 mortis
2062 2256 2365 2325 passionem
2392 2293 2408 2318 ,
2454 2254 2549 2310 sed
2598 2257 2757 2308 etiam
2809 2253 2878 2306 ob
2925 2252 3347 2307 incarnationem

1822 2360 1972 2400 suam
1995 2360 2115 2400 eum
2153 2345 2474 2399 minoratum
2505 2344 2669 2399 fuisse
2698 2342 2856 2412 paulo
2891 2342 3065 2397 minus
3093 2330 3167 2395 ali
3191 2357 3350 2412 ange-

1821 2438 1924 2492 lis:
1963 2454 1983 2488 (
2011 2436 2143 2490 Cum
2172 2436 2225 2490 in
2258 2435 2425 2490 forma
2457 2434 2549 2490 Dei
2589 2442 2750 2498 esset,
2796 2448 2902 2488 non
2934 2434 3171 2502 rapinam
3204 2432 3350 2487 arbi-

1821 2534 1993 2581 tratus
2033 2534 2263 2593 estesse
2308 2541 2367 2581 se
2404 2527 2659 2595 aequalem
2691 2525 2818 2589 Deo,
2861 2525 2952 2581 sed
3004 2525 3345 2593 semetipsum

1821 2616 2114 2671 exinanivit
2156 2615 2378 2669 formam
2408 2615 2551 2671 servi
2584 2616 2851 2684 accipiens
2875 2615 2937 2677 ¹⁶,
2970 2634 2987 2665 ι
3021 2621 3179 2682 atque
3214 2614 3348 2669 adeo

1822 2705 2089 2759 imminuit
2121 2720 2200 2767 se,
2240 2712 2300 2758 ut
2324 2719 2430 2758 non
2449 2704 2559 2773 jam
2595 2705 2652 2758 in
2694 2704 2864 2758 forma
2902 2705 2991 2759 Dei
3019 2705 3200 2774 gloriae
3228 2718 3349 2759 esse

1823 2791 2112 2856 diceretur,
2157 2793 2250 2847 sed
2277 2812 2290 2846 :
2322 2810 2341 2842 ι
2372 2791 2618 2847 Vidimus
2647 2807 2791 2856 eum,
2824 2799 2876 2846 et
2902 2806 3007 2845 non
3040 2798 3156 2845 erat
3194 2805 3348 2860 aspe-

1824 2892 1945 2939 ctus
1994 2899 2168 2953 neque
2209 2884 2392 2948 decor,
2425 2890 2479 2938 et
2518 2882 2940 2937 desideravimus
2974 2896 3120 2944 eum,
3163 2881 3352 2951 despe-

1824 2979 1991 3034 ctum,
2031 2979 2085 3026 et
2140 2971 2492 3026 novissimum
2541 2971 2776 3025 virorum
2805 2971 2866 3025 ".
2900 2989 2919 3020 ι
2951 2968 3148 3024 Contra
3178 2978 3352 3024 autem

1826 3061 2154 3129 respondens
2200 3059 2400 3126 Pater,
2454 3078 2473 3110 ι
2504 3060 2672 3129 gloria
2723 3067 2777 3115 et
2822 3061 3026 3115 honore
3079 3060 3356 3115 coronavit

193 3138 428 3206 φάνωσεν
455 3143 641 3195 αὐτόν’
675 3141 1028 3213 ύπερυψὼσας
1055 3144 1147 3195 καλ⁸
1203 3143 1556 3213 χαρισάμενος
1583 3144 1725 3214 αὐτῷ

1825 3162 1945 3202 cum
1971 3149 2034 3210 ¹⁸,
2067 3148 2317 3201 exaltavit
2350 3148 2499 3201 illum
2530 3154 2583 3202 et
2611 3147 2826 3200 donavit
2852 3147 2925 3200 illi
2955 3162 3168 3212 nomen,
3210 3145 3353 3216 quod

191 3228 244 3279 τὸ
265 3228 436 3299 ὄνομα
466 3231 529 3283 τὸ
559 3232 695 3302 ὑπὲρ
725 3233 827 3283 πᾶν
849 3232 1031 3300 ὄνομα·
1082 3232 1146 3284 ἵν’
1176 3233 1231 3285 ἐν
1259 3231 1333 3301 τῷ
1367 3232 1584 3301 ὀνόματι
1629 3234 1728 3303 Ἰη-

195 3316 276 3369 σοῦ
307 3322 417 3372 πᾶν
440 3320 574 3388 γόνυ
606 3320 793 3390 κάμψῃ
837 3320 1186 3390 ἐπουρανίων,
1212 3323 1303 3374 καὶ
1335 3323 1602 3389 ἐπιγείων,
1636 3322 1728 3374 καλ⁵

191 3408 573 3479 καταχθονίων,
617 3412 706 3464 καὶ
732 3413 876 3464 πᾶσα
912 3410 1127 3479 γλῶσσα
1170 3411 1613 3483 ἐξομολογήσηται
1648 3415 1728 3467 ὅτι

193 3496 381 3568 Κύριος
413 3500 625 3571 Ἰησοῦς
650 3501 872 3571 Χριστὸς
889 3503 966 3564 είς
991 3501 1143 3566 δόξαν
1166 3501 1294 3556 Θεοῦ
1324 3503 1544 3574 Πατρός.
1560 3524 1577 3554 ι
1600 3506 1725 3559 Καί’

197 3605 214 3636 ι
244 3589 561 3662 Κατέστησε
613 3590 659 3642 δ’
706 3591 862 3643 αὐτὸν
893 3590 982 3642 ἐπὶ
1022 3591 1088 3643 τὰ
1113 3590 1245 3661 ἔργα
1283 3592 1388 3643 τῶν
1416 3592 1607 3663 χειρῶν
1637 3594 1730 3646 αύ-

193 3678 325 3730 τοῦ·›
361 3681 503 3751 ὅπερ
555 3682 649 3734 καὶ
696 3681 823 3732 αύτδ
849 3680 926 3750 τῷ
959 3681 1053 3750 μὲν
1083 3681 1174 3733 τοῦ
1196 3681 1439 3751 Σωτῆρος
1459 3681 1612 3752 ήμῶν
1641 3684 1732 3753 ἁρ-

195 3767 415 3833 μόζοντα
444 3768 637 3840 (Cet-:0)
670 3767 938 3838 προσώπῳ
966 3769 1053 3822 διὰ
1083 3770 1172 3822 τὸν
1201 3771 1257 3822 ἐν
1299 3771 1443 3839 αὐτῷ
1482 3771 1570 3823 τὸν
1601 3772 1729 3825 Θεὸν

192 3853 370 3923 Λόγον,
402 3858 591 3910 οὐκέτι
630 3856 683 3909 δὲ
721 3858 811 3909 καὶ
857 3857 932 3926 τῷ
961 3857 1188 3928 τυχόντι,
1217 3858 1269 3910 εἴ
1320 3876 1383 3926 γε
1411 3862 1466 3912 ἐν
1506 3864 1613 3923 τοῖς
1639 3861 1728 3912 τοῦ

192 3941 316 3997 Θεοῦ
345 3946 530 4017 ἔργοις
565 3946 799 4008 καὶτοὺς
823 3947 1076 4016 οὐρανοὺς
1107 3948 1451 4018 καταριθμεῖν
1480 3948 1596 4012 ἔθος
1623 3953 1729 4014 τοῖς

196 4032 348 4102 ἱεροῖς
376 4034 583 4103 λόγοις,
614 4036 751 4088 κατὰ
779 4035 857 4099 τὸ,
899 4053 915 4085 ι
940 4035 1047 4088 Καὶ
1097 4036 1229 4106 ἔργα
1263 4037 1365 4090 τῶν
1393 4038 1584 4108 χειρῶν
1639 4056 1728 4093 σου

193 4121 322 4174 είσὶν
340 4127 388 4176 oi
417 4125 693 4196 οὐρανοί.»
725 4124 864 4194 Πρὸς
888 4123 1111 4189 τούτοιςο
1147 4144 1164 4175 ι
1198 4126 1305 4178 Καὶ
1335 4128 1503 4179 πάντα
1534 4128 1729 4180 ὑπέτα-

194 4207 274 4271 ξεν
304 4213 408 4266 ὑπὸ
443 4215 575 4277 τοὺς
600 4214 758 4276 πόδας
780 4213 960 4275 αὑτοῦ,
1007 4214 1246 4285 πρόϐατα
1288 4216 1379 4268 καὶ
1414 4215 1538 4285 βόας
1590 4218 1729 4269 ἀπά⁸

198 4314 305 4363 σας,
341 4302 504 4356 ἔτιδὲ
538 4305 632 4357 καὶ
661 4304 727 4356 τά
776 4305 938 4373 κτήνη
969 4303 1059 4355 τοῦ
1093 4303 1288 4367 πεδίου,
1326 4306 1393 4357 τὰ
1435 4304 1495 4374 (Γ.
1521 4304 1607 4373 20)
1638 4322 1731 4358 πε-

194 4390 337 4442 τεινά
366 4392 462 4444 τοῦ
497 4393 750 4463 ούρανοῦ,
780 4393 870 4444 καί
894 4393 1014 4454 τοὺς
1045 4392 1226 4460 ἰχθύας
1256 4395 1351 4463 τῆς
1380 4392 1666 4465 θαλάσσηςο
1706 4412 1725 4445 ι

1830 3243 1912 3290 est
1941 3250 2101 3304 super
2151 3250 2308 3289 omne
2346 3250 2564 3297 nomen,
2594 3244 2653 3288 ut
2697 3236 2751 3287 in
2795 3226 3008 3289 nomine
3030 3233 3155 3290 Jesu
3196 3250 3354 3291 omne

1831 3340 1969 3395 genu
2000 3323 2248 3379 ﬂectatur
2273 3324 2597 3386 cmlestium,
2620 3324 2978 3387 terrestrium,
3025 3333 3078 3379 et
3116 3324 3352 3381 inferno-

1832 3429 1988 3480 rum;
2028 3423 2082 3469 et
2126 3414 2304 3468 omnis
2340 3414 2518 3483 lingua
2564 3413 2900 3475 conﬁteatur,
2943 3413 3067 3481 quia
3095 3412 3354 3469 Dominus

1830 3501 1986 3559 Jesus
2030 3503 2276 3558 Christus
2315 3503 2369 3556 in
2413 3501 2581 3571 gloria
2625 3508 2708 3557 est
2756 3501 2849 3555 Dei
2892 3499 3070 3554 Patris
3095 3503 3157 3555 ¹’.
3194 3521 3211 3553 ι
3245 3500 3353 3556 Et:

1836 3609 1858 3641 τ
1885 3589 2178 3645 Constituit
2201 3605 2324 3645 eum
2344 3604 2503 3659 super
2527 3604 2688 3658 opera
2710 3604 2964 3643 manuum
2999 3604 3214 3643 suarum
3235 3590 3300 3642 ὀ.
3329 3608 3349 3641 ι

1833 3680 1960 3745 Qum
1999 3680 2214 3749 quidem
2266 3679 2559 3735 Salvatoris
2606 3680 2776 3733 nostri
2824 3692 3064 3748 personae
3100 3685 3243 3747 apta,
3286 3678 3355 3731 ob

1835 3769 1999 3825 Deum
2028 3768 2262 3824 Verbum
2293 3770 2436 3840 quod
2466 3771 2604 3825 inest
2632 3771 2685 3823 in
2715 3783 2799 3833 ea,
2829 3784 2937 3822 non
2973 3776 3147 3822 autem
3177 3768 3358 3822 huma-

1834 3876 1916 3915 nae
1943 3875 2205 3929 persona,
2254 3860 2300 3914 si
2334 3859 2548 3929 quidem
2593 3859 2646 3913 in
2681 3858 2774 3913 Dei
2817 3859 3066 3928 operibus
3107 3872 3358 3914 annume-

1834 3958 2020 4001 rantur
2055 3948 2200 4013 coeli,
2230 3956 2290 4001 ut
2332 3949 2387 4002 in
2436 3946 2604 4003 sacris
2654 3945 2948 4017 Scripturis
2986 3948 3140 4009 solet,
3172 3962 3359 4001 secun-

1833 4040 1958 4094 dum
2000 4039 2130 4093 illud
2164 4058 2177 4093 :
2215 4038 2427 4108 (Opera
2475 4053 2730 4092 manuum
2768 4037 2887 4104 ejus
2920 4047 3046 4092 sunt
3092 4038 3298 4092 cceli".
3332 4057 3349 4087 ι

1832 4128 1960 4184 Post
2004 4129 2117 4182 haec
2148 4127 2368 4197 adjicit:
2404 4146 2422 4178 ι
2451 4125 2639 4181 Omnia
2690 4125 2966 4194 subjecisti
3011 4125 3110 4180 sub
3135 4124 3358 4194 pedibus

1834 4218 1971 4287 ejus,
2014 4232 2140 4271 oves
2184 4225 2237 4270 et
2286 4217 2448 4269 boves
2483 4214 2781 4276 universas,
2824 4212 3043 4281 insuper
3084 4217 3137 4266 et
3167 4225 3357 4280 pecora

1834 4305 2039 4375 campi;
2068 4306 2312 4359 volucres
2345 4304 2466 4358 cmli
2494 4313 2545 4358 et
2574 4302 2750 4372 pisces
2781 4304 2967 4365 maris,
3014 4301 3104 4371 qui
3147 4317 3357 4372 peram—

1834 4395 2021 4449 bulant
2055 4395 2276 4448 semitas
2305 4393 2469 4448 maris
2491 4393 2557 4447 ²².
2588 4412 2606 4443 ι
2638 4390 2734 4447 His
2759 4390 3008 4446 videntur
3036 4392 3207 4460 magis
3236 4393 3361 4446 alle-

196 4475 255 4527 δι’
280 4472 353 4530 ὧν
380 4480 560 4535 ἔοικεν
594 4479 1081 4550 ἀλληγορικώτερον
1132 4481 1411 4550 δηλοῦσθαι
1459 4482 1564 4536 τῶν
1623 4484 1725 4538 ἀλο

1834 4485 2013 4556 gorice
2062 4483 2269 4540 ostendi
2313 4484 2503 4537 animae
2543 4482 2738 4546 stultas,
2792 4481 3359 4551 etquodammodope—

198 4568 446 4639 γωτέρων
466 4571 568 4641 ,καὶ
586 4571 675 4621 τὸν
704 4569 895 4639 τρόπον
926 4568 1130 4637 κτηνῶν
1151 4569 1408 4642 δευτέρων
1455 4571 1653 4642 ψυχῶν,
1699 4572 1732 4643 ἢ

200 4654 287 4706 καὶ
314 4658 601 4729 δυνάμεων
631 4659 1028 4728 ἀντικειμένων,
1052 4659 1084 4724 ή
1109 4660 1211 4711 ὑπὸ
1229 4660 1315 4712 τὸν
1339 4661 1496 4728 ζυγὸν
1523 4663 1614 4714 καὶ
1639 4660 1734 4732 τὴν

202 4743 288 4795 τοῦ
314 4746 475 4800 λόγου
503 4748 741 4802 δουλείαν
761 4749 1020 4819 ὁποταγή.
1130 4742 1135 4749 ’

724 4856 1104 4909 ΚΕΦΑΛΑΙΟΝ
1147 4857 1221 4912 Ε’.

807 4968 1050 5037 Ψαλμοῦ
1076 4971 1141 5022 θ’.

281 5053 345 5107 Ἦ
376 5057 473 5110 τοῦ
502 5058 691 5112 ἐνάτου
711 5057 920 5127 ψαλμοῦ
941 5057 1212 5127 ἐπιγραφὴ
1229 5056 1444 5125 τοιαύτη
1465 5057 1548 5120 τίς
1567 5059 1728 5110 ἐστιν·

218 5160 236 5192 ι
261 5143 350 5207 Εἰς
368 5145 433 5199 τὸ
449 5147 602 5210 τέλος
616 5148 753 5216 ὑπὲρ
776 5146 881 5199 τῶν
902 5146 1157 5216 κρυφίων.
1173 5136 1395 5214 Ψαλμδς
1408 5145 1484 5215 τῷ
1523 5145 1695 5198 Δαυῖδ.
1710 5164 1728 5197 ι

224 5232 355 5287 ’Δνθ’
386 5231 463 5289 ὧν
489 5237 520 5288 ὁ
546 5236 831 5305 Σύμμαχος
884 5234 1189 5299 ἐκδέδωκεν,
1227 5251 1245 5284 ι
1280 5233 1563 5288 Ἐπινίκιον
1611 5235 1736 5304 περὶ

220 5323 305 5376 τοῦ
328 5325 554 5381 θανάτου
578 5326 672 5381 τοῦ
700 5327 839 5379 υἱοῦ.
872 5322 1057 5394 ’ᾼσμα
1087 5324 1177 5377 τοῦ
1205 5325 1412 5378 Δαυΐδ.»
1457 5324 1663 5393 Ὠσπερ
1689 5322 1733 5376 δ’

217 5406 303 5465 οὖν
324 5415 648 5483 καὶμᾶλλον
693 5414 863 5468 ἔοικεν
912 5414 1052 5483 ἔχειν
1108 5413 1168 5467 τὸ
1226 5413 1500 5485 Ἐὁραῖκδν
1554 5412 1737 5465 τοῦτον

1835 4574 2050 4629 coribus
2079 4573 2304 4640 similes,
2333 4573 2416 4627 vel
2443 4572 2680 4627 adversa:
2707 4576 3017 4640 potestates,
3045 4571 3146 4624 sub
3171 4569 3358 4639 jugum

1834 4663 1917 4717 vel
1947 4662 2171 4717 rationis
2197 4663 2452 4717 ditionem
2481 4661 2727 4716 redacta.

2430 4850 2655 4907 CAPUT
2695 4850 2759 4906 V.

2368 4961 2413 5015 Ε
2439 4964 2639 5030 psalmo
2672 4978 2828 5016 nono.

1907 5051 2030 5106 Haec
2059 5059 2142 5105 est
2169 5051 2297 5105 noni
2330 5051 2522 5121 psalmi
2569 5051 2889 5120 inscriptio:
2921 5069 2940 5102 ι
2979 5051 3039 5105 In
3067 5050 3226 5107 linem
3265 5048 3369 5122 pro

1837 5137 2078 5192 occultis.
2105 5124 2352 5193 Psalmus
2388 5136 2553 5192 David
2571 5139 2635 5192 ".
2672 5158 2691 5190 ι
2731 5137 3083 5208 Symmachus
3109 5156 3236 5196 vero
3282 5142 3361 5197 sic

1837 5227 2038 5282 edidit:
2071 5246 2090 5279 ι
2124 5226 2373 5283 Victoriae
2402 5243 2618 5284 carmen
2641 5228 2707 5284 de
2739 5237 2910 5284 morte
2936 5228 3049 5283 ﬁlii.
3078 5229 3357 5285 Canticum

1838 5317 2023 5372 David.
2057 5338 2075 5369 ι
2102 5317 2267 5373 Nobis
2308 5320 2483 5388 potior
2520 5320 2729 5375 videtur
2767 5317 3023 5374 Hebraica
3066 5322 3225 5377 lectio
3260 5322 3366 5376 hoc

1839 5408 2027 5463 modo:
2061 5408 2390 5480 Λαμανασσὴ
2417 5409 2651 5481 Ἀλμαὺθ
2698 5411 2786 5480 βὲν
2826 5412 3095 5483 μασμωρά
3115 5412 3292 5467 Δαυῖδ.

282 5590 326 5657 ’ξ
357 5591 637 5651 Psal.vm,
658 5590 714 5649 6.
746 5591 803 5657 7.
877 5592 920 5623 ¹⁸
956 5592 1085 5645 ihid.
1117 5593 1169 5647 8.
1246 5592 1288 5626 “
1308 5592 1465 5648 Hebr.
1501 5591 1634 5657 n.8,
1664 5593 1717 5647 9.

1824 5554 2087 5657 "Philipp.
2122 5588 2253 5654 n.6,
2288 5590 2336 5645 7.
2414 5590 2454 5623 ιτ
2489 5591 2591 5648 lsa.
2628 5605 2755 5655 Llll.,
2785 5591 2914 5656 2,3.
2964 5580 3209 5650 Διιιιεειπ.
3227 5607 3286 5657 ιι,
3311 5591 3357 5644 7.

228 5656 267 5690 ιν
299 5650 522 5730 Philipp.
553 5650 631 5722 ιι,
662 5656 814 5712 9-11.

478 5750 750 5811 ΡΑτιιοι..
783 5751 897 5812 Gn.
941 5753 1138 5812 XXII.

919 5661 962 5691 '°
1000 5659 1159 5716 Hebr.
1194 5676 1264 5724 ιι.
1301 5662 1350 5717 7.
1521 5655 1659 5716 Ρεαί.
1695 5674 1767 5727 ct,
1799 5658 1887 5714 26.
1941 5655 2208 5743 ‘rff’Ps‘al.
2234 5673 2336 5741 _vnt
2389 5659 2422 5714 8
2468 5660 2520 5715 9.
2595 5660 2639 5693 "
2675 5655 2927 5725 Psal.'tx,
2964 5661 3015 5715 l.

2981 5753 3057 5813 35
