3926 6366
194 419 328 479 “03

720 533 1104 587 ΚΕΦΔΛΑΙΟΝ
1144 532 1200 589 1⁸.

763 642 1004 711 Ψαλμοῦ
1047 641 1139 708 ιη’.

260 769 283 805 ι
312 754 421 807 Οὐκ
445 757 550 808 alat
573 756 751 810 λαλιαὶ
773 756 891 809 οὐδὲ
922 756 1088 823 λόγοι,
1117 748 1190 808 ὧν
1211 755 1330 823 οὐχὶ⁵
1356 754 1633 807 ἀκούονται
1667 753 1722 804 al

194 845 357 913 φωναὶ
386 846 583 899 αὐτῶν.
610 849 702 908 Εἰς
729 848 904 898 πᾶσαν
925 845 1019 915 τὴν
1049 844 1149 913 γῆν
1183 843 1398 912 ἐξῆλθεν
1431 846 1459 896 ό
1495 842 1722 911 φθόγγος

194 932 378 998 αὐτῶν,
414 936 506 987 καὶ
531 938 611 999 είς
641 936 707 989 τὰ
738 936 944 1004 πέρατα
970 935 1068 1002 τῆς
1088 934 1403 1003 οἰκουμένης
1432 932 1496 985 τὰ
1514 934 1724 1002 ῥήματα

195 1023 379 1076 αὐτῶν,
428 1043 446 1073 ι
479 1025 752 1095 Ζητοῦμεν
779 1025 934 1077 τίνων
960 1025 1037 1086 είς
1061 1025 1234 1076 πᾶσαν
1256 1022 1351 1093 τὴν
1381 1023 1481 1090 γῆν
1510 1022 1723 1091 ἐξῆλθεν

190 1113 217 1163 ό
245 1110 492 1180 φθόγγος,
523 1114 616 1165 καὶ
645 1114 710 1165 τὰ
740 1114 953 1184 ῥήματα
988 1111 1089 1174 ἕως
1119 1110 1226 1163 τῶν
1257 1111 1502 1181 περάτων
1531 1109 1719 1181 τῆςιυ.

197 1201 283 1265 21,
301 1202 374 1271 νο)
399 1204 736 1274 οἰκουμένης,
760 1203 834 1266 ὠς
860 1204 931 1273 μὴ
956 1201 1558 1270 καταλελεῖφθαιλόγους
1579 1202 1724 1272 παρά

189 1305 291 1341 τισι
315 1291 407 1342 καὶ
434 1290 623 1355 λαλιὰς
652 1292 778 1361 παρ’
806 1286 885 1354 οἷς
917 1293 1013 1344 οὐκ
1046 1290 1385 1360 ήκούσθησαν
1406 1291 1497 1342 καὶ
1525 1292 1579 1342 ai
1607 1288 1724 1342 τού-

186 1394 290 1429 των
317 1380 508 1446 φωναί·
560 1380 672 1433 ἀλλ’
716 1380 813 1432 οὐκ
863 1380 927 1434 ἂν
965 1379 1073 1448 ἔχοι
1110 1396 1190 1441 τις
1220 1380 1433 1449 ἑτέρους
1469 1379 1723 1442 ἐπιδεῖξαι

188 1467 289 1519 τῶν
316 1469 474 1540 ἱερῶν
496 1471 819 1535 ἀποστόλων,
851 1472 928 1533 είς
948 1470 1041 1532 οὒς
1063 1471 1095 1538 ἡ
1122 1469 1416 1539 προφητεία
1443 1470 1725 1541 πετιιλήρω⁴

185 1573 271 1609 ται
296 1557 578 1628 διαϐοήτου
607 1560 704 1629 τῆς
731 1559 855 1628 περ)⁸
887 1558 978 1609 τοῦ
1012 1555 1239 1626 Χριστοῦ
1267 1555 1604 1618 διδασκαλίας
1628 1556 1724 1608 αὐ-

186 1648 292 1700 τῶν
326 1651 406 1711 είς
437 1650 615 1703 πᾶσαν
637 1649 731 1719 τὴν
759 1650 846 1701 ὑπ’
870 1647 1089 1719 οὐρανὸν
1107 1647 1414 1717 γενομένης,
1439 1647 1526 1699 ὅτε
1551 1649 1726 1699 ἐνεπι-

183 1740 245 1809 δη
255 1739 479 1809 μοῦντες
501 1740 579 1809 τῷ
603 1740 697 1809 βίῳ
720 1740 853 1810 μετὰ
871 1740 968 1807 τῆς
992 1732 1348 1809 συνεργούσης
1368 1739 1545 1801 αὐτοῖς
1567 1738 1724 1792 δυνά-

191 1845 333 1920 μεως
358 1828 508 1890 θείας
540 1829 643 1881 ἀνὰ
669 1831 841 1881 πᾶσαν
868 1828 962 1897 τὴν
983 1829 1295 1898 οἰκουμένην
1324 1829 1617 1920 ὲκή-ρυσσον
1630 1827 1726 1898 τὴν
1758 1866 1799 1920 Β

189 1919 263 1980 είς
290 1918 380 1970 τὸν
412 1917 640 1988 Χριστὸν
682 1918 774 1971 τοῦ
811 1917 942 1970 Θεοῦ
975 1918 1179 1971 πίστινι
1226 1918 1351 1988 περὶ
1380 1910 1440 1969 οὗ
1473 1916 1605 1986 μετὰ
1629 1919 1725 1988 τήν

190 2008 484 2079 πρόρρησιν
529 2009 622 2062 τοῦ
666 2009 770 2062 τῶν
822 2009 1124 2063 ἀποστόλων
1177 2008 1334 2061 αὐτοῦ
1385 2006 1726 2079 κηρύγματος

187 2095 309 2169 ἑξῆς
340 2100 368 2151 ό
399 2099 553 2166 λόγος
584 2098 838 2161 διδάσκει,
863 2099 936 2161 ὡς
963 2100 1068 2168 ἄρα
1102 2117 1120 2149 ι
1155 2100 1211 2149 ὲν
1235 2096 1311 2167 τῷ
1334 2097 1464 2168 ἡλίῳ
1492 2097 1639 2151 ἔθετο
1666 2098 1727 2151 τὸ

192 2190 444 2257 σκήνωμα
477 2187 645 2240 αὐτοῦ
667 2204 679 2216 ο
719 2206 737 2239 ι
771 2188 919 2258 ήλίου
941 2186 1221 2257 νοουμένου
1247 2186 1342 2256 τῆς
1363 2186 1627 2256 θεότητος,
1649 2188 1728 2250 είς

191 2278 251 2347 ἦν
277 2277 372 2347 τὴν
402 2276 592 2330 ἑαυτοῦ
632 2276 793 2347 μονήν
832 2276 926 2329 καὶ
979 2276 1074 2346 τὴν
1120 2276 1276 2328 οἱονεὶ
1325 2276 1727 2344 κατασκήνωσιν

192 2361 351 2425 ιθετο,
400 2363 562 2432 ἧκα).
608 2364 744 2434 ὅπερ
789 2364 853 2415 ὲκ
892 2363 990 2431 τῆς
1034 2361 1304 2433 Παρθένου
1352 2362 1504 2414 ἔλαϐε
1554 2361 1727 2432 σῶμα,

194 2452 321 2522 ὅπερ
345 2448 410 2521 ἧν
442 2453 684 2524 ὡσπερεὶ
716 2436 972 2522 σκήνωμά
1000 2452 1096 2521 τῆς
1140 2453 1198 2503 ἐν
1226 2451 1372 2523 αὐτῷ
1403 2451 1729 2520 καταμενού-

193 2557 286 2611 σης
307 2541 451 2604 θείας
473 2542 773 2611 δυνάμεως
805 2533 953 2603 οὗτος
976 2540 1030 2592 δὲ
1060 2540 1150 2593 καὶ
1177 2540 1386 2610 «ὥσπερ
1401 2540 1625 2609 νυμφίος
1647 2542 1731 2593 ὲκ-

192 2633 538 2704 ποριιυόμενος
560 2634 625 2685 ὲκ
648 2632 847 2684 παστοῦ
880 2630 1063 2693 αὑτοῦ,
1099 2630 1449 2699 ἠγαλλιάσατο
1470 2630 1541 2692 ὡς
1573 2630 1728 2697 γίγας

193 2724 405 2795 δραμεῖν
426 2726 564 2778 ὀδόν·
592 2718 705 2778 »οἶα
719 2724 824 2794 γάρ
845 2742 924 2787 τις
949 2724 1175 2793 νυμφίος
1194 2723 1279 2775 διὰ
1302 2725 1396 2794 τὴν
1422 2724 1580 2777 αὐτοῦ
1596 2723 1655 2777 νύ
1663 2742 1727 2793 μ-

197 2832 295 2885 φην
323 2816 421 2884 τὴν
458 2815 780 2883 Ἐκκλησίαν
809 2817 872 2867 ὲκ
884 2814 990 2867 τῶν
1013 2812 1285 2884 πατρικῶν
1300 2814 1582 2876 διαναστὰς
1610 2814 1729 2866 κόλ-

196 2921 321 2969 πων,
355 2905 447 2959 καὶ
485 2907 645 2959 ὁποῖά
688 2921 770 2968 τις
812 2904 968 2973 γίγας
999 2902 1232 2972 ἀνδρεῖος
1268 2905 1359 2955 καὶ
1405 2902 1613 2973 ἰσχυρός
1638 2902 1726 2954 τὸν

197 2998 369 3066 ἀγῶνα
390 2997 482 3051 τὸν
512 2995 860 3067 προκείμενον
897 2993 1041 3063 αύτῷ
1084 2994 1365 3065 διαθλήσας
1382 3034 1397 3057 ,
1425 2996 1644 3065 νικήσας
1669 3010 1726 3046 τε

198 3089 283 3141 καὶ
302 3087 808 3155 καταγωνισάμενος
848 3085 968 3146 τοὺς
1000 3084 1316 3146 ἀντιπάλους
1333 3124 1348 3146 ,
1374 3085 1728 3152 ἠγαλλιάσατο

1189 423 1269 480 EC
1283 423 1484 480 ιοαΑι
1522 421 1995 480 ΡΒΟΡΗΕΤΙΟΕ.
2035 450 2102 463 —-
2136 421 2263 477 LIB.
2300 419 2380 486 IL!

3212 413 3346 471 1106

2440 525 2661 584 CAPUT
2699 528 2740 581 Χ

2224 641 2271 694 Ε
2302 641 2503 709 psalmo
2539 650 2715 694 octavo
2746 639 2957 695 decimo.

1896 773 1913 805 ι
1952 754 2062 807 Non
2088 763 2208 809 sunt
2230 753 2486 822 loquelae,
2536 765 2707 819 neque
2753 765 3022 805 sermones
3048 788 3062 811 ,
3120 763 3346 819 quorum

1822 861 1927 900 non
1987 844 2272 898 audiantur
2319 858 2474 898 voces
2520 856 2723 896 eorum.
2777 842 2838 894 In
2893 855 3103 894 omnem
3152 847 3348 893 terram

1821 935 1983 990 exivit
2013 950 2179 989 sonus
2225 948 2430 993 eorum,
2456 939 2509 987 et
2558 932 2611 985 in
2640 931 2771 984 ﬁnes
2812 928 2957 983 orbis
2983 938 3135 984 terra:
3188 927 3347 982 verba

1821 1040 2005 1079 eorum
2038 1023 2101 1075 δ’.
2140 1043 2158 1074 ι
2187 1022 2484 1087 Ωιιωνίιηιιε
2522 1035 2746 1091 quorum
2796 1020 2850 1073 in
2890 1033 3099 1071 omnem
3150 1026 3347 1072 terram

1821 1115 1983 1168 exivit
2008 1128 2194 1176 sonus,
2220 1114 2486 1181 verbaque
2522 1112 2578 1165 in
2607 1110 2736 1164 ﬁnes
2781 1108 2927 1163 orbis
2952 1115 3105 1161 terra:
3128 1146 3143 1170 ,
3175 1123 3241 1161 ne
3267 1122 3348 1161 re—

1823 1204 2130 1271 linquantur
2159 1201 2479 1272 quihusdam
2534 1201 2753 1270 loquelae
2785 1205 2837 1253 et
2876 1211 3150 1252 sermones
3176 1236 3191 1260 ,
3233 1196 3323 1265 qui

1823 1296 1922 1349 bus
1967 1309 2074 1347 non
2114 1293 2307 1351 auditae
2361 1293 2469 1346 sint
2515 1292 2739 1346 istorum
2782 1304 2959 1344 voces.
3005 1287 3183 1356 Neque
3215 1287 3350 1340 ullos

1824 1384 1953 1438 alios
1984 1383 2282 1436 invenimus
2331 1396 2392 1435 ac
2425 1388 2640 1435 sanctos
2683 1379 2985 1448 apostolos.
3026 1377 3220 1446 quibus
3255 1376 3351 1429 im-

1823 1472 1994 1541 pletur
2046 1469 2324 1539 prophetia
2356 1509 2371 1534 ,
2437 1469 2743 1538 pervulgata
2804 1467 2858 1519 in
2902 1480 3113 1519 omnem
3154 1471 3353 1518 terram

1822 1576 2004 1616 eorum
2037 1560 2104 1615 de
2137 1560 2354 1614 Christo
2380 1559 2654 1618 doctrina.
2701 1571 2822 1611 cum
2852 1557 2998 1611 omni
3024 1555 3133 1609 vita
3181 1568 3335 1623 perer

1823 1660 2022 1716 rantes,
2047 1650 2330 1721 adjuvante
2356 1665 2448 1704 eos
2501 1656 2760 1718 potestate
2798 1646 3000 1709 divina,
3030 1660 3125 1715 per
3145 1645 3356 1698 univer-

1824 1759 1941 1797 sum
1964 1743 2145 1797 orbem
2175 1750 2437 1796 terrarum
2463 1738 2617 1794 Iidem
2650 1740 2703 1791 in
2738 1736 3011 1791 Christum
3049 1733 3142 1789 Dei
3170 1732 3357 1803 praedi-

1823 1840 2098 1887 caverunt.
2148 1831 2222 1887 De
2255 1848 2361 1901 quo
2410 1837 2530 1900 post
2580 1828 2949 1899 praevisionem
2998 1824 3358 1895 apostolorum

1824 1922 1942 1991 ejus
1974 1920 2383 1990 praedicationis.
2411 1919 2669 1973 continuo
2701 1915 2980 1985 Scriptura
3024 1914 3198 1975 docet.
3218 1911 3359 1980 quod

1829 2030 1848 2064 ι
1888 2012 1941 2065 in
1972 2012 2084 2067 sole
2120 2010 2299 2081 posuit
2334 2008 2738 2065 tabernaculum
2770 2020 2924 2062 suum
2950 2004 3034 2070 υς
3071 2022 3090 2055 ι
3122 2002 3201 2057 sol
3248 2000 3360 2055 dei-

1822 2110 1984 2159 tatem
2014 2102 2209 2164 innuit,
2234 2102 2289 2154 in
2313 2114 2418 2169 qua
2447 2098 2625 2154 sedem
2655 2111 2815 2153 suam
2849 2102 2902 2150 et
2925 2094 3080 2164 quasi
3114 2094 3361 2149 taberna-

1824 2192 2004 2246 culum
2035 2191 2232 2260 posuit,
2262 2191 2344 2244 vcl
2371 2188 2515 2259 quod
2542 2203 2605 2244 ex
2637 2186 2857 2256 Virgine
2880 2185 3107 2253 sumpsit
3145 2198 3359 2252 corpus.

1824 2282 1966 2352 quod
1999 2282 2152 2351 quasi
2182 2280 2584 2335 tabernaculum
2613 2284 2730 2335 erat
2773 2277 2967 2331 divina:
2998 2275 3277 2344 potestatis
3307 2272 3362 2327 in

1824 2386 1888 2425 eo
1922 2372 2303 2440 permanentis.
2347 2368 2446 2423 Hic
2476 2375 2529 2422 et
2564 2386 2584 2418 ι
2620 2376 2871 2436 tanquam
2899 2379 3130 2435 sponsus
3177 2376 3363 2432 proco.

1824 2459 1957 2515 deus
1983 2461 2050 2515 de
2079 2460 2314 2513 thalamo
2359 2474 2493 2524 suo;
2531 2458 2817 2514 exsultavit
2860 2465 2919 2510 ut
2951 2456 3099 2525 gigas
3140 2453 3209 2507 ad
3238 2466 3364 2506 cur-

1825 2551 2045 2605 rendam
2069 2550 2208 2604 viam
2236 2549 2302 2603 “.
2338 2568 2357 2600 ι
2396 2548 2466 2604 Ut
2510 2548 2654 2603 enim
2705 2560 2939 2616 Sponsus
2990 2544 3059 2599 ob
3106 2556 3362 2612 sponsam

1825 2642 1994 2711 ipsius
2024 2640 2313 2695 Ecelesiam
2343 2655 2373 2693 e
2399 2639 2575 2707 patrio
2596 2651 2892 2706 exsurgens
2925 2635 3044 2689 sinu
3067 2672 3082 2696 ,
3125 2642 3179 2687 et
3208 2630 3362 2700 quasi

1825 2731 1997 2786 virilis
2030 2731 2391 2799 robustusque
2421 2729 2570 2798 gigas
2609 2734 2880 2782 certamen
2906 2726 3006 2781 sibi
3033 2724 3365 2793 propositum

1824 2821 2051 2876 certavit
2076 2861 2090 2882 ,
2122 2823 2430 2889 victorque,
2480 2827 2534 2874 et
2565 2818 2850 2888 prostratis
2883 2816 3233 2874 adversariis.
3271 2829 3368 2868 ex-

1824 2911 2043 2967 sultavit
2085 2911 2186 2964 tori
2221 2910 2420 2967 sociam
2465 2923 2821 2980 sponsamque
2865 2906 3155 2974 excipiens.
3205 2902 3367 2957 Facta

1824 3011 1907 3058 est
1933 3010 2110 3057 autem
2141 3021 2159 3052 ι
2207 3017 2238 3056 a
2269 3017 2480 3057 summo
2508 3004 2647 3059 caelo
2685 3002 2924 3072 egressio
2963 2998 3083 3067 ejus
3122 2997 3204 3058 “;
3261 3014 3279 3047 ι
3313 3001 3369 3050 et

1825 3107 2055 3146 rursus:
2091 3111 2108 3142 ι
2169 3090 2235 3144 Ει
2274 3106 2535 3147 occursus
2586 3092 2704 3161 ejus
2755 3105 2925 3159 usque
2974 3088 3039 3142 ad
3099 3097 3366 3142 summum

197 3175 284 3245 τὴν
308 3174 471 3227 αὐτοῦ
512 3173 740 3239 σύζυγόν
778 3188 833 3224 τε
869 3172 959 3225 καὶ
989 3171 1200 3240 νύμφην
1235 3171 1532 3224 ἀπολαϐών·
1571 3174 1724 3240 γεγέ-

1826 3180 1939 3248 eius
1967 3181 2050 3245 ⁸⁶ς
2091 3200 2109 3232 ι
2139 3189 2193 3234 et
2229 3200 2242 3233 :
2277 3199 2295 3231 ι
2322 3181 2488 3236 Nemo
2511 3182 2649 3236 alius
2680 3180 2918 3234 ascendit
2946 3180 2997 3232 in
3027 3171 3366 3238 cmlum,uisi

198 3284 342 3337 νηται
361 3268 418 3319 δὲ
437 3264 603 3318 αὑτοῦ
630 3264 721 3316 καὶ
748 3282 766 3313 ι
787 3266 819 3335 ή
840 3263 1009 3329 ἔξοδος
1031 3265 1123 3316 ἀπ’
1138 3265 1300 3334 ἄκρου
1326 3262 1417 3315 τοῦ
1440 3262 1683 3334 οὐρανοῦ
1698 3283 1716 3316 ι

200 3359 280 3410 καὶ
291 3358 473 3411 πάλινο
510 3354 615 3406 «Τὸ
639 3354 950 3424 κατάντημα
975 3353 1133 3406 αὑτοῦ
1164 3354 1265 3416 ἕως
1289 3353 1453 3425 ἄκρου
1482 3355 1641 3408 αὑτοῦ
1660 3373 1673 3386 υ
1701 3374 1718 3406 ι

198 3448 304 3499 ἐπεὶ
342 3466 360 3498 ι
397 3446 473 3515 μὴ
504 3444 549 3495 δ’
581 3436 658 3506 εἷς
680 3442 829 3505 ἄλλος
853 3442 1179 3512 ἀναϐέϐηκεν
1203 3445 1279 3507 είς
1311 3444 1397 3497 τὸν
1418 3444 1659 3515 οὐρανόν,
1679 3448 1726 3499 εί

202 3537 267 3605 μὴ
294 3538 321 3588 ὁ
341 3538 402 3605 ἐκ
430 3533 524 3588 τοῦ
548 3533 606 3585 οὐ
617 3533 772 3602 ρανοῦ
803 3532 1058 3595 καταϐὰς,
1074 3535 1102 3585 ό
1131 3532 1255 3595 Υίδς
1275 3532 1365 3585 τοῦ
1390 3534 1687 3605 ἀνθρώπου·
1703 3555 1722 3587 ι

199 3626 283 3679 καὶ⁸
300 3626 480 3679 πάλινσ
504 3642 523 3674 ι
547 3623 605 3676 ’0
626 3622 882 3686 καταϐὰς.
895 3622 1051 3685 αὑτός
1071 3624 1288 3676 ἐστικαὶ
1306 3624 1334 3676 ὁ
1354 3624 1551 3688 ἀναϐὰς
1568 3627 1732 3697 ὑπερ-

200 3715 300 3768 άνω
329 3715 545 3768 πάντων
564 3712 670 3765 τῶν
716 3712 1007 3783 ούρανῶν,ι
1029 3713 1167 3765 κατὰ
1193 3712 1281 3765 τὸν
1303 3713 1440 3783 ἱερὸν
1481 3714 1730 3768 Ἀπόστο-

199 3805 294 3858 λον·
331 3804 465 3858 ἀλλὰ
492 3822 510 3853 ι
534 3801 644 3855 Καὶ
663 3803 760 3855 οὐκ
789 3801 930 3855 ἐστιν
949 3801 1006 3865 ὃς
1038 3801 1467 3872 ἀποκρυϐήσεται
1494 3803 1589 3871 τὴν
1610 3802 1730 3873 θέρ-

205 3909 300 3961 μην
331 3891 517 3946 αὐτοῦ’
545 3909 565 3940 ι
610 3890 735 3959 περὶ
758 3885 824 3960 ἦς
854 3889 947 3941 καὶ
975 3889 1133 3952 αὐτὸς
1159 3885 1305 3941 εἶπεν
1336 3890 1415 3952 τὸ,
1461 3908 1479 3939 ι
1501 3889 1616 3961 Πῦρ
1637 3887 1731 3959 ἦλ-

1827 3270 1920 3338 qui
1948 3269 2225 3324 descendit
2272 3272 2338 3323 de
2357 3272 2527 3332 cmlo,
2560 3269 2724 3323 Filius
2762 3266 2995 3321 hominis
3025 3264 3099 3329 ";
3138 3283 3156 3314 ι
3208 3270 3368 3330 atque

1829 3359 2019 3413 iterum
2048 3377 2061 3412 :
2103 3377 2120 3410 ι
2168 3357 2270 3423 Qui
2305 3358 2581 3413 descendit
2604 3397 2620 3419 ,
2666 3354 2778 3427 ipse
2813 3364 2892 3410 est
2919 3364 2973 3408 et
2995 3354 3084 3422 qui
3123 3349 3367 3406 ascendit

1830 3462 1991 3515 super
2015 3462 2199 3502 omnes
2218 3448 2407 3512 cmlos,
2435 3455 2493 3501 ut
2518 3448 2758 3516 impleret
2796 3444 2996 3501 omnia.
3029 3462 3049 3495 ι
3074 3438 3365 3496 secundum

1832 3545 2076 3591 sanctqu
2122 3535 2435 3605 Apostolutn
2466 3537 2530 3590 “.
2569 3535 2672 3591 Sed
2705 3546 2756 3591 et
2809 3553 2827 3585 ι
2877 3533 2993 3586 Νοιι
3040 3539 3123 3583 est
3168 3528 3261 3597 qui
3301 3542 3367 3582 se

1831 3626 2125 3681 abscondat
2154 3642 2185 3681 a
2219 3629 2397 3682 calore
2433 3627 2552 3695 ejus
2579 3627 2652 3693 ";
2690 3645 2708 3676 ι
2742 3625 2808 3679 de
2829 3640 2936 3693 quo
2969 3630 3022 3675 et
3053 3621 3168 3689 ipse
3193 3617 3327 3672 dixit
3359 3632 3364 3637 ’

1834 3734 1852 3765 ι
1890 3715 2065 3786 Ignem
2094 3719 2212 3771 veui
2244 3719 2456 3772 mittere
2488 3718 2541 3772 in
2577 3728 2792 3779 terram.
2824 3724 2881 3770 et
2911 3712 3038 3783 quid
3079 3711 3217 3773 vnio,
3261 3707 3364 3766 uisi

1830 3814 1887 3858 ut
1918 3808 2242 3863 accendatur
2268 3809 2313 3841 '°
2335 3808 2359 3861 ?
2384 3828 2403 3861 ι
2441 3806 2620 3863 Facile
2648 3806 2818 3860 cuivis
2846 3806 2947 3859 erit
2972 3801 3174 3870 reliqua
3207 3797 3366 3867 hujus

1830 3899 2019 3966 psalmi
2044 3899 2109 3953 ad
2137 3900 2410 3955 Christum
2440 3898 2686 3953 similiter
2714 3894 2933 3950 referre.

202 3982 283 4037 θον
311 3984 489 4053 βαλεῖν
510 3983 604 4035 ἐπὶ
632 3982 727 4051 τὴν
755 3982 873 4051 γῆν,
893 3983 986 4035 καὶ
1011 3982 1061 4034 τί
1114 3981 1251 4036 θέλω
1278 3984 1325 4035 εί
1350 3983 1447 4053 ήδη
1481 3984 1721 4056 tamen;
1769 4006 1786 4040 ι
1830 3991 2077 4065 Εὐχερῶς
2113 3994 2157 4047 δ’
2181 3995 2245 4049 ἄν
2264 4010 2346 4057 τις
2360 3991 2532 4062 ἑαυτῷ
2559 3990 2762 4053 τούτοις
2792 3984 3060 4055 ἀναλόγως
3087 3981 3368 4054 ἰξιργάσερ

202 4094 281 4131 τηις
311 4077 377 4131 τὰ
404 4075 549 4130 κατὰ
578 4076 670 4127 τὸν
684 4076 861 4129 τόπον.

711 4182 1096 4239 ΚΕΦΑΛΑῙΟΝ
1114 4183 1212 4235 IA'.

780 4294 1026 4363 Ψαλμοῦ
1057 4295 1145 4349 ιϐ’.

262 4406 330 4459 Τδ
355 4408 410 4458 ὲν
438 4405 516 4476 τῷ
545 4403 993 4458 ὲννεακαιδεκάτω
1024 4403 1218 4475 ψαλμῷ
1245 4405 1546 4475 λεγόμενον,
1580 4425 1598 4457 ι
1620 4406 1730 4462 Νῦν

2429 4186 2651 4242 CAPUT
2689 4183 2779 4240 XI.

2244 4299 2292 4353 Ε
2326 4301 2525 4370 psalmo
2569 4299 2765 4352 decimo
2803 4313 2957 4350 nono.

1902 4388 2030 4454 Qua:
2056 4389 2108 4443 in
2138 4388 2346 4444 decimo
2384 4404 2528 4444 nouo
2578 4387 2785 4458 psalmo
2820 4385 3109 4441 dicuntur:
3148 4402 3165 4435 ι
3218 4383 3370 4439 Nunc

205 4493 358 4563 ἔγνων
378 4498 458 4550 ὅτι
488 4474 661 4548 ἔσωσε
684 4493 882 4564 Κύριος
910 4494 999 4545 τὸν
1024 4495 1252 4564 Χριστὸν
1278 4474 1460 4559 αὐτοῦ,
1481 4516 1498 4547 ι
1535 4496 1728 4566 ἐμφαί-

1833 4480 2054 4548 cognovi
2086 4479 2338 4549 quoniam
2380 4479 2582 4533 salvum
2636 4478 2762 4534 fecit
2800 4476 3057 4532 Dominus
3098 4474 3368 4530 Christum

204 4591 406 4648 νει“πως
429 4585 521 4638 τοῦ
545 4584 791 4653 Σωτῆρος
811 4581 963 4653 ἡμῶν
997 4582 1167 4657 Ἰησοῦ
1184 4585 1413 4656 Χριστοῦ
1435 4585 1529 4657 τὴν
1555 4586 1618 4638 ὲκ
1638 4584 1730 4638 τοῦ

207 4672 419 4728 θανάτου
450 4674 737 4745 σωτηρίανο
771 4672 914 4742 αὐτῷ
942 4671 1046 4743 γὰρ
1062 4656 1268 4743 εὲθρηται
1291 4676 1382 4727 καὶ
1399 4675 1477 4736 τὸ,
1506 4694 1522 4725 ι
1547 4674 1733 4742 Ἀγαλ-

205 4763 497 4836 λωσιῦμεθα
527 4767 584 4816 ὲν
613 4763 688 4833 τῷ
720 4762 963 4833 σωτηρίῳ
996 4779 1106 4815 σου·
1140 4783 1158 4814 ι
1189 4765 1277 4815 καὶ
1297 4764 1389 4817 ὅλα
1419 4764 1474 4816 δὲ
1503 4765 1568 4817 τὰ
1600 4765 1733 4817 κατὰ

205 4852 284 4904 τὸν
311 4856 468 4906 τόπον
495 4850 857 4923 ὲφαρμοσθείη
883 4851 946 4904 ἂν
972 4850 1114 4922 αὐτῷ
1137 4851 1233 4922 τῆς
1257 4851 1623 4923 προσηκούσης
1644 4868 1735 4903 τυ-

209 4941 354 5010 χόντα
386 4942 712 5011 ἐξηγήσεως-

716 5048 1098 5101 ΚΕΦΑΛᾹῘΟΝ
1121 5047 1220 5103 IB'.

792 5158 1036 5225 Ψαλμοῦ
1061 5158 1133 5210 κ’.

269 5248 337 5304 Τδ
369 5252 491 5319 μέν·
525 5269 543 5300 ι
570 5249 758 5319 Κύριε,
781 5249 837 5299 ὲν
855 5250 920 5318 τῇ
945 5248 1166 5316 δυνάμει
1198 5263 1287 5299 σου
1309 5243 1731 5315 εὐφρανθήσεται

1835 4578 1988 4616 suum
2022 4564 2088 4625 ",
2125 4583 2143 4615 ι
2179 4564 2466 4619 ostendunt
2505 4566 2772 4635 quomodo
2806 4563 3051 4617 Salvator
3079 4569 3259 4615 noster
3282 4560 3370 4616 Je-

1836 4666 1929 4705 sus
1988 4650 2233 4707 Christus
2294 4669 2323 4707 a
2384 4663 2556 4709 morte
2606 4655 2678 4709 sit
2732 4664 2995 4709 servatus.
3046 4650 3179 4704 Huic
3227 4651 3367 4705 enim

1837 4740 2091 4794 dicuntur
2118 4751 2171 4796 et
2205 4743 2329 4797 illa:
2370 4762 2388 4794 ι
2425 4743 2746 4798 Lactabimur
2776 4744 2829 4797 in
2862 4744 3082 4798 salutari
3110 4750 3203 4795 tuo
3226 4740 3303 4806 ";
3344 4760 3364 4793 ι

1840 4833 2121 4899 οωιθιὶῳιο
2140 4832 2299 4901 hujus
2331 4834 2520 4901 psalmi
2546 4833 2793 4887 versiculi
2828 4847 2949 4886 cum
2978 4832 3078 4886 hac
3108 4832 3369 4899 interpre-
3418 4851 3428 4860 ε

1835 4923 2033 4978 tatione
2061 4924 2259 4992 optime
2293 4931 2617 4993 congruunt.

2417 5031 2640 5122 CAPUOT
2673 5030 2781 5085 XII.

2321 5142 2365 5197 E
2390 5143 2591 5211 psalmo
2626 5144 2885 5196 vicesimo.

1906 5234 2036 5289 Illud
2060 5234 2272 5304 quidem
2301 5252 2314 5288 :
2349 5251 2368 5283 ι
2404 5230 2645 5293 Domine,
2683 5232 2735 5286 in
2762 5233 2960 5285 virtute
2993 5234 3083 5281 tua
3108 5226 3373 5281 Iatabitur

214 5339 239 5388 ό
269 5318 525 5407 βασιλεὺς,
552 5356 570 5387 ι
597 5318 775 5390 καὶτὰ
801 5335 940 5405 ἑξῆς,
975 5334 1113 5387 εἴποι
1140 5335 1204 5388 ἄν
1224 5352 1307 5396 τις
1336 5334 1427 5386 ἐπὶ
1455 5332 1544 5384 τὸν
1574 5333 1728 5386 Δαυτδ

1838 5343 1930 5380 rex
1958 5325 2026 5388 ⁵³,
2064 5344 2083 5376 ι
2116 5333 2169 5379 et
2188 5330 2378 5379 caetera
2399 5361 2413 5387 ,
2461 5330 2704 5392 spectare
2732 5321 2800 5374 ad
2833 5318 3081 5374 Davidem
3104 5322 3369 5385 possunt;

216 5404 840 5500 ἀναφέρεσθαιδύνασθαυ
867 5404 927 5478 τό
952 5442 1013 5492 γε
1041 5424 1158 5493 μὲν,
1180 5440 1199 5474 ι
1223 5425 1372 5493 Ζωὴν
1392 5420 1625 5493 ᾑτήσατό
1652 5437 1728 5484 σε,

1841 5418 1951 5470 haec
1980 5429 2145 5470 vero:
2190 5432 2209 5464 ι
2250 5411 2420 5467 Vitam
2451 5412 2600 5482 petiit
2629 5426 2660 5464 a
2703 5419 2776 5474 te,
2811 5418 2865 5465 et
2898 5406 3131 5464 tribuisti
3161 5404 3212 5461 ei
3258 5405 3376 5458 lon-

215 5520 296 5570 n‘.
554 5515 701 5585 αὐτῷ
747 5515 1051 5585 μακρότητα
1083 5511 1296 5583 ἡμερῶν
1320 5514 1397 5575 εἰς
1424 5509 1592 5565 αἰῶνα
1638 5511 1728 5562 καὶ

1837 5505 2124 5576 gitudiuem
2152 5504 2356 5557 dierum
2384 5503 2436 5556 in
2465 5501 2737 5564 smeulum,
2763 5507 2815 5555 et
2863 5500 2918 5554 in
2967 5495 3223 5554 saeculum
3272 5507 3373 5548 se.

281 5688 321 5720 δ’
355 5686 493 5741 Psai.
522 5701 689 5739 xvm.
746 5684 809 5741 4.
845 5684 897 5736 5.
970 5683 1014 5714 ⁸³
1049 5683 1177 5737 ibid.
1210 5683 1263 5736 6.
1338 5683 1383 5715 “
1422 5682 1551 5735 ibid.
1623 5682 1667 5713 δ’
1703 5684 1728 5735 il

1826 5725 1832 5738 .
1886 5682 1935 5734 7.
2009 5681 2053 5712 “
2092 5679 2220 5733 ilid.
2296 5677 2337 5708 "
2375 5673 2527 5730 Joan.
2565 5690 2658 5738 ιιι,
2698 5675 2777 5729 15.
2851 5674 2896 5707 ⁸³
2932 5671 3128 5743 Ephes.
3163 5683 3235 5729 tv,
3286 5663 3370 5720 ιο.

221 5755 257 5786 δ’
291 5754 421 5810 Psal.
457 5769 583 5809 xvut
606 5790 620 5810 .
657 5752 708 5803 7.
779 5751 826 5781 ν
864 5749 986 5804 lur.
1022 5766 1126 5815 λιι,
1159 5751 1245 5805 49.
1323 5753 1369 5785 ⁸⁸
1405 5751 1546 5806 Psul.
1582 5767 1702 5814 nx,

1876 5754 1917 5783 η
1958 5750 2081 5806 ibid.
2116 5751 2166 5801 6.
2240 5747 2284 5779 ιι
2318 5745 2457 5800 Psal.
2492 5761 2587 5811 xx,
2621 5744 2675 5803 ει.
