3926 6372
240 404 374 464 “05

765 524 1149 581 ΚΕΦΔΛΑΙΟΝ
1188 528 1245 585 l'.

806 635 1048 704 Ψαιιμοῦ
1090 636 1183 703 ιη’.

302 755 324 790 ι
354 740 463 793 Ούκ
487 744 591 796 alat
616 745 794 800 λαλιαὶ
815 747 933 800 οὐδὲ
965 748 1130 816 λόγοι,
1159 743 1232 803 ὧν
1253 752 1372 821 ούχὶ
1399 752 1675 806 ἀκούονται
1709 754 1764 805 αί

235 830 398 897 φωναὶ
427 832 624 887 αὐτῶν.
651 838 744 898 Εἰς
771 839 946 890 πᾶσαν
966 838 1061 909 τὴν
1091 839 1191 908 γῆν
1224 840 1439 910 ἐξῆλθεν
1472 844 1499 894 6
1536 842 1764 911 φθόγγος

233 918 418 984 αὐτῶν,
454 923 545 974 καὶ
571 926 651 987 είς
681 926 747 979 τὰ
778 927 985 996 πέρατα
1010 928 1109 996 τῆς
1129 930 1443 1001 οἰκουμένης
1472 931 1537 984 τὰ
1554 934 1764 1002 ῥήματα

234 1007 418 1061 αὐτῶν,
467 1030 485 1060 ο
518 1013 792 1085 Ζητοῦμεν
819 1016 974 1069 τίνων
999 1019 1077 1080 εἰς
1100 1019 1274 1070 πᾶσαν
1295 1018 1390 1090 τὴν
1421 1022 1521 1089 γῆν
1549 1021 1762 1091 ἐξῆλθεν

227 1097 254 1148 6
282 1095 529 1166 φθόγγος,
562 1102 654 1153 καὶ
683 1104 749 1155 τὰ
779 1105 991 1175 ῥήματα
1026 1105 1128 1168 ἕως
1158 1106 1265 1160 τῶν
1296 1108 1540 1178 περάτων
1569 1110 1757 1181 τῆςεσ.

234 1186 319 1249 2i,
338 1188 411 1258 νο)
436 1191 774 1264 οίκουμένης,
798 1194 871 1257 ὡς
897 1196 968 1266 μὴ
994 1198 1397 1267 καταλελεῖφθαι
1412 1199 1595 1268 λόγους
1616 1204 1761 1273 παρά

224 1290 326 1327 τισι
351 1277 442 1329 καὶ
471 1277 659 1344 λαλιὰς
688 1283 815 1351 παρ’
842 1278 922 1346 οἷς
953 1286 1049 1337 οὐκ
1083 1285 1422 1357 ὴκούσθησαν
1442 1290 1533 1341 καὶ
1561 1291 1616 1341 αἱ
1643 1289 1760 1343 τού-

220 1378 325 1414 των
352 1367 543 1431 φωναί·
595 1369 707 1421 ἀλλ’
751 1371 848 1423 οὐκ
899 1372 963 1426 ἂν
1001 1372 1107 1441 ἔχοι
1145 1378 1225 1436 τις
1255 1376 1469 1446 ἑτέρους
1505 1379 1758 1443 ἐπιδεῖξαι

221 1451 323 1504 τῶν
350 1456 508 1527 ἱερῶν
530 1459 853 1527 ἀποστόλων,
885 1464 962 1525 είς
983 1463 1076 1526 οὓς
1098 1465 1129 1533 ἡ
1156 1467 1450 1534 προφητεία
1478 1469 1760 1541 πεπλήρω-

218 1557 304 1593 ται
329 1543 611 1615 διαϐοήτου
640 1549 737 1618 τῆς
765 1550 888 1619 περὶ
920 1551 1011 1601 τοῦ
1044 1551 1273 1620 Χριστοῦ
1301 1553 1637 1617 διδασκαλίας
1661 1557 1757 1609 αύ-

217 1632 324 1685 τῶν
358 1637 438 1697 είς
470 1638 648 1691 πᾶσαν
670 1639 763 1709 τὴν
792 1640 879 1692 ὑπ’
903 1640 1121 1712 οὐρανὸν
1140 1643 1447 1714 γενομένης,
1472 1646 1558 1698 ὅτε
1583 1649 1759 1700 ἐνεπι-

214 1724 275 1793 δη
286 1725 510 1793 μοῦντες
532 1728 609 1797 τῷ
634 1729 729 1799 βίῳ
752 1731 884 1800 μετά
902 1733 999 1799 τῆς
1024 1729 1380 1805 συνεργούσης
1399 1737 1576 1801 αὐτοῖς
1599 1739 1755 1793 δυνά-

1235 418 1530 478 ECLOGA:
1568 422 2041 483 PROPHETlCE.
2081 457 2147 468 —-
2182 427 2309 484 LIB.
2345 428 2426 495 IL!

3258 433 3392 490 “06

2484 537 2706 594 CAPUT
2744 540 2785 593 Χ

2267 648 2315 701 Ε
2345 650 2547 717 psalmo
2583 662 2759 705 octavo
2789 652 3000 709 decimo.

1938 776 1957 808 ‹
1994 758 2105 812 Non
2130 761 2528 830 suntloquelas,
2579 777 2750 831 neque
2795 780 3065 820 sermones
3090 805 3104 827 ,
3161 781 3388 836 quorum

1863 864 1968 904 non
2027 850 2314 904 audiantur
2360 867 2515 908 voces
2561 868 2764 907 eorum.
2818 855 2878 907 In
2934 870 3144 910 omnem
3193 865 3389 911 terram

1861 939 2023 993 exivit
2053 954 2219 995 sonus
2266 955 2470 1002 eorum.
2496 950 2549 997 et
2598 943 2651 996 in
2681 942 2811 997 lines
2852 943 2997 998 orbis
3023 954 3175 1000 terra:
3228 946 3387 1001 verba

1860 1042 2044 1083 eorum
2077 1028 2140 1081 “.
2180 1049 2197 1080 ι
2226 1029 2524 1094 Quaerimus
2561 1046 2786 1101 quorum
2836 1033 2889 1087 in
2929 1048 3137 1087 omnem
3189 1043 3386 1090 terram

1860 1119 2021 1171 exivit
2045 1133 2231 1183 sonus,
2258 1122 2525 1190 verbaque
2561 1122 2616 1175 in
2646 1122 2775 1176 lines
2820 1122 2965 1177 orbis
2991 1130 3143 1177 terra;
3165 1163 3181 1187 ,
3213 1141 3279 1180 ne
3305 1141 3386 1180 re-

1860 1207 2167 1275 linquantur
2197 1209 2516 1279 quibusdam
2571 1213 2791 1281 loquelzr
2822 1219 2874 1267 et
2913 1227 3187 1268 sermones
3213 1254 3228 1277 ,
3270 1215 3360 1283 qui

1860 1298 1958 1353 bus
2003 1314 2110 1352 non
2150 1300 2343 1359 auditae
2396 1302 2505 1354 sint
2551 1303 2775 1357 istorum
2818 1319 2995 1357 voces.
3041 1303 3219 1373 Neque
3252 1305 3386 1359 ullos

1859 1387 1988 1441 alios
2019 1388 2317 1444 invenimus
2365 1405 2427 1444 ac
2460 1399 2675 1446 sanctos
2717 1393 3020 1460 apostolos,
3060 1394 3255 1462 quibus
3290 1394 3387 1448 im-

1857 1475 2028 1544 pletur
2080 1477 2358 1546 prophetia
2390 1517 2405 1543 ,
2471 1481 2778 1549 pervulgata
2837 1481 2893 1533 in
2936 1495 3147 1535 omnem
3188 1489 3387 1535 terram

1855 1579 2037 1619 eorum
2070 1566 2138 1621 de
2170 1566 2387 1622 Christo
2413 1568 2687 1630 doctrina,
2734 1584 2855 1623 cum
2885 1572 3031 1625 omni
3057 1572 3166 1625 vita
3215 1587 3369 1641 perer

1856 1663 2054 1721 rantes,
2079 1656 2362 1726 adjuvante
2389 1674 2480 1714 eos
2534 1668 2792 1728 potestate
2830 1660 3033 1725 divina,
3062 1676 3157 1730 per
3178 1663 3388 1717 univer-

1855 1762 1972 1800 sum
1995 1748 2176 1803 orbem
2207 1756 2468 1803 terrarum
2494 1748 2648 1804 ﬁdem
2681 1751 2735 1803 in
2770 1749 3042 1806 Christum
3080 1749 3173 1806 Dei
3201 1751 3389 1820 praedi-

220 1829 362 1882 μεως
388 1814 538 1878 θείας
570 1818 673 1870 ἀνὰ
699 1821 872 1871 πᾶσαν
899 1820 993 1890 τὴν
1013 1823 1326 1894 οἰκουμένην
1354 1828 1648 1896 ἐκήρυσσον
1660 1828 1746 1899 sip

1854 1845 2128 1892 caverunt.
2179 1837 2252 1893 De
2285 1855 2391 1908 quo
2440 1847 2560 1909 post
2610 1841 2979 1910 praavisionem
3028 1814 3388 1911 apostolorum

217 1904 291 1965 εἰς
319 1904 409 1956 τὸν
441 1904 669 1975 Χριστὸν
712 1908 803 1961 τοῦ
841 1909 971 1963 Θεοῦ
1004 1912 1209 1966 πίστιν·
1256 1915 1380 1985 περὶ
1410 1908 1470 1967 οὗ
1503 1916 1635 1985 μετὰ
1658 1920 1746 1990 τὴν

1853 1926 1971 1994 ejus
2003 1904 2412 1994 praedicationis,
2440 1904 2698 1983 continuo
2731 1929 3009 1999 Scriptura
3053 1904 3227 1993 docet,
3247 1931 3387 1999 quod

218 1994 511 2065 πρόρρησιν
556 1998 650 2051 τοῦ
694 2000 799 2052 τῶν
850 2002 1153 2055 ἀποστόλων
1205 2005 1362 2057 αὐτοῦ
1413 2005 1746 2078 κηρύγματος

1858 2034 1876 2067 ι
1916 2015 1969 2069 in
2001 2017 2112 2071 sole
2148 2018 2327 2087 posuit
2362 2018 2766 2073 tabernaculum
2798 2034 2952 2075 suum
2978 2019 3062 2086 υς
3100 2039 3119 2071 ι
3151 2019 3230 2074 sol
3276 2018 3389 2074 deio

214 2081 336 2154 tif};
367 2087 395 2137 6
425 2085 579 2153 λόγος
610 2087 866 2153 διδάσκει,
890 2091 964 2153 ὼς
991 2093 1095 2162 ἄρα
1130 2112 1147 2143 ι
1182 2096 1238 2145 ὲν
1263 2093 1338 2163 τῷ
1362 2095 1492 2166 ἡλίῳ
1520 2097 1667 2151 ἔθετο
1694 2099 1746 2152 τὲ

1850 2114 2011 2161 tatem
2041 2081 2236 2171 innuit,
2262 2109 2316 2161 in
2341 2123 2446 2177 qua
2474 2109 2652 2164 sedem
2682 2124 2842 2165 suam
2877 2116 2930 2164 et
2953 2081 3107 2179 quasi
3141 2111 3389 2166 taberna.

218 2175 469 2243 σκήνωμα
503 2176 672 2229 αὑτοῦ
694 2194 705 2206 ·
746 2197 763 2229 ι
798 2180 945 2249 ἡλίου
968 2181 1248 2251 νοουμένου
1274 2182 1369 2253 τῆς
1389 2184 1654 2255 θεότητος,
1676 2189 1746 2251 είς

1850 2195 2030 2249 culum
2062 2197 2258 2264 posuit,
2288 2175 2370 2252 vel
2398 2197 2542 2267 quod
2568 2214 2631 2254 ex
2664 2198 2883 2269 Virgine
2907 2175 3134 2269 sumpsit
3172 2216 3385 2270 corpus.

216 2263 276 2332 ἢν
302 2263 397 2333 τὴν
427 2264 617 2318 ἑαυτοῦ
657 2266 819 2337 μονὴν
858 2269 951 2321 καλ⁸
1004 2270 1100 2340 τὴν
1145 2271 1302 2324 οἱονεὶ
1351 2276 1746 2343 κατασκήνωσιν

1849 2285 1991 2354 quod
2024 2263 2178 2355 quasi
2208 2263 2609 2343 tabernaculum
2639 2263 2992 2346 erat'divinaz
3023 2263 3302 2359 potestati-5
3333 2291 3387 2346 in

216 2345 374 2411 ιθετο,
424 2350 586 2420 ﬁmi.
632 2353 769 2424 ὅπερ
814 2355 877 2407 ἐκ
916 2355 1015 2435 τῆς
1059 2356 1329 2429 Παρθένου
1377 2359 1529 2412 ἔλασε
1578 2362 1746 2432 σῶμα¹

1849 2345 1913 2427 eo
1946 2345 2326 2444 permanentia.
2371 2376 2470 2432 Hic
2500 2385 2553 2432 et
2589 2396 2607 2430 ‹
2645 2387 2895 2449 tanquam
2923 2345 3155 2450 sponsus
3202 2395 3387 2451 proce-

216 2436 344 2508 ὃπερ
368 2434 433 2508 ἦν
464 2440 707 2513 ὡσπερεὶ
739 2434 995 2514 σκήνωμα
1023 2445 1120 2515 τῆς
1163 2448 1222 2498 ἐν
1250 2448 1396 2519 αὐτῷ
1427 2452 1746 2519 καταμενού-

1848 2434 1981 2518 deus
2006 2465 2073 2520 de
2103 2466 2337 2521 thalamo
2382 2483 2516 2533 suo;
2554 2434 2840 2525 exsultavit
2884 2434 3123 2541 ut'gigas
3164 2434 3232 2524 ad
3261 2485 3387 2525 cur-

215 2542 309 2597 σης
329 2527 473 2592 θείας
495 2530 795 2601 δυνάμεως
827 2524 975 2595 οὗτος
998 2534 1052 2585 δὲ
1082 2536 1173 2587 καὶ
1199 2536 1409 2607 «ὥσπερ
1424 2540 1647 2608 νυμφίος
1669 2543 1753 2594 ὲκ-

213 2620 559 2690 πορσυόμενος
580 2623 645 2674 ὲκ
669 2622 868 2676 παστοῦ
902 2624 1084 2687 αὑτοῦ,
1120 2626 1470 2694 ἠγαλλιάσατο
1491 2629 1563 2692 ὡς
1595 2631 1749 2698 γίγας

213 2709 425 2780 δραμεῖν
447 2714 585 2767 όδόψ
612 2708 725 2767 »οἷα
739 2716 844 2786 γάρ
865 2733 944 2779 τις
970 2719 1195 2787 νυμφίος
1215 2719 1299 2772 διὰ
1322 2722 1417 2791 τὴν
1442 2724 1600 2776 αὑτοῦ
1616 2724 1748 2794 νύμ-

1847 2554 2068 2609 rendam
2092 2555 2230 2610 viam
2259 2556 2324 2610 “.
2361 2576 2379 2608 ι
2418 2557 2488 2613 Ut
2532 2558 2676 2614 enim
2728 2574 2961 2629 sponsus
3012 2560 3082 2614 ob
3128 2575 3384 2629 sponsam

1846 2645 2015 2713 ipsius
2044 2645 2334 2701 Ecclesiam
2364 2663 2394 2701 e
2420 2649 2596 2716 patrio
2617 2663 2913 2719 exsurgens
2946 2650 3065 2704 sinu
3089 2688 3103 2712 ,
3147 2659 3200 2704 et
3230 2649 3383 2718 quasi

1845 2735 2017 2790 virilis
2051 2736 2411 2807 robustusque
2442 2738 2590 2807 gigas
2630 2747 2900 2794 certamen
2926 2740 3027 2795 sibi
3054 2742 3386 2809 propositum

216 2817 313 2870 φην
342 2802 440 2871 τὴν
478 2805 800 2873 Ἐκκλησίαν
828 2808 891 2859 ὲκ
903 2806 1009 2860 τῶν
1032 2809 1305 2879 πατρικῶν
1319 2813 1601 2876 διαναστὰς
1630 2814 1746 2866 κόλ-

1847 2826 2070 2879 certavit
2095 2866 2109 2887 ,
2142 2802 2417 2897 victorque
2435 2802 2468 2891 ,⁷
2498 2802 2553 2884 et
2585 2832 2869 2899 prostratis
2903 2832 3252 2893 adversariis,
3290 2848 3387 2888 ex-

214 2906 339 2955 πων,
373 2893 465 2947 καὶ
503 2896 663 2949 ὁποῖά
707 2912 788 2959 τις
830 2896 986 2964 γίγας
1017 2897 1251 2967 ἀνδρεῖος
1286 2902 1378 2953 καὶ
1423 2902 1631 2972 ἰσχυρός
1657 2903 1745 2955 τὸν

1847 2914 2061 2970 sultavit
2103 2917 2204 2970 tori
2239 2918 2438 2973 sociam
2484 2935 2840 2990 sponsamque
2883 2922 3174 2989 excipiens.
3224 2920 3385 2976 Facu

213 2983 386 3052 ἀγῶνα
407 2984 499 3039 τὸν
529 2986 877 3057 προκείμενον
914 2987 1059 3057 αὐτῷ
1102 2989 1383 3061 διαθλήσας
1400 3032 1414 3055 ,
1442 2995 1661 3064 νικήσας
1687 3011 1744 3047 τε

1847 3014 1924 3060 est
1951 3014 2127 3062 autem
2158 3027 2176 3058 ι
2225 3024 2255 3062 a
2286 3025 2497 3066 summo
2526 3014 2664 3069 caelo
2702 3016 2941 3084 egressio
2980 3014 3100 3082 ejus
3140 3014 3221 3075 “3
3279 3032 3296 3065 ι
3331 3020 3386 3068 οι

214 3074 299 3126 καὶ
318 3076 825 3145 καταγωνισάμενος
864 3077 985 3139 τοὺς
1016 3079 1332 3142 ἀντιπάλους
1350 3121 1364 3143 ,
1390 3083 1744 3150 ἠγαλλιάσατο

1847 3109 2071 3150 rursus:
2108 3116 2125 3147 ι
2185 3096 2251 3150 Et
2291 3115 2551 3157 occursus
2602 3103 2720 3172 ejus
2772 3119 2941 3172 usque
2991 3104 3056 3158 ad
3115 3116 3382 3158 summum

212 3160 299 3231 τὴν
323 3162 487 3214 αὐτοῦ
528 3162 756 3229 σύζυγόν
793 3180 849 3215 τε
884 3165 975 3217 καὶ
1005 3164 1216 3234 νύμφην
1251 3168 1547 3223 ἀπολαϐών
1586 3175 1739 3241 γεγέ-

1847 3183 1954 3250 eius
1982 3184 2066 3250 ’⁸⁸;
2106 3205 2125 3237 ι
2155 3195 2209 3240 et
2244 3206 2257 3240 :
2293 3206 2310 3238 ι
2338 3189 2503 3244 Nemo
2526 3160 2664 3246 alius
2696 3160 2932 3248 ascendit
2962 3194 3012 3246 in
3043 3191 3382 3256 omiummisi

212 3269 356 3322 νηται
375 3254 433 3306 δὲ
451 3253 617 3305 αὐτοῦ
644 3254 735 3306 καὶ
762 3272 780 3304 ι
801 3257 832 3326 ἠ
855 3255 1024 3321 ἔξοδος
1045 3259 1137 3309 ἀπ’
1152 3260 1314 3329 ἄκρου
1340 3260 1431 3312 τοῦ
1455 3261 1697 3333 ούρανοῦ·
1712 3285 1730 3317 ι

212 3344 293 3396 καὶ
304 3345 485 3397 πάλιν·
523 3343 628 3395 «Τὸ
652 3345 963 3416 κατάντημα
988 3347 1147 3400 αὑτοῦ
1178 3349 1279 3412 ἕως
1302 3349 1466 3421 ἄκρου
1496 3355 1654 3408 αὐτοῦ
1674 3373 1687 3387 ο
1714 3375 1732 3407 ι

210 3433 316 3485 ἐπεὶ
353 3452 372 3484 ι
409 3433 485 3502 μὴ
517 3432 561 3483 δ’
593 3425 671 3495 εἷς
692 3432 842 3497 ἄλλος
865 3435 1191 3507 ἀναϐέϐηκεν
1216 3441 1292 3503 είς
1323 3441 1409 3494 τδν
1430 3442 1671 3513 οὐρανὸν,
1692 3449 1738 3501 εί

212 3521 278 3591 μὴ
305 3524 332 3573 6
352 3524 414 3591 ὲκ
442 3521 535 3576 τοῦ
560 3522 617 3573 ού
628 3523 783 3591 ρανοῦ
815 3524 1069 3589 καταϐὰς,
1085 3529 1113 3579 6
1142 3527 1266 3591 Υῐδς
1287 3529 1376 3582 τοῦ
1401 3532 1698 3603 ἀνθρώπου·
1715 3556 1733 3589 ι

209 3611 293 3665 καὶ
310 3612 490 3665 πάλιν·
515 3631 533 3662 ι
557 3612 615 3665 ’0
636 3613 1061 3678 καταϐὰς,αύτός
1081 3619 1193 3670 ὲστι
1211 3620 1298 3672 κα)⁸
1317 3621 1344 3672 6
1365 3621 1563 3687 ἀναϐὰς
1579 3626 1742 3698 ὑπερ-

210 3700 309 3753 άνω
338 3702 554 3754 πάντων
574 3701 679 3755 τῶν
725 3703 984 3773 οὐρανῶν,
1000 3724 1016 3751 ι
1038 3707 1175 3759 κατά
1202 3708 1290 3761 τὸν
1313 3711 1450 3780 ἱερὸν
1491 3714 1739 3769 Ἀπόστο-

207 3790 303 3843 λον·
339 3791 473 3844 ἀλλὰ
501 3809 518 3841 ι
542 3790 652 3843 Καὶ
672 3793 769 3845 οὐκ
797 3792 939 3847 ἐστιν
958 3794 1015 3858 ὃς
1046 3796 1475 3868 ἀωκρυὸήσεται
1503 3802 1598 3870 τὴν
1619 3803 1739 3874 θέρ-

211 3894 307 3947 μην
338 3878 524 3932 αὐτοῦ’
552 3897 571 3928 ι
618 3880 742 3949 περὶ
765 3875 831 3951 ἦς
862 3881 954 3932 καὶ
982 3883 1140 3946 αὐτὸς
1167 3880 1313 3937 εἶπεν
1344 3887 1422 3950 τὸ,
1468 3907 1486 3938 ι
1509 3889 1624 3960 Πῦρ
1645 3887 1738 3959 ἦλ.

1841 3272 1933 3340 qui
1962 3272 2239 3328 descendit
2286 3279 2352 3331 de
2372 3280 2541 3342 caelo,
2574 3279 2739 3335 Filius
2777 3281 3009 3334 hominis
3040 3280 3114 3345 ἰτς
3152 3300 3171 3331 ι
3222 3288 3382 3348 atque

1842 3361 2075 3416 iterum:
2117 3383 2134 3415 ι
2182 3363 2283 3429 Qui
2318 3367 2594 3422 descendit
2618 3408 2633 3430 ,
2680 3366 2792 3438 ipse
2827 3378 2905 3423 est
2932 3379 2987 3423 et
3008 3370 3097 3438 qui
3137 3368 3381 3423 ascendit

1842 3465 2004 3519 super
2028 3466 2211 3508 omnes
2231 3456 2419 3520 cmlos,
2448 3464 2505 3510 ut
2531 3458 2771 3526 impleret
2809 3458 3008 3519 omnia,
3042 3478 3061 3510 ι
3086 3456 3377 3512 secundum

1842 3549 2087 3595 sanctum
2133 3541 2446 3612 Apostolutn
2478 3546 2541 3600 ".
2580 3546 2684 3601 Sed
2716 3558 2767 3602 et
2820 3566 2839 3598 ι
2888 3547 3004 3601 Non
3051 3555 3134 3600 est
3180 3546 3273 3615 qui
3311 3561 3379 3601 se

1841 3629 2136 3685 abscondat
2164 3648 2194 3687 a
2229 3636 2407 3690 calore
2443 3636 2562 3705 ejus
2590 3638 2662 3704 ⁴⁹;
2700 3657 2718 3688 ι
2753 3638 2819 3691 de
2840 3654 2946 3707 quo
2979 3645 3032 3690 et
3064 3637 3178 3705 ipse
3203 3636 3337 3689 dixit
3369 3652 3373 3657 τ

1843 3737 1861 3769 ‹
1900 3719 2075 3790 ignem
2104 3725 2221 3778 veni
2254 3727 2464 3781 mittere
2496 3728 2551 3782 in
2587 3738 2802 3792 terram,
2834 3738 2891 3783 et
2921 3728 3047 3797 quid
3089 3728 3227 3791 volo,
3270 3726 3373 3785 nisi

1838 3817 1896 3861 ut
1926 3813 2251 3869 accendatur
2276 3817 2322 3849 '°
2344 3816 2367 3869 ?
2393 3838 2411 3869 ι
2450 3816 2628 3872 Facile
2656 3819 2827 3873 cuivis
2855 3820 2955 3873 erit
2980 3817 3182 3886 reliqua
3215 3815 3374 3885 hujus

1837 3903 2026 3969 psalmi
2052 3905 2116 3958 ad
2144 3906 2417 3963 Christum
2447 3908 2694 3963 similiter
2721 3907 2940 3963 referre.

208 3968 288 4023 θον
316 3970 494 4073 βίξλεῖν
515 3971 744 4073 ξπὶιτὴν.
761 3973 879 4042 γῆν,
900 3976 992 4028 καὶ
1017 3976 1067 4027 τί
1120 3976 1257 4031 θέλω
1285 3981 1331 4031 εί
1356 3980 1453 4050 ἤδη
1488 3983 1728 4056 ἀνήφθηὶ
1776 4008 1793 4042 δ
1835 3994 2084 4069 Εὐχερῶς
2119 4000 2163 4053 δ’
2187 4002 2252 4055 ἄν
2270 4019 2353 4065 τις
2366 4002 2538 4073 ἑαυτῷ
2564 4002 2768 4065 τούτοις
2798 3996 3067 4069 ἀναλόγως
3094 3997 3375 4071 ἰξιργάσεο

208 4079 286 4116 ται
316 4063 381 4117 τὰ
409 4063 554 4117 κατὰ
583 4065 675 4116 τὸν
689 4065 867 4120 τόπον.

715 4173 1101 4232 ΚΕΦΑΛΑΙΟΝ
1118 4178 1217 4231 lA’.

783 4288 1029 4355 Ψαλμοῦ
1060 4290 1147 4343 ιϐ’.

264 4391 332 4444 T6
357 4394 412 4445 ὲν
440 4393 518 4464 τῷ
547 4394 995 4449 ἐννεακαιδεκάτω
1025 4397 1220 4470 ψαλμῷ
1247 4401 1548 4473 λεγόμενον,
1581 4425 1599 4457 ι
1621 4407 1732 4463 Νῦν

2434 4196 2655 4252 CAPUT
2694 4195 2782 4253 XI.

2246 4307 2296 4360 Ε
2329 4310 2529 4378 psalmo
2572 4310 2767 4363 decimo
2806 4326 2959 4365 nono.

1905 4392 2032 4457 Quae
2058 4394 2110 4449 in
2140 4394 2348 4451 decimo
2386 4414 2531 4453 nono
2580 4399 2787 4469 psalmo
2822 4399 3110 4455 dicuntur:
3150 4420 3168 4453 ι
3219 4401 3373 4458 Nunc

205 4478 358 4549 εγνων
378 4485 459 4537 ὃτι
493 4484 662 4536 ἔσωσε
685 4484 883 4554 Κύριος
910 4486 999 4538 τὸν
1025 4489 1252 4559 Χριστὸν
1278 4492 1460 4557 αὐτοῦ,
1481 4514 1499 4546 ι
1536 4495 1734 4565 ἐμφαί-

1847 4485 2056 4551 :ognovi
2087 4486 2339 4554 quoniam
2381 4488 2583 4543 salvum
2637 4490 2764 4546 fecit
2801 4490 3058 4546 Dominus
3100 4491 3369 4549 Christum

203 4576 406 4634 νείπως
429 4572 521 4625 τοῦ
545 4573 790 4643 Σωτῆρος
811 4576 842 4644 ἡ
851 4573 962 4644 μῶν
997 4576 1166 4655 Ἰησοῦ
1183 4580 1412 4652 Χριστοῦ
1434 4583 1529 4655 τὴν
1554 4585 1617 4637 ὲκ
1637 4585 1730 4639 τοῦ

206 4657 418 4714 θανάτου
449 4664 736 4733 σωτηρίανο
770 4664 913 4734 αὐτῷ
940 4665 1044 4737 γὰρ
1060 4650 1266 4738 είρηται
1290 4673 1381 4725 καὶ
1397 4650 1521 4735 τὸξι
1546 4674 1732 4742 Ἀγαλ-

203 4748 495 4822 λιασὼμεθα
525 4755 582 4804 ὲν
610 4752 685 4823 τῷ
717 4754 961 4825 σωτηρίῳ
993 4772 1103 4809 σου·
1137 4778 1155 4809 ι
1186 4761 1274 4812 καὶ
1294 4761 1386 4814 ὅλα
1416 4762 1471 4814 δὲ
1500 4764 1565 4816 τὰ
1598 4766 1731 4818 κατὰ

201 4837 281 4889 τὸν
308 4842 465 4893 τόπον
492 4841 853 4913 ἐφαρμοσθείη
880 4843 943 4895 ἂν
968 4844 1111 4916 αύτῷ
1134 4846 1229 4916 τῆς
1253 4849 1620 4921 προσηκούσης
1642 4868 1732 4904 τυ-

205 4926 350 4995 χόντα
382 4929 707 4999 ἐξηγήσεως.

710 5040 1092 5093 ΚΕΦΔΛΑΙΟΝ
1114 5042 1213 5098 ΙΒ’.

785 5150 1029 5218 Ψαλμοῦ
1054 5152 1125 5205 κ’.

263 5234 330 5289 T6
362 5239 484 5306 μέν·
518 5256 536 5288 ι
562 5238 750 5308 Κύριε,
773 5240 828 5291 ὲν
847 5242 911 5309 τῇ
937 5240 1158 5311 δυνάμει
1190 5259 1278 5295 σου
1301 5242 1723 5314 εὐφρανθήσεται

206 5323 230 5373 6
261 5322 517 5391 βασιλεὺς,
544 5344 561 5376 ι
589 5327 765 5378 καὶτὰ
792 5326 930 5397 ἑξῆς,
965 5328 1104 5382 εἴποι
1131 5330 1195 5384 ἄν
1215 5348 1298 5393 τις
1327 5331 1418 5383 ἐπὶ
1446 5331 1535 5384 τὸν
1565 5332 1724 5386 Δαυτδ

207 5413 830 5486 ἀναφέρεσθαιδύνασθαιο
857 5419 916 5470 τό
942 5434 1003 5486 γε
1031 5419 1147 5487 μὲν,
1170 5436 1188 5469 ι
1213 5422 1362 5490 Ζωὴν
1383 5420 1615 5490 ᾑτήσατό
1642 5437 1720 5485 σε,

1835 4581 1988 4619 suum
2022 4568 2088 4631 ",
2124 4588 2143 4621 ι
2179 4573 2466 4628 ostendunt
2505 4578 2772 4645 quomodo
2806 4577 3051 4631 Salvator
3079 4587 3259 4633 noster
3282 4578 3371 4634 Je-

1835 4669 1929 4708 sus
1987 4655 2233 4713 Christus
2293 4677 2322 4714 a
2383 4674 2555 4719 morte
2606 4666 2677 4721 sit
2731 4679 2994 4722 servatus.
3046 4666 3178 4721 Huic
3227 4670 3366 4723 enim

1836 4744 2090 4798 dicuntur
2117 4757 2170 4803 et
2204 4749 2288 4802 illa
2315 4770 2328 4805 :
2367 4770 2386 4803 ι
2423 4753 2744 4809 Laetabimur
2774 4757 2827 4811 in
2860 4760 3079 4812 salutari
3108 4767 3200 4812 tuo
3224 4758 3301 4825 “;
3342 4779 3362 4813 ι

1838 4837 2119 4903 exterique
2138 4838 2297 4907 hujus
2329 4844 2517 4916 psalmi
2544 4846 2790 4899 versiculi
2826 4862 2947 4900 cum
2975 4848 3074 4902 hac
3105 4848 3366 4917 interpre-
3416 4871 3425 4880 ·

1832 4927 2030 4981 talione
2057 4930 2254 4997 optime
2289 4941 2613 5002 congruunt.

2411 5041 2635 5133 CAPUOT
2668 5043 2776 5097 Xll.

2315 5150 2359 5204 Ε
2383 5153 2584 5219 psalmo
2620 5154 2878 5209 vicesimo.

1898 5238 2029 5292 Illud
2053 5239 2265 5309 quidem
2294 5259 2307 5295 :
2342 5259 2360 5291 ι
2396 5239 2638 5304 Domine,
2675 5244 2727 5298 in
2755 5246 2953 5299 virtute
2986 5249 3077 5296 tua
3102 5243 3366 5298 lambitur

1830 5345 1921 5383 rex
1950 5329 2017 5393 ⁸³,
2056 5349 2075 5381 ι
2107 5339 2160 5384 et
2180 5337 2369 5385 caetera
2390 5370 2404 5395 ,
2453 5340 2695 5401 spectare
2723 5333 2791 5387 ad
2825 5333 3073 5388 Davidem
3098 5342 3361 5401 possunt;

1830 5420 1942 5473 haec
1971 5434 2136 5474 vero:
2181 5439 2199 5471 ι
2240 5418 2410 5474 Vitam
2442 5422 2590 5491 petiit
2620 5437 2651 5475 a
2694 5430 2767 5487 te,
2803 5431 2856 5478 et
2888 5422 3122 5478 tribuisti
3152 5421 3202 5477 ei
3249 5423 3367 5476 lon-

205 5505 286 5555 καὶ
317 5504 514 5567 ἔδωκας
542 5505 690 5574 αὐτῷ
736 5507 1040 5576 μακρότητα
1072 5507 1285 5579 ἡμερῶν
1309 5512 1387 5572 είς
1414 5509 1581 5562 αἰῶνα
1627 5512 1721 5563 καὶ

1847 5509 2114 5575 ςὶιιιιιίιιειη
2143 5510 2345 5564 dierum
2373 5511 2426 5564 in
2454 5511 2727 5575 sazculum,
2753 5519 2804 5567 et
2854 5513 2908 5567 in
2958 5510 3212 5568 saeculum
3261 5525 3362 5566 sa-

271 5673 311 5757 :
343 5672 479 5757 Psal.
508 5689 676 5757 xviii;
733 5674 812 5757 ιιι
957 5677 1002 5741 δέ
1036 5678 1251 5757 ibid.m6.
1611 5682 1654 5713 "
1690 5683 1746 5757 ibi

1862 5685 1921 5757 A7.
1964 5684 2043 5757 ff
2080 5684 2335 5757 il.id.__‘:
2362 5682 2515 5739 Joan.
2553 5701 2646 5757 m_,
2686 5687 2765 5741 l5.
2839 5688 2885 5720 “
2921 5686 3117 5757 Ephes.
3151 5699 3222 5745 ιν,
3274 5682 3358 5738 10.

207 5738 244 5770 δ’
276 5739 406 5795 Psal.
443 5756 571 5795 xvm
595 5778 608 5797 .
645 5741 694 5792 7.
765 5741 812 5771 ”
851 5738 1114 5812 luant,
1146 5747 1232 5802 49.
1310 5750 1355 5782 ⁸⁸
1392 5747 1532 5804 Psul.
1569 5767 1689 5814 nx,
1737 5738 1785 5807 Ἰ.

1861 5755 1902 5784 ⁸³
1943 5754 2067 5809 ibid.
2102 5757 2152 5806 6.
2227 5755 2270 5785 "
2304 5752 2443 5808 Psal.
2478 5771 2575 5821 xx,
2608 5754 2662 5813 2.
