3926 6360
195 400 328 456 “09

1183 384 1470 447 ECLOGA}
1508 382 1977 443 PROPHETICE.
2016 410 2082 423 —-
2116 379 2243 436 LIB.
2283 376 2347 433 ll.

3216 365 3347 420 1H0

194 515 342 567 λιστα
369 512 475 565 ἀπὸ
500 508 592 564 τοῦ
609 549 622 574 ,
656 529 675 562 ι
695 509 1098 579 Μνησθήσονται
1121 507 1212 561 καὶ
1236 507 1716 576 ἐπιστραφήσονται

1831 501 1962 555 nino
2024 495 2295 570 generatio
2372 498 2638 547 ventura:
2672 497 2725 546 et
2770 469 3166 543 annuntiabunt
3218 478 3343 533 (εωιί

193 603 321 674 πρὸς
343 602 540 672 Κύριον
563 602 734 654 πάντα
759 601 824 653 τά
857 601 1063 671 πέρατα
1094 599 1188 668 τῆς
1215 599 1338 667 γῆς·
1370 597 1461 650 καὶ
1494 609 1723 667 προσκυ-

193 696 430 766 νήσουσιν
451 695 673 748 ἐνώπιον
699 694 855 747 αὐτοῦ
878 695 1042 746 πᾶσαι
1063 693 1119 745 αἱ
1145 690 1362 761 πατριαὶ
1380 689 1484 742 τῶν
1503 690 1685 752 ἐθνῶν,
1699 708 1715 740 ι

196 786 350 856 μέχρι
372 785 486 848 τοῦ,
527 805 544 836 ι
569 785 1008 853 Ἀναγγελήσεται
1029 781 1105 851 τῷ
1133 781 1316 852 Κυρίῳ
1335 780 1492 848 γενεά
1519 782 1551 848 ἡ
1575 781 1724 849 ἐρχο-

197 876 322 946 μένη
338 915 355 940 ,
376 876 469 928 καὶ
487 875 836 944 άναγγελοῦσι
861 875 956 943 τὴν
977 871 1309 940 δικαιοσύνην
1334 871 1492 924 αὐτοῦ
1514 869 1626 938 λαῷ
1647 869 1724 940 τῷ

193 964 588 1034 τεχθησομένῳ,
616 964 672 1015 ὃν
705 963 948 1032 ἐποίησεν
979 963 1006 1012 ὁ
1035 961 1251 1030 Κύριος.
1275 980 1292 1010 ι
1313 959 1724 1030 Παριστάτωσαν

194 1053 297 1122 γάρ
328 1052 422 1123 τὴν
455 1053 574 1105 τότε
607 1054 701 1122 μὲν
737 1051 810 1122 μὴ
844 1051 1181 1120 ὑπάρχουσάν
1215 1067 1297 1101 πω
1329 1049 1514 1116 γενεάν
1535 1087 1550 1111 ,
1580 1048 1724 1117 ἥξειν

192 1140 247 1194 δὲ
268 1142 345 1202 είς
373 1141 628 1210 μέλλοντα
657 1142 840 1210 χρόνον
865 1137 1330 1210 προφητευομένην
1345 1154 1359 1166 ·
1385 1136 1586 1190 καὶτὸν
1608 1135 1728 1206 πρό-

193 1248 338 1301 τερον
375 1231 472 1299 μὲν
506 1231 722 1301 μηδέπω
754 1230 879 1281 ὄντα
906 1229 1050 1290 λαὸν,
1080 1226 1424 1297 τεχθήσεσθαι
1455 1217 1513 1278 δὲ
1538 1227 1592 1278 ἐν
1617 1229 1726 1289 τοῖς

196 1322 478 1390 μετέπειτα
511 1322 717 1390 χρόνοις
741 1317 1140 1390 προορώμενονο
1175 1317 1474 1384 λεγέτωσαν
1499 1333 1555 1368 τε
1582 1316 1632 1368 τί
1663 1316 1727 1368 ἂν

193 1410 388 1462 εἴποιεν
406 1409 638 1479 περὶτῆς
657 1407 743 1460 διὰ
789 1406 940 1476 Ιησοῦ
957 1403 1182 1476 Χριστοῦ
1204 1403 1295 1456 τοῦ
1313 1405 1554 1473 Σωτῆρος
1575 1404 1606 1473 ἡ
1615 1403 1727 1472 μῶν

195 1500 461 1568 συστάσης
487 1501 548 1551 ἐκ
570 1499 782 1551 πάντων
801 1496 904 1548 τῶν
927 1495 1089 1548 ἐθνῶν
1121 1492 1463 1562 Ἐκκλησίας·
1491 1488 1596 1562 ἄρα
1622 1493 1728 1561 γὰρ

192 1592 282 1644 ἐπὶ
312 1594 424 1654 τοῖς
461 1590 728 1650 τοσούτοις
762 1586 983 1655 πλήθεσι
1012 1585 1115 1637 τῶν
1146 1585 1230 1638 διὰ
1260 1583 1348 1636 τοῦ
1382 1582 1612 1651 Χριστοῦ
1640 1583 1728 1634 τὸν

191 1682 295 1736 τῶν
318 1683 452 1734 ὅλων
481 1681 608 1733 Θεὸν
636 1676 1011 1742 ἐπεγνωκότων
1037 1673 1098 1741 (f.
1127 1674 1196 1726 ‘22
1218 1690 1246 1726 ν
1262 1674 1304 1743 ο)
1331 1673 1429 1725 οὐκ
1455 1672 1519 1724 ἂν
1541 1671 1728 1742 ὁμολο-

191 1771 414 1839 γήσαιεν
445 1765 822 1836 πεπληρῶσθαι
855 1764 945 1828 τὸ,
1000 1783 1015 1813 ι
1039 1763 1442 1832 Μνησθήσονται
1483 1762 1574 1813 ml.
1611 1763 1729 1814 ἐπι-

1818 567 2081 660 justitiam
2110 587 2227 656 ejus
2256 582 2450 655 populo
2480 581 2573 652 qui
2601 589 2872 643 nascetur,
2903 589 3064 646 quem
3087 571 3212 626 fecit
3242 567 3348 622 Do-

1821 681 1998 733 minus
2018 678 2082 731 ".
2115 695 2132 727 ι
2186 674 2484 730 Ostendant
2536 670 2677 725 enim
2745 669 3175 738 generationem,
3229 673 3348 729 quae

1822 770 2059 825 nondum
2109 767 2410 828 exstiterat,
2464 762 2620 833 quasi
2682 766 2957 813 venturam
3007 759 3063 809 in
3112 753 3392 830 futurum‘

1823 859 2199 932 prophetizari,
2215 865 2551 925 veteremque
2571 852 2661 923 qui
2685 850 2916 904 nondum
2939 854 3053 902 erat
3071 843 3347 914 populum,

1823 953 2159 1007 nasciturum
2184 951 2238 1003 in
2268 945 2658 1017 posterioribus
2679 942 2806 996 aevis
2841 935 3137 1008 praevideri.
3161 933 3351 986 Dicant

1823 1042 1950 1111 quid
1969 1040 2158 1095 afferre
2182 1039 2392 1108 possint
2415 1036 2480 1091 de
2507 1033 2745 1088 Ecclesia
2765 1044 2860 1099 per
2878 1024 3349 1082 JesumlChristum

1827 1131 2157 1184 Salvatorem
2205 1133 2450 1180 nostrum
2489 1122 2740 1179 omnibus
2801 1117 3052 1188 gentibus
3103 1111 3347 1167 conflata.

1825 1217 2070 1272 Profecto
2104 1215 2243 1270 enim
2268 1215 2323 1268 in
2352 1221 2521 1268 tanta.
2536 1227 2721 1266 eorum
2744 1204 3089 1262 multitudine
3117 1202 3227 1270 qui,
3259 1213 3351 1268 per

1824 1305 2115 1366 Christum,
2153 1309 2424 1364 auctorem
2476 1301 2713 1354 omnium
2762 1297 2926 1351 Deum
2971 1296 3348 1363 cognoverunt,

1825 1410 1931 1449 non
1982 1401 2201 1464 possent
2236 1407 2342 1446 non
2392 1390 2632 1446 confiteri
2675 1388 2803 1442 illud
2855 1372 3127 1454 impletum
3171 1379 3353 1443 fuisse,

1827 1463 2048 1546 scilicet,
2089 1489 2107 1532 ι
2132 1479 2567 1535 Reminiscentur
2594 1484 2647 1530 et
2680 1477 3062 1528 convertentur
3089 1467 3154 1520 ad
3179 1463 3358 1518 Domi-

1827 1589 1954 1627 num
1993 1587 2179 1626 omnes
2212 1570 2344 1624 fines
2368 1577 2558 1632 terrae;
2600 1583 2617 1616 ι
2676 1579 2775 1618 nec
2825 1577 2954 1623 non,
2994 1578 3011 1609 ι
3043 1555 3358 1610 Adorabunt

1828 1663 1880 1715 in
1911 1669 2201 1731 conspectu
2230 1660 2346 1728 ejus
2377 1657 2639 1712 universa:
2678 1652 2893 1706 familiae
2921 1648 3178 1719 gentium.
3215 1664 3231 1695 ι
3266 1643 3360 1698 Ve-

1833 1753 2222 1806 rumenimvero
2276 1749 2406 1804 hora
2467 1753 2547 1801 est
2591 1746 2680 1808 iis,
2706 1743 2796 1812 qui
2829 1751 2972 1795 recte
3026 1751 3213 1806 sapere
3267 1749 3360 1787 vo-

197 1826 584 1927 σέραφήσονται
604 1826 736 1924 πρὸς
752 1826 947 1922 Κύριον
963 1852 1133 1903 πάντα
1145 1826 1214 1902 τὰ
1236 1826 1440 1920 πέρατα
1459 1850 1553 1919 τῆς
1573 1852 1690 1918 γῆς·
1707 1869 1724 1900 ι

1831 1842 1964 1906 lunt,
2007 1839 2339 1910 prophetiam
2404 1837 2557 1891 fateri
2607 1835 2672 1887 ab
2723 1832 2826 1886 alio
2874 1829 3021 1883 nullo
3065 1826 3357 1894 inpletam,

197 1944 284 1998 καὶ
332 1944 422 2006 τὸ,
465 1941 964 2010 ιῐῐροσκυνήσουσιν
1009 1937 1234 1992 ἐνώπιον
1273 1937 1434 1991 αὐτοῦ
1477 1939 1643 1990 πᾶσαι
1674 1941 1729 1990 αἱ

198 2034 413 2105 πατριαὶ
442 2032 550 2086 τῶν
583 2031 764 2085 ἐθνῶν.
789 2049 804 2081 ι
852 2030 1007 2084 Ἀλλά
1044 2030 1149 2101 γὰρ
1175 2030 1294 2100 ῶρα.
1325 2033 1432 2092 τοῖς
1461 2029 1730 2098 εὐγνωμο-

199 2127 302 2176 νεῖν
331 2124 597 2175 εθέλουσιν
617 2162 631 2183 ,
672 2123 768 2174 οὐκ
800 2122 884 2172 ἐπ’
917 2121 1071 2174 ἄλλου
1101 2121 1240 2183 τινὸς
1268 2121 1299 2190 ἦ
1333 2120 1424 2172 ἐπὶ
1456 2120 1611 2189 μόνου
1639 2119 1730 2172 τοῦ

197 2214 390 2284 Κυρίου
419 2213 512 2265 καὶ
541 2213 782 2280 Σωτῆρος
812 2211 963 2281 ἡμῶν
999 2211 1168 2279 Ἰησοῦ
1199 2210 1428 2281 Χριστοῦ
1459 2211 1732 2279 ὁμολογεῖν

197 2301 575 2371 πεπληρῶσθαι
626 2301 722 2370 τὴν
756 2299 1109 2370 προφητείαν,
1155 2293 1214 2352 οὗ
1245 2290 1382 2351 κατά
1407 2299 1504 2368 τὴν
1536 2315 1733 2368 παρου-

199 2393 310 2444 σίαν
339 2389 498 2444 αὑτοῦ
527 2391 669 2460 καὶὴ
698 2390 804 2442 τῶν
827 2390 992 2442 ἐθνῶν
1020 2388 1312 2458 ἐπιστροφὴ
1338 2387 1611 2456 γίγνεσθαι
1639 2388 1734 2456 ἥρ-

201 2472 315 2544 Eat-:0
330 2521 342 2538 .
365 2478 804 2549 παραγενομένης
820 2479 917 2548 τῆς
937 2476 1391 2550 προφητευθείσης
1411 2477 1617 2543 γενεᾶς,
1642 2476 1732 2528 καὶ

198 2571 283 2624 τοῦ
312 2570 437 2624 λαοῦ
475 2571 570 2622 τοῦ
614 2569 960 2638 τεχθήσεσθαι
993 2569 1050 2620 οὐ
1089 2568 1243 2637 μόνον
1277 2565 1503 2619 ἐνταῦθα
1535 2565 1731 2636 προδη-

199 2660 442 2728 λουμένου
463 2699 477 2724 ,
503 2657 638 2710 ἀλλὰ
670 2658 758 2708 καὶ
785 2659 840 2708 ὲν
870 2656 1136 2724 ἐκατόστῳ
1168 2654 1361 2724 πρώτῳ
1392 2653 1588 2723 ψαλμῷ
1606 2693 1620 2717 ,
1647 2653 1733 2706 διὰ

201 2747 316 2808 τοῦ,
354 2766 372 2798 ι
400 2748 664 2816 Γραφήτω
695 2744 828 2815 αῦτη
858 2747 934 2807 εἰς
964 2745 1150 2812 γενεάν
1187 2744 1396 2813 ιέτέραν⁸
1436 2744 1529 2795 καὶ
1557 2743 1680 2805 λαὸς
1707 2744 1734 2793 ὁ

204 2837 498 2906 κτιζόμενος
515 2836 713 2889 αἰνέσει
739 2835 828 2886 τὸν
857 2835 1104 2903 Κύριον.»
1137 2825 1301 2894 Οὗτος
1322 2832 1378 2884 δέ
1405 2833 1517 2885 ἐστι
1533 2833 1656 2902 περὶ
1674 2824 1733 2883 οὗ

203 2927 286 2979 καὶ
307 2928 362 2980 ἐν
393 2926 461 2990 ιζ’
485 2925 670 2996 εἴρητο
687 2963 701 2987 ,
732 2942 749 2973 ι
775 2923 910 2986 Aab;
934 2924 992 2975 ὃν
1016 2924 1112 2974 οὐκ
1127 2922 1291 2990 ἔγνων
1315 2921 1584 2974 ἐδούλευσε
1613 2937 1698 2990 μοι
1716 2935 1731 2952 ο

205 3018 276 3079 είς
301 3016 466 3086 ἀκοὴν
491 3015 651 3068 ὠτίου
680 3013 950 3082 ὑπήκουσέ
979 3029 1096 3081 μου.
1123 3031 1141 3062 ι
1172 3011 1363 3064 Τοῦτον
1388 3007 1476 3063 οῦν
1503 3010 1591 3061 τὸν
1624 3011 1734 3061 Σω-

201 3107 332 3178 τῆρα
359 3111 452 3161 καὶ
477 3107 674 3177 Κύριον
695 3104 868 3174 ἡμῶν,
888 3105 1060 3173 σάρκα
1086 3102 1411 3156 ἀναλαϐόντα
1439 3102 1530 3154 καὶ
1550 3101 1614 3152 δι’
1639 3101 1733 3152 αύ-

205 3198 292 3267 τὴν
338 3216 356 3248 ι
385 3195 639 3265 σκώληκα
659 3211 678 3244 ι
733 3210 832 3263 χρη
843 3191 1165 3260 ματίσαντα,
1207 3211 1223 3241 ε
1252 3191 1485 3252 Ὄνειδός
1545 3206 1604 3241 τε
1636 3191 1730 3242 άν-

202 3287 422 3358 θρώπων
463 3284 744 3353 γενόμενον
785 3281 875 3334 καὶ
912 3281 1238 3350 ἐξουδένωμα
1264 3277 1392 3332 λαοῦ
1413 3317 1427 3341 ,
1461 3278 1656 3340 πάντες
1684 3277 1734 3330 οἱ

204 3375 518 3446 θεωροῦντες
555 3390 620 3443 με
660 3372 1111 3442 ἐξεμυκτήρισαν,
1133 3391 1152 3424 ι
1209 3371 1434 3441 μάλιστα
1483 3369 1619 3422 κατὰ
1645 3367 1735 3420 τὸν

205 3467 380 3537 καιρὸν
410 3463 502 3517 τοῦ
537 3463 768 3526 πάθους,
800 3463 886 3515 ὅτε
929 3462 1034 3515 τῶν
1074 3462 1130 3513 ἐν
1167 3463 1230 3530 τῇ
1263 3457 1558 3530 προφητεία
1589 3457 1736 3521 τέλος

209 3555 448 3624 ἰσχόντων
472 3555 518 3605 oi
552 3552 1041 3623 παραπορευόμενοι
1062 3549 1435 3619 ἐϐλασφήμουν
1462 3546 1618 3600 αὐτὸν
1645 3547 1736 3600 καὶ

208 3647 400 3715 ὲμυκτή
411 3644 553 3714 ριζον
572 3643 811 3710 λέγοντες
834 3681 848 3704 ,
875 3661 892 3692 ι
908 3627 1126 3703 ’Ᾰλλους
1150 3639 1335 3702 ἔσωσε,
1372 3637 1594 3715 σωσάτω
1612 3637 1734 3689 ἐαυ-

207 3736 286 3788 τόν
301 3754 312 3765 ·
337 3754 356 3786 ι
385 3714 504 3787 τότε
525 3734 582 3786 δὲ
607 3734 700 3786 καὶ
724 3753 740 3784 ι
764 3734 1053 3803 Ἐλάλησαν
1075 3734 1131 3784 ἐν
1155 3731 1350 3801 χείλεσι
1375 3714 1466 3784 καὶ
1486 3729 1736 3799 ἐκίνησαν

210 3824 431 3895 κεφαλὴν
453 3843 471 3874 ι
505 3823 709 3876 ἑαυτῶν
735 3825 852 3877 κατ’
879 3821 1037 3875 αὑτοῦ
1054 3838 1067 3852 ·
1099 3821 1276 3884 αὐτοῖς
1309 3823 1538 3892 ῥήμασιν
1564 3823 1737 3874 εἰπόνο

209 3928 288 3976 τες
305 3913 381 3972 τὸ,
418 3931 436 3962 ι
463 3913 724 3965 Ἠλπισεν
740 3913 829 3964 ἐπὶ
850 3911 1068 3982 Κύριον,
1097 3911 1342 3980 ῥυσάσθω
1365 3911 1541 3973 αὑτὸν,
1569 3911 1738 3964 σωσά-

209 4017 277 4052 τω
301 4003 474 4070 αὑτὸν,
504 4005 585 4055 ὅτι
601 4001 741 4054 θέλει
769 4001 956 4054 αὐτόν’
980 4019 997 4051 ι
1029 4000 1165 4052 αὐτὰ
1192 4000 1296 4070 γὰρ
1322 4000 1384 4070 δὴ
1411 4001 1579 4054 ταῦτα
1599 3999 1740 4053 κατὰ

210 4090 262 4142 τὸ
285 4092 446 4154 πάθος
471 4090 714 4162 εἰρῆσθαι
743 4091 827 4142 ἐπ’
845 4089 989 4158 αὐτῷ
1021 4091 1077 4142 ἐν
1103 4092 1211 4152 τοῖς
1245 4089 1586 4156 Εὐαγγελίοις
1611 4091 1739 4142 άνα-

211 4177 514 4250 γέγραπται.
579 4179 758 4247 Τούτῳ
790 4175 880 4231 οὖν
917 4179 1008 4231 καὶ
1055 4177 1196 4246 μόνῳ
1237 4177 1368 4246 πρὸς
1409 4178 1498 4230 τὸν
1526 4177 1739 4246 Πατέρα

213 4267 374 4336 λέγειν
393 4270 618 4342 ἁρμόζει
646 4288 662 4319 ι
677 4269 794 4320 Ὅτι
821 4269 882 4320 σὺ
905 4266 993 4319 εἷὸ
1015 4266 1289 4330 ἐκσπὰσας
1317 4284 1381 4336 με
1397 4268 1459 4320 ἐκ
1477 4268 1704 4337 γαστρός
1720 4285 1732 4298 ·

213 4359 241 4426 ἡ
262 4359 403 4423 ἐλπίς
425 4378 523 4429 μου
542 4360 648 4414 ἀπὸ
672 4359 883 4428 μαστῶν
903 4358 999 4426 τῆς
1027 4358 1225 4428 μητρός
1241 4373 1338 4427 μου
1359 4374 1372 4387 ο
1393 4358 1484 4409 ἐπὶ
1505 4357 1562 4409 σὲ
1585 4360 1744 4427 ἐπερο

217 4447 362 4519 ρίφην
401 4451 464 4502 ἐκ
511 4453 747 4520 μήτρας⁸
786 4450 848 4500 ἐκ
876 4447 1076 4508 κοιλίας
1112 4448 1308 4518 μητρός
1343 4464 1440 4515 μου
1472 4447 1601 4509 Θεός
1633 4464 1733 4516 μου
1767 4500 1772 4503 ι

1829 1933 1934 1987 nisi
1964 1947 1993 1984 a
2023 1932 2137 1986 solo
2170 1929 2394 1983 Domino
2425 1933 2478 1982 et
2505 1925 2781 1979 Salvatore
2825 1929 3011 1975 nostro
3041 1915 3167 1971 Jesu
3201 1913 3359 1969 Chri-

1830 2030 1937 2086 sto,
1965 2023 2120 2092 cujus
2145 2035 2239 2088 per
2264 2017 2685 2072 incarnationem
2720 2011 2920 2080 incepit
2965 2007 3199 2080 gentium
3229 2019 3360 2058 con-

1831 2112 2025 2176 versio,
2093 2109 2503 2180 superveniente
2561 2103 2916 2176 praenuntiata
2981 2097 3358 2169 generatione.

1829 2217 1929 2257 nec
1979 2216 2086 2255 non
2151 2201 2346 2270 pepulo
2398 2199 2489 2268 qui
2541 2196 2847 2251 nasciturus
2892 2205 2997 2244 non
3039 2189 3211 2242 solum
3273 2185 3360 2239 hic

1831 2293 2120 2364 praedictus
2146 2297 2249 2353 est,
2283 2290 2376 2344 sed
2410 2295 2464 2342 et
2507 2287 2561 2340 in
2591 2283 2883 2339 centesimo
2924 2280 3095 2350 primo
3133 2277 3358 2347 psalmo,

1831 2385 1916 2438 his
1934 2381 2112 2438 verbis
2143 2397 2156 2434 :
2194 2398 2212 2431 ι
2251 2378 2569 2433 Scribantur
2587 2376 2701 2429 hazc
2726 2374 2779 2426 in
2807 2370 3149 2442 generatione
3168 2369 3356 2430 altera,

1830 2479 1883 2527 et
1913 2471 2159 2542 populus,
2191 2469 2283 2539 qui
2316 2468 2608 2526 creabitur,
2654 2461 2892 2516 laudabit
2929 2460 3208 2514 Dominum
3231 2459 3292 2512 η.
3334 2475 3354 2509 ι

1831 2561 1930 2616 Hic
1989 2567 2071 2616 est
2123 2560 2189 2613 de
2249 2573 2357 2629 quo
2401 2565 2455 2612 et
2497 2557 2552 2611 in
2591 2557 2796 2612 decimo
2843 2553 3068 2622 septimo
3116 2549 3355 2604 dicitur:

1837 2669 1856 2702 ι
1894 2649 2154 2720 Populus,
2184 2663 2344 2718 quem
2395 2664 2501 2700 non
2534 2647 2759 2717 cognovi
2786 2685 2800 2708 ,
2848 2643 3067 2700 servivit
3096 2640 3230 2694 mihi
3261 2658 3284 2693 :_
3304 2640 3359 2693 in

1832 2740 2018 2794 auditu
2060 2739 2206 2794 auris
2256 2738 2490 2792 obedivit
2541 2738 2669 2790 mihi
2691 2739 2754 2792 ‘9.
2786 2754 2805 2788 ι
2851 2734 3005 2788 Hunc
3055 2732 3214 2802 igitur
3246 2728 3364 2783 Sal—

1832 2840 2063 2885 vatorem
2081 2835 2134 2884 et
2160 2827 2440 2882 Dominum
2469 2837 2736 2889 nostrum,
2753 2840 2914 2879 carne
2928 2829 3198 2890 suscepta,
3223 2818 3364 2872 ideo-

1831 2937 1936 2992 que
1965 2937 2183 2976 vermem
2219 2917 2868 2986 vocatum,¢opprubrium
2892 2913 3168 2969 hominum
3197 2919 3252 2966 et
3277 2910 3366 2962 ab-

1828 3013 2112 3081 jectionem
2143 3010 2314 3079 plebis
2347 3028 2358 3061 :
2390 3023 2577 3062 omnes
2627 3007 2870 3061 videntes
2909 3019 3014 3066 me,
3063 3002 3366 3057 deriserunt

1835 3119 1917 3156 me
1937 3102 2004 3164 ⁷ο,
2039 3121 2058 3153 ι
2091 3099 2391 3169 ρταιεοτιίιη
2435 3098 2487 3150 in
2517 3097 2787 3165 passionis
2828 3105 3082 3162 tempore,
3105 3107 3229 3146 cum
3251 3090 3362 3151 isti.

1833 3191 1923 3259 qui
1950 3190 2086 3242 hanc
2107 3190 2456 3258 impleverunt
2479 3187 2829 3256 prophetiam,
2855 3191 3194 3238 transeuntes
3217 3182 3360 3236 blasr

1839 3277 2160 3348 phemabant
2209 3290 2329 3330 eum
2371 3285 2424 3329 et
2476 3273 2786 3327 deridebant
2827 3271 3105 3324 dicentes:
3155 3287 3172 3316 ι
3219 3267 3365 3321 Alios

1834 3370 2009 3425 salvos
2042 3367 2184 3430 fecit,
2229 3381 2286 3421 se
2329 3365 2534 3420 salvum
2566 3361 2806 3424 faciat",
2842 3379 2861 3411 ι
2907 3369 3033 3412 tunc
3065 3365 3119 3411 et
3149 3377 3166 3408 ι
3199 3358 3364 3411 locuti

1835 3469 1960 3514 sunt
1983 3457 2140 3511 labiis
2173 3463 2226 3510 et
2271 3457 2561 3508 moverunt
2589 3457 2750 3517 caput
2771 3451 2814 3480 ⁷²
2849 3466 2867 3500 ι
2903 3462 3060 3502 suum
3108 3447 3365 3499 adversus

1833 3565 1997 3613 eum;
2027 3547 2201 3602 verbis
2259 3543 2448 3602 iisdem
2487 3541 2811 3596 dicenteszc
2847 3536 3092 3607 Speravit
3146 3535 3198 3588 in
3258 3535 3365 3587 Do.

1837 3639 2003 3701 mino,
2038 3636 2370 3706 eripiateum
2400 3652 2412 3687 :
2443 3633 2648 3686 salvum
2702 3629 2865 3684 faciat
2911 3642 3033 3683 eum
3059 3664 3074 3689 ,
3111 3623 3362 3694 quoniam

1834 3727 1946 3781 vult
1975 3725 2178 3780 eum".
2217 3742 2234 3773 ι
2271 3721 2404 3774 Huic
2451 3719 2614 3789 igitur
2679 3718 2777 3772 soli
2823 3716 2887 3770 ad
2937 3715 3148 3768 Patrem
3187 3714 3365 3766 dicere

1837 3816 2106 3878 convenit,
2139 3832 2157 3864 ‹
2192 3812 2453 3879 Quoniam
2484 3820 2539 3864 tu
2566 3825 2660 3871 es,
2687 3809 2777 3877 qui
2816 3805 3098 3862 extraxisti
3162 3818 3246 3856 me
3299 3800 3368 3856 de

1835 3915 2056 3961 ventre:
2093 3918 2214 3972 spes
2241 3917 2357 3957 mea
2404 3902 2472 3955 ab
2514 3899 2773 3954 uberibus
2813 3897 3002 3951 matris
3039 3908 3186 3948 meae.
3224 3892 3283 3946 In
3313 3898 3366 3945 te

1836 3996 2104 4064 projectus
2125 4007 2242 4048 sum
2263 4007 2329 4046 ex
2351 3998 2503 4045 utero
2525 4008 2540 4044 ι
2563 3989 2629 4044 de
2649 3995 2833 4044 ventre
2859 3987 3046 4041 matris
3075 4000 3204 4039 mea:
3227 3983 3367 4038 Dens

1837 4099 1987 4138 meus
2023 4098 2082 4138 es
2111 4081 2250 4135 tu“.
2291 4100 2309 4132 ι
2350 4078 2615 4134 Praeterea
2639 4078 2794 4132 docet
2835 4091 2935 4131 nos
2963 4074 3200 4144 psalmus
3222 4070 3366 4140 quod

1835 4173 2075 4245 quaedam
2123 4172 2465 4242 nequissima:
2491 4179 2543 4225 et
2570 4169 2694 4224 fera:
2719 4176 3009 4238 potestalcs
3046 4163 3269 4219 insidias
3316 4162 3368 4217 ei

1837 4270 2166 4327 struxerunt,
2191 4264 2256 4318 de
2284 4263 2480 4332 quibus
2508 4262 2640 4316 dicit
2668 4281 2680 4315 :
2715 4278 2732 4311 ι
2761 4255 3242 4314 Circumdederunt
3282 4269 3369 4307 me

1837 4355 1985 4408 vituli
2018 4354 2193 4417 multi,
2221 4353 2363 4405 tauri
2396 4353 2621 4422 pingues
2664 4349 2991 4404 obsederunt
3011 4361 3095 4400 me
3115 4346 3191 4408 7";
3235 4361 3252 4394 ι
3287 4342 3371 4396 di-

1837 4445 1910 4499 cit
1967 4443 2126 4498 etiam
2177 4442 2243 4498 de
2284 4441 2724 4495 circumcisorum
2784 4436 3061 4507 Synagoga
3113 4431 3369 4486 adversus

216 4532 259 4588 εἴ
281 4539 359 4591 σύ.
387 4559 404 4591 ι
438 4539 579 4610 Πλὴν
608 4539 698 4590 ἐπὶ
728 4537 930 4598 τούτοις
955 4539 983 4588 ό
1012 4536 1164 4603 λόγος
1190 4539 1332 4606 ἡμᾶς
1366 4536 1625 4599 παιδεύει,
1658 4537 1732 4600 ὡς

1835 4551 1953 4590 eum
1979 4525 2245 4588 concitata
2277 4549 2288 4582 :
2320 4552 2338 4583 ι
2375 4529 2854 4588 Circumdederunt
2876 4543 2959 4582 me
2982 4541 3143 4580 canes
3165 4522 3318 4577 multi
3353 4538 3367 4575 :

217 4623 309 4691 ἄρα
336 4627 424 4678 καὶ
463 4626 714 4695 δυνάμεις
742 4624 968 4695 πονηραί
992 4640 1131 4686 τινες
1159 4626 1249 4677 καὶ
1273 4624 1548 4696 θηριώδεις
1575 4626 1733 4695 ἐνήρ-

221 4729 372 4783 γησαν
392 4717 488 4786 τὴν
526 4718 642 4770 κατ’
669 4715 826 4768 αὑτοῦ
859 4714 1139 4785 ἐπιϐουλὴν
1158 4754 1172 4778 ,
1214 4715 1278 4767 δι’
1303 4715 1366 4778 ἃς
1391 4718 1483 4768 καὶ
1509 4717 1730 4784 ἔφασκε,

223 4803 687 4875 (Περιεκύκλωσάν
729 4823 792 4876 με
839 4805 1020 4876 μόσχοι
1067 4807 1280 4859 πολλοί·
1325 4805 1510 4876 ταῦροι
1554 4806 1733 4868 πίονες

221 4897 483 4965 περιέσχον
533 4914 626 4965 με·
652 4914 670 4947 ι
721 4897 813 4948 καὶ
846 4898 968 4966 περὶ
1002 4896 1098 4965 τῆς
1138 4895 1496 4964 ὲπισυστάσης
1527 4880 1731 4948 δὲγκατ’

222 4983 365 5038 αὑτοῦ
387 4990 446 5040 ὲκ
465 4989 754 5059 περιτομῆς
776 4987 1095 5055 Συναγωγῆς
1117 5003 1275 5056 φησιν
1294 5025 1308 5048 ,
1333 4987 1410 5038 ὅτι
1438 5005 1455 5035 ι
1479 4985 1734 5038 Ἑκύκλω-

222 5073 308 5125 σάν
339 5093 400 5144 με
426 5077 582 5140 κύνες
612 5079 819 5131 πολλοί·
857 5075 1137 5145 συναγωγὴ
1169 5074 1606 5145 πονηρευομὲνων
1638 5091 1733 5125 πε-

224 5161 414 5234 ριέσχον
455 5182 537 5234 με·
566 5163 706 5221 οῦτοι
731 5168 786 5219 δὲ
803 5168 892 5219 καὶ
919 5165 1127 5236 ὤρυξαν
1152 5165 1211 5216 ού
1242 5164 1422 5234 μόνον(
1444 5163 1538 5224 τὰς
1553 5166 1734 5232 χεῖρας

225 5251 547 5324 ιύτοῦ,,ἀλλὰ
595 5259 684 5310 καὶ
707 5258 832 5317 τοὺς
847 5256 1039 5318 πόδας·
1076 5274 1095 5307 ι
1124 5255 1178 5324 ἢ,
1218 5254 1354 5306 κατά
1367 5253 1456 5305 τὸν
1489 5253 1730 5316 Ἀκύλαν,

230 5339 482 5411 «ᾔσχυναν
501 5385 514 5406 ,
540 5365 556 5395 ι
588 5348 826 5416 φήσαντα
845 5385 859 5406 ,
897 5365 914 5396 ι
937 5346 1168 5416 ᾔσχυναν
1192 5346 1373 5415 χεῖράς
1403 5361 1500 5414 μου
1524 5345 1614 5396 καὶ
1641 5344 1734 5396 πός

228 5426 308 5490 δας
337 5449 458 5499 μου·
487 5453 505 5484 ι
534 5435 562 5485 ὃ
584 5436 674 5487 καὶ
709 5435 918 5506 άληθῶς
939 5434 1186 5503 ἐτελέσθη
1211 5473 1226 5496 ,
1262 5435 1348 5487 ὅτε
1372 5433 1735 5504 κρεμάσαντες

1837 4624 2120 4678 concilium
2174 4623 2578 4692 malignantium
2633 4619 2842 4674 obsedit
2884 4632 3008 4670 me:
3048 4615 3296 4668 foderunt
3346 4630 3364 4663 ι

1838 4730 1942 4770 non
2005 4721 2214 4766 tantum
2269 4731 2286 4764 ι
2343 4726 2535 4766 manus
2602 4724 2787 4770 meas,
2825 4725 2842 4757 ι
2895 4706 2986 4761 sed
3039 4723 3056 4755 ι
3095 4711 3148 4757 et
3208 4701 3372 4771 pedes

1837 4820 1983 4860 meos
2001 4804 2074 4868 ἠς
2110 4822 2128 4854 ι
2164 4805 2265 4864 vel,
2312 4801 2604 4857 secundum
2632 4799 2874 4868 Aquilam
2901 4834 2917 4858 ,
2956 4813 2974 4844 ι
3015 4792 3371 4847 dedecorave-

1837 4900 1980 4954 runt,
2013 4912 2032 4943 ι
2068 4893 2164 4955 ait,
2209 4912 2225 4942 ι
2256 4892 2712 4945 dedecoraverunt
2759 4899 2949 4939 manus
2965 4897 3110 4937 meas
3133 4889 3186 4936 et
3208 4879 3370 4950 pedes

1836 5000 2022 5039 meos:
2053 5003 2074 5037 ι
2113 4981 2254 5052 quod
2281 4990 2335 5034 et
2362 4993 2487 5032 vere
2515 4977 2762 5032 eifectum
2794 4983 2898 5038 est,
2936 4987 3058 5026 cum
3091 4971 3236 5040 ligno
3267 4968 3373 5022 alii-

1835 5083 2020 5146 gentes
2042 5088 2162 5128 eum
2206 5072 2372 5125 clavis
2399 5070 2518 5137 ejus
2547 5079 2844 5134 manusque
2881 5062 3152 5132 pedesque
3197 5059 3372 5130 perfo-

1837 5170 2109 5228 raverunt,
2157 5170 2211 5216 et
2244 5160 2526 5230 pulchrum
2563 5155 2802 5226 quidem,
2844 5152 2890 5207 si
2928 5150 3050 5220 quis
3097 5156 3372 5218 expeteret

1836 5261 1896 5307 ut
1925 5251 2199 5320 Scriptura
2241 5248 2560 5317 probaretur
2596 5241 2738 5313 quod
2771 5238 3019 5294 Christus
3060 5240 3214 5290 cruci
3245 5252 3393 5330 ευρ·ζ

1837 5341 2052 5413 plicium
2100 5353 2361 5408 passurus
2406 5336 2694 5405 praedictus
2727 5339 2832 5398 est,
2873 5331 3015 5384 inter
3058 5327 3166 5380 alia
3210 5326 3376 5380 docu-

1838 5419 2013 5485 menta
2035 5435 2086 5485 et
2114 5428 2242 5482 illud
2265 5426 2454 5482 afferre
2479 5445 2491 5480 :
2525 5443 2542 5476 ι
2582 5421 3020 5480 Perforaverunt,
3050 5435 3069 5467 ι
3099 5422 3156 5470 et
3177 5417 3377 5483 potius.

291 5607 332 5638 "
368 5608 637 5677 Psal.xxt,
662 5613 747 5667 32.
822 5613 865 5644 ⁸⁸
905 5611 1043 5667 Psal.
1078 5625 1160 5670 cr,
1197 5608 1302 5677 19._
1357 5601 1732 5677 “fsgluxvrl,

1831 5606 1863 5677 5-.
1906 5603 2159 5677 31⁵8³).
2195 5621 2317 5670 1m,
2355 5605 2405 5671 7,
2435 5605 2485 5660 8.
2559 5604 2601 5634 "‘
2644 5600 2773 5656 Luc.
2811 5612 2981 5658 um,
3021 5591 3091 5647 55
3139 5628 3153 5645 .
3191 5586 3384 5644 “Psal.

234 5679 425 5739 m,s.
497 5680 541 5711 η
582 5667 706 5735 ibid.
737 5682 786 5736 9.
863 5681 906 5712 τι
945 5679 1073 5734 ibid.
1110 5667 1206 5735 ιο.
1248 5674 1334 5730 u.
1408 5671 1469 5738 τι,
1493 5667 1623 5726 ibid.
1659 5671 1728 5726 ιδ

1831 5675 1867 5708 ’⁵
1905 5673 2032 5732 ibid.
2075 5673 2159 5728 18.
