3926 6378
174 405 310 459 1113

695 524 1076 579 ΚΕΦΛΛΔΙΟΝ
1113 524 1212 577 IE'.

741 632 985 702 Ψαλμοῦ
1011 630 1163 702 ρμᾰ.

238 718 349 771 Καὶ
381 718 443 772 τὸ
478 721 666 776 ἐνθάδε
712 722 995 792 λεγόμενον
1018 760 1032 783 ,
1064 740 1082 773 ι
1129 721 1255 791 Ἐμέ
1293 719 1609 791 ὑπομενοῦσι
1654 720 1721 772 δί-

178 825 312 860 καιοι
338 810 446 872 ἕως
487 807 551 865 οῦ
592 811 896 881 ἀνταποδῷς
925 827 1032 880 μοι,
1074 829 1090 860 i
1125 810 1295 861 ἔοικεν
1332 811 1393 860 ἐκ
1435 806 1719 877 προσώπου

180 895 422 963 λέγεσθαι
463 899 561 952 τοῦ
593 880 853 970 Σωτῆροςέ
899 898 1016 950 τίνα
1064 896 1170 967 γὰρ
1205 895 1357 949 ἄλλον
1404 894 1721 964 ὑπομενοῦσι

179 986 368 1039 δίκαιοι
412 987 521 1050 ἕως
570 981 631 1041 οῦ
671 986 941 1056 ἀνταποδῷ
985 984 1128 1055 αὐτῷ
1169 985 1197 1036 ό
1239 984 1384 1047 Θεὸς,
1419 983 1452 1053 ἢ
1501 984 1719 1049 τοῦτον;

186 1071 338 1128 Ἐπεὶ
370 1075 558 1139 καθὼς
590 1077 800 1148 εἴρηταί
850 1093 947 1128 που
986 1075 1109 1144 περὶ
1148 1073 1253 1125 τῶν
1284 1073 1445 1125 πάλαι
1482 1073 1719 1136 δικαίων,

179 1165 249 1227 ὡς
279 1166 387 1235 ἄρα
425 1185 444 1216 ι
485 1166 931 1237 Μαρτυρηθέντες
960 1165 1056 1217 οὐκ
1096 1163 1410 1232 ἐκομίσαντο
1435 1164 1529 1225 τὰς
1558 1166 1723 1231 ἐπαγ-

185 1254 381 1323 γελίας,
408 1253 506 1306 τοῦ
534 1255 667 1308 Θεοῦ
700 1253 939 1325 κρεῖττόν
956 1270 1007 1305 τι
1042 1252 1162 1321 περὶ
1188 1250 1339 1320 ἡμῶν
1361 1250 1726 1322 προϐλεψαμέ-

182 1359 264 1395 νου
290 1344 379 1395 ἵνα
416 1343 493 1413 μὴ
535 1344 700 1413 χωρἰς
737 1341 890 1411 ήμῶν
930 1340 1295 1394 τελειωθῶσιν.
1335 1359 1355 1391 ι
1382 1340 1546 1409 Δῆλον
1574 1340 1616 1391 δ’
1643 1341 1723 1392 ὅτι

181 1431 338 1484 αὑτὸν
365 1435 469 1501 ὁρᾷ
506 1433 569 1485 τὸ
612 1432 768 1504 ῥητὸν
792 1432 897 1485 ἀπὸ
920 1429 1011 1483 τοῦ
1054 1431 1145 1483 καὶ
1181 1429 1250 1481 τὰ
1282 1429 1418 1482 κατά
1457 1429 1518 1481 τὸ
1557 1428 1724 1490 πάθος

180 1521 341 1573 αὐτοῦ
377 1524 437 1573 ἐν
473 1520 553 1590 τῷ
580 1520 775 1590 ψαλμῷ
826 1518 1124 1581 ἀκολούθως
1145 1520 1260 1580 ταῖς
1304 1516 1486 1580 ἄλλαις
1516 1533 1722 1587 προφη-

180 1612 347 1673 τείαις
400 1610 896 1683 προσημαίνεσθαι’
955 1609 1252 1679 γέγραπται
1275 1606 1424 1675 γοῦν,
1459 1625 1479 1656 ‹
1528 1606 1724 1675 Ἐκχεῶ

180 1700 412 1754 ἐνώπιον
452 1700 617 1754 αὐτοῦ
648 1699 743 1770 τὴν
791 1699 966 1769 δέησίν
1000 1715 1117 1769 μου,
1150 1697 1246 1767 τὴν
1283 1696 1455 1765 θλίψιν
1499 1712 1596 1766 μου
1643 1697 1723 1747 ἐν-

181 1789 350 1841 ώπιον
375 1788 543 1840 αὐτοῦ
566 1786 869 1855 ἀπαγγελῶ.
902 1789 985 1839 Ἐν
1012 1786 1087 1856 τῷ
1110 1785 1372 1838 ἐκλείπειν
1413 1783 1471 1848 ἐξ
1509 1783 1639 1853 ἐμοῦ
1661 1784 1723 1835 τὸ

184 1878 399 1947 πνεῦμά
433 1895 559 1947 μου,
591 1878 683 1930 καὶ
720 1877 782 1929 σὺ
812 1876 978 1944 ἔγνως
1007 1878 1102 1940 τὰς
1131 1874 1343 1946 τρίϐους
1376 1892 1473 1944 μου
1494 1890 1506 1904 ·
1532 1876 1586 1926 ἐν
1624 1873 1726 1943 ὀδῷ

187 1966 374 2037 ταύτῃ,
500 1965 856 2036 ἐπορευόμην,
901 1963 1138 2035 ἔκρυψαν
1182 1963 1378 2030 παγίδα
1428 1977 1547 2031 μοι·
1579 1981 1597 2012 ι
1635 1961 1727 2014 κα)⁸

193 2061 362 2123 πάλιν,
386 2079 405 2110 α
435 2061 627 2114 Ῥῦσαί
646 2078 709 2131 με
726 2062 789 2113 ἐκ
806 2061 911 2112 τῶν
929 2059 1356 2112 καταδιωκόντων
1378 2075 1463 2128 με.
1484 2058 1542 2121 (Γ.
1566 2059 1636 2111 23
1651 2061 1724 2126 v°)

188 2153 262 2204 ἔτι
313 2151 761 2223 ἐκραταιὼθησαν
812 2149 947 2220 ὑπὲρ
1002 2150 1119 2220 ἐμέ.
1161 2169 1179 2200 ι
1212 2149 1427 2211 Τούτοις
1470 2149 1594 2219 eam
1634 2149 1727 2201 καὶ

190 2237 311 2313 περὶ
350 2241 451 2310 τῆς
503 2243 569 2294 ἐκ
610 2241 813 2311 νεκρῶν
857 2241 1192 2302 ἀναστάσεως
1240 2239 1399 2305 αὐτοῦ
1447 2239 1728 2308 εὐχόμενός

190 2345 366 2400 φησιν’
396 2346 417 2380 r
461 2328 721 2396 Ἐξάγαγε
754 2329 815 2379 ἐκ
856 2327 1095 2397 φυλακῆς
1140 2326 1237 2395 τὴν
1268 2324 1440 2394 ψυχήν
1486 2341 1603 2394 μου,
1634 2323 1726 2375 τοῦ

190 2416 677 2488 ἐξομολογήσασθαι
704 2416 780 2486 τῷ
807 2415 1023 2486 ὀνόματί
1056 2431 1145 2466 σου
1170 2428 1183 2443 ο
1224 2433 1243 2464 ι
1278 2409 1357 2475 οἷς
1387 2411 1629 2483 ἐπιφέρει
1647 2412 1725 2476 τὸ,
1758 2422 1767 2431 ’

197 2525 217 2559 ι
259 2506 391 2576 Ἐμὲ
449 2503 776 2575 ὑπομένουσι
816 2502 1005 2556 δίκαιοι
1048 2501 1150 2564 ἕως
1200 2499 1504 2569 ἀνταποδῷς
1561 2516 1666 2568 μοι.
1703 2517 1723 2548 ι

201 2596 527 2665 Ὑπέμειναν
576 2589 669 2645 οῦν
700 2593 788 2645 τὸν
830 2590 1054 2661 Χριστὸν
1102 2590 1293 2652 πάντες
1336 2591 1525 2642 ἐκεῖνοι
1561 2591 1607 2641 οἱ
1648 2588 1724 2640 δί-

197 2703 331 2738 καιοι
390 2686 497 2748 ἓως
548 2677 610 2736 οῦ
662 2680 935 2751 ἁνταποδῷ
991 2679 1136 2749 αὐτῷ
1175 2681 1203 2731 ό
1245 2679 1461 2749 Πατὴρ,
1503 2678 1615 2731 ἀνθ’
1655 2671 1729 2730 ὧν

201 2796 217 2827 ι
248 2777 508 2830 ἐκένωσεν
557 2773 765 2834 ἐαυτὸν,
793 2773 1026 2842 ὑπήκοος
1065 2769 1209 2839 αὐτῷ
1251 2770 1532 2840 γενόμενος
1574 2770 1729 2839 μέχρι

198 2867 438 2920 θανάτου.
483 2885 503 2918 ι
528 2866 661 2917 Τίνα
692 2862 745 2914 δὲ
765 2860 1037 2931 ἀνταποδῷ
1068 2858 1268 2929 αὺτῷῆ
1307 2878 1325 2910 ι
1354 2860 1420 2911 τὰ
1450 2858 1573 2929 ἔθνη
1606 2858 1730 2927 κλη-

200 2954 462 3025 ρονομίαν,
505 2953 599 3005 καὶ
628 2952 725 3020 τὴν
754 2951 1069 3020 κατάσχεσιν
1101 2947 1258 3001 αὐτοῦ
1300 2946 1367 3001 τὰ
1393 2947 1600 3017 πέρατα
1631 2950 1730 3017 τῆς

201 3046 319 3113 γῆς’
362 3061 381 3094 ι
411 3044 479 3097 ἵν’
508 3045 634 3096 ὅταν
660 3042 719 3094 τὸ
744 3041 1008 3110 πλήρωμα
1032 3038 1137 3090 τῶν
1164 3037 1328 3090 ἐθνῶν
1349 3034 1578 3108 εἰσέλθῃ,
1610 3036 1729 3088 τότε

1171 401 1455 460 Εειοωε
1492 398 1961 457 ΡΒΟΡΗΕΤΙΟΕ.
2002 424 2070 442 -ε-
2104 399 2233 455 LIB.
2268 399 2336 454 ll.

1751 523 1797 578 Δ

3206 397 3342 446 HM

2390 511 2614 569 CAPUT
2642 512 2754 567 XV.

1975 628 2022 682 Ε
2050 627 2251 698 psalmo
2279 624 2553 680 centesimo
2579 621 2974 691 quadragesimo
3000 617 3190 687 primo.

1885 717 2014 785 Quae
2046 717 2133 770 hic
2158 716 2410 770 dicuntur
2438 728 2452 765 :
2492 730 2510 763 ι
2547 709 2630 765 Me
2658 716 2967 777 exspectant
2990 706 3145 777 justi,
3173 705 3344 761 donec

1816 807 2084 861 retribuas
2117 804 2344 857 mihi“:
2380 822 2397 853 ι
2431 802 2497 856 de
2529 798 2822 853 Salvatoris
2867 810 3094 866 persona
3130 793 3237 848 dici
3262 792 3346 847 vi-

1818 896 2027 951 dentur.
2059 892 2227 960 Quem
2259 893 2399 947 enim
2441 890 2604 944 alium
2638 887 3022 956 exspectabunt
3063 883 3219 953 justi,
3248 882 3346 936 do-

1817 1003 1916 1042 nec
1944 985 2085 1042 Deus
2110 984 2370 1039 retribuat
2396 981 2467 1044 ei,
2494 979 2599 1034 nisi
2623 979 2766 1031 hunc
2802 975 3013 1045 ipsum?
3039 974 3187 1027 Sicut
3202 973 3344 1027 enim

1818 1077 2020 1131 dictum
2049 1084 2132 1128 est
2159 1073 2225 1127 de
2257 1070 2528 1141 prioribus
2570 1067 2760 1137 justis,
2798 1081 2817 1115 ι
2856 1062 2921 1116 Ει
2952 1062 3007 1115 hi
3038 1076 3221 1117 omnes
3267 1066 3348 1114 te-

1820 1167 2070 1223 stimonio
2098 1164 2217 1218 ﬁdei
2238 1160 2466 1231 probati,
2500 1173 2607 1212 non
2631 1150 3348 1224 acceperuntrepromissio—

1818 1274 1962 1319 nem.
2002 1255 2110 1310 Deo
2138 1268 2235 1323 pro
2277 1251 2432 1306 nobis
2465 1249 2654 1303 melius
2685 1243 2884 1314 aliquid
2929 1241 3259 1311 providente,
3287 1246 3348 1292 ut

1819 1363 1927 1403 non
1964 1347 2079 1401 sine
2119 1343 2275 1398 nobis
2324 1345 2830 1395 consummarentur
2850 1336 2918 1398 ⁸⁸,
2964 1352 2984 1385 ι
3017 1338 3162 1402 patet
3205 1330 3347 1399 quod

1817 1452 1941 1492 eum
1972 1435 2173 1489 indicat
2203 1431 2443 1501 psalmus
2471 1442 2565 1498 per
2591 1425 2858 1496 passionis
2885 1430 3097 1491 tempus
3115 1428 3169 1475 et
3193 1420 3259 1474 ab
3284 1433 3349 1473 eo

1821 1535 2056 1594 tempore
2104 1522 2313 1577 ostendi
2365 1519 2615 1574 similiter
2669 1530 2732 1568 ac
2779 1514 2834 1567 in
2882 1512 3002 1565 aliis
3034 1508 3346 1580 prophetiis.

1824 1592 2094 1682 Scriptum
2139 1616 2223 1665 est
2250 1608 2454 1678 igitur:
2493 1621 2511 1653 ι
2547 1599 2776 1654 Eﬁ‘undo
2809 1598 2866 1651 in
2909 1602 3201 1663 conspectu
3234 1592 3351 1661 ejus

1822 1703 2118 1758 orationem
2163 1711 2360 1759 meam,
2390 1701 2442 1749 et
2473 1691 2869 1747 tribulationem
2913 1697 3084 1738 meam
3128 1688 3253 1736 ante
3278 1682 3352 1750 ip-

1823 1809 1940 1850 sum
1994 1790 2305 1863 pronuntio.
2368 1787 2425 1839 in
2482 1780 2777 1838 deiicienda
2832 1792 2898 1831 ex
2958 1789 3046 1829 me
3104 1773 3352 1842 spiritum

1825 1862 2023 1950 meum,
2056 1888 2110 1936 et
2138 1890 2195 1934 tu
2244 1874 2542 1947 cognovisti
2583 1870 2801 1926 semitas
2845 1880 3010 1921 meas.
3046 1862 3102 1918 ln
3132 1863 3216 1916 via
3254 1862 3354 1915 hac

1825 1990 1928 2043 qua
1954 1970 2315 2030 ambulabam,
2358 1962 2758 2019 absconderunt
2791 1959 3038 2026 laqueum
3080 1951 3297 2017 mihi“;
3327 1969 3349 2003 ο

1823 2042 1878 2118 et
1920 2075 2109 2115 rursus
2151 2078 2164 2112 :
2220 2076 2238 2107 ι
2280 2056 2469 2109 Libera
2515 2066 2600 2106 me
2648 2064 2679 2103 a
2719 2042 3164 2117 persequentibus
3206 2054 3293 2095 me
3334 2053 3349 2092 :

1824 2150 1948 2219 quia
1976 2145 2262 2202 confortati
2292 2149 2418 2197 sunt
2447 2153 2609 2209 super
2638 2153 2722 2191 me
2737 2135 2802 2189 ⁸⁷.
2838 2154 2856 2185 i
2880 2132 3009 2187 Post
3035 2132 3150 2185 haec
3178 2128 3353 2183 conti-

1827 2218 1934 2293 nuo
1969 2237 2036 2291 de
2072 2249 2170 2290 sua
2199 2249 2228 2287 a
2274 2231 2499 2286 mortuis
2544 2224 2942 2282 resurrectione
2976 2235 3139 2275 orans
3166 2218 3296 2273 dicit
3335 2236 3350 2273 :

1831 2350 1850 2383 ‹
1894 2329 2041 2383 Educ
2069 2328 2136 2382 de
2163 2323 2406 2381 custodia
2439 2322 2669 2375 animam
2694 2330 2864 2371 meam
2895 2315 2962 2368 ad
2990 2312 3352 2367 conﬁtendum

1825 2417 2030 2473 nomini
2058 2424 2153 2468 tuo
2183 2428 2198 2466 :
2223 2426 2308 2466 me
2352 2411 2666 2477 exspectant
2693 2403 2847 2473 justi,
2879 2402 3051 2456 donec
3084 2400 3354 2455 retribuas

1825 2504 2036 2559 mihi“.
2062 2522 2081 2555 ι
2116 2501 2574 2570 Exspectaverunt
2603 2495 2765 2564 igitur
2790 2506 2978 2548 omnes
3016 2491 3070 2544 hi
3095 2490 3230 2558 justi
3258 2486 3355 2542 do-

1826 2606 1925 2648 nec
1950 2592 2000 2647 ei
2022 2591 2284 2648 retribuat
2306 2589 2483 2654 Pater,
2513 2601 2578 2642 eo
2595 2583 2738 2654 quod
2760 2601 2779 2634 ι
2817 2580 3131 2636 exinaniens
3162 2586 3352 2634 semet-

1827 2685 2021 2753 ipsum,
2089 2682 2345 2737 obediens
2405 2680 2454 2734 ei
2511 2677 2684 2732 factus
2735 2682 2818 2729 est
2874 2685 3044 2741 usque
3087 2667 3155 2723 ad
3208 2682 3356 2723 mor-

1827 2782 1933 2829 tem
1947 2774 2014 2831 ".
2053 2792 2072 2825 ι
2101 2772 2233 2839 Quae
2277 2785 2409 2827 vero
2444 2769 2703 2824 retribuet
2738 2766 2808 2831 ei,
2852 2764 2960 2818 nisi
2990 2780 3008 2813 ι
3039 2766 3227 2831 gentes
3248 2760 3356 2814 ha-

1825 2865 2125 2928 reditatem,
2155 2872 2208 2917 et
2231 2861 2603 2932 possessiones
2635 2858 2753 2926 ejus
2774 2853 3036 2909 terminos
3064 2858 3221 2904 terra:
3234 2848 3301 2914 '°;
3333 2866 3352 2900 ι

1829 2961 1907 3018 ut,
1937 2968 2059 3007 cum
2088 2951 2477 3007 consummatio
2509 2947 2743 3019 gentium
2772 2943 2998 3006 eveniet,
3018 2948 3149 2995 tunc
3170 2945 3226 2994 et
3247 2952 3358 2993 om-

1827 3040 1913 3094 nis
1939 3041 2100 3095 Israel
2126 3041 2381 3100 salvetur,
2415 3038 2703 3106 omniaque
2732 3048 2850 3104 qua:
2877 3033 2929 3085 in
2982 3031 3187 3101 psalmo
3215 3028 3358 3082 dicta

201 3135 284 3188 καὶ
311 3138 339 3188 ό
364 3138 472 3195 πᾶς
496 3122 718 3203 ’Ἰσραὴλ
751 3129 911 3199 σωθῇ,
940 3129 1031 3181 καὶ
1060 3128 1152 3180 ὅλα
1176 3127 1230 3179 δὲ
1262 3127 1327 3179 τά
1356 3128 1411 3177 ἐν
1441 3125 1518 3193 τῷ
1537 3123 1728 3192 ψαλμῷ

1832 3135 1977 3192 sunt,
2007 3127 2076 3181 ad
2105 3128 2224 3195 ejus
2265 3126 2691 3181 incarnationem
2718 3124 2773 3177 in
2815 3136 2921 3191 qua
2964 3118 3198 3175 insidiati
3234 3121 3360 3172 sunt

202 3226 498 3297 ἐφαρμόσαι
528 3223 593 3275 ἂν
629 3220 704 3289 τῷ
737 3216 970 3290 Χριστῷ,
1004 3215 1070 3267 τὰ
1097 3214 1233 3267 κατά
1263 3214 1357 3284 τὴν
1395 3210 1731 3282 ἐνανθρώπη-

203 3330 276 3366 σιν
308 3310 495 3372 αὑτοῦ,
530 3307 647 3361 καθ’
680 3307 745 3376 ἢν
773 3304 1146 3372 ἐπεϐουλεύθη,
1178 3304 1507 3373 περιέχοντα.

706 3416 1087 3471 ΚΕΦΑΛΑΙΟΝ
1127 3416 1205 3481 1:;
1221 3414 1257 3465 '.

766 3504 1007 3573 Ψαλμοῦ
1025 3509 1171 3571 ρμγθ.

278 3601 364 3652 Ἑν
400 3600 498 3669 μὲν
530 3595 607 3666 τῷ
638 3593 772 3666 μετὰ
802 3597 983 3664 χεῖρας
1016 3590 1212 3661 ψαλμῷ
1238 3591 1470 3658 λέγεται,
1498 3608 1515 3640 ι
1542 3588 1733 3659 Κύριε,

208 3692 369 3744 κλῖνον
400 3689 659 3758 οὐρανοὺς
694 3685 785 3738 καὶ
805 3682 1083 3753 κατάϐηθι,
1119 3701 1136 3731 ι
1178 3680 1307 3733 ἐνδέ
1337 3678 1414 3749 τῷ
1446 3676 1528 3742 ιζ’,
1567 3696 1585 3727 ι
1626 3678 1736 3731 Καὶ

210 3778 399 3833 ἐκλινεν
418 3778 678 3850 οὐρανοὺς
705 3774 796 3828 καὶ
822 3772 1039 3841 κατέϐη.
1070 3790 1089 3823 ι
1131 3767 1603 3839 Ἐσημειωσάμεθα
1632 3767 1728 3837 μὲν

212 3863 291 3921 οὖν
318 3870 475 3922 κάκεῖ
506 3868 600 3920 καὶ
625 3865 684 3917 τὸ
719 3863 895 3934 ῥητὸν,
928 3862 1019 3914 καὶ
1049 3860 1275 3913 ἐνταῦθα
1306 3860 1362 3912 δὲ
1392 3859 1578 3911 ταυτὸν
1619 3875 1735 3909 ποι-

212 3953 380 4016 οῦντες
399 3954 525 4024 περὶ
547 3950 645 4003 τοῦ
667 3951 836 4017 Λόγου
870 3947 962 4000 τοῦ
989 3946 1120 4000 Θεοῦ
1140 3946 1308 4001 ταῦτα
1327 3946 1572 4014 λέγεσθαι
1597 3946 1738 3997 ὑπει-

213 4044 463 4113 λήφαμεν.
509 4042 706 4104 Κλίνας
742 4040 846 4109 γὰρ
895 4038 1147 4109 οὐρανοὺς
1178 4036 1255 4106 τῷ
1289 4036 1517 4088 κενῶσαι
1552 4035 1737 4087 ἐαυτὸν

216 4133 301 4203 τῆς
327 4133 638 4204 ἐπουρανίου
670 4132 761 4184 καὶ
791 4134 847 4184 ἐν
873 4131 1048 4199 μορφῇ
1071 4127 1202 4180 Θεοῦ
1233 4125 1407 4197 δόξης,
1440 4127 1516 4188 είς
1539 4124 1606 4177 τὰ
1641 4142 1738 4177 κα-

1830 3216 1902 3280 ei,
1939 3214 2261 3270 referantur.

2409 3401 2631 3458 CAPUT
2665 3399 2801 3454 XVI.

2002 3496 2050 3550 E
2075 3496 2275 3564 psalmo
2298 3494 2572 3547 centesimo
2595 3490 2992 3561 quadragesimo
3024 3484 3191 3538 tertio.

1901 3586 1961 3641 ln
1994 3588 2095 3641 hoc
2119 3585 2323 3655 psalmo
2352 3582 2587 3635 dicitur:
2627 3598 2646 3630 ι
2687 3578 2925 3641 Domine,
2951 3572 3159 3627 inclina
3193 3568 3358 3624 caelos

1834 3686 1957 3734 tuos
1992 3685 2047 3731 et
2078 3673 2344 3730 descende
2361 3674 2441 3739 ⁸¹;
2482 3692 2499 3723 ›
2532 3679 2582 3726 et
2619 3671 2672 3723 in
2701 3668 2908 3723 decimo
2935 3664 3166 3734 septimo
3193 3674 3207 3711 :
3240 3676 3259 3709 ι
3282 3658 3343 3712 In

1831 3769 2050 3826 clinavit
2078 3768 2244 3823 cmlos
2270 3773 2323 3820 et
2352 3763 2709 3819 descendit".
2740 3779 2758 3811 ι
2785 3756 3130 3814 Ostendimus
3157 3749 3288 3821 jam,
3309 3756 3358 3805 et

1832 3876 1977 3915 nunc
2017 3858 2210 3912 iterum
2246 3856 2359 3909 haec
2391 3854 2457 3907 de
2480 3851 2652 3907 Verbo
2685 3848 2775 3903 Dei
2831 3839 3238 3901 commemorari
3266 3836 3359 3893 de-

1834 3955 2214 4004 monstremus.
2236 3943 2507 3998 Inclinans
2528 3939 2670 3996 enim
2702 3937 2887 3999 cmlos,
2918 3948 3039 3988 cum
3069 3929 3360 3991 caelestem,

1833 4046 1887 4095 et
1921 4038 2011 4092 Dei
2047 4036 2226 4108 gloriae
2272 4033 2498 4087 formam
2543 4037 2780 4090 exueret,
2818 4027 2873 4080 in
2932 4019 3352 4094 proiundissima

1835 4137 1991 4183 terrae
2021 4123 2298 4179 descendit
2342 4136 2405 4175 ea
2438 4118 2613 4189 specie
2650 4130 2811 4186 quam
2850 4128 2947 4183 pro
2973 4109 3248 4165 hominum
3278 4118 3357 4158 sa.

219 4194 408 4293 τῶτερα
441 4194 541 4291 τῆς
589 4220 691 4289 γῆς
725 4194 1046 4288 κατελήλυθε
1084 4215 1147 4269 δι’
1176 4216 1244 4283 ἢν
1283 4194 1558 4277 ἀνεδέξατο
1600 4214 1728 4285 ὑπὲρ

1836 4218 1945 4271 lute
1972 4214 2193 4283 accepit.
2222 4209 2373 4265 Unde
2398 4220 2519 4262 ante
2547 4208 2659 4260 haec
2713 4218 2831 4274 qua:
2875 4201 3156 4256 retulimus
3179 4194 3359 4250 verba.

217 4307 302 4376 τῆς
650 4284 927 4377 ’σωτηρίας
971 4303 1297 4373 οἰκονομίαν·
1337 4301 1456 4355 ὅθεν
1499 4302 1603 4372 πρὸ
1645 4284 1728 4353 τοῦ

1837 4308 2080 4378 psalmus
2110 4303 2379 4357 admirans
2409 4300 2538 4354 dicit
2567 4316 2580 4351 :
2622 4314 2641 4347 ‹
2678 4295 2920 4355 Domine,
2944 4289 3071 4360 quid
3097 4293 3180 4343 est
3206 4284 3361 4339 homo

220 4398 506 4461 ἐκτεθέντος
544 4396 703 4468 ῥητοῦ
736 4393 1117 4463 ἀποθαυμάσας
1150 4395 1178 4446 ὁ
1202 4392 1352 4459 λόγος
1384 4391 1548 4460 φησί’
1582 4407 1600 4440 ι
1629 4389 1728 4443 Κύ-

1840 4396 1965 4466 quia
1996 4393 2276 4449 innotuisti
2316 4390 2386 4453 ei,
2418 4398 2511 4444 aut
2534 4388 2676 4443 ﬁlius
2714 4383 2967 4448 hominis,
2992 4382 3119 4450 quia
3148 4383 3362 4447 reputas

223 4503 315 4555 με,
350 4490 399 4541 τί
433 4454 576 4541 salu}
599 4454 880 4556 ’ἄνθρωπος
920 4454 998 4536 ὅτι
1041 4454 1309 4552 ἐγνώσθη-ς
1335 4454 1519 4548 ίατέῷ,
1560 4480 1592 4550 ἦ
1630 4480 1728 4541 υἱὸς

1839 4454 1961 4544 eum
1976 4488 2023 4520 ⁹³
2049 4487 2074 4540 ‘l
2109 4505 2127 4538 ι
2151 4483 2426 4538 Inclinatis
2453 4494 2599 4550 ergo,
2626 4478 2765 4533 sicut
2787 4474 3043 4535 diximus,
3069 4468 3240 4533 cmlis,
3259 4467 3354 4521 de-

224 4575 484 4647 ἀνθρώπου
509 4578 589 4629 ὃτι
616 4573 801 4646 λογίζῃ
840 4571 1027 4637 dimov;
1061 4588 1079 4621 ι
1110 4570 1201 4631 Εἰς
1235 4568 1384 4621 τοῦτο
1413 4567 1520 4638 γὰρ
1560 4566 1728 4628 κλίνας

1841 4575 2055 4632 scendit
2090 4573 2182 4629 Dei
2221 4571 2479 4635 Verbum,
2522 4575 2578 4622 ut
2618 4566 2863 4637 cognitus
2888 4562 3036 4617 ﬁeret
3058 4559 3367 4611 incarnatus

224 4667 333 4729 τοὺς
362 4666 677 4734 λεγομένους
723 4662 975 4732 οὐρανοὺς
1009 4658 1360 4729 κατελήλυθεν
1402 4658 1430 4708 ὁ
1474 4655 1563 4709 τοῦ
1604 4654 1728 4708 Θεοῦ

1840 4663 2115 4719 hominum
2154 4662 2357 4733 generi,
2378 4658 2520 4729 quod
2546 4656 2695 4724 prius
2714 4651 2995 4724 ignorabat
3018 4661 3167 4711 eum;
3195 4657 3360 4711 neque

228 4755 399 4820 Λόγος,
418 4732 501 4818 ὥς
518 4756 582 4808 ἂν
607 4750 867 4821 γνωσθείη
897 4749 1306 4819 ἐνανθρωπήσας
1323 4747 1397 4817 τῷ
1417 4746 1521 4799 τῶν
1540 4746 1635 4799 ἀνθ

1836 4753 2155 4822 contempsit
2196 4752 2452 4820 parvique
2512 4746 2664 4801 duxit
2693 4744 2857 4796 ﬁlium
2897 4737 3161 4796 hominis,
3195 4732 3248 4786 id
3285 4739 3363 4786 est

231 4857 331 4893 πων
357 4845 495 4911 γένει
528 4820 783 4914 πρότερον
818 4838 1166 4907 ἀγνοούμενος
1186 4836 1329 4905 αὐτῷ
1352 4852 1364 4865 ·
1399 4837 1490 4888 καί¹
1505 4837 1563 4887 οὐ
1583 4851 1728 4905 περι-

1840 4820 2063 4898 omnem?
2088 4840 2378 4908 spiritalem
2409 4844 2462 4889 et
2489 4836 2552 4888 ad
2582 4831 2865 4900 imaginem
2900 4826 2992 4880 Dei
3030 4824 3222 4877 factam
3248 4820 3357 4873 ani-

231 4909 499 5003 εφρόνησεν
545 4909 668 5003 παρ’
698 4909 871 4983 ήοὺδέν
934 4928 1266 4997 ἡγησάμενος
1315 4927 1404 4978 τὸν
1459 4925 1728 4994 γενόμενον

1843 4944 2001 4986 mam.
2032 4927 2257 4996 Reliqua
2293 4940 2419 4979 vero
2452 4921 2643 4991 psalmi
2683 4916 2995 4988 spiritaliter
3026 4909 3357 4979 intelligenti

232 5019 331 5071 υἱὸν
366 5020 663 5091 ἀνθρώπου,
706 5016 846 5071 τοῦτ’
875 5015 985 5067 ἐστι
1034 5015 1205 5066 πᾶσαν
1242 5012 1336 5082 τὴν
1382 5011 1600 5081 λογικὴν
1649 5013 1728 5064 κα.Ἰ

1844 5023 1943 5077 bus
1967 5019 2248 5090 perspicua
2269 5022 2444 5069 erunt.

235 5108 336 5157 κατ’
367 5108 542 5161 εἰκόνα
575 5106 706 5160 Θεοῦ
738 5104 1025 5174 γενομένην
1054 5101 1244 5171 ψυχήνσ
1284 5100 1374 5154 καὶ
1406 5100 1473 5152 τὰ
1504 5099 1660 5152 λοιπά
1686 5099 1741 5151 δὲ

235 5193 317 5247 τοῦ
344 5196 546 5266 ψαλμοῦ
580 5192 952 5265 πνευματικῶς
972 5191 1314 5260 ἐκλαμϐάνων
1340 5190 1603 5259 νοήσειας.

722 5303 1104 5356 ΚΕΦΑΛΑΙΟΝ
1141 5303 1234 5353 IZ’.

2391 5291 2614 5349 CAPUT
2643 5289 2802 5344 XVII.

1948 5442 1949 5445 η
1974 5385 2018 5439 Ε
2051 5386 2249 5453 psalmo
2278 5383 2551 5437 centesimo
2576 5378 2974 5451 quadragesimo
3005 5376 3241 5444 septimo.

1921 5493 1939 5526 ι
1978 5473 2080 5539 Qui
2126 5473 2320 5529 emittit
2371 5472 2639 5542 eloquium
2680 5483 2835 5524 suum
2888 5474 3067 5530 terrm,
3116 5461 3360 5518 velociter

780 5392 1020 5461 Ψαλμοῦ
1041 5390 1180 5459 ,ομζέ

302 5485 400 5538 Καὶ
422 5488 496 5551 τὸ,
524 5508 541 5539 ε
590 5491 647 5541 ὐ
686 5484 1018 5539 ἀποστέλλων
1048 5482 1106 5534 τὸ
1146 5481 1317 5549 λόγιον
1354 5477 1511 5533 αὑτοῦ
1557 5481 1620 5548 τῇ
1652 5481 1741 5548 γῇ,

246 5633 508 5731 ..ζῆθι
540 5655 683 5702 cm,
712 5638 903 5731 8.n"'l
923 5635 1082 5691 Hebr.
1118 5649 1193 5696 ιι,
1227 5634 1315 5696 59,
1343 5634 1430 5687 ιο.
1502 5631 1547 5663 ⁸⁵
1580 5629 1721 5685 Psal.

358 5709 426 5731 -..1
484 5724 516 5731 .-
582 5709 612 5731 ο
708 5707 748 5731 nl
829 5720 883 5731 ...ι
956 5718 1037 5731 ι...-
1056 5719 1109 5731 ..ι
1183 5703 1211 5731 βε
1305 5704 1347 5731 III
1389 5701 1504 5731 Dan]
1562 5713 1666 5731 νυιι

1824 5606 2100 5731 υκξϊξλι
2136 5626 2325 5731 elisis:
2362 5625 2418 5731 7,E
2488 5626 2531 5658 ιε
2568 5623 2697 5680 ibid.
2729 5624 2783 5678 8.
2859 5621 2902 5653 ιν
2928 5618 3158 5690 Philipp.
3216 5627 3281 5677 ιι,
3312 5612 3358 5665 s.

317 5702 447 5761 Psal.
482 5724 550 5773 ιι,
580 5709 632 5762 8.
673 5694 749 5739 ’⁹¹
785 5704 925 5760 Psal.
955 5718 1145 5764 CXLIII,
1181 5694 1232 5756 5.
1305 5694 1347 5735 δ’
1388 5701 1527 5754 Psal.
1562 5713 1705 5765 xvn,

1824 5739 1827 5752 .
1898 5697 1943 5728 "
1980 5694 2123 5751 Psal.
2156 5710 2318 5750 cum
2340 5734 2354 5757 ,
2385 5694 2437 5747 5.
