3926 6372
209 406 330 464 Hi7

572 513 702 569 Ἀπὸ
727 513 831 569 τοῦ
858 514 1342 580 Ἐκκλησιαστοῦ.

208 606 325 673 Περὶ
366 603 466 675 τοῦ
502 604 757 675 Χριστοῦ
785 604 865 669 ὡς
900 604 1027 675 περὶ
1074 606 1327 672 πένητος
1362 607 1580 675 σοφοῦο
1624 604 1720 658 καὶ

267 672 391 742 περὶ
430 672 848 727 τοῦδιαὸόλου
890 672 986 727 και
1024 675 1128 729 τοῦ
1163 672 1579 744 Ἀντιχρίστου.

206 764 325 831 Περὶ
368 762 470 815 τοῦ
486 763 748 831 Χριστοῦ
785 763 864 826 ὡς
909 762 1040 831 περὶ
1076 763 1330 831 πένητος
1359 763 1551 830 σοφοῦ
1573 780 1586 792 ·
1624 761 1720 815 καὶ

261 830 509 900 περὶτοῦ
536 832 831 895 διαϐόλου,
860 831 954 884 καὶ
982 830 1109 899 περὶ
1134 830 1243 899 τῆς
1283 832 1648 898 Ἐκκλησίας.

652 941 781 995 Ἀπὸ
812 941 915 994 τοῦ
947 943 1258 1010 ’ᾼσματοᾳ

203 1030 325 1099 Περὶ
346 1030 446 1084 τοῦ
483 1031 734 1098 Χριστοῦ
770 1031 850 1096 ὡς
875 1032 1003 1098 περὶ
1034 1031 1311 1099 νυμφίου,
1350 1029 1443 1084 καὶ
1466 1029 1575 1096 τῆς
1605 1028 1723 1099 τῷν

259 1096 433 1167 άγίων
478 1096 834 1164 Ἐκκλησίας
879 1096 958 1165 ὡς
994 1096 1245 1167 νύμξςης,
1291 1100 1386 1151 καὶ
1430 1100 1559 1167 περὶ
1606 1096 1724 1151 τῶν

260 1155 326 1220 ἐν
353 1166 474 1231 τοῖς
496 1155 695 1231 τόποις
736 1155 1242 1236 ἐπικεκρυμμένῶ
1258 1155 1615 1236 μυστηρίων.

733 1274 864 1326 Ἀπὸ
893 1273 998 1328 τοῦ
1042 1271 1174 1326 Ἰώϐ.

200 1362 326 1430 Περὶ
355 1362 460 1416 τοῦ
485 1362 736 1429 Χριστοῦ
761 1362 840 1425 ὡς
862 1359 1365 1430 περιπατήσαντος
1391 1359 1490 1413 ἐπὶ
1515 1358 1724 1415 θαλάτ-

259 1428 385 1498 της,
415 1428 605 1483 καὶτὸ
639 1430 785 1498 μέγα
813 1428 991 1497 κῆτος
1011 1429 1460 1498 χειρωσαμένου.

197 1518 324 1586 Περὶ
368 1516 476 1583 τῆς
518 1520 602 1580 εις
637 1515 744 1568 τὸν
793 1517 982 1586 ’ᾼδην
1016 1517 1119 1571 τοῦ
1154 1517 1405 1583 Χριστοῦ
1449 1517 1720 1571 καθόδου.

195 1606 272 1678 (F.
289 1609 450 1730 ﬁdas")
472 1608 606 1675 Περὶ
631 1606 739 1674 τῆς
759 1607 862 1661 τοῦ
885 1607 1156 1661 διαϐόλου
1184 1607 1329 1674 πρὸς
1353 1607 1458 1661 τὸν
1474 1607 1727 1675 Χριστὸν

259 1691 304 1729 π
386 1694 479 1730 nc.

259 1691 479 1744 πάλης.

714 1785 843 1838 Ἀπὸ
873 1784 975 1837 τοῦ
1013 1784 1202 1851 Ὠσηέ.

359 1875 495 1943 Περὶ
533 1875 636 1928 τοῦ
669 1874 917 1943 Χριστοῦ
949 1874 1027 1938 ὡς
1060 1875 1190 1942 περὶ
1232 1874 1550 1943 πανθῆρος.

198 1964 324 2032 Περὶ
353 1963 464 2030 τῆς
488 1963 594 2016 τοῦ
634 1962 866 2032 Ἰσραὴλ
891 1961 1209 2030 ἀποϐολῆς,
1234 1964 1327 2032 καὶ
1353 1962 1461 2031 τῆς
1488 1963 1594 2017 τοῦ
1615 1964 1726 2027 ,βα-

254 2031 497 2101 σιλείου
520 2031 715 2085 αὐτῶν
746 2032 1185 2101 καταπαύσεως,
1215 2031 1324 2099 τῆς
1360 2048 1424 2085 τε
1464 2032 1568 2086 τοῦ
1598 2035 1727 2101 Χρι-

259 2100 405 2154 στοῦ
441 2099 511 2163 ἐξ
543 2102 838 2169 Αἰγύπτου
860 2098 1296 2168 μετακλήσεως.

204 2190 294 2255 Ὦς
333 2193 366 2243 ό
407 2189 549 2255 Θεὸς
591 2190 778 2259 Λόγος
832 2191 973 2256 Θεὸς
1027 2190 1464 2259 ὀνομαζόμενος,
1517 2193 1729 2259 Κύριον

268 2260 546 2327 ὁμολογεῖ
567 2258 940 2326 τὸνΠατέρα.

718 2370 848 2423 Ἀπὸ
880 2371 983 2424 τοῦ
1019 2369 1210 2439 Ἄμῶς.

200 2457 292 2521 Ὦς
320 2458 353 2509 ό
374 2456 542 2527 Θεὸς
588 2460 781 2527 Λόγος
821 2460 1033 2526 Κύριος
1073 2456 1492 2527 ὀνομαζόμενος
1531 2457 1732 2527 ἕτερον

257 2525 387 2594 παρ’
416 2526 642 2578 ἑαυτὸν
678 2524 828 2580 εἶναι
852 2524 957 2579 τὸν
982 2524 1210 2595 Πατέρα
1237 2524 1523 2582 διδάσκει.

190 2613 320 2683 Περὶ
346 2612 456 2681 τῆς
489 2616 586 2678 εὶς
611 2613 954 2681 ἀνθρώπους
978 2613 1286 2681 ἐπιδημίας
1312 2614 1417 2666 τοῦ
1454 2612 1728 2703 Χριστοῦ.

679 2726 810 2780 Ἀπὸ
843 2725 948 2779 τοῦ
983 2725 1250 2779 Ἁϐδειοῦ.

202 2812 291 2879 Ὠς
315 2816 348 2868 ὀ
381 2813 525 2879 Θεὸς
555 2815 746 2880 Λόγος
780 2814 990 2880 Κύριος
1016 2813 1109 2866 καὶ
1150 2811 1291 2878 Θεὸς
1317 2809 1733 2880 ὀνομαζόμενος

256 2882 577 2951 ἀκηκοέναι
605 2885 735 2935 τινὰ
770 2882 926 2950 παρὰ
970 2883 1181 2950 Κυρίου
1233 2880 1521 2951 ὁμολογεῖ.

725 2993 856 3047 Ἀπὸ
901 2993 1005 3047 τοῦ
1044 2992 1218 3048 Ἰωνᾶ.

1175 401 1462 460 εειοεε
1496 399 1966 459 PROPHETICE.
2001 432 2071 443 —
2097 401 2224 458 LIB.
2261 401 2347 458 III.

1747 522 1795 579 Δ

3206 400 3341 458 1118

2332 512 2416 567 Et
2438 511 2822 570 Ecclesiastico.

1819 602 2125 725 De‘Czrislto
2151 604 2303 674 quasi
2330 603 2473 671 inopi
2498 603 2725 671 sapiente
2766 621 2784 657 :
2816 603 2879 658 de
2910 601 3119 657 diabolo
3142 609 3195 657 et
3229 599 3344 654 An—

1911 689 1957 725 tc
1993 689 2065 725 ris
2091 689 2141 725 ο.

1911 689 2141 728 ιοητιιιο.

1819 759 1894 815 De
1918 759 2132 884 ghristo
2152 761 2301 828 quasi
2326 762 2463 829 inopi
2497 761 2727 829 sapiente
2757 776 2775 815 :
2801 759 2864 814 de
2906 760 3112 816 diabolo
3137 768 3188 815 et
3241 755 3344 812 Ec-

1889 846 1915 883 c
1966 846 2065 884 sta.

1889 846 2065 884 ειειιιι.

2430 938 2474 992 Ε
2497 938 2731 995 Cantica.

1822 1026 1897 1080 De
1925 1026 2132 1083 Christo
2158 1028 2308 1096 quasi
2350 1044 2554 1095 sponso,
2583 1038 2633 1081 et
2679 1027 2741 1080 de
2780 1035 3076 1096 sanctorum
3110 1024 3345 1079 Ecclesia

1887 1099 2037 1177 quasi
2082 1093 2292 1165 sponsa,
2321 1093 2384 1151 de
2411 1097 2725 1151 absconditis
2754 1097 2809 1148 in
2837 1096 2932 1150 hoc
2986 1093 3116 1147 libro
3155 1103 3345 1165 myste-

1890 1181 1982 1218 1'118
1991 1204 2003 1216 .

2474 1272 2554 1324 Ea:
2604 1271 2724 1326 Job.
2768 1331 2773 1335 _

1821 1360 1897 1414 De
1921 1360 2125 1431 Christo
2161 1362 2312 1431 quasi
2339 1377 2491 1429 super
2518 1377 2660 1415 mare
2682 1360 2979 1415 ambulante
3019 1364 3069 1412 et
3107 1372 3347 1428 magnum

1889 1440 1991 1483 cete
2022 1430 2329 1485 devincente.

1822 1518 1898 1572 De
1931 1517 2127 1572 Christi
2149 1521 2201 1570 in
2230 1518 2487 1587 infernum
2515 1516 2779 1572 descensu.

1822 1607 1897 1660 De
1923 1606 2121 1660 diaboli
2154 1608 2211 1660 in
2242 1606 2506 1662 Christum
2535 1608 2832 1662 certamine.

2448 1784 2531 1838 Ea:
2569 1782 2719 1839 Osee.

1756 1841 1797 1894 Β
1824 1875 1901 1929 De
1927 1876 2133 1930 Christo
2156 1878 2306 1947 quasi
2326 1876 2596 1945 panthera.

1824 1964 1900 2018 De
1941 1963 2111 2018 Israel
2154 1966 2386 2033 repudio.
2418 1965 2480 2018 de
2502 1965 2645 2033 regni
2682 1980 2858 2018 eorum
2899 1964 3175 2027 eversione.
3205 1969 3257 2018 et
3290 1963 3355 2020 de

1892 2032 2089 2088 Christi
2112 2049 2177 2087 ex
2205 2032 2431 2105 .‘Egypw
2460 2035 2800 2087 revocatione.

1827 2185 2095 2252 Quomodo
2130 2186 2263 2240 Deus
2316 2185 2537 2241 Verbum
2568 2186 2701 2241 Deus
2731 2187 3028 2240 nominatus
3075 2183 3355 2237 Dominum

1893 2266 2037 2327 uocat
2064 2255 2291 2310 Patrem.

2444 2366 2527 2420 Ea:
2555 2368 2735 2421 Amos.

1829 2456 2098 2524 Quomodo
2125 2457 2262 2511 Deus
2304 2457 2524 2512 Verbum
2551 2457 2805 2511 Dominus
2852 2457 3149 2511 nominatus
3194 2455 3358 2512 alium

1895 2544 1958 2580 ac
1984 2543 2038 2580 se
2061 2544 2170 2581 esse
2204 2529 2414 2581 Patrem
2442 2530 2605 2581 docet.

1828 2616 1905 2672 De
1930 2615 2125 2672 Christi
2156 2616 2295 2686 apud
2326 2616 2553 2670 homines
2576 2616 2996 2670 commoratione.

2446 2727 2530 2779 Ea:
2562 2727 2752 2782 Abdia.

1832 2817 2101 2885 Quomodo
2137 2816 2270 2870 Deus
2305 2814 2524 2869 Verbum
2563 2816 2811 2885 Dominus
2850 2823 2898 2867 et
2949 2813 3084 2867 Deus
3120 2812 3364 2885 nomina-

1901 2898 2003 2954 tus,
2026 2885 2207 2941 audita
2234 2886 2395 2953 fuisse
2419 2886 2655 2952 quazdam
2684 2902 2715 2938 a
2748 2884 2971 2937 Domino
3003 2882 3294 2952 conﬁtetur.

2483 2994 2532 3048 E
2552 2994 2709 3049 Jona.

204 3083 295 3148 Ὠς
331 3083 370 3150 ἡ
404 3082 540 3154 περὶ
582 3083 688 3154 τὸν
725 3081 920 3154 Ἰωνᾶν
959 3084 1274 3154 οἰκονομίαΔ
1293 3081 1358 3154 τὸ
1404 3078 1589 3147 πάθος
1627 3082 1733 3137 τοῦ

1836 3088 2104 3154 Quomodo
2131 3086 2282 3141 Iona!
2306 3086 2526 3139 historia
2557 3084 2753 3154 Christi
2773 3086 3064 3152 passionem
3095 3083 3307 3153 ejusque
3332 3099 3366 3136 tl

259 3144 541 3221 Χριστοῦ,
587 3150 684 3203 καὶ
722 3150 834 3217 τὴν
868 3152 936 3203 ἐκ
978 3144 1201 3218 νεκρῶν
1245 3144 1579 3205 ἀνάστασιν
1624 3166 1735 3217 ση-

1839 3144 1878 3154 '-
1904 3158 2120 3209 mortuis
2148 3156 2571 3209 resurrectionem
2599 3144 2814 3206 iudicat.

253 3222 478 3289 μαίνει.
1068 3254 1072 3258 -

709 3324 841 3378 Ἀπὸ
867 3325 971 3378 τοῦ
1002 3325 1240 3393 Μιχαία.

193 3414 327 3482 Περὶ
368 3413 485 3481 τῆς
523 3412 801 3480 δευτέρας
836 3414 940 3468 τοῦ
978 3414 1227 3481 Χριστοῦ
1268 3416 1615 3483 παρουσίας,
1660 3413 1741 3481 ὡς

260 3482 392 3552 περὶ
422 3483 665 3549 Κυρίου.

196 3570 468 3652 Περὶ-τῆς
491 3571 912 3652 ’τοῦ-,προτέρου
1116 3571 1210 3652 καὶ
1242 3571 1350 3652 τῆς
1382 3572 1611 3652 Ἰσραὴλ
1643 3572 1740 3626 καὶ

261 3588 328 3640 ζρι
353 3589 468 3641 της
500 3588 610 3625 του
633 3588 912 3691 apati-fw
939 3588 1088 3627 λαου
1116 3588 1210 3625 και
1242 3589 1350 3640 της
1386 3588 1611 3652 rapam/1
1643 3588 1740 3626 και

261 3642 369 3725 τοᾷ
410 3638 568 3720 Σιὼζ
593 3639 779 3725 δρους
819 3641 1051 3725 ρημίας,
1084 3641 1180 3725 κα)
1220 3644 1347 3708 περὶ
1388 3658 1496 3725 της
1536 3642 1743 3725 ἐπιφα-

263 3710 429 3778 νείας
457 3709 569 3778 τοῦ
598 3709 850 3774 Χριστοῦ
876 3709 1110 3778 ὠςπερὶ
1140 3710 1333 3778 ὅρους,
1363 3710 1457 3763 καὶ
1481 3710 1610 3777 περὶ
1635 3709 1744 3778 τῆς

262 3776 380 3831 τῶν
403 3775 600 3846 ἐθνῶν
624 3776 1008 3846 προσαγωγῆς
1023 3794 1037 3807 ι
1052 3775 1181 3830 καῖ
1195 3778 1300 3831 τοῦ
1330 3778 1535 3832 καινοῦ
1551 3775 1742 3846 νόμου

264 3847 368 3901 τοῦ
400 3845 559 3900 κατὰ
594 3844 708 3911 τὴν
731 3843 943 3912 καινὴν
970 3845 1278 3914 Διαθήκην.

198 3934 334 4020 Περί
380 3933 656 4020 βηθλεέμ
853 3932 991 4020 τῆςι
1014 3935 1102 4020 έν.
1131 3933 1280 4020 αὐτῆ
1337 3936 1463 4020 τοῦ.
1490 3937 1743 4020 Χριστοῦ

263 4004 561 4124 ἷετνέσεως
579 4020 592 4032 ·
640 4001 734 4055 καὶ
770 4002 850 4068 ὡς
887 4003 998 4070 πρὸ
1029 4001 1145 4056 τῶν
1182 4001 1406 4058 αίῶνων
1430 4008 1463 4059 ὀ
1496 4001 1746 4073 Χριστὸς

304 4104 323 4122 .
351 4087 562 4140 τιρχεν.

667 4177 800 4232 ’Λπὸ
841 4177 945 4233 τοῦ
987 4179 1235 4247 Σοφονίο
1244 4198 1298 4234 υ.

2444 3324 2493 3378 Ε
2520 3323 2762 3378 Μὶείιωα.

1836 3414 1912 3470 De
1937 3414 2158 3470 secundo
2181 3414 2376 3470 Christi
2398 3413 2637 3473 adventu.
2666 3413 2819 3482 quasi
2851 3410 3090 3466 Domino.

1837 3574 1914 3630 De
1951 3582 2112 3642 vetere
2138 3573 2344 3642 populo.
2384 3572 2447 3624 de
2489 3569 2695 3642 Ιεναιι,Δ
2710 3568 2996 3642 montisque
3028 3566 3152 3642 _Sion
3184 3564 3372 3642 solitu-f

1907 3645 2046 3704 dine,
2078 3635 2149 3695 de'
2180 3635 2601 3710 manifestatione
2656 3638 2853 3710 Christi
2900 3635 3049 3710 Quasi
3080 3635 3290 3710 montis,
3317 3640 3368 3688 ιι

1907 3713 1971 3766 de
1996 3702 2223 3782 gentium
2249 3702 2612 3772 institutione;
2645 3707 2708 3761 de
2745 3723 2877 3761 nova
2911 3702 3023 3776 lege
3051 3712 3100 3758 et
3137 3702 3201 3757 de
3240 3715 3370 3757 novo

1912 3782 2257 3837 Testamento.

1845 3929 1920 3985 De
1949 3931 2242 3986 Bethlehem
2258 3941 2307 3986 et
2340 3934 2403 3985 de
2422 3931 2620 3987 Christi
2649 3931 2701 3984 in
2725 3947 2787 3984 ea
2818 3927 3090 3983 natioitate
3104 3941 3127 3990 ,°
3167 3936 3217 3980 et
3241 3938 3373 3995 quo-

1911 4002 2066 4054 modo
2094 4012 2214 4056 ante
2240 4001 2433 4056 saecula
2463 3999 2701 4056 Christus
2726 4000 3032 4053 exsistebat.

2439 4170 2488 4226 Ε
2515 4170 2802 4240 Sophonia.

200 4266 335 4336 Περί
355 4265 469 4333 τῆς
496 4264 894 4336 ’ἀναστάσεως
922 4264 1026 4317 τοῦ
1057 4265 1332 4332 Χριστοῦ,
1362 4264 1456 4319 καὶ
1492 4262 1738 4333 περὶτῆς

1853 4263 1930 4319 De
1957 4263 2154 4319 Christi
2178 4263 2550 4318 resurrectione
2577 4271 2625 4314 et
2645 4260 2709 4313 de
2738 4259 2965 4329 gentium
2988 4256 3274 4311 vocatione.

267 4332 385 4388 τῶν
414 4332 612 4390 ἐθνῶν
655 4332 940 4399 κλήσεως.

701 4440 832 4494 Ἀπὸ
865 4440 967 4493 τοῦ
991 4440 1267 4509 Ζαχαρία.

211 4531 301 4599 Ὠς
329 4535 363 4587 ό
387 4531 536 4596 Θεὸς
574 4530 760 4599 Λόγος
792 4529 1003 4597 Κύριος
1039 4527 1449 4599 παντοκράτωρ
1472 4529 1748 4599 ὀνομαζό-

263 4596 448 4669 μενος
480 4599 604 4669 ὑπὸ
636 4596 855 4669 Κυρίου
880 4596 1363 4666 παντοκράτορος
1391 4596 1498 4652 τοῦ
1525 4596 1750 4666 Πατρὸς

266 4667 644 4723 ἀπεστάλθαι
671 4667 851 4736 λέγει.

2439 4433 2482 4486 Ε
2506 4432 2788 4489 Zacharia.

1851 4513 2117 4594 Quomodo
2138 4528 2300 4583 Deum
2333 4527 2549 4583 Verbum
2573 4527 2850 4580 Dominum
2874 4526 3267 4594 omnipotentem
3290 4539 3380 4576 no-

1912 4599 2202 4733 ;ninattzm..
2231 4615 2264 4650 a
2297 4599 2517 4652 Domino
2568 4598 2909 4664 omnipotente
2960 4592 3121 4647 Patre
3168 4592 3380 4646 missum

1935 4682 2073 4720 uisse
2136 4677 2244 4722 ωτι.

212 4760 301 4824 Ὠς
323 4762 357 4813 ό
384 4758 536 4823 Θεὸς
570 4759 756 4825 Λόγος
777 4757 986 4824 Κύριος
1009 4755 1426 4825 ὀνομαζόμενος
1458 4757 1628 4823 ἥξειν
1654 4756 1738 4810 ἐπὶ

1850 4754 2120 4819 Quomodo
2150 4757 2286 4809 Deus
2310 4756 2541 4825 Verbum
2567 4756 2817 4825 Dominus
2842 4753 3163 4825 nominatus_
3203 4757 3378 4825 uentu-

268 4828 383 4895 τὴν
426 4824 813 4894 Ἰερουσαλὴμ
847 4824 1117 4895 προλέγει
1152 4825 1224 4877 τὰ
1255 4826 1397 4895 ἔθνη
1436 4827 1527 4879 ἐπ’
1569 4825 1753 4879 αὐτὸν

267 4892 745 4964 καταφεύξεσθαι
769 4892 1217 4962 ἀπεσταλμένον
1237 4892 1354 4947 ὑπὸ
1365 4895 1580 4961 Κυρίου
1607 4909 1754 4946 παν-

270 4965 651 5033 τοκράτορος.

206 5056 340 5125 Περὶ
372 5055 482 5125 τοῦ
517 5052 780 5125 Χριστοῦ
809 5053 889 5125 ᾡς
932 5051 1061 5125 περὶ
1096 5051 1286 5125 Ἰησοῦ
1317 5052 1420 5105 τοῦ
1457 5051 1748 5125 Ἰωσεδέκς

272 5118 371 5178 καὶ
416 5124 510 5177 ὅτι
543 5118 723 5187 dom;
749 5120 902 5188 ἀνὴρ
944 5118 1217 5188 Ἀνατολὴ
1245 5121 1427 5188 ὄνομα
1456 5118 1629 5183 αὐτῷ,
1656 5121 1750 5173 καὶ

189 5227 196 5249 ι
274 5194 407 5261 περὶ
444 5194 562 5263 τῆς
588 5187 903 5258 οἰκοδομῆς
928 5187 1038 5255 τῆς
1080 5187 1448 5255 Ἑκκλησίας.

190 5262 341 5354 ξΠερὶ
367 5286 479 5340 τοῦ

273 5557 471 5611 ἐθνῶν
507 5556 768 5627 εἰρήνης.

505 5282 761 5352 Χριστοῦ
783 5281 864 5352 ὡς
895 5278 1031 5352 περὶ,
1055 5278 1354 5352 Βασιλέως
1384 5277 1633 5352 ἥξοντος
1658 5279 1753 5352 ἐπὶ

193 5350 201 5395 ι
272 5347 581 5423 ὗποζυτίιῤ
597 5352 693 5423 καὶ
716 5349 908 5423 “tum.
941 5347 1050 5423 real
1066 5347 1540 5423 oloogeuo’grtoq
1554 5349 1620 5401 τὸ
1649 5347 1756 5423 πά-

271 5425 376 5475 λαι
402 5411 625 5475 οἰκοῦν
648 5421 718 5473 ἐν
757 5411 1138 5484 Ἰερουσαλὴμ
1180 5411 1296 5469 τῶν
1344 5415 1623 5484 Ῑουδαίων
1660 5420 1754 5484 Ιπ-

273 5492 458 5543 πικόν
519 5505 585 5541 τε
630 5487 726 5540 καὶ
776 5484 1079 5539 ὁπλιτικόν
1100 5499 1112 5513 '
1168 5484 1262 5537 καὶ
1309 5483 1438 5550 περὶ
1480 5483 1587 5552 τῆς
1640 5483 1756 5538 τῶν

1918 4840 2033 4875 rum
2055 4840 2165 4877 esse
2192 4826 2259 4877 ad
2285 4824 2578 4878 Jerusalem
2608 4823 2862 4892 praedicit,
2886 4829 3056 4892 gentes
3095 4816 3163 4871 ad
3207 4818 3379 4885 ipsum

1919 4909 1973 4946 se
1995 4908 2323 4947 concessuros
2358 4897 2574 4945 missum
2607 4888 2637 4944 ο
2674 4888 2901 4943 Domino
2919 4888 3280 4955 omnipotente.

1853 5046 1928 5101 De
1955 5047 2160 5130 Christo
2187 5048 2338 5117 quasi
2363 5046 2629 5167 {esuflio
2650 5044 2865 5099 Josedec
2881 5060 2900 5108 ;
2927 5053 2975 5125 et
2995 5041 3131 5122 quod
3157 5043 3267 5108 ipse
3306 5042 3381 5098 uir

1923 5116 2107 5167 Oriens
2132 5133 2311 5167 nomen
2338 5132 2404 5167 ei.
2428 5129 2477 5167 et
2533 5134 2560 5167 οι
2591 5114 2835 5167 Ecclesue
2863 5112 3225 5167 aediﬁcatione.

1923 5116 2107 5173 Oriens
2132 5112 2311 5170 nomen
2338 5117 2404 5181 ei,
2428 5112 2560 5169 etde
2591 5114 2835 5169 Ecclesue
2863 5112 3225 5181 tediﬁcatione.

1853 5276 1929 5331 De
1954 5275 2163 5330 Christo
2206 5275 2357 5344 quasi
2382 5273 2514 5344 Rege
2563 5283 2771 5328 venturo
2818 5270 2884 5344 in_
2902 5288 2963 5344 ea
2996 5285 3113 5340 qua:
3142 5268 3237 5322 sub
3263 5270 3385 5344 iugo

1920 5357 1997 5399 est
2026 5355 2074 5398 et
2105 5347 2157 5397 in
2184 5341 2326 5411 pullo
2352 5341 2486 5412 ejus,
2521 5355 2568 5396 et
2592 5358 2829 5396 eversuro
2855 5341 3181 5412 Judteorum
3199 5341 3387 5412 equites

1920 5425 1967 5468 et
1997 5406 2226 5467 armatos
2252 5414 2338 5481 qui
2365 5406 2490 5465 olim
2534 5412 2838 5466 habitabant
2878 5412 2931 5463 in
2963 5406 3305 5472 Jerusalem;
3332 5406 3387 5460 de

1921 5499 2046 5552 pace
2065 5484 2312 5552 gentium.

218 5643 312 5710 Ὠς
343 5649 378 5698 ό
426 5643 579 5708 Θεὸς
607 5624 791 5711 Λόγος
827 5640 1034 5707 Κύριος
1065 5638 1500 5710 ὀνομαζόμενος,
1542 5642 1738 5708 Kvplc:

1858 5636 2125 5711 Quomon
2149 5636 2286 5691 Deus
2336 5635 2552 5711 Verbum
2582 5634 2832 5691 Dominus
2865 5633 3193 5694 nominatus,
3218 5624 3388 5681 Domi.

276 5709 386 5769 τοῦ
433 5712 668 5777 Πατρὸς
699 5709 1001 5776 μέμνηται.

1927 5724 2050 5762 num
2080 5706 2292 5761 Patrem
2316 5706 2566 5759 meminit.
