3926 6374
210 386 330 440 1191

1143 386 1425 444 ECLOGA:
1464 350 1929 445 pnorrtnrtm.
1969 420 2035 430 —
2072 388 2195 444 un.
2235 390 2322 446 ιιι.

3223 393 3359 448 1122

210 497 306 549 τῶν
341 496 594 550 ἀνέκαθεν
626 499 914 568 προφητῶν
955 498 1049 561 τὰς
1093 501 1218 570 περὶ
1243 501 1404 554 αὑτοῦ
1437 504 1725 572 πιστουμέ-

1827 504 1948 558 inde
1969 519 2074 557 non
2103 503 2369 557 immerito
2393 503 2809 571 exprobraretur
2836 503 3054 564 Jndzeis.
3081 504 3172 575 qui
3203 507 3358 560 Chri-

209 601 302 636 νων
346 584 660 648 ἀποδείξεις.
708 586 865 638 Ὅθεν
914 587 1130 649 εἰκότως
1159 590 1222 642 ἄν
1253 607 1334 651 τις
1381 591 1644 654 Ἰουδαίοις
1676 610 1733 645 τε

209 671 276 740 μὴ
303 670 389 722 τὸν
421 672 648 739 Χριστὸν
671 673 1139 743 παραδεξαμένοις,
1163 677 1253 728 καὶ
1275 679 1383 738 τοίς
1406 679 1502 739 τὰς
1529 695 1735 748 προφη-

206 763 342 821 τείας
388 760 638 813 ἀΟετοῦσι
665 761 1002 831 αἱρεσιὼταις
1028 765 1430 833 καταμέμψοιτο
1475 769 1552 828 εἰς
1603 768 1733 820 ἀσύ-

207 865 363 901 στατα
393 851 864 920 περιτρεπομένοις
884 869 896 881 ·
920 855 968 903 oi
999 854 1092 920 μὲν
1111 853 1216 922 γὰρ
1235 854 1306 914 ὡς
1327 853 1457 906 Θεοῦ
1480 855 1576 917 τὰς
1607 873 1734 926 προ-

206 937 418 1008 φητείας
448 940 845 1010 ἀποδεχόμενοι,
874 941 1066 1003 ταύτας
1104 942 1312 1010 ψευδεῖς
1353 945 1733 1012 ἀπελέγχουσιν

205 1026 402 1087 ἀτελεῖς
428 1027 593 1089 αὑτὰς
615 1028 1038 1091 καταλείποντες,
1067 1030 1144 1081 ὅτι
1177 1029 1246 1098 μὴ
1270 1030 1367 1092 τὰς
1397 1033 1474 1092 εἰς
1498 1033 1584 1082 τὸν
1606 1033 1734 1102 Χρι-

207 1115 321 1166 στὸν
347 1116 559 1185 ἀποπλη
571 1117 825 1185 ρωθείσας
845 1118 952 1169 τῶν
980 1119 1312 1188 προφητειῶν
1358 1121 1604 1183 ἐκϐάσεις
1632 1116 1732 1173 οἷοί

203 1204 262 1256 τέ
288 1206 388 1255 εἰσι
418 1206 811 1275 παραδέξασθαι
831 1224 843 1236 ·
879 1211 926 1259 οί
955 1209 1010 1260 δὲ
1033 1210 1121 1260 τὸν
1145 1210 1370 1278 Χριστὸν
1415 1211 1730 1279 ὁμολογοῦν-

205 1311 289 1355 τες
319 1294 614 1348 ἀσύστατον
643 1298 733 1349 καὶ
763 1298 1133 1350 ἀναπόδεικτον
1154 1301 1248 1368 τὴν
1269 1303 1345 1362 εἰς
1377 1302 1534 1354 αὑτὸν
1558 1303 1732 1355 πίστιν

206 1386 532 1454 περιέπουσι,
569 1388 640 1457 μὴ
673 1391 780 1450 τοῖς
813 1388 1125 1458 θαυμασίοις
1155 1391 1245 1442 τοῦ
1275 1389 1404 1442 Θεοῦ
1437 1395 1732 1461 προφήταις

203 1474 268 1526 τά
287 1492 350 1525 πε
361 1477 410 1545 pl.
431 1476 591 1528 αὑτοῦ
621 1480 1139 1549 προμαρτυρομένοις
1159 1480 1521 1550 συγχρῶμενοι
1545 1485 1730 1552 ’ἡμεῖς

204 1564 262 1628 γέ
284 1579 382 1614 τοι⁸
413 1565 510 1626 τὰς
554 1565 726 1633 μέντοι
757 1568 1078 1636 προφητείας
1115 1569 1199 1621 διὰ
1233 1570 1327 1638 τῆς
1362 1570 1452 1621 τοῦ
1502 1572 1730 1640 Χριστοῦ

204 1654 518 1723 παρουσίας,
552 1655 752 1724 ταύτην
767 1657 822 1708 δὲ
847 1657 931 1709 διὰ
961 1657 1066 1709 τῶν
1089 1659 1418 1728 προφητειῶν
1446 1663 1733 1731 πιστούμε-

201 1758 298 1806 νοι,
339 1743 399 1794 τὸ
427 1743 589 1810 φανὸν
635 1745 725 1796 καὶ
757 1747 973 1815 στερρὸν
1020 1747 1118 1814 τῆς
1163 1748 1411 1817 ἀληθείας
1459 1750 1732 1820 ἀνεξελέγ-

203 1848 345 1894 κτοις
402 1833 696 1896 ἀποδείξεσι
750 1837 1108 1906 παριστῶμεν,
1169 1838 1347 1890 Ταῦτα
1401 1841 1496 1909 μὲν
1544 1841 1618 1903 ὡς
1669 1845 1726 1896 ἐν

204 1923 463 1991 προοιμίῳ
483 1940 495 1952 ·
528 1923 688 1991 ἴωμεν
710 1923 763 1975 δὲ
787 1925 876 1976 ἐπὶ
903 1925 959 1976 τὸ
990 1928 1359 1997 προκείμενον.

711 2035 1000 2088 ΚΕΦΑΛΑΙ
1009 2037 1096 2088 ΟΝ
1148 2039 1227 2090 Α’.

657 2147 782 2199 Ἀπὸ
818 2147 933 2200 τῶν
957 2149 1297 2216 Παροιμιῶν.

268 2257 416 2309 Πᾶσα
462 2256 558 2325 μὲν
591 2259 622 2324 ἡ
658 2256 830 2325 βίϐλος
860 2257 964 2309 τῶν
1001 2259 1307 2328 Παροιμιῶν
1339 2261 1400 2312 ἐκ
1449 2261 1730 2331 προσώπου

204 2344 439 2412 λέγεσθαι
461 2345 562 2412 τῆς
594 2345 786 2413 Σοφίας
809 2346 967 2412 ἔοικε,
993 2348 1065 2416 πῆ
1097 2349 1193 2417 μὲν
1224 2350 1314 2401 τὸν
1347 2351 1528 2418 ἠθικὸν
1555 2353 1734 2404 ὑποτι-

206 2434 420 2504 θεμένης
473 2434 606 2504 βίον,
653 2437 728 2504 πῆ
759 2437 813 2488 δὲ
853 2439 1358 2509 προσωποποιούσης
1407 2441 1604 2511 ἐτέρων
1648 2442 1732 2494 λό-

204 2541 354 2591 γους’
388 2525 478 2578 καὶ
513 2525 642 2576 ποτὲ
679 2525 772 2594 μὲν
803 2526 1089 2594 αἰνίγματα
1123 2527 1570 2598 προϐαλλομένης,
1605 2531 1730 2582 ποτὲ

203 2615 245 2667 δ’
275 2611 336 2668 αὖ
370 2616 498 2686 περὶ
525 2617 693 2685 αὑτῆς
721 2632 838 2668 τινα
868 2616 1228 2684 διδασκούσης,
1259 2620 1351 2670 καὶ
1391 2620 1457 2671 τὰ
1491 2622 1612 2690 περὶ
1639 2621 1730 2672 τοῦ

205 2705 387 2773 ἑαυτῆς
437 2705 620 2758 ἐνθέου
670 2704 970 2774 ἀξιώματος
1030 2706 1395 2776 παιδευούσης.
1451 2709 1662 2762 Τούτων
1686 2710 1730 2761 δ’

204 2795 556 2864 ἀναλεξάμεθα
589 2794 651 2846 δι’
683 2788 756 2846 ὧν
812 2793 1141 2865 μανθάνομεν
1187 2797 1266 2847 ὅτι
1320 2797 1382 2866 δὴ
1430 2795 1560 2859 ζῶον
1593 2799 1730 2852 θεῖον

205 2885 288 2937 καὶ
316 2885 484 2954 πάντη
515 2885 614 2954 τὴν
644 2884 797 2952 φύσιν
832 2885 1077 2955 ἐνάρετον
1121 2887 1152 2954 ἠ
1186 2887 1349 2954 Σοφία
1395 2888 1666 2956 τυγχάνει,
1695 2892 1727 2960 ἠ

205 2975 327 3046 αὑτὴ
366 2972 496 3028 οὖσα
551 2974 628 3044 τῷ
658 2974 790 3044 μετὰ
835 2974 922 3025 τὸν
951 2974 1158 3045 πρῶτον
1207 2975 1336 3027 Θεὸν
1367 2976 1595 3047 δευτέρῳ
1625 2978 1730 3030 τῶν

201 3065 325 3117 ὅλων
378 3065 534 3132 αἰτίῳ
558 3101 574 3125 ,
622 3063 698 3132 τῷ
745 3080 802 3114 τε
838 3081 856 3112 ι
895 3066 950 3115 ἐν
983 3065 1120 3132 ἀρχῇ
1148 3063 1280 3132 πρὸς
1319 3065 1406 3115 τὸν
1441 3065 1569 3117 Θεὸν
1615 3065 1730 3134 Θεῷ

204 3153 364 3222 Λόγῳ,
399 3172 418 3204 ›
451 3155 543 3206 καὶ
568 3155 632 3221 τῇ
659 3151 927 3221 διοικούσῃ
967 3152 1060 3202 καὶ
1107 3151 1454 3222 οἱκονομούσῃ
1483 3153 1549 3204 τὰ
1597 3153 1730 3222 σύμ-

203 3249 388 3305 παντα,
419 3240 511 3292 καὶ
542 3240 698 3309 μέχρι
723 3240 826 3291 τῶν
853 3241 942 3292 ἐπὶ
963 3241 1064 3309 γῆς
1105 3240 1434 3308 πραγμάτων
1465 3240 1728 3311 φθανούσῃ
1757 3252 1796 3306 C

204 3330 415 3401 προνοίᾳ
440 3329 534 3382 τοῦ
574 3329 726 3394 Θεοῦ,
760 3330 792 3399 ἡ
841 3329 932 3381 καὶ
961 3329 1064 3399 πρὸ
1092 3329 1270 3398 πάσης
1299 3329 1481 3393 οὑσίας
1534 3347 1592 3384 τε
1639 3334 1729 3384 καὶ

203 3421 536 3481 ὑποστάσεως
563 3419 822 3483 ἔκτισται,
853 3418 988 3488 ἀρχὴ
1028 3419 1159 3472 ὁδῶν
1187 3416 1315 3472 οὖσα
1347 3421 1443 3489 τῆς
1473 3421 1596 3490 ὅλης
1635 3421 1728 3490 δη-

207 3509 499 3580 μιουργίας.
537 3507 615 3559 Τὰ
638 3506 692 3558 δὲ
729 3506 862 3577 ῥητά
889 3508 961 3568 ὼς
991 3505 1047 3569 ἐξ
1072 3507 1236 3575 αὑτῆς
1258 3506 1356 3574 τῆς
1389 3507 1583 3575 Σοφίας
1610 3507 1729 3559 τοῦ·

203 3615 281 3651 τον
303 3586 548 3651 λέλεκται
588 3597 676 3649 τὸν
703 3597 895 3666 τρόπον
917 3610 930 3623 ⁸
969 3614 987 3646 ι
1022 3595 1158 3663 Ἐγὼ
1205 3596 1427 3666 ἡΣοφία
1467 3598 1727 3667 κατεσκή-

204 3703 335 3740 νωσα
370 3687 564 3756 βουλὴν
597 3686 687 3738 καὶ
714 3684 927 3751 γνῶσιν,
965 3683 1055 3737 καὶ
1084 3683 1282 3736 ἔννοιαν
1321 3683 1429 3751 ἐγὼ
1481 3685 1730 3738 ἐπεκαλε-

205 3777 391 3847 σάμην.
445 3774 611 3837 Φόῦος
662 3774 861 3843 Κυρίου
912 3775 1056 3843 μισεῖ
1097 3774 1306 3837 κακίαν,
1359 3773 1510 3844 ὓϐριν
1542 3793 1598 3827 τε
1636 3777 1727 3828 καὶ

205 3866 564 3937 ὑπερηφανίαν
602 3863 692 3915 καλ⁹
740 3864 885 3925 ὀδοὺς
921 3864 1197 3934 πονηρῶν,
1255 3863 1484 3933 ἐμίσησα
1527 3865 1580 3917 δὲ
1621 3865 1727 3933 ἐγὼ

202 3951 618 4024 διεστραμμένας
651 3951 798 4013 ὁδοὺς
825 3951 1026 4004 κακῶν.
1059 3954 1191 4022 Ἐμὴ
1230 3950 1384 4022 βουλὴ
1425 3955 1517 4005 καλ⁸
1553 3954 1724 4022 ἀσφάο

203 4043 338 4098 λεια·
372 4045 480 4112 ἐγὼ
511 4045 751 4104 σύνεσις,
793 4043 895 4112 ἐμὴ
929 4043 982 4095 δέ
1010 4044 1174 4112 ἰσχύς.
1216 4045 1290 4096 Δι’
1324 4044 1454 4114 ἐμοῦ
1496 4045 1725 4114 βασιλεῖς

206 4134 560 4201 βασιλεύουσι,
636 4133 726 4184 καὶ
795 4135 840 4185 οί
890 4133 1138 4186 δυνάσται
1205 4135 1466 4204 γράφουσι
1523 4136 1722 4188 δικαιο-

206 4225 376 4294 σύνην.
401 4226 474 4276 Δι’
513 4223 648 4293 ἐμοῦ
694 4225 1006 4293 μεγιστᾶνες
1063 4224 1461 4292 μεγαλύνονται,
1507 4225 1597 4276 καὶ
1632 4224 1724 4276 τύ-

209 4329 368 4381 ραννοι
407 4315 472 4368 δι’
527 4313 659 4383 ἐμοῦ
696 4313 950 4382 κρατοῦσι
980 4314 1095 4382 γῆς’
1142 4315 1276 4380 Ἐγὼ
1323 4317 1444 4377 τοὺς
1486 4317 1582 4382 ἐμὲ
1641 4333 1725 4384 φι-

204 4400 408 4466 λοῦντας
479 4400 697 4469 ἀγαπῶ,
749 4401 796 4452 οἱ
838 4401 893 4452 δὲ
940 4401 1036 4467 ἐμὲ
1096 4401 1380 4470 ζητοῦντες
1443 4403 1722 4474 εὑρήσουσι

205 4497 363 4562 χάριν.
396 4495 627 4554 Πλοῦτος
655 4493 744 4544 καὶ
791 4491 912 4555 δόξα
957 4492 1077 4560 ἐμοὶ
1128 4494 1384 4563 ὑπάρχει,
1418 4494 1508 4546 καὶ
1538 4496 1722 4563 κτῆσις

207 4583 394 4635 πολλῶν
445 4585 537 4637 καὶ
574 4581 902 4649 δικαιοσύνη.
953 4582 1163 4635 Βέλτιον
1221 4583 1317 4650 ἐμὲ
1369 4584 1720 4653 καρπίζεσθαι

207 4672 332 4744 ὑπὲρ
363 4674 579 4744 χρυσίον
636 4673 729 4725 καὶ
783 4670 923 4723 λίθον
979 4671 1150 4740 τίμιον
1184 4673 1374 4725 πολύν·
1403 4674 1471 4726 τὰ
1517 4675 1570 4726 δὲ
1617 4676 1721 4744 ἐμὰ

206 4765 494 4834 γεννήματα
525 4763 756 4833 κρείσσω
783 4761 1038 4830 ἀργυοίου
1065 4761 1333 4816 ἐκλεκτοῦ.
1402 4765 1486 4816 Ἐν
1511 4763 1588 4832 (F.
1618 4765 1720 4833 26)

207 4851 326 4915 ὁδοῖς
372 4852 708 4921 δικαιοσύνης
762 4851 1066 4920 περιπατῶ,
1102 4853 1191 4904 καὶ
1215 4853 1476 4922 ἀναμέσον
1525 4855 1720 4923 τρίϐων

207 4938 545 5009 δικαιώματος
608 4939 1037 5008 ἀναστρέφομαιο
1090 4939 1173 4990 ἴνα
1227 4941 1430 5008 μερίσω
1470 4945 1578 5004 τοῖς
1622 4943 1718 5011 ἐμὲ

207 5028 469 5094 ἀγαπῶσιν
503 5029 750 5099 ὓπαρξιν,
782 5029 872 5080 καὶ
899 5029 1019 5089 τοὺς
1060 5027 1355 5098 θησαυροὺς
1399 5029 1572 5080 αὑτῶν
1620 5033 1718 5099 ἐμ·

210 5117 382 5188 πλήσω
410 5120 653 5187 ἀγαθῶνο
689 5117 780 5170 ἐὰν
807 5118 1105 5184 ἀναγγείλω
1127 5120 1249 5186 ὑμῖν
1275 5118 1341 5170 τὰ
1370 5119 1486 5171 καθ’
1512 5120 1716 5189 ἡμέραν

208 5209 462 5278 γινόμενα,
491 5211 838 5280 μνημονεύσω
859 5211 923 5261 τὰ
964 5209 1021 5274 ἐξ
1047 5208 1234 5268 αἰῶνος
1267 5207 1576 5277 ἀριθμῆσαι.
1615 5208 1718 5260 Κύ-

212 5312 309 5363 ριος
329 5299 500 5352 ἔκτισε
525 5317 588 5368 με
609 5300 776 5370 ἀρχὴν
800 5297 929 5351 ὁδῶν
960 5297 1117 5349 αὑτοῦ
1147 5299 1223 5357 είς
1248 5288 1380 5365 ἔργα
1411 5297 1592 5361 αὑτοῦ,
1616 5299 1718 5369 πρὸ

207 5384 288 5436 τοῦ
310 5387 492 5450 αἰῶνος
512 5388 826 5457 ἐθεμελίωσέ
853 5404 936 5455 με,
964 5389 1019 5438 ἐν
1047 5388 1182 5454 ἀρχῇ
1229 5386 1331 5453 πρὸ
1365 5385 1456 5436 τοῦ
1494 5385 1588 5454 τὴν
1618 5389 1717 5456 γῆν

211 5475 428 5543 ποιῆσαι,
455 5478 546 5529 καὶ
578 5477 680 5547 πρὸ
703 5477 792 5528 τοῦ
822 5477 916 5538 τὰς
936 5475 1195 5536 ἀϐύσσους
1226 5475 1461 5542 ποιῆσαι,
1496 5475 1598 5544 πρὸ
1625 5474 1714 5526 τοῦ

210 5563 364 5617 ἐλθεῖν
394 5568 487 5630 τὰς
520 5568 695 5636 πηγάς
741 5567 844 5619 τῶν
895 5567 1124 5618 ὑδάτων·
1167 5564 1268 5630 πρὸ
1311 5563 1401 5615 τοῦ
1435 5564 1530 5633 ὅρη
1559 5566 1715 5635 ἐδρα-

212 5649 403 5720 σθῆναι,
453 5656 554 5726 πρὸ
578 5655 631 5706 δὲ
681 5656 890 5708 πάντων
924 5653 1138 5722 βουνῶν,
1168 5653 1327 5720 γεννᾷ
1389 5667 1472 5720 με.
1519 5651 1714 5720 Κύριος

271 5767 311 5800 ’ν
346 5767 494 5824 Joan.
534 5784 585 5823 ι.
622 5769 672 5823 1.

1837 602 1977 648 stum
2006 609 2112 646 non
2143 592 2448 655 admittunt,
2480 608 2577 646 nec
2604 609 2709 646 non
2758 595 3019 651 haereticis
3054 597 3360 665 prophetias

1836 683 2223 751 rejieientibus,
2273 684 2413 753 quod
2469 685 2522 737 in
2569 685 3043 740 contradictionem
3093 687 3355 741 incidunt.

1836 775 1913 827 Illi
1935 775 2074 828 enim
2104 775 2247 828 velut
2277 789 2306 827 a
2333 773 2440 827 Deo
2463 773 2772 842 prophetias
2815 775 3103 844 accipiunt,
3136 776 3358 829 menda-

1836 865 1903 917 cii
1926 875 2097 919 auteni
2122 880 2213 919 eas
2233 874 2483 934 arguunt,
2510 867 2633 918 dum
2658 863 2990 932 imperfectas
3013 881 3133 919 esse
3153 867 3353 928 sinunt,

1837 954 1890 1006 in
1912 955 2124 1008 Christo
2147 963 2570 1008 consummatum
2600 953 2766 1007 fuisse
2786 953 3176 1020 prephetiarum
3193 970 3355 1008 even-

1835 1050 1948 1094 tum
1994 1057 2281 1112 agnoscere
2305 1053 2660 1110 nequeuntes;
2689 1042 2741 1094 hi
2788 1057 2934 1102 vero,
2963 1043 3051 1109 qui
3087 1043 3354 1096 Christum

1835 1132 2175 1194 conﬁtentur,
2204 1132 2487 1186 absurdam
2514 1139 2691 1184 tamen
2725 1147 2896 1200 neque
2926 1134 3085 1185 certis
3120 1131 3353 1185 fulcitam

1834 1221 2172 1276 documentis
2213 1222 2366 1278 [idem
2403 1223 2521 1289 ejus
2575 1222 2926 1282 contendunt,
2974 1221 3356 1275 admirabiliter

1835 1310 1925 1365 Dei
1960 1312 2267 1380 prophetas,
2299 1313 2390 1380 qui
2423 1313 2788 1366 testimonium
2835 1313 2959 1365 olim
3007 1311 3072 1364 de
3122 1325 3186 1363 eo
3235 1309 3358 1362 red-

1834 1403 2103 1468 diderunt,
2126 1418 2232 1455 non
2261 1411 2629 1471 agnoscentes.
2659 1402 2796 1467 Quid
2824 1416 2950 1456 vero
2977 1401 3108 1454 nos?
3132 1399 3359 1468 Prophco

1835 1492 1935 1546 tias
1970 1493 2183 1560 quidem
2221 1501 2436 1562 propter
2487 1493 2685 1547 Christi
2741 1492 3045 1553 adventum,
3076 1493 3218 1544 hunc
3263 1505 3355 1543 auo

1833 1588 1938 1636 tem
1974 1595 2188 1652 propter
2231 1585 2533 1652 prophetias
2581 1585 2866 1644 credimus,
2907 1599 2971 1636 ac
3034 1583 3355 1637 evidentiam

1840 1677 2118 1746 roburque
2141 1678 2378 1732 veritatis
2413 1677 2730 1730 arctissimis
2763 1675 3104 1729 ostendemus
3138 1674 3356 1727 demon-

1835 1766 2205 1820 strationibus.
2231 1765 2333 1820 S‘ed
2364 1767 2492 1820 satis
2519 1765 2582 1819 de
2610 1763 2896 1833 prooemio;
2917 1762 3025 1830 jam
3065 1761 3130 1814 ad
3166 1773 3356 1831 pr0po-

1829 1855 1986 1909 situm
2027 1865 2377 1911 transeamus.

2445 2052 2667 2107 CAPUT
2703 2053 2743 2107 1.

2405 2161 2454 2214 Ε
2480 2161 2792 2217 Prorerbiis.

1899 2273 2064 2328 Totus
2087 2272 2492 2328 Proverbiorum
2515 2275 2649 2328 liber
2670 2274 2734 2328 de
2755 2273 3048 2345 Sapientia,
3071 2275 3113 2330 si
3137 2276 3199 2329 ad
3222 2275 3354 2330 titu-

1830 2363 1938 2416 lum
1987 2364 2266 2433 respicias,
2293 2371 2527 2418 tractare
2566 2364 2803 2427 videtur;
2834 2380 2976 2418 nunc
3008 2366 3248 2419 moribus
3277 2367 3355 2418 vi-

1829 2461 1936 2507 tam
1967 2454 2204 2518 instruit,
2246 2469 2390 2508 nunc
2429 2455 2562 2509 alios
2605 2455 2880 2523 loquentes
2927 2455 3170 2507 inducit:
3214 2471 3354 2508 non-

1829 2559 2098 2611 nunquam
2133 2544 2381 2612 proponit
2426 2545 2738 2612 aenigmata;
2772 2543 2940 2611 ipsam
2991 2544 3257 2598 interdum
3288 2544 3356 2598 de

1828 2663 1886 2702 se
1914 2648 2152 2717 quaedam
2180 2647 2510 2708 edocentem,
2539 2648 2808 2715 multaque
2831 2646 2896 2700 de
2926 2647 3104 2700 divina
3136 2648 3353 2700 suimet-

1829 2737 1998 2806 ipsius
2054 2737 2314 2805 dignitate
2361 2735 2747 2789 ostendentem.
2798 2735 3032 2800 Quorum
3083 2751 3142 2788 ea
3205 2737 3356 2804 prius

1827 2824 2136 2892 colligemus
2160 2823 2355 2892 quibus
2385 2833 2711 2890 compertum
2755 2824 3012 2878 habemus
3041 2825 3241 2894 aliquid
3273 2824 3356 2878 di-

1825 2915 2006 2967 vinum
2035 2928 2152 2967 esse
2176 2913 2486 2981 sapientiam
2514 2922 2565 2967 et
2590 2922 2778 2966 natura
2798 2915 3014 2968 omnino
3044 2917 3354 2984 przecellen-

1827 3011 1957 3064 tem,
1989 3004 2264 3071 ipsamque
2293 3003 2604 3068 secundam,
2640 3011 2760 3072 post
2789 3005 3020 3073 priorem
3053 3004 3239 3069 Deum,
3271 3022 3354 3061 re-

1828 3121 1946 3160 rum
2000 3107 2369 3160 [universarum
2421 3121 2661 3173 causam,
2693 3124 2808 3176 qua:
2850 3111 3064 3177 quidem
3109 3127 3229 3164 cum
3285 3113 3354 3167 sit

1836 3215 1855 3247 ι
1890 3197 1945 3249 ἰιι
1983 3198 2247 3266 principio
2269 3201 2405 3268 apud
2428 3200 2591 3254 Deum
2625 3199 2764 3253 Deus
2786 3198 3100 3263 Verbum”.
3123 3221 3142 3254 ι
3177 3203 3352 3256 omnia

1831 3300 2021 3354 regens
2065 3293 2224 3355 atque
2250 3288 2525 3349 ordinans.
2554 3296 2606 3340 et
2627 3287 2718 3340 Dei
2747 3289 3080 3356 providentia
3104 3292 3353 3345 omnibus

1828 3389 1945 3442 qum
1993 3383 2118 3429 sunt
2171 3390 2331 3444 super
2369 3383 2562 3430 terram
2609 3377 2915 3437 consulens,
2963 3386 3086 3432 ante
3142 3393 3350 3432 omnem

1827 3464 2112 3516 essentiam
2176 3473 2228 3518 et
2281 3463 2634 3517 substantiam
2705 3475 3009 3534 procreata,
3071 3467 3352 3534 omnisque

1827 3554 2114 3605 creationis
2136 3553 2342 3606 viarum
2367 3553 2707 3622 principium.
2734 3553 2856 3606 Haec
2892 3569 3017 3607 vero
3049 3569 3166 3622 quae
3197 3555 3350 3622 quasi

1827 3653 1890 3708 de
1920 3670 1978 3708 se
2010 3654 2120 3722 ipsa
2148 3653 2415 3723 Sapientia
2444 3656 2572 3709 dicit
2603 3671 2616 3706 :
2654 3674 2672 3706 ι
2712 3654 2822 3723 Ego
2866 3653 3136 3723 Sapientia
3170 3655 3350 3710 habito

1827 3745 1879 3798 in
1935 3745 2180 3807 consilio,
2218 3753 2271 3798 et
2324 3745 2548 3800 eruditis
2609 3747 2864 3799 intersum
2915 3745 3345 3814 cogitationibus.

1825 3833 2008 3888 Timor
2029 3836 2232 3889 Domini
2255 3837 2368 3890 odit
2397 3838 2593 3891 malum
2625 3856 2638 3888 :
2671 3837 3051 3904 arrogantiam,
3083 3844 3134 3890 et
3166 3851 3349 3904 δίψει-ν

1824 3924 1986 3987 biam,
2031 3933 2084 3978 et
2136 3927 2274 3979 viam
2320 3941 2558 3995 pravam,
2605 3937 2653 3979 et
2699 3941 2760 3980 os
2804 3927 3038 3996 bilingue
3090 3927 3344 3981 detestor.

1826 4013 1995 4068 Meum
2029 4023 2111 4070 est
2137 4015 2438 4078 consilium,
2469 4023 2520 4069 et
2550 4016 2810 4085 :equitas;
2846 4031 2960 4069 mea
3007 4025 3088 4069 est
3114 4016 3348 4084 pruden-

1824 4105 1894 4158 tia
1922 4123 1936 4169 ;
1973 4119 2087 4157 mea
2119 4112 2201 4158 est
2227 4103 2511 4157 'fortitudo.
2544 4103 2645 4157 Per
2683 4121 2767 4158 me
2817 4120 2971 4173 reges
3017 4110 3261 4174 regnant,
3291 4109 3345 4156 et

1824 4195 1998 4262 legum
2043 4193 2345 4245 conditores
2385 4191 2531 4259 justa
2587 4191 2912 4257 decernunt;
2955 4208 3048 4260 per
3081 4207 3164 4244 me
3193 4191 3341 4257 prin-

1823 4284 1967 4351 cipes
2037 4283 2316 4351 imperant,
2380 4291 2432 4335 et
2490 4283 2697 4351 tyranni
2763 4289 2916 4336 terrae
2972 4283 3339 4336 dominantur.

1823 4371 1932 4441 Ego
1953 4373 2231 4441 diligentes
2269 4389 2350 4426 me
2385 4373 2548 4443 diligo
2607 4391 2618 4425 :
2654 4381 2705 4425 et
2733 4373 2821 4440 qui
2853 4387 3007 4426 mane
3031 4373 3250 4440 vigilant
3277 4373 3342 4426 ad

1823 4489 1925 4534 me,
1959 4474 2227 4528 invenient
2254 4489 2366 4528 me.
2400 4474 2602 4528 Mecum
2653 4481 2777 4528 sunt
2818 4473 3032 4532 divitiae.
3059 4480 3111 4525 et
3155 4472 3341 4540 gloria,

1755 4569 1794 4621 D
1823 4579 1950 4631 opes
1986 4565 2247 4632 superbae.
2278 4573 2329 4619 et
2367 4565 2595 4633 justitia.
2625 4564 2810 4618 Melior
2840 4572 2922 4617 est
2953 4564 3092 4616 enim
3137 4561 3343 4613 fructus

1822 4669 1972 4707 meus
2021 4669 2171 4718 auro,
2208 4663 2261 4708 et
2309 4654 2482 4724 lapide
2523 4655 2774 4724 pretioso,
2805 4661 2858 4706 et
2913 4651 3178 4720 genimina
3226 4663 3340 4704 mea

1820 4749 2042 4810 argento
2079 4744 2267 4798 electo.
2321 4745 2372 4796 In
2428 4744 2528 4798 viis
2567 4743 2788 4811 justitice
2811 4740 3046 4800 ambulo,
3087 4740 3138 4792 in
3166 4737 3342 4790 medio

1820 4832 2127 4886 semitarum
2155 4833 2362 4901 judicii,
2407 4839 2462 4884 ut
2497 4832 2658 4885 ditem
2692 4830 2972 4898 diligentes
3011 4842 3113 4890 me,
3147 4835 3199 4880 et
3227 4827 3342 4880 the.

1820 4936 2006 4975 sauros
2055 4937 2236 4975 eorum
2294 4922 2543 4990 repleam.
2584 4919 2837 4972 Dominus
2881 4915 3114 4985 possedit
3157 4931 3239 4969 me
3285 4917 3337 4969 in

1819 5012 1972 5066 initio
2000 5011 2201 5065 viarum
2243 5027 2480 5078 suarum,
2515 5018 2796 5078 antequam
2827 5005 3113 5076 quidquam
3143 5004 3340 5059 faceret

1820 5131 1850 5168 a
1874 5114 2152 5183 principio.
2203 5115 2286 5168 Ab
2314 5124 2512 5168 aeterno
2542 5112 2782 5166 ordinata
2822 5125 2940 5164 sum
2961 5147 2975 5171 ,
3008 5116 3061 5162 et
3100 5123 3164 5161 ex
3199 5108 3339 5160 anti-

1819 5204 1938 5272 quis
1966 5212 2248 5273 antequam
2287 5215 2426 5258 terra
2451 5203 2616 5256 ﬁeret.
2662 5200 2905 5254 Nondum
2953 5206 3105 5251 erant
3138 5197 3335 5266 abyssi,

1819 5305 1872 5352 et
1891 5312 1988 5366 ego
2015 5297 2125 5364 jam
2174 5306 2427 5365 concepta
2473 5311 2653 5357 eram;
2694 5292 2918 5346 necdum
2969 5289 3142 5342 fontes
3173 5302 3339 5356 aqua-

1820 5401 1936 5441 rum
1966 5395 2281 5454 eruperant;
2323 5385 2548 5440 necdum
2594 5391 2802 5436 montes
2833 5378 2976 5447 gravi
3047 5377 3184 5430 mole
3210 5392 3340 5430 con—

1823 5477 2064 5532 stiterant
2092 5493 2103 5526 :
2132 5484 2253 5529 ante
2277 5477 2441 5530 colles
2488 5489 2585 5544 ego
2635 5471 2986 5542 parturiebar.
3019 5466 3205 5519 Adhuc
3233 5474 3338 5518 ter-

1818 5581 1932 5619 ram
1982 5581 2087 5619 non
2145 5566 2364 5629 fecerat,
2402 5574 2454 5619 et
2513 5563 2751 5622 ﬂumina,
2795 5566 2848 5613 et
2895 5556 3138 5611 cardines
3193 5553 3338 5607 orbis

1817 5663 1990 5710 terrae.
2025 5655 2249 5720 Quando
2277 5654 2604 5724 praeparabat
2632 5652 2818 5713 caalos,
2851 5648 3094 5711 aderam;
3124 5641 3338 5712 quando
