3926 6374
216 386 344 442 “25

1214 382 2008 472 ECLOG£;PROPHETIC£.
2029 386 2233 442 —LlB.
2272 386 2359 446 Ill.

3231 397 3367 450 1126

216 501 274 563 ἃς
314 499 394 561 εις
433 495 617 550 ἑαυτὸν
665 495 962 563 ἀνεδέξατο,
1009 497 1042 570 ἢ
1083 497 1170 552 διὰ
1198 500 1296 569 τὴν
1334 518 1353 551 ι
1393 469 1601 572 μωρίαν
1649 501 1740 554 τοῦ

1841 502 2017 574 seipso
2046 504 2292 574 sumpsit,
2323 505 2436 560 sive
2480 514 2697 576 propter
2735 525 2754 559 ι
2789 509 3070 565 stultitiam
3102 512 3366 582 pradica-

214 590 568 663 κηρύγματος,
595 607 616 642 ι
638 592 942 661 σοφωτέραν
973 592 1064 644 καὶ
1093 591 1436 663 ἰσχυροτέραν
1465 587 1624 645 οὖσαν
1641 592 1739 661 τῆς

214 681 313 735 τῶν
335 677 630 748 ἀνθρώπων
657 681 873 750 σοφίας;
907 681 1086 734 ἐνθάδε
1115 682 1210 750 μὲν
1243 681 1481 749 φάσκων,
1521 701 1539 732 ι
1572 683 1738 752 ἀφρο-

213 771 448 830 νέστατος
494 767 600 837 γάρ
647 773 759 840 εἰμι
809 772 1020 824 πάντων
1066 770 1390 841 ἀνθρώπων
1430 790 1449 822 ι
1482 774 1538 824 ἐν
1576 771 1631 823 δὲ
1662 770 1738 840 ξη⁹

211 854 415 926 ψαλμῷ,
452 873 470 905 ι
509 856 578 907 Σὺ
612 855 777 924 ἔγνως
811 858 906 926 τὴν
935 856 1235 926 ἀφροσύνην
1277 874 1393 925 μου’
1437 876 1454 907 ι
1492 856 1651 925 φησὶν
1684 856 1740 907 δέ

211 947 306 1008 ὃτι,
341 963 360 995 ι
395 944 501 996 Καὶ
531 944 784 1014 φρόνησις
808 944 1098 1016 ἀνθρώπων
1133 945 1229 998 οὑκ
1268 945 1410 997 ἔστιν
1440 947 1496 998 ἐν
1539 946 1680 1015 ἐμοὶ,
1713 965 1731 996 ι

211 1035 388 1105 ῶσπερ
431 1035 516 1086 ἐπ’
555 1035 994 1104 άνδραγαθήματι
1033 1035 1479 1106 λαμπρυνάμενος
1523 1037 1615 1089 ἐπὶ⁹
1663 1037 1739 1108 τῷ

214 1123 469 1193 μηδεμίαν
490 1125 770 1194 ἐσχηκέναι
794 1125 1045 1194 φρόνησιν
1061 1124 1164 1178 τῶν
1185 1125 1740 1195 παρασυμϐληθέντων

208 1216 312 1275 τοῖς
350 1215 564 1283 κτήνεσι
607 1217 716 1276 τοῖς
743 1217 1001 1286 ἀνοήτοις,
1046 1215 1136 1268 καὶ
1166 1216 1530 1284 ὁμοιωθέντων
1562 1217 1738 1281 αὑτοῖς

207 1303 516 1374 ἀνθρώπων·
545 1305 577 1374 ἢ
613 1298 685 1356 ὧν
715 1306 811 1374 τὴν
839 1307 1023 1373 σοφίαν
1061 1304 1334 1374 ἐμώρανεν
1362 1307 1390 1357 ὁ
1414 1307 1541 1368 Θεὸς
1578 1308 1740 1376 μηδὲν

207 1393 361 1446 πλέον
385 1394 715 1464 φρονούντων
737 1395 804 1446 τὰ
841 1397 929 1447 ἐπὶ
961 1396 1055 1466 τῆς
1075 1397 1193 1464 γῆς,
1233 1396 1332 1448 δσα
1376 1396 1579 1464 πέφυκε
1611 1413 1740 1467 σαρ-

205 1483 312 1535 κῶν
334 1501 389 1535 τε
427 1484 518 1537 καὶ
555 1483 683 1552 ὕλης
719 1487 916 1538 οἰκεῖα·
955 1485 1071 1539 ὅθεν
1101 1485 1162 1555 δὴ
1185 1487 1276 1539 καὶ
1305 1486 1738 1557 μεμαρτύρηνται

205 1575 260 1626 ἐν
281 1577 346 1644 τῇ
375 1564 536 1643 γενεᾷ
578 1575 752 1627 αὑτῶν
798 1577 1040 1646 φρόνιμοι
1083 1573 1238 1641 εἶναι,
1261 1577 1458 1647 τὸ(τῷ)
1492 1580 1623 1648 μόνα
1671 1579 1738 1631 τά

201 1661 292 1712 ἐπὶ
319 1662 418 1730 γῆς
446 1660 622 1730 ζητεῖν
659 1665 751 1715 καὶ
783 1664 1100 1716 διανοεῖσθαι
1132 1666 1194 1716 ἐκ
1220 1665 1464 1735 νεότητος
1491 1667 1580 1718 ἐπὶ
1615 1665 1736 1736 (ἔτι)

197 1749 264 1802 τὰ
292 1753 522 1821 πονηρά·
544 1752 846 1823 ἀνθρωπεία
879 1754 973 1822 μὲν
1003 1754 1246 1824 οὐδαμῶς
1272 1752 1338 1826 ἦν
1366 1759 1422 1808 ἐν
1451 1755 1528 1825 τῷ
1559 1773 1738 1827 προει-

203 1839 417 1908 ρημένῳ
457 1841 606 1910 ἀνδρὶ
639 1843 911 1913 φρόνησις,
942 1843 1096 1912 δῆλον
1124 1845 1166 1896 δ’
1208 1847 1286 1898 ὅτι
1313 1846 1405 1898 καὶ
1432 1845 1548 1898 θεία
1573 1848 1740 1917 ὑπερ‹

201 1927 505 1998 ἅνθρωπος·
540 1929 604 1981 δι’
638 1931 666 1982 ὃ
703 1933 795 1984 καὶ
832 1931 1075 2001 ἐπιφέρει
1112 1933 1300 2000 λέγων,
1337 1953 1355 1983 ι
1381 1934 1509 1997 Θεὸς
1552 1934 1594 1986 δ’
1630 1934 1736 1986 ἐδί-

200 2017 317 2084 δαξέ
357 2035 423 2087 με
465 2019 675 2087 σοφίαν,
716 2023 807 2074 καὶ
833 2021 1030 2088 γνῶσιν
1064 2023 1232 2090 ἁγίων
1272 2022 1380 2090 ἐγὼ
1425 2023 1661 2090 ἔγνωκα·
1715 2043 1733 2074 ι

200 2105 310 2160 εἶτα
330 2110 748 2179 ἐρωτηματικῶς
802 2128 952 2181 φησι,
987 2132 1004 2162 ί
1042 2112 1134 2173 Τίς
1166 2111 1325 2181 ἀνέϐη
1359 2114 1435 2174 είς
1464 2113 1556 2165 τὸν
1580 2114 1740 2184 οὐρα-

199 2197 282 2250 νὸν
317 2199 407 2250 καὶ
433 2199 668 2269 κατέ6η;
699 2219 716 2250 ι
749 2201 906 2253 οἱονεὶ
935 2201 1206 2270 διεγείρων
1228 2203 1372 2270 ἡμᾶς
1398 2203 1488 2254 ἐπὶ
1514 2201 1737 2272 ζήτησιν

198 2287 283 2340 τοῦ
310 2288 376 2341 τά
401 2289 702 2357 τηλικαῦτα
747 2292 867 2360 περὶ
903 2281 1089 2344 ἑαυτοῦ
1135 2291 1487 2355 διδάσκοντος,
1515 2294 1640 2362 περὶ
1679 2288 1738 2347 οὗ

198 2377 285 2428 καὶ
327 2377 393 2430 τὰ
439 2378 570 2447 ἑξῆς
613 2378 822 2448 εἴρηται
860 2380 992 2442 ίδίας
1037 2381 1258 2449 δεόμενα
1307 2382 1513 2451 σχολῆς.
1553 2383 1608 2435 ὐ
1644 2383 1738 2453 μὲν

196 2461 426 2529 οὖνίθεῖος
441 2468 764 2531 Ἀπόστολος
785 2485 848 2520 πε
857 2470 908 2538 pl
931 2469 1090 2521 αὑτοῦ
1115 2469 1374 2522 διδάσκων
1394 2472 1534 2540 ἡμᾶς
1559 2488 1736 2540 φησιν,

203 2573 219 2606 ι
263 2557 316 2608 '0
343 2557 590 2620 καταϐὰς
618 2561 694 2620 είς
723 2558 789 2610 τὰ
829 2558 1104 2630 κατώτερα
1137 2559 1274 2630 μέρη
1310 2561 1405 2628 τῆς
1430 2562 1548 2630 γῆς,
1582 2562 1740 2624 αὑτός

196 2647 330 2698 ἐστιν
355 2646 445 2699 καὶ
471 2650 498 2699 ὁ
522 2647 731 2710 ἀναϐὰς
764 2650 1011 2720 ὑπεράνω
1044 2649 1151 2701 τῶν
1177 2650 1441 2720 οὐρανῶν·
1483 2671 1500 2702 ι
1545 2653 1740 2721 προτά-

198 2731 282 2796 ξας
301 2735 360 2786 τὸ
399 2735 813 2804 κατεληλυθέναι
832 2737 1008 2798 αὑτὸν,
1030 2733 1124 2788 εἴτ’
1159 2738 1512 2804 ἐπαναγαγὼν
1543 2739 1603 2789 τὸ
1647 2739 1738 2790 ἀν-

198 2821 498 2891 εληλυθέναι
517 2826 701 2894 φησὶν,
720 2825 811 2877 ἕπε
820 2842 900 2878 ιτα
921 2825 1346 2897 κατεληλυθέναι·
1365 2827 1587 2897 ἐπείπερ
1607 2827 1739 2896 μετὰ

197 2911 284 2981 τὴν
317 2916 378 2965 ἐκ
421 2915 630 2985 νεκρῶν
671 2916 958 2969 ἀνάστασιν
1005 2916 1172 2970 εἰπὼν
1216 2921 1280 2987 τῇ
1318 2918 1561 2988 Μαριὰμ,
1594 2937 1612 2970 ι
1647 2920 1734 2988 Μή

201 3017 292 3069 μου
335 3001 522 3066 ἅπτου,
564 3005 715 3056 οὑπω
746 3005 851 3074 γὰρ
879 3005 1184 3076 ἀναϐέϐηκα
1221 3006 1353 3076 πρὸς
1393 3007 1482 3058 τὸν
1515 3007 1732 3076 Πατέρα

1839 587 2001 642 tionis
2033 588 2108 652 ⁸⁸,
2151 609 2169 640 ι
2219 590 2597 660 sapientiorem
2654 592 3035 666 fortioremque
3086 599 3363 652 hominum

1840 678 2139 746 sapientia?
2170 677 2268 734 Hic
2296 681 2436 734 enim
2455 681 2661 744 dicens,
2688 701 2706 732 (
2731 685 3078 742 stultissimus
3103 703 3222 742 sum
3251 703 3368 741 om-

1840 769 1990 821 nium
2018 767 2275 833 virorum,
2317 788 2336 820 )
2387 779 2439 824 et
2467 773 2521 824 in
2560 775 2893 842 sexagesimo
2923 789 3109 832 octavo
3136 779 3366 848 psalmo,

1845 875 1864 906 ‹
1891 856 1971 910 Tu
1993 858 2101 912 scis
2129 859 2484 928 insipientiam
2515 877 2683 916 meam
2705 863 2766 926 ¹¹,
2792 882 2810 914 ι
2846 868 2995 933 quasi
3016 870 3084 922 ob
3113 885 3371 938 generose

1840 945 2038 1001 factum
2087 949 2416 1016 gloriﬁcatur
2459 953 2599 1021 quod
2649 954 2848 1007 nullam
2877 971 3095 1023 prorsus
3139 959 3356 1028 prudeno

1839 1038 1966 1091 tiam
1995 1039 2186 1092 habeat
2210 1055 2394 1094 eorum
2457 1043 2547 1112 qui
2598 1046 2884 1112 pecoribus
2913 1055 2966 1101 et
2996 1049 3367 1117 insipientibus

1838 1129 2150 1198 aequipat‘ati
2183 1139 2327 1193 sunt,
2360 1132 2438 1186 vel
2464 1133 2769 1188 istiusmodi
2831 1135 3127 1201 hominum,
3156 1141 3365 1208 etquod

1837 1215 2092 1270 insanivit
2149 1219 2443 1272 secundum
2498 1221 2814 1288 sapientiam
2871 1237 3056 1276 eorum
3106 1224 3194 1291 qui
3235 1225 3371 1279 nihil

1838 1307 1945 1361 nisi
1969 1309 2265 1372 terrestria,
2299 1310 2531 1362 carnalia
2555 1318 2608 1364 et
2639 1311 2933 1365 materialia
2967 1313 3202 1382 sapiunt.
3241 1311 3367 1368 Inde

1837 1398 2132 1468 prudentiae,
2152 1399 2406 1453 indicium
2433 1408 2514 1454 est
2561 1401 2614 1454 in
2645 1403 2984 1470 generatione
3008 1419 3126 1466 sua,
3165 1405 3212 1458 si
3249 1413 3368 1458 tan-

1837 1489 2112 1544 tummodo
2140 1505 2259 1558 qure
2285 1498 2410 1544 sunt
2453 1506 2614 1551 super
2643 1500 2839 1545 terram
2862 1494 3157 1561 requirant.
3185 1501 3237 1548 et
3254 1509 3376 1563 qua"

1836 1591 2000 1646 prava
2029 1585 2156 1633 sunt
2181 1579 2406 1644 juvenili
2440 1579 2646 1646 sapiant
2679 1578 2961 1648 imperitia.
2985 1579 3226 1634 Humana
3253 1582 3346 1651 qui

1837 1665 1956 1718 dem
1988 1680 2110 1718 cum
2133 1667 2354 1720 minime
2395 1665 2449 1718 in
2497 1666 2770 1734 praecitato
2818 1667 3036 1722 homine
3067 1669 3370 1723 inveniatur

1837 1755 2142 1823 prudentia,
2172 1756 2386 1810 divinus
2424 1757 2494 1810 sit
2523 1767 2574 1809 et
2601 1755 2814 1810 homine
2840 1759 3011 1825 major
3033 1774 3252 1814 necesse
3268 1766 3375 1815 est.

1837 1844 2014 1912 Quare
2047 1847 2232 1914 adjicit
2265 1846 2576 1916 Scriptura:
2611 1867 2630 1898 ‹
2663 1846 2801 1902 Deus
2832 1849 3118 1904 docuitme
3159 1851 3376 1920 sapien-

1837 1937 1968 1988 tiam
1999 1973 2014 1998 ,
2055 1942 2109 1990 et
2167 1936 2444 1991 scientiam
2495 1945 2800 1992 sanctorum
2863 1954 2960 2007 ego
3004 1940 3149 1993 novi.
3188 1959 3206 1990 ι
3240 1939 3370 1994 Dein

1837 2023 2248 2092 interrogatorie
2275 2025 2434 2079 dicit:
2462 2044 2480 2076 ι
2509 2026 2638 2091 Quis
2659 2027 2969 2082 ascenditin
2999 2029 3191 2082 coelum
3214 2039 3372 2098 atque

1839 2109 2169 2165 descendit?
2203 2129 2221 2162 ι
2275 2110 2384 2166 Nos
2435 2113 2678 2168 videlicet
2737 2115 3056 2171 adhortatus
3100 2117 3168 2170 ad
3227 2118 3378 2171 illius

1837 2196 2300 2267 investigationem
2354 2202 2443 2270 qui
2487 2203 2613 2255 talia
2645 2201 2710 2256 de
2743 2219 2800 2257 se
2851 2205 2968 2273 ipso
3018 2206 3192 2261 docet.
3246 2206 3374 2272 Quae

1839 2299 2163 2356 sequuntur,
2222 2292 2488 2358 peculiare
2543 2297 2986 2348 commentarium
3043 2293 3370 2352 desiderant.

1839 2377 2062 2433 Divinus
2085 2381 2244 2448 igitur
2258 2381 2546 2450 Apostolus
2571 2383 2636 2437 de
2657 2398 2719 2436 eo
2750 2399 2847 2437 nos
2881 2385 3081 2439 docens
3113 2390 3246 2442 aitzc
3272 2387 3374 2453 Qui

1841 2464 2138 2527 descendit,
2166 2466 2280 2534 ipse
2311 2477 2392 2521 est
2412 2475 2465 2521 et
2489 2469 2578 2536 qui
2604 2469 2842 2523 ascendit
2870 2486 3030 2538 super
3057 2488 3244 2527 omnes
3265 2489 3373 2528 cm-
3414 2490 3423 2498 ’

1837 2553 1917 2608 los
1945 2555 2008 2608 ¹².
2039 2573 2057 2604 ι
2091 2553 2242 2608 Hunc
2275 2556 2416 2609 enim
2449 2558 2685 2611 vicissim
2730 2557 3074 2616 descendisse
3101 2570 3154 2616 et
3180 2579 3374 2618 ascen-

1837 2641 1984 2696 disse
2007 2656 2302 2711 rursusque
2329 2643 2705 2710 descendisse;
2732 2651 2924 2703 etenim
2939 2665 3062 2704 cum
3093 2666 3122 2703 a
3153 2655 3374 2708 mortuis

1837 2728 2180 2790 surrexisset,
2215 2729 2393 2784 Maria:
2421 2732 2585 2786 dixit:
2608 2733 2761 2786 «Noli
2792 2751 2874 2790 me
2889 2748 3121 2806 tangere,
3140 2741 3376 2796 nondum

1835 2819 1978 2873 enim
2027 2820 2249 2874 ascendi
2279 2821 2342 2875 ad
2372 2820 2580 2876 Patrem
2615 2838 2791 2878 meum
2828 2827 2890 2879 ".
2929 2845 2947 2878 ι
2977 2826 3174 2883 Postea
3211 2831 3368 2886 disci-

1835 2905 1976 2974 pulis
2009 2907 2122 2962 suis
2154 2908 2303 2964 visus
2327 2918 2409 2962 est
2439 2926 2532 2979 per
2563 2911 2676 2966 dies
2723 2914 3096 2985 quadraginta,
3149 2919 3204 2973 in
3262 2937 3374 2976 me-

1835 2996 1925 3050 dio
1973 3012 2155 3052 eorum
2211 3014 2531 3068 congressus
2552 3002 2613 3054 “.
2653 3000 2898 3058 Profecto
2933 3005 2999 3058 ad
3026 3005 3236 3062 Patrem
3265 3009 3375 3079 jam

202 3107 321 3159 μου’
361 3111 379 3143 ι
417 3093 554 3162 μετὰ
577 3093 743 3145 ταῦτα
773 3093 921 3164 ὤφθη
955 3097 1061 3157 τοῖς
1097 3095 1356 3163 μαθηταῖς
1387 3095 1476 3146 ἐπὶ
1504 3095 1731 3165 ἡμέραις

1838 3101 2106 3150 reversus,
2138 3089 2333 3141 iterum
2365 3090 2430 3142 ad
2462 3105 2553 3144 eos
2602 3091 2958 3149 instituendos
2993 3095 3375 3160 descendebat.

197 3181 590 3251 τεσσαράκοντα
610 3183 1046 3252 συναυλιζόμενος
1065 3184 1240 3246 αὑτοῖς
1257 3201 1271 3216 ο
1299 3182 1628 3252 ἀνεληλυθώς
1649 3184 1739 3254 δη-

193 3267 316 3340 λαδὴ
345 3269 481 3339 πρὸς
511 3273 600 3320 τὸν
619 3271 850 3339 Πατέρα,
883 3271 974 3322 καὶ
994 3267 1145 3332 αὖθις
1171 3271 1234 3322 δι’
1256 3270 1320 3340 ἦν
1348 3269 1582 3321 ἐπετέλει
1606 3271 1739 3322 οίκο-

193 3356 375 3426 νομίαν
400 3355 791 3424 κατεληλυοώς.
840 3359 927 3410 Διὸ
955 3359 1046 3411 καὶ
1071 3357 1276 3428 εἴρηται
1305 3375 1318 3388 ι
1347 3377 1364 3408 ι
1410 3357 1634 3420 Ἀναϐὰς
1661 3359 1738 3421 εἰς

196 3443 318 3514 ὕψος
365 3446 778 3516 ᾐχμαλώτευσεν
813 3448 1196 3517 αἰχμαλωσίαν,
1243 3449 1405 3501 ἔδωκε
1447 3448 1650 3517 δόματα
1680 3452 1736 3500 ἐν

197 3533 511 3604 ὼιθρώποις.
546 3553 564 3584 ι
600 3535 729 3586 Τίνα
760 3534 814 3585 δέ
836 3534 1004 3587 ταῦτα
1032 3535 1151 3604 ἣτὰ
1170 3535 1255 3586 διὰ
1274 3535 1364 3586 τοῦ
1400 3535 1548 3602 ἁγίου
1574 3534 1738 3586 Πνεύ-

199 3637 352 3688 ματος
396 3622 724 3692 χαρίσματα,
755 3624 894 3691 ειπερ
937 3623 995 3686 ἐξ
1023 3623 1247 3693 οὑρανοῦ
1270 3622 1620 3687 κατεϐίϐασε;
1649 3623 1736 3675 Διὸ

199 3711 280 3761 καὶ
307 3711 538 3762 ἐνταῦθα
567 3710 714 3780 παρὰ
764 3711 839 3778 τῷ
875 3710 1071 3781 Ἀκύλᾳ
1110 3711 1336 3780 εἴρηται·
1377 3729 1395 3761 ι
1454 3711 1547 3772 Τίς
1574 3711 1735 3781 ἀνέϐη

195 3801 265 3861 είς
289 3800 376 3854 τὸν
402 3802 628 3871 οὐρανὸν
656 3803 747 3854 καὶ
772 3801 1116 3853 κατεϐίϐασεν
1141 3818 1153 3865 ;
1175 3801 1341 3855 Αὐτὸς
1368 3801 1423 3852 δὲ
1458 3801 1548 3852 καὶ
1574 3800 1737 3870 ἐκρά·

194 3903 316 3957 τησε
355 3891 461 3942 τῶν
493 3891 674 3959 ἄκρων
705 3891 803 3959 τῆς
842 3891 962 3959 γῆς,
994 3890 1130 3943 ὥστε
1179 3893 1255 3952 είς
1290 3893 1466 3944 πᾶσαν
1496 3891 1592 3961 τὴν
1633 3892 1734 3960 γῆν

195 3976 412 4042 ἐξελθεῖν
452 3980 542 4032 τὸν
573 3979 724 4046 λόγον
751 3979 932 4042 αὑτοῦ,
978 3980 1068 4031 καὶ
1108 3981 1186 4040 είς
1211 3979 1277 4032 τὰ
1308 3980 1512 4050 πέρατα
1534 3980 1632 4048 τῆς
1657 3983 1734 4033 oi-

196 4069 450 4138 κουμὲνης
497 4070 566 4123 τὰ
620 4072 833 4140 ῥήματα
881 4070 1060 4122 αὑτοῦ.
1096 4090 1114 4120 ι
1151 4064 1217 4139 ᾮ
1256 4070 1311 4121 δέ
1344 4070 1542 4122 δέδοται
1584 4070 1735 4138 λόγος

193 4157 450 4224 γνώσεως,
483 4156 638 4222 οὗτος
670 4161 867 4213 εἴσεται
889 4162 1030 4222 ὅπως
1051 4161 1115 4213 ἂν
1137 4159 1350 4230 νοηθείη
1379 4160 1554 4212 καὶτὰ
1575 4159 1734 4213 λοιπό⁴

194 4247 293 4299 τῶν
329 4251 465 4302 κατὰ
505 4252 597 4304 τὸν
638 4251 826 4302 τόπον’
865 4251 1060 4320 πλεοτρέ
1073 4267 1154 4302 πει
1180 4250 1234 4301 δὲ
1271 4251 1415 4319 ἡμᾶς
1439 4249 1529 4301 ἐπὶ
1556 4249 1614 4300 τὸ
1639 4248 1734 4319 ζη-

193 4337 343 4407 τῆσαι
366 4342 417 4394 τί
437 4343 606 4412 ὑνομα
633 4342 778 4411 αὑτῷ
809 4359 866 4394 τε
897 4343 987 4394 καὶ
1016 4345 1125 4404 τοῖς
1159 4341 1365 4402 τέκνοις
1396 4341 1576 4393 αὐτοῦ’
1600 4342 1732 4412 πρὸς

1838 3171 1991 3227 Unde
2021 3184 2073 3226 ct
2104 3174 2306 3226 dictum
2337 3183 2419 3227 est
2455 3193 2467 3228 :
2510 3194 2528 3225 ι
2565 3175 2872 3232 Ascendens
2897 3180 2948 3232 in
2975 3181 3137 3233 altum
3159 3221 3174 3245 ,
3207 3186 3376 3252 capti-

1835 3277 1952 3315 vam
1983 3261 2133 3315 duxit
2163 3264 2522 3331 captivitatem
2560 3283 2573 3317 :
2606 3265 2905 3320 deditdona
2930 3269 3238 3327 hominibus
3272 3274 3370 3328 η.»

1836 3349 1963 3414 Qua:
1990 3360 2186 3413 autem,
2213 3352 2316 3404 nisi
2341 3349 2571 3421 Spiritus
2603 3355 2777 3405 sancti
2806 3370 3046 3418 munera,
3076 3372 3194 3424 quae
3216 3375 3246 3413 e
3264 3374 3374 3414 coe-

1836 3441 1902 3493 lis
1925 3440 2140 3494 demisit
2163 3439 2324 3494 ?ldeo
2377 3449 2430 3494 et
2474 3444 2612 3509 apud
2645 3443 2892 3511 Aquilam
2924 3445 3161 3500 dicitur:
3192 3464 3210 3496 ι
3241 3448 3374 3513 Quis

1834 3526 2149 3582 ascenditin
2179 3528 2374 3582 cmlum
2407 3536 2459 3583 et
2487 3529 2750 3584 demisit?
2796 3529 2936 3585 idem
2969 3534 3060 3602 qui
3108 3535 3371 3590 altissima

1833 3622 1990 3670 terra:
2033 3618 2325 3686 superavit,
2367 3619 2440 3671 ita
2483 3628 2542 3672 ut
2590 3619 2644 3672 in
2683 3634 2893 3674 omnem
2952 3629 3150 3676 terram
3205 3627 3372 3681 exiret

1835 3721 2000 3760 sonus
2043 3707 2182 3776 ejus,
2205 3716 2259 3761 et
2303 3708 2356 3760 in
2390 3708 2523 3763 ﬁnes
2547 3709 2693 3763 orbis
2737 3718 2892 3764 terrae.
2915 3712 3072 3765 verba
3103 3712 3222 3781 ejus
3251 3715 3314 3768 ¹⁶.
3345 3733 3366 3768 ι

1834 3796 1931 3850 Cui
1962 3813 2087 3851 vero
2115 3797 2297 3852 datum
2363 3807 2447 3853 est
2482 3800 2702 3853 verbum
2753 3802 3012 3864 scientiae,
3053 3802 3142 3856 hic
3163 3805 3370 3859 noverit

1833 3887 2102 3955 quomodo
2140 3887 2480 3958 intelligenda
2523 3890 2631 3944 sint
2685 3899 2876 3946 caetera
2901 3892 3062 3961 hujus
3085 3894 3207 3949 loci.
3259 3895 3368 3950 Nos

1832 3975 1992 4044 igitur
2024 3976 2278 4032 admonet
2300 3987 2355 4031 ut
2387 3993 2690 4048 quaaramus
2720 3981 2863 4048 quod
2904 3983 2976 4034 sit
3025 3982 3094 4047 ei,
3145 3983 3367 4052 ejusque

1834 4066 1954 4122 ﬁliis
1999 4083 2212 4123 nomen.
2267 4067 2378 4122 Hac
2407 4069 2548 4123 enim
2581 4070 2991 4139 investigatione
3031 4071 3188 4126 nobis
3217 4087 3366 4127 eom-

1831 4169 2038 4230 pertum
2071 4161 2178 4223 ﬁet,
2210 4161 2336 4214 huic
2364 4176 2554 4216 nomen
2579 4177 2699 4216 esse
2714 4161 2920 4226 Jesum,
2944 4163 3086 4231 quod
3105 4163 3198 4216 Dei
3218 4164 3363 4218 salus

1832 4250 2232 4319 interpretatur,
2295 4251 2438 4319 quod
2473 4258 2525 4305 et
2553 4259 2804 4320 parentes
2833 4253 2970 4317 ejus,
3025 4267 3056 4304 a
3113 4254 3362 4309 Gabriele

1831 4342 2110 4404 admoniti,
2137 4341 2510 4409 imposuerunt
2567 4342 2638 4408 ei,
2680 4341 2837 4396 istius
2865 4357 3082 4398 causam
3125 4345 3369 4399 denomi-

193 4428 338 4482 τοῦτο
359 4431 402 4483 δ’
433 4430 844 4501 ὑπακουσόμεθα
884 4433 947 4482 ἐκ
974 4432 1068 4500 τῆς
1094 4431 1366 4502 ἐνεργείας
1408 4430 1733 4500 παρειληφό-

1837 4430 2069 4484 nationis
2099 4431 2287 4500 angelo
2322 4431 2441 4499 ipso
2483 4432 2837 4500 signiﬁcante.
2873 4451 2890 4482 ι
2915 4433 3032 4502 Ipse
3064 4435 3228 4495 enim,
3285 4435 3368 4488 in-

193 4533 295 4581 τες,
335 4523 480 4592 αὑτῷ
515 4525 612 4592 μὲν
651 4523 908 4591 ὑπάρχειν
935 4521 1100 4589 ὄνομα
1145 4520 1365 4590 Ἰησοῦς,
1391 4523 1524 4592 ὅπερ
1561 4523 1728 4591 ἑρμη-

195 4609 395 4663 νεύεται
430 4614 576 4666 Θεοῦ
605 4612 878 4678 σοπηρία’
907 4610 935 4661 δ
959 4611 1048 4661 καὶ
1079 4611 1126 4661 οἱ
1159 4609 1295 4661 κατὰ
1333 4611 1506 4680 σάρκα
1560 4626 1727 4680 προσ-

193 4703 402 4764 ήκοντες
436 4703 578 4755 κατὰ
602 4701 691 4753 τὸν
724 4701 816 4752 τοῦ
855 4699 1083 4770 Γαϐριὴλ
1131 4701 1501 4769 χρηματισμὸν
1550 4701 1728 4751 ἐπιτε-

195 4786 420 4844 θείκασιν
449 4792 618 4860 αὐτῷ,
645 4789 968 4858 ὑποθεμένου
998 4789 1090 4840 καὶ
1120 4789 1212 4857 τὴν
1242 4789 1414 4841 αἰτίαν
1447 4790 1538 4842 τοῦ
1568 4789 1728 4858 ἀγγέ-

193 4875 277 4930 λου
311 4881 409 4950 τῆς
443 4881 694 4949 τοιαύτης
726 4879 1104 4948 προσηγορίας,
1145 4898 1161 4927 ι
1202 4878 1366 4941 Αὐτὸς
1407 4879 1512 4949 γὰρ
1545 4881 1722 4942 σώσει,

197 4969 337 5037 φησι,
369 4972 457 5024 τὸν
493 4972 618 5024 λαὸν
672 4968 830 5020 αὑτοῦ
866 4968 970 5019 ἀπὸ
1003 4967 1108 5020 τῶν
1157 4969 1436 5038 ἁμαρτιῶν
1469 4970 1662 5022 αὑτῶν.
1701 4988 1719 5019 ι

1832 4520 1967 4589 quit,
2022 4521 2230 4574 salvum
2279 4521 2439 4575 faciet
2462 4522 2717 4590 populum
2749 4538 2906 4576 suum
2955 4538 2984 4574 a
3005 4525 3249 4593 peccatis
3275 4539 3366 4580 eo-

1832 4624 1948 4662 rum
1985 4610 2047 4662 ".
2089 4629 2107 4660 ι
2162 4609 2365 4671 Nomen
2415 4625 2541 4664 vero
2601 4609 2830 4664 ﬁliorum
2870 4626 3111 4674 suorum,
3170 4613 3369 4680 quibus

1833 4698 1967 4750 dixit
1992 4716 2003 4750 :
2031 4715 2048 4746 ι
2074 4696 2274 4760 Filioli,
2301 4699 2478 4752 adhuc
2511 4697 2779 4750 modicum
2814 4699 3088 4752 vobiscum
3129 4714 3248 4753 sum
3266 4699 3360 4760 ",r

1831 4801 2122 4855 eorumque
2174 4788 2264 4855 qui
2294 4794 2413 4855 post
2440 4801 2534 4840 eos
2564 4787 2618 4838 in
2650 4788 2902 4841 omnibus
2957 4786 3212 4842 Ecclesiis
3264 4803 3364 4842 na-

1833 4885 2045 4930 scentur
2068 4873 2322 4936 ﬁliorum,
2349 4882 2399 4927 et
2425 4883 2775 4942 pronepotum
2791 4890 2977 4929 eorum
3000 4914 3014 4937 ,
3049 4877 3192 4943 quod
3220 4878 3363 4932 aliud

1827 4976 1988 5027 esset,
2018 4965 2123 5018 nisi
2158 4963 2494 5018 benedictum
2521 4964 2652 5017 illud
2676 4965 3026 5019 christianum
3062 4967 3297 5019 nomen?

194 5057 261 5112 Τὸ
289 5062 342 5115 δὲ
370 5066 477 5118 τῶν
523 5067 723 5118 τέκνων
780 5062 940 5116 αὑτοῦ
975 5061 1159 5132 ὄνομα,
1192 5057 1269 5124 οἷς
1303 5061 1472 5130 ἔλεγε,
1504 5081 1522 5112 ι
1555 5063 1776 5126 Τεκνία,
1802 5061 1878 5113 ἐτι
1914 5059 2102 5128 μικρὸν
2135 5057 2195 5124 (f.
2236 5057 2325 5126 27)
2353 5057 2538 5127 χρόνον
2582 5056 2696 5125 μεθ’
2726 5057 2876 5126 ὑμῶν
2903 5058 3034 5124 είμι,
3073 5073 3094 5105 ι
3122 5059 3216 5110 καὶ
3259 5059 3364 5113 τῶν

197 5158 303 5221 μετ’
329 5160 565 5221 ἐκείνους
589 5161 646 5211 ἐν
665 5157 895 5220 άπάσαις
921 5158 1031 5218 ταῖς
1071 5156 1404 5226 Ἐκκλησίαις
1440 5155 1567 5208 υἱῶν
1607 5173 1664 5208 τε
1713 5153 1872 5208 αὑτοῦ
1911 5153 2003 5204 καὶ
2043 5151 2245 5203 υίωνῶν
2286 5152 2379 5203 καὶ
2415 5150 2720 5217 ἀπογόνων,
2757 5150 2810 5202 τί
2843 5149 2908 5201 ἂν
2938 5147 3061 5201 ἄλλο
3111 5148 3195 5219 εῐη
3231 5150 3286 5218 ἢ,
3306 5151 3366 5206 τὸ

193 5245 372 5320 εὑλογη
381 5251 537 5319 μένον
559 5251 864 5321 χριστιανδν
891 5250 1089 5319 ὅνομα;

717 5340 1099 5392 ΚΕΦΑΛΑΙΟΝ
1136 5339 1206 5393 A'.

556 5429 696 5484 Ἀπὸ
724 5429 826 5482 τοῦ
874 5427 1357 5492 Ἐκκλησιαστοῦ.

330 5519 548 5586 Ἀγαθδς
597 5522 723 5581 παῖς
771 5519 935 5588 πένης
980 5517 1069 5569 καὶ
1111 5516 1268 5584 σοφὸς
1315 5515 1452 5584 ὑπὲρ
1507 5513 1722 5582 βασιλέα

265 5644 306 5676 ¹⁹
339 5647 354 5700 I
388 5649 511 5706 Cor.
546 5649 716 5712 1,.21.
790 5649 828 5678 “
869 5645 1007 5700 Psal.
1043 5661 1240 5705 vam,
1275 5645 1326 5698 6.

200 5723 278 5774 IV.
321 5714 372 5769 8.
467 5719 514 5750 “
552 5717 693 5774 Psal.
729 5731 888 5780 xvm,
921 5715 972 5768 4.
1067 5715 1106 5746 ’⁷
1147 5713 1330 5768 Matth.
1377 5729 1427 5776 ι,
1461 5713 1547 5766 2i.

1407 5645 1450 5675 ¹¹
1487 5642 1677 5710 Ephes.
1712 5661 1798 5706 tv,
1837 5645 1920 5698 10.
1998 5643 2040 5674 ⁸³
2073 5641 2228 5696 Joan.
2264 5658 2362 5710 xx,
2391 5641 2516 5710 ΥΠ.
2591 5641 2633 5673 ³⁸
2668 5641 2784 5696 Act.
2850 5655 2902 5704 ι,
2938 5637 2994 5691 5.

1530 5660 1677 5714 pnes.
1712 5661 1798 5706 tv,
1837 5660 1920 5698 w.
1999 5660 2040 5674 ι·
2073 5660 2228 5696 δοιιιι.
2264 5660 2362 5710 xx,
2391 5660 2404 5715 τ

1535 5752 1547 5766 ο
1661 5715 1703 5747 ι’
1734 5712 1885 5770 Joan.
1921 5727 2052 5772 χιιι.
2088 5712 2171 5766 55.

2416 5328 2640 5384 CAPUT
2671 5327 2758 5381 IV.

2364 5420 2445 5472 Ex.
2482 5419 2814 5472 Ecclesiaste.

1898 5530 1916 5561 ‹
1953 5511 2135 5566 Melior
2183 5519 2264 5565 est
2294 5526 2424 5580 puer
2453 5525 2654 5581 pauper
2678 5519 2728 5563 et
2751 5508 2973 5578 sapiens
3005 5519 3134 5574 rege
3167 5513 3374 5561 seneet

3090 5635 3132 5667 ι’
3169 5633 3369 5703 pres.
