3926 6372
215 334 358 389 “29

1211 338 1497 397 ECLOGJE
1537 338 2002 398 PROPIIETICIE.
2042 370 2109 381 —-
2143 340 2268 396 UB.
2309 340 2395 395 Ill.

3241 352 3371 407 “50

215 446 392 508 πόλιν,
441 446 680 501 τουτέστι
717 447 805 501 τὸν
843 449 1107 519 περίγειον
1147 450 1306 502 τόπον
1356 451 1627 522 συγκρίσει
1664 451 1743 504 τοῐ

1857 448 2169 513 incolentes,
2216 466 2324 520 pra:
2364 451 2601 505 omnium
2635 455 2980 511 animantium
3011 458 3350 515 multitudine

214 535 420 596 παντὸς
463 536 663 606 κόσμου
699 538 1020 609 βραχύτατον
1058 540 1201 600 ὄντα,
1232 542 1322 594 καὶ
1360 543 1483 604 τοὺς
1516 543 1573 593 ὲν
1601 543 1756 612 αὐτῇ,

213 623 290 686 ὡς
313 625 373 678 ἐν
423 628 716 695 παραθέσει
746 632 842 700 τῆς
871 631 975 683 τῶν
1004 629 1231 698 λογικῶν
1256 630 1502 683 ἁπάντων
1526 629 1757 698 πληθύος

212 711 434 781 ὀλίγους
473 716 629 780 ὄντας
659 719 749 771 ἐπὶ
784 720 955 773 πάντα
986 720 1050 773 τά
1085 720 1230 789 ἔθνη,
1259 722 1331 782 ὡς
1372 719 1577 787 σταγών
1615 723 1758 774 ἐστιν

213 802 321 855 ἀπὸ
351 804 539 867 κάδου,
564 805 894 878 ἐλυτρώσατο
920 810 1387 879 πολιορκουμένους
1413 811 1517 863 ἀπὸ
1548 814 1644 880 τῆς
1664 812 1755 864 τοῦ

210 890 463 946 διαϐόλου
489 894 774 963 βασιλείας,
802 897 1055 950 πάντοθεν
1074 898 1163 949 τὸν
1186 898 1452 967 περίγειον
1472 897 1642 968 χῶρον
1666 900 1758 950 καλ⁸

210 980 341 1042 τοὺς
373 983 433 1033 ἐν
467 982 613 1057 αὑτῴ
633 984 968 1048 κυκλοῦντος,
989 983 1380 1052 οἰκοδομοῦντός
1408 1000 1464 1035 τε
1496 984 1578 1036 ἐπ’
1599 984 1755 1036 αὐτὸν

210 1068 468 1137 χάρακας
494 1072 770 1141 μεγάλους,
796 1090 815 1121 ι
831 1072 926 1135 τὰς
944 1072 1134 1143 ἀρχὰς,
1151 1073 1243 1125 καὶ
1261 1072 1359 1135 τὰς
1385 1073 1644 1138 ἐξουσίας,
1662 1076 1754 1127 καὶ

208 1160 337 1220 τοὺς
359 1161 800 1231 κοσμοκράτορας
821 1162 911 1215 τοῦ
937 1162 1152 1224 σκότους
1173 1161 1377 1222 τούτου,
1404 1164 1493 1215 καὶ
1510 1163 1577 1216 τά
1598 1181 1757 1216 πνευ-

213 1246 424 1314 ματικά
448 1250 548 1317 τῆς
578 1249 851 1319 πονηρίας.
890 1267 908 1299 ι
943 1247 1133 1302 Τοῦτον
1174 1244 1263 1301 οὖν
1292 1250 1388 1301 οὐκ
1424 1247 1577 1310 ἀλλος
1611 1265 1690 1310 τις
1720 1248 1752 1316 ἦ

214 1335 377 1402 μόνος
401 1337 647 1390 καθεῖλεν
669 1340 697 1392 ὀ
730 1337 891 1405 πένης
917 1338 1008 1391 καὶ
1036 1336 1191 1405 σοφὸς
1219 1337 1317 1406 ἁνῆ
1325 1355 1376 1407 ρ,
1402 1339 1430 1388 ὀ
1450 1336 1636 1405 Σωτὴρ
1664 1338 1753 1389 καὶ

209 1423 418 1493 Κύριος
443 1426 617 1494 ἡμῶν,
647 1426 882 1489 κενώσας
912 1426 1098 1480 ἑαυτὸν
1127 1426 1217 1479 καὶ
1246 1427 1310 1479 δι’
1339 1428 1369 1495 ή
1380 1429 1483 1495 μᾶς
1510 1426 1750 1495 πτωχεύ-

211 1528 311 1575 σας
343 1515 404 1567 ὲν
437 1513 517 1582 τῷ
560 1515 767 1584 πλούτῳ
809 1515 899 1567 τοῦ
944 1514 1128 1567 ἑαυτοῦ
1167 1513 1362 1576 ἐλέους,
1399 1513 1492 1566 καὶ
1518 1512 1753 1565 καθελὼν

205 1600 471 1655 διέσωσεν
514 1606 570 1658 ὲν
613 1608 677 1673 τῇ
729 1605 885 1674 σοφίᾳ
910 1603 1067 1657 αὐτοῦ
1101 1602 1194 1672 τὴν
1241 1601 1437 1672 μικρὰν
1469 1602 1636 1664 πόλιν,
1678 1602 1751 1664 ὡς

207 1692 362 1753 εἰκὸς
388 1692 492 1761 τὴν
533 1693 843 1762 Ἐκκλησίαν
871 1693 988 1747 καθ’
1022 1692 1207 1763 ἑτέραν
1241 1692 1480 1761 ἐκδοχὴν,
1512 1692 1603 1744 καὶ
1631 1691 1753 1753 τοὺς

1855 553 2148 608 perpaucos
2179 549 2339 611 atque
2360 542 2502 596 inter
2533 556 2718 598 omnes
2744 556 2925 613 gentes
2948 549 3102 618 quasi
3133 557 3281 620 gutta
3303 552 3369 606 -i-n

1855 643 2045 697 magna
2075 631 2350 699 amphora,
2373 641 2704 701 expugnatas
2733 634 2974 691 liberavit
3014 652 3045 690 a
3073 637 3269 692 diaboli
3292 640 3374 693 di-

1856 717 2017 782 tione,
2042 718 2133 786 qui
2164 719 2305 773 hunc
2332 727 2638 774 terrestrem
2679 722 2854 776 locum
2901 725 3124 795 ejusque
3170 727 3373 782 incolas

1853 807 1998 860 omni
2043 822 2109 862 ex
2158 816 2307 877 parte
2351 809 2660 873 vallaverat,
2692 812 3122 885 munitionesque
3154 832 3372 890 magnas

1854 911 1948 965 per
1987 912 2173 966 gyrum
2215 904 2573 961 exstruxerat,
2612 917 2631 949 ι
2667 900 2935 970 principes
2974 922 2992 953 ι
3034 905 3237 962 scilicet
3261 926 3281 958 ι
3320 917 3373 962 et

1853 993 2162 1054 potestates,
2193 986 2378 1040 mundi
2431 997 2665 1042 rectores
2710 990 3049 1044 tenebrarum
3079 993 3287 1060 harum,
3319 1006 3373 1051 et

1854 1075 2151 1144 spiritualia
2168 1076 2419 1145 nequitiae
2446 1077 2510 1133 “.
2548 1097 2566 1129 ι
2601 1077 2754 1133 Hunc
2787 1079 2948 1145 igitur
2969 1095 3074 1135 non
3096 1084 3229 1140 alius
3255 1088 3373 1155 qui—

1851 1164 1931 1216 vis
1965 1163 2067 1217 nisi
2121 1165 2271 1217 solus
2300 1165 2519 1219 sustulit
2548 1181 2748 1235 pauper
2772 1173 2825 1220 et
2873 1169 3085 1237 sapiens
3121 1170 3224 1232 vir,
3256 1171 3373 1226 Sal—

1850 1258 2021 1312 vator,
2061 1249 2416 1319 Dominusque
2441 1261 2645 1317 noster,
2665 1255 2979 1311 exinaniens
3007 1259 3369 1327 semetipsum,

1849 1347 1905 1392 et
1943 1346 2160 1406 propter
2184 1353 2286 1393 nos
2318 1340 2475 1409 inops
2518 1340 2692 1397 factus
2736 1343 2792 1395 in
2842 1345 3224 1402 misericordia
3264 1362 3374 1404 sua

1848 1427 2071 1489 divitiis,
2106 1436 2160 1481 et
2201 1428 2292 1482 illo
2326 1430 2557 1492 sublato,
2593 1432 2852 1501 sapientia
2884 1422 2978 1489 sua
3000 1450 3216 1504 parvam
3243 1439 3375 1493 civiv

1850 1524 2009 1569 tatem
2042 1516 2243 1569 salvam
2279 1516 2427 1583 fecit,
2450 1518 2564 1572 sive
2597 1518 2889 1573 Ecclesium
2922 1522 3027 1574 alia
3056 1522 3372 1593 interpretar

1851 1605 2016 1667 tione,
2049 1618 2358 1674 paucosque
2385 1607 2476 1675 qui
2498 1614 2624 1660 sunt
2668 1608 2722 1661 in
2755 1624 2835 1661 ea.
2865 1608 3072 1663 Etenim
3099 1629 3119 1660 ι
3149 1621 3373 1682 angusta

1853 1701 2003 1759 porta
2029 1699 2082 1745 et
2112 1701 2258 1746 arcta
2289 1693 2374 1747 via
2399 1700 2480 1748 est
2514 1711 2633 1764 quae
2658 1696 2804 1750 ducit
2837 1696 2901 1751 ad
2950 1698 3135 1763 vitam.
3163 1709 3217 1753 et
3242 1717 3375 1770 pan»

206 1780 267 1831 ἐν
286 1781 428 1851 αὐτῇ
460 1782 667 1849 ὀλίγους
682 1783 833 1845 ὄντας
850 1799 864 1812 ·
889 1784 1068 1853 ἐπειδὴ
1090 1802 1108 1833 ι
1143 1784 1296 1854 στενὴ
1318 1785 1407 1836 καὶ
1426 1783 1743 1854 τεθλιμμένη

1850 1783 1898 1835 ci
1953 1791 2095 1845 sunt,
2124 1784 2213 1853 qui
2263 1785 2543 1839 inveniunt
2573 1801 2686 1840 eam
2714 1787 2780 1841 ³⁸.
2815 1806 2833 1839 ι
2886 1786 3007 1842 Haec
3058 1790 3373 1846 mirabiliter

204 1868 241 1934 ἠ
267 1868 390 1931 ὁδὸς
438 1870 473 1938 ἡ
502 1870 780 1937 ἀπάγουσα
807 1873 886 1933 είς
910 1871 1006 1941 τὴν
1028 1870 1189 1941 ζωὴν,
1214 1872 1307 1924 καὶ
1336 1872 1500 1938 ὀλίγοι
1544 1874 1677 1924 εἰσὶν
1700 1874 1749 1925 oi.

204 1958 434 2021 διιόντες
463 1960 649 2029 αὐτήν.
686 1978 705 2011 ›
726 1961 858 2013 Φασὶ
886 1960 929 2013 δ’
961 1963 1008 2013 οί
1044 1962 1142 2030 τὴν
1180 1961 1500 2031 τηλικαύτην
1524 1962 1751 2033 ὁρῶντες

206 2048 522 2117 οἰκονομίαν
538 2048 617 2110 τὸ,
641 2068 659 2098 ι
682 2049 877 2120 ’Δγαθὴ
911 2050 1068 2116 σοφία
1082 2050 1217 2119 ὑπὲρ
1230 2050 1470 2120 δύναμιν·
1491 2070 1509 2103 ι
1530 2051 1749 2120 δύναμιν

204 2134 261 2188 δὲ
278 2134 438 2203 δῆλον
462 2136 544 2188 ὃτι
563 2137 658 2207 τὴν
673 2136 776 2189 τῶν
801 2135 1066 2205 πολεμίων
1079 2153 1093 2166 ·
1109 2136 1242 2189 ἀλλά
1256 2138 1366 2197 καὶ,
1389 2155 1407 2186 ι
1421 2136 1746 2205 Ἀνθρωπος,

207 2225 389 2295 φησὶν,
415 2226 519 2278 οὐκ
546 2223 782 2295 ἐμνήσθη
799 2224 890 2279 τοῦ
905 2225 1090 2296 ἀνδρὸς
1115 2225 1206 2278 τοῦ
1229 2226 1448 2294 πένητος
1467 2226 1668 2278 ἐκείνου
1686 2244 1700 2257 ·
1725 2244 1744 2277 ι

207 2313 338 2377 Θεὸς
377 2315 479 2384 μὲν
519 2315 627 2385 γὰρ
652 2315 718 2385 ἦν
755 2316 785 2367 ὀ
822 2314 907 2368 διὰ
933 2316 1040 2368 τῶν
1076 2314 1363 2388 προφητῶν
1408 2315 1749 2384 μνημονεύων

209 2404 394 2467 αὐτοῦ,
427 2406 525 2458 καὶ
549 2404 931 2475 προκηρύττων
955 2404 1020 2456 τὰ
1052 2405 1177 2475 περὶ
1209 2404 1308 2475 τῆς
1336 2407 1413 2467 είς
1439 2403 1749 2475 ἀνθρώπους

207 2492 500 2563 ἐπιδημίας
529 2493 714 2547 αὐτοῦ·
739 2493 845 2546 τῶν
873 2494 917 2546 δ’
950 2493 1053 2545 ὑπὸ
1077 2494 1173 2562 τῆς
1203 2492 1388 2561 σοφίας
1426 2493 1532 2546 τῶν
1554 2493 1748 2564 ἀρχόν-

209 2599 314 2636 των
333 2583 525 2636 τούτου
548 2582 640 2636 τοῦ
663 2582 852 2646 αἰῶνος
878 2582 1267 2653 ἑνεργηθέντων
1297 2583 1414 2636 οὐδὲ
1434 2578 1513 2645 εἷς
1535 2582 1747 2636 πώποτε

209 2671 474 2743 ἐμνήσθη,
505 2673 628 2726 ἐπεὶ
657 2673 774 2743 μηδ’
793 2667 893 2726 οἷοί
929 2690 988 2725 τε
1008 2669 1144 2743 ἦσαν
1164 2672 1356 2726 εἰδέναι
1378 2674 1437 2724 τὸ
1456 2674 1746 2743 μυστήριον

206 2758 266 2813 τὺ
293 2761 777 2831 ἀποκεκρυμμένον
804 2761 907 2828 πρὸ
948 2761 1055 2813 τῶν
1098 2761 1302 2815 αἰώνων
1350 2763 1446 2832 τῆς
1484 2761 1622 2814 κατά
1648 2763 1745 2832 τὴν

180 2850 614 2920 οένανθρώπησιν
655 2851 953 2920 οἰκονομίας
987 2851 1077 2905 τοῦ
1104 2852 1272 2919 Λόγου
1301 2853 1393 2905 τοῦ
1426 2852 1575 2905 Θεοῦ.
1606 2852 1745 2923 Πρδς

206 2940 411 3004 τούτοις
431 2940 650 3008 λέγεται
676 2941 755 2994 ὃτι
785 2959 806 2990 c
841 2941 934 2995 καὶ
975 2942 1130 3009 σοφία
1169 2942 1261 2995 τοῦ
1292 2943 1512 3011 πένητος
1537 2943 1743 3008 ἐξουδε-

206 3027 441 3099 νωμένη·
481 3047 502 3083 ι
537 3028 629 3081 καὶ
669 3028 773 3099 γάρ
806 3028 1085 3097 εὐδόκησεν
1106 3032 1136 3082 ὀ
1176 3029 1302 3092 Θεὸς
1339 3048 1359 3078 ι
1392 3029 1477 3082 διὰ
1508 3015 1606 3099 τῆς
1633 3012 1744 3100 μω-

1853 1871 1985 1927 facta
2031 1873 2268 1928 videntes
2302 1874 2603 1928 exclamant
2636 1893 2649 1929 :
2687 1893 2707 1925 ι
2755 1875 2940 1931 Melior
2982 1885 3065 1932 est
3115 1880 3371 1947 sapientia

1852 1961 2183 2024 fortitudine,
2222 1981 2240 2014 ι
2276 1962 2589 2019 fortitudine
2637 1965 2842 2019 scilicet
2892 1965 3142 2020 hostium.
3183 1962 3287 2023 Sed
3319 1978 3372 2023 et

1852 2069 1871 2101 c
1901 2052 2102 2116 nullus,
2133 2053 2227 2116 ait,
2263 2053 2575 2108 recordatus
2620 2062 2704 2111 est
2748 2055 2981 2111 hominis
3012 2057 3156 2111 illius
3177 2073 3375 2129 paupe—

1848 2141 1945 2195 ris.
1985 2159 2004 2191 ›
2038 2138 2178 2207 Deus
2206 2142 2349 2196 enim
2374 2150 2491 2196 erat
2517 2143 2608 2213 qui
2647 2143 2732 2199 sui
2755 2160 2851 2214 per
2875 2146 3159 2215 prophetas
3186 2147 3373 2202 admo—

1849 2228 2029 2290 nebat,
2064 2243 2327 2297 suumque
2360 2229 2500 2283 inter
2544 2230 2786 2284 homines
2813 2231 3096 2284 adventum
3125 2231 3374 2300 praedica-

1849 2318 1957 2370 bat.
1983 2317 2076 2371 isti
2104 2333 2252 2382 vero,
2281 2319 2442 2388 hujus
2462 2320 2645 2375 saeculi
2670 2319 2971 2389 principum
3008 2321 3268 2390 sapientia
3293 2320 3374 2374 af-

1846 2406 1976 2471 ﬂati,
2001 2423 2338 2479 nequaquam
2384 2409 2502 2478 ejus
2538 2410 2801 2464 recordati
2851 2418 2998 2473 sunt,
3030 2412 3119 2481 qui
3170 2420 3367 2481 myste-

1846 2499 1984 2551 rium
2014 2508 2135 2554 ante
2164 2501 2354 2554 saecula
2389 2500 2762 2555 absconditum
2807 2499 2900 2555 Dei
2930 2500 3089 2555 Verbi
3131 2501 3373 2555 incarna-

1847 2586 2009 2641 tionis
2039 2587 2257 2642 minime
2283 2589 2583 2657 perspicere
2613 2588 2879 2643 valebant.
2904 2587 2980 2643 De
3014 2589 3210 2659 quibus
3235 2589 3370 2643 dici-

1845 2683 1981 2730 tur:
2035 2694 2056 2726 ι
2099 2675 2369 2746 Sapientia
2426 2678 2675 2747 pauperis
2710 2684 3033 2744 contempta.
3093 2697 3114 2730 ι
3160 2677 3366 2732 Etenim

1849 2785 1868 2815 ι
1908 2766 2016 2820 Deo
2038 2767 2240 2835 placuit
2271 2767 2666 2836 praedicationis
2702 2768 2926 2822 stultitia
2954 2766 3233 2821 credentes
3261 2767 3369 2822 sal.

1843 2869 1939 2911 vos
1972 2855 2149 2911 facere
2181 2858 2248 2890 ”'
2272 2876 2287 2917 ;
2327 2876 2344 2908 ο
2373 2857 2464 2911 sed
2490 2876 2509 2907 ι
2541 2858 2698 2911 verba
2726 2855 2866 2925 ejus,
2886 2857 2981 2919 ait,
3005 2871 3112 2911 non
3137 2863 3253 2911 sunt
3280 2871 3370 2910 au.

1843 2946 1969 2999 dita.
2013 2965 2032 2998 ι
2067 2946 2173 3001 Nec
2194 2948 2335 3001 enim
2366 2946 2602 3001 omnium
2640 2956 2723 3002 est
2754 2945 3047 3001 Sa‘lvatoris
3077 2947 3239 3000 verba
3274 2961 3371 2999 au.

1842 3033 1979 3097 dire,
2014 3036 2117 3089 nisi
2144 3036 2481 3090 solummodo
2504 3050 2688 3090 eorum
2713 3035 2806 3104 qui
2826 3050 2984 3089 aures
3007 3034 3255 3089 audiendi
3281 3035 3369 3087 ha.

207 3085 324 3186 ρίές
348 3085 445 3168 τοῦ
476 3085 821 3185 κηρύγματος
843 3085 1008 3168 σῶσαι
1031 3118 1151 3178 τοὺς
1170 3117 1530 3180 πιστεύοντας⁹
1609 3085 1741 3172 ἀλλά

1844 3085 2475 3192 .3..'.11§;..;.;.;at.;;.;
2500 3085 3368 3193 usus..."uastata}...

210 3219 229 3252 ι
262 3204 355 3256 καί⁵
374 3206 424 3256 οἱ
454 3203 600 3270 λόγοι
628 3203 807 3266 αὑτοῦ,
838 3205 1017 3273 φησὶν,
1049 3205 1145 3257 οὐκ
1187 3205 1320 3256 εἰσὶν
1349 3206 1677 3274 ἀκουόμενοι·
1716 3226 1734 3259 ι

204 3296 259 3348 οὗ
297 3296 519 3348 πάντων
555 3294 659 3363 γάρ
690 3297 831 3347 ἐστιν
865 3294 1089 3348 ἀκοῦσαι
1120 3293 1225 3348 τῶν
1251 3294 1343 3347 τοῦ
1385 3296 1627 3366 Σωτῆρος
1656 3296 1741 3348 λό-

1845 3211 1912 3263 iis
1941 3212 2147 3265 scilicet
2174 3213 2266 3280 qui
2294 3228 2400 3266 non
2432 3220 2559 3267 sunt
2588 3213 2706 3281 ejus
2730 3212 3011 3281 discipuli;
3043 3232 3061 3263 ι
3088 3214 3143 3267 in
3176 3215 3247 3269 iis
3272 3214 3366 3284 qui

1843 3308 2066 3366 pereunt
2097 3306 2181 3352 est
2207 3308 2449 3366 opertum
2470 3301 2533 3355 ’⁸.
2562 3318 2583 3350 )

205 3403 333 3455 γων,
380 3388 430 3439 εί
461 3387 536 3457 μὴ
567 3388 721 3457 μόνον
757 3387 862 3441 τῶν
898 3388 1121 3457 ἐχόντων
1150 3382 1262 3441 ὦτα
1298 3390 1377 3450 είς
1419 3388 1479 3441 τὸ
1531 3390 1759 3442 ἀκούειν·
1812 3390 1902 3441 καὶ
1958 3390 2064 3460 γὰρ
2108 3389 2169 3442 τὸ
2210 3390 2527 3458 Εὑαγγέλιον
2561 3390 2654 3443 τοῦ
2698 3387 2929 3459 Χριστοῦ
2972 3389 3366 3459 κεκαλυμμένον

205 3483 367 3547 ἐστὶν,
397 3481 536 3550 πλὴν
562 3481 620 3532 ού
640 3482 750 3543 τοῖς
776 3481 935 3534 αὑτοῦ
960 3480 1235 3553 μαθηταῖς,
1270 3498 1289 3532 ι
1314 3483 1422 3543 τοίς
1443 3480 1547 3551 γάρ
1572 3482 1957 3552 ἀπολλυμένοις
1983 3484 2126 3535 ἐστὶν
2154 3481 2573 3552 κεκαλυμμένον.
2610 3502 2629 3534 ι

722 3599 1103 3653 ΚΕΦΑΛΑΙΟΝ
1144 3601 1231 3665 ς’.

523 3689 632 3742 Τοῦ
663 3691 955 3758 ’ᾼσματος
990 3689 1105 3744 τῶν
1136 3691 1426 3760 ᾀσμάτων.

270 3778 429 3836 Ὄλον
454 3782 516 3833 τὸ
545 3780 740 3850 βιϐλίον
766 3781 1009 3833 ὑπόθεσιν
1036 3780 1144 3851 εχει
1174 3781 1385 3853 νύμφης
1405 3782 1577 3853 ἔρωτα
1609 3782 1740 3854 πρὸς

207 3876 448 3943 νυμφίον,
466 3872 824 3944 ὁμολογούσης
853 3872 1146 3943 τετρῶσθαι
1175 3877 1238 3944 τῇ
1266 3875 1398 3944 πρὸς
1412 3876 1569 3930 αὐτὸν
1605 3876 1738 3943 ἀγά-

207 3979 302 4034 πῃ,
332 3966 425 4018 καὶ
452 3963 616 4019 αὐτοῦ
639 3964 795 4017 πάλιν
822 3964 1197 4033 ὁμολογοῦντος
1235 3964 1400 4035 αὐτὴν
1444 3966 1606 4036 μόνην
1632 3968 1738 4019 ἀπὸ

214 4053 462 4107 πλειόνων
497 4055 759 4123 ὑπάρχειν
804 4052 947 4121 αὐτῷ
982 4053 1187 4107 τελείαν
1236 4056 1553 4126 περιστερὰν
1595 4056 1742 4126 παρὰ

206 4142 302 4204 τάς
322 4142 609 4213 λεγομένας
631 4141 896 4211 βασιλίδας
911 4143 1003 4195 καὶ
1022 4142 1342 4208 παλλακίδας
1364 4146 1455 4198 καὶ
1479 4145 1736 4207 νεάνιδας.

207 4233 268 4285 Οἱ
299 4234 393 4302 μὲν
421 4230 512 4287 οὖν
547 4235 611 4285 ὲκ
657 4232 949 4302 περιτομῆς
978 4232 1101 4302 μίαν
1128 4230 1262 4287 εἶναι
1305 4233 1409 4286 τῶν
1457 4251 1737 4287 πεπιστευο

214 4320 381 4386 μένων
410 4322 539 4392 παρ’
574 4320 750 4384 αὐτοῖς
777 4319 868 4372 δύο
895 4319 986 4373 καὶ
1015 4319 1182 4374 εἴκοσι
1221 4318 1578 4374 θεοπνεύστων
1605 4339 1737 4392 γρα-

2430 3598 2652 3656 CAPUT
2681 3598 2767 3653 Vl.

2262 3689 2310 3743 E
2336 3688 2551 3745 Cantica
2581 3691 2917 3744 canticorum.
2971 3679 2979 3687 ’

1910 3780 2204 3850 Exponitur
2259 3781 2313 3834 in
2364 3787 2478 3834 toto
2519 3780 2657 3833 libro
2686 3793 2893 3849 sponsa:
2938 3791 3063 3849 erga
3107 3792 3362 3846 sponsum

1840 3887 2009 3937 amor,
2039 3886 2157 3941 qua:
2182 3872 2522 3941 semetipsam
2564 3883 2745 3924 amore
2784 3869 2926 3923 illius
2971 3868 3205 3922 sauciam
3235 3867 3363 3921 fate.

1838 3973 1948 4027 tur,
1987 3963 2112 4017 dum
2161 3962 2250 4017 ille
2302 3961 2537 4016 vicissim
2581 3974 2698 4014 eam
2737 3974 2766 4012 e
2817 3959 3000 4014 multis
3031 3961 3198 4014 solam
3244 3973 3362 4013 esse

1841 4052 1943 4107 sibi
1988 4049 2272 4120 perfectam
2312 4048 2610 4103 columbam
2657 4048 2726 4111 ",
2774 4047 2913 4101 inter
2962 4049 3191 4117 reginas,
3227 4061 3360 4101 cono

1838 4142 2064 4196 cubinas
2094 4147 2148 4195 et
2194 4138 2617 4193 adolescentulas
2642 4138 2687 4169 ⁸⁸
2731 4138 3000 4206 praedicat.
3045 4137 3211 4192 Judaei
3241 4139 3363 4206 qui-

1837 4232 1958 4287 dem
1980 4245 2139 4285 unam
2170 4243 2291 4284 esse
2318 4242 2382 4280 ex
2411 4227 2621 4281 duabus
2648 4232 2702 4281 et
2729 4227 2915 4297 viginti
2947 4241 3081 4297 quas
3107 4225 3360 4282 divinitus

1834 4322 2122 4392 inspiratas
2177 4318 2439 4381 credunt,
2486 4318 2624 4371 hanc
2673 4318 3004 4386 Scripturam
3066 4325 3356 4386 reputant;

213 4406 319 4473 φῶν
349 4408 694 4479 πεπεισμένοι
726 4407 817 4459 καὶ
841 4405 1037 4476 ταύτην
1068 4406 1162 4477 τὴν
1186 4407 1420 4479 Γραφὴν,
1449 4409 1544 4461 οὐκ
1570 4402 1660 4460 οἶδ’
1686 4411 1735 4460 εἰ

1844 4411 2019 4465 nescio
2079 4425 2147 4464 an
2196 4406 2487 4476 quidquam
2554 4405 2607 4459 in
2659 4405 2741 4459 eis
2786 4404 2966 4459 divina
3014 4405 3359 4476 inspiratione

210 4495 368 4566 ἔχοιεν
402 4499 549 4566 ἄξιόν
592 4515 644 4551 τι
672 4498 816 4559 θείας
859 4494 1135 4558 ἐπιπνοίας
1174 4495 1453 4567 λεγόμενον
1501 4499 1556 4549 ὲν
1599 4499 1727 4568 αὐτῇ

1844 4500 2052 4568 dignum
2096 4496 2376 4552 ostendere
2416 4503 2635 4565 queant,
2667 4494 2715 4547 si
2761 4494 2894 4547 nihil
2941 4494 3157 4549 litterali
3201 4509 3359 4550 acce-

212 4589 562 4658 παραστῆσαι,
585 4586 658 4659 μὴ
686 4586 840 4640 πλέον
865 4603 916 4638 τι
933 4586 1027 4654 τῆς
1055 4586 1336 4656 προχείρου
1357 4587 1575 4658 ὲκδοχῆς
1593 4590 1730 4642 κατά

210 4677 323 4741 τοὺς
365 4680 558 4742 τόπους
610 4674 1018 4746 φανταζόμενοι·
1059 4676 1088 4727 ὀ
1121 4675 1177 4729 δὲ
1215 4675 1427 4739 δυνατὸς
1470 4676 1530 4746 (f.
1555 4677 1642 4746 28)
1671 4679 1732 4730 τὸ

217 4765 306 4832 μὲν
334 4768 672 4839 ἐπικείμενον
714 4766 804 4819 καί
837 4764 1006 4837 ταύτῃ
1030 4768 1094 4835 τῇ
1125 4766 1310 4836 Γραφῇ
1350 4766 1602 4836 κάλυμμα
1633 4785 1729 4820 πε-

216 4855 415 4922 ριελείν,
464 4856 779 4927 ἐπιστρέψαι
830 4854 886 4911 δὲ
926 4856 1058 4926 πρὸς
1098 4855 1296 4927 Κύριον
1342 4857 1474 4926 ὅπερ
1519 4858 1630 4909 ἐστὶ
1671 4857 1730 4909 τὸ

214 4945 434 5017 πνεῦμα,
475 4950 568 5003 καί
600 4944 1085 5015 ἀνακεκαλυμμένῳ
1129 4945 1394 5015 προσώπῳ
1423 4947 1519 5015 τὴν
1553 4947 1643 4999 καὶ
1672 4948 1730 5000 ὲν

215 5034 405 5100 τούτοις
429 5038 583 5104 δόξαν
624 5037 714 5090 τοῦ
743 5035 941 5107 Κυρίου
969 5034 1424 5105 κατοπτρίζεσθαι.
1469 5035 1728 5106 θεωρήσει

217 5122 269 5172 ἐν
294 5125 524 5197 αὐτῇ-τά
552 5126 690 5182 κατά
709 5124 803 5195 τὴν
843 5123 1204 5192 πνευματικὴν
1238 5122 1469 5192 νύμφην,
1502 5122 1653 5191 δῆλον
1679 5123 1724 5176 δ’

217 5208 289 5262 ὃτι
324 5214 419 5284 τὴν
454 5214 767 5285 Ἐκκλησίαν
807 5213 899 5266 τοῦ
931 5211 1180 5283 Χριστοῦ,
1227 5213 1510 5282 μυστήρια,
1545 5212 1633 5263 καὶ
1659 5211 1725 5269 τὰ

219 5296 463 5372 λεγόμενα
488 5306 613 5376 περί
650 5305 740 5357 τοῦ
779 5303 977 5356 τελείου
1001 5303 1093 5372 τῆς
1118 5300 1316 5354 τοιασδὶ
1353 5300 1563 5369 νύμφης
1593 5317 1724 5369 νυμ-

219 5388 331 5455 φίου
379 5394 468 5445 καὶ
514 5395 612 5463 τῆς
661 5392 767 5446 τῶν
817 5391 1089 5462 βασιλίδων
1127 5389 1282 5443 αὐτοῦ
1342 5390 1433 5443 καὶ
1470 5388 1722 5442 παλλακίο

1835 4587 2016 4658 ptione
2038 4586 2213 4653 majus
2244 4584 2333 4663 hic
2364 4584 2683 4652 excogitant.
2714 4582 2814 4647 Qui
2862 4592 3038 4638 autem
3068 4582 3358 4637 obductum

1832 4677 1969 4731 valet
2010 4676 2137 4731 huic
2185 4674 2478 4743 Scriptum
2523 4674 2696 4727 velum
2741 4678 2998 4741 retcgere,
3049 4681 3358 4727 convertere

1832 4765 1898 4820 ad
1946 4763 2229 4820 Dominum
2284 4767 2424 4836 quod
2463 4775 2547 4821 est
2592 4765 2834 4833 spiritus,
2873 4773 2927 4819 et
2976 4775 3162 4834 aperto
3207 4767 3357 4821 vultu

1834 4854 2046 4911 Domini
2092 4856 2315 4923 gloriam
2352 4856 2453 4909 sub
2497 4854 2582 4907 his
2620 4853 2803 4922 ﬁguris
2850 4854 3097 4907 latentem
3146 4858 3356 4928 perspi-

1834 4958 1976 5007 cere,
2005 4942 2285 4997 manifeste
2314 4942 2560 5011 diSpiciet
2591 4943 2647 4995 in
2677 4955 2739 4998 ea
2768 4941 2967 4998 Christi
2997 4940 3287 5001 Ecclesiam
3324 4962 3354 4999 ιι

1832 5031 2095 5101 spirituali
2149 5044 2341 5103 sponsa
2375 5031 2599 5099 mystice
2647 5028 2937 5097 designari,
2970 5038 3022 5084 et
3054 5046 3172 5099 quae
3212 5033 3354 5091 dicta

1830 5130 1953 5177 sunt
1988 5121 2055 5176 de
2088 5122 2324 5191 perfecto
2362 5121 2484 5176 talis
2528 5133 2739 5189 sponsa:
2769 5134 2990 5190 sponso,
3025 5129 3080 5176 et
3125 5123 3192 5177 de
3216 5138 3355 5194 reg:-

1828 5226 2016 5266 narum
2073 5213 2209 5279 ejus,
2260 5210 2681 5269 concubinarum
2736 5216 2791 5263 et
2840 5210 3351 5266 adolescentularum

1829 5301 2154 5365 discrimine,
2182 5316 2282 5356 nec
2327 5317 2434 5356 non
2460 5314 2788 5369 quacunque
2824 5315 3016 5355 arcana
3051 5301 3104 5356 in
3136 5303 3239 5357 hoc
3284 5305 3351 5357 li.

1827 5390 1926 5445 ltro
1966 5390 2276 5449 abscondita
2313 5398 2440 5445 sunt
2489 5389 2829 5455 documenta,
2864 5398 3008 5444 recte
3050 5391 3349 5463 intelliget;

282 5546 330 5617 ’ξ
360 5547 548 5617 Ephes.
608 5567 688 5613 νι,
727 5549 808 5602 η.
884 5549 928 5580 ⁸⁸
955 5547 1135 5601 Matth.
1171 5564 1275 5612 vn,
1314 5546 1397 5601 Η.
1473 5544 1575 5598 ⁸⁵’ῐ
1614 5548 1737 5605 Cor.

1848 5549 1934 5605 2|.
2010 5551 2055 5586 ³⁸
2097 5548 2138 5605 ll
2162 5550 2287 5606 Cor.
2324 5564 2395 5616 tv,
2432 5549 2484 5603 5.
2559 5548 2601 5579 "
2640 5546 2794 5601 Cant.
2834 5562 2907 5612 tt,
2949 5548 3041 5613 10,
3080 5550 3261 5617 Hm,
3292 5548 3346 5609 2,

225 5608 264 5642 ²⁸
298 5608 443 5671 Cant.
479 5637 563 5687 vt,
597 5621 650 5681 7.
679 5608 712 5672 Β

632 5737 891 5795 Puncta
932 5732 1043 5790 (in.
1090 5729 1289 5790 XXII.

3006 5726 3086 5787 36
