3926 6368
217 412 358 464 1133

1205 410 1493 466 ECLOGA}
1529 410 1988 466 PROPHETICAE.
2030 443 2095 451 —-
2118 411 2241 467 LIB.
2276 412 2360 467 ιιι.

3220 418 3243 472 1
3259 420 3357 473 131

208 529 380 591 αὑτός
413 531 557 582 ἐστιν
583 531 611 581 6
638 531 726 583 καὶ
758 531 835 592 είς
857 528 935 591 τὰ
946 529 1216 602 κατώτερα
1241 530 1338 599 τῆς
1360 531 1459 599 γῆς
1492 530 1739 594 καταϐάς1

1843 528 2048 592 cordia,
2070 544 2192 597 qua:
2215 532 2380 585 maris
2402 529 2669 599 profunda
2692 533 2817 587 mihi
2851 534 3151 604 signiﬁcare
3177 533 3363 587 viden-

219 626 310 670 καὶ
359 621 440 681 είς
485 620 580 689 τὴν
608 620 893 689 λεγομένην
941 620 1158 690 καρδίαν
1205 621 1387 688 αὐτῆς,
1421 622 1604 689 ἥντινα
1651 621 1743 673 νῦν

212 705 581 774 ὑπολαμϐάνω
607 707 780 776 πηγὴν
815 706 1082 775 Θαλάσσης
1108 707 1439 775 ὠνομάσθαι·
1472 708 1549 759 ἐτι
1577 708 1631 759 δὲ
1654 710 1744 760 καὶ

208 797 244 848 ό
284 798 343 848 ὲν
374 796 574 865 ἴχνεσιν
618 798 883 867 Θαλάσσης
928 799 1312 867 περιπατήσας,
1352 792 1396 865 ᾧ
1438 799 1579 867 μόνῳ
1610 800 1745 867 μετὰ

217 884 379 952 φόϐου
400 887 742 955 ἠνεῴχθησαν
765 889 819 940 αἱ
841 886 931 939 τοῦ
953 886 1175 941 Θανάτου
1207 887 1386 949 πύλαι,
1413 888 1529 940 καθ’
1554 888 1632 939 ὅτι
1649 889 1743 940 ούκ

215 969 283 1042 ἦν
301 975 523 1028 δυνατὸν
552 976 858 1045 κρατεῖσθαι
881 974 1036 1027 αὑτὸν
1060 975 1148 1026 ὑπ’
1174 974 1353 1035 αὑτοῦ,
1375 975 1432 1027 δν
1455 977 1546 1027 καὶ
1575 977 1623 1028 οἱ
1647 994 1744 1027 πυ-

214 1063 376 1133 λωρο)⁸
415 1065 509 1117 τοῦ
553 1066 708 1134 ’ᾍδου
749 1064 939 1125 ίδόντες
968 1063 1217 1131 ἔπτηξαν,
1247 1063 1474 1134 ὁρῶντες
1514 1065 1572 1117 τὸ
1602 1068 1743 1127 νῖκος

214 1151 308 1202 καὶ
337 1151 397 1203 τὸ
421 1154 658 1222 κέντρον,
682 1154 773 1204 καὶ
794 1152 890 1213 τὰς
917 1152 1103 1214 ὠδῖνας
1124 1151 1214 1203 τοῦ
1242 1151 1464 1205 θανάτου
1482 1153 1546 1205 δι’
1583 1154 1741 1207 αὑτοῦ

213 1238 665 1309 καθαιρουμένας·
697 1241 831 1309 τάχα
875 1240 929 1292 δὲ
958 1240 1158 1301 τούτοις
1194 1242 1301 1302 τοῖς
1345 1240 1605 1312 πυλωροῖς
1638 1243 1743 1295 τῶν

210 1328 395 1380 ἐνθάδε
414 1329 720 1399 λεγομένων
741 1330 914 1382 πυλῶν
938 1328 1027 1382 τοῦ
1044 1329 1265 1382 Θανάτου
1287 1330 1390 1383 ὑπό
1408 1347 1564 1384 τινων
1586 1332 1741 1386 θείων

208 1417 490 1487 δυνάμεων
526 1420 737 1487 ἐλέγετο
774 1419 912 1473 κατὰ
948 1420 1036 1472 τὸν
1078 1419 1263 1489 καιρὸν
1299 1419 1390 1472 τοῦ
1423 1420 1620 1483 πάθους
1654 1424 1742 1474 καὶ

207 1507 307 1577 τῆς
338 1509 419 1569 είς
463 1508 553 1560 τὸν
601 1508 764 1578 ᾍδην
801 1507 891 1561 τοῦ
924 1508 1164 1578 Σωτῆρος
1201 1507 1353 1578 ήμῶν
1402 1509 1742 1573 καταϐάσεως

207 1594 289 1656 τὸ,
328 1612 347 1643 ι
390 1595 591 1663 Ἄρατε
643 1594 827 1659 πύλας,
865 1598 912 1648 οἱ
952 1595 1218 1665 ἄρχοντες,
1248 1594 1396 1666 ὑμῶν
1437 1598 1526 1649 καὶ
1572 1597 1738 1666 ἐπάρ-

207 1678 360 1749 θητε,
396 1682 560 1735 πύλαι
590 1683 807 1746 αἰώνιοι,
838 1684 927 1735 καὶ
949 1682 1297 1735 εἰσελεύσεται
1319 1686 1347 1736 ό
1379 1683 1622 1753 βασιλεὺς
1646 1686 1740 1756 τῆς

205 1770 393 1840 δόξης·
437 1791 457 1823 ι
493 1772 690 1825 αἱὼνιοι
709 1773 763 1825 δὲ
782 1771 1015 1845 εἴρηνται
1045 1774 1222 1837 πύλαι,
1252 1774 1325 1836 ὼς
1364 1761 1736 1844 ὑπολαμϐάνω,

1846 630 1954 682 tur,
1997 619 2312 687 penetravit.
2356 618 2413 673 ιη
2442 621 2748 677 novissimis
2784 639 2993 694 quoque
3047 624 3221 692 abyssi
3268 623 3360 677 de.

1847 708 2156 770 ambulavit,
2200 709 2286 762 cui
2341 710 2438 762 soli
2490 720 2683 779 apertae
2741 720 2865 766 sunt
2910 721 3075 782 portae
3128 713 3357 776 mortis;

1847 795 1997 852 nefas
2022 799 2216 866 quippe
2250 805 2365 852 erat
2396 813 2516 852 eum
2553 814 2583 852 λ
2628 809 2799 854 morte
2830 801 3059 866 devinci,
3086 817 3243 871 quem
3278 805 3361 855 in-

1848 886 1982 940 ferni
2015 887 2221 941 ostiarii
2245 888 2485 942 videntes
2517 889 2919 956 pertimuerunt,
2952 890 3224 943 victoriam
3254 890 3362 943 soi-

1847 977 1990 1038 licet,
2020 986 2071 1030 et
2103 977 2396 1040 stimulum,
2430 985 2484 1031 ct
2515 978 2725 1031 vincula
2756 978 2943 1032 mortis
2975 980 3041 1032 ab
3065 995 3129 1033 eo
3157 981 3360 1033 sublata

1847 1080 1969 1118 cum
2000 1066 2425 1134 conspexissent.
2459 1066 2551 1122 His
2580 1079 2752 1121 autem
2788 1069 3024 1123 ostiariis
3052 1068 3243 1123 inferni
3275 1070 3356 1137 ja-

1846 1167 2071 1207 nuarum
2100 1167 2128 1205 a
2176 1155 2490 1222 quibusdam
2533 1157 2728 1211 divinis
2767 1157 3116 1226 potestatibus
3164 1157 3362 1212 dictum

1846 1252 1928 1296 est
1959 1251 2196 1312 tempore
2227 1246 2491 1314 passionis
2520 1254 2572 1299 et
2600 1246 2896 1300 Salvatoris
2927 1246 3096 1300 nostri
3137 1244 3201 1298 ad
3230 1244 3364 1299 infe-

1848 1345 1936 1385 ros
1962 1332 2280 1387 descensus:
2310 1352 2328 1383 ι
2359 1332 2598 1389 Attollite
2621 1342 2822 1403 portas.
2846 1333 3136 1405 principes,
3161 1342 3364 1388 vestras

1844 1429 1895 1474 et
1919 1421 2220 1484 elevamini,
2256 1429 2420 1490 porta:
2446 1423 2742 1490 aeternales,
2769 1430 2821 1477 et
2849 1423 3088 1477 introibit
3114 1423 3225 1476 Rex
3251 1423 3365 1491 glo-

1845 1511 1935 1564 riae
1956 1511 2052 1565 ⁸⁷.»
2084 1509 2385 1567 Ᾱζιθισηαιθε
2412 1521 2574 1581 porta:
2606 1512 2876 1574 dicuntur,
2910 1520 2965 1564 ut
2994 1511 3202 1579 opinor,
3236 1526 3366 1576 quo-

1846 1602 1984 1655 niam
2025 1602 2093 1655 ab
2118 1610 2316 1655 aeterno
2345 1601 2477 1655 nulli
2509 1616 2737 1671 unquam
2774 1607 2991 1669 patuere
3016 1600 3118 1653 nisi
3171 1600 3242 1652 illi
3273 1599 3363 1669 qui

1845 1699 2011 1745 morte
2039 1691 2304 1760 quondam
2342 1692 2582 1746 sublatos
2611 1692 2857 1745 liberavit
2893 1696 2945 1743 et
2975 1688 3042 1742 ad
3080 1689 3242 1743 vitam
3275 1704 3365 1743 re-

1845 1780 2087 1844 vocavit;
2140 1779 2204 1833 de
2234 1795 2341 1849 quo
2386 1781 2470 1833 hic
2517 1779 2753 1833 dicitur:
2798 1797 2815 1829 ι
2854 1777 3060 1846 Aperte
3104 1785 3230 1832 sunt
3268 1777 3361 1830 tibi

205 1860 290 1912 διὰ
318 1861 381 1913 τὸ
409 1860 469 1926 ἐξ
488 1862 676 1924 αἰῶνος
709 1862 891 1932 μηδενὶ
914 1862 1064 1932 οάλλῳ
1097 1862 1261 1925 αὐτὰς
1293 1863 1529 1916 ἀνεῖσθαι
1561 1865 1593 1936 ἢ
1628 1866 1739 1917 τού-

1845 1883 1964 1921 cum
1993 1869 2183 1923 timore
2209 1876 2372 1937 portae
2396 1872 2602 1932 mortis,
2634 1875 2686 1923 et
2719 1868 2911 1921 inferni
2948 1866 3152 1921 ostiarii
3175 1866 3361 1920 viden-

204 1965 280 2017 τῳ
308 1949 456 2017 μόνῳ
486 1948 564 2017 τῷ
590 1950 681 2001 καὶ
706 1949 828 2011 τοὺς
858 1950 1019 2003 πάλαι
1059 1951 1184 2003 ποτὲ
1219 1951 1613 2014 καταποθέντας
1640 1952 1743 2004 ὑπὸ

204 2037 296 2090 τοῦ
335 2037 566 2091 Θανάτου
605 2040 884 2109 ῥυσαμένῳ
915 2041 1006 2092 καὶ
1055 2039 1465 2111 ζωοποιήσαντι⁸
1511 2042 1638 2112 περὶ
1684 2035 1742 2094 οὗ

206 2127 384 2181 ἐνθάδε
415 2128 514 2198 μὲν
541 2129 748 2199 είρηται
779 2130 855 2193 τὸ,
878 2148 895 2179 ι
936 2130 1253 2197 Ἀνοίγονται
1282 2130 1339 2182 δέ
1373 2148 1451 2185 σοι
1477 2131 1621 2200 φόϐῳ
1646 2131 1745 2184 πύ-

204 2215 288 2269 λαι
319 2216 572 2282 Θανάτου,
595 2219 825 2289 πυλωροὶ
848 2218 901 2271 δὲ
933 2217 1089 2287 ᾍδου
1145 2219 1336 2281 ἰδόντες
1357 2236 1414 2271 σε
1439 2219 1687 2290 ἔπτηξαν·
1719 2240 1737 2271 ι

205 2309 259 2359 ἰν
285 2307 341 2360 δὲ
367 2306 445 2376 τῷ
477 2306 569 2377 pg"
588 2306 782 2377 ψαλμῷ
801 2308 878 2371 τὸ,
913 2327 930 2357 ι
972 2309 1091 2360 Ὅτι
1112 2308 1387 2379 συνέτριψε
1421 2309 1589 2373 πύλας
1615 2310 1740 2379 χαλ-

205 2397 322 2459 κᾶς,
364 2416 384 2448 ι
418 2396 519 2449 οὐκ
545 2397 705 2460 ἄλλας
743 2397 922 2461 οὔσας,
961 2399 1033 2463 ὡς
1064 2397 1231 2470 οἶμαι,
1274 2401 1305 2470 ἢ
1340 2400 1436 2463 τὰς
1463 2421 1481 2451 ι
1518 2402 1609 2455 τοῦ
1644 2402 1741 2455 θα-

204 2488 380 2550 νάτου,
408 2487 505 2540 καὶ
557 2487 777 2556 μοχλοὺς
809 2488 1054 2559 σιδηροῦς
1087 2490 1412 2561 συνέτριψεν,
1457 2511 1475 2542 ι
1504 2493 1656 2563 δῆλον
1694 2494 1739 2546 δ’

203 2577 280 2629 ὅτι
315 2578 440 2640 τοὺς
482 2577 592 2630 τῶν
619 2579 1019 2649 προειρημένων
1058 2579 1253 2633 πυλῶν.
1295 2580 1475 2635 Ταῦτα
1513 2583 1609 2652 μὲν
1648 2579 1738 2636 οὖν

205 2669 327 2736 ἡμῖν
355 2668 431 2729 ὡς
456 2667 525 2719 ἂν
548 2667 733 2737 μηδενὶ
757 2668 923 2738 ἑτέρῳ
950 2668 1076 2738 ῆτῷ
1101 2670 1313 2740 Χριστῷ
1342 2671 1640 2741 ἁρμόζοντα
1660 2674 1738 2737 είς

205 2756 358 2808 αὑτὸν
382 2755 692 2825 ὲξείληπται
714 2773 728 2787 ·
752 2756 909 2819 αὐτὸς
929 2756 1035 2827 γάρ
1064 2758 1204 2811 ἐστιν
1238 2752 1281 2823 ᾧ
1309 2761 1479 2812 πᾶσαν
1506 2760 1600 2830 τὴν
1620 2762 1738 2831 κρί-

207 2861 284 2897 σιν
328 2844 526 2898 ἔδωκεν
554 2846 581 2896 ό
612 2845 814 2915 Πατὴρ,
849 2844 984 2898 ὥστε
1014 2847 1170 2899 αὑτὸν
1212 2850 1457 2918 ἀφαιρεῖν
1498 2850 1593 2920 μὲν
1632 2852 1737 2903 άπὸ

200 2933 407 2987 ἀσεϐῶν
437 2935 500 2987 τὸ
545 2933 676 3002 φῶς,
717 2933 996 3004 βραχίονας
1031 2936 1086 2987 δὲ
1127 2938 1476 3006 ὑπερηφάνων
1523 2941 1734 3010 συντρί-

1843 1967 1921 2011 tes
1953 1965 2005 2012 te
2032 1960 2438 2028 pertimuerunt.
2487 1978 2505 2010 ι
2531 1957 2595 2012 Et
2634 1958 2687 2011 in
2720 1958 3011 2013 centesimo
3039 1966 3191 2011 sexto
3223 1959 3367 2025 psal-

1843 2061 1964 2100 mo:
2005 2066 2021 2096 ι
2062 2047 2328 2102 Contrivit
2358 2055 2539 2117 portas
2582 2062 2747 2101 aereas
2772 2048 2837 2108 ",
2875 2066 2893 2097 ι
2926 2046 3110 2100 mortis
3143 2045 3363 2105 scilicet.

1841 2143 1900 2187 ut
1924 2136 2052 2188 mihi
2085 2136 2311 2198 videtur,
2342 2155 2361 2186 ι
2388 2144 2439 2191 et
2471 2144 2647 2190 vectes
2682 2135 2881 2189 ferreos
2914 2133 3191 2202 confregit,
3226 2151 3245 2184 ι
3272 2133 3366 2186 ba-

1841 2238 1956 2276 rum
1995 2240 2185 2293 nempe
2211 2233 2501 2294 portarum.
2538 2224 2666 2290 Quae
2696 2224 2909 2294 quidem
2941 2224 3096 2278 nobis
3122 2223 3189 2277 de
3218 2222 3367 2276 nulla

1840 2309 1965 2374 alio,
2011 2310 2112 2363 nisi
2170 2311 2233 2365 de
2291 2310 2505 2366 Christo
2533 2311 2873 2381 intelligenda
2930 2311 3197 2365 videntur.
3251 2308 3366 2379 Ipse

1839 2399 1978 2452 enim
2012 2407 2113 2465 est,
2142 2400 2229 2453 cui
2272 2414 2429 2455 omne
2457 2398 2720 2468 judicium
2757 2400 2904 2454 dedit
2924 2398 3106 2461 Pater,
3146 2398 3214 2451 ad
3266 2413 3364 2451 au-

1841 2487 2108 2541 ferendam
2142 2490 2210 2542 ab
2240 2489 2417 2559 impiis
2448 2490 2639 2552 lucem,
2668 2499 2721 2542 et
2768 2489 2989 2543 brachia
3034 2488 3363 2542 excelsorum

1838 2578 2242 2648 conl‘ringenda.
2278 2579 2406 2645 Qua:
2434 2582 2479 2635 si
2515 2580 2635 2650 quis
2671 2580 3001 2635 existimaret
3026 2578 3092 2633 de
3129 2579 3363 2632 omnium

1840 2668 1947 2723 Deo
1973 2668 2099 2733 dici,
2128 2677 2338 2738 reputet
2372 2686 2437 2723 an
2463 2671 2607 2738 pium
2635 2677 2777 2725 esset
2805 2670 2953 2734 illud,
2995 2688 3013 2719 ι
3034 2655 3149 2723 Non
3170 2668 3361 2723 cmlum

1837 2768 1889 2811 et
1939 2766 2136 2810 terram
2186 2773 2283 2827 ego
2336 2759 2538 2828 'repleo,
2598 2758 2726 2813 dicit
2777 2758 3032 2814 Dominus
3059 2758 3124 2825 ³⁹,
3154 2776 3173 2810 ι
3209 2757 3364 2826 cujus

1842 2866 1860 2896 ι
1887 2849 2078 2901 coelum
2118 2849 2363 2911 thronus,
2398 2859 2645 2919 terraque
2658 2850 2943 2905 scabellum
2973 2849 3220 2919 pedum“
3246 2867 3266 2900 ι
3297 2850 3366 2901 ab

1837 2939 1926 2990 illo
1958 2937 2062 2992 Deo
2106 2938 2211 2993 dici
2259 2941 2349 3007 qui
2387 2939 2565 2994 omnia
2608 2940 2994 3010 complectitur.
3028 2940 3111 2994 vel
3152 2939 3362 3008 opinari

206 3023 313 3075 ϐειν
331 3040 345 3053 ο
370 3025 419 3076 et
445 3023 503 3075 δέ
533 3039 613 3084 τις
642 3024 764 3091 περὶ
787 3021 881 3074 τοῦ
902 3022 1004 3074 τῶν
1030 3024 1162 3075 ὅλων
1185 3022 1315 3075 Θεοῦ
1344 3024 1544 3094 οἰηθείη
1566 3025 1732 3078 ταῦτα

1840 3041 1954 3079 eum
2001 3042 2161 3094 super
2205 3042 2351 3082 mare
2400 3029 2779 3084 ambulavisse.
2826 3028 3031 3094 Quidve
3079 3029 3275 3082 mirum
3307 3037 3364 3084 et

204 3110 469 3177 λέγεσθαι,
491 3108 830 3178 ἐπιστησάτω
847 3110 893 3160 εί
919 3107 1136 3177 εὐσεϐές
1154 3109 1296 3161 ἐστιν
1323 3110 1411 3162 τὸν
1443 3111 1730 3177 φάσκοντα,

1840 3115 2075 3167 increata
2131 3123 2323 3169 natura
2375 3116 2627 3185 dignum,
2675 3118 2829 3187 quasi
2879 3117 3104 3173 sublime
3152 3117 3365 3174 facinus

210 3218 226 3249 ι
250 3201 382 3270 Οὐχὶ
400 3199 490 3251 τὸν
505 3197 724 3265 οὐρανὸν
751 3197 842 3249 καὶ
860 3196 953 3266 τὴν
982 3198 1080 3266 γῆν
1109 3196 1216 3263 ἐγὼ
1239 3196 1449 3266 πληρῶ,
1468 3197 1612 3265 λέγει
1629 3198 1738 3250 Κύ-

1843 3202 2019 3256 dicere
2043 3204 2278 3273 patuisse
2304 3204 2351 3257 ei
2381 3206 2569 3260 mortis
2607 3208 2834 3275 portas?
2872 3207 3122 3276 Nunquid
3149 3208 3365 3263 deceret

197 3305 337 3359 ,ριος,
372 3306 391 3337 ι
420 3281 482 3340 οὗ
515 3304 533 3335 ι
568 3288 596 3336 ό
618 3285 838 3354 οὐρανὸς
859 3284 1058 3352 θρόνος,
1092 3285 1125 3352 η
1156 3284 1211 3335 δὲ
1239 3283 1308 3353 γῆ
1330 3283 1607 3337 ὑποπόδιον
1627 3285 1737 3337 τῶν

1840 3291 2077 3344 omnium
2110 3291 2298 3355 Deum,
2328 3294 2483 3362 quasi
2513 3309 2761 3363 magnum
2792 3295 3058 3363 quoddam
3086 3302 3245 3364 atque
3275 3297 3364 3350 vix

199 3376 397 3440 ποδῶν,
440 3394 461 3426 ι
488 3375 577 3428 τὸν
620 3374 1000 3444 ὲμπεριέχοντα
1045 3373 1111 3425 τά
1159 3374 1328 3426 πάντα
1376 3372 1506 3427 Θεὸν
1555 3374 1735 3426 τοῦτον

1840 3377 2161 3432 credendum
2202 3379 2268 3434 de
2306 3395 2363 3434 se
2397 3380 2512 3447 ipso
2548 3380 2837 3449 praedicare
2882 3380 3082 3435 iul‘erni
3115 3381 3364 3435 ostiario:

205 3469 449 3535 φάσκειν,
477 3466 511 3536 ἢ
542 3465 644 3518 κᾶν
664 3466 857 3519 ἐννοεῖν
878 3465 935 3515 ὲν
962 3462 1125 3531 ἴχνεσι
1152 3461 1416 3535 Θαλάσσης
1441 3479 1737 3533 περιπεπα-

1840 3467 1957 3537 ipso
1988 3469 2102 3522 viso
2138 3470 2528 3523 contremuisse
2555 3470 2579 3521 ἲ
2605 3468 2859 3537 Equidem
2889 3484 2996 3523 non
3031 3469 3224 3538 opinor
3252 3469 3363 3523 haec

204 3558 455 3630 τηκέναιο
487 3556 540 3608 τί
582 3556 638 3609 δὲ
668 3557 759 3608 καὶ⁹
799 3553 1118 3623 Θαυμαστὸν,
1151 3552 1184 3626 ἢ
1229 3552 1373 3615 άξιον
1401 3552 1499 3622 τῆς
1547 3554 1738 3622 ἀγενή-

1840 3555 1907 3608 de
1937 3570 2002 3610 eo
2028 3556 2157 3619 dici,
2190 3557 2282 3610 sed
2312 3557 2397 3625 pie
2423 3571 2484 3611 ac
2508 3557 2559 3609 vi
2587 3557 2731 3610 nulla
2750 3557 2994 3626 adoptari
3016 3566 3240 3626 possunt
3270 3557 3363 3611 Dei

206 3666 292 3701 του
325 3648 557 3717 φύσεως,
591 3646 772 3715 ὥσπερ
808 3644 946 3713 μέγα
976 3660 1027 3696 τι
1057 3643 1277 3712 φάσκειν
1307 3642 1571 3711 ἡνεῷχθαι
1596 3643 1739 3712 αὐτῷ

1846 3640 2038 3708 Verbo,
2072 3642 2334 3696 Salvatori
2366 3641 2697 3711 Dominoque
2742 3651 2927 3696 nostro
2962 3642 3093 3697 Jesu
3128 3641 3361 3705 Christo,

206 3738 298 3801 τὰς
322 3737 416 3790 τοῦ
460 3736 685 3789 Θανάτου
726 3734 925 3796 πύλας;
967 3728 1073 3803 ἆρα
1103 3730 1159 3787 δὲ
1200 3731 1394 3801 πρέποι
1438 3731 1502 3783 ἂν
1525 3731 1600 3801 τῷ
1631 3732 1738 3784 τῶν

1840 3732 1931 3799 qui
1963 3732 2122 3785 homo
2166 3732 2337 3785 factus
2381 3742 2482 3794 est,
2517 3740 2742 3785 mortem
2787 3732 2927 3794 tulit,
2967 3732 3306 3800 surrexitque
3334 3749 3363 3784 ι

208 3826 333 3877 ὅλων
359 3824 477 3895 Θεῷ
502 3824 577 3886 ὡς
609 3823 747 3893 μέγα
773 3839 824 3877 τι
850 3821 941 3877 καὶ
974 3819 1263 3890 παράδοξον
1296 3820 1419 3884 περὶ
1448 3820 1635 3874 ἑαυτοῦ
1657 3821 1734 3873 δι-

1840 3824 2063 3877 mortuis
2121 3820 2299 3875 divina
2367 3830 2628 3890 potestate
2659 3860 2673 3884 ,
2736 3831 3059 3891 acceptaque
3120 3838 3148 3874 τι
3210 3820 3365 3876 Patre

210 3914 512 3984 εξέρχεσθαι
536 3913 597 3964 τὸ
611 3912 733 3973 τοὺς
760 3910 1035 3981 πυλωροὺς
1054 3910 1143 3965 τοῦ
1161 3911 1323 3963 ’Λδου
1353 3910 1552 3971 ιδόντας
1576 3909 1732 3961 αὑτὸν
1836 3912 2055 3965 virtute.

211 4002 525 4071 ὲπτηκέναι;
565 4000 699 4053 Ἀλλ’
731 4000 867 4069 (οὐκ)
894 3996 1042 4071 οἶμαι
1095 4000 1260 4057 ταῦτα
1288 4000 1414 4071 περὶ
1443 3999 1607 4052 αὐτοῦ
1666 4000 1933 4069 λέγεσθαι,
1963 4003 2179 4057 δύναταί
2210 4020 2270 4070 γε
2333 4003 2444 4073 μὴν
2478 4003 2798 4073 ἐφαρμόζειν
2830 4003 3058 4065 εὐσεϐῶς
3082 4003 3172 4055 καὶ
3208 4001 3365 4055 6.61.6-

214 4106 343 4152 στως
365 4091 453 4146 ιιι
477 4091 568 4146 τὸν
611 4088 703 4143 τοῦ
731 4090 863 4143 Θεοῦ
895 4090 1080 4157 Λόγον,
1112 4090 1200 4143 τὸν
1238 4091 1460 4160 Σωτῆρα
1506 4090 1596 4141 καὶ
1627 4089 1824 4160 Κύριον
1844 4091 1997 4162 ἡμῶν
2031 4092 2232 4161 Ἰησοῦν
2292 4092 2537 4162 Χριστὸν,
2585 4092 2675 4144 τὸν
2721 4093 3221 4163 ὲνανθρωπήσαντα,
3274 4090 3367 4144 καὶ

213 4179 425 4235 θάνατον
459 4183 837 4253 ὑπομείναντα,
866 4183 1163 4237 ἀναστάντα
1194 4199 1250 4237 τε
1284 4183 1345 4236 ὲκ
1376 4181 1577 4252 νεκρῶν
1605 4182 1737 4251 μετά
1775 4183 1918 4247 Θείας
1945 4185 2215 4258 δυνάμεως
2243 4186 2334 4238 καὶ
2373 4184 2470 4255 τῆς
2496 4183 2734 4253 δοθείσης
2761 4182 2905 4256 αύτῷ
2945 4181 3090 4255 παρὰ
3124 4181 3214 4234 τοῦ
3262 4179 3369 4233 Πα-
3466 4218 3477 4243 ,

212 4269 330 4345 τρδς
355 4270 614 4339 ἐξουσίας.

732 4386 1110 4438 ΚΕΦΑΛΛΙΟΝ
1136 4385 1207 4436 Θ’.

2436 4379 2660 4434 CAPUT
2704 4380 2787 4434 IX.

831 4496 939 4549 Τοῦ
979 4497 1117 4549 Ἰὼϐ.

280 4603 439 4657 Πάλιν
470 4608 499 4659 6
529 4606 727 4676 Κύριος
756 4608 811 4658 έν
848 4604 923 4674 τῷ
956 4605 1086 4672 πρὸς
1111 4606 1201 4657 τὸν
1238 4604 1351 4657 Ἰὼϐ
1381 4607 1739 4677 χρηματισμῷ

217 4691 378 4762 (£29)
413 4696 538 4765 περὶ
570 4694 663 4749 τοῦ
692 4694 973 4765 δράκοντος
1017 4695 1382 4763 διαλεγόμενός
1407 4711 1584 4764 φησιν,
1614 4713 1632 4744 ι
1666 4696 1737 4748 ού

220 4780 465 4847 δέδοικας,
493 4786 573 4837 δτι
610 4784 922 4855 ἡτοίμασταί
956 4801 1074 4854 μοι;
1110 4805 1129 4835 ι
1162 4786 1320 4853 φησιν
1360 4785 1438 4837 ὅτι
1473 4788 1501 4838 ό
1532 4785 1741 4855 δράκων

218 4868 309 4921 οὐκ
332 4870 482 4934 ἄλλος
515 4872 589 4926 ὢν
612 4872 702 4924 τοῦ
734 4871 991 4925 διαϐόλου.
1009 4869 1248 4942 Ὄραοῦν
1272 4875 1318 4924 εί
1334 4872 1477 4938 ἄξιον
1499 4874 1737 4944 ὑπολαμ-

223 4957 387 5014 ϐάνειν
409 4962 496 5015 τὸν
510 4964 616 5017 τῶν
639 4964 772 5015 ὅλων
795 4963 924 5014 Θεὸν
942 4963 1092 5017 τοῦτο
1117 4965 1358 5031 φάσκεινο
1373 4964 1648 5035 ἁρμόζοιδ⁹
1672 4966 1735 5018 ἂν

228 5049 405 5112 μᾶλλον
439 5053 516 5123 τῷ
546 5053 732 5123 Κυρίῳ
762 5053 855 5105 καὶ
886 5053 1088 5121 Σωτῆρι
1131 5053 1302 5121 ἡμῶν,
1334 5048 1377 5121 ᾧ
1421 5055 1560 5123 μόνῳ
1597 5055 1736 5123 ἡτοί-

227 5152 409 5202 μασται
432 5144 461 5195 6
489 5143 589 5195 ὑπὸ
618 5142 837 5211 μηδενὸς
869 5142 1047 5211 ἑτέρου
1068 5143 1318 5211 νικηθεὶς,
1343 5142 1520 5212 σχεδὸν
1543 5142 1598 5194 δὲ
1629 5142 1735 5195 τῶν

226 5226 419 5280 πάντων
470 5229 827 5300 ὑπερισχύσας
862 5229 1113 5292 διάϐολος,
1156 5232 1331 5284 ὅντινα
1383 5231 1535 5300 μόνος
1580 5231 1736 5292 αὐτὸς

227 5314 251 5363 ὁ
279 5317 477 5371 πάντων
533 5319 865 5388 ἰσχυρότερος
903 5318 993 5369 τοῦ
1026 5319 1154 5370 Θεοῦ
1206 5321 1371 5386 Λόγος
1415 5317 1736 5388 ἐχειρώσατο

228 5406 351 5456 κατὰ
381 5408 457 5470 τὸ,
489 5428 507 5457 ι
555 5411 611 5461 '0
646 5408 845 5476 μέλλων
870 5408 929 5458 τὸ
964 5408 1098 5476 μέγα
1132 5407 1289 5475 κῆτος
1313 5405 1686 5476 χειρώσασθαι·
1712 5426 1730 5455 ι

228 5488 253 5540 ὃ
282 5496 365 5546 καὶ
398 5499 784 5567 χειρωσάμενος
837 5495 1049 5565 θαρσεῖν
1094 5500 1202 5557 τοῖς
1241 5496 1428 5548 ἑαυτοῦ
1479 5495 1736 5563 μαθηταῖς

369 5647 499 5704 Psal.
535 5666 703 5711 ςςιιι,
738 5651 787 5703 7.
889 5649 929 5680 ³⁸
965 5647 1105 5702 Psal.
1140 5663 1222 5701 ενι
1246 5688 1259 5713 ,
1300 5650 1376 5704 l6.

228 5722 285 5764 tu
305 5752 317 5775 ,
348 5716 393 5767 8.

1486 5650 1527 5680 ³⁹
1566 5645 1671 5700 Jcr.
1709 5659 1873 5709 xxttt,
1902 5642 1991 5697 ει.

2499 4490 2547 4543 Ε
2586 4490 2707 4545 Job.

1902 4602 2134 4658 Rursum
2161 4603 2417 4657 Dominus
2462 4603 2514 4657 in
2546 4617 2641 4657 sua
2682 4601 2747 4655 ad
2788 4599 2888 4655 Job
2928 4600 3257 4669 apparitione
3297 4600 3364 4654 de

1836 4695 2064 4747 dracone
2102 4693 2397 4747 collocutus
2426 4692 2562 4747 dixit
2594 4707 2607 4742 :
2646 4708 2663 4739 ι
2696 4688 2883 4742 Nonne
2912 4689 3068 4742 times
3096 4689 3237 4758 quod
3267 4703 3356 4757 pa-

1836 4791 2009 4836 ratum
2029 4790 2110 4837 est
2131 4782 2259 4834 mihi
2280 4781 2369 4833 “2
2399 4799 2418 4832 ι
2443 4779 2729 4834 ostendens
2750 4778 3035 4831 draconem
3055 4793 3162 4831 non
3198 4778 3359 4831 alium

1832 4889 1949 4930 esse
1976 4887 2037 4926 ac
2063 4873 2354 4926 diabolum.
2388 4870 2520 4925 Vide
2549 4869 2708 4939 igitur
2735 4884 2801 4923 an
2834 4870 3050 4939 dignum
3074 4877 3217 4923 esset
3245 4868 3360 4921 exi-

1834 4964 2050 5017 stimare
2101 4963 2337 5014 omnium
2371 4960 2537 5014 Deu'm
2567 4961 2668 5013 hoc
2698 4957 2910 5023 dicere;
2938 4957 3130 5011 melius
3162 4971 3357 5011 conve-

1833 5052 1973 5106 niret
2000 5050 2129 5104 illud
2162 5049 2386 5103 Domino
2412 5057 2464 5102 et
2495 5047 2754 5102 Salvatori
2786 5055 2990 5109 nostro,
3018 5046 3104 5099 cui
3130 5046 3229 5100 soli
3258 5060 3356 5114 pa-

1831 5145 1979 5192 ratus
2006 5144 2090 5191 est
2112 5136 2200 5190 ille
2241 5149 2397 5204 quem
2446 5148 2602 5188 nemo
2643 5147 2877 5201 unquam
2906 5131 3126 5193 vicerat,
3163 5129 3362 5197 quiquo

1833 5226 2070 5280 omnium
2094 5226 2204 5278 fere
2232 5223 2509 5277 exstiterat
2526 5223 2716 5284 victor,
2742 5221 3003 5283 diabolus,
3029 5235 3185 5285 quem
3212 5222 3359 5275 solus

1834 5318 1948 5385 ipse
1979 5316 2214 5369 onmium
2247 5313 2589 5378 fortissimus,
2625 5311 2716 5366 Dei
2749 5310 2978 5365 Verbum
3022 5311 3236 5372 devicit.
3274 5326 3359 5363 se-

1834 5408 2062 5457 cundum
2101 5403 2230 5457 illud
2277 5421 2290 5455 :
2358 5419 2377 5450 ι
2430 5401 2530 5466 Qui
2577 5414 2824 5471 magnum
2886 5410 3001 5456 ccte
3051 5401 3359 5455 devicturus

1834 5499 1916 5544 est
1944 5490 2007 5543 δ’.
2051 5509 2066 5540 ι
2095 5488 2210 5554 Quo
2246 5490 2384 5541 enim
2427 5490 2715 5548 substrato,
2758 5488 3047 5556 discipulos
3076 5504 3201 5541 suos
3230 5505 3358 5541 cnn-

3177 5639 3216 5667 "
3252 5634 3356 5686 Jub

2101 5643 2144 5672 δ’
2182 5640 2282 5694 lsa.
2320 5654 2439 5692 vat
2467 5682 2480 5707 ,
2515 5640 2564 5692 t.
2677 5640 2717 5670 “
2760 5636 2857 5691 Job
2891 5653 2996 5702 xu,
3036 5638 3083 5690 l.
