3926 6372
193 430 345 486 1157

1205 430 1496 489 ECLOGE
1534 429 2002 487 PROPHETICE.
2036 461 2101 471 -—
2138 426 2265 484 LIB.
2304 428 2392 483 III.

3214 430 3350 486 H58

193 542 333 596 λεσα
363 545 461 598 τὸν
487 547 597 599 υἱόν
624 564 740 617 μουο
779 567 797 599 ι
836 548 1013 615 σαφῶς
1033 548 1139 617 γὰρ
1166 548 1412 617 δηλοῦται
1448 550 1480 618 ὴ
1513 547 1745 617 ἀποϐολὴ

1855 546 1934 612 iit;
1958 546 2027 600 ita
2050 551 2106 600 ut
2124 544 2389 599 diceretur
2410 562 2422 597 :
2447 561 2466 593 ι
2493 542 2641 597 Mane
2674 546 2977 613 pertransiit
3001 561 3089 603 rex
3119 544 3301 601 Israel.
3330 566 3348 597 ι

194 630 301 697 τῆς
327 632 435 683 τοῦ
484 633 692 703 Ἰσραὴλ
721 633 1003 703 βασιλείας,
1037 635 1155 703 ἣτις
1185 635 1341 706 μέχρι
1382 637 1478 703 τῆς
1510 634 1604 687 τοῦ
1633 636 1743 687 Σω-

193 718 372 786 τῆρος
399 723 436 789 ἠ
447 721 562 791 μῶν
589 724 899 790 ἐπιφανείας
926 726 1159 777 συστᾶσα
1186 725 1243 789 ἐξ
1270 726 1433 794 αὐτῆς
1450 725 1744 793 ἀπερρίφη,

195 808 295 858 καὶ
322 810 733 881 κατεσιωπήθηο
761 812 833 874 ὼς
856 811 943 865 διὰ
971 812 1124 865 τοῦτο
1144 814 1383 883 εἰρῆσθαι
1402 814 1478 875 τὸ,
1504 832 1522 863 ι
1545 814 1630 865 Ἐν
1656 814 1746 884 ὅρ-

197 896 318 965 θρῳ
345 900 733 970 κατεσιωπήθη
760 901 999 969 βασιλεὺς
1024 903 1249 972 Ἰσραήλο
1274 921 1292 953 ι
1314 903 1502 973 ὄρθρον
1521 903 1616 971 τὴν
1632 906 1747 956 ἐπι-

200 988 443 1052 φάνειαν
474 991 565 1042 καὶ
593 992 689 1059 τὴν
716 993 833 1043 τότε
862 991 1075 1062 πρώτην
1100 995 1177 1055 εἰς
1214 994 1413 1056 πάντας
1442 992 1749 1063 ἀνθρώπους

198 1077 478 1149 ἀνατολὴν
504 1078 596 1131 τοῦ
624 1079 763 1132 θείου
785 1082 951 1147 Λόγου
982 1083 1078 1151 τῆς
1116 1084 1439 1151 προφητείας
1467 1081 1750 1151 ὀνομαζού-

201 1181 307 1233 σης
365 1184 386 1216 ι
432 1169 492 1219 ὲν
531 1167 725 1237 ὄρθρῳ·
774 1186 792 1218 ι
848 1168 1059 1221 δύναται
1111 1170 1200 1220 καὶ
1246 1170 1369 1236 περὶ
1420 1167 1513 1221 τοῦ
1580 1167 1749 1238 Ἠρώ-

195 1251 290 1303 δου
356 1254 811 1323 προθεσπίζεσθαι
861 1256 949 1317 τὸ,
1001 1273 1018 1304 ι
1077 1255 1450 1325 κατεσιωπήθη
1505 1254 1749 1323 βασιλεὺς

212 1341 469 1411 Ἰσραήλ·
504 1361 524 1394 ι
568 1342 642 1406 ὡς
680 1343 764 1395 διὰ
804 1343 892 1396 τὸν
939 1343 1356 1413 παραλογισμδν,
1397 1344 1452 1395 ὃν
1492 1342 1749 1395 πέπονθεν

199 1430 313 1483 ὑπὸ
346 1432 464 1484 τῶν
493 1433 676 1503 μάγων
700 1434 789 1485 ἐπὶ
812 1436 875 1503 τῇ
904 1434 993 1486 τοῦ
1020 1434 1263 1504 Σωτῆρος
1291 1434 1442 1502 ἡμῶν
1470 1433 1693 1500 γενέσει,
1715 1432 1749 1485 ἃ

197 1520 301 1572 καὶ
332 1522 683 1591 συμϐέϐηκεν
720 1523 806 1576 διὰ
840 1524 937 1592 τὴν
967 1523 1058 1576 τοῦ
1097 1524 1305 1593 Πατρὸς
1340 1523 1467 1593 περὶ
1500 1523 1587 1574 τὸν
1626 1522 1748 1574 ῐδιον

198 1610 381 1662 παῖδα
400 1611 496 1663 τὸν
520 1611 717 1680 Κύριον
748 1612 898 1680 ἡμῶν
936 1612 1131 1682 Ἰησοῦν
1160 1613 1385 1683 Χριστὸν
1413 1611 1647 1680 ἀγάπην,
1676 1610 1749 1672 ὼς

195 1702 300 1754 καὶ
328 1703 391 1754 ὲν
413 1701 600 1763 ἄλλαις
615 1700 961 1771 προφητείαις
987 1703 1196 1772 Ἰσραὴλ
1220 1703 1311 1755 καὶ
1337 1700 1565 1754 ἐνταῦθα
1588 1718 1750 1770 προσς-

196 1790 629 1860 αγορευόμενονο
671 1790 730 1843 δν
767 1791 902 1843 κατά
926 1790 1108 1860 καιρὸν
1136 1791 1229 1860 μὲν
1255 1789 1632 1859 ᾠκονομήσατο
1657 1788 1747 1840 ἐππὶ

1850 636 1998 689 Mane
2024 633 2502 688 manifestationem
2532 632 2810 701 signiﬁcat,
2842 635 3170 705 primamque
3188 635 3353 689 divini

1848 722 2005 777 Verbi
2034 721 2099 776 ad
2126 721 2372 776 homines
2424 719 2815 774 revelationem.
2845 719 3136 776 Possumus
3183 733 3237 777 et
3289 722 3355 776 de

1844 810 2053 864 Ilerode
2080 809 2191 861 haec
2214 806 2584 875 interpretari:
2610 824 2628 857 ι
2654 803 2966 861 Pertransiit
2997 823 3087 863 rex
3122 807 3310 871 Israel;
3330 824 3349 856 ι

1845 896 1999 965 quasi
2032 903 2245 965 propter
2272 906 2506 949 errorem
2527 908 2690 961 quem
2721 907 2911 962 passus
2938 903 3019 950 est
3049 910 3079 949 a
3106 896 3274 963 magis
3301 896 3355 947 in

1854 983 2143 1038 Salvatoris
2192 982 2356 1037 nostri
2406 982 2702 1047 nativitate;
2756 981 2896 1050 quod
2940 984 3131 1038 accidit
3184 984 3356 1038 Patris

1848 1090 2026 1127 amore
2055 1075 2104 1126 in
2140 1073 2406 1143 pr0prium
2431 1087 2651 1142 puerum
2689 1071 2968 1126 Dominum
3011 1082 3248 1128 nostrum
3276 1075 3358 1129 Je-

1847 1180 1963 1218 sum
1991 1164 2281 1223 Christum,
2309 1162 2448 1216 sicut
2477 1161 2528 1214 in
2552 1161 2670 1216 aliis
2698 1161 2986 1229 prophetiis
3006 1160 3165 1217 Israel
3196 1171 3245 1218 et
3272 1152 3356 1219 hic

1847 1253 2174 1306 nominatum
2201 1269 2214 1315 ;
2249 1266 2354 1319 quo
2380 1250 2590 1319 quidem
2621 1258 2857 1317 tempore
2882 1250 3018 1318 jussi
3048 1259 3172 1305 sunt
3200 1251 3357 1306 simul

1848 1340 2041 1410 Joseph
2064 1353 2116 1395 et
2138 1350 2302 1395 mater
2324 1342 2375 1394 in
2397 1340 2681 1409 Egyptum
2703 1339 2990 1409 proﬁcisci,
3024 1354 3144 1395 cum
3172 1355 3359 1395 neces-

1847 1432 1977 1485 sitas
2007 1432 2317 1498 requireret,
2345 1429 2651 1484 insidiatum
2688 1429 2735 1482 ei
2767 1443 2964 1498 regem.
2995 1427 3255 1483 Herodem
3283 1430 3362 1484 vi-

1848 1518 2056 1583 delicet,
2079 1527 2283 1573 constat
2306 1519 2718 1587 praetermissum
2750 1516 2934 1571 fuisse.
2962 1516 3169 1572 Rursus
3189 1517 3363 1586 ipsum

1848 1608 2057 1662 Ilerode
2084 1616 2294 1661 mortuo
2345 1614 2555 1661 revocat
2605 1615 2958 1676 congruenter
3003 1621 3122 1661 cum
3151 1620 3214 1660 ea
3247 1618 3366 1675 qua

1847 1701 2001 1755 nobis
2035 1701 2087 1753 in
2118 1699 2361 1753 manibus
2387 1705 2469 1753 est
2497 1696 2787 1766 prophetia.
2826 1694 2881 1749 Si
2910 1696 3031 1764 quis
3058 1696 3124 1750 ad
3154 1695 3365 1751 Judae-

1848 1805 1963 1842 rum
1994 1789 2243 1857 populum
2274 1786 2385 1839 haec
2411 1784 2605 1839 referat
2634 1783 2817 1838 dicens
2847 1783 2913 1837 de
2959 1783 3153 1853 populo
3182 1784 3363 1847 Israel,

198 1877 303 1946 τὴν
337 1878 615 1945 Αἴγυπτον
645 1880 757 1949 ἃμα
786 1878 859 1948 τῷ
904 1879 1092 1949 Ἰωσὴφ
1117 1880 1208 1931 καὶ
1235 1882 1301 1948 τῇ
1339 1880 1501 1948 μητρὶ
1526 1879 1750 1947 ἀπᾶραι,

1856 1880 2048 1951 populo
2099 1876 2525 1931 circumcisionis
2559 1875 2673 1929 hazc
2719 1874 2945 1936 narrari,
2993 1872 3227 1927 attendat
3259 1888 3367 1929 ser-

199 1970 292 2020 ὅτε
312 1968 411 2020 καὶ
435 1969 592 2038 χρεία
613 1969 792 2021 ἐκάλει
811 1969 901 2021 τὸν
925 1968 1331 2022 ἐπιϐουλεύοντα
1348 1968 1493 2038 αὐτῷ
1513 1968 1747 2036 βασιλέα,

200 2057 365 2126 δῆλον
406 2058 494 2109 ὃτι
536 2058 626 2111 τὸν
682 2058 942 2129 Ἡρώδην,
994 2059 1478 2127 κατασιωπηθῆναιο
1523 2054 1673 2120 αὖθις
1708 2057 1751 2110 δ’

205 2146 372 2197 αὑτὸν
419 2145 614 2198 τούτου
646 2146 1057 2217 τελευτήσαντος
1087 2149 1426 2201 ἀνακαλεῖται
1458 2147 1754 2209 ἀκολούθως

209 2238 274 2304 τῇ
312 2235 460 2304 μετά
506 2238 691 2305 χεῖρας
732 2236 1047 2307 προφητείᾳ.
1086 2238 1147 2288 El
1182 2237 1224 2289 δ’
1254 2237 1343 2289 ἐπὶ
1375 2237 1465 2288 τὸν
1500 2235 1754 2288 Ἰουδαίων

207 2325 335 2377 λαὸν
390 2324 571 2377 ταῦτά
616 2342 698 2388 τις
748 2326 1002 2397 ἀναφέροι
1054 2327 1268 2395 φάσκων
1315 2327 1438 2394 περὶ
1486 2324 1577 2377 τοῦ
1628 2323 1753 2376 λαοῦ

223 2414 445 2486 Ἰσραὴλ
473 2415 568 2467 τοῦ
610 2417 673 2466 ἐκ
716 2416 1008 2485 περιτομῆς
1044 2415 1213 2468 ταῦτα
1248 2415 1509 2485 εἰρῆσθαι,
1540 2416 1756 2483 ἐπιστη-

215 2506 365 2558 σάτω
396 2509 470 2575 τῇ
497 2504 591 2557 τοῦ
618 2504 773 2570 λόγου
805 2503 1103 2573 ἀκολουθία
1127 2504 1293 2556 ταῦτα
1318 2503 1424 2573 γὰρ
1453 2504 1595 2571 λέγει
1623 2520 1754 2574 προ-

210 2593 407 2657 ειπὼν,
428 2593 507 2655 ὼς
534 2592 626 2645 καὶ
652 2590 784 2663 πρὸς
817 2591 980 2661 αὐτὴν
1001 2591 1096 2661 τὴν
1130 2591 1466 2661 Ἰερουσαλὴμ
1497 2591 1575 2655 τὸ,
1605 2609 1622 2641 ι
1652 2591 1757 2642 Καὶ

212 2685 643 2753 ὲξαναστήσεται
669 2680 903 2733 ἀπώλεια
927 2683 983 2733 ὲν
1007 2679 1082 2749 τῷ
1101 2680 1211 2749 λαῷ
1241 2696 1351 2732 σου·
1386 2681 1478 2734 καὶ
1499 2680 1670 2733 πάντα
1691 2681 1758 2733 τὰ

215 2771 728 2845 περιτετειχισμένα
773 2786 863 2822 σου
902 2770 1191 2839 οίχήσεταν
1233 2770 1391 2845 »Ακαὶ
1431 2770 1569 2839 ειπερ
1598 2769 1756 2838 φησιν

212 2864 241 2916 ὁ
271 2828 483 2915 τοιόσδε
501 2828 691 2931 ’ἀρέων
720 2828 1132 2912 πέπονθε-κατὰ
1174 2828 1583 2912 τὸν⁶ὲπελθόντα
1611 2828 1758 2928 αύτῷ

216 2955 482 3025 πόλεμον,
522 2954 578 3005 ὲν
604 2946 647 3018 ᾧ
681 2952 884 3022 μητέρα
918 2952 1007 3004 ἐπὶ
1033 2952 1237 3014 τέκνοις
1261 2950 1540 3018 ὴδάφισαν,
1568 2950 1635 3001 τὰ
1653 2965 1756 3000 πα-

222 3046 503 3116 ραπλήσια
544 3043 636 3094 καὶ
677 3042 802 3109 ὑμῖν
843 3041 1024 3102 αὐτοῖς
1070 3042 1273 3109 ποιήσω
1313 3040 1400 3092 διὰ
1443 3038 1540 3101 τὰς
1571 3038 1758 3100 κακίας

218 3136 398 3206 ὑμῶν,
433 3128 482 3186 ὦ
514 3127 655 3193 οἶκος
683 3130 774 3182 τοῦ
811 3128 1038 3199 Ἰσραὴλ,
1066 3129 1115 3180 οἳ
1141 3129 1232 3180 καὶ
1262 3128 1629 3197 ἀπερρίφησαν
1666 3128 1759 3179 σὺν

1849 1971 2023 2024 monis
2055 1967 2463 2021 concordantize.
2498 1965 2618 2020 Haec
2650 1966 2790 2020 enim
2824 1964 2955 2019 dicit
2983 1964 3364 2031 praenuntiam.

1848 2060 2001 2129 quasi
2036 2058 2098 2112 ad
2128 2059 2295 2127 ipsam
2322 2071 2533 2126 quoque
2558 2054 2850 2109 Jerusalem
2879 2071 2893 2107 :
2921 2071 2940 2104 ι
2970 2051 3264 2123 Consurget
3288 2058 3372 2107 tu-

1849 2150 2047 2203 multus
2088 2146 2142 2200 in
2170 2146 2363 2216 populo
2390 2154 2502 2211 tuo,
2529 2152 2582 2200 et
2605 2160 2790 2199 omnes
2808 2143 3132 2198 munitiones
3155 2150 3366 2196 tuzeva-

1852 2238 2150 2291 stabuntur.
2192 2257 2209 2289 ι
2241 2236 2368 2302 Quae
2394 2235 2605 2303 quidem
2637 2233 2786 2297 dicit,
2832 2233 3081 2302 princeps
3131 2232 3219 2286 ille
3255 2246 3367 2300 per-

1851 2342 2040 2395 pessus
2089 2332 2171 2380 est
2223 2326 2277 2379 in
2320 2325 2458 2379 bello
2504 2324 2760 2378 adversus
2805 2337 2925 2377 eum
2956 2321 3232 2385 suscitato,
3263 2337 3368 2390 quo

1850 2412 2071 2468 ma‘trem
2102 2430 2260 2483 super
2285 2414 2422 2468 ﬁlios
2453 2414 2745 2477 alliserunt,
2777 2420 2828 2467 et
2855 2412 3047 2467 similia
3064 2412 3212 2466 vobis
3240 2412 3370 2480 ipsis

1851 2504 2041 2558 faciam
2067 2512 2280 2573 propter
2301 2503 2560 2572 nequitias
2574 2509 2798 2564 vestras,
2814 2518 2847 2557 ο
2872 2503 3058 2558 domus
3070 2501 3251 2567 Israel,
3280 2502 3368 2570 qui

1851 2601 1904 2650 et
1931 2593 2109 2662 rejecti
2134 2601 2406 2648 suntcum
2435 2607 2560 2661 rege
2593 2607 2709 2656 suo,
2747 2601 2800 2646 et
2851 2593 2962 2647 haec
3009 2593 3186 2646 omnia
3226 2592 3371 2661 passi

1853 2692 2014 2739 sunt:
2048 2704 2066 2735 ι
2105 2685 2239 2750 Quia
2276 2700 2427 2754 puer,
2481 2686 2670 2755 inquit,
2728 2684 2909 2748 Israel,
2975 2693 3026 2741 et
3066 2701 3163 2754 ego
3210 2684 3372 2739 dilexi

1792 2828 1798 2836 ,
1851 2788 1994 2836 eum,
2026 2780 2078 2827 et
2104 2789 2167 2827 ex
2195 2774 2424 2845 Αἴθῃ)ιο
2445 2775 2630 2828 vocavi
2656 2774 2845 2829 Filium
2874 2790 3070 2829 meum.
3104 2794 3121 2826 ι
3155 2774 3372 2838 Qualem

1852 2863 1995 2915 enim
2034 2863 2225 2918 habeat
2252 2863 2687 2932 concordantiam
2726 2880 2922 2928 sermo,
2951 2866 3126 2935 quivis
3155 2866 3370 2917 demon-

1854 2952 2062 3005 strabit.
2106 2951 2211 3007 Sed
2246 2954 2385 3007 sicut
2434 2954 2488 3006 in
2525 2954 2793 3009 sexcentis
2827 2953 2946 3008 aliis
2977 2952 3271 3023 prophetiis
3295 2949 3377 3003 Ja-

1854 3040 1955 3093 cob
1988 3049 2041 3094 et
2090 3042 2253 3095 Israel
2297 3043 2543 3097 Christus
2578 3043 2903 3106 nominatur,
2941 3042 3104 3097 simili
3142 3049 3195 3096 et
3233 3055 3377 3094 nunc

1857 3127 2082 3181 ratione.
2115 3128 2248 3181 Cum
2282 3129 2465 3197 igitur,
2499 3131 2593 3191 ait,
2627 3130 2714 3182 ille
2745 3131 2872 3183 mihi
2905 3129 3160 3184 obediens
3205 3127 3377 3183 factus

221 3227 314 3280 καὶ
342 3224 425 3293 τῷ
456 3221 659 3291 βασιλεῖ
685 3217 876 3281 αὐτῶν,
916 3217 1007 3270 καὶ
1044 3216 1211 3269 ταῦτά
1246 3233 1309 3284 γε
1353 3216 1525 3268 πάντα
1566 3216 1756 3266 πεπόν-

1857 3213 2076 3267 formam
2108 3216 2247 3269 servi
2283 3219 2505 3285 accepit,
2534 3225 2589 3271 et
2622 3232 2752 3285 puer
2777 3217 2951 3273 factus
2987 3228 3069 3273 est
3098 3218 3227 3271 mihi
3253 3217 3382 3271 dile-

219 3315 366 3368 θασι·
394 3330 415 3362 ι
446 3310 587 3362 Διότι
615 3310 760 3371 παῖς,
792 3308 971 3378 φησὶν,
1015 3306 1225 3378 Ἰσραὴλ
1252 3305 1341 3358 καὶ
1367 3304 1473 3372 ἐγὼ
1500 3305 1756 3373 mam,“

219 3401 406 3459 αὐτόν’
457 3400 552 3453 καὶ
593 3399 685 3451 ἀπ’
723 3395 990 3465 Αίγύπτου
1033 3396 1260 3448 ἐκάλεσα
1298 3395 1387 3448 τὸν
1422 3394 1547 3447 Υῐόν
1576 3410 1696 3463 μου.
1735 3411 1753 3443 ι

220 3491 392 3547 Ποίαν
429 3487 541 3557 γὰρ
569 3485 677 3556 ἔχει
706 3484 1014 3538 ἀκολουθίαν
1042 3486 1075 3554 ή
1106 3483 1247 3547 λέξις
1269 3486 1297 3536 ό
1325 3482 1636 3552 βουλόμενος
1660 3498 1761 3533 πα·-

226 3576 575 3652 ραστησάτωο
618 3572 727 3626 ἀλλ’
749 3571 931 3642 ὥσπερ
962 3571 1098 3624 κατά
1130 3571 1322 3641 μυρίας
1357 3570 1515 3632 ἄλλας
1553 3586 1760 3639 προφη-

222 3670 374 3730 τείας
408 3661 602 3717 Ἰακὼϐ
632 3661 724 3714 καλ⁹
758 3659 1003 3729 Ἰσραὴλὸ
1031 3659 1256 3728 Χριστὸς
1289 3656 1758 3727 προσαγορεύεται,

228 3758 318 3810 τὸν
353 3753 520 3808 αὐτὸν
551 3751 613 3821 δὴ
640 3750 833 3823 τρόπον
872 3749 964 3802 καὶ
996 3747 1107 3801 νῦν·
1144 3749 1260 3800 ἐπεὶ
1277 3743 1386 3810 οὖν,
1410 3748 1587 3817 φησὶν,
1613 3739 1761 3808 οὗτος

232 3845 470 3919 ύπήκοός
499 3860 588 3914 μοι
620 3839 969 3909 γεγενημένος
1001 3837 1208 3909 μορφὴν
1234 3836 1413 3888 δούλου
1436 3836 1647 3905 εἴληφεν
1671 3834 1763 3887 καὶ

229 3939 452 4005 γέγονεν
502 3932 708 3985 παιδίον
761 3927 1035 3997 ἀγαπητὸν
1087 3926 1225 3995 ἐμοὶ,
1277 3926 1449 3977 πᾶσαν
1494 3923 1586 3993 τὴν
1630 3923 1764 3993 ἐμὴν

232 4026 518 4087 ἐκτελέσας
551 4021 759 4092 βουλὴν,
790 4018 877 4072 διὰ
903 4015 1057 4069 τοῦτο
1080 4015 1237 4068 αὐτὸν
1274 4015 1368 4084 μὲν
1393 4012 1500 4066 ἀπὸ
1528 4014 1620 4082 τῆς
1646 4028 1765 4081 νοη-

232 4117 330 4186 τῆς
378 4113 668 4181 Αἰγύπτου,
712 4112 791 4172 είς
832 4109 896 4178 ἢν
943 4096 1353 4177 ὲνανθρωπήσας
1394 4101 1762 4172 κατελήλυθεν,

1858 3312 1995 3368 ctus,
2023 3318 2232 3357 omnem
2256 3305 2579 3359 voluntatem
2600 3320 2768 3358 meam
2798 3306 3098 3374 perﬁciens,
3121 3307 3239 3361 ideo
3257 3322 3378 3361 eum

1857 3388 2070 3455 quidem
2101 3390 2167 3443 ab
2189 3388 2417 3461 Egypto
2446 3392 2732 3461 spirituali,
2757 3393 2807 3445 in
2830 3408 2985 3461 quam
3010 3393 3185 3449 factus
3222 3395 3380 3448 homo

1858 3476 2152 3541 descendit,
2178 3485 2236 3531 ut
2264 3494 2446 3532 verum
2486 3479 2843 3548 dilectumque
2873 3479 3061 3535 Filium
3115 3483 3378 3549 revocavi,

1859 3578 1955 3618 vos
1987 3573 2182 3628 autem,
2208 3566 2273 3619 ad
2304 3582 2438 3636 quos
2465 3583 2640 3623 sermo
2674 3575 2896 3637 spectat,
2928 3583 3048 3622 cum
3094 3584 3255 3639 regno
3292 3585 3383 3624 ve-

1864 3660 1976 3707 stro
1996 3654 2162 3708 ruina:
2176 3663 2227 3709 et
2248 3657 2453 3711 excidio
2469 3656 2692 3711 tradam.
2712 3657 2833 3711 Ilrec
2855 3659 3064 3727 quidem
3087 3659 3382 3728 prophetia.

1866 3743 2203 3798 Manifestum
2231 3756 2313 3801 est
2342 3755 2516 3801 autem
2546 3747 2686 3815 quod
2717 3747 2847 3815 ipsis
2879 3746 3170 3802 Salvatoris
3215 3749 3383 3803 nostri

1865 3836 2213 3904 temporibus,
2243 3834 2535 3892 Jerusalem
2560 3846 2858 3906 oppugnata
2892 3845 2944 3893 et
2969 3845 3122 3907 capta
3154 3837 3270 3902 fuit,
3305 3847 3386 3891 at-

1868 3940 1972 3992 que
2002 3926 2214 3993 penitus
2244 3927 2497 3988 deletum,
2528 3927 2667 3996 quod
2696 3943 2865 3996 usque
2907 3929 2970 3981 ad
3005 3929 3105 3982 hoc
3138 3929 3388 3997 temporis

1869 4011 2431 4068 stcteratJudzeorum
2465 4029 2710 4084 regnum,
2748 4022 2809 4069 ut
2857 4018 3056 4087 pariter
3096 4032 3158 4070 ac
3194 4018 3309 4070 alia:
3336 4023 3388 4071 et

1867 4102 1955 4155 illa
1990 4104 2300 4173 impleretur
2321 4106 2618 4174 prophetia.

232 4200 319 4257 οἷα
347 4205 562 4274 γνήσιον
599 4201 692 4253 καὶ
714 4197 986 4268 ἀγαπητὸν
1014 4195 1136 4248 Υἱὸν
1168 4193 1589 4263 ἀνεκαλεσάμην,
1620 4193 1760 4263 ὑμᾶς
1788 4193 1843 4246 δὲ
1874 4195 1997 4257 τοὺς
2027 4196 2159 4264 πρὸς
2182 4196 2271 4258 οὓς
2306 4196 2334 4247 ό
2368 4196 2519 4263 λόγος
2556 4198 2651 4250 σὺν
2714 4199 2805 4250 καὶ
2862 4202 2925 4269 τῇ
2964 4199 3205 4269 βασιλεία
3240 4198 3391 4267 ὑμῶν

233 4294 435 4366 ὀλέθρῳ
462 4289 819 4363 καὶεάπωλείᾳ
859 4286 1175 4359 παραδώσω.
1214 4285 1396 4339 Ταῦτα
1435 4285 1590 4354 μὲνὴ
1628 4285 1943 4355 προφητεία
1972 4285 2225 4356 πρόδηλον
2262 4286 2304 4339 δ’
2336 4287 2480 4350 ὅπως
2502 4286 2607 4339 ἀπὸ
2643 4286 2746 4339 τῶν
2801 4288 2891 4340 τοῦ
2948 4289 3190 4359 Σωτῆρος
3244 4288 3393 4358 ἡμῶν

235 4388 437 4457 χρόνων
464 4381 902 4453 πολιορκηθείσης
934 4381 1028 4450 τῆς
1072 4377 1412 4450 Ἰερουσαλὴμ
1440 4377 1708 4448 καθῃρέθη
1745 4395 1805 4429 τε
1843 4379 1933 4431 καὶ
1957 4381 2036 4443 είς
2079 4378 2138 4431 τὸ
2178 4380 2427 4443 παντελὲς
2465 4381 2791 4451 ἀπερρίφηὴ
2828 4381 2986 4452 μέχρι
3003 4382 3120 4436 τότε
3165 4384 3397 4435 συστᾶσα

241 4480 344 4534 τῶν
386 4478 648 4532 Ἰουδαίων
671 4474 926 4545 βασιλεία,
956 4473 1030 4535 ὡς
1055 4472 1189 4542 μετά
1208 4471 1315 4523 τῶν
1338 4470 1508 4526 ἀλλων
1540 4472 1630 4523 καὶ
1650 4471 1844 4541 ταύτην
1877 4471 2258 4543 πεπληρῶσθαι
2283 4472 2376 4543 τὴν
2408 4473 2755 4544 προφητείαν.

766 4589 1154 4644 ΚΕΦΑΛΑΙΟΝ
1185 4590 1284 4643 IB'.

542 4702 604 4773 (ἴ.
639 4702 725 4772 50)
767 4699 897 4754 Ἀπὸ
929 4697 1032 4751 τοῦ
1062 4697 1240 4751 αὐτοῦ
1280 4697 1467 4764 Ὠσηέ.

316 4832 335 4866 ι
383 4816 457 4867 Ob
517 4812 590 4883 μὴ
655 4808 1020 4879 ὲγκαταλείπω
1083 4805 1174 4858 τοῦ
1243 4804 1611 4874 ἐξαλειφθῆναι
1681 4804 1769 4858 τὸν

262 4907 521 4978 Ἐφραῒμ’
562 4905 695 4958 διότι
733 4902 861 4965 θεὸς
901 4898 1006 4967 ἐγώ
1048 4902 1178 4967 εἰμι,
1218 4898 1308 4950 καὶ
1347 4898 1444 4949 οὐκ
1474 4897 1766 4967 ἄνθρωπος,

252 4997 306 5057 ἐν
338 4999 417 5050 σοι
441 4997 610 5064 ἀγιος,
634 4994 725 5047 καὶ
747 4993 844 5045 οὐκ
872 4989 1236 5056 εἰσελεύσομαι
1259 4988 1334 5048 εἰς
1360 4987 1528 5038 πόλιν.
1573 4987 1770 5038 Ὀπίσω

254 5085 448 5155 Κυρίου
491 5082 838 5153 πορεύσομαι.
868 5098 887 5130 ι
930 5078 986 5129 '0
1014 5079 1169 5139 αὐτὸς
1197 5075 1379 5137 εἰπὼν,
1425 5092 1443 5124 ‹
1472 5074 1610 5126 Διότε
1639 5075 1766 5137 Θεὸς

257 5173 359 5240 ἐγώ
385 5176 516 5244 εἰμι,
549 5193 567 5224 ι
599 5171 842 5240 ἐπιφέρει
869 5167 1057 5233 λέγων,
1088 5182 1118 5215 ι.
1149 5165 1343 5217 Ὀπίσω
1362 5164 1561 5233 Κυρίου
1584 5164 1771 5233 πορεύ-

260 5277 434 5331 σομαι.
464 5281 483 5315 ι
513 5262 608 5322 Τίς
633 5260 676 5311 δ’
703 5259 767 5312 ἀν
795 5257 949 5318 ἄλλος
986 5254 1068 5324 εἴη
1092 5255 1220 5315 Θεὸς
1241 5254 1412 5305 ὀπίσω
1441 5253 1638 5321 Κυρίου
1674 5269 1771 5304 πο-

264 5349 555 5419 ρευόμενος,
580 5348 615 5416 ἢ
636 5350 664 5400 ὁ
687 5346 779 5399 τοῦ
799 5344 931 5397 Θεοῦ
952 5342 1117 5408 Λόγος
1144 5341 1220 5411 τῷ
1238 5341 1330 5394 τοῦ
1355 5341 1558 5410 Πατρὸς
1580 5341 1771 5410 ἑπόμε-

262 5452 344 5499 νος
371 5437 689 5508 βουλήματις
724 5436 816 5498 ’ος
846 5434 938 5487 καὶ
962 5432 1196 5485 διδάσκει
1224 5432 1294 5501 μὴ
1318 5432 1489 5483 δοκεῖν
1516 5431 1668 5483 αὐτὸν
1688 5432 1772 5485 διά

265 5525 355 5594 τὴν
388 5524 786 5595 ἐνανθρὼπησιν
819 5522 966 5591 ψιλόν
1006 5540 1123 5578 τινα
1161 5522 1319 5589 ἄνδρα
1362 5521 1463 5574 τῶν
1501 5522 1658 5573 πάλαι
1701 5521 1777 5573 διη

334 5703 376 5733 δ’
409 5702 529 5759 Ose.
565 5717 650 5767 ιιι,
679 5702 730 5755 9.

2452 4587 2675 4644 CAPUT
2702 4587 2815 4642 XII.

2403 4698 2486 4752 Ea:
2504 4700 2678 4752 eodem
2711 4698 2855 4751 Osee.

1944 4826 1962 4857 ι
1990 4807 2105 4861 Non
2134 4814 2418 4861 convertar
2464 4814 2523 4858 ut
2566 4804 2784 4872 perdam
2817 4802 3068 4871 Ephraim
3101 4816 3115 4853 :
3143 4800 3394 4869 quoniam

1870 4896 2009 4951 Deus
2054 4912 2151 4965 ego
2178 4904 2231 4949 et
2279 4912 2384 4948 non
2416 4895 2575 4948 homo
2610 4910 2622 4943 :
2666 4893 2719 4945 in
2749 4892 2925 4945 medio
2961 4893 3038 4945 tui
3068 4897 3305 4953 sanctus,
3345 4900 3397 4942 ct

1870 5002 1975 5041 non
2026 4986 2294 5054 ingrediar
2347 4985 2640 5037 civitatem.
2699 4980 2828 5034 Post
2887 4981 3167 5036 Dominum
3211 4981 3399 5033 ambu-

1870 5076 1989 5129 labo
2020 5074 2086 5127 ⁸⁸.
2145 5092 2163 5124 ι
2226 5072 2366 5126 Idem
2416 5086 2536 5125 cum
2584 5069 2858 5123 dixisset:
2898 5088 2914 5120 ι
2966 5069 3224 5134 Quoniam
3259 5067 3397 5122 Deus

1871 5179 1987 5233 ego,
2011 5183 2028 5215 ι
2083 5163 2285 5232 adjicit,
2338 5183 2359 5212 ‹
2394 5170 2515 5230 post
2552 5160 2829 5213 Dominum
2865 5160 3165 5213 ambulabo.
3204 5179 3221 5212 ι
3269 5159 3398 5224 Quis

1874 5263 2048 5308 autem
2082 5254 2218 5307 alius
2246 5259 2388 5307 esset
2448 5252 2590 5306 Deus
2643 5259 2764 5319 post
2785 5249 3066 5304 Dominum
3100 5250 3397 5312 ambulans,

1875 5358 1935 5397 ac
1966 5342 2057 5397 Dei
2083 5342 2331 5407 Verbum,
2367 5342 2541 5396 Patris
2590 5342 2913 5395 voluntatem
2953 5341 3274 5396 obsecutus?
3298 5342 3397 5406 Qui

1874 5439 1927 5485 et
1976 5431 2133 5485 docet
2168 5432 2282 5485 non
2330 5432 2500 5486 videri
2521 5446 2641 5486 eum
2706 5438 2933 5500 propter
2980 5432 3397 5487 incarnationem

1881 5521 2176 5590 simplicem
2197 5520 2479 5588 quemdam
2517 5520 2689 5573 virum
2738 5520 3155 5588 antiquisjustis
3172 5519 3398 5576 sanctir
