  <div class='ocr_page' id='page_1' title='image "/cluster/home/n/w/nwhite01/storage/ocr_20150623/22 (Eusebius; pt. 4)/nyp.33433081862355/618.png"; bbox 0 0 3926 6376; ppageno 0'>
   <div class='ocr_carea' id='block_1_1' title="bbox 258 406 377 460">
    <p class='ocr_par' dir='ltr' id='par_1_1' title="bbox 258 406 377 460">
     <span class='ocr_line' id='line_1_1' title="bbox 258 406 377 460; baseline -0.008 -1"><span class='ocrx_word' id='word_1_1' title='bbox 258 406 377 460; x_wconf 80' lang='lat' dir='ltr'><strong>IIII</strong></span> 
     </span>
    </p>
   </div>
   <div class='ocr_carea' id='block_1_2' title="bbox 1236 399 2377 459">
    <p class='ocr_par' dir='ltr' id='par_1_2' title="bbox 1236 399 2377 459">
     <span class='ocr_line' id='line_1_2' title="bbox 1236 399 2377 459; baseline -0.003 0"><span class='ocrx_word' id='word_1_2' title='bbox 1236 403 1522 459; x_wconf 61' lang='lat' dir='ltr'><strong>ECLOGA:</strong></span> <span class='ocrx_word' id='word_1_3' title='bbox 1559 399 2021 459; x_wconf 67' lang='lat' dir='ltr'><strong>PROI’HETICA‘I.</strong></span> <span class='ocrx_word' id='word_1_4' title='bbox 2041 402 2249 456; x_wconf 83' lang='lat' dir='ltr'><strong>—LIB.</strong></span> <span class='ocrx_word' id='word_1_5' title='bbox 2290 402 2377 456; x_wconf 86' lang='lat' dir='ltr'><strong>Ill.</strong></span> 
     </span>
    </p>
   </div>
   <div class='ocr_carea' id='block_1_3' title="bbox 3264 406 3396 457">
    <p class='ocr_par' dir='ltr' id='par_1_3' title="bbox 3264 406 3396 457">
     <span class='ocr_line' id='line_1_3' title="bbox 3264 406 3396 457; baseline 0.008 -1"><span class='ocrx_word' id='word_1_6' title='bbox 3264 406 3396 457; x_wconf 66' lang='lat' dir='ltr'><strong>Illi</strong></span> 
     </span>
    </p>
   </div>
   <div class='ocr_carea' id='block_1_4' title="bbox 255 519 1774 595">
    <p class='ocr_par' dir='ltr' id='par_1_4' title="bbox 255 519 1774 595">
     <span class='ocr_line' id='line_1_4' title="bbox 255 519 1774 595; baseline 0.005 -24"><span class='ocrx_word' id='word_1_7' title='bbox 255 521 339 571; x_wconf 83' lang='grc' dir='ltr'>Οεν</span> <span class='ocrx_word' id='word_1_8' title='bbox 370 519 545 581; x_wconf 77' lang='grc' dir='ltr'>αὑτοῦ,</span> <span class='ocrx_word' id='word_1_9' title='bbox 580 521 671 574; x_wconf 76' lang='grc' dir='ltr'><strong>καὶ</strong></span> <span class='ocrx_word' id='word_1_10' title='bbox 702 524 755 574; x_wconf 87' lang='grc' dir='ltr'>αἱ</span> <span class='ocrx_word' id='word_1_11' title='bbox 781 521 1013 584; x_wconf 68' lang='grc' dir='ltr'>κοιλάδες</span> <span class='ocrx_word' id='word_1_12' title='bbox 1035 522 1351 591; x_wconf 79' lang='grc' dir='ltr'>τακήσονται</span> <span class='ocrx_word' id='word_1_13' title='bbox 1382 524 1455 585; x_wconf 85' lang='grc' dir='ltr'><strong>ὼς</strong></span> <span class='ocrx_word' id='word_1_14' title='bbox 1481 526 1644 595; x_wconf 72' lang='grc' dir='ltr'>κηρὸς</span> <span class='ocrx_word' id='word_1_15' title='bbox 1674 526 1774 578; x_wconf 66' lang='grc' dir='ltr'><strong>ἀπὸ</strong></span> 
     </span>
    </p>
   </div>
   <div class='ocr_carea' id='block_1_5' title="bbox 1872 519 3393 595">
    <p class='ocr_par' dir='ltr' id='par_1_5' title="bbox 1877 522 3393 591">
     <span class='ocr_line' id='line_1_5' title="bbox 1877 522 3393 591; baseline -0.003 -12"><span class='ocrx_word' id='word_1_16' title='bbox 1877 526 2016 579; x_wconf 88' lang='lat' dir='ltr'><strong>sicut</strong></span> <span class='ocrx_word' id='word_1_17' title='bbox 2057 539 2183 578; x_wconf 88' lang='lat' dir='ltr'><strong>cera</strong></span> <span class='ocrx_word' id='word_1_18' title='bbox 2208 542 2237 576; x_wconf 89' lang='lat' dir='ltr'><strong>a</strong></span> <span class='ocrx_word' id='word_1_19' title='bbox 2271 523 2407 577; x_wconf 80' lang='lat' dir='ltr'><strong>facie</strong></span> <span class='ocrx_word' id='word_1_20' title='bbox 2458 523 2598 591; x_wconf 93' lang='lat' dir='ltr'><strong>ignis</strong></span> <span class='ocrx_word' id='word_1_21' title='bbox 2627 525 2691 579; x_wconf 85' lang='lat'><strong>&quot;.</strong></span> <span class='ocrx_word' id='word_1_22' title='bbox 2724 544 2741 575; x_wconf 78' lang='grc' dir='ltr'><strong>ι</strong></span> <span class='ocrx_word' id='word_1_23' title='bbox 2795 522 2870 579; x_wconf 88' lang='lat' dir='ltr'><strong>De</strong></span> <span class='ocrx_word' id='word_1_24' title='bbox 2911 522 3147 579; x_wconf 80' lang='lat' dir='ltr'><strong>secunda</strong></span> <span class='ocrx_word' id='word_1_25' title='bbox 3195 522 3393 577; x_wconf 83' lang='lat' dir='ltr'><strong>Christi</strong></span> 
     </span>
    </p>
   </div>
   <div class='ocr_carea' id='block_1_6' title="bbox 255 609 1777 684">
    <p class='ocr_par' dir='ltr' id='par_1_6' title="bbox 255 609 1777 684">
     <span class='ocr_line' id='line_1_6' title="bbox 255 609 1777 684; baseline 0.004 -23"><span class='ocrx_word' id='word_1_26' title='bbox 255 609 528 679; x_wconf 78' lang='grc' dir='ltr'>προσώπου</span> <span class='ocrx_word' id='word_1_27' title='bbox 569 613 753 679; x_wconf 91' lang='grc' dir='ltr'>πυρός.</span> <span class='ocrx_word' id='word_1_28' title='bbox 791 632 808 663; x_wconf 78' lang='grc' dir='ltr'><strong>ι</strong></span> <span class='ocrx_word' id='word_1_29' title='bbox 846 613 976 681; x_wconf 75' lang='grc' dir='ltr'>Περὶ</span> <span class='ocrx_word' id='word_1_30' title='bbox 1007 613 1101 680; x_wconf 84' lang='grc' dir='ltr'>τῆς</span> <span class='ocrx_word' id='word_1_31' title='bbox 1143 611 1392 682; x_wconf 78' lang='grc' dir='ltr'><strong>δευτέρας</strong></span> <span class='ocrx_word' id='word_1_32' title='bbox 1433 614 1519 666; x_wconf 84' lang='grc' dir='ltr'><strong>τοῦ</strong></span> <span class='ocrx_word' id='word_1_33' title='bbox 1552 615 1777 684; x_wconf 85' lang='grc' dir='ltr'>Χριστοῦ</span> 
     </span>
    </p>
   </div>
   <div class='ocr_carea' id='block_1_7' title="bbox 255 698 1417 770">
    <p class='ocr_par' dir='ltr' id='par_1_7' title="bbox 255 698 1417 770">
     <span class='ocr_line' id='line_1_7' title="bbox 255 698 1417 770; baseline 0.002 -20"><span class='ocrx_word' id='word_1_34' title='bbox 255 698 537 767; x_wconf 70' lang='grc' dir='ltr'>παρουσίας</span> <span class='ocrx_word' id='word_1_35' title='bbox 573 700 739 752; x_wconf 85' lang='grc' dir='ltr'>ταῦτα</span> <span class='ocrx_word' id='word_1_36' title='bbox 764 700 1007 767; x_wconf 87' lang='grc' dir='ltr'>λέγεσθαι</span> <span class='ocrx_word' id='word_1_37' title='bbox 1034 700 1417 770; x_wconf 84' lang='grc' dir='ltr'>ὑπειλήφαμεν.</span> 
     </span>
    </p>
   </div>
   <div class='ocr_carea' id='block_1_8' title="bbox 750 811 1281 864">
    <p class='ocr_par' dir='ltr' id='par_1_8' title="bbox 750 811 1281 864">
     <span class='ocr_line' id='line_1_8' title="bbox 750 811 1281 864; baseline 0 -1"><span class='ocrx_word' id='word_1_38' title='bbox 750 811 1132 863; x_wconf 78' lang='grc' dir='ltr'><strong>ΚΕΦΑΛΑΙΟΝ</strong></span> <span class='ocrx_word' id='word_1_39' title='bbox 1175 811 1281 864; x_wconf 83' lang='lat' dir='ltr'><strong>lH’.</strong></span> 
     </span>
    </p>
   </div>
   <div class='ocr_carea' id='block_1_9' title="bbox 843 921 1183 974">
    <p class='ocr_par' dir='ltr' id='par_1_9' title="bbox 843 921 1183 974">
     <span class='ocr_line' id='line_1_9' title="bbox 843 921 1183 974; baseline -0.003 0"><span class='ocrx_word' id='word_1_40' title='bbox 843 922 949 974; x_wconf 83' lang='grc' dir='ltr'>Τοῦ</span> <span class='ocrx_word' id='word_1_41' title='bbox 982 921 1183 974; x_wconf 84' lang='grc' dir='ltr'>αὐτοῦ.</span> 
     </span>
    </p>
   </div>
   <div class='ocr_carea' id='block_1_10' title="bbox 321 1032 1775 1103">
    <p class='ocr_par' dir='ltr' id='par_1_10' title="bbox 321 1032 1775 1103">
     <span class='ocr_line' id='line_1_10' title="bbox 321 1032 1775 1103; baseline 0.002 -20"><span class='ocrx_word' id='word_1_42' title='bbox 321 1050 338 1082; x_wconf 79' lang='grc' dir='ltr'><strong>ι</strong></span> <span class='ocrx_word' id='word_1_43' title='bbox 385 1032 668 1085; x_wconf 83' lang='grc' dir='ltr'>Ἀκούσατε</span> <span class='ocrx_word' id='word_1_44' title='bbox 694 1033 756 1103; x_wconf 86' lang='grc' dir='ltr'>δὴ</span> <span class='ocrx_word' id='word_1_45' title='bbox 785 1034 971 1099; x_wconf 87' lang='grc' dir='ltr'>ταῦτα,</span> <span class='ocrx_word' id='word_1_46' title='bbox 992 1035 1040 1087; x_wconf 77' lang='grc' dir='ltr'>οἱ</span> <span class='ocrx_word' id='word_1_47' title='bbox 1068 1034 1369 1103; x_wconf 78' lang='grc' dir='ltr'>ἡγούμενοι,</span> <span class='ocrx_word' id='word_1_48' title='bbox 1390 1037 1533 1088; x_wconf 92' lang='grc' dir='ltr'>οἴκου</span> <span class='ocrx_word' id='word_1_49' title='bbox 1567 1035 1775 1096; x_wconf 74' lang='grc' dir='ltr'>Ἰακὼϐ,</span> 
     </span>
    </p>
   </div>
   <div class='ocr_carea' id='block_1_11' title="bbox 250 1122 1777 1194">
    <p class='ocr_par' dir='ltr' id='par_1_11' title="bbox 250 1122 1777 1194">
     <span class='ocr_line' id='line_1_11' title="bbox 250 1122 1777 1194; baseline 0.002 -19"><span class='ocrx_word' id='word_1_50' title='bbox 250 1123 338 1175; x_wconf 75' lang='grc' dir='ltr'>καὶ</span> <span class='ocrx_word' id='word_1_51' title='bbox 374 1124 423 1174; x_wconf 79' lang='lat' dir='ltr'><strong>oi</strong></span> <span class='ocrx_word' id='word_1_52' title='bbox 464 1122 773 1176; x_wconf 80' lang='grc' dir='ltr'>κατάλοιποι</span> <span class='ocrx_word' id='word_1_53' title='bbox 812 1124 956 1177; x_wconf 88' lang='grc' dir='ltr'>οἴκου</span> <span class='ocrx_word' id='word_1_54' title='bbox 1006 1123 1243 1194; x_wconf 79' lang='grc' dir='ltr'>Ἰσραὴλ,</span> <span class='ocrx_word' id='word_1_55' title='bbox 1284 1125 1332 1176; x_wconf 86' lang='grc' dir='ltr'>οἱ</span> <span class='ocrx_word' id='word_1_56' title='bbox 1379 1124 1777 1194; x_wconf 81' lang='grc' dir='ltr'>βδελυσσόμενοι</span> 
     </span>
    </p>
   </div>
   <div class='ocr_carea' id='block_1_12' title="bbox 249 1212 1778 1284">
    <p class='ocr_par' dir='ltr' id='par_1_12' title="bbox 249 1212 1778 1284">
     <span class='ocr_line' id='line_1_12' title="bbox 249 1212 1778 1284; baseline 0.003 -21"><span class='ocrx_word' id='word_1_57' title='bbox 249 1214 437 1282; x_wconf 82' lang='grc' dir='ltr'>κρῖμα,</span> <span class='ocrx_word' id='word_1_58' title='bbox 469 1212 562 1264; x_wconf 75' lang='grc' dir='ltr'><strong>καὶ</strong></span> <span class='ocrx_word' id='word_1_59' title='bbox 596 1213 769 1266; x_wconf 88' lang='grc' dir='ltr'>πάντα</span> <span class='ocrx_word' id='word_1_60' title='bbox 795 1214 862 1267; x_wconf 81' lang='grc' dir='ltr'><strong>τά</strong></span> <span class='ocrx_word' id='word_1_61' title='bbox 899 1213 1030 1284; x_wconf 81' lang='grc' dir='ltr'>ὀρθά</span> <span class='ocrx_word' id='word_1_62' title='bbox 1053 1213 1475 1284; x_wconf 78' lang='grc' dir='ltr'><strong>διαστρέφοντες,</strong></span> <span class='ocrx_word' id='word_1_63' title='bbox 1504 1215 1550 1266; x_wconf 86' lang='grc' dir='ltr'><strong>οί</strong></span> <span class='ocrx_word' id='word_1_64' title='bbox 1584 1214 1778 1267; x_wconf 90' lang='grc' dir='ltr'>οίκοδο-</span> 
     </span>
    </p>
   </div>
   <div class='ocr_carea' id='block_1_13' title="bbox 249 1300 1772 1374">
    <p class='ocr_par' dir='ltr' id='par_1_13' title="bbox 249 1300 1772 1374">
     <span class='ocr_line' id='line_1_13' title="bbox 249 1300 1772 1374; baseline 0.003 -22"><span class='ocrx_word' id='word_1_65' title='bbox 249 1300 470 1368; x_wconf 86' lang='grc' dir='ltr'>μοῦντες</span> <span class='ocrx_word' id='word_1_66' title='bbox 488 1300 624 1354; x_wconf 89' lang='grc' dir='ltr'>Σιὼν</span> <span class='ocrx_word' id='word_1_67' title='bbox 646 1304 702 1354; x_wconf 88' lang='grc' dir='ltr'><strong>ἐν</strong></span> <span class='ocrx_word' id='word_1_68' title='bbox 716 1303 954 1373; x_wconf 79' lang='grc' dir='ltr'>αἵμασιν,</span> <span class='ocrx_word' id='word_1_69' title='bbox 972 1303 1057 1355; x_wconf 71' lang='grc' dir='ltr'>καὶ</span> <span class='ocrx_word' id='word_1_70' title='bbox 1090 1302 1429 1374; x_wconf 83' lang='grc' dir='ltr'>Ἰερουσαλὴμ</span> <span class='ocrx_word' id='word_1_71' title='bbox 1441 1307 1497 1357; x_wconf 85' lang='grc' dir='ltr'><strong>ἐν</strong></span> <span class='ocrx_word' id='word_1_72' title='bbox 1525 1305 1772 1369; x_wconf 76' lang='grc' dir='ltr'>ἀδικίαις,</span> 
     </span>
    </p>
   </div>
   <div class='ocr_carea' id='block_1_14' title="bbox 221 1390 1775 1464">
    <p class='ocr_par' dir='ltr' id='par_1_14' title="bbox 221 1390 1775 1464">
     <span class='ocr_line' id='line_1_14' title="bbox 221 1390 1775 1464; baseline 0.001 -20"><span class='ocrx_word' id='word_1_73' title='bbox 221 1390 225 1395; x_wconf 77' lang='grc'><em>’</em></span> <span class='ocrx_word' id='word_1_74' title='bbox 252 1392 297 1444; x_wconf 90' lang='grc' dir='ltr'>οἱ</span> <span class='ocrx_word' id='word_1_75' title='bbox 315 1391 598 1461; x_wconf 77' lang='grc' dir='ltr'>ἡγούμενοι</span> <span class='ocrx_word' id='word_1_76' title='bbox 630 1393 793 1460; x_wconf 81' lang='grc' dir='ltr'>αὑτῆς</span> <span class='ocrx_word' id='word_1_77' title='bbox 828 1391 959 1461; x_wconf 88' lang='grc' dir='ltr'><strong>μετά</strong></span> <span class='ocrx_word' id='word_1_78' title='bbox 986 1390 1164 1463; x_wconf 86' lang='grc' dir='ltr'>δώρων</span> <span class='ocrx_word' id='word_1_79' title='bbox 1181 1390 1403 1461; x_wconf 79' lang='grc' dir='ltr'>ἔκρινον,</span> <span class='ocrx_word' id='word_1_80' title='bbox 1423 1394 1514 1446; x_wconf 79' lang='grc' dir='ltr'><strong>καὶ</strong></span> <span class='ocrx_word' id='word_1_81' title='bbox 1538 1395 1584 1445; x_wconf 88' lang='grc' dir='ltr'><strong>οί</strong></span> <span class='ocrx_word' id='word_1_82' title='bbox 1618 1396 1775 1464; x_wconf 81' lang='grc' dir='ltr'>ἱερεῖς</span> 
     </span>
    </p>
   </div>
   <div class='ocr_carea' id='block_1_15' title="bbox 244 1480 1775 1553">
    <p class='ocr_par' dir='ltr' id='par_1_15' title="bbox 244 1480 1775 1553">
     <span class='ocr_line' id='line_1_15' title="bbox 244 1480 1775 1553; baseline 0.001 -21"><span class='ocrx_word' id='word_1_83' title='bbox 244 1480 411 1549; x_wconf 82' lang='grc' dir='ltr'>αὑτῆς</span> <span class='ocrx_word' id='word_1_84' title='bbox 450 1480 587 1550; x_wconf 82' lang='grc' dir='ltr'>μετὰ</span> <span class='ocrx_word' id='word_1_85' title='bbox 642 1481 827 1551; x_wconf 89' lang='grc' dir='ltr'>μισθοῦ</span> <span class='ocrx_word' id='word_1_86' title='bbox 880 1482 1242 1551; x_wconf 82' lang='grc' dir='ltr'>ἀπεκρίνοντο,</span> <span class='ocrx_word' id='word_1_87' title='bbox 1280 1484 1370 1535; x_wconf 82' lang='grc' dir='ltr'>καὶ</span> <span class='ocrx_word' id='word_1_88' title='bbox 1419 1484 1465 1534; x_wconf 82' lang='grc' dir='ltr'>οἱ</span> <span class='ocrx_word' id='word_1_89' title='bbox 1513 1486 1775 1553; x_wconf 76' lang='grc' dir='ltr'>προφῆται</span> 
     </span>
    </p>
   </div>
   <div class='ocr_carea' id='block_1_16' title="bbox 241 1571 1776 1642">
    <p class='ocr_par' dir='ltr' id='par_1_16' title="bbox 241 1571 1776 1642">
     <span class='ocr_line' id='line_1_16' title="bbox 241 1571 1776 1642; baseline 0.003 -20"><span class='ocrx_word' id='word_1_90' title='bbox 241 1571 410 1639; x_wconf 87' lang='grc' dir='ltr'>αὑτῆς</span> <span class='ocrx_word' id='word_1_91' title='bbox 440 1571 577 1641; x_wconf 86' lang='grc' dir='ltr'><strong>μετά</strong></span> <span class='ocrx_word' id='word_1_92' title='bbox 606 1571 859 1642; x_wconf 82' lang='grc' dir='ltr'>ἀργυρίου</span> <span class='ocrx_word' id='word_1_93' title='bbox 883 1571 1250 1641; x_wconf 85' lang='grc' dir='ltr'>ἐμαντεύοντο,</span> <span class='ocrx_word' id='word_1_94' title='bbox 1287 1575 1380 1625; x_wconf 77' lang='grc' dir='ltr'>καὶ</span> <span class='ocrx_word' id='word_1_95' title='bbox 1421 1573 1511 1625; x_wconf 76' lang='grc' dir='ltr'><strong>ἐπὶ</strong></span> <span class='ocrx_word' id='word_1_96' title='bbox 1548 1574 1635 1626; x_wconf 85' lang='grc' dir='ltr'><strong>τὸν</strong></span> <span class='ocrx_word' id='word_1_97' title='bbox 1666 1575 1776 1627; x_wconf 84' lang='grc' dir='ltr'>Κύ-</span> 
     </span>
    </p>
   </div>
   <div class='ocr_carea' id='block_1_17' title="bbox 243 1660 1774 1732">
    <p class='ocr_par' dir='ltr' id='par_1_17' title="bbox 243 1660 1774 1732">
     <span class='ocr_line' id='line_1_17' title="bbox 243 1660 1774 1732; baseline 0.003 -22"><span class='ocrx_word' id='word_1_98' title='bbox 243 1677 357 1731; x_wconf 90' lang='grc' dir='ltr'>ριον</span> <span class='ocrx_word' id='word_1_99' title='bbox 396 1661 809 1727; x_wconf 84' lang='grc' dir='ltr'>ἐπανεπαύοντο,</span> <span class='ocrx_word' id='word_1_100' title='bbox 850 1660 1106 1728; x_wconf 84' lang='grc' dir='ltr'>λέγοντες·</span> <span class='ocrx_word' id='word_1_101' title='bbox 1149 1661 1278 1730; x_wconf 76' lang='grc' dir='ltr'><strong>ϋὺχὶ</strong></span> <span class='ocrx_word' id='word_1_102' title='bbox 1323 1662 1523 1731; x_wconf 86' lang='grc' dir='ltr'>Κύριος</span> <span class='ocrx_word' id='word_1_103' title='bbox 1558 1664 1614 1715; x_wconf 90' lang='grc' dir='ltr'><strong>ἐν</strong></span> <span class='ocrx_word' id='word_1_104' title='bbox 1647 1664 1774 1732; x_wconf 79' lang='grc' dir='ltr'>ἡμῖν</span> 
     </span>
    </p>
   </div>
   <div class='ocr_carea' id='block_1_18' title="bbox 240 1749 1774 1821">
    <p class='ocr_par' dir='ltr' id='par_1_18' title="bbox 240 1749 1774 1821">
     <span class='ocr_line' id='line_1_18' title="bbox 240 1749 1774 1821; baseline 0.003 -21"><span class='ocrx_word' id='word_1_105' title='bbox 240 1749 417 1814; x_wconf 82' lang='grc' dir='ltr'>ὲστιν;</span> <span class='ocrx_word' id='word_1_106' title='bbox 461 1750 523 1802; x_wconf 90' lang='grc' dir='ltr'><strong>οὑ</strong></span> <span class='ocrx_word' id='word_1_107' title='bbox 569 1752 641 1821; x_wconf 80' lang='grc' dir='ltr'>μὴ</span> <span class='ocrx_word' id='word_1_108' title='bbox 686 1749 880 1821; x_wconf 80' lang='grc' dir='ltr'>ἐπέλθῃ</span> <span class='ocrx_word' id='word_1_109' title='bbox 921 1751 1005 1818; x_wconf 79' lang='grc' dir='ltr'>ἐφ’</span> <span class='ocrx_word' id='word_1_110' title='bbox 1048 1752 1189 1820; x_wconf 76' lang='grc' dir='ltr'>ἡμᾶς</span> <span class='ocrx_word' id='word_1_111' title='bbox 1230 1752 1389 1804; x_wconf 86' lang='grc' dir='ltr'>κακά·</span> <span class='ocrx_word' id='word_1_112' title='bbox 1423 1751 1504 1803; x_wconf 88' lang='grc' dir='ltr'><strong>διά</strong></span> <span class='ocrx_word' id='word_1_113' title='bbox 1536 1751 1688 1804; x_wconf 89' lang='grc' dir='ltr'>τοῦτο</span> <span class='ocrx_word' id='word_1_114' title='bbox 1708 1753 1774 1804; x_wconf 81' lang='grc' dir='ltr'>δι’</span> 
     </span>
    </p>
   </div>
   <div class='ocr_carea' id='block_1_19' title="bbox 1882 609 3052 667">
    <p class='ocr_par' dir='ltr' id='par_1_19' title="bbox 1882 609 3052 667">
     <span class='ocr_line' id='line_1_19' title="bbox 1882 609 3052 667; baseline 0 -2"><span class='ocrx_word' id='word_1_115' title='bbox 1882 612 2311 667; x_wconf 80' lang='lat' dir='ltr'><strong>manilestatione</strong></span> <span class='ocrx_word' id='word_1_116' title='bbox 2335 613 2446 666; x_wconf 66' lang='lat' dir='ltr'><strong>haec</strong></span> <span class='ocrx_word' id='word_1_117' title='bbox 2487 609 2591 665; x_wconf 87' lang='lat' dir='ltr'><strong>dici</strong></span> <span class='ocrx_word' id='word_1_118' title='bbox 2621 611 3052 667; x_wconf 77' lang='lat' dir='ltr'><strong>existimavimus.</strong></span> 
     </span>
    </p>
   </div>
   <div class='ocr_carea' id='block_1_20' title="bbox 2410 805 2866 862">
    <p class='ocr_par' dir='ltr' id='par_1_20' title="bbox 2410 805 2866 862">
     <span class='ocr_line' id='line_1_20' title="bbox 2410 805 2866 862; baseline 0 -1"><span class='ocrx_word' id='word_1_119' title='bbox 2410 806 2631 862; x_wconf 73' lang='lat' dir='ltr'><strong>CAPUT</strong></span> <span class='ocrx_word' id='word_1_120' title='bbox 2680 805 2866 861; x_wconf 73' lang='lat' dir='ltr'><strong>XVIII.</strong></span> 
     </span>
    </p>
   </div>
   <div class='ocr_carea' id='block_1_21' title="bbox 2486 914 2792 970">
    <p class='ocr_par' dir='ltr' id='par_1_21' title="bbox 2486 914 2792 970">
     <span class='ocr_line' id='line_1_21' title="bbox 2486 914 2792 970; baseline 0.01 -3"><span class='ocrx_word' id='word_1_121' title='bbox 2486 914 2567 967; x_wconf 82' lang='lat' dir='ltr'><strong>Ea:</strong></span> <span class='ocrx_word' id='word_1_122' title='bbox 2596 920 2792 970; x_wconf 85' lang='lat' dir='ltr'><strong>eodem.</strong></span> 
     </span>
    </p>
   </div>
   <div class='ocr_carea' id='block_1_22' title="bbox 1950 1008 3395 1096">
    <p class='ocr_par' dir='ltr' id='par_1_22' title="bbox 1950 1008 3395 1096">
     <span class='ocr_line' id='line_1_22' title="bbox 1950 1008 3395 1096; baseline 0.001 -19"><span class='ocrx_word' id='word_1_123' title='bbox 1950 1045 1967 1077; x_wconf 77' lang='grc' dir='ltr'><strong>ι</strong></span> <span class='ocrx_word' id='word_1_124' title='bbox 1992 1028 2182 1081; x_wconf 81' lang='lat' dir='ltr'><strong>Audite</strong></span> <span class='ocrx_word' id='word_1_125' title='bbox 2214 1026 2337 1090; x_wconf 83' lang='lat' dir='ltr'><strong>hoc,</strong></span> <span class='ocrx_word' id='word_1_126' title='bbox 2369 1027 2633 1096; x_wconf 80' lang='lat' dir='ltr'><strong>principes</strong></span> <span class='ocrx_word' id='word_1_127' title='bbox 2678 1026 2867 1079; x_wconf 87' lang='lat' dir='ltr'><strong>domus</strong></span> <span class='ocrx_word' id='word_1_128' title='bbox 2892 1008 3084 1087; x_wconf 84' lang='lat' dir='ltr'><strong>Jacob,</strong></span> <span class='ocrx_word' id='word_1_129' title='bbox 3114 1037 3165 1079; x_wconf 85' lang='lat' dir='ltr'><strong>et</strong></span> <span class='ocrx_word' id='word_1_130' title='bbox 3188 1025 3395 1093; x_wconf 89' lang='lat' dir='ltr'><strong>judices</strong></span> 
     </span>
    </p>
   </div>
   <div class='ocr_carea' id='block_1_23' title="bbox 1874 1112 3394 1184">
    <p class='ocr_par' dir='ltr' id='par_1_23' title="bbox 1874 1112 3394 1184">
     <span class='ocr_line' id='line_1_23' title="bbox 1874 1112 3394 1184; baseline -0.002 -15"><span class='ocrx_word' id='word_1_131' title='bbox 1874 1117 2064 1169; x_wconf 87' lang='lat' dir='ltr'><strong>domus</strong></span> <span class='ocrx_word' id='word_1_132' title='bbox 2113 1114 2293 1176; x_wconf 80' lang='lat' dir='ltr'><strong>Israel,</strong></span> <span class='ocrx_word' id='word_1_133' title='bbox 2325 1116 2415 1184; x_wconf 85' lang='lat' dir='ltr'><strong>qui</strong></span> <span class='ocrx_word' id='word_1_134' title='bbox 2463 1115 2836 1168; x_wconf 89' lang='lat' dir='ltr'><strong>abominamini</strong></span> <span class='ocrx_word' id='word_1_135' title='bbox 2862 1112 3202 1181; x_wconf 89' lang='lat' dir='ltr'><strong>jndicium,et</strong></span> <span class='ocrx_word' id='word_1_136' title='bbox 3220 1113 3394 1167; x_wconf 86' lang='lat' dir='ltr'><strong>omnia</strong></span> 
     </span>
    </p>
   </div>
   <div class='ocr_carea' id='block_1_24' title="bbox 1875 1202 3397 1274">
    <p class='ocr_par' dir='ltr' id='par_1_24' title="bbox 1875 1202 3397 1274">
     <span class='ocr_line' id='line_1_24' title="bbox 1875 1202 3397 1274; baseline -0.002 -15"><span class='ocrx_word' id='word_1_137' title='bbox 1875 1214 2020 1261; x_wconf 89' lang='lat' dir='ltr'><strong>recta</strong></span> <span class='ocrx_word' id='word_1_138' title='bbox 2061 1205 2389 1274; x_wconf 83' lang='lat' dir='ltr'><strong>pervertitis.</strong></span> <span class='ocrx_word' id='word_1_139' title='bbox 2418 1204 2519 1270; x_wconf 83' lang='lat' dir='ltr'><strong>Qui</strong></span> <span class='ocrx_word' id='word_1_140' title='bbox 2549 1204 2821 1259; x_wconf 62' lang='lat' dir='ltr'><strong>arditieatis</strong></span> <span class='ocrx_word' id='word_1_141' title='bbox 2876 1202 3003 1257; x_wconf 88' lang='lat' dir='ltr'><strong>Sion</strong></span> <span class='ocrx_word' id='word_1_142' title='bbox 3041 1204 3095 1256; x_wconf 92' lang='lat' dir='ltr'><strong>in</strong></span> <span class='ocrx_word' id='word_1_143' title='bbox 3128 1204 3397 1272; x_wconf 80' lang='lat' dir='ltr'><strong>sanguini-</strong></span> 
     </span>
    </p>
   </div>
   <div class='ocr_carea' id='block_1_25' title="bbox 1874 1294 3395 1366">
    <p class='ocr_par' dir='ltr' id='par_1_25' title="bbox 1874 1294 3395 1366">
     <span class='ocr_line' id='line_1_25' title="bbox 1874 1294 3395 1366; baseline -0.001 -16"><span class='ocrx_word' id='word_1_144' title='bbox 1874 1300 1994 1359; x_wconf 91' lang='lat' dir='ltr'><strong>bus,</strong></span> <span class='ocrx_word' id='word_1_145' title='bbox 2034 1305 2085 1349; x_wconf 90' lang='lat' dir='ltr'><strong>et</strong></span> <span class='ocrx_word' id='word_1_146' title='bbox 2106 1294 2400 1351; x_wconf 87' lang='lat' dir='ltr'><strong>Jerusalem</strong></span> <span class='ocrx_word' id='word_1_147' title='bbox 2456 1297 2510 1349; x_wconf 91' lang='lat' dir='ltr'><strong>in</strong></span> <span class='ocrx_word' id='word_1_148' title='bbox 2562 1296 2863 1366; x_wconf 86' lang='lat' dir='ltr'><strong>iniquitate.</strong></span> <span class='ocrx_word' id='word_1_149' title='bbox 2900 1295 3175 1364; x_wconf 83' lang='lat' dir='ltr'><strong>Principes</strong></span> <span class='ocrx_word' id='word_1_150' title='bbox 3202 1295 3316 1363; x_wconf 87' lang='lat' dir='ltr'><strong>ejus</strong></span> <span class='ocrx_word' id='word_1_151' title='bbox 3342 1295 3395 1349; x_wconf 90' lang='lat' dir='ltr'><strong>in</strong></span> 
     </span>
    </p>
   </div>
   <div class='ocr_carea' id='block_1_26' title="bbox 1875 1386 3395 1455">
    <p class='ocr_par' dir='ltr' id='par_1_26' title="bbox 1875 1386 3395 1455">
     <span class='ocr_line' id='line_1_26' title="bbox 1875 1386 3395 1455; baseline 0.001 -16"><span class='ocrx_word' id='word_1_152' title='bbox 1875 1386 2186 1440; x_wconf 85' lang='lat' dir='ltr'><strong>muneribus</strong></span> <span class='ocrx_word' id='word_1_153' title='bbox 2203 1386 2539 1455; x_wconf 86' lang='lat' dir='ltr'><strong>judicabant,</strong></span> <span class='ocrx_word' id='word_1_154' title='bbox 2588 1394 2641 1441; x_wconf 91' lang='lat' dir='ltr'><strong>et</strong></span> <span class='ocrx_word' id='word_1_155' title='bbox 2685 1386 2989 1441; x_wconf 80' lang='lat' dir='ltr'><strong>sacerdotes</strong></span> <span class='ocrx_word' id='word_1_156' title='bbox 3020 1387 3137 1455; x_wconf 85' lang='lat' dir='ltr'><strong>ejus</strong></span> <span class='ocrx_word' id='word_1_157' title='bbox 3173 1386 3225 1439; x_wconf 90' lang='lat' dir='ltr'><strong>in</strong></span> <span class='ocrx_word' id='word_1_158' title='bbox 3259 1401 3395 1441; x_wconf 86' lang='lat' dir='ltr'><strong>mer-</strong></span> 
     </span>
    </p>
   </div>
   <div class='ocr_carea' id='block_1_27' title="bbox 1874 1474 3396 1545">
    <p class='ocr_par' dir='ltr' id='par_1_27' title="bbox 1874 1474 3396 1545">
     <span class='ocr_line' id='line_1_27' title="bbox 1874 1474 3396 1545; baseline -0.001 -15"><span class='ocrx_word' id='word_1_159' title='bbox 1874 1474 2001 1530; x_wconf 89' lang='lat' dir='ltr'><strong>cede</strong></span> <span class='ocrx_word' id='word_1_160' title='bbox 2027 1475 2308 1538; x_wconf 87' lang='lat' dir='ltr'><strong>docebant,</strong></span> <span class='ocrx_word' id='word_1_161' title='bbox 2333 1484 2384 1530; x_wconf 93' lang='lat' dir='ltr'><strong>et</strong></span> <span class='ocrx_word' id='word_1_162' title='bbox 2412 1476 2681 1545; x_wconf 63' lang='lat' dir='ltr'><strong>propheta:</strong></span> <span class='ocrx_word' id='word_1_163' title='bbox 2702 1476 2819 1544; x_wconf 87' lang='lat' dir='ltr'><strong>ejus</strong></span> <span class='ocrx_word' id='word_1_164' title='bbox 2850 1477 2901 1529; x_wconf 93' lang='lat' dir='ltr'><strong>in</strong></span> <span class='ocrx_word' id='word_1_165' title='bbox 2935 1476 3159 1545; x_wconf 88' lang='lat' dir='ltr'><strong>pecunia</strong></span> <span class='ocrx_word' id='word_1_166' title='bbox 3189 1476 3396 1529; x_wconf 87' lang='lat' dir='ltr'><strong>divina-</strong></span> 
     </span>
    </p>
   </div>
   <div class='ocr_carea' id='block_1_28' title="bbox 1872 1566 3394 1635">
    <p class='ocr_par' dir='ltr' id='par_1_28' title="bbox 1872 1566 3394 1635">
     <span class='ocr_line' id='line_1_28' title="bbox 1872 1566 3394 1635; baseline -0.002 -16"><span class='ocrx_word' id='word_1_167' title='bbox 1872 1566 2001 1620; x_wconf 88' lang='lat' dir='ltr'><strong>bant</strong></span> <span class='ocrx_word' id='word_1_168' title='bbox 2032 1584 2046 1619; x_wconf 88' lang='lat'><strong>:</strong></span> <span class='ocrx_word' id='word_1_169' title='bbox 2073 1573 2127 1619; x_wconf 90' lang='lat' dir='ltr'><strong>et</strong></span> <span class='ocrx_word' id='word_1_170' title='bbox 2155 1581 2317 1634; x_wconf 89' lang='lat' dir='ltr'><strong>super</strong></span> <span class='ocrx_word' id='word_1_171' title='bbox 2346 1566 2628 1621; x_wconf 91' lang='lat' dir='ltr'><strong>Dominum</strong></span> <span class='ocrx_word' id='word_1_172' title='bbox 2678 1566 3101 1635; x_wconf 85' lang='lat' dir='ltr'><strong>requiescebant,</strong></span> <span class='ocrx_word' id='word_1_173' title='bbox 3132 1567 3394 1621; x_wconf 84' lang='lat' dir='ltr'><strong>dicentes:</strong></span> 
     </span>
    </p>
   </div>
   <div class='ocr_carea' id='block_1_29' title="bbox 1870 1650 3399 1723">
    <p class='ocr_par' dir='ltr' id='par_1_29' title="bbox 1870 1650 3399 1723">
     <span class='ocr_line' id='line_1_29' title="bbox 1870 1650 3399 1723; baseline 0 -18"><span class='ocrx_word' id='word_1_174' title='bbox 1870 1651 2119 1723; x_wconf 83' lang='lat' dir='ltr'><strong>Nunquid</strong></span> <span class='ocrx_word' id='word_1_175' title='bbox 2142 1668 2250 1707; x_wconf 89' lang='lat' dir='ltr'><strong>non</strong></span> <span class='ocrx_word' id='word_1_176' title='bbox 2275 1652 2534 1708; x_wconf 86' lang='lat' dir='ltr'><strong>Dominus</strong></span> <span class='ocrx_word' id='word_1_177' title='bbox 2568 1652 2621 1705; x_wconf 92' lang='lat' dir='ltr'><strong>in</strong></span> <span class='ocrx_word' id='word_1_178' title='bbox 2646 1652 2820 1707; x_wconf 90' lang='lat' dir='ltr'><strong>medio</strong></span> <span class='ocrx_word' id='word_1_179' title='bbox 2860 1652 3139 1706; x_wconf 84' lang='lat' dir='ltr'><strong>nostrum?</strong></span> <span class='ocrx_word' id='word_1_180' title='bbox 3169 1650 3283 1706; x_wconf 86' lang='lat' dir='ltr'><strong>Non</strong></span> <span class='ocrx_word' id='word_1_181' title='bbox 3308 1666 3399 1705; x_wconf 79' lang='lat' dir='ltr'><strong>ve-</strong></span> 
     </span>
    </p>
   </div>
   <div class='ocr_carea' id='block_1_30' title="bbox 1871 1741 3395 1810">
    <p class='ocr_par' dir='ltr' id='par_1_30' title="bbox 1871 1741 3395 1810">
     <span class='ocr_line' id='line_1_30' title="bbox 1871 1741 3395 1810; baseline -0.001 -15"><span class='ocrx_word' id='word_1_182' title='bbox 1871 1742 2019 1795; x_wconf 89' lang='lat' dir='ltr'><strong>nient</strong></span> <span class='ocrx_word' id='word_1_183' title='bbox 2068 1756 2228 1810; x_wconf 88' lang='lat' dir='ltr'><strong>super</strong></span> <span class='ocrx_word' id='word_1_184' title='bbox 2276 1756 2374 1794; x_wconf 90' lang='lat' dir='ltr'><strong>nos</strong></span> <span class='ocrx_word' id='word_1_185' title='bbox 2404 1742 2561 1793; x_wconf 91' lang='lat' dir='ltr'><strong>mala.</strong></span> <span class='ocrx_word' id='word_1_186' title='bbox 2596 1741 2822 1810; x_wconf 87' lang='lat' dir='ltr'><strong>Propter</strong></span> <span class='ocrx_word' id='word_1_187' title='bbox 2863 1742 2985 1803; x_wconf 81' lang='lat' dir='ltr'><strong>hoc,</strong></span> <span class='ocrx_word' id='word_1_188' title='bbox 3016 1756 3178 1795; x_wconf 75' lang='lat' dir='ltr'><strong>causa</strong></span> <span class='ocrx_word' id='word_1_189' title='bbox 3212 1741 3395 1803; x_wconf 88' lang='lat' dir='ltr'><strong>vestri,</strong></span> 
     </span>
    </p>
   </div>
   <div class='ocr_carea' id='block_1_31' title="bbox 240 1830 1774 1912">
    <p class='ocr_par' dir='ltr' id='par_1_31' title="bbox 240 1838 1773 1912">
     <span class='ocr_line' id='line_1_31' title="bbox 240 1838 1773 1912; baseline 0.003 -23"><span class='ocrx_word' id='word_1_190' title='bbox 240 1838 383 1907; x_wconf 79' lang='grc' dir='ltr'>ὑμᾶς</span> <span class='ocrx_word' id='word_1_191' title='bbox 418 1838 557 1891; x_wconf 89' lang='grc' dir='ltr'>Σιὼν</span> <span class='ocrx_word' id='word_1_192' title='bbox 589 1840 663 1902; x_wconf 87' lang='grc' dir='ltr'><strong>ὼς</strong></span> <span class='ocrx_word' id='word_1_193' title='bbox 700 1838 862 1909; x_wconf 71' lang='grc' dir='ltr'>ἀγρὸς</span> <span class='ocrx_word' id='word_1_194' title='bbox 889 1840 1351 1912; x_wconf 82' lang='grc' dir='ltr'>ἀροτριαθήσεται,</span> <span class='ocrx_word' id='word_1_195' title='bbox 1384 1840 1476 1893; x_wconf 77' lang='grc' dir='ltr'><strong>καὶ</strong></span> <span class='ocrx_word' id='word_1_196' title='bbox 1505 1842 1773 1911; x_wconf 77' lang='grc' dir='ltr'>Ἰερουσα-</span> 
     </span>
    </p>
   </div>
   <div class='ocr_carea' id='block_1_32' title="bbox 1872 1830 3399 1912">
    <p class='ocr_par' dir='ltr' id='par_1_32' title="bbox 1872 1830 3399 1902">
     <span class='ocr_line' id='line_1_32' title="bbox 1872 1830 3399 1902; baseline 0 -17"><span class='ocrx_word' id='word_1_197' title='bbox 1872 1830 1999 1886; x_wconf 90' lang='lat' dir='ltr'><strong>Sion</strong></span> <span class='ocrx_word' id='word_1_198' title='bbox 2017 1834 2169 1901; x_wconf 87' lang='lat' dir='ltr'><strong>quasi</strong></span> <span class='ocrx_word' id='word_1_199' title='bbox 2197 1847 2323 1902; x_wconf 89' lang='lat' dir='ltr'><strong>ager</strong></span> <span class='ocrx_word' id='word_1_200' title='bbox 2349 1833 2603 1901; x_wconf 86' lang='lat' dir='ltr'><strong>arabitur,</strong></span> <span class='ocrx_word' id='word_1_201' title='bbox 2619 1839 2669 1887; x_wconf 92' lang='lat' dir='ltr'><strong>et</strong></span> <span class='ocrx_word' id='word_1_202' title='bbox 2691 1831 2982 1888; x_wconf 84' lang='lat' dir='ltr'><strong>Jerusalem</strong></span> <span class='ocrx_word' id='word_1_203' title='bbox 2999 1832 3153 1901; x_wconf 89' lang='lat' dir='ltr'><strong>quasi</strong></span> <span class='ocrx_word' id='word_1_204' title='bbox 3174 1846 3399 1885; x_wconf 71' lang='lat' dir='ltr'><strong>acervus</strong></span> 
     </span>
    </p>
   </div>
   <div class='ocr_carea' id='block_1_33' title="bbox 240 1927 1774 1999">
    <p class='ocr_par' dir='ltr' id='par_1_33' title="bbox 240 1927 1774 1999">
     <span class='ocr_line' id='line_1_33' title="bbox 240 1927 1774 1999; baseline 0.003 -21"><span class='ocrx_word' id='word_1_205' title='bbox 240 1927 348 1997; x_wconf 72' lang='grc' dir='ltr'>λὴμ</span> <span class='ocrx_word' id='word_1_206' title='bbox 380 1927 455 1990; x_wconf 85' lang='grc' dir='ltr'>ὡς</span> <span class='ocrx_word' id='word_1_207' title='bbox 481 1928 919 1998; x_wconf 85' lang='grc' dir='ltr'>ὀπωροφυλάκιον</span> <span class='ocrx_word' id='word_1_208' title='bbox 947 1928 1117 1994; x_wconf 81' lang='grc' dir='ltr'>ἔσται,</span> <span class='ocrx_word' id='word_1_209' title='bbox 1147 1930 1240 1983; x_wconf 70' lang='grc' dir='ltr'><strong>καὶ</strong></span> <span class='ocrx_word' id='word_1_210' title='bbox 1270 1929 1329 1982; x_wconf 81' lang='grc' dir='ltr'><strong>τὸ</strong></span> <span class='ocrx_word' id='word_1_211' title='bbox 1357 1929 1476 1999; x_wconf 79' lang='grc' dir='ltr'>ὅρος</span> <span class='ocrx_word' id='word_1_212' title='bbox 1508 1929 1598 1982; x_wconf 88' lang='grc' dir='ltr'><strong>τοῦ</strong></span> <span class='ocrx_word' id='word_1_213' title='bbox 1632 1932 1774 1983; x_wconf 90' lang='grc' dir='ltr'>οἴκου</span> 
     </span>
    </p>
   </div>
   <div class='ocr_carea' id='block_1_34' title="bbox 240 2018 1777 2091">
    <p class='ocr_par' dir='ltr' id='par_1_34' title="bbox 240 2018 1777 2091">
     <span class='ocr_line' id='line_1_34' title="bbox 240 2018 1777 2091; baseline 0.003 -22"><span class='ocrx_word' id='word_1_214' title='bbox 240 2020 315 2081; x_wconf 84' lang='grc' dir='ltr'>εἰς</span> <span class='ocrx_word' id='word_1_215' title='bbox 339 2018 495 2081; x_wconf 80' lang='grc' dir='ltr'>ἄλσος</span> <span class='ocrx_word' id='word_1_216' title='bbox 517 2019 739 2089; x_wconf 88' lang='grc' dir='ltr'>δρυμοῦ.</span> <span class='ocrx_word' id='word_1_217' title='bbox 765 2020 871 2072; x_wconf 73' lang='grc' dir='ltr'><strong>Καὶ</strong></span> <span class='ocrx_word' id='word_1_218' title='bbox 897 2020 1043 2074; x_wconf 79' lang='grc' dir='ltr'>ἔσται</span> <span class='ocrx_word' id='word_1_219' title='bbox 1072 2023 1157 2073; x_wconf 82' lang='grc' dir='ltr'>ἐπ’</span> <span class='ocrx_word' id='word_1_220' title='bbox 1183 2021 1405 2090; x_wconf 80' lang='grc' dir='ltr'>ἐσχάτου</span> <span class='ocrx_word' id='word_1_221' title='bbox 1434 2020 1539 2073; x_wconf 83' lang='grc' dir='ltr'><strong>τῶν</strong></span> <span class='ocrx_word' id='word_1_222' title='bbox 1563 2022 1777 2091; x_wconf 79' lang='grc' dir='ltr'>ἡμερῶν</span> 
     </span>
    </p>
   </div>
   <div class='ocr_carea' id='block_1_35' title="bbox 239 2109 1775 2182">
    <p class='ocr_par' dir='ltr' id='par_1_35' title="bbox 239 2109 1775 2182">
     <span class='ocr_line' id='line_1_35' title="bbox 239 2109 1775 2182; baseline 0.002 -21"><span class='ocrx_word' id='word_1_223' title='bbox 239 2109 471 2177; x_wconf 72' lang='grc' dir='ltr'>ἐμφανὲς</span> <span class='ocrx_word' id='word_1_224' title='bbox 508 2111 569 2162; x_wconf 82' lang='grc' dir='ltr'><strong>τὸ</strong></span> <span class='ocrx_word' id='word_1_225' title='bbox 599 2111 720 2180; x_wconf 86' lang='grc' dir='ltr'>δρος</span> <span class='ocrx_word' id='word_1_226' title='bbox 765 2109 985 2180; x_wconf 85' lang='grc' dir='ltr'>Κυρίου,</span> <span class='ocrx_word' id='word_1_227' title='bbox 1027 2111 1236 2181; x_wconf 76' lang='grc' dir='ltr'>ἕτοιμον</span> <span class='ocrx_word' id='word_1_228' title='bbox 1275 2112 1364 2164; x_wconf 73' lang='grc' dir='ltr'><strong>ἐπὶ</strong></span> <span class='ocrx_word' id='word_1_229' title='bbox 1404 2111 1500 2174; x_wconf 84' lang='grc' dir='ltr'>τὰς</span> <span class='ocrx_word' id='word_1_230' title='bbox 1538 2112 1775 2182; x_wconf 82' lang='grc' dir='ltr'>κορυφάς</span> 
     </span>
    </p>
   </div>
   <div class='ocr_carea' id='block_1_36' title="bbox 240 2196 1775 2270">
    <p class='ocr_par' dir='ltr' id='par_1_36' title="bbox 240 2196 1775 2270">
     <span class='ocr_line' id='line_1_36' title="bbox 240 2196 1775 2270; baseline 0.003 -23"><span class='ocrx_word' id='word_1_231' title='bbox 240 2196 340 2247; x_wconf 83' lang='grc' dir='ltr'><strong>τῶν</strong></span> <span class='ocrx_word' id='word_1_232' title='bbox 370 2197 563 2267; x_wconf 80' lang='grc' dir='ltr'>ὁρέων,</span> <span class='ocrx_word' id='word_1_233' title='bbox 596 2200 686 2251; x_wconf 71' lang='grc' dir='ltr'><strong>καὶ</strong></span> <span class='ocrx_word' id='word_1_234' title='bbox 718 2197 1205 2268; x_wconf 84' lang='grc' dir='ltr'>μετεωρισθήσεται</span> <span class='ocrx_word' id='word_1_235' title='bbox 1234 2200 1481 2270; x_wconf 79' lang='grc' dir='ltr'>ὑπεράνω</span> <span class='ocrx_word' id='word_1_236' title='bbox 1516 2199 1620 2253; x_wconf 88' lang='grc' dir='ltr'><strong>τῶν</strong></span> <span class='ocrx_word' id='word_1_237' title='bbox 1657 2200 1775 2269; x_wconf 88' lang='grc' dir='ltr'>βου-</span> 
     </span>
    </p>
   </div>
   <div class='ocr_carea' id='block_1_37' title="bbox 238 2285 1774 2361">
    <p class='ocr_par' dir='ltr' id='par_1_37' title="bbox 238 2285 1774 2361">
     <span class='ocr_line' id='line_1_37' title="bbox 238 2285 1774 2361; baseline 0.002 -23"><span class='ocrx_word' id='word_1_238' title='bbox 238 2285 357 2338; x_wconf 71' lang='grc' dir='ltr'>νῶψ</span> <span class='ocrx_word' id='word_1_239' title='bbox 386 2287 477 2339; x_wconf 74' lang='grc' dir='ltr'>καὶ</span> <span class='ocrx_word' id='word_1_240' title='bbox 507 2287 724 2357; x_wconf 71' lang='grc' dir='ltr'>ἥξουσιν</span> <span class='ocrx_word' id='word_1_241' title='bbox 750 2290 833 2340; x_wconf 71' lang='grc' dir='ltr'>ἐπ’</span> <span class='ocrx_word' id='word_1_242' title='bbox 865 2288 993 2342; x_wconf 83' lang='grc' dir='ltr'>αὑτὸ</span> <span class='ocrx_word' id='word_1_243' title='bbox 1024 2289 1158 2353; x_wconf 79' lang='grc' dir='ltr'>λαοὶ,</span> <span class='ocrx_word' id='word_1_244' title='bbox 1190 2290 1282 2342; x_wconf 76' lang='grc' dir='ltr'><strong>καὶ</strong></span> <span class='ocrx_word' id='word_1_245' title='bbox 1312 2289 1658 2361; x_wconf 80' lang='grc' dir='ltr'>πορεύσονται</span> <span class='ocrx_word' id='word_1_246' title='bbox 1689 2290 1774 2341; x_wconf 80' lang='grc' dir='ltr'>ἐπ’</span> 
     </span>
    </p>
   </div>
   <div class='ocr_carea' id='block_1_38' title="bbox 238 2374 1775 2447">
    <p class='ocr_par' dir='ltr' id='par_1_38' title="bbox 238 2374 1775 2447">
     <span class='ocr_line' id='line_1_38' title="bbox 238 2374 1775 2447; baseline 0.002 -22"><span class='ocrx_word' id='word_1_247' title='bbox 238 2374 360 2426; x_wconf 81' lang='grc' dir='ltr'>αὑτὸ</span> <span class='ocrx_word' id='word_1_248' title='bbox 386 2374 512 2444; x_wconf 83' lang='grc' dir='ltr'>ἔθνη</span> <span class='ocrx_word' id='word_1_249' title='bbox 538 2375 702 2428; x_wconf 72' lang='grc' dir='ltr'>πολλὰ</span> <span class='ocrx_word' id='word_1_250' title='bbox 732 2377 821 2428; x_wconf 75' lang='grc' dir='ltr'><strong>καὶ</strong></span> <span class='ocrx_word' id='word_1_251' title='bbox 851 2374 1081 2446; x_wconf 85' lang='grc' dir='ltr'>ἐροῦσιν’</span> <span class='ocrx_word' id='word_1_252' title='bbox 1116 2376 1276 2429; x_wconf 85' lang='grc' dir='ltr'>Δεῦτε</span> <span class='ocrx_word' id='word_1_253' title='bbox 1303 2376 1587 2447; x_wconf 77' lang='grc' dir='ltr'>ἀναδῶμεν</span> <span class='ocrx_word' id='word_1_254' title='bbox 1616 2379 1693 2440; x_wconf 80' lang='grc' dir='ltr'>εἰς</span> <span class='ocrx_word' id='word_1_255' title='bbox 1715 2377 1775 2429; x_wconf 81' lang='grc' dir='ltr'>τὸ</span> 
     </span>
    </p>
   </div>
   <div class='ocr_carea' id='block_1_39' title="bbox 236 2457 1773 2532">
    <p class='ocr_par' dir='ltr' id='par_1_39' title="bbox 236 2457 1773 2532">
     <span class='ocr_line' id='line_1_39' title="bbox 236 2457 1773 2532; baseline 0.002 -20"><span class='ocrx_word' id='word_1_256' title='bbox 236 2460 354 2531; x_wconf 83' lang='grc' dir='ltr'>δρος</span> <span class='ocrx_word' id='word_1_257' title='bbox 389 2463 619 2532; x_wconf 80' lang='grc' dir='ltr'>Κυρίου,</span> <span class='ocrx_word' id='word_1_258' title='bbox 654 2463 743 2515; x_wconf 82' lang='grc' dir='ltr'><strong>καὶ</strong></span> <span class='ocrx_word' id='word_1_259' title='bbox 779 2466 856 2525; x_wconf 90' lang='grc' dir='ltr'><strong>είς</strong></span> <span class='ocrx_word' id='word_1_260' title='bbox 893 2463 979 2515; x_wconf 82' lang='grc' dir='ltr'><strong>τὸν</strong></span> <span class='ocrx_word' id='word_1_261' title='bbox 1001 2457 1144 2516; x_wconf 72' lang='grc' dir='ltr'>οἷκον</span> <span class='ocrx_word' id='word_1_262' title='bbox 1164 2463 1254 2515; x_wconf 86' lang='grc' dir='ltr'><strong>τοῦ</strong></span> <span class='ocrx_word' id='word_1_263' title='bbox 1277 2463 1406 2516; x_wconf 87' lang='grc' dir='ltr'>Θεοῦ</span> <span class='ocrx_word' id='word_1_264' title='bbox 1447 2462 1651 2516; x_wconf 78' lang='grc' dir='ltr'><strong>Ἰακώϐ·</strong></span> <span class='ocrx_word' id='word_1_265' title='bbox 1683 2464 1773 2517; x_wconf 77' lang='grc' dir='ltr'><strong>καὶ</strong></span> 
     </span>
    </p>
   </div>
   <div class='ocr_carea' id='block_1_40' title="bbox 236 2550 1773 2624">
    <p class='ocr_par' dir='ltr' id='par_1_40' title="bbox 236 2550 1773 2624">
     <span class='ocr_line' id='line_1_40' title="bbox 236 2550 1773 2624; baseline 0.001 -22"><span class='ocrx_word' id='word_1_266' title='bbox 236 2550 494 2617; x_wconf 79' lang='grc' dir='ltr'>δείξουσιν</span> <span class='ocrx_word' id='word_1_267' title='bbox 524 2554 656 2622; x_wconf 82' lang='grc' dir='ltr'>ἡμῖν</span> <span class='ocrx_word' id='word_1_268' title='bbox 696 2553 792 2624; x_wconf 74' lang='grc' dir='ltr'><strong>τὴν</strong></span> <span class='ocrx_word' id='word_1_269' title='bbox 823 2553 939 2606; x_wconf 84' lang='grc' dir='ltr'>ὁδὸν</span> <span class='ocrx_word' id='word_1_270' title='bbox 968 2551 1152 2617; x_wconf 89' lang='grc' dir='ltr'>αὑτοῦ,</span> <span class='ocrx_word' id='word_1_271' title='bbox 1195 2553 1287 2605; x_wconf 74' lang='grc' dir='ltr'>καὶ</span> <span class='ocrx_word' id='word_1_272' title='bbox 1326 2552 1692 2624; x_wconf 85' lang='grc' dir='ltr'>πορευσόμεθα</span> <span class='ocrx_word' id='word_1_273' title='bbox 1716 2555 1773 2605; x_wconf 87' lang='grc' dir='ltr'><strong>ἐν</strong></span> 
     </span>
    </p>
   </div>
   <div class='ocr_carea' id='block_1_41' title="bbox 236 2641 1770 2717">
    <p class='ocr_par' dir='ltr' id='par_1_41' title="bbox 236 2641 1770 2717">
     <span class='ocr_line' id='line_1_41' title="bbox 236 2641 1770 2717; baseline 0.007 -26"><span class='ocrx_word' id='word_1_274' title='bbox 236 2642 345 2702; x_wconf 77' lang='grc' dir='ltr'>ταῖς</span> <span class='ocrx_word' id='word_1_275' title='bbox 383 2641 592 2711; x_wconf 80' lang='grc' dir='ltr'>τρίσοις</span> <span class='ocrx_word' id='word_1_276' title='bbox 633 2643 810 2695; x_wconf 86' lang='grc' dir='ltr'>αὑτοῦ·</span> <span class='ocrx_word' id='word_1_277' title='bbox 845 2645 923 2697; x_wconf 84' lang='grc' dir='ltr'>ὅτι</span> <span class='ocrx_word' id='word_1_278' title='bbox 965 2647 1028 2698; x_wconf 71' lang='grc' dir='ltr'><strong>ἐκ</strong></span> <span class='ocrx_word' id='word_1_279' title='bbox 1060 2645 1193 2699; x_wconf 89' lang='grc' dir='ltr'>Σιὼν</span> <span class='ocrx_word' id='word_1_280' title='bbox 1225 2646 1553 2713; x_wconf 82' lang='grc' dir='ltr'>ἐξελεύσεται</span> <span class='ocrx_word' id='word_1_281' title='bbox 1593 2648 1770 2717; x_wconf 88' lang='grc' dir='ltr'>νόμος,</span> 
     </span>
    </p>
   </div>
   <div class='ocr_carea' id='block_1_42' title="bbox 236 2730 1773 2809">
    <p class='ocr_par' dir='ltr' id='par_1_42' title="bbox 236 2730 1773 2809">
     <span class='ocr_line' id='line_1_42' title="bbox 236 2730 1773 2809; baseline 0.007 -28"><span class='ocrx_word' id='word_1_282' title='bbox 236 2731 325 2783; x_wconf 69' lang='grc' dir='ltr'>καὶ</span> <span class='ocrx_word' id='word_1_283' title='bbox 356 2730 512 2798; x_wconf 81' lang='grc' dir='ltr'>λόγος</span> <span class='ocrx_word' id='word_1_284' title='bbox 549 2732 750 2800; x_wconf 78' lang='grc' dir='ltr'>Κυρίου</span> <span class='ocrx_word' id='word_1_285' title='bbox 784 2734 840 2799; x_wconf 81' lang='grc' dir='ltr'><strong>ἐξ</strong></span> <span class='ocrx_word' id='word_1_286' title='bbox 881 2736 1242 2807; x_wconf 79' lang='grc' dir='ltr'>Ἰερουσαλὴμ,</span> <span class='ocrx_word' id='word_1_287' title='bbox 1278 2736 1368 2789; x_wconf 75' lang='grc' dir='ltr'><strong>καὶ</strong></span> <span class='ocrx_word' id='word_1_288' title='bbox 1389 2741 1560 2809; x_wconf 84' lang='grc' dir='ltr'>κρινεῖ</span> <span class='ocrx_word' id='word_1_289' title='bbox 1577 2738 1773 2808; x_wconf 80' lang='grc' dir='ltr'>ἀναμέ-</span> 
     </span>
    </p>
   </div>
   <div class='ocr_carea' id='block_1_43' title="bbox 237 2820 1771 2898">
    <p class='ocr_par' dir='ltr' id='par_1_43' title="bbox 237 2820 1771 2898">
     <span class='ocr_line' id='line_1_43' title="bbox 237 2820 1771 2898; baseline 0.007 -27"><span class='ocrx_word' id='word_1_290' title='bbox 237 2837 323 2872; x_wconf 89' lang='grc' dir='ltr'><strong>σον</strong></span> <span class='ocrx_word' id='word_1_291' title='bbox 351 2820 498 2874; x_wconf 85' lang='grc' dir='ltr'>λαῶν</span> <span class='ocrx_word' id='word_1_292' title='bbox 536 2821 761 2886; x_wconf 84' lang='grc' dir='ltr'>πολλῶν,</span> <span class='ocrx_word' id='word_1_293' title='bbox 807 2825 898 2879; x_wconf 78' lang='grc' dir='ltr'><strong>καὶ</strong></span> <span class='ocrx_word' id='word_1_294' title='bbox 927 2825 1127 2894; x_wconf 79' lang='grc' dir='ltr'>ἐλέγξει</span> <span class='ocrx_word' id='word_1_295' title='bbox 1166 2827 1291 2879; x_wconf 83' lang='grc' dir='ltr'>λαὸν</span> <span class='ocrx_word' id='word_1_296' title='bbox 1325 2830 1534 2898; x_wconf 78' lang='grc' dir='ltr'>ἰσχυρὸν</span> <span class='ocrx_word' id='word_1_297' title='bbox 1561 2830 1663 2893; x_wconf 76' lang='grc' dir='ltr'>ἓως</span> <span class='ocrx_word' id='word_1_298' title='bbox 1694 2830 1771 2893; x_wconf 85' lang='grc' dir='ltr'><strong>είς</strong></span> 
     </span>
    </p>
   </div>
   <div class='ocr_carea' id='block_1_44' title="bbox 237 2910 1772 2989">
    <p class='ocr_par' dir='ltr' id='par_1_44' title="bbox 237 2910 1772 2989">
     <span class='ocr_line' id='line_1_44' title="bbox 237 2910 1772 2989; baseline 0.006 -28"><span class='ocrx_word' id='word_1_299' title='bbox 237 2910 469 2979; x_wconf 83' lang='grc' dir='ltr'>μακράν·</span> <span class='ocrx_word' id='word_1_300' title='bbox 506 2912 598 2963; x_wconf 74' lang='grc' dir='ltr'><strong>καὶ</strong></span> <span class='ocrx_word' id='word_1_301' title='bbox 638 2912 1025 2981; x_wconf 70' lang='grc' dir='ltr'>κατακόψουσιν</span> <span class='ocrx_word' id='word_1_302' title='bbox 1055 2916 1151 2978; x_wconf 85' lang='grc' dir='ltr'><strong>τὰς</strong></span> <span class='ocrx_word' id='word_1_303' title='bbox 1191 2918 1456 2989; x_wconf 80' lang='grc' dir='ltr'>μαχαίρας</span> <span class='ocrx_word' id='word_1_304' title='bbox 1486 2916 1660 2970; x_wconf 87' lang='grc' dir='ltr'>αὑτῶν</span> <span class='ocrx_word' id='word_1_305' title='bbox 1694 2918 1772 2981; x_wconf 86' lang='grc' dir='ltr'><strong>είς</strong></span> 
     </span>
    </p>
   </div>
   <div class='ocr_carea' id='block_1_45' title="bbox 234 2999 1773 3076">
    <p class='ocr_par' dir='ltr' id='par_1_45' title="bbox 234 2999 1773 3076">
     <span class='ocr_line' id='line_1_45' title="bbox 234 2999 1773 3076; baseline 0.006 -25"><span class='ocrx_word' id='word_1_306' title='bbox 234 2999 455 3070; x_wconf 82' lang='grc' dir='ltr'>ἄροτρα,</span> <span class='ocrx_word' id='word_1_307' title='bbox 504 3000 599 3052; x_wconf 78' lang='grc' dir='ltr'>καὶ</span> <span class='ocrx_word' id='word_1_308' title='bbox 637 3001 731 3063; x_wconf 80' lang='grc' dir='ltr'>τὰς</span> <span class='ocrx_word' id='word_1_309' title='bbox 780 3000 993 3065; x_wconf 80' lang='grc' dir='ltr'>ζιϐύνας</span> <span class='ocrx_word' id='word_1_310' title='bbox 1037 3004 1211 3057; x_wconf 86' lang='grc' dir='ltr'>αὑτῶν</span> <span class='ocrx_word' id='word_1_311' title='bbox 1244 3008 1322 3069; x_wconf 79' lang='grc' dir='ltr'><strong>είς</strong></span> <span class='ocrx_word' id='word_1_312' title='bbox 1366 3007 1633 3076; x_wconf 71' lang='grc' dir='ltr'>δρέπανα*</span> <span class='ocrx_word' id='word_1_313' title='bbox 1679 3007 1773 3060; x_wconf 74' lang='grc' dir='ltr'>καὶ</span> 
     </span>
    </p>
   </div>
   <div class='ocr_carea' id='block_1_46' title="bbox 234 3088 1770 3167">
    <p class='ocr_par' dir='ltr' id='par_1_46' title="bbox 234 3088 1770 3167">
     <span class='ocr_line' id='line_1_46' title="bbox 234 3088 1770 3167; baseline 0.006 -29"><span class='ocrx_word' id='word_1_314' title='bbox 234 3088 412 3141; x_wconf 87' lang='grc' dir='ltr'>οὑκέτι</span> <span class='ocrx_word' id='word_1_315' title='bbox 446 3089 557 3160; x_wconf 80' lang='grc' dir='ltr'><strong>ἄρῃ</strong></span> <span class='ocrx_word' id='word_1_316' title='bbox 587 3088 733 3151; x_wconf 86' lang='grc' dir='ltr'>ἔθνος</span> <span class='ocrx_word' id='word_1_317' title='bbox 764 3091 847 3141; x_wconf 81' lang='grc' dir='ltr'>ἐπ’</span> <span class='ocrx_word' id='word_1_318' title='bbox 875 3091 1023 3154; x_wconf 90' lang='grc' dir='ltr'>ἔθνος</span> <span class='ocrx_word' id='word_1_319' title='bbox 1054 3094 1339 3163; x_wconf 84' lang='grc' dir='ltr'>μάχαιραν,</span> <span class='ocrx_word' id='word_1_320' title='bbox 1370 3095 1462 3146; x_wconf 79' lang='grc' dir='ltr'>καὶ</span> <span class='ocrx_word' id='word_1_321' title='bbox 1488 3095 1667 3147; x_wconf 86' lang='grc' dir='ltr'>οὑκέτι</span> <span class='ocrx_word' id='word_1_322' title='bbox 1696 3097 1770 3167; x_wconf 83' lang='grc' dir='ltr'>μὴ</span> 
     </span>
    </p>
   </div>
   <div class='ocr_carea' id='block_1_47' title="bbox 1871 1922 3393 1992">
    <p class='ocr_par' dir='ltr' id='par_1_47' title="bbox 1871 1922 3393 1992">
     <span class='ocr_line' id='line_1_47' title="bbox 1871 1922 3393 1992; baseline 0.001 -18"><span class='ocrx_word' id='word_1_323' title='bbox 1871 1922 2104 1989; x_wconf 91' lang='lat' dir='ltr'><strong>lapidum</strong></span> <span class='ocrx_word' id='word_1_324' title='bbox 2133 1923 2256 1988; x_wconf 89' lang='lat' dir='ltr'><strong>erit,</strong></span> <span class='ocrx_word' id='word_1_325' title='bbox 2288 1930 2341 1977; x_wconf 89' lang='lat' dir='ltr'><strong>et</strong></span> <span class='ocrx_word' id='word_1_326' title='bbox 2364 1938 2517 1977; x_wconf 87' lang='lat' dir='ltr'><strong>mons</strong></span> <span class='ocrx_word' id='word_1_327' title='bbox 2548 1922 2727 1992; x_wconf 85' lang='lat' dir='ltr'><strong>templi</strong></span> <span class='ocrx_word' id='word_1_328' title='bbox 2780 1923 2833 1977; x_wconf 93' lang='lat' dir='ltr'><strong>in</strong></span> <span class='ocrx_word' id='word_1_329' title='bbox 2879 1924 3091 1978; x_wconf 69' lang='lat' dir='ltr'><strong>excelsa</strong></span> <span class='ocrx_word' id='word_1_330' title='bbox 3121 1922 3393 1976; x_wconf 80' lang='lat' dir='ltr'><strong>silvarum.</strong></span> 
     </span>
    </p>
   </div>
   <div class='ocr_carea' id='block_1_48' title="bbox 1872 2010 3395 2066">
    <p class='ocr_par' dir='ltr' id='par_1_48' title="bbox 1872 2010 3395 2066">
     <span class='ocr_line' id='line_1_48' title="bbox 1872 2010 3395 2066; baseline -0.001 -3"><span class='ocrx_word' id='word_1_331' title='bbox 1872 2010 1936 2064; x_wconf 85' lang='lat' dir='ltr'><strong>Et</strong></span> <span class='ocrx_word' id='word_1_332' title='bbox 1962 2011 2104 2065; x_wconf 88' lang='lat' dir='ltr'><strong>erit:</strong></span> <span class='ocrx_word' id='word_1_333' title='bbox 2144 2012 2205 2063; x_wconf 86' lang='lat' dir='ltr'><strong>In</strong></span> <span class='ocrx_word' id='word_1_334' title='bbox 2267 2011 2557 2066; x_wconf 89' lang='lat' dir='ltr'><strong>novissimo</strong></span> <span class='ocrx_word' id='word_1_335' title='bbox 2601 2011 2807 2065; x_wconf 88' lang='lat' dir='ltr'><strong>dierum</strong></span> <span class='ocrx_word' id='word_1_336' title='bbox 2859 2013 2959 2065; x_wconf 87' lang='lat' dir='ltr'><strong>erit</strong></span> <span class='ocrx_word' id='word_1_337' title='bbox 3007 2026 3163 2065; x_wconf 87' lang='lat' dir='ltr'><strong>mons</strong></span> <span class='ocrx_word' id='word_1_338' title='bbox 3207 2010 3395 2064; x_wconf 83' lang='lat' dir='ltr'><strong>domus</strong></span> 
     </span>
    </p>
   </div>
   <div class='ocr_carea' id='block_1_49' title="bbox 1872 2097 3398 2166">
    <p class='ocr_par' dir='ltr' id='par_1_49' title="bbox 1872 2097 3398 2166">
     <span class='ocr_line' id='line_1_49' title="bbox 1872 2097 3398 2166; baseline 0.001 -16"><span class='ocrx_word' id='word_1_339' title='bbox 1872 2097 2077 2151; x_wconf 89' lang='lat' dir='ltr'><strong>Domini</strong></span> <span class='ocrx_word' id='word_1_340' title='bbox 2130 2105 2457 2166; x_wconf 75' lang='lat' dir='ltr'><strong>praeparatus</strong></span> <span class='ocrx_word' id='word_1_341' title='bbox 2501 2099 2555 2151; x_wconf 91' lang='lat' dir='ltr'><strong>in</strong></span> <span class='ocrx_word' id='word_1_342' title='bbox 2588 2099 2785 2153; x_wconf 84' lang='lat' dir='ltr'><strong>vertice</strong></span> <span class='ocrx_word' id='word_1_343' title='bbox 2837 2099 3119 2163; x_wconf 88' lang='lat' dir='ltr'><strong>montium,</strong></span> <span class='ocrx_word' id='word_1_344' title='bbox 3148 2108 3200 2152; x_wconf 91' lang='lat' dir='ltr'><strong>et</strong></span> <span class='ocrx_word' id='word_1_345' title='bbox 3228 2098 3398 2153; x_wconf 84' lang='lat' dir='ltr'><strong>subli-</strong></span> 
     </span>
    </p>
   </div>
   <div class='ocr_carea' id='block_1_50' title="bbox 1871 2186 3392 2258">
    <p class='ocr_par' dir='ltr' id='par_1_50' title="bbox 1871 2186 3392 2258">
     <span class='ocr_line' id='line_1_50' title="bbox 1871 2186 3392 2258; baseline 0 -16"><span class='ocrx_word' id='word_1_346' title='bbox 1871 2189 1974 2242; x_wconf 87' lang='lat' dir='ltr'><strong>mis</strong></span> <span class='ocrx_word' id='word_1_347' title='bbox 2003 2202 2163 2256; x_wconf 92' lang='lat' dir='ltr'><strong>super</strong></span> <span class='ocrx_word' id='word_1_348' title='bbox 2183 2188 2347 2241; x_wconf 89' lang='lat' dir='ltr'><strong>colles</strong></span> <span class='ocrx_word' id='word_1_349' title='bbox 2373 2204 2385 2238; x_wconf 90' lang='lat'><strong>:</strong></span> <span class='ocrx_word' id='word_1_350' title='bbox 2414 2198 2467 2242; x_wconf 92' lang='lat' dir='ltr'><strong>et</strong></span> <span class='ocrx_word' id='word_1_351' title='bbox 2492 2186 2654 2242; x_wconf 83' lang='lat' dir='ltr'><strong>liuent</strong></span> <span class='ocrx_word' id='word_1_352' title='bbox 2693 2188 2759 2242; x_wconf 73' lang='lat' dir='ltr'><strong>ad</strong></span> <span class='ocrx_word' id='word_1_353' title='bbox 2790 2203 2909 2242; x_wconf 89' lang='lat' dir='ltr'><strong>eum</strong></span> <span class='ocrx_word' id='word_1_354' title='bbox 2933 2188 3134 2258; x_wconf 90' lang='lat' dir='ltr'><strong>populi.</strong></span> <span class='ocrx_word' id='word_1_355' title='bbox 3158 2186 3223 2240; x_wconf 90' lang='lat' dir='ltr'><strong>Et</strong></span> <span class='ocrx_word' id='word_1_356' title='bbox 3269 2202 3392 2257; x_wconf 88' lang='lat' dir='ltr'><strong>pro-</strong></span> 
     </span>
    </p>
   </div>
   <div class='ocr_carea' id='block_1_51' title="bbox 1873 2278 3399 2350">
    <p class='ocr_par' dir='ltr' id='par_1_51' title="bbox 1873 2278 3399 2350">
     <span class='ocr_line' id='line_1_51' title="bbox 1873 2278 3399 2350; baseline 0 -19"><span class='ocrx_word' id='word_1_357' title='bbox 1873 2279 2133 2350; x_wconf 87' lang='lat' dir='ltr'><strong>perabunt</strong></span> <span class='ocrx_word' id='word_1_358' title='bbox 2160 2287 2344 2347; x_wconf 81' lang='lat' dir='ltr'><strong>gentes</strong></span> <span class='ocrx_word' id='word_1_359' title='bbox 2368 2280 2565 2341; x_wconf 68' lang='lat' dir='ltr'><strong>multae,</strong></span> <span class='ocrx_word' id='word_1_360' title='bbox 2606 2285 2658 2333; x_wconf 92' lang='lat' dir='ltr'><strong>et</strong></span> <span class='ocrx_word' id='word_1_361' title='bbox 2702 2278 2879 2332; x_wconf 91' lang='lat' dir='ltr'><strong>dicent</strong></span> <span class='ocrx_word' id='word_1_362' title='bbox 2912 2293 2925 2331; x_wconf 90' lang='lat'><strong>:</strong></span> <span class='ocrx_word' id='word_1_363' title='bbox 2976 2278 3183 2341; x_wconf 89' lang='lat' dir='ltr'><strong>Venite,</strong></span> <span class='ocrx_word' id='word_1_364' title='bbox 3214 2292 3399 2333; x_wconf 84' lang='lat' dir='ltr'><strong>ascen-</strong></span> 
     </span>
    </p>
   </div>
   <div class='ocr_carea' id='block_1_52' title="bbox 1872 2365 3399 2431">
    <p class='ocr_par' dir='ltr' id='par_1_52' title="bbox 1872 2365 3399 2431">
     <span class='ocr_line' id='line_1_52' title="bbox 1872 2365 3399 2431; baseline -0.001 -10"><span class='ocrx_word' id='word_1_365' title='bbox 1872 2368 2063 2421; x_wconf 90' lang='lat' dir='ltr'><strong>damus</strong></span> <span class='ocrx_word' id='word_1_366' title='bbox 2092 2366 2159 2419; x_wconf 88' lang='lat' dir='ltr'><strong>ad</strong></span> <span class='ocrx_word' id='word_1_367' title='bbox 2187 2374 2419 2421; x_wconf 87' lang='lat' dir='ltr'><strong>montem</strong></span> <span class='ocrx_word' id='word_1_368' title='bbox 2452 2367 2659 2422; x_wconf 88' lang='lat' dir='ltr'><strong>Domini</strong></span> <span class='ocrx_word' id='word_1_369' title='bbox 2689 2407 2704 2431; x_wconf 95' lang='lat'><strong>,</strong></span> <span class='ocrx_word' id='word_1_370' title='bbox 2735 2377 2789 2421; x_wconf 89' lang='lat' dir='ltr'><strong>et</strong></span> <span class='ocrx_word' id='word_1_371' title='bbox 2813 2368 2877 2421; x_wconf 89' lang='lat' dir='ltr'><strong>ad</strong></span> <span class='ocrx_word' id='word_1_372' title='bbox 2905 2367 3119 2422; x_wconf 90' lang='lat' dir='ltr'><strong>domum</strong></span> <span class='ocrx_word' id='word_1_373' title='bbox 3172 2366 3263 2422; x_wconf 90' lang='lat' dir='ltr'><strong>Dei</strong></span> <span class='ocrx_word' id='word_1_374' title='bbox 3308 2365 3399 2421; x_wconf 84' lang='lat' dir='ltr'><strong>Ja-</strong></span> 
     </span>
    </p>
   </div>
   <div class='ocr_carea' id='block_1_53' title="bbox 1872 2457 3400 2523">
    <p class='ocr_par' dir='ltr' id='par_1_53' title="bbox 1872 2457 3400 2523">
     <span class='ocr_line' id='line_1_53' title="bbox 1872 2457 3400 2523; baseline 0.001 -12"><span class='ocrx_word' id='word_1_375' title='bbox 1872 2458 2011 2523; x_wconf 92' lang='lat' dir='ltr'><strong>cob;</strong></span> <span class='ocrx_word' id='word_1_376' title='bbox 2043 2465 2097 2511; x_wconf 89' lang='lat' dir='ltr'><strong>et</strong></span> <span class='ocrx_word' id='word_1_377' title='bbox 2123 2457 2334 2512; x_wconf 90' lang='lat' dir='ltr'><strong>docebit</strong></span> <span class='ocrx_word' id='word_1_378' title='bbox 2383 2472 2483 2512; x_wconf 86' lang='lat' dir='ltr'><strong>nos</strong></span> <span class='ocrx_word' id='word_1_379' title='bbox 2531 2458 2597 2512; x_wconf 89' lang='lat' dir='ltr'><strong>de</strong></span> <span class='ocrx_word' id='word_1_380' title='bbox 2630 2458 2733 2513; x_wconf 87' lang='lat' dir='ltr'><strong>viis</strong></span> <span class='ocrx_word' id='word_1_381' title='bbox 2761 2460 2893 2521; x_wconf 92' lang='lat' dir='ltr'><strong>suis,</strong></span> <span class='ocrx_word' id='word_1_382' title='bbox 2925 2467 2977 2512; x_wconf 90' lang='lat' dir='ltr'><strong>et</strong></span> <span class='ocrx_word' id='word_1_383' title='bbox 3006 2459 3203 2514; x_wconf 90' lang='lat' dir='ltr'><strong>ibimus</strong></span> <span class='ocrx_word' id='word_1_384' title='bbox 3234 2459 3286 2511; x_wconf 91' lang='lat' dir='ltr'><strong>in</strong></span> <span class='ocrx_word' id='word_1_385' title='bbox 3313 2473 3400 2513; x_wconf 75' lang='lat' dir='ltr'><strong>se-</strong></span> 
     </span>
    </p>
   </div>
   <div class='ocr_carea' id='block_1_54' title="bbox 1880 2536 3396 2618">
    <p class='ocr_par' dir='ltr' id='par_1_54' title="bbox 1880 2536 3396 2618">
     <span class='ocr_line' id='line_1_54' title="bbox 1880 2536 3396 2618; baseline 0.001 -15"><span class='ocrx_word' id='word_1_386' title='bbox 1880 2549 2027 2603; x_wconf 89' lang='lat' dir='ltr'><strong>mitis</strong></span> <span class='ocrx_word' id='word_1_387' title='bbox 2051 2548 2189 2616; x_wconf 89' lang='lat' dir='ltr'><strong>ejus,</strong></span> <span class='ocrx_word' id='word_1_388' title='bbox 2218 2549 2344 2617; x_wconf 87' lang='lat' dir='ltr'><strong>quia</strong></span> <span class='ocrx_word' id='word_1_389' title='bbox 2370 2549 2435 2603; x_wconf 92' lang='lat' dir='ltr'><strong>de</strong></span> <span class='ocrx_word' id='word_1_390' title='bbox 2458 2547 2585 2602; x_wconf 92' lang='lat' dir='ltr'><strong>Sion</strong></span> <span class='ocrx_word' id='word_1_391' title='bbox 2628 2536 2931 2618; x_wconf 81' lang='lat' dir='ltr'><strong>egredietur</strong></span> <span class='ocrx_word' id='word_1_392' title='bbox 2953 2551 3058 2613; x_wconf 83' lang='lat' dir='ltr'><strong>lex,</strong></span> <span class='ocrx_word' id='word_1_393' title='bbox 3094 2557 3147 2604; x_wconf 89' lang='lat' dir='ltr'><strong>et</strong></span> <span class='ocrx_word' id='word_1_394' title='bbox 3177 2551 3396 2605; x_wconf 83' lang='lat' dir='ltr'><strong>verbum</strong></span> 
     </span>
    </p>
   </div>
   <div class='ocr_carea' id='block_1_55' title="bbox 1871 2640 3399 2712">
    <p class='ocr_par' dir='ltr' id='par_1_55' title="bbox 1871 2640 3399 2712">
     <span class='ocr_line' id='line_1_55' title="bbox 1871 2640 3399 2712; baseline 0.002 -18"><span class='ocrx_word' id='word_1_395' title='bbox 1871 2640 2080 2697; x_wconf 92' lang='lat' dir='ltr'><strong>Domini</strong></span> <span class='ocrx_word' id='word_1_396' title='bbox 2119 2641 2184 2696; x_wconf 91' lang='lat' dir='ltr'><strong>de</strong></span> <span class='ocrx_word' id='word_1_397' title='bbox 2234 2640 2552 2698; x_wconf 81' lang='lat' dir='ltr'><strong>Jerusalem.</strong></span> <span class='ocrx_word' id='word_1_398' title='bbox 2609 2640 2673 2694; x_wconf 88' lang='lat' dir='ltr'><strong>Et</strong></span> <span class='ocrx_word' id='word_1_399' title='bbox 2718 2641 2979 2710; x_wconf 84' lang='lat' dir='ltr'><strong>judicabit</strong></span> <span class='ocrx_word' id='word_1_400' title='bbox 3013 2642 3148 2696; x_wconf 91' lang='lat' dir='ltr'><strong>inter</strong></span> <span class='ocrx_word' id='word_1_401' title='bbox 3175 2644 3399 2712; x_wconf 82' lang='lat' dir='ltr'><strong>populos</strong></span> 
     </span>
    </p>
   </div>
   <div class='ocr_carea' id='block_1_56' title="bbox 1871 2729 3401 2803">
    <p class='ocr_par' dir='ltr' id='par_1_56' title="bbox 1871 2729 3401 2803">
     <span class='ocr_line' id='line_1_56' title="bbox 1871 2729 3401 2803; baseline 0.003 -21"><span class='ocrx_word' id='word_1_402' title='bbox 1871 2731 2088 2795; x_wconf 87' lang='lat' dir='ltr'><strong>multos,</strong></span> <span class='ocrx_word' id='word_1_403' title='bbox 2111 2737 2165 2784; x_wconf 90' lang='lat' dir='ltr'><strong>et</strong></span> <span class='ocrx_word' id='word_1_404' title='bbox 2203 2730 2457 2798; x_wconf 88' lang='lat' dir='ltr'><strong>corripiet</strong></span> <span class='ocrx_word' id='word_1_405' title='bbox 2492 2738 2677 2800; x_wconf 80' lang='lat' dir='ltr'><strong>gentes</strong></span> <span class='ocrx_word' id='word_1_406' title='bbox 2727 2729 2892 2786; x_wconf 84' lang='lat' dir='ltr'><strong>fortes</strong></span> <span class='ocrx_word' id='word_1_407' title='bbox 2926 2747 3095 2801; x_wconf 90' lang='lat' dir='ltr'><strong>usque</strong></span> <span class='ocrx_word' id='word_1_408' title='bbox 3115 2733 3168 2787; x_wconf 92' lang='lat' dir='ltr'><strong>in</strong></span> <span class='ocrx_word' id='word_1_409' title='bbox 3197 2733 3401 2803; x_wconf 84' lang='lat' dir='ltr'><strong>longin-</strong></span> 
     </span>
    </p>
   </div>
   <div class='ocr_carea' id='block_1_57' title="bbox 1869 2819 3399 2889">
    <p class='ocr_par' dir='ltr' id='par_1_57' title="bbox 1869 2819 3399 2889">
     <span class='ocr_line' id='line_1_57' title="bbox 1869 2819 3399 2889; baseline 0.001 -17"><span class='ocrx_word' id='word_1_410' title='bbox 1869 2835 2033 2889; x_wconf 90' lang='lat' dir='ltr'><strong>quum</strong></span> <span class='ocrx_word' id='word_1_411' title='bbox 2066 2838 2079 2873; x_wconf 74' lang='grc' dir='ltr'>ε</span> <span class='ocrx_word' id='word_1_412' title='bbox 2113 2825 2167 2873; x_wconf 90' lang='lat' dir='ltr'><strong>et</strong></span> <span class='ocrx_word' id='word_1_413' title='bbox 2197 2819 2480 2873; x_wconf 87' lang='lat' dir='ltr'><strong>concident</strong></span> <span class='ocrx_word' id='word_1_414' title='bbox 2536 2819 2740 2889; x_wconf 76' lang='lat' dir='ltr'><strong>gladios</strong></span> <span class='ocrx_word' id='word_1_415' title='bbox 2787 2836 2914 2874; x_wconf 85' lang='lat' dir='ltr'><strong>suos</strong></span> <span class='ocrx_word' id='word_1_416' title='bbox 2947 2821 3000 2873; x_wconf 93' lang='lat' dir='ltr'><strong>in</strong></span> <span class='ocrx_word' id='word_1_417' title='bbox 3030 2837 3295 2885; x_wconf 84' lang='lat' dir='ltr'><strong>vomeres,</strong></span> <span class='ocrx_word' id='word_1_418' title='bbox 3347 2832 3399 2875; x_wconf 85' lang='lat' dir='ltr'><strong>et</strong></span> 
     </span>
    </p>
   </div>
   <div class='ocr_carea' id='block_1_58' title="bbox 1872 2907 3399 2979">
    <p class='ocr_par' dir='ltr' id='par_1_58' title="bbox 1872 2907 3399 2979">
     <span class='ocr_line' id='line_1_58' title="bbox 1872 2907 3399 2979; baseline 0.003 -20"><span class='ocrx_word' id='word_1_419' title='bbox 1872 2907 2060 2962; x_wconf 87' lang='lat' dir='ltr'><strong>hastas</strong></span> <span class='ocrx_word' id='word_1_420' title='bbox 2116 2922 2246 2963; x_wconf 86' lang='lat' dir='ltr'><strong>suas</strong></span> <span class='ocrx_word' id='word_1_421' title='bbox 2276 2908 2329 2961; x_wconf 90' lang='lat' dir='ltr'><strong>in</strong></span> <span class='ocrx_word' id='word_1_422' title='bbox 2376 2907 2584 2978; x_wconf 89' lang='lat' dir='ltr'><strong>ligones</strong></span> <span class='ocrx_word' id='word_1_423' title='bbox 2610 2927 2623 2961; x_wconf 90' lang='lat'>:</span> <span class='ocrx_word' id='word_1_424' title='bbox 2657 2924 2765 2963; x_wconf 90' lang='lat' dir='ltr'><strong>non</strong></span> <span class='ocrx_word' id='word_1_425' title='bbox 2795 2919 2969 2964; x_wconf 90' lang='lat' dir='ltr'><strong>sumet</strong></span> <span class='ocrx_word' id='word_1_426' title='bbox 2990 2925 3119 2979; x_wconf 87' lang='lat' dir='ltr'><strong>gens</strong></span> <span class='ocrx_word' id='word_1_427' title='bbox 3144 2910 3399 2964; x_wconf 87' lang='lat' dir='ltr'><strong>adversus</strong></span> 
     </span>
    </p>
   </div>
   <div class='ocr_carea' id='block_1_59' title="bbox 1869 2998 3393 3069">
    <p class='ocr_par' dir='ltr' id='par_1_59' title="bbox 1869 2998 3393 3069">
     <span class='ocr_line' id='line_1_59' title="bbox 1869 2998 3393 3069; baseline 0.001 -17"><span class='ocrx_word' id='word_1_428' title='bbox 1869 3006 2076 3067; x_wconf 88' lang='lat' dir='ltr'><strong>gentem</strong></span> <span class='ocrx_word' id='word_1_429' title='bbox 2096 2998 2330 3069; x_wconf 89' lang='lat' dir='ltr'><strong>gladium</strong></span> <span class='ocrx_word' id='word_1_430' title='bbox 2352 3014 2366 3048; x_wconf 91' lang='lat'><strong>:</strong></span> <span class='ocrx_word' id='word_1_431' title='bbox 2390 3007 2442 3053; x_wconf 92' lang='lat' dir='ltr'><strong>et</strong></span> <span class='ocrx_word' id='word_1_432' title='bbox 2457 3014 2564 3053; x_wconf 90' lang='lat' dir='ltr'><strong>non</strong></span> <span class='ocrx_word' id='word_1_433' title='bbox 2580 2998 2789 3054; x_wconf 90' lang='lat' dir='ltr'><strong>discent</strong></span> <span class='ocrx_word' id='word_1_434' title='bbox 2810 3000 2949 3053; x_wconf 90' lang='lat' dir='ltr'><strong>ultra</strong></span> <span class='ocrx_word' id='word_1_435' title='bbox 2969 2999 3281 3069; x_wconf 90' lang='lat' dir='ltr'><strong>belligerare</strong></span> <span class='ocrx_word' id='word_1_436' title='bbox 3297 3000 3360 3053; x_wconf 81' lang='lat'><strong>“.</strong></span> <span class='ocrx_word' id='word_1_437' title='bbox 3374 3020 3393 3053; x_wconf 74' lang='grc' dir='ltr'><strong>ο</strong></span> 
     </span>
    </p>
   </div>
   <div class='ocr_carea' id='block_1_60' title="bbox 1869 3074 3398 3167">
    <p class='ocr_par' dir='ltr' id='par_1_60' title="bbox 1869 3074 3398 3167">
     <span class='ocr_line' id='line_1_60' title="bbox 1869 3074 3398 3167; baseline 0.003 -29"><span class='ocrx_word' id='word_1_438' title='bbox 1869 3085 2157 3155; x_wconf 88' lang='lat' dir='ltr'><strong>Postquam</strong></span> <span class='ocrx_word' id='word_1_439' title='bbox 2184 3102 2333 3142; x_wconf 89' lang='lat' dir='ltr'><strong>sacer</strong></span> <span class='ocrx_word' id='word_1_440' title='bbox 2355 3102 2530 3142; x_wconf 88' lang='lat' dir='ltr'><strong>sermo</strong></span> <span class='ocrx_word' id='word_1_441' title='bbox 2557 3088 2687 3142; x_wconf 77' lang='lat' dir='ltr'><strong>dixit</strong></span> <span class='ocrx_word' id='word_1_442' title='bbox 2706 3074 2847 3157; x_wconf 86' lang='lat' dir='ltr'><strong>quod</strong></span> <span class='ocrx_word' id='word_1_443' title='bbox 2868 3097 3085 3167; x_wconf 82' lang='lat' dir='ltr'><strong>propter</strong></span> <span class='ocrx_word' id='word_1_444' title='bbox 3098 3086 3125 3141; x_wconf 75' lang='grc' dir='ltr'>,Ι</span> <span class='ocrx_word' id='word_1_445' title='bbox 3132 3088 3398 3143; x_wconf 65' lang='lat' dir='ltr'><strong>udaaorum</strong></span> 
     </span>
    </p>
   </div>
   <div class='ocr_carea' id='block_1_61' title="bbox 235 3174 1774 3252">
    <p class='ocr_par' dir='ltr' id='par_1_61' title="bbox 235 3175 1773 3252">
     <span class='ocr_line' id='line_1_61' title="bbox 235 3175 1773 3252; baseline 0.005 -24"><span class='ocrx_word' id='word_1_446' title='bbox 235 3175 446 3244; x_wconf 78' lang='grc' dir='ltr'>μάθωσι</span> <span class='ocrx_word' id='word_1_447' title='bbox 481 3175 750 3244; x_wconf 81' lang='grc' dir='ltr'>πολεμεῖν.</span> <span class='ocrx_word' id='word_1_448' title='bbox 787 3196 803 3227; x_wconf 75' lang='grc' dir='ltr'><strong>ι</strong></span> <span class='ocrx_word' id='word_1_449' title='bbox 855 3178 1033 3231; x_wconf 78' lang='grc' dir='ltr'>Εἰπὼν</span> <span class='ocrx_word' id='word_1_450' title='bbox 1076 3182 1103 3233; x_wconf 91' lang='grc' dir='ltr'><strong>ό</strong></span> <span class='ocrx_word' id='word_1_451' title='bbox 1142 3181 1293 3248; x_wconf 80' lang='grc' dir='ltr'>λόγος</span> <span class='ocrx_word' id='word_1_452' title='bbox 1324 3183 1398 3244; x_wconf 86' lang='grc' dir='ltr'>ὠς</span> <span class='ocrx_word' id='word_1_453' title='bbox 1429 3182 1535 3252; x_wconf 83' lang='grc' dir='ltr'>ἄρα</span> <span class='ocrx_word' id='word_1_454' title='bbox 1564 3183 1647 3235; x_wconf 81' lang='grc' dir='ltr'><strong>διὰ</strong></span> <span class='ocrx_word' id='word_1_455' title='bbox 1677 3184 1773 3248; x_wconf 72' lang='grc' dir='ltr'>τὰς</span> 
     </span>
    </p>
   </div>
   <div class='ocr_carea' id='block_1_62' title="bbox 1872 3174 3398 3252">
    <p class='ocr_par' dir='ltr' id='par_1_62' title="bbox 1872 3174 3398 3248">
     <span class='ocr_line' id='line_1_62' title="bbox 1872 3174 3398 3248; baseline 0.004 -22"><span class='ocrx_word' id='word_1_456' title='bbox 1872 3175 2052 3243; x_wconf 84' lang='lat' dir='ltr'><strong>populi</strong></span> <span class='ocrx_word' id='word_1_457' title='bbox 2078 3174 2389 3244; x_wconf 90' lang='lat' dir='ltr'><strong>iniquitates</strong></span> <span class='ocrx_word' id='word_1_458' title='bbox 2426 3195 2444 3227; x_wconf 79' lang='grc' dir='ltr'><strong>ι</strong></span> <span class='ocrx_word' id='word_1_459' title='bbox 2474 3191 2628 3231; x_wconf 90' lang='lat' dir='ltr'><strong>mons</strong></span> <span class='ocrx_word' id='word_1_460' title='bbox 2653 3175 2779 3230; x_wconf 88' lang='lat' dir='ltr'><strong>Sion</strong></span> <span class='ocrx_word' id='word_1_461' title='bbox 2807 3178 2961 3247; x_wconf 89' lang='lat' dir='ltr'><strong>quasi</strong></span> <span class='ocrx_word' id='word_1_462' title='bbox 2986 3193 3110 3248; x_wconf 88' lang='lat' dir='ltr'><strong>ager</strong></span> <span class='ocrx_word' id='word_1_463' title='bbox 3137 3179 3398 3244; x_wconf 87' lang='lat' dir='ltr'><strong>arabitur,</strong></span> 
     </span>
    </p>
   </div>
   <div class='ocr_carea' id='block_1_63' title="bbox 232 3265 1774 3341">
    <p class='ocr_par' dir='ltr' id='par_1_63' title="bbox 232 3265 1774 3341">
     <span class='ocr_line' id='line_1_63' title="bbox 232 3265 1774 3341; baseline 0.004 -24"><span class='ocrx_word' id='word_1_464' title='bbox 232 3265 546 3327; x_wconf 76' lang='grc' dir='ltr'>δυσσεϐείας</span> <span class='ocrx_word' id='word_1_465' title='bbox 569 3266 659 3317; x_wconf 89' lang='grc' dir='ltr'><strong>τοῦ</strong></span> <span class='ocrx_word' id='word_1_466' title='bbox 700 3267 960 3320; x_wconf 81' lang='grc' dir='ltr'>Ἰουδαίων</span> <span class='ocrx_word' id='word_1_467' title='bbox 982 3268 1107 3322; x_wconf 91' lang='grc' dir='ltr'>λαοῦ</span> <span class='ocrx_word' id='word_1_468' title='bbox 1137 3270 1196 3322; x_wconf 80' lang='grc' dir='ltr'><strong>τὸ</strong></span> <span class='ocrx_word' id='word_1_469' title='bbox 1230 3272 1325 3341; x_wconf 80' lang='grc' dir='ltr'><strong>μὲν</strong></span> <span class='ocrx_word' id='word_1_470' title='bbox 1353 3290 1370 3321; x_wconf 87' lang='grc'><strong>‹</strong></span> <span class='ocrx_word' id='word_1_471' title='bbox 1403 3269 1537 3324; x_wconf 89' lang='grc' dir='ltr'>Σιὼν</span> <span class='ocrx_word' id='word_1_472' title='bbox 1556 3271 1677 3341; x_wconf 77' lang='grc' dir='ltr'>ὅρος</span> <span class='ocrx_word' id='word_1_473' title='bbox 1700 3272 1774 3334; x_wconf 82' lang='grc' dir='ltr'>ὡς</span> 
     </span>
    </p>
   </div>
   <div class='ocr_carea' id='block_1_64' title="bbox 230 3355 1774 3431">
    <p class='ocr_par' dir='ltr' id='par_1_64' title="bbox 230 3355 1774 3431">
     <span class='ocr_line' id='line_1_64' title="bbox 230 3355 1774 3431; baseline 0.003 -22"><span class='ocrx_word' id='word_1_474' title='bbox 230 3356 403 3423; x_wconf 80' lang='grc' dir='ltr'>ἀγρὸς</span> <span class='ocrx_word' id='word_1_475' title='bbox 444 3355 911 3426; x_wconf 85' lang='grc' dir='ltr'>ἀροτριαθήσεται,</span> <span class='ocrx_word' id='word_1_476' title='bbox 954 3376 972 3408; x_wconf 86' lang='grc'><strong>›</strong></span> <span class='ocrx_word' id='word_1_477' title='bbox 997 3362 1029 3429; x_wconf 81' lang='grc' dir='ltr'>ἡ</span> <span class='ocrx_word' id='word_1_478' title='bbox 1057 3360 1112 3413; x_wconf 79' lang='grc' dir='ltr'><strong>δὲ</strong></span> <span class='ocrx_word' id='word_1_479' title='bbox 1143 3361 1399 3431; x_wconf 88' lang='grc' dir='ltr'>πρότερον</span> <span class='ocrx_word' id='word_1_480' title='bbox 1423 3360 1774 3430; x_wconf 82' lang='grc' dir='ltr'>νενομισμένη</span> 
     </span>
    </p>
   </div>
   <div class='ocr_carea' id='block_1_65' title="bbox 233 3445 1769 3521">
    <p class='ocr_par' dir='ltr' id='par_1_65' title="bbox 233 3445 1769 3521">
     <span class='ocr_line' id='line_1_65' title="bbox 233 3445 1769 3521; baseline 0.002 -23"><span class='ocrx_word' id='word_1_481' title='bbox 233 3445 388 3508; x_wconf 82' lang='grc' dir='ltr'>πόλις</span> <span class='ocrx_word' id='word_1_482' title='bbox 414 3445 545 3513; x_wconf 86' lang='grc' dir='ltr'>ἁγία</span> <span class='ocrx_word' id='word_1_483' title='bbox 573 3463 592 3496; x_wconf 78' lang='grc' dir='ltr'><strong>ι</strong></span> <span class='ocrx_word' id='word_1_484' title='bbox 636 3446 980 3518; x_wconf 78' lang='grc' dir='ltr'>Ἰερουσαλὴμ</span> <span class='ocrx_word' id='word_1_485' title='bbox 1007 3449 1081 3511; x_wconf 85' lang='grc' dir='ltr'>ὡς</span> <span class='ocrx_word' id='word_1_486' title='bbox 1101 3451 1532 3521; x_wconf 79' lang='grc' dir='ltr'>όπωροφυλάκιον</span> <span class='ocrx_word' id='word_1_487' title='bbox 1554 3450 1723 3515; x_wconf 86' lang='grc' dir='ltr'>ἔσται,</span> <span class='ocrx_word' id='word_1_488' title='bbox 1751 3468 1769 3501; x_wconf 75' lang='grc' dir='ltr'><strong>ι</strong></span> 
     </span>
    </p>
   </div>
   <div class='ocr_carea' id='block_1_66' title="bbox 233 3535 1776 3611">
    <p class='ocr_par' dir='ltr' id='par_1_66' title="bbox 233 3535 1776 3611">
     <span class='ocr_line' id='line_1_66' title="bbox 233 3535 1776 3611; baseline 0.004 -24"><span class='ocrx_word' id='word_1_489' title='bbox 233 3535 359 3606; x_wconf 73' lang='grc' dir='ltr'>ἔξῆς</span> <span class='ocrx_word' id='word_1_490' title='bbox 390 3536 720 3606; x_wconf 78' lang='grc' dir='ltr'>προφητεύει</span> <span class='ocrx_word' id='word_1_491' title='bbox 744 3540 868 3608; x_wconf 74' lang='grc' dir='ltr'>περὶ</span> <span class='ocrx_word' id='word_1_492' title='bbox 894 3539 1076 3609; x_wconf 85' lang='grc' dir='ltr'>ἐτέρου</span> <span class='ocrx_word' id='word_1_493' title='bbox 1100 3539 1256 3610; x_wconf 73' lang='grc' dir='ltr'>ὅρους</span> <span class='ocrx_word' id='word_1_494' title='bbox 1282 3542 1502 3611; x_wconf 85' lang='grc' dir='ltr'>Κυρίου,</span> <span class='ocrx_word' id='word_1_495' title='bbox 1529 3542 1663 3611; x_wconf 84' lang='grc' dir='ltr'>ὅπερ</span> <span class='ocrx_word' id='word_1_496' title='bbox 1686 3540 1776 3593; x_wconf 78' lang='grc' dir='ltr'><strong>ἐπὶ</strong></span> 
     </span>
    </p>
   </div>
   <div class='ocr_carea' id='block_1_67' title="bbox 231 3626 1775 3704">
    <p class='ocr_par' dir='ltr' id='par_1_67' title="bbox 231 3626 1775 3704">
     <span class='ocr_line' id='line_1_67' title="bbox 231 3626 1775 3704; baseline 0.005 -26"><span class='ocrx_word' id='word_1_497' title='bbox 231 3626 324 3679; x_wconf 86' lang='grc' dir='ltr'><strong>τοῦ</strong></span> <span class='ocrx_word' id='word_1_498' title='bbox 358 3628 458 3696; x_wconf 83' lang='grc' dir='ltr'><strong>τῆς</strong></span> <span class='ocrx_word' id='word_1_499' title='bbox 500 3628 825 3695; x_wconf 79' lang='grc' dir='ltr'>προφητείας</span> <span class='ocrx_word' id='word_1_500' title='bbox 855 3628 1040 3699; x_wconf 82' lang='grc' dir='ltr'>καιροῦ</span> <span class='ocrx_word' id='word_1_501' title='bbox 1079 3630 1388 3699; x_wconf 87' lang='grc' dir='ltr'>ὑφειστήκει</span> <span class='ocrx_word' id='word_1_502' title='bbox 1430 3633 1544 3702; x_wconf 77' lang='grc' dir='ltr'>μὲν,</span> <span class='ocrx_word' id='word_1_503' title='bbox 1582 3634 1641 3686; x_wconf 91' lang='grc' dir='ltr'><strong>οὑ</strong></span> <span class='ocrx_word' id='word_1_504' title='bbox 1673 3634 1775 3704; x_wconf 74' lang='grc' dir='ltr'>μὴν</span> 
     </span>
    </p>
   </div>
   <div class='ocr_carea' id='block_1_68' title="bbox 234 3716 1776 3793">
    <p class='ocr_par' dir='ltr' id='par_1_68' title="bbox 234 3716 1776 3793">
     <span class='ocr_line' id='line_1_68' title="bbox 234 3716 1776 3793; baseline 0.005 -24"><span class='ocrx_word' id='word_1_505' title='bbox 234 3720 324 3771; x_wconf 78' lang='grc' dir='ltr'>καὶ</span> <span class='ocrx_word' id='word_1_506' title='bbox 351 3716 594 3788; x_wconf 81' lang='grc' dir='ltr'>ἐμφανὲς</span> <span class='ocrx_word' id='word_1_507' title='bbox 620 3721 729 3781; x_wconf 85' lang='grc' dir='ltr'>τοῖς</span> <span class='ocrx_word' id='word_1_508' title='bbox 765 3717 1007 3787; x_wconf 84' lang='grc' dir='ltr'>τυχοῦσιν</span> <span class='ocrx_word' id='word_1_509' title='bbox 1044 3719 1305 3791; x_wconf 80' lang='grc' dir='ltr'>ὑπῆρχεν,</span> <span class='ocrx_word' id='word_1_510' title='bbox 1343 3722 1417 3785; x_wconf 87' lang='grc' dir='ltr'><strong>ὼς</strong></span> <span class='ocrx_word' id='word_1_511' title='bbox 1453 3724 1537 3775; x_wconf 85' lang='grc' dir='ltr'>ἐπ’</span> <span class='ocrx_word' id='word_1_512' title='bbox 1569 3723 1776 3793; x_wconf 78' lang='grc' dir='ltr'>ἐσχάτῳ</span> 
     </span>
    </p>
   </div>
   <div class='ocr_carea' id='block_1_69' title="bbox 233 3807 1777 3881">
    <p class='ocr_par' dir='ltr' id='par_1_69' title="bbox 233 3807 1777 3881">
     <span class='ocr_line' id='line_1_69' title="bbox 233 3807 1777 3881; baseline 0.005 -22"><span class='ocrx_word' id='word_1_513' title='bbox 233 3808 337 3861; x_wconf 88' lang='grc' dir='ltr'><strong>τῶν</strong></span> <span class='ocrx_word' id='word_1_514' title='bbox 378 3807 606 3878; x_wconf 78' lang='grc' dir='ltr'>ἡμερῶν</span> <span class='ocrx_word' id='word_1_515' title='bbox 652 3808 1121 3878; x_wconf 82' lang='grc' dir='ltr'>ἀναφανησομένου</span> <span class='ocrx_word' id='word_1_516' title='bbox 1160 3811 1407 3881; x_wconf 83' lang='grc' dir='ltr'>ὑπεράνω</span> <span class='ocrx_word' id='word_1_517' title='bbox 1435 3828 1492 3864; x_wconf 88' lang='grc' dir='ltr'><strong>τε</strong></span> <span class='ocrx_word' id='word_1_518' title='bbox 1522 3812 1627 3864; x_wconf 85' lang='grc' dir='ltr'><strong>τῶν</strong></span> <span class='ocrx_word' id='word_1_519' title='bbox 1660 3812 1777 3881; x_wconf 84' lang='grc' dir='ltr'>βου-</span> 
     </span>
    </p>
   </div>
   <div class='ocr_carea' id='block_1_70' title="bbox 234 3896 1775 3971">
    <p class='ocr_par' dir='ltr' id='par_1_70' title="bbox 234 3896 1775 3971">
     <span class='ocr_line' id='line_1_70' title="bbox 234 3896 1775 3971; baseline 0.004 -23"><span class='ocrx_word' id='word_1_520' title='bbox 234 3898 338 3949; x_wconf 86' lang='grc' dir='ltr'><strong>νῶν</strong></span> <span class='ocrx_word' id='word_1_521' title='bbox 371 3896 601 3971; x_wconf 52' lang='grc' dir='ltr'>καὶιτῶν</span> <span class='ocrx_word' id='word_1_522' title='bbox 630 3897 796 3967; x_wconf 85' lang='grc' dir='ltr'>ὀρέων</span> <span class='ocrx_word' id='word_1_523' title='bbox 826 3897 1401 3969; x_wconf 85' lang='grc' dir='ltr'>μετεωρισθησομένου·</span> <span class='ocrx_word' id='word_1_524' title='bbox 1428 3902 1517 3952; x_wconf 77' lang='grc' dir='ltr'><strong>ἐπὶ</strong></span> <span class='ocrx_word' id='word_1_525' title='bbox 1544 3900 1698 3953; x_wconf 83' lang='grc' dir='ltr'>τοῦτο</span> <span class='ocrx_word' id='word_1_526' title='bbox 1720 3902 1775 3955; x_wconf 84' lang='grc' dir='ltr'>δὲ</span> 
     </span>
    </p>
   </div>
   <div class='ocr_carea' id='block_1_71' title="bbox 232 3986 1776 4058">
    <p class='ocr_par' dir='ltr' id='par_1_71' title="bbox 232 3986 1776 4058">
     <span class='ocr_line' id='line_1_71' title="bbox 232 3986 1776 4058; baseline 0.003 -20"><span class='ocrx_word' id='word_1_527' title='bbox 232 3986 295 4037; x_wconf 78' lang='grc' dir='ltr'>τὸ</span> <span class='ocrx_word' id='word_1_528' title='bbox 316 3988 499 4039; x_wconf 81' lang='grc' dir='ltr'>καινὸν</span> <span class='ocrx_word' id='word_1_529' title='bbox 527 3986 649 4056; x_wconf 83' lang='grc' dir='ltr'>δρος</span> <span class='ocrx_word' id='word_1_530' title='bbox 680 3986 828 4055; x_wconf 79' lang='grc' dir='ltr'>ἥξειν</span> <span class='ocrx_word' id='word_1_531' title='bbox 859 3988 887 4038; x_wconf 86' lang='grc' dir='ltr'><strong>ὁ</strong></span> <span class='ocrx_word' id='word_1_532' title='bbox 914 3987 1064 4054; x_wconf 84' lang='grc' dir='ltr'>λόγος</span> <span class='ocrx_word' id='word_1_533' title='bbox 1092 3989 1461 4058; x_wconf 84' lang='grc' dir='ltr'>προαγορεύει,</span> <span class='ocrx_word' id='word_1_534' title='bbox 1487 3990 1663 4043; x_wconf 84' lang='grc' dir='ltr'>οὑκέτι</span> <span class='ocrx_word' id='word_1_535' title='bbox 1687 3992 1776 4043; x_wconf 85' lang='grc' dir='ltr'><strong>τὸν</strong></span> 
     </span>
    </p>
   </div>
   <div class='ocr_carea' id='block_1_72' title="bbox 249 4075 1774 4147">
    <p class='ocr_par' dir='ltr' id='par_1_72' title="bbox 249 4075 1774 4147">
     <span class='ocr_line' id='line_1_72' title="bbox 249 4075 1774 4147; baseline 0.005 -20"><span class='ocrx_word' id='word_1_536' title='bbox 249 4076 463 4145; x_wconf 71' lang='grc' dir='ltr'>Ἰσραὴλ</span> <span class='ocrx_word' id='word_1_537' title='bbox 491 4078 712 4139; x_wconf 83' lang='grc' dir='ltr'>ἐκεῖνον,</span> <span class='ocrx_word' id='word_1_538' title='bbox 742 4075 898 4139; x_wconf 78' lang='grc' dir='ltr'>λαοὺς</span> <span class='ocrx_word' id='word_1_539' title='bbox 924 4076 978 4128; x_wconf 80' lang='grc' dir='ltr'><strong>δὲ</strong></span> <span class='ocrx_word' id='word_1_540' title='bbox 1011 4079 1102 4129; x_wconf 76' lang='grc' dir='ltr'>καὶ</span> <span class='ocrx_word' id='word_1_541' title='bbox 1134 4077 1256 4147; x_wconf 87' lang='grc' dir='ltr'>ἔθνη</span> <span class='ocrx_word' id='word_1_542' title='bbox 1290 4078 1455 4131; x_wconf 86' lang='grc' dir='ltr'>πολλὰ</span> <span class='ocrx_word' id='word_1_543' title='bbox 1486 4080 1774 4147; x_wconf 86' lang='grc' dir='ltr'>φάσκοντα,</span> 
     </span>
    </p>
   </div>
   <div class='ocr_carea' id='block_1_73' title="bbox 239 4162 1775 4238">
    <p class='ocr_par' dir='ltr' id='par_1_73' title="bbox 239 4162 1775 4238">
     <span class='ocr_line' id='line_1_73' title="bbox 239 4162 1775 4238; baseline 0.006 -25"><span class='ocrx_word' id='word_1_544' title='bbox 239 4179 259 4212; x_wconf 74' lang='grc' dir='ltr'><strong>ι</strong></span> <span class='ocrx_word' id='word_1_545' title='bbox 291 4162 453 4215; x_wconf 85' lang='grc' dir='ltr'>Δεῦτε</span> <span class='ocrx_word' id='word_1_546' title='bbox 490 4164 584 4215; x_wconf 77' lang='grc' dir='ltr'><strong>καὶ</strong></span> <span class='ocrx_word' id='word_1_547' title='bbox 621 4163 902 4234; x_wconf 79' lang='grc' dir='ltr'>ἀναδῶμεν</span> <span class='ocrx_word' id='word_1_548' title='bbox 932 4167 1009 4226; x_wconf 80' lang='grc' dir='ltr'><strong>είς</strong></span> <span class='ocrx_word' id='word_1_549' title='bbox 1042 4165 1102 4217; x_wconf 78' lang='grc' dir='ltr'>τὸ</span> <span class='ocrx_word' id='word_1_550' title='bbox 1129 4166 1248 4236; x_wconf 81' lang='grc' dir='ltr'>ὅρος</span> <span class='ocrx_word' id='word_1_551' title='bbox 1287 4167 1505 4238; x_wconf 86' lang='grc' dir='ltr'>Κυρίου·</span> <span class='ocrx_word' id='word_1_552' title='bbox 1549 4189 1565 4219; x_wconf 73' lang='grc' dir='ltr'><strong>ι</strong></span> <span class='ocrx_word' id='word_1_553' title='bbox 1599 4171 1691 4222; x_wconf 77' lang='grc' dir='ltr'>καὶ</span> <span class='ocrx_word' id='word_1_554' title='bbox 1716 4170 1775 4221; x_wconf 87' lang='grc' dir='ltr'><strong>οὑ</strong></span> 
     </span>
    </p>
   </div>
   <div class='ocr_carea' id='block_1_74' title="bbox 237 4252 1775 4325">
    <p class='ocr_par' dir='ltr' id='par_1_74' title="bbox 237 4252 1775 4325">
     <span class='ocr_line' id='line_1_74' title="bbox 237 4252 1775 4325; baseline 0.005 -21"><span class='ocrx_word' id='word_1_555' title='bbox 237 4252 396 4322; x_wconf 89' lang='grc' dir='ltr'>μόνον</span> <span class='ocrx_word' id='word_1_556' title='bbox 425 4255 506 4315; x_wconf 88' lang='grc' dir='ltr'><strong>είς</strong></span> <span class='ocrx_word' id='word_1_557' title='bbox 537 4253 598 4305; x_wconf 82' lang='grc' dir='ltr'>τὸ</span> <span class='ocrx_word' id='word_1_558' title='bbox 620 4253 740 4323; x_wconf 76' lang='grc' dir='ltr'>ὅρος</span> <span class='ocrx_word' id='word_1_559' title='bbox 764 4255 983 4325; x_wconf 85' lang='grc' dir='ltr'>Κυρίου,</span> <span class='ocrx_word' id='word_1_560' title='bbox 1014 4254 1144 4307; x_wconf 79' lang='grc' dir='ltr'>ἀλλὰ</span> <span class='ocrx_word' id='word_1_561' title='bbox 1177 4258 1267 4308; x_wconf 75' lang='grc' dir='ltr'><strong>καὶ</strong></span> <span class='ocrx_word' id='word_1_562' title='bbox 1300 4258 1378 4319; x_wconf 84' lang='grc' dir='ltr'><strong>είς</strong></span> <span class='ocrx_word' id='word_1_563' title='bbox 1405 4257 1493 4310; x_wconf 85' lang='grc' dir='ltr'><strong>τὸν</strong></span> <span class='ocrx_word' id='word_1_564' title='bbox 1516 4255 1659 4311; x_wconf 79' lang='grc' dir='ltr'>οἶκον</span> <span class='ocrx_word' id='word_1_565' title='bbox 1685 4260 1775 4312; x_wconf 85' lang='grc' dir='ltr'><strong>τοῦ</strong></span> 
     </span>
    </p>
   </div>
   <div class='ocr_carea' id='block_1_75' title="bbox 232 4342 1776 4416">
    <p class='ocr_par' dir='ltr' id='par_1_75' title="bbox 232 4342 1776 4416">
     <span class='ocr_line' id='line_1_75' title="bbox 232 4342 1776 4416; baseline 0.003 -19"><span class='ocrx_word' id='word_1_566' title='bbox 232 4342 367 4397; x_wconf 86' lang='grc' dir='ltr'>Θεοῦ</span> <span class='ocrx_word' id='word_1_567' title='bbox 415 4342 626 4407; x_wconf 76' lang='grc' dir='ltr'>Ἰακὼϐ,</span> <span class='ocrx_word' id='word_1_568' title='bbox 653 4344 833 4414; x_wconf 78' lang='grc' dir='ltr'>ἕτερον</span> <span class='ocrx_word' id='word_1_569' title='bbox 855 4345 982 4399; x_wconf 84' lang='grc' dir='ltr'>δντα</span> <span class='ocrx_word' id='word_1_570' title='bbox 1014 4347 1165 4416; x_wconf 82' lang='grc' dir='ltr'>δῆλον</span> <span class='ocrx_word' id='word_1_571' title='bbox 1192 4348 1270 4399; x_wconf 83' lang='grc' dir='ltr'>ὅτι</span> <span class='ocrx_word' id='word_1_572' title='bbox 1300 4346 1449 4416; x_wconf 83' lang='grc' dir='ltr'>παρὰ</span> <span class='ocrx_word' id='word_1_573' title='bbox 1480 4348 1568 4401; x_wconf 81' lang='grc' dir='ltr'>τὸν</span> <span class='ocrx_word' id='word_1_574' title='bbox 1600 4351 1655 4402; x_wconf 80' lang='grc' dir='ltr'><strong>ἐν</strong></span> <span class='ocrx_word' id='word_1_575' title='bbox 1685 4351 1776 4402; x_wconf 80' lang='grc' dir='ltr'><strong>Ἰε-</strong></span> 
     </span>
    </p>
   </div>
   <div class='ocr_carea' id='block_1_76' title="bbox 236 4433 1777 4507">
    <p class='ocr_par' dir='ltr' id='par_1_76' title="bbox 236 4433 1777 4507">
     <span class='ocr_line' id='line_1_76' title="bbox 236 4433 1777 4507; baseline 0.005 -22"><span class='ocrx_word' id='word_1_576' title='bbox 236 4434 535 4504; x_wconf 85' lang='grc' dir='ltr'>ρουσαλήμ·</span> <span class='ocrx_word' id='word_1_577' title='bbox 569 4433 767 4502; x_wconf 84' lang='grc' dir='ltr'>ταύτην</span> <span class='ocrx_word' id='word_1_578' title='bbox 798 4434 904 4504; x_wconf 84' lang='grc' dir='ltr'>γὰρ</span> <span class='ocrx_word' id='word_1_579' title='bbox 935 4436 1299 4504; x_wconf 79' lang='grc' dir='ltr'>ἐρημωθεῖσαν</span> <span class='ocrx_word' id='word_1_580' title='bbox 1330 4436 1404 4499; x_wconf 86' lang='grc' dir='ltr'>ὡς</span> <span class='ocrx_word' id='word_1_581' title='bbox 1434 4436 1777 4507; x_wconf 81' lang='grc' dir='ltr'>όπωροφυλά-</span> 
     </span>
    </p>
   </div>
   <div class='ocr_carea' id='block_1_77' title="bbox 232 4522 1775 4596">
    <p class='ocr_par' dir='ltr' id='par_1_77' title="bbox 232 4522 1775 4596">
     <span class='ocr_line' id='line_1_77' title="bbox 232 4522 1775 4596; baseline 0.003 -21"><span class='ocrx_word' id='word_1_582' title='bbox 232 4540 349 4576; x_wconf 88' lang='grc' dir='ltr'>κιον</span> <span class='ocrx_word' id='word_1_583' title='bbox 377 4522 601 4576; x_wconf 86' lang='grc' dir='ltr'>ἔσεσθαι</span> <span class='ocrx_word' id='word_1_584' title='bbox 637 4523 812 4593; x_wconf 83' lang='grc' dir='ltr'>μικρῷ</span> <span class='ocrx_word' id='word_1_585' title='bbox 853 4523 1084 4593; x_wconf 85' lang='grc' dir='ltr'>πρόσθεν</span> <span class='ocrx_word' id='word_1_586' title='bbox 1125 4528 1349 4596; x_wconf 76' lang='grc' dir='ltr'>εἰρήκειο</span> <span class='ocrx_word' id='word_1_587' title='bbox 1386 4527 1686 4591; x_wconf 86' lang='grc' dir='ltr'>ἀκολούθως</span> <span class='ocrx_word' id='word_1_588' title='bbox 1720 4527 1775 4580; x_wconf 88' lang='grc' dir='ltr'><strong>δέ</strong></span> 
     </span>
    </p>
   </div>
   <div class='ocr_carea' id='block_1_78' title="bbox 232 4609 1778 4687">
    <p class='ocr_par' dir='ltr' id='par_1_78' title="bbox 232 4609 1778 4687">
     <span class='ocr_line' id='line_1_78' title="bbox 232 4609 1778 4687; baseline 0.003 -21"><span class='ocrx_word' id='word_1_589' title='bbox 232 4612 309 4684; x_wconf 80' lang='grc' dir='ltr'>τῷ</span> <span class='ocrx_word' id='word_1_590' title='bbox 338 4614 402 4666; x_wconf 83' lang='grc' dir='ltr'><strong>τὸ</strong></span> <span class='ocrx_word' id='word_1_591' title='bbox 430 4612 571 4666; x_wconf 88' lang='grc' dir='ltr'>Σιὼν</span> <span class='ocrx_word' id='word_1_592' title='bbox 605 4612 727 4683; x_wconf 83' lang='grc' dir='ltr'>δρος</span> <span class='ocrx_word' id='word_1_593' title='bbox 767 4611 860 4664; x_wconf 70' lang='grc' dir='ltr'><strong>κα)⁸</strong></span> <span class='ocrx_word' id='word_1_594' title='bbox 897 4611 993 4682; x_wconf 79' lang='grc' dir='ltr'><strong>τὴν</strong></span> <span class='ocrx_word' id='word_1_595' title='bbox 1051 4609 1393 4685; x_wconf 83' lang='grc' dir='ltr'>Ἰερουσαλὴμ</span> <span class='ocrx_word' id='word_1_596' title='bbox 1429 4616 1778 4687; x_wconf 86' lang='grc' dir='ltr'>ἐρημωθήσε-</span> 
     </span>
    </p>
   </div>
   <div class='ocr_carea' id='block_1_79' title="bbox 233 4702 1780 4777">
    <p class='ocr_par' dir='ltr' id='par_1_79' title="bbox 233 4702 1780 4777">
     <span class='ocr_line' id='line_1_79' title="bbox 233 4702 1780 4777; baseline 0.002 -20"><span class='ocrx_word' id='word_1_597' title='bbox 233 4704 376 4768; x_wconf 88' lang='grc' dir='ltr'>σθαι,</span> <span class='ocrx_word' id='word_1_598' title='bbox 426 4704 591 4775; x_wconf 84' lang='grc' dir='ltr'>ἔτερα</span> <span class='ocrx_word' id='word_1_599' title='bbox 634 4703 677 4755; x_wconf 88' lang='grc' dir='ltr'>δ’</span> <span class='ocrx_word' id='word_1_600' title='bbox 717 4702 834 4755; x_wconf 77' lang='grc' dir='ltr'>ἀντὶ</span> <span class='ocrx_word' id='word_1_601' title='bbox 872 4702 1069 4755; x_wconf 88' lang='grc' dir='ltr'>τούτων</span> <span class='ocrx_word' id='word_1_602' title='bbox 1111 4703 1454 4774; x_wconf 85' lang='grc' dir='ltr'>ὀφθήσεσθαι,</span> <span class='ocrx_word' id='word_1_603' title='bbox 1496 4707 1587 4759; x_wconf 58' lang='grc' dir='ltr'><strong>καλ⁵</strong></span> <span class='ocrx_word' id='word_1_604' title='bbox 1619 4706 1780 4777; x_wconf 81' lang='grc' dir='ltr'>νόμος</span> 
     </span>
    </p>
   </div>
   <div class='ocr_carea' id='block_1_80' title="bbox 232 4791 1779 4866">
    <p class='ocr_par' dir='ltr' id='par_1_80' title="bbox 232 4791 1779 4866">
     <span class='ocr_line' id='line_1_80' title="bbox 232 4791 1779 4866; baseline 0.001 -19"><span class='ocrx_word' id='word_1_605' title='bbox 232 4794 415 4865; x_wconf 82' lang='grc' dir='ltr'>ἔτερος</span> <span class='ocrx_word' id='word_1_606' title='bbox 434 4793 585 4865; x_wconf 82' lang='grc' dir='ltr'>παρὰ</span> <span class='ocrx_word' id='word_1_607' title='bbox 612 4792 702 4845; x_wconf 88' lang='grc' dir='ltr'><strong>τοῦ</strong></span> <span class='ocrx_word' id='word_1_608' title='bbox 729 4792 999 4853; x_wconf 79' lang='grc' dir='ltr'>Μωῦσέως</span> <span class='ocrx_word' id='word_1_609' title='bbox 1016 4791 1073 4857; x_wconf 86' lang='grc' dir='ltr'><strong>ἐξ</strong></span> <span class='ocrx_word' id='word_1_610' title='bbox 1098 4792 1253 4861; x_wconf 85' lang='grc' dir='ltr'>δρους</span> <span class='ocrx_word' id='word_1_611' title='bbox 1285 4794 1479 4865; x_wconf 79' lang='grc' dir='ltr'>Χωρὴδ</span> <span class='ocrx_word' id='word_1_612' title='bbox 1508 4795 1779 4866; x_wconf 82' lang='grc' dir='ltr'>δεδομένος</span> 
     </span>
    </p>
   </div>
   <div class='ocr_carea' id='block_1_81' title="bbox 233 4879 1777 4955">
    <p class='ocr_par' dir='ltr' id='par_1_81' title="bbox 233 4879 1777 4955">
     <span class='ocr_line' id='line_1_81' title="bbox 233 4879 1777 4955; baseline -0.001 -20"><span class='ocrx_word' id='word_1_613' title='bbox 233 4881 611 4947; x_wconf 83' lang='grc' dir='ltr'>ἐξελεύσεσθαι</span> <span class='ocrx_word' id='word_1_614' title='bbox 661 4883 724 4933; x_wconf 88' lang='grc' dir='ltr'><strong>ἐκ</strong></span> <span class='ocrx_word' id='word_1_615' title='bbox 770 4879 863 4932; x_wconf 82' lang='grc' dir='ltr'><strong>τοῦ</strong></span> <span class='ocrx_word' id='word_1_616' title='bbox 908 4880 1090 4933; x_wconf 89' lang='grc' dir='ltr'>καινοῦ</span> <span class='ocrx_word' id='word_1_617' title='bbox 1137 4881 1312 4950; x_wconf 80' lang='grc' dir='ltr'>ὅρους,</span> <span class='ocrx_word' id='word_1_618' title='bbox 1359 4882 1654 4953; x_wconf 86' lang='grc' dir='ltr'>ὁμωνύμως</span> <span class='ocrx_word' id='word_1_619' title='bbox 1701 4884 1777 4955; x_wconf 82' lang='grc' dir='ltr'><strong>τῷ</strong></span> 
     </span>
    </p>
   </div>
   <div class='ocr_carea' id='block_1_82' title="bbox 235 4968 1778 5045">
    <p class='ocr_par' dir='ltr' id='par_1_82' title="bbox 235 4968 1778 5045">
     <span class='ocr_line' id='line_1_82' title="bbox 235 4968 1778 5045; baseline -0.001 -18"><span class='ocrx_word' id='word_1_620' title='bbox 235 4974 487 5045; x_wconf 84' lang='grc' dir='ltr'>προτέρῳ</span> <span class='ocrx_word' id='word_1_621' title='bbox 521 4970 657 5024; x_wconf 86' lang='grc' dir='ltr'>Σιὼν</span> <span class='ocrx_word' id='word_1_622' title='bbox 685 4969 777 5023; x_wconf 76' lang='grc' dir='ltr'>καὶ</span> <span class='ocrx_word' id='word_1_623' title='bbox 806 4968 969 5021; x_wconf 83' lang='grc' dir='ltr'>αὑτοῦ</span> <span class='ocrx_word' id='word_1_624' title='bbox 1002 4968 1414 5039; x_wconf 79' lang='grc' dir='ltr'>ὀνομαζομένου,</span> <span class='ocrx_word' id='word_1_625' title='bbox 1448 4970 1674 5038; x_wconf 78' lang='grc' dir='ltr'>λέγεται·</span> <span class='ocrx_word' id='word_1_626' title='bbox 1701 4974 1778 5026; x_wconf 87' lang='grc' dir='ltr'><strong>ἔτι</strong></span> 
     </span>
    </p>
   </div>
   <div class='ocr_carea' id='block_1_83' title="bbox 234 5057 1778 5132">
    <p class='ocr_par' dir='ltr' id='par_1_83' title="bbox 234 5057 1778 5132">
     <span class='ocr_line' id='line_1_83' title="bbox 234 5057 1778 5132; baseline -0.002 -15"><span class='ocrx_word' id='word_1_627' title='bbox 234 5063 289 5116; x_wconf 84' lang='grc' dir='ltr'><strong>δέ</strong></span> <span class='ocrx_word' id='word_1_628' title='bbox 322 5064 415 5117; x_wconf 73' lang='grc' dir='ltr'><strong>καὶ</strong></span> <span class='ocrx_word' id='word_1_629' title='bbox 440 5062 598 5128; x_wconf 86' lang='grc' dir='ltr'>λόγος</span> <span class='ocrx_word' id='word_1_630' title='bbox 628 5059 827 5129; x_wconf 85' lang='grc' dir='ltr'>Κυρίου</span> <span class='ocrx_word' id='word_1_631' title='bbox 864 5058 995 5127; x_wconf 85' lang='grc' dir='ltr'><strong>μετά</strong></span> <span class='ocrx_word' id='word_1_632' title='bbox 1025 5057 1120 5110; x_wconf 90' lang='grc' dir='ltr'><strong>τοῦ</strong></span> <span class='ocrx_word' id='word_1_633' title='bbox 1158 5057 1343 5110; x_wconf 91' lang='grc' dir='ltr'>καινοῦ</span> <span class='ocrx_word' id='word_1_634' title='bbox 1378 5058 1538 5127; x_wconf 88' lang='grc' dir='ltr'>νόμου</span> <span class='ocrx_word' id='word_1_635' title='bbox 1570 5061 1778 5132; x_wconf 80' lang='grc' dir='ltr'>εἴρηται</span> 
     </span>
    </p>
   </div>
   <div class='ocr_carea' id='block_1_84' title="bbox 236 5144 1776 5223">
    <p class='ocr_par' dir='ltr' id='par_1_84' title="bbox 236 5144 1776 5223">
     <span class='ocr_line' id='line_1_84' title="bbox 236 5144 1776 5223; baseline -0.001 -17"><span class='ocrx_word' id='word_1_636' title='bbox 236 5154 299 5206; x_wconf 84' lang='grc' dir='ltr'><strong>ἐκ</strong></span> <span class='ocrx_word' id='word_1_637' title='bbox 328 5156 428 5223; x_wconf 84' lang='grc' dir='ltr'><strong>τῆς</strong></span> <span class='ocrx_word' id='word_1_638' title='bbox 461 5152 589 5215; x_wconf 86' lang='grc' dir='ltr'>νέας</span> <span class='ocrx_word' id='word_1_639' title='bbox 631 5149 994 5220; x_wconf 80' lang='grc' dir='ltr'>Ἰερουσαλὴμ,</span> <span class='ocrx_word' id='word_1_640' title='bbox 1019 5149 1104 5218; x_wconf 77' lang='grc' dir='ltr'><strong>’ῆν</strong></span> <span class='ocrx_word' id='word_1_641' title='bbox 1135 5148 1196 5216; x_wconf 80' lang='lat' dir='ltr'><strong>(I&#39;.</strong></span> <span class='ocrx_word' id='word_1_642' title='bbox 1229 5146 1316 5215; x_wconf 69' lang='lat' dir='ltr'><strong>3i)</strong></span> <span class='ocrx_word' id='word_1_643' title='bbox 1352 5144 1494 5202; x_wconf 78' lang='grc' dir='ltr'>οἶκον</span> <span class='ocrx_word' id='word_1_644' title='bbox 1523 5150 1614 5202; x_wconf 90' lang='grc' dir='ltr'><strong>τοῦ</strong></span> <span class='ocrx_word' id='word_1_645' title='bbox 1646 5152 1776 5204; x_wconf 86' lang='grc' dir='ltr'>Θεοῦ</span> 
     </span>
    </p>
   </div>
   <div class='ocr_carea' id='block_1_85' title="bbox 1872 3262 3397 3335">
    <p class='ocr_par' dir='ltr' id='par_1_85' title="bbox 1872 3262 3397 3335">
     <span class='ocr_line' id='line_1_85' title="bbox 1872 3262 3397 3335; baseline 0.003 -19"><span class='ocrx_word' id='word_1_646' title='bbox 1872 3270 1925 3317; x_wconf 92' lang='lat' dir='ltr'><strong>et</strong></span> <span class='ocrx_word' id='word_1_647' title='bbox 1982 3262 2302 3324; x_wconf 81' lang='lat' dir='ltr'><strong>Jerusalem,</strong></span> <span class='ocrx_word' id='word_1_648' title='bbox 2335 3282 2354 3313; x_wconf 75' lang='grc' dir='ltr'><strong>ι</strong></span> <span class='ocrx_word' id='word_1_649' title='bbox 2412 3264 2603 3319; x_wconf 85' lang='lat' dir='ltr'><strong>civitas</strong></span> <span class='ocrx_word' id='word_1_650' title='bbox 2659 3273 2845 3319; x_wconf 88' lang='lat' dir='ltr'><strong>sancta</strong></span> <span class='ocrx_word' id='word_1_651' title='bbox 2894 3265 3042 3333; x_wconf 89' lang='lat' dir='ltr'><strong>prius</strong></span> <span class='ocrx_word' id='word_1_652' title='bbox 3092 3266 3397 3335; x_wconf 74' lang='lat' dir='ltr'><strong>praedicata,</strong></span> 
     </span>
    </p>
   </div>
   <div class='ocr_carea' id='block_1_86' title="bbox 1877 3351 3387 3425">
    <p class='ocr_par' dir='ltr' id='par_1_86' title="bbox 1877 3351 3387 3425">
     <span class='ocr_line' id='line_1_86' title="bbox 1877 3351 3387 3425; baseline 0.007 -25"><span class='ocrx_word' id='word_1_653' title='bbox 1877 3368 1896 3400; x_wconf 72' lang='lat' dir='ltr'><strong>c</strong></span> <span class='ocrx_word' id='word_1_654' title='bbox 1926 3351 2077 3420; x_wconf 88' lang='lat' dir='ltr'><strong>quasi</strong></span> <span class='ocrx_word' id='word_1_655' title='bbox 2114 3365 2341 3407; x_wconf 87' lang='lat' dir='ltr'><strong>acervus</strong></span> <span class='ocrx_word' id='word_1_656' title='bbox 2374 3352 2608 3420; x_wconf 83' lang='lat' dir='ltr'><strong>lapidum</strong></span> <span class='ocrx_word' id='word_1_657' title='bbox 2635 3353 2757 3416; x_wconf 90' lang='lat' dir='ltr'><strong>erit,</strong></span> <span class='ocrx_word' id='word_1_658' title='bbox 2790 3372 2808 3404; x_wconf 82' lang='grc'>›</span> <span class='ocrx_word' id='word_1_659' title='bbox 2843 3356 3096 3408; x_wconf 89' lang='lat' dir='ltr'><strong>continuo</strong></span> <span class='ocrx_word' id='word_1_660' title='bbox 3125 3358 3387 3425; x_wconf 83' lang='lat' dir='ltr'><strong>propheti-</strong></span> 
     </span>
    </p>
   </div>
   <div class='ocr_carea' id='block_1_87' title="bbox 1873 3440 3402 3512">
    <p class='ocr_par' dir='ltr' id='par_1_87' title="bbox 1873 3440 3402 3512">
     <span class='ocr_line' id='line_1_87' title="bbox 1873 3440 3402 3512; baseline 0.005 -19"><span class='ocrx_word' id='word_1_661' title='bbox 1873 3448 1958 3493; x_wconf 77' lang='lat' dir='ltr'><strong>zat</strong></span> <span class='ocrx_word' id='word_1_662' title='bbox 1981 3440 2047 3494; x_wconf 89' lang='lat' dir='ltr'><strong>de</strong></span> <span class='ocrx_word' id='word_1_663' title='bbox 2077 3441 2183 3494; x_wconf 88' lang='lat' dir='ltr'><strong>alio</strong></span> <span class='ocrx_word' id='word_1_664' title='bbox 2213 3440 2425 3494; x_wconf 89' lang='lat' dir='ltr'><strong>Domini</strong></span> <span class='ocrx_word' id='word_1_665' title='bbox 2451 3449 2651 3506; x_wconf 90' lang='lat' dir='ltr'><strong>monte,</strong></span> <span class='ocrx_word' id='word_1_666' title='bbox 2687 3441 2829 3511; x_wconf 84' lang='lat' dir='ltr'><strong>quod</strong></span> <span class='ocrx_word' id='word_1_667' title='bbox 2858 3442 3073 3511; x_wconf 87' lang='lat' dir='ltr'><strong>quidem</strong></span> <span class='ocrx_word' id='word_1_668' title='bbox 3109 3445 3402 3512; x_wconf 75' lang='lat' dir='ltr'><strong>prophetiae</strong></span> 
     </span>
    </p>
   </div>
   <div class='ocr_carea' id='block_1_88' title="bbox 1872 3528 3401 3598">
    <p class='ocr_par' dir='ltr' id='par_1_88' title="bbox 1872 3528 3401 3598">
     <span class='ocr_line' id='line_1_88' title="bbox 1872 3528 3401 3598; baseline 0.005 -19"><span class='ocrx_word' id='word_1_669' title='bbox 1872 3528 2205 3596; x_wconf 88' lang='lat' dir='ltr'><strong>temporibus</strong></span> <span class='ocrx_word' id='word_1_670' title='bbox 2234 3528 2499 3591; x_wconf 79' lang='lat' dir='ltr'><strong>exstabat,</strong></span> <span class='ocrx_word' id='word_1_671' title='bbox 2534 3528 2768 3581; x_wconf 86' lang='lat' dir='ltr'><strong>nondum</strong></span> <span class='ocrx_word' id='word_1_672' title='bbox 2798 3544 2923 3583; x_wconf 91' lang='lat' dir='ltr'><strong>vero</strong></span> <span class='ocrx_word' id='word_1_673' title='bbox 2945 3530 3230 3598; x_wconf 80' lang='lat' dir='ltr'><strong>praeclarus</strong></span> <span class='ocrx_word' id='word_1_674' title='bbox 3257 3533 3401 3586; x_wconf 86' lang='lat' dir='ltr'><strong>vide-</strong></span> 
     </span>
    </p>
   </div>
   <div class='ocr_carea' id='block_1_89' title="bbox 1872 3617 3401 3689">
    <p class='ocr_par' dir='ltr' id='par_1_89' title="bbox 1872 3617 3401 3689">
     <span class='ocr_line' id='line_1_89' title="bbox 1872 3617 3401 3689; baseline 0.007 -20"><span class='ocrx_word' id='word_1_675' title='bbox 1872 3617 2049 3681; x_wconf 87' lang='lat' dir='ltr'><strong>batur,</strong></span> <span class='ocrx_word' id='word_1_676' title='bbox 2078 3618 2223 3672; x_wconf 89' lang='lat' dir='ltr'><strong>veIut</strong></span> <span class='ocrx_word' id='word_1_677' title='bbox 2250 3619 2339 3687; x_wconf 92' lang='lat' dir='ltr'><strong>qui</strong></span> <span class='ocrx_word' id='word_1_678' title='bbox 2364 3618 2420 3672; x_wconf 88' lang='lat' dir='ltr'><strong>in</strong></span> <span class='ocrx_word' id='word_1_679' title='bbox 2465 3618 2756 3673; x_wconf 89' lang='lat' dir='ltr'><strong>novissimo</strong></span> <span class='ocrx_word' id='word_1_680' title='bbox 2798 3620 3002 3674; x_wconf 88' lang='lat' dir='ltr'><strong>dierum</strong></span> <span class='ocrx_word' id='word_1_681' title='bbox 3048 3637 3207 3689; x_wconf 90' lang='lat' dir='ltr'><strong>super</strong></span> <span class='ocrx_word' id='word_1_682' title='bbox 3237 3623 3401 3679; x_wconf 82' lang='lat' dir='ltr'><strong>colles</strong></span> 
     </span>
    </p>
   </div>
   <div class='ocr_carea' id='block_1_90' title="bbox 1872 3698 3397 3781">
    <p class='ocr_par' dir='ltr' id='par_1_90' title="bbox 1872 3698 3397 3781">
     <span class='ocr_line' id='line_1_90' title="bbox 1872 3698 3397 3781; baseline 0.005 -21"><span class='ocrx_word' id='word_1_683' title='bbox 1872 3707 2285 3778; x_wconf 87' lang='lat' dir='ltr'><strong>conspiciendus</strong></span> <span class='ocrx_word' id='word_1_684' title='bbox 2314 3716 2477 3773; x_wconf 89' lang='lat' dir='ltr'><strong>esset,</strong></span> <span class='ocrx_word' id='word_1_685' title='bbox 2519 3698 2572 3765; x_wconf 84' lang='lat' dir='ltr'><strong>et</strong></span> <span class='ocrx_word' id='word_1_686' title='bbox 2593 3710 2837 3765; x_wconf 89' lang='lat' dir='ltr'><strong>sublimis</strong></span> <span class='ocrx_word' id='word_1_687' title='bbox 2872 3726 3032 3781; x_wconf 87' lang='lat' dir='ltr'><strong>super</strong></span> <span class='ocrx_word' id='word_1_688' title='bbox 3059 3719 3288 3767; x_wconf 88' lang='lat' dir='ltr'><strong>montes.</strong></span> <span class='ocrx_word' id='word_1_689' title='bbox 3320 3714 3397 3768; x_wconf 83' lang='lat' dir='ltr'><strong>Ad</strong></span> 
     </span>
    </p>
   </div>
   <div class='ocr_carea' id='block_1_91' title="bbox 1873 3798 3400 3868">
    <p class='ocr_par' dir='ltr' id='par_1_91' title="bbox 1873 3798 3400 3868">
     <span class='ocr_line' id='line_1_91' title="bbox 1873 3798 3400 3868; baseline 0.005 -18"><span class='ocrx_word' id='word_1_690' title='bbox 1873 3798 2016 3851; x_wconf 83' lang='lat' dir='ltr'><strong>hunc</strong></span> <span class='ocrx_word' id='word_1_691' title='bbox 2041 3805 2272 3853; x_wconf 90' lang='lat' dir='ltr'><strong>montem</strong></span> <span class='ocrx_word' id='word_1_692' title='bbox 2298 3814 2515 3863; x_wconf 88' lang='lat' dir='ltr'><strong>novum,</strong></span> <span class='ocrx_word' id='word_1_693' title='bbox 2570 3813 2677 3853; x_wconf 87' lang='lat' dir='ltr'><strong>non</strong></span> <span class='ocrx_word' id='word_1_694' title='bbox 2723 3799 2831 3868; x_wconf 85' lang='lat' dir='ltr'><strong>jam</strong></span> <span class='ocrx_word' id='word_1_695' title='bbox 2863 3800 2928 3853; x_wconf 87' lang='lat' dir='ltr'><strong>ad</strong></span> <span class='ocrx_word' id='word_1_696' title='bbox 2975 3809 3206 3856; x_wconf 90' lang='lat' dir='ltr'><strong>montem</strong></span> <span class='ocrx_word' id='word_1_697' title='bbox 3237 3800 3400 3858; x_wconf 88' lang='lat' dir='ltr'><strong>Israel</strong></span> 
     </span>
    </p>
   </div>
   <div class='ocr_carea' id='block_1_92' title="bbox 1872 3888 3402 3964">
    <p class='ocr_par' dir='ltr' id='par_1_92' title="bbox 1872 3888 3402 3964">
     <span class='ocr_line' id='line_1_92' title="bbox 1872 3888 3402 3964; baseline 0.005 -23"><span class='ocrx_word' id='word_1_698' title='bbox 1872 3895 2127 3943; x_wconf 86' lang='lat' dir='ltr'><strong>venturos</strong></span> <span class='ocrx_word' id='word_1_699' title='bbox 2151 3903 2271 3944; x_wconf 90' lang='lat' dir='ltr'><strong>esse</strong></span> <span class='ocrx_word' id='word_1_700' title='bbox 2294 3888 2572 3960; x_wconf 87' lang='lat' dir='ltr'><strong>Scriptura</strong></span> <span class='ocrx_word' id='word_1_701' title='bbox 2590 3892 2802 3944; x_wconf 87' lang='lat' dir='ltr'><strong>nuntiat</strong></span> <span class='ocrx_word' id='word_1_702' title='bbox 2826 3892 3052 3961; x_wconf 88' lang='lat' dir='ltr'><strong>populos</strong></span> <span class='ocrx_word' id='word_1_703' title='bbox 3100 3893 3402 3964; x_wconf 85' lang='lat' dir='ltr'><strong>multasque</strong></span> 
     </span>
    </p>
   </div>
   <div class='ocr_carea' id='block_1_93' title="bbox 1873 3976 3402 4047">
    <p class='ocr_par' dir='ltr' id='par_1_93' title="bbox 1873 3976 3402 4047">
     <span class='ocr_line' id='line_1_93' title="bbox 1873 3976 3402 4047; baseline 0.004 -15"><span class='ocrx_word' id='word_1_704' title='bbox 1873 3985 2075 4047; x_wconf 87' lang='lat' dir='ltr'><strong>gentes,</strong></span> <span class='ocrx_word' id='word_1_705' title='bbox 2104 3978 2377 4034; x_wconf 89' lang='lat' dir='ltr'><strong>dicentes:</strong></span> <span class='ocrx_word' id='word_1_706' title='bbox 2420 3998 2437 4029; x_wconf 81' lang='grc' dir='ltr'><strong>ι</strong></span> <span class='ocrx_word' id='word_1_707' title='bbox 2474 3976 2684 4044; x_wconf 78' lang='lat' dir='ltr'><strong>Venite,</strong></span> <span class='ocrx_word' id='word_1_708' title='bbox 2709 3981 3061 4038; x_wconf 86' lang='lat' dir='ltr'><strong>ascendamus</strong></span> <span class='ocrx_word' id='word_1_709' title='bbox 3082 3984 3147 4037; x_wconf 89' lang='lat' dir='ltr'><strong>ad</strong></span> <span class='ocrx_word' id='word_1_710' title='bbox 3168 3995 3402 4039; x_wconf 79' lang='lat' dir='ltr'><strong>montem</strong></span> 
     </span>
    </p>
   </div>
   <div class='ocr_carea' id='block_1_94' title="bbox 1874 4067 3405 4143">
    <p class='ocr_par' dir='ltr' id='par_1_94' title="bbox 1874 4067 3405 4143">
     <span class='ocr_line' id='line_1_94' title="bbox 1874 4067 3405 4143; baseline 0.005 -23"><span class='ocrx_word' id='word_1_711' title='bbox 1874 4067 2082 4122; x_wconf 89' lang='lat' dir='ltr'><strong>Domini</strong></span> <span class='ocrx_word' id='word_1_712' title='bbox 2108 4087 2154 4134; x_wconf 76' lang='grc' dir='ltr'>;ι</span> <span class='ocrx_word' id='word_1_713' title='bbox 2186 4078 2239 4124; x_wconf 89' lang='lat' dir='ltr'><strong>et</strong></span> <span class='ocrx_word' id='word_1_714' title='bbox 2272 4086 2377 4124; x_wconf 90' lang='lat' dir='ltr'><strong>non</strong></span> <span class='ocrx_word' id='word_1_715' title='bbox 2406 4071 2577 4125; x_wconf 89' lang='lat' dir='ltr'><strong>solum</strong></span> <span class='ocrx_word' id='word_1_716' title='bbox 2609 4071 2675 4124; x_wconf 90' lang='lat' dir='ltr'><strong>ad</strong></span> <span class='ocrx_word' id='word_1_717' title='bbox 2706 4080 2940 4126; x_wconf 88' lang='lat' dir='ltr'><strong>montem</strong></span> <span class='ocrx_word' id='word_1_718' title='bbox 2964 4072 3195 4143; x_wconf 86' lang='lat' dir='ltr'><strong>Domini,</strong></span> <span class='ocrx_word' id='word_1_719' title='bbox 3219 4074 3312 4127; x_wconf 86' lang='lat' dir='ltr'><strong>sed</strong></span> <span class='ocrx_word' id='word_1_720' title='bbox 3334 4073 3405 4127; x_wconf 79' lang='lat' dir='ltr'><strong>ad</strong></span> 
     </span>
    </p>
   </div>
   <div class='ocr_carea' id='block_1_95' title="bbox 1872 4157 3405 4230">
    <p class='ocr_par' dir='ltr' id='par_1_95' title="bbox 1872 4157 3405 4230">
     <span class='ocr_line' id='line_1_95' title="bbox 1872 4157 3405 4230; baseline 0.006 -19"><span class='ocrx_word' id='word_1_721' title='bbox 1872 4157 2088 4212; x_wconf 89' lang='lat' dir='ltr'><strong>domum</strong></span> <span class='ocrx_word' id='word_1_722' title='bbox 2114 4158 2204 4214; x_wconf 92' lang='lat' dir='ltr'><strong>Dei</strong></span> <span class='ocrx_word' id='word_1_723' title='bbox 2227 4157 2411 4222; x_wconf 83' lang='lat' dir='ltr'><strong>Jacob,</strong></span> <span class='ocrx_word' id='word_1_724' title='bbox 2437 4176 2555 4230; x_wconf 71' lang='lat' dir='ltr'><strong>quae</strong></span> <span class='ocrx_word' id='word_1_725' title='bbox 2582 4162 2685 4223; x_wconf 84' lang='lat' dir='ltr'><strong>alia</strong></span> <span class='ocrx_word' id='word_1_726' title='bbox 2712 4163 2993 4218; x_wconf 81' lang='lat' dir='ltr'><strong>manifeste</strong></span> <span class='ocrx_word' id='word_1_727' title='bbox 3016 4172 3097 4219; x_wconf 90' lang='lat' dir='ltr'><strong>est</strong></span> <span class='ocrx_word' id='word_1_728' title='bbox 3122 4180 3187 4219; x_wconf 86' lang='lat' dir='ltr'><strong>ac</strong></span> <span class='ocrx_word' id='word_1_729' title='bbox 3208 4165 3405 4222; x_wconf 81' lang='lat' dir='ltr'><strong>domus</strong></span> 
     </span>
    </p>
   </div>
   <div class='ocr_carea' id='block_1_96' title="bbox 1874 4246 3401 4310">
    <p class='ocr_par' dir='ltr' id='par_1_96' title="bbox 1874 4246 3401 4310">
     <span class='ocr_line' id='line_1_96' title="bbox 1874 4246 3401 4310; baseline 0.007 -10"><span class='ocrx_word' id='word_1_730' title='bbox 1874 4248 1929 4301; x_wconf 91' lang='lat' dir='ltr'><strong>in</strong></span> <span class='ocrx_word' id='word_1_731' title='bbox 1954 4246 2270 4306; x_wconf 90' lang='lat' dir='ltr'><strong>Jerusalem.</strong></span> <span class='ocrx_word' id='word_1_732' title='bbox 2308 4248 2465 4306; x_wconf 77' lang='lat' dir='ltr'><strong>Modo</strong></span> <span class='ocrx_word' id='word_1_733' title='bbox 2495 4252 2636 4305; x_wconf 85' lang='lat' dir='ltr'><strong>enim</strong></span> <span class='ocrx_word' id='word_1_734' title='bbox 2663 4267 2783 4307; x_wconf 88' lang='lat' dir='ltr'><strong>eam</strong></span> <span class='ocrx_word' id='word_1_735' title='bbox 2809 4261 2869 4306; x_wconf 92' lang='lat' dir='ltr'><strong>ut</strong></span> <span class='ocrx_word' id='word_1_736' title='bbox 2893 4261 3103 4308; x_wconf 89' lang='lat' dir='ltr'><strong>antrum</strong></span> <span class='ocrx_word' id='word_1_737' title='bbox 3134 4254 3401 4310; x_wconf 86' lang='lat' dir='ltr'><strong>desertam</strong></span> 
     </span>
    </p>
   </div>
   <div class='ocr_carea' id='block_1_97' title="bbox 1874 4336 3401 4406">
    <p class='ocr_par' dir='ltr' id='par_1_97' title="bbox 1874 4336 3401 4406">
     <span class='ocr_line' id='line_1_97' title="bbox 1874 4336 3401 4406; baseline 0.007 -16"><span class='ocrx_word' id='word_1_738' title='bbox 1874 4336 1989 4391; x_wconf 84' lang='lat' dir='ltr'><strong>fore</strong></span> <span class='ocrx_word' id='word_1_739' title='bbox 2011 4337 2276 4406; x_wconf 73' lang='lat' dir='ltr'><strong>praedixit.</strong></span> <span class='ocrx_word' id='word_1_740' title='bbox 2308 4338 2425 4394; x_wconf 85' lang='lat' dir='ltr'><strong>Non</strong></span> <span class='ocrx_word' id='word_1_741' title='bbox 2449 4342 2752 4396; x_wconf 89' lang='lat' dir='ltr'><strong>inconsulto</strong></span> <span class='ocrx_word' id='word_1_742' title='bbox 2783 4342 2981 4398; x_wconf 90' lang='lat' dir='ltr'><strong>dicitur</strong></span> <span class='ocrx_word' id='word_1_743' title='bbox 3006 4342 3136 4399; x_wconf 87' lang='lat' dir='ltr'><strong>Sion</strong></span> <span class='ocrx_word' id='word_1_744' title='bbox 3163 4354 3401 4403; x_wconf 81' lang='lat' dir='ltr'><strong>montem</strong></span> 
     </span>
    </p>
   </div>
   <div class='ocr_carea' id='block_1_98' title="bbox 1874 4427 3403 4505">
    <p class='ocr_par' dir='ltr' id='par_1_98' title="bbox 1874 4427 3403 4505">
     <span class='ocr_line' id='line_1_98' title="bbox 1874 4427 3403 4505; baseline 0.007 -22"><span class='ocrx_word' id='word_1_745' title='bbox 1874 4437 1927 4483; x_wconf 92' lang='lat' dir='ltr'><strong>et</strong></span> <span class='ocrx_word' id='word_1_746' title='bbox 1950 4427 2243 4485; x_wconf 85' lang='lat' dir='ltr'><strong>Jerusalem</strong></span> <span class='ocrx_word' id='word_1_747' title='bbox 2278 4432 2558 4496; x_wconf 87' lang='lat' dir='ltr'><strong>vastanda,</strong></span> <span class='ocrx_word' id='word_1_748' title='bbox 2584 4433 2686 4486; x_wconf 88' lang='lat' dir='ltr'><strong>alia</strong></span> <span class='ocrx_word' id='word_1_749' title='bbox 2711 4440 2888 4489; x_wconf 89' lang='lat' dir='ltr'><strong>autem</strong></span> <span class='ocrx_word' id='word_1_750' title='bbox 2939 4451 3037 4505; x_wconf 90' lang='lat' dir='ltr'><strong>pro</strong></span> <span class='ocrx_word' id='word_1_751' title='bbox 3061 4436 3135 4491; x_wconf 85' lang='lat' dir='ltr'><strong>iis.</strong></span> <span class='ocrx_word' id='word_1_752' title='bbox 3172 4452 3403 4492; x_wconf 88' lang='lat' dir='ltr'><strong>consur-</strong></span> 
     </span>
    </p>
   </div>
   <div class='ocr_carea' id='block_1_99' title="bbox 1875 4521 3401 4598">
    <p class='ocr_par' dir='ltr' id='par_1_99' title="bbox 1875 4521 3401 4598">
     <span class='ocr_line' id='line_1_99' title="bbox 1875 4521 3401 4598; baseline 0.006 -26"><span class='ocrx_word' id='word_1_753' title='bbox 1875 4529 2108 4583; x_wconf 90' lang='lat' dir='ltr'><strong>rectura,</strong></span> <span class='ocrx_word' id='word_1_754' title='bbox 2143 4529 2197 4575; x_wconf 89' lang='lat' dir='ltr'><strong>et</strong></span> <span class='ocrx_word' id='word_1_755' title='bbox 2217 4521 2384 4591; x_wconf 90' lang='lat' dir='ltr'><strong>legem</strong></span> <span class='ocrx_word' id='word_1_756' title='bbox 2410 4522 2592 4586; x_wconf 90' lang='lat' dir='ltr'><strong>aliam,</strong></span> <span class='ocrx_word' id='word_1_757' title='bbox 2631 4530 2825 4593; x_wconf 74' lang='lat' dir='ltr'><strong>praeter</strong></span> <span class='ocrx_word' id='word_1_758' title='bbox 2843 4526 2987 4579; x_wconf 82' lang='lat' dir='ltr'><strong>illam</strong></span> <span class='ocrx_word' id='word_1_759' title='bbox 3017 4542 3135 4595; x_wconf 67' lang='lat' dir='ltr'><strong>qua:</strong></span> <span class='ocrx_word' id='word_1_760' title='bbox 3157 4527 3323 4598; x_wconf 69' lang='lat' dir='ltr'><strong>Moysi</strong></span> <span class='ocrx_word' id='word_1_761' title='bbox 3347 4530 3401 4582; x_wconf 90' lang='lat' dir='ltr'><strong>in</strong></span> 
     </span>
    </p>
   </div>
   <div class='ocr_carea' id='block_1_100' title="bbox 1874 4606 3403 4683">
    <p class='ocr_par' dir='ltr' id='par_1_100' title="bbox 1874 4606 3403 4683">
     <span class='ocr_line' id='line_1_100' title="bbox 1874 4606 3403 4683; baseline 0.007 -23"><span class='ocrx_word' id='word_1_762' title='bbox 1874 4606 2053 4662; x_wconf 83' lang='lat' dir='ltr'><strong>llureb</strong></span> <span class='ocrx_word' id='word_1_763' title='bbox 2075 4609 2198 4663; x_wconf 87' lang='lat' dir='ltr'><strong>data</strong></span> <span class='ocrx_word' id='word_1_764' title='bbox 2250 4618 2351 4675; x_wconf 91' lang='lat' dir='ltr'><strong>est,</strong></span> <span class='ocrx_word' id='word_1_765' title='bbox 2386 4625 2418 4665; x_wconf 91' lang='lat' dir='ltr'><strong>e</strong></span> <span class='ocrx_word' id='word_1_766' title='bbox 2454 4626 2596 4666; x_wconf 85' lang='lat' dir='ltr'><strong>novo</strong></span> <span class='ocrx_word' id='word_1_767' title='bbox 2642 4623 2823 4669; x_wconf 91' lang='lat' dir='ltr'><strong>monte</strong></span> <span class='ocrx_word' id='word_1_768' title='bbox 2868 4614 3219 4683; x_wconf 88' lang='lat' dir='ltr'><strong>prodituram,</strong></span> <span class='ocrx_word' id='word_1_769' title='bbox 3273 4617 3403 4670; x_wconf 90' lang='lat' dir='ltr'><strong>Sion</strong></span> 
     </span>
    </p>
   </div>
   <div class='ocr_carea' id='block_1_101' title="bbox 1871 4700 3406 4772">
    <p class='ocr_par' dir='ltr' id='par_1_101' title="bbox 1871 4700 3406 4772">
     <span class='ocr_line' id='line_1_101' title="bbox 1871 4700 3406 4772; baseline 0.006 -22"><span class='ocrx_word' id='word_1_770' title='bbox 1871 4711 2083 4766; x_wconf 89' lang='lat' dir='ltr'><strong>quoque</strong></span> <span class='ocrx_word' id='word_1_771' title='bbox 2111 4700 2250 4753; x_wconf 89' lang='lat' dir='ltr'><strong>sicut</strong></span> <span class='ocrx_word' id='word_1_772' title='bbox 2283 4700 2463 4769; x_wconf 87' lang='lat' dir='ltr'><strong>priore</strong></span> <span class='ocrx_word' id='word_1_773' title='bbox 2490 4703 2786 4756; x_wconf 87' lang='lat' dir='ltr'><strong>nominato.</strong></span> <span class='ocrx_word' id='word_1_774' title='bbox 2825 4702 3055 4757; x_wconf 80' lang='lat' dir='ltr'><strong>Verbum</strong></span> <span class='ocrx_word' id='word_1_775' title='bbox 3076 4719 3288 4772; x_wconf 90' lang='lat' dir='ltr'><strong>quoque</strong></span> <span class='ocrx_word' id='word_1_776' title='bbox 3307 4703 3406 4759; x_wconf 87' lang='lat' dir='ltr'><strong>Do-</strong></span> 
     </span>
    </p>
   </div>
   <div class='ocr_carea' id='block_1_102' title="bbox 1871 4788 3404 4861">
    <p class='ocr_par' dir='ltr' id='par_1_102' title="bbox 1871 4788 3404 4861">
     <span class='ocr_line' id='line_1_102' title="bbox 1871 4788 3404 4861; baseline 0.004 -21"><span class='ocrx_word' id='word_1_777' title='bbox 1871 4788 2002 4841; x_wconf 90' lang='lat' dir='ltr'><strong>mini</strong></span> <span class='ocrx_word' id='word_1_778' title='bbox 2023 4803 2146 4841; x_wconf 89' lang='lat' dir='ltr'><strong>cum</strong></span> <span class='ocrx_word' id='word_1_779' title='bbox 2170 4805 2306 4843; x_wconf 88' lang='lat' dir='ltr'><strong>nova</strong></span> <span class='ocrx_word' id='word_1_780' title='bbox 2338 4790 2450 4858; x_wconf 88' lang='lat' dir='ltr'><strong>lege</strong></span> <span class='ocrx_word' id='word_1_781' title='bbox 2468 4790 2666 4844; x_wconf 83' lang='lat' dir='ltr'><strong>dicitur</strong></span> <span class='ocrx_word' id='word_1_782' title='bbox 2685 4805 2716 4844; x_wconf 90' lang='lat' dir='ltr'><strong>e</strong></span> <span class='ocrx_word' id='word_1_783' title='bbox 2744 4806 2880 4845; x_wconf 86' lang='lat' dir='ltr'><strong>nova</strong></span> <span class='ocrx_word' id='word_1_784' title='bbox 2899 4791 3217 4855; x_wconf 88' lang='lat' dir='ltr'><strong>Jerusalem,</strong></span> <span class='ocrx_word' id='word_1_785' title='bbox 3243 4808 3404 4861; x_wconf 87' lang='lat' dir='ltr'><strong>quam</strong></span> 
     </span>
    </p>
   </div>
   <div class='ocr_carea' id='block_1_103' title="bbox 1870 4877 3407 4950">
    <p class='ocr_par' dir='ltr' id='par_1_103' title="bbox 1870 4877 3407 4950">
     <span class='ocr_line' id='line_1_103' title="bbox 1870 4877 3407 4950; baseline 0.003 -19"><span class='ocrx_word' id='word_1_786' title='bbox 1870 4878 2085 4931; x_wconf 90' lang='lat' dir='ltr'><strong>domum</strong></span> <span class='ocrx_word' id='word_1_787' title='bbox 2134 4877 2225 4932; x_wconf 92' lang='lat' dir='ltr'><strong>Dei</strong></span> <span class='ocrx_word' id='word_1_788' title='bbox 2252 4877 2418 4933; x_wconf 85' lang='lat' dir='ltr'><strong>Jacob</strong></span> <span class='ocrx_word' id='word_1_789' title='bbox 2470 4894 2629 4948; x_wconf 89' lang='lat' dir='ltr'><strong>supra</strong></span> <span class='ocrx_word' id='word_1_790' title='bbox 2685 4882 2990 4949; x_wconf 86' lang='lat' dir='ltr'><strong>appellavit,</strong></span> <span class='ocrx_word' id='word_1_791' title='bbox 3043 4880 3407 4950; x_wconf 87' lang='lat' dir='ltr'><strong>proditurum.</strong></span> 
     </span>
    </p>
   </div>
   <div class='ocr_carea' id='block_1_104' title="bbox 1875 4968 3412 5042">
    <p class='ocr_par' dir='ltr' id='par_1_104' title="bbox 1875 4968 3412 5042">
     <span class='ocr_line' id='line_1_104' title="bbox 1875 4968 3412 5042; baseline 0.003 -20"><span class='ocrx_word' id='word_1_792' title='bbox 1875 4968 2106 5023; x_wconf 82' lang='lat' dir='ltr'><strong>Verbum</strong></span> <span class='ocrx_word' id='word_1_793' title='bbox 2139 4970 2298 5039; x_wconf 91' lang='lat' dir='ltr'><strong>igitur</strong></span> <span class='ocrx_word' id='word_1_794' title='bbox 2326 4970 2390 5023; x_wconf 90' lang='lat' dir='ltr'><strong>ad</strong></span> <span class='ocrx_word' id='word_1_795' title='bbox 2415 4985 2602 5025; x_wconf 91' lang='lat' dir='ltr'><strong>omnes</strong></span> <span class='ocrx_word' id='word_1_796' title='bbox 2636 4981 2820 5039; x_wconf 89' lang='lat' dir='ltr'><strong>gentes</strong></span> <span class='ocrx_word' id='word_1_797' title='bbox 2848 4971 3104 5042; x_wconf 87' lang='lat' dir='ltr'><strong>prodiens</strong></span> <span class='ocrx_word' id='word_1_798' title='bbox 3129 4972 3412 5039; x_wconf 85' lang='lat' dir='ltr'><strong>judicatu-</strong></span> 
     </span>
    </p>
   </div>
   <div class='ocr_carea' id='block_1_105' title="bbox 1873 5059 3418 5130">
    <p class='ocr_par' dir='ltr' id='par_1_105' title="bbox 1873 5059 3418 5130">
     <span class='ocr_line' id='line_1_105' title="bbox 1873 5059 3418 5130; baseline 0.002 -18"><span class='ocrx_word' id='word_1_799' title='bbox 1873 5074 1991 5112; x_wconf 91' lang='lat' dir='ltr'><strong>rum</strong></span> <span class='ocrx_word' id='word_1_800' title='bbox 2021 5059 2162 5112; x_wconf 88' lang='lat' dir='ltr'><strong>inter</strong></span> <span class='ocrx_word' id='word_1_801' title='bbox 2190 5060 2389 5113; x_wconf 93' lang='lat' dir='ltr'><strong>multos</strong></span> <span class='ocrx_word' id='word_1_802' title='bbox 2410 5060 2635 5129; x_wconf 92' lang='lat' dir='ltr'><strong>populos</strong></span> <span class='ocrx_word' id='word_1_803' title='bbox 2656 5068 2711 5114; x_wconf 90' lang='lat' dir='ltr'><strong>et</strong></span> <span class='ocrx_word' id='word_1_804' title='bbox 2731 5071 2915 5130; x_wconf 81' lang='lat' dir='ltr'><strong>gentes</strong></span> <span class='ocrx_word' id='word_1_805' title='bbox 2938 5060 3105 5114; x_wconf 83' lang='lat' dir='ltr'><strong>fortes</strong></span> <span class='ocrx_word' id='word_1_806' title='bbox 3129 5068 3418 5130; x_wconf 87' lang='lat' dir='ltr'><strong>correptu-</strong></span> 
     </span>
    </p>
   </div>
   <div class='ocr_carea' id='block_1_106' title="bbox 1872 5150 3422 5227">
    <p class='ocr_par' dir='ltr' id='par_1_106' title="bbox 1872 5150 3422 5227">
     <span class='ocr_line' id='line_1_106' title="bbox 1872 5150 3422 5227; baseline 0.001 -24"><span class='ocrx_word' id='word_1_807' title='bbox 1872 5164 1991 5203; x_wconf 87' lang='lat' dir='ltr'><strong>rum</strong></span> <span class='ocrx_word' id='word_1_808' title='bbox 2038 5150 2354 5215; x_wconf 90' lang='lat' dir='ltr'><strong>nuntiatur,</strong></span> <span class='ocrx_word' id='word_1_809' title='bbox 2416 5159 2731 5220; x_wconf 89' lang='lat' dir='ltr'><strong>tantumque</strong></span> <span class='ocrx_word' id='word_1_810' title='bbox 2788 5152 3153 5227; x_wconf 80' lang='lat' dir='ltr'><strong>profuturum</strong></span> <span class='ocrx_word' id='word_1_811' title='bbox 3206 5153 3422 5219; x_wconf 84' lang='lat' dir='ltr'><strong>proprio</strong></span> 
     </span>
    </p>
   </div>
   <div class='ocr_carea' id='block_1_107' title="bbox 248 5236 1774 5311">
    <p class='ocr_par' dir='ltr' id='par_1_107' title="bbox 248 5236 1774 5310">
     <span class='ocr_line' id='line_1_107' title="bbox 248 5236 1774 5310; baseline -0.001 -15"><span class='ocrx_word' id='word_1_812' title='bbox 248 5242 441 5295; x_wconf 73' lang='grc' dir='ltr'>Ἰακὼϐ</span> <span class='ocrx_word' id='word_1_813' title='bbox 474 5241 728 5310; x_wconf 81' lang='grc' dir='ltr'>ἀνωτέρω</span> <span class='ocrx_word' id='word_1_814' title='bbox 760 5241 1066 5309; x_wconf 83' lang='grc' dir='ltr'>προσεῖπεν,</span> <span class='ocrx_word' id='word_1_815' title='bbox 1107 5236 1535 5307; x_wconf 70' lang='grc' dir='ltr'>προελεύσεσθαν</span> <span class='ocrx_word' id='word_1_816' title='bbox 1567 5241 1595 5291; x_wconf 85' lang='grc' dir='ltr'><strong>ὁ</strong></span> <span class='ocrx_word' id='word_1_817' title='bbox 1624 5240 1774 5309; x_wconf 85' lang='grc' dir='ltr'>λόγος</span> 
     </span>
    </p>
   </div>
   <div class='ocr_carea' id='block_1_108' title="bbox 1872 5236 3429 5311">
    <p class='ocr_par' dir='ltr' id='par_1_108' title="bbox 1872 5238 3429 5311">
     <span class='ocr_line' id='line_1_108' title="bbox 1872 5238 3429 5311; baseline 0 -20"><span class='ocrx_word' id='word_1_818' title='bbox 1872 5238 2072 5308; x_wconf 90' lang='lat' dir='ltr'><strong>judicio</strong></span> <span class='ocrx_word' id='word_1_819' title='bbox 2104 5248 2157 5294; x_wconf 91' lang='lat' dir='ltr'><strong>et</strong></span> <span class='ocrx_word' id='word_1_820' title='bbox 2200 5239 2538 5310; x_wconf 89' lang='lat' dir='ltr'><strong>correptione</strong></span> <span class='ocrx_word' id='word_1_821' title='bbox 2565 5240 2635 5296; x_wconf 87' lang='lat' dir='ltr'><strong>iis</strong></span> <span class='ocrx_word' id='word_1_822' title='bbox 2672 5242 2763 5310; x_wconf 91' lang='lat' dir='ltr'><strong>qui</strong></span> <span class='ocrx_word' id='word_1_823' title='bbox 2792 5240 3121 5311; x_wconf 87' lang='lat' dir='ltr'><strong>corripiendi</strong></span> <span class='ocrx_word' id='word_1_824' title='bbox 3188 5250 3344 5303; x_wconf 79' lang='lat' dir='ltr'><strong>sum,</strong></span> <span class='ocrx_word' id='word_1_825' title='bbox 3372 5247 3429 5291; x_wconf 91' lang='lat' dir='ltr'><strong>nt</strong></span> 
     </span>
    </p>
   </div>
   <div class='ocr_carea' id='block_1_109' title="bbox 236 5326 1774 5399">
    <p class='ocr_par' dir='ltr' id='par_1_109' title="bbox 236 5326 1774 5399">
     <span class='ocr_line' id='line_1_109' title="bbox 236 5326 1774 5399; baseline -0.002 -12"><span class='ocrx_word' id='word_1_826' title='bbox 236 5335 327 5387; x_wconf 76' lang='grc' dir='ltr'><strong>ἐπὶ</strong></span> <span class='ocrx_word' id='word_1_827' title='bbox 356 5334 535 5386; x_wconf 85' lang='grc' dir='ltr'>πάντα</span> <span class='ocrx_word' id='word_1_828' title='bbox 558 5331 625 5383; x_wconf 75' lang='grc' dir='ltr'><strong>τά</strong></span> <span class='ocrx_word' id='word_1_829' title='bbox 655 5330 778 5398; x_wconf 87' lang='grc' dir='ltr'>ἔθνη</span> <span class='ocrx_word' id='word_1_830' title='bbox 808 5327 1078 5399; x_wconf 88' lang='grc' dir='ltr'>προελθὼν</span> <span class='ocrx_word' id='word_1_831' title='bbox 1105 5331 1306 5399; x_wconf 85' lang='grc' dir='ltr'>κρινεῖν</span> <span class='ocrx_word' id='word_1_832' title='bbox 1330 5326 1432 5380; x_wconf 81' lang='grc' dir='ltr'>ἀνὰ</span> <span class='ocrx_word' id='word_1_833' title='bbox 1460 5328 1616 5397; x_wconf 82' lang='grc' dir='ltr'>μέσον</span> <span class='ocrx_word' id='word_1_834' title='bbox 1636 5331 1774 5384; x_wconf 89' lang='grc' dir='ltr'>λαῶν</span> 
     </span>
    </p>
   </div>
   <div class='ocr_carea' id='block_1_110' title="bbox 1872 5326 3434 5399">
    <p class='ocr_par' dir='ltr' id='par_1_110' title="bbox 1876 5327 3434 5397">
     <span class='ocr_line' id='line_1_110' title="bbox 1876 5327 3434 5397; baseline -0.001 -16"><span class='ocrx_word' id='word_1_835' title='bbox 1876 5327 2109 5397; x_wconf 82' lang='lat' dir='ltr'><strong>priorem</strong></span> <span class='ocrx_word' id='word_1_836' title='bbox 2140 5331 2487 5385; x_wconf 87' lang='lat' dir='ltr'><strong>immutantes</strong></span> <span class='ocrx_word' id='word_1_837' title='bbox 2510 5339 2756 5385; x_wconf 88' lang='lat' dir='ltr'><strong>sanctum</strong></span> <span class='ocrx_word' id='word_1_838' title='bbox 2786 5343 2839 5387; x_wconf 93' lang='lat' dir='ltr'><strong>et</strong></span> <span class='ocrx_word' id='word_1_839' title='bbox 2883 5330 3139 5385; x_wconf 87' lang='lat' dir='ltr'><strong>hostilem</strong></span> <span class='ocrx_word' id='word_1_840' title='bbox 3173 5328 3434 5381; x_wconf 80' lang='lat' dir='ltr'><strong>habitum</strong></span> 
     </span>
    </p>
   </div>
   <div class='ocr_carea' id='block_1_111' title="bbox 237 5417 1774 5493">
    <p class='ocr_par' dir='ltr' id='par_1_111' title="bbox 237 5418 1770 5488">
     <span class='ocr_line' id='line_1_111' title="bbox 237 5418 1770 5488; baseline -0.002 -13"><span class='ocrx_word' id='word_1_841' title='bbox 237 5424 446 5477; x_wconf 85' lang='grc' dir='ltr'>πολλῶν</span> <span class='ocrx_word' id='word_1_842' title='bbox 499 5422 590 5474; x_wconf 75' lang='grc' dir='ltr'>καὶ</span> <span class='ocrx_word' id='word_1_843' title='bbox 636 5418 869 5486; x_wconf 78' lang='grc' dir='ltr'>ἐλέγξειν</span> <span class='ocrx_word' id='word_1_844' title='bbox 917 5418 1042 5470; x_wconf 76' lang='grc' dir='ltr'>λαὸν</span> <span class='ocrx_word' id='word_1_845' title='bbox 1097 5418 1306 5488; x_wconf 75' lang='grc' dir='ltr'>ἰσχυρὸν</span> <span class='ocrx_word' id='word_1_846' title='bbox 1366 5418 1770 5487; x_wconf 85' lang='grc' dir='ltr'>προηγόρευται,</span> 
     </span>
    </p>
   </div>
   <div class='ocr_carea' id='block_1_112' title="bbox 1872 5417 3440 5493">
    <p class='ocr_par' dir='ltr' id='par_1_112' title="bbox 1876 5417 3440 5493">
     <span class='ocr_line' id='line_1_112' title="bbox 1876 5417 3440 5493; baseline -0.003 -22"><span class='ocrx_word' id='word_1_847' title='bbox 1876 5426 2161 5475; x_wconf 88' lang='lat' dir='ltr'><strong>mansueto</strong></span> <span class='ocrx_word' id='word_1_848' title='bbox 2188 5428 2241 5475; x_wconf 92' lang='lat' dir='ltr'><strong>et</strong></span> <span class='ocrx_word' id='word_1_849' title='bbox 2291 5419 2624 5490; x_wconf 82' lang='lat' dir='ltr'><strong>paciﬁco.....</strong></span> <span class='ocrx_word' id='word_1_850' title='bbox 2670 5419 2793 5476; x_wconf 64' lang='lat' dir='ltr'><strong>Hac</strong></span> <span class='ocrx_word' id='word_1_851' title='bbox 2842 5420 3069 5493; x_wconf 87' lang='lat' dir='ltr'><strong>quidem</strong></span> <span class='ocrx_word' id='word_1_852' title='bbox 3117 5417 3440 5488; x_wconf 80' lang='lat' dir='ltr'><strong>prophetia.</strong></span> 
     </span>
    </p>
   </div>
   <div class='ocr_carea' id='block_1_113' title="bbox 236 5505 1774 5581">
    <p class='ocr_par' dir='ltr' id='par_1_113' title="bbox 236 5505 1772 5577">
     <span class='ocr_line' id='line_1_113' title="bbox 236 5505 1772 5577; baseline -0.002 -12"><span class='ocrx_word' id='word_1_853' title='bbox 236 5512 488 5566; x_wconf 80' lang='grc' dir='ltr'>τοσοῦτόν</span> <span class='ocrx_word' id='word_1_854' title='bbox 521 5526 579 5561; x_wconf 90' lang='grc' dir='ltr'><strong>τε</strong></span> <span class='ocrx_word' id='word_1_855' title='bbox 611 5509 903 5577; x_wconf 75' lang='grc' dir='ltr'>ὠφελήσειν</span> <span class='ocrx_word' id='word_1_856' title='bbox 928 5507 1011 5560; x_wconf 84' lang='grc' dir='ltr'><strong>διὰ</strong></span> <span class='ocrx_word' id='word_1_857' title='bbox 1034 5508 1128 5577; x_wconf 86' lang='grc' dir='ltr'><strong>τῆς</strong></span> <span class='ocrx_word' id='word_1_858' title='bbox 1157 5507 1286 5567; x_wconf 75' lang='grc' dir='ltr'>ἰδίας</span> <span class='ocrx_word' id='word_1_859' title='bbox 1314 5505 1535 5575; x_wconf 85' lang='grc' dir='ltr'>κρίσεως</span> <span class='ocrx_word' id='word_1_860' title='bbox 1566 5510 1657 5561; x_wconf 77' lang='grc' dir='ltr'><strong>καὶ</strong></span> <span class='ocrx_word' id='word_1_861' title='bbox 1683 5509 1772 5561; x_wconf 87' lang='grc' dir='ltr'><strong>τοῦ</strong></span> 
     </span>
    </p>
   </div>
   <div class='ocr_carea' id='block_1_114' title="bbox 1872 5505 3446 5581">
    <p class='ocr_par' dir='ltr' id='par_1_114' title="bbox 1876 5505 3446 5581">
     <span class='ocr_line' id='line_1_114' title="bbox 1876 5505 3446 5581; baseline -0.004 -20"><span class='ocrx_word' id='word_1_862' title='bbox 1876 5506 2031 5563; x_wconf 82' lang='lat' dir='ltr'><strong>Nunc</strong></span> <span class='ocrx_word' id='word_1_863' title='bbox 2062 5525 2189 5565; x_wconf 83' lang='lat' dir='ltr'><strong>vero</strong></span> <span class='ocrx_word' id='word_1_864' title='bbox 2221 5509 2603 5581; x_wconf 81' lang='lat' dir='ltr'><strong>speculandum</strong></span> <span class='ocrx_word' id='word_1_865' title='bbox 2652 5526 2834 5569; x_wconf 87' lang='lat' dir='ltr'><strong>an.....</strong></span> <span class='ocrx_word' id='word_1_866' title='bbox 2886 5507 3205 5565; x_wconf 85' lang='lat' dir='ltr'><strong>Salvatoris</strong></span> <span class='ocrx_word' id='word_1_867' title='bbox 3271 5505 3446 5560; x_wconf 82' lang='lat' dir='ltr'><strong>nostri</strong></span> 
     </span>
    </p>
   </div>
   <div class='ocr_carea' id='block_1_115' title="bbox 218 5677 1609 5752">
    <p class='ocr_par' dir='ltr' id='par_1_115' title="bbox 218 5677 1609 5752">
     <span class='ocr_line' id='line_1_115' title="bbox 218 5677 1609 5752; baseline 0.001 -18"><span class='ocrx_word' id='word_1_868' title='bbox 218 5684 249 5752; x_wconf 38' lang='grc' dir='ltr'><strong>ι’</strong></span> <span class='ocrx_word' id='word_1_869' title='bbox 307 5686 351 5717; x_wconf 83' lang='grc'>⁸⁸</span> <span class='ocrx_word' id='word_1_870' title='bbox 395 5682 557 5739; x_wconf 63' lang='lat' dir='ltr'><strong>Elicit.</strong></span> <span class='ocrx_word' id='word_1_871' title='bbox 590 5695 629 5746; x_wconf 84' lang='grc' dir='ltr'><strong>ι,</strong></span> <span class='ocrx_word' id='word_1_872' title='bbox 667 5681 719 5735; x_wconf 76' lang='grc'><strong>5.</strong></span> <span class='ocrx_word' id='word_1_873' title='bbox 793 5682 835 5712; x_wconf 73' lang='grc'><strong>⁸⁸</strong></span> <span class='ocrx_word' id='word_1_874' title='bbox 876 5679 1030 5735; x_wconf 67' lang='lat' dir='ltr'><strong>lilii-li.</strong></span> <span class='ocrx_word' id='word_1_875' title='bbox 1064 5696 1153 5744; x_wconf 73' lang='lat' dir='ltr'><strong>tu,</strong></span> <span class='ocrx_word' id='word_1_876' title='bbox 1185 5677 1350 5744; x_wconf 72' lang='lat' dir='ltr'><strong>9-H;</strong></span> <span class='ocrx_word' id='word_1_877' title='bbox 1390 5693 1459 5744; x_wconf 72' lang='grc' dir='ltr'><strong>ιν,</strong></span> <span class='ocrx_word' id='word_1_878' title='bbox 1495 5680 1609 5736; x_wconf 61' lang='grc' dir='ltr'><strong>ιεδ.</strong></span> 
     </span>
    </p>
   </div>
  </div>
