3952 6356
199 423 334 476 Ηίδ

194 540 375 589 σεσθαι
403 526 822 600 προφητεύεταιο
860 527 986 586 ῑσως
1012 524 1055 577 6'
1077 523 1140 577 ἂν
1171 525 1258 576 καὶ
1285 541 1375 576 τετ
1415 564 1427 576 .
1471 563 1484 575 .

192 623 444 691 δευτέρας
482 616 652 670 αὐτοῦ
697 615 1006 685 παρουσίας·
1051 615 1142 666 καὶ
1189 615 1283 682 τῆς
1325 613 1545 666 καθόλου
1587 613 1720 664 πάν-

192 731 295 769 των
334 750 348 764 .
393 748 407 761 .
454 748 467 760 .
511 747 526 760 .
572 745 587 758 .
632 745 645 758 .
686 743 699 756 .
741 743 754 755 .
794 704 1050 773 κληφθείη
1075 702 1142 754 τὰ
1169 701 1304 754 κατὰ
1330 702 1418 753 τὸν
1447 701 1624 753 τόπον.

581 817 706 887 (Τοῦ
735 815 976 882 Ἀγγαίου
1010 813 1170 880 σαφὲς
1196 811 1385 876 οὐδέν.)

696 923 1073 976 ΚΕΦΑΛΑῙΟΝ
1116 923 1238 973 KA'.

686 1038 814 1090 Ἀπὸ
852 1038 952 1091 τοῦ
989 1035 1260 1103 Ζαχαρία.

267 1191 286 1222 ‹
337 1209 350 1222 .
397 1212 410 1223 .
458 1211 471 1222 .
519 1207 534 1222 .
581 1209 594 1221 .
641 1209 653 1221 .
696 1167 1096 1238 παντοκράτωρ,
1159 1165 1356 1219 ὐπίσω
1415 1165 1566 1234 δόξης
1625 1167 1730 1218 άπ-

190 1258 416 1310 έσταλκέ
451 1274 518 1325 με
555 1257 648 1307 ἐπὶ
670 1255 736 1306 τὰ
775 1294 788 1306 .
830 1293 844 1306 .
886 1294 899 1308 .
942 1296 954 1307 .
995 1295 1008 1307 .
1052 1293 1064 1306 .
1109 1293 1123 1308 .
1162 1253 1386 1306 εύσαντα
1412 1255 1567 1322 ὑμᾶς·
1592 1273 1609 1305 ι
1636 1249 1731 1304 εἶτ’

191 1345 444 1412 ἐπιφέρει
480 1344 621 1413 μετὰ
657 1344 853 1413 βραχέα
882 1342 1069 1410 λέγων,
1110 1359 1128 1393 ι
1162 1342 1487 1412 (γνώσε)σθε,
1517 1345 1594 1395 ὅτι
1623 1343 1732 1395 Κύ-

189 1451 303 1502 ριος
329 1434 728 1504 παντοκράτωρ
747 1435 1043 1487 ἀπέσταλκε
1066 1451 1147 1504 με.
1164 1454 1182 1486 ι
1201 1437 1257 1487 'U
1280 1435 1449 1502 λέγων
1471 1435 1504 1486 ἁ
1530 1475 1542 1488 .
1573 1472 1586 1486 .
1618 1472 1632 1486 .
1667 1475 1678 1486 .
1714 1473 1726 1486 .

194 1537 259 1587 με
312 1519 522 1590 Κύριός
569 1523 682 1572 ἐστι
732 1524 1134 1592 παντοκράτωρ*
1189 1522 1438 1584 ὡσαύτως
1482 1522 1538 1574 δὲ
1585 1523 1674 1573 καὶ
1705 1523 1732 1573 6

190 1611 299 1661 ἀπο
324 1649 338 1663 .
386 1648 403 1663 .
448 1651 462 1664 .
507 1651 522 1664 .
571 1651 586 1664 .
630 1651 642 1662 .
674 1612 822 1681 θερος
849 1613 922 1664 ὢν
949 1611 1038 1664 τοῦ
1064 1611 1507 1681 ἀποστελλομένου
1535 1612 1731 1680 Κύριος

187 1698 512 1766 ὠνόμασται
554 1719 657 1753 παν
697 1740 710 1754 .
753 1740 766 1752 .
808 1740 823 1754 .
867 1740 879 1752 .
922 1741 935 1754 .
979 1741 991 1753 .
1035 1742 1048 1756 .
1090 1743 1104 1754 .
1143 1701 1358 1762 εἰκότως
1393 1697 1481 1753 οὖν
1520 1703 1645 1770 ἡμῖν
1676 1703 1732 1753 ὲν

186 1791 302 1848 τοῖς
337 1791 468 1857 περὶ
495 1792 706 1860 Πατρὶς
728 1793 816 1843 καὶ
849 1792 971 1843 Υἱοῦ
1011 1829 1026 1843 .
1069 1831 1082 1845 .
1125 1831 1140 1847 .
1184 1833 1196 1844 .
1241 1831 1253 1844 .
1297 1831 1311 1845 .
1353 1830 1367 1844 .
1411 1832 1424 1846 .
1463 1792 1522 1843 τὸ
1551 1792 1726 1862 ῥητὸν,

188 1874 266 1925 ὅτι
297 1877 392 1926 καὶ
430 1878 634 1946 Κύριος
665 1879 1042 1949 παντοκράτωρ
1073 1881 1100 1930 6
1133 1879 1222 1931 τοῦ
1257 1880 1386 1931 θεοῦ
1428 1919 1439 1930 .
1484 1921 1497 1933 .
1541 1919 1554 1932 .
1596 1919 1612 1934 .
1655 1923 1667 1935 .
1709 1919 1724 1934 .

187 1963 374 2034 ὥσπερ
402 1968 498 2018 καὶ
527 1969 658 2030 Θεὸς
678 1968 762 2020 διὰ
787 1969 892 2021 τῶν
917 1971 1200 2040 προφητῶν
1229 1973 1600 2041 ἐχρημάτισεν.

701 2139 1085 2193 ΚΕΦΑΛΑΙΟΝ
1121 2143 1244 2195 KB'.

802 2229 909 2282 Τοῦ
959 2229 1160 2282 αὑτοῦ.

373 2373 388 2387 .
436 2353 454 2385 ι
485 2338 583 2389 καὶ
610 2338 910 2406 εὐφραίνου,
937 2339 1166 2412 θύγατερ
1189 2342 1340 2405 Σιὼν,
1366 2343 1445 2396 ὅτι
1469 2343 1592 2408 ίδοὺ,
1621 2345 1729 2413 ἐγὼ
1771 2369 1784 2380 τ

191 2418 437 2490 ἔρχομαι,
463 2427 559 2478 καὶ
640 2464 654 2478 .
730 2466 743 2479 .
819 2466 833 2480 .
908 2429 1162 2500 σκηνὼσω
1190 2433 1246 2484 ὲν
1272 2433 1415 2503 μέσῳ
1443 2451 1554 2497 σου,
1585 2434 1727 2502 λέγει

190 2506 405 2577 Κύριος.
444 2513 554 2564 Καὶ
602 2515 1015 2583 καταφεύξονται
1088 2558 1101 2570 .
1184 2567 1193 2573 ,
1273 2559 1286 2573 .
1361 2521 1484 2574 ολλὰ
1523 2524 1613 2576 ἐπὶ
1638 2525 1729 2579 τὸν

191 2596 388 2666 Κύριον
416 2603 468 2655 ὲν
511 2607 577 2673 τῇ
609 2603 783 2674 ἡμέρᾳ
812 2607 1008 2678 ἐκείνῃ,
1039 2610 1131 2661 κα)⁸
1157 2609 1360 2663 ἔσονται
1387 2612 1455 2664 αὐ
1528 2655 1542 2668 .
1615 2651 1630 2668 .
1707 2655 1724 2670 .

192 2683 332 2750 λαὸν,
371 2691 467 2743 καὶ
502 2693 1008 2764 κατασκηνὼσουσιν
1034 2699 1091 2750 ἐν
1139 2699 1283 2770 μέσῳ
1311 2719 1420 2766 σου,
1455 2705 1546 2757 καὶ
1618 2744 1632 2758 .
1707 2744 1725 2760 .

192 2774 390 2846 γνώσῃ,
471 2819 485 2833 .
565 2821 581 2834 .
660 2822 672 2835 .
751 2821 764 2835 .
841 2823 854 2838 .
928 2789 1313 2860 παντοκράτωρ
1341 2791 1634 2846 ἀπέσταλκέ
1659 2811 1727 2864 με

193 2864 326 2931 πρὸς
362 2870 442 2922 σέ.
478 2891 497 2922 ι
544 2873 655 2926 Καὶ
686 2873 767 2936 τίς
839 2913 852 2927 .
929 2915 945 2930 .
1023 2917 1036 2931 .
1111 2881 1138 2932 6
1167 2879 1335 2934 ταῦτα
1377 2883 1592 2951 φάσκων
1633 2887 1726 2939 καὶ

191 2950 463 3043 θμολογῶν
509 2963 836 3016 ἀπεστάλθαι
883 2966 984 3018 ὑπὸ
1016 2950 1465 3041 Παντοκράτορος,
1499 2974 1530 3043 ἢ
1566 2977 1593 3027 6
1633 2976 1724 3030 τοῦ

1199 411 1480 467 ECLOGE
1518 409 1978 465 PBOPHETICE.
2011 445 2078 454 —-
2115 413 2233 468 LIB.
2267 415 2351 470 III.

1527 562 1539 574 .
1582 562 1594 574 .
1636 522 1729 589 τῆς
1755 526 1800 582 Α
1830 529 1948 586 tur;
1982 523 2160 577 forsan
2212 532 2397 578 et
2433 524 2664 578 secundo
2711 525 2824 592 ejus
2871 525 3119 578 adventu.
3170 529 3343 593 Atque

3209 410 3340 468 H68

1826 613 2189 667 universorum
2363 614 2723 682 subriperetur
2755 614 2818 667 de
2848 615 2950 667 hoc
2983 616 3121 668 loco.

2066 811 2159 881 (Ex
2195 814 2379 881 Δεδιωο
2420 811 2550 863 nihil
2591 811 2722 863 satis
2755 813 3127 880 compertum.)

2386 919 2606 974 CAPUT
2646 919 2779 974 XXI.

2407 1030 2453 1083 E
2479 1030 2756 1082 Zacltaria.

1899 1159 1917 1190 ‹
1958 1141 2113 1210 (Quia
2151 1140 2263 1195 hate
2311 1141 2440 1194 dicit
2489 1140 2763 1197 Dominus)
2810 1141 3340 1207 omnipotenszpost

1829 1232 2046 1302 gloriam
2103 1231 2249 1283 misit
2298 1245 2380 1284 me
2424 1231 2485 1283 ad
2535 1229 2742 1299 (gentes
2784 1245 2901 1298 quae
2959 1231 3340 1300 spolia)verunt

1828 1336 1922 1374 vos
1949 1321 2015 1373 ⁵⁸.
2063 1337 2080 1371 ι
2119 1319 2246 1372 Dein
2278 1334 2383 1371 non
2413 1319 2580 1372 multo
2615 1328 2736 1388 post
2787 1319 2971 1388 adjicit
3003 1338 3015 1373 :
3054 1338 3072 1370 ‹
3107 1318 3171 1371 Et
3205 1322 3346 1375 scies

1828 1411 1950 1478 quia
1987 1407 2243 1463 Dominus
2289 1409 2621 1477 omnipotens
2659 1410 2805 1463 misit
2859 1424 2942 1462 me
2994 1410 3060 1463 ad
3109 1419 3160 1463 te
3193 1408 3260 1462 ".
3318 1428 3338 1462 ι

1829 1501 1928 1564 Qui
1949 1500 2095 1552 dicit.
2140 1539 2152 1552 .
2196 1537 2209 1550 .
2255 1541 2267 1552 .
2313 1539 2326 1552 .
2372 1537 2385 1549 .
2429 1538 2441 1550 .
2485 1539 2498 1550 .
2542 1538 2554 1551 .
2587 1498 2844 1552 Dominus
2878 1507 2957 1553 est
2987 1501 3340 1567 omnipotens.

1834 1589 2089 1643 Similiter
2115 1598 2168 1643 et
2195 1589 2306 1656 qui.
2349 1627 2362 1642 .
2409 1629 2423 1644 .
2463 1626 2478 1641 .
2519 1626 2536 1642 .
2573 1627 2590 1644 .
2633 1627 2648 1642 .
2688 1589 2834 1643 illius
2863 1590 2954 1657 qui
2987 1590 3214 1642 mittitur
3243 1589 3346 1643 Do-

1827 1680 2005 1733 minus
2033 1680 2328 1748 appellatur
2353 1679 2516 1733 omni.
2545 1718 2559 1733 .
2605 1720 2618 1733 .
2665 1719 2678 1733 .
2723 1719 2737 1732 .
2783 1719 2795 1732 .
2840 1699 2853 1732 ι
2899 1717 2912 1730 .
2940 1677 3055 1732 Non
3082 1680 3347 1734 immerito

1832 1769 2166 1836 igiturnobis
2197 1771 2250 1822 in
2304 1770 2370 1823 iis
2407 1784 2523 1838 quae
2552 1769 2618 1823 de
2647 1768 2804 1822 Patre
2829 1776 2880 1822 et
2902 1767 3054 1820 Filio.
3099 1809 3113 1821 .
3157 1810 3170 1821 .
3214 1809 3226 1822 .
3270 1809 3284 1821 .
3327 1809 3341 1822 .

1758 1845 1798 1898 Β
1826 1859 1966 1930 quod
2018 1861 2219 1913 dictum
2271 1866 2371 1925 est,
2423 1860 2546 1928 quia
2587 1859 2844 1912 Dominus
2889 1862 3222 1928 omnipotens
3251 1859 3345 1914 Del

1836 1990 1849 2003 .
1893 1989 1906 2001 .
1953 1991 1966 2003 .
2011 1989 2026 2005 .
2071 1990 2084 2003 .
2127 1991 2140 2003 .
2185 1988 2198 2003 .
2237 1986 2251 2000 .
2317 1950 2457 2003 sicut
2498 1948 2638 2002 Deus
2680 1963 2774 2017 per
2802 1950 3085 2018 prophetas
3121 1949 3343 2003 manife-

1827 2040 2004 2093 stavit.

2365 2131 2588 2186 CAPUT
2636 2131 2797 2186 XXII.

2438 2221 2519 2274 Ex
2541 2221 2734 2275 eodem.

1898 2354 1918 2387 ‹
1950 2333 2172 2404 (Lauda)
2193 2343 2246 2391 et
2276 2337 2472 2400 lauare,
2506 2335 2609 2389 ﬁlia
2638 2335 2787 2397 Sion,
2817 2334 2941 2402 quia
2977 2347 3102 2388 ecce
3129 2346 3226 2402 ego
3256 2348 3346 2386 ve-

1825 2426 1936 2489 nio,
1967 2437 2018 2480 et
2045 2427 2296 2480 habitabo
2327 2428 2381 2479 in
2411 2425 2583 2480 medio
2607 2425 2707 2488 tui,
2743 2425 2816 2477 ait
2863 2423 3137 2478 Dominus.
3163 2423 3228 2474 Et
3255 2437 3348 2490 ap—

1825 2513 2165 2582 plicabuntur
2195 2513 2397 2582 (gentes
2419 2514 2621 2580 m)ultee
2652 2513 2717 2566 ad
2746 2511 3095 2565 Dominumin
3125 2511 3210 2564 die
3233 2511 3343 2572 illa,

1824 2607 1876 2654 et
1906 2608 2060 2655 erunt
2088 2601 2236 2671 (mihi
2258 2601 2332 2668 in)
2363 2602 2634 2670 populum,
2669 2586 2729 2656 et,
2749 2599 3062 2654 habitabunt
3095 2601 3146 2652 in
3174 2597 3348 2652 medio

1827 2692 1924 2752 tui,
1949 2699 2000 2745 et
2024 2693 2160 2746 scies
2185 2692 2327 2760 (quia
2355 2691 2631 2760 Dominus)
2651 2692 2986 2760 omnipotens
3010 2690 3156 2743 misit
3178 2704 3260 2742 me
3280 2686 3344 2742 ad

1825 2789 1877 2834 te
1901 2781 1968 2833 °°.
2004 2800 2022 2832 ι
2057 2780 2207 2847 Quis.
2251 2823 2264 2835 .
2311 2822 2323 2835 .
2369 2820 2382 2834 .
2425 2822 2438 2836 .
2484 2821 2498 2835 .
2540 2822 2551 2834 .
2594 2781 2708 2834 hac
2731 2781 2934 2847 dicens,
2961 2779 3348 2846 confessusque

1826 2883 1883 2923 se
1902 2869 2126 2923 missurn
2159 2869 2325 2924 fuisse
2358 2870 2424 2923 ab
2452 2868 2844 2939 Omnipotente,
2872 2869 2972 2923 nisi
2994 2867 3082 2922 Dei
3113 2865 3346 2919 Verbum

1827 2973 1856 3011 a
1888 2958 2044 3013 Patre
2074 2961 2127 3012 in
2167 2960 2439 3014 hominum
2490 2960 2698 3031 generis
2731 2961 2952 3014 salutem
2984 2957 3218 3012 missus?
3245 2953 3347 3020 Qui

193 3037 322 3130 esse
345 3046 517 3114 Λόγος
537 3051 642 3102 ὑπὸ
668 3054 758 3104 τοῦ
781 3055 988 3124 Πατρδς
1014 3057 1103 3108 ἐπὶ
1136 3037 1370 3129 σωτηρία
1406 3059 1479 3130 (ι)
1504 3037 1611 3117 τῶν
1635 3067 1726 3118 ἀν-

1830 3057 1887 3101 ιιι
1923 3050 2122 3102 dictum
2169 3057 2271 3104 est.
2314 3088 2328 3102 .
2372 3091 2384 3104 .
2429 3091 2444 3106 .
2487 3089 2502 3103 .
2544 3092 2558 3106 .
2602 3091 2617 3105 .
2657 3051 2925 3104 cmlestem
2977 3047 3138 3111 Sion;
3193 3046 3347 3113 cujue

195 3122 424 3222 θρώπων
453 3137 642 3202 γένους
679 3122 993 3205 ἀποσταλείς
1016 3160 1028 3172 ·
1058 3145 1114 3207 ὃς
1141 3147 1206 3199 τὰ
1233 3122 1556 3220 προκείμενα
1597 3191 1611 3206 .
1661 3195 1675 3208 .
1714 3192 1726 3210 .

1837 3135 2210 3189 documentum
2239 3153 2392 3192 mons
2415 3154 2576 3206 super
2607 3147 2822 3191 terram.
2867 3178 2881 3190 .
2926 3175 2939 3189 .
2982 3175 2996 3189 .
3042 3176 3056 3190 .
3097 3173 3112 3188 .
3157 3175 3170 3188 .
3202 3141 3254 3187 et
3281 3131 3346 3186 ad

195 3215 515 3312 ἐπουράνιον
558 3227 724 3280 Σιών⁹
757 3223 824 3299 ἦς
864 3233 1201 3303 παράδειγμα
1239 3215 1297 3288 :6
1337 3215 1436 3289 ἐπὶ⁷
1463 3239 1565 3308 γῆς
1605 3241 1726 3312 ὅρος

1836 3226 2073 3294 gentium
2104 3225 2396 3280 Ecclesiam
2429 3225 2754 3281 extenditur.
2800 3225 2925 3278 Pro.
2968 3264 2981 3276 .
3025 3264 3041 3278 .
3081 3263 3094 3275 .
3142 3260 3156 3275 .
3198 3260 3212 3276 .
3254 3237 3348 3276 vo-~

193 3305 323 3397 ἑτιῖγ
365 3349 378 3363 .
424 3351 439 3366 .
483 3353 499 3367 .
539 3315 632 3366 καὶ
663 3317 794 3388 πρὸς
833 3318 927 3388 τὴν
950 3320 1008 3383 ἐξ
1037 3321 1198 3375 ὲθνῶν
1243 3305 1559 3397 Ἐκκλησίαν
1592 3305 1724 3382 ἀποέ-

1829 3314 2090 3367 cationem
2123 3328 2308 3366 eorum
2335 3315 2427 3383 qui
2460 3315 2526 3368 ab
2546 3329 2610 3369 eo
2638 3314 2897 3369 salv’andi.
2939 3351 2954 3364 .
2993 3350 3007 3363 .
3045 3349 3060 3361 .
3105 3351 3119 3364 .
3163 3349 3178 3365 .
3221 3347 3238 3362 .
3279 3310 3347 3363 ab

193 3395 424 3452 τείνεται
447 3418 460 3432 °
493 3421 598 3474 1:90
637 3443 653 3458 .
733 3444 747 3459 .
819 3443 835 3460 .
887 3425 1001 3471 ενος
1030 3411 1162 3480 αὐτῇ
1194 3413 1290 3481 τὴν
1322 3395 1508 3484 κλῆσιν
1532 3417 1637 3470 τῶν
1660 3419 1726 3471 δι’

193 3485 354 3576 αὐτοῦ
385 3491 667 3564 σωθησομέ
741 3534 754 3548 .
831 3535 848 3550 .
921 3535 938 3549 .
1013 3538 1028 3551 .
1103 3539 1118 3552 .
1176 3502 1264 3554 ὑπ’
1294 3503 1451 3557 αὐτοῦ
1481 3505 1726 3576 βασιλευ-

195 3570 504 3647 Θησομένων
536 3585 593 3635 ὲν
617 3584 769 3654 αὐτῇ.

690 3675 1072 3730 ΚΕΦΑΛΑΙΟΝ
1107 3679 1232 3732 KF'.

723 3763 848 3816 Ἀπὸ
881 3766 982 3819 τοῦ
1011 3769 1211 3822 αὑτοῦ.

271 3867 429 3960 «καὶ
503 3909 520 3926 .
592 3913 607 3926 .
683 3912 699 3927 .
773 3914 789 3929 .
865 3917 880 3930 .
953 3917 968 3932 .
1045 3919 1059 3933 .
1131 3881 1218 3935 τὸν
1252 3884 1728 3960 Ἰησοῦντδνίερέα

200 3949 512 4046 ξδγᾷμῖὲγαν,
537 3963 740 4017 ἑστῶτα
771 3966 875 4036 πρὸ
909 3985 1090 4039 προσω
1129 4008 1143 4023 .
1194 4010 1209 4024 .
1247 3949 1338 4025 τοίὶ
1383 3977 1601 4046 Κυρίου,
1631 3949 1727 4032 καὶ

199 4034 439 4106 διάϐολος
472 4048 681 4119 ἑστήκει
709 4054 770 4103 ὲκ
795 4034 976 4119 δεξιῶν
1015 4058 1195 4122 αὑτοῦ,
1231 4059 1322 4112 τοῦ
1354 4034 1555 4116 ἀντικει
1650 4103 1665 4119 .
1706 4104 1722 4119 .

198 4123 365 4225 αίξτῷ.
397 4146 414 4179 ι
448 4136 540 4225 καὶ
561 4139 682 4225 μετ’
702 4138 852 4207 ὀλίγα
871 4157 885 4170 ⁸
920 4161 937 4192 ι
968 4144 1072 4196 Καὶ
1098 4141 1246 4199 εἶπεν
1272 4148 1404 4218 πρὸς
1424 4152 1546 4213 τοὺς
1572 4153 1726 4225 ἑστησ

196 4220 359 4306 κοτας
392 4220 496 4288 πρὸ
526 4223 621 4292 τῆς
658 4266 673 4279 .
712 4267 727 4282 .
768 4269 783 4283 .
819 4231 1130 4296 τοῦαὺτοῦ,
1159 4234 1358 4303 λέγων·
1392 4239 1633 4306 Ἀφέλετε
1659 4220 1727 4296 τά

199 4302 386 4369 ἱμάτια
418 4308 487 4361 τὰ
512 4314 720 4383 ῥυπαρὰ
741 4318 831 4368 ἀπ’
858 4321 1015 4372 αὐτοῦ
1039 4338 1051 4350 ·
1078 4324 1167 4375 καὶ
1190 4321 1338 4377 εἶπεν
1363 4342 1376 4356 ·
1410 4327 1554 4391 Ἰδοὺ,
1585 4329 1723 4399 ἀφῄ-

202 4395 472 4488 ρηκαὲτάᾲς
497 4399 716 4469 ἀνομίας
747 4421 856 4466 σου,
911 4410 1001 4460 καὶ
1030 4411 1293 4468 ἐνδύσατε.
1337 4453 1352 4469 .
1393 4453 1409 4468 .
1450 4455 1464 4468 .
1511 4456 1526 4470 .
1563 4395 1718 4488 δήρῆ,

1822 3418 1885 3458 eo
1903 3413 2151 3474 regentur
2170 3406 2224 3458 in
2245 3406 2380 3474 ipsa.

2360 3663 2583 3719 CAPUT
2620 3663 2806 3719 XXIII.

2442 3753 2524 3806 Ea:
2542 3753 2736 3810 eodem.

1899 3881 1918 3915 ι
1963 3863 2028 3916 Et
2061 3863 2312 3935 (ostendit
2339 3865 2468 3918 mihi
2497 3864 2775 3935 Dominus)
2804 3866 2986 3921 Jesum
3015 3866 3347 3922 sacerdotem

1826 3967 2077 4022 magnum
2111 3961 2336 4008 stantem
2363 3969 2544 4009 coram
2579 3958 2808 4027 (angelo)
2833 3956 3042 4010 Domini
3071 3975 3083 4010 :
3108 3964 3159 4009 et
3181 3954 3345 4010 Satn

1826 4043 1998 4098 stabat
2022 4060 2051 4098 a
2080 4044 2281 4100 dextris
2333 4045 2450 4114 ejus
2487 4055 2545 4102 ut
2603 4049 3017 4118 advers(aretur)
3044 4049 3093 4101 ei
3123 4049 3190 4104 “.
3228 4067 3247 4100 ι
3281 4047 3346 4100 Et

1823 4144 1945 4207 post
1973 4151 2141 4205 pauca
2173 4157 2186 4191 :
2227 4156 2246 4188 ι
2291 4137 2355 4193 Ει
2395 4142 2469 4192 ait
2499 4141 2564 4194 ad
2586 4155 2677 4194 eos
2709 4141 2800 4208 qui
2829 4141 3042 4194 stabant
3061 4153 3239 4192 coram
3265 4153 3345 4201 se,

1824 4229 2011 4281 dicens
2041 4246 2054 4280 ε
2086 4228 2306 4281 Auferte
2335 4229 2651 4283 vestimenta
2676 4229 2890 4283 sordida
2916 4230 2981 4284 ab
3009 4243 3090 4283 eo.
3125 4229 3189 4280 Et
3213 4227 3348 4280 dixit

1833 4316 1895 4370 ad
1924 4332 2046 4370 eum
2069 4335 2084 4369 :
2107 4315 2253 4370 Ecce
2276 4317 2470 4371 abstuli
2499 4331 2528 4369 a
2568 4325 2620 4372 te
2647 4317 2981 4386 iniquitatem
3014 4325 3160 4370 tuam
3188 4325 3240 4372 et
3267 4318 3349 4370 in-

1824 4412 1915 4465 dui
1947 4411 2353 4481 (te,mutatoriis
2384 4429 2398 4464 :
2427 4421 2480 4465 et
2503 4411 2657 4483 dixit)
2695 4429 2708 4464 :
2738 4411 2926 4466 Ponite
2943 4411 3166 4465 cidarim
3192 4426 3350 4464 mun-

203 4481 293 4576 καὶ
333 4483 546 4578 ἐπίθετε
589 4491 792 4578 κίδαριν
830 4495 1063 4565 καθαρὰν
1103 4501 1191 4553 ἐπὶ
1219 4505 1314 4572 τὴν
1363 4470 1722 4578 κεφαλὴν

1825 4470 2138 4569 dam‘super
2166 4507 2327 4570 caput
2361 4500 2479 4568 ejus
2502 4501 2566 4553 “.
2606 4470 2652 4552 ι’
2675 4500 2738 4553 Et
2784 4516 2974 4555 rursus
3018 4499 3177 4568 paulo
3225 4504 3348 4567 post

204 4574 314 4663 τοι),
353 4588 372 4621 ›
409 4574 517 4627 Καὶ
562 4577 720 4629 πάλιν
759 4582 873 4648 μετ’
903 4582 1050 4649 ὀλίγα
1079 4584 1317 4644 λέλεκται
1356 4574 1489 4663 προς
1527 4574 1722 4648 αὐτόν

1825 4591 2015 4646 dicitur
2037 4591 2100 4644 ad
2124 4606 2246 4644 eum
2283 4610 2295 4644 :
2323 4609 2340 4642 ι
2363 4591 2499 4644 Audi
2523 4590 2668 4660 (Jesu
2697 4591 2969 4661 sacer)dos
2987 4605 3194 4658 magne,
3217 4598 3274 4641 tu
3295 4596 3350 4641 et

210 4669 229 4700 ι
266 4657 461 4754 Ἄκουε
486 4665 547 4736 δὴ
587 4704 600 4718 .
643 4705 656 4718 .
699 4706 713 4718 .
755 4706 770 4720 .
811 4671 931 4739 ρεὺς
960 4673 988 4722 6
1013 4675 1197 4740 μέγας,
1227 4682 1287 4732 σὺ
1317 4657 1410 4734 καί
1433 4686 1479 4735 οἱ
1507 4685 1728 4754 πλησίον

210 4755 297 4795 σου
327 4751 374 4800 οί
421 4754 710 4824 καθήμενοι
753 4759 856 4826 πρὸ
885 4763 1164 4830 προσώπου
1212 4785 1334 4820 σουο
1377 4773 1503 4826 διότι
1543 4751 1729 4846 ἄνδρες

177 4841 585 4902 ,τερατοσκόποι
617 4846 742 4909 εἰσὶ,
773 4846 923 4910 διότι,
970 4851 1094 4915 ἰδοὺ,
1129 4854 1236 4922 ἐγὼ
1275 4857 1388 4925 ἄγω
1424 4861 1512 4914 τδν
1542 4841 1725 4918 δοῦλόν

217 4931 310 5022 μου
347 4925 642 5022 ’βᾼνατολήψ
661 4953 696 5022 ί»
731 4935 838 4988 Καὶ
861 4935 1012 5002 αὖθις
1050 4942 1166 5009 μεθ’
1197 4945 1385 5016 ἕτερα·
1430 4970 1448 5002 ι
1476 4954 1581 5005 Καὶ
1607 4955 1724 5022 ἐγέο

213 5018 324 5112 uero
355 5011 506 5112 λέγοις
530 5021 729 5090 Κυρίου
769 5025 902 5094 πρὸς
934 5028 1018 5096 μὲ,
1051 5030 1236 5098 λέγων·
1270 5011 1409 5089 Ᾱάὸε
1449 5039 1514 5092 τὰ
1546 5041 1607 5094 ἐκ
1631 5011 1727 5112 τῆς

217 5093 578 5200 ξιξχμαλωσίαὲ
605 5115 752 5200 παρὰ
782 5093 887 5167 τῶν
918 5093 1202 5187 ἀρχόντων.
1233 5141 1252 5173 ι
1289 5126 1396 5178 Καὶ
1429 5130 1564 5196 μετὰ
1594 5093 1726 5200 $96.:

219 5183 343 5288 χὲαἰ
374 5211 393 5242 ι
419 5181 710 5288 βαὶἿήψῃ
735 5181 1120 5276 ἀργύριον-*καὶ
1149 5216 1387 5284 ποιήσεις
1418 5181 1722 5288 ἑτεφάᾷοῖυνξ,

221 5275 304 5370 καὶ
328 5280 596 5372 επιθήσεις
625 5291 716 5342 ἐπὶ
745 5294 839 5363 τὴν
867 5275 1098 5370 κεφαλὴν
1139 5275 1306 5372 Ἰησοῦ
1341 5275 1451 5360 υ-ίοῦ
1493 5275 1726 5364 ’ίωσεδὲυκ

219 5366 303 5412 τοῦ
335 5366 516 5438 ἱερέως
537 5375 630 5427 τοῦ
660 5382 904 5450 μεγάλου,
931 5389 1020 5439 καὶ
1055 5366 1208 5458 έρεῖςν
1226 5393 1358 5461 πρὸς
1387 5397 1560 5451 αὐτόν·
1592 5401 1724 5455 Τάδε

225 5581 262 5610 u
283 5516 580 5610 ’sztchar.
618 5544 691 5610 ιιλ
713 5529 762 5582 8.

297 5585 511 5648 Zachar.
546 5610 629 5654 τι,
661 5596 726 5660 9,
761 5601 834 5654 10.

285 5700 352 5769 (l)
379 5707 532 5764 Deest
561 5706 666 5756 τοῦ.
693 5707 843 5765 Ξίιιιτ.

1824 4680 1978 4733 amici
2007 4680 2083 4732 tui
2113 4681 2204 4748 qui
2233 4681 2486 4734 habitant
2511 4695 2690 4734 coram
2725 4689 2794 4742 te,
2839 4680 2962 4748 quia
3003 4679 3102 4731 viri
3131 4685 3348 4746 porten-

1823 4768 2007 4822 dentes
2035 4779 2182 4832 sunt,
2215 4784 2340 4822 ecce
2365 4769 2504 4821 enim
2533 4782 2628 4836 ego
2643 4767 2900 4820 adducam
2928 4781 3140 4820 servum
3170 4779 3347 4818 meum

1827 4857 2095 4912 Orientem
2128 4858 2192 4910 ⁸³.
2250 4876 2268 4907 ι
2309 4872 2328 4905 ι
2359 4855 2533 4923 Atque
2561 4856 2752 4909 iterum
2784 4863 2905 4924 post
2942 4854 3081 4906 alia:
3117 4871 3135 4902 ι
3175 4852 3239 4904 Et
3268 4852 3350 4905 fac

1825 4957 1971 5002 ctum
1991 4953 2074 5001 est
2095 4945 2327 5001 Verbum
2371 4945 2605 4998 Domini.
2631 4943 2698 4996 ad
2748 4960 2834 4998 me
2859 4943 3044 4998 dicens
3076 4960 3089 4994 :
3124 4940 3286 4996 Sume
3315 4957 3348 4994 a

1826 5037 2292 5106 transmigratione
2319 5052 2349 5090 a
2369 5037 2599 5092 ducibus
2620 5034 2702 5102 “;
2731 5054 2750 5086 ι
2775 5043 2826 5089 et
2855 5036 3012 5104 paulo
3043 5040 3165 5102 post
3189 5051 3202 5086 :
3233 5050 3252 5083 ι
3280 5032 3347 5086 Ει

1829 5143 2008 5183 sumes
2042 5141 2233 5181 aurum
2282 5137 2335 5182 et
2365 5137 2640 5197 argentum
2679 5135 2770 5179 :et
2806 5125 2972 5180 facies
3014 5136 3263 5186 coronas,
3293 5130 3348 5175 et

1829 5234 1992 5290 pones
2011 5219 2064 5272 in
2087 5218 2258 5288 capite
2281 5217 2427 5283 Iesu,
2453 5216 2547 5270 ﬁlii
2574 5214 2798 5270 Josedec
2823 5215 3113 5269 sacerdotis
3141 5215 3341 5283 magni,

1829 5317 1881 5365 et
1908 5311 2140 5379 loqueris
2165 5310 2232 5363 ad
2253 5324 2374 5363 eum
2403 5309 2588 5363 dicens
2612 5326 2624 5362 :
2650 5306 2772 5362 Haec
2799 5309 2874 5361 ait
2894 5307 3147 5362 Dominus
3174 5309 3352 5361 omni-

1828 5409 2052 5471 potens:
2090 5401 2227 5457 Ecce
2252 5403 2332 5455 vir
2353 5400 2543 5457 Oriens
2570 5415 2766 5454 nomen
2815 5399 2936 5469 ejus
2990 5418 3004 5454 :
3052 5405 3107 5455 et
3161 5400 3350 5456 subter

839 5535 881 5567 "
921 5537 1046 5628 ibid:
1084 5541 1163 5594 ίί.
1242 5543 1284 5574 ⁶⁰
1323 5543 1542 5604 Zachar.
1573 5565 1642 5613 ιι,
1681 5551 1726 5607 ι(

1825 5554 1895 5610 Η.
1972 5557 2011 5588 ει
2053 5553 2273 5611 Zacliar.
2308 5571 2402 5622 ιιι,
2437 5554 2486 5609 1.
2562 5554 2602 5586 ⁸³
2641 5551 2768 5607 ibid.
2828 5551 2880 5618 ί,
2929 5551 2980 5608 5.
3053 5552 3096 5585 ⁸⁸
3130 5549 3258 5606 ibid.
3290 5550 3343 5606 8.
