3952 6392
508 419 640 475 1147

1193 409 1447 467 EUSEBII
1484 412 1956 470 CESARIENSIS
1991 412 2135 469 OPP.
2171 407 2347 465 PARS
2374 408 2466 462 Ill.
2491 436 2563 447 —
2584 397 3034 458 EXEGETICA.

3721 377 3866 434 ιιιε

505 544 628 583 eum
665 526 886 590 orietur,
921 525 984 583 ἐς
1033 526 1316 583 aediﬁcabit
1361 527 1613 595 templum
1667 526 1912 581 Domino.
1969 527 2066 590 Et,

2325 522 2531 591 Κύριος
2583 513 3035 585 παντοκράτωρ·
3086 502 3279 595 Ἰδοὶέ
3594 492 3870 595 ΪΔναῖώίὴ

507 617 624 687 ipse
672 617 904 686 portabit
934 618 1172 686 gloriam,
1211 624 1263 671 et
1295 617 1520 679 sedebit,
1565 624 1619 670 et
1665 616 2031 670 dominabitur

506 722 670 776 super
700 706 835 760 solio
861 722 979 769 suo,
1010 713 1064 760 et
1094 708 1194 760 erit
1225 706 1478 760 sacerdos
1508 721 1537 758 a
1568 707 1769 760 dextris
1797 707 1936 774 ejus,
1975 713 2030 760 et

504 796 790 850 consilium
838 796 983 864 pacis
1015 795 1116 849 erit
1169 795 1309 848 inter
1354 795 1476 848 illos
1521 795 1676 849 duos.
1717 794 1784 847 Et
1815 810 2027 850 corona:

505 894 663 940 erunt
694 884 1125 954 exspectantibus
1153 885 1220 938 “.
1259 903 1277 935 ›
1312 883 1444 939 Cum
1477 881 1807 938 Salvatorem
1844 892 1898 939 et
1924 885 2029 938 Do-

504 975 706 1028 minum
735 982 973 1028 nostrum
992 971 1174 1026 Jesum
1194 971 1464 1026 Christum
1490 974 1721 1043 inclytus
1739 974 2029 1044 Apostolus

508 1083 528 1117 ι
563 1063 896 1117 Sacerdotem
935 1062 1176 1130 Magnum
1206 1061 1560 1133 n(ominavit),
1596 1064 1687 1131 qui
1731 1065 2029 1132 penetravit

503 1154 668 1208 cmlos
700 1152 763 1214 ",
805 1169 823 1201 ›
851 1150 917 1204 ad
950 1166 1072 1205 eum
1106 1165 1215 1204 non
1250 1152 1516 1205 immerito
1546 1152 1846 1207 referenda.
1892 1195 1906 1209 .
1951 1194 1964 1206 .
2010 1198 2025 1210 .

501 1250 554 1297 et
584 1241 672 1310 qui
700 1239 993 1295 secundum
1019 1241 1353 1309 prophetiam
1390 1241 1575 1296 eodem
1608 1244 1927 1312 cognomine
1963 1259 2026 1299 ac

500 1331 699 1385 honore
734 1330 1037 1412 decoratus.
1067 1329 1186 1384 Haec
1216 1331 1420 1385 eadem.
1463 1370 1478 1385 .
1523 1370 1537 1385 .
1581 1373 1595 1385 .
1637 1370 1653 1386 .
1695 1370 1710 1385 .
1743 1330 1897 1387 Hunc
1925 1333 2026 1403 igi-

498 1428 586 1473 tur
620 1418 879 1474 Dominus
908 1419 1144 1474 ostendit
1165 1421 1453 1490 pr0phetae.
1496 1462 1510 1475 .
1555 1461 1569 1475 .
1611 1459 1627 1474 .
1672 1462 1688 1475 .
1731 1461 1746 1476 .
1789 1462 1803 1475 .
1844 1460 1860 1475 .
1904 1421 2025 1476 Sal-

496 1509 698 1562 vatoris
745 1509 920 1562 nostri
958 1508 1022 1561 ad
1051 1517 1291 1563 nostram
1320 1511 1681 1578 captivitatem
1715 1512 2021 1567 solvendam

496 1598 809 1651 descensum
844 1598 1177 1665 signiﬁcans,
1210 1614 1338 1668 quo.
1381 1638 1395 1653 .
1436 1640 1451 1653 .
1497 1639 1509 1651 .
1560 1638 1576 1654 .
1624 1644 1640 1659 .
1691 1602 2023 1657 nuntiavisse

496 1687 721 1756 captivis
773 1687 1212 1755 redemptionem,
1240 1689 1389 1745 velut
1421 1698 1637 1744 nostras
1672 1690 1726 1743 in
1785 1691 2022 1760 seipsum

496 1776 795 1844 suscipiens
841 1775 1155 1844 iniquitates
1195 1775 1428 1830 sordidis
1457 1777 1595 1846 apud
1629 1794 1728 1833 nos
1758 1796 1890 1836 usus
1936 1790 2021 1837 est

494 1865 849 1920 vestimentis.
880 1864 1003 1918 Haec
1026 1864 1186 1920 Pater
1221 1876 1500 1921 exuentem
1543 1868 1693 1936 jubet
1721 1869 2023 1925 divinitatis
2053 1918 2055 1924 .

1721 1869 2023 1925 divinitatis
2053 1873 2096 1925 Β
2122 1868 2487 1937 αἰνιττόμενος
2534 1864 2788 1927 κάθοδον,
2834 1861 2981 1914 καθ’
3021 1860 3110 1929 ἣν
3166 1896 3187 1912 .
3246 1899 3262 1912 .

494 1970 769 2009 assumere
808 1955 1001 2009 divinae
1029 1962 1082 2009 et
1120 1955 1313 2010 decora
1341 1957 1536 2011 summi
1567 1957 1622 2012 in
1657 1960 1809 2014 caelis
1838 1975 2023 2016 sacer—

492 2044 625 2098 dotil
646 2045 892 2112 insignia.
922 2044 1119 2099 Horum
1151 2053 1325 2100 autem
1346 2061 1412 2099 ex
1446 2047 1668 2102 historia
1698 2049 1781 2103 de.
1826 2089 1842 2103 .
1884 2089 1900 2104 .
1942 2091 1956 2105 .
1999 2090 2019 2105 .

490 2132 673 2188 Jesum
707 2136 881 2203 typice
912 2142 969 2188 ut
989 2135 1278 2189 verisimile
1304 2143 1388 2189 est
1425 2136 1564 2190 natis
1592 2137 1660 2198 ab
1690 2138 1795 2191 alio
1818 2140 2022 2207 princi-

492 2225 579 2292 pio
612 2225 831 2278 verbum
854 2224 920 2278 ad
954 2224 1128 2294 ipsum
1152 2224 1325 2278 virum
1352 2222 1533 2280 Jesum
1557 2234 1610 2279 et
1643 2226 1764 2281 illos
1786 2229 2021 2297 quicum

492 2328 574 2368 eo.
618 2352 633 2368 .
678 2353 692 2367 .
737 2355 751 2368 .
794 2352 809 2366 .
851 2356 864 2368 .
906 2355 920 2372 .
974 2314 1222 2383 dignatos
1270 2316 1557 2380 nominari,
1610 2318 1685 2370 ait
1739 2336 1753 2371 :
1812 2337 1829 2369 ι
1882 2317 2022 2373 Ecce

491 2419 590 2473 ego
620 2404 876 2458 adducam
909 2404 1142 2475 (servum
1165 2405 1360 2475 meum)
1386 2404 1656 2460 Orientem
1679 2407 1741 2462 ⁸⁷.
1781 2427 1800 2461 ι
1830 2409 1894 2461 Ει
1913 2424 2020 2464 non

491 2495 659 2547 multo
691 2502 813 2563 post
846 2515 859 2548 :
908 2514 927 2547 ι
959 2495 1198 2550 Coronas
1252 2497 1307 2550 in
1344 2497 1516 2565 ipsius
1545 2496 1673 2552 Jesu
1720 2500 1898 2568 capite
1920 2516 2021 2571 po-

489 2599 586 2636 nes
616 2584 678 2646 ⁶⁸,
725 2604 743 2635 ι
798 2585 1056 2652 subjicit:
1105 2604 1124 2637 ι
1176 2583 1299 2639 Herc
1353 2587 1427 2639 ait
1479 2586 1736 2643 Dominus
1776 2592 2023 2659 omnipo-

492 2676 609 2721 tens
640 2668 813 2724 :Ecce
836 2672 918 2724 vir
946 2671 1136 2726 Oriens
1161 2687 1357 2727 nomen
1384 2674 1501 2741 ejus
1527 2674 1592 2729 ".
1632 2694 1652 2726 ι
1685 2674 1748 2727 Ει
1776 2687 1917 2745 post.
1951 2718 1966 2732 .
2001 2720 2015 2734 .

492 2758 538 2826 (ι
563 2758 746 2812 subter
776 2763 919 2828 eum)
945 2762 1146 2816 orietur
1164 2769 1217 2815 et
1249 2762 1530 2817 azdiﬁcabit
1556 2765 1808 2833 templum
1840 2766 2022 2820 Domi-

489 2861 560 2899 no
579 2847 646 2911 7°,
670 2868 687 2899 ι
713 2856 830 2904 et...
848 2851 912 2904 ad
929 2849 1196 2905 Christum
1217 2852 1497 2906 referenda
1509 2862 1720 2908 sunt....
1739 2855 1900 2923 hujus
1918 2857 2020 2912 loci

490 2937 781 3002 sequentia.
798 2934 1169 2991 Verumtamen
1197 2936 1413 2995 Iudaeis.
1458 2980 1470 2995 .
1507 2981 1521 2995 .
1552 2982 1564 2995 .
1601 2980 1614 2993 .
1658 2982 1673 2996 .
1703 2946 2018 3012 ostendere;

489 3036 610 3075 cum
641 3024 852 3092 quidem
883 3026 1095 3083 minime
1126 3028 1434 3096 prophetam
1460 3044 1510 3083 a.
1542 3071 1555 3084 .
1592 3070 1606 3083 .
1650 3072 1664 3086 .
1708 3072 1721 3086 .
1740 3049 1925 3103 regno.
1956 3036 2019 3089 Et

488 3112 776 3180 prophetiae
819 3116 1165 3183 temporibus.
1208 3156 1221 3170 .
1265 3154 1279 3169 .
1323 3158 1336 3171 .
1382 3157 1395 3169 .
1436 3158 1450 3171 .
1495 3159 1509 3173 .
1553 3162 1566 3174 .
1613 3162 1626 3175 .
1669 3162 1682 3176 .
1731 3125 2019 3180 excitatum

490 3200 743 3254 haberent
767 3204 1068 3268 ostendere,
1112 3206 1215 3260 nisi
1239 3204 1497 3262 Joannem
1530 3217 1583 3264 et
1609 3209 1891 3267 Dominum
1920 3231 2017 3269 no-

490 3294 659 3341 strum
684 3288 865 3344 Jesum
894 3291 1184 3347 Christum.
1230 3293 1361 3360 Quis
1411 3297 1572 3368 igitur
1625 3303 2022 3370 prophetizatus

492 3385 696 3444 tempus
720 3387 800 3433 est
825 3377 1030 3434 dicere.
1053 3419 1066 3432 .
1087 3422 1100 3435 .
1122 3422 1137 3438 .
1159 3422 1173 3436 .
1197 3424 1211 3437 .
1254 3383 1312 3439 Si
1350 3400 1479 3439 vero
1523 3386 1781 3455 dicerent,
1806 3390 1919 3445 haec
1956 3392 2023 3445 ad

487 3462 665 3520 Jesum
695 3466 857 3521 tilium
875 3468 1095 3525 Josedec
1122 3483 1392 3541 spectant,
1419 3477 1804 3532 ostendendum
1836 3488 1917 3533 est
1945 3481 2022 3535 eis

488 3552 706 3609 minime
732 3554 809 3608 illi
839 3572 956 3626 quae
983 3557 1125 3612 dicta
1156 3569 1279 3614 sunt
1302 3565 1605 3620 convenire.
1629 3565 1851 3631 Quando
1879 3569 2021 3622 enim

487 3654 730 3697 vocatum
758 3653 841 3699 est
878 3661 1071 3701 nomen
1100 3649 1218 3717 ejus
1246 3648 1480 3707 Oriens?
1507 3651 1674 3717 Quam
1711 3653 1781 3707 ob
1804 3670 2019 3710 causam

488 3731 589 3784 hac
614 3731 1043 3789 deuominatione
1081 3736 1370 3808 dignatur?
1402 3742 1679 3805 Quomodo
1718 3759 1839 3797 eum
1866 3745 2023 3798 dece-

487 3828 587 3884 ret,
615 3839 633 3871 ι
660 3818 724 3874 Et
741 3824 941 3877 sedebit
958 3834 1011 3879 et
1038 3826 1397 3883 dominabitur
1419 3847 1578 3901 super
1607 3835 1739 3887 solio
1760 3836 1889 3888 tuo?
1915 3855 1933 3886 ι
1957 3850 2020 3890 ac

486 3911 779 3977 praesertim
818 3912 967 3974 illud,
995 3938 1013 3964 ι
1051 3922 1103 3969 et
1135 3918 1235 3970 erit
1261 3921 1514 3975 sacerdos
1542 3936 1571 3974 a
1599 3923 1799 3977 dextris
1830 3925 2011 3993 ejus?»

490 3995 547 4051 Si
574 3998 715 4052 enim
742 4000 858 4068 ipse
895 4011 1036 4057 esset
1071 4008 1321 4062 sacerdos
1349 4025 1601 4080 magnus,
1641 4013 1761 4081 quis
1789 4011 1925 4068 foret
1955 4015 2020 4068 ad

486 4088 756 4142 dexteram
782 4090 899 4158 ejus
952 4092 1090 4146 alius
1136 4109 1199 4147 ac
1239 4096 1353 4165 ipse
1399 4100 1683 4154 sacerdos?
1742 4102 2021 4158 Manifeste

487 4189 661 4234 autem
690 4180 851 4234 alium
879 4196 940 4234 ac
971 4183 1118 4236 illum
1153 4200 1274 4240 esse
1301 4186 1458 4242 docet
1487 4190 1754 4245 Orientem
1778 4192 2020 4246 nomina-

436 4340 444 4350 ‘
485 4277 618 4322 tum.
653 4268 857 4324 Etenim
882 4271 945 4325 ad
972 4273 1142 4341 ipsum
1174 4274 1454 4332 Dominum
1480 4287 1532 4335 et
1571 4282 1637 4333 ad
1670 4284 2021 4337 circumstan-

485 4367 567 4412 tes
629 4373 747 4412 eum
800 4360 873 4412 ait
914 4360 1226 4430 Scriptura:
1276 4383 1294 4415 ι
1339 4369 1516 4434 Audi,
1560 4369 1723 4435 Jesu,
1770 4374 2018 4428 sacerdos

485 4463 703 4517 magne,
739 4457 797 4502 tu
825 4458 877 4503 et
914 4452 1067 4503 amici
1105 4453 1219 4507 tui:
1251 4470 1378 4510 ecce
1421 4461 1562 4513 enim
1607 4477 1705 4531 ego
1755 4461 2014 4516 adducam

2127 581 2291 683 δνὲμα
2321 581 2493 680 αὐτῷ,
2525 610 2621 662 καὶ
2650 581 3038 659 ὑποκάτωθεν
3069 591 3276 693 αὑτοῦ
3310 588 3393 693 (ι.
3431 585 3543 693 σεξ
3581 581 3871 693 efﬁgia,

2128 672 2230 758 καί
2243 672 2588 771 οἰκοδομήσει
2613 697 2707 750 τὸν
2737 690 2896 747 οῐκον
2925 687 3222 777 Κυριου,-
3248 680 3369 777 καὶ
3397 675 3595 777 αῗτδς
3628 672 3872 777 λήψεται

2127 793 2344 864 ἀρετὴν.
2375 764 2795 848 καὶ-καθιεῖται,
2833 780 2937 835 καὶ
2980 775 3170 869 deﬁet
3203 771 3330 869 in}:
3375 766 3493 868 10:3
3526 764 3749 869 096w:
3774 764 3870 869 at):

2125 851 2239 944 τοῦ,
2265 851 2358 932 καὶ
2396 879 2551 930 ἔσται
2579 877 2608 927 6
2635 874 2821 944 ἱερεὺς
2848 873 2920 922 ὲκ
2970 863 3200 929 δεξιῶν
3254 856 3495 920 αὐτοῦ,
3548 855 3661 908 καὶ
3709 851 3867 923 ﬂuxi;

2127 968 2375 1039 εἰρηνικὴ
2408 965 2560 1018 ἔσται
2584 961 2869 1032 ἁναμέσον
2906 952 3363 1050 αμφοτέρωνζ
3388 946 3567 1049 ’0.δὲ

2127 1036 2274 1111 ἔσται
2305 1036 2416 1120 τοῖς
2450 1050 2845 1125 ὑπομενοῦσιν.
2876 1066 2897 1100 ι
2938 1043 3127 1138 Ἐπεξ
3150 1041 3271 1094 τδν
3305 1037 3604 1138 ’Σωτῆξίξ
3635 1036 3743 1138 "ﬁ"

2132 1165 2242 1219 ριον
2275 1146 2434 1216 ἡμῶν
2473 1143 2682 1216 ἰηστῦν
2716 1137 2978 1211 Χριστὸν
3023 1137 3058 1188 6
3094 1130 3481 1235 θαυμάσιρς
3529 1126 3867 1235 ’Δῖυόπρλος

2140 1236 2424 1309 Ἀρχιερέα
2454 1235 2643 1304 Μέγαν
2682 1227 3013 1302 ὠ(νόμασε)
3061 1220 3510 1292 διεληλυθότα
3537 1220 3683 1280 τοὺς
3710 1220 3869 1309 οῠραῗ

2126 1304 2270 1392 vobis,
2300 1304 2610 1397 ἀναφέροιτ’
2636 1323 2705 1377 ἂν
2742 1321 2832 1374 ἐπ’
2866 1316 3061 1372 αὑτὸν
3102 1312 3395 1374 εἰκότως
3444 1349 3465 1364 .
3521 1348 3540 1363 .
3591 1346 3611 1362 .
3661 1347 3677 1361 .
3724 1348 3739 1361 .
3781 1304 3869 1362 καὶ

2124 1420 2152 1470 6
2178 1418 2317 1471 κατὰ
2343 1417 2441 1487 τὴν
2470 1414 2818 1486 προφητείαν
2854 1412 2929 1481 τῇ
2966 1425 3043 1461 τε
3094 1407 3273 1474 αὐτῇ
3316 1400 3743 1473 προσωνυμίᾳ.
3782 1400 3866 1452 καὶ

2124 1508 2209 1578 τῷ
2250 1507 2399 1577 αὐτῷ
2425 1504 2696 1575 ἀξιώματι
2720 1498 3187 1571 τετιμημένος’
3232 1493 3451 1563 ταύτη
3493 1508 3567 1544 τε
3615 1529 3631 1544 .
3681 1532 3696 1545 .
3742 1532 3756 1543 .
3797 1528 3811 1542 .
3848 1529 3861 1540 .

2129 1637 2148 1650 .
2179 1638 2195 1650 .
2236 1633 2253 1652 .
2293 1636 2307 1649 .
2351 1596 2656 1667 ρηματίσας
2681 1611 2696 1623 ·
2748 1589 2964 1645 τοῦτον
3007 1588 3089 1659 δὴ
3137 1582 3258 1640 οὖν
3299 1586 3337 1638 ὀ
3396 1584 3643 1653 Κύριος
3676 1582 3861 1645 ἔδειξεν

2122 1687 2201 1757 τῷ
2234 1688 2493 1758 προφήτω
2533 1723 2548 1736 .
2591 1724 2605 1736 .
2654 1724 2667 1737 .
2714 1722 2731 1736 .
2771 1677 3116 1750 τιρυπώση
3174 1672 3860 1746 περιδεδλημένον,τὴν

2122 1779 2217 1831 τοῦ
2249 1779 2495 1848 Σωτῆρος
2524 1774 2681 1846 ήμῶν
2712 1772 2811 1825 ἐπὶ
2852 1773 2973 1842 τὴν
3028 1767 3191 1823 καθ’
3246 1768 3435 1837 ἡμᾶς
3466 1763 3855 1865 αἰχμαλωσίαν

3326 1872 3855 1912 .......ων

2127 1930 2364 2028 κηρύξαι
2394 1954 2757 2027 αἰχμαλώτοις
2805 1954 3065 2021 ἄφεσιν,
3108 1946 3226 2002 οἷα
3284 1930 3367 2019 δὴ
3416 1947 3540 2012 τὰς
3591 1946 3853 2017 ἡμετέρας

2126 2051 2206 2110 εἰς
2247 2046 2436 2100 ἑαυτὸν
2484 2042 2770 2099 ἀναλαϐὼν
2808 2041 3150 2112 ἁμαρτίας
3218 2042 3545 2111 ῥυπαροῖς
3602 2039 3853 2108 κέχρηται

2126 2138 2256 2207 παρ’
2299 2135 2454 2206 ἡμῶν
2498 2135 2794 2203 ἐνδύμασι·
2830 2132 3045 2185 ταῦτα
3106 2131 3166 2184 δ’
3217 2134 3254 2185 6
3314 2130 3548 2201 Πατὴρ
3598 2129 3850 2183 ἀποδύντα

2125 2224 2332 2279 κελεύει
2376 2224 2443 2277 τὰ
2488 2223 2585 2293 τῆς⁸
2630 2222 2899 2293 θεότητος
2949 2222 3335 2276 ἀναλαϐεῖν
3394 2222 3540 2275 θεῖα
3593 2222 3691 2275 καὶ
3722 2220 3849 2285 ἀξιο-

2126 2317 2312 2389 πρεπῆ
2356 2319 2454 2387 τῆς
2495 2315 2616 2368 κατ’
2669 2315 2916 2386 οὐρανὸν
2985 2314 3516 2387 ἀρχιερωσύνης
3571 2314 3842 2386 ἐνδύματα.

2125 2407 2321 2461 Τούτων
2376 2405 2430 2459 δὲ
2475 2407 2567 2458 καὶ⁴
2609 2403 2754 2457 κατὰ
2784 2405 2895 2474 τὴν
2930 2404 3249 2476 ἱστορίαν
3293 2406 3453 2477 περὶ
3484 2423 3521 2458 τ
3568 2444 3586 2459 .
3632 2446 3646 2456 .
3692 2445 3706 2457 .
3746 2421 3845 2456 τοτε

2136 2495 2336 2565 Ἰησοῦν
2377 2494 2622 2557 τυπικῶς
2658 2494 2736 2557 ὡς
2783 2495 2950 2557 εἰκὸς
3000 2496 3501 2567 γεγενημένων
3536 2498 3638 2566 ἀφ’
3673 2498 3841 2567 ἑτέρας

2123 2585 2292 2655 ἀρχῆς
2320 2585 2348 2635 6
2372 2584 2526 2652 λόγος
2572 2584 2711 2654 πρός
2734 2600 2799 2635 τε
2829 2584 3031 2637 αὐτὸν
3067 2586 3192 2638 τὸν
3247 2586 3462 2658 ἄνδρα
3512 2586 3729 2656 Ἰησοῦν
3764 2586 3839 2637 καὶ

2122 2675 2244 2737 τοὺς
2309 2674 2405 2725 σὺν
2455 2672 2606 2742 αὐτῷ
2648 2712 2664 2725 .
2712 2712 2727 2725 .
2776 2712 2791 2726 .
2839 2672 3476 2743 (τε)ρατοσκόπους,
3530 2675 3765 2747 ἠγοῦμαι
3802 2674 3839 2725 δ’

2122 2762 2290 2826 οὕτως
2316 2764 2439 2826 τοὺς
2466 2765 2565 2831 τῆς
2596 2764 3018 2833 πνευματικῆς
3075 2804 3094 2818 .
3156 2807 3175 2820 .
3231 2805 3252 2820 .
3313 2807 3331 2821 .
3393 2808 3410 2820 .
3463 2808 3480 2819 .
3524 2767 3836 2837 ἡξιωμένσάς

2121 2851 2444 2921 ὠνομάσθαι,
2475 2852 2662 2922 φησιν,
2701 2871 2722 2904 ι
2762 2853 2912 2906 Ἰδοὺ
2951 2853 3100 2922 ἐγὼ
3144 2856 3301 2925 ἄγω
3335 2858 3448 2911 τὸν
3478 2898 3495 2912 .
3545 2900 3562 2913 .
3608 2898 3625 2912 .
3667 2897 3685 2912 .
3722 2896 3736 2911 .
3772 2897 3787 2912 .
3818 2893 3834 2910 .

2135 2937 2432 3007 Ἀνατολήν.
2470 2957 2487 2989 ι
2522 2940 2632 2992 Καὶ⁸
2660 2941 3074 3006 ὑποκαταϐὰς
3110 2945 3329 2998 αὐτοῦ
3374 2946 3487 2999 τοῦ
3527 2945 3706 3018 Ἰησοῦ
3732 2946 3835 3005 τοὺς

2125 3023 2456 3094 στε(φάνους)
2502 3027 2570 3096 τῇ
2622 3027 2845 3097 κεφαλῇ
2906 3029 3232 3098 ἐπιθεὶς,
3298 3035 3594 3108 ἐπιφέρει
3647 3035 3829 3104 λέγων*

2130 3131 2150 3164 ι
2177 3114 2314 3167 Τάδε
2342 3114 2487 3183 λέγει
2517 3115 2727 3186 Κύριος
2752 3122 3249 3195 παντοκράτωρ
3278 3142 3296 3155 ο
3341 3127 3477 3180 ἰδοὺ
3516 3128 3664 3198 ἀνὴρ
3706 3129 3829 3180 'sz-

2044 3226 2085 3281 α
2116 3205 2241 3275 τολὴ
2278 3204 2445 3275 ὄνομα
2470 3222 2483 3234 ⁸
2516 3224 2534 3256 ι
2561 3206 2658 3257 καὶ
2690 3207 2961 3262 ὐποκάτ.
3025 3252 3044 3265 .
3105 3252 3124 3265 .
3188 3254 3207 3267 .
3265 3255 3290 3270 .
3342 3256 3360 3273 .
3415 3235 3439 3268 ι
3481 3218 3733 3273 ἀνατεὶ-εἶ
3753 3219 3833 3270 καὶ

2124 3294 2457 3364 οἰκοδομήσει
2488 3295 2581 3348 τὸν
2627 3291 2781 3349 οἷκον
2828 3298 3080 3370 Κυρίου
3128 3323 3155 3357 ι
3210 3308 3331 3361 καὶ
3363 3309 3483 3374 τὰς
3524 3352 3542 3365 .
3592 3352 3609 3366 .
3649 3351 3665 3366 .
3705 3350 3719 3364 .
3750 3312 3829 3362 καὶ

2122 3383 2190 3436 τὰ
2232 3384 2323 3435 ἐπὶ
2366 3385 2456 3437 τὸν
2503 3384 2746 3454 Χριστὸν
2793 3387 3183 3462 ἀναφέροι-τ’
3224 3397 3336 3463 ἂν,
3376 3401 3497 3472 τῆς
3547 3398 3827 3473 upon-‘15;

2124 3493 2221 3545 σης
2259 3515 2273 3529 .
2319 3514 2336 3529 .
2378 3475 2649 3546 (τυ)χόντα
2699 3477 3054 3549 διηγήσεως
3088 3501 3106 3514 ο
3156 3487 3340 3560 πλὴν
3373 3493 3489 3544 καὶ
3518 3496 3639 3555 τοῖς
3668 3497 3728 3545 ἐκ
3753 3508 3827 3542 τε.

2122 3563 2345 3634 ριτομῇς
2376 3564 2467 3615 καὶ
2510 3601 2523 3615 .
2570 3603 2583 3616 .
2631 3605 2647 3621 .
2694 3603 2710 3617 .
2757 3576 2787 3619 .‘
2824 3607 2839 3620 .
2890 3607 2908 3620 .
2958 3569 3126 3627 αλὺν
3188 3615 3208 3629 .
3269 3618 3285 3630 .
3345 3619 3360 3631 .
3417 3620 3434 3633 .
3484 3581 3823 3651 παραθέσθαι.

2119 3653 2240 3705 ἐπεὶ
2271 3652 2390 3722 μηδ’
2419 3652 2555 3715 ὅλως
2583 3655 2886 3726 προφήτην
2947 3658 3087 3714 ἀπὸ
3130 3665 3263 3736 τῆς
3316 3709 3334 3723 .
3386 3708 3404 3722 .
3455 3709 3475 3725 .
3525 3710 3540 3723 .
3589 3711 3605 3725 .
3649 3687 3827 3742 περσου

2121 3741 2419 3812 βασιλείας*
2451 3742 2545 3794 καὶ
2573 3743 2684 3796 τῶν
2710 3744 2818 3815 τῆς
2851 3755 3288 3821 προφητείας
3316 3761 3561 3830 χρόνων
3601 3802 3614 3813 .
3661 3803 3675 3813 .
3768 3800 3781 3814 .
3814 3801 3825 3815 .

2122 3871 2138 3888 .
2181 3872 2197 3889 .
2238 3871 2253 3886 .
2292 3833 2662 3902 ἐγηγερμένον
2688 3833 2874 3905 ἔχοιεν
2909 3840 3284 3911 ἐπιδεῖξαι,
3333 3852 3424 3922 μὴ
3456 3855 3549 3906 ὅτι
3583 3872 3649 3922 γε
3677 3854 3827 3907 Ἰωάνα

2117 3940 2212 4015 νῖιν
2247 3925 2339 3976 καὶ
2366 3924 2477 3976 τδνη
2521 3924 2730 3994 Κύριον
2790 3929 2971 3998 ἡμῶν
3036 3937 3310 4009 Ἰησοῦν
3345 3945 3634 4015 Χριστόν.
3669 3947 3757 4009 Τίς
3776 3945 3825 4014 δὴ

2117 4010 2212 4107 οὖν
2231 4016 2258 4067 6
2289 4015 2771 4107 προφητευόμενος
2818 4019 2958 4090 ὥρα
3008 4026 3246 4097 λέγειν
3304 4077 3315 4086 .
3367 4077 3388 4093 .
3413 4010 3495 4091 ⁷εἰ
3524 4040 3587 4092 δε
3620 4010 3824 4107 liram.

2115 4103 2285 4156 ταῦτα
2316 4106 2397 4167 εἰς
2425 4105 2515 4157 τὸν
2556 4106 2772 4176 Ἰησοῦν
2797 4110 2899 4164 τὸν
2949 4117 3069 4169 τοῦ
3119 4122 3433 4181 Ἰωσεδὲκ
3484 4103 3823 4203 ἀναφέρεται.

2115 4192 2346 4295 δεικτέον
2370 4195 2575 4295 αὐτοῖς,
2603 4196 2688 4295 ὅτι
2709 4200 3009 4295 μηδαμῶς
3047 4210 3301 4287 ἐκείνῳ
3327 4220 3409 4273 τὰ
3443 4192 3723 4295 λεγόμενα
3746 4227 3827 4293 ἁρ-

2120 4280 2471 4382 μοζειζέπότε
2498 4285 2611 4382 γὰρ
2656 4288 2872 4382 ἐκλήθη
2903 4295 2975 4347 τὸ
3013 4298 3235 4373 ὄνομα
3264 4280 3492 4364 ταὺτοῦ
3525 4280 3821 4382 λίνα-τοὶ.τῇ

2114 4370 2275 4476 ξξὰιτι
2304 4372 2361 4476 δε
2390 4374 2483 4425 καὶ
2512 4375 2727 4476 fatim;
2759 4379 3043 4444 ἀξιοῦται
3086 4370 3219 4464 τῆς
3249 4405 3707 4476 προσηγορίας;

2117 4460 2429 4567 δὲηάςμξσει
2469 4464 2623 4567 εξῦτῷ
2650 4468 2737 4532 τὸ,
2780 4488 2801 4521 ι
2838 4473 2977 4567 *Καὶ
3015 4460 3363 4543 καθιεῖ-ται
3414 4460 3524 4546 κέι
3551 4460 3721 4567 ⁸ἄρ.έεί

485 4553 695 4593 servum
744 4553 919 4592 meum
945 4538 1234 4595 Orientem.
1272 4563 1290 4595 ι
1327 4545 1384 4599 Si
1422 4548 1586 4618 igitur
1607 4551 1654 4604 ei
1687 4550 1797 4603 haec
1829 4550 2018 4606 dicun—

2263 4552 2423 4642 κρόνου
2447 4555 2653 4637 αὐτοῦς
2691 4578 2711 4610 ι
2754 4562 3017 4631 μάλιστα
3035 4571 3108 4625 δὲ
3140 4538 3726 4642 $6,}w

486 4638 608 4693 tur,
675 4630 939 4697 quomodo
999 4630 1294 4686 existimari
1348 4646 1522 4706 potest
1581 4640 1648 4694 de
1702 4641 1818 4709 ipso
1865 4642 2011 4697 dici:

490 4738 510 4770 ι
545 4719 678 4773 Ecce
703 4719 784 4772 vir
812 4717 1000 4774 Oriens
1028 4722 1262 4793 (nomen)
1294 4722 1449 4794 ejus?
1486 4745 1506 4778 ι
1548 4727 1744 4798 Aperte
1780 4730 1865 4784 his
1897 4747 2014 4785 ver-

484 4811 567 4865 bis
589 4810 708 4864 duae
730 4810 1075 4880 designantur
1095 4826 1369 4881 personae;
1402 4817 1567 4872 altera
1597 4819 1833 4888 quidem,
1852 4816 2011 4890 quam

485 4899 772 4968 alloquitur
791 4899 1064 4966 divinitas,
1095 4902 1263 4958 altera
1291 4904 1357 4959 de
1384 4921 1489 4975 qua
1529 4910 1881 4979 prophetizat.
1913 4910 2011 4964 Cui

484 4993 537 5038 et
565 4988 680 5041 sine
717 4989 1080 5043 controversia
1108 4988 1452 5047 induceretur
1478 4994 1546 5048 ad
1568 4997 1860 5063 Christum,
1889 5012 2012 5053 vere

487 5074 671 5131 ﬁlium.
713 5114 730 5131 .
765 5116 782 5130 .
824 5115 839 5131 .
880 5118 895 5133 .
973 5118 987 5132 .
1039 5118 1053 5133 .
1097 5121 1113 5136 .
1156 5122 1170 5135 .
1214 5123 1228 5136 .
1281 5082 1594 5153 intelligitur
1645 5089 1873 5155 justitia.
1914 5087 2011 5142 llic

486 5172 626 5216 esset
655 5165 826 5221 Pater.
870 5208 884 5221 .
932 5208 945 5222 .
989 5208 1002 5223 .
1046 5210 1061 5225 .
1104 5209 1119 5224 .
1153 5172 1390 5226 victoriae
1418 5177 1633 5232 coronis
1658 5170 1872 5235 Christo
1912 5180 2010 5233 im-

486 5252 674 5316 positis
713 5293 728 5308 .
770 5296 785 5309 .
829 5296 843 5310 .
888 5298 899 5310 .
942 5295 957 5311 .
1000 5298 1015 5314 .
1058 5300 1072 5313 .
1116 5299 1131 5314 .
1190 5269 1365 5316 vocat.
1427 5261 1653 5332 Propter
1714 5269 2009 5323 doctrinam

488 5334 625 5389 inter
653 5339 911 5397 homines.
959 5386 971 5398 .
1010 5386 1026 5400 .
1065 5385 1080 5400 .
1123 5388 1135 5401 .
1179 5387 1196 5404 .
1238 5388 1252 5404 .
1294 5388 1310 5406 .
1352 5388 1367 5403 .
1408 5351 1752 5424 Primumque
1798 5368 1850 5413 et
1898 5372 2009 5411 ma-

489 5435 652 5508 gnum
682 5424 865 5479 Pontif
901 5464 917 5483 .
959 5471 972 5485 .
1016 5472 1031 5487 .
1074 5473 1087 5487 .
1124 5435 1534 5505 primogenitum
1581 5440 1699 5508 ejus
1754 5441 2003 5496 Verbum.

489 5506 628 5565 Deus
656 5513 868 5580 quidem
891 5530 1012 5572 cum
1048 5521 1118 5576 sit
1141 5530 1192 5578 et
1224 5523 1499 5581 Dominus.
1547 5570 1558 5581 .
1604 5506 1621 5579 ξ
1664 5573 1677 5587 .
1721 5569 1734 5581 .
1777 5569 1793 5586 .
1833 5546 2008 5586 sacer-

559 5660 603 5691 “
640 5660 862 5714 Zachar.
893 5677 966 5726 vi,
990 5664 1199 5722 ll—lt.
1276 5674 1319 5706 “
1358 5673 1498 5735 Hebr
1548 5713 1563 5733 ι

2121 4642 2241 4747 ρερὺς
2268 4643 2330 4745 ὲικ
2360 4641 2550 4708 δεξιῶν
2584 4649 2755 4702 αὐτοῦ
2782 4670 2798 4718 ;
2846 4672 2868 4705 ι
2916 4659 2975 4710 εἰ
3003 4661 3142 4735 γὰρ
3183 4670 3386 4736 αὐτὸς
3434 4668 3824 4747 ὲτῦγχανενῶν

2117 4729 2352 4833 fierist
2379 4732 2408 4783 6
2455 4733 2656 4802 μέγας,
2707 4740 2799 4803 τίς
2844 4742 2894 4795 δ’
2933 4747 3009 4802 ἂν
3059 4729 3165 4827 ein
3206 4762 3243 4812 6
3284 4729 3620 4833 exesse}:
3650 4766 3821 4828 αὐτοῦ.

2116 4818 2299 4888 ἕτερος
2325 4818 2562 4925 ὢντπαμ
2593 4829 2765 4884 αὐτὸν
2801 4835 3009 4906 ἱερεύς
3036 4859 3055 4907 ;
3105 4852 3338 4918 σαφῶς
3366 4855 3434 4907 δὲ
3467 4818 3668 4929 ἕτερον
3706 4859 3827 4910 παρ’

2116 4906 2317 4929 ι---τ-.-.-
2379 4926 2485 4929 _..,,.
2577 4914 2602 4929 α
2631 4916 2657 4929 α.
2674 4918 2686 4929 ι
2931 4926 2943 4929 _
3784 4916 3794 4926 -

2115 4906 2332 5009 ἐκεῖνον.
2375 4904 2516 5009 εἶναι
2572 4914 2828 5009 διδάσκει
2862 4904 2999 4980 Ῡτὸν
3038 4904 3429 5009 Ϋλεγδμεῖθον

2116 4994 2250 5101 πρὸς
2274 4995 2381 5101 γὰρ
2422 4999 2515 5101 τδν
2554 5005 2725 5101 αῦτὸν
2758 5010 2993 5082 Κύριον
3024 4994 3385 5101 καῖ’-εδ(ὺς)
3407 4994 3417 4996 7
3441 5074 3457 5086 .

2924 5468 2998 5537 ὴρ
3027 5472 3349 5553 ἀνατολὴν
3397 5524 3415 5538 .
3466 5528 3483 5541 .
3533 5529 3551 5544 .
3596 5491 3767 5560 uim};
3788 5509 3805 5539 ι

3267 5590 3365 5627 ται
3398 5582 3690 5648 πρόσωπα
3712 5598 3725 5610 ·
3757 5582 3806 5632 ἓν

1580 5700 1619 5744 ,ι,
1653 5680 1737 5738 14,
1810 5683 1849 5714 ⁶⁷
1890 5682 2111 5737 Zachar.
2151 5699 2249 5752 tu,
2285 5693 2338 5746 8.
2418 5695 2458 5725 ⁸⁸
2507 5696 2739 5757 Zachar.
2787 5676 3001 5773 Vl,.il.
3090 5718 3141 5751 ⁸⁸³

2238 5693 2338 5752 ,8.
2418 5695 2458 5725 ες
2507 5696 2739 5757 Zachar.
2787 5676 3001 5773 vn'u.
3090 5718 3141 5751 σο
3187 5723 3350 5783 ibid.
3403 5732 3496 5784 ιε.
3583 5737 3632 5765 το
3670 5734 3796 5789 ibid.
