3952 6414
225 423 252 467 ι
273 414 380 470 I69
1283 414 1564 470 ECLOGIE
1593 411 1793 468 PROPI

1891 411 2258 468 ηοω-ιιι).
2295 411 2362 466 Ill
3289 421 3309 472 Ι
3327 419 3420 473 I50

226 534 334 601 μὲν
376 525 428 600 ᾧ
470 534 538 586 τὺ
569 536 706 588 θεῖον
732 534 792 603 (l'.
818 533 902 603 _52
932 534 1004 604 νο)
1035 533 1350 600 διαλέγεται,
1376 533 1555 602 ἕτερον
1575 531 1647 594 ,δὲ
1674 532 1793 602 περὶ

1894 531 1990 585 dos
2020 531 2201 598 prima
2227 538 2280 584 et
2329 530 2574 584 increatae
2615 531 2843 588 deitatis.
2887 572 2901 586 .
2943 571 2957 586 .
3001 575 3015 588 .
3057 572 3070 586 .
3113 571 3128 588 .
3173 576 3185 589 .
3230 573 3246 586 .
3300 551 3423 593 esse

220 615 288 673 οὗ
317 624 678 691 προφητεύει
698 641 710 654 ο
744 619 787 690 ᾧ
818 625 908 677 καὶ
935 623 1305 692 ἀναμφιλόγως
1347 623 1576 689 άνάγοιτ’
1606 623 1670 676 ἂν
1707 623 1793 674 ἐπὶ

1893 636 2014 675 eum
2061 620 2190 674 dicit
2219 634 2247 672 a
2279 635 2384 690 quo
2435 620 2643 689 excepit
2697 620 2942 687 homine,
2990 625 3266 680 sacerdote
3307 644 3423 680 ma-

220 711 320 762 τὸν
344 712 608 781 Χριστὸν
644 714 732 765 τὸν
769 713 979 783 ἀληθῶς
1004 713 1115 765 υἱὸν
1152 711 1242 764 τοῦ
1284 751 1296 764 .
1341 751 1353 764 .
1398 749 1410 764 .
1455 751 1468 764 .
1512 753 1524 766 .
1568 751 1581 764 .
1623 712 1789 782 ἑρμη-

1891 725 2012 780 gno.
2051 749 2066 764 .
2102 749 2116 764 .
2152 749 2165 761 .
2201 750 2215 764 .
2248 747 2261 761 .
2293 750 2307 763 .
2339 749 2356 765 .
2394 709 2510 778 ipso
2537 709 2872 764 manifestato
2895 728 2986 780 per
3016 716 3267 770 unitatem
3298 732 3421 771 eum

222 800 457 853 νεύεται
487 803 599 856 ίαὼ
618 803 945 872 δικαιοσύνηο
972 795 1120 862 οὗτος
1145 801 1188 852 δ’
1215 801 1278 853 ἂν
1301 799 1382 869 εἴη
1406 803 1435 853 6
1457 801 1638 871 Πατὴρ
1663 840 1677 854 .
1720 841 1733 854 .
1779 842 1790 852 .

223 890 360 952 τοὺς
387 890 514 942 τῶν
553 893 874 964 νικητηρίων
915 889 1204 961 περιτιθεὶς
1243 889 1320 958 τῷ
1347 890 1558 960 Χριστῷ
1603 891 1796 959 στεφά-

1894 800 1984 854 Dei
2014 798 2312 870 Unigenito.
2341 801 2541 866 Quibus
2572 815 2697 854 vero
2729 817 2850 855 cum
2899 803 3098 860 fusiore
3127 821 3261 874 opus
3280 816 3424 862 esset

1895 889 2286 958 explanatione,
2315 891 2428 944 haec
2473 890 2713 946 suﬁicere
2767 893 3039 961 pr0posito
3086 905 3268 950 nostro
3321 911 3422 965 pu-

223 996 360 1041 νους
408 1020 420 1031 .
474 1021 488 1033 .
541 1021 558 1035 .
1116 979 1793 1050 ...καλεῖσδιὰτὴνείς

1895 990 2090 1035 tamus.
2313 1041 2325 1055 .

224 1067 582 1138 ἀνθρώπους
622 1071 964 1124 άνατείλασαν
989 1070 1053 1122 αὑ
1089 1110 1104 1124 .
1147 1110 1160 1122 .
1203 1109 1219 1124 .
1259 1111 1271 1122 .
1329 1111 1343 1122 .
1385 1109 1398 1123 .
1444 1112 1459 1125 .
1495 1110 1508 1122 .
1547 1072 1793 1125 διδασκαλ

1899 1072 2103 1124 καὶτὸν
2144 1073 2353 1142 πρῶτον
2387 1075 2478 1126 καὶ
2513 1074 2678 1143 μέγαν
2713 1076 2838 1144 ἀρχι
2866 1114 2878 1127 .
2922 1116 2936 1129 .
3009 1117 3021 1128 .
3063 1114 3080 1130 .
3119 1115 3134 1130 .
3178 1117 3192 1132 .
3234 1117 3247 1130 .
3290 1116 3305 1132 .
3348 1115 3364 1131 .
3406 1138 3421 1153 ο

228 1160 604 1228 πρωτότοκον
639 1161 795 1214 αὑτοῦ
825 1162 1017 1229 Λόγον·
1047 1160 1172 1213 Θεὸν
1197 1161 1290 1230 μὲν
1315 1162 1440 1214 ὅντα
1471 1163 1562 1215 καὶ
1593 1162 1791 1233 Κύριον
1827 1163 1932 1215 τῶν
1973 1202 1986 1214 .
2029 1201 2046 1217 .
2089 1204 2102 1217 .
2149 1205 2160 1217 .
2207 1207 2220 1218 .
2263 1204 2279 1219 .
2322 1205 2334 1218 .
2375 1205 2388 1218 .
2429 1181 2502 1217 ων
2531 1165 2674 1235 ἱερέα
2716 1165 2775 1217 δὲ
2819 1166 2914 1234 τῆς
2947 1164 3162 1236 πρώτης
3189 1168 3278 1219 καὶ
3303 1171 3424 1235 ἁγε-

227 1250 406 1318 νὴτου
438 1251 728 1322 θεότητος·
773 1293 784 1304 .
826 1290 840 1305 .
885 1293 899 1306 .
941 1293 954 1307 .
999 1294 1012 1307 .
1051 1270 1128 1322 ωρ
1148 1253 1201 1305 δὲ
1230 1249 1363 1306 εἶναι
1391 1253 1546 1306 αὐτόν
1577 1271 1733 1322 φησιν
1757 1248 1815 1306 οῦ
1852 1254 2128 1324 ἀνείληφεν
2166 1254 2462 1325 ἀνθρώπου,
2503 1256 2687 1325 ἱερέως
2717 1257 2944 1324 μεγάλου
2986 1297 3000 1309 .
3041 1296 3056 1309 .
3097 1296 3112 1311 .
3156 1296 3170 1311 .
3213 1295 3225 1309 .
3265 1257 3422 1310 αὑτοῦ

229 1342 686 1410 χρηματίζοντος
715 1345 800 1396 διὰ
837 1343 930 1412 τὴν
961 1344 1146 1396 ἕνωσιν
1185 1343 1280 1410 τὴν
1326 1345 1457 1413 πρὸς
1500 1336 1595 1396 τὸν
1628 1345 1894 1413 Μονογενῆ
1955 1343 2046 1396 τοῦ
2075 1344 2228 1398 Θεοῦ.
2257 1344 2456 1415 Πολλῆς
2503 1345 2559 1397 δέ
2610 1346 2714 1398 τῶν
2746 1345 2883 1400 κατὰ
2932 1346 3020 1399 τὸν
3056 1347 3213 1401 τόπον
3249 1347 3423 1417 δεομέ-

229 1451 344 1485 νων
379 1434 745 1505 ἐξ(ηγήσεω;)
784 1434 936 1487 ἱκανὰ
967 1434 1056 1486 καὶ
1095 1433 1262 1486 ταῦτα
1288 1432 1361 1495 ὡς
1395 1433 1524 1502 πρὸς
1551 1432 1645 1501 τὴν
1691 1433 1963 1504 παροῦσαν
1989 1434 2254 1488 ὑπόθεσιν.

768 1572 1149 1626 ΚΕΦΑΛΛΙΟΝ
1185 1573 1308 1625 ΚΔν.

850 1683 955 1736 Τοῦ
978 1682 1180 1736 αὑτοῦ.

2442 1567 2664 1621 CAPUT
2702 1566 2887 1621 XXIV.

2465 1679 2546 1731 Ea:
2587 1679 2780 1732 eodem.

315 1810 335 1841 ι
375 1793 596 1862 Χαῖρε.
632 1833 644 1844 .
688 1835 700 1846 .
743 1831 758 1844 .
801 1833 814 1846 .
849 1794 1077 1864 θύγατερ
1104 1793 1256 1857 Σιὼν,
1283 1795 1536 1865 κήρυσσε,
1568 1795 1793 1864 θύγατερ

1971 1809 1988 1843 ι
2025 1791 2242 1846 Exsulta
2271 1788 2466 1860 (satis),
2496 1789 2602 1842 ﬁlia
2643 1788 2794 1852 Sion.
2829 1791 3029 1858 jubila,
3063 1792 3168 1846 ﬁlia
3203 1791 3425 1850 Jerusa-

245 1882 657 1951 Ἱερουσαλήμ’
715 1881 848 1944 ἰδοὺ,
889 1884 916 1934 6
955 1882 1020 1950 βα
1060 1921 1073 1933 .
1116 1919 1132 1934 .
1173 1920 1188 1934 .
1230 1920 1245 1934 .
1289 1922 1302 1935 .
1341 1881 1550 1950 ἔρχεταί
1595 1899 1674 1934 σοι
1717 1883 1793 1935 δί-

1893 1885 2014 1938 lem.
2043 1881 2176 1936 Ecce
2205 1880 2312 1935 Rex
2336 1881 2504 1950 (tuus)
2530 1882 2703 1935 veniet
2720 1880 2815 1934 tibi
2839 1881 3018 1950 justus
3069 1890 3120 1935 et
3143 1881 3415 1936 Salvator:

237 1989 400 2034 καιος
431 1971 536 2023 καὶ
571 1969 751 2033 σώζων
789 1972 947 2033 αὐτὸς
978 1972 1152 2041 πραῢς
1183 1972 1272 2023 καὶ
1303 1973 1392 2024 ἐπι
1434 2010 1446 2022 .
1491 2012 1504 2025 .
1547 2010 1560 2023 .
1603 2010 1617 2024 .
1659 2011 1674 2026 .
1718 2011 1731 2024 .
1773 2011 1786 2024 .

1891 1976 2002 2043 ipse
2030 1989 2231 2042 pauper
2279 1971 2596 2043 (ascendens
2640 1977 2828 2041 super)
2873 1972 3076 2030 asinam
3103 2011 3117 2036 ,
3171 1980 3224 2028 et
3261 1989 3422 2042 super

237 2062 550 2128 ὑποζύγιον
583 2064 672 2114 καὶ
705 2061 876 2114 πῶλον
902 2062 1035 2115 νέον.
1064 2064 1170 2115 Καὶ
1196 2062 1550 2132 ὲξολοθρεύσει
1582 2063 1794 2132 ἅρματα

238 2151 300 2216 ἐξ
338 2151 612 2222 Ἐφραῒμ,
656 2151 747 2205 καὶ
788 2152 946 2203 ἵππον
986 2150 1044 2215 ἐξ
1087 2152 1446 2221 Ἰερουσαλὴμ,
1489 2152 1578 2204 καὶ
1619 2152 1822 2226 ἐξολοτ

239 2240 546 2310 θρεύσεται
588 2241 737 2306 τόξον
771 2241 1073 2310 πολεμικὸν,
1117 2242 1209 2294 καὶ
1253 2240 1448 2311 πλῆθος
1479 2242 1572 2295 καὶ
1609 2243 1791 2312 εἰρήνη

243 2331 304 2394 ἐξ
338 2331 541 2393 ἐθνῶν,
577 2333 667 2384 καὶ
697 2331 946 2400 κατάρξει
971 2333 1074 2384 ἀπὸ
1103 2331 1387 2401 θαλάσσης,
1416 2333 1508 2385 καὶ
1540 2332 1790 2402 ποταμῶν

240 2423 308 2475 δι’
336 2422 579 2478 ἐκϐολὰς
604 2422 720 2490 γῆς.
766 2441 784 2472 ι
813 2421 1062 2491 Θυγάτηρ
1091 2420 1244 2483 Σιὼν,
1271 2439 1303 2492 ῃ
1338 2422 1658 2492 προστάσσει
1686 2423 1795 2492 χαί-

247 2528 361 2580 ρειν
395 2514 424 2563 6
471 2510 666 2577 Λόγος,
709 2511 852 2562 πᾶσα
893 2512 929 2579 ἡ
971 2511 1067 2578 τῆς
1111 2512 1300 2579 νοητῆς
1346 2512 1435 2562 καὶ
1482 2513 1791 2581 ἐπουρανίου

244 2600 385 2653 Σιὼν
407 2603 459 2653 οἱ
489 2616 881 2668 κατατυγχανει
925 2598 1039 2667 (sic)
1071 2598 1208 2668 ψυχή
1231 2616 1244 2628 ·
1272 2600 1304 2668 ἢ
1349 2600 1423 2668 (ἡ)
1454 2601 1544 2651 καὶ
1573 2601 1660 2652 ἐπὶ
1693 2601 1793 2670 γῆς

247 2689 335 2742 διὰ
357 2687 603 2759 Χριστοῦ
633 2688 864 2738 συστᾶσα
896 2683 954 2749 ἐξ
990 2685 1152 2737 ἐθνῶν
1188 2685 1454 2756 ἢκκλησία
1483 2686 1572 2753 (ς)·
1600 2685 1793 2754 ὁμοίως

247 2781 292 2832 δ’
324 2776 393 2832 αὖ
432 2779 599 2831 πάλιν
635 2777 872 2846 θυγάτηρ
910 2775 1268 2845 Ἰερουσαλὴμ,
1295 2779 1326 2845 ὴ
1357 2776 1662 2843 συγγένειαν
1699 2777 1793 2844 φέ-

255 2888 424 2941 ρουσα
467 2871 572 2938 τῆς
625 2867 933 2938 ἐπουρανίου
981 2866 1347 2937 Ἰερουσαλήμ·
1383 2862 1468 2920 οἷά
1511 2885 1595 2928 τις
1641 2863 1706 2936 ἦν
1758 2869 1791 2937 ὴ

251 2962 470 3014 Παύλου
507 2960 770 3026 λέγοντος,
807 2977 826 3010 ι
866 2959 928 3009 Ἦ
955 2958 1010 3009 δὲ
1033 2959 1141 3010 ἄνω
1180 2958 1518 3027 Ἰερουσαλὴμ
1543 2957 1793 3028 ἐλευθέρα

252 3053 421 3115 ἐστὶν,
459 3051 584 3120 ἥτις
610 3049 752 3100 ἐστὶν
787 3048 962 3115 μήτηρ
983 3046 1166 3114 ἡμῶνδ
1195 3065 1212 3096 ι
1240 3047 1366 3108 Ταῖς
1399 3046 1460 3114 δὴ
1487 3041 1577 3097 οῦν
1613 3045 1793 3097 τοιαύ-

1891 2062 2090 2130 pullum
2125 2059 2288 2112 ﬁlium
2318 2059 2498 2113 asinae.
2548 2058 2612 2112 Et
2665 2059 2969 2128 disperdam
3015 2060 3322 2130 quadrigam
3355 2077 3421 2116 ex

1891 2152 2158 2220 Ephraim,
2193 2158 2244 2204 et
2267 2166 2462 2220 equum
2491 2152 2556 2206 de
2591 2150 2918 2214 Jerusalem,
2971 2160 3023 2204 et
3073 2149 3422 2218 dissipabitur

1890 2255 2046 2293 arcus
2083 2238 2208 2293 belli
2236 2257 2248 2292 :
2284 2246 2336 2292 et
2358 2240 2603 2308 loquetur
2623 2253 2803 2308 pacem
2827 2239 3096 2308 gentilem,
3116 2248 3167 2292 et
3187 2249 3421 2308 potestas

1890 2327 2006 2395 ejus
2030 2341 2059 2378 a
2085 2326 2218 2379 mari
2242 2342 2412 2394 usque
2442 2326 2505 2379 ad
2540 2342 2712 2390 mare,
2765 2335 2816 2380 et
2848 2340 2877 2378 a
2919 2325 3221 2381 ﬂuminibus
3254 2343 3423 2396 usque

1891 2415 1954 2467 ad
2001 2413 2132 2468 ﬁnes
2163 2421 2318 2468 terra:
2348 2414 2412 2465 ".
2451 2433 2468 2464 ι
2511 2412 2650 2466 Filia
2683 2413 2842 2477 Sion,
2873 2430 3030 2483 quam
3085 2414 3230 2483 jubet
3258 2416 3421 2469 lmtari

1893 2503 2208 2572 Scriptura,
2258 2503 2431 2558 omnis
2481 2511 2561 2558 est
2610 2504 2866 2572 spiritalis
2919 2505 3256 2572 caalestisque
3293 2503 3422 2558 Sion

1891 2594 2096 2655 anima,
2147 2593 2227 2646 vel
2261 2593 2314 2645 in
2362 2600 2504 2646 terra
2536 2608 2629 2660 per
2674 2593 2944 2647 Christum
2991 2600 3140 2648 stans
3187 2594 3421 2662 gentium

1891 2683 2148 2736 Ecclesia.
2182 2679 2436 2735 Similiter
2466 2699 2652 2736 rursus
2685 2682 2788 2736 ﬁlia
2821 2681 3114 2738 Jerusalem
3135 2722 3149 2744 ,
3192 2698 3310 2749 quae
3344 2681 3422 2735 af-

1892 2773 2010 2826 ﬁnis
2038 2781 2118 2826 est
2153 2773 2355 2826 caelesti
2385 2771 2712 2838 Jerusalem;
2768 2773 2833 2827 de
2869 2790 2970 2842 qua
3022 2775 3161 2842 apud
3201 2773 3422 2828 Paulum

1890 2871 2212 2916 memoratur
2239 2863 2532 2916 dicentem:
2576 2883 2594 2913 ‹
2632 2863 2723 2916 Illa
2752 2873 2928 2918 autem
2959 2880 3076 2934 qua:
3101 2881 3312 2919 sursum
3339 2873 3422 2919 est

1887 2951 2198 3015 Jerusalem,
2227 2953 2390 3006 libera
2435 2963 2548 3016 est,
2581 2968 2698 3022 qua:
2730 2962 2811 3008 est
2861 2964 3028 3008 mater
3073 2963 3252 3010 nostra
3294 2956 3356 3009 τ’.
3397 2975 3415 3007 ι

1891 3040 2108 3095 Talibus
2139 3043 2296 3110 igitur
2331 3043 2523 3096 animis
2563 3043 2840 3112 Scriptura
2905 3044 3210 3098 adfuturum
3267 3044 3420 3098 Chri-

251 3158 372 3203 ταις
398 3139 602 3208 ψυχαῖς
627 3139 654 3189 6
690 3137 854 3202 Λόγος
883 3133 1270 3203 (ἐπι)δημήσειν
1307 3135 1396 3185 τὸν
1444 3134 1669 3201 Χριστὸν
1699 3134 1790 3186 τοῦ

1892 3140 2030 3182 stum
2061 3130 2150 3182 Dei
2202 3133 2557 3198 praenuntiat,
2602 3133 2872 3186 sedentem
2907 3150 3066 3203 super
3104 3137 3309 3190 asinam
3368 3146 3421 3190 et

253 3198 390 3285 Θεοῦ
415 3198 426 3208 '
455 3198 911 3298 προανακηρύττει
968 3198 1320 3296 ἐπιδτεῦηκότα
1377 3198 1644 3296 ύποζξυγίῳ
1702 3229 1793 3280 καὶ

1893 3236 2049 3288 super
2093 3222 2292 3288 pullum
2347 3221 2508 3272 ﬁlium
2539 3221 2736 3285 asina};
2785 3223 2862 3272 sic
2897 3223 3038 3274 enim
3070 3223 3422 3291 interpretan-

254 3323 422 3391 πώλῳ
450 3320 556 3388 νέῳ
575 3335 588 3349 ο
613 3316 752 3369 οῦτω
776 3317 871 3386 τῆς
899 3315 1228 3384 ἀνθρωπείας
1268 3316 1493 3383 φύσεως,
1519 3317 1583 3384 ἢν
1616 3317 1796 3386 ἐπιδη-

257 3414 440 3480 μήσας
471 3407 810 3476 (ἁνεί)ληφεν,
864 3403 1145 3472 νοουμένης
1165 3421 1178 3434 ο
1219 3403 1330 3472 μεθ’
1355 3400 1420 3475 ἦς
1447 3403 1794 3475 ὲξωλόθρευσε

254 3502 438 3553 πᾶσαν
467 3495 757 3565 πολεμικὴν
789 3494 1008 3562 δύναμιν
1034 3494 1138 3545 ἀπὸ
1160 3494 1332 3559 πάσης
1353 3494 1796 3564 έκκλησιαστικῆς

257 3593 352 3644 xa‘l.
397 3590 584 3658 φέρειν
631 3586 867 3656 καρποὺς
909 3585 1090 3652 ἁγίους
1141 3583 1428 3653 δυναμένης
1469 3585 1662 3653 ψυχῆς,
1703 3585 1794 3636 τοῦ

271 3679 513 3751 Ἐφραῒμ
559 3679 635 3740 είς
691 3675 1052 3746 καρποφορίαν
1105 3673 1655 3743 μεταλαμϐανομένου,
1705 3674 1794 3726 καὶ⁵

258 3771 337 3832 είς
383 3769 574 3837 ὅρασιν
611 3766 825 3835 εἰρήνης
867 3762 1005 3815 κατὰ
1047 3762 1143 3832 τὴν
1180 3762 1396 3814 Ἐλλάδα
1435 3762 1671 3828 γλῶτταν
1698 3763 1794 3830 τῆς

272 3855 650 3926 Ἰερουσαλήμο
675 3854 765 3906 καὶ
793 3853 855 3920 δὴ
875 3851 1246 3920 ἐξολοθρεύσας
1269 3852 1391 3911 τοὺς
1419 3850 1673 3920 πρότερον
1697 3849 1794 3918 τῆς

259 3946 670 4016 ἀνθρωπότητος
694 3943 1080 4012 ἐπικρατούσας
1101 3941 1214 4007 (sic)
1236 3940 1484 4007 δαίμονας
1512 3939 1791 4008 πονηροὺς,

1891 3317 1978 3361 tur
2032 3320 2273 3362 naturam
2319 3310 2624 3369 humanam,
2679 3311 2729 3360 in
2778 3325 2882 3378 qua
2917 3320 3274 3366 conunoratus
3317 3322 3419 3366 est.

1889 3398 2087 3452 Deinde
2113 3398 2468 3465 pessumdedit
2501 3413 2710 3450 omnem
2739 3398 2983 3452 hostilem
3017 3407 3327 3467 potestatem
3354 3418 3420 3456 ex

1889 3489 2030 3542 omni
2065 3489 2443 3548 ecclesiastica.
2467 3496 2520 3541 et
2561 3496 2774 3542 sanctos
2805 3487 2940 3541 ferre
2989 3488 3192 3542 fructus
3216 3491 3421 3544 valente

1890 3579 2101 3640 anima,
2154 3578 2400 3647 Ephraim
2460 3578 2728 3631 fructuum
2760 3580 2963 3646 COpiam
3023 3578 3421 3649 Jerusalemque

1888 3669 2065 3738 lingua
2094 3668 2273 3722 Graeca
2325 3669 2582 3722 visionem
2636 3671 2782 3735 pacis
2823 3669 3173 3738 signiﬁcante.
3229 3669 3420 3724 lleletis

1888 3774 2014 3826 ergo
2039 3761 2126 3825 qui
2152 3759 2299 3826 prius
2327 3758 2599 3810 hominum
2646 3774 2814 3824 genus
2841 3767 3219 3826 oppresserunt
3245 3759 3421 3826 pravis

1889 3847 2234 3910 daemonibus,
2263 3864 2327 3900 cx
2363 3847 2609 3900 omnibus
2644 3848 2733 3915 qui
2769 3849 3036 3916 qquam
3073 3849 3292 3900 istorum
3322 3849 3422 3904 sub

1889 3937 2088 3990 ditione
2111 3944 2263 3990 erant
2292 3936 2451 3988 millia
2501 3938 2661 3988 Inulta
2710 3936 2810 3990 sub
2853 3941 2992 4006 pium
3023 3937 3277 3990 doctrinae
3313 3953 3423 3993 sua:

262 4037 321 4100 ἐξ
378 4034 626 4086 ἁπάντων
672 4033 774 4086 τῶν
829 4033 989 4084 πάλαι
1031 4030 1236 4092 τούτοις
1276 4030 1592 4097 ὑποχειρίων
1631 4028 1793 4081 ἐθνῶν

1891 4028 2065 4095 iugum
2101 4027 2338 4080 deduxit.
2377 4026 2494 4081 ll;nc
2522 4027 2732 4095 quidem
2779 4027 2844 4081 de
2862 4029 3138 4096 hujus‘loci
3158 4029 3422 4097 signiﬁca-

268 4123 496 4192 μυρίους
541 4124 690 4185 ὅσους
727 4122 829 4174 ὑπὸ
856 4122 942 4173 τὸν
972 4120 1160 4188 εὐσεϐῆ
1192 4123 1288 4189 τῆς
1324 4119 1657 4180 διδασκαλίας
1703 4119 1795 4170 αύ-

261 4211 357 4263 τοῦ
383 4209 542 4276 ζυγὸν
573 4211 892 4279 ὑπηγάγετο,
924 4210 1101 4262 Ταῦτα
1126 4211 1218 4278 μὲν
1249 4209 1385 4262 κατὰ
1413 4210 1640 4261 διάνοιαν
1662 4225 1674 4238 ⁸
1704 4209 1794 4260 καὶ

267 4297 444 4369 ῥητῶς
489 4298 541 4349 δὲ
570 4301 597 4350 6
641 4301 861 4365 Χριστὸς
901 4299 1312 4370 ἐνανθρωπήσας
1342 4299 1432 4351 καὶ
1478 4297 1793 4366 σωματικῶς

263 4390 363 4451 τάς
389 4388 516 4454 περὶ
541 4386 698 4438 αὐτοῦ
739 4389 1058 4456 προφητείας
1085 4388 1355 4450 ἐπιτελῶν,
1389 4388 1478 4441 καὶ⁸
1504 4388 1671 4457 ταύτῃ
1698 4385 1792 4438 πέ-

1888 4119 2049 4170 tione.
2086 4119 2147 4169 Et
2172 4119 2382 4186 proprie
2409 4117 2657 4171 Christus
2689 4118 2860 4172 factus
2897 4120 3053 4172 homo
3092 4128 3141 4173 et
3172 4136 3424 4188 corpora-

1889 4209 2011 4262 liter
2039 4209 2104 4262 de
2127 4225 2184 4263 se
2212 4210 2326 4277 ipso
2359 4208 2649 4277 prophetiis
2680 4210 2940 4276 impletis,
2972 4210 3093 4262 huic
3135 4210 3286 4264 ﬁnem
3318 4212 3420 4263 im-

1890 4301 2086 4368 posuit,
2113 4313 2234 4351 cum
2265 4298 2556 4351 secundum
2588 4300 2967 4366 evangelistam
3008 4300 3282 4368 discipulis
3310 4303 3421 4356 suis

1890 4389 2060 4443 dixit:
2102 4408 2119 4438 ι
2155 4387 2228 4443 Ite
2265 4390 2314 4442 in
2349 4390 2627 4442 castellum
2675 4390 2815 4456 quod
2841 4398 3026 4442 contra
3063 4406 3159 4443 vos
3189 4401 3270 4445 est
3297 4431 3311 4452 ,
3369 4400 3422 4446 et

269 4495 366 4547 ρας
407 4474 749 4537 ἐπιτέθεικεν,
785 4477 870 4527 ὅτε
911 4477 1044 4527 κατὰ
1087 4477 1173 4528 τὸν
1218 4478 1595 4548 εύαγγελιστὴν
1645 4474 1792 4530 εἶπεν

1893 4479 2065 4531 statim
2088 4478 2367 4533 invenietis
2391 4479 2595 4532 asinam
2627 4479 2927 4546 alligatam,
2971 4490 3022 4533 ct
3055 4482 3254 4548 pullum
3300 4496 3418 4535 cum

267 4573 380 4631 τοῖς
421 4566 608 4620 ἐαυτοῦ
645 4565 920 4634 μαθηταῖς,
961 4583 980 4615 ι
1024 4567 1368 4636 Πορευθέντες
1395 4571 1472 4630 εἰς
1514 4570 1610 4637 τὴν
1651 4568 1789 4621 ἀπέ-

269 4674 416 4711 ναντι
465 4655 674 4724 κώμην,
714 4656 964 4724 εὑρήσετε
996 4655 1110 4707 ὄνον
1153 4658 1243 4710 καὶ
1274 4659 1443 4712 πῶλον
1477 4660 1790 4731 δεδεμένην·

271 4748 525 4808 λύσαντες
553 4741 642 4797 οῦν
679 4745 841 4814 αὐτὴν
873 4745 1101 4812 ἀγάγετε
1119 4763 1131 4775 ·
1165 4749 1254 4799 καὶ
1283 4749 1372 4800 ἐάν
1402 4767 1481 4812 τις
1514 4752 1636 4819 ὑμῖν
1666 4752 1792 4822 εἴπῃ

271 4836 320 4888 τί
346 4839 565 4896 ποιεῖτε,
591 4836 780 4904 ἐρεῖτε,
805 4836 833 4886 6
856 4833 1052 4903 Κύριος
1077 4836 1180 4888 ἀπο
1203 4836 1415 4908 (αὐτῶν)
1441 4839 1618 4908 χρείαν
1646 4840 1753 4910 ἔχει
1772 4858 1787 4871 ’

275 4924 364 4976 καὶ
403 4922 720 4983 ἀπελθόντες
751 4923 938 4974 ἐκεῖνοι
983 4922 1234 4991 ἐποίησαν
1260 4924 1433 4987 καθὼς
1472 4929 1789 4996 προσέταξεν

277 5011 469 5075 μύτοῖς.
507 5027 525 5059 ι
558 5008 766 5060 Τούτων
791 5009 835 5060 δ’
883 5007 1050 5070 οῦτως
1091 5009 1334 5076 ἐχόντων,
1376 5011 1696 5080 παραθετέον
1723 5013 1791 5066 τὰ

281 5100 410 5169 ῥητὰ
432 5103 542 5161 τοῖς
569 5099 737 5168 μόνως
763 5098 1077 5166 σωματικῶς
1109 5101 1199 5152 καὶ
1228 5099 1520 5162 Ἰουδαϊκῶς
1559 5101 1626 5154 τὰ
1669 5119 1794 5172 προ-

284 5183 494 5253 κείμενα
537 5184 626 5234 ἐπὶ
669 5186 732 5253 τῇ
764 5183 856 5235 τοῦ
901 5184 1129 5253 Χριστοῦ
1172 5185 1432 5256 παρουσίᾳ
1479 5189 1791 5257 γενήσεσθαι

283 5274 685 5343 φανταζομένοις
706 5290 719 5304 ο
748 5273 976 5326 δεικτέον
1000 5291 1058 5327 τε
1085 5276 1211 5328 αὐτο
1233 5275 1287 5328 δὲ
1313 5275 1426 5345 (sic)
1448 5277 1590 5340 ὅπως
1613 5280 1702 5330 ἐπὶ
1727 5283 1790 5350 τῇ

283 5359 367 5413 τοῦ
407 5364 649 5434 Σωτῆρος
691 5362 842 5432 ἡμῶν
888 5365 1150 5435 παρουσίᾳ
1194 5365 1285 5417 καί⁸
1331 5367 1643 5434 σωματικῶς
1690 5387 1791 5439 περ

283 5463 376 5501 αυτ
410 5489 423 5502 .
465 5491 477 5502 .
521 5491 534 5503 .
577 5469 672 5518 φεν
704 5452 836 5519 μετὰ
857 5452 962 5504 τῶν
981 5452 1147 5506 ἄλλων
1176 5455 1268 5506 καὶ
1291 5455 1324 5522 ἡ
1357 5454 1626 5521 φάσκουσα
1660 5475 1789 5526 προ-

289 5539 486 5600 φητεία,
530 5558 546 5590 ι
577 5540 682 5590 Καὶ
725 5539 1076 5610 ἐξολοθρεύσει
1101 5541 1317 5611 ἅρματα
1344 5543 1398 5606 ἐξ
1445 5544 1672 5615 Ἐ’ρραῒμ
1701 5548 1792 5600 καὶ

352 5711 386 5740 ⁷¹
425 5710 647 5764 Zachar.
681 5725 728 5762 ix
753 5749 766 5773 ,
799 5712 849 5778 9,
923 5715 1000 5768 l0.

1893 4582 1989 4627 ea;
2023 4567 2210 4621 solvite
2239 4575 2291 4620 et
2340 4568 2585 4622 adducite
2629 4567 2778 4618 mihi.
2813 4565 2881 4618 Et
2919 4569 2961 4621 si
2993 4570 3112 4636 quis
3149 4570 3298 4621 vobis
3327 4570 3422 4620 ali-

1891 4655 2017 4724 quid
2052 4657 2265 4719 dixerit,
2293 4658 2456 4712 dicite
2485 4664 2608 4726 quia
2636 4657 2890 4712 Dominus
2914 4674 3047 4726 opus
3095 4659 3177 4710 his
3227 4657 3417 4720 habet;

1891 4752 1942 4800 et
1976 4745 2253 4798 confestim
2289 4747 2517 4800 dimittet
2541 4735 2650 4800 eos.
2698 4747 2759 4798 Et
2792 4748 3044 4799 abeuntes
3083 4747 3155 4797 illi
3185 4746 3421 4799 fecerunt

1891 4838 2025 4890 sicut
2053 4847 2375 4906 praeceperat
2407 4837 2485 4890 eis
2509 4838 2572 4888 ⁷³.
2607 4856 2625 4886 ι
2663 4835 2785 4888 Hinc
2817 4836 2887 4887 ita
2929 4850 3047 4888 cum
3079 4850 3136 4888 se
3163 4834 3417 4897 habeant,

1891 4925 2199 4990 exponenda
2243 4933 2367 4980 sunt
2407 4925 2518 4978 haac
2564 4925 2721 4978 verba
2773 4925 2878 4978 illis
2924 4924 3012 4992 qui
3058 4925 3420 4978 tantummodo

1892 5012 2175 5066 carnaliter
2199 5019 2251 5067 et
2273 5011 2492 5066 Judaice
2519 5027 2580 5066 ea
2614 5013 2679 5066 de
2705 5011 2903 5065 Christi
2931 5009 3158 5064 adventu
3183 5012 3294 5066 ﬁeri
3313 5015 3420 5082 opi-

1892 5108 2116 5159 nantur;
2145 5100 2616 5155 demonstrandum
2668 5108 2750 5154 est
2796 5102 2875 5155 eis
2907 5100 3172 5169 quomodo
3203 5101 3268 5156 de
3303 5101 3419 5155 Sal-

1893 5191 2094 5245 vatoris
2108 5191 2276 5245 nostri
2297 5190 2744 5253 manifestatione,
2766 5192 2848 5246 vel
2872 5191 3176 5248 carnaliter.
3211 5231 3226 5246 .
3262 5233 3275 5245 .
3305 5231 3320 5246 .
3351 5234 3363 5246 .
3401 5235 3414 5248 .

1895 5296 2015 5335 cum
2041 5280 2160 5334 aliis
2182 5288 2234 5334 et
2266 5279 2538 5350 prophetia
2569 5279 2751 5334 dicens
2781 5298 2796 5334 :
2844 5298 2862 5330 ι
2899 5279 3172 5349 Disperdet
3204 5281 3418 5349 quadri-

1896 5382 1988 5437 gas
2035 5383 2100 5423 ex
2125 5367 2374 5436 Ephraim
2413 5374 2466 5421 et
2493 5382 2686 5436 equum
2717 5367 2783 5420 de
2811 5365 3122 5422 Jerusalem.
3163 5386 3182 5420 ι
3231 5367 3418 5424 Divina

1894 5457 2054 5526 igitur
2092 5459 2429 5528 cmlestisque
2474 5456 2672 5512 Christi
2719 5458 2965 5526 potentiae
3019 5456 3268 5512 ineﬁabili
3313 5459 3417 5511 vir-

1895 5553 2005 5600 tute
2043 5556 2182 5616 post.
2221 5591 2234 5603 .
2275 5589 2287 5602 .
2327 5589 2338 5600 .
2375 5590 2387 5603 .
2421 5587 2434 5600 .
2472 5587 2484 5600 .
2533 5547 2691 5617 hujus
2727 5549 3004 5620 insidias;
3040 5549 3309 5618 ipsamque
3333 5546 3416 5601 εισι

1077 5717 1118 5744 "
1158 5714 1328 5768 Galat.
1362 5731 1430 5782 tv,
1463 5717 1546 5775 26.
1625 5719 1668 5752 ⁷⁸
1709 5720 1890 5775 Matth.
1924 5737 2010 5775 χχι
2033 5761 2046 5786 ,
2075 5721 2243 5787 2,3,6.
