3952 6406
1163 408 1430 463 EUSEBll
1470 404 1945 462 CAESARIENSIS
1981 404 2126 460 OPP.
2167 402 2337 456 PARS
2365 403 2459 456 Ill.
2498 432 2571 442 -—
2617 391 3080 453 EXEGETICA.

3722 381 3856 437 H52

481 416 607 470 1151

479 524 709 579 rusalem
744 534 884 572 cum.
917 557 930 571 .
969 556 984 569 .
1015 553 1030 568 .
1064 553 1078 569 .
1110 555 1126 571 .
1161 556 1175 569 .
1218 517 1272 570 in
1312 517 1510 584 quibus
1539 516 1723 570 hostili
1757 521 2000 584 potestati

2158 531 2279 566 ωπον
2326 511 2386 582 (f.
2426 511 2518 579 33)
2574 509 2642 573 ἐξ
2691 503 3116 578 Ἰερουσαλήμ..
3157 517 3180 550 ι
3249 497 3331 548 Ἢ
3386 492 3544 562 γοῦν
3587 491 3694 544 τοῦ
3737 493 3858 562 Χρι-

481 609 864 683 pessumdedit.
921 607 1089 661 Tunc.
1138 649 1150 661 .
1194 649 1208 660 .
1247 649 1261 662 .
1295 649 1308 660 .
1344 646 1358 660 .
1393 645 1406 660 .
1443 646 1456 659 .
1495 647 1508 660 .
1543 650 1555 662 .
1589 645 1604 659 .
1654 606 1911 675 populum
1962 606 2000 659 ir

2158 603 2246 658 τοῦ
2281 603 2396 655 Θεία
2428 604 2526 654 καὶ
2573 599 2848 669 οὐράνιος
2896 586 3571 683 δύναμιςᾲάπορῤητιρ
3605 585 3857 683 ἐνεργείᾳ

480 673 592 770 ipsa
630 700 874 768 Ephraim
905 698 1096 765 saepius
1111 698 1464 750 nominatum.
1502 735 1514 747 .
1549 733 1563 746 .
1595 735 1613 750 .
1649 673 1674 750 ξ
1800 733 1815 749 .
1851 734 1866 748 .
1903 734 1917 748 .
1954 732 1968 747 .

2158 694 2256 745 ,ετὰ
2293 691 2387 760 τὴν
2431 729 2446 745 .
2493 733 2507 744 .
2557 730 2569 741 .
2619 727 2634 740 .
2679 685 2884 740 τούτου
2942 677 3334 747 ἐπιϐουλήν·
3397 674 3602 742 αὐτὴν
3647 688 3715 724 τε
3768 673 3856 741 τὴν

483 799 846 862 praeceptum;
889 787 1216 857 frequentem
1275 801 1472 854 equum
1510 786 1565 838 in
1617 784 1916 840 Jerusalem
1963 797 2000 839 et

2158 756 2483 851 [ερουσαλὴμ
2512 779 2617 829 σὺν
2650 775 2754 829 καὶ
2795 776 2870 843 τῇ
2907 787 3079 840 προγ
3130 810 3146 822 .
3201 806 3223 820 .
3276 803 3373 862 .u.
3429 803 3447 816 .
3500 801 3517 814 .
3565 765 3632 814 ὲν
3667 756 3757 862 αξξ
3796 768 3852 832 τῇ

480 851 811 952 quadrigam.
832 851 855 936 ﬁ.
883 919 896 932 .
926 917 941 933 .
1048 917 1061 930 .
1094 895 1188 947 per
1212 851 1472 933 bellorum
1505 878 1670 931 acies.
1701 917 1714 931 .
1755 917 1768 930 .
1804 917 1820 930 .
1852 913 1865 930 .
1902 916 1914 929 .
1949 915 1964 929 .

2158 884 2455 940 υγχανουσῃ
2490 866 2780 936 πολεμικῇ
2811 862 3075 931 δυνάμει
3112 855 3565 952 ἐξωλόθρευσε
3589 869 3604 880 °
3653 851 3748 902 τότ
3790 892 3802 903 .
3839 891 3849 902 .

481 974 649 1026 factos
666 986 855 1039 equos,
874 970 1152 1039 pecoribus
1169 968 1546 1038 insipientibus
1567 968 1848 1022 assimilat.
1873 1007 1884 1020 .
1906 1009 1919 1020 .
1959 1007 1973 1020 .
2004 1008 2016 1019 .

479 1077 614 1130 quos
648 1061 857 1130 penitus
882 1074 1065 1113 omnes
1086 1058 1344 1112 adventus
1375 1056 1666 1110 Salvatoris
1695 1055 1867 1110 nostri
1897 1069 2018 1119 pes-

2125 1001 2138 1015 .
2182 999 2194 1010 .
2238 1001 2250 1012 .
2290 957 2412 1010 λαὸν
2437 956 2528 1008 τὸν
2567 957 2630 1008 ὲν
2662 955 2814 1023 αὐτῇ
2854 947 3140 1019 Ἐφραῖμ
3169 943 3491 1005 πολλάκις
3523 941 3852 1009 ὠνομασμέ-

2121 1031 3850 1103 νον................ὲντολήψπληϐύ-

479 1129 762 1206 sumdedit.
808 1189 822 1204 .
866 1191 880 1205 .
923 1191 936 1204 .
983 1189 996 1202 .
1044 1191 1056 1202 .
1101 1189 1115 1202 .
1158 1149 1442 1201 salutarem
1471 1145 1805 1216 praasentiam
1839 1142 2000 1212 perdit

2158 1157 2276 1192 οντα
2301 1141 2460 1191 ἵππον
2495 1140 2555 1190 ὲν
2589 1139 2660 1206 τῇ
2683 1131 3091 1205 Ἰερουσαλὴμ
3129 1129 3244 1183 καὶ
3279 1130 3506 1198 ἁρματ
3539 1165 3556 1177 .
3605 1163 3624 1179 .
3671 1167 3686 1179 .
3731 1165 3748 1179 .
3789 1164 3801 1176 .
3838 1165 3848 1178 .

478 1239 548 1292 tis
579 1238 704 1292 illis.
745 1278 757 1290 .
806 1279 819 1291 .
863 1277 877 1290 .
918 1276 932 1290 .
978 1278 990 1290 .
1037 1276 1050 1290 .
1096 1277 1108 1288 .
1152 1237 1300 1288 multi
1343 1252 1409 1289 ex
1464 1234 1714 1289 omnibus
1764 1233 2000 1302 gentibus

2158 1227 2281 1290 ικῶς
2304 1226 2388 1278 διὰ
2416 1225 2514 1288 τὰς
2546 1226 2606 1276 ὲν
2645 1226 2766 1284 τοῖς
2800 1220 3108 1290 πολέμοις
3139 1216 3556 1290 παρατάξεις
3591 1232 3626 1266 τ
3671 1253 3686 1265 .
3733 1252 3748 1266 .
3788 1254 3802 1266 .
3837 1252 3849 1267 .

477 1327 532 1380 in
593 1327 806 1383 animis.
852 1367 864 1381 .
904 1365 921 1380 .
965 1368 978 1380 .
1023 1365 1036 1378 .
1079 1363 1095 1378 .
1134 1333 1474 1393 acceperunt.
1539 1325 1644 1378 Deo
1697 1330 1913 1392 regente
1962 1331 2000 1374 c1

2158 1336 2222 1371 ατ
2260 1359 2270 1371 .
2317 1356 2331 1370 .
2374 1357 2386 1368 .
2432 1359 2446 1371 .
2491 1355 2505 1368 .
2554 1356 2569 1368 .
2615 1354 2630 1368 .
2675 1312 3053 1384 γενομένους
3093 1311 3383 1370 ἴππουςσ
3444 1308 3848 1377 κτήνεσιντοίς

476 1417 788 1485 imperante.
832 1458 846 1472 .
890 1457 904 1472 .
949 1458 964 1473 .
1010 1458 1023 1469 .
1066 1456 1078 1469 .
1119 1457 1130 1468 .
1173 1415 1395 1484 angelici
1439 1414 1587 1467 verbi
1633 1414 1809 1467 omnis
1859 1419 2000 1466 terra

2158 1412 2358 1479 νοήτοις
2383 1407 2704 1477 παρ’ὁμοια
2736 1447 2752 1458 .
2791 1443 2807 1456 .
2841 1442 2858 1457 .
2911 1444 2927 1458 .
2983 1442 3001 1454 .
3057 1438 3076 1454 .
3132 1441 3152 1456 .
3206 1441 3224 1454 .
3283 1440 3301 1452 .
3357 1437 3377 1452 .
3431 1397 3579 1460 ,οὓς
3616 1398 3847 1466 ἐναργῶς

474 1507 789 1561 secundum.
833 1547 849 1562 .
891 1545 907 1561 .
952 1550 964 1562 .
1009 1550 1024 1562 .
1064 1547 1078 1564 .
1127 1548 1139 1560 .
1180 1507 1346 1559 divini
1380 1506 1528 1558 verbi
1551 1503 1903 1572 prephetiam.

2158 1501 2325 1562 τάντας
2359 1503 2391 1569 ἡ
2433 1497 2712 1569 παρουσία
2753 1493 2860 1548 τοῦ
2901 1493 3219 1563 Σωτῆρος
3263 1489 3462 1560 ἡμῶν
3513 1486 3845 1560 ἐξωλόθρευσ

475 1635 491 1650 .
535 1638 546 1650 .
589 1639 603 1652 .
647 1641 663 1654 .
701 1601 827 1669 γοῦν
859 1601 953 1671 τὴν
981 1603 1240 1671 σωτήριον
1284 1600 1576 1669 παρουσίαν
1618 1595 2097 1665 ὲξολοθρευθέντων
2129 1595 2346 1646 ἐκείνων
2389 1633 2400 1644 .
2446 1633 2460 1645 .
2505 1630 2519 1644 .
2566 1630 2580 1644 .
2627 1629 2642 1642 .
2685 1587 2866 1658 τυχὸν
2915 1585 3178 1668 πλῆθος
3250 1583 3326 1647 ἐξ
3402 1582 3693 1634 ἁπάντων
3751 1574 3842 1632 τῶν

471 1689 635 1743 ἐθνῶν
661 1693 758 1760 τὴν
786 1693 842 1744 ἐν
868 1696 983 1755 ταῖς
1007 1693 1201 1761 ψυχαῖς
1240 1730 1254 1742 .
1299 1732 1311 1743 .
1355 1728 1369 1741 .
1413 1731 1426 1743 .
1469 1731 1479 1740 .
1532 1727 1546 1739 .
1590 1727 1603 1738 .

1643 1685 1988 1748 κατεδέξαντο
2017 1703 2030 1714 θ
2072 1685 2160 1737 τοῦ
2214 1683 2346 1736 Θεοῦ
2381 1681 2768 1750 κατάρξαντος
2821 1665 3546 1748 καικατακρατήσεως
3598 1713 3612 1725 .
3661 1715 3675 1728 .
3721 1712 3733 1723 .
3775 1712 3787 1725 .
3824 1710 3836 1724 .

471 1778 754 1845 ἀγγελικοῦ
785 1778 946 1849 ῥητοῦ
992 1779 1089 1848 τῆς
1125 1775 1443 1844 οἰκουμένης
1484 1774 1695 1842 ἁπάσης
1740 1772 1876 1825 κατὰ
1920 1775 2018 1843 τὴν
2060 1815 2071 1826 .
2120 1813 2130 1823 .
2175 1813 2188 1826 .
2233 1813 2245 1824 .
2291 1812 2304 1826 .
2350 1813 2362 1824 .
2402 1787 2470 1840 ην
2503 1768 2601 1822 τοῦ
2637 1767 2792 1820 Θείου
2822 1768 3035 1835 Λόγου
3077 1765 3518 1836 προφητείαν.

1049 1887 1272 1944 CAPUT
1313 1883 1482 1942 XXV.

943 1999 1024 2052 Ex
1057 1997 1232 2052 eodem
1268 1994 1310 2047 Ζ
1314 1996 1545 2048 acharia.

542 2128 559 2160 ι
595 2109 660 2162 Et
701 2106 1016 2162 eonfortabo
1047 2119 1141 2158 eos
1192 2103 1245 2156 in
1295 2101 1519 2154 Domino
1545 2140 1560 2164 ,
1614 2109 1666 2154 et
1715 2100 1768 2151 in
1798 2099 2016 2151 nomine

467 2200 626 2271 (ejus)
657 2199 1042 2258 ambulabunt,
1078 2194 1207 2248 dicit
1237 2192 1494 2246 Dominus
1517 2192 1582 2246 “.
1618 2211 1634 2242 ι
1674 2188 1883 2242 Rursus
1913 2187 2015 2242 Do-

465 2295 642 2345 minus
663 2291 751 2345 Dei
771 2289 1001 2344 Verbum
1021 2301 1078 2341 se
1097 2283 1517 2338 confortaturum
1542 2281 1818 2350 pollicetur
1836 2280 2013 2348 justos

464 2383 518 2436 in
554 2381 778 2434 Domino
836 2379 942 2432 Deo
1000 2391 1222 2439 eorum,
1280 2373 1446 2426 Deum
1479 2379 1531 2426 et
1589 2371 1796 2424 Patrem
1853 2386 2012 2424 suum

462 2472 768 2526 ostendens.
796 2469 918 2523 Ideo
948 2469 1001 2521 in
1035 2467 1355 2521 testimoniis
1393 2466 1458 2519 de
1486 2463 1643 2516 Patre
1675 2468 1727 2516 et
1754 2459 1888 2514 Filio
1909 2461 2012 2515 hoc

468 2577 679 2631 quoque
705 2562 903 2614 dictum
927 2559 1360 2612 memoravimus.

1009 2668 1231 2723 CAPUT
1264 2666 1451 2720 XXVI.

1083 2778 1164 2830 Ex
1200 2777 1394 2830 eodem.

540 2913 558 2944 ι
598 2892 662 2944 Et
694 2898 1020 2958 cognoscent
1051 2886 1338 2940 Chananaei
1395 2897 1589 2952 pecora
1648 2882 1778 2935 mihi
1827 2891 2010 2936 custo-

455 2983 670 3042 dienda,
703 2980 827 3048 quia
868 2977 1089 3031 verbum
1121 2975 1326 3029 Domini
1357 2981 1456 3028 est.
1489 2971 1552 3024 Et
1576 2973 1746 3026 dicam
1777 2973 1841 3026 ad
1871 2987 2003 3027 eos:

458 3073 516 3129 Si
547 3073 743 3127 bonum
772 3077 854 3123 est
901 3067 956 3120 in
985 3065 1157 3120 oculis
1191 3065 1383 3119 vestris
1409 3102 1425 3123 .
1466 3062 1649 3116 atferte
1699 3063 2005 3118 mercedem

455 3177 665 3227 meam;
695 3167 748 3214 et
793 3159 841 3212 si
899 3172 1027 3218 non,
1054 3155 1335 3226 quiescite.
1371 3153 1434 3206 Et
1464 3152 1832 3222 appenderunt
1863 3167 2004 3206 mer—

2043 1893 2091 1950 B

1969 2776 2092 2788 ἡ..

2612 1882 3074 1935 ΚΕΦΑΛΑΙΟΝ
3146 1881 3312 1934 ΚΕ’.

2577 1995 2693 2048 Τοῦ
2725 1993 2943 2048 αὐτοῦ
2996 1994 3360 2063 Ζαχαρία.

2192 2123 2211 2154 ι
2255 2107 2364 2159 Καὶ
2403 2106 2723 2177 κατισχύσω
2780 2108 3017 2169 αὐτοὺς
3077 2109 3153 2158 ὲν
3205 2108 3442 2177 Κυρίῳ
3491 2108 3621 2177 Θεῷ
3655 2107 3828 2171 αὐτῶν,

2115 2197 2206 2248 καὶ
2238 2197 2294 2248 ἐν
2346 2197 2424 2267 τῷ
2451 2197 2678 2267 ὀνόματι
2720 2238 2734 2250 .
2784 2237 2799 2251 .
2851 2239 2869 2251 .
2923 2239 2940 2251 .
2999 2239 3018 2252 .
3080 2238 3098 2250 .
3158 2239 3177 2252 .
3229 2201 3674 2268 καυχήσονται,
3704 2200 3826 2266 λέγει

2113 2285 2334 2355 Κύριος.
2377 2307 2396 2338 ι
2437 2288 2605 2339 Πάλιν
2640 2287 2861 2360 Κύριος·
2901 2291 2935 2342 ὁ
2984 2289 3109 2342 τοῦ
3148 2289 3322 2342 Θεοῦ
3368 2291 3566 2358 Λόγος
3597 2291 3821 2360 κατιεῖίύ-

2113 2378 2248 2446 (σειν
2278 2378 2634 2448 ὑπι)σχνεῖται
2663 2381 2798 2442 τοὺς
2829 2380 3060 2443 ἀξίους
3099 2383 3174 2434 ὲν
3211 2383 3449 2453 Κυρίῳ
3482 2382 3612 2452 Θεῷ
3653 2384 3819 2444 αὐτῶν,

2109 2468 2201 2519 τὸν
2234 2468 2365 2521 Θεὸν
2389 2469 2482 2522 καὶ
2509 2469 2734 2541 Πατέρα
2763 2473 2996 2524 ἑαυτοῦ
3037 2472 3293 2543 δηλῶν.
3332 2475 3441 2527 Διὸ
3477 2477 3538 2528 ἐν
3570 2479 3683 2538 τοῖς
3717 2474 3818 2546 περὶ

2111 2560 2322 2631 [ἰατρὸς
2347 2561 2440 2614 καὶ
2467 2560 2598 2613 Υἱοῦ
2623 2562 2721 2613 καὶ
2746 2560 2929 2614 τοῦτο
2972 2564 3474 2634 semperdicam
3501 2565 3568 2618 τὺ
3595 2566 3760 2636 ῥητόν.

2616 2671 3086 2727 ΚΕΦΑΛΑΙΟΝ
3133 2677 3320 2744 Kq'.

2711 2783 2832 2837 Τοῦ
2898 2787 3179 2842 αὑτοῦ.

2184 2910 2202 2943 ι
2249 2894 2358 2951 Καὶ
2381 2893 2678 2961 γνώσονται
2709 2895 2761 2946 οἱ
2793 2896 3172 2953 Χαναναῖοι
3216 2903 3303 2956 τὰ
3341 2906 3617 2974 πρόϐατα
3644 2906 3704 2956 τὰ
3732 2922 3807 2971 qua

2107 2983 2417 3053 λασσόμενά
2447 3002 2556 3054 μοι,
2591 2985 2730 3036 διότι
2777 2985 2965 3054 λόγος
3024 2993 3298 3063 Κυρίου
3356 2997 3548 3049 ἐστίν.
3593 2997 3696 3050 Καὶ
3723 2995 3805 3067 ἐρῶ

2107 3074 2244 3144 πρὸς
2268 3074 2480 3138 αὐτούς’
2514 3076 2576 3127 Εἰ
2604 3076 2773 3128 καλὸν
2806 3079 3102 3134 ἐνώπιον
3146 3085 3344 3154 ὑμῶν
3374 3091 3564 3152 ἐστιν,
3599 3089 3708 3142 δότε
3734 3090 3802 3140 τὸν

2110 3163 2295 3232 μισθόν
2330 3181 2451 3234 μου,
2485 3165 2518 3235 ἢ
2554 3167 2918 3221 ἀπείπασθεο
2980 3174 3108 3226 καὶ
3174 3177 3464 3249 ἔστησαν
3516 3181 3609 3233 τὸν
3649 3181 3802 3251 μισθόν

457 3254 639 3310 cedem
672 3265 842 3304 meam
869 3249 1087 3318 triginta
1120 3253 1424 3316 argenteos.
1478 3243 1542 3296 Et
1574 3243 1769 3312 projeci
1800 3243 1919 3297 illos
1949 3243 2000 3296 in

2158 3268 2208 3303 au
2237 3252 2526 3320 τριάκοντα
2564 3255 2883 3325 ἀργυρίους
2905 3274 2922 3287 ·
2993 3263 3122 3314 καὶ
3181 3243 3488 3321 ὲνέέαλον
3535 3243 3713 3329 αὐτοὺς
3740 3271 3800 3327 si;

457 3345 673 3400 domum
720 3340 927 3396 Domini
965 3338 1032 3392 ad
1071 3337 1408 3392 statuarium.
1455 3336 1520 3388 Et
1555 3333 1769 3403 pmcidi
1801 3335 2005 3404 virgam

456 3451 629 3491 meam
660 3433 974 3488 secundam.
1019 3468 1030 3482 .
1071 3469 1085 3482 .
1131 3467 1145 3480 .
1191 3467 1204 3482 .
1247 3467 1260 3480 .
1305 3467 1320 3481 .
1364 3465 1377 3478 .
1419 3433 1476 3479 ut
1510 3425 1852 3480 dissolverem
1879 3441 2002 3495 ger-

455 3529 765 3582 manitatem
808 3525 946 3577 inter
977 3521 1167 3575 Judam
1200 3527 1252 3573 et
1287 3519 1449 3576 Israel
1478 3519 1544 3568 ⁷⁸.
1602 3537 1620 3568 ι
1671 3517 1809 3582 Quid
1859 3518 2001 3572 enim

455 3634 560 3673 non
587 3618 652 3671 de
687 3614 910 3668 Domino
954 3621 1006 3667 et
1038 3612 1312 3664 Salvatore
1345 3617 1528 3662 nostro
1550 3607 1676 3662 Jesu
1704 3608 1936 3662 Christo.
1985 3647 1998 3660 .

458 3749 472 3762 .
517 3749 530 3761 .
576 3747 591 3762 .
631 3745 646 3759 .
691 3746 705 3760 .
781 3704 1064 3774 praevisum
1129 3709 1288 3770 atque
1355 3698 1665 3769 praedictum
1746 3697 1908 3752 fuerit
1970 3713 2002 3752 a

455 3799 657 3855 sanctis
689 3795 779 3849 Dei
813 3794 1106 3862 prophetis.
1155 3832 1168 3842 .
1213 3832 1224 3844 .
1270 3830 1282 3842 .
1324 3830 1337 3842 .
1384 3829 1397 3840 .
1443 3829 1456 3842 .
1499 3789 1640 3843 enim
1702 3803 1731 3842 e
1781 3787 2000 3857 Virgine

454 3888 705 3940 nativitas
728 3885 845 3952 ejus
867 3891 918 3936 et
951 3882 1262 3935 nativitatis.
1302 3922 1317 3936 .
1359 3922 1373 3936 .
1427 3921 1437 3933 .
1485 3920 1498 3932 .
1543 3918 1556 3930 .
1603 3919 1617 3932 .
1657 3885 1710 3932 et
1744 3877 1900 3931 radix
1929 3893 1994 3932 ex

453 3993 557 4047 qua
595 3975 888 4030 secundum
919 3987 1135 4028 carnem
1179 3972 1395 4041 genitus
1423 3977 1524 4025 est.
1571 4010 1585 4024 .
1629 4009 1643 4022 .
1691 4009 1703 4021 .
1747 4008 1761 4022 .
1807 4008 1820 4022 .
1862 4008 1874 4022 .
1917 4006 1931 4021 .
1981 4006 1997 4022 .

459 4066 596 4120 Huic
632 4063 1033 4118 incarnato’vix
1079 4062 1341 4116 credenda
1371 4076 1465 4132 per
1491 4061 1794 4130 prophetas.
1835 4101 1848 4114 .
1881 4100 1897 4115 .
1930 4100 1942 4112 .
1980 4101 1995 4114 .

455 4155 747 4223 Scriptura
789 4166 818 4204 a
859 4162 1044 4205 sancto
1089 4149 1292 4220 Spiritu
1347 4150 1595 4220 dignatus
1629 4158 1728 4203 est.
1778 4148 1835 4202 ln
1883 4165 1999 4203 om-

455 4245 613 4297 nibus
644 4250 695 4296 et
723 4250 967 4304 mortem,
1002 4250 1051 4294 et
1087 4241 1273 4293 mortis
1308 4239 1591 4308 imaginem
1623 4238 1994 4296 ostenderunt.

455 4347 562 4386 non
616 4330 942 4382 omittentes.
986 4368 1002 4383 .
1047 4369 1060 4382 .
1105 4367 1118 4381 .
1165 4369 1178 4382 .
1219 4342 1392 4396 neque
1451 4341 1567 4396 qua:
1633 4326 1846 4394 pertulit
1898 4323 1992 4376 lia-

450 4417 606 4488 gella,
639 4423 692 4468 et
719 4423 891 4485 sputa,
922 4414 1195 4483 l‘usteSque
1245 4425 1295 4469 et
1333 4415 1643 4484 opprobria.
1699 4412 1801 4466 Sed
1852 4413 1995 4467 hunc

451 4506 542 4577 qui
568 4504 789 4558 tradidit
816 4518 937 4556 eum
983 4504 1363 4559 insidiantibus
1393 4505 1775 4574 discipulorum
1828 4521 1992 4558 unum

2104 3343 2194 3396 τὸν
2236 3337 2381 3396 οἷκον
2409 3344 2614 3413 Κυρίου
2643 3348 2724 3408 εἰς
2749 3347 2817 3398 τὸ
2852 3355 3353 3426 χωνευτήριον.
3409 3362 3534 3413 Καὶ
3562 3358 3798 3430 ἁπέῤῥιψα

2103 3426 2200 3497 τὴν
2232 3428 2424 3497 ῥάϐδον
2468 3429 2566 3499 τὴν
2603 3431 2883 3503 δευτέραν
2935 3477 2952 3489 .
3014 3479 3032 3491 .
3096 3484 3115 3498 ,
3178 3481 3197 3497 .
3257 3488 3272 3499 .
3328 3486 3346 3500 .
3400 3487 3418 3500 .
3471 3491 3486 3502 .
3529 3491 3544 3504 .
3584 3426 3797 3502 zadae.

2105 3515 2357 3606 σκεδάσαι
2384 3517 2482 3588 τὴν
2508 3518 2783 3590 διαθήκην
2809 3523 3159 3595 ἀναμέσον
3219 3535 3453 3600 Ἰούδα,
3499 3540 3598 3590 καὶ
3625 3535 3794 3606 ἀναμέ-

2104 3620 2193 3705 σον
2238 3605 2474 3705 Ξσραήλ.
2514 3609 2678 3705 ’.Καὶ
2711 3611 3132 3705 τξ-γὰρῌούχὶ
3186 3625 3324 3678 τῶν
3355 3630 3462 3680 ἐπὶ
3496 3629 3594 3682 τοῦ
3623 3605 3795 3699 Κυρίου

2101 3694 2194 3745 καὶ
2239 3693 2489 3763 Σωτῆρος
2537 3696 2698 3766 ἡμῶν
2759 3699 2961 3770 Ἰησοῦ
3031 3708 3342 3780 Χριστοῦ
3403 3733 3511 3768 συν
3552 3759 3566 3770 .
3611 3755 3625 3768 .
3667 3693 3798 3768 ..των

2101 3781 2443 3849 προέγνωστό
2482 3799 2541 3834 τε
2589 3786 2688 3837 καὶ
2727 3790 3082 3864 προείρητο
3139 3805 3288 3866 τοῖς
3337 3806 3524 3876 ἱεροῖς
3552 3805 3645 3859 τοῦ
3688 3803 3796 3857 Θεοῦ

2101 3883 2402 3975 προφηηταις
2439 3911 2462 3975 '.
2509 3913 2584 3974 ζ.
2631 3917 2644 3928 .
2691 3915 2706 3928 .
2757 3917 2780 3975 ἶ
2823 3920 2837 3932 .
2886 3883 3022 3953 γὰρ
3097 3890 3186 3943 ὲκ
3254 3897 3565 3966 παρθένου
3618 3899 3797 3966 γένεσις

2099 3962 2260 4010 αὑτοῦ
2305 3962 2398 4011 καὶ
2429 3963 2457 4012 ό
2501 3963 2601 4031 τῆς
2652 3967 2949 4032 γενέσεως
3003 4013 3020 4026 .
3081 4016 3100 4030 .
3155 4015 3176 4032 .
3236 4022 3255 4036 .
3448 4025 3463 4037 .
3512 4028 3528 4040 .
3574 4025 3589 4038 .

2097 4046 2161 4117 λῆ
2198 4049 2290 4099 καὶ
2335 4051 2366 4118 ἡ
2409 4048 2537 4118 ῥίζα
2563 4051 2625 4114 ἐξ
2655 4049 2728 4125 ἧς
2757 4055 2825 4107 τδ
2873 4063 3051 4115 κατά
3088 4069 3318 4139 σάρκα
3351 4075 3716 4142 γεγέννηται·
3745 4070 3796 4122 τά

2096 4153 2167 4239 τε·
2196 4177 2208 4190 .
2254 4176 2320 4239 .~.
2469 4179 2496 4239 -.
2542 4180 2556 4194 .
2600 4183 2614 4194 .
2660 4183 2674 4194 .
2724 4185 2738 4197 .
2782 4149 2953 4219 αὐτῷ
3006 4157 3500 4234 ἐπιδημήσαντι
3547 4161 3794 4236 παράδοξα

2095 4228 2181 4326 δια
2228 4228 2335 4326 ’τῶ-ν
2389 4231 2660 4326 ανέκαθεν
2714 4244 3058 4311 προφητῶν
3115 4290 3133 4302 .
3406 4258 3519 4326 τῆς
3572 4228 3675 4309 (ﬁt,
3719 4253 3791 4306 τοῦ

2096 4319 2250 4412 θείου.
2278 4321 2603 4412 ῌνεύματος
2651 4327 2874 4400 ἠξιώθη
2939 4334 3228 4412 Γραφῆς
3251 4362 3267 4374 ο
3326 4349 3432 4400 ἐπὶ
3468 4319 3606 4403 ﬁam
3645 4347 3792 4402 δὲκαὶ

2093 4407 2182 4458 τὸν
2231 4409 2454 4510 δάνατον
2502 4413 2599 4464 καὶ
2643 4415 2709 4466 τὸ
2756 4419 2975 4474 τούτου
3037 4407 3218 4495 εἶδος
3271 4440 3709 4510 προεδήλωσαν,
3745 4437 3791 4488 οὐ

2095 4499 2454 4570 παραλιπόντε
2496 4539 2511 4553 .
2555 4540 2569 4555 .
2621 4546 2636 4559 .
2682 4545 2698 4558 .
2747 4547 2762 4560 .
2808 4550 2824 4563 .
2868 4515 2998 4567 οὐδ’
3059 4520 3147 4586 ἃς
3187 4499 3506 4600 ὑπέρεινε.
3551 4534 3792 4603 μάστιγας

453 4595 769 4650 indicantes.
817 4591 1134 4646 Nominatim
1175 4596 1336 4664 igitur
1363 4611 1484 4648 eum
1545 4603 1856 4650 exsecratus
1911 4605 1992 4650 est

2158 4593 2182 4642 .‘t
2207 4595 2564 4695 ερπτυσμοὺς
2605 4600 2962 4674 ῥαπίσματά
3011 4629 3089 4665 τε
3128 4622 3250 4672 καὶ
3284 4589 3694 4695 ὕδρας-,ἁλλὰ

453 4701 546 4756 per
603 4684 882 4738 Jeremiam
945 4683 1176 4753 Spiritus
1235 4695 1454 4738 sanctus
1499 4685 1734 4740 dicens:
1800 4705 1820 4735 ι
1860 4686 1991 4740 Pec-

451 4782 626 4826 catum
689 4769 825 4824 Juda
891 4773 1145 4840 scriptum
1184 4783 1265 4827 est
1316 4772 1453 4842 stylo
1502 4773 1674 4828 ferreo
1724 4775 1778 4828 in
1815 4791 1991 4844 ungue

452 4861 793 4915 adamantino
850 4861 915 4914 ⁷⁵.
981 4881 1003 4912 ι
1076 4860 1199 4915 Hrec
1276 4861 1330 4914 in
1399 4860 1660 4916 Hebraico
1727 4871 1780 4916 et
1850 4863 1988 4932 apud

452 4951 589 5004 LXX
632 4952 950 5022 lnterpretes
1011 4953 1284 5016 invenies;
1338 4961 1498 5020 atque
1550 4955 1605 5007 in
1642 4957 1809 5009 variis
1838 4957 1983 5025 psal-

450 5044 553 5096 mis
614 5059 732 5114 qua:
795 5045 862 5098 de
939 5043 1028 5096 illo
1098 5043 1342 5098 feruntur
1398 5045 1596 5098 disces.
1666 5046 1816 5100 Nunc
1891 5062 1986 5100 au-

447 5142 554 5185 tem
591 5136 862 5200 praecitato
921 5144 1064 5189 textu
1107 5153 1360 5207 expresse
1404 5136 1746 5192 denariorum
1800 5152 1983 5191 nume-

448 5236 598 5284 rum,
632 5227 825 5292 quibus
877 5229 1108 5298 acceptis
1155 5230 1321 5287 Judas
1367 5236 1682 5302 magistrum
1728 5236 1985 5291 insidian-

445 5310 594 5364 tibus
623 5315 858 5379 tradidit,
895 5317 1073 5372 divina
1119 5323 1438 5389 pramuntiat
1483 5322 1776 5394 Scriptura.
1815 5324 1988 5379 Caete-

453 5413 571 5450 rum
602 5400 705 5453 dici
731 5415 956 5470 possunt
977 5423 1094 5476 quae
1117 5413 1397 5466 retulimus
1420 5413 1485 5466 de
1513 5412 1712 5468 Christi
1737 5429 1985 5483 persona,

448 5486 654 5540 scilicet
674 5491 937 5555 quomodo
979 5489 1292 5554 insidiantes
1321 5500 1392 5562 ei,
1426 5516 1559 5568 quos
1592 5503 1724 5557 alias
1749 5501 1982 5572 quidem,

451 5595 476 5626 ’ί
517 5574 782 5644 principes
813 5578 1162 5640 Sodomorum
1183 5599 1234 5644 et
1268 5591 1523 5662 populum
1551 5590 1927 5660 Gomorrbaz",
1960 5611 1977 5642 ι

520 5726 562 5758 ⁷⁸
585 5723 746 5779 Ζδεῒι·
780 5739 832 5791 ιν
869 5727 980 5793 i2-.
1023 5734 1067 5766 ⁷⁸
1095 5736 1256 5795 Zach.
1286 5757 1359 5805 xi,
1397 5741 1577 5798 “~15.
1649 5742 1822 5800 "Jcr.
1854 5759 1995 5809 χιιι,
2061 5744 2108 5800 l.

2097 4683 2442 4786 “Powm‘f‘a
2469 4688 2639 4742 αὑτὸν
2669 4697 2787 4757 τοῖς
2813 4698 3352 4768 ἐπιϐουλεύουσιν
3370 4683 3454 4771 ’ὲν
3488 4719 3672 4773 αὐτῶν
3693 4717 3791 4785 (ἕνα

2092 4773 2534 4877 των)ῌμαθητιῖιν
2586 4786 2960 4856 μηνύσαντες
2991 4813 3008 4826 ο
3079 4801 3400 4874 ὀνομαστὶ
3465 4810 3604 4877 γοῦν
3649 4773 3790 4862 αδτὺν

2093 4868 2429 4974 ἐστῖῑλίτευῖτε
2466 4872 2896 4974 ⁸ξιτξλἹερεμιου
2954 4890 3028 4942 τὸ
3090 4868 3264 4951 Θεῖον
3322 4868 3574 4974 Πνεέμα
3607 4905 3786 4973 (picata,

2095 4978 2113 5066 :
2163 4962 2426 5066 Ἀμαρτία
2466 4965 2645 5021 Ἰούδα
2679 4974 3025 5044 γέγραπται
3066 4988 3135 5038 ἐν
3165 4997 3460 5064 γραφείῳ
3492 4962 3717 5066 σιδηιράι,
3740 4997 3788 5044 ἐν

2089 5049 2235 5159 δνξθχι
2265 5051 2640 5159 Ῠδῗμαντίνῳ·
2675 5081 2694 5111 ι
2740 5065 2945 5122 Ταῦτα
2972 5073 3024 5124 δ’
3075 5079 3144 5129 ὲν
3183 5047 3360 5155 αὐτῷ
3387 5051 3476 5138 et?)
3527 5047 3784 5159 Ἑέραῖκῷ

2204 5145 2315 5173 ρ--
2499 5150 2553 5184 -P
2609 5150 2633 5165 ~
2745 5173 2771 5188 Α
3167 5173 3183 5187 ‘
3328 5137 3342 5155 ο
3435 5137 3467 5154 τ
3542 5137 3711 5159 —'r“’
3760 5137 3770 5149 ι

2215 5159 2312 5250 ζοι,
2334 5143 2550 5250 ,λοέττοὶιο
2578 5168 2768 5250 εἱιίροις
2789 5156 2860 5250 ἂν
2887 5167 3064 5234 παρὰ
3088 5186 3239 5234 τους
3268 5180 3333 5227 0'
3379 5179 3778 5250 Ἐρμηνευτάς·

2091 5231 2183 5326 καὶ
2207 5233 2281 5326 Ᾱὲνλ
2318 5233 2558 5305 ψαλμοῖς
2585 5241 2646 5292 δὲ
2689 5243 2996 5320 διαφόροις
3033 5259 3268 5326 μάθοις
3304 5266 3382 5317 ἂν
3413 5223 3666 5322 τῖ’-κατ’
3696 5223 3779 5321 4;;-

2088 5322 2176 5373 τὸν
2203 5322 2510 5429 δηλούμενα
2531 5347 2545 5360 ⁸
2580 5336 2681 5387 καὶ
2732 5338 2835 5391 νῦν
2866 5342 2915 5394 δ’
2951 5347 3130 5401 οὐδὲν
3162 5348 3356 5423 ἦττον
3388 5360 3488 5411 διὰ
3520 5362 3625 5429 τῆς
3662 5375 3775 5429 πρία-

2125 5429 2144 5440 ,
2375 5417 2389 5428 .
2760 5431 2787 5443 ~
3172 5403 3346 5423 κον-η
3392 5403 3488 5411 ---
3532 5403 3622 5430 --ιν
3667 5403 3753 5429 "r'

2087 5413 2346 5522 διῗιμέκίης
2377 5419 2579 5522 λέξειυς
2632 5443 2830 5522 σαῳως
2885 5440 2987 5490 καὶ
3033 5443 3139 5496 τὸν
3190 5449 3462 5521 ἀριθμὸν
3487 5453 3588 5506 τοῦ
3616 5455 3772 5522 ἀργυο

2125 5501 2139 5536 ί
2259 5505 2281 5517 κ
2565 5514 2578 5530 ‘
2682 5521 2695 5534 ο
2853 5526 2903 5543 ,κ
3195 5497 3455 5521 -ήι-ἾνΓ-νν
3499 5497 3587 5506 ’ν’
3617 5497 3745 5522 '1'"

2089 5519 2221 5608 sm,“
2255 5523 2396 5608 οπεέ
2442 5511 2633 5608 δαίδων
2673 5535 2704 5572 ο
2759 5523 2975 5592 ’Ῑουῠας
3021 5538 3353 5604 προῦδωκε
3403 5548 3524 5606 τοῖς
3556 5543 3769 5595 ἐπιϐου-

2083 5591 2298 5648 λεύουσι
2325 5600 2422 5653 τὸν
2443 5602 2801 5681 διδάσκαλον,
2839 5620 2873 5689 ἡ
2909 5591 3037 5676 Θεία
3071 5591 3533 5703 emotis—63%;)

2179 5748 2227 5818 ,τ’
2271 5749 2378 5807 lsa.
2441 5774 2482 5825 ι,
2542 5766 2630 5820 ιο,
