3952 6392
228 411 355 465 Ηὖὸ

1200 407 1483 463 ECLOGA?
1524 404 2214 461 PBOPHETICA‘J.—LIB.
2251 405 2337 461 Ill.

3229 411 3364 465 1154

224 526 433 592 Λέγοιτο
457 523 499 575 δ’
529 523 594 576 ἂν
620 524 687 576 τὰ
718 524 1041 593 προκείμενα
1069 524 1131 575 ἐκ
1163 521 1446 593 προσώπου
1483 522 1575 575 τοῦ
1606 520 1737 591 Χρι-

1837 521 2175 589 propbeticus
2202 526 2356 573 vocat
2400 532 2609 581 sermo.
2670 528 2795 574 tunc
2844 520 3098 589 temporis
3153 521 3365 575 Chana-

225 612 361 675 στοῦ,
394 611 577 681 ὥσπερ
613 615 734 675 τοὺς
775 612 1247 674 ἐπιϐουλεύσαντας
1282 610 1459 679 αὐτῷ,
1503 609 1593 672 οὒς
1628 609 1740 662 ἐτέ-

226 700 346 770 ρωθι
376 700 471 769 μὲν
503 700 570 769 (l'.
601 702 671 754 33
695 702 767 771 γ’)
799 719 816 751 ι
845 702 1105 771 ἄρχοντας
1130 699 1370 768 Σοδόμων
1394 699 1482 752 καὶ
1501 698 1623 751 λαὸν
1647 698 1741 749 Γο-

226 789 421 858 μόρρας
448 808 466 840 ι
498 790 527 838 6
556 793 652 860 τῆς
679 790 1005 861 προφητείας
1043 789 1300 841 ἀποκαλεῖ
1324 788 1494 855 λόγος,
1528 787 1617 838 ἐπὶ
1645 783 1737 838 τοῦ

222 880 473 949 παρόντος
514 879 571 931 δέ
621 879 945 941 Χαναναίους
982 878 1068 930 διὰ
1101 878 1197 947 τὴν
1239 878 1371 949 πρὸς
1410 879 1530 940 τοὺς
1560 877 1737 928 Χανα-

222 970 391 1031 ναίους
427 969 736 1039 ἐξομοίωσιν
762 969 952 1032 αὐτοὺς
977 968 1241 1038 ὀνομάζει.
1274 969 1488 1037 Φήσασα
1530 966 1657 1034 γοῦν
1705 967 1738 1035 ἡ

222 1060 514 1131 προφητεία
540 1062 619 1124 τὸ,
656 1078 675 1110 ι
710 1061 814 1112 Καὶ
835 1058 1122 1125 γνώσονται
1153 1060 1199 1111 ot
1231 1060 1534 1120 Χαναναῖοι,
1569 1077 1587 1109 ι
1620 1058 1738 1109 ἐπι-

222 1149 387 1220 φέρει,
429 1150 746 1203 διδάσκουσα
782 1151 925 1220 ἡμᾶς
963 1150 1109 1211 τίνας
1154 1148 1394 1218 βούλεται
1440 1148 1736 1217 σημαίνειν,

220 1238 307 1290 καί
330 1253 508 1307 φησιν,
543 1255 561 1286 ι
594 1237 662 1289 τὰ
684 1237 919 1307 πρόϐατα
938 1235 1004 1288 τὰ
1028 1234 1397 1305 φυλασσόμενά
1426 1252 1531 1305 μοι.
1565 1254 1583 1285 ι
1610 1236 1739 1287 Τίνα

218 1322 272 1379 δὲ
312 1321 377 1396 ἦν
426 1327 599 1379 ταῦτα
631 1327 695 1379 τὰ
727 1327 989 1397 πρόϐατα,
1036 1325 1103 1378 τά
1148 1326 1405 1397 πρότερον
1452 1326 1528 1396 τῷ
1557 1326 1738 1397 Κυρίῳ

219 1416 611 1485 φυλασσόμενα,
649 1416 681 1486 ἢ
709 1419 736 1470 ὁ
760 1419 822 1470 ὲκ
868 1417 1160 1487 περιτομῆς
1188 1415 1348 1479 λαός;
1388 1414 1477 1478 οὒς
1512 1415 1604 1469 νῦν
1634 1418 1741 1468 Χα-

216 1506 457 1568 ναναίους
477 1507 739 1576 ὀνομάσας
761 1507 787 1558 ὁ
806 1507 988 1574 Λόγος,
1017 1508 1090 1569 ὠς
1111 1508 1171 1559 ἐκ
1198 1504 1477 1575 προσώπου
1498 1505 1590 1557 τοῦ
1615 1507 1659 1556 Χ
1667 1522 1741 1573 ριο

217 1596 338 1648 στοῦ
367 1597 559 1662 ἐπάγει
586 1596 774 1664 λέγων,
808 1614 826 1646 ι
860 1597 949 1649 καὶ
976 1595 1082 1667 ἐρῶ
1104 1596 1235 1667 πρὸς
1261 1596 1451 1657 αὐτοὺς
1486 1616 1505 1647 ι
1534 1595 1600 1648 τά
1622 1597 1742 1648 ἀνα-

213 1686 586 1756 γεγραμμένα,
618 1686 654 1739 ἃ
699 1687 789 1739 καὶ
823 1686 963 1753 λέγοι
1007 1687 1071 1739 ἂν
1114 1686 1244 1757 πρὸς
1285 1687 1407 1748 τοὺς
1434 1686 1738 1738 ἐπιϐουλευ-

216 1789 409 1833 σαντας
435 1773 603 1840 αὐτῷ,
631 1774 763 1839 ὑπὲρ
802 1766 874 1824 ὧν
916 1774 1107 1835 αὐτοὺς
1146 1772 1466 1841 εὐεργέτησε
1503 1774 1626 1835 τοὺς
1656 1790 1740 1841 μι-

1840 624 1982 664 nmos
2008 617 2222 681 propter
2242 622 2421 663 eorum
2456 623 2576 662 cum
2599 607 2909 666 Cbananaeis
2937 609 3361 674 similitudinem,

1837 708 2012 755 vocat.
2037 698 2325 769 Postquam
2349 699 2509 768 igitur
2541 701 2819 769 prophetia
2840 699 2994 766 dixit,
3023 720 3040 751 ι
3072 699 3138 753 Ει
3165 713 3365 768 cogno-

1838 797 1987 846 scent
2012 789 2312 856 Cbananzei,
2341 808 2356 840 ι
2392 789 2592 856 adjicit,
2616 803 2713 842 uos
2739 788 2936 843 docens
2963 804 3097 859 quos
3124 788 3366 843 indicare

1834 882 1981 945 velit,
2011 881 2262 949 dicitque,
2288 897 2309 931 ι
2347 895 2530 949 greges
2578 893 2694 948 quae
2742 879 3117 932 custodiuntur
3155 880 3307 934 mihi.
3339 898 3358 931 ι
3388 885 3395 927 ἱ

1837 971 1965 1037 Quae
1993 979 2166 1025 autem
2187 977 2338 1025 erant
2368 970 2473 1024 illa:
2514 984 2720 1040 greges,
2747 968 2898 1037 prius
2926 967 3147 1022 Domino
3179 978 3362 1023 custo-

1837 1062 1979 1123 dita,
2006 1061 2108 1114 nisi
2130 1059 2554 1114 eircumcisionis
2596 1057 2860 1127 populus?
2886 1071 3021 1125 quos
3060 1072 3202 1110 nunc
3224 1056 3362 1111 Cha—

1837 1164 2052 1204 nauaeos
2083 1162 2279 1203 vocans
2308 1146 2603 1216 Scriptura,
2629 1147 2782 1216 quasi
2816 1147 2881 1200 de
2904 1144 3103 1200 Christi
3135 1160 3361 1213 persona

1838 1238 2004 1303 addit,
2036 1257 2054 1289 ι
2095 1247 2147 1293 et
2174 1237 2345 1292 dicam
2387 1237 2452 1291 ad
2480 1253 2572 1292 eos
2608 1256 2626 1289 ι
2654 1253 2772 1308 quae
2800 1238 2995 1306 scripta
3052 1244 3206 1299 sunt,
3248 1251 3364 1307 qua:

1837 1335 1888 1383 et
1916 1328 2090 1381 dicere
2114 1334 2287 1395 potest
2310 1327 2692 1382 insidiantibus
2722 1327 2844 1391 sibi,
2867 1326 3023 1396 quasi
3078 1328 3145 1379 ab
3187 1326 3253 1381 iis
3280 1340 3364 1381 re.

1839 1427 2021 1487 petens
2053 1432 2271 1471 suorum
2303 1418 2357 1471 in
2409 1433 2503 1473 eos
2540 1417 2918 1473 beneficiorum
2946 1418 3244 1472 mercedem
3263 1455 3279 1481 ,
3308 1417 3368 1470 ll-

1836 1508 1954 1563 dem
1991 1509 2195 1564 scilicet
2225 1509 2280 1560 in
2314 1522 2375 1563 se
2397 1547 2412 1572 ,
2459 1517 2976 1577 consentaneamque
3009 1508 3128 1562 ﬁdei
3174 1509 3367 1574 vitam;

1838 1597 1916 1652 sic
1939 1598 2079 1652 enim
2119 1598 2374 1667 intelligo,
2404 1615 2423 1647 ι
2463 1596 2647 1652 all‘erte
2692 1598 2986 1653 mercedem
3026 1612 3219 1653 meam.
3254 1618 3274 1649 ι
3305 1598 3370 1653 Hi

1836 1703 1984 1752 vero,
2012 1689 2303 1744 secundum
2343 1703 2405 1742 ea
2427 1703 2546 1757 quae
2576 1689 2709 1743 alias
2736 1688 2803 1742 de
2845 1688 2978 1757 ipsis
3021 1689 3090 1742 ab
3119 1703 3183 1742 eo
3228 1689 3370 1743 dicta

1839 1786 1982 1843 sunt,
2017 1798 2036 1830 ι
2072 1779 2176 1835 Pro
2197 1795 2261 1834 eo
2290 1791 2349 1836 ut
2373 1796 2457 1834 me
2478 1779 2777 1849 diligerent,
2804 1778 3153 1833 detrahebant
3195 1780 3322 1833 mihi
3351 1798 3367 1834 :

216 1862 369 1924 σθοὺς
396 1860 583 1931 ὥσπερ
612 1862 772 1914 αίτῶν
803 1863 1011 1925 αὐτοὺς,
1044 1861 1184 1914 τοῦτ’
1222 1862 1333 1914 ἐστι
1358 1862 1452 1932 τὴν
1475 1864 1550 1924 είς
1580 1863 1739 1915 αὑτὸν

1837 1884 1935 1937 ego
1961 1875 2137 1923 autem
2165 1868 2404 1924 orabam.
2436 1869 2501 1923 Et
2527 1876 2820 1938 posuerunt
2841 1869 3123 1923 adversum
3150 1883 3233 1924 me
3257 1884 3367 1923 ma-

217 1954 388 2005 πίστιν
418 1952 510 2003 καὶ
552 1951 643 2004 τὸν
678 1951 843 2023 ταύτῃ
887 1950 1208 2020 κατάλληλον
1248 1950 1383 2019 βίον·
1428 1950 1594 2013 οὕτως
1631 1951 1734 2021 γὰρ

217 2042 388 2097 ἀκούω
420 2042 533 2104 τοῦ,
578 2060 596 2092 ι
629 2043 743 2095 δότε
772 2042 858 2095 τὸν
899 2041 1082 2111 μισθόν
1120 2058 1247 2111 μου⁸
1284 2061 1303 2093 ι
1328 2043 1375 2094 οί
1408 2041 1483 2102 δὲ,
1511 2041 1647 2095 κατὰ
1681 2043 1738 2094 τὸ

215 2130 428 2200 ἑτέρωθι
473 2132 598 2199 περὶ
638 2128 812 2183 αὐτῶν
850 2128 1127 2199 εἰρημένον
1172 2130 1260 2181 ὑπ’
1307 2129 1487 2191 αὐτοῦ,
1533 2148 1549 2179 ι
1599 2130 1739 2181 ’Δντὶ

214 2222 301 2275 τοῦ
343 2222 561 2290 ἀγαπᾷν
604 2237 691 2291 με,
722 2219 1044 2273 ἐνδιέϐαλλόν
1076 2235 1162 2289 με,
1207 2218 1314 2286 ἐγὼ
1344 2219 1399 2271 δέ
1440 2220 1737 2291 προσηυχό-

218 2328 342 2381 μην·
380 2311 472 2365 καὶ
510 2310 692 2363 ἔθεντο
732 2310 849 2362 κατ’
888 2307 1019 2377 ἐμοῦ
1060 2307 1203 2360 κακά
1234 2307 1351 2360 ἀντὶ
1379 2306 1614 2373 ἀγαθῶν,
1648 2308 1738 2359 καὶ

217 2405 362 2470 μῖσος
387 2401 505 2454 ἀντὶ
533 2401 631 2469 τῆς
658 2395 978 2467 άγαπήσεώς
1022 2413 1118 2465 μου
1136 2413 1148 2426 ·
1190 2414 1210 2448 ι
1254 2396 1539 2467 τριάκοντα
1575 2398 1740 2467 ἀργυ-

218 2490 354 2560 ρίους
394 2491 684 2559 στήσαντες
714 2486 979 2556 παρέσχον
1006 2484 1080 2555 τῷ
1129 2486 1375 2558 προδότῃ,
1405 2485 1637 2556 ὡσπερεὶ
1661 2502 1741 2538 το-

217 2581 393 2634 σούτου
433 2580 594 2633 αὐτὸν
626 2581 691 2649 τῇ
729 2577 1056 2649 ἀσεϐεστάτῃ
1082 2576 1258 2631 αὐτῶν
1296 2576 1468 2646 κρίσει
1504 2574 1739 2645 τιμώμε-

214 2686 308 2723 νοι.
352 2668 485 2721 Ἀλλ’
514 2669 635 2719 ἐπεὶ
665 2667 723 2719 τὸ
753 2666 974 2718 ἐκάστου
1006 2664 1161 2737 ἔργον
1198 2664 1373 2718 ὁποῖόν
1402 2666 1512 2717 ἐστι
1543 2664 1602 2716 τὸ
1631 2663 1738 2734 πῦρ

214 2756 506 2825 δοκιμάσει,
547 2754 736 2806 τούτου
770 2753 923 2824 χάριν
969 2754 1208 2806 καθεῖναι
1259 2753 1468 2815 αὐτοὺς,
1507 2770 1525 2801 ι
1563 2752 1639 2813 είς
1680 2751 1739 2802 τὸ

216 2847 583 2916 χωνευτήριον,
623 2862 640 2893 ι
677 2842 814 2894 τοῦτ’
842 2840 983 2895 ἐστιν
1006 2844 1083 2905 είς
1108 2842 1167 2894 τὸ
1191 2841 1286 2912 τῆς
1314 2841 1536 2911 κρίσεως
1564 2839 1655 2891 καὶ
1680 2838 1739 2890 τὸ

215 2938 306 3006 τῆς
333 2936 603 2998 κολάσεως
648 2934 775 3004 πῦρ,
809 2936 837 2986 6
884 2933 1081 3003 Κύριος
1114 2932 1467 3003 προστάσσει⁸
1502 2929 1647 2991 τίνας
1684 2928 1738 2980 δὲ

218 3030 402 3090 αὐτοὺς
433 3028 467 3098 ἢ
505 3028 630 3088 τοὺς
671 3023 1142 3085 ἐπιϐουλεύσαντας
1175 3020 1351 3090 αὑτῷς
1395 3021 1501 3073 Καὶ
1550 3020 1739 3088 σκέψαι

214 3121 287 3183 δὲ,
315 3120 498 3190 φησὶν,
526 3120 576 3169 εί
614 3115 826 3184 δόκιμόν
852 3116 1013 3176 ἐστιν,
1041 3112 1192 3181 δῆλον
1232 3111 1277 3163 δ’
1308 3112 1387 3162 ὅτι
1412 3110 1470 3161 τὸ
1506 3110 1620 3161 κατ’
1646 3111 1741 3161 αὑ-

213 3211 300 3263 τοῦ
323 3207 551 3279 δρασθὲν
589 3205 796 3265 αὐτοῖς·
826 3201 967 3268 λέγει
1007 3200 1064 3252 δὲ
1093 3199 1282 3261 αὐτοὺς
1315 3198 1371 3250 ἐν
1399 3196 1475 3265 τῷ
1499 3202 1627 3267 πυρὶ
1656 3198 1737 3249 δο-

1838 1961 1885 2012 la
1917 1974 2016 2027 pro
2045 1959 2220 2024 bonis,
2239 1967 2291 2014 et
2318 1959 2495 2014 odium
2526 1975 2624 2029 pro
2648 1959 2932 2014 dilectione
2959 1972 3075 2012 mea
3105 1959 3168 2012 ⁷⁸.
3200 1978 3219 2010 ι
3247 1958 3369 2010 Tri—

1834 2045 1980 2116 ginta
2008 2061 2257 2101 nummos
2309 2055 2537 2101 statutos
2590 2046 2850 2117 proditori
2895 2045 3185 2110 dederunt,
3237 2047 3369 2100 tanti

1833 2149 1953 2189 eum
1989 2135 2300 2204 impiissima
2357 2136 2706 2190 aestimatione
2755 2136 3032 2191 facientes.
3090 2135 3194 2189 Sed
3242 2151 3368 2190 cum

1832 2225 2089 2295 cujusque
2115 2241 2250 2296 opus
2281 2229 2438 2296 quale
2468 2227 2540 2281 sit
2570 2227 2689 2297 igne
2712 2236 2795 2282 est
2828 2228 3161 2298 probandum
3182 2267 3198 2292 ,
3247 2226 3367 2280 ideo

1832 2316 2094 2385 projicere
2127 2331 2221 2372 eos
2257 2317 2322 2372 ad
2366 2314 2704 2382 st‘atuarium,
2732 2317 2782 2372 id
2837 2329 2920 2373 est
2966 2318 3022 2373 in
3070 2318 3260 2387 judicii
3318 2326 3373 2374 et

1834 2405 2079 2474 supplicii
2108 2406 2311 2475 ignem,
2340 2405 2596 2461 Dominus
2628 2407 2799 2476 jubet.
2831 2407 3056 2473 Quinam
3088 2422 3216 2462 vero
3246 2418 3373 2462 sunt

1806 2494 1871 2575 ‘ii
1892 2534 1908 2560 ,
1939 2496 2043 2551 nisi
2074 2496 2286 2551 sibimet
2326 2497 2426 2567 ipsi
2457 2486 2808 2553 insidiantes?
2835 2498 3149 2568 Appretiare
3196 2498 3369 2568 jubet,

1833 2582 2037 2638 scilicet
2056 2582 2112 2636 in
2132 2582 2199 2636 iis
2224 2597 2341 2651 quae
2371 2584 2626 2639 adversus
2649 2599 2707 2638 se
2727 2584 3076 2640 admiserunt.
3116 2584 3253 2640 Dicit
3277 2601 3371 2641 eos

1835 2674 1890 2727 in
1916 2672 2037 2740 igne
2057 2672 2360 2741 probandos
2386 2688 2526 2737 esse,
2556 2673 3001 2743 quemadmodum
3045 2681 3099 2728 et
3124 2675 3239 2743 ipse
3270 2673 3370 2728 Do-

1834 2762 2011 2816 minus
2036 2763 2091 2815 in
2113 2762 2499 2819 incarnationis
2533 2771 2586 2819 et
2616 2765 2881 2834 passionis
2931 2771 3168 2833 tempore
3196 2765 3263 2819 ab
3293 2765 3373 2820 eis

1837 2853 2088 2922 probatus
2121 2863 2223 2909 est.
2254 2853 2463 2910 Etenim
2493 2857 2725 2924 primum
2755 2857 2914 2911 homo
2958 2857 3134 2911 factus
3164 2866 3219 2912 et
3249 2873 3374 2925 pas.

1835 2955 1931 2997 sus
1950 2951 2032 2997 est
2057 2957 2153 3011 pro
2187 2943 2513 3012 perditarum
2547 2944 2725 2999 ovium
2763 2945 2954 2999 domus
2980 2943 3144 3001 Israel
3179 2947 3372 3002 salute.

1835 3029 1931 3085 His
1956 3030 2148 3086 deinde
2172 3040 2294 3101 post
2323 3033 2616 3088 Salvatoris
2640 3035 2813 3089 nostri
2853 3037 3150 3104 passionem
3191 3052 3373 3106 repro-

1835 3119 2101 3175 bationem
2136 3135 2320 3174 eorum
2352 3121 2597 3176 indicans
2618 3120 2895 3189 Scriptura
2920 3124 3066 3187 dicit,
3122 3142 3141 3174 ι
3169 3131 3221 3178 et
3243 3138 3375 3192 pm-

1838 3208 1947 3261 cidi
1970 3208 2174 3277 virgam
2221 3223 2392 3262 meam
2427 3211 2734 3264 secundam.
2764 3230 2786 3262 ο
2818 3210 2947 3276 Qua:
2979 3214 3049 3266 sit
3082 3214 3191 3268 haec
3223 3214 3375 3283 virga

214 3260 660 3370 κιμασθησεσθαι,
688 3260 763 3345 δνγ
795 3260 986 3362 τρόπον
1027 3288 1120 3341 καὶ
1158 3260 1316 3349 αὐτος
1355 3288 1383 3338 6
1424 3260 1622 3357 Κύριος
1651 3284 1737 3338 διὰ

1837 3260 2034 3349 docens
2054 3260 2247 3363 adjicit
2289 3260 2732 3362 ’.ιζιιῖἷείἷιᾶὦξῖ
2765 3260 2963 3370 ἐιξᾷιῖο

213 3390 306 3457 τῆς
333 3389 411 3448 είς
439 3385 615 3453 σάρκα
644 3380 924 3449 ἐπιδημίας
950 3378 1041 3431 καὶ
1071 3375 1161 3430 τοῦ
1190 3374 1387 3437 πάθους
1416 3374 1736 3443 ἐδοκιμάσθη

1837 3384 2068 3438 niculum
2099 3384 2422 3440 hereditatis
2446 3387 2564 3454 ejus
2592 3386 2772 3442 Israel.
2795 3388 2870 3440 ⁷⁸»
2913 3388 3246 3447 Manifestius
3270 3392 3372 3461 igi-

216 3480 350 3548 ῦπὲρ
396 3473 602 3529 αὐτῶν·
648 3471 739 3525 καί¹
777 3470 881 3540 γὰρ
920 3469 982 3538 δὴ
1025 3465 1432 3536 προηγουμένως
1472 3463 1735 3535 ἐνηνθρὼ-

1837 3481 1921 3528 tur
1942 3474 2073 3528 illud
2095 3474 2350 3540 ostendit,
2373 3476 2685 3545 subjiciens,
2718 3495 2737 3527 ι
2768 3485 2828 3531 ut
2847 3478 3193 3535 dissolverem
3225 3482 3374 3550 prius

216 3586 372 3638 πησε,
406 3566 497 3618 καὶ
528 3561 785 3615 πέπονθεν
809 3560 946 3630 ὺπέρ
974 3557 1238 3628 σωτηρίας
1266 3555 1372 3608 τῶν
1395 3554 1737 3608 ἀπολωλότων

1837 3568 2207 3616 testamentum
2234 3561 2350 3629 Dei,
2378 3563 2516 3619 inter
2535 3563 2725 3618 Judam
2752 3573 2805 3620 et
2838 3567 3019 3621 lsrael.
3050 3588 3069 3619 ι
3106 3568 3172 3621 Et
3194 3579 3375 3637 aperte

220 3659 499 3728 προϐάτων
515 3656 658 3707 οἴκου
673 3653 905 3722 Ἰσραήλ.
931 3649 1145 3710 Τούτοις
1160 3647 1285 3715 ἐξῆς
1306 3646 1398 3698 καὶ
1411 3645 1506 3717 τὴν
1526 3644 1659 3714 μετὰ
1677 3643 1733 3697 τὸ

1837 3659 1979 3720 patet
2026 3651 2143 3720 ipso
2205 3651 2498 3708 Salvatoris
2558 3654 2730 3710 nostri
2803 3662 3041 3725 tempore
3106 3659 3375 3712 corruisse

220 3749 383 3812 πάθος
410 3747 503 3799 τοῦ
521 3745 762 3817 Σωτῆρος
788 3742 939 3813 ήμῶν
965 3738 1229 3809 ἀποϐολὴν
1255 3736 1429 3791 αὐτῶν
1465 3736 1738 3806 σημαίνων

1837 3752 2020 3794 omnes
2043 3740 2226 3809 legalis
2256 3742 2433 3797 cultus
2461 3743 2849 3810 observantias,
2875 3760 2942 3799 ex
2983 3760 3089 3815 quo
3117 3761 3261 3800 nunc
3286 3763 3378 3803 us-

217 3838 422 3905 ὁΛόγος
450 3836 600 3905 φησὶ,
632 3852 650 3883 ι
678 3832 769 3886 καὶ
789 3830 1057 3903 ἁπέρῤιψα
1074 3828 1169 3898 τὴν
1199 3826 1385 3897 ῥάϐδον
1423 3825 1518 3896 τὴν
1557 3825 1737 3878 δευτέ-

1840 3843 1945 3895 que
1975 3830 2189 3897 penitus
2225 3830 2408 3886 deleta:
2431 3841 2574 3888 sunt.

222 3944 367 4001 ραν.ι
399 3929 494 3989 Τίς
526 3926 580 3978 δέ
611 3926 754 3976 ἐστιν
783 3921 916 3992 αῦτη
963 3920 1222 3974 διδάσκων
1289 3918 1530 3987 ἐπιφέρει
1565 3916 1624 3969 τὺ
1665 3935 1682 3966 ι
1720 3918 2016 3989 σχοίνισμα,
2052 3940 2072 3972 ›
2109 3923 2233 3991 περὶ
2272 3917 2331 3975 οὗ
2391 3923 2616 3994 εἴρηται,
2658 3944 2676 3976 ι
2721 3924 2994 3996 σχοίνισμα
3027 3926 3378 3997 κληρονομίας

218 4018 378 4073 αὐτοῦ
422 4017 646 4088 Ἰσραήλ.
685 4036 704 4068 ι
739 4015 1067 4083 Σαφέστερον
1106 4009 1234 4079 γοῦν
1277 4009 1430 4062 τοῦτο
1477 4009 1795 4079 παρίστησιν
1831 4011 2108 4080 ἐπιλέγων,
2137 4030 2157 4063 ι
2204 4013 2294 4066 τοῦ
2327 4014 2663 4069 διασκεδάσαι
2689 4018 2785 4088 τὴν
2832 4018 3092 4088 προτέραν
3120 4014 3377 4090 διασῆκην

216 4107 310 4161 τοῦ
342 4106 495 4169 Θεοῦ,
530 4108 622 4177 τὴν
654 4106 916 4175 άναμέσον
954 4102 1118 4155 Ἰούδα
1151 4099 1243 4154 καὶ
1277 4100 1539 4169 ἀναμέσον
1575 4102 1811 4171 Ἰσραήλ·
1859 4123 1878 4154 ι
1929 4105 2018 4157 καὶ
2054 4105 2236 4172 σαφῶς
2266 4106 2532 4160 δείκνυται
2559 4109 2664 4160 ἀπὸ
2694 4108 2801 4161 τῶν
2819 4125 2912 4161 του
2952 4111 3195 4180 Σωτῆρος
3224 4110 3377 4181 ἡμῶν

218 4197 421 4266 χρόνων
469 4195 829 4265 περιῃρημένα
879 4193 973 4263 τῆς
1007 4190 1253 4261 λατρείας
1306 4190 1515 4258 ἁπάσης
1573 4190 1655 4260 τῆς
1688 4192 1824 4245 κατὰ
1871 4193 1959 4247 τὸν
1996 4195 2153 4265 νόμον
2198 4195 2254 4262 ἐξ
2289 4196 2492 4250 ἐκείνου
2529 4200 2619 4251 καὶ
2653 4200 2732 4261 είς
2769 4198 2924 4269 δεῦρο
2954 4200 3376 4272 καθαιρεθείσης,

712 4304 1090 4358 ΚΕΦΑΛΑΙΟΝ
1143 4304 1261 4356 ΚΖ’.

668 4395 774 4449 Τοῦ
806 4395 985 4448 αὑτοῦ
1024 4393 1296 4463 Ζαχαρία.

292 4511 311 4544 ι
367 4485 653 4558 Ῥομφαία,
693 4482 995 4554 ἐξεγέρθητι
1019 4483 1109 4534 ἐπὶ
1133 4462 1220 4535 τδν
1250 4481 1477 4552 ποιμένα
1504 4497 1624 4549 μου,
1653 4481 1744 4534 καὶ
1775 4462 1818 4515 Ῐ)

227 4584 314 4635 ἐπὶ
345 4580 513 4649 ἄνδρα
552 4575 768 4644 πολίτην
796 4571 977 4635 αὐτοῦ,
1023 4570 1165 4639 λέγει
1207 4571 1401 4642 Κύριος
1447 4572 1743 4642 παντοκρά.

224 4689 349 4741 τωρ,
380 4664 614 4729 πάταξον
658 4663 745 4716 τὸν
772 4659 1020 4730 ποιμένα,
1054 4659 1145 4711 καὶ
1178 4660 1741 4731 διασκορπισθήτωσαν

227 4762 290 4814 τὰ
318 4758 587 4831 πρόϐαταο
620 4755 712 4809 καὶ
737 4751 1037 4822 ἐπιστρέψω
1062 4749 1159 4819 τὴν
1187 4752 1339 4820 χεῖρά
1371 4768 1467 4820 μου
1499 4752 1590 4803 ἐπί
1620 4753 1742 4814 τοὺς

227 4853 498 4923 ποιμένας.
532 4868 552 4901 ι
596 4846 846 4914 Ἐπείπερ
870 4844 899 4895 6
926 4839 1299 4910 εὐαγγελιστὴς
1325 4841 1405 4903 τὸ,
1448 4859 1465 4891 ι
1505 4841 1741 4906 Πάταξον

226 4944 310 4995 τὸν
335 4939 581 5010 ποιμένα,
615 4935 708 4989 καὶ
731 4928 1260 5001 διασκορπισθήσεται
1287 4929 1354 4982 τὰ
1375 4929 1614 5000 πρόϐατα
1644 4930 1740 4998 τῆς

231 5030 468 5099 ποίμνης,
504 5046 525 5079 ι
556 5023 797 5078 ἐντεῦθεν
837 5019 1008 5076 λαϐὼν
1061 5019 1201 5072 κατὰ
1238 5016 1327 5070 τὸν
1369 5018 1439 5086 (‘2)
1484 5019 1741 5088 σωτηρίου

231 5122 421 5182 πάθους
460 5116 645 5186 καιρὸν
689 5114 857 5182 πέρας
886 5109 1155 5180 εἰληφέναι
1181 5106 1430 5171 ἐδίδαξεν,
1467 5108 1551 5160 ὅτε
1581 5123 1738 5159 κατα-

231 5209 497 5278 λείψαντες
532 5205 691 5257 αὐτὸν
730 5205 778 5255 οί
823 5199 1052 5271 μαθηταὶ
1079 5196 1553 5267 διεσκορπίσθησαν
1575 5212 1587 5225 ⁸
1622 5195 1741 5248 τού-

232 5316 316 5351 του
341 5298 404 5367 δὴ
431 5297 586 5366 χάριν
612 5294 705 5347 καὶ
748 5293 901 5361 ἡμεῖς
931 5286 1376 5358 ἐσημειωσάμεθα
1405 5286 1465 5337 τὸ
1509 5285 1684 5355 ῥητὸν,
1718 5285 1745 5337 δ

231 5391 317 5443 καὶ
344 5390 537 5457 πολλῆς
565 5386 807 5455 δεόμενον
831 5381 1117 5444 ἐξετάσεως
1147 5380 1225 5440 είς
1247 5376 1540 5446 ἐπιτήδειον
1561 5375 1746 5445 ἀναθη-

236 5479 427 5550 σόμεθα
454 5476 660 5547 καιρόν.

2375 4307 2598 4363 CAPUT
2634 4307 2845 4363 XXVII.

2321 4397 2405 4452 Ea:
2428 4398 2603 4452 eodem
2641 4397 2685 4450 Ζ
2689 4399 2919 4454 αεΙιανία.

1918 4505 1937 4538 ι
1967 4486 2211 4555 Framea,
2236 4489 2518 4553 suscitare,
2561 4505 2723 4558 super
2753 4498 3021 4559 pastorem
3070 4506 3242 4545 meum
3263 4532 3278 4557 ,
3326 4501 3382 4549 et

1847 4591 2007 4645 super
2031 4578 2205 4632 virum
2234 4580 2583 4634 cohaerentem
2610 4579 2762 4641 mihi,
2787 4578 2917 4633 dicit
2967 4579 3222 4635 Dominus
3264 4596 3383 4634 om-

1845 4667 2122 4734 nipotens;
2150 4680 2367 4737 percute
2388 4677 2745 4739 pastorem,et
2764 4668 3136 4736 dispergentur
3154 4683 3298 4729 oves,
3323 4676 3377 4723 et

1844 4765 2146 4811 convertam
2168 4774 2382 4813 manum
2412 4774 2581 4812 meam
2612 4759 2678 4811 ad
2709 4768 2947 4826 pastores
2976 4759 3042 4810 ⁸⁸.
3088 4776 3106 4808 ι
3142 4756 3378 4827 Evange-

1842 4846 1962 4900 lista
1989 4861 2218 4914 quoque,
2252 4865 2271 4898 ι
2304 4847 2601 4903 Pereutiam
2630 4856 2985 4916 pastorem,et
3009 4847 3380 4916 dispergentur

1844 4949 1970 4988 oves
2005 4935 2180 5004 gregis
2220 4935 2287 4999 εί,
2318 4954 2336 4987 ι
2371 4936 2574 4997 dicens,
2605 4936 2717 4989 haec
2771 4937 2824 4989 in
2880 4934 3170 4990 Salvatoris
3200 4936 3371 4991 nostri

1844 5025 2109 5095 passionis
2140 5035 2375 5093 tempore
2404 5026 2616 5095 impleta
2656 5025 2822 5080 fuisse
2841 5024 3208 5088 demonstrat,
3247 5040 3370 5079 cum

1845 5115 2109 5183 discipuli,
2140 5129 2204 5170 eo
2247 5116 2452 5179 relicto,
2482 5115 2745 5185 fugerunt.
2789 5115 2993 5170 Idcirco
3027 5131 3125 5170 nos
3160 5132 3374 5186 quoque

1848 5206 1989 5259 hunc
2011 5205 2312 5260 notavimus
2342 5206 2544 5269 locum,
2587 5213 2639 5259 et
2687 5205 2885 5261 fusiore
2913 5205 3283 5274 explanatione
3306 5205 3373 5263 t1-

1847 5295 2177 5350 lustrandum
2204 5305 2505 5366 opportuno
2531 5304 2767 5367 tempore
2799 5295 3165 5351 tractabimus.

297 5591 342 5623 "
373 5591 512 5647 Psal.
547 5603 694 5650 cvm,
722 5587 774 5644 4.
807 5587 854 5640 Β.
928 5584 973 5615 τ’
1021 5583 1168 5639 Deut.
1209 5598 1375 5647 sun,
1409 5580 1460 5633 9.
1534 5580 1578 5612 '°
1606 5577 1741 5631 Zach

1837 5592 1910 5644 ιιι,
1942 5577 1991 5633 7.
2065 5579 2105 5610 "
2140 5578 2323 5634 Matth.
2355 5595 2499 5645 ιιγι,
2533 5579 2623 5634 31.

301 5702 372 5772 (9.)
406 5700 745 5756 Desiderato:
769 5696 877 5750 τοῦ.
917 5696 1064 5750 Eutr.
